1926 3067
142 157 208 186 1169

627 154 671 183 DE
694 155 830 184 SANCTA
846 148 1034 184 TRINITATE
1053 155 1223 184 DlALOGUS
1237 154 1271 184 11.

1685 154 1755 183 11Ἶο

140 216 195 247 τὸν,
211 212 281 242 κατὰ
296 213 325 240 δὲ
338 212 368 240 τὺ
387 212 532 249 ἀγέννητον
551 212 687 248 ἀνόμοιος,
703 212 763 239 καθ’
780 210 844 249 ὅλην
866 213 920 248 ἄρα

975 213 1039 245 nita,
1053 220 1103 240 nec
1120 213 1174 239 ulla
1191 212 1250 247 ejus
1269 217 1333 247 pars
1346 210 1436 246 genita
1451 213 1503 244 est,
1531 209 1619 240 Filius
1635 219 1699 240 vero
1711 215 1754 240 est

140 261 186 296 τὴν
197 260 290 286 οὐσίαν
305 259 439 294 ἀνόμοιος.
455 258 516 291 Πῶς
527 255 573 285 οὖν
585 258 684 292 λέγεις,
697 257 766 294 πλὴν
780 258 828 293 τῆς
843 258 923 292 ἀγεν-

139 306 244 341 νησίας.
258 306 286 332 ὲν
303 305 330 331 δὲ
352 304 390 340 τῷ
409 304 528 340 γεννητῷ
553 304 608 339 ἔχει
629 303 678 339 τὴν
700 303 835 339 ὑπεροχὴν
844 303 921 330 ﬁtan

121 364 127 369 -
138 351 185 378 τοῦ
198 350 262 378 Υἱοῦ
273 359 280 383 ;
292 351 328 377 Τδ
342 350 370 377 δὲ
385 350 530 385 ἀγέννητον
542 350 617 377 οὐδὲν
632 349 706 377 ἔσται
720 348 766 376 τοῦ
782 348 847 375 Υἱοῦ
865 350 923 384 μετ-

139 397 194 429 ζον,
211 397 279 432 ὅπερ
296 396 347 429 ἔξω
364 397 429 430 φασὶ
450 396 505 431 (Q2)
518 396 566 432 τῆς
586 395 677 427 οὐσίας
693 395 740 422 τοῦ
757 395 872 430 Πατρός.
890 395 922 421 Et

139 442 169 468 δὲ
185 443 201 477 ἡ
219 442 338 478 ὑπεροχὴ
354 441 406 473 ἔξω
427 441 475 476 τῆς
491 441 584 474 οὐσίας
600 441 645 467 τοῦ
663 440 777 476 Πατρδς,
793 441 810 476 ὴ
833 439 922 474 ἰσότης

140 488 169 514 ὲν
182 488 215 522 τῇ
229 487 307 523 οὐσίᾳ
331 487 398 514 ἐστί.
417 487 516 519 Μεῖζον
534 487 562 513 δέ
584 487 641 513 ἐστι
655 486 685 514 τὸ
710 486 854 521 ἀγέννητον
875 484 922 511 τοῦ

140 532 217 564 Υίοῠ,
229 533 298 568 ὅπερ
313 534 394 559 πᾶσιν
409 533 497 559 οὐδέν·
510 533 558 559 καὶ
569 532 599 559 τὸ
615 531 671 558 ἴσον
681 532 709 558 ἐν
719 531 757 567 τῷ
768 531 825 566 Υίῷ
837 531 921 562 ἔσται,

141 579 230 605 ἐκεῖνο
245 579 294 614 μὲν
310 578 455 613 ἀγέννητον
468 577 535 613 ('25),
552 577 638 604 ταῦτα
656 577 684 604 δὲ
697 577 822 612 γεννητά.
844 577 920 610 Ὀρθ.

148 623 297 659 ’Δρπάζειν
310 623 351 650 δεῖ
369 624 398 650 οὐ
413 623 446 650 τὰ
460 623 580 658 ἄγραφα,
598 622 665 649 ἀλλά
677 621 725 658 τὴν
737 622 790 648 τῶν
803 621 923 657 οὐρανῶν

142 669 290 705 βασιλείαν.
309 669 341 695 Τί
357 666 403 696 οὖν
423 669 455 695 σὺ
475 669 607 704 ἀρπάζεις
622 668 636 695 ὃ
659 667 719 694 οὔτε
741 668 866 703 ήΓραφή
883 675 923 694 σοι

140 715 257 746 δίδωσιν,
285 714 345 741 οὔτε
364 715 461 750 ήμεϊς;
484 715 576 746 Οὐδεὶς
596 714 648 749 γὰρ
673 713 750 749 ἡμῶν
768 722 808 740 σοι
833 713 924 740 δίδωσι

142 760 212 787 κατά
226 759 256 786 τὸ
271 759 416 795 ἀγέννητον
435 759 545 795 μείζονα
561 760 607 786 τὸν
625 759 744 795 Πατέρα.
761 759 827 786 Οὐδὲ
838 758 892 794 γὰρ
910 759 924 785 ό

141 805 205 837 Υἱὸς
223 803 310 832 εἶπεν·
336 805 365 832 '0
386 805 532 840 ἀγέννητος
548 805 645 840 μείζων
665 804 714 840 μού
730 806 812 837 ἐστιν,
829 804 886 832 ἀλλ’
909 804 924 830 ὁ

141 851 244 887 Πατὴρ,
270 851 337 886 πρὸς
359 851 388 877 ὃν
405 850 566 886 πορεύεσθαι
581 851 685 885 ἔμελλε.
709 851 790 885 Λέγει
803 850 857 886 γάρ
879 850 924 877 οὒ-

973 259 1024 293 ipsi
1035 259 1062 285 in
1075 265 1108 286 eo
1121 257 1274 289 dissimilis,
1290 256 1361 291 quod
1379 256 1424 283 ille
1437 263 1490 283 non
1503 256 1538 283 sil.
1557 257 1675 292 genitus,
1693 265 1756 284 con-

975 304 1098 339 sequitur
1122 311 1183 331 eum
1211 303 1292 330 totius
1318 302 1443 330 essentia:
1462 303 1566 330 ratione
1593 311 1654 331 esse
1680 302 1754 330 Patri

972 349 1144 376 dissimilem.
1165 348 1234 381 Quid
1250 348 1291 375 ais
1306 347 1399 383 igitur,
1413 352 1592 383 pmterquam
1608 348 1679 383 quod
1701 356 1754 375 non

972 397 1008 424 sit
1034 396 1152 431 genitus,
1181 398 1208 422 et
1238 395 1265 422 in
1288 394 1407 429 eoquod
1431 394 1466 422 sit
1481 401 1534 421 non
1549 395 1667 429 genitus,
1687 394 1755 421 Filio

972 442 1145 476 praecellere?
1167 441 1201 468 At
1226 448 1281 468 non
1308 441 1428 476 genitum
1451 440 1536 467 nihilo
1572 439 1642 468 Filio
1666 441 1754 474 majus

972 487 1034 518 erit,
1049 487 1121 521 quod
1138 491 1214 514 extra
1232 486 1320 513 Patris
1345 485 1490 514 essentiam
1502 485 1618 514 dicatur.
1636 486 1713 520 Quod
1731 488 1754 514 si

973 533 1030 568 ipsa
1040 532 1200 560 excellentia
1209 536 1287 559 extra
1298 531 1387 559 Patris
1399 531 1578 559 substantiam
1587 535 1639 563 est.
1664 539 1755 567 aequa-

973 578 1070 606 litasin
1080 579 1137 613 ipsa
1146 578 1296 605 substantia
1308 581 1360 605 est.
1377 577 1430 605 Sed
1442 578 1530 612 majus
1539 577 1667 610 estl'ilio,
1682 578 1754 613 quod

973 624 1094 659 genitum
1115 631 1169 651 non
1185 627 1238 652 est.
1257 623 1290 650 Et
1317 623 1456 658 aequalitas
1475 624 1503 650 in
1520 623 1590 651 Filio
1610 625 1661 652 erit
1688 624 1755 652 illud

973 668 1082 704 quidem
1093 677 1147 696 non
1163 669 1294 705 genitum,
1314 676 1375 696 cum
1392 669 1448 695 haac
1469 670 1523 696 sint
1543 669 1643 704 genita.
1675 669 1753 698 Orth.

972 714 1098 749 Arripere
1113 721 1167 741 non
1183 714 1269 747 decet,
1286 722 1346 749 quae
1363 715 1464 750 scripta
1485 723 1539 742 non
1561 719 1640 748 sunt,
1658 715 1704 744 sed
1716 724 1758 743 re-

974 767 1055 794 gnum
1071 759 1211 786 caelorum.
1225 758 1359 792 Quorsum
1372 759 1453 793 igitur
1464 759 1653 794 arripis,quod
1669 767 1755 794 neque

975 805 1124 841 Scriptura,
1139 813 1226 840 neque
1241 813 1291 832 nos
1308 805 1404 833 damus
1414 806 1426 831 ’ἶ
1437 804 1532 832 Nullus
1545 806 1616 832 enim
1630 809 1755 833 nostrum

974 851 1023 877 tibi
1036 850 1160 878 concedit
1174 850 1281 878 Patrem
1297 858 1358 878 esse
1375 851 1516 886 majorem.
1541 851 1602 878 ideo
1624 851 1696 886 quod
1719 852 1755 879 sit

142 904 212 928 τως”
239 905 248 922 ‹
267 896 298 922 Εἰ
314 895 368 931 γὰρ
382 896 505 931 ἠγαπᾶτέ
526 905 570 932 με,
589 897 704 932 ἐχάρητε
722 896 765 928 ἂν,
787 893 921 928 δτιεῖπον,

975 895 1184 931 ingenitus.Nec
1199 896 1270 924 enim
1283 894 1370 923 Filius
1384 896 1464 923 dicit:
1479 895 1531 929 Qui
1549 900 1590 923 cst
1608 896 1754 931 ingenitus,

141 940 296 976 Πορεύομαι
313 942 380 976 πρὸς
393 941 437 968 τὸν
450 941 557 977 Πατέρα
567 950 573 957 ·
589 942 604 968 ὁ
618 942 672 978 γὰρ
686 942 779 977 Πατήρ
794 950 845 977 μου
861 942 921 975 μεί-

141 985 196 1017 ζων
216 985 265 1020 μού
291 986 358 1012 ἐστι.
386 995 394 1011 ι
424 986 568 1021 Πορεύεται
588 985 625 1018 δὲ,
643 985 680 1017 ὡς
702 985 806 1022 μορφὴν
827 985 920 1012 δούλου

141 1031 246 1058 λαὸὡν·
265 1032 303 1063 ὼς
322 1032 350 1058 δὲ
365 1031 440 1063 Θεὺς,
464 1033 493 1058 ὲν
516 1031 589 1067 αὐτῷ
605 1032 649 1058 τὸν
667 1032 777 1067 Πατέρα
797 1031 862 1067 ἔχει,
878 1031 922 1058 λέ-

140 1084 214 1111 γων⁴
234 1085 244 1103 σ
269 1076 339 1110 Ἐγὼ
355 1077 384 1103 ἂν
400 1076 437 1112 τῷ
458 1077 553 1112 Πατρὶ,
571 1077 618 1103 καὶ
634 1077 648 1103 ὁ
663 1077 755 1112 Πατὴρ
769 1077 798 1103 ἐν
818 1077 888 1112 ἐμοὶ,
909 1085 918 1102 ι

142 1123 199 1154 καὶ,
219 1132 228 1149 ι
255 1123 326 1157 Ἐγὼ
340 1123 387 1150 καὶ⁴
400 1124 414 1150 ό
430 1123 524 1158 Πατὴρ
536 1123 565 1149 ἓν
579 1123 660 1158 ἐσμεν
670 1130 678 1138 ο
701 1123 715 1148 ό
729 1121 856 1158 ἑωρακὼς
872 1122 921 1157 ἐμὲ

140 1167 247 1203 ἑώρακε
270 1169 316 1195 τὸν
344 1169 463 1204 Πατέρα.
490 1169 519 1196 '0
546 1169 641 1205 Πατὴρ
663 1169 677 1195 ό
705 1169 734 1195 ὲν
750 1169 810 1204 ἐμοὶ
835 1169 922 1204 μένων

143 1216 214 1240 ποιεῖ
235 1214 270 1241 τὰ
293 1214 361 1250 ἔργα
377 1215 466 1246 αὐτός.
494 1224 503 1241 ι
530 1214 574 1250 Μὴ
597 1213 643 1242 οὗν
659 1215 800 1251 ἐπίσπειρε
817 1214 923 1247 ζιζάνια

141 1259 180 1294 τῷ
192 1259 269 1295 ἀγρῷ
282 1259 330 1294 τῆς
346 1260 418 1292 θείας
428 1260 548 1296 Γραφῆς,
559 1261 590 1287 τὸ
603 1260 746 1296 ἀγέννητον
761 1261 808 1287 καὶ
828 1261 858 1286 τὸ
877 1261 924 1287 ἀν-

141 1305 232 1340 όμοιον
243 1314 250 1321 ⁸
265 1305 321 1332 ἀλλ’
341 1306 366 1332 εἰ
383 1305 468 1338 θέλεις
487 1306 638 1341 φιλοσοφεῖν
653 1306 740 1333 ταῦτα
755 1306 789 1334 τὰ
803 1307 921 1342 ῥήματα,

141 1351 188 1377 ἐπὶ
202 1349 249 1377 τοῦ
275 1351 412 1387 ἀφθάρτου
438 1352 485 1378 καὶ
508 1351 639 1378 ἀθανάτου
658 1352 813 1387 φιλοσόφει-
839 1352 923 1378 ταῦτα

141 1395 196 1431 γάρ
209 1397 260 1422 εισι
282 1396 423 1432 σπέρματα
436 1396 483 1423 τοῦ
499 1397 583 1432 ἀγροῦ
600 1398 648 1433 τῆς
664 1398 773 1433 Γραφῆς
783 1406 790 1413 ·
806 1395 870 1430 οἷον,
893 1398 923 1424 Εἰ

141 1441 199 1467 ἐστι
213 1441 243 1468 τὸ
257 1441 398 1473 ἀθάνατον,
415 1442 431 1478 ἢ
448 1442 507 1469 ὅλον
533 1443 590 1470 ἐστὶ
605 1443 682 1469 τοῦτο
696 1443 713 1478 ἦ
733 1443 823 1479 μέρος.
855 1443 923 1469 Ἀλλ’

142 1486 167 1511 εἱ
185 1485 233 1520 μὲν
250 1486 342 1521 μέρος,
358 1486 438 1513 πάλιν
457 1486 543 1522 ἑαυτῷ
557 1486 632 1513 ἔσται
647 1487 782 1522 ἀνόμοιος,
805 1487 832 1513 εἴ
849 1495 881 1521 γε
894 1488 924 1514 τὸ

143 1531 193 1566 μὲν
207 1532 287 1568 μέρος
303 1532 383 1559 αὑτοῦ
396 1532 539 1565 ἀθάνατον,
554 1533 588 1559 τὰ
603 1533 631 1560 δὲ
644 1533 710 1560 ἄλλα
727 1534 775 1569 μή.
791 1533 822 1559 El
835 1533 863 1560 δὲ
876 1533 923 1569 ὅλη

975 941 1060 976 major
1074 949 1117 969 me
1132 945 1190 973 est;
1207 940 1263 973 sed,
1279 939 1367 973 Pater,
1386 941 1419 968 ad
1431 949 1509 976 quem
1534 947 1591 969 erat
1616 942 1755 977 profectu-

973 993 1031 1013 rus.
1049 985 1115 1012 Nam
1130 986 1169 1013 sic
1186 986 1306 1020 loquitur
1320 995 1327 1013 :
1348 995 1357 1011 (
1377 985 1405 1012 Si
1421 986 1567 1021 diligeretis
1581 993 1633 1019 me,
1651 986 1753 1021 gaude-

972 1032 1050 1063 retis,
1067 1031 1130 1066 quia
1144 1031 1210 1063 dixi,
1226 1031 1295 1058 vado
1306 1030 1339 1058 ad
1355 1030 1462 1059 Patrem
1477 1041 1483 1059 :
1500 1031 1581 1059 Pater
1591 1033 1661 1060 enim
1677 1039 1754 1060 meus

973 1076 1061 1111 major
1079 1084 1122 1104 me
1136 1082 1178 1104 est
1188 1076 1221 1104 “.
1242 1085 1251 1102 ι
1277 1075 1358 1104 Vadit
1369 1081 1470 1110 autem,
1487 1081 1621 1112 quatenus
1639 1077 1754 1105 formam

973 1123 1044 1150 servi
1064 1122 1168 1157 accepit
1182 1130 1189 1155 ;
1205 1126 1339 1157 quatenus
1351 1130 1415 1149 vero
1436 1127 1477 1150 est
1494 1122 1576 1155 Deus,
1604 1123 1684 1150 habet
1703 1122 1755 1150 Pa-

973 1174 1040 1196 trem
1056 1168 1083 1195 in
1099 1168 1255 1203 semetipso,
1270 1169 1363 1196 dicens
1377 1178 1382 1196 :
1399 1178 1409 1194 ‹
1422 1168 1477 1204 Ego
1492 1169 1519 1196 in
1534 1169 1624 1202 Patre,
1635 1175 1662 1197 et
1675 1169 1756 1197 Pater

973 1214 1000 1241 in
1013 1222 1056 1241 me
1066 1214 1109 1248 ω,
1131 1223 1140 1240 ι
1154 1218 1199 1241 et:
1217 1224 1225 1239 ι
1242 1214 1296 1250 Ego
1308 1218 1334 1242 et
1347 1214 1427 1241 Pater
1444 1223 1526 1242 unum
1536 1223 1631 1243 sumus
1644 1216 1668 1232 "
1685 1225 1692 1242 :
1708 1217 1755 1251 qui

973 1259 1040 1286 vidit
1054 1267 1106 1292 me,
1122 1260 1190 1287 vidit
1205 1260 1311 1288 Patrem
1330 1271 1337 1288 :
1360 1260 1439 1289 Pater
1459 1262 1486 1288 in
1502 1269 1544 1289 me
1562 1269 1675 1290 manens
1696 1262 1755 1297 ipso

974 1303 1040 1330 facit
1062 1304 1183 1339 opera".
1204 1314 1213 1330 ι
1245 1303 1284 1331 Ne
1310 1305 1391 1340 igitur
1413 1305 1537 1340 insperge
1564 1312 1630 1339 agro
1657 1304 1755 1332 divinat

975 1349 1122 1384 Scriptura:
1143 1350 1194 1377 ista
1212 1350 1327 1382 zizania,
1352 1358 1405 1378 non
1422 1351 1541 1386 genitum
1561 1356 1588 1379 et
1603 1351 1753 1378 dissimile:

975 1394 1031 1427 sed,
1045 1396 1067 1422 si
1081 1394 1122 1421 vis
1132 1395 1159 1421 in
1175 1395 1241 1429 ipsis
1258 1395 1398 1422 vocabulis
1413 1394 1610 1430 philosophari,
1633 1394 1756 1430 philoso-

975 1440 1058 1475 phare
1071 1440 1178 1468 demum
1193 1441 1220 1466 in
1243 1440 1400 1468 nominibus
1421 1439 1635 1474 incorruptibilis
1661 1442 1688 1467 et
1702 1439 1754 1466 im-

974 1485 1106 1513 mortalis.
1123 1485 1186 1513 Haac
1199 1486 1269 1513 enim
1282 1490 1346 1513 sunt
1359 1486 1416 1521 agri
1428 1485 1576 1520 Scripturae
1587 1484 1693 1513 semina
1705 1495 1710 1512 :
1724 1489 1755 1511 ut

974 1531 997 1558 si
1013 1531 1164 1559 immortale
1177 1535 1229 1563 est,
1245 1535 1290 1558 aut
1307 1535 1390 1558 totum
1413 1535 1465 1563 est,
1488 1535 1535 1558 aut
1553 1538 1631 1566 pars;
1652 1531 1676 1558 si
1691 1538 1755 1566 pars

142 1577 159 1612 ἡ
171 1576 249 1611 φύσις
259 1578 390 1610 ἀθάνατος
401 1579 448 1605 καὶ
462 1578 607 1613 ἄφθαρτος,
620 1578 732 1606 καθόλου
746 1579 775 1605 δὲ
790 1578 921 1611 ἀθάνατος

975 1582 1025 1609 est,
1039 1577 1119 1605 Pater
1136 1576 1215 1604 fuerit
1232 1577 1282 1604 sibi
1298 1577 1349 1612 ipsi
1367 1577 1518 1608 dissimilis,
1536 1576 1670 1611 siquidem
1689 1583 1754 1611 pars

142 1622 157 1648 ὸ
171 1622 263 1658 Πατὴρ
279 1623 326 1649 καὶ
339 1623 486 1660 ἄφθαρτος,
501 1625 546 1651 καὶ
560 1626 574 1651 ὸ
588 1624 651 1656 Υίὺς
666 1624 746 1656 εὐθὺς
761 1624 808 1651 ἐπὶ
817 1625 848 1651 τὸ
856 1633 922 1652 ταυο

143 1668 188 1694 τὸν
206 1669 255 1705 τῆς
274 1669 366 1701 οὐσίας
390 1670 449 1697 ὅλον
472 1670 657 1706 εὑρεθήσεται.
679 1671 710 1697 Et
734 1670 788 1706 γὰρ
810 1671 827 1706 ἡ
846 1671 923 1698 οὐσία

143 1713 190 1749 ὅλη
206 1714 336 1747 ἀθάνατος
350 1715 396 1742 καὶ
410 1716 555 1752 ἄφθαρτος,
568 1716 614 1742 καὶ
625 1716 699 1743 οὐδὲν
711 1716 739 1742 ἐν
756 1716 823 1752 αὐτῇ
841 1716 923 1752 μέρος

144 1760 272 1794 ἐναντίον,
286 1761 345 1788 καθ’
362 1761 425 1798 ὃλην
440 1762 493 1798 ἄρα
506 1762 554 1798 τὴν
566 1763 658 1789 οὐσίαν
674 1764 691 1798 ἡ
707 1763 848 1798 ταυτότης.
861 1762 923 1793 Πῶς

143 1801 189 1830 οὖν
198 1805 284 1841 τολμᾷ
297 1814 338 1837 τις
351 1806 440 1840 λέγειν
454 1806 593 1842 ἀνόμοιον;
604 1807 703 1841 Λέγετε
711 1808 759 1842 τῆς
770 1807 920 1842 ἐνεργείας,

144 1849 234 1882 φασὶν,
250 1850 351 1876 εἰκόνα.
372 1850 403 1877 El
417 1850 445 1877 δὲ
464 1851 586 1886 ἐνέργεια
604 1851 700 1878 ταυτὸν
716 1852 749 1887 τῇ
771 1851 859 1887 οὐσίᾳ,
873 1851 922 1886 τῆς

144 1894 197 1931 ἄρα
211 1895 303 1928 οὐσίας
317 1896 393 1923 ἔσται
408 1896 489 1923 εἰκὼν
502 1898 516 1924 ὁ
529 1897 600 1929 Υἱός.

975 1623 1034 1658 ejus
1055 1630 1108 1650 una
1122 1623 1202 1650 fuerit
1218 1623 1390 1654 immortalis,
1415 1623 1500 1650 altera
1516 1630 1570 1650 non
1586 1622 1660 1650 item.
1682 1622 1716 1649 At
1731 1623 1756 1650 si

975 1673 1033 1696 tota
1046 1668 1106 1703 ejus
1120 1673 1217 1695 natura
1232 1672 1273 1696 est
1288 1668 1515 1704 incorruptibilis,
1532 1673 1559 1696 et
1581 1667 1755 1701 immortalis,

975 1718 1004 1742 et
1024 1714 1105 1742 Pater
1123 1719 1165 1742 est
1180 1715 1292 1741 omnino
1311 1715 1473 1742 immortalis
1487 1717 1514 1741 et
1528 1713 1755 1748 incorruptibilis,

977 1761 1102 1795 protinus
1128 1767 1236 1795 quoque
1251 1759 1336 1787 Filius
1363 1761 1422 1795 ipsa
1437 1760 1590 1788 substantia
1610 1759 1680 1787 idem
1695 1767 1759 1786 esse

975 1806 1168 1840 comperietur.
1185 1804 1264 1836 Nam.
1280 1805 1302 1833 si
1324 1810 1379 1832 tota
1395 1806 1548 1834 substantia
1568 1810 1610 1833 est
1631 1806 1759 1833 incorru-

975 1851 1080 1886 ptibilis
1095 1855 1123 1878 ct
1142 1851 1314 1883 immortalis,
1335 1859 1384 1880 nec
1400 1852 1454 1879 ulla
1471 1857 1512 1880 est
1525 1852 1584 1887 ejus
1596 1851 1679 1888 428
1693 1859 1757 1886 pars

974 1904 1140 1932 repugnans.
1160 1904 1255 1932 nempe
1283 1898 1309 1924 in
1339 1901 1396 1925 tota
1410 1898 1528 1926 essentia
1554 1904 1596 1926 est
1618 1898 1756 1926 identitas.

143 1941 284 1974 Quomodo
310 1942 392 1976 igitur
407 1942 487 1970 audet
498 1943 596 1978 aliquis
611 1943 701 1971 dicere
725 1943 910 1971 dissimilem?
923 1943 1018 1970 Dicitis
1032 1950 1093 1971 esse
1103 1943 1220 1978 energiae
1239 1943 1297 1971 sive
1307 1943 1473 1972 edicacitatis
1493 1944 1650 1981 imaginem.
1679 1944 1758 1978 Quod

144 1989 168 2017 si
182 1989 336 2018 eiﬁcacitas.
352 1990 446 2017 eadem
461 1994 503 2018 est
524 1995 604 2026 atque
623 1991 786 2023 substantia,
803 1992 856 2019 erit
883 1991 1011 2018 nimirum
1028 1989 1115 2018 Filius
1132 1991 1291 2018 substantiae
1313 1991 1410 2025 imago.

184 2035 343 2071 Ἐρωτῶμεν
362 2036 467 2063 τοίνυν*
493 2037 649 2072 Ἐγένντισεν
671 2036 750 2072 ﬁcii;
774 2037 851 2070 Φασὶ,
867 2037 922 2064 ναί.

150 2081 197 2107 Ἐκ
211 2081 261 2115 τῆς
278 2081 380 2113 οὐσίας,
403 2081 419 2117 ἦ
440 2082 471 2108 ἐκ
494 2082 542 2118 τῆς
566 2082 717 2118 θελήσεως;
743 2083 799 2109 οὐκ
820 2083 852 2109 ἐκ
874 2083 923 2118 τῆς

143 2126 245 2158 οὐσίας,
263 2126 353 2162 φησὶν,
368 2127 423 2153 ἀλλ’
437 2128 468 2154 ὲκ
481 2127 529 2163 τῆς
545 2127 695 2164 βουλήσεως
705 2136 711 2142 ·
728 2128 792 2155 ἄλλο
810 2129 864 2165 γὰρ
879 2128 921 2154 λέ-

144 2181 202 2206 γεις
220 2173 299 2204 αὐτὸς
314 2172 362 2208 τὴν
385 2173 543 2209 ἀγαθότητα
562 2174 608 2200 καὶ
632 2173 681 2210 τὴν
701 2174 826 2209 βούλησιν
846 2174 920 2210 παρά

144 2218 193 2253 τὴν
206 2218 310 2249 οὐσίαν,
327 2218 343 2253 ἦ
358 2218 406 2253 τὴν
423 2219 516 2254 αὑτήν.
536 2219 568 2245 Et
591 2219 639 2254 μὲν
654 2217 699 2246 οὖν
716 2219 764 2254 τὴν
781 2219 865 2254 αὐτὴν
875 2219 919 2246 λέ-

1009 2035 1107 2069 Quazro
1121 2036 1219 2072 igitur:
1234 2036 1332 2065 Genuit
1349 2036 1438 2068 Pater,
1457 2038 1567 2064 annon?
1580 2036 1690 2069 Genuit,
1720 2037 1758 2065 in-

973 2081 1043 2116 quit.
1070 2080 1140 2108 Num
1164 2088 1197 2108 ex
1218 2080 1380 2112 substantia,
1407 2089 1441 2108 an
1461 2089 1525 2109 vero
1553 2089 1585 2108 ex
1599 2082 1758 2109 voluntate?

974 2126 1032 2153 Non
1048 2134 1080 2153 ex
1095 2127 1261 2158 substantia,
1289 2126 1386 2161 inquit,
1408 2127 1454 2154 sed
1470 2135 1503 2154 ex
1518 2127 1667 2154 voluntate.
1688 2126 1756 2154 Nam

976 2172 1124 2200 bonitatem
1140 2176 1167 2200 et
1181 2172 1345 2200 voluntatem
1370 2173 1411 2200 vel
1427 2173 1498 2200 aliud
1513 2180 1574 2200 esse
1594 2173 1664 2200 dicis
1676 2181 1756 2208 quam

976 2218 1168 2250 substantiam,
1195 2219 1237 2246 vel
1256 2218 1377 2245 eamdem
1402 2223 1482 2253 atque
1509 2218 1697 2246 substantiam.
1726 2215 1755 2246 Si

144 2271 213 2296 γεις,
229 2264 261 2290 ὲκ
277 2263 304 2290 δὲ
318 2263 369 2298 τῆς
384 2263 517 2299 θελήσεως
533 2265 579 2290 καὶ
599 2265 648 2300 τῆς
665 2264 830 2300 ἀγαθότητος
846 2265 921 2299 ὲγέν-

977 2264 1099 2292 eamdem
1116 2264 1196 2296 dicis,
1215 2269 1242 2291 et
1268 2263 1348 2290 Pater
1362 2272 1395 2291 ex
1416 2264 1554 2291 voluntate
1583 2267 1610 2291 et
1636 2264 1758 2292 bonitate

145 2317 234 2344 νησεν,
252 2309 309 2336 ἀλλ’
321 2310 358 2341 ὡς
371 2309 510 2345 ὑμοούσιον
519 2310 608 2344 λέγεις
622 2309 661 2346 τῷ
677 2311 764 2346 Πατρὶ
778 2311 824 2338 τὸν
840 2311 904 2338 Υίόν
915 2319 921 2326 ·

145 2354 212 2390 ὅπερ
227 2355 256 2381 οὐ
278 2354 374 2390 βούλει.
392 2355 487 2390 Λέγεις
504 2355 542 2387 δὲ,
566 2356 606 2382 ὃτι
632 2356 678 2382 καὶ
705 2356 739 2383 τά
763 2357 850 2384 πάντα
867 2357 923 2392 (24)

145 2401 178 2426 ἐκ
190 2401 239 2435 τῆς
255 2400 405 2436 βουλήσεως
420 2401 465 2428 τοῦ
488 2401 555 2428 Θεοῦ
571 2402 677 2436 ἐγένετο
696 2402 740 2429 διὰ
756 2403 832 2430 Υἰοῦ.
850 2403 881 2430 El
895 2403 923 2430 δὲ

146 2445 253 2481 Θέλησις
272 2447 369 2474 ταυτὸν
388 2448 421 2482 τῇ
438 2447 525 2482 οὐσία,
546 2446 675 2482 ὁμοούσια
694 2447 770 2475 ἔσται
785 2448 818 2475 τὰ
835 2449 923 2475 πάντα

145 2492 183 2528 τῷ
205 2491 274 2528 Θεῷ,
303 2493 356 2519 εἴτε
382 2492 493 2528 ἑρπετὰ,
517 2493 571 2519 εἴτε
598 2493 692 2528 νηκτὰ,
715 2494 760 2519 καὶ
786 2494 820 2520 τὰ
843 2493 922 2520 λοιπά

146 2539 249 2565 πάντα·
269 2548 278 2564 1
296 2538 387 2565 Πάντα
403 2538 457 2573 γὰρ
479 2539 528 2564 ὅσα
543 2538 683 2574 ἠθέλησεν,
702 2539 827 2574 ἐποίησεν
844 2541 872 2566 ἐν
884 2539 922 2575 τῷ

144 2584 250 2620 οὐρανῷ
274 2585 320 2611 καὶ
337 2585 366 2612 ὲν
433 2585 484 2619 γῇ·
507 2594 517 2611 ι
533 2584 618 2616 οὕτως
633 2585 695 2620 ἄρα,
715 2585 760 2611 καὶ
779 2586 827 2620 τῆς
848 2586 923 2622 ὲνερ-

145 2631 220 2664 γείας
235 2631 317 2658 εἰκὼν
331 2629 380 2662 ὢν,
400 2629 429 2662 ἐξ
452 2627 488 2656 ὦν
503 2630 584 2662 αὐτὸς
602 2630 689 2665 λέγεις
712 2629 779 2666 (25),
795 2631 855 2666 οὐχ).
876 2632 921 2658 καὶ

181 2707 203 2724 ⁸⁵
220 2707 298 2736 Joan.
315 2716 371 2740 xw,
387 2708 432 2735 28.

182 2763 237 2799 (32;
254 2763 325 2799 Edit.
340 2763 434 2798 Steph.
450 2765 525 2799 φησι.

181 2798 236 2834 (25)
253 2798 308 2825 Cur
321 2799 465 2834 ἁγέννητον
481 2798 561 2827 modo
577 2799 736 2834 ingenitum,
752 2798 832 2827 modo
849 2806 918 2827 non-

148 2833 267 2868 gcuitutn
282 2833 428 2866 vertamus,
446 2833 506 2861 vide
523 2835 550 2861 in
562 2833 667 2861 Praifat.

183 2868 238 2901 (26)
252 2867 337 2896 Palat.
359 2867 456 2901 βούλει.
483 2868 561 2903 Λέγιι
573 2869 601 2896 δὴ
617 2870 657 2896 ὅτι
679 2869 712 2896 τὰ
727 2878 754 2896 π.
771 2868 831 2898 Ilox
848 2869 913 2898 edit.

977 2310 1079 2346 genuit.
1107 2309 1148 2337 sic
1164 2317 1271 2344 quoque
1290 2309 1550 2347 consubstantialem
1574 2309 1646 2336 Patri
1659 2309 1755 2336 Filium

977 2356 1046 2383 dicis
1065 2365 1071 2382 :
1096 2355 1168 2390 quod
1182 2359 1210 2382 tu
1234 2355 1347 2382 minime
1373 2356 1424 2382 vis.
1445 2355 1519 2383 Dicis
1535 2361 1623 2383 autem
1637 2360 1664 2384 et
1678 2356 1755 2387 illud,

976 2401 1067 2428 omnia
1082 2400 1152 2427 facta
1169 2404 1233 2427 sunt
1245 2408 1292 2435 per
1302 2399 1401 2428 Filium
1416 2408 1449 2428 ex
1470 2400 1516 2428 Dei
1534 2401 1680 2428 voluntate.
1696 2399 1771 2435 lam!

975 2454 1040 2474 vero
1055 2446 1078 2474 si
1101 2446 1226 2474 voluntas
1251 2446 1345 2474 eadem
1362 2450 1404 2474 est
1417 2453 1478 2481 quae
1503 2447 1656 2474 substantia
1673 2456 1680 2474 ε
1698 2441 1779 2489 οιῐι-’⁸

976 2493 1020 2520 nia
1041 2493 1123 2528 igitur
1137 2497 1163 2520 et
1178 2492 1296 2527 reptilia,
1312 2496 1340 2520 et
1362 2493 1494 2525 natatilia,
1515 2497 1665 2528 cmteraque
1691 2493 1772 2520 itetn'

974 2539 1080 2572 omnia,
1108 2538 1210 2566 fuerint
1248 2538 1303 2566 Deo
1332 2539 1591 2570 consubstantialia,
1622 2539 1756 2573 siquidem

976 2594 986 2610 ε
1005 2584 1100 2612 Omnia
1126 2593 1294 2620 quaecunque
1320 2585 1405 2612 voluit
1437 2585 1501 2613 fecit
1524 2585 1552 2612 in
1577 2585 1646 2613 caelo
1673 2589 1700 2612 et
1727 2585 1754 2612 in

972 2635 1056 2658 terra.
1076 2640 1085 2656 ι
1102 2632 1140 2658 lta
1154 2631 1188 2663 si,
1203 2639 1236 2659 ex
1251 2631 1284 2659 iis
1308 2638 1368 2666 qua!
1385 2631 1465 2664 dicis,
1482 2630 1571 2658 Filius
1583 2635 1625 2659 est
1640 2631 1756 2659 ellicaci-

470 2709 502 2724 "‘
514 2708 592 2737 Joan.
607 2717 662 2742 xtv,
679 2709 720 2737 l0.
759 2710 781 2725 "
799 2708 877 2737 Joan.
896 2717 923 2743 ι,
938 2708 983 2736 50.
1020 2708 1127 2737 “Joan.
1143 2715 1198 2741 xw,
1214 2708 1241 2743 9,
1256 2709 1300 2736 10.

974 2763 1105 2799 Stephan.
1123 2764 1166 2792 διὰ
1177 2764 1249 2792 Υίόν.

1008 2797 1065 2835 (‘25)
1082 2798 1159 2835 Hunc
1174 2800 1262 2827 locum
1276 2798 1398 2827 referens
1420 2797 1754 2835 Joannestiyparissiou-s

971 2832 1070 2871 Decad.
1087 2834 1114 2866 3,
1130 2835 1283 2871 c._5,_bunc
1297 2834 1433 2871 dialogum
1448 2838 1526 2862 vocat
1537 2832 1679 2862 Athanasii
1692 2840 1753 2859 cum

970 2868 1033 2897 Aria
1043 2870 1070 2897 in
1088 2869 1190 2905 synodo
1205 2869 1322 2898 Nicana.
