1926 3067
170 166 236 196 ΗΠ
541 186 547 199 1

712 167 742 196 S.
762 167 991 197 ATIIANASIUS.
1013 184 1048 189 —
1065 168 1197 202 SPUl’ilA.

1705 165 1775 193 ’ΠΕ
1788 163 1794 171 ¹

169 228 234 255 tatis
254 226 350 260 imago,
365 232 455 253 nonne
464 230 547 253 etiam
563 230 605 255 ut
624 227 777 256 substantia
791 228 865 255 nullo
888 236 939 255 mo-

999 228 1048 264 τῆς
1069 229 1162 261 obob;
1189 227 1262 255 ἐστὶν
1286 219 1508 262 ἀπαράλλακτος
1533 225 1564 252 Et
1582 220 1636 261 ,μὲν
1650 221 1706 261 (26)
1728 224 1776 252 οὖν

169 272 205 299 do
212 271 353 298 diversus?
369 271 469 306 Itaque,
487 271 509 298 si
523 275 574 298 tua:
588 272 729 299 sententia:
745 272 863 300 fautores
875 281 949 300 ever-

168 322 225 346 tere
243 318 363 348 conaris.
386 318 460 352 ipsos
483 318 630 348 confutasti
647 325 654 342 τ
673 319 714 346 sin
742 323 831 346 autem
856 327 947 346 veram

167 364 253 398 ipsam
274 364 435 394 doctrinam.
457 364 532 395 illum
552 371 585 391 ne
611 363 750 394 audivisse
769 364 877 399 quidem
897 372 947 391 un-

165 416 247 444 quam
265 408 376 435 videris.
401 408 497 435 Filium
512 409 584 436 ettim
599 416 660 436 esse
678 409 763 444 ipsius
787 409 947 436 substantia:

166 455 309 489 imaginem
322 455 389 482 dixit
406 454 550 489 Apostolus
565 463 570 480 :
591 464 599 480 t
623 455 675 487 Qui
689 462 751 482 cum
769 455 805 482 sit
819 455 947 489 splendor

164 500 257 535 gloria),
271 504 297 527 et
317 500 399 535 figura
413 500 570 527 substantia:
580 494 624 532 ⁵⁸⁸,
641 511 649 527 ι
671 509 717 528 sctt
734 500 875 527 character
896 500 945 535 lty-

164 550 320 581 postasews.
343 546 408 572 Nam
431 547 572 573 character
594 546 776 582 hypostascws
790 546 856 572 nihil
873 545 945 572 aliud

164 594 215 622 est,
244 599 323 626 quam
356 591 514 619 substantia:
534 591 634 626 imago.
663 591 795 618 C:rterttnt
808 599 861 618 non
876 591 945 618 idem

163 644 224 664 esse
238 637 402 664 voluntatem
420 641 501 672 atqtte
516 638 674 668 essentiam,
691 645 741 664 nos
755 644 861 672 quoque
878 637 945 663 dici-

162 690 234 710 mus.
262 682 323 710 Ideo
335 683 407 709 enitn
424 682 519 709 Filium
532 683 640 718 quidem
654 691 686 710 cx
700 683 850 710 substantia
871 683 946 718 geni-

163 732 231 759 tum,
248 736 298 756 nos
311 736 374 756 vero
388 737 420 755 ex
445 729 584 756 voluntate
606 729 741 764 prodiisse
762 729 889 756 dicimus.
906 728 945 756 Ex

162 778 209 800 tua
230 782 311 808 porro
333 775 467 802 sententia
496 775 566 802 idem
589 783 644 802 non
666 779 707 803 est
726 775 852 803 voluntas
873 775 945 810 quod

163 820 328 852 substantia,
354 824 381 848 et
409 821 561 848 substantia
581 829 667 856 neque
683 822 774 857 crrpit,
794 830 882 857 neque
896 822 945 849 de-

162 867 238 894 sinit.
253 866 315 894 llaec
329 867 410 902 igitur
425 867 514 902 imago
530 875 616 903 neque
633 868 726 903 empit.
751 876 838 903 neque
851 869 943 896 desiit.

1000 274 1062 308 τοὺς
1077 273 1172 305 ἑαυτοῦ
1191 273 1345 309 διατρέπειν
1367 272 1509 314 ὁμιξόξους
1534 272 1690 308 ἐπιχειρεῖς,
1714 279 1776 298 συν-

997 315 1109 356 ήγαγεςέ
1133 319 1196 346 εἰδὲ
1212 319 1258 346 τὺν
1280 319 1366 355 ἀληθῆ
1388 318 1474 353 λόγον,
1500 318 1560 345 οὐδὲ
1577 317 1710 354 ἀκροατὴς
1726 324 1777 350 για

997 366 1126 401 γενῆσθαι
1141 366 1233 392 τούτου
1248 366 1330 402 φαίνῃ
1341 374 1395 401 μοι.
1415 365 1475 392 Ὀτι
1491 365 1545 401 γὰρ
1558 364 1608 400 τῆς
1623 364 1714 395 οὐσίας
1736 363 1780 390 εἰς

997 413 1052 440 κὼν
1074 413 1088 438 ὁ
1105 412 1178 444 Υἱὸς,
1203 413 1218 438 ὁ
1244 412 1401 443 ’Δπόστολος
1420 407 1510 443 sit?!"
1537 420 1547 437 ι
1571 411 1618 442 Ὃς
1633 410 1670 436 ὢν
1689 408 1777 436 ἁπαῦο

996 467 1089 493 γασμα
1103 457 1153 493 τῆς
1171 457 1258 493 δὸξης,
1275 458 1322 484 καὶ
1336 452 1475 493 χαρακτὴρ
1488 456 1537 491 τῆς
1561 456 1742 487 ὑποστάσεως.
1763 464 1773 479 ι

996 505 1033 531 Τὸ
1049 505 1103 540 γὰρ
1124 505 1266 540 χαρακτὴρ
1280 505 1328 540 τῆς
1343 504 1514 535 ὑποοὲὰσεως
1533 500 1609 529 eam
1626 502 1689 530 ἄλλο
1703 502 1777 528 ἐστὶν

997 551 1054 577 ἀλλ’
1071 552 1088 586 ἡ
1105 551 1184 577 εἰκὼν
1205 550 1253 585 τῆς
1271 551 1373 582 οὐσίας.
1391 551 1445 577 Καὶ
1457 549 1496 576 ὅτι
1513 549 1562 576 οὐκ
1575 549 1631 575 ἐστι
1648 549 1743 575 ταυτὸν
1758 549 1776 583 ἡ

995 596 1102 631 θέλησις
1118 598 1164 623 καὶ
1179 598 1196 632 ἡ
1221 597 1308 628 οὐσία,
1326 596 1402 632 ἡμῶν
1418 593 1495 628 οὗτος
1516 597 1530 622 ὁ
1550 595 1636 628 λόγος.
1654 594 1703 621 Διὰ
1721 594 1777 630 γὰρ

995 643 1072 668 τοῦτο
1085 642 1130 669 τὸν
1146 643 1195 678 μὲν
1213 643 1276 669 Υἱὸν
1289 643 1410 678 γέννημα
1424 643 1473 678 τῆς
1496 641 1588 672 οὑσῖας
1609 640 1720 675 λέγομεν
1738 637 1778 666 εἷ-

995 693 1049 716 ναι,
1065 686 1176 718 ἑαυτοὺς
1187 686 1216 713 δὲ
1230 686 1278 721 τῆς
1294 686 1436 722 θελήσεως.
1456 685 1548 712 Ἔστιν
1561 685 1589 711 δὲ
1606 685 1651 711 καὶ
1663 684 1732 711 κατά
1745 683 1776 710 σὲ

996 732 1026 758 οὗ
1043 731 1139 758 ταυτὸν
1163 734 1196 767 τῇ
1220 732 1298 767 οὐσίᾳ
1318 733 1334 768 ἡ
1365 731 1488 768 οὲλησις·
1513 733 1530 767 ἡ
1558 731 1587 758 δὲ
1609 731 1686 757 οὐσία
1713 729 1776 757 οὔτε

995 778 1106 813 ἤρξατο,
1126 777 1186 804 οὔτε
1209 778 1333 805 παύεται.
1361 777 1428 805 Οὔτε
1451 777 1505 813 ἄρα
1526 777 1657 813 ἧρξατοή
1681 775 1775 806 εἰκὼν.

996 823 1056 850 οὗτε
1076 825 1220 850 ἐπαύσατο.
1238 824 1268 850 Ἦ
1284 824 1313 851 δὲ
1329 824 1437 860 Θὲλησις
1451 825 1497 851 καὶ
1510 823 1620 860 ἄρχεται
1631 823 1678 850 καὶ
1691 822 1776 849 παύε-

995 879 1049 897 ται.
1069 871 1137 902 Τοὺς
1152 870 1241 897 τοίνυν
1254 871 1380 904 λέγοντας
1397 870 1492 897 ταυτὸν
1508 868 1576 896 εἶναι
1588 871 1621 905 τῇ
1632 869 1709 905 οὑσὶᾳ
1725 868 1776 904 τὴν

161 911 294 939 Voluntas
318 916 406 939 autem
435 917 462 940 et
477 913 585 940 initittm
619 917 645 940 et
666 913 746 941 finem
762 914 852 942 habet.
884 914 939 942 [llos

997 916 1114 953 θέλησιν,
1135 916 1253 949 ἐκείνους
1276 917 1331 952 ἔχε.
1355 917 1448 951 Ἡμεῖς
1467 915 1521 951 γὰρ
1547 915 1593 942 καὶ
1616 914 1774 950 βουλόμεθα,

161 959 243 994 igitur
268 958 316 985 tibi
340 958 448 991 habeto,
474 959 520 994 qui
535 959 607 986 idem
631 967 691 987 esse
705 960 800 987 dicunt
818 960 944 988 volunta-

160 1009 215 1032 tem
228 1011 310 1040 atqtte
324 1005 483 1034 essentiam.
506 1005 560 1034 Nos
578 1007 650 1034 enim
667 1011 694 1034 et
710 1007 845 1039 volumus,
866 1012 892 1035 et
904 1007 944 1035 fa-

160 1057 258 1084 temur,
280 1057 307 1079 et
320 1052 456 1080 credimus
469 1052 567 1080 Filium
594 1061 655 1081 esse
673 1052 744 1080 Patri
760 1053 942 1081 consubstan-

160 1098 261 1126 tialem.
282 1097 349 1125 Nam
371 1102 512 1134 propterea
528 1099 610 1126 etiam
628 1099 795 1134 unigenitum
809 1107 870 1127 esse
884 1107 943 1127 cre-

159 1145 260 1176 dimus,
274 1145 337 1180 quia
353 1145 410 1181 ipse
427 1145 512 1177 solus,
526 1148 556 1172 ιιι
569 1149 648 1172 antea
663 1145 765 1172 dictqu
780 1150 874 1175 εει.ος
883 1146 944 1173 sub-

159 1191 258 1218 stantia
275 1192 383 1226 genitus
405 1195 456 1223 est,
484 1191 582 1226 reliqui
599 1199 663 1219 vero
690 1199 784 1219 omnes
799 1199 833 1219 ex
845 1192 942 1218 volun-

159 1241 214 1264 tate
232 1241 306 1264 sunt.
333 1236 401 1264 Cum
418 1242 508 1266 autem
537 1238 655 1266 dicimus
671 1237 770 1265 Filium
803 1246 863 1266 esse
877 1246 943 1266 con-

159 1282 366 1310 substantialem
381 1282 466 1314 Patri,
482 1283 594 1312 minime
611 1284 729 1311 dicimus
746 1291 808 1310 eum
820 1291 882 1311 esse
904 1284 942 1312 si-

159 1329 185 1355 bi
209 1328 259 1363 ipsi
277 1329 549 1361 consubstantialem.
578 1337 640 1357 cum
660 1330 712 1358 sibi
735 1329 785 1364 ipsi
804 1337 883 1356 nemo
907 1330 943 1357 sit

157 1373 411 1402 consubstantialis.
422 1374 456 1401 At
470 1379 510 1406 ιιι,
527 1375 549 1402 si
567 1383 662 1403 revera
684 1375 778 1403 fateris
801 1375 892 1402 omnia
909 1383 941 1402 ex

158 1419 245 1446 Patris
263 1420 403 1448 voluntate
419 1428 467 1456 per
481 1419 581 1448 Filium
599 1429 661 1448 esse
677 1419 760 1452 facta,
777 1425 804 1448 et
816 1429 867 1448 una
880 1430 942 1449 cum

158 1464 219 1492 aliis
242 1463 340 1492 Filium
356 1472 465 1500 quoque
494 1465 596 1498 factum
613 1474 674 1494 esse
699 1466 779 1497 dicis.
807 1468 943 1495 concedas

156 1510 238 1538 etiam
253 1514 361 1545 oportet
379 1519 392 1538 a
409 1510 500 1546 seipso
514 1510 617 1539 factum
629 1519 689 1540 esse
705 1521 711 1539 :
724 1512 798 1547 quod
812 1513 835 1540 si
850 1514 943 1541 absur-

155 1556 220 1583 dum
239 1557 265 1584 id
281 1561 333 1588 est,
362 1565 428 1584 sane
445 1565 499 1584 non
524 1562 566 1585 est
583 1558 731 1586 voluntatis
752 1558 849 1588 Filius.
874 1559 941 1587 Nam

995 962 1042 988 καὶ
1056 961 1248 997 ὁμολογοῦμεν,
1263 962 1310 988 καὶ
1328 960 1488 996 πιστεύομεν
1501 960 1640 995 ὁμοούσιον
1657 958 1724 987 εἶναι
1736 959 1776 994 τῷ

994 1007 1081 1043 Πατρὶ
1097 1007 1141 1035 τὸν
1158 1007 1231 1034 Υἱὸν.
1254 1007 1303 1033 Διὰ
1320 1007 1373 1042 γὰρ
1387 1005 1465 1033 τοῦτο
1483 1006 1528 1032 καὶ
1544 1007 1670 1041 μονογενῆ
1694 1005 1776 1032 αὐτὸν

994 1051 1063 1080 εἶναι
1080 1053 1241 1088 πιστεύομεν
1250 1061 1257 1068 ·
1276 1053 1316 1079 ὅτι
1335 1052 1414 1088 μόνος
1427 1051 1506 1083 αὐτὸς
1520 1052 1552 1078 ὲκ
1565 1051 1613 1087 τῆς
1627 1052 1718 1083 οὐσίας
1730 1060 1777 1086 γε-

993 1100 1131 1135 γέννηται.
1152 1099 1241 1131 καθὼς
1258 1098 1433 1135 προεὶρηται·
1452 1099 1475 1125 οἱ
1490 1097 1517 1124 δὲ
1531 1097 1605 1124 ἄλλοι
1621 1097 1720 1129 πάντες
1741 1098 1776 1124 ὲκ

993 1145 1042 1180 τῆς
1059 1144 1201 1180 θελήσειας.
1224 1145 1379 1180 Ὁμοούσιον
1398 1143 1426 1170 δὲ
1441 1143 1563 1178 λέγοντες
1576 1143 1614 1178 τῷ
1629 1143 1715 1178 Πατρὶ
1729 1142 1776 1168 τὴν

995 1191 1068 1222 Υἱὺν,
1085 1191 1135 1217 οὐκ
1157 1191 1237 1218 αὑτὸν
1263 1190 1350 1226 ἐαυτῷ
1372 1190 1486 1225 λέγομεν
1507 1189 1661 1225 ὁμοούσιον·
1686 1188 1774 1221 οὐδεὶς

993 1237 1048 1272 γὰρ
1065 1237 1145 1269 αὐτὸς
1158 1237 1246 1272 ἐαυτῷ
1259 1236 1410 1272 ὁμοούσιος.
1427 1236 1458 1262 Εἰ
1470 1235 1499 1262 δὲ
1515 1235 1620 1270 ἀληθῶς
1635 1234 1775 1270 ὁμολογεῖς

993 1284 1026 1310 τὰ
1043 1283 1130 1310 πάντα
1143 1283 1174 1309 ὲκ
1188 1283 1237 1317 τῆς
1251 1282 1402 1318 βουλήσεως
1416 1282 1462 1308 τοῦ
1478 1281 1582 1317 Πατρὸς
1592 1281 1635 1308 διὰ
1649 1281 1694 1307 τοῦ
1708 1280 1774 1307 Υἱοῦ

993 1329 1142 1363 γεγονέναι,
1153 1328 1220 1364 μετὰ
1233 1329 1260 1354 δὲ
1274 1328 1382 1355 πάντων
1392 1328 1480 1362 λέγεις
1496 1327 1611 1362 τὸνδΥἱὺν
1622 1327 1772 1362 γεγονέναι,

993 1377 1040 1402 καὶ
1061 1376 1141 1403 αὑτὸν
1162 1375 1195 1402 δι’
1212 1375 1308 1402 ἑαυτοῦ
1325 1375 1419 1407 δώσεις
1436 1374 1591 1409 γεγονέναι⁶
1610 1376 1633 1400 εὶ
1649 1374 1677 1400 δὲ
1694 1373 1774 1400 τοῦτο

993 1422 1100 1454 ἄτοπον,
1124 1422 1173 1449 οὒκ
1198 1422 1251 1457 ἄρα.
1278 1421 1426 1457 βουλήσεώς
1449 1422 1521 1448 ἐστιν
1544 1422 1559 1448 ό
1584 1420 1656 1452 Υἱός.
1673 1419 1703 1446 Εἰ
1718 1419 1773 1456 γὰρ

997 1477 1006 1493 t
1027 1468 1094 1494 "06:
1108 1468 1141 1495 ἂν
1158 1470 1229 1494 ποιεῖ
1250 1469 1263 1495 ό
1286 1468 1389 1503 Πατὴρ,
1412 1467 1495 1494 ταῦτα
1509 1468 1555 1494 καὶ
1568 1469 1582 1494 ό
1596 1467 1658 1499 Υἱὸς
1673 1467 1773 1502 ὁμοίως

993 1515 1076 1546 ποιεῖ,
1095 1525 1103 1540 ι
1121 1515 1227 1550 ποιήσει
1242 1515 1288 1541 καὶ
1301 1515 1315 1541 ὁ
1326 1514 1388 1546 Υἱὸς
1400 1513 1478 1541 ἄλλον
1494 1513 1561 1545 υἱὸν,
1578 1513 1619 1540 ἴνα
1631 1514 1719 1540 πάντα
1734 1513 1773 1549 τῷ

993 1560 1080 1597 Πατρὶ
1105 1561 1204 1596 ὁμοίως
1231 1562 1340 1598 ποιήσῃ.
1368 1561 1399 1587 Εἰ
1424 1561 1453 1587 δὲ
1476 1561 1526 1587 οὐκ
1556 1560 1690 1596 ἐποίησεν,
1712 1559 1773 1586 οὐδὲ

155 1603 178 1628 si
197 1611 204 1627 t
226 1601 399 1638 Qttwcunque
418 1603 482 1630 facit
501 1603 591 1635 Pater.
611 1604 667 1632 hinc
681 1608 707 1631 et
731 1603 817 1632 Filius
842 1605 939 1632 simili-

993 1592 1074 1639 notai,
1090 1592 1139 1634 obit
1154 1607 1211 1633 ἐστι
1225 1592 1332 1643 ποίημα
1340 1607 1429 1639 αὑτός.
1451 1607 1588 1642 Ἀληθεύει
1613 1592 1666 1642 γ’ἐιρ
1685 1606 1773 1640 λέγων

154 1652 196 1675 ter
211 1648 275 1676 facit
286 1649 320 1681 ",
340 1659 349 1674 I
375 1649 455 1676 faciet
476 1649 556 1676 etiam
583 1649 668 1677 Filius
684 1650 767 1677 aliutn
788 1649 896 1682 Filium,
910 1655 940 1678 ut

154 1694 245 1720 omnia
259 1694 386 1722 similiter
414 1695 496 1722 faciat
515 1703 575 1730 qum
591 1695 681 1723 Pater.
705 1695 784 1729 Quod
801 1697 824 1724 si
856 1697 938 1724 alium

153 1738 252 1767 Filium
265 1747 320 1767 non
340 1740 402 1768 fecit
417 1749 504 1776 neque
517 1741 591 1774 facit,
614 1742 673 1776 ipse
691 1750 801 1777 quoque
815 1749 870 1770 non
896 1747 938 1770 est

153 1786 302 1822 opiﬁcium.
321 1786 460 1814 Veraciter
476 1787 548 1814 cuitu
562 1787 670 1815 locutus
684 1791 726 1815 est
741 1796 802 1815 cum
817 1788 936 1816 diceret:

155 1842 166 1858 α
184 1832 358 1867 Quaecunque
381 1833 446 1860 facit
465 1833 557 1865 Pater.
586 1833 644 1862 hinc
660 1840 686 1862 et
712 1834 799 1862 Filius
814 1835 938 1862 similiter

153 1879 228 1906 facit.
249 1889 258 1904 ι
275 1879 334 1906 Non
349 1879 412 1906 facit
439 1884 529 1907 autem
547 1881 666 1915 scipstttn
691 1879 776 1908 Filius
794 1890 800 1908 ε
818 1889 872 1908 noti
897 1885 939 1908 est

154 1926 234 1960 igitur
259 1924 359 1952 factum
384 1925 535 1960 quidpiam.
569 1925 604 1952 At
636 1926 721 1958 dices,
752 1934 806 1953 non
835 1925 938 1954 dixisse

151 1971 300 2002 Christum.
329 1971 426 1999 Omnia
445 1979 505 2006 qua:
523 1971 596 2002 fecit.
613 1972 660 2000 sed
685 1980 745 2007 qua:
763 1972 827 2000 facit
843 1982 850 1998 τ
868 1973 938 2000 scito

151 2025 254 2044 ntorent
266 2025 326 2045 esse
335 2017 483 2052 Scriptura:
498 2017 531 2045 de
541 2017 622 2045 rebus
636 2018 781 2052 praeteritis
799 2018 938 2053 loquentis

151 2071 273 2098 praesens
303 2067 410 2098 tempus
435 2071 568 2098 usurpare
587 2076 594 2092 :
611 2063 765 2098 cujusmodi
784 2065 851 2092 illttd
869 2070 932 2092 est:

154 2121 165 2137 ι
185 2111 234 2145 Qui
251 2111 369 2140 fundasti
386 2116 485 2140 terram
500 2120 583 2146 super
597 2113 770 2141 stabilitatem
782 2121 860 2141 suam
877 2114 912 2146 ";
930 2124 939 2140 ι

149 2161 298 2195 penetralia
311 2161 367 2188 noti
377 2161 410 2188 “°.
430 2171 439 2188 ι

187 2207 230 2234 t0.
250 2210 345 2235 Anam.
369 2208 438 2235 Ante
454 2209 545 2237 omnia
566 2217 631 2238 vero
645 2214 672 2238 et
696 2210 722 2238 in
747 2211 842 2246 primis
859 2219 934 2246 qure-

149 2260 211 2281 rere
226 2261 259 2280 ex
276 2254 342 2288 ipsis
353 2259 468 2289 oportet,
483 2255 547 2290 qttid
571 2255 704 2291 significet
723 2264 778 2284 non
800 2257 932 2292 genitum.

149 2299 227 2332 Nam,
244 2301 267 2328 si
283 2302 462 2328 substantiam
479 2302 689 2338 declarat,quod
703 2311 795 2330 rerum
810 2308 862 2335 est.
877 2308 934 2331 tan~

149 2350 176 2373 ta
189 2347 241 2373 erit
255 2346 448 2381 discrepantia.
468 2347 544 2375 Ortlt.
561 2348 595 2374 At
609 2356 659 2376 nos
679 2357 787 2384 quoque
798 2354 860 2377 ante
874 2357 933 2377 ont-

147 2392 194 2419 nia
219 2393 377 2426 qtlmt'itttus,
409 2393 474 2428 quid
496 2394 629 2429 significet
641 2395 771 2429 genitum.
801 2395 885 2428 Nam,
909 2396 933 2423 si

148 2439 331 2466 substantiam
349 2440 482 2471 declarat,
502 2440 574 2475 quod
588 2441 688 2477 falsum
704 2445 757 2475 est,
782 2442 873 2469 omnia
887 2450 934 2477 ge-

147 2485 206 2511 nita
224 2489 306 2512 erttnt
319 2487 574 2514 cousubstantialia.
601 2487 635 2514 At
659 2489 681 2516 5i
708 2496 761 2515 non
778 2493 841 2516 sunt
867 2496 935 2516 con-

147 2530 339 2558 substantialia
365 2533 455 2559 omnia
480 2534 581 2567 genita,
604 2533 677 2568 quod
703 2541 797 2562 verum
811 2539 864 2567 est,
883 2543 930 2570 ge~

146 2577 235 2604 nitutn
258 2578 342 2613 igitur
366 2586 420 2606 tton
450 2583 490 2606 est
504 2580 667 2607 substantia.
692 2583 732 2608 Ae
757 2582 779 2609 si
810 2582 930 2617 genitum

146 2631 203 2650 non
219 2627 261 2651 est
283 2624 447 2657 substantia,
468 2632 522 2652 non
537 2626 657 2661 genitum
672 2634 781 2661 quoque
800 2635 855 2654 non
870 2627 930 2656 fue-

146 2669 184 2695 rit
198 2670 361 2698 substantia.
386 2669 463 2703 Quod
479 2672 501 2698 si
524 2679 578 2700 non
598 2674 718 2708 genitum
742 2677 784 2701 est
803 2674 932 2701 substan‘

183 2746 308 2776 “‘Hebr.
324 2757 343 2780 ι,
361 2750 387 2777 5.
425 2749 448 2765 ⁸⁷
466 2748 545 2777 Joan.
563 2758 590 2782 v,
608 2750 651 2778 t9.
690 2751 713 2768 "
728 2750 801 2779 Psal.
817 2759 882 2783 cut,
899 2751 927 2779 ι.

182 2824 351 2865 (κλῇε-σιξ]
362 2862 368 2865 _
378 2827 601 2865 ἀπαράλλακτοςο
615 2828 690 2863 Ὀρθ.
705 2829 736 2856 Et
767 2830 826 2865 μιν.
859 2829 924 2856 Mss.

147 2861 227 2888 male.
240 2861 306 2888 Ibid.
323 2861 408 2889 Palat.
422 2861 585 2898 διατρέπειν.

993 1654 1034 1680 ὅτι
1045 1662 1052 1668 ·
1062 1663 1071 1678 t
1086 1654 1177 1680 Πάντα
1192 1655 1241 1681 ὅσα
1257 1653 1290 1680 ἂν
1301 1655 1372 1681 ποιεῖ
1383 1655 1396 1681 ὀ
1409 1653 1513 1689 Πατὴρ,
1527 1653 1612 1681 ταῦτα
1627 1654 1672 1680 καὶ
1683 1654 1696 1679 ὀ
1709 1653 1774 1685 Υἱὸς

991 1700 1091 1735 ὁμοίως
1109 1701 1190 1727 ποιεῖ.
1212 1710 1222 1726 ι
1240 1701 1276 1727 Οὐ
1295 1702 1366 1727 ποιεῖ
1382 1701 1410 1727 δὲ
1426 1701 1533 1727 ἑαυτόν·
1558 1701 1607 1728 οὐκ
1627 1700 1699 1727 ἐστιν
1719 1701 1774 1736 ἄρα

992 1746 1106 1781 ποίημα.
1126 1746 1194 1773 Ἀλλ’
1207 1747 1277 1783 ἐρεῖς
1287 1755 1293 1761 ’
1306 1747 1362 1773 Οὐκ
1374 1745 1459 1779 εἶπεν,
1475 1747 1565 1774 Πάντα
1575 1748 1623 1773 ὅσα
1635 1747 1772 1782 ἐποίησεν.

991 1792 1047 1819 ἀλλ’
1063 1793 1112 1819 ὅσα
1126 1794 1213 1819 ποιεῖ·
1228 1793 1355 1827 γίνωσκε,
1370 1793 1411 1820 ὅτι
1424 1793 1484 1825 ἔθος
1501 1795 1534 1829 τῇ
1547 1794 1641 1829 Γραφῇ
1654 1794 1684 1820 τὸ
1701 1801 1772 1828 παρ-

991 1838 1098 1873 ῳχηκὸς
1127 1838 1165 1870 ὡς
1189 1838 1235 1865 ἐπὶ
1257 1838 1403 1870 ἐνεστῶτος
1432 1839 1527 1874 χρόνον
1552 1839 1654 1874 λέγειν·
1672 1839 1709 1871 ὡς
1730 1839 1773 1872 τὸ,

994 1893 1003 1909 t
1030 1884 1058 1911 '0
1081 1884 1164 1911 ποιῶν
1180 1884 1242 1916 τοὺς
1266 1885 1396 1918 ἀγγέλους
1418 1885 1499 1911 αὑτοῦ
1521 1884 1677 1920 πνεύματα·
1696 1894 1704 1910 ι
1724 1885 1773 1911 καὶ

991 1931 1020 1956 ὲν
1034 1929 1119 1966 ἑτέρῳ
1129 1939 1135 1946 ·
1156 1939 1165 1956 t
1189 1930 1217 1956 '0
1231 1929 1361 1964 θεμελιῶν
1375 1931 1424 1965 τὴν
1436 1931 1486 1966 γῆν
1502 1931 1549 1956 ἐπὶ
1561 1931 1610 1965 τὴν
1624 1929 1772 1964 ἀεφάλειαν

990 1975 1091 2012 αὐτῆς·
1115 1984 1124 2001 t
1141 1975 1197 2006 καὶ,
1217 1985 1226 2000 t
1244 1975 1273 2001 Ὀ
1286 1975 1368 2001 ποιῶν
1384 1975 1506 2006 πελειάδα,
1520 1975 1565 2002 καὶ
1579 1975 1702 2010 ἕσπερον,
1724 1975 1772 2002 καὶ

990 2020 1151 2056 ἀρκτοῦρον,
1166 2021 1211 2047 καὶ
1224 2022 1333 2056 ταμιεῖα
1351 2021 1438 2048 νότου.
1463 2030 1473 2046 ι

956 2075 966 2091 t
1001 2066 1051 2099 Qui
1069 2067 1133 2094 facit
1166 2069 1278 2102 angelos
1309 2073 1376 2094 suos
1398 2068 1511 2102 spiritus
1531 2067 1565 2094 ⁸³.
1583 2077 1592 2093 ι
1621 2067 1655 2094 Et.
1684 2067 1769 2095 alibi:

960 2119 1004 2143 et:
1018 2115 1083 2149 tQui
1101 2114 1166 2143 facit
1179 2116 1295 2151 pleiada,
1307 2120 1333 2144 ct
1348 2123 1502 2151 vesperum,
1518 2119 1546 2144 et
1577 2119 1727 2147 arcturum,
1743 2117 1771 2142 et

1025 2210 1068 2239 10.
1096 2210 1193 2245 ’Δγ-ὀμ.
1209 2210 1266 2246 Πρὸ
1279 2210 1386 2238 πάντων
1399 2210 1428 2237 δὲ
1443 2210 1490 2237 καὶ
1511 2210 1579 2246 ὑπὲρ
1595 2210 1684 2238 πάντα
1703 2211 1770 2246 ἐρω-

954 2272 975 2299 D
988 2257 1038 2292 τᾷν
1053 2256 1093 2283 δεῖ
1110 2257 1217 2288 αὐτοὺς,
1237 2256 1263 2283 τί
1283 2256 1408 2291 σημαίνει
1429 2256 1460 2284 τὸ
1485 2257 1639 2292 ἀγέννητον.
1666 2257 1696 2284 Εἰ
1720 2256 1770 2292 μὲν

987 2303 1042 2338 γὰρ
1053 2303 1100 2338 τὴν
1115 2303 1218 2334 οὐσίαν,
1233 2303 1300 2338 ὅπερ
1319 2303 1391 2330 ἐστὶν
1406 2302 1516 2338 ἀληθὲς,
1531 2303 1646 2338 τοσαύτη
1661 2302 1736 2330 ἔσται
1751 2304 1768 2338 ἡ

987 2349 1159 2384 παραλλαγή.
1180 2350 1255 2383 Ὀρθ.
1271 2349 1324 2376 Καὶ
1341 2350 1420 2385 ἡμεῖς
1432 2349 1459 2376 δὲ
1476 2350 1528 2386 πρὸ
1542 2349 1650 2376 πάντων
1662 2349 1770 2385 ἐρωτῶ.

988 2404 1048 2430 μεν,
1074 2395 1101 2422 τί
1117 2396 1242 2431 σημαίνει
1263 2396 1294 2422 τὸ
1316 2396 1453 2431 γεννητόν.
1471 2396 1502 2423 Et
1528 2396 1576 2431 μὲν
1590 2396 1644 2432 γὰρ
1657 2396 1705 2431 τὴν
1723 2395 1769 2423 οὐ·

988 2441 1058 2473 σίαν,
1075 2441 1144 2477 ὅπερ
1158 2443 1215 2469 ἐστὶ
1228 2441 1334 2476 ψεῦδος.
1348 2443 1436 2469 πάντα
1450 2442 1485 2470 τὰ
1498 2442 1614 2476 γεννητὰ
1623 2441 1766 2476 ὀμοούσια·

985 2489 1010 2514 εἰ
1025 2487 1054 2514 δὲ
1067 2488 1098 2514 οὺ
1112 2488 1200 2515 πάντα
1215 2488 1249 2515 τὰ
1259 2489 1376 2523 γεννητὰ
1387 2489 1525 2523 ὀμοούσια,
1539 2489 1608 2523 ὅπερ
1619 2488 1692 2514 ἐστὶν
1704 2487 1769 2522 ἁλη-

986 2533 1042 2567 Θές,
1059 2535 1109 2562 οὐκ
1125 2535 1178 2570 ἄρα
1193 2535 1223 2561 τὸ
1239 2535 1368 2570 γεννητὸν
1388 2535 1476 2562 οὐσία.
1500 2535 1532 2561 ΕΞ
1546 2535 1575 2562 δὲ
1593 2535 1624 2561 τὸ
1640 2535 1767 2570 γεννητὸν

984 2581 1034 2608 οὐκ
1046 2581 1135 2613 οὐσία,
1150 2581 1210 2608 οὐδὲ
1221 2582 1252 2608 τὸ
1267 2581 1412 2616 ἀγέννητον
1426 2581 1512 2608 οὐσία.
1528 2581 1560 2607 Εἰ
1575 2581 1603 2607 δὲ
1614 2581 1644 2607 τὸ
1654 2581 1768 2615 ἀγέννη-

983 2636 1028 2654 τον
1045 2628 1133 2659 οὐσία,
1149 2627 1178 2654 τὸ
1190 2627 1218 2655 δὲ
1233 2627 1359 2662 γεννητὸν
1377 2627 1427 2654 οὐκ
1438 2627 1525 2658 οὐσία,
1536 2625 1647 2653 avo-iota
1661 2626 1695 2652 τὰ
1706 2633 1767 2660 γεν-

985 2673 1062 2708 νητά.
1085 2673 1118 2700 Τί
1138 2671 1184 2700 οὖν
1201 2673 1256 2707 (27)
1273 2673 1361 2707 λέγεις
1385 2673 1526 2708 ἀνόμοιον;
1543 2671 1580 2698 Τὸ
1600 2672 1654 2707 γὰρ
1679 2671 1716 2707 μὴ
1735 2670 1766 2698 ἂν

966 2751 989 2767 ⁸⁸
1009 2751 1075 2779 ibid.
1091 2751 1118 2779 5.
1155 2751 1178 2767 ‘°
1197 2750 1249 2778 Job
1265 2758 1291 2778 ix
1303 2771 1311 2782 ,
1329 2750 1355 2777 9.

1017 2828 1072 2863 (27)
1091 2826 1143 2855 Οὗν
1160 2828 1236 2856 deest
1252 2828 1280 2856 in
1292 2827 1379 2855 Palat.
