1926 3067
85 120 156 150 ΗΤΙ
579 124 622 151 DE
642 124 777 153 SANCTA
796 124 889 152 TRINI

891 125 982 153 TATE
1002 126 1172 155 DIALOGUS
1191 127 1222 155 ll.
1637 128 1704 156 H78

83 181 133 209 τ’ιῦ
149 180 227 213 Υἰοῦ,
241 180 301 207 ἀλλ’
315 182 332 216 ἡ
349 182 456 216 γένεσις
469 181 536 218 (42),
560 184 661 220 ταύτης
677 184 753 212 ἔσται
769 186 783 211 6
796 184 860 216 Υἱὸς

923 192 1019 213 censes
1033 186 1190 222 ἀγεννησία,
1203 195 1250 215 seu
1263 188 1470 216 innascibilitas.
1486 187 1549 216 Haec
1558 187 1640 223 igitur
1653 189 1705 216 erit

84 226 134 253 καὶ
152 225 221 260 αὑτὴ
236 226 319 252 αὑτοῦ
334 223 438 264 Πατήρ.
455 228 617 261 Ηαπτισθεὶς
631 230 685 266 ἄρα
698 231 737 262 εις
750 231 869 267 Πατέρα,

83 272 126 303 εις
143 271 248 306 γένεσιν
263 272 430 309 ὲϐαπτίσθης
441 275 488 302 καὶ
503 276 541 307 εις
553 276 597 302 τὸν
612 277 713 313 ταύτης
728 278 790 304 Υῐόν
804 279 870 313 (45).

84 318 164 352 Τάχα
188 318 242 354 γὰρ
266 319 335 350 οὐδὲ,
358 321 382 347 εἰ
406 321 463 347 ἔστι
490 322 601 357 Πνεῦμα
624 323 712 357 ἅγιον,
737 325 868 361 ἀκήκοας.

94 363 193 397 Ἀνόμ.
212 363 297 390 Πόθεν
311 364 343 391 ἄν
357 373 398 397 τις
421 366 470 400 τὴν
485 367 639 394 ὐποστᾶσαν
655 369 723 404 πρὸς
738 370 787 404 τὴν
802 371 870 397 ὑπος

85 408 225 444 στήσασαν
242 409 322 443 φύσιν
345 411 375 437 τὺ
397 412 604 448 ἀπαράλλακτον
625 415 664 446 εις
686 415 779 442 οὐσίαν
798 416 871 451 ἔχειν

84 455 300 490 συγχωρήσειεν,
326 457 357 483 ού
382 459 564 495 προσιεμένης
582 460 632 496 τῆς
651 462 779 497 τοιαύτης
804 464 871 489 ὑπο-

84 500 208 543 στάσεως
226 502 350 535 γένεσιν,
375 503 451 537 Ὀρθ.
467 505 499 531 Εἰ
520 506 536 541 ἡ
557 506 606 541 μὲν
628 507 768 534 ὑποστᾶσα
790 509 870 543 φύσις

83 542 183 574 ἔξωθεν
197 546 383 580 προσεγένετο,
399 548 606 583 ἀπαράλλακτος
617 549 684 578 εἶναι
701 553 730 578 οὐ
743 553 868 581 δύναται·

82 588 109 612 ει
124 587 152 614 δὲ
171 588 200 620 ἐξ
217 590 297 617 αὑτοῦ
320 592 479 629 γεγέννηται
495 594 533 626 ὡς
548 595 717 631 ἀπαύγασμα
731 598 808 634 δόξης
823 600 869 625 καὶ

81 632 227 668 χαρακτὴρ
247 634 295 669 τῆς
320 635 504 670 ὑποστάσεως,
526 639 556 666 τὸ
576 632 791 676 ἀπαράλλακτον
802 643 867 679 ἔχει.

85 685 94 725 ι
108 676 137 703 ὐ
179 678 233 712 γὰρ
250 689 258 704 ι
278 680 407 715 ἑωρακὼς
421 683 472 718 ἐμὲ
484 683 589 720 ἑώρακε
603 686 647 712 τὸν
664 687 783 724 Πατέρα,
796 699 805 714 ι
817 676 869 725 οὐχ

81 722 179 748 ἑαυτὸν
195 724 283 758 φήσας
301 725 410 762 Πατέρα
424 728 477 763 (44)
494 727 574 762 εἶναι,
595 730 663 757 ἀλλὰ
676 722 794 760 τοιούτον
814 722 869 760 οἷον

80 767 128 794 τὸν
143 768 262 804 Πατέρα.

883 859 903 886 Β

119 901 163 929 13.
188 903 285 938 Ἀνόμ
311 904 343 930 Ει
368 904 551 942 ὰτελευτήτως
575 907 695 943 διαμένει
713 910 727 935 6
750 909 815 942 Θεὸς
841 911 869 937 ὲν

81 949 222 984 ἀγεννήτῳ
240 949 330 984 φύσει,
347 951 392 977 κα).
413 951 598 987 ἀτελευτήτως
620 954 650 980 τὸ
672 954 793 990 γέννημα
807 956 869 990 γέν-

82 994 159 1029 νημά
171 995 245 1021 ἐστιν
254 995 320 1031 (45),
335 997 351 1032 ἡ
365 996 411 1024 τοῦ
426 999 567 1032 ὁμοουσίου
580 999 626 1025 κα).
642 1001 808 1034 ὁμοιοουσίου
820 1010 868 1028 κα-

82 1041 190 1074 κοδοξία
220 1043 505 1080 παραιρανισθήσεται·
523 1046 629 1072 ἵσταται
643 1047 671 1073 δὲ
686 1047 716 1074 τὸ
740 1049 769 1074 ὲν
790 1049 868 1085 οὐσίᾳ

80 1086 258 1122 ἀσύγκριτον,
280 1089 412 1124 ἑκατέρας
435 1090 541 1124 φύσεως
566 1091 711 1125 ἀπαύστως
728 1093 868 1129 διαμενού-

81 1138 132 1167 σης
151 1133 180 1159 ὲν
195 1133 233 1168 τῷ
248 1134 339 1169 οἰκείῳ
354 1135 403 1169 τῆς
420 1136 526 1170 φύσεως
542 1136 675 1173 ἰδιώματι.
693 1139 768 1173 Ὀρθ.
789 1140 867 1175 Ὁμο-

80 1176 170 1211 λογεῖς
192 1178 247 1214 (46)
266 1179 297 1205 τὸ
315 1179 437 1216 γέννημα
456 1181 562 1217 ἀληθῶς
578 1182 656 1218 γέννη
662 1193 709 1219 μα·
724 1185 866 1220 ὀμοούσιον

82 1223 132 1258 μὲν
143 1221 190 1251 οὖν
204 1224 289 1256 ἔσται,
302 1226 351 1252 οὐκ
367 1226 512 1263 ἀγέννητον
525 1228 628 1256 δέ.”υτι
644 1230 698 1266 γὰρ
712 1231 742 1257 τὸ
754 1231 866 1268 ἀγέννη-

80 1277 127 1295 τον
146 1269 225 1303 φύσις
246 1270 295 1297 οὐκ
314 1270 381 1303 ἔστι,
403 1271 551 1299 δέδεικται·
564 1273 588 1299 εί
610 1273 665 1309 γὰρ
677 1274 706 1300 τὸ
720 1275 867 1310 ἀγέννητον

81 1315 163 1350 φύσις
176 1315 242 1351 (Η),
263 1317 310 1344 καὶ
329 1317 360 1344 τὸ
378 1318 504 1354 γεννητὸν
526 1319 615 1354 φύσις.
639 1321 670 1347 Et
693 1321 723 1348 τὸ
739 1322 866 1357 γεννητὸν

82 1361 173 1395 φύσις,
190 1362 278 1389 πάντα
294 1363 328 1390 τὰ
349 1364 465 1399 γεννητὰ
490 1365 541 1399 τῆς
563 1366 647 1401 αὐτῆς
673 1368 727 1393 εἰσι
747 1367 863 1401 φύσεως.

81 1405 112 1432 Et
125 1405 153 1433 δὲ
172 1407 202 1434 ού
225 1407 313 1436 πάντα
331 1408 366 1435 τὰ
381 1409 496 1444 γεννητὰ
514 1411 563 1442 τῆς
581 1412 665 1447 αὐτῆς
678 1413 731 1438 εἰσι
747 1413 864 1447 φύσεως,

80 1451 112 1478 τὸ
126 1453 251 1488 γεννητὸν
266 1454 315 1481 οὐκ
335 1455 392 1481 ἔστι
404 1455 500 1490 φύσις·
519 1457 542 1482 εἰ
564 1456 592 1483 δὲ
611 1457 642 1484 τὸ
660 1458 787 1493 γεννητὸν
809 1459 864 1495 (48)

79 1498 129 1525 οὐκ
161 1499 219 1526 ἔστι
243 1501 336 1535 φύσις,
361 1502 420 1529 οὐδὲ
452 1503 482 1530 τὸ
515 1504 660 1539 ἀγέννητόν
687 1506 745 1532 ἐστι
772 1505 861 1540 φύσις.

81 1545 142 1572 Ὀτι
154 1545 182 1572 δὲ
189 1547 330 1581 όμοούσιός
344 1548 402 1575 ἐστι
412 1549 451 1584 τῷ
466 1536 562 1577 ἑαυτοῦ
573 1536 661 1586 Πατρὶ
670 1553 684 1578 6
698 1536 862 1588 Μονογενὴς,
878 1536 898 1564 C

79 1591 213 1628 ἀκούομεν
234 1593 316 1620 αὐτοῦ
340 1594 462 1628 λέγοντος
475 1605 481 1611 ·
499 1605 509 1622 ι
526 1596 618 1624 Πάντα
638 1597 687 1624 ὃσα
711 1597 743 1624 ἂν
765 1599 827 1633 ποιῇ
851 1599 865 1625 6

78 1638 184 1675 Πατὴρ,
205 1639 291 1667 ταῦτα
313 1641 359 1667 καὶ
373 1642 387 1668 6
405 1641 468 1673 Υἱὸς
486 1642 586 1678 ὁμοίως
608 1644 689 1671 ποιεῖ.
707 1653 716 1669 ι
733 1640 783 1670 Ὧν
804 1644 831 1671 δὲ
848 1645 864 1680 ἡ

78 1685 148 1721 αὑτὴ
172 1685 307 1722 ἐνέργεια,
322 1689 339 1722 ἡ
359 1688 427 1723 αὑτὴ
445 1688 534 1716 οὐσία.
556 1689 654 1724 Ἀνόμ.
673 1690 704 1716 Εἰ
720 1690 865 1726 ἀγέννητός

78 1733 153 1759 ἐστιν
164 1733 178 1759 6
188 1733 254 1766 Θεὸς
268 1734 317 1769 τὴν
327 1735 429 1767 οὐσίαν,
445 1736 494 1762 οὐκ
506 1736 599 1769 οὐσίας
614 1737 751 1764 διαστάσει
765 1737 795 1764 τὸ
807 1746 866 1772 γεν-

78 1778 158 1813 νηθὲν
166 1779 306 1816 ἐγεννήθη,
320 1781 376 1807 ἀλλ’
389 1781 512 1815 ἐξουσίας
522 1783 576 1819 (49)
586 1783 778 1820 ὑποστησάσης
788 1785 864 1813 αὑτό.

79 1825 135 1861 Τὴν
152 1826 206 1862 γὰρ
222 1827 307 1863 αὐτὴν
322 1828 415 1855 οὐσίαν
430 1829 476 1856 καὶ
490 1830 621 1865 γεννητὴν
632 1827 701 1857 εἶναι
720 1832 766 1858 καὶ
786 1832 865 1867 ἀγέν-

78 1882 156 1908 νητον
168 1873 253 1906 οὐδεὶς
267 1874 345 1909 λόγος
362 1876 476 1912 εὐσεϐὴς
493 1877 644 1912 ἐπιτρέπει.
663 1879 740 1913 Ὀρθ.
756 1879 811 1906 Οὐκ
821 1881 865 1906 οὐ-

79 1919 139 1951 σίας
152 1920 290 1947 διαστάσει
311 1921 340 1946 τὸ
356 1921 486 1957 γεννηθὲν
502 1923 632 1958 ἐγεννήθη
642 1932 648 1938 ·
664 1923 744 1950 τοῦτο
757 1925 812 1960 γὰρ
831 1925 864 1953 ἂν

77 1964 112 2001 ἦν
127 1966 253 2002 σώματος
266 1968 352 1994 εἰπεῖν
371 1967 420 2004 τὴν
435 1969 527 1995 οὐσίαν
537 1977 543 1984 ·
568 1969 626 1996 ἀλλ⁸
643 1970 674 1996 ὲκ
689 1971 740 2006 τῆς
754 1971 864 2007 ἀσωμά-

77 2021 125 2039 του
141 2013 233 2045 οὐσίας
249 2013 407 2049 θεοπρεπῶς
425 2015 566 2051 ὲγεννήθη,
587 2015 626 2047 ὡς
637 2016 806 2052 ἀπαύγασμα
823 2017 865 2044 66-

79 2059 138 2094 ξης.
154 2060 185 2086 Et
199 2059 227 2086 δὲ
246 2061 292 2087 καὶ
303 2060 384 2092 αὐτὸς
397 2062 456 2088 κατ’
469 2061 602 2094 ἐξουσίαν,
619 2062 743 2099 καθάπερ
758 2065 782 2090 οἱ
792 2064 865 2096 δεξά-

79 2115 155 2142 μενοι
176 2106 271 2134 αὐτόν·
289 2107 442 2142 γέγραπται
461 2108 525 2143 γὰρ,
549 2109 589 2135 ὅτι
607 2118 616 2134 ‹
636 2109 754 2136 Ἔδωκεν
774 2110 865 2142 αὐτοῖς

77 2151 201 2185 ἐξουσίαν
211 2153 292 2180 τέκνα
302 2153 368 2180 Θεοῦ
383 2153 522 2188 γενέσθαι·
539 2163 549 2180 ι
563 2154 622 2186 πῶς
636 2155 717 2182 αὑτὸν
732 2156 864 2191 μονογενῆ

78 2199 125 2225 καὶ
137 2198 216 2233 φύσει
229 2198 296 2225 Θεὸν
311 2199 410 2233 λέγεις,
432 2199 536 2226 πολλῶν
549 2199 633 2227 ὄντων
647 2200 700 2227 τῶν
713 2201 772 2227 κατ’
786 2201 862 2233 ὲξου-

78 2245 138 2271 σίαν
153 2244 218 2271 υἱῶν
234 2245 281 2271 καὶ
298 2244 383 2277 θεῶν;
400 2245 455 2281 Τὴν
470 2246 498 2272 δὲ
517 2245 601 2281 αὐτὴν
617 2246 710 2273 οὐσίαν
729 2248 861 2282 γεννητὴν

76 2291 124 2318 καί
140 2290 284 2326 ἀγέννητον
299 2290 386 2322 οὐδεὶς
406 2290 479 2325 λέγει
490 2300 496 2306 ·
517 2291 649 2318 δέδεικται
666 2292 731 2327 γὰρ,
745 2293 785 2319 ὅτι
799 2293 860 2320 οὔτε

76 2336 107 2363 τὸ
121 2335 266 2372 ἀγέννητον
289 2336 376 2369 οὐσία,
390 2336 450 2364 οὗτε
463 2337 495 2364 τὺ
508 2337 646 2372 γεννητόν.
671 2339 764 2373 Ἀνόμ.
781 2339 812 2365 Et
830 2339 861 2366 τὸ

77 2382 223 2416 ἀγέννητον
237 2383 378 2418 ἐγεννήθη,
391 2383 418 2410 τί
430 2383 529 2410 κωλύει
539 2384 587 2410 καὶ
601 2384 631 2410 τὸ
643 2385 771 2420 γεννητὸν
784 2385 861 2420 ἀγέν-

76 2437 155 2463 νητον
177 2428 301 2462 γενέσθαι
316 2429 371 2464 (50)
385 2437 391 2461 ;
410 2429 517 2456 Μᾶλλον
530 2428 585 2464 γὰρ
601 2429 647 2456 τοῦ
665 2430 796 2456 ἀνοικείου
813 2430 859 2457 ἐπὶ

111 2519 133 2534 ⁶¹
153 2518 232 2545 Joan.
250 2527 305 2549 xw.
324 2518 350 2544 9.
389 2519 410 2534 ’ί
429 2517 508 2546 Joan.
527 2527 553 2550 ν,
574 2518 614 2546 t9.
654 2519 676 2534 "
694 2519 772 2547 Joan.
791 2528 816 2551 ι,
836 2520 878 2548 12.

114 2595 168 2629 (62)
185 2595 326 2631 Palatinus
341 2595 352 2631 i
369 2596 503 2631 γέννησις.

110 2631 166 2665 (45)
183 2630 323 2666 Palatinus
336 2630 353 2657 2
371 2634 398 2657 et
414 2632 481 2666 Aug.
500 2631 546 2657 καὶ
559 2630 606 2657 τοῦ
617 2632 717 2666 ταύτης
729 2632 803 2660 Υῐοῡ.

109 2666 165 2703 (66)
181 2665 321 2703 Palatinus
340 2666 358 2703 ᾖ
376 2669 403 2692 et
412 2665 480 2703 Aug.
494 2667 589 2693 ἑαυτὸν
601 2675 666 2701 φησι
679 2667 724 2703 τὸν
737 2668 854 2703 Πατέρα.

111 2701 166 2736 (45)
182 2701 356 2737 Palatinqu
383 2705 410 2737 et
435 2702 610 2736 Augustanus
632 2701 855 2737 ἀτελεύτητοντδ

75 2735 199 2772 γέννημα
216 2737 298 2763 ἐστιν.
317 2736 377 2772 Mox
396 2735 488 2763 iidem
503 2737 661 2770 κακοδοξίαν
673 2735 849 2772 ἀφανισθήσεο

76 2745 122 2769 γεν
161 2746 199 2772 μα
216 2745 298 2763 εστιν.
318 2745 377 2762 mox
396 2745 476 2763 Iluem
503 2745 661 2770 κακοοοξςιαν
673 2745 849 2772 αφανισυησεο

76 2745 214 2799 ταιἼὺὶά.
232 2779 328 2800 omnes
340 2770 413 2798 Felo.
428 2772 616 2807 manuscripti,
635 2773 772 2806 εἰσάγεται
785 2773 813 2799 δὲ
828 2773 857 2798 τὸ

90 2816 104 2827 ιι
123 2808 182 2827 m'i-vl

75 2809 254 2878 “’(Tgllg‘alat
280 2842 296 2869 2
316 2845 342 2869 et
355 2842 422 2876 Aug.
437 2842 484 2876 τῆς
500 2843 615 2874 πίστεως
628 2843 769 2878 ἀξώματι.
780 2845 856 2877 Ὧρθ.

923 231 982 259 Filii
1003 240 1085 260 causa
1100 242 1106 259 :
1120 234 1162 260 sin
1179 241 1242 261 vero
1265 241 1320 261 non
1337 234 1395 268 ipse
1410 233 1491 261 Pater
1505 239 1546 262 est
1568 235 1629 262 Filii
1656 242 1704 269 aut-

922 283 991 312 ctor,
1007 280 1053 307 sed
1069 281 1223 316 generatio;
1243 289 1339 316 nempe
1358 281 1441 308 fuerit
1457 282 1643 316 generationis
1660 281 1706 308 Fi-

921 326 984 358 lius,
1000 331 1025 354 el
1036 328 1176 362 generatio
1191 327 1270 354 Pater
1285 328 1381 363 ipsius.
1396 327 1489 362 Itaque
1509 328 1662 363 baptizatus
1677 329 1706 354 in

920 371 1038 403 Patrem,
1059 372 1143 400 fueris
1167 373 1321 408 baptizatus
1346 374 1374 401 in
1394 375 1605 409 generationem,
1630 379 1656 401 et
1676 375 1704 400 in

921 416 980 450 ejus
995 416 1103 444 Filium.
1117 417 1183 444 Nam
1203 418 1327 446 fortassis
1343 427 1377 445 ne
1392 419 1518 446 audivisti
1540 418 1648 454 quidem
1669 425 1704 444 an

921 463 954 489 sit
969 462 1088 496 Spiritus
1104 467 1225 490 sanctus.
1245 465 1337 490 Anam.
1356 464 1496 496 Quomodo
1508 465 1569 499 quis
1582 463 1705 490 admittat

920 516 979 534 eam
1006 512 1148 539 naturam,
1174 516 1233 542 quae
1253 509 1459 536 subsistentiam
1488 510 1607 544 accepit,
1636 509 1703 536 nihil

921 553 1073 580 substantia
1087 554 1196 581 ditl‘erre
1209 554 1242 581 ab
1257 562 1299 586 ea,
1313 563 1373 589 quae
1394 555 1601 582 subsistentiam
1618 555 1702 583 dede-

921 599 965 629 rit,
981 599 1003 625 si
1019 599 1152 633 ejusmodi
1168 599 1322 634 hypostasis
1344 608 1398 627 non
1419 600 1538 627 admittit
1552 601 1704 635 generatio-

920 645 1002 673 nem?
1018 645 1094 673 Orth.
1111 645 1250 680 Siquidem
1267 654 1297 673 ea
1311 651 1407 673 natura
1422 654 1482 681 qua:
1498 646 1701 673 subsistentiam

920 692 1033 726 accepit.
1058 692 1230 719 extrinsecus
1254 693 1426 723 accessisset,
1453 700 1507 718 non
1531 696 1604 719 esset
1628 693 1704 718 inva-

920 736 987 763 riata
1002 746 1008 763 :
1025 736 1067 763 sin
1083 744 1146 764 vero
1157 745 1189 763 ex
1200 745 1234 764 eo
1248 738 1338 771 genita
1353 740 1405 767 est.
1417 740 1446 763 ut
1456 736 1548 771 gloriae
1564 736 1702 771 splendor,

918 785 944 807 et
956 781 1138 815 liyposlasems
1152 783 1303 813 character,
1320 782 1452 809 iuvariata
1464 786 1516 809 est.
1535 782 1607 809 Dixit
1619 782 1701 813 enim,

922 838 930 853 l
947 828 998 861 Qui
1016 828 1084 855 vidit
1098 836 1149 859 me,
1170 829 1236 856 vidit
1258 833 1284 856 et
1302 829 1454 860 Patrem“,
1473 840 1481 855 ι
1510 837 1562 856 non
1583 829 1656 864 quod
1673 837 1702 856 su

919 873 1026 901 Patrem
1042 882 1103 902 esse
1119 875 1233 906 diceret,
1251 875 1297 902 sed
1318 875 1399 902 talem
1414 875 1502 910 qualis
1516 874 1596 902 Pater
1615 878 1666 902 est.

955 919 997 947 15.
1018 920 1113 947 Anam.
1135 920 1163 947 Si
1188 921 1215 947 in
1239 925 1398 956 perpetuum
1420 924 1559 955 permanet
1581 920 1702 955 Deus‘in

919 970 1016 992 natura
1039 974 1092 993 non
1110 967 1211 1002 genita,
1231 971 1257 994 et
1275 967 1348 1002 quod
1363 962 1485 1002 genitum
1501 972 1552 1000 est,
1573 973 1702 1003 perpetuo

918 1015 961 1038 est
982 1012 1114 1046 genitum,
1141 1019 1268 1046 perversa
1297 1013 1540 1041 consubstantialis
1560 1018 1586 1041 et
1604 1015 1702 1042 similis

918 1058 1042 1084 essentia:
1058 1058 1183 1085 doctrina
1205 1058 1296 1085 statim
1316 1059 1476 1086 abolebitur.
1498 1059 1634 1087 Statuitur
1653 1067 1702 1086 au-

919 1107 971 1129 tem
996 1103 1148 1130 substantia
1167 1111 1229 1131 esse
1251 1104 1463 1138 comparationis
1481 1105 1569 1132 omnis
1592 1113 1700 1140 expers,

918 1148 940 1175 si
957 1151 1071 1183 utraque
1084 1153 1181 1175 natura
1198 1149 1224 1175 in
1247 1156 1295 1175 sua
1312 1150 1430 1176 naturali
1448 1150 1610 1184 proprietate
1626 1150 1702 1183 inde;

918 1193 1037 1221 sinenter
1064 1199 1214 1228 permanet.
1243 1194 1319 1221 Orth.
1344 1194 1459 1228 Fateris,
1483 1196 1555 1230 quod
1580 1196 1700 1231 genitum

917 1242 970 1271 est,
991 1246 1055 1266 vere
1076 1247 1137 1266 esse
1152 1240 1273 1274 genitum
1287 1249 1294 1267 :
1307 1241 1359 1268 erit
1377 1248 1443 1275 ergo
1457 1241 1700 1274 consubstantialc,

918 1291 972 1310 non
989 1287 1078 1311 tamen
1091 1292 1146 1311 non
1162 1284 1293 1319 genitum.
1308 1285 1484 1314 Ostendimus
1501 1288 1573 1314 enim
1586 1295 1638 1315 non
1654 1295 1701 1322 ge-

917 1329 1003 1355 nitum
1020 1336 1073 1356 non
1089 1337 1150 1357 esse
1165 1330 1357 1358 substantiam.
1372 1331 1451 1365 Nam,
1469 1332 1491 1360 si
1507 1340 1561 1360 non
1579 1334 1700 1368 genitum

916 1377 990 1400 esset
1004 1374 1126 1408 quaedam
1146 1379 1254 1407 natura,
1276 1377 1396 1411 genitum
1416 1385 1524 1412 quoque
1539 1384 1635 1405 natura
1656 1386 1700 1406 es-

916 1424 967 1446 set.
992 1419 1068 1452 Quod
1091 1420 1113 1447 si
1134 1421 1256 1455 genitum
1281 1426 1354 1449 esset
1370 1427 1478 1454 natura,
1497 1424 1587 1450 omnia
1608 1426 1699 1459 genita

916 1470 1007 1492 essent
1031 1465 1153 1499 ejusdem
1175 1472 1289 1493 naturae.
1314 1466 1385 1502 Ergo
1408 1476 1469 1495 cum
1494 1469 1584 1496 omnia
1608 1470 1699 1504 genita

917 1518 969 1536 non
983 1510 1036 1536 sint
1049 1510 1170 1545 ejusdem
1187 1517 1299 1544 naturae,
1318 1513 1436 1548 genitum
1454 1522 1508 1541 non
1524 1519 1566 1542 est
1580 1521 1696 1549 natura;

916 1555 988 1589 quod
1005 1555 1028 1582 si
1042 1556 1161 1591 genitum
1177 1565 1231 1584 non
1249 1561 1291 1585 est
1304 1562 1412 1589 natura.
1429 1566 1483 1586 non
1497 1560 1618 1594 genitum
1633 1560 1696 1587 item

916 1608 970 1628 non
986 1604 1028 1628 est
1041 1605 1148 1630 natura.
1160 1601 1238 1638 43],
1254 1602 1427 1638 Unigenitum
1442 1609 1531 1631 autem
1547 1613 1608 1633 esse
1622 1604 1698 1633 Patri

915 1654 966 1673 suo
988 1647 1261 1681 consubstantialem,
1283 1650 1410 1677 audimus
1435 1651 1523 1685 ipsum
1545 1651 1588 1679 his
1606 1653 1697 1679 verbis

915 1693 1049 1720 dicentem
1064 1702 1070 1720 :
1086 1702 1096 1718 ι
1110 1693 1208 1722 Omnia
1225 1703 1393 1731 quacunque
1410 1696 1474 1723 facit
1489 1697 1580 1729 Pater,
1595 1698 1652 1726 haec
1670 1704 1698 1726 et

915 1738 1000 1767 Filius
1012 1740 1136 1767 similiter
1151 1740 1215 1768 facit
1226 1742 1259 1769 ⁶².
1276 1751 1285 1768 ι
1304 1741 1424 1775 Quorum
1438 1743 1510 1771 enim
1526 1743 1619 1771 eadem
1632 1753 1697 1780 ope-

917 1785 1000 1816 ratio,
1027 1784 1121 1812 eadem
1150 1794 1258 1821 quoque
1285 1791 1325 1815 est
1349 1788 1511 1817 substantia.
1539 1790 1635 1817 Anam.
1668 1789 1696 1817 Si

916 1829 987 1858 Deus
1005 1835 1047 1858 est
1064 1831 1218 1859 substantia
1239 1841 1293 1861 non
1309 1834 1426 1868 genitus,
1440 1834 1466 1862 id
1488 1836 1559 1870 quod
1576 1836 1696 1871 genitum

915 1881 966 1908 est,
983 1885 1037 1904 non
1051 1876 1133 1904 fuerit
1155 1879 1275 1913 genitum
1292 1880 1452 1908 substantia
1466 1882 1627 1915 remotione,
1647 1883 1696 1910 sed

916 1926 1049 1956 potestate
1060 1923 1085 1950 ei
1100 1924 1304 1951 subsistentiam
1320 1925 1465 1953 tribuente.
1481 1925 1609 1954 Eamdem
1625 1928 1696 1955 enim

915 1969 1096 1997 substantiam
1111 1970 1202 1998 dicere
1221 1975 1247 1998 et
1257 1971 1375 2007 genitam
1390 1980 1451 2000 esse
1466 1976 1493 2000 et
1506 1981 1560 2000 non
1579 1974 1695 2008 genitam

916 2016 989 2042 nulla
1010 2016 1053 2050 pia
1077 2018 1146 2044 ratio
1169 2018 1279 2052 patitur.
1299 2018 1374 2046 Orth.
1395 2019 1521 2047 Genitum
1544 2021 1620 2053 illud,
1641 2029 1696 2048 non

915 2066 957 2089 est
973 2063 1095 2097 genitum
1111 2064 1271 2091 substantiae
1284 2066 1453 2093 remotione:
1469 2066 1520 2093 hoc
1537 2067 1609 2094 enim
1624 2072 1697 2095 esset

915 2115 1075 2143 corpoream
1091 2110 1273 2138 substantiam
1295 2111 1395 2144 dicere,
1419 2112 1467 2139 sed
1486 2119 1518 2139 ex
1536 2112 1696 2147 incorporea

916 2155 1078 2188 substantia,
1104 2156 1140 2183 ita
1168 2161 1198 2183 ut
1222 2156 1268 2184 Dei
1292 2161 1397 2185 natura:
1419 2159 1555 2191 convenit,
1575 2160 1694 2193 genitum

881 2213 901 2239 ο
914 2204 965 2233 est,
980 2206 1009 2229 ut
1020 2203 1112 2237 gloriae
1127 2203 1264 2237 splendor.
1282 2204 1359 2236 Quod
1375 2205 1397 2232 si
1412 2204 1470 2240 ipse
1485 2213 1593 2240 quoque
1607 2209 1696 2233 estex

915 2251 1058 2280 potestate,
1076 2252 1145 2275 utet
1161 2249 1207 2283 qui
1227 2257 1288 2276 eum
1308 2255 1485 2285 receperunt;
1502 2251 1634 2285 scriptum
1654 2255 1696 2278 est

914 2292 1004 2320 enim:
1021 2303 1030 2318 ι
1045 2293 1123 2321 Dedit
1153 2295 1193 2322 eis
1217 2299 1378 2330 potestatem
1403 2296 1473 2324 filios
1494 2297 1540 2323 Dei
1565 2297 1666 2329 fieri",
1683 2306 1692 2323 ι

913 2341 1049 2372 quomodo
1072 2340 1160 2375 ipsum
1178 2341 1245 2369 dicis
1261 2342 1428 2376 unigenitum
1446 2348 1472 2370 et
1487 2347 1584 2370 natura
1599 2343 1693 2376 Deum,

913 2394 974 2412 cum
988 2394 1020 2413 ex
1038 2386 1084 2414 Dei
1098 2391 1229 2422 potestate
1240 2389 1317 2415 multi
1329 2389 1384 2416 sint
1398 2389 1434 2416 dii
1447 2394 1474 2416 et
1488 2390 1551 2417 lilii?
1566 2390 1693 2417 Eamdem

913 2440 976 2460 vero
996 2439 1118 2460 naturam
1139 2442 1200 2462 esse
1222 2436 1339 2470 genitam
1361 2441 1388 2463 et
1408 2443 1462 2463 nou
1480 2437 1597 2472 genitam
1616 2445 1694 2464 nemo

912 2599 944 2625 Et
953 2599 1027 2634 όμολ.
1041 2598 1125 2626 Paulo
1133 2605 1194 2634 post
1202 2598 1247 2627 οὖν
1257 2601 1333 2629 abest
1345 2602 1378 2628 ab
1387 2603 1514 2630 omnibus
1523 2602 1615 2630 Felck.
1625 2612 1690 2630 mss.

947 2636 1003 2672 (47)
1018 2634 1100 2672 φύσις
1116 2636 1192 2672 abest
1207 2643 1220 2662 a
1237 2636 1321 2672 Palat.
1339 2637 1355 2663 2
1374 2642 1400 2664 et
1415 2639 1484 2672 Aug.

945 2670 1000 2708 (48)
1015 2670 1132 2703 Φύσεως,
1151 2671 1211 2698 οὔτε
1222 2671 1253 2698 τὸ
1267 2673 1392 2706 γεννητόν
1407 2670 1470 2699 ἐστί
1485 2674 1574 2708 φύσις,
1589 2673 1649 2700 οὔτε
1663 2673 1692 2701 τὸ

908 2706 1064 2742 ἀγέννητον.

947 2741 1005 2775 (49)
1021 2742 1059 2768 ita
1077 2749 1172 2769 omnes
1181 2741 1269 2769 Felck.
1285 2750 1350 2770 mss.
1367 2742 1437 2770 Editi
1453 2752 1527 2776 vero,
1540 2744 1568 2776 ἐξ
1585 2743 1689 2775 οὐσίας.

911 2775 992 2803 Iidem
1010 2777 1198 2812 ὑποστησάσης
1214 2777 1287 2804 αὑτό.
1302 2778 1380 2806 male.

948 2812 1003 2846 (50)
1024 2813 1109 2839 Palat.
1126 2812 1179 2839 ﬁet
1198 2813 1266 2848 Aug.
1284 2813 1431 2847 γεγονέναι.
