1926 3067
38 124 118 151 H8!

537 109 596 150 ὀε
615 121 748 150 ssscn
771 122 959 150 TRINITATE
978 121 1147 151 DlALOGUS
1165 122 1188 150 ιι

36 180 230 215 ἀπαύγασμα
252 179 366 214 γίνεται,
384 180 433 206 οὐκ
453 179 637 216 ἀμετάσλητον
658 179 688 207 τὸ
709 179 776 215 φῶς,
793 180 830 214 τῆ‹

893 181 966 208 tione
981 181 1010 208 iit
1024 181 1162 216 splendor,
1183 181 1228 208 lux
1250 187 1304 207 non
1319 181 1369 208 erit
1390 179 1547 208 mutationis
1561 187 1669 215 expers,

40 225 213 261 μεταϐολῆς
224 225 412 261 ἐργασαμένης
422 225 470 260 τὴν
483 225 529 255 τοῦ
549 225 763 261 ἀπαυγάσματος
779 225 841 251 ίδιο-

38 271 185 306 ἰτοί-ιῖειίν⁸
201 271 224 296 εἰ
239 270 268 297 δὲ
279 271 309 296 οὺ
324 269 489 305 μεταϐληθὲν
500 271 530 297 τὸ
545 269 602 305 φῶς
616 270 784 305 ἀπαύγασμα
799 270 841 304 γέ-

36 325 144 352 γονεν,
159 316 228 344 ἀλλὰ
241 316 288 343 καὶ
300 317 331 343 τὺ
343 316 400 351 φῶς
419 316 491 352 μένει
507 314 574 351 φῶς,
593 317 639 344 καὶ
655 317 839 351 ὰπαυγάσμα-

37 363 95 394 τός
113 364 194 389 ἐστιν
210 362 309 389 αἴτιον
327 363 372 389 κα).
392 363 406 389 ὁ
422 363 487 395 Θεὸς
505 363 577 398 μένει
591 363 666 395 Θεὸς,
685 363 732 390 κα).
752 363 841 389 ἀπαυ-

38 408 197 444 γάσματός
208 410 280 435 ἐστιν
288 408 351 435 ἰδίου
364 409 467 446 Πατὴρ,
478 410 527 436 οὑκ
538 409 636 442 ἔξωθεν
646 408 710 436 αὐτὸ
725 408 839 444 προσλα-

39 453 118 486 ϐὼν,
134 454 197 480 ἀλλ’
211 454 243 480 ὲκ
257 453 307 489 τῆς
320 454 412 485 οὐσίας
427 454 493 480 αὐτὸ
508 454 564 488 (62)
577 455 722 489 γεννήσας·
737 453 777 480 διὸ
792 453 838 479 καὶ

40 500 164 534 ἀληθῶς
180 500 237 526 ἐστι
252 500 355 535 Πατήρ.
375 500 466 534 Ἀνόμ.
483 501 513 527 Ei
525 501 553 527 δὲ
570 499 611 535 εἴη
626 500 672 527 κα).
684 499 838 535 ἀμετάϐλη-

40 553 93 577 τος
110 546 162 572 καὶ
171 545 301 579 γενέσεως
313 545 441 581 κρείττων
456 547 472 581 ὴ
485 546 563 573 οὐσία
576 545 623 572 τοῦ
632 546 709 577 Θεοῦ,
720 546 755 572 τὰ
767 546 837 573 κατὰ

39 591 91 618 τὸν
101 591 170 618 Υἰὺν
185 591 236 622 ἕως
247 591 326 626 ψιλῆς
334 591 516 627 προσηγορίας
528 591 758 626 ὸμολογηθήσεται
769 591 834 626 (65).

48 637 135 670 Ὀρθ.
152 637 184 663 El
199 636 281 672 ᾔδεις,
304 637 373 672 ὄτιή
389 637 492 671 γένεσις
511 637 561 664 οὐκ
580 637 653 663 ἐστιν
672 636 760 669 οὐσία,
780 637 837 671 ἐγί-

42 692 169 715 νωσκες,
180 683 220 709 ὅτι
232 684 277 710 καὶ
287 684 300 710 ὁ
311 683 373 714 Υίὺς
386 683 432 709 κα).
447 684 521 710 πᾶσα
535 683 600 718 ἄλλη
615 682 692 709 οὐσία
706 681 836 716 γενέσεώς

43 731 109 756 ἐστι
125 729 259 765 κρείττων
277 728 343 763 (64).
357 728 388 754 Εἰ
408 728 462 763 γὰρ
485 729 501 763 ἡ
522 727 627 762 γένεσις
643 727 730 758 οὐσία,
748 727 835 754 πάντα

41 775 81 801 τὰ
94 774 216 808 γεννητὰ
228 773 365 809 ὁμοούσια.
381 774 436 800 Οὐκ
448 773 500 809 ἄρα
514 774 531 808 ὴ
543 773 647 807 γένεσις
658 773 744 799 οὐσία.
763 773 794 799 Εί
806 773 834 800 δὲ

40 820 98 846 οὐκ
110 819 187 847 ἐστιν
198 821 213 856 ἡ
228 820 332 854 γένεσις
342 820 429 850 οὐσία,
440 820 499 846 οὐδὲ
510 820 640 855 κρείττων
647 820 719 846 ἐστὶν
730 819 831 851 οὐσίας.

892 226 956 261 quia
978 227 1064 261 ipsius
1089 227 1204 254 mutatio
1220 226 1391 261 splendorem
1416 226 1586 254 eilieiet2sin
1605 234 1671 254 vero

891 272 966 299 nulla
984 272 1054 300 lucis
1071 273 1223 300 mutatione
1239 272 1267 299 fit
1283 272 1422 307 splendor,
1444 271 1492 300 sed
1509 272 1555 299 lux
1580 277 1671 300 manet

891 317 947 348 lux,
963 323 989 346 et
1005 322 1047 346 est
1069 319 1221 354 splendoris
1243 326 1325 346 causa
1341 326 1349 352 ;
1363 317 1434 345 Deus
1455 326 1562 353 quoque
1579 323 1670 346 manet

893 361 974 394 Deus,
994 367 1021 390 et
1043 369 1085 390 est
1102 364 1143 390 sui
1163 363 1315 398 splendoris
1331 363 1422 395 Pater,
1445 371 1500 391 non
1515 362 1587 398 quod
1607 371 1668 390 eum

890 409 1063 436 extrinsecus
1087 409 1231 445 acceperit,
1257 409 1303 436 sed
1320 410 1445 443 quoniam
1469 416 1502 435 ex
1528 416 1576 436 sua
1602 409 1669 436 sub-

890 453 991 480 stantia
1016 461 1078 480 eum
1100 454 1215 489 genuit:
1232 454 1406 488 quamobrem
1431 454 1514 481 etiam
1545 460 1608 480 vere
1627 457 1668 481 est

888 497 978 525 Pater.
1003 500 1097 527 Anam.
1119 499 1146 526 Si
1171 500 1321 526 substantia
1337 499 1383 526 Dei
1401 502 1471 527 ess-et
1492 499 1668 526 immutabilis

888 549 915 571 et
939 546 1114 579 generatione
1138 546 1272 580 superior,
1301 545 1377 572 fateri
1402 550 1536 580 oporteret
1558 545 1668 572 nomine

889 593 969 618 tenus
988 598 1049 618 esse
1073 590 1182 617 Filium.
1206 591 1281 618 Orth.
1299 591 1326 618 Si
1349 598 1445 619 nosses
1466 592 1666 626 generationem

887 643 941 662 non
967 643 1029 663 esse
1051 636 1242 668 substantiam,
1263 644 1358 664 nosses
1381 640 1408 664 et
1423 637 1498 668 illud,
1519 636 1617 663 Filium
1639 640 1667 664 et

886 681 1012 715 quamvis
1025 681 1104 707 aliam
1125 682 1316 712 substantiam.
1332 689 1393 709 esse
1408 681 1537 716 quiddam
1552 689 1666 717 genera-

887 727 960 753 tione
978 727 1165 761 praestantius.
1178 727 1255 759 Nam,
1272 727 1294 754 si
1303 728 1442 762 generatio
1453 727 1665 759 estsubslantia,

886 772 977 807 genita
994 773 1086 800 omnia
1105 777 1169 799 sunt
1186 773 1438 800 consubstantialia.
1457 773 1600 800 Generatio
1615 773 1666 807 igio

885 821 932 844 tur
947 825 1015 844 non-
1029 822 1070 844 est
1094 818 1255 848 substantia,
1280 825 1311 844 ac
1335 818 1450 853 proinde
1464 825 1518 844 non
1541 822 1582 846 est
1597 825 1666 853 prte-

42 864 78 890 Εῑ
94 865 153 900 γὰρ
166 865 296 900 κρείττων
319 865 392 891 ἐστὶν
406 865 498 897 οὐσίας
509 866 526 901 ἠ
545 866 659 900 γένεσις,
676 865 751 892 ἔσται
764 865 830 892 κατὰ

886 863 1002 890 stantior
1028 863 1198 894 substantia,
1224 863 1325 898 alioqui
1346 864 1405 898 ipso
1427 863 1507 890 etiam
1529 862 1615 894 Filio,
1641 863 1666 891 si

42 913 97 947 τὴν
114 912 166 948 σὴν
188 912 282 946 σοφίαν
297 911 342 938 καὶ
360 911 406 938 τοῦ
425 911 489 938 Υίοῦ
512 911 651 947 κρείττων.
666 911 697 937 Ei
708 911 736 937 δὲ
755 911 830 938 τοῦτο

887 912 961 935 tuam
985 908 1146 943 sapientiam
1168 917 1323 944 sequamur,
1340 909 1511 943 przestantior
1536 913 1666 936 esset:at

43 958 162 989 ἄτοπον,
179 957 256 993 δῆλον
270 958 310 984 ὅτι
324 958 348 992 ,ἡ
368 957 444 984 οὐσία
466 957 597 992 κρείττων
617 957 674 983 ἐστὶ
689 956 830 990 γενέσεως.

42 1003 133 1030 οὐδὲν
152 1003 206 1039 ἄρα
231 1003 300 1030 μέγα
322 1003 368 1030 ἐπὶ
381 1003 428 1029 τοῦ
450 1003 555 1038 Πατρὸς
572 1002 626 1037 (65)
648 1002 788 1036 ἐνόμισας,
808 1003 833 1028 εί

41 1049 182 1083 κρείττων
193 1049 251 1074 ἐστὶ
265 1048 405 1082 γενέσεως.
422 1048 483 1080 Πῶς
496 1048 524 1074 δὲ
536 1047 592 1079 καὶ,
601 1048 640 1079 εἰς
655 1047 735 1082 ψιλὴν
749 1056 833 1082 προσ-

42 1094 165 1130 ηγορίαν
194 1094 360 1129 βαπτισθεὶς,
381 1094 501 1130 νομίζεις
523 1094 593 1129 ἔχειν
609 1093 729 1128 ἀσφαλὲς
746 1094 776 1120 τὸ
790 1093 834 1128 βά-

45 1147 174 1174 πτισμα;
189 1140 256 1174 Οὐχὶ
271 1139 298 1166 δὲ
322 1139 368 1166 καὶ
383 1139 448 1166 αὐτὸ
462 1140 490 1166 εν
511 1139 574 1175 ψιλῇ
595 1139 764 1175 προσηγορίᾳ
778 1138 832 1174 (66)

43 1185 199 1221 κέκτησαι;
215 1185 246 1211 Εἰ
259 1185 313 1218 γὰρ
333 1185 364 1212 τὸ
383 1185 445 1217 Υἱὸς
467 1185 531 1221 ψιλὴ
553 1185 721 1221 προσηγορία
742 1185 788 1212 καὶ
803 1184 833 1211 τὺ

45 1232 155 1268 Πατὴρ,
172 1232 212 1263 εἰς
233 1231 262 1258 τὸ
277 1232 361 1266 ὄνομα
383 1231 429 1257 τοῦ
445 1231 550 1266 Πατρὶς
574 1231 619 1257 καὶ
634 1231 681 1257 τοῦ
698 1230 763 1257 Υίοῦ
785 1230 833 1265 βα-

47 1277 182 1310 πτισθεὶς,
196 1278 236 1309 εις
251 1276 330 1312 ψιλὴν
344 1277 529 1312 προσηγορίαν
542 1276 716 1312 ὲὸαπτίσθης.

887 954 938 982 boc
951 954 972 982 si
986 954 1133 981 absurdum
1146 960 1205 988 est;
1219 955 1369 982 substantia
1386 955 1466 989 igitur
1479 959 1520 981 est
1535 958 1666 989 praestan-

886 999 941 1025 tior
966 1001 1151 1035 generatione,
1173 1008 1223 1027 nec
1242 1001 1331 1035 magni
1354 1001 1501 1036 quidquam
1526 1001 1559 1028 de
1585 1000 1666 1027 Patre

886 1045 982 1077 sentis,
1006 1052 1068 1071 cum
1093 1045 1162 1072 dicis
1179 1045 1239 1080 ejus
1264 1045 1444 1072 substantiam
1465 1052 1527 1072 esse
1549 1050 1664 1079 genera-

883 1090 956 1117 tione
970 1092 1195 1125 prazstantiorem.
1216 1090 1359 1123 Ca‘terum,
1377 1091 1400 1118 si
1413 1093 1440 1118 in
1455 1091 1665 1118 nudumnomen

883 1135 1036 1170 baptizatus
1052 1144 1092 1169 es,
1108 1143 1157 1164 cur
1170 1141 1245 1163 tuutu
1260 1137 1422 1171 baptismum
1437 1140 1466 1162 ιιι
1479 1137 1546 1164 satis
1558 1136 1663 1163 ﬁrmum

883 1181 988 1208 babes?
1010 1181 1105 1210 Nonne
1128 1183 1194 1210 illud
1215 1183 1288 1210 nudo
1313 1183 1423 1211 ttomine
1442 1187 1521 1210 tenus
1543 1182 1666 1209 obtinue.

884 1226 942 1253 ris?
955 1226 1022 1253 Nam
1033 1227 1056 1254 si
1075 1226 1159 1255 Filius
1177 1232 1203 1255 et
1216 1227 1296 1255 Pater
1313 1228 1384 1255 nuda
1403 1231 1466 1255 stmt
1483 1228 1605 1260 nomina,
1616 1226 1664 1254 ba-

883 1272 1001 1307 ptizatus
1014 1273 1042 1300 in
1056 1273 1147 1301 Patris
1160 1278 1186 1301 et
1203 1272 1264 1300 Filii
1284 1281 1393 1307 nomen,
1412 1274 1439 1301 in
1454 1276 1554 1300 nudam
1569 1272 1663 1308 appel-

883 1318 1012 1346 lationem
1030 1326 1059 1346 es
1075 1319 1238 1354 baptizatus.

48 1444 122 1475 Hac
137 1452 209 1483 qua
223 1443 369 1484 sequitur
386 1445 544 1484 appendix
560 1445 592 1476 in
609 1454 684 1476 mss.
703 1447 792 1477 codd.
811 1447 946 1478 illustris
966 1447 1112 1480 biblioth.
1129 1447 1226 1479 Palat.
1243 1447 1394 1479 continua
1417 1447 1574 1486 scriptura
1589 1455 1661 1479 cum

585 1486 835 1525 prtecedenlibus
853 1488 997 1519 cohaeret.
1021 1489 1136 1518 FELCK.

86 1544 127 1572 16.
146 1545 202 1580 (67)
226 1546 318 1579 Ὰνόμ.
338 1546 369 1573 Ei
381 1545 575 1580 σπρματικῶς
591 1546 620 1572 ὲν
635 1545 674 1580 τῷ
691 1546 829 1581 ἁγεννήτῳ

915 1547 958 1574 16.
979 1548 1075 1574 Anam.
1097 1547 1126 1574 Si
1140 1548 1270 1582 genitum,
1288 1546 1401 1575 seminis
1414 1553 1489 1573 more
1504 1546 1532 1572 in
1547 1553 1601 1573 non
1616 1553 1662 1580 ge.

53 1591 79 1618 ιὸ
88 1589 209 1626 γέννημα
227 1590 295 1625 μετὰ
311 1590 361 1626 τὴν
385 1590 490 1624 γένεσιν
504 1590 602 1623 ἔξωθεν
618 1591 829 1627 προσλαμϐάνει,

52 1636 86 1668 ,ὓς
103 1635 134 1663 ἃν
147 1636 216 1662 εἴποι
238 1645 290 1668 τις,
311 1636 434 1672 ἠνδρώθη
452 1637 498 1663 καὶ
517 1637 617 1668 τέλειός
637 1638 710 1664 ἐστιν
723 1639 737 1664 ὁ
753 1638 829 1669 Υἱός·

53 1682 100 1709 οὐκ
117 1681 146 1714 ἐξ
159 1678 194 1708 ὧν
210 1682 352 1716 ἐγεννήθη,
375 1682 431 1708 ἀλλ’
447 1682 477 1715 ἐξ
497 1679 534 1708 ὧν
548 1682 697 1718 προσέλαϐε
707 1691 713 1698 ·
732 1683 765 1710 τὰ
777 1683 830 1720 γὰρ

52 1727 218 1762 συγγενικῶς
243 1727 483 1763 προσλαμϐάνοντα
507 1728 545 1759 ὼς
573 1728 602 1761 ἐξ
635 1729 744 1755 ἐκείνων
773 1738 831 1756 συν-

52 1773 155 1799 εστῶτα
171 1772 202 1799 τὺ
216 1773 262 1800 τοῦ
279 1773 381 1800 τελείου
394 1773 478 1808 ὖνομα
498 1773 552 1808 (68)
574 1773 707 1810 διαφόρως
721 1775 829 1810 προσίε-

52 1819 114 1846 σθαι
128 1819 256 1853 πέφυκεν.
274 1819 348 1853 Ὀρθ.
368 1819 398 1845 Εἰ
416 1819 607 1854 σπερματικῶς
623 1820 652 1846 ὲν
666 1819 704 1855 τῷ
717 1821 785 1854 φωτὶ
800 1821 831 1847 τὸ

53 1865 226 1900 ἀπαύγασμα,
248 1865 308 1891 εἰπὲ
325 1865 371 1892 καὶ
387 1864 432 1891 τὸν
452 1865 515 1892 Υἱὺν
534 1865 563 1891 ἐν
582 1864 620 1900 τῷ
637 1865 740 1901 Πατρί”
757 1867 781 1892 εί
802 1866 830 1892 δὲ

54 1910 142 1946 μωρὺν
156 1911 185 1937 τὸ
195 1911 281 1936 ἐκεῖνο
294 1910 393 1944 λέγειν,
407 1903 497 1946 μωρὸν
509 1911 556 1936 καὶ
568 1911 597 1937 τὸ
607 1910 695 1945 λέγειν
711 1919 831 1946 σπερμα-

54 1955 133 1986 τικῶς
144 1957 171 1982 ὲν
181 1955 220 1990 τῷ
235 1956 322 1992 Πατρὶ
334 1955 379 1982 τὸν
390 1955 462 1982 Υἰόν.
479 1955 584 1987 Τέλειος
600 1956 628 1982 δέ
643 1958 715 1983 ἐστιν
729 1957 743 1982 ὁ
757 1957 828 1988 Υἱὸς,

53 2001 83 2027 οὐ
102 2002 222 2037 προκοπῇ
238 2000 338 2027 τελειού
343 2009 432 2035 μενος,
450 2000 507 2027 ἀλλ’
521 2001 553 2027 ὲκ
563 2000 665 2027 τελείου
676 2000 776 2032 τέλειος
788 2009 831 2035 γε·

58 2046 227 2080 γεννημένος·
245 2045 288 2072 διὰ
311 2045 366 2081 γὰρ
382 2045 459 2072 τοῦτο
476 2046 505 2072 οὐ
526 2046 604 2081 μόνον
620 2046 725 2082 εἴρηται
744 2045 830 2073 ἀπαύ-

52 2100 153 2126 γασμα,
165 2091 233 2118 ἀλλὰ
251 2092 297 2118 καὶ
313 2091 455 2127 χαρακτὴρ
469 2091 519 2126 τῆς
533 2092 716 2123 ὑποστάσεως,
730 2091 790 2127 οὐχ).
800 2092 829 2118 δὲ

53 2135 102 2170 τῆς
115 2136 259 2172 ἐνεργείας.
280 2137 308 2163 '0
328 2136 357 2162 δὲ
371 2137 511 2172 χαρακτὴρ
527 2137 577 2172 τῆς
593 2138 765 2170 ὑποστάσεως
779 2138 829 2165 οὐκ

53 2181 85 2207 ὲκ
92 2181 224 2216 προκοπῆς
238 2181 385 2208 τελειοῦται
393 2191 399 2197 ·
411 2182 467 2209 ἀλλ’
475 2183 503 2209 ὲν
517 2182 590 2218 αὺτῷ
600 2183 638 2218 τῷ
647 2181 714 2210 εἶναι
730 2183 785 2219 ἔχει
799 2183 829 2210 τὸ

881 1593 939 1620 nilo
958 1593 1103 1623 exsistens.
1119 1597 1180 1628 post
1199 1593 1400 1629 generationem
1425 1592 1596 1619 extrinsecus
1611 1592 1660 1618 ali-

879 1639 944 1674 quid
961 1639 1094 1672 assumit;
1109 1640 1151 1666 vir
1164 1639 1262 1670 iactus,
1279 1643 1307 1665 ut
1320 1640 1354 1665 ita
1371 1639 1470 1669 dicam.
1483 1642 1510 1665 ct
1525 1638 1661 1673 perfectus

880 1689 922 1712 cst
937 1684 1031 1717 Filius,
1049 1692 1102 1712 non
1120 1684 1190 1712 ttnde
1200 1685 1308 1720 genitus
1321 1687 1373 1716 est,
1388 1684 1433 1711 sed
1448 1692 1481 1711 ex
1496 1684 1529 1710 iis
1543 1691 1603 1718 qua:
1617 1692 1662 1710 as-

881 1730 997 1764 sumpsit
1013 1739 1018 1756 :
1032 1737 1091 1764 qua:
1106 1730 1176 1758 enim
1197 1738 1246 1765 pro
1261 1735 1365 1757 naturae
1381 1730 1484 1756 ratione
1504 1733 1658 1760 assumunt.

881 1778 973 1808 utpote
987 1782 1048 1809 quae
1066 1782 1099 1801 ex
1114 1775 1261 1809 assumptis
1279 1777 1414 1804 constent.
1433 1773 1542 1808 periei-ti
1562 1782 1660 1801 nomen

880 1820 990 1847 diverso
1014 1819 1095 1847 modo
1114 1820 1257 1847 admittere
1280 1821 1377 1848 solent.
1394 1820 1472 1847 Ortlt.
1494 1819 1522 1847 Si
1547 1819 1661 1847 seminis

880 1864 960 1892 modo
978 1865 1107 1899 splendor
1130 1869 1172 1891 est
1197 1865 1224 1891 in
1238 1864 1308 1895 luce.
1324 1864 1407 1891 dicito
1422 1863 1519 1891 Filium
1538 1864 1564 1890 in
1581 1863 1661 1891 Patre

879 1918 957 1943 esse;
975 1911 1018 1937 sin
1036 1917 1101 1937 vero
1122 1910 1235 1937 stultum
1249 1909 1329 1937 fuerit
1341 1909 1366 1936 id
1388 1909 1530 1940 amt-mare,
1547 1909 1661 1936 stultum

880 1963 987 1991 quoque
1002 1955 1084 1983 fuerit
1098 1956 1189 1983 dicere
1202 1955 1310 1987 Filium,
1326 1956 1439 1983 seminis
1457 1963 1531 1982 more
1554 1963 1614 1982 esse
1632 1955 1659 1982 in

879 2002 969 2030 Patre.
988 2001 1129 2030 Perfectus
1145 2006 1235 2030 autem
1252 2007 1294 2029 est
1309 2001 1405 2033 Filius,
1421 2009 1474 2029 non
1495 2001 1616 2036 proiectu
1633 2005 1660 2028 et

880 2048 1058 2079 incremento,
1086 2048 1134 2076 sed
1155 2057 1187 2075 ex
1216 2048 1339 2083 perfecto
1364 2048 1502 2083 perfectus
1528 2048 1657 2082 genitus:

880 2096 951 2122 unde
965 2099 992 2122 et
1008 2095 1109 2122 dicitur
1133 2101 1187 2121 non
1206 2098 1312 2121 tantum
1328 2094 1466 2129 splendor,
1484 2093 1530 2121 sed
1554 2096 1579 2119 et
1593 2092 1659 2119 cita-

880 2141 1171 2175 racterltypostasems,
1184 2148 1236 2166 non
1248 2140 1424 2174 operationis.
1436 2140 1583 2166 Character
1593 2144 1658 2164 vero

880 2187 1061 2222 bypostasetus
1077 2194 1130 2213 non
1151 2185 1290 2220 perﬁcitur
1311 2185 1427 2220 quodam
1447 2185 1568 2219 profectu
1587 2192 1596 2208 ε
1611 2185 1658 2210 aut

53 2227 160 2258 τέλειον,
174 2227 212 2258 ὡς
230 2226 371 2263 ἄνθρωπος
385 2227 526 2263 ἀνθρώπου
542 2229 684 2264 χαρακτὴρ
696 2229 746 2263 τῆς
765 2229 829 2256 ὑπο-

883 2233 1057 2263 incremento.
1075 2242 1085 2258 ι
1102 2231 1149 2260 scd
1172 2232 1198 2258 in
1225 2231 1284 2266 ipsa
1306 2231 1422 2258 essentia
1446 2231 1549 2258 obtinet
1568 2228 1658 2264 perfe-

55 2272 178 2304 στάσεως,
197 2272 245 2299 οὐκ
261 2273 293 2299 ἐκ
314 2274 464 2309 προκοπῆς,
483 2273 540 2300 ἀλλ’
555 2274 584 2307 ὲξ
597 2274 682 2309 αὐτῆς
697 2275 747 2309 τῆς
765 2283 829 2301 ταυ-

54 2317 167 2352 τότητος.
187 2318 282 2352 Ἀνόμ.
298 2318 328 2345 Εἰ
352 2319 452 2346 τέλειον
465 2320 587 2354 γέννημα
613 2320 642 2346 ὲν
665 2319 703 2355 τῷ
718 2321 831 2356 ἀγεννή-

53 2372 102 2398 τῳ,
116 2363 143 2397 ἐξ
159 2360 195 2391 ὧν
208 2362 241 2398 ἦν
269 2366 298 2392 ὲν
319 2366 456 2401 ἀγεννήτῳ
479 2365 601 2400 γέννημά
628 2366 695 2397 ἐστι,
712 2366 760 2392 κα).
781 2367 831 2393 οὐκ

56 2407 84 2441 ἐξ
102 2404 136 2434 ὧν
155 2409 168 2435 ὁ
182 2408 327 2443 ἁγὲννητος
350 2409 429 2441 αὐτὸς
459 2410 602 2444 ἐγέννησε·
623 2410 751 2445 γεννητὸν
773 2410 827 2446 γὰρ

56 2453 131 2487 φύσιν
155 2455 182 2480 ὲν
210 2455 348 2490 ἀγεννήτῳ
369 2453 438 2482 εἶναι
463 2455 513 2482 οὐκ
543 2455 692 2490 ὲνδέχεταν
716 2456 747 2482 τὸ
774 2456 827 2492 γὰρ

56 2499 118 2525 αὐτὸ
131 2497 194 2526 εἷναί
215 2500 246 2526 τέ
274 2501 331 2527 ὲστι
346 2501 392 2527 καὶ
415 2501 452 2536 μὴ
475 2499 558 2528 εἶναι’
575 2502 697 2536 γέννημα
712 2501 765 2537 γὰρ
786 2501 827 2534 ὃν,

57 2545 169 2581 γέννημα
176 2545 226 2572 οὐκ
237 2543 281 2580 ἦν,
296 2545 343 2572 τοῦ
351 2546 476 2582 ἀνομοίου
492 2547 590 2582 μέρους
606 2547 651 2573 ἐπὶ
662 2547 729 2573 Θεοῦ
746 2546 828 2582 βλασ-

93 2620 231 2659 (_6_2)_At'a=6_
245 2621 321 2659 abest
341 2629 356 2648 a
380 2621 467 2650 Palat.
483 2623 508 2655 i,
518 2622 535 2650 2
545 2627 572 2651 et
586 2624 655 2659 Aug.
669 2622 751 2651 iidem
764 2631 827 2651 mox

58 2656 125 2692 Ειξι
138 2655 176 2692 si};
192 2657 245 2692 καὶῗ
253 2657 385 2690 γενέσεως
401 2665 447 2692 κρ.

156 2690 212 2728 I_’ai_.
229 2691 250 2728 ᾖ
264 2695 291 2718 et
301 2692 378 2728 _Aug.
399 2690 709 2728 προσομολογηθήσεται.

91 2725 141 2763 (fit)
159 2725 244 2763 PaL}
254 2729 282 2763 et
293 2725 362 2763 Attg.
376 2725 587 2763 ὲστὶλκρείττωνξ
608 2725 638 2754 Et
654 2728 682 2754 δὲ
695 2728 744 2754 οὐκ
754 2727 826 2755 ἐστιν

60 2760 75 2793 ἡ
89 2760 184 2799 γὲῃσις
200 2760 288 2799 οὐσία,
309 2761 370 2799 οὐδὲ
385 2760 516 2799 κρείτ-ξων
530 2763 602 2789 ἐστὶν
615 2763 707 2796 οὐσίας
719 2764 736 2799 ἡ
748 2763 825 2797 γένε-

60 2794 196 2831 σιςηεσται
213 2795 283 2831 κατὰ
298 2796 347 2831 τὴν
360 2794 464 2830 σοφίαν.

94 2830 142 2863 (65)
158 2829 212 2857 Pal.
235 2830 253 2856 Ω
281 2834 307 2858 et
325 2829 496 2866 λυεζοὺδὲν
512 2831 565 2867 ἄρα
582 2832 689 2866 ιῦλογον
713 2833 758 2859 hri.
780 2833 826 2860 τοῦ

878 2278 1006 2309 ctionem,
1025 2278 1096 2305 baud
1117 2285 1197 2306 secus
1213 2285 1292 2312 quam
1317 2277 1409 2307 bomo,
1431 2276 1547 2303 hominis
1571 2275 1656 2311 hypo-

878 2328 989 2352 stascms
999 2323 1140 2351 character
1154 2327 1207 2355 est,
1224 2331 1278 2350 non
1293 2331 1324 2350 ex
1339 2322 1471 2357 profectu,
1488 2321 1534 2349 sed
1552 2329 1583 2348 ex
1599 2321 1657 2355 ipsa

879 2367 1029 2395 identitate.
1045 2369 1140 2394 Anam.
1158 2367 1186 2394 Si
1202 2368 1349 2402 perfectum
1365 2368 1484 2402 genitum
1500 2367 1526 2393 in
1543 2373 1596 2392 non
1611 2373 1659 2401 ge—

879 2413 946 2446 nito,
967 2420 1078 2440 necesse
1103 2415 1145 2440 est
1163 2420 1194 2439 cx
1219 2412 1253 2439 iis
1276 2413 1394 2447 genitum
1409 2419 1480 2443 esse,
1499 2418 1531 2438 ex
1557 2411 1658 2446 quibus

877 2457 1024 2485 exsistebat
1048 2457 1075 2484 in
1094 2465 1147 2483 non
1163 2458 1264 2492 genito,
1279 2461 1306 2483 et
1319 2464 1372 2483 non
1395 2464 1427 2483 ex
1449 2456 1493 2487 iis.
1510 2464 1542 2483 ex
1556 2455 1658 2490 quibus

877 2502 1012 2536 ingenitus
1026 2501 1117 2536 genuit
1130 2511 1136 2528 :
1149 2509 1236 2536 neque
1250 2502 1322 2528 enim
1336 2502 1464 2536 possibile
1476 2505 1518 2528 est
1531 2505 1656 2528 naturam

878 2549 996 2583 genitam
1012 2555 1073 2575 esse
1090 2547 1119 2574 in
1132 2555 1186 2574 nun
1201 2548 1302 2583 genito,
1318 2547 1369 2574 hoc
1382 2547 1455 2575 enim
1473 2546 1543 2574 foret
1559 2550 1657 2573 esseet

875 2624 1084 2697 ῗῖξῗὶῗςίίμειη,
1094 2659 1157 2696 ψιλῇ
1169 2660 1347 2697 προσηγορίᾳ,
1359 2659 1407 2686 καὶ
1418 2659 1449 2686 τὸ
1461 2658 1554 2695 Πατὴρ
1564 2660 1603 2691 εις
1613 2659 1654 2685 τό.

879 2694 980 2723 Ibidem
1001 2693 1167 2723 Palatinus]
1175 2717 1181 2725 .
1192 2693 1332 2725 κέκτηταιζ

912 2729 968 2765 (67)
990 2729 1051 2756 Haec
1061 2731 1193 2764 appendix
1205 2731 1376 2758 desideratur
1388 2729 1415 2765 in
1435 2729 1494 2756 cod.
1510 2727 1611 2765 Eelck.,
1626 2728 1653 2765 in

877 2763 944 2801 Reg.
959 2763 990 2792 et
1003 2765 1030 2792 in
1043 2763 1109 2793 edit.
1126 2765 1233 2801 Steph.,
1247 2770 1275 2792 at
1290 2769 1332 2792 est
1347 2765 1374 2792 in
1391 2764 1496 2792 duobus
1511 2764 1566 2791 Pal.
1583 2768 1610 2791 et
1627 2764 1654 2791 in

877 2799 970 2868 A"(gi-8)
991 2834 1075 2863 Palat.
1097 2844 1121 2868 ι,
1139 2835 1169 2862 τὸ
1183 2836 1284 2863 τέλειον
1298 2835 1392 2870 Deoia.
1436 2812 1439 2817 ‘
