1926 3067
267 137 338 165 “83

266 203 321 223 non
337 201 416 223 esse:
430 193 494 229 quia
516 195 587 229 quod
605 195 725 229 genitum
746 198 799 227 est,
814 195 842 222 id
858 195 978 230 genitum
995 203 1049 222 non

266 243 340 267 esset
353 249 359 266 :
372 247 433 266 cum
457 239 572 274 partium
593 240 788 267 dissimilitudo
808 240 842 268 de
857 240 913 268 Deo
932 241 1049 275 cogitata

267 284 440 319 blasphemia:
455 284 582 318 injuriam
598 285 747 312 contineat.
765 284 842 313 Ortlt.
859 285 888 312 Si
903 285 989 313 scires
1001 285 1050 312 do-

267 337 332 356 num
350 328 408 360 Dei,
424 332 450 355 et
467 329 529 363 quis
544 329 590 360 sit,
607 330 653 364 qui
667 330 793 364 prmeepit
810 330 941 364 baptizari
957 338 1052 358 omnes

268 377 362 409 gentes
379 373 405 400 in
422 374 531 401 nomine
548 373 648 404 Patris.
661 379 688 401 et
700 374 771 405 Filii,
783 380 809 401 et
824 374 943 410 Spiritus
953 376 1052 407 sancti,

268 428 321 446 non
340 420 434 455 utique
445 418 546 451 Patris,
563 426 590 446 et
603 420 665 446 Filii
681 428 778 447 nomen
793 420 963 454 repudiares,
981 421 1054 448 arbi-

268 471 341 492 tratu
362 469 410 492 tuo
426 465 494 493 falsa
519 467 649 501 religione
664 472 767 494 temere
790 467 901 494 inflatus
922 467 1054 495 adversus

270 520 343 545 eum,
372 512 418 547 qui
448 519 550 540 reelam
575 521 624 540 nos
647 513 740 540 docuit
761 522 770 538 ι
786 513 845 540 fidei
863 523 872 539 ι
904 514 1055 542 confessio-

271 566 333 585 nem
352 567 358 585 :
374 558 484 592 quando
506 565 571 585 vero
589 558 750 586 existimans
769 563 794 586 le
812 560 961 594 sapientein
983 569 1054 592 esse,

271 602 379 630 Patrem
400 611 455 630 non
485 603 553 630 sinis
575 611 636 630 esse
656 603 782 636 Patrem,
805 612 853 639 age
869 613 903 631 ne
926 605 972 632 tibi
992 613 1057 640 pru-

272 652 340 677 dens
348 658 407 677 esse
416 650 533 680 videare.
545 657 559 676 a
575 649 654 676 nobis
666 649 726 676 audi
738 659 744 676 :
755 649 891 684 perfectus
899 650 959 681 fuit,
970 655 1021 681 est,
1031 654 1058 678 et

273 696 325 723 erit
334 695 420 722 Filius
430 697 457 722 in
468 695 558 722 Patre.
574 694 641 722 Nam
655 705 664 721 ι
677 694 706 722 ln
716 696 850 730 principio
861 700 921 722 erat
929 695 1057 729 Verbum,

273 746 300 768 et
308 741 426 768 Verbum
435 745 493 767 erat
502 741 572 775 apud
580 739 675 772 Deum,
685 744 712 768 et
719 740 790 768 Deus
799 745 858 767 erat
865 739 984 768 Verbum
993 751 998 768 :
1008 741 1060 768 hoc

273 787 353 823 433
366 791 424 814 erat
451 787 479 814 in
501 787 636 827 principio
663 786 734 821 apud
766 786 850 814 Deum
862 788 896 819 "',
912 797 922 813 ι
952 787 1060 814 etiamsi

275 835 357 865 nolis.
374 833 444 861 Aeli.
462 832 495 860 Et
512 841 566 860 non
582 833 659 868 prius
680 836 749 864 erat.
765 838 792 860 et
807 837 872 860 tunc
882 833 991 869 genitus
1007 837 1059 866 est,

275 886 364 913 neque
375 879 457 905 etiam
476 885 537 905 cum
559 885 613 904 non
639 881 722 909 esset,
739 878 848 912 genitus
861 881 912 909 est,
928 878 975 905 sed
990 886 1060 905 coae-

276 931 383 952 ternum
395 929 437 951 est
453 924 502 951 hoc
514 925 650 959 genimen,
671 929 797 958 tanquam
815 924 918 952 scilicet
932 925 1060 959 splendor

276 975 384 1000 :eternm
398 971 465 998 lucis
480 981 486 998 :
503 971 592 998 dim-rt
609 977 698 998 autem
725 975 823 998 natura
846 971 936 1006 genita
959 975 986 998 et
1006 980 1061 999 non

277 1018 378 1053 genita,
393 1026 447 1044 non
463 1022 598 1052 quatenus
620 1021 718 1044 natura
741 1021 794 1048 est,
813 1015 859 1044 sed
875 1024 908 1043 eo
925 1017 984 1051 ipso
1001 1023 1062 1044 tan-

279 1069 336 1091 tum
346 1064 417 1099 quod
433 1063 523 1098 genita
540 1067 567 1090 et
586 1070 640 1089 non
661 1063 752 1097 genita
772 1065 823 1090 est.
842 1061 908 1088 Nam
925 1069 975 1089 nec
990 1061 1062 1088 Ada-

280 1119 341 1138 mus
358 1115 440 1137 natus
463 1113 507 1137 est
530 1117 563 1136 ex
579 1109 704 1141 muliere,
726 1117 777 1137 nos
789 1116 853 1136 vero
871 1108 926 1137 nati
948 1116 1062 1136 sumus:

837 138 868 165 S.
887 136 1117 165 A'BHANASIUS.
1135 151 1170 156 —
1190 135 1326 164 SPURIA.

1800 136 1855 164 HM

1065 209 1087 236 Α
1103 194 1227 229 σφημιας
1239 193 1318 228 ὓϐριν
1332 193 1484 228 ἐπέχοντος.
1503 193 1577 227 ’ορ8.
1589 192 1621 219 Et
1634 192 1705 228 ᾕδεις
1714 193 1761 228 τὴν
1774 193 1855 228 δωρεὰν

1101 240 1150 266 τοῦ
1168 239 1247 271 Θεοῦ,
1262 239 1308 266 καὶ
1327 239 1369 270 τις
1386 239 1460 265 ἐστιν
1476 239 1490 266 6
1507 238 1688 273 ἐντειλάμενος
1709 238 1856 273 βαπτίζεσθαι

1101 285 1191 312 πάντα
1204 285 1239 312 τὰ
1250 285 1314 321 ἔθνη
1329 286 1369 316 εις
1379 285 1410 311 τὸ
1423 285 1508 320 ονομα
1517 284 1563 311 τοῦ
1575 284 1680 320 Πατρδς
1694 284 1738 310 καὶ
1749 284 1790 310 τοῦ
1800 284 1856 316 Υἱοῦ,

1103 331 1150 358 καὶ
1169 331 1216 357 τοῦ
1231 331 1310 365 ἁγίου
1324 330 1392 357 Πνεύ
1397 338 1494 366 ματος·
1506 330 1555 357 οὐκ
1568 330 1716 365 ἐπεχείρεις
1729 331 1857 365 παρακρού-

1103 377 1180 404 εσθαι
1196 376 1226 402 τὸ
1242 375 1290 403 τοῦ
1312 377 1418 412 Πατρὸς
1436 376 1484 403 καὶ
1499 376 1546 402 τοῦ
1561 375 1625 402 Υἱοῦ
1646 375 1736 410 ὄνομα,
1751 376 1776 401 ὲν
1793 376 1859 402 ἔθελον

1103 423 1238 460 θρησκείᾳ
1251 424 1312 459 εικῆ
1332 423 1511 458 φυσιούμενος
1524 422 1595 449 κατά
1608 422 1655 448 τοῦ
1674 422 1813 454 διδάξαντος
1826 423 1859 457 τὴν

1104 470 1188 505 καλὴν
1202 469 1346 505 ὁμολογίαν
1355 476 1362 483 ·
1375 469 1466 504 ἐπειδὴ
1480 469 1518 501 δὲ,
1532 469 1652 504 οἰόμενος
1667 466 1733 494 εἶναι
1744 468 1820 502 σοφὸς,
1829 468 1860 494 τὸν

1105 515 1215 551 Πατέρα
1235 515 1265 542 οὑ
1283 515 1369 547 θέλεις
1383 513 1452 542 εἶναι
1468 515 1586 550 Πατέρα.
1605 514 1649 541 ἵνα
1669 514 1705 549 μὴ
1719 513 1790 550 δόξῃς
1807 513 1861 547 παρὰ

1106 562 1198 597 σαυτῷ
1211 559 1281 589 εἶναι
1293 562 1437 598 φρόνιμος·
1453 562 1517 597 παρ’
1534 561 1611 596 ἡμῶν
1625 561 1716 590 ἄκουε.
1737 560 1774 586 ὅτι
1786 559 1862 590 τέὶείος

1105 606 1150 643 ἦν,
1163 608 1210 634 καὶ
1233 607 1301 639 ἐστι,
1317 608 1365 633 καὶ
1391 606 1466 633 ἔσται
1487 607 1501 632 ό
1516 606 1578 637 Υἱὸς
1598 606 1628 631 ὲν
1646 604 1684 639 τῷ
1701 603 1788 638 Πατρί.
1805 613 1812 628 ι
1832 604 1862 628 Ἐν

1106 654 1177 689 ἀρχῇ
1198 663 1207 680 ι
1224 653 1277 689 γὰρ
1295 663 1304 679 ι
1322 651 1357 689 ἦν
1370 653 1384 679 ὁ
1398 653 1499 686 Λόγος,
1516 652 1563 678 καὶ
1583 653 1597 678 ὁ
1612 652 1696 685 Λόγος
1714 649 1745 686 ἦν
1761 650 1817 685 πρὸς
1831 650 1863 675 τὸν

1107 698 1184 729 Θεὸν,
1206 698 1252 724 κα)⁸
1265 697 1331 729 Θεὸς
1349 695 1383 733 ἦν
1397 698 1410 723 ό
1425 697 1523 731 Λόγος·
1540 694 1616 728 οὗτος
1636 694 1671 732 ἦν
1690 697 1718 722 ὲν
1738 696 1799 730 ἀρχῇ
1815 694 1864 729 πρὸς

1107 743 1153 770 τὸν
1169 743 1246 776 Θεὸν,
1268 752 1278 769 ι
1293 742 1344 770 κᾶν
1362 742 1399 779 μὴ
1411 742 1500 778 θέλῃς,
1525 743 1621 769 Ἀέτιε.
1637 742 1692 769 Καὶ
1710 741 1761 777 (69)
1776 741 1802 767 οὐ
1817 740 1864 775 πρὸ·

1109 796 1185 824 τερον
1199 786 1243 824 ἦν,
1259 788 1305 815 καὶ
1320 787 1380 814 τότε
1391 787 1536 823 ἐγεννήθη·
1551 787 1612 814 οὐδὲ
1625 787 1662 822 μὴ
1675 787 1711 814 ὢν
1725 786 1864 820 γεγέννηται·

1109 835 1177 861 ἀλλὰ.
1189 835 1323 861 συναῖδιόν
1340 835 1398 861 ἐστι
1418 834 1551 869 γέννημα,
1566 833 1604 865 ὼς
1621 833 1784 867 ἀπαύγασμα
1801 830 1866 865 φωτὸς

1075 890 1096 918 Β
1110 880 1206 907 ἀϊδίου.
1220 881 1239 906 Γ
1241 881 1338 916 εννητὴ
1352 880 1381 906 δὲ
1395 879 1474 914 φύσις
1494 880 1541 906 καὶ
1556 879 1703 914 ἁγέννητος
1716 878 1789 912 φύσις
1801 877 1866 903 allvit

1112 926 1146 960 τῇ
1165 925 1244 960 (θύσει
1267 925 1324 960 ἔχει
1342 925 1372 951 τὸ
1385 924 1523 959 διάφορον,
1543 923 1600 950 ἀλλ’
1616 924 1645 950 ἐν
1660 923 1698 958 τῷ
1722 921 1867 957 γεγεννῆσθαι

1114 971 1160 998 καὶ
1176 971 1213 1006 μὴ
1233 971 1420 1007 γεγεννῆσθαι.
1443 971 1506 997 Ἰδοὺ
1525 970 1578 1006 γὰρ
1597 970 1645 997 καὶ
1661 971 1675 996 ὁ
1694 969 1774 1004 Ἀδὰμ
1794 968 1819 995 οὐ
1835 975 1868 1001 γε·

1114 1017 1241 1053 γέννηται
1259 1018 1303 1044 διὰ
1327 1017 1468 1052 γυναικός·
1483 1017 1562 1052 ἡμεῖς
1586 1017 1615 1043 δὲ
1638 1013 1868 1051 γεγεννήμεθα-καὶ

1114 1065 1165 1091 οὐκ
1182 1066 1210 1091 ὲν
1225 1066 1257 1100 τῇ
1273 1064 1352 1099 φύσει
1369 1064 1465 1100 ἔχομεν
1483 1065 1513 1091 τὸ
1530 1065 1669 1100 διάφορον,
1688 1062 1743 1090 ἀλλ’
1758 1063 1784 1088 ἐν
1797 1060 1828 1095 τῷ
1837 1067 1869 1093 γε·

1117 1111 1262 1145 γεννῆσθαι
1277 1112 1324 1138 καὶ
1337 1111 1374 1147 μὴ
1390 1110 1569 1146 γεγεννῆσθαι
1579 1110 1625 1137 διὰ
1638 1109 1772 1144 γυναικός.

279 1165 330 1186 uec
342 1163 430 1184 tamen
444 1162 540 1184 natura
553 1157 697 1184 abAdamo
708 1157 870 1189 dilferimus,
886 1157 933 1184 sed
947 1165 980 1184 eo
990 1162 1094 1185 tantum
1109 1159 1181 1194 quod
1196 1167 1246 1187 nos
1263 1161 1319 1187 nati
1335 1161 1431 1192 simus,
1449 1160 1499 1190 ille,
1508 1164 1589 1187 natus
1606 1167 1662 1186 non
1677 1158 1714 1186 sit
1730 1165 1761 1186 ex
1775 1155 1870 1184 muliere.

317 1205 360 1233 ΓΙ.
382 1206 475 1232 Anam.
492 1205 558 1232 Cum
577 1209 682 1232 natura
701 1213 754 1232 nnn
768 1205 866 1240 genita:
891 1205 1066 1240 omnipotens

281 1254 326 1281 ille
333 1254 468 1281 exsistens
478 1253 560 1284 Deus,
569 1254 688 1288 seipsum
699 1261 753 1280 non
763 1254 836 1280 norit
849 1263 858 1278 ι
870 1261 946 1281 esse:
961 1258 1065 1280 natune

280 1299 389 1334 genita,
405 1298 489 1326 Filius
511 1306 576 1326 vero
588 1298 686 1333 genitae
711 1302 817 1326 naturae
829 1299 976 1330 exsistens.
994 1300 1066 1327 norit

282 1354 311 1372 se
320 1345 371 1372 hoc
383 1355 391 1369 ι
404 1353 464 1372 esse
476 1355 485 1370 ι
498 1345 570 1380 quod
578 1349 631 1376 est,
645 1345 781 1379 quomodo
796 1349 876 1372 erunt
889 1345 1068 1373 consubstan-

283 1390 373 1422 tiales,
389 1399 450 1418 cum
463 1392 508 1418 ille
524 1399 553 1419 se
577 1399 632 1418 non
647 1393 781 1427 genitum,
801 1392 852 1419 istc
866 1397 955 1420 autem
973 1400 1003 1420 se
1017 1400 1064 1427 ge-

284 1438 369 1464 nitum
383 1445 445 1464 esse
458 1437 549 1464 norit?
569 1437 644 1465 Orth.
659 1437 687 1464 Si
700 1445 752 1464 non
768 1438 888 1473 genitum
902 1441 929 1465 et
944 1438 1064 1472 genitum

284 1482 426 1510 existimas
439 1483 512 1517 ipsas
536 1490 598 1510 esse
622 1487 759 1510 naturas:
777 1484 849 1509 norit
864 1490 927 1510 vero
957 1482 1065 1510 Gabriel

285 1536 313 1556 se
328 1529 424 1563 genitae
437 1536 498 1556 esse
511 1534 628 1561 naturre,
642 1529 687 1564 qui
707 1529 735 1556 fit
750 1529 821 1564 quod
838 1536 891 1556 non
915 1530 996 1557 etiam
1013 1529 1066 1556 Ga-

285 1574 354 1602 briel
381 1575 417 1602 sit
445 1574 687 1603 consubstantialis
702 1574 790 1602 Filio?
816 1574 844 1602 Si
870 1583 935 1602 vero
963 1579 1068 1603 natura;

285 1620 382 1655 genita!
397 1628 460 1647 eum
483 1620 519 1648 sit
532 1619 641 1648 Gabriel
656 1628 710 1648 non
731 1621 807 1647 novit
834 1620 953 1655 seipsum
964 1641 971 1653 ,
984 1621 1069 1656 liquet

286 1667 358 1702 quod
375 1667 494 1701 genitum
509 1675 571 1694 esse
593 1674 647 1694 non
660 1667 696 1694 sit
716 1667 775 1702 ipsa
795 1667 910 1694 natura?
927 1666 955 1694 Si
979 1671 1069 1694 autem

287 1721 341 1740 non
354 1713 424 1740 idem
440 1717 482 1741 est
501 1716 600 1740 natura
619 1713 692 1748 quod
709 1714 829 1748 genitum
849 1721 921 1745 esse,
936 1721 987 1741 nec
999 1714 1070 1741 idem

287 1764 367 1787 erunt
384 1767 437 1786 non
456 1760 577 1794 genitum
592 1767 654 1787 esse
664 1763 691 1787 et
706 1764 813 1786 natura.
830 1758 883 1786 Sed
893 1767 958 1787 cave
971 1759 1071 1787 factum

288 1804 363 1831 dicas
379 1803 487 1835 Filium,
506 1812 596 1831 rerum
612 1804 733 1831 omnium
746 1803 870 1839 opiﬁcem
884 1813 890 1831 :
905 1809 933 1831 at
948 1804 1070 1839 genitum

290 1849 408 1884 appelles
422 1854 502 1884 prout
514 1850 645 1884 scriptum
656 1854 708 1877 est.
722 1850 849 1877 Genitum
870 1850 942 1877 enim
960 1857 1021 1877 esse
1032 1855 1074 1878 est

291 1894 391 1921 habere
410 1894 535 1928 Patrem;
551 1898 579 1922 at
604 1894 705 1922 factum
720 1903 790 1926 esse,
813 1899 856 1922 est
879 1894 979 1922 habere
994 1895 1074 1930 opili-

290 1948 361 1967 eem.
379 1940 469 1968 Nostri
486 1941 596 1975 quidem
614 1941 704 1975 opifex
729 1945 772 1968 est
788 1940 859 1968 Deus
875 1939 955 1967 Pater
968 1948 1015 1975 per
1031 1940 1075 1967 Fi-

293 1985 376 2016 lium;
388 1989 415 2011 at
430 1984 489 2012 Filii
503 1986 545 2012 sui
559 1986 716 2020 neutiquam
734 1985 836 2021 opifex.
853 1986 900 2013 sed
913 1985 1013 2013 Pater:
1032 1994 1077 2014 ne-

292 2037 346 2064 que
369 2030 442 2058 enim
463 2031 608 2065 quisquam
637 2031 679 2058 sui
702 2031 747 2057 lilii
761 2031 850 2066 opifex
869 2036 911 2059 est
929 2032 1076 2066 :quoniam

294 2084 347 2103 non
365 2076 482 2110 amplius
504 2081 578 2104 esset
601 2081 689 2111 pater,
710 2077 756 2104 sed
776 2077 865 2112 opifex
878 2085 885 2110 ;
900 2077 989 2112 opifex
1001 2084 1078 2104 nam-

293 2129 347 2155 que
365 2126 417 2154 est,
433 2122 478 2157 qui
494 2130 563 2157 opus
578 2127 655 2150 extra
677 2131 706 2150 se
729 2123 756 2149 in
783 2127 873 2150 ortum
903 2123 1031 2156 adducit;
1051 2128 1079 2150 at

296 2173 372 2203 pater
387 2168 410 2195 is
427 2172 478 2199 est.
497 2168 543 2202 qui
555 2175 588 2196 ex
601 2169 691 2202 seipse
707 2168 804 2203 gignit.
833 2169 900 2195 Dum
914 2175 1004 2196 autem
1018 2170 1078 2204 opi-

296 2215 372 2240 lieem
391 2212 472 2239 Deum
481 2213 559 2240 audis
574 2214 716 2248 appellari,
734 2221 904 2249 nequaquam
922 2214 969 2241 tibi
981 2213 1078 2248 imagi—

295 2259 370 2285 neris
386 2258 606 2293 delatigatlonem
620 2264 667 2286 aut
691 2260 793 2288 laboris
815 2260 968 2287 molestiam
985 2269 991 2286 :
1007 2260 1080 2287 sicut

295 2309 322 2329 et
346 2311 408 2331 cum
427 2303 532 2330 Patrem
562 2303 736 2340 audis_dici,
754 2313 787 2332 ne
809 2313 889 2340 quem
909 2314 918 2330 ι
939 2305 1051 2332 seminis
1069 2314 1078 2331 ι

295 2350 423 2377 είῐιυιυηι
442 2348 568 2384 requiras
585 2349 652 2376 :sed
681 2350 718 2376 ita
734 2349 768 2378 de
793 2351 837 2378 his
862 2351 962 2385 cogita,
980 2355 1010 2378 ut
1027 2350 1081 2378 Deo

297 2396 408 2430 dignum
424 2400 451 2422 et
466 2396 631 2423 conveniens
647 2400 698 2427 est.
715 2401 743 2422 ut
760 2395 829 2423 Deus
840 2396 1012 2428 etliciaris,et
1024 2405 1080 2424 non

297 2443 369 2470 sicut
391 2442 472 2468 homo
501 2441 626 2468 moriaris
640 2441 671 2468 “.
697 2442 790 2468 Anom.
807 2441 835 2469 Si
857 2450 909 2469 vox
932 2450 985 2469 non
999 2442 1082 2478 geniti

299 2495 353 2514 non
367 2486 487 2514 declarat
500 2486 547 2514 Dei
564 2486 756 2519 substantiam.
770 2488 816 2515 sed
832 2493 1015 2516 commentum
1031 2489 1081 2515 hu-

301 2539 410 2559 manum
425 2535 467 2558 est
480 2531 693 2566 incomparabile
703 2531 767 2559 illud
783 2540 891 2564 nomen,
902 2532 1017 2567 gratiam
1028 2532 1082 2559 uti-

300 2587 353 2612 que
367 2577 476 2606 debebit
495 2577 567 2605 Deus
583 2578 627 2610 iis,
646 2579 692 2613 qui
711 2586 764 2606 non
780 2579 901 2614 genitum
924 2578 990 2605 illud
1008 2586 1083 2605 com-

301 2624 384 2651 menti
397 2627 470 2654 sunt.
484 2623 541 2658 ipse
558 2623 676 2651 nominis
686 2624 875 2651 excellentiam
889 2624 916 2650 in
929 2620 1084 2651 substantia

304 2678 357 2697 non
377 2671 476 2698 ferens.
493 2670 570 2697 Orth.
589 2670 616 2697 Si
646 2679 701 2698 non
715 2671 835 2707 genitum
853 2679 913 2699 esse
927 2671 972 2698 Dei
998 2671 1084 2706 hypo—

338 2748 360 2762 "'
379 2746 459 2774 Joan.
478 2755 504 2780 ι,
523 2748 554 2781 l,
570 2748 597 2775 Ξ.
636 2749 658 2764 ⁶⁶
678 2747 749 2776 Psal.
767 2756 868 2780 Lxui,
888 2748 920 2780 6,
939 2749 965 2776 7.

340 2827 396 2858 (am
419 2825 464 2854 Sic
478 2834 572 2855 omnes
589 2835 653 2855 mss.
671 2826 699 2854 ln
712 2826 753 2855 ed.
772 2826 817 2853 καί
830 2826 913 2854 deest.

1151 1207 1194 1235 17.
1226 1208 1382 1242 Ἀνόμοιος.
1407 1209 1438 1234 Et
1460 1207 1608 1242 ἀγεννήτου
1624 1206 1730 1242 φύσεως
1744 1203 1872 1239 ὑπάρχωνό

1115 1252 1182 1284 Θεδς
1204 1254 1219 1279 ὁ
1243 1253 1448 1289 παντοκράτωρ,
1471 1253 1604 1289 γεννητῆς
1630 1253 1736 1288 φύσεως
1759 1251 1804 1278 οὐκ
1822 1247 1872 1276 οἶδεν

1117 1299 1220 1326 ἑαυτόν·
1234 1300 1249 1326 ὁ
1263 1299 1291 1325 δὲ
1307 1299 1380 1332 Υἱὸς,
1396 1299 1527 1335 γεννητῆς
1543 1299 1652 1334 φύσεως
1669 1297 1802 1333 ὑπάρχων,
1816 1294 1873 1321 τοῦτο

1117 1344 1245 1379 γινώσκει
1259 1345 1365 1378 ἑαυτὸν,
1377 1346 1444 1381 ὅπερ
1457 1346 1525 1372 ὲδτίο
1538 1345 1597 1377 πῶς
1610 1344 1643 1372 ἂν
1655 1344 1746 1380 εἴησαν
1755 1340 1873 1377 ὁμοούσιθι.

1117 1390 1164 1416 τοῦ
1181 1391 1229 1425 μὲν
1251 1389 1431 1425 γινώσκοντος
1451 1391 1546 1417 ἑαυτὸν
1560 1391 1719 1426 ἀγέννητον,
1736 1388 1781 1415 τοῦ
1794 1387 1818 1414 δὲ
1831 1394 1875 1420 γεν-

1118 1437 1212 1472 νητόν;
1233 1436 1305 1471 Ὀρθ.
1321 1437 1352 1463 El
1365 1436 1396 1463 τὺ
1409 1436 1555 1472 ἀγέννητον
1573 1437 1622 1463 καὶ
1641 1435 1765 1471 γεννητὸν
1782 1432 1875 1468 νομίζεις

1119 1480 1187 1508 εἶναι
1201 1481 1250 1512 τὰς
1267 1480 1371 1516 φύσεις,
1387 1478 1441 1507 οἶδε
1459 1480 1488 1506 δὲ
1501 1479 1598 1506 ἑαυτὸν
1613 1479 1660 1506 καὶ
1676 1476 1789 1513 Γαϐριὴλ
1802 1481 1875 1510 γεννη-

1117 1527 1168 1562 τῆς
1187 1527 1305 1562 φύσεως·
1322 1527 1380 1559 πῶς
1391 1527 1442 1553 οὐκ
1461 1526 1493 1553 ἂν
1509 1526 1551 1561 εἴη
1566 1526 1615 1552 καὶ
1633 1524 1750 1561 Γαὸριὴλ
1762 1521 1877 1558 bimum;

1083 1569 1104 1596 (ἶ
1120 1573 1159 1609 τῷ
1172 1573 1242 1609 Υἰῷ;
1266 1573 1297 1601 Et
1315 1573 1344 1600 δὲ
1363 1573 1496 1608 γεννητῆς
1515 1571 1624 1607 φύσεως
1643 1571 1680 1598 ὢν
1692 1573 1707 1598 ὁ
1720 1568 1828 1605 Γαϐριὴλ
1842 1566 1878 1593 οὐκ

1121 1618 1191 1647 οἶδεν
1204 1619 1309 1651 ἑαυτὸν,
1323 1619 1443 1655 εὔδηλον,
1456 1619 1497 1645 ὃτι
1507 1618 1557 1645 οὐκ
1566 1617 1625 1645 ἔστι
1635 1618 1666 1645 τὸ
1677 1615 1797 1652 γεννητὸν
1807 1613 1877 1648 etim-

1123 1667 1154 1694 Εἰ
1170 1667 1198 1693 δὲ
1211 1667 1261 1693 οὐκ
1276 1666 1333 1693 ἐστι
1344 1666 1375 1692 τὸ
1389 1665 1516 1700 γεννητὸν
1534 1664 1626 1699 φύσις.
1643 1664 1703 1691 οὐδὲ
1718 1663 1748 1690 τὸ
1759 1656 1880 1696 ἀγέννητάν

1123 1713 1181 1739 ἐστι
1197 1713 1286 1747 φύσις.
1307 1712 1422 1746 Γενητδν
1439 1711 1467 1738 δὲ
1486 1711 1523 1747 μὴ
1540 1711 1603 1745 λέγε
1621 1711 1667 1738 τὸν
1681 1710 1753 1741 Υἰὺν,
1770 1707 1811 1734 τὸν
1824 1711 1882 1739 γενε-

1125 1759 1252 1794 σιουργὸν
1265 1758 1320 1785 τῶν
1339 1758 1476 1785 ἁπάντων·
1497 1757 1565 1784 ἀλλὰ
1580 1757 1710 1792 γεννητὸν
1730 1751 1836 1784 εἰπὲ,ὠς
1849 1748 1882 1783 γέ-

1125 1813 1254 1840 γραπται.
1273 1803 1403 1839 Γεννητὸν
1416 1803 1464 1839 μὲν
1479 1803 1534 1838 γάρ
1546 1804 1603 1829 ἐστι
1614 1803 1645 1829 τὸ
1661 1801 1765 1836 Πατέρα
1778 1799 1838 1834 ἔχοντ
1847 1802 1881 1828 γε·

1125 1852 1205 1886 νητδν
1218 1851 1246 1877 δὲ
1259 1850 1291 1877 τὸ
1301 1849 1490 1885 γενεσιουργὺν
1504 1849 1575 1884 ἔχον.
1595 1849 1629 1875 Ἦ
1633 1849 1690 1884 μῶν
1704 1845 1747 1874 οὖν
1760 1848 1882 1880 γενεσιουρ

1127 1885 1174 1928 γδς
1189 1895 1202 1921 δ
1216 1894 1282 1925 θεδς
1297 1893 1341 1920 διὰ
1360 1893 1408 1920 τοῦ
1422 1893 1498 1920 Υἱοῦ·
1513 1893 1561 1919 τοῦ
1576 1893 1606 1920 δὲ
1622 1893 1686 1920 Υἱοῦ
1703 1891 1800 1926 Πατὴρ,
1812 1885 1884 1914 οὐκέτι

1127 1937 1156 1964 δὲ
1175 1937 1373 1972 γενεσιουργός·
1398 1937 1486 1969 οὐδεὶς
1507 1937 1560 1973 γὰρ
1576 1937 1625 1964 τοῦ
1643 1936 1739 1964 ἑαυτοῦ
1761 1933 1814 1961 υἱοῦ
1829 1938 1886 1966 γενε-

1129 1982 1254 2017 σιουργός
1270 1983 1354 2009 ἐστιν’
1369 1982 1429 2009 ἐπεὶ
1439 1983 1489 2009 οὐκ
1503 1982 1542 2008 ἔτι
1559 1983 1662 2018 πατὴρ.
1684 1981 1749 2009 ἀλλὰ
1761 1983 1887 2014 γενεσιουρ-

1129 2028 1186 2062 γός.
1209 2027 1399 2062 Γενεσιουργὺς
1420 2027 1441 2053 δ’
1463 2028 1535 2054 ἐστὶν
1552 2027 1565 2053 ὁ
1581 2027 1682 2060 ἔξωθέν
1704 2035 1730 2053 τι
1750 2027 1787 2056 εὶς
1801 2023 1886 2057 γένεσιν

1130 2073 1214 2107 ἄγων·
1233 2073 1322 2108 πατὴρ
1333 2073 1363 2099 δὲ
1377 2073 1391 2099 ό
1408 2072 1437 2106 ἐξ
1451 2072 1534 2099 αὐτοῦ
1548 2073 1661 2107 γεννῶν.
1683 2068 1855 2104 Γενεσιουργδν
1865 2065 1887 2091 δὲ

1131 2119 1237 2146 ἀκούων
1249 2119 1294 2146 τὸν
1308 2119 1384 2150 Θεὸν,
1402 2118 1439 2154 μὴ
1456 2119 1564 2145 ὑπονόει
1584 2119 1669 2145 κόπον
1682 2118 1728 2144 καὶ
1743 2116 1838 2152 μόχθων
1851 2110 1888 2137 καὶ

1133 2164 1241 2200 Πατέρα
1258 2163 1375 2197 ἀκούων,
1397 2163 1434 2199 μὴ
1457 2163 1532 2199 ζήτει
1555 2163 1657 2199 ρεὖσιν,
1675 2161 1741 2189 ἀλλὰ
1755 2154 1888 2194 θεοπρεπῶς

1134 2210 1199 2242 νόει,
1223 2210 1267 2236 ἵνα
1287 2209 1353 2241 Θεὸς
1369 2209 1446 2245 γένῃ,
1464 2209 1510 2236 καὶ
1529 2209 1565 2244 μὴ
1578 2209 1616 2240 ὡς
1628 2208 1767 2243 ἄνθρωπος
1778 2202 1887 2234 ἀτωθάνῃο

1096 2248 1117 2276 D
1138 2256 1230 2290 Ὰνόμ.
1250 2255 1281 2281 Et
1299 2255 1335 2290 μὴ
1353 2254 1383 2281 τὸ
1395 2254 1541 2289 ἀγέννητον
1555 2255 1604 2290 τὴν
1625 2253 1767 2280 ὑπόστασιν
1784 2248 1824 2276 τοῦ
1835 2248 1888 2273 Θεου

1131 2302 1305 2338 παρίστησιν,
1329 2301 1385 2327 ἀλλ’
1410 2301 1515 2328 ἐπινοιά
1536 2301 1609 2327 ἔστιν
1628 2298 1779 2335 ἀνθρωπίνη
1801 2293 1848 2330 (70)
1867 2290 1889 2338 τξ

1132 2334 1296 2382 ἀσῦγκριτον
1308 2346 1404 2380 ονομα,
1416 2346 1495 2381 χάριν
1509 2346 1563 2376 τοῖς
1582 2334 1739 2379 ἐπινοήσασι
1758 2338 1867 2374 γινώσῑιει

1132 2393 1208 2424 Θεὸς,
1225 2392 1268 2419 διὰ
1279 2392 1308 2418 τὸ
1321 2391 1475 2426 ἀγέννητον,
1484 2391 1534 2426 τὴν
1542 2390 1678 2425 ὑπεροχὴν
1684 2387 1730 2415 τοῦ
1744 2385 1860 2420 ὀνόματος
1867 2387 1890 2405 ου

1133 2439 1223 2475 φέρων
1237 2440 1265 2465 ὲν
1280 2438 1367 2474 οὐσίᾳ.
1386 2438 1457 2472 Ὀρθ.
1473 2438 1504 2464 Εἰ
1516 2437 1546 2463 τὸ
1555 2436 1700 2470 ἀγέννητον
1710 2433 1757 2468 τὴν
1767 2429 1892 2457 ὑπόστασιν

1132 2484 1179 2511 τοῦ
1197 2483 1263 2510 Θεοῦ
1287 2483 1445 2519 παρίστησι,
1466 2483 1513 2509 καὶ
1531 2481 1610 2508 ’τοῦτό
1629 2481 1686 2506 ἐστι
1705 2477 1735 2504 τὸ
1752 2475 1894 2520 ἀσύγξριτοξ

1135 2530 1181 2557 τοῦ
1202 2529 1270 2556 Θεοῦ
1291 2518 1385 2565 ὄνομα·
1407 2529 1466 2560 πῶς
1487 2529 1537 2555 οὐκ
1558 2526 1680 2557 ἐδίδαξαν
1703 2523 1773 2559 ἡμᾶς
1791 2518 1860 2546 τοῦτο
1869 2518 1894 2565 fi‘

1135 2577 1206 2603 θεῖαι
1227 2575 1333 2612 Γραφαί
1344 2583 1351 2608 ;
1375 2575 1443 2601 Ἀλλ’
1465 2573 1567 2609 ἐσφάλη
1587 2571 1690 2602 Παῦλος
1708 2569 1739 2596 τὸ
1758 2565 1844 2595 σκεῦος
1855 2568 1894 2594 της

1137 2623 1262 2657 ἐκλογῆς,
1280 2623 1310 2648 τὸ
1321 2621 1456 2658 ἄφθαρτον
1469 2622 1516 2648 καὶ
1527 2621 1640 2656 ἀόρατον
1655 2616 1728 2651 αὑτῷ
1743 2615 1810 2650 μόνῳ
1823 2615 1893 2658 τξροσς

1138 2654 1404 2702 εἴναι-ἐιδάξαςίκαι
1421 2667 1458 2702 μὴ
1479 2667 1510 2693 τὸ
1527 2654 1682 2701 ἀγέννητον.
1707 2657 1809 2692 Ἐπειδῆ
1828 2654 1852 2682 δξ
1869 2654 1896 2678 συ

1173 2822 1228 2858 (70)
1248 2821 1389 2849 Palatinus
1410 2821 1434 2853 l,
1452 2818 1613 2856 ἀνθρώποις.
