1926 3067
20 146 95 175 H85

519 149 562 177 DE
583 148 717 177 SANCTA
735 148 924 177 TRIN|TATE
941 148 1116 178 DIALOGUS
1130 149 1163 176 ll.

1579 149 1649 178 “86

19 202 180 238 σοφώτερος
195 203 282 235 θέλεις
294 202 362 231 εἶναι
374 205 428 231 τῶν
441 205 520 231 Θείων
530 204 656 240 Γραφῶν,
668 205 728 231 είπὲ
741 204 765 232 εί
777 205 806 240 μ⁴1

867 205 954 232 stasin
969 209 1155 240 repraesentat,
1165 210 1192 231 et
1206 204 1234 231 in
1248 211 1281 231 eo
1295 204 1422 231 consistit
1437 204 1651 240 incomparabile

18 249 50 275 τὸ
65 249 207 285 ἄφθαρτον
221 250 268 276 καὶ
281 251 312 276 τὸ
327 251 440 286 ἀόρατον
457 251 504 279 καὶ
518 250 549 277 τδ
562 250 675 285 ἀψευδὲς
687 250 735 286 τὴν
748 251 814 277 ὑπό·
831 267 833 269 ›

19 304 120 322 στασιν
142 295 187 322 τοῦ
206 295 273 323 Θεοῦ
293 297 466 333 παρίστησιν·
483 298 507 324 εί
522 298 576 333 γὰρ
591 297 620 324 οὐ
638 297 812 333 παρίστησιν,

16 341 128 376 ἐσφάλη
139 341 265 377 είρηκώς·
291 351 301 368 ι
329 342 481 378 Ἀφθάρτιε›,
494 343 612 378 ἀοράτῳ,
639 342 711 378 μόνῳ
739 342 814 378 σοφῷ

16 388 110 423 Θεῷ.»
127 390 158 416 El
172 390 227 426 γὰρ
240 391 290 417 οὐκ
299 390 371 417 ἔστιν
384 392 413 418 ὲν
429 391 519 422 αὐτοῖς
530 391 561 417 τὸ
576 389 749 425 ἀσύγκριτον,
764 389 814 415 οὐκ

16 433 80 460 ἐστι
99 434 180 469 μόνος
191 434 327 471 ἄφθαρτος
339 437 386 463 καὶ
399 436 523 471 ἀόρατος·
535 437 560 462 εί
580 435 608 462 δὲ
624 435 703 470 μόνος
713 435 768 470 ἔχει
783 434 814 461 τὸ

17 480 162 516 ἄφθαρτον
177 482 224 508 καὶ
239 482 270 508 τὸ
285 483 409 517 ἀόρατον,
427 484 456 510 ὲν
468 482 573 514 τούτοις
587 482 619 508 τδ
637 481 812 517 ἀσύγκριτον,

17 528 69 553 καὶ
84 527 136 553 οὐκ
150 527 179 554 ἐν
194 529 227 562 τῇ
244 529 276 563 σῇ
290 528 404 564 ἐπινοίᾳ.

867 250 934 276 illud
963 249 1009 277 Dei
1024 257 1134 282 nomen,
1151 249 1288 284 quomodo
1303 248 1330 275 id
1352 256 1404 276 nos
1419 256 1475 276 non
1498 249 1651 277 docuerunt

867 295 966 323 divina:
980 295 1107 324 Littera}?
1123 295 1192 328 Quin
1208 299 1235 322 et
1252 294 1352 322 Paulus
1362 294 1430 322 illud
1447 295 1588 323 electionis
1603 303 1652 323 vas

867 342 962 377 lapsus
990 348 1042 374 est,
1067 349 1129 369 cum
1146 341 1239 368 docuit
1261 345 1415 376 competere
1437 341 1497 376 ipso
1521 342 1571 369 soli
1589 350 1651 369 esse

868 389 1102 424 incorruptibilem
1115 393 1141 416 et
1158 389 1337 421 invisibilem,
1353 396 1407 415 non
1424 396 1489 416 vero
1502 396 1555 415 non
1574 389 1651 424 geni-

867 438 935 462 tum.
956 435 1008 462 Sed
1020 434 1129 469 quando
1145 438 1173 461 tu
1190 434 1232 462 vis
1245 434 1393 468 sapientior
1408 441 1469 461 esse
1487 433 1587 461 divinis
1600 433 1648 460 Lit-

867 480 943 514 teris,
954 481 1007 512 die,
1018 488 1121 515 qnazso,
1130 481 1206 512 mihi,
1218 489 1251 508 an
1260 489 1313 507 non
1326 481 1569 515 ineorruptibilem,
1580 480 1651 506 invi~

866 526 972 554 sibilent
990 531 1015 553 et
1043 527 1179 553 mendacii
1201 531 1338 561 expertem
1355 534 1416 554 esse
1434 526 1543 553 denotet
1563 527 1649 561 ipsam

17 573 68 600 Dei
80 573 241 608 hypostasin
257 575 296 601 :si
310 575 381 601 enim
396 582 451 602 non
463 574 604 606 denotant,
618 574 711 609 lapsus
721 578 763 602 est
778 581 840 600 cum
857 573 958 601 diceret
975 583 982 601 :
1004 581 1013 598 ε
1035 571 1091 599 Soli
1108 573 1318 608 incorruptibili,
1346 573 1475 600 invisibili
1491 577 1518 616 et
1534 573 1650 607 sapienti

17 619 78 647 Deo
93 620 138 647 "“.
162 619 241 648 tNisi
255 622 326 648 enim
344 621 420 649 hisce
438 622 686 657 comprehendatur
704 621 928 657 incomparabilis
941 621 985 648 illa
1001 621 1174 656 praestantia,
1188 628 1242 648 non
1257 621 1309 647 erit
1326 620 1401 648 solus
1419 620 1463 647 ille
1482 621 1649 656 incorrupti—

17 668 86 694 bilis
110 671 192 702 atque
203 667 347 696 invisibilis
366 677 372 695 :
388 668 432 696 sin
446 676 511 696 vero
528 669 579 697 soli
592 669 617 697 ei
632 670 764 704 competit
790 669 1038 704 incorruptibilitas
1052 674 1080 696 et
1102 669 1288 701 invisibilitas,
1305 669 1554 704 comprehendetur
1567 671 1648 697 etiam

18 716 49 741 in
63 715 107 742 his
119 714 165 742 illa
177 715 397 750 incomparabilis
412 717 581 751 praestantia,
592 720 619 744 et
629 724 683 744 non
695 716 722 743 in
737 721 784 743 tuo
794 720 962 744 commento.

58 760 104 787 £8.
133 759 226 794 Ἆνόμ.
256 760 288 786 Εἰ
311 759 409 793 ἔξωθεν
431 760 619 797 ὲπιθεωρείται
642 761 682 796 τῷ
702 760 761 796 Θεῷ
782 761 812 788 τὸ

17 806 181 841 ἀγέννητον,
201 805 227 838 οἱ
251 805 486 842 ὲπιθεωρήσαντες
508 806 556 832 τοῦ
582 806 812 843 ὲπιθεωρηθέντος

901 761 944 788 18.
960 762 1056 789 Anam.
1073 761 1102 788 Si
1131 761 1304 789 extrinsecus
1333 762 1361 788 in
1386 761 1441 789 Deo
1459 762 1650 790 consideratur

864 813 963 833 nomen
976 813 1029 833 non
1043 806 1138 841 geniti,
1156 806 1203 841 qui
1218 806 1372 841 cogitarunt
1388 807 1509 841 potiores
1525 804 1650 835 erunt'eo

18 852 91 878 εἰσιν
107 851 245 886 ἀμείνους,
260 853 383 887 κρεῖττον
395 852 480 887 ὄνομα.
494 854 544 887 τῆς
554 852 661 887 φύσεως
677 853 751 888 αύτῷ
765 861 806 880 πο-

864 853 909 879 cui
929 852 1089 879 attributum
1111 856 1163 884 est,
1180 855 1274 887 utpote
1288 853 1333 887 qui
1349 859 1450 879 n0mcn
1464 856 1561 880 natura
1577 861 1648 888 pre-

19 897 178 932 ρισάμενοι.
204 897 277 930 Ὁρθ.
297 897 342 933 Μὴ
358 897 425 932 ὑψοῦ
440 898 477 930 ὡς
490 898 614 934 εὑρηκὼς
630 899 661 925 τὺ
677 899 724 926 τοῦ
742 899 809 926 Θεοῦ

17 943 120 978 ὄνομα,
135 943 238 978 μήποτε
251 943 380 980 ἀκούσῃς’
398 953 407 969 ι
424 944 478 970 Καὶ
489 945 532 978 σὺ,
550 946 746 981 Καπερναοὺμ,
761 946 809 974 ἐὰν

18 990 75 1022 ἕως
91 989 139 1016 τοῦ
159 989 273 1025 οὐρανοῦ
290 989 415 1027 ὑψωθῇς,
433 991 490 1018 ἀλλ’
506 991 557 1023 ἕως
577 991 640 1027 ᾅδου
661 993 810 1020 καταϐιϐα-

20 1036 122 1072 σθήσῃ.
136 1046 146 1062 ι
162 1036 223 1062 ’Ότι
232 1036 259 1063 δὲ
272 1036 344 1072 ὑπὲρ
358 1037 459 1073 ταύτην
471 1037 675 1074 ὐψηλοφρονεϊς,
687 1039 809 1066 ἐντεῦθεν

19 1081 113 1116 δῆλον,
137 1081 170 1107 ὲκ
187 1081 234 1108 τοῦ
251 1082 300 1118 τήν
321 1082 370 1118 μὲν
392 1082 569 1110 θεόπνευστον
591 1084 700 1120 Γραφὴν
720 1084 810 1119 λέγειν

19 1127 161 1162 εἰρηκέναι
171 1127 215 1153 τὺν
223 1126 298 1154 Θεόν·
314 1137 323 1153 ι
335 1127 449 1163 Ὠφθην,
465 1138 474 1154 ι
489 1129 564 1164 φησι,
574 1138 584 1155 ι
594 1130 661 1165 πρὸς
673 1129 807 1166 Ἀϐραὰμ,

20 1173 69 1198 καὶ
89 1172 191 1205 Ἰσαὰκ,
208 1173 255 1200 καὶ⁵
275 1173 383 1205 Ἰακὼϐ,
401 1174 467 1206 Θεὸς
482 1174 519 1201 ὣν
533 1175 633 1207 αὐτῶν,
648 1176 695 1203 καὶ
709 1177 740 1202 τὸ
753 1177 810 1204 δνο-

21 1218 64 1252 μά
76 1226 128 1253 μου
142 1219 191 1245 οὐκ
205 1219 327 1254 ἐδήλωσα
339 1219 439 1252 αὐτοῖς’
455 1229 464 1246 ι
483 1221 514 1247 σὺ
524 1221 552 1247 δὲ
563 1221 650 1256 λέγεις
664 1222 809 1258 εὑρηκέναι

20 1265 101 1291 αὐτό.
116 1265 177 1291 Ὀτι
187 1265 216 1292 δὲ
228 1265 258 1292 τὸ
270 1266 417 1301 ἀγέννητον
430 1267 480 1293 οὐκ
491 1266 564 1294 ἐστιν
576 1267 661 1303 ὄνομα
672 1269 717 1296 τοῦ
730 1269 807 1300 Θεοῦ,

19 1311 102 1346 δῆλον
112 1311 184 1337 ἐστιν
200 1312 232 1338 ὲκ
246 1311 293 1337 τοῦ
308 1312 396 1346 λέγειν
409 1313 454 1339 τὸν
465 1313 566 1349 Κύριον
576 1322 583 1329 ⁶
600 1323 609 1339 ι
629 1315 810 1351 Πορευθέντες

21 1357 214 1393 μαθητεύσατε
227 1358 315 1385 πάντα
327 1358 361 1385 τὰ
373 1358 446 1394 ἔθνη,
465 1359 640 1395 βαπτίζοντες
656 1362 754 1393 αὐτοὺς
770 1363 810 1393 είς

19 1404 53 1429 τὸ
65 1403 150 1438 ὄνομα
165 1403 211 1430 τοῦ
225 1403 341 1439 Πατρὸς,
366 1404 412 1431 καὶ
431 1404 478 1431 τοῦ
494 1405 569 1438 Υἱοῦ,
595 1407 642 1432 καὶ
663 1406 710 1432 τοῦ
732 1407 808 1441 ἁγίου

21 1447 189 1483 Πνεύματος.
198 1458 206 1474 ι
218 1449 249 1474 Ὃ
259 1448 312 1484 γὰρ
322 1449 368 1475 ἐὰν
378 1449 457 1484 εἴπῃς
465 1449 548 1486 ὄνομα
558 1450 605 1477 τοῦ
614 1452 719 1488 Πατρὸς
729 1450 807 1486 εἶναι,

20 1493 103 1520 τοῦτο
113 1492 216 1520 καὶτοῦ
229 1493 304 1526 Υἱοῦ,
316 1493 418 1520 καὶτοῦ
430 1495 507 1528 ἁγίου
522 1495 592 1521 Πνεύ
595 1505 679 1531 ματος
695 1497 809 1531 ἀναγκα-

22 1540 112 1576 σθήσῃ
132 1539 232 1566 δοῦναι·
252 1540 275 1566 εί
293 1539 347 1575 γὰρ
361 1540 424 1566 ἄλλο
437 1540 484 1566 τοῦ
502 1541 617 1577 Πατρὸς,
630 1542 676 1568 καὶ
687 1541 750 1569 ἄλλο
761 1543 807 1570 τοῦ
822 1559 844 1589 c

20 1587 101 1619 Υἱοῦ,
110 1587 156 1614 καὶ
170 1587 233 1614 ἄλλο
246 1586 293 1614 τοῦ
306 1588 383 1622 ἁγίου
401 1586 567 1622 Πνεύματος·
582 1586 658 1624 εὗρες
672 1589 700 1615 δὲ
716 1588 747 1615 τὸ
760 1589 807 1615 τοῦ

21 1632 139 1668 Πατρδς,
160 1632 197 1664 ὡς
212 1633 348 1667 ἐνόμισας·
359 1632 419 1659 είπὲ
428 1632 474 1659 καὶ
482 1631 564 1659 τὸτοῦ
578 1632 653 1659 Υἱοῦ·
669 1632 719 1659 κᾶν
729 1633 808 1668 εἴπῃς

20 1677 68 1703 τοῦ
83 1677 159 1710 Υίοῦ,
171 1677 231 1703 sine
244 1677 291 1704 καὶ
305 1677 336 1703 τὸ
347 1677 394 1704 τοῦ
410 1678 488 1712 ἁγίου
506 1677 672 1713 Πνεύματος,
691 1678 735 1705 ἴνα
748 1678 808 1704 τότε

22 1724 153 1760 ἀκούσῃς,
169 1725 280 1759 φάσκων
292 1722 360 1751 εἶναι
374 1724 454 1759 σοφὸς
466 1723 635 1760 ἐμωράνοης.
653 1725 685 1751 '0
696 1725 748 1760 γὰρ
759 1725 809 1752 οὐκ

22 1768 100 1796 εἶπεν
118 1770 134 1805 ἡ
152 1770 246 1806 Γραφὴ
261 1770 310 1806 οὐχ
322 1770 457 1806 εὑρήσεις.
473 1770 505 1796 Εἰ
517 1769 545 1796 δὲ
559 1769 677 1805 νομίζεις
689 1770 736 1797 τοῦ
751 1771 807 1797 Πα-

21 1815 85 1852 τρὸς
101 1813 213 1842 εἶναιτὸ
226 1816 383 1851 ἀγέννητον,
403 1817 450 1843 καὶ
469 1815 516 1842 τοῦ
532 1816 597 1842 Υἱοῦ
617 1816 648 1843 τὸ
669 1817 806 1852 γεννητὸν,

23 1863 99 1889 ποῖον
112 1862 165 1897 ἄρα
179 1861 280 1888 τούτων
295 1856 335 1897 τῷ
354 1861 491 1897 Πνεύματι
506 1862 561 1898 (71)
580 1861 691 1895 δώσεις;
712 1863 805 1897 Ἁνόμ.

22 1909 53 1934 El
65 1908 112 1935 καὶ
124 1908 154 1934 τὺ
166 1908 287 1944 γέννημα
301 1907 433 1944 ἄτρεπτὸν
447 1909 505 1934 ἐστι
521 1908 570 1943 τὴν
585 1909 674 1943 φύσιν,
689 1909 755 1935 ἀλλὰ
764 1908 808 1936 διὰ

21 1954 68 1980 τὸν
86 1955 254 1989 γεννήσαντα
263 1963 270 1970 -
286 1954 318 1980 τὸ
330 1954 359 1980 δὲ
372 1954 518 1990 ἀγέννητον
539 1955 616 1981 οὐσία
630 1955 714 1986 ἐστὶν,
728 1949 808 1990 ἄτρε-

22 2009 88 2032 πτος
102 2000 132 2036 δὴ
144 2000 200 2035 (72)
213 2000 257 2027 διὰ
271 2001 320 2036 τὴν
331 2000 454 2036 γνώμην,
468 2001 524 2028 ἀλλ’
538 2001 568 2027 οὺ
586 2001 629 2027 διὰ
645 2001 675 2027 τὸ
688 2002 716 2026 ἐν
730 2001 808 2036 οὐσίᾳ

20 2047 138 2082 ἀξίωμα.
157 2047 229 2080 Ὀρθ.
241 2046 296 2072 Καὶ
310 2046 335 2072 εἰ
351 2047 388 2082 μή
399 2047 472 2073 ἐστιν
482 2046 574 2078 οὐσίας
586 2046 807 2082 ἀξιώματιᾶτρε-

21 2102 88 2125 πτος
103 2093 117 2119 ὁ
131 2092 178 2119 τοῦ
194 2092 260 2119 Θεοῦ
277 2092 351 2125 Υίός,
366 2092 419 2119 τίνι
432 2093 554 2128 διαφέρει
568 2092 621 2119 τῶν
632 2093 718 2120 ἄλλων
731 2093 806 2127 λογιο

21 2140 76 2166 κῶν
90 2139 240 2175 δυνάμεων,
255 2139 303 2166 καὶ
315 2139 406 2166 αὐτῶν
419 2139 536 2175 ἐχουσῶν
549 2139 579 2166 τὸ
590 2140 722 2175 ἄτρεπτον
733 2140 761 2166 ἐν
773 2141 805 2176 τῇ

21 2185 119 2221 γνώμῃ
136 2185 183 2212 τοῦ
200 2185 358 2217 κτίσαντος;
372 2185 430 2216 πῶς
446 2185 473 2212 δὲ
486 2185 532 2212 καὶ
548 2185 656 2217 ἀκούεις
671 2186 753 2212 αὑτοῦ
765 2185 807 2212 λέ-

862 899 980 925 stantius
990 898 1015 924 ei
1030 898 1216 925 attribuerint.
1232 897 1308 925 Ortli.
1320 897 1380 924 Noli
1393 898 1545 925 insolenter
1557 900 1649 927 exsul-

861 948 920 972 tare
935 944 1012 980 quasi
1030 944 1228 980 excogitaveris
1249 944 1297 971 Dei
1320 952 1431 976 nomen,
1456 953 1490 972 ne
1513 945 1582 973 forte
1599 953 1649 972 au-

862 988 941 1017 dias:
960 999 968 1015 t
990 989 1022 1016 Et
1043 993 1071 1016 tu
1086 989 1274 1025 Capernaum.
1290 998 1351 1025 quae
1376 998 1464 1026 usque
1488 991 1522 1018 ad
1548 991 1647 1018 emtum

862 1036 979 1063 exaltata
995 1043 1034 1066 es,
1052 1044 1138 1070 usque
1154 1035 1186 1062 ad
1204 1035 1477 1071 inferosdeprimcris
1493 1037 1526 1063 ⁸⁷.
1546 1047 1556 1063 ι
1569 1037 1647 1070 Quod

862 1085 951 1108 autem
965 1081 1046 1108 altius
1062 1089 1093 1109 ca
1105 1082 1197 1116 sapias
1210 1090 1219 1106 ι
1231 1082 1308 1113 urbe,
1326 1091 1335 1106 ι
1356 1082 1419 1108 inde
1436 1085 1557 1116 apparet,
1574 1082 1647 1117 quod

861 1127 991 1154 divinitus
1020 1127 1152 1162 inspirata
1183 1126 1324 1162 Scriptura
1353 1129 1513 1163 pronuntiet
1546 1127 1648 1156 dixisse

862 1172 946 1200 Deum
961 1181 968 1198 :
986 1182 996 1198 ι
1013 1173 1134 1208 Apparui
1165 1173 1313 1207 Abraham,
1341 1173 1416 1201 Isaac
1431 1178 1458 1201 et
1472 1172 1566 1206 Iacob,
1582 1182 1646 1202 cum

862 1219 933 1247 Deus
949 1220 1000 1247 sim
1013 1227 1120 1251 eorum,
1133 1223 1161 1247 et
1185 1227 1284 1247 nomen
1302 1227 1392 1246 tneum
1404 1227 1458 1246 non
1473 1220 1646 1248 manifestavi

862 1267 916 1294 illis
932 1266 965 1294 ⁸³.
985 1275 994 1292 ι
1008 1266 1049 1293 Tu
1063 1274 1127 1294 vero
1140 1266 1208 1293 illud
1222 1272 1247 1293 te
1262 1266 1398 1293 invenisse
1414 1266 1492 1293 dicis.
1505 1265 1582 1299 Quod
1599 1274 1648 1294 au-

863 1316 916 1339 tem
933 1319 988 1338 non
1001 1311 1122 1346 genitum
1139 1318 1200 1338 esse
1219 1318 1273 1338 non
1289 1310 1324 1337 sit
1349 1309 1394 1337 Dei
1414 1317 1524 1342 nomen,
1543 1310 1604 1337 inde
1616 1310 1648 1336 li-

861 1360 936 1391 quet,
950 1356 1022 1391 quod
1038 1355 1168 1383 Dominus
1179 1356 1252 1383 dicat
1266 1365 1272 1382 :
1286 1364 1295 1380 ‹
1312 1355 1424 1386 Euntes,
1441 1355 1536 1383 docete
1551 1363 1647 1383 omnes
1695 1360 1699 1362 ‘

861 1406 965 1437 gentes,
980 1401 1151 1436 baptizantes
1172 1409 1220 1429 eos
1242 1401 1268 1427 in
1283 1401 1393 1427 nomine
1407 1400 1489 1436 434,
1503 1400 1602 1433 Patris,
1619 1405 1648 1428 et

862 1447 933 1480 Filii,
947 1452 974 1475 et
986 1448 1104 1483 Spiritus
1118 1447 1206 1475 sancti
1218 1447 1252 1474 ".
1274 1457 1283 1473 ι
1301 1447 1378 1480 Quod
1396 1449 1467 1474 enim
1483 1455 1581 1475 nomen
1594 1447 1646 1474 Pa-

862 1494 913 1521 tris
927 1501 989 1521 esse
1004 1494 1116 1525 dixeris,
1131 1493 1182 1520 hoc
1198 1493 1286 1528 ipsum
1299 1492 1371 1524 Filii,
1384 1497 1411 1520 et
1427 1492 1545 1528 Spiritus
1558 1493 1645 1520 sancti

862 1546 922 1566 esse
932 1534 1066 1565 concedas
1080 1545 1191 1565 necesse
1207 1541 1247 1564 est
1264 1545 1271 1564 ς
1290 1538 1314 1564 si
1326 1538 1399 1565 enim
1416 1538 1489 1564 aliud
1505 1543 1547 1566 est
1564 1547 1573 1563 t
1595 1546 1647 1565 no-

859 1590 920 1610 men
935 1592 944 1608 ι
958 1581 1055 1614 Patris,
1067 1586 1094 1609 et
1111 1582 1185 1609 aliud
1201 1581 1272 1615 Filii,
1292 1586 1319 1609 et
1345 1582 1408 1609 item
1424 1583 1498 1609 aliud
1524 1582 1643 1617 Spiritus

859 1638 947 1665 sancti
963 1647 969 1664 :
986 1630 1015 1664 tu
1031 1646 1095 1665 vero
1124 1646 1222 1665 nomen
1246 1637 1353 1670 Patris,
1370 1643 1400 1665 ut
1421 1638 1529 1672 quidem
1553 1643 1644 1674 putas,

859 1684 998 1716 invenisti,
1014 1684 1057 1711 dic
1070 1684 1161 1716 etiam,
1176 1684 1313 1718 quodnam
1330 1685 1367 1712 sit
1381 1692 1480 1712 nomen
1494 1684 1554 1712 Filii
1568 1694 1574 1711 :
1597 1686 1644 1714 ubi

859 1738 923 1757 vero
937 1738 1035 1758 nomen
1050 1729 1109 1757 Filii
1122 1730 1236 1761 dixeris,
1253 1729 1296 1756 dic
1311 1730 1393 1756 etiam
1411 1738 1510 1758 nomen
1525 1730 1644 1766 Spiritus

859 1777 957 1808 sancti,
971 1780 1000 1802 nt
1015 1779 1080 1802 tunc
1095 1775 1190 1803 audias
1202 1775 1274 1810 quod
1286 1783 1347 1802 cum
1361 1779 1387 1802 te
1401 1776 1550 1810 sapientem
1565 1776 1646 1804 dicti-

859 1828 910 1855 tes,
937 1823 1037 1851 stultus
1065 1823 1152 1850 factus
1181 1824 1230 1851 sis.
1246 1823 1312 1856 Qua:
1335 1823 1408 1850 enim
1424 1822 1566 1858 Scriptura
1589 1832 1645 1852 non

859 1866 941 1899 dicit,
958 1872 987 1894 tu
1013 1875 1152 1902 nunquam
1173 1867 1320 1894 inveneris.
1341 1867 1437 1898 Porro.
1454 1868 1476 1895 si
1502 1869 1646 1897 existimas

858 1912 930 1940 Patri
956 1918 1110 1949 competcre
1133 1922 1188 1941 non
1208 1916 1346 1949 genitum,
1373 1919 1399 1941 et
1428 1914 1497 1942 Filio
1522 1915 1643 1950 genitum

858 1967 928 1992 esse,
942 1959 985 1987 dic
997 1968 1101 1995 quaeso,
1117 1961 1256 1996 quodnam
1273 1969 1305 1988 ex
1323 1960 1364 1988 his
1381 1961 1516 1989 attribues
1529 1962 1644 1997 Spiritui

858 2007 970 2034 saneto?
994 2007 1087 2034 Anam.
1110 2006 1138 2035 Si
1168 2009 1246 2035 etiam
1265 2009 1385 2044 genitum
1412 2012 1454 2035 est
1476 2009 1645 2036 immutabile

858 2053 1007 2081 secundum
1032 2057 1168 2087 naturam,
1183 2053 1231 2082 sed
1254 2059 1364 2090 propter
1377 2062 1451 2086 cum,
1466 2055 1511 2089 qui
1529 2055 1642 2089 genuit:

856 2107 913 2126 non
925 2100 1046 2134 genitum
1064 2108 1129 2127 vero
1144 2100 1296 2128 substantia
1312 2104 1364 2133 est,
1381 2101 1549 2127 immutabile
1561 2101 1644 2135 igitur

857 2148 968 2179 propter
981 2144 1147 2172 voluntatem
1161 2146 1222 2177 erit,
1247 2153 1301 2172 non
1318 2154 1349 2172 ex
1378 2145 1537 2172 substantia
1551 2145 1642 2180 digni—

856 2192 922 2216 tate.
938 2188 1015 2216 Ortlt.
1031 2188 1111 2222 Quod
1125 2190 1148 2216 si
1166 2188 1251 2217 Filius
1266 2190 1313 2217 Dei
1332 2198 1384 2217 non
1403 2194 1445 2217 est
1461 2190 1641 2217 immutabilis

20 2241 124 2266 γοντος·
137 2241 146 2256 ι
157 2231 258 2265 Πάντα,
270 2232 319 2258 ὅσα
333 2232 389 2267 ἔχει
399 2233 412 2258 ὁ
424 2232 527 2267 Πατὴρ,
542 2231 596 2266 ἐμά
609 2233 694 2258 ἐστιν·
707 2241 716 2257 ι
730 2233 806 2268 εἰπερ

862 2235 1020 2262 subStantiae
1049 2234 1188 2270 dignitate,
1205 2236 1233 2263 in
1258 2243 1312 2270 quo
1327 2243 1392 2278 ergo
1412 2236 1501 2263 dill‘ert
1519 2235 1553 2262 ab
1578 2236 1642 2262 aliis

19 2280 69 2305 οὐκ
87 2280 117 2304 ἐν
131 2278 170 2314 τῷ
182 2278 232 2314 τῆς
246 2279 340 2308 οὐσίας
350 2277 485 2313 ἀξιώματι
499 2277 554 2314 ἔχει
568 2278 599 2304 τὸ
610 2278 757 2314 ἀτρεπτον;

861 2281 1042 2309 rationalibus
1066 2281 1251 2309 facultatibus.
1266 2282 1364 2317 L'tpote
1378 2290 1438 2317 quae
1460 2287 1487 2309 et
1508 2282 1574 2316 ipsa).
1589 2282 1641 2309 im—

20 2326 228 2354 mulabilitatein
244 2327 385 2354 obtineant
400 2327 540 2353 voluntate
560 2327 631 2361 ejus,
647 2328 693 2362 qui
709 2327 833 2354 creavit?
846 2332 873 2355 et
891 2329 1027 2366 quomodo
1040 2333 1068 2356 tu
1085 2329 1164 2356 tidem
1182 2329 1266 2357 habes
1283 2329 1382 2357 dicenti
1403 2339 1410 2356 :
1435 2339 1445 2356 ‹
1461 2329 1559 2357 Omnia
1579 2337 1640 2365 quae

19 2374 102 2400 Pater
113 2372 192 2400 habet
203 2380 262 2400 mea
274 2377 339 2400 sunt
353 2373 376 2388 ⁷ο
393 2382 402 2398 ι
422 2382 428 2400 ;
442 2373 575 2407 siquidem
591 2381 646 2400 non
661 2373 741 2400 habet
756 2373 1004 2403 inmutabilitatem
1020 2383 1053 2403 ex
1067 2376 1228 2403 substantiae
1239 2376 1388 2411 dignitate?

55 2420 98 2447 19.
125 2419 219 2454 Ἀνόμ.
233 2419 264 2446 Εἰ
275 2419 305 2446 τὸ
319 2419 464 2455 ἀγέννητον
474 2419 566 2450 οὐσίας
576 2419 633 2446 ἐστὶ
645 2419 802 2455 δηλωτικὸν,

18 2466 132 2497 εἰκότως
147 2465 214 2500 πρὸς
229 2465 278 2501 τὴν
298 2465 352 2500 (73)
367 2465 413 2492 τοῦ
431 2465 598 2500 γεννήματος
619 2465 712 2492 οὐσίαν
729 2466 803 2492 ἀντι-

18 2510 212 2538 διαστέλλεται·
235 2512 260 2538 εί
282 2511 310 2537 δὲ
335 2511 417 2546 μηδὲν
439 2512 566 2546 σημαίνει
591 2511 622 2538 τὸ
647 2512 801 2548 ἀγέννητον,

18 2557 108 2592 πολλῷ
117 2556 149 2592 δὴ
165 2557 263 2592 μᾶλλον
278 2557 353 2584 οὐδὲν
372 2557 446 2594 δηλοῖ
465 2558 495 2585 τὸ
510 2558 641 2593 γέννημα·
664 2558 758 2594 μηδενὶ
774 2559 802 2585 δὲ

19 2604 104 2640 μηδὲν
120 2603 177 2636 πῶς
198 2603 439 2638 ἀντιδιαστέλλειςς
455 2604 486 2630 Et
497 2603 525 2630 δὲ
538 2605 555 2639 ἡ
574 2605 721 2640 ἀγεννήτου
737 2613 804 2639 προ-

18 2651 90 2686 φορὰ
108 2650 176 2686 πρὸς
193 2650 242 2686 τὴν
262 2649 402 2687 προφορὰν
421 2650 674 2684 ἀντιδιαστέλλεται,
698 2651 803 2686 σιωπῆς

891 2422 934 2450 19.
951 2422 1046 2449 Anam.
1057 2422 1150 2449 Sinon
1163 2422 1282 2457 genitum
1298 2422 1478 2450 substantiam
1492 2422 1637 2457 signiﬁcat,

855 2469 954 2496 rationi
964 2476 1136 2504 consequens
1154 2468 1247 2501 fuerit,
1262 2469 1334 2503 quod
1352 2477 1366 2495 a
1379 2469 1470 2504 genito
1482 2470 1638 2497 substantia

855 2514 1057 2550 distinguatur:
1078 2515 1101 2542 si
1116 2522 1179 2542 vero
1196 2522 1249 2542 non
1265 2516 1385 2550 genitum
1403 2515 1470 2542 nihil
1490 2515 1637 2550 significat,

854 2561 941 2588 multo
956 2561 1042 2596 magis
1061 2561 1142 2588 etiarn
1156 2561 1223 2588 nihil
1248 2561 1412 2596 signilicabit
1426 2561 1545 2596 genitum
1559 2571 1566 2589 :
1581 2561 1638 2596 jam

853 2613 919 2641 ergo
934 2605 1002 2633 nihil
1025 2613 1040 2633 a
1064 2606 1150 2634 nihilo
1175 2606 1312 2641 quomodo
1333 2605 1503 2641 distingues?
1528 2605 1556 2632 Si
1572 2613 1638 2632 Vero

853 2651 970 2686 prolatio
980 2659 1035 2679 non
1048 2651 1131 2688 geniti
1143 2643 1446 2688 opponituriprolationi
1455 2651 1550 2686 geniti,
1563 2654 1636 2678 certe

54 2727 107 2755 “'l
122 2728 193 2756 Tim.
209 2738 234 2761 ι,
252 2729 296 2756 ΓΙ.
334 2729 356 2744 ⁸⁷
377 2728 471 2756 Matth.
488 2736 527 2762 ιι,
544 2729 588 2757 25.
627 2729 650 2747 ⁸⁸
668 2728 754 2756 Exod.
771 2736 806 2762 vr,

872 2729 899 2756 5.
938 2729 960 2746 ⁶⁹
980 2729 1075 2757 Matth.
1097 2737 1201 2762 xxvnt,
1220 2729 1263 2756 l9.
1302 2729 1325 2745 '°
1343 2728 1423 2756 Joan.
1443 2736 1502 2760 xw,
1521 2728 1564 2756 15.

55 2807 108 2840 (Ti)
128 2806 173 2842 Τῷ
190 2807 276 2842 Πατρὶ
286 2814 382 2834 omnes
396 2808 475 2842 mss,
492 2806 540 2834 sed
556 2807 636 2842 male.

888 2806 944 2843 (75)
965 2806 1010 2836 Sic
1025 2806 1083 2836 Pal.
1103 2809 1121 2836 2
1138 2813 1164 2837 et
1184 2808 1252 2844 Aug.
1272 2807 1343 2836 Editi
1359 2815 1424 2837 vero
1435 2807 1558 2841 εἰκότως,
1573 2808 1636 2844 περὶ

54 2843 109 2877 ιῖέ)
131 2840 186 2878 Pal.
205 2842 223 2868 2
241 2840 268 2870 et
288 2842 357 2877 Aug.
380 2841 410 2868 τὸ
430 2841 459 2868 δὲ
478 2841 606 2877 γεννητδν
620 2840 699 2869 ὁὺσίσ.
714 2842 797 2875 ἐστὶν,
851 2840 911 2878 τήν.

20 2880 148 2913 ἄτρεπτον
160 2877 202 2911 δή.
