1926 3067
277 143 344 172 4187

818 135 848 162 8.
869 133 1098 162 ATHANASIUS.
1120 148 1154 154 -—
1173 132 1310 161 SPURIA.

1817 133 1887 160 H83

277 200 382 230 silentio
404 197 650 239 pronuntiationem
670 195 824 230 excipiente
849 194 905 226 ﬂet.
923 198 953 221 ut
971 194 1054 221 modo

1107 194 1153 228 τὴν
1169 193 1310 228 προφορὰν
1322 193 1521 228 διαδεχομένης,
1535 193 1674 226 γίγνεσθαι
1685 193 1830 228 συμϐαίνει
1841 197 1888 220 καὶ

275 248 320 280 sit,
335 245 414 272 modo
433 249 577 272 evanescat
593 250 655 277 spes
678 242 907 271 Christianorum.
925 245 1016 276 utpote
1027 241 1055 268 in

275 291 390 326 quadam
405 288 565 324 prolationis
581 288 711 314 varietate
726 287 789 317 sita.
808 293 861 313 non
881 293 945 313 vero
967 286 994 312 in
1007 292 1055 312 na-

275 337 343 364 turis
369 337 406 362 ita
429 343 459 361 se
485 334 663 365 habentibus,
682 337 711 359 ut
733 333 872 360 nominum
894 332 1055 367 signiﬁcatio

275 381 399 416 postulat.
419 379 493 407 Ort/i.
511 379 597 405 Etiam
614 379 636 405 si
652 378 700 405 tibi
711 378 907 405 concederetur
922 377 1012 404 dicere
1022 376 1056 404 de

276 425 339 455 Deo.
356 425 427 459 quod
442 425 477 451 sit
491 431 542 450 non
557 423 681 457 genitus;
696 429 745 448 nos
757 427 845 448 tamrn
865 421 981 447 (lit-imus
1001 427 1054 446 non

254 471 394 506 ‘genitum
411 475 467 496 tmn
486 468 649 503 signiﬁcare.
668 476 721 493 non
744 475 805 494 esse
828 467 947 501 genitum
967 465 1055 499 quoad

275 516 468 546 substantiam,
497 513 724 549 quemadmodum
756 512 889 538 mendacii
919 517 1055 546 expertem

276 569 335 589 esse
359 569 413 587 non
438 560 563 591 mentiri,
585 558 674 592 quoad
700 557 890 584 substantiam.
918 557 951 582 At
979 563 1054 587 vero,

276 606 410 634 mendacii
435 609 570 639 expertem
587 611 657 633 esse,
670 611 722 629 non
734 607 775 629 est
798 602 855 636 ipsa
881 601 1053 627 substantia:

276 660 326 679 nec
349 658 402 678 non
427 650 547 684 genitum
563 657 632 676 esse.
651 649 678 674 Si
705 650 776 675 cuitu
804 655 857 674 non
880 647 999 681 genitum
1015 651 1056 673 est

276 697 332 733 ipsa
350 696 500 724 substantia
509 695 588 722 etiam
605 694 737 721 mendacii
752 701 849 728 expers
865 697 907 720 est
922 693 979 727 ipsa
990 692 1055 719 sub-

275 743 374 770 stantia
390 750 396 767 :
415 746 457 768 est
474 749 538 768 vero
552 745 579 768 et
596 739 681 767 Filius
697 739 831 766 mendacii
845 746 957 773 expers;
974 738 1056 772 igitur

275 792 301 814 et
315 795 367 814 non
381 788 497 822 genitus.
511 785 570 812 lam
582 793 645 812 vero
655 792 707 811 non
721 785 829 819 genitus
842 791 894 809 non
905 788 956 813 cst,
973 783 1056 817 igitur

275 833 422 861 secundum
448 837 474 859 te
500 832 624 858 mendas.
643 830 732 862 Quare
750 837 804 856 non
825 833 868 855 cst
898 828 968 855 ident
991 828 1056 854 sub—

1107 238 1299 272 ἀπογίγνεσθαι
1309 238 1357 273 τὴν
1368 238 1421 264 τῶν
1434 238 1600 274 Χριστιανῶν
1611 238 1714 269 ἐλπίδα,
1726 240 1754 265 ἐν
1766 239 1887 274 διαφόρῳ

1108 284 1232 319 προφορᾷ
1245 283 1383 318 κειμένην,
1400 282 1456 309 ἀλλ’
1474 283 1524 309 οὐκ
1542 283 1570 308 ὲν
1585 282 1695 316 φύσεσιν
1708 282 1793 314 οὕτως
1810 283 1886 318 ἐχού-

1109 339 1182 363 σαις,
1201 329 1238 361 ὡς
1259 331 1275 364 ἡ
1289 329 1343 355 τῶν
1361 330 1498 365 ὀνομάτων
1519 329 1640 364 βούλεται
1660 329 1791 364 σημασία.
1815 330 1887 363 Ὀρθ.

1109 377 1192 402 Ὅταν
1213 384 1254 402 σοι
1274 375 1336 410 δοθῇ
1354 375 1441 409 λέγειν
1457 376 1502 401 ἐπὶ
1518 375 1583 402 Θεοῦ
1602 375 1632 401 τὺ
1653 375 1808 410 ἀγέννητον,
1829 377 1887 401 τότε

1109 422 1249 457 σημαίνειν
1277 421 1308 447 τὸ
1336 421 1479 456 ἀγέννητον
1509 421 1623 455 λέγομεν
1648 421 1679 447 τὸ
1698 421 1734 456 μὴ
1758 421 1889 455 γεγεννῆ-

1110 469 1170 495 σθαι
1186 468 1233 503 τὴν
1248 468 1350 499 οὐσίαν,
1367 468 1404 499 ὡς
1419 468 1448 494 τὸ
1463 467 1576 502 ἀψευδὲς
1591 468 1620 493 τὸ
1636 467 1673 502 μὴ
1683 467 1829 501 ψεύδεσθαι
1841 467 1888 502 τὴν

1107 515 1210 541 οὐσίαν.
1226 513 1293 540 Οὔτε
1309 513 1337 539 δὲ
1351 514 1381 540 τὺ
1396 513 1508 548 ἀψευδὲς
1521 515 1538 549 ή
1557 514 1635 540 οὐσία
1651 513 1710 540 οὔτε
1729 513 1759 539 τὸ
1777 513 1888 547 ἀγέννη-

1107 568 1162 586 τον.
1176 559 1207 585 Et
1219 559 1272 593 γὰρ
1283 559 1312 585 τὸ
1323 559 1466 593 ἀγέννητον
1477 559 1564 591 οὐσία,
1579 559 1625 585 καὶ
1636 559 1665 585 τὸ
1677 559 1788 593 ἀψευδὲς
1799 559 1887 585 οὐσία·

1108 604 1165 631 εστι
1181 605 1208 631 δὲ
1224 604 1271 630 καὶ
1282 605 1296 631 ὁ
1307 605 1369 636 Υἱὸς
1380 604 1504 640 ἀψευδής·
1518 605 1564 631 καὶ
1577 604 1721 640 ἀγέννητος
1736 605 1800 639 ἄρα.
1820 604 1887 630 Ἀλλ’

1108 652 1157 677 οὐκ
1169 651 1323 686 ἀγέννητος·
1335 651 1435 686 ψευδὴς
1444 649 1490 677 οὖν
1501 650 1569 677 κατὰ
1582 651 1621 677 σέ.
1634 651 1690 677 Οὐκ
1700 651 1753 686 ἄρα
1767 650 1798 676 τὸ
1809 650 1889 684 ἀψευ-

1107 695 1150 727 δὲς
1164 696 1251 722 οὐσία.
1273 696 1316 728 Ὠς
1330 693 1377 722 οὖν
1394 696 1424 722 τὸ
1440 696 1552 730 ἀψευδὲς
1568 696 1616 722 οὐκ
1627 696 1714 728 οὐσία,
1728 695 1815 727 οὕτως
1827 695 1887 722 οὐδὲ

1107 742 1138 768 τὺ
1158 742 1301 777 ἀγέννητον
1315 743 1401 769 οὐσία”
1419 743 1443 769 εἰ
1460 743 1512 778 γὰρ
1530 742 1560 768 τὸ
1575 742 1720 776 ἀγέννητον
1737 742 1827 774 οὐσία,
1842 743 1888 769 καὶ

1107 787 1138 814 τὸ
1150 787 1275 823 γεννητὸν
1290 788 1378 814 οὐσία·
1392 789 1416 814 εἰ
1427 788 1456 815 δὲ
1468 788 1498 814 τὸ
1511 787 1636 823 γεννητὸν
1649 788 1736 818 οὐσία,
1751 789 1840 814 πάντα
1855 789 1888 814 τὰ

1108 833 1223 868 γεννητὰ
1243 834 1435 868 bimo-30m.“
1450 834 1479 860 δὲ
1498 834 1589 865 οὐσίας
1608 833 1753 868 δηλωτικὸν
1772 833 1844 860 εἶναι
1859 833 1888 859 τὸ

275 880 385 908 stantia.
403 877 476 912 qttod
492 876 623 904 mendacii
636 879 771 910 expertem
786 882 856 902 esse.
871 873 1053 907 Quemadmo-

1107 877 1248 912 ἀγέννητον
1273 877 1319 903 καὶ
1339 877 1368 904 τὸ
1391 878 1517 913 γεννητὸν
1540 878 1614 913 παρὰ
1634 878 1683 912 τῆς
1708 879 1756 913 σῆς
1774 877 1888 914 εὓρηται

275 924 337 951 dum
355 924 436 957 igitur
454 922 560 949 tnentiri
577 929 630 947 non
646 928 725 955 posse
745 927 797 946 non
824 924 865 946 est
889 919 1052 950 substantia,

275 969 311 996 ita
323 976 430 1003 quoque
454 976 507 994 non
527 967 644 1002 gnuitttttt
659 974 720 993 esse
737 974 790 992 non
802 969 843 992 est
858 965 915 999 ipsa
931 965 1055 992 substan-

275 1014 327 1040 tia:
347 1013 369 1040 si
385 1013 457 1040 enim
471 1012 657 1046 non—genitum
672 1018 734 1038 esse
750 1014 790 1037 cst
801 1010 1054 1039 sul:stantia.ctiam

275 1058 394 1092 genitum
412 1065 472 1084 esse
483 1057 633 1084 substantia
648 1056 717 1082 erit:
734 1055 806 1090 quod
820 1055 843 1082 si
859 1055 978 1090 genitum
995 1062 1055 1082 esse

275 1104 427 1132 substantia
441 1107 491 1134 est,
504 1103 592 1130 onmia
607 1102 694 1136 genita
707 1106 787 1128 erunt
800 1100 1052 1131 consubstantialia.

275 1148 360 1176 Porro
371 1149 442 1184 quod
455 1157 507 1175 non
523 1149 642 1183 genitum
659 1151 684 1174 et
696 1147 815 1181 genitum
828 1148 912 1181 ipsam
922 1147 1055 1186 signiﬁcet

275 1197 438 1226 essentiam.
454 1200 508 1222 tua;
537 1195 767 1230 pronuntiationis
798 1198 980 1221 commentum
1002 1199 1053 1226 est,

276 1249 331 1268 non
352 1242 443 1268 minus
468 1241 649 1275 increpamlze.
671 1248 752 1276 quam
778 1248 854 1267 mare
871 1240 1005 1268 ﬂuctuans
1029 1244 1056 1268 et

275 1292 434 1314 astuosum.
458 1286 575 1321 Spiritus
597 1286 729 1320 siquidem
746 1286 790 1312 ille
804 1285 926 1313 veritatis
948 1285 1055 1312 Patrem

275 1333 356 1359 nobis
371 1336 397 1359 et
413 1330 510 1358 Filium
528 1322 693 1366 praedicavit.
708 1338 768 1365 qua:
784 1331 894 1358 nomina
910 1331 1055 1358 relationes

1108 923 1256 959 προφορᾶς,
1270 923 1303 958 ἣν
1317 922 1357 948 δεῖ
1368 922 1405 954 ὡς
1420 922 1554 950 θάλασσαν
1566 924 1747 958 κυμαίνουσαν
1761 924 1889 959 ἐπιτιμη-

1107 966 1196 1002 θῆναι.
1210 967 1246 993 Τὸ
1259 967 1311 1002 γὰρ
1324 967 1435 1002 Πνεῦμα
1445 967 1493 1000 τῆς
1507 967 1632 1003 ἀληθείας
1644 968 1753 1003 Πατέρα
1767 969 1814 995 καὶ
1826 969 1887 995 mu

1108 1012 1172 1046 ἡμῖν
1188 1010 1314 1046 ἐκήρυξε,
1331 1011 1385 1038 τῶν
1405 1011 1541 1045 ὀνομάτων
1563 1012 1611 1042 τὰς
1628 1011 1731 1045 σχέσεις
1751 1011 1819 1046 ἡμῖν
1840 1019 1887 1046 ση-

1109 1057 1264 1092 μαινόντωψ
1282 1058 1330 1083 οὐκ
1343 1058 1463 1093 ἀντερεῖς
1478 1057 1515 1089 δὲ,
1533 1057 1570 1088 ὡς
1583 1057 1648 1088 θεὸς
1664 1057 1742 1091 φύσει
1759 1057 1808 1084 καὶ
1824 1057 1889 1092 ἀλη-

1108 1103 1177 1139 θείᾳ·
1191 1103 1284 1139 Πατὴρ
1295 1104 1322 1130 δὲ
1332 1103 1400 1135 πῶς.
1415 1103 1451 1138 μὴ
1463 1103 1594 1138 γεννήσας
1605 1102 1683 1137 φύσει
1697 1103 1744 1129 καὶ
1756 1102 1886 1138 ἀληθείας

1107 1149 1176 1176 ὥστε
1188 1150 1234 1176 καὶ
1249 1151 1265 1185 ἠ
1279 1148 1325 1175 σοῦ
1342 1149 1388 1175 τοῦ
1401 1150 1589 1183 ὲπινοὴσαντος
1602 1149 1631 1175 τὸ
1646 1149 1790 1183 ἀγέννητον
1802 1149 1850 1175 καὶ
1860 1149 1889 1175 τὸ

1107 1195 1233 1230 γεννητὸν
1253 1195 1344 1226 οὐσίας
1360 1193 1427 1221 εἶναι
1444 1194 1589 1229 δηλωτικὸν
1607 1195 1694 1226 ἐλπὶς,
1716 1194 1823 1229 σιωπῆς
1839 1195 1888 1230 τὴν

1107 1240 1245 1276 προφορὰν
1259 1240 1403 1276 δεχομένης
1415 1240 1480 1275 (74),
1500 1240 1529 1266 ὲν
1544 1240 1635 1276 ἡμέρᾳ
1652 1241 1767 1276 κρίσεως
1781 1241 1832 1276 οὐχ
1843 1241 1887 1267 εὑ-

1108 1287 1238 1322 ρίσκεται,
1253 1287 1362 1313 ἐκείνων
1377 1286 1455 1322 μόνον
1466 1286 1675 1322 εὑρισκομένων,
1685 1283 1722 1312 ὧν
1732 1286 1762 1313 τὸ
1775 1286 1888 1322 Πνεῦμα

1105 1332 1136 1359 τὺ
1147 1332 1222 1366 Ξιγιον
1236 1329 1322 1359 εἶπεν.

276 1380 355 1407 nobis
371 1379 501 1406 indicant.
517 1378 570 1406 Nec
585 1386 648 1406 vero
663 1379 777 1413 obiicias
789 1399 796 1410 .
811 1379 883 1413 quod
899 1378 970 1406 Deus
982 1378 1091 1413 quidem
1109 1384 1207 1406 natura
1223 1384 1250 1407 et
1264 1380 1378 1408 veritate
1393 1379 1464 1408 Deus
1478 1380 1514 1408 sit
1532 1389 1538 1407 :
1554 1379 1634 1407 Pater
1646 1387 1712 1407 vero
1734 1379 1890 1407 secundum

276 1427 352 1462 quid.
374 1432 466 1462 utpote
489 1427 535 1461 qui
561 1434 613 1453 non
630 1426 751 1460 genuerit
774 1429 871 1452 natura
885 1431 912 1452 ct
927 1426 1039 1453 veritate
1057 1434 1064 1452 :
1083 1427 1257 1461 quamobrem
1286 1435 1347 1462 spes
1369 1428 1414 1454 illa
1435 1432 1501 1461 tua,
1515 1427 1562 1462 qui
1583 1427 1801 1454 comntinisceris
1833 1434 1891 1453 non

276 1474 396 1510 genitum
423 1477 450 1500 et
471 1473 590 1507 genitum
617 1472 770 1507 signiﬁcare
795 1471 994 1503 substantiam,
1018 1472 1046 1499 in
1071 1473 1114 1500 die
1139 1473 1184 1500 illa
1215 1473 1328 1507 judicii.
1356 1473 1465 1501 silentio
1490 1473 1667 1508 prolationem
1694 1474 1890 1508 intercipiente

278 1526 413 1554 nusquam
430 1519 618 1553 comparebit:
635 1519 679 1544 illa
695 1520 793 1553 quippe
805 1520 892 1547 solum
911 1523 967 1546 tum
985 1523 1044 1546 rata
1061 1521 1271 1556 comperientur,
1286 1528 1346 1555 qua:
1357 1525 1468 1548 sanctus
1486 1521 1604 1555 Spiritus
1616 1521 1778 1548 enuntiavit.

309 1564 355 1591 20.
371 1564 466 1591 Anam.
483 1563 510 1590 Si
529 1571 582 1590 non
600 1564 719 1598 genitum
735 1571 796 1591 esse
817 1568 943 1599 respectu
957 1565 997 1592 rei
1011 1572 1055 1600 ge-

1143 1565 1187 1592 20.
1212 1566 1306 1600 Ἀνόμ.
1322 1566 1353 1593 Εἰ
1366 1566 1448 1602 μηδὲν
1465 1566 1543 1593 πλέον
1559 1566 1685 1602 σημαίνει
1698 1567 1738 1597 είς
1751 1567 1892 1602 ὑπεροχὴν

276 1609 340 1636 uita:
355 1608 387 1636 ad
403 1608 578 1635 eminentiam
596 1609 721 1635 essentia
737 1618 746 1634 ι
762 1609 963 1636 connotandum
986 1619 995 1635 ι
1015 1609 1056 1636 ni—

278 1656 315 1682 hil
329 1655 447 1690 amplius
465 1654 556 1686 infert.
571 1655 721 1689 prolatione
731 1656 818 1683 solum
835 1657 959 1691 superior
971 1656 1056 1684 Filius

276 1701 396 1735 potiores
414 1704 542 1735 agnoscet
557 1707 614 1730 eos.
631 1702 677 1734 qui
699 1700 749 1727 hoc
766 1701 789 1727 ei
806 1709 903 1728 nomen
922 1702 1055 1734 tribuunt,

278 1753 331 1771 non
346 1750 435 1771 autent
451 1753 512 1771 eum
535 1745 580 1779 qui
606 1745 675 1772 Deus
705 1749 732 1772 ct
756 1745 835 1772 Pater
861 1747 920 1780 ejus
946 1747 1055 1774 dicitur.

278 1790 355 1817 Ortlt.
375 1789 415 1816 Tu
443 1790 570 1816 nimirum
593 1791 614 1817 is
632 1798 672 1821 es,
693 1790 738 1825 qui
762 1790 868 1818 Patrem
894 1800 947 1818 non
974 1792 1055 1828 geniti

278 1836 387 1862 nomine
405 1836 580 1870 nuncupasti.
595 1839 622 1863 et
640 1836 691 1863 hoc
709 1836 793 1870 ipsam
814 1836 860 1863 Dei
878 1837 1055 1864 substantiam

277 1887 349 1911 esse.
363 1879 463 1906 Judaais
476 1885 603 1914 tanquam
615 1881 671 1915 lege
686 1881 798 1907 sanxisti
814 1891 819 1908 :
835 1889 969 1916 nusquam
984 1882 1055 1909 enim

278 1925 329 1951 hoc
341 1925 451 1952 divinus
475 1925 519 1952 ille
535 1926 652 1960 Spiritus
667 1926 758 1952 docuit
773 1934 779 1951 :
796 1927 866 1954 tntde
887 1927 914 1954 in
931 1927 1057 1954 confesso

277 1975 320 1997 est
335 1975 361 1997 te
385 1979 438 1996 non
451 1970 559 2005 quidem
584 1970 653 1997 Filio
675 1973 900 2005 praestantiorem.
923 1973 970 2000 sed
987 1973 1056 2008 ipso,

277 2016 323 2050 qui
338 2014 418 2051 E35
433 2020 458 2043 te
477 2016 541 2043 talia
559 2016 663 2048 docuit,
678 2017 788 2044 diabolo
803 2018 921 2052 pejorem
934 2026 1058 2054 comper-

278 2065 335 2087 tum
351 2061 394 2088 iri.
413 2061 506 2088 Anam.
523 2060 552 2087 Si
575 2069 629 2088 non
648 2062 737 2096 genita
761 2063 911 2090 substantia
927 2067 1057 2098 pratstan-

278 2105 333 2132 tior
353 2109 395 2132 est
417 2105 476 2139 ipso
500 2109 561 2132 ortu
583 2114 598 2132 a
614 2106 703 2140 seipsa
717 2106 842 2134 obtinens
866 2115 924 2134 eam
941 2108 1057 2135 eminen-

278 2148 358 2181 tiam,l
372 2150 453 2177 etiam
471 2158 504 2177 ea
516 2158 576 2185 quae
589 2159 603 2177 a
619 2159 648 2178 se
662 2155 703 2178 est
718 2152 881 2184 substantia,
895 2160 950 2179 non
966 2153 1056 2187 genita

278 2195 352 2221 erit:
373 2202 462 2230 neque
483 2196 557 2222 enirn
575 2196 669 2223 volens
683 2196 746 2230 quia
761 2197 818 2223 vult
831 2197 1002 2231 prmstantior
1014 2200 1056 2224 est

1107 1611 1198 1642 οὐσίας
1211 1611 1242 1638 τὸ
1258 1611 1401 1646 ἀγέννητον
1411 1611 1477 1647 πρὸς
1488 1611 1518 1638 τὸ
1529 1611 1660 1647 γέννημα,
1672 1612 1798 1647 προφορᾷ
1810 1613 1893 1647 μόνον

1107 1656 1304 1692 ὑπερεχόμενος
1319 1657 1333 1683 ὁ
1349 1657 1410 1688 Υἱὸς
1427 1657 1546 1692 βελτίους
1563 1657 1658 1684 ἑαυτοῦ
1678 1657 1810 1691 γνώσεται
1826 1658 1893 1689 τοὺς

1107 1702 1354 1738 προσαγορεύοντας
1380 1703 1480 1734 αὐτὸν,
1510 1703 1539 1729 οὐ
1569 1703 1613 1729 τὸν
1636 1703 1894 1739 προσαγορευθέντα

1106 1746 1171 1773 Θεὸν
1182 1746 1262 1773 αὑτοῦ
1276 1748 1320 1773 καὶ
1335 1748 1453 1783 Πατέρα.
1473 1748 1545 1782 Ὀρθ.
1566 1749 1594 1774 '0
1607 1748 1831 1784 προσαγορεύσας
1844 1748 1894 1774 τὸν

1107 1792 1214 1828 Πατέρα
1228 1793 1382 1827 ἀγέννητον,
1397 1793 1444 1819 καὶ
1457 1793 1535 1820 τοῦτο
1550 1793 1633 1820 αὑτοῦ
1642 1794 1690 1829 τὴν
1707 1793 1801 1820 οὐσίαν
1819 1791 1893 1820 εἶναι

1107 1836 1286 1872 νομοθετήσας
1296 1839 1352 1868 τοῖς
1363 1837 1505 1869 Ἰουδαίοις,
1515 1839 1546 1864 σὺ
1555 1835 1588 1864 εἷ’
1598 1838 1713 1873 οὐδαμοῦ
1721 1839 1775 1873 γὰρ
1782 1838 1812 1865 τὸ
1820 1838 1895 1865 Θεῖον

1106 1882 1217 1917 Πνεῦμα
1235 1883 1312 1909 τοῦτο
1326 1882 1453 1916 ἐδίδαξεν.
1470 1884 1530 1910 Ὀτι
1544 1884 1571 1910 δὲ
1586 1884 1617 1910 σὺ
1633 1884 1679 1910 τοῦ
1694 1884 1759 1911 Υἱοῦ
1777 1885 1893 1920 βελτίων

1107 1928 1155 1962 οὐχ
1169 1927 1313 1964 εὑρεθήσῃ,
1333 1928 1399 1955 ἀλλὰ
1419 1929 1464 1955 τοῦ
1482 1938 1511 1956 σε
1526 1929 1679 1962 διδάξαντος
1694 1930 1818 1957 διαϐόλου
1833 1931 1892 1966 χεί-

1108 1979 1161 2006 ρων
1173 1971 1351 2007 ὡμολόγηται.
1369 1974 1463 2008 Ἀνόμ.
1480 1974 1511 2000 Et
1525 1975 1542 2009 ἡ
1556 1975 1702 2010 ἁγέννητος
1713 1975 1791 2001 οὐσία
1803 1976 1898 2012 κρείτ-

1106 2025 1160 2043 των
1176 2018 1233 2044 ὲστὶ
1248 2019 1388 2052 γενέσεως,
1409 2020 1514 2047 οἴκοθεν
1528 2020 1624 2056 ἔχουσα
1640 2021 1669 2048 τὸ
1689 2023 1825 2057 κρεῖττον,
1842 2023 1896 2049 αὖ-

1106 2063 1213 2089 τοουσία
1226 2063 1298 2090 ἐστὶν
1311 2065 1465 2101 ἀγέννητος·
1481 2067 1510 2093 οὐ
1526 2068 1578 2102 γὰρ
1593 2067 1762 2102 βουλόμενος,
1775 2068 1817 2095 ὅτι
1828 2069 1898 2104 βού-

1107 2109 1192 2141 λεται,
1215 2110 1347 2144 γενέσεώς
1370 2112 1427 2138 ἐστι
1450 2112 1588 2147 κρείττωψ
1607 2113 1663 2139 ἀλλ’
1684 2114 1725 2140 ὅτι
1740 2114 1896 2141 αὑτοουσῐα

1107 2155 1264 2191 ὑπάρχουσα
1277 2157 1291 2183 ὁ
1306 2157 1449 2191 ἁγέννητος
1465 2158 1541 2190 Θεὸς,
1558 2159 1644 2185 οὐδενὶ
1660 2159 1731 2195 λόγῳ
1747 2160 1896 2195 ἐπιτρέπει

1107 2199 1167 2225 καθ’
1193 2201 1292 2236 ἑαυτῆς
1317 2201 1422 2235 γένεσιν
1449 2203 1599 2238 ἐπινοῆσαι,
1625 2204 1732 2231 ὠθοῦσα
1758 2205 1896 2240 φέρεσθαι

277 2243 351 2271 ortu,
367 2240 413 2267 sed
425 2240 488 2274 quia
505 2240 561 2274 ipsa
579 2241 731 2268 substantia
748 2241 805 2276 ipse
819 2242 954 2276 ingenitus
968 2241 1054 2275 Deus;

1107 2243 1176 2270 κατὰ
1195 2244 1239 2270 τὸν
1259 2246 1384 2282 γεννητὸν
1398 2246 1454 2282 (75)
1477 2248 1566 2274 πᾶσαν
1590 2248 1712 2281 ἐξέτασιν
1733 2250 1781 2275 καὶ
1802 2250 1897 2277 πάντα

278 2285 304 2311 id
319 2285 391 2312 nulla
407 2286 511 2313 ratione
528 2287 669 2320 permittit,
687 2291 716 2313 ut
731 2288 849 2322 aliquaan
864 2288 1008 2316 adversum
1028 2296 1057 2316 se

278 2331 479 2365 generationem
503 2331 565 2366 quis
582 2333 816 2365 conuniniscatur,
830 2341 862 2361 ac
881 2335 908 2361 in
923 2342 985 2361 eum
1009 2335 1055 2369 qui

277 2375 384 2409 genitus
403 2379 445 2402 est
464 2376 553 2410 rejicit
569 2385 650 2404 omne
672 2377 806 2412 ejusmodi
828 2380 926 2406 mentis
941 2386 1055 2406 examen

276 2424 304 2447 et
319 2421 501 2449 ratiocinium.
525 2421 601 2449 Ort/t.
615 2423 708 2450 Omnis
721 2424 872 2451 substantia
885 2413 1063 2459 praestantiorj

276 2469 318 2492 est
331 2470 393 2492 ortu
410 2474 484 2493 :non
497 2468 569 2493 enim
585 2472 627 2494 est
651 2468 720 2496 idem
743 2469 896 2496 substantia
916 2474 944 2496 et
964 2474 1052 2498 ortus.

276 2509 354 2542 Quod
368 2515 457 2538 autem
476 2517 554 2539 ortus
565 2520 618 2539 non
632 2513 668 2539 sit
679 2513 841 2545 substantia,
852 2522 885 2541 ex
900 2522 933 2541 eo
959 2514 1052 2549 liquet,

275 2555 349 2590 quod
370 2563 430 2590 qua:
443 2557 652 2592 orlutn'haL‘enl
672 2565 726 2584 non
751 2559 841 2585 omnia
863 2556 919 2586 sint
940 2560 1054 2587 consub-

277 2602 425 2629 stantialia.
441 2603 518 2635 Quod
535 2603 558 2630 si
574 2611 634 2638 qua:
647 2604 737 2638 genita
753 2608 817 2632 sunt
830 2613 885 2632 non
898 2610 962 2633 sunt
977 2606 1052 2640 ejus-

276 2647 337 2675 dem
357 2649 526 2682 substantiae,
541 2658 596 2677 non
613 2650 695 2686 igitur
709 2651 778 2679 idem
793 2655 836 2679 est
853 2656 930 2679 ortus
944 2656 971 2680 et
985 2654 1052 2680 sub-

1107 2288 1244 2325 λογισμόν.
1264 2291 1334 2325 Ὀρθ.
1350 2292 1427 2319 Πᾶσα
1439 2293 1516 2319 οὐσία
1531 2294 1660 2329 κρείττων
1676 2293 1733 2320 ἐστὶ
1743 2294 1894 2328 γενέσεως·

1107 2336 1135 2361 οὺ
1153 2335 1206 2371 γὰρ
1221 2332 1303 2363 ταυτό
1317 2337 1389 2364 ἐστιν
1406 2338 1483 2365 οὐσία
1501 2340 1548 2365 καὶ
1561 2340 1676 2373 γένεσις.
1692 2340 1754 2366 Ὅτι
1768 2339 1796 2366 δὲ
1813 2341 1830 2375 ἡ
1844 2341 1897 2375 γὲ-

1106 2390 1178 2413 νεσις
1193 2382 1243 2408 οὐκ
1258 2382 1331 2409 ἔστιν
1345 2384 1433 2415 οὐσία,
1447 2384 1570 2412 ἐντεῦθεν
1583 2385 1670 2421 δῆλον,
1688 2386 1721 2412 ἐκ
1736 2385 1783 2411 τοῦ
1797 2386 1836 2420 μὴ
1852 2384 1894 2412 εἶ-

1106 2435 1148 2454 ναι
1163 2427 1197 2454 τὰ
1210 2429 1325 2464 γεννητὰ
1338 2429 1393 2465 (76)
1410 2431 1548 2466 ὁμοούσια.
1568 2431 1599 2458 Εἰ
1617 2431 1645 2458 δὲ
1660 2431 1694 2458 τὰ
1709 2432 1828 2466 γεννητὰ
1841 2432 1896 2458 οὐκ

1105 2472 1174 2498 εἰσὶν
1192 2473 1332 2508 ὁμοούσια,
1345 2475 1395 2502 οὐκ
1409 2475 1481 2502 ἐστιν
1496 2477 1577 2512 ἄραὴ
1592 2477 1699 2511 γένεσις
1712 2478 1801 2505 οὐσία·
1825 2479 1850 2505 εί
1866 2479 1898 2506 δὲ

1106 2521 1122 2555 ὴ
1138 2519 1245 2554 γένεσις
1264 2522 1315 2548 οὐκ
1335 2521 1407 2549 ἔστιν
1427 2523 1516 2554 οὐσία,
1537 2524 1597 2550 οὐδὲ
1611 2526 1627 2559 ἠ
1648 2525 1797 2560 ἀγεννησία
1819 2526 1899 2552 ἐστὶν

1105 2565 1192 2591 οὐσία·
1209 2567 1233 2593 εί
1253 2566 1281 2592 δὲ
1301 2567 1317 2602 ἡ
1333 2568 1480 2603 ὰγεννησία
1500 2570 1574 2596 ἐστὶν
1589 2570 1678 2600 οὐσία.
1701 2570 1717 2605 ὴ
1739 2569 1768 2596 δὲ
1785 2570 1899 2604 γένεσις

1103 2610 1153 2636 οὐκ
1162 2610 1249 2643 οὐσία,
1262 2611 1320 2643 πῶς
1333 2611 1420 2646 λέγεις
1433 2613 1576 2649 ἀνὸμοιον;
1590 2613 1621 2639 τὺ
1632 2613 1686 2648 γὰρ
1695 2613 1726 2639 ὃν
1735 2613 1774 2648 τῷ
1785 2613 1824 2648 μὴ
1836 2613 1899 2639 ὅντι

1103 2654 1164 2682 οὔτε
1179 2656 1273 2692 ὅμοιον
1286 2657 1348 2684 οὔτε
1365 2659 1501 2693 ἀνόμοιον.

277 2695 377 2722 stantia
392 2704 399 2722 :
418 2695 441 2722 si
455 2702 521 2723 vero
533 2701 608 2724 ortus
622 2704 676 2724 non
692 2697 800 2731 estipsa
810 2697 981 2730 substantia,
997 2705 1048 2725 nec
1059 2704 1138 2728 ortus
1154 2702 1272 2735 privatio
1289 2703 1444 2731 substantia
1459 2705 1524 2732 erit.
1545 2704 1574 2733 Si
1587 2712 1652 2733 vero
1677 2705 1796 2740 privatio
1813 2709 1897 2733 ortus

313 2771 369 2808 (7‘)
388 2772 593 2808 ᾼιαδεχομένης,
607 2773 721 2808 August.

312 2807 369 2842 (75)
387 2807 513 2842 Palatii,
528 2807 597 2836 κατά
608 2807 662 2836 τῶν
675 2809 820 2845 γεννητῶν.

1142 2778 1198 2814 (76)
1216 2780 1286 2816 Aug.
1297 2781 1414 2818 γεννητά
1429 2782 1481 2811 bis.
1498 2782 1568 2810 Editi
1585 2787 1612 2811 et
1626 2782 1672 2811 alii
1688 2783 1790 2817 γενητὰ
