1926 3067
246 145 310 172 H9!

853 139 882 166 ε.
900 137 1129 167 ΑτιιΑΝΑδιυε.
1149 152 1185 158 —
1203 136 1337 164 SPURIA.

1790 137 1859 164 H98

277 198 360 235 436
368 198 413 226 22.
431 198 525 225 Anam.
538 196 566 223 Si
583 196 704 231 genitum
732 194 809 230 aque
825 202 856 222 ac
873 202 928 222 non
945 194 1022 229 geni-

1107 193 1152 221 22.
1181 194 1279 228 ‘Arop.
1298 193 1329 220 Et
1362 194 1392 219 τὸ
1416 193 1543 228 γεννητὸν
1567 193 1622 225 εεις
1653 193 1700 220 καὶ
1725 192 1757 219 τὸ
1780 193 1860 227 ἀγέν-

243 249 300 270 tum
311 243 419 270 habitus
431 248 482 274 est,
492 242 652 269 substantiae
661 240 768 276 quidem
781 240 916 267 habitibus
925 241 1028 273 priores

243 292 322 315 erunt
335 297 340 314 :
353 288 461 314 habitus
474 294 538 314 vero
547 287 609 313 licet
616 285 778 313 substantiis
786 285 953 320 posteriores
962 284 1027 316 sint.

243 338 335 360 tamen
355 332 450 360 iisdem
465 332 613 367 digniores.
631 330 690 358 Non
709 331 833 365 genitum
857 338 918 357 vero
946 330 1029 365 geniti

242 387 324 406 causa
336 382 388 411 est,
400 382 535 412 quatenus
551 378 638 412 ipsum
652 384 713 404 esse
727 377 882 404 denotatur.
901 376 948 402 Sin
965 383 1029 402 vero

241 427 362 459 genitum
380 424 462 451 infert
473 424 633 451 substantia:
643 431 699 450 sua:
712 429 835 453 causam,
864 421 1030 456 signiﬁcabit

241 479 307 498 sane
317 478 368 497 vox
380 470 500 505 genitum
516 469 706 502 substantiam,
733 475 786 495 non
810 467 950 495 habitum:
966 475 1028 494 cum

242 524 308 544 vero
323 521 420 543 natura
437 524 490 542 non
505 515 596 550 genita
613 515 681 541 nihil
701 515 757 548 ipsa
778 515 805 540 in
817 521 846 541 se
864 513 1027 543 introducat,

241 561 378 596 quomodo
398 569 463 596 ergo
480 569 534 587 non
556 560 723 591 substantia,
748 558 794 585 sed
820 559 931 585 habitus
947 558 1030 585 fuerit

241 606 287 632 illa
311 615 365 633 non
387 606 478 640 genita
501 605 616 632 natura?
642 603 717 632 Orth.
735 603 894 630 Substantia
917 603 1028 638 quidem

241 653 309 679 nihil
322 657 364 680 est
382 652 503 686 dignius,
517 651 559 678 vir
572 651 786 686 sapientissime,
809 657 859 677 nec
882 654 972 688 tamen
987 650 1028 677 vel

240 699 363 726 habitum
375 699 415 725 vel
430 698 611 725 substantiam
629 704 757 724 vocamus
769 697 795 723 in
806 696 862 723 Deo
870 696 899 722 τδ
914 703 969 722 non
983 702 1029 730 ge.

240 745 338 772 nitum.
359 744 417 771 Non
431 751 493 771 esse
507 747 598 770 autem
611 751 672 770 eum
689 743 809 776 genitum
821 749 869 777 per
885 749 946 768 eum
961 740 1028 767 didi-

239 790 339 820 cimus,
356 789 436 824 idque
458 796 512 816 non
525 792 630 814 tantum
645 795 679 814 ex
706 787 847 821 Scriptura
862 786 964 816 divina,
981 785 1028 812 sed

239 835 321 863 etiam
337 843 368 862 ex
392 834 530 862 communi
557 833 697 860 hominum
722 837 819 859 natura
841 838 868 860 et
896 832 1026 864 notione;

240 881 324 916 igitur
340 889 394 908 non
408 881 529 916 genitum
546 887 628 907 causa
646 886 700 906 non
714 883 756 906 est
769 879 852 913 geniti
872 887 879 905 :
895 885 944 905 nec
957 878 1023 913 quia
1037 873 1058 901 Β

240 927 312 956 Deus
327 935 381 954 non
396 926 506 961 genitus
520 930 572 958 est,
589 925 650 952 ideo
660 932 743 952 causa
761 923 822 951 Filii
834 929 886 956 est,
901 924 949 952 sed
961 924 1025 951 sub-

239 974 341 1001 stantia
369 972 540 1004 substantim,
566 979 622 998 non
649 979 729 999 secus
743 978 775 998 ac
796 971 840 998 lux
861 971 1024 1005 splendoris.

238 1019 294 1046 Nec
313 1026 403 1046 tamen
417 1018 544 1054 genimen
556 1025 633 1045 suam
648 1018 736 1052 ipsius
748 1017 896 1044 essentiam
920 1016 1001 1043 inl'ert
1016 1025 1022 1041 :

239 1065 263 1092 si
277 1065 349 1091 enim
367 1065 417 1092 hoc
430 1065 508 1096 foret,
522 1065 578 1099 jam
594 1065 686 1091 omnia
699 1072 759 1099 qua:
773 1065 864 1099 genita
874 1068 937 1091 sunt
948 1070 1024 1090 eam-

239 1110 300 1137 dem
317 1111 448 1137 inferrent
463 1111 620 1141 essentiam.
647 1111 773 1137 nimirum
796 1115 822 1136 et
851 1110 972 1144 angelus,
998 1113 1025 1136 et

239 1162 337 1190 equus,
351 1160 378 1182 et
394 1155 482 1186 canis,
498 1160 525 1182 et
539 1155 631 1182 homo.
651 1154 703 1182 Sed
720 1155 778 1182 haec
800 1154 891 1182 omnia
915 1153 1024 1188 quidem

239 1199 303 1226 licet
323 1200 414 1234 genita
431 1201 496 1232 sint,
518 1208 572 1226 non
590 1205 680 1227 tamen
702 1199 823 1234 ejusdem
853 1203 916 1227 sunt
931 1207 1026 1227 essen-

230 1246 292 1282 με.
307 1245 384 1278 Quod
397 1246 421 1273 si
433 1246 469 1272 ita
486 1246 532 1277 sit,
548 1253 613 1273 sane
628 1253 682 1272 non
692 1245 762 1272 idem
772 1250 814 1272 est
824 1245 942 1280 genitum
952 1253 1023 1277 esse,

239 1292 311 1326 quod
326 1293 443 1319 essentia
463 1302 469 1319 :
487 1297 512 1319 et
525 1299 680 1327 quanquam
709 1292 775 1319 nihil
788 1292 869 1318 infert
880 1299 933 1319 non
950 1292 1023 1327 geni~

239 1341 308 1368 tum,
322 1341 364 1363 est
379 1340 469 1364 tamen
490 1337 562 1364 aliud
576 1337 633 1371 ipsa
646 1336 800 1363 substantia
817 1346 823 1363 :
837 1344 899 1363 nam
915 1341 943 1364 et
954 1344 1026 1363 men-

240 1382 311 1409 dacii
329 1388 466 1418 expertem
488 1390 561 1414 esse,
586 1382 654 1413 nihil
682 1382 757 1409 addit
783 1382 848 1412 Deo.
865 1390 915 1409 nec
935 1387 1024 1409 tamen

240 1428 360 1456 idemest
371 1428 442 1463 quod
457 1428 612 1455 substantia
630 1436 636 1453 ί
654 1428 677 1455 si
691 1428 763 1455 enim
785 1428 815 1454 τὸ
830 1427 962 1455 mendacii
981 1435 1026 1455 cx-

240 1478 342 1509 pertem
357 1481 428 1506 esse,
443 1479 470 1501 et
486 1473 516 1500 τὸ
531 1482 584 1500 non
596 1475 714 1508 genitum
725 1481 785 1501 esse
799 1473 868 1501 idem
882 1477 945 1500 sunt
953 1473 1026 1508 qu‘od

240 1521 369 1552 essentia,
387 1521 467 1547 etiam
483 1520 553 1547 idem
565 1525 645 1546 erunt
660 1520 794 1547 mendacii
811 1527 908 1554 expers
924 1524 950 1546 et
971 1528 1024 1547 non

240 1568 371 1603 genitum.
386 1565 472 1594 Filius
487 1574 560 1597 vero,
572 1566 618 1600 qui
632 1566 690 1600 ipsa
704 1570 745 1592 est
757 1565 869 1596 veritas,
893 1566 1026 1593 mendaeii

1079 247 1156 274 νητον
1171 238 1236 271 ἕξις,
1252 239 1280 265 αὶ
1301 238 1349 273 μὲν
1369 238 1456 264 οὐσίαι
1472 238 1525 263 τῶν
1543 237 1626 270 ’ἐξεων
1643 237 1765 273 πρῶται·
1786 238 1813 264 at
1832 238 1861 264 δὲ

1078 284 1158 318 Ξξεις,
1173 286 1197 311 εί
1222 285 1270 312 καὶ
1296 285 1350 311 τῶν
1369 284 1467 311 οὐσιῶν
1488 283 1758 320 δεύτεραι(80),
1773 281 1821 310 οὖν
1830 292 1860 309 τε

1079 331 1282 367 προτιμότεραι.
1302 331 1338 358 Tb
1355 331 1384 357 δὲ
1407 331 1552 367 ἀγέννητον
1567 331 1613 357 τοῦ
1634 330 1762 365 γεννητοῦ
1775 329 1860 356 αἴτιόν

1078 378 1148 410 ἐστι,
1162 377 1233 404 κατὰ
1247 378 1278 404 τὸ
1297 377 1344 403 τοῦ
1363 375 1431 404 εἶναι
1450 377 1656 412 σημαινόμενον.
1670 377 1701 402 Εἰ
1711 377 1740 409 δὲ
1753 376 1783 405 τὸ
1797 376 1861 410 γέν-

1078 432 1151 459 νημα
1167 423 1333 459 συνεισφέρει
1344 423 1394 458 τῆς
1406 423 1501 449 ἑαυτοῦ
1515 423 1608 454 οὐσίας
1617 423 1646 449 τὸ
1661 423 1755 454 αἴτιον,
1768 422 1861 453 οὐσίας

1078 469 1136 495 ἐστὶ
1160 468 1307 503 δηλωτικὸν
1325 469 1356 495 τὺ
1377 469 1509 504 γέννημα,
1526 469 1582 495 ἀλλ’
1597 469 1647 503 οὑχ
1663 468 1759 500 ἕξεως,
1772 467 1824 502 τῆς
1839 467 1858 493 6‘

1078 515 1225 550 ἀγεννῄτου
1241 514 1347 549 φύσεως
1367 515 1443 541 οὐδὲν
1462 515 1542 549 ἑαυτῇ
1569 513 1780 548 συνεισαγούσης
1792 512 1858 548 (Si),

1079 559 1137 590 πῶς
1151 556 1201 586 οὐκ
1216 559 1249 585 ἂν
1273 559 1317 594 εἴη
1332 559 1420 589 οὐσία,
1433 559 1489 585 ἀλλ’
1503 558 1558 590 Eii;
1573 559 1589 594 ἡ
1607 559 1750 593 ἀγέννητος
1765 558 1858 592 φύσιςς

1085 606 1157 639 Ὀρθ.
1179 605 1277 637 Οὐσίας
1298 605 1347 640 μὲν
1370 605 1445 632 οὐδὲν
1465 605 1669 641 προτιμότερον,
1704 603 1856 638 σοφώτατε·

1078 650 1139 678 οὔτε
1155 651 1183 678 δὲ
1204 651 1259 683 ἕξιν
1272 650 1334 678 οὔτε
1351 651 1444 678 οὐσίαν
1461 652 1573 687 λέγομεν
1593 651 1639 677 ἐπὶ
1651 650 1717 677 Θεοῦ
1732 651 1762 677 τὺ
1779 651 1859 685 ἀγέν-

1077 705 1164 732 νητον.
1179 697 1215 723 Τὸ
1230 697 1258 723 δὲ
1277 697 1314 732 μὴ
1328 697 1504 732 γεγεννῆσθαι
1521 697 1601 724 αὑτὸν
1620 697 1652 724 δι’
1668 697 1749 724 αὐτοῦ
1771 706 1860 733 μεμα-

1079 742 1210 777 θήκαμεν,
1227 743 1276 769 καὶ
1290 742 1437 771 τοῦτολοὺκ
1453 743 1505 769 ἀπὸ
1521 743 1569 778 τῆς
1582 742 1655 774 θείας
1668 743 1787 778 Γραφῖπ,
1802 743 1860 770 ἀλλ’

1077 788 1132 814 ἀπὸ
1147 789 1196 823 τῆς
1210 789 1382 824 ἀνθρωπίνης
1405 789 1510 824 φύσεως
1527 790 1572 816 καὶ
1587 789 1699 821 ἐννοίας.
1719 789 1755 815 Τὸ
1772 789 1861 816 τοίνυν

1079 835 1234 870 ἀγέννητον,
1248 835 1294 862 τοῦ
1311 835 1439 870 γεννητοῦ
1457 836 1542 862 αἴτιον
1561 835 1610 862 οὐκ
1625 835 1680 862 ἔστι
1690 843 1697 850 ·
1712 835 1742 861 οὺ
1761 835 1816 870 γὰρ
1831 835 1862 861 τὸ

1075 881 1111 916 μὴ
1125 881 1302 916 γεγεννῆσθαι
1311 882 1356 908 τὸν
1367 881 1432 908 Θεὸν
1446 881 1493 908 τοῦ
1509 881 1573 908 Υἱοῦ
1587 881 1681 912 αἴτιον,
1694 881 1748 907 ἀλλ’
1757 883 1774 915 ἡ
1783 881 1858 909 οὐσία

1075 971 1128 1006 μὴν
1138 971 1168 997 τὸ
1180 971 1301 1006 γέννημα
1315 971 1483 1007 συνεισφέρει
1491 973 1540 1007 τὴν
1549 971 1644 998 ἑαυτοῦ
1656 971 1758 998 οὐσίαν·
1771 972 1796 998 εί
1807 972 1862 1006 γὰρ

1073 1016 1106 1042 ἃν
1133 1016 1199 1052 (82),
1231 1017 1318 1044 πάντα
1337 1017 1372 1044 τὰ
1387 1017 1502 1053 γεννητὰ
1526 1017 1575 1052 τὴν
1594 1017 1677 1053 αὐτὴν
1706 1017 1861 1052 συνεισέφε-

1056 1088 1060 1091 ,
1076 1070 1120 1097 ρον
1136 1063 1239 1095 οὐσίαν,
1256 1063 1302 1089 καὶ
1328 1063 1452 1098 ἄγγελος,
1470 1064 1516 1090 καὶ
1538 1063 1629 1095 ἵππος,
1644 1063 1691 1090 καὶ
1706 1063 1790 1094 κύων,
1815 1063 1862 1090 καὶ

1074 1107 1225 1142 ἄνθρωπος.
1251 1109 1342 1135 Πάντα
1360 1109 1414 1146 γὰρ
1430 1109 1528 1143 ὁμοίως
1548 1109 1602 1135 εἰσὶ
1615 1109 1742 1144 γεννητὰ,
1759 1109 1816 1135 ἀλλ’
1830 1109 1861 1135 οὐ

1074 1153 1124 1188 τῆς
1145 1155 1229 1190 αὐτῆς
1244 1155 1347 1186 οὐσίας.
1360 1156 1391 1182 Εἰ
1404 1155 1431 1181 δὲ
1447 1154 1535 1188 τοῦτο,
1552 1155 1601 1181 οὐκ
1616 1155 1669 1190 ἄρα
1689 1155 1718 1181 τὸ
1733 1155 1861 1191 γεννητὸν

1074 1200 1163 1226 οὐσία.
1185 1201 1243 1227 Κᾶν
1259 1201 1297 1236 μὴ
1315 1199 1361 1228 οὖν
1387 1201 1528 1236 είσάγηταί
1541 1210 1567 1227 τι
1580 1201 1610 1227 τὸ
1623 1201 1778 1236 ἀγέννητον.
1794 1201 1862 1227 ἀλλά

1075 1246 1150 1281 παρά
1159 1246 1237 1272 τοῦτο
1255 1246 1332 1273 οὐσία
1343 1255 1349 1262 ·
1364 1247 1411 1274 καὶ
1423 1247 1476 1282 γὰρ
1492 1247 1538 1274 καὶ
1549 1247 1578 1273 τὸ
1590 1247 1703 1281 ἀψευδὲς
1713 1247 1789 1273 οὐδὲν
1804 1248 1861 1274 εἰσι

1076 1292 1148 1326 ἀγει,
1165 1293 1211 1319 καὶ
1230 1293 1279 1319 οὐκ
1293 1293 1364 1320 ἔστιν
1393 1294 1484 1320 οὐσία·
1501 1295 1526 1320 εί
1537 1293 1591 1328 γὰρ
1607 1293 1637 1319 τὸ
1655 1293 1768 1328 ἀψευδὲς
1783 1293 1863 1320 οὐσία

1076 1338 1123 1365 καὶ
1146 1337 1176 1364 τὸ
1198 1338 1343 1373 ἀγέννητον
1357 1339 1434 1365 οὐσία
1451 1338 1517 1373 (85),
1531 1338 1613 1364 ταυτό
1634 1339 1692 1364 ἐστι
1704 1338 1734 1364 το
1747 1337 1862 1372 ἀψευδὲς

1074 1384 1113 1418 τῷ
1131 1385 1279 1420 ἁγεννήτῳ.
1297 1384 1426 1420 Ἀψευδὴς
1440 1384 1468 1411 δὲ
1481 1385 1496 1410 ὁ
1510 1385 1583 1416 Υἱὸς,
1596 1384 1707 1420 ἀλήθεια
1721 1383 1768 1410 ὥν·
1781 1384 1863 1418 ἀγέν-

1075 1438 1154 1464 νητος
1175 1431 1241 1466 ἄρα·
1259 1431 1308 1457 οὐκ
1332 1431 1478 1466 ἀγέννητος
1499 1431 1528 1458 δὲ
1545 1430 1615 1457 κατὰ
1633 1431 1673 1462 σὲ,
1686 1430 1803 1466 ἀψευδὴς
1814 1429 1842 1456 δέ
1853 1439 1860 1445 ·

1075 1476 1104 1502 οὗ
1119 1477 1202 1504 ταυτὸ
1215 1477 1269 1512 ἄρα
1282 1485 1314 1512 ση
1319 1477 1478 1512 μαινόμενόν
1493 1478 1550 1503 ἐστι
1564 1477 1593 1503 τὸ
1607 1476 1719 1512 ἀψευδὲς
1732 1476 1771 1512 τῷ
1782 1478 1864 1511 ἀγεν-

1076 1523 1157 1558 νήτῳ.
1175 1523 1206 1548 Et
1223 1522 1252 1549 δὲ
1268 1523 1317 1548 οὐκ
1339 1523 1396 1549 ἐστι
1411 1523 1493 1549 ταυτὸ
1514 1522 1721 1558 σημαινόμενον,
1741 1521 1792 1549 οὐκ
1807 1522 1864 1557 ἄρα

1077 1568 1154 1594 οὐσία
1168 1567 1198 1593 τὸ
1209 1567 1364 1603 ἀγέννητον,
1382 1569 1443 1594 ἐπεὶ
1457 1567 1524 1603 μηδὲ
1537 1568 1567 1594 τὸ
1579 1567 1703 1602 ἀψευδές,

239 1620 336 1647 expers
351 1616 409 1644 est;
425 1618 490 1646 ergo
518 1612 599 1638 etiam
622 1619 675 1638 non
696 1611 802 1646 genitus
821 1611 891 1638 erit:
906 1618 958 1637 non
973 1616 1014 1638 est
1033 1616 1121 1640 autem
1139 1614 1288 1640 secundum
1306 1618 1332 1641 te
1346 1622 1401 1641 non
1419 1614 1549 1648 genitus,
1562 1618 1589 1640 ct
1621 1617 1662 1640 est
1679 1618 1769 1640 tamen
1785 1620 1863 1640 men-

239 1660 311 1688 dacii
339 1667 452 1695 expers;
477 1659 559 1694 igitur
587 1658 720 1686 mendacii
743 1667 840 1694 expers
868 1667 923 1685 non
956 1659 1027 1687 idem
1058 1661 1194 1695 signiﬁcat
1220 1661 1293 1696 quod
1324 1669 1377 1688 non
1407 1660 1538 1695 genitum.
1570 1659 1599 1686 Si
1615 1666 1678 1686 vero
1707 1666 1762 1685 non
1790 1658 1862 1685 idem

240 1707 386 1742 signiﬁcat,
414 1713 480 1733 sane
501 1707 620 1733 essentia
646 1713 700 1732 non
721 1712 763 1733 est
796 1706 958 1741 ingenitum,
979 1707 1107 1741 quoniam
1143 1717 1191 1736 nec
1219 1710 1307 1744 ipsum
1324 1707 1466 1743 lmendacii
1483 1715 1582 1742 expers
1600 1714 1660 1734 esse
1685 1707 1743 1741 ipsa
1768 1713 1864 1733 essen.

240 1753 277 1779 tia
291 1757 343 1778 est.

274 1798 320 1824 25.
334 1798 430 1824 Anam.
445 1797 474 1823 Si
485 1797 574 1823 omnis
596 1796 749 1823 substantia
777 1801 820 1824 est
849 1804 903 1824 non
922 1797 1022 1832 genita,

240 1844 329 1879 qualis
341 1849 367 1870 et
375 1843 419 1870 Dei
432 1843 635 1878 omnipotentis,
647 1842 782 1877 quomodo
797 1843 865 1869 hanc
877 1842 952 1870 dices
963 1850 1024 1870 esse

240 1890 392 1924 patibilem,
409 1889 482 1916 illam
510 1897 574 1916 vero
588 1889 784 1924 impatibilem?
803 1889 831 1915 Si
848 1894 950 1916 natura!
968 1897 1024 1917 non

240 1935 337 1969 genita:
365 1934 552 1966 attribulione,
581 1935 720 1968 quantitas
743 1934 850 1969 quidem
866 1939 894 1961 et
907 1935 1023 1970 qualitas

240 1985 406 2016 perseverat.
426 1981 590 2015 omninoque
602 1980 624 2008 si
641 1980 703 2011 erit,
714 1981 787 2007 omni
802 1981 952 2008 mutatione
977 1989 1023 2008 su-

241 2027 375 2062 periorem
390 2030 497 2061 oportet
519 2033 591 2053 esse.
620 2025 648 2052 Si
671 2033 736 2052 vero
762 2026 882 2060 passioni
903 2026 1024 2054 obnoxia

240 2076 293 2105 est,
312 2073 348 2098 ita
363 2075 392 2098 ut
403 2071 648 2098 immutabilitatem
665 2071 789 2098 essentia:
802 2071 931 2102 obtineat,
949 2072 1024 2098 casui

240 2119 398 2153 permittere
413 2125 541 2152 cogemur
552 2125 583 2144 ea
606 2125 666 2152 qua:
686 2117 759 2144 circa
787 2125 831 2144 res
856 2117 998 2152 praedictas
1017 2127 1023 2144 :

241 2169 287 2191 aut
298 2164 380 2200 (quod
397 2171 461 2192 sane
476 2163 538 2191 inde
562 2164 748 2199 consequitur)
764 2170 822 2190 eam
850 2171 910 2197 qua:
935 2163 1026 2195 ellicit,

1111 1797 1156 1824 23.
1171 1797 1270 1830 Ἀνόμ.
1286 1797 1317 1822 Et
1332 1797 1405 1822 πᾶσα
1416 1794 1496 1822 οὐσία
1510 1795 1584 1821 ἐστὶν
1601 1795 1756 1830 ἀγέννητος,
1777 1797 1821 1822 οἶα
1845 1799 1863 1830 ἡ

1076 1843 1122 1870 τοῦ
1133 1843 1200 1870 Θεοῦ
1213 1843 1439 1878 παντοκράτορος,
1451 1841 1510 1872 πῶς
1519 1842 1568 1877 τὴν
1578 1841 1626 1877 μὲν
1641 1841 1764 1878 παθητὴν
1778 1844 1861 1879 ἐρεῖς,

1076 1891 1125 1926 τὴν
1135 1890 1162 1916 δὲ
1176 1889 1283 1925 ἀπαθῆ;
1299 1889 1330 1916 Et
1343 1889 1371 1915 δὲ
1382 1889 1488 1923 φύσεως
1498 1888 1686 1924 ἀποκληρώσει
1702 1889 1862 1926 ἀγεννῆ-τον,

1076 1938 1092 1972 ὴ
1107 1937 1157 1972 μὲν
1170 1936 1290 1971 διαμένει
1306 1935 1422 1970 ποσότης
1439 1935 1495 1969 (84)
1515 1935 1562 1961 καὶ
1575 1935 1695 1970 ποιότης,
1709 1936 1757 1962 καὶ
1768 1936 1863 1969 ἁπλῶς

1075 1979 1100 2005 εἰ
1117 1977 1160 2014 ἦν,
1177 1979 1265 2013 πάσης
1281 1977 1430 2013 μεταϐολῆς
1444 1976 1561 2012 ἀμείνων
1575 1976 1688 2012 ὤφειλεν
1701 1976 1780 2004 εἶναι.
1792 1979 1823 2005 El
1834 1979 1865 2006 δὲ

1076 2024 1157 2051 πάθει
1178 2024 1250 2050 ἐστὶν
1266 2023 1425 2054 ὑπεύθυνος,
1441 2023 1645 2058 συγχωρηθεῖσα
1657 2024 1687 2050 τὸ
1701 2025 1863 2061 ἀπαράλλα-

1076 2079 1139 2097 κτον
1157 2072 1196 2102 είς
1210 2069 1303 2096 οὐσίαν
1316 2069 1398 2104 ἔχειν,
1418 2069 1457 2104 τῷ
1478 2070 1622 2105 αὐτομάτῳ
1638 2068 1693 2104 (85)
1716 2071 1865 2107 ἐπιτρέψαι

1075 2115 1217 2151 ὀφείλομεν
1232 2115 1265 2142 τὰ
1278 2115 1347 2141 κατά
1357 2115 1406 2147 τὰς
1415 2116 1628 2151 προειρημένας·
1643 2116 1659 2151 ἢ
1673 2116 1713 2152 (τὸ
1722 2117 1788 2151 γοῦν
1803 2119 1867 2145 ἀκό-

1076 2162 1182 2198 λουθον)
1209 2162 1256 2197 τὴν
1273 2161 1400 2188 ποιοῦσαν
1417 2162 1562 2196 ἀγέννητον
1576 2163 1673 2194 εἰπεῖν,
1686 2164 1819 2200 γεννητὴν
1835 2165 1865 2191 δὲ

241 2209 332 2236 dicere
348 2217 400 2235 non
416 2209 533 2243 genitam
548 2217 553 2234 :
571 2216 630 2236 eam
649 2216 712 2236 vero
733 2216 793 2244 qua:
815 2213 935 2235 mutatur
948 2209 1024 2243 geni-

1077 2209 1126 2243 τὴν
1142 2207 1386 2243 μεταϐαλλομένην.
1408 2208 1483 2241 Ὅρθ.
1493 2208 1565 2234 Ἔδει
1584 2208 1631 2243 μὲν
1645 2206 1691 2235 οὖν
1705 2210 1780 2244 ἡμᾶς
1794 2210 1866 2246 πρὸς

241 2260 306 2283 tam.
323 2255 398 2283 Ortlt.
417 2255 546 2290 Equidem
563 2254 596 2281 ad
611 2260 672 2282 tuas
689 2255 758 2282 male
772 2255 938 2282 cohmrentes
963 2262 1023 2290 pro-

241 2301 391 2336 positiones
404 2298 485 2336 atque
505 2301 689 2334 inductiones,
713 2301 781 2328 nihil
805 2308 856 2328 nos
881 2301 1024 2335 oportebat

242 2348 421 2382 respondere:
438 2351 567 2380 attamen,
579 2355 612 2374 ne
621 2347 669 2374 tibi
681 2347 799 2374 videaris
813 2347 932 2381 sapiens,
947 2346 1024 2373 disce

241 2401 260 2427 al
272 2393 448 2428 blasphemiis
463 2393 611 2420 abstinere.
630 2392 670 2419 Tu
684 2392 729 2427 qui
741 2393 862 2427 passioni
877 2392 1022 2419 obnoxiam

241 2437 302 2465 Filii
320 2438 499 2466 substantiam
526 2438 605 2470 dicis,
623 2438 656 2465 ab
683 2445 716 2464 eo
731 2438 858 2472 passione
874 2441 904 2464 ut
928 2444 1023 2464 careas

240 2493 274 2511 nc
289 2490 449 2519 exspectes:
467 2485 491 2511 si
504 2486 575 2511 enim
597 2485 742 2519 participes
759 2483 818 2518 ejus
837 2483 901 2510 facti
918 2491 1022 2515 sumus,

241 2531 344 2564 absque
358 2530 532 2564 passionibus
543 2530 714 2557 manebimus
730 2537 735 2554 :
755 2530 875 2563 passioni
893 2537 958 2564 ergo
975 2529 1023 2555 ob-

240 2576 322 2602 noxia
337 2579 389 2605 est.
404 2583 465 2610 qua:
473 2575 534 2603 aliis
544 2576 594 2602 hoc
604 2579 725 2610 praestat,
740 2579 770 2602 ut
781 2575 907 2610 passione
918 2579 1021 2602 vacent.

241 2621 370 2656 Quisquis
382 2622 464 2656 igitur
480 2627 569 2649 tecum
587 2621 696 2653 dixerit,
716 2629 824 2648 omnem
842 2621 1022 2648 substantiam

241 2675 296 2694 non
309 2668 429 2702 genitam
445 2675 517 2700 esse,
532 2668 706 2696 Christianus
718 2675 772 2695 non
791 2671 833 2695 est
853 2676 860 2694 :
881 2675 935 2694 non
951 2668 1023 2694 enim

241 2713 348 2747 opilicia
369 2714 491 2741 eamdem
501 2722 582 2749 quam
600 2714 691 2751 opifex
712 2713 862 2742 cxsistendi
891 2714 1022 2740 rationem

276 2780 332 2817 (80)
351 2783 464 2817 August.
477 2783 530 2810 τῶν
543 2784 679 2811 οὑσιωδῶν
692 2785 765 2812 δεξιτ.

275 2816 332 2886 (81)
352 2816 465 2851 August.
481 2819 557 2845 οὐδὲν
571 2820 659 2855 ἑαυτῷ
674 2826 776 2848 συνεισ.

286 2851 330 2886 81)
349 2851 435 2881 Palat.
451 2853 468 2880 2
483 2859 509 2881 et
521 2857 634 2886 August.
652 2853 686 2886 ἦν
699 2856 752 2886 γὰρ
769 2857 776 2882 ἐ

286 2851 330 2887 81)
349 2851 435 2881 Palat.
451 2853 468 2880 2
483 2859 509 2881 et
521 2857 634 2890 August.
644 2851 686 2891 ’ἦν
699 2856 752 2891 γὰρ
769 2857 816 2882 ἄν.-

1075 2253 1105 2279 τὸ
1129 2253 1307 2280 ἀνακόλουθον
1323 2254 1377 2279 τῶν
1394 2253 1549 2288 προτάσεων
1571 2254 1617 2279 καὶ
1635 2254 1690 2280 τῶν
1709 2256 1866 2290 ἐπαγωγῶν

1076 2299 1144 2334 μήτε
1159 2298 1374 2334 ἀποκρίνασθαι·
1398 2299 1440 2324 ἴνα
1453 2298 1481 2325 δὲ
1502 2298 1539 2333 μὴ
1551 2298 1628 2334 δόξῃς
1644 2299 1774 2335 φρόνιμος
1787 2302 1866 2337 παρά

1074 2344 1188 2379 σεαυτῷ,
1215 2344 1332 2379 μάνθανε
1360 2344 1397 2380 μὴ
1425 2344 1602 2379 βλασφημεῖν.
1621 2345 1748 2382 Παθητὴν
1776 2347 1866 2381 λέγων

1073 2391 1121 2426 τὴν
1139 2389 1184 2416 τοῦ
1206 2390 1271 2433 Υἱος)
1297 2390 1402 2422 οὐσίαν,
1421 2391 1458 2426 μὴ
1485 2391 1673 2427 προσδοκήσῃς
1699 2393 1764 2427 παρ’
1779 2393 1866 2420 αὑτοῦ

1072 2437 1120 2472 τὴν
1136 2436 1269 2463 ἀπάθειαν
1296 2437 1507 2472 κληρονομῆσαν
1524 2438 1548 2464 εἰ
1566 2438 1619 2474 γὰρ
1645 2439 1753 2474 μέτοχοι
1777 2441 1866 2476 αὐτῆς

1072 2482 1232 2516 γεγόναμεν,
1252 2481 1367 2512 ἀπαθεῖς
1389 2481 1560 2516 διαμένομεν.
1585 2482 1704 2518 Ἀπαθὴς
1719 2483 1774 2518 ἄρα
1788 2485 1867 2511 ἐστὶν

1073 2529 1089 2563 ὴ
1115 2529 1269 2563 παρέχουσα
1300 2527 1387 2559 ἄλλοις
1417 2527 1465 2562 τὴν
1488 2527 1629 2554 ἀπάθειαν.
1654 2529 1684 2555 ’0
1703 2527 1751 2556 οὖν
1775 2529 1867 2564 λέγων

1073 2574 1162 2600 πᾶσαν
1189 2573 1281 2599 οὐσίαν
1310 2571 1379 2599 εἶναι
1402 2573 1549 2608 ἀγέννητον
1573 2573 1640 2608 μετὰ
1663 2573 1720 2605 σοῦ,
1735 2574 1786 2601 οὐκ
1805 2575 1868 2602 ἐστι

1073 2619 1243 2654 Χριστιανός·
1255 2619 1285 2646 οὐ
1301 2617 1354 2654 γὰρ
1369 2619 1412 2645 τὸν
1428 2619 1507 2645 αὑτὸν
1521 2618 1599 2653 λόγον
1618 2619 1664 2645 τοῦ
1680 2617 1746 2645 εἶναι
1763 2620 1869 2655 ἔχομεν

1073 2665 1106 2691 τά
1124 2665 1263 2700 ποιήματα
1289 2664 1327 2700 τῷ
1341 2665 1512 2699 πεποιηκότι.
1530 2665 1578 2692 Διὰ
1593 2664 1646 2701 γὰρ
1659 2664 1738 2692 τοῦτο
1751 2666 1800 2692 καὶ
1818 2667 1869 2692 τὸν

1074 2712 1138 2737 Υἱὺν
1153 2711 1322 2746 ἀπαύγασμα
1348 2709 1417 2737 εἷναι
1436 2711 1561 2747 λέγομεν,
1578 2711 1622 2738 ἵνα
1651 2711 1688 2746 μὴ
1712 2711 1758 2736 τὸν
1779 2711 1868 2738 αὑτὸν

1109 2780 1164 2815 (85)
1184 2782 1299 2816 August.
1312 2782 1358 2808 καὶ
1372 2782 1402 2808 τὸ
1415 2782 1542 2816 γεννητὸν
1556 2781 1646 2809 οὐσία.

1109 2816 1163 2850 (δέ)
1184 2817 1298 2850 August.
1313 2822 1339 2843 et
1354 2817 1440 2843 Palat.
1452 2817 1469 2844 2
1484 2815 1508 2843 ει
1526 2816 1573 2851 μὲν
1591 2816 1664 2851 μένει
1681 2815 1810 2851 ποσότης.

1110 2851 1164 2887 (85)
1184 2851 1270 2879 Palat.
1284 2851 1301 2878 Ξ
1316 2852 1467 2888 itAugusl.
1486 2852 1516 2878 τδ
1528 2852 1697 2887 αὐτομάτως.
