1926 3067
121 159 193 186 H95

613 157 658 185 DE
677 155 813 187 SANCTA
833 155 1019 186 TBlNlTATE
1037 156 1209 186 BIALOG'US
1227 156 1258 185 Il.

1670 158 1738 187 “94

119 215 198 251 λόγον
214 215 260 243 τοῦ
279 214 348 243 εἶναι
365 216 436 252 ἔχειν
455 217 610 252 νομίσωμεν
635 217 726 249 αὑτὸν,
753 217 782 244 ὃν
807 217 898 254 Εχομει

956 217 1098 245 habemus.
1120 216 1187 245 Nam
1212 217 1274 245 ideo
1294 214 1396 244 Filium
1423 216 1595 252 splendorem
1618 225 1681 246 esse
1696 217 1738 245 di—

121 263 212 298 ἡμεῖς.
231 263 256 289 oi
273 262 303 295 ἐξ
326 263 375 289 οὐκ
398 263 480 289 ὕντων
509 263 568 290 κατ’
593 263 700 299 ἐντολὴν
727 263 903 299 ὑπάρχοντες.

121 309 221 344 ’λιν-ὀμ.
234 309 265 336 El
282 310 331 345 τῆς
350 310 512 345 γιγνομένης
534 312 550 346 ὴ
576 310 720 346 ἀγέννητος
737 311 817 346 φύσις
832 312 905 338 ἐστὶν

120 354 203 388 αἰτία,
218 354 248 381 τὸ
261 347 451 390 δὲ’ἀγέννητον
472 354 554 390 μηδὲν
571 354 613 390 εἴη
624 363 631 370 ·
645 355 703 387 πῶς
714 355 747 382 ἂν
763 355 805 391 εἴη
820 355 905 383 αἴτιον

119 399 151 426 τὺ
172 400 254 435 μηδὲν
280 399 327 427 τοῦ
355 400 512 435 γεγονότος;
543 402 618 435 Ὀρθ.
639 401 717 428 Atria
738 402 810 429 ἐστὶν
827 401 904 438 ἡτοῦ

120 444 189 471 Θεοῦ
203 445 293 480 φύσις,
309 446 355 473 καὶ
370 445 416 473 τοῦ
432 445 507 478 Υἱοῦ,
521 446 567 473 καὶ
580 446 625 474 τοῦ
642 446 718 481 ἁγίου
737 447 904 483 Πνεύματος,

120 491 168 518 καὶ
178 491 228 527 τῆς
243 492 357 524 κτίσεως
369 492 467 528 πάσης·
478 492 545 519 ἀλλὰ
559 492 606 519 τοῦ
619 492 667 528 μὲν
682 492 746 519 Υἱοῦ
759 493 795 525 ὡς
807 493 903 528 Λόγου,

118 537 166 565 τοῦ
182 538 210 564 δὲ
229 537 384 574 Πνεύματος
400 538 438 570 ὡς
452 539 534 574 πνοῆς
544 547 550 554 ο
568 539 635 574 πνοὴ
651 538 704 574 γὰρ
719 539 904 575 Παντοκράτο-

119 591 168 619 ρος
187 583 203 619 ἡ
219 583 347 616 διδάξασά
373 592 422 619 με·
439 584 488 620 τῆς
504 584 532 611 δὲ
555 584 669 616 κτίσεως
688 584 726 616 ὡς
743 586 903 620 ποιήματος.

125 629 174 656 Ἐκ
189 629 244 665 γὰρ
257 629 388 665 μεγέθους
400 630 445 656 καὶ
461 629 590 665 καλλονῆς
602 630 756 666 κτισμάτων
769 631 906 665 ἀναλόγως

117 675 134 702 ὁ
147 675 336 712 γενεσιουργὺς
349 676 437 702 αὐτῶν
450 676 604 712 θεωρεῖται·
622 675 683 703 οὔτε
700 677 728 703 δὲ
744 677 821 712 λόγος
840 686 907 713 προ-

119 721 230 756 φορικὸς
246 721 291 748 διὰ
307 721 360 748 τῶν
377 721 535 757 φωνητικῶν
548 722 669 758 ὀργάνων
682 722 903 758 ἐκπεμπόμενος,

117 766 181 794 οὒτε
198 768 263 803 πνοή
273 775 315 799 τις
330 767 488 803 διαχεομένη
503 766 549 793 καὶ
557 766 603 794 διὰ
617 766 671 794 τῶν
685 767 904 794 ἀναπνευστικῶν

117 812 242 848 ὁργάνων
256 813 535 848 ὲκπεμπομένη,ἀλλά
546 813 592 840 καὶ
606 813 691 847 Λόγος
706 813 759 845 ζῶν
773 814 819 840 καὶ
831 814 905 848 ὲνερ-

118 859 186 894 γής*
204 868 214 884 ι
235 859 327 885 Πάντα
341 858 396 894 γὰρ
410 859 444 885 δι’
459 858 541 885 αὐτοῦ
558 859 679 893 ἐγένετο·
698 869 706 885 ι
717 860 805 886 καὶτὸ
820 860 904 887 Πνεῦ-

955 264 1058 295 cimus,
1086 270 1121 291 ne
1143 263 1266 292 eamdem
1295 263 1445 291 exsistendi
1475 264 1611 291 rationem
1648 264 1737 299 ipsum

956 309 1055 337 habere
1079 310 1275 342 existimemus,
1304 317 1386 344 quam
1406 313 1433 337 et
1456 317 1520 342 nos,
1545 310 1592 344 qui
1617 317 1650 337 ex
1682 317 1736 336 non

954 356 1149 384 exsistentibus
1172 355 1219 384 Dei
1247 357 1374 384 mandato
1392 355 1560 384 exsistimus.
1585 356 1680 382 Anam.
1708 355 1737 383 Si

955 403 1071 430 condita:
1084 407 1188 430 natura:
1198 411 1251 430 non
1266 404 1355 439 genita
1380 407 1477 429 natura
1493 410 1577 430 causa
1609 407 1661 434 est,
1681 409 1735 430 non

955 449 1075 484 genitum
1086 453 1176 476 autem
1207 449 1273 476 nihil
1288 453 1339 481 est,
1357 450 1492 484 quomodo
1520 449 1580 484 ejus
1598 450 1671 485 quod
1696 450 1737 477 fa-

955 498 1029 521 ctum
1053 498 1103 525 est,
1119 501 1201 522 causa
1217 502 1278 522 esse
1308 499 1397 529 potest
1424 494 1497 530 quod
1514 503 1568 522 non
1583 496 1643 523 est?
1657 495 1734 523 Orth.

955 538 1002 567 Dei
1024 543 1132 571 natura,
1159 539 1231 572 Filii,
1261 545 1288 567 et
1313 540 1429 574 Spiritus
1442 541 1541 573 sancti,
1556 545 1584 567 et
1603 541 1736 568 universa:

955 590 1086 612 creaturae
1115 593 1197 612 causa
1221 590 1263 612 est
1283 595 1289 613 :
1307 590 1334 612 at
1351 585 1411 613 Filii
1438 591 1468 614 ut
1497 585 1591 619 Verbi;
1619 585 1735 621 Spiritus

955 639 1020 658 vero
1034 632 1132 663 sancti,
1151 636 1180 658 ut
1205 631 1284 659 ﬂatus
1310 641 1316 659 :
1337 632 1417 660 llatus
1432 633 1504 659 enim
1536 632 1735 668 Omnipotentis

954 683 996 705 est
1010 677 1057 713 qui
1072 686 1115 705 me
1133 678 1225 705 docuit
1242 686 1249 711 ;
1264 683 1449 705 creaturarum
1463 683 1563 710 autem,
1589 683 1618 706 ut
1633 679 1734 714 operis.

955 723 994 750 Ex
1009 724 1192 759 magnitudine
1207 725 1278 752 enim
1297 728 1324 752 et
1339 731 1436 752 ornatu
1453 730 1650 758 creaturarum,
1668 733 1737 761 qua-

954 769 1016 796 dam
1031 761 1311 809 proportioneopifex
1328 771 1436 798 illarum
1450 772 1627 807 conspicitur,
1648 780 1736 808 neque

954 823 1019 842 vero
1034 815 1144 842 verbum
1162 808 1329 850 prolatitium
1354 820 1395 844 est
1411 816 1491 852 437
1506 825 1554 852 per
1570 819 1675 845 vocalia
1689 826 1736 846 or-

954 867 1022 894 gana
1035 861 1176 892 emissum,
1197 868 1286 895 neque
1299 861 1380 888 ctiam
1398 861 1478 890 ﬂatus
1495 862 1540 890 ille
1548 862 1664 891 diﬂ‘usus
1674 864 1736 899 qui-

120 913 160 939 μα
173 903 227 937 ζῶν
241 905 288 932 καὶ
303 904 429 940 ἐνεργοῦν
438 913 444 919 ·
463 914 472 930 ι
488 904 579 932 Πάντα
593 905 646 940 γὰρ
661 906 765 942 ἐνεργεῖ
776 906 862 933 ταῦτα
873 906 898 932 τὲ

953 905 1013 933 dem
1028 910 1055 933 et
1067 913 1115 940 per
1128 913 1230 941 organa
1249 906 1361 941 spiritus
1372 907 1495 935 vehicula
1511 909 1630 937 emissus
1647 921 1653 936 :
1669 911 1735 946 quin

118 950 149 976 ἓν
167 951 214 977 καὶ
226 951 256 977 τὸ
270 950 335 977 αὺτὺ
349 951 471 986 Πνεῦμα,
487 950 607 987 διαιροῦν
625 950 678 986 ιδίᾳ
691 951 798 986 ἑκάστῳ
813 951 904 984 καθὼς

119 996 252 1031 βούλεται.
267 1007 276 1023 ι
287 997 323 1024 Τὸ
336 997 364 1024 δὲ
380 997 523 1033 ἀγέννητον
536 998 585 1024 οὐκ
598 997 670 1024 ἐστιν
683 997 767 1024 αἴτιον
781 998 827 1024 τοῦ
841 1006 903 1032 γεν-

117 1043 216 1079 νητοῦ·
233 1043 262 1070 οὑ
275 1042 329 1080 γὰρ
346 1043 376 1070 τὸ
393 1043 430 1079 μὴ
445 1043 570 1078 γενέσθαι
586 1044 632 1071 τὸν
648 1043 714 1070 Θεὸν
729 1043 783 1070 τῶν
805 1044 903 1071 οὐσιῶν

118 1089 212 1116 αἴτιον·
223 1089 280 1116 ἀλλ’
293 1091 309 1126 ή
325 1090 403 1117 οὐσία
415 1090 468 1116 τῶν
482 1090 580 1117 οὐσιῶν
594 1090 676 1121 αἰτία,
690 1090 727 1121 ὡς
739 1090 853 1126 εἴρηται.
871 1090 902 1117 El

117 1136 172 1173 γὰρ
196 1136 227 1163 τὺ
251 1136 395 1172 ἀγέννητον
418 1136 512 1168 αἴτιον,
536 1137 621 1168 αἴτιος
634 1136 663 1162 δὲ
677 1136 723 1162 καὶ
740 1137 754 1162 ὁ
770 1135 832 1168 Υἱὸς
846 1136 899 1162 τῶν

117 1183 273 1218 κτισμάτων
282 1191 289 1198 °
307 1183 451 1219 ἁγέννητος
464 1182 525 1218 ἄρα·
539 1182 595 1209 ἀλλ’
607 1182 656 1208 οὐκ
670 1181 815 1216 ἀγέννητος
830 1182 899 1209 κατά

119 1227 165 1258 σὲ,
179 1227 263 1258 αἴτιος
275 1227 313 1254 δέ·
327 1227 357 1254 οὐ
371 1227 401 1253 τὸ
414 1227 559 1263 ἀγέννητον
571 1226 625 1262 ἀρα
639 1226 733 1253 αἴτιον.

955 951 1045 987 potius
1059 950 1177 979 Verbum
1190 951 1256 979 illud
1275 953 1369 979 vivens
1382 957 1424 980 est
1444 957 1471 981 et
1483 953 1577 982 eﬁicax
1591 963 1597 981 :
1618 965 1626 981 I
1637 955 1736 984 Omnia

954 997 1026 1025 enim
1039 1005 1088 1032 per
1099 997 1165 1024 illud
1177 997 1248 1024 facta
1265 998 1408 1030 sunt"-”,
1421 1008 1430 1025 ι
1449 1003 1476 1026 ει
1495 999 1612 1035 Spiritus
1627 1010 1735 1038 quoque

953 1044 999 1071 ille
1017 1044 1095 1072 vivus
1109 1047 1151 1071 est
1174 1048 1201 1071 et
1217 1051 1350 1079 operans:
1373 1055 1382 1071 ι
1398 1044 1494 1073 Omnia
1510 1047 1582 1074 enim
1599 1047 1655 1076 haec
1669 1057 1735 1084 ope-

952 1093 1030 1117 ratur
1043 1098 1114 1118 unus
1127 1095 1207 1125 atque
1224 1090 1294 1117 idem
1314 1089 1444 1126 Spiritus,
1468 1093 1594 1122 dividens
1617 1095 1733 1131 singulis

952 1139 1032 1171 prout
1045 1136 1101 1164 vult
1115 1136 1149 1162 ιο.
1171 1146 1180 1161 1
1198 1135 1227 1162 id
1245 1143 1308 1163 vero
1320 1137 1392 1172 quod
1404 1145 1458 1165 non
1473 1140 1592 1174 genitum
1606 1147 1655 1174 est,
1677 1150 1734 1171 non

952 1185 994 1208 est
1009 1188 1090 1208 causa
1105 1181 1189 1216 geniti
1205 1190 1210 1207 :
1224 1188 1310 1215 neque
1326 1182 1397 1208 enim
1410 1183 1474 1217 quia
1489 1183 1560 1212 Deus
1575 1184 1663 1214 factus
1677 1194 1733 1214 non

952 1229 1004 1259 est,
1020 1225 1080 1253 ideo
1093 1233 1176 1253 causa
1191 1230 1233 1254 est
1253 1227 1482 1262 substantiarum;
1509 1230 1557 1257 sed
1580 1231 1732 1259 substantia

118 1273 330 1300 substantiarum
353 1280 436 1300 causa
460 1276 511 1306 est,
533 1275 563 1299 ut
585 1272 687 1299 dictum
712 1275 763 1299 est.
789 1270 895 1298 Etenim
912 1270 934 1299 si
950 1271 1022 1306 quod
1034 1278 1088 1298 non
1102 1270 1222 1306 genitum
1234 1275 1369 1300 estcausa
1381 1278 1437 1308 est;
1454 1282 1537 1303 causa
1552 1283 1615 1304 vero
1624 1282 1732 1306 creatu-

120 1327 212 1346 rarum
227 1319 308 1346 etiam
320 1319 404 1347 Filius
422 1322 482 1352 est;
507 1326 570 1353 ergo
585 1322 613 1346 et
635 1325 689 1346 non
702 1317 828 1353 genitus:
847 1324 901 1344 non
919 1321 961 1345 est
969 1321 1060 1345 autem
1070 1325 1124 1344 non
1135 1317 1243 1352 genitus
1260 1319 1410 1347 secundum
1433 1324 1469 1355 te,
1480 1325 1508 1349 et
1528 1326 1618 1351 tamen
1629 1332 1731 1361 causa;

118 1368 202 1403 igitur
217 1375 271 1394 non
286 1366 406 1402 genitum
423 1374 478 1393 non
492 1369 637 1394 estcausa.

153 1415 198 1443 21:.
212 1415 311 1449 Ἀνόμ.
323 1415 354 1441 Εἰ
367 1414 397 1440 τὸ
407 1414 551 1449 ἀγέννητον
561 1414 721 1450 στέρησις,ὴ
732 1412 759 1439 δὲ
772 1413 899 1448 στέρησις

117 1462 200 1495 ἕξεως
214 1460 333 1496 ἀποϐολή
348 1460 432 1491 ἐστιν,
446 1461 462 1495 ἡ
474 1459 503 1486 δὲ
521 1459 640 1494 ἀποϐολὴ
664 1458 802 1490 παντελῶς
818 1458 900 1485 ἀπόλ-

117 1508 205 1540 λυται,
215 1507 231 1543 ἢ
242 1506 398 1542 μεθίσταται
414 1506 457 1540 ἐφ’
470 1506 571 1541 ἕτερον’
588 1505 645 1537 πῶς
661 1503 716 1532 οἶόν
728 1513 757 1531 τε
767 1505 822 1538 Eget
836 1503 899 1540 μεθ-

120 1553 250 1589 ισταμένη
274 1552 290 1588 ῆ
309 1551 480 1588 ἀπολλυμένῃ
504 1551 710 1586 κατωνομάσθαι
733 1551 781 1586 τὴν
805 1551 898 1578 οὐσίαν

117 1598 164 1625 τοῦ
180 1597 246 1624 Θεοῦ
270 1598 414 1632 ἀγεννήτου
432 1597 538 1631 φύσεως
557 1597 742 1633 προσηγορίᾳ;
766 1597 840 1630 ὀρθ.
854 1597 897 1627 Et,

116 1644 234 1680 ἀψευδὴς
244 1643 290 1676 ὢν,
299 1643 369 1670 κατά
380 1643 505 1679 στέρησιν
512 1642 623 1678 ψεύδους
632 1643 704 1669 ἐστὶν
714 1642 839 1678 ἀψευδὴς,
850 1643 897 1669 καὶ

117 1690 253 1726 ἄφθαρτος
267 1689 314 1722 ὣν,
329 1690 398 1716 κατὰ
411 1689 538 1725 στέρησιν
555 1688 656 1725 φθορᾶς
666 1690 737 1715 ἐστιν
751 1688 896 1725 ἄφθαρτος,

116 1737 177 1764 εἰπὲ
189 1737 236 1764 καὶ
249 1736 279 1763 τὺ
292 1736 437 1772 ἀγέννητον
457 1735 529 1762 κατά
548 1735 684 1771 στέρησιν.
702 1735 732 1761 '0
748 1734 776 1761 δὲ
789 1743 898 1761 κατονο-

117 1783 207 1818 μάσας
220 1781 268 1818 τὴν
280 1781 326 1809 τοῦ
344 1781 410 1809 Θεοῦ
426 1782 519 1809 οὐσίαν
535 1782 567 1808 σὺ
585 1780 619 1813 εἷ,
631 1782 645 1807 ὀ
657 1781 768 1808 τοιαῦτα
780 1781 896 1817 τολμῶν,

115 1829 162 1855 καὶ
175 1827 245 1855 κατά
256 1828 322 1855 Θεοῦ
333 1828 402 1865 μαχό
406 1836 494 1863 μενος.
505 1827 590 1854 Αὐτοῦ
599 1828 634 1862 γά
638 1836 653 1863 ρ
663 1827 796 1862 λέγοντος,
806 1827 897 1860 καθὼς

116 1873 274 1909 προείρηται
284 1882 290 1888 ·
307 1882 316 1899 ‹
332 1873 435 1908 Ὠφοην
447 1872 515 1909 πρὸς
528 1872 661 1908 Ἀὃραάμ,
675 1873 722 1900 καὶ
739 1873 838 1905 Ἰσαὰκ,
849 1872 897 1899 καὶ

121 1918 229 1951 Ἰακὼϐ,
244 1919 304 1950 τοὺς
324 1918 443 1953 πατέρας
460 1917 546 1953 ὑμῶν,
556 1917 620 1950 Θεὸς
636 1917 672 1945 ὢν
686 1918 785 1950 αὐτῶν,
801 1918 848 1945 καὶ
867 1918 897 1945 τὸ

113 1963 199 1999 δνομά
214 1972 263 2000 μου
275 1965 324 1991 οὐκ
339 1963 499 1998 ἀπεκάλυψα
515 1964 605 1996 αὐτοῖς
615 1972 622 1979 ’
641 1973 650 1990 ι
670 1964 703 1991 σὺ
725 1964 814 1999 σαυτῷ
831 1965 897 1990 ἀπο-

113 2009 191 2041 δίδως
215 2009 329 2045 μεγάλα.
353 2009 388 2036 Ἣ
402 2010 455 2045 γὰρ
468 2009 505 2041 ὡς
525 2008 635 2036 ἐκείνων
652 2008 897 2045 ὑπεραναῦεσηκὼς

113 2054 145 2087 ἐξ
167 2054 361 2090 ἀποκαλύψεως
376 2054 452 2090 ἔσχες
476 2054 521 2081 τοῦ
538 2054 667 2090 ὀνόματος
684 2055 733 2090 τὴν
753 2054 863 2089 γνῶσιν,
877 2054 894 2090 ἢ

113 2101 161 2127 καὶ
179 2100 216 2136 μὴ
232 2100 390 2137 βουλομένου
411 2100 478 2127 Θεοῦ
500 2100 665 2136 κατείληφας
684 2100 765 2128 αὑτοῦ
786 2100 835 2135 τῆς
852 2100 897 2127 οὺ-

114 2147 174 2180 σίας
182 2147 213 2174 τὸ
225 2146 319 2182 ὄνομα.
329 2147 426 2181 ’ᾼνόμ
437 2147 469 2173 Εἰ
481 2147 511 2173 τὸ
524 2146 669 2182 ἀγέννητον
682 2146 756 2182 δηλοῖ
770 2146 896 2182 στέρησιν

115 2193 153 2229 μὴ
168 2193 320 2228 προσοῦσαν
331 2193 370 2229 τῷ
381 2192 515 2228 Θεῷ,πῶς
528 2192 672 2228 ἀγέννητον
687 2190 754 2219 εἶναι
770 2191 893 2226 λέγομεν,

112 2239 240 2274 γεννητὸν
258 2239 286 2266 δὲ
306 2239 343 2275 μὴ
358 2237 444 2272 siuet;
467 2239 545 2274 Ὀρθ.
568 2239 600 2265 El.
618 2238 648 2265 τὸ
672 2238 809 2274 ἄφθαρτον
822 2238 896 2274 δηλοῖ

114 2284 239 2320 στέρησιν
253 2284 289 2320 μὴ
306 2284 457 2320 προσοῦσαν
476 2284 514 2320 τῷ
527 2284 595 2320 Θεῷ,
610 2283 668 2316 πῶς
689 2283 825 2319 ἄφθαρτον
846 2283 894 2318 μὲν

112 2329 236 2365 λέγομεν,
252 2330 368 2366 φθαρτὸν
389 2330 418 2357 δὲ
437 2331 467 2357 οὐ
480 2330 610 2366 λέγομεν;
626 2331 657 2357 Εἰ
670 2329 698 2357 δὲ
710 2329 740 2356 τὺ
758 2329 894 2366 ἄφθαρτον

112 2375 162 2401 οὐκ
178 2374 249 2401 ἐστιν
268 2376 420 2411 στερήσεως
431 2374 588 2411 δηλωτικὸν,
604 2374 665 2402 οὔτε
686 2375 716 2401 τὺ
738 2374 893 2410 ἀγέννητον,

112 2420 174 2447 οὕτε
189 2420 240 2456 μὴν
254 2421 356 2453 οὐσίας.
366 2421 397 2448 Et
410 2420 464 2458 γὰρ
477 2420 507 2447 τὸ
520 2421 666 2456 ἀγέννητον
676 2420 768 2453 οὐσίας
778 2421 835 2447 ἐστὶ
846 2420 893 2456 δη-

111 2467 235 2499 λωτικὸν,
259 2467 306 2494 καὶ
320 2467 351 2494 τὸ
376 2467 512 2504 ἄφθαρτον
526 2466 601 2494 ἔσται
614 2466 706 2499 οὐσίας
728 2466 873 2502 δηλωτικόν
883 2475 890 2482 ο

111 2513 160 2539 καὶ
177 2513 201 2539 εί
218 2511 249 2539 τὸ
272 2513 426 2548 ἀγέννητον,
450 2520 497 2538 και
514 2512 545 2538 τδ
558 2511 693 2547 ἄφθαρτον
707 2511 781 2538 ἔσται
797 2511 890 2543 οὐσίας

111 2557 268 2594 δηλωτικόνο
278 2559 324 2586 καὶ
337 2559 360 2585 εί
375 2559 406 2585 τὸ
419 2558 532 2593 ἀψευδὲς
544 2559 592 2585 καὶ
603 2557 633 2584 τὸ
647 2557 784 2594 ἄφθαρτον
796 2557 893 2584 ταυτὸν

112 2604 156 2640 εἴη
167 2604 205 2639 τῷ
218 2605 364 2640 ἀγεννήτῳ,
373 2603 489 2639 ἀψευδὴς
500 2603 528 2630 δὲ
540 2603 727 2639 καιάφθαρτος
738 2603 752 2630 ό
764 2603 837 2636 Υιόςο
848 2603 896 2630 καὶ

115 2651 258 2687 ἁγέννητος
284 2650 347 2687 ἀρα.
370 2650 438 2677 Ἀλλ’
461 2650 511 2677 οὐκ
535 2650 680 2685 ἀγέννητος
701 2649 772 2677 κατὰ
785 2649 828 2676 σέ·
842 2649 893 2676 οὐκ

112 2697 167 2733 ἄρα
182 2697 263 2724 ταυτδ
275 2697 350 2724 ἐσται
367 2696 562 2732 σημαινόμενον
571 2697 601 2723 τὺ
611 2697 723 2732 ἀψευδὲς
734 2696 780 2723 καὶ
789 2696 894 2732 ἄφθαρ-

111 2751 174 2770 τον·
191 2743 259 2770 ἀλλὰ
274 2743 304 2770 τὸ
321 2743 369 2779 μὲν
384 2743 539 2778 ἀγέννητον,
554 2743 584 2770 τὸ
601 2743 637 2779 μὴ
656 2743 830 2778 γεγεννῆσθαι
845 2742 892 2770 τὸν

112 2789 178 2818 Θεὸν
195 2789 336 2826 σημαίνειν
345 2789 471 2824 λέγομεν·
483 2789 513 2816 τὸ
525 2789 553 2816 δὲ
566 2789 710 2825 ἄφθαρτον,
726 2789 756 2816 τὸ
772 2789 809 2825 μὴ
817 2788 893 2824 φθεί-

114 2837 209 2875 ρεσθαι
218 2846 225 2854 ·
240 2837 271 2864 τὺ
283 2836 312 2865 δὲ
327 2836 450 2868 ἀψευδὲς,
462 2836 495 2864 τὸ
505 2836 543 2872 μὴ
550 2836 702 2871 ψεύδεσθαι.

983 1411 1028 1439 ει.
1047 1413 1141 1441 Anam.
1163 1414 1191 1442 Si
1216 1423 1270 1442 non
1290 1415 1410 1451 genitum
1434 1423 1496 1444 esse
1522 1417 1638 1452 privatio
1665 1425 1727 1449 est:

950 1459 1065 1493 privatio
1081 1465 1169 1487 autem
1180 1481 1188 1493 ,
1213 1461 1323 1489 habitus
1340 1462 1451 1489 amissio
1466 1471 1473 1489 :
1490 1463 1619 1491 amissum
1638 1470 1730 1494 autem

949 1505 1057 1540 penitus
1088 1507 1239 1540 amittitur,
1267 1511 1314 1534 aut
1343 1508 1507 1535 transfertur
1525 1510 1559 1537 ad
1577 1511 1665 1545 aliud;
1681 1513 1729 1548 qui

949 1550 988 1581 ﬁt,
1006 1550 1078 1585 quod
1093 1558 1126 1578 ex
1154 1552 1248 1580 habitu
1273 1556 1320 1580 aut
1337 1554 1468 1581 translato
1490 1558 1537 1585 aut
1565 1557 1667 1585 amisso
1681 1558 1729 1587 Dei

949 1597 1074 1620 naturam
1097 1602 1153 1621 non
1168 1595 1252 1630 geniti
1280 1595 1458 1630 appellatione
1485 1599 1729 1632 cognominamus?

949 1638 1026 1667 Orth.
1055 1637 1084 1666 Si
1097 1639 1230 1667 mendacii
1245 1647 1342 1675 expers
1365 1648 1426 1668 cum
1450 1642 1486 1668 sit
1503 1641 1593 1677 Deus,
1619 1650 1729 1680 propter

948 1684 1126 1720 privationem
1148 1685 1281 1713 mendacii
1305 1694 1347 1713 es:
1366 1686 1498 1714 mendacii
1516 1695 1623 1723 expers,
1639 1695 1666 1717 et
1684 1692 1729 1719 in-

947 1730 1132 1766 corruptibilis
1148 1734 1258 1766 propter
1280 1731 1457 1766 privationem
1482 1735 1666 1769 corruptionis
1685 1741 1728 1764 est

947 1775 1179 1811 incorruptibilis;
1194 1775 1270 1804 dicas
1286 1776 1350 1804 licet
1364 1776 1447 1804 etiam
1463 1786 1517 1805 non
1531 1779 1650 1814 genitum
1665 1789 1728 1815 pro-

947 1825 1007 1856 pter
1028 1821 1207 1856 privationem
1237 1827 1331 1854 ortus,
1349 1829 1411 1851 esse
1435 1831 1489 1851 non
1515 1826 1647 1860 genitum.
1675 1827 1728 1861 Qui

947 1873 1012 1894 vero
1028 1866 1074 1895 Dei
1088 1867 1236 1894 essentiam
1262 1867 1299 1894 ita
1321 1869 1514 1903 cognominare
1528 1877 1613 1899 ausus
1627 1877 1679 1904 est,
1697 1877 1728 1901 tu

946 1912 1051 1940 scilicet
1063 1920 1104 1945 es,
1121 1914 1167 1949 qui
1183 1912 1238 1940 Deo
1255 1913 1308 1948 ipsi
1327 1913 1427 1942 bellum
1454 1923 1555 1944 moves.
1574 1916 1642 1945 Nam
1663 1927 1726 1947 cum

947 1960 1005 1996 ipse
1023 1960 1111 1993 dicat,
1136 1964 1166 1988 ut
1187 1963 1250 1988 ante
1273 1960 1375 1988 dictum
1391 1965 1450 1989 est:
1471 1971 1480 1987 ι
1495 1962 1614 1998 Apparui
1639 1965 1727 1993 Abra-

947 2007 1019 2038 ham,
1031 2005 1107 2034 lsaac
1123 2010 1150 2034 et
1166 2006 1250 2034 Jacob
1262 2006 1385 2042 patribus
1399 2008 1508 2041 vestris,
1520 2008 1591 2037 Deus
1603 2010 1725 2045 ipsorum

947 2051 1093 2084 exsistens,
1106 2058 1139 2079 ac
1152 2059 1249 2079 nomen
1270 2058 1359 2079 meum
1367 2059 1422 2079 n0n
1431 2053 1601 2082 manifestavi
1612 2055 1652 2082 eis
1661 2055 1682 2072 δι
1693 2065 1700 2083 :
1713 2065 1723 2082 ι

949 2103 977 2126 tu
992 2098 1040 2126 tibi
1056 2098 1142 2126 sumis
1156 2097 1269 2133 majora.
1297 2099 1351 2126 Aut
1377 2099 1449 2126 enim
1480 2099 1515 2127 iis
1543 2101 1666 2135 superior
1691 2110 1725 2129 ex

947 2145 1112 2173 revelatione
1126 2144 1208 2172 habes
1223 2145 1340 2172 nominis
1357 2145 1439 2179 hujus
1451 2146 1575 2173 notitiam
1589 2155 1596 2181 ;
1612 2151 1658 2174 aut
1669 2147 1725 2175 Deo

945 2191 1025 2218 etiam
1048 2190 1156 2217 nolente
1184 2182 1412 2226 comprehendisti
1439 2197 1538 2218 nomen
1565 2192 1724 2221 substantia:

945 2236 1041 2271 ipsius.
1057 2236 1152 2263 Anam.
1164 2233 1192 2261 Si
1208 2241 1263 2277 non
1274 2235 1394 2269 genitum
1410 2234 1519 2262 denotat
1532 2231 1737 2271 privationem,‘

909 2290 1004 2330 unaa
1024 2281 1080 2309 Deo
1103 2289 1158 2308 non
1185 2281 1272 2313 inest,
1302 2287 1352 2307 cur
1379 2288 1433 2308 non
1460 2282 1581 2316 genitum
1604 2283 1723 2312 dicimus

948 2338 958 2355 ι
971 2327 1065 2359 Deum,
1080 2336 1090 2352 ι
1106 2326 1225 2361 genitum
1240 2333 1304 2353 vero
1319 2333 1373 2354 non
1390 2325 1525 2355 dicimus?
1544 2327 1621 2356 Orth.
1637 2327 1666 2356 Si
1682 2329 1725 2357 in-

945 2371 1121 2407 corruptibile
1146 2371 1257 2398 denotat
1286 2371 1465 2405 privationem
1496 2379 1557 2407 quae
1588 2372 1643 2401 Deo
1668 2381 1724 2402 non

943 2418 1024 2450 inest,
1041 2424 1091 2444 cur
1107 2416 1339 2452 incorruptibilem
1356 2416 1466 2452 quidem
1481 2417 1609 2451 dicimus,
1627 2426 1723 2447 corm-

942 2464 1063 2500 ptibilem
1076 2470 1141 2490 vero
1156 2470 1211 2490 non
1226 2463 1361 2490 dicimus?
1379 2463 1407 2490 Si
1429 2471 1494 2492 vero
1518 2464 1725 2501 incorruptibile

943 2519 998 2539 non
1015 2509 1148 2545 signiﬁcat
1168 2509 1360 2545 privationem,
1373 2517 1461 2544 neque
1476 2518 1529 2538 non
1545 2512 1665 2547 genitum
1681 2517 1724 2540 est

943 2556 1149 2592 signiﬁcativum
1163 2555 1345 2591 privationis;
1372 2556 1444 2583 sicut
1464 2564 1514 2584 nec
1537 2559 1671 2585 essentia.
1693 2557 1723 2586 Si

943 2604 1015 2630 enim
1032 2609 1087 2630 non
1110 2602 1231 2638 genitum
1260 2601 1395 2637 signiﬁcat
1419 2602 1617 2636 substantiam,
1639 2605 1724 2632 etiam

943 2647 1151 2683 incorruptibile
1170 2647 1350 2675 substantiam
1363 2647 1498 2684 signiﬁcat
1514 2657 1521 2675 :
1540 2648 1613 2684 quod
1626 2649 1650 2677 si
1666 2656 1723 2676 non

942 2695 1062 2730 genitum
1081 2699 1109 2722 et
1127 2694 1333 2729 incorruptibile
1347 2694 1501 2730 signiﬁcant
1525 2696 1683 2727 essentiam,
1695 2700 1724 2722 et

921 2758 928 2769 .
942 2740 1076 2768 mendacii
1097 2748 1194 2776 expers
1215 2747 1277 2768 esse
1295 2743 1322 2768 et
1343 2740 1550 2776 incorruptibile
1565 2741 1637 2769 idem
1659 2745 1724 2768 sunt

945 2786 1018 2822 quod
1032 2794 1088 2814 non
1102 2787 1233 2822 genitum,
1249 2785 1334 2814 Filius
1353 2791 1443 2814 autem
1468 2787 1601 2815 mendacii
1624 2794 1723 2823 expers

947 2839 975 2864 et
997 2835 1211 2872 incorruptibilis
1227 2838 1271 2864 est
1285 2835 1390 2871 :igitur
1402 2839 1430 2864 et
1454 2843 1508 2864 non
1524 2836 1643 2872 genitus.
1664 2834 1724 2863 Jam

149 2884 171 2900 "
189 2884 212 2901 "
230 2883 308 2912 Joan.
325 2891 350 2914 ι,
368 2884 394 2910 5.
431 2882 454 2899 ‘°
472 2883 483 2910 Ι
499 2882 562 2910 Cor.
580 2890 638 2914 xu,
656 2882 700 2911 il.
738 2882 759 2899 “
780 2881 864 2911 Exod.
882 2889 928 2916 vt,
944 2881 980 2917 2,
995 2881 1022 2910 5.

252 2930 387 2963 Ριτιοι..
405 2930 463 2961 Gn.
486 2928 630 2961 XXVIII.

1547 2927 1586 2958 38
