1926 3067
219 133 232 160 Ι
240 132 290 163 £95

793 132 822 161 S.
840 133 1070 161 ATHANASIUS.
1091 148 1124 152 —
1144 132 1279 160 SPURIA.

1768 135 1840 160 H96

218 197 283 218 vero
295 190 444 218 secundum
461 193 486 217 te
499 197 552 216 non
570 193 611 216 est
623 197 678 216 non
694 189 802 224 genitus
820 200 825 216 :
845 198 899 217 non
919 190 1000 225 igitur
1015 189 1084 216 idem
1095 189 1259 224 signiﬁcabit
1269 187 1409 216 mendacio
1438 195 1535 216 vacare
1556 193 1582 216 et
1600 188 1840 224 incorruptibilem

217 243 278 264 esse
296 245 303 263 :
324 235 372 263 sed
397 243 451 262 non
480 235 601 270 genitum
622 235 740 262 dicimus
765 234 919 270 signiﬁcare
943 235 1014 262 idem
1037 242 1068 261 ac
1094 233 1177 262 Deum
1199 242 1253 260 non
1278 241 1339 261 esse
1361 232 1502 268 genitum.
1533 234 1743 269 incorruptibile
1773 242 1841 263 vero

218 282 245 309 id
256 290 289 310 2m
306 289 338 309 ac
354 289 408 309 non
425 281 574 316 corrumpi,
592 285 619 308 et
631 281 763 309 mendacii
775 285 914 316 expertem
925 288 987 309 esse
1003 281 1074 309 idem
1094 280 1166 314 quod
1182 289 1236 307 nun
1251 281 1371 308 mentiri.

252 328 296 355 25.
317 328 411 354 Anam.
429 326 457 354 Si
474 327 575 354 nudum
591 335 688 354 nomen
703 331 746 355 est
766 327 833 354 illud
848 335 902 354 non
923 327 997 362 geni-
1011 331 1034 359 Α

217 379 274 401 tum
290 373 323 401 de
343 373 395 400 Deo
409 373 513 400 dictum
529 381 537 399 :
558 373 631 400 nuda
658 378 749 401 autem
773 381 825 400 vox
841 373 1002 410 hypostasin

215 420 321 447 extollit
345 426 428 454 supra
451 420 543 447 omnia
565 421 675 455 genita:
694 420 853 447 honoratior
867 427 932 456 ergo
957 423 999 448 est

217 466 360 494 hominum
385 466 511 501 prolatio.
526 474 607 501 qnam
623 465 823 502 Omnipotentis
837 471 944 498 natura,
960 470 1002 493 ut.

215 516 278 546 pote
290 519 350 546 quae
373 511 456 538 Deum
477 512 689 546 omnipotentem
707 512 912 547 incomparabili
929 511 997 538 cmi-

218 558 310 584 nentia
324 557 527 585 condecoravit.
543 557 619 585 Ortlt.
646 557 700 586 Nec
714 558 814 585 nudam
832 565 926 586 vocent
940 564 999 584 esse

219 603 338 630 dicimus
366 610 419 630 non
446 603 584 638 genitum,
601 610 649 630 nec
663 603 746 630 etiam
761 603 951 631 substantiam.
970 602 999 630 Si

217 648 289 675 enim
303 655 355 675 non
367 649 487 684 genitum
500 649 651 676 substantia
666 653 754 681 esset,
782 649 863 676 etiam
879 649 998 684 genitum

217 694 368 722 substantia
381 694 461 722 foret.
473 693 501 721 Si
513 702 576 722 vero
587 694 705 730 genitum
717 695 869 722 substantia
878 699 930 725 est,
943 703 1000 722 om-

220 741 263 765 nia
275 739 364 774 genita
376 743 457 766 erunt
472 739 733 767 consubstantialia:
758 740 781 767 si
797 748 860 768 vero
877 740 996 776 genitum

214 784 366 812 substantia
392 793 445 812 non
461 789 519 817 est,
543 785 625 813 etiam
647 793 702 813 non
729 786 850 821 genitum
879 786 997 813 essentia

214 837 269 858 non
279 833 332 858 est.
346 830 404 858 Non
415 835 457 858 est
467 835 555 858 autem
571 831 643 858 nuda
664 839 716 859 vox
731 839 785 859 non
802 832 940 866 genitum;
956 832 996 859 si-

213 875 325 910 gniﬁcat
338 876 410 903 enim
421 875 505 904 Deum
520 876 642 911 genitum
658 883 712 903 non
727 884 799 908 esse,
816 877 888 904 sicut
904 876 935 903 τὸ
949 884 996 904 cx-

213 929 277 956 pers
294 920 428 948 mendacii
441 921 575 957 signiﬁcat
589 929 644 949 non
659 922 778 956 mentiri,
793 926 820 950 et
830 922 995 958 incorrupti-

214 966 268 994 biie
279 966 414 1002 signiﬁcat
424 974 478 994 non
491 967 639 1003 corrumpi.
667 969 763 995 Anam.
785 967 814 995 Si
826 975 906 995 omne
919 968 995 1004 geni-

213 1016 270 1038 tum
285 1019 395 1039 causam
407 1011 535 1040 sortitum
545 1016 597 1045 est,
609 1017 636 1040 et
652 1017 750 1040 natura
767 1020 822 1040 non
833 1014 923 1048 genita
936 1013 996 1041 sine

213 1065 296 1085 causa
305 1061 358 1089 est,
374 1065 429 1085 non
441 1057 534 1094 utique
548 1066 660 1086 causam
672 1058 783 1086 denotat
794 1066 848 1086 non
863 1059 994 1094 genitum,

212 1103 260 1130 sed
275 1103 411 1140 signiﬁcat
425 1104 617 1132 substantiam.
645 1104 721 1132 Ortlt.
756 1105 785 1132 Si
814 1104 996 1133 substantiam

213 1149 347 1185 signiﬁcat
368 1157 422 1177 non
443 1150 575 1185 genitum,
587 1154 615 1178 et
631 1151 812 1178 substantiam
829 1158 938 1186 quoque
950 1159 996 1186 ge-

212 1196 299 1222 nitum
313 1215 320 1228 ,
340 1195 494 1223 substantia
508 1203 572 1223 vero
589 1203 605 1223 a
626 1196 780 1224 substantia
805 1197 872 1224 nihil
892 1196 994 1230 diﬂ'ert,

212 1246 346 1278 quatenus
361 1242 513 1270 substantia
526 1247 587 1274 est,
613 1249 678 1270 sane
691 1243 759 1270 nihil
774 1242 864 1270 diﬂ‘ert
879 1250 934 1270 non
947 1251 995 1278 ge-

212 1291 300 1318 nitum
313 1298 328 1317 a
337 1291 437 1326 genito.
455 1290 549 1318 Anam.
569 1289 599 1317 ln
609 1291 700 1326 genito
713 1290 823 1326 quidem
839 1290 994 1319 substantia

211 1336 295 1373 438
317 1336 448 1367 se_habet
475 1336 562 1363 instar
575 1343 685 1364 causa):
701 1337 749 1364 sed
767 1336 920 1372 hypostasis
940 1345 996 1364 non

212 1382 295 1418 geniti
309 1385 405 1410 contra
416 1388 524 1409 omnem
545 1389 657 1409 causam
679 1382 803 1410 obtinens
819 1382 995 1410 immutabili-

211 1432 307 1461 tatem,
319 1428 378 1463 ipsa
392 1428 511 1456 essentia
521 1433 563 1456 est
574 1428 804 1464 incontparabilis,
819 1436 873 1456 non
890 1430 994 1457 extrin-

213 1483 292 1503 secus
308 1479 508 1510 reprzescntans
532 1475 842 1510 incomparabilitatem,
869 1475 916 1504 sed
933 1483 997 1511 pro-

161 1537 166 1545 -
213 1525 273 1557 pter
287 1522 337 1549 hoc
348 1522 437 1557 ipsum
445 1522 579 1550 exsistens
591 1521 813 1557 incomparabilis
826 1526 907 1558 atque
919 1521 995 1549 inac—

213 1576 301 1601 cessa,
316 1568 380 1603 quia
398 1576 452 1595 non
476 1569 567 1603 genita
587 1572 638 1595 est.
656 1567 732 1595 Ortlt.
752 1567 782 1594 Si
802 1572 912 1603 propter
939 1576 994 1596 non

212 1614 298 1649 geniti
314 1613 562 1641 denominationem
577 1613 816 1648 incomparabilem
832 1619 859 1641 et
870 1614 994 1641 inacces-

213 1668 272 1688 sam
290 1659 359 1688 dicis
370 1660 550 1688 substantiam
566 1659 630 1692 Dei,
655 1664 711 1687 tum
728 1659 823 1693 Filius,
838 1660 885 1695 qui
899 1668 995 1688 secun-
1009 1679 1030 1708 ο

213 1706 277 1734 dum
288 1710 314 1734 te
328 1714 382 1733 non
398 1709 441 1734 est
455 1714 510 1733 non
524 1706 644 1741 genitus,
660 1706 740 1733 etiam
755 1714 809 1734 non
828 1707 880 1734 erit
894 1707 995 1734 incom-

213 1752 344 1788 parabilis
357 1760 406 1780 nec
423 1752 581 1780 inacccssas
595 1761 602 1779 :
617 1759 672 1779 non
687 1755 730 1780 cst
743 1759 809 1786 ergo
825 1752 994 1787 incompara-

213 1798 276 1825 bilis
291 1798 363 1833 quod
373 1798 409 1826 sit
422 1806 476 1825 non
494 1798 612 1833 genitus.
626 1797 768 1830 Quomodo
782 1801 872 1825 autem
889 1798 994 1825 incom-

213 1843 390 1879 [arabilisest
401 1842 480 1870 Pater
490 1843 515 1870 ei
531 1843 576 1877 qui
590 1843 672 1870 dicit:
688 1852 697 1868 ι
712 1842 994 1872 SicutPatersuscitat

214 1892 336 1916 mortuos
350 1893 377 1916 et
391 1888 519 1920 viviﬁcat.
531 1889 567 1915 ita
584 1889 664 1916 etiam
679 1887 776 1922 Filius,
788 1897 858 1924 quos
870 1890 936 1923 vult,
954 1890 994 1917 vi-

213 1935 304 1962 viﬁcat
316 1935 358 1962 "‘3
374 1945 384 1961 ι
399 1935 536 1970 quomodo
558 1942 640 1969 porro
662 1935 884 1970 incomparabilis
899 1936 924 1964 ei
945 1937 992 1972 qui

1083 327 1127 354 ‘25.
1136 327 1233 360 Ἀνόμ.
1249 327 1278 353 Εἰ
1295 327 1371 362 ψιλὸν
1383 327 1468 363 ὄνομά
1487 328 1560 354 ἐστιν
1576 327 1622 354 ἐπὶ
1633 327 1700 354 Θεοῦ
1713 327 1744 354 τὸ
1756 327 1842 361 ἀγὲνο

1052 382 1140 408 νητον·
1154 375 1170 409 ἡ
1183 374 1210 400 δὲ
1218 373 1281 409 ψιλὴ
1297 376 1420 410 προφορὰ
1429 375 1478 410 τὴν
1490 374 1636 400 ὑπόστασιν
1649 373 1755 409 ἐπαίρει
1766 374 1842 400 κατά

1051 418 1159 444 πάντων
1172 418 1226 444 τῶν
1237 418 1382 454 γεννητῶν·
1396 418 1556 454 τιμιώτερόν
1571 419 1644 445 ἐστιν
1656 419 1672 454 ὴ
1686 418 1841 454 ἀνθρώπων

1051 462 1189 498 προφορά,
1206 463 1255 499 τῆς
1268 463 1313 490 τοῦ
1329 464 1547 500 Παντοκράτορος
1564 462 1669 498 φῦσεως
1680 463 1734 498 (86)
1752 464 1840 497 ἀσυγ-

1051 509 1261 545 κρίτῳὺπεροχῇ
1273 510 1464 537 καλλωπισασα
1478 511 1523 536 ’τὸν
1537 510 1604 536 Θεὸν
1620 510 1664 536 τὸν
1679 511 1838 546 παντοκρά-

1049 565 1123 592 τορα.
1134 557 1208 591 'Op').
1224 557 1291 584 Ούτε
1304 556 1384 592 ψιλὴν
1399 557 1538 593 προφορὰν
1555 556 1585 583 τὸ
1595 557 1740 592 ἀγέννητον
1758 557 1838 591 λέγο-

1051 611 1109 638 μεν,
1124 602 1184 629 οὗτε
1198 603 1300 630 οὐσίαν.
1314 603 1344 630 Εἰ
1355 603 1408 639 γὰρ
1415 603 1445 630 τὸ
1460 603 1606 637 ἀγέννητον
1615 602 1670 637 (87)
1685 603 1776 634 οὐσία,
1789 603 1838 629 καὶ

1047 647 1079 675 τὸ
1095 649 1221 684 γεννητὸν
1240 649 1328 677 οὑσια.
1346 649 1379 676 Εἰ
1396 650 1424 676 δὲ
1439 649 1469 676 τὸ
1491 649 1618 685 γεννητὸν
1635 649 1713 675 οὐσία
1724 668 1731 681 ,
1745 644 1837 676 πάντα

1047 695 1081 721 τὰ
1099 695 1214 731 γεννητὰ
1229 695 1368 730 ὁμοούσια’
1381 696 1431 722 οὑκ
1449 695 1502 731 ἄρα
1517 695 1547 722 τὺ
1560 694 1685 730 γεννητὴν
1696 694 1784 721 obsta.
1803 695 1836 722 Et

1046 742 1075 768 δὲ
1086 742 1135 768 οὑκ
1149 742 1228 768 οὐσία
1242 742 1273 768 τὸ
1290 742 1427 777 γεννητὸν,
1445 741 1506 768 ούτε
1525 741 1555 768 τὸ
1577 741 1722 777 ἀγέννητον
1745 741 1835 768 οὐσία.

1047 789 1103 814 Ούκ
1127 788 1184 815 ἐστι
1203 788 1232 815 δὲ
1247 788 1312 823 ψιλὴ
1339 788 1464 824 προφορά
1479 788 1509 814 τὸ
1525 789 1683 823 ἀγέννητον
1707 788 1837 824 σημαίνει

1046 833 1100 870 γὰρ
1112 834 1142 860 τδ
1155 835 1191 870 μὴ
1201 834 1379 869 γεγεννῆσθαι
1391 834 1436 862 τὸν
1446 834 1522 865 Θεὸν,
1537 834 1574 865 ὡς
1589 834 1619 860 τὸ
1630 834 1742 868 ἀψευδὲς
1753 834 1784 860 τὺ
1796 834 1837 870 μὴ

1044 879 1198 914 ψεύδεσθαι,
1206 880 1252 907 καὶ
1264 879 1294 906 τὺ
1310 879 1444 916 ἄφθαρτον
1456 880 1486 906 τὺ
1501 880 1538 916 μὴ
1551 879 1718 916 φθείρεσθαι.
1733 880 1834 914 Ἀνόμ.

1044 927 1077 953 Εἰ
1092 927 1172 953 παντὶ
1184 926 1303 962 γεννητῷ
1315 927 1388 953 αἰτία
1407 926 1626 962 σνγκεκλήρωτο,
1641 927 1762 958 ἀναίτιος
1776 927 1805 953 δὲ
1819 927 1835 962 ἠ

1045 971 1189 1007 ἀγέννητος
1204 971 1283 1006 φύσις
1292 979 1299 986 θ
1315 972 1364 998 οὑκ
1378 972 1467 998 αἰτίαν
1482 971 1556 1006 δηλοῖ
1565 972 1596 998 τὸ
1607 972 1764 1007 ἀγέννητον,
1777 972 1834 998 ἀλλ’

1046 1018 1139 1045 οὐσίαν
1155 1019 1292 1054 σημαίνει.
1308 1017 1386 1052 Ὀρθ.
1401 1018 1431 1044 Εἰ
1446 1017 1538 1044 οὐσίαν
1556 1018 1682 1053 σημαίνει
1700 1017 1730 1044 τὸ
1752 1018 1836 1052 ἀγέν-

1046 1072 1135 1100 νητον,
1153 1064 1199 1091 καὶ
1213 1064 1306 1090 οὐσίαν
1325 1064 1355 1090 τὸ
1366 1064 1504 1099 γεννητὸν,
1518 1063 1597 1090 οὑσία
1612 1064 1639 1090 δὲ
1653 1064 1746 1096 οὐσίας
1759 1064 1835 1091 οὐδὲν

1044 1110 1176 1146 διαφέρει,
1193 1107 1300 1146 ᾖοὺσίά
1316 1110 1403 1136 ἐστίν’
1422 1110 1496 1136 οὐδὲν
1509 1109 1563 1145 ἄρα
1574 1110 1694 1146 διαφέρει
1706 1110 1736 1136 τὸ
1755 1111 1836 1144 ἀγέν-

1045 1165 1123 1192 νητον
1153 1157 1199 1183 τοῦ
1223 1155 1363 1192 γεννητοῦ.
1392 1157 1491 1191 Ἀνόμ.
1514 1156 1576 1183 Ἐπὶ
1596 1156 1642 1183 τοῦ
1663 1157 1834 1192 γεννήματος

1043 1202 1121 1229 οὐσία
1143 1202 1350 1237 συνεμφαίνεται
1378 1202 1416 1233 ὡς
1446 1201 1536 1228 αἰτία·
1552 1202 1569 1237 ἡ
1582 1202 1610 1228 δὲ
1626 1201 1672 1228 τοῦ
1686 1202 1834 1238 ἀγεννήτου

1044 1248 1202 1280 ὑπόστασις,
1217 1248 1288 1275 κατὰ
1296 1249 1386 1284 πάσης
1396 1247 1484 1279 αἰτίας
1500 1248 1529 1274 τὸ
1537 1248 1742 1283 ἀπαράλλακτον
1757 1248 1834 1284 ἔχουν

1044 1303 1089 1325 σα,
1098 1294 1241 1321 αὑτοουσία
1249 1295 1320 1321 ἐστὶν
1328 1293 1498 1330 ἀσύγκριτος,
1504 1295 1554 1320 οὐκ
1562 1294 1658 1326 ἔξωθεν
1666 1294 1835 1330 ἐμφαίνουσα

1043 1339 1074 1366 τὸ
1099 1339 1271 1375 ἀσύγκριτον,
1297 1340 1363 1366 αὑτὸ
1382 1340 1410 1366 δὲ
1435 1340 1592 1374 ὑπάρχουσα
1607 1340 1770 1375 ἀσύγκριτος
1786 1341 1834 1367 καὶ

1044 1385 1199 1420 ἀπρόσιτος,
1220 1386 1312 1421 ἐπειδὴ
1336 1386 1491 1421 ἀγέννητος.
1517 1386 1593 1420 Ὀρθ.
1612 1386 1643 1412 Et
1659 1386 1702 1412 διὰ
1720 1386 1769 1422 τὴν
1786 1386 1833 1412 τοῦ

1044 1432 1190 1467 ἁγεννήτου
1215 1431 1400 1468 προσηγορίαν
1419 1431 1583 1466 ἀσύγκριτον
1603 1430 1693 1463 λέγεις
1714 1432 1764 1466 τὴν
1785 1431 1833 1458 τοῦ

1044 1478 1111 1504 Θεοῦ
1128 1477 1220 1504 οὑσίαν
1243 1478 1290 1504 καὶ
1309 1477 1465 1513 ἀπρόσιτον,
1484 1477 1498 1504 ὁ
1516 1477 1588 1508 Υἱὸς,
1606 1477 1675 1503 κατὰ
1694 1476 1722 1504 σὲ
1743 1477 1782 1512 μὴ
1795 1476 1834 1504 ὥν

1044 1524 1200 1559 ἀγέννητος,
1209 1523 1269 1550 οὔτε
1282 1524 1456 1560 ἀσύγκριτος,
1468 1523 1530 1550 οὔτε
1543 1523 1703 1558 ἀπρόσιτος·
1716 1523 1767 1550 οὐκ
1779 1523 1834 1559 ἄρα

1044 1569 1089 1596 διὰ
1097 1570 1127 1596 τὸ
1138 1569 1282 1605 ἀγέννητον
1294 1569 1466 1605 ἀσύγκριτος.
1474 1569 1535 1600 Πῶς
1545 1568 1573 1595 δὲ
1587 1568 1749 1604 ἀσύγκριτός
1759 1569 1833 1594 ἐστιν

1043 1616 1058 1642 ὁ
1079 1616 1172 1652 Πατὴρ
1191 1616 1229 1652 τῷ
1248 1616 1361 1650 λέγοντι·
1380 1616 1501 1650 ι”Ωσπερ
1514 1616 1528 1641 ὁ
1545 1615 1638 1650 Πατὴρ
1652 1614 1752 1650 ἐγείρει
1769 1615 1833 1646 τοὺς

1045 1663 1158 1698 νεκροὺς
1173 1663 1221 1690 καὶ
1239 1662 1374 1695 ζωοποιεῖ,
1393 1661 1478 1693 οὑτως
1494 1662 1540 1688 καὶ
1561 1662 1576 1687 ὀ
1591 1661 1665 1692 Υἱὸς,
1687 1659 1734 1692 οὓς
1749 1659 1831 1692 θέλει,

1047 1708 1186 1740 ζωοποιεῇ
1204 1718 1213 1734 ι
1224 1708 1241 1744 ἢ
1254 1708 1310 1740 πῶς
1317 1707 1480 1742 ἀσύγκριτος
1488 1706 1526 1741 τῷ
1535 1706 1664 1740 λέγοντι-ι
1674 1706 1766 1732 Πάντα
1776 1705 1832 1741 γὰρ

1045 1754 1094 1780 ὅσα
1105 1754 1137 1780 ἂν
1148 1755 1210 1789 ποιῇ
1221 1755 1235 1779 ὁ
1248 1753 1352 1788 Πατὴρ,
1361 1753 1446 1778 ταῦτα
1457 1752 1524 1778 καὶὸ
1534 1751 1597 1783 Υἱὸς
1608 1751 1706 1786 ὁμοίως
1717 1752 1791 1776 ποιεί
1800 1758 1808 1782 ;
1818 1759 1829 1776 ι

1045 1799 1061 1835 ἥ
1080 1799 1137 1831 πῶς
1150 1799 1312 1834 ἀσύγκριτος
1327 1797 1366 1832 τῷ
1378 1797 1496 1831 λέγοντι·
1515 1806 1524 1821 ι
1546 1796 1647 1828 Πάντα,
1663 1796 1712 1822 ὅσα
1737 1795 1795 1830 ἔχει
1817 1796 1832 1822 6

1045 1845 1150 1880 Πατὴρ,
1165 1844 1219 1879 ἐμά
1231 1845 1321 1876 ἐστιν;
1336 1853 1345 1868 ι
1357 1843 1402 1870 καὶ
1415 1843 1444 1868 ἐν
1460 1842 1558 1874 ἄλλοις·
1576 1851 1585 1867 ι
1599 1842 1640 1868 Τά
1655 1841 1709 1876 ἐμά
1722 1841 1767 1873 σά,
1785 1841 1831 1868 καὶ

1043 1890 1077 1916 ’τά
1092 1889 1126 1916 σὰ
1136 1889 1206 1925 ὲμά;
1223 1898 1232 1914 ι
1246 1889 1300 1915 Καὶ
1315 1887 1373 1919 πῶς
1387 1887 1551 1923 ἀσύγκριτος
1567 1886 1605 1922 τῷ
1618 1886 1732 1921 λέγοντι·
1747 1896 1758 1912 ε
1773 1887 1832 1913 ἰνα

1043 1935 1143 1971 τιμῶσι
1157 1935 1203 1961 τὸν
1215 1934 1289 1966 Υῐὺν,
1306 1933 1396 1965 καθὼς
1406 1933 1505 1969 τιμῶσι
1518 1933 1562 1959 τὸν
1580 1932 1704 1968 Πατέρα;
1723 1942 1732 1958 i

212 1983 279 2011 dicit
291 1992 298 2010 :
311 1993 320 2010 ι
338 1983 434 2011 Omnia
450 1983 521 2011 enim
534 1990 702 2018 quaecunque
721 1982 786 2010 facit
804 1982 901 2018 Pater,
920 1984 977 2012 hac
991 1984 1072 2012 etiam
1083 1983 1166 2011 Filius
1179 1982 1304 2010 similiter
1316 1981 1443 2009 facit“?i
1456 1980 1592 2016 quomodo
1603 1980 1683 2007 etiam
1694 1979 1832 2014 incompa-

212 2030 307 2058 rabilis
323 2034 364 2058 est
377 2029 402 2058 ei
418 2029 463 2065 qui
473 2029 556 2056 dicit:
575 2038 584 2055 ι
599 2028 707 2061 Omnia,
725 2037 785 2064 qua:
801 2030 881 2057 habet
897 2029 988 2062 Pater,
1014 2038 1074 2057 mea
1091 2032 1154 2057 sunt
1167 2028 1210 2054 διε
1235 2037 1245 2054 ι
1262 2031 1289 2054 et
1311 2027 1374 2054 alibi
1388 2035 1394 2053 ε
1412 2035 1421 2052 ι
1443 2026 1499 2053 Mea
1519 2022 1563 2052 t’ua
1585 2028 1659 2056 sunt,
1674 2029 1700 2051 et
1714 2027 1760 2050 tua
1770 2031 1831 2051 mea

213 2082 277 2105 sunt
287 2076 328 2103 "i
343 2086 352 2103 I
363 2076 480 2113 denique
494 2075 631 2111 quomodo
649 2075 869 2110 incomparabilis
886 2076 910 2103 ci
925 2076 971 2110 qui
982 2075 1048 2103 dicit
1061 2085 1066 2102 :
1082 2083 1091 2100 ι
1107 2073 1141 2101 Ut
1154 2074 1286 2100 honorent
1298 2072 1405 2104 Filium,
1417 2071 1629 2099 sicuthonorant
1641 2069 1747 2097 Patrem
1761 2070 1804 2096 "‘3
1817 2079 1828 2096 ι

245 2122 292 2150 26.
312 2127 406 2149 Anam.
427 2121 455 2148 Si
475 2129 581 2148 onmem
601 2121 709 2148 excedit
725 2124 849 2148 naturam
871 2122 994 2156 omnipo-

211 2174 272 2198 tens
281 2169 325 2196 ille
334 2168 415 2201 Deus,
426 2167 531 2196 excedit
542 2175 606 2195 sane
618 2174 650 2194 eo
661 2167 733 2202 quod
747 2171 789 2194 est
800 2174 855 2194 non
868 2167 992 2202 genitus:

211 2216 284 2252 quod
298 2220 340 2243 est
353 2222 436 2242 causa
450 2214 521 2249 ejus,
537 2221 618 2249 qnam
630 2213 720 2248 genita
738 2213 850 2244 habent,
860 2213 994 2248 perdura-

211 2262 306 2290 tienis.
322 2261 351 2289 Si
366 2268 432 2289 vero
445 2268 499 2288 non
515 2260 637 2295 genitum
655 2267 712 2286 non
735 2259 847 2286 denotat
869 2266 994 2292 causata,

212 2309 348 2336 undenam
363 2315 428 2343 ergo
438 2309 535 2334 natura
555 2313 645 2333 rerum
657 2305 808 2341 genilarum
826 2304 868 2332 sui
881 2312 994 2332 conser-

210 2355 347 2382 vationem
360 2352 487 2380 habebit?
499 2351 576 2380 Οι-ιΙι.
593 2350 808 2386 SiOmnipotens
819 2350 864 2377 ille
879 2353 991 2384 superat

210 2407 318 2427 omnem
342 2403 467 2426 naturam
486 2402 596 2433 propter
608 2397 639 2424 τὸ
655 2405 710 2424 non
729 2397 864 2432 genitum,
888 2395 992 2429 Filius,

210 2445 258 2480 qui
279 2445 429 2473 secundum
442 2448 469 2472 te
482 2452 535 2471 non
548 2448 590 2471 est
600 2451 654 2470 non
672 2443 780 2478 genitus
790 2463 797 2474 ,
815 2450 869 2470 non
883 2442 995 2470 excedet

211 2498 319 2518 omnem
330 2495 466 2518 naturam.
479 2489 556 2517 Unde
568 2496 622 2516 non
631 2497 663 2517 eo
672 2488 743 2524 quod
755 2496 808 2516 non
823 2489 932 2524 genitus
939 2492 993 2521 cst,

210 2535 413 2564 excedit'Pater
436 2543 545 2563 omnem
569 2539 712 2568 naturam,
739 2535 786 2563 sed
809 2543 863 2570 qua
888 2534 994 2562 ratione

210 2581 291 2610 Pater
313 2582 419 2610 excedit
455 2589 564 2610 omnem
599 2587 742 2614 naturam,
768 2581 862 2609 eadem
888 2581 994 2608 ratione

209 2628 292 2656 etiam
305 2627 390 2656 Filius
401 2628 506 2656 excedit
520 2635 629 2655 omnem
654 2630 791 2655 naturam.
811 2626 925 2654 Excedit
944 2634 994 2653 au-

210 2681 263 2703 tem
279 2675 359 2703 Pater
374 2679 472 2703 natura
485 2682 542 2702 sua:
551 2673 660 2702 deitatis
674 2683 680 2702 :
697 2673 791 2701 eadem
803 2677 831 2701 et
846 2672 932 2701 Filius
944 2680 992 2701 ex-

246 2753 270 2770 "
287 2752 366 2784 Joan.
383 2761 409 2786 r.
425 2751 470 2780 21.
505 2751 530 2768 "
549 2751 615 2780 ibid.
634 2751 676 2779 19.
714 2750 833 2787 “_-Joan.
852 2758 914 2784 xvr,
933 2750 976 2779 15.
1012 2750 1035 2767 ⁸⁸
1052 2749 1132 2778 Joan.
1151 2757 1219 2782 xvn,
1237 2749 1280 2777 to.

244 2830 303 2868 (86)
319 2831 538 2870 Παντοκράτορος
553 2831 736 2863 ὑποστάσεως.
753 2828 840 2858 Palat.
859 2830 885 2858 1.

1079 2121 1123 2148 26.
1137 2120 1231 2154 Ἀνόμ.
1242 2120 1272 2146 Εἰ
1287 2119 1412 2154 ὑπερέχει
1426 2118 1516 2153 πάσης
1527 2116 1631 2152 φύσεως
1645 2118 1659 2143 ὁ
1674 2117 1832 2152 Παντοκρά-

1045 2174 1110 2202 τωρ,
1130 2166 1174 2192 διὰ
1195 2165 1225 2191 τὸ
1245 2165 1392 2199 ἀγέννητον
1407 2163 1549 2199 ὑπερέχει·
1565 2163 1632 2198 ὅπερ
1650 2163 1722 2189 ἐστὶν
1744 2163 1830 2190 αἴτιον

1043 2214 1099 2244 τοῖς
1119 2212 1254 2246 γεννητοῖς
1280 2212 1320 2242 εἰς
1344 2210 1482 2245 διαμονήν.
1500 2210 1531 2236 Εἰ
1546 2209 1574 2236 δὲ
1597 2209 1633 2244 μή
1651 2209 1724 2235 ἔστιν
1739 2209 1831 2240 αἰτίας

1042 2257 1189 2293 δηλωτικὸν
1210 2257 1240 2283 τὸ
1259 2257 1419 2291 ἀγέννητον,
1436 2255 1517 2281 πόθεν
1533 2254 1566 2281 ἂν
1583 2255 1599 2289 ὴ
1618 2254 1671 2280 τῶν
1690 2253 1830 2289 γεννητῶν

1045 2303 1124 2338 φύσις
1136 2302 1190 2336 ἕξει
1202 2302 1231 2329 τὸ
1245 2301 1437 2333 διασώζεσθαι;
1448 2301 1525 2334 Ὀρθ.
1545 2300 1577 2326 Εἰ
1589 2300 1633 2326 διὰ
1647 2299 1726 2326 τοῦτο
1744 2300 1830 2336 ὑπερ-

1045 2350 1100 2384 έχει
1114 2349 1202 2383 πάσης
1216 2348 1322 2383 φύσεως
1331 2349 1344 2373 ὁ
1359 2347 1567 2382 Παντοκράτωρ,
1576 2346 1619 2372 διὰ
1628 2346 1658 2372 τὸ
1671 2345 1828 2382 ἀγέννητον

1042 2397 1057 2422 ὁ
1072 2395 1145 2427 Υἱὸς,
1157 2395 1227 2421 κατὰ
1239 2394 1268 2420 σὲ
1281 2394 1318 2429 μὴ
1328 2393 1365 2420 ὣν
1377 2393 1586 2428 ἀγέννητος,ούχ
1601 2392 1727 2428 ὑπερέχει
1739 2392 1830 2428 πάσης

1045 2443 1160 2476 φύσεως.
1177 2442 1233 2468 Οὑκ
1249 2441 1304 2476 ἄρα
1318 2440 1362 2466 διὰ
1388 2439 1534 2474 ἀγέννητον
1555 2438 1682 2474 ὑπερέχει
1705 2438 1721 2464 ὁ
1734 2437 1830 2474 Πατὴρ

1043 2488 1133 2522 πάσης
1150 2485 1332 2522 φύσεως-ἁλλ’
1348 2482 1473 2520 ᾧλόγῳὸ
1491 2484 1586 2519 Πατὴρ
1599 2483 1727 2519 ὑπερέχει
1738 2483 1831 2519 πάσης

1043 2533 1161 2568 φύσεως,
1173 2533 1259 2567 τούτῳ
1275 2531 1314 2567 τῷ
1335 2531 1405 2566 λόγῳ
1421 2530 1548 2566 ὑπερέχει
1565 2530 1611 2556 καὶ
1623 2530 1638 2556 ὁ
1657 2529 1721 2561 Υἱὸς
1738 2529 1831 2565 πάσης

1044 2580 1160 2616 φύσεως.
1169 2579 1235 2606 Ύπε
1241 2579 1312 2615 ρέχει
1324 2579 1352 2605 δὲ
1362 2580 1376 2606 ὁ
1387 2579 1480 2614 Πατὴρ
1490 2579 1523 2614 τῇ
1535 2577 1613 2612 φύσει
1624 2578 1673 2614 τῆς
1687 2577 1814 2613 Θεότητος
1822 2585 1828 2591 ·

1042 2626 1128 2663 ταύτῃ
1139 2625 1185 2652 καὶ
1201 2625 1216 2652 ὁ
1227 2625 1289 2657 Υἱὸς
1304 2625 1432 2660 ὑπερέχει
1444 2622 1532 2659 πάσης
1552 2623 1668 2658 φύσεως.
1681 2623 1782 2658 ’Δγ-ὀμ,
1799 2623 1832 2650 Et

1043 2672 1118 2699 οὐδὲν
1127 2671 1180 2698 τῶν
1189 2671 1310 2707 ἀοράτων
1323 2671 1387 2698 αὐτὸ
1403 2670 1499 2697 ἑαυτοῦ
1513 2669 1706 2706 σπερματικῶς
1722 2672 1830 2705 προῦπ-

1322 2748 1345 2765 “
1362 2747 1441 2777 Joan.
1461 2757 1488 2781 ν,
1503 2748 1548 2776 25.

1079 2827 1136 2864 (87)
1152 2826 1239 2856 Palat.
1252 2827 1279 2862 2,
1295 2831 1322 2856 et
1337 2828 1453 2864 August.
1469 2827 1500 2855 Et
1511 2826 1540 2854 δὲ
1553 2826 1584 2854 τὸ
1599 2825 1756 2861 ἀγέννητον.
