1926 3067
46 140 127 169 1197

542 140 585 167 DE
604 139 739 169 SANCTA
759 141 945 170 TRINITATE
965 142 1137 171 DIALOGUS
1156 142 1189 170 ll.

47 196 150 232 ἄρχει,
180 195 299 231 διαμένει
320 196 348 222 δὲ
362 197 390 222 ὲν
412 197 490 231 φύσει
514 197 775 236 ἁποκεκληρωμένῃ,
790 199 846 232 πῶς

899 200 973 228 cedit
986 209 1093 229 omnem
1112 206 1248 229 naturam.
1276 198 1372 227 Anam.
1391 199 1419 226 Si
1435 198 1510 226 nulla
1525 206 1571 228 res
1586 199 1683 228 invisi—

48 243 86 269 ἂν
96 242 114 269 ὁ
128 242 275 277 ἀγέννητος
289 241 365 274 Θεὸς,
380 242 519 279 ἐλεύθερος
529 243 748 280 ἀποκληρώσεως
760 245 847 282 ὑπάρ-

50 296 124 324 χων,
136 287 185 314 νῦν
206 288 255 322 μὲν
269 288 318 323 τὴν
337 288 432 314 ἑαυτοῦ
449 289 542 316 οὐσίαν
563 290 692 326 δευτέραν
709 291 737 317 ὲν
752 293 848 328 γεννή-

52 341 125 369 ματι
143 333 205 368 ὁρᾷ,
226 332 274 360 νῦν
298 333 326 359 δὲ
356 334 491 370 προτέραν
511 335 539 360 ἐν
556 336 695 372 ἀγεννήτῳ
708 337 779 364 κατὰ
799 337 848 373 τὴν

50 379 173 415 πρώτην
199 380 246 407 καὶ
269 380 396 416 δευτέραν
420 381 513 414 τάξιν;
537 382 611 417 Ὀρθ.
629 383 711 410 Οὐδὲν
729 384 777 419 μὲν
792 385 847 411 τῶν

48 427 184 462 ἀοράτων
192 427 257 453 αὐτὸ
265 426 359 454 ἑαυτοῦ
369 427 561 462 σπερματικῶς
568 429 748 465 προῦπάρχει·
756 430 812 456 ἀλλ’
818 432 847 457 ὲν

49 475 88 510 τῇ
105 473 217 508 ἐξουσίᾳ
232 473 279 500 τοῦ
295 474 476 511 Δημιουργοῦ,
488 474 559 501 κατὰ
571 474 620 507 τὰς
636 475 711 507 θείας
725 476 845 511 Γραφὰς,

51 519 95 555 μὴ
125 519 191 546 ὄντα
209 519 247 550 ὡς
264 519 328 546 ὄντα
338 520 421 546 εἰσίν·
437 522 451 546 ὁ
474 520 503 546 δὲ
526 521 599 553 Υἱὸς,
615 522 644 548 ἐν
659 523 691 557 τῇ
709 522 788 558 οὐσίᾳ
800 522 847 549 τοῦ

50 565 167 601 Πατρὺς
182 564 231 597 ὢν,
245 565 291 592 καὶ
307 565 429 598 ἕστι,καὶ
443 565 515 593 ἔσται
531 567 568 598 ὡς
579 567 748 603 ἀπαύγασμα
758 567 846 604 δόξης,

50 611 105 637 καὶ
133 610 279 646 χαρακτὴρ
298 611 346 646 τῆς
366 612 540 644 ὑποστάσεως
567 613 848 650 συνεπιθεωρούμενος

51 656 94 692 τῷ
116 657 277 691 γεννήσαντι
304 657 384 684 αὑτὸν
399 658 521 691 ἀπαθῶς,
542 659 672 694 ἀχρόνως,
686 660 788 692 ἀϊδίως,
804 661 848 687 οὑ-

53 702 131 734 σεας,
145 703 193 729 καὶ
205 702 312 738 βουλῆς,
327 703 375 730 καὶ
392 703 542 739 δυνάμεως,
561 706 608 731 καὶ
619 705 699 741 δόξης
720 706 844 742 ἀπαράλ-

53 748 159 780 λακτος
181 748 273 781 εἰκὼν,
287 749 341 785 πρὸ
355 750 409 776 τῶν
428 750 586 786 προαιώνων
605 752 743 788 ὑπάρχων.
766 753 795 778 '0
820 753 848 779 δὲ

54 797 207 832 ἀγέννητος
232 796 299 829 Θεὸς
323 796 372 832 τὴν
395 798 490 824 ἑαυτοῦ
505 799 599 825 οὐσίαν
612 797 681 825 οἶδεν
692 799 847 835 ἀγέννητον,

53 844 92 875 ὡς
105 844 154 870 καὶ
164 844 277 878 ἀψευδῆ,
286 845 332 871 καὶ
342 844 489 880 ἄφθαρτον,
503 846 549 872 καὶ
560 846 713 882 ἀσώματον,
721 847 768 873 καὶ
780 846 848 873 ἀθά-

899 247 960 274 bilis
974 247 1032 282 ipsa
1048 251 1110 274 ante
1126 246 1244 281 seipsam
1263 245 1291 272 in
1306 245 1409 272 semine
1424 244 1553 277 exsistit,
1581 245 1630 272 sed
1653 246 1682 273 in

898 299 929 320 ea
945 296 1041 319 natura
1057 297 1207 327 permanet,
1231 298 1311 327 quam
1334 291 1431 318 sortita
1456 293 1518 322 est,
1543 291 1682 325 quomodo

897 344 952 364 non
967 338 1074 372 genitus
1097 337 1142 364 ille.
1160 336 1243 368 Deus,
1259 336 1305 371 qui
1329 343 1344 362 a
1365 335 1509 364 sortitione
1535 336 1605 363 liber
1617 340 1681 370 est,

898 391 971 410 nunc
986 383 1095 419 quidem
1109 391 1186 411 suam
1201 382 1348 410 essentiam
1363 381 1542 416 posteriorem
1561 381 1683 409 intuetur

899 428 927 455 in
941 429 1042 463 genito,
1057 435 1130 455 nunc
1144 428 1262 463 priorem
1275 427 1303 454 in
1315 434 1369 453 non
1385 426 1486 461 genito,
1502 426 1597 453 ordine
1613 434 1682 462 quo~

897 474 959 501 dam
969 474 1066 510 prioris
1075 478 1101 502 et
1107 473 1284 509 posterioris?
1294 473 1370 501 ΟνιΙι.
1380 472 1418 499 Ex
1426 472 1611 500 invisibilibus
1619 473 1682 508 qui-

898 521 958 548 dem
973 521 1041 547 nihil
1057 525 1118 547 ante
1138 519 1258 554 seipsum
1273 519 1301 545 in
1318 517 1421 546 semine
1436 517 1610 552 praeexsistit,
1630 517 1678 545 sed

899 567 926 594 in
941 567 1061 602 potentia
1072 565 1222 598 Creatoris,
1235 564 1383 592 secundum
1392 563 1499 591 divinas
1512 563 1680 599 Scripturas.

900 621 954 641 non
968 613 1041 640 entia
1057 613 1131 640 velut
1145 612 1219 640 entia
1238 615 1303 638 sunt
1319 621 1325 638 :
1343 610 1428 638 Filius
1443 617 1508 638 vero
1521 610 1549 637 in
1563 611 1682 638 essentia

898 659 989 687 Patris
1004 659 1151 690 exsistens,
1171 661 1198 685 et
1211 661 1263 689 est,
1281 661 1308 684 et
1329 648 1393 689 er'it,
1409 664 1458 683 ceu
1481 656 1610 691 splendor
1624 657 1684 691 glo-

899 706 946 733 riae
961 709 989 733 et
1002 705 1145 733 character
1169 703 1363 739 hypostaseos,
1389 701 1470 729 simul
1493 701 1684 729 consideratus

898 759 961 779 cum
977 759 1027 785 eo,
1050 751 1096 786 qui
1113 750 1207 787 genuit
1232 749 1291 776 sine
1305 748 1435 784 passione
1458 752 1486 776 et
1502 751 1623 782 tempore
1649 748 1683 775 ab

898 803 1011 830 aeterno,
1027 797 1198 830 substantias,
1215 795 1365 823 voluntatis
1378 814 1386 827 ,
1409 799 1436 822 et
1458 795 1551 830 gloriae
1569 795 1684 821 invaria—

899 845 962 872 bilis
984 845 1084 879 imago,
1100 843 1172 870 omni
1184 842 1338 870 aeternitate
1355 841 1430 876 prior
1444 841 1590 868 exsistens.
1610 839 1684 878 Deus

54 898 150 924 νατον,
165 891 212 917 καὶ
227 890 276 926 οὐχ
293 891 344 927 ὁρᾷ
358 891 406 926 τὴν
422 891 517 918 ἑαυτοῦ
533 892 626 918 οὐσίαν
644 891 692 919 νῦν
706 892 755 928 μὲν
767 893 846 926 ἀγέν-

900 898 964 918 vero
990 897 1045 918 non
1070 889 1178 925 genitus
1199 888 1275 915 novit
1295 894 1371 915 suam
1390 886 1477 921 ipsius
1500 885 1683 913 substantiam

54 944 149 972 νητον,
163 936 210 963 νῦν
224 936 252 963 δὲ
268 936 409 972 γεννητὴν,
424 937 479 963 ἀλλ’
497 937 511 963 ὃ
521 938 572 973 ὁρᾷ
586 937 692 971 ἑαυτὸν,
706 938 784 964 τοῦτο
797 938 847 973 ὁρᾷ

54 983 105 1008 καὶ
119 975 169 1017 τὴν
190 982 287 1009 ἑαυτοῦ
306 983 405 1009 εἰκόνα.
423 983 470 1014 Τίς
484 983 512 1009 δέ
527 984 585 1009 ἐστι
601 983 650 1019 τὴν
661 984 765 1016 οὐσίαν,
785 983 847 1011 οὔτε

56 1029 125 1062 ἡμῖν
139 1028 323 1063 ἀπεκάλυψεν,
341 1027 402 1055 οὔτε
419 1029 475 1060 τοῖς
497 1029 548 1064 πρὸ
576 1029 664 1064 ἡμῶν.
679 1030 760 1064 Λέγει
781 1029 845 1065 γὰρ,

56 1071 152 1104 καθὼς
165 1073 337 1108 προείρηται·
356 1083 365 1098 ι
385 1073 489 1110 Ὠφθην
504 1074 572 1109 πρὸς
590 1075 636 1101 τὸν
659 1075 784 1111 Ἀϐραὰμ
799 1076 847 1102 καὶ

63 1118 159 1145 Ἰσαὰκ
185 1119 231 1144 καὶ
263 1118 359 1146 Ἰακὼϐ
383 1121 445 1151 τοὺς
474 1121 596 1156 πατέρας
615 1121 702 1156 ὑμῶν,
716 1121 782 1154 Θεὸς
808 1121 846 1148 ὢν

58 1164 160 1197 αὐτῶν,
175 1166 221 1192 καὶ
237 1165 267 1192 τὸ
280 1165 364 1201 ὄνομά
380 1175 430 1202 μου
444 1167 493 1193 οὐκ
508 1167 643 1202 ἐγνώρισα
658 1168 758 1200 αὐτοῖς.
777 1178 787 1194 ι

900 945 954 965 non
968 937 1086 972 genitam
1099 939 1130 962 ut
1140 939 1167 962 et
1179 934 1312 962 mendacii
1331 937 1481 968 expertem,
1493 931 1682 966 incorpoream

898 989 926 1011 et
940 984 1118 1011 immortalem
1133 992 1140 1009 :
1159 989 1210 1009 nec
1224 981 1297 1008 videt
1309 988 1386 1008 suam
1398 979 1484 1014 ipsius
1501 978 1684 1006 substantiam

900 1030 981 1058 modo
997 1037 1052 1057 non
1069 1028 1186 1064 genitam
1198 1048 1206 1060 ,
1233 1026 1314 1054 modo
1337 1026 1456 1061 genitam
1474 1044 1481 1056 ,
1508 1024 1556 1052 sed
1573 1024 1662 1058 ipsum
1674 1041 1683 1055 ,

900 1067 974 1111 quod
994 1083 1055 1103 sese
1074 1082 1135 1102 e55e
1148 1074 1232 1104 videt,
1249 1073 1322 1101 videt
1340 1072 1422 1100 etiam
1450 1078 1510 1098 esse
1538 1069 1683 1105 imaginem
1711 1071 1720 1079 '

899 1121 953 1150 sui.
968 1120 1035 1154 Quis
1052 1123 1143 1147 autem
1160 1119 1196 1146 sit
1213 1118 1301 1154 quoad
1318 1117 1498 1146 substantiam
1509 1136 1516 1148 ,
1533 1122 1584 1142 nec
1603 1114 1683 1141 nobis

899 1167 1038 1199 revelavit,
1053 1174 1104 1193 nec
1115 1166 1162 1198 iis,
1175 1165 1221 1200 qui
1239 1169 1302 1192 ante
1316 1172 1366 1191 nos
1380 1163 1499 1190 luerunt.
1523 1160 1592 1189 Dicit
1609 1160 1683 1187 enim

56 1214 90 1237 ut
104 1210 209 1238 dictum
224 1215 286 1239 cst:
307 1221 317 1238 ι
332 1213 454 1247 Apparui
466 1213 612 1247 Abraham,
629 1214 704 1242 Isaac
719 1218 747 1242 et
758 1214 842 1242 Iacob
861 1214 984 1250 patribus
1001 1214 1117 1246 vestris,
1142 1218 1271 1240 tannuam
1304 1211 1375 1239 Deus
1405 1218 1511 1242 eorum,
1532 1213 1559 1237 et
1583 1214 1683 1235 nomen

59 1265 153 1285 meum
164 1267 218 1286 non
231 1260 349 1287 revelavi
364 1261 403 1288 eis
417 1261 450 1287 ‘7.
472 1271 481 1287 ι

94 1315 140 1343 27.
161 1316 259 1351 Ἀνόμ.
275 1317 306 1343 Εἰ
319 1317 440 1352 διαμένει
451 1319 479 1345 ὲν
492 1319 633 1355 ἀγεννήτῳ
649 1320 728 1355 φύσει
742 1321 756 1346 ὀ
771 1320 847 1352 Θεὸς,

58 1362 91 1388 τὸ
112 1362 142 1388 ὲν
164 1362 269 1396 γενέσει
283 1363 330 1390 καὶ
344 1364 492 1401 ὰγεννησὶᾳ
509 1366 604 1392 ἑαυτὸν
614 1366 712 1393 εἰδέναι
725 1367 850 1402 ἀφαιρεί-

61 1408 127 1435 σθω.
139 1409 282 1443 Συγχωροὺ
287 1418 365 1444 μενος
378 1410 406 1437 δὲ
421 1411 449 1437 ἐν
460 1412 598 1449 ἀγεννήτῳ
610 1413 657 1439 καὶ
668 1412 789 1448 γεννητῷ
800 1414 850 1448 τὴν

61 1453 158 1481 ἑαυτοῦ
172 1455 265 1482 οὐσίαν
281 1457 455 1492 παρατείνειν
472 1458 561 1491 αὐτὸς,
579 1458 674 1485 ἑαυτοῦ
690 1460 782 1493 ἀγνοεῖ
799 1460 848 1493 τὴν

61 1500 155 1527 οὐσίαν
173 1501 369 1537 περιαγόμενος
386 1503 438 1529 ὑπὸ
449 1504 581 1537 γενέσεως
594 1505 641 1531 καὶ
651 1505 804 1539 ἀγενεσίας.
818 1505 850 1530 Εἰ

63 1547 109 1573 καὶ
127 1547 158 1574 τὸ
171 1548 298 1583 γεννητὸν
314 1549 459 1585 μετείληφε
477 1551 569 1583 οὐσίας
586 1552 749 1587 ἀγεννήτου,
770 1553 799 1578 ὲν
822 1552 851 1579 δὲ
864 1539 885 1567 c

62 1593 191 1628 γεννητοῦ
206 1593 285 1628 φύσει
304 1594 489 1631 ἀτελευτήτως
507 1596 638 1632 διαμένει,
652 1598 681 1623 ἐν
726 1597 774 1632 μὲν
790 1597 848 1624 δια-

62 1638 134 1665 τελεί
152 1639 241 1673 φύσει,
268 1640 396 1674 γινώσκει
419 1642 526 1674 ἑαυτὸν,
542 1643 646 1677 ἀγνοῶν
666 1643 785 1678 δηλονότι
800 1643 850 1679 τὴν

62 1684 206 1720 ἀγέννητον
220 1686 322 1712 οὐσίαν.
341 1687 377 1712 οὐ
389 1687 443 1721 γὰρ
457 1685 513 1715 οἷόν
527 1697 556 1715 τε
578 1689 659 1715 αὐτὸν
673 1690 737 1724 περὶ
751 1690 848 1716 ἑαυτοῦ

57 1731 110 1758 ,καὶ
127 1731 274 1766 ἁγεννήτου
292 1733 384 1765 οὐσίας
398 1734 498 1768 γνῶσιν
512 1734 584 1770 ἒχειν
598 1735 644 1762 καὶ
662 1737 801 1775 γεγνητῆς.
818 1737 849 1763 Et

62 1777 90 1804 δὲ
105 1777 339 1814 εὐκαταφρόνητόν
363 1781 420 1806 ἐστι
437 1780 467 1807 τὸ
487 1781 632 1817 ἀγέννητον
642 1782 685 1810 διὰ
700 1782 850 1818 μεταϐολῆς

63 1824 277 1860 ἐπιτηδειότητα,
288 1826 395 1862 ἀξίωμα
412 1826 518 1862 φύσεώς
535 1828 609 1854 ἐστιν
624 1829 640 1864 ἠ
654 1829 733 1855 οὐσία
747 1829 849 1864 ἀμετά-

64 1868 168 1904 ϐλητος,
181 1869 230 1905 τῆς
246 1871 394 1906 ἁγεννήτου
415 1872 508 1903 οὐσίας
526 1872 616 1908 πάσης
642 1873 735 1905 οὐσίας
757 1874 849 1909 κρείτ-

63 1923 138 1947 τονος
159 1915 388 1952 ὁμολογουμένης.
412 1918 489 1952 Ὀρθ.
507 1918 538 1944 Εἰ
562 1919 609 1946 καὶ
630 1919 751 1954 διαμένει
768 1920 850 1954 ἀγέν-

65 1968 142 1994 νητος
160 1962 174 1987 ὁ
196 1961 278 1994 Θεὸς,
299 1962 356 1989 ἀλλ’
378 1963 428 1990 οὐκ
455 1963 528 1991 ἔστιν
551 1965 632 1991 αὐτοῦ
658 1966 735 1992 τοῦτο
757 1966 847 2000 φύσις.

70 2005 138 2032 Ἀλλ’
151 2006 191 2033 ὃτι
205 2007 249 2042 μὴν
259 2007 378 2042 ἐγένετο,
394 2009 473 2036 τοῦτο
488 2009 624 2045 ἔγνωμεν·
640 2011 683 2042 τίς
697 2011 726 2038 δέ
745 2012 818 2038 ἐστιν
832 2013 848 2047 ἡ

65 2051 143 2085 φύσις
156 2053 249 2084 αὑτοῦ,
269 2053 387 2081 οὐδέπω’
402 2055 449 2081 καὶ
464 2055 517 2091 γὰρ
534 2057 580 2082 καὶ
598 2056 741 2092 ἀσώματος
755 2058 849 2093 διαμέα

65 2105 114 2128 νει,
132 2097 178 2123 καὶ
200 2098 250 2124 οὑκ
271 2098 344 2126 ἐστιν
367 2100 448 2126 αὐτοῦ
474 2100 552 2127 τοῦτο
571 2102 588 2137 ή
607 2101 705 2136 φύσις
730 2102 788 2128 ἀλλ’
808 2104 849 2130 ὅτι

66 2142 102 2177 μὴ
111 2142 165 2177 ἔχει
174 2142 252 2178 σῶμα
266 2143 397 2180 ἔγνωμεν·
417 2146 464 2172 καὶ
479 2146 595 2182 ἀψευδὴς
607 2147 792 2183 διαμένει,καὶ
800 2149 849 2175 οὐκ

66 2187 136 2215 ἐστιν
149 2189 231 2216 αὑτοῦ
243 2190 321 2217 τοῦτο
334 2191 413 2226 φύσις
429 2200 437 2207 ·
448 2192 505 2218 ἀλλ’
517 2193 559 2219 ὅτι
569 2193 605 2229 μὴ
616 2193 752 2228 ψεύδεται,
765 2194 848 2229 ἔγνω-

68 2242 130 2269 μεν·
145 2235 184 2266 τίς
197 2235 225 2262 δέ
244 2237 300 2262 ἐστι
313 2236 363 2272 τὴν
378 2236 468 2271 φύσιν,
486 2238 535 2264 οὐκ
550 2238 732 2273 ἀπεκάλυψεν.
748 2240 778 2266 El
794 2239 847 2276 γὰρ

65 2279 100 2307 ςά
129 2281 311 2316 προειρημένα
340 2282 398 2308 ἐστὶ
428 2282 526 2317 φύσις,
554 2283 686 2318 ἐψεύσατο
713 2285 846 2320 εἰρηκώς·

69 2334 79 2352 ι
99 2326 199 2362 Ὠφθην
217 2327 283 2362 πρὸς
298 2327 344 2354 τὸν
362 2328 498 2364 Ἀϐραὰμ,
513 2330 559 2356 καὶ
575 2330 731 2363 Ἰσαὰκ,καὶ
739 2331 846 2363 Ἰακὼϐ.

66 2374 127 2405 τοὺς
150 2374 269 2409 πατέρας
284 2375 370 2410 ὑμῶν,
384 2376 450 2408 Θεὸς
470 2377 508 2404 ὢν
531 2377 631 2410 αὐτῶν,
650 2378 697 2404 καὶ
717 2378 747 2405 τὸ
763 2379 848 2413 ὕνομά

69 2427 117 2452 μου
130 2418 178 2444 οὐκ
190 2419 324 2456 ἐγνώρισα
336 2422 437 2454 αὐτοῖς·
455 2432 464 2448 ι
480 2423 618 2457 φαίνονται
631 2423 684 2459 γὰρ
699 2424 798 2456 εἰδότες
812 2424 847 2450 τὰ

69 2465 257 2500 προειρημένα.
292 2467 359 2493 Ἀλλ’
374 2467 490 2504 ἀψευδής
505 2470 573 2500 ἐστι,
589 2469 636 2495 καὶ
649 2470 680 2496 οὐ
702 2469 826 2503 ψεύδεται
836 2479 843 2484 ·

68 2509 114 2536 οὐκ
126 2510 177 2545 ἄρα
190 2511 345 2547 ἀπεκάλνψε
359 2514 389 2540 τὸ
398 2513 482 2549 ὄνομα
494 2514 543 2549 τῆς
554 2514 636 2541 αὑτοῦ
652 2515 767 2548 φύσεως.
784 2516 846 2547 Πῶς

67 2553 110 2581 οὖν
124 2556 211 2590 λέγεις
224 2558 254 2583 τὸ
265 2558 429 2594 ἀγέννητον;
446 2560 477 2586 Εἰ
490 2561 518 2586 δὲ
530 2561 560 2586 τὸ
573 2560 658 2596 ὄνομα
674 2561 724 2587 οὐκ
740 2561 845 2588 ἀπεκά-

67 2600 141 2636 λυψε,
152 2602 242 2637 πολλῷ
258 2604 336 2631 πλέον
350 2605 398 2640 τὴν
414 2605 504 2639 φύσιν.

934 1319 979 1347 27.
994 1318 1089 1344 Anam.
1099 1316 1128 1344 Si
1138 1316 1207 1344 Deus
1215 1318 1355 1350 permanet
1371 1314 1399 1341 in
1408 1317 1505 1340 natura
1514 1320 1568 1340 non
1580 1311 1682 1347 genita,

901 1364 1040 1391 auferatur
1053 1364 1088 1390 ab
1102 1371 1135 1390 eo
1151 1361 1224 1398 quod
1241 1368 1271 1388 se
1285 1364 1381 1388 noscat
1397 1358 1549 1386 secundum
1575 1364 1682 1392 genera~

901 1411 1002 1438 tionem
1026 1410 1068 1438 vel
1087 1408 1271 1445 generationis
1296 1407 1493 1434 exclusionem.
1518 1405 1569 1432 Ubi
1592 1408 1682 1431 autem

901 1464 1062 1484 concessum
1084 1456 1183 1488 fuerit,
1209 1462 1270 1483 cum
1295 1454 1338 1481 sui
1356 1453 1443 1488 ipsius
1458 1451 1639 1479 substantiam
1655 1451 1682 1477 in

902 1509 955 1529 non
973 1502 1063 1537 genito
1082 1501 1146 1528 etin
1166 1500 1258 1536 genito
1270 1498 1427 1529 extendere,
1443 1497 1501 1531 ipse
1514 1502 1590 1523 suam
1607 1495 1671 1529 igno

901 1552 943 1574 rat
961 1547 1153 1578 substantiam.
1167 1546 1351 1574 circumactus
1379 1552 1395 1572 a
1422 1543 1597 1580 generatione
1617 1546 1644 1568 et
1668 1550 1685 1569 a

900 1593 1083 1629 generationis
1100 1593 1266 1620 exclusione.
1296 1590 1374 1625 Quod
1390 1590 1414 1618 si
1432 1590 1514 1617 etiam
1540 1589 1566 1616 id
1578 1609 1585 1621 ,
1610 1587 1684 1623 quod

899 1641 1018 1677 genitum
1027 1644 1079 1672 est,
1087 1648 1142 1668 non
1156 1639 1252 1674 genita:
1261 1638 1420 1666 substantia:
1431 1637 1565 1672 particeps
1581 1635 1684 1662 factum

899 1687 997 1718 est,.in
1016 1691 1113 1713 natura
1128 1690 1217 1712 autem
1233 1685 1316 1720 geniti
1331 1683 1516 1711 indesinenter
1531 1685 1683 1717 permanet,

899 1734 927 1760 in
943 1741 996 1768 qua
1010 1733 1190 1760 constitutum
1212 1735 1272 1762 est,
1297 1730 1469 1760 naturaliter,
1486 1728 1604 1762 scipsum
1621 1734 1684 1754 esse

900 1780 1051 1814 cognoscit,
1066 1779 1196 1814 ignorans
1211 1777 1337 1804 videlicet
1351 1784 1405 1804 non
1420 1775 1537 1810 genitam
1554 1774 1681 1802 substan—

899 1827 976 1854 tiam.
1002 1826 1095 1861 Neque
1114 1825 1186 1852 enim
1204 1824 1262 1851 ﬁeri
1282 1827 1372 1859 potest
1400 1827 1430 1850 ut
1451 1823 1522 1849 idem
1547 1821 1598 1849 sibi
1627 1829 1682 1848 non

899 1872 998 1907 genita:
1012 1871 1094 1899 simul
1105 1875 1131 1898 et
1148 1871 1245 1906 genita:
1259 1861 1419 1897 substantia:
1434 1869 1575 1896 conscium
1593 1868 1638 1895 sit.
1652 1867 1682 1895 Si

898 1917 1073 1952 despicabilis
1087 1921 1130 1944 est
1147 1924 1192 1944 res
1212 1923 1267 1943 non
1288 1915 1378 1952 genita
1399 1918 1509 1949 propter
1522 1915 1684 1949 propensio-

898 1972 960 1991 nem
976 1964 1016 1998 ‘ad
1047 1963 1249 1990 mutationem:
1280 1967 1385 1990 naturae
1410 1962 1529 1997 dignitas
1557 1962 1608 1989 erit
1637 1963 1683 1989 illa

899 2009 1052 2037 substantia
1080 2009 1269 2040 immutabilis,
1283 2015 1346 2035 cum
1363 2007 1392 2035 in
1408 2007 1536 2035 confesso
1550 2007 1601 2039 sit,
1627 2016 1682 2034 non

899 2056 1016 2091 genitam
1039 2055 1218 2082 substantiam
1235 2055 1310 2082 omni
1335 2054 1488 2082 substantia
1511 2056 1684 2088 praestantio-

898 2109 956 2129 rem
967 2109 1038 2129 esse.
1055 2101 1130 2128 θνιΙι.
1146 2101 1178 2128 Ει
1191 2101 1213 2129 si
1230 2100 1300 2128 Deus
1323 2105 1463 2135 permanet
1477 2108 1531 2128 non
1551 2099 1660 2134 genitus
1672 2119 1681 2131 ,

898 2146 980 2183 439
993 2146 1040 2174 sed
1051 2147 1103 2174 hoc
1119 2154 1173 2174 non
1185 2150 1226 2174 est
1240 2146 1300 2180 ejus
1312 2150 1421 2173 natura.
1430 2145 1560 2172 Novimus
1570 2145 1680 2180 quidem

899 2201 953 2220 non
964 2201 1024 2220 esse
1040 2193 1160 2228 genitum
1173 2202 1179 2220 :
1197 2197 1224 2220 at
1236 2200 1296 2228 quae
1310 2192 1346 2219 sit
1358 2192 1418 2226 ejus
1434 2196 1542 2224 natura,
1559 2192 1681 2219 nondum

900 2239 1025 2266 novimus
1043 2249 1050 2266 :
1070 2247 1132 2266 nam
1147 2239 1227 2266 etiam
1252 2239 1431 2274 incorporeus
1451 2241 1610 2274 permanet,
1630 2245 1681 2264 nec

899 2289 989 2313 tamen
1004 2286 1061 2312 hate
1074 2286 1133 2320 ejus
1148 2290 1246 2312 natura
1259 2290 1301 2313 est
1315 2294 1321 2312 ί
1345 2285 1392 2312 sed
1410 2285 1436 2312 id
1453 2285 1589 2316 novimus,
1607 2284 1681 2319 quod

898 2339 997 2367 corpus
1013 2339 1069 2358 non
1085 2331 1200 2364 habeat;
1217 2331 1257 2358 sic
1272 2336 1299 2358 et
1313 2331 1448 2358 mendacii
1458 2338 1555 2366 expers
1572 2337 1682 2365 perma-

899 2382 954 2408 net.
972 2385 1022 2405 nec
1040 2378 1092 2404 hoc
1106 2378 1196 2411 ipsum
1216 2381 1259 2404 est
1273 2377 1334 2412 ejus
1349 2382 1468 2404 natura:
1494 2376 1621 2404 novimus
1636 2380 1683 2402 tau

897 2431 960 2450 men
989 2423 1059 2458 quod
1084 2431 1139 2450 non
1163 2423 1331 2451 mentiatur:
1352 2423 1414 2458 quis
1430 2423 1502 2450 enim
1519 2422 1555 2450 sit
1581 2430 1682 2450 seeunn

898 2469 962 2495 dum
977 2473 1113 2500 naturam,
1125 2476 1179 2497 non
1194 2470 1336 2498 revelavit.
1347 2469 1376 2496 Si
1389 2469 1460 2496 enim
1476 2476 1519 2502 ea,
1531 2469 1565 2496 de
1578 2469 1681 2504 quibus

899 2515 979 2542 modo
991 2514 1093 2542 dictum
1107 2521 1159 2547 est,
1173 2521 1238 2543 sunt
1254 2516 1312 2550 ipsa
1328 2521 1436 2548 natura,
1459 2508 1682 2544 sane'mentitus

899 2566 941 2590 est
961 2569 1022 2589 cum
1045 2563 1115 2592 dixit
1132 2572 1140 2590 :
1161 2573 1171 2590 ‹
1189 2564 1307 2599 Apparui
1328 2563 1483 2596 Abraham,
1503 2562 1580 2591 Isaac
1594 2566 1621 2590 et
1637 2561 1684 2589 Ja-

899 2608 950 2636 cob
963 2609 1087 2642 patribus
1103 2610 1212 2643 vestris,
1229 2613 1358 2645 tanquam
1373 2608 1444 2637 Deus
1467 2616 1574 2641 eorum,
1590 2612 1617 2636 et
1630 2615 1685 2635 no-

67 2654 127 2674 men
150 2655 240 2675 meum
265 2657 319 2677 non
342 2651 457 2678 revelavi
479 2652 539 2680 eis:
563 2661 573 2678 ι
593 2652 719 2680 videntur
736 2653 809 2680 enim
826 2653 844 2679 ii
863 2653 978 2681 scivisse
993 2661 1024 2681 ea
1047 2661 1107 2689 quae
1125 2659 1188 2682 ante
1202 2655 1275 2683 dicta
1309 2657 1382 2682 sunt.
1405 2654 1459 2682 Sed
1482 2654 1683 2681 mendaciiex-

69 2702 128 2730 pars
139 2701 190 2726 est.
205 2704 257 2724 nec
272 2699 382 2725 montiri
399 2703 508 2733 potest;
525 2708 579 2728 non
594 2701 677 2736 igitur
694 2709 750 2729 sua:
774 2701 861 2736 ipsius
879 2707 983 2730 natura:
997 2710 1095 2730 nomen
1113 2704 1252 2731 revelavit.
1287 2703 1430 2736 Quomodo
1458 2710 1524 2739 ergo
1550 2706 1581 2730 tu
1611 2701 1683 2731 dicis

69 2748 120 2770 non
135 2742 272 2776 genitum?
287 2743 316 2771 Si
329 2749 419 2772 autem
447 2755 543 2774 nomen
559 2756 638 2776 suum
663 2756 717 2777 non
740 2749 880 2782 revelavit,
891 2751 976 2778 multo
994 2751 1079 2787 magis
1094 2757 1218 2779 naturam
1234 2759 1288 2779 non
1302 2751 1439 2779 revelavit.
1567 2739 1570 2741 Ἴ

107 2832 127 2849 δ’
144 2833 226 2861 Exod.
244 2842 288 2869 vt,
306 2835 340 2868 2,
359 2837 385 2863 ὃ.
