1926 3067
250 144 318 172 1193

812 145 840 172 S.
860 144 1089 174 ATIIANASIUS.
1110 160 1145 166 —
1164 145 1300 174 SPURIA.

1799 148 1873 176 1200

286 204 330 233 28.
348 205 442 233 Anam.
460 203 488 232 Si
501 211 554 232 non
571 203 692 239 genitum
709 203 744 232 ab
759 205 834 232 omni
847 212 929 232 causa
942 212 1026 232 exem.

1116 204 1266 240 28.Ἀνόμ.
1279 206 1310 232 Εἰ
1325 205 1354 232 τὺ
1365 205 1509 242 ἀγέννητον
1521 205 1610 241 πάσης
1623 206 1712 237 αἰτίας
1726 205 1869 243 ἐξῄπται.

250 256 325 289 tpum
337 257 388 284 est,
413 251 513 279 fuerim
521 254 614 279 autem.
622 251 706 278 multa
720 258 774 278 non
788 251 887 286 genita,
905 255 1032 278 naturam

248 307 314 328 sane
328 298 466 326 habebunt
489 297 516 325 in
533 298 608 325 nullo
622 297 782 325 dissimilem
802 307 809 324 :
824 305 879 325 non
893 297 966 324 cnim
981 305 1033 324 na-

247 351 315 374 tura
330 344 471 380 cujusdam
489 344 643 372 communis
658 347 685 371 et
711 343 829 379 propria:
855 343 1030 378 participatio

247 392 319 420 facta
335 395 387 422 est,
404 392 439 417 ita
459 395 488 417 ut
512 391 597 418 altera
619 390 728 425 quidem
750 390 842 422 faciat,
859 389 945 417 altera
966 396 1030 417 vero

247 437 303 465 ﬁat.
326 436 403 464 Ortlt.
431 434 599 462 Universalis
625 435 671 461 illa
698 434 851 469 propositio
879 434 1030 460 secundum

245 481 310 517 quid
329 480 396 508 falsa
419 485 480 512 est;
505 487 559 506 non
582 479 654 506 enim
684 486 763 506 omne
791 486 845 505 non
863 478 996 513 genitum,
1013 485 1030 505 ο

245 527 317 559 Aeti,
338 527 372 554 ab
387 526 461 553 omni
483 532 566 552 causa
589 529 742 559 exemptum
758 528 810 551 cst.
830 522 890 550 Non
906 523 1028 558 genitum

245 573 318 600 enim
343 576 395 604 est,
416 571 489 606 quod
512 574 650 597 auctorem
669 577 723 596 non
742 569 822 596 habet
844 579 851 596 :
871 577 926 596 non
948 576 1030 596 omne

246 623 337 646 autem
376 618 448 653 quod
485 620 598 643 auctore
633 619 709 642 caret
738 615 772 642 ab
802 614 876 642 omni
901 615 1031 642 eximitur

245 672 328 692 cattsa
341 673 347 692 :
359 667 449 699 potest
461 670 578 697 namque
588 661 690 697 aliquid
701 666 839 689 auctorem
852 661 960 696 quidem
975 669 1030 689 non

245 709 356 740 habere,
369 715 480 736 causam
497 712 587 735 autem
598 706 709 739 habere,
725 711 830 741 patrem
846 706 971 733 videlicet
987 707 1029 734 vel

245 755 524 784 subministratorem.
542 752 647 780 Idcirco
669 752 776 780 etiamsi
797 752 965 780 concedatur
981 753 1029 780 tibi

246 809 302 830 non
317 801 439 837 genitum
452 807 514 828 esse
530 799 627 831 Deum,
644 799 717 834 quod
733 804 811 827 ortus
826 799 868 827 sui
888 803 1027 827 auctorem

235 855 299 878 _non
314 846 412 874 habeat
424 853 432 872 :
444 846 538 874 eadem
557 849 648 872 tamen
663 845 779 876 ratione,
793 848 820 870 et
838 851 888 871 nos
903 844 1026 872 dicemus

1080 251 1124 286 εἴη
1136 251 1164 278 δὲ
1172 251 1254 278 πολλὰ
1274 252 1416 287 ὰγέννητα,
1427 253 1632 288 ἀπαράλλακτον
1647 252 1752 288 ἔχουσιν
1764 255 1813 288 τὴν
1820 262 1871 288 φυ-

1083 304 1139 322 σιν’
1159 296 1188 322 οὐ
1202 297 1256 332 γὰρ
1271 297 1302 323 ἂν
1322 297 1362 332 εἴη
1378 297 1565 334 ἀποκληρώσει
1576 297 1680 332 φύσεώς
1691 307 1762 330 τινος
1777 298 1870 327 κοινοῦ

1081 341 1129 368 καὶ
1138 341 1202 369 ἰδίου
1220 342 1386 378 μετειλήφει,
1398 343 1414 378 ὴ
1427 343 1475 378 μὲν
1484 343 1579 374 ἐποίει,
1588 344 1605 378 ἡ
1612 343 1639 370 δὲ
1648 344 1778 377 ἐγίγνετο.
1788 344 1868 378 Ὀρθ.

1083 389 1202 424 Ἔστινὴ
1214 389 1342 424 καθολικὴ
1355 389 1546 424 πρότασιςι88)
1554 390 1598 416 ἐπί
1608 399 1633 416 τι
1644 390 1743 426 ψευδής
1751 399 1757 405 ·
1772 392 1804 417 οὐ
1815 392 1870 427 γὰρ

1082 437 1135 462 πᾶν
1162 435 1317 470 ἀγέννητον,
1341 433 1364 462 ὦ
1389 435 1486 468 ’Λὲτιε,
1505 437 1596 472 πάσης
1611 438 1699 469 αἰτίας
1726 437 1868 472 ἐξῄρηται.

1087 482 1244 517 ’Λγέννητον
1270 482 1324 517 γάρ
1348 482 1406 508 ἐστι
1426 483 1456 509 τὸ
1479 483 1667 518 γενεσιουργὸν
1688 483 1724 518 μὴ
1749 483 1821 518 ἕχον,
1838 484 1869 510 οὗ

1081 529 1189 560 πάντως
1212 528 1240 554 δὲ
1267 529 1298 554 τὸ
1319 529 1508 564 γενεσιουργὺν
1525 529 1560 564 μὴ
1578 529 1638 564 ἔχον
1652 530 1760 563 ἁπάσης
1778 530 1870 560 αἰτίας

1080 574 1223 609 ἐξῄρηται·
1239 574 1348 602 δυνατὸν
1359 575 1412 611 γάρ
1429 584 1455 602 τι
1473 575 1661 611 γενεσιουργὸν
1679 575 1715 610 μὴ
1730 575 1811 610 ἔχειν.
1826 575 1869 602 αἵθ

1079 629 1136 648 τιον
1153 621 1181 647 δὲ
1202 620 1284 655 ἔχειν,
1298 621 1315 656 ἢ
1337 621 1442 657 πατέρα
1456 621 1472 656 ἦ
1486 621 1611 658 χορηγόν.
1628 622 1719 652 Ὥστε,
1738 622 1788 648 κᾶν
1804 621 1867 658 δοθῇ

1081 675 1121 693 σοι
1138 667 1284 702 ἀγέννητον
1299 665 1368 694 εἶναι
1379 667 1424 695 τὸν
1436 668 1513 699 Θεὸν,
1527 668 1569 694 διὰ
1583 668 1613 694 τὸ
1628 668 1817 702 γενεσιουργὺν
1829 669 1867 703 μὴ

1080 713 1161 748 ἔχειν,
1176 713 1263 749 τούτῳ
1283 713 1322 749 τῷ
1337 713 1409 749 λόγῳ
1427 714 1472 740 καὶ
1492 715 1571 749 ἡμεῖς
1587 714 1702 750 λέγομεν
1721 714 1868 750 ἀγέννητον

1079 760 1125 786 τὸν
1148 759 1221 792 Υἰὺν,
1244 759 1288 786 διὰ
1310 760 1340 786 τὺ
1360 761 1548 796 γενεσιουργὸν
1576 760 1614 796 μὴ
1640 760 1720 795 ἔχειν,
1744 760 1802 787 ἀλλ*
1817 760 1869 787 οὐκ

1080 805 1198 832 ἀναίτιον
1207 814 1214 821 ο
1226 806 1271 832 τὸν
1283 806 1337 842 γὰρ
1354 806 1462 843 Πατέρα
1476 807 1526 841 οὐχ
1544 807 1582 838 ὡς
1596 806 1796 842 γενεσιουργὺν,
1810 806 1868 833 ἀλλ’

1080 851 1118 884 ὡς
1134 852 1243 888 Πατέρα
1259 853 1325 888 ἔχει.
1340 853 1395 880 Καὶ
1406 853 1436 880 τδ
1452 853 1563 888 Πνεῦμα
1582 853 1610 879 δὲ
1625 853 1740 888 λέγομεν
1754 853 1870 888 ἀγέννηι

243 892 342 920 Filium
356 899 419 920 esse
433 899 489 919 non
507 890 620 924 factum,
639 890 704 926 quia
720 889 850 917 nimirum
872 893 950 916 ortus
978 896 1026 916 au-

1079 909 1135 933 τον,
1160 901 1190 927 οὺ
1205 900 1260 936 γὰρ
1276 901 1331 936 ἔχει
1353 899 1551 937 γενεσιουργὸν,
1578 900 1635 927 ἀλλ’
1650 901 1700 927 οὐκ
1726 900 1846 927 ἀναίτιον
1859 908 1866 916 ·

244 943 349 966 ctorem
371 945 426 965 non
441 937 532 965 habet.
553 937 613 964 Non
643 940 734 963 tamen
751 940 895 971 propterea
911 935 1028 963 dicimus

243 991 339 1013 carere
353 991 455 1012 causa:
469 983 577 1011 Patrem
591 983 663 1011 enim
676 983 757 1010 habet
768 990 821 1010 non
834 986 863 1010 ut
876 987 1028 1015 auctorem,

244 1031 292 1060 sed
312 1035 341 1058 ιιι
361 1029 479 1059 Patrem.
495 1030 564 1058 Nam
578 1035 605 1057 ct
621 1029 754 1065 Spiritum
778 1029 896 1062 dic'unus
910 1037 964 1056 non
980 1036 1028 1064 ge-

243 1078 342 1110 nitum,
359 1085 423 1105 cum
440 1084 494 1104 non
509 1076 607 1104 habeat
622 1075 776 1103 effectorem
800 1084 808 1104 :
825 1075 873 1103 sed
889 1083 944 1103 non
959 1074 1027 1102 dici-

243 1131 305 1150 mus
321 1130 416 1150 carere
437 1129 522 1150 causa
539 1130 545 1148 :
564 1122 646 1149 habet
661 1122 733 1149 enim
757 1129 807 1156 pro
832 1128 916 1148 causa
932 1120 1027 1153 Deum,

243 1176 299 1196 non
313 1172 344 1195 ut
357 1167 522 1199 cll‘ectorem,
541 1166 588 1195 sed
604 1171 634 1194 ut
653 1167 697 1194 sui
718 1166 830 1194 fontem.
846 1165 1029 1199 Quemadmo-

242 1214 308 1242 dum
319 1215 392 1241 enim
407 1213 468 1242 fons
482 1221 553 1246 eam,
568 1220 649 1248 quam
669 1213 779 1245 emittit,
793 1220 892 1247 aquam
906 1217 984 1240 extra
999 1219 1028 1240 sc

242 1269 298 1288 non
315 1260 407 1292 eﬂicit.
431 1260 480 1287 sed
502 1267 536 1287 ex
560 1267 621 1287 sese
634 1259 750 1286 scaturit
765 1269 771 1286 :
791 1259 831 1286 sic
845 1259 927 1286 etiam
944 1258 1027 1291 Deus,

243 1312 274 1335 ut
296 1310 360 1334 ante
382 1306 487 1334 dictum
505 1305 566 1338 fuit,
594 1305 656 1333 fons
678 1309 721 1332 est
741 1305 860 1340 Spiritus
891 1305 978 1332 sancti
1002 1309 1028 1332 ct

243 1356 341 1380 auctor
366 1351 500 1387 ejusdem,
522 1359 577 1379 non
603 1352 775 1380 extrinsecus
800 1359 862 1379 cum
880 1352 1026 1387 recipiens,

241 1399 291 1428 sed
318 1406 351 1426 cx
379 1399 470 1434 seipso
499 1399 661 1426 scaturiens.
697 1397 834 1433 Scriptum
861 1402 904 1425 est
931 1398 1026 1426 enim:

245 1456 254 1472 ι
271 1445 330 1474 Duo
351 1445 424 1473 mala
448 1445 514 1473 fecit
533 1445 648 1481 popuius
670 1452 756 1477 meusI
779 1452 822 1472 me
847 1444 1026 1479 reliquerunt,

241 1494 343 1522 fontem
357 1501 435 1528 aqua:
448 1492 525 1525 vivae,
538 1497 564 1520 et
578 1491 729 1520 effoderunt
746 1491 798 1519 sibi
815 1492 948 1519 cisternas
961 1499 1028 1519 con-

240 1541 332 1573 tritas,
351 1547 413 1576 qua:
429 1547 514 1575 aquas
537 1539 678 1566 continere
699 1546 754 1566 non
771 1543 900 1573 poterunt
916 1539 947 1565 ".
968 1548 978 1564 ι
994 1538 1026 1565 Et

242 1587 389 1622 Apostolus
411 1585 500 1613 dicit:
520 1595 529 1610 ι
552 1584 603 1618 Qui
625 1584 721 1612 tribuit
738 1584 816 1612 nobis
843 1584 985 1620 Spiritum,
1000 1588 1027 1611 et

241 1637 370 1668 operatur
393 1632 421 1659 in
435 1631 515 1659 nobis
530 1631 643 1659 virtutes
658 1631 692 1657 δ’.
719 1640 728 1656 ι
749 1630 828 1664 Quod
844 1634 934 1658 atttem
955 1638 1026 1666 aqua

241 1680 288 1708 illa
309 1680 371 1707 viva
393 1679 429 1706 sit
455 1677 585 1713 Spiritus,
611 1677 738 1705 Christus
752 1677 855 1709 docuit,
873 1677 999 1716 inquiens
1017 1686 1023 1704 :

244 1735 254 1751 ι
270 1725 323 1759 Qui
345 1724 415 1752 bibit
427 1731 462 1752 ex
483 1731 564 1759 aqua,
580 1731 662 1758 quam
676 1730 726 1758 ego
740 1722 811 1750 dabo
824 1723 887 1758 ipsi,
905 1727 934 1750 ut
956 1723 1025 1750 dixit

242 1771 406 1806 Scriptura,
434 1770 545 1797 numina
573 1778 589 1797 e
623 1774 718 1797 ventre
745 1769 807 1803 ejus
836 1769 921 1796 fluent
947 1777 1024 1804 aqua:

241 1818 308 1846 vivae
324 1818 358 1846 ".
378 1826 388 1844 ι
399 1816 435 1844 ‘Et
459 1817 534 1844 addit
547 1815 723 1849 evangelista.
739 1815 833 1843 dicens
847 1825 854 1843 :
874 1825 883 1841 ι
905 1815 962 1842 lloc
977 1823 1026 1843 au—

1078 945 1134 981 εχει
1152 946 1206 982 γὰρ
1221 945 1307 972 αἴτιον
1323 946 1368 972 τὸν
1387 945 1463 978 Θεὸν,
1481 946 1530 981 οὐχ
1545 945 1582 978 ὡς
1598 945 1798 980 γενεσιουργὺν,
1811 945 1868 972 ἀλλ’

1078 990 1114 1022 ὡς
1129 990 1218 1025 πηγὴν
1228 989 1334 1017 ἑαυτοῦ.
1345 989 1478 1026 Καθάπερ
1489 990 1543 1026 γὰρ
1555 991 1571 1026 ή
1584 990 1657 1025 πηγὴ
1670 990 1700 1016 οὔ
1711 999 1869 1027 γενεσιονρ-

1077 1037 1121 1070 γεῖ
1134 1035 1232 1069 ἔξωθεν
1243 1036 1257 1062 ὃ
1270 1037 1382 1072 χορηγεῖ
1396 1035 1477 1072 ὕδωρ,
1490 1036 1547 1063 ἀλλ’
1557 1035 1586 1068 ἐξ
1600 1036 1696 1071 ἑαυτῆς
1708 1036 1869 1071 πηγάζουσα

1078 1080 1134 1115 ἔχει
1147 1089 1154 1095 ³
1171 1080 1259 1112 οὕτως
1278 1082 1325 1108 καὶ
1339 1081 1353 1106 ὁ
1369 1081 1435 1112 Θεὸς
1449 1082 1524 1116 πηγὴ
1544 1081 1590 1108 τοῦ
1608 1081 1765 1116 Πνεὺματὸς
1783 1083 1867 1114 ἐστιν,

1076 1128 1114 1159 ὡς
1137 1127 1254 1163 εἴρηται.
1277 1128 1324 1154 καὶ
1355 1128 1472 1164 χορηγὸς
1499 1127 1592 1160 αὑτοῦ,
1612 1129 1661 1154 οὑκ
1685 1128 1784 1160 ἔξωθεν
1803 1128 1869 1155 αὐτὸ

1077 1174 1302 1209 προσλαμϐάνων,
1317 1174 1372 1201 ἀλλ’
1390 1174 1418 1207 ἐξ
1435 1174 1531 1201 ἑαυτοῦ
1551 1175 1690 1210 πητάζων.
1711 1175 1868 1211 Γέγραπται

1077 1220 1147 1256 γάρ’
1164 1230 1173 1246 ι
1189 1220 1240 1247 Δύο
1257 1221 1362 1256 πονηρὰ
1376 1221 1502 1256 ἐποίησεν
1513 1222 1527 1248 ὁ
1542 1221 1605 1250 λαός
1621 1230 1686 1257 μου·
1701 1222 1752 1256 ἐμὲ
1767 1223 1868 1256 ἐγκατ-

1078 1265 1180 1298 έλιπον,
1205 1266 1296 1302 πηγὴν
1323 1266 1417 1298 ὓδατος
1445 1266 1555 1300 ζῶντος,
1581 1267 1628 1294 καὶ
1643 1266 1750 1303 ὤρυξαν
1764 1268 1870 1299 ἑαυτοῖς

1076 1312 1194 1344 λάκκους
1224 1313 1480 1350 συντετριμμένους,
1499 1314 1523 1340 οἳ
1548 1314 1578 1340 οὐ
1609 1313 1768 1349 δυνήσονται
1798 1314 1870 1350 ὕδωρ

1078 1359 1208 1394 συνέχειν.
1231 1369 1240 1385 ι
1259 1360 1312 1386 Καὶ
1325 1361 1339 1387 ὁ
1360 1360 1518 1392 Ἀπόστςλος
1533 1360 1621 1395 λέγει·
1635 1369 1645 1386 ι
1656 1361 1684 1386 'U
1695 1360 1869 1396 ἐπιχορηγῶν

1077 1406 1143 1440 ἡμῖν
1163 1405 1194 1431 τὸ
1209 1405 1332 1441 Πνεῦμα,
1350 1406 1397 1432 καὶ
1425 1405 1544 1441 ἐνεργῶν
1569 1406 1597 1432 ὲν
1619 1406 1683 1441 ἡμῖν
1701 1405 1842 1441 δυνάμεις.
1857 1416 1866 1432 ι

1079 1451 1138 1478 ’Ὁτι
1161 1451 1189 1478 δὲ
1202 1452 1232 1479 τὸ
1247 1452 1320 1488 ὕδωρ
1338 1452 1368 1479 τδ
1395 1452 1449 1484 ζῶν
1471 1453 1528 1479 ἐστι
1543 1452 1573 1478 τὸ
1585 1452 1707 1488 Πνεῦμα,
1722 1453 1737 1478 ό
1750 1453 1870 1487 Χριστὸς

1077 1498 1190 1532 ἐδίδαξε,
1199 1497 1285 1533 λέγων
1293 1507 1315 1524 Ὶ
1327 1499 1356 1525 '0
1368 1499 1452 1526 πίνων
1463 1500 1494 1525 ἐκ
1508 1498 1553 1525 τοῦ
1565 1498 1668 1530 ὓδατος,
1680 1495 1710 1525 οὗ
1721 1498 1777 1532 ἐγὼ
1791 1499 1869 1526 δώσω

1077 1544 1162 1580 αὐτῷ,
1175 1545 1264 1577 καθὼς
1279 1543 1354 1572 εἶπεν
1368 1546 1384 1580 ἡ
1401 1545 1508 1581 Γραφὴ,
1525 1546 1644 1581 ποταμοὶ
1658 1547 1690 1572 ὲκ
1701 1545 1752 1580 τῆς
1765 1545 1871 1577 κοιλίας

1079 1590 1161 1617 αὑτοῦ
1174 1591 1314 1626 ῥεύσουσιν
1326 1590 1421 1623 ὕδατος
1435 1591 1545 1623 ζῶντος.
1558 1601 1567 1617 ι
1582 1591 1636 1618 Καὶ
1649 1591 1745 1625 ἐπάγει
1757 1592 1773 1618 ὁ
1788 1592 1869 1626 εὐαγ-

1079 1635 1204 1670 γελιστὴς
1217 1636 1303 1670 λέγων
1313 1645 1319 1651 ·
1339 1646 1348 1662 ι
1368 1636 1452 1662 Τοῦτο
1465 1636 1493 1663 δὲ
1509 1636 1584 1670 ἔλεγε
1605 1636 1669 1672 περὶ
1682 1635 1728 1663 τοῦ
1741 1636 1869 1671 Πνεῦμα-

1079 1690 1135 1713 τος,
1143 1679 1173 1708 οὗ
1187 1682 1300 1717 ἤμελλον
1312 1682 1459 1717 λαμϐάνειν
1473 1683 1497 1709 οἱ
1512 1682 1683 1714 πιστεύοντες
1697 1683 1736 1714 εἰς
1752 1682 1845 1709 αὐτόν.
1856 1691 1866 1708 ι

1077 1726 1162 1753 Πόθεν
1172 1725 1218 1753 οὖν
1230 1727 1308 1754 τοῦτο
1330 1727 1359 1754 τὸ
1377 1727 1465 1763 ὕδωρ;
1485 1727 1563 1763 δῆλον
1580 1728 1634 1755 ἀπὸ
1650 1728 1699 1764 τῆς
1715 1728 1808 1764 πηγῆς
1821 1728 1868 1764 τῆς

1078 1771 1224 1808 λεγούσης*
1245 1781 1255 1798 ι
1268 1772 1332 1808 Ἐμὲ
1355 1772 1544 1808 ἐγκατέλιπον,
1567 1773 1657 1809 πηγὴν
1681 1773 1778 1806 ὕδατος
1799 1766 1867 1807 (div;

1077 1826 1134 1850 τος.
1152 1827 1162 1844 ι

240 1868 294 1892 tem
311 1862 380 1891 dixit
394 1863 428 1891 de
442 1863 554 1898 Spiritu.
569 1870 649 1898 quem
663 1862 801 1898 accepturi
815 1866 894 1889 erant
907 1863 1050 1892 credentes
1073 1865 1101 1893 in
1115 1873 1177 1893 eum
1191 1866 1224 1893 ει.
1244 1875 1253 1892 ι
1275 1864 1351 1893 Unde
1368 1873 1433 1901 ergo
1449 1865 1506 1894 haec
1527 1874 1597 1903 aqua
1630 1866 1666 1894 sit
1691 1865 1869 1895 manifestum

239 1915 294 1943 est.
308 1918 343 1938 ex
367 1909 440 1938 fonte
457 1909 588 1937 nimirum
611 1909 668 1943 illo,
692 1909 740 1944 qui
756 1908 825 1937 dixit
843 1917 850 1936 :
866 1918 877 1935 ι
900 1909 942 1937 Me
958 1911 1124 1946 reliquerunt
1141 1912 1241 1940 fontem
1256 1920 1333 1949 aqua:
1346 1913 1422 1940 vivae.
1446 1922 1456 1939 ι

275 1958 320 1986 29.
334 1958 429 1986 Anam.
453 1957 482 1985 Si
507 1957 597 1986 omnis
610 1957 765 1985 substantia
780 1965 836 1985 non
850 1958 940 1993 genita
955 1962 997 1986 est
1012 1978 1022 1992 ,

240 2005 316 2034 nulla
340 2004 524 2040 distinguatur
539 2005 574 2032 ab
591 2005 655 2038 alia,
670 2005 735 2040 quia
758 2005 833 2032 nulla
849 2005 918 2033 alitis
933 2005 1023 2033 donti-

239 2052 316 2080 nium
328 2051 409 2080 habet
422 2059 428 2078 :
447 2055 474 2080 et
488 2052 527 2080 ita
540 2051 740 2088 quodammodo
755 2052 816 2088 quis
830 2057 902 2081 recte
914 2053 1023 2086 dixerit,

240 2099 311 2127 hanc
333 2097 444 2134 quidem
468 2097 658 2130 transmutari,
680 2098 794 2125 alteram
809 2105 874 2126 vero
888 2103 1025 2126 transmu-

240 2141 319 2172 tarei
335 2151 397 2171 cum
417 2151 456 2171 eae
476 2150 530 2171 non
546 2143 704 2178 permittant
724 2143 807 2171 Deum
826 2143 980 2172 subsistere
990 2153 1023 2172 cx

240 2193 296 2218 non
322 2189 444 2224 subjecta
468 2189 631 2217 substantia.
651 2188 728 2218 Orth.
751 2189 866 2222 Quando
891 2190 940 2217 tibi
967 2190 1025 2218 haec

240 2236 305 2264 libet
328 2239 385 2262 tam
406 2236 533 2268 obscure.
558 2234 678 2267 indocte,
699 2239 726 2263 et
744 2235 872 2271 perplexe
889 2236 1022 2269 scribere,

239 2289 291 2310 nos
314 2288 423 2317 quoque
449 2282 547 2309 iterum
570 2280 694 2308 dicemus
715 2284 819 2309 nostra.
845 2280 897 2314 Qui
916 2289 1025 2309 omnem

241 2327 423 2356 substantiam
437 2326 504 2354 dicit
520 2334 581 2354 esse
598 2334 653 2354 non
668 2327 798 2362 genitam,
815 2326 918 2354 insanit
939 2327 1023 2354 simul

1109 1960 1155 1988 ‘29.
1177 1960 1277 1995 Ἀνόμ.
1303 1961 1334 1987 Εἰ
1350 1961 1425 1988 πᾶσα
1443 1959 1521 1987 οὐσία
1540 1959 1613 1986 ἐστὶν
1628 1959 1787 1994 ἀγέννητος,
1814 1959 1869 1986 οὐδ’

1075 2007 1192 2042 ὁποτέρα
1215 2006 1309 2034 διοίσει
1334 2007 1382 2042 τῆς
1397 2006 1480 2042 ἄλλης
1501 2006 1570 2034 κατὰ
1586 2006 1616 2033 τὸ
1631 2005 1787 2032 ἀδέσποτον.
1807 2005 1870 2038 Πῶς

1075 2053 1103 2080 δὲ
1119 2053 1151 2080 ἄν
1164 2062 1206 2084 τις
1232 2053 1298 2088 φαίη
1312 2053 1360 2089 τὴν
1381 2053 1431 2088 μὲν
1451 2051 1663 2088 μεταϐάλλεσθαι
1679 2051 1747 2087 (89),
1765 2052 1816 2086 τὴν
1841 2051 1870 2078 δὲ

1077 2095 1264 2132 μεταϐάλλειν,
1279 2096 1330 2123 οὐκ
1345 2096 1546 2132 ἐπιτρεπόντων
1559 2096 1598 2132 τῷ
1622 2096 1682 2132 Θεῷ
1702 2096 1820 2131 ὑφιστᾷν
1836 2097 1870 2123 ἐκ

1079 2142 1116 2178 μὴ
1133 2142 1314 2178 ὑποκειμένης
1330 2143 1441 2176 οὐσίας;
1465 2143 1542 2177 ‘0p0.
1559 2143 1591 2170 El
1615 2143 1662 2170 καὶ
1679 2142 1803 2177 ἀσαφῶς,
1820 2142 1870 2169 καὶ

1077 2188 1257 2221 ἀπαιδεύτως,
1271 2189 1319 2216 καὶ
1332 2189 1568 2225 οηδνεσκιασμένως
1580 2189 1706 2225 γράφεις,
1722 2189 1780 2216 ἀλλ’
1793 2189 1870 2224 ὅμως

1077 2235 1157 2271 ἡμεῖς
1169 2235 1249 2262 πάλιν
1264 2236 1380 2272 ἐροῦμεν
1393 2235 1427 2262 τὰ
1440 2236 1554 2263 ἑαυτῶν.
1563 2236 1657 2263 Πᾶσαν
1671 2235 1765 2263 οὐσίαν
1781 2235 1870 2270 λέγων

1076 2281 1233 2318 ἀγέννητον,
1253 2281 1322 2317 μετὰ
1337 2282 1390 2309 τῶν
1406 2282 1530 2318 ἀνόμοιον
1543 2282 1676 2316 λεγόντων
1687 2282 1734 2309 τὸν
1748 2281 1814 2309 Υἱὴν
1830 2282 1870 2317 τῷ

1077 2327 1165 2364 Πατρὶ
1185 2327 1318 2364 μαίνεται.
1346 2328 1408 2360 Πῶς
1434 2328 1488 2365 γὰρ
1505 2328 1693 2364 γενεσιουργδς
1710 2329 1725 2355 ὁ
1747 2328 1816 2360 Θεὸς
1831 2328 1869 2364 μὴ

239 2382 303 2402 cum
318 2373 363 2407 iis,
378 2374 425 2410 qui
446 2373 545 2401 Filium
567 2372 730 2401 dissimilem
744 2373 821 2401 aiunt
845 2372 931 2400 Patri.
947 2372 1024 2406 Quo-

1079 2374 1164 2401 οὺσῶν
1192 2375 1246 2401 τῶν
1269 2374 1384 2408 οὐσιῶν;
1412 2374 1507 2410 Πατὴρ
1518 2375 1557 2406 δὲ,
1570 2375 1616 2402 καὶ
1631 2374 1704 2406 Υἱὸς,
1722 2374 1770 2401 καὶ
1789 2374 1869 2408 ἆγιον

239 2421 322 2448 modo
335 2420 407 2448 enim
422 2419 494 2447 Deus
509 2423 605 2446 auctor
615 2418 696 2447 fuerit
709 2419 936 2452 substantiarum,
948 2419 973 2447 si
984 2427 1024 2447 eae

240 2474 295 2494 non
311 2467 396 2494 sunt?
410 2466 492 2494 Pater
501 2467 573 2494 enim
584 2471 611 2493 et
627 2465 724 2498 Filius,
736 2469 764 2493 et
777 2464 896 2501 Spiritus
910 2469 1023 2494 sanctus

240 2521 295 2541 non
312 2513 402 2549 genita
416 2518 481 2541 sunt
495 2513 659 2544 substantia,
671 2517 701 2539 ut
714 2512 817 2539 dictum
832 2516 875 2540 est
891 2521 897 2538 :
915 2519 942 2540 et
954 2512 1024 2540 dici-

241 2564 288 2598 tur
300 2561 383 2588 etiam
410 2567 445 2588 ex
458 2564 549 2587 vestra
564 2559 782 2586 ratiocinatione.
797 2558 874 2592 Quod
888 2566 953 2586 vero
969 2566 1024 2586 non

240 2606 360 2642 genitum
376 2613 430 2634 non
444 2606 480 2634 sit
493 2605 657 2638 substantia,
669 2606 750 2633 etiam
766 2613 799 2632 cx
810 2605 844 2633 iis
856 2610 1025 2640 compertum

239 2657 292 2686 est,
308 2660 369 2688 quae
393 2652 502 2681 scribis.
521 2651 550 2679 Si
574 2652 647 2680 enim
664 2658 726 2679 cum
749 2651 839 2679 omnis
855 2651 974 2679 essentia
989 2651 1025 2679 sit

276 2743 298 2759 ⁵⁸
316 2741 415 2771 Jerem.
434 2750 473 2775 ιι,
491 2742 534 2770 t3.
572 2742 594 2758 δ’
614 2741 703 2769 Galat.
721 2749 768 2774 ιιι,
785 2742 810 2769 5.

290 2832 335 2864 88)
349 2832 434 2859 Palat.
453 2833 479 2864 l,
496 2833 513 2868 ἡ
533 2831 802 2868 καθᾷλουᾉπρότασις.

290 2833 335 2864 88)
349 2833 434 2859 Palat.
453 2833 479 2864 1,
496 2833 513 2868 ἡ
533 2833 646 2865 καθόλου
663 2833 709 2866 πρέ

275 2833 333 2905 289)
347 2868 475 2904 August...
483 2866 709 2895 καταϐάλλεσθαι.

1077 2420 1200 2456 Πνεῦμα,
1214 2421 1358 2457 ἀγέννητος
1373 2421 1461 2454 οὐσία,
1477 2421 1568 2454 καθὼς
1581 2421 1698 2457 εἴρηται,
1718 2421 1766 2448 καὶ
1792 2421 1870 2456 παρὰ

1076 2467 1126 2503 τῆς
1149 2467 1284 2503 ὑμετέρας
1295 2468 1351 2502 (90)
1371 2467 1480 2502 λέγεται
1507 2468 1635 2500 διανοίας.
1649 2468 1710 2494 ’Ότι
1727 2467 1756 2493 δὲ
1781 2467 1814 2494 οὐ
1839 2467 1870 2494 τὸ

1077 2513 1223 2550 ἀγέννητον
1240 2516 1313 2541 ἐστιν
1328 2514 1417 2547 οὐσία,
1430 2515 1476 2541 καὶ
1491 2515 1520 2547 ἐξ
1537 2511 1575 2541 ὧν
1593 2514 1674 2546 αὐτὸς
1689 2514 1807 2550 γράφεις
1825 2514 1870 2540 εὑ·

1080 2560 1210 2596 ρίσκεται.
1226 2561 1258 2587 Εἰ
1271 2561 1335 2596 γὰρ,
1353 2559 1428 2597 ἐὰνῇ
1447 2562 1522 2588 πᾶσα
1537 2561 1617 2587 οὐσία
1639 2560 1798 2596 ἀγέννητος,
1813 2560 1870 2587 οὐδ’

1078 2606 1194 2642 ὁποτέρα
1209 2606 1302 2634 διοίσει
1312 2607 1362 2642 τῆς
1371 2607 1463 2642 ἄλλης,
1477 2607 1582 2642 ἀνάγκη
1595 2608 1670 2634 πᾶσα
1684 2606 1792 2638 καὶτὰς
1807 2615 1871 2641 γεν-

1079 2652 1163 2687 νητὰς
1175 2652 1269 2684 οὐσίας
1284 2651 1322 2688 μὴ
1337 2652 1474 2689 διαφέρειν
1494 2652 1608 2680 ἑαυτῶν.
1632 2652 1662 2679 ΕΖ
1678 2651 1706 2678 δὲ
1720 2651 1869 2686 διαφέρου-

848 2742 871 2758 ⁸⁰
889 2740 968 2770 Joan.
987 2749 1042 2775 vtt,
1060 2741 1105 2769 '58.
1143 2741 1166 2757 "
1187 2741 1252 2769 ibid.
1272 2741 1316 2769 59.

1114 2830 1170 2866 (90)
1185 2829 1286 2859 Omnes
1305 2830 1397 2859 Felck.
1409 2839 1489 2865 mss.,
1507 2831 1652 2874 ἡμετέρας.
