1926 3067
257 142 268 171 Ι
273 143 325 172 203

814 144 842 173 S.
864 145 1095 174 ATHANASIUS.
1115 162 1149 167 —
1169 145 1304 174 SPURIA.
1360 147 1364 152 “

1800 144 1857 176 ιὲοι

256 210 351 231 nosses
366 201 446 230 etiam
463 203 599 238 quomodo
611 203 648 231 sit
666 204 692 231 in
712 203 844 240 Spiritum
859 204 1032 233 credendum.

1087 213 1192 237 νωσκες
1216 205 1267 241 τὴν
1299 204 1364 240 ἠρὶ
1395 203 1442 232 τοῦ
1474 204 1631 241 Πνεῦματος
1658 205 1756 232 πίστιν.
1789 207 1856 233 Μαι.

256 248 358 276 "need.
371 248 426 277 Nos
438 249 475 276 ita
489 249 635 282 credimus,
651 254 680 278 ut
691 250 786 279 beatus
800 250 947 279 Lucianus.
960 251 1036 279 Orth.

257 294 340 323 Velim
357 295 437 328 scire,
450 303 485 323 an
510 297 608 324 saltem
623 302 652 324 ut
666 298 762 325 beatus
775 297 912 326 Lucianus
929 298 1036 326 credas.

254 339 357 367 Haud.
370 340 411 368 An
422 341 495 376 quod
508 349 558 370 vos
571 350 680 378 quoque
691 343 731 371 sic
745 343 881 371 credatis?
894 343 970 371 Orth.
983 343 1037 372 Nos

252 387 362 422 qu'lem
383 388 420 414 ita
446 388 594 422 credimus,
616 393 646 416 ut
671 397 766 418 omnes
783 390 871 418 sancti
891 394 1035 425 martyres.

252 432 320 460 Nam
335 438 362 461 ct
377 435 396 461 ii
408 435 446 462 ita
454 435 640 469 crediderunt,
652 440 682 463 ut
696 437 783 464 sancti
795 437 921 472 apostoli.
932 435 1036 464 Maccd.

252 479 348 508 Credis
373 480 466 516 igitur,
483 486 513 508 ut
528 482 624 510 beatus
639 482 795 510 Lucianus?
809 482 884 510 Urtlt.
906 482 965 509 1am
980 483 1037 510 dixi

251 531 297 552 me
317 524 440 557 credere,
467 535 522 554 non
546 531 652 554 tantum
676 532 706 554 ut
731 527 847 555 credidit
868 528 963 554 beatus
982 527 1038 554 Lu-

251 570 360 602 cianus,
382 578 475 598 verum
499 572 580 599 etiam
608 577 638 600 ut
661 580 766 601 omnes.
780 573 868 600 sancti
903 577 1037 609 martyres

251 621 279 645 et
298 619 424 653 apostoli.
448 618 553 647 Maced.
578 619 737 647 Subscribis
761 619 844 654 igitur
869 619 1036 647 confessioni

252 664 314 692 fidei
339 672 354 691 a
369 664 490 692 Luciano
510 665 611 693 editae?
636 665 711 693 Orlh.
728 665 798 699 Quid
821 666 935 693 damnas
952 666 979 692 in
993 673 1036 697 ea,

251 718 312 746 qua:
324 719 340 738 a
355 712 486 739 trecentis
511 711 662 739 octodecim
683 711 812 739 Patribus
828 711 925 739 Nicaea:
945 711 1038 747 Bithy-

251 756 304 784 nia:
319 757 391 784 edita
405 761 458 789 est,
478 761 509 784 ut
534 761 561 785 et
575 758 655 785 aliam
676 758 821 793 requiras?
832 757 911 794 44],
932 757 1035 784 Mat-ed.

251 803 287 829 At
298 806 327 829 tu
335 803 400 837 quid
415 803 443 830 in
454 803 500 830 illa
515 803 630 830 Luciani
640 803 774 831 damnas?
788 803 864 831 Orlh.
878 803 1038 832 Condemno

250 853 371 876 vestrum
385 849 452 876 illud
467 849 692 881 additamentum,
703 849 785 884 idque
800 857 911 885 possum
923 849 1037 876 demon-

1095 252 1188 287 Ἡμεῖς
1201 251 1288 283 οὕτως
1304 251 1479 286 πιστεύομεν,
1495 251 1533 284 ὡς
1544 253 1558 278 ὀ
1573 251 1705 287 μακάριος
1717 253 1856 284 Λουκιανός.

1094 299 1166 332 Ὀρθ.
1195 297 1272 324 Θέλω
1293 296 1404 332 γνῶναι,
1430 299 1454 324 ει
1479 298 1530 324 κᾶν
1553 298 1591 330 ὡς
1613 299 1628 324 ὸ
1652 299 1780 333 μακάριος
1798 299 1858 326 Λου-

1088 343 1180 376 κιανὸς
1205 343 1353 375 πιστεύεις.
1380 345 1458 370 Μακ.
1476 344 1531 370 Καὶ
1552 344 1632 378 ὑμεῖς
1650 344 1705 380 γὰρ
1720 343 1801 376 οὓτως
1819 353 1857 371 πι-

1089 389 1214 422 στεύετε;
1241 390 1318 423 ’θρα
1339 390 1434 424 “uti;
1465 390 1514 424 μὲν
1536 389 1621 422 οὕτως
1639 390 1805 425 πιστεύομεν,
1826 390 1858 422 ὡς

1087 435 1188 467 πάντες
1200 435 1225 461 οἱ
1239 435 1310 469 ἆγιοι
1325 435 1471 470 μάρτυρες.
1494 435 1548 461 Καὶ
1564 435 1619 470 γὰρ
1636 436 1683 462 καὶ
1698 436 1770 462 αὐτοὶ
1783 436 1857 468 οὕτως

1087 481 1261 513 ἐπίστευσαν,
1279 481 1317 512 ὡς
1335 481 1359 508 οι
1382 481 1454 515 ἅγιοι
1474 480 1626 507 ἀπόστολοι.
1642 483 1719 508 Max.
1734 482 1856 513 Πιστεύεις

1087 526 1134 555 οὖν
1147 527 1184 560 ὡς
1197 528 1212 554 ὁ
1229 527 1362 564 μακάριος
1378 529 1542 560 Δουχιανός;
1569 529 1642 562 Ὀρθ.
1668 525 1760 560 Εἶπον,
1784 529 1818 555 ὅτι
1831 529 1856 554 οὐ

1089 575 1169 610 μόνον
1181 574 1218 606 ὡς
1233 575 1246 600 ό
1261 575 1394 610 μακάριος
1406 574 1564 606 Λουκιανὸς,
1579 574 1647 601 ἀλλὰ
1667 575 1713 601 καὶ
1726 574 1762 606 ὡς
1774 575 1857 606 πάντες

1088 621 1114 647 οἱ
1128 621 1201 654 ἆγιοι
1219 619 1365 656 μάρτυρες,
1382 621 1430 646 καὶ
1450 621 1475 647 οἱ
1497 620 1650 647 ἀπόστολοι.
1681 622 1757 647 Μακ.
1786 621 1855 647 Ύπο-

1087 665 1201 702 γράφεις
1208 664 1254 692 οὗν
1262 667 1293 702 τῇ
1303 666 1408 693 ἐκθέσει
1416 666 1565 693 Λουκιανοῦ
1575 675 1582 699 ;
1594 668 1668 700 Ὀρθ.
1687 666 1720 694 Τί
1732 667 1783 703 γὰρ
1803 676 1857 693 κατ-

1095 712 1182 746 έγνως
1197 712 1246 747 τῆς
1263 712 1314 738 ὑπὸ
1328 712 1382 738 τῶν
1398 713 1453 747 (94)
1476 716 1528 748 τιη¹
1545 713 1674 749 Πατέρων
1687 713 1768 747 ἁγίων
1782 713 1807 739 ἐν
1817 713 1856 738 Ni.-

1088 757 1153 792 καίᾳ
1167 757 1217 792 τῆς
1232 757 1357 789 Βιθυνίας
1381 757 1546 793 ὲκτεθείσης,
1575 758 1618 785 ἵνα
1637 759 1685 785 καὶ
1700 758 1779 793 ἄλλην
1792 767 1855 793 περι-

1087 802 1190 839 6).έψῃ;
1206 804 1286 830 Max.
1303 803 1339 829 Σὺ
1351 802 1405 838 γὰρ
1425 803 1455 830 τί
1469 803 1608 837 κατέγνως
1624 803 1674 839 τῆς
1688 803 1734 829 τοῦ
1758 804 1856 830 Λουκια-

1087 848 1132 874 νοῦ
1144 857 1151 880 ;
1166 849 1246 882 ὀρθ.
1261 849 1408 883 Κατὲγνων
1421 850 1471 884 τῆς
1489 849 1647 885 προσθήκης
1656 847 1690 885 ἧς
1704 849 1855 885 προσεθήκα-

251 899 338 922 strare
354 902 369 921 a
386 895 463 923 vobis
489 895 626 930 adjectum
641 902 702 923 esse
721 899 818 922 contra
840 895 900 930 ejus
924 899 1032 922 senten-

1087 902 1128 925 τε,
1145 895 1193 921 καὶ
1207 893 1260 929 ἔχω
1280 894 1375 928 δεῖξαι,
1393 895 1435 922 ὃτι
1451 895 1638 930 προσεθήκατε
1653 895 1759 922 ἐναντία
1774 894 1854 928 αὐτῆς.

250 942 325 970 tiam.
343 942 447 970 Hateri.
473 943 568 971 Annon
590 947 617 971 et
639 951 687 971 vos
712 943 814 978 aliquid
832 942 945 970 Nictena:
962 942 1036 977 adje-

251 989 351 1018 cistis?
366 989 444 1018 Orlh.
461 989 543 1023 Sane,
559 993 586 1016 at
597 997 652 1016 non
663 989 842 1024 repugnantia
855 989 917 1023 ipsi.
930 987 1034 1015 Maced.

250 1035 347 1070 Aliqua
361 1036 474 1063 omnino
490 1035 641 1071 adjecistis.
668 1035 746 1063 Orth.
777 1034 814 1062 Ea
841 1035 977 1066 videlicet,
1001 1033 1036 1061 de

249 1081 350 1116 quibus
366 1085 432 1109 tunc
445 1089 498 1109 non
513 1082 695 1116 quaerebatur,
708 1085 736 1108 et
749 1088 810 1116 qua:
822 1087 894 1107 nunc
909 1084 973 1107 sunt
984 1079 1036 1106 Pa-

249 1130 306 1154 tres
325 1127 368 1162 pie
383 1128 552 1162 interpretati
570 1137 577 1155 :
598 1133 625 1154 at
637 1135 686 1154 vos
697 1126 834 1156 adiecistis
845 1125 1034 1160 appendicem,

250 1173 355 1208 quea-ad
371 1173 537 1208 impietatem
554 1174 651 1209 vergit,
675 1177 703 1201 et
726 1181 759 1200 ne
774 1173 814 1200 sic
839 1172 949 1208 quidem
974 1180 1034 1200 eam

250 1218 408 1253 sequimini.
421 1217 526 1246 Μαρια.
542 1218 598 1246 Nos
611 1219 651 1246 sic
665 1219 813 1252 credimus,
840 1223 870 1246 ut
885 1218 1033 1245 Lucianus.

251 1262 328 1291 Orth.
346 1263 416 1296 Quid
429 1263 452 1291 si
469 1268 496 1290 te
509 1264 651 1292 oslendam
665 1272 714 1291 nec
729 1264 770 1291 sic
783 1263 892 1298 quidem
907 1262 1038 1290 credere?

249 1307 353 1336 Haud.
369 1308 512 1342 Quomodo
527 1310 554 1337 id
573 1309 746 1337 ostenderis?
764 1309 842 1338 Ortlr.
860 1309 943 1336 Estne
959 1309 987 1335 in
1002 1315 1034 1335 ea

249 1354 380 1389 scriptum
400 1364 409 1382 :
422 1354 508 1382 Filius
530 1358 573 1382 est
590 1355 637 1382 Dei
657 1355 826 1387 substantiae,
844 1354 964 1386 consilii,
984 1361 1034 1388 po-

248 1400 340 1427 tentia;
353 1404 380 1428 et
393 1400 486 1435 gloriae
503 1400 604 1435 imago,
617 1401 676 1428 sine
690 1400 925 1432 dissimilitudine;
942 1407 1033 1427 annon

249 1446 405 1482 scriptum?
429 1445 533 1473 Maced.
559 1447 618 1474 Est.
644 1446 719 1474 Orth.
749 1446 906 1474 Substantia
932 1453 996 1473 vero
1018 1453 1034 1472 a

249 1492 405 1520 substantia
425 1493 494 1519 nihil
509 1500 622 1528 prorsus
632 1493 752 1526 varians,
767 1500 857 1520 annon
868 1491 961 1519 eadem
972 1491 1035 1519 est?

249 1536 353 1565 Haud.
383 1536 487 1565 Similis
517 1541 570 1565 est.
599 1537 676 1565 Οι-ιΙι.
703 1538 738 1565 At
763 1545 826 1565 vero
845 1537 943 1566 similis
959 1537 1033 1564 aliud

247 1564 378 1619 quiddam
392 1564 449 1611 rest?
469 1564 551 1619 quam
575 1564 692 1612 eadem?
716 1564 821 1611 Blaced.
838 1564 892 1611 Nos
909 1583 1032 1618 ejusdem
1047 1564 1068 1591 ε

248 1630 321 1658 modi
335 1634 363 1658 et
379 1630 497 1658 similem
517 1630 644 1662 dicimus,
660 1631 782 1658 eamdem
801 1637 867 1658 vero
887 1638 941 1657 non
957 1630 1032 1657 item.

248 1675 326 1705 Orth.
341 1675 380 1703 Ita
394 1676 466 1704 dicis
487 1676 563 1704 Patri
589 1677 707 1704 similem
731 1676 841 1708 Filium,
858 1680 888 1703 ut
908 1676 1034 1711 angelum

249 1723 367 1758 angelo?
390 1721 494 1750 Maced.
510 1722 611 1749 Etiam.
629 1721 706 1750 Orth.
728 1723 893 1757 Angelorum
907 1729 973 1749 vero
987 1728 1034 1748 ea-

247 1767 345 1796 demne
367 1772 409 1796 est
431 1768 603 1796 substantia?
618 1767 722 1795 Maced.
745 1767 801 1795 Nos
826 1766 947 1801 ejusdem
962 1766 1035 1793 modi

1085 941 1163 967 Μακ.
1187 940 1281 975 Ὑμεῖς
1300 941 1355 977 γὰρ
1377 941 1407 967 οὐ
1434 940 1624 976 προσεθήκατε
1647 942 1680 976 τῇ
1703 941 1731 967 ὲν
1752 940 1856 975 Νικαίᾳ;

1093 986 1248 1020 Ὀρθ.’Δλλ’
1263 987 1313 1013 οὐκ
1336 987 1444 1014 ἐναντία
1472 987 1552 1022 αὐτῇ.
1569 988 1647 1014 Μακ.
1679 987 1764 1018 Ὀλως
1787 995 1857 1021 προο-

1087 1033 1215 1068 εθήκατε.
1225 1034 1303 1067 ὀρθ.
1313 1033 1353 1060 Τὰ
1367 1033 1426 1060 τότε
1442 1033 1479 1068 μὴ
1491 1032 1652 1068 ζητηθέντα,
1669 1032 1686 1059 ἃ
1700 1032 1753 1067 (95)
1764 1032 1806 1058 καὶ
1817 1031 1857 1057 νῦν

1085 1080 1259 1114 ἡρμήνευσαν
1269 1080 1294 1105 οἱ
1312 1079 1433 1115 Πατέρες
1445 1079 1578 1111 εὐσεϐῶς
1593 1080 1672 1113 ὑμεῖς
1683 1079 1712 1105 δὲ
1727 1078 1772 1113 τὴν
1785 1086 1855 1113 προο-

1086 1123 1172 1159 θήκην
1185 1124 1232 1150 ὲπὶ
1251 1123 1280 1150 τὸ
1297 1123 1476 1159 ἀσεϐέστερον
1492 1122 1692 1158 προσεθήκατε,
1707 1122 1752 1148 καὶ
1763 1121 1811 1148 οὐδ’
1820 1119 1856 1146 οὖ-

1085 1178 1139 1201 τως
1149 1169 1219 1205 αὐτῇ
1232 1169 1412 1196 ἀκολουθεῖτε.
1425 1171 1502 1196 Max.
1512 1170 1606 1205 Ἡμεῖς
1617 1169 1689 1196 οὕτω
1700 1168 1853 1202 πιστεύομεν,

1084 1215 1122 1247 ὡς
1139 1216 1296 1248 Λουκιανός.
1312 1217 1389 1250 Ὀρθ.
1401 1216 1464 1242 Ἐὰν
1485 1216 1513 1242 δέ
1531 1216 1554 1242 α’
1572 1215 1690 1250 ἐλέγξω,
1708 1215 1766 1251 μηδ’
1783 1214 1856 1244 οὕτως

1086 1261 1264 1294 πιστεύοντα;
1298 1263 1375 1288 Max.
1392 1261 1453 1294 Πῶς
1464 1261 1533 1297 ἔχεις
1548 1261 1648 1294 ﬁatﬁat;
1661 1262 1735 1295 '0p0.
1746 1261 1787 1287 Ἐν
1799 1259 1854 1293 αὐτῇ

1085 1308 1250 1343 γέγραπται·
1269 1307 1297 1334 ’0
1310 1307 1374 1339 Υἱὸς
1384 1307 1431 1334 τοῦ
1443 1308 1509 1334 Θεοῦ
1527 1308 1620 1340 οὐσίας
1646 1309 1693 1335 καὶ
1707 1307 1807 1343 βουλῆς.
1817 1307 1854 1333 καὶ

1085 1352 1234 1387 δυνάμεως,
1246 1353 1292 1379 καὶ
1302 1353 1380 1387 δόξης
1394 1353 1600 1389 ἀπαράλλακτος
1609 1353 1701 1386 εέκὼν,
1710 1354 1726 1389 ἢ
1736 1353 1779 1385 οὕς
1789 1354 1852 1379 Μαι.

1085 1397 1148 1424 Ναί.
1163 1399 1241 1432 ’ορ0.
1262 1399 1346 1425 Οὐσὶα
1361 1399 1390 1425 δὲ
1416 1399 1509 1431 οὐσίας
1529 1399 1737 1435 ἀπαράλλακτος
1759 1397 1852 1432 οὗσα,ή

1085 1445 1154 1480 αὐτή
1178 1447 1252 1472 ἐστιν
1266 1446 1361 1477 οὐσίας
1375 1447 1453 1473 Μακ.
1467 1447 1583 1482 Τοιαύτη
1601 1447 1689 1473 οὐσία.
1702 1447 1775 1480 Ὀρθ.
1787 1444 1853 1471 ’Ᾱὶλο

1085 1491 1139 1528 γάρ
1163 1492 1221 1518 ἐστι
1245 1492 1366 1528 τοιαύτη,
1391 1492 1438 1519 καὶ
1460 1492 1553 1528 ἀλλοή
1573 1493 1657 1529 add];
1685 1495 1757 1520 Μακ.
1774 1491 1852 1526 Ἦμεῖς

1087 1539 1212 1574 τοιαύτην
1227 1539 1341 1574 λέγομεν
1358 1539 1404 1565 καὶ
1420 1539 1524 1574 ὁμοίαν,
1537 1540 1567 1565 οὐ
1582 1538 1631 1573 τὴν
1648 1539 1729 1575 αὐτὴν
1742 1538 1777 1565 δέ.
1787 1538 1851 1571 Ὀρθ-

1087 1583 1179 1616 Οΰτως
1195 1584 1285 1618 λέγεις
1300 1585 1391 1620 ὅμοιον
1403 1585 1441 1620 τῷ
1456 1585 1542 1621 Πατρὶ
1558 1586 1603 1612 τὸν
1615 1585 1691 1616 Υἱδν,
1708 1585 1744 1617 ὡς
1754 1583 1853 1619 ἄγγελον

1082 1630 1189 1665 ἀγγέλῳ
1199 1639 1206 1661 ;
1217 1632 1291 1657 Max.
1304 1630 1365 1657 Ναί.
1378 1632 1454 1664 Ὀρθ.
1465 1631 1524 1657 Τῶν
1531 1631 1559 1658 δὲ
1567 1631 1689 1665 ἀγγέλων
1696 1633 1712 1666 ἡ
1719 1631 1782 1665 αὐτή
1793 1631 1853 1656 ἐστιν

1083 1676 1176 1708 cbo-la;
1191 1678 1268 1703 Μακ.
1285 1677 1380 1711 Ἡμεῖς
1392 1677 1518 1712 τοιαύτην
1529 1677 1644 1713 λέγομεν
1658 1677 1704 1704 καὶ
1717 1676 1814 1712 ὁμοίαν,
1828 1674 1852 1700 οὔ

1087 1722 1136 1757 τὴν
1161 1722 1245 1758 αὐτήν
1257 1731 1264 1737 -
1283 1722 1323 1748 διὸ
1346 1723 1392 1749 καὶ¹
1411 1723 1578 1758 ὀμοιοοὺσιον
1604 1723 1732 1758 λέγομεν,
1753 1721 1796 1749 καὶ
1813 1720 1852 1753 οὐχ

1084 1767 1236 1802 ὁμοούσιον.

247 1819 275 1842 et
288 1814 405 1842 similem
428 1814 556 1846 dicimus,
571 1821 626 1841 non
642 1818 733 1841 autem
749 1813 872 1841 eamdem
889 1821 896 1840 :
911 1811 1025 1846 ideoque
1044 1813 1141 1841 similis
1156 1813 1293 1846 essentiae,
1313 1821 1367 1840 non
1383 1818 1474 1842 autem
1506 1814 1764 1842 consubstantialem
1783 1817 1851 1838 roca~

248 1866 319 1887 mus.

281 1905 309 1932 2.
327 1903 404 1932 Orlh.
432 1904 505 1932 Dicis
534 1905 619 1933 Deum
640 1914 672 1933 ex
698 1907 772 1934 Deo?
799 1907 901 1935 Maced.
931 1907 1027 1935 Etiam.

249 1950 325 1977 Orth.
349 1949 381 1976 Et
399 1949 489 1977 lumen
514 1950 548 1978 de
571 1951 690 1979 lumine?
709 1951 814 1980 Maced.
832 1952 929 1980 Etiam.
951 1951 1027 1980 Ort/i.

247 1994 360 2022 Hiccine
376 1994 447 2023 Deus
462 1999 490 2022 et
514 1995 599 2024 Filius
614 2004 647 2024 ex
674 1997 726 2024 hoc
743 1997 797 2025 Deo
818 2002 860 2026 est
886 2002 912 2026 et
928 1997 1030 2026 Patre?

247 2039 351 2067 Haced.
378 2039 477 2068 Etiam.
497 2040 574 2069 Ortlt.
597 2041 654 2069 Hoc
669 2043 771 2074 lumen,
788 2044 860 2078 quod
874 2048 916 2071 cst
931 2042 1029 2077 Filius,

246 2091 324 2113 estne
334 2093 367 2112 ex
375 2085 428 2112 hoc
438 2085 551 2118 lumine,
564 2086 635 2122 quod
647 2091 687 2114 est
702 2087 802 2115 Pater?
811 2087 914 2115 Maced.
927 2088 1026 2115 Etiam.

248 2129 325 2158 Orth.
341 2129 466 2158 “haccine
482 2131 635 2159 substantia
657 2135 700 2159 est
723 2140 755 2159 ex
780 2133 831 2160 hac
858 2133 1030 2160 substantia?

247 2175 352 2204 Maced.
368 2176 439 2204 Non.
457 2177 533 2205 Orth.
547 2177 689 2214 Quomodo
705 2179 789 2214 igitur
803 2180 837 2207 ab
852 2179 905 2207 ista
920 2187 974 2206 non
986 2183 1028 2207 est

1116 1901 1142 1928 2.
1159 1901 1232 1935 Ὀρθ.
1258 1901 1355 1935 Λέγεις
1369 1900 1433 1928 Θεὸν
1448 1902 1480 1928 ὲκ
1495 1901 1580 1935 Θεοῦ;
1602 1902 1681 1929 Max.
1707 1901 1766 1929 Nat.
1787 1901 1850 1935 ὀρθ.

1082 1947 1138 1975 Καὶ
1155 1947 1211 1981 φῶς
1228 1947 1261 1974 ὲκ
1277 1946 1378 1981 φωτόςς
1394 1948 1471 1974 Max.
1485 1947 1549 1974 Ναί.
1571 1948 1649 1981 Ὀρθ.
1674 1945 1754 1980 Οὗτος
1765 1940 1781 1973 ’6
1797 1946 1850 1978 Θεὸς

1082 1993 1129 2018 καὶ
1145 1991 1208 2023 Υἱὸς
1223 1993 1255 2018 ὲκ
1268 1991 1362 2018 τούτου
1377 1991 1423 2018 τοῦ
1436 1991 1503 2018 Θεοῦ
1515 1993 1562 2019 καὶ
1575 1993 1696 2030 lim-96;;
1711 1995 1782 2020 Μακ.
1796 1991 1849 2018 Ναί.

1089 2037 1166 2071 Ὀρθ.
1180 2036 1264 2064 Τοῦτο
1278 2037 1309 2063 τὸ
1324 2037 1392 2071 φῶς,
1404 2038 1418 2064 ὃ
1432 2039 1504 2064 ἐστιν
1519 2038 1592 2070 Υἱὸς,
1613 2040 1646 2066 ἐκ
1655 2039 1746 2066 τούτου
1765 2037 1847 2073 φωτὸς.

1082 2083 1096 2110 ὅ
1112 2084 1169 2109 ἐστι
1196 2083 1312 2119 Πατήρ;
1338 2085 1415 2110 Μακ.
1433 2084 1496 2111 Ναί.
1511 2085 1587 2119 Ὀρθ.
1606 2086 1680 2122 Αὕτη
1705 2087 1721 2121 ή
1744 2084 1849 2112 eiiciat:

1082 2130 1183 2165 ταύτης
1195 2130 1244 2164 τῆς
1257 2129 1364 2162 οὐσίαςς
1375 2131 1453 2157 Max.
1465 2129 1512 2157 Οὔ.
1525 2131 1601 2164 Ὀρθ.
1618 2132 1680 2164 Πῶς
1691 2129 1735 2158 οὖν
1743 2125 1848 2165 ἀπαράλ-

1081 2173 1194 2206 λακτος;
1210 2176 1284 2201 Μακ.
1297 2174 1358 2200 Ὅτι
1374 2175 1440 2210 ἄλλη
1457 2175 1578 2212 τοιαύτη.
1598 2176 1676 2210 Ὀρθ.
1695 2177 1724 2203 Ἦ
1745 2176 1779 2211 μὴ
1792 2173 1847 2202 οὖσα

245 2222 371 2251 diversa?
389 2222 492 2250 Maced.
515 2223 648 2257 Quoniam
663 2224 716 2251 alia
733 2225 841 2260 quidem
857 2229 908 2256 cst,
925 2225 971 2252 sed
989 2226 1027 2252 si-

1085 2219 1111 2252 ὲξ
1126 2220 1210 2254 αὐτῆς
1234 2220 1284 2254 τῆς
1308 2220 1411 2252 οὐσίας,
1437 2221 1499 2253 Υἱὸς
1522 2220 1590 2249 εἶναι
1612 2223 1643 2249 οὑ
1663 2223 1775 2254 δύναται,
1797 2219 1847 2247 οὔτε.

245 2267 328 2295 milis.
341 2267 417 2295 Ortlt.
436 2267 502 2301 Quae
517 2276 570 2295 non
588 2272 629 2296 est
642 2277 675 2296 ex
687 2269 782 2297 eadem
801 2270 965 2302 substantia.
984 2269 1028 2297 Fi-

245 2311 298 2339 lius
313 2319 374 2340 esse
388 2320 442 2340 non
458 2317 556 2348 potest,
571 2318 598 2340 et
612 2322 672 2349 qua:
686 2315 762 2342 nullo
776 2317 856 2342 modo
867 2316 972 2343 diversa
985 2321 1028 2343 est

245 2357 279 2384 ab
297 2358 359 2390 ista,
374 2366 428 2385 non
440 2362 530 2393 potest
542 2359 594 2386 alia
608 2367 669 2387 esse
684 2364 712 2387 et
728 2367 781 2387 una
801 2361 907 2388 similis.
923 2360 1026 2387 Maced.

244 2403 296 2431 Ubi
313 2404 445 2440 scriptum
459 2410 501 2433 est
520 2405 652 2441 Spiritum
674 2414 736 2434 esse
759 2407 864 2434 Deum?
882 2407 958 2435 Orth.
975 2407 1027 2435 Ubi

243 2454 271 2478 te
282 2458 432 2486 coarguero
446 2459 481 2479 ne
494 2453 535 2479 sic
554 2453 663 2486 quidem
680 2453 791 2484 sentire,
809 2457 838 2479 ut
854 2453 934 2479 habet
947 2461 977 2479 ra
994 2453 1026 2479 ti-

242 2494 286 2523 dei
299 2496 434 2531 expositio
447 2504 528 2531 quam
539 2497 674 2532 objecisti,
685 2501 750 2524 tunc
763 2498 807 2525 ubi
817 2498 964 2532 ascriptum
980 2498 1026 2529 sit,

243 2541 342 2569 dicam.
360 2541 407 2569 Dic
427 2542 509 2577 igitur
526 2543 646 2574 tandem,
667 2550 702 2570 an
723 2543 835 2571 fatearis
861 2543 958 2570 Filium
980 2543 1025 2570 Dei

243 2590 308 2614 esse
319 2587 488 2620 substantiae,
505 2593 533 2615 et
551 2589 671 2620 consilii,
688 2593 716 2616 et
739 2590 877 2624 potentiae,
893 2594 920 2616 ct
934 2589 1027 2622 gloria:

242 2634 331 2661 Patris
340 2634 485 2669 imaginem
496 2643 550 2662 non
560 2636 706 2663 diversam.
716 2634 817 2662 Maced.
829 2635 925 2667 Etiam,
933 2636 1025 2666 etiam,

186 2695 190 2705 μ
241 2680 322 2706 etiam
336 2689 343 2706 :
355 2680 465 2707 tertium
485 2680 540 2714 jam
558 2681 624 2708 dixi.
646 2681 722 2709 ()th.
742 2681 838 2709 Annon
855 2682 938 2716 igitur
952 2689 1026 2708 eam-

242 2723 302 2750 dem
316 2731 377 2752 esse
388 2725 458 2751 dicis
473 2724 532 2752 Filii
544 2729 572 2752 et
582 2725 671 2752 Patris
682 2726 841 2760 potentiam,
859 2730 886 2753 et
899 2726 1023 2760 gloriam,

277 2799 334 2839 (94)
351 2800 424 2839 Edit,
435 2801 543 2838 Steph.
558 2803 612 2830 ἀπὸ
626 2803 689 2831 τῶν.
708 2803 780 2831 Infra
794 2803 1025 2839 Protosyncellus,

242 2833 287 2862 Σὺ
294 2835 322 2871 τέ
334 2837 482 2871 κατέγνως.

279 2869 333 2903 (95)
351 2869 385 2898 'A
401 2869 477 2901 deest
493 2873 520 2902 in
537 2872 601 2908 ,Pal.
622 2877 648 2902 et
670 2873 830 2907 Protosync.
847 2874 893 2907 qui
916 2882 977 2902 mox
999 2874 1026 2902 in

1081 2265 1133 2300 μὴν
1145 2260 1214 2300 ’ἄλλη
1225 2266 1336 2301 τοιαύτη
1346 2263 1426 2297 εἶναι,
1440 2267 1657 2302 ἀπαραλλάκτως
1666 2268 1767 2303 ἔχουσα.
1780 2267 1846 2293 Μαι.

1079 2311 1134 2338 Ποῦ
1145 2313 1309 2348 γέγραπται,
1320 2313 1385 2344 Θεὸς
1401 2313 1431 2339 τὸ
1446 2313 1557 2349 Πνεῦμα
1567 2323 1574 2346 ;
1584 2314 1657 2348 Ὀρθ.
1676 2316 1755 2342 ’Ὅταν
1768 2313 1789 2340 σ¹
1811 2311 1847 2343 ἐξ·

1079 2357 1178 2392 ελέγξω
1203 2358 1258 2393 (96)
1282 2359 1343 2394 μηδ’
1356 2359 1441 2391 οὕτως
1467 2360 1571 2395 ἔχοντα,
1595 2361 1633 2393 ὡς
1656 2363 1688 2397 ἣν
1701 2359 1845 2397 προεϐάλλου

1079 2404 1199 2436 ἔκθεσιν,
1219 2405 1279 2431 τότε
1296 2405 1383 2439 λέγω,
1400 2406 1452 2432 ποῦ
1469 2406 1631 2442 γέγραπται.
1648 2408 1720 2440 Τέως
1732 2405 1774 2434 οὖν
1796 2403 1845 2431 εἰπέ

1080 2458 1134 2484 μοι,
1144 2450 1167 2476 εἰ
1174 2449 1312 2484 ὁμολογεῖς
1320 2451 1422 2482 οὐσίας,
1434 2452 1479 2478 καὶ
1489 2452 1594 2487 βουλῆς,
1604 2454 1650 2479 καὶ
1657 2453 1794 2488 δυνάμεως,
1807 2449 1846 2476 καὶ

1077 2496 1155 2531 δόξης
1176 2497 1382 2532 ἀπαράλλακτον
1401 2498 1491 2524 εἰκόνα
1507 2499 1551 2524 τὸν
1567 2499 1614 2525 τοῦ
1630 2499 1695 2526 Θεοῦ
1705 2498 1844 2525 Υἱόνλιιακ.

1077 2542 1141 2574 Ναὶ,
1159 2542 1213 2574 ναὶ,
1234 2541 1291 2568 ναξ·
1307 2542 1398 2577 τρίτον
1415 2541 1501 2570 εἷπον.
1517 2544 1595 2578 Ὀρθ.
1606 2545 1638 2571 Εἰ
1653 2542 1697 2570 οὖν
1719 2541 1794 2577 αὐτὴν
1805 2539 1845 2574 τὴν

1078 2588 1185 2624 βουλὴν,
1198 2589 1243 2614 καὶ
1254 2588 1377 2623 δύναμιν,
1394 2589 1440 2615 καὶ
1464 2588 1541 2623 δόξαν
1559 2589 1646 2624 λέγεις
1666 2589 1712 2616 τοῦ
1733 2587 1792 2615 Υἱοῦ
1806 2585 1844 2612 καὶ

1077 2634 1124 2660 τοῦ
1139 2635 1258 2670 Πατρός;
1274 2636 1350 2661 Max.
1373 2635 1409 2661 υύ
1424 2635 1511 2670 λέγω·
1530 2637 1560 2662 οὐ
1576 2637 1654 2672 γὰρὴ
1667 2635 1766 2665 ἕκθεσις
1787 2633 1843 2659 Λου-

1079 2680 1171 2707 κιανοῦ
1183 2681 1231 2716 τὴν
1247 2681 1330 2717 αὐτὴν
1342 2681 1416 2715 λέγει
1430 2681 1536 2718 βουλὴν,
1545 2683 1591 2709 καὶ
1603 2681 1722 2717 δύναμιν,
1743 2679 1786 2708 καὶ
1808 2678 1844 2703 δό-

1079 2725 1137 2758 ξαν.
1156 2727 1233 2760 Ὀρθ.
1249 2728 1306 2754 Οὐκ
1321 2727 1428 2763 ἀληθῶς
1442 2729 1495 2764 ἄρα
1505 2729 1554 2764 τὴν
1570 2727 1736 2762 δικαιοσύνην
1755 2723 1840 2751 λαλεῖς.

1081 2811 1175 2831 vocem
1191 2805 1309 2836 εὐσεϐῶς
1323 2805 1432 2833 desinit.

1082 2839 1251 2904 “agites.
1266 2844 1292 2868 et
1304 2839 1402 2874 Palat.,
1412 2841 1520 2876 ἐλέγξω.
1531 2841 1590 2870 Mox
1604 2841 1681 2874 idem,
1695 2840 1732 2871 εἷς
1745 2839 1774 2874 ῆν
1784 2842 1838 2870 προ·
