1926 3067
111 142 179 170 1205

602 142 645 170 DE
665 141 801 170 SANCTA
820 141 1004 169 TRINITATE
1021 140 1193 170 DIALOGUS
1212 140 1255 169 Ill.

1657 140 1726 168 1206

109 202 195 239 Βουλὴ
207 202 262 238 γὰρ
282 201 378 237 βουλῆς
394 201 601 238 ἀπαράλλακτος
625 201 704 235 dea,
719 204 735 238 ἡ
752 204 822 238 αὐτή
838 204 895 229 ἐστι

949 206 972 230 et
981 202 1144 229 consilium?
1157 201 1259 229 Maced.
1270 199 1329 228 Non
1339 200 1401 228 dico
1417 210 1425 227 ε
1441 207 1492 228 nec
1505 200 1576 228 enim
1588 200 1724 235 expositio

109 249 207 285 βουλή’
218 249 264 275 καὶ
280 248 393 283 δύναμις
406 248 545 284 δυνάμεως
560 249 764 284 ἀπαράλλακτος
787 247 863 281 οὖσα,
878 250 894 285 ἡ

107 294 176 330 αὐτή
201 295 259 321 ἐστι
285 294 415 329 δύναμις·
440 295 487 321 καὶ
509 294 571 326 δόξα
591 293 672 330 δόξης
689 294 895 330 ἀπαράλλακτος

106 338 186 372 οὖσα,
198 341 215 375 ἡ
229 340 297 375 αὐτή
313 340 370 367 ἐστι
383 340 455 372 δόξα.
477 341 554 367 Max.
570 340 789 377 Ἀπαράλλακτον
813 341 894 375 λέγω,

106 386 156 422 τὴν
168 386 252 421 αὐτὴν
263 387 293 412 οὑ
308 386 388 420 λέγω.
402 387 479 420 Ὀρθ.
494 385 659 414 Μᾶλλονῠῦν
671 387 718 414 καὶ
731 387 761 413 τὸ
771 386 895 423 ἀπαράλ-

106 431 204 457 λακτον
216 432 290 466 φωνῇ
306 431 404 465 λέγεις,
419 430 456 462 ὡς
466 432 491 458 οἱ
505 432 621 467 Χριστὸν
637 432 718 459 αὑτὸν
739 432 894 464 καλοῦντες,

107 478 155 504 καὶ
167 477 203 513 μὴ
218 477 398 509 πιστεύοντες,
414 478 455 504 ὃτι
471 478 588 513 Χριστός
602 479 686 506 ἐστιν.
709 478 739 505 Ei
761 479 816 513 γὰρ
838 479 896 505 ἐπί-

108 531 212 554 στευον,
227 523 275 549 οὐκ
286 523 317 550 ἂν
327 523 474 555 τύπτοντες
493 523 574 550 αὐτὸν
586 523 677 557 ἔλεγον
690 531 696 538 “
715 533 724 549 ι
741 524 896 559 Προφήτευ-

108 577 156 596 σον
169 570 245 604 ἡμῖν,
262 569 374 604 Χριστὲ,
392 569 433 601 τίς
457 571 530 595 ἐστιν
557 570 572 596 ὁ
598 569 699 601 παίσας
721 578 770 602 σε;
792 579 801 594 ι
818 571 893 596 Μακ.

108 612 203 646 Εἶπον,
216 615 256 641 ὃτι
270 615 373 646 οὐσίας,
390 616 437 641 καὶ
449 615 556 650 βουλῆς,
573 616 621 642 καὶ
632 616 782 652 δυνάμεως.
797 617 843 643 καὶ
855 616 897 643 δό-

109 660 158 695 ξης
171 661 379 695 ἀπαράλλακτον
402 662 492 688 είκόνα
507 661 581 696 λέγω
598 661 643 688 τὸν
661 662 725 688 Υίὺν
741 661 790 697 τῷ,
798 662 894 698 Πατρί.

108 707 186 740 Ὄρθ.
205 707 303 742 Ἀλλην
317 706 443 742 τοιαύτην
454 707 548 734 οὐσίαν
556 707 654 742 λέγεις,
664 709 710 735 καὶ
718 708 799 743 ἄλλην
807 708 896 735 τοιαύ-

107 761 158 788 την
178 752 285 787 βουλὴν,
308 753 356 779 καὶ
378 753 460 787 ἄλλην
477 753 603 788 τοιαύτην
618 753 798 787 δύναμιν,καὶ
814 753 896 788 ἄλλην

107 796 235 832 τοιαύτην
246 797 323 828 δόξαν
334 806 341 830 ;
351 799 428 825 Max.
443 798 506 825 Ναί.
522 798 598 832 Ὀρθ.
611 798 662 824 Δύο
671 796 716 824 οὖν
730 798 791 824 Θεοί
800 807 806 831 ;
815 799 893 824 Max.

106 839 155 874 Εἷς
170 843 216 869 καὶ
230 839 279 874 εἷς.
295 843 373 876 Ὀρθ.
388 839 471 876 Οὗτος
481 843 621 875 ὁτοιοῦτος
633 840 673 875 εἷς
686 843 717 870 ὲκ
732 843 827 870 τούτου
847 843 894 870 τοῦ

106 872 184 922 ὲνύςς
199 872 276 916 Mue.
296 872 358 915 Ναί.
374 872 519 924 ὈρθςῈκ
535 890 584 924 τῆς
597 872 689 921 obuia;
716 887 789 925 ἆρα;
818 891 894 917 Μακ.
911 872 933 902 Β

107 934 156 962 0'5.
175 936 252 968 ’Op0.
275 934 345 961 Ἀλλ’
371 936 403 962 ἐκ
423 935 461 970 μὴ
483 935 567 962 ὄντων
592 935 671 962 αὑτὸν
705 935 895 971 ὑπεστήσατος

107 983 184 1010 Max.
200 982 248 1008 Ἐκ
264 982 300 1017 μὴ
323 981 406 1008 ὅντων
418 991 442 1009 τι
458 982 541 1009 ἐστίν.
565 983 641 1016 Ὄρθ.
672 982 741 1014 Τοὺς
765 982 897 1016 ἀγγέλους

107 1028 197 1063 λέγεις
208 1026 288 1061 εἶναι,
299 1028 345 1054 καὶ
358 1029 446 1055 πᾶσαν
458 1029 506 1064 τὴν
517 1029 612 1059 κτίσιν,
622 1029 654 1056 ἐκ
666 1029 711 1055 τοῦ
723 1028 807 1063 Θεοῦ;
819 1030 896 1056 Μακ.

107 1074 171 1102 Ναί.
190 1074 345 1111 Γέγραπται
357 1075 425 1110 γάρ’·
440 1084 449 1101 ι
465 1075 506 1102 Τὰ
519 1076 606 1102 πάντα
615 1076 646 1102 ὲκ
657 1075 704 1103 τοῦ
714 1075 792 1103 Θεοῦ.
804 1076 895 1109 ιὈρθ.

107 1119 158 1147 Ἐκ
165 1121 214 1155 τῆς
228 1120 322 1152 οὐσίας
335 1120 417 1147 αὐτοῦ
429 1129 436 1152 ;
450 1123 525 1148 Μακ.
543 1121 618 1157 Οὐχί.
628 1121 674 1157 Μὴ
688 1121 791 1156 γένοιτο
801 1122 808 1148 !
818 1122 895 1156 ὀρθ.

109 1166 203 1198 ὒῦτως
215 1164 263 1193 οὖν
277 1167 324 1194 καὶ
339 1166 384 1193 τὸν
401 1167 465 1193 Υἱὸν
483 1167 572 1201 λέγεις
588 1167 626 1198 ὼς
639 1166 674 1193 τὰ
687 1167 790 1200 πάντα;
817 1168 895 1195 Μακ.

109 1212 248 1247 Μονογενῆ
265 1212 346 1239 αὐτὸν
358 1211 439 1246 λέγω,
455 1213 485 1239 ού
505 1213 557 1248 μὴν
581 1213 613 1238 ὲκ
634 1213 683 1247 τῆς
695 1212 797 1244 οὐσίας.
818 1213 895 1246 Ὀρθ,

115 1259 145 1285 ‘0
161 1258 198 1294 μὴ
211 1256 249 1284 ὢν
260 1258 291 1284 ἐκ
299 1258 347 1293 τῆς
360 1258 464 1290 οὐσίας,
479 1257 544 1289 Υίὸς
559 1258 765 1294 ἀπαράλλακτος
781 1258 841 1285 κατ’
850 1259 896 1285 οὖ-

112 1304 171 1331 σίαν
186 1301 253 1330 εἶναι
268 1304 298 1331 οὒ
317 1304 437 1332 δύναται.
447 1306 523 1333 Μακ,
539 1306 570 1331 οι
588 1305 697 1339 ἄγγελοι
711 1305 761 1332 οὐκ
771 1305 823 1332 εἰσὶ
837 1304 896 1331 κατ’

109 1349 202 1376 οὐσίαν
219 1349 343 1385 ἀλλήλοις
355 1350 554 1386 ἀπαράλλακτοι
566 1359 573 1383 ς
594 1352 671 1392 Ὀρθ.
684 1351 746 1378 Ναί.
760 1353 836 1378 Max.
852 1351 897 1386 Μὴ

110 1395 171 1424 κατ’
186 1395 279 1422 οὐσίαν
296 1396 361 1430 (96‘)
375 1395 488 1430 ἄγγελος
505 1397 533 1429 ἐξ
545 1396 624 1423 ἄλλου
636 1396 724 1429 ὲστίνς
738 1397 814 1431 Ὀρθ.
827 1396 897 1422 Ἀλλ’

112 1442 200 1473 οὐδεὶς
212 1441 334 1476 ἀγγέλων
347 1442 462 1476 ἀγγέλου
479 1443 595 1479 πατὴρῆ
610 1443 676 1475 υἱός.
685 1443 715 1469 '0
727 1443 755 1469 δὲ
766 1443 898 1478 μακάριος

111 1489 268 1522 Λουκιανὸς,
278 1490 340 1516 Υίὸν
349 1490 454 1525 Πατρὸς
470 1489 572 1522 οὐσίας,
581 1489 628 1516 καὶ
638 1489 744 1524 βουλῆς,
757 1489 808 1515 καῖ
820 1489 898 1516 δυνά-

948 248 1008 276 ﬁdei
1023 248 1134 276 Luciani
1152 249 1223 276 idem
1235 255 1295 276 esse
1309 247 1375 276 dicit
1388 247 1544 279 consilium,
1562 246 1720 275 eamdemve

947 295 1094 330 potentiam
1119 300 1146 322 et
1166 295 1292 330 gloriam.
1332 293 1408 321 0rtli.
1438 293 1497 321 Non
1519 301 1581 321 vere
1605 293 1728 329 profecto

946 341 1018 375 quod
1030 342 1135 376 justum
1154 345 1196 369 est
1222 341 1351 376 loqueris.
1369 340 1518 368 Consilium
1533 340 1606 368 enim
1621 348 1636 367 a
1655 348 1722 367 con-

946 387 1007 414 silio
1021 395 1074 414 non
1091 387 1240 419 diversum,
1253 391 1295 414 est
1309 386 1380 414 idem
1392 387 1536 414 consilium
1550 397 1556 415 :
1569 390 1595 415 et
1607 391 1724 422 potestas

947 441 962 460 a
976 437 1112 468 potestate
1139 441 1196 461 non
1221 433 1341 465 diversa,
1367 437 1408 461 est
1424 433 1518 461 eadem
1541 438 1662 469 potestas
1679 444 1684 460 :
1703 439 1724 460 et

946 479 1031 515 gloria
1048 487 1062 506 a
1077 479 1162 515 gloria
1177 488 1231 507 non
1252 480 1369 512 diversa,
1387 483 1429 507 est
1442 479 1537 507 eadem
1551 480 1647 515 gloria.
1667 479 1724 507 Ma-

946 525 1002 552 ced.
1017 524 1180 553 lnvariatam
1196 533 1257 553 esse
1270 525 1366 558 fateor,
1378 525 1500 553 eamdem
1516 532 1571 552 non
1584 532 1646 553 esse
1656 525 1728 554 dico.

948 570 1025 598 Orth.
1047 571 1102 598 lmn
1118 579 1184 598 voce
1198 571 1293 599 fateris
1310 571 1382 599 istud
1399 579 1454 599 non
1469 571 1618 603 diversum,
1638 579 1729 607 quem-

947 617 1091 644 admodum
1105 617 1153 652 qui
1169 617 1308 645 Christum
1325 625 1386 645 eum
1403 618 1548 651 vocabant,
1564 625 1614 645 nec
1635 619 1729 646 crede-

946 663 1158 691 bantChristum
1170 671 1240 691 esse.
1255 663 1322 691 Nam
1336 663 1360 692 si
1371 663 1565 697 credidissent,
1578 672 1631 692 non
1645 664 1730 692 dixis-

947 713 1017 743 sent,
1024 717 1087 737 cum
1095 717 1156 737 cum
1163 710 1314 738 caederent:
1325 720 1334 736 ‹
1344 709 1505 746 Prophetiza
1514 711 1602 743 nobis,
1610 710 1729 742 Christe.

946 756 1008 790 quis
1022 759 1064 783 est
1078 756 1124 791 qui
1139 760 1165 782 te
1175 756 1313 791 percussit
1326 755 1359 784 ⁵⁵.
1373 766 1383 782 ι
1398 756 1502 785 Maced.
1518 756 1578 783 Dixi
1594 765 1637 784 me
1650 756 1728 785 fateri

945 799 1043 827 Filium
1050 809 1111 828 esse
1119 801 1276 836 imaginem,
1286 802 1451 833 substantia.
1461 803 1589 834 consilio,
1598 803 1730 838 potentia,

947 850 974 874 et
984 846 1070 881 gloria
1082 854 1136 874 non
1147 846 1283 875 diversam
1295 855 1310 875 a
1323 846 1412 875 Patro.
1427 847 1503 876 Orth.
1515 847 1604 876 Aliam
1614 849 1729 876 similem

947 892 1127 920 substantiam
1138 892 1218 925 diris,
1229 896 1256 921 et
1265 893 1339 920 aliud
1351 894 1440 922 simile
1451 895 1640 927 consilium,et
1648 894 1731 922 aliam

947 937 1064 966 similem
1081 939 1238 973 potentiam,
1253 943 1281 967 et
1296 940 1376 967 aliam
1391 939 1506 968 similem
1519 940 1656 976 gloriam?
1670 940 1731 968 lla-

947 982 1002 1010 ced.
1015 982 1113 1010 Etiam.
1128 983 1204 1012 Ortlt.
1223 983 1282 1011 Duo
1298 988 1363 1011 sunt
1378 984 1462 1020 igitur
1474 985 1522 1013 dii.
1538 985 1642 1014 Maced.
1655 985 1731 1014 Unus

947 1032 974 1056 et
989 1037 1070 1056 unus.
1088 1028 1165 1057 Ortlz.
1183 1030 1237 1058 lste
1249 1038 1321 1058 unus
1335 1031 1444 1064 similis,
1457 1037 1535 1060 estne
1545 1040 1578 1060 ex
1596 1033 1649 1061 isto
1660 1033 1732 1061 uno?

948 1074 1052 1102 Μαι·εά.
1072 1076 1112 1103 lla
1130 1079 1182 1104 est.
1202 1076 1278 1105 Orth.
1299 1076 1339 1104 An
1356 1085 1421 1113 ergo
1435 1085 1469 1106 ex
1481 1078 1658 1106 substantia?
1671 1078 1732 1106 Ma—

947 1120 1003 1147 ced.
1027 1120 1097 1148 Non.
1113 1120 1189 1148 Ortli.
1209 1121 1281 1156 Ergo
1296 1129 1328 1149 ex
1345 1129 1399 1149 non
1414 1123 1610 1152 exsistentibus
1627 1123 1691 1151 fecit
1702 1128 1732 1151 ut

947 1167 1111 1195 exsisteret?
1130 1166 1234 1194 Maced.
1258 1166 1307 1194 Est
1331 1175 1397 1195 sane
1416 1168 1544 1203 quiddam
1559 1176 1593 1196 ex
1620 1169 1654 1197 iis
1671 1178 1732 1206 qua:

947 1221 1003 1240 non
1017 1217 1109 1241 erant.
1125 1213 1202 1241 Ortlt.
1217 1213 1338 1248 Angelos
1354 1218 1382 1241 et
1400 1221 1445 1242 res
1459 1222 1554 1243 omnes
1570 1219 1676 1244 creatas
1691 1215 1733 1243 fa-

949 1258 1015 1286 teris
1034 1265 1096 1286 esse
1111 1266 1146 1286 ex
1166 1258 1243 1286 Deo?
1259 1258 1363 1286 Maced.
1381 1258 1480 1287 Etiam.
1500 1259 1637 1296 Scriptum
1659 1262 1732 1289 enim

947 1308 990 1332 est
1006 1314 1013 1332 :
1033 1314 1042 1330 ι
1060 1304 1157 1332 Omnia
1173 1312 1206 1333 ex
1223 1305 1288 1333 Deo.
1309 1315 1320 1332 ι
1333 1305 1468 1336 ονιΙιηΕι
1485 1307 1639 1335 substantia
1655 1308 1734 1343 ejus?

948 1350 1052 1379 Maced.
1063 1350 1250 1387 Nequaquam.
1262 1351 1356 1379 Absitl
1374 1351 1451 1380 Orth.
1474 1351 1519 1380 Sic
1535 1353 1619 1388 igitur
1634 1353 1733 1382 Filium

949 1400 985 1424 ut
997 1405 1041 1425 res
1055 1401 1169 1425 caeteras
1183 1405 1244 1424 esse
1256 1397 1362 1425 sentis?
1377 1396 1481 1426 Maced.
1498 1397 1671 1434 Unigenitum
1692 1399 1734 1435 ip-

949 1452 1009 1473 sum
1025 1443 1097 1476 dico,
1125 1451 1180 1471 non
1201 1447 1293 1472 tamen
1307 1452 1340 1472 ex
1365 1444 1452 1479 ipsius
1469 1444 1632 1472 substantia.
1651 1445 1733 1482 442

950 1491 1026 1519 Ortlt.
1041 1490 1093 1523 Qui
1107 1498 1162 1518 non
1187 1494 1229 1518 est
1251 1498 1284 1518 ex
1308 1490 1472 1523 substantia,
1487 1497 1542 1518 non
1562 1495 1650 1527 potest
1672 1499 1735 1520 esse

113 1545 194 1571 μεως,
208 1537 255 1564 καὶ
267 1537 345 1572 δόξης
368 1535 575 1572 ἀπαράλλακτον
597 1536 689 1562 είκόνα
711 1535 839 1572 εἰρηκὼς,
852 1535 896 1562 διὰ

949 1535 1032 1564 Filius
1049 1535 1200 1564 secundum
1229 1536 1410 1564 substantiam
1429 1536 1456 1563 in
1488 1536 1564 1563 nullo
1590 1537 1731 1565 diversus.

110 1581 157 1607 τοῦ
172 1580 236 1608 Υἱοῦ
246 1581 276 1608 τὸ
290 1580 319 1614 ἐξ
346 1581 432 1616 αὐτῆς
455 1580 547 1614 ἔδειξε,
571 1581 618 1607 καὶ
643 1579 686 1607 διὰ
714 1580 760 1609 τοῦ
778 1580 901 1615 ἀπαραλ-

111 1626 209 1653 λάκτου
226 1627 256 1653 τὸ
278 1627 368 1653 αὐτόν.
393 1628 469 1654 Μακ.
494 1626 563 1661 Ἐγὼ
582 1626 790 1662 ἀπαράλλακτον
812 1626 900 1660 λέγω·

110 1672 171 1699 οὗτε
187 1672 215 1699 δὲ
233 1673 265 1700 ὲκ
276 1673 325 1708 τῆς
339 1673 442 1705 οὐσίας,
460 1672 522 1699 οὒτε
536 1672 585 1708 τὴν
603 1673 688 1708 αὐτὴν
711 1672 815 1705 οὐσίαν,
838 1673 901 1703 οὔτε

110 1718 159 1756 τῂν
174 1718 257 1754 αὐτὴν
270 1718 392 1753 δύναμιν,
411 1717 473 1744 οὗτε
485 1718 536 1754 τὴν
551 1718 634 1754 αὐτὴν
648 1718 737 1750 δόξαν.

951 1582 1054 1610 Maced.
1081 1582 1176 1617 Angeli
1207 1589 1298 1610 nonne
1324 1588 1389 1610 sunt
1417 1583 1488 1610 inter
1514 1591 1543 1611 se
1560 1591 1615 1611 non
1632 1583 1734 1612 diversi

950 1627 1126 1656 substantia?
1141 1627 1217 1655 Ort/t.
1239 1627 1288 1654 Ita.
1305 1626 1409 1655 Macati.
1427 1627 1496 1655 Num
1512 1629 1636 1663 angelus,
1658 1628 1733 1664 quod

951 1672 1182 1713 ad'substantiam
1201 1673 1308 1704 attinet,
1331 1680 1363 1700 ex
1382 1673 1436 1700 alio
1462 1677 1504 1701 est
1521 1674 1638 1708 angelo?
1655 1674 1731 1701 Orth.

952 1717 1006 1746 Sed
1018 1718 1110 1746 nullus
1130 1718 1286 1753 angelorum
1311 1722 1352 1746 est
1380 1719 1468 1754 angeli
1487 1724 1564 1754 pater
1580 1720 1621 1746 vel
1649 1719 1732 1759 ﬁlius_

110 1763 210 1792 Beatus
227 1770 316 1792 autem
333 1764 557 1797 Lucianuchum
573 1764 685 1796 diceret,
706 1764 806 1801 Filium
828 1773 889 1793 csse
905 1765 1051 1801 imaginem
1065 1763 1155 1792 Patris
1171 1765 1347 1797 substantiae,
1368 1769 1396 1792 et
1418 1765 1544 1797 consilii,
1565 1769 1592 1793 et
1613 1769 1734 1800 potesta-

111 1812 158 1842 tis,
173 1815 199 1838 et
215 1811 307 1847 gloriae
327 1812 355 1839 in
371 1812 445 1839 nullo
461 1812 607 1844 diversam,
625 1820 672 1848 per
689 1800 799 1846 Filium,
814 1813 888 1849 quod
903 1821 937 1842 ex
952 1800 1011 1849 ipsa
1031 1813 1184 1842 substantia
1206 1816 1279 1841 esset
1296 1823 1303 1840 :
1319 1821 1367 1849 per
1390 1813 1472 1846 illud,
1501 1821 1556 1840 non
1584 1813 1733 1846 diversum,

112 1858 278 1888 identitatcm
289 1859 418 1887 ostendit.
433 1858 537 1887 Macati.
554 1859 610 1895 Ego
631 1860 659 1888 in
678 1860 752 1890 nullo
774 1860 911 1889 diversum
939 1861 1002 1889 dico
1028 1871 1035 1889 :
1057 1861 1105 1889 sed
1133 1869 1221 1897 neque
1243 1869 1275 1889 ex
1302 1860 1470 1895 substantia,
1496 1869 1584 1897 neque
1610 1862 1734 1890 eamdem

113 1905 304 1937 substantiam,
316 1914 404 1941 neque
412 1907 533 1934 eamdem
547 1904 705 1941 potentiam.
718 1915 807 1942 neque
820 1908 943 1937 eamdem
957 1908 1083 1945 gloriam.

147 1953 173 1980 5.
191 1953 266 1987 Ὀρθ.
286 1953 386 1990 ’Ἄλλην
397 1952 443 1981 οὖν
453 1954 508 1990 ἔχει
520 1954 655 1990 δύναμινὸ
671 1955 746 1987 Υἱὸς,
755 1956 802 1982 καὶ
816 1956 898 1991 ἄλλην

113 1996 191 2031 δόξαν
200 1998 275 2034 παρὰ
289 1999 333 2025 τὸν
343 1999 452 2035 Πατέρα
460 2008 466 2032 ;
475 2001 553 2027 Μακ.
563 1999 663 2036 Ἀλλην
674 2001 810 2036 τοιαύτην.
819 2002 897 2035 Ὀρθ.

113 2042 176 2075 Πῶς
192 2042 238 2071 οὖν
250 2044 371 2080 εἴρηται·
388 2054 397 2070 ι
412 2046 528 2081 Χριστὸς
540 2045 605 2072 Θεοῦ
619 2045 742 2081 δύναμις,
764 2047 810 2073 καὶ
829 2046 897 2073 Θεοῦ

115 2090 196 2124 σοφία
207 2099 214 2123 ;
229 2099 237 2116 ι
249 2090 296 2117 καὶ
308 2090 366 2122 πῶς
382 2091 396 2116 ὁ
409 2091 473 2123 Υἱὸς
487 2091 570 2126 λέγει·
583 2101 591 2113 ι
606 2092 689 2118 Ὅταν
697 2092 725 2118 δὲ
739 2092 801 2128 Ξ).οῃ
811 2093 825 2119 ὁ
834 2093 898 2126 Υἱὸς

112 2134 160 2161 τοῦ
170 2134 312 2170 ἀνθρώπου
328 2136 357 2162 ἐν
373 2136 406 2174 τῇ
417 2136 479 2172 δόξῃ
495 2135 542 2163 τοῦ
560 2137 664 2172 Πατρὺς
683 2136 781 2169 αὑτοῦ;
795 2146 803 2162 ι
819 2138 896 2164 Max.

114 2181 169 2207 Καὶ
187 2181 200 2206 ὁ
216 2181 310 2219 Πατὴρ
325 2180 392 2210 ίόίαν
406 2181 461 2216 ἔχει
472 2182 560 2215 δόξαν,
578 2183 625 2208 καὶ
642 2182 748 2218 βουλὴν,
761 2182 808 2208 καὶ
822 2182 898 2209 δύνα-

986 1956 1013 1983 5.
1033 1956 1109 1984 Orth.
1124 1955 1213 1983 Aliam
1231 1955 1314 1990 igitur
1329 1954 1477 1990 potentiam
1495 1954 1576 1981 habet
1592 1953 1688 1987 Filius,
1708 1958 1736 1982 ct

951 2003 1031 2030 aliam
1041 2003 1167 2038 gloriam,
1180 2009 1262 2037 quam
1274 2001 1375 2029 Pater?
1389 2000 1493 2028 Maced.
1506 2000 1594 2031 Aliam
1606 1999 1733 2027 similem.

952 2048 1028 2076 Ortlt.
1055 2048 1198 2081 Quomodo
1227 2047 1311 2082 igitur
1337 2047 1470 2082 scriptum
1493 2050 1561 2074 est:
1580 2055 1589 2071 ι
1609 2045 1735 2073 Christus

951 2093 998 2122 Dei
1012 2094 1111 2125 virtus,
1123 2097 1150 2121 et
1165 2093 1212 2121 Dei
1235 2093 1370 2128 sapientia
1384 2093 1429 2119 "‘2
1447 2102 1457 2119 ι
1475 2096 1502 2119 et
1518 2091 1655 2127 quomodo
1670 2091 1736 2118 dicit

951 2138 1036 2166 Filius
1055 2149 1061 2166 :
1082 2148 1091 2165 ι
1113 2138 1182 2166 Cum
1205 2142 1296 2166 autem
1322 2139 1429 2166 venerit
1458 2137 1545 2166 Filius
1567 2137 1686 2165 hominis
1706 2137 1736 2165 in

948 2184 1035 2220 gloria
1051 2183 1142 2212 Patris
1162 2184 1204 2212 sui
1217 2184 1265 2211 ὐἱ
1282 2193 1292 2210 ›
1312 2183 1415 2211 Maced.
1435 2183 1556 2211 Habetne
1575 2184 1656 2211 etiam
1684 2181 1738 2209 Pa-

117 2235 173 2262 μιν.
189 2225 205 2261 ἢ
222 2226 270 2258 ob;
287 2227 363 2260 Ὀρθ.
379 2227 442 2254 Ναί.
460 2229 536 2255 Max.
555 2229 609 2255 Kal.
625 2229 639 2255 ὁ
650 2229 713 2260 Υἱὸς
728 2228 804 2262 ἰδίαν,
820 2230 837 2265 ἢ
848 2228 896 2262 οὓς

949 2234 991 2258 ter
1008 2230 1145 2265 propriam
1164 2230 1289 2265 gloriam,
1312 2233 1339 2257 et
1364 2230 1503 2265 proprium
1527 2228 1682 2261 consilium,
1709 2232 1736 2256 et

115 2273 190 2306 Ὀρθ.
201 2273 275 2308 Αὐτὴ
293 2274 309 2308 ἡ
323 2273 371 2300 τοῦ
387 2274 493 2311 Πατρὺς
508 2274 581 2307 δόξα,
592 2275 639 2302 καὶ
653 2274 746 2310 βουλὴ,
765 2275 811 2301 καὶ
820 2275 898 2302 δύνα-

118 2326 173 2355 μις,
188 2318 234 2344 τοῦ
251 2318 315 2345 Tia-3
324 2320 406 2346 ἐστιν.
416 2319 465 2346 Διὰ
478 2319 556 2347 τοῦτο
569 2321 641 2354 λέγει
657 2322 670 2347 ὁ
679 2322 757 2353 Υἱός·
769 2330 779 2347 r
795 2321 896 2354 Πάντα,

117 2364 166 2391 ὅσα
183 2363 237 2400 ἔχει
255 2366 269 2392 ὁ
281 2365 386 2401 Πατὴρ,
402 2366 456 2401 ἐμά
465 2367 548 2393 ἐστιν.
560 2376 569 2392 ι
580 2369 656 2394 Μακ.
676 2368 704 2395 '0
720 2368 783 2399 Υἱὸς
795 2366 840 2395 οὖν
849 2369 900 2395 οὐκ

119 2409 174 2445 εχει
188 2411 278 2444 δόξαν,
298 2411 348 2438 οὐκ
374 2411 430 2446 ἔχει
448 2412 556 2448 βουλὴν,
571 2413 621 2439 οὐκ
637 2412 693 2448 ἔχει
708 2413 832 2449 δύναμιν,
849 2414 900 2441 οὐκ

119 2456 174 2492 ἔχει
186 2456 309 2492 θεότητα,
327 2456 374 2484 ἐὰν
388 2457 425 2493 μὴ
441 2457 509 2493 λάϐῃ
522 2457 597 2494 παρὰ
623 2459 669 2485 τοῦ
694 2460 809 2495 Πατρός.
821 2461 898 2493 Ὀρο.

119 2503 191 2538 Αὕτη
206 2503 261 2538 (97)
277 2503 293 2538 ἡ
307 2502 379 2536 δόξα,
404 2503 451 2530 καὶ
475 2503 567 2539 βουλὴ,
599 2504 647 2531 καὶ
673 2504 796 2540 δύναμις,
821 2505 898 2540 καὶὴ

119 2549 224 2584 Θεότης,
237 2549 283 2575 τοῦ
300 2549 405 2586 Πατρός
418 2550 475 2576 ἐστι
492 2550 537 2577 καὶ
549 2550 595 2576 τοῦ
607 2549 690 2583 Υίοῦ;
706 2552 783 2577 Max.
798 2550 843 2586 Μὴ
857 2551 902 2584 γέ-

119 2595 304 2630 νοιτοείπεῖνί
323 2584 394 2629 Ὀῥα
406 2595 467 2627 Πῶς
477 2593 522 2622 οὖν
532 2595 604 2630 λέγει
617 2596 632 2621 ὁ
644 2596 722 2627 Υἱός·
738 2606 746 2621 ι
765 2584 856 2623 Πάντα
867 2596 901 2623 τὰ

118 2641 171 2675 ἐμὰ
188 2641 222 2668 σά
236 2642 320 2673 ἐστιν,
337 2642 383 2668 καὶ
398 2641 432 2667 τὰ
441 2641 474 2667 σὰ
485 2643 556 2677 sua;
571 2652 580 2668 ι
598 2643 674 2669 Μακ.
689 2642 756 2677 Περὶ
770 2642 823 2669 τῶν
834 2643 902 2668 ἁπο-

119 2684 218 2712 στόλων
230 2685 314 2719 λέγει.
334 2685 483 2720 ὀρθ.οἶδα
503 2686 590 2721 κάγὼ,
615 2687 655 2714 ὅτι
670 2687 734 2722 περὶ
746 2686 800 2714 τῶν
814 2686 900 2723 μαθη-

950 2276 1086 2311 propriam
1103 2275 1263 2310 potentiam,
1277 2275 1390 2302 annon?
1406 2274 1484 2302 Ortlt.
1510 2273 1606 2301 Habet.
1631 2273 1736 2303 Macati.

949 2321 983 2348 Et
1001 2320 1086 2348 Filius
1105 2320 1198 2347 itidem
1222 2320 1376 2356 propriam,
1402 2320 1513 2348 annon?
1528 2319 1602 2348 Orth.
1618 2318 1679 2355 ipsa
1689 2319 1738 2347 Pa-

952 2367 1003 2394 tris
1015 2366 1100 2402 gloria
1114 2369 1141 2393 et
1154 2366 1276 2400 ejusdem
1289 2366 1446 2399 consilium,
1459 2369 1486 2393 et
1499 2366 1628 2401 potentia,
1640 2370 1681 2393 cst
1694 2364 1739 2393 Fi-

951 2413 992 2440 lii.
1008 2412 1154 2447 Propterea
1172 2412 1239 2439 dicit
1253 2411 1358 2440 Filius:
1374 2422 1384 2438 ‹
1401 2412 1574 2447 ρυδιευηῳιε
1589 2411 1670 2439 habet
1687 2411 1749 2449 Pa-,

952 2463 1004 2491 ter,
1034 2466 1094 2485 mea
1115 2461 1179 2485 sunt
1191 2458 1224 2484 ⁸⁷.
1240 2467 1248 2484 ι
1262 2457 1367 2485 Maced.
1388 2457 1474 2485 Filius
1501 2465 1567 2493 ergo
1583 2465 1636 2485 non
1658 2457 1737 2485 habet

953 2505 1078 2541 gloriam,
1089 2512 1144 2531 non
1155 2504 1237 2531 habet
1247 2504 1405 2536 consilium,
1418 2511 1473 2530 non
1484 2503 1566 2531 habet
1579 2503 1750 2539 potentiam”

955 2559 1009 2578 non
1027 2550 1109 2578 habet
1135 2550 1276 2581 deitatem,
1302 2549 1355 2577 nisi
1381 2557 1396 2576 a
1421 2549 1502 2577 Patre
1518 2549 1642 2584 accipiat.
1661 2548 1748 2577 0r!h.'

953 2594 1008 2623 lsta
1019 2595 1117 2631 gloria,
1129 2595 1202 2622 istud
1218 2595 1375 2626 consilium,
1385 2594 1437 2622 ista
1452 2595 1641 2630 potentia,ista
1652 2594 1738 2621 deitas

955 2645 998 2669 est
1011 2641 1102 2669 Patris
1118 2646 1145 2669 et
1175 2641 1262 2669 Filii?
1277 2641 1380 2668 Maced.
1397 2641 1476 2669 Absit
1503 2645 1533 2668 ut
1557 2641 1609 2668 hoc
1631 2640 1736 2668 dicam!

958 2686 1036 2723 Ortl}.
1052 2686 1195 2720 Quomodo
1210 2687 1294 2722 igitur
1309 2687 1376 2715 dicit
1390 2686 1475 2715 Filius
1493 2696 1499 2714 :
1520 2696 1529 2713 I
1557 2685 1653 2716 Omnia
1678 2693 1739 2713 iraa

153 2763 176 2778 "
196 2761 291 2791 Matth.
309 2771 387 2797 xxvt,
404 2764 447 2792 68.
487 2765 508 2780 "
529 2764 617 2794 lCor.
637 2773 656 2799 I,
673 2765 718 2794 26.
746 2767 779 2802 ,⁵⁸
799 2765 893 2794 Matth.
912 2765 1035 2810 xxv,‘5l.
1070 2765 1095 2781 ³⁷
1113 2764 1193 2793 Joan.
1211 2773 1270 2798 xvr,
1292 2765 1335 2793 l5.

122 2838 190 2875 (96‘)
206 2840 401 2875 Εάὶιὶ,οὐσίας.
418 2842 495 2870 Εοιτ.

991 2842 1047 2879 (97)
1067 2841 1142 2877 Met,
1151 2843 1232 2879 αὐτή.
