  <div class='ocr_page' id='page_1' title='image "/cluster/home/n/w/nwhite01/storage/ocr_20150623/28/njp.32101007506148/621.png"; bbox 0 0 1926 3067; ppageno 0'>
   <div class='ocr_carea' id='block_1_1' title="bbox 237 114 306 142">
    <p class='ocr_par' dir='ltr' id='par_1_1' title="bbox 237 114 306 142">
     <span class='ocr_line' id='line_1_1' title="bbox 237 114 306 142; baseline 0 0"><span class='ocrx_word' id='word_1_1' title='bbox 237 114 306 142; x_wconf 65' lang='lat' dir='ltr'><strong>EO?</strong></span> 
     </span>
    </p>
   </div>
   <div class='ocr_carea' id='block_1_2' title="bbox 236 177 1026 215">
    <p class='ocr_par' dir='ltr' id='par_1_2' title="bbox 236 177 1026 215">
     <span class='ocr_line' id='line_1_2' title="bbox 236 177 1026 215; baseline 0.01 -15"><span class='ocrx_word' id='word_1_2' title='bbox 236 177 283 200; x_wconf 93' lang='lat' dir='ltr'><strong>tua</strong></span> <span class='ocrx_word' id='word_1_3' title='bbox 298 177 374 205; x_wconf 87' lang='lat' dir='ltr'><strong>sunt,</strong></span> <span class='ocrx_word' id='word_1_4' title='bbox 387 178 413 201; x_wconf 86' lang='lat' dir='ltr'><strong>et</strong></span> <span class='ocrx_word' id='word_1_5' title='bbox 429 179 475 202; x_wconf 75' lang='lat' dir='ltr'><strong>tua</strong></span> <span class='ocrx_word' id='word_1_6' title='bbox 489 183 547 203; x_wconf 89' lang='lat' dir='ltr'><strong>mea</strong></span> <span class='ocrx_word' id='word_1_7' title='bbox 563 181 627 203; x_wconf 84' lang='lat' dir='ltr'><strong>sunt</strong></span> <span class='ocrx_word' id='word_1_8' title='bbox 643 177 686 204; x_wconf 83' lang='lat'><strong>&quot;?</strong></span> <span class='ocrx_word' id='word_1_9' title='bbox 700 187 708 204; x_wconf 78' lang='grc' dir='ltr'><strong>ι</strong></span> <span class='ocrx_word' id='word_1_10' title='bbox 726 177 830 207; x_wconf 74' lang='lat' dir='ltr'><strong>Maced.</strong></span> <span class='ocrx_word' id='word_1_11' title='bbox 847 179 882 207; x_wconf 84' lang='lat' dir='ltr'><strong>De</strong></span> <span class='ocrx_word' id='word_1_12' title='bbox 894 180 1026 215; x_wconf 82' lang='lat' dir='ltr'><strong>apOstolis</strong></span> 
     </span>
    </p>
   </div>
   <div class='ocr_carea' id='block_1_3' title="bbox 236 219 1021 257">
    <p class='ocr_par' dir='ltr' id='par_1_3' title="bbox 236 219 1021 257">
     <span class='ocr_line' id='line_1_3' title="bbox 236 219 1021 257; baseline 0.013 -12"><span class='ocrx_word' id='word_1_13' title='bbox 236 219 367 255; x_wconf 92' lang='lat' dir='ltr'><strong>loquitur.</strong></span> <span class='ocrx_word' id='word_1_14' title='bbox 394 219 471 248; x_wconf 82' lang='lat' dir='ltr'><strong>Orth.</strong></span> <span class='ocrx_word' id='word_1_15' title='bbox 487 220 554 249; x_wconf 78' lang='lat' dir='ltr'><strong>Novi</strong></span> <span class='ocrx_word' id='word_1_16' title='bbox 567 226 598 249; x_wconf 74' lang='lat' dir='ltr'><strong>et</strong></span> <span class='ocrx_word' id='word_1_17' title='bbox 612 230 663 257; x_wconf 69' lang='lat' dir='ltr'><strong>ego</strong></span> <span class='ocrx_word' id='word_1_18' title='bbox 685 223 824 252; x_wconf 78' lang='lat' dir='ltr'><strong>Christum</strong></span> <span class='ocrx_word' id='word_1_19' title='bbox 846 225 904 254; x_wconf 57' lang='lat' dir='ltr'><strong>hac</strong></span> <span class='ocrx_word' id='word_1_20' title='bbox 919 226 1021 255; x_wconf 78' lang='lat' dir='ltr'><strong>dixisse</strong></span> 
     </span>
    </p>
   </div>
   <div class='ocr_carea' id='block_1_4' title="bbox 235 265 1021 307">
    <p class='ocr_par' dir='ltr' id='par_1_4' title="bbox 235 265 1021 307">
     <span class='ocr_line' id='line_1_4' title="bbox 235 265 1021 307; baseline 0.009 -15"><span class='ocrx_word' id='word_1_21' title='bbox 235 265 270 293; x_wconf 91' lang='lat' dir='ltr'><strong>de</strong></span> <span class='ocrx_word' id='word_1_22' title='bbox 287 265 430 301; x_wconf 80' lang='lat' dir='ltr'><strong>discipulis</strong></span> <span class='ocrx_word' id='word_1_23' title='bbox 445 267 623 295; x_wconf 75' lang='lat' dir='ltr'><strong>disserentem</strong></span> <span class='ocrx_word' id='word_1_24' title='bbox 641 279 648 296; x_wconf 90' lang='lat'>:</span> <span class='ocrx_word' id='word_1_25' title='bbox 666 268 714 297; x_wconf 90' lang='lat' dir='ltr'><strong>sed</strong></span> <span class='ocrx_word' id='word_1_26' title='bbox 737 270 881 306; x_wconf 87' lang='lat' dir='ltr'><strong>discipulis</strong></span> <span class='ocrx_word' id='word_1_27' title='bbox 897 271 1021 307; x_wconf 70' lang='lat' dir='ltr'><strong>adjunxit</strong></span> 
     </span>
    </p>
   </div>
   <div class='ocr_carea' id='block_1_5' title="bbox 235 313 1021 349">
    <p class='ocr_par' dir='ltr' id='par_1_5' title="bbox 235 313 1021 349">
     <span class='ocr_line' id='line_1_5' title="bbox 235 313 1021 349; baseline 0.01 -11"><span class='ocrx_word' id='word_1_28' title='bbox 235 313 340 344; x_wconf 85' lang='lat' dir='ltr'><strong>omnia,</strong></span> <span class='ocrx_word' id='word_1_29' title='bbox 357 317 386 340; x_wconf 86' lang='lat' dir='ltr'><strong>ut</strong></span> <span class='ocrx_word' id='word_1_30' title='bbox 401 313 446 348; x_wconf 89' lang='lat' dir='ltr'><strong>qui</strong></span> <span class='ocrx_word' id='word_1_31' title='bbox 463 322 517 340; x_wconf 93' lang='lat' dir='ltr'><strong>non</strong></span> <span class='ocrx_word' id='word_1_32' title='bbox 530 314 641 348; x_wconf 77' lang='lat' dir='ltr'><strong>dixerit,</strong></span> <span class='ocrx_word' id='word_1_33' title='bbox 658 315 709 344; x_wconf 78' lang='lat' dir='ltr'><strong>Mei</strong></span> <span class='ocrx_word' id='word_1_34' title='bbox 724 322 788 345; x_wconf 89' lang='lat' dir='ltr'><strong>sunt</strong></span> <span class='ocrx_word' id='word_1_35' title='bbox 801 317 852 349; x_wconf 82' lang='lat' dir='ltr'><strong>tui,</strong></span> <span class='ocrx_word' id='word_1_36' title='bbox 866 319 911 346; x_wconf 87' lang='lat' dir='ltr'><strong>sed</strong></span> <span class='ocrx_word' id='word_1_37' title='bbox 928 329 937 344; x_wconf 80' lang='grc' dir='ltr'><strong>ι</strong></span> <span class='ocrx_word' id='word_1_38' title='bbox 957 318 1021 346; x_wconf 91' lang='lat' dir='ltr'><strong>0m-</strong></span> 
     </span>
    </p>
   </div>
   <div class='ocr_carea' id='block_1_6' title="bbox 235 360 1020 400">
    <p class='ocr_par' dir='ltr' id='par_1_6' title="bbox 235 360 1020 400">
     <span class='ocr_line' id='line_1_6' title="bbox 235 360 1020 400; baseline 0.009 -14"><span class='ocrx_word' id='word_1_39' title='bbox 235 360 279 386; x_wconf 83' lang='lat' dir='ltr'><strong>nia</strong></span> <span class='ocrx_word' id='word_1_40' title='bbox 299 367 358 387; x_wconf 84' lang='lat' dir='ltr'><strong>mea</strong></span> <span class='ocrx_word' id='word_1_41' title='bbox 377 363 435 392; x_wconf 87' lang='lat' dir='ltr'><strong>tua,</strong></span> <span class='ocrx_word' id='word_1_42' title='bbox 453 365 517 388; x_wconf 88' lang='lat' dir='ltr'><strong>sunt</strong></span> <span class='ocrx_word' id='word_1_43' title='bbox 533 365 559 388; x_wconf 89' lang='lat' dir='ltr'><strong>et</strong></span> <span class='ocrx_word' id='word_1_44' title='bbox 585 368 630 389; x_wconf 88' lang='lat' dir='ltr'><strong>tua</strong></span> <span class='ocrx_word' id='word_1_45' title='bbox 646 371 706 390; x_wconf 89' lang='lat' dir='ltr'><strong>mea</strong></span> <span class='ocrx_word' id='word_1_46' title='bbox 728 367 802 391; x_wconf 87' lang='lat' dir='ltr'><strong>sunt.</strong></span> <span class='ocrx_word' id='word_1_47' title='bbox 824 374 833 390; x_wconf 76' lang='grc'><strong>»</strong></span> <span class='ocrx_word' id='word_1_48' title='bbox 850 364 969 400; x_wconf 83' lang='lat' dir='ltr'><strong>Alioqui,</strong></span> <span class='ocrx_word' id='word_1_49' title='bbox 986 373 1020 393; x_wconf 88' lang='lat' dir='ltr'><strong>an</strong></span> 
     </span>
    </p>
   </div>
   <div class='ocr_carea' id='block_1_7' title="bbox 234 405 1020 446">
    <p class='ocr_par' dir='ltr' id='par_1_7' title="bbox 234 405 1020 446">
     <span class='ocr_line' id='line_1_7' title="bbox 234 405 1020 446; baseline 0.008 -14"><span class='ocrx_word' id='word_1_50' title='bbox 234 405 316 433; x_wconf 88' lang='lat' dir='ltr'><strong>Pater</strong></span> <span class='ocrx_word' id='word_1_51' title='bbox 328 406 397 433; x_wconf 85' lang='lat' dir='ltr'><strong>nihil</strong></span> <span class='ocrx_word' id='word_1_52' title='bbox 412 414 519 438; x_wconf 84' lang='lat' dir='ltr'><strong>eorum.</strong></span> <span class='ocrx_word' id='word_1_53' title='bbox 531 416 592 441; x_wconf 65' lang='lat' dir='ltr'><strong>qua:</strong></span> <span class='ocrx_word' id='word_1_54' title='bbox 603 408 733 441; x_wconf 73' lang='lat' dir='ltr'><strong>diximus,</strong></span> <span class='ocrx_word' id='word_1_55' title='bbox 744 410 860 438; x_wconf 89' lang='lat' dir='ltr'><strong>habebat</strong></span> <span class='ocrx_word' id='word_1_56' title='bbox 874 415 1020 446; x_wconf 77' lang='lat' dir='ltr'><strong>antequam</strong></span> 
     </span>
    </p>
   </div>
   <div class='ocr_carea' id='block_1_8' title="bbox 234 452 1019 488">
    <p class='ocr_par' dir='ltr' id='par_1_8' title="bbox 234 452 1019 488">
     <span class='ocr_line' id='line_1_8' title="bbox 234 452 1019 488; baseline 0.008 -10"><span class='ocrx_word' id='word_1_57' title='bbox 234 452 366 479; x_wconf 89' lang='lat' dir='ltr'><strong>mundum</strong></span> <span class='ocrx_word' id='word_1_58' title='bbox 379 453 504 481; x_wconf 88' lang='lat' dir='ltr'><strong>crearet?</strong></span> <span class='ocrx_word' id='word_1_59' title='bbox 518 452 623 481; x_wconf 69' lang='grc' dir='ltr'><strong>Μαῖρά.</strong></span> <span class='ocrx_word' id='word_1_60' title='bbox 647 454 769 483; x_wconf 77' lang='lat' dir='ltr'><strong>Habebat</strong></span> <span class='ocrx_word' id='word_1_61' title='bbox 784 461 858 484; x_wconf 87' lang='lat' dir='ltr'><strong>certe</strong></span> <span class='ocrx_word' id='word_1_62' title='bbox 878 456 1019 488; x_wconf 86' lang='lat' dir='ltr'><strong>deitatem.</strong></span> 
     </span>
    </p>
   </div>
   <div class='ocr_carea' id='block_1_9' title="bbox 233 499 1018 538">
    <p class='ocr_par' dir='ltr' id='par_1_9' title="bbox 233 499 1018 538">
     <span class='ocr_line' id='line_1_9' title="bbox 233 499 1018 538; baseline 0.006 -12"><span class='ocrx_word' id='word_1_63' title='bbox 233 499 358 535; x_wconf 73' lang='lat' dir='ltr'><strong>gloriam,</strong></span> <span class='ocrx_word' id='word_1_64' title='bbox 371 501 533 535; x_wconf 90' lang='lat' dir='ltr'><strong>potentiam,</strong></span> <span class='ocrx_word' id='word_1_65' title='bbox 549 501 706 533; x_wconf 82' lang='lat' dir='ltr'><strong>consilium,</strong></span> <span class='ocrx_word' id='word_1_66' title='bbox 722 502 1018 538; x_wconf 76' lang='lat' dir='ltr'><strong>incorruptibilitatem.</strong></span> 
     </span>
    </p>
   </div>
   <div class='ocr_carea' id='block_1_10' title="bbox 233 545 1020 584">
    <p class='ocr_par' dir='ltr' id='par_1_10' title="bbox 233 545 1020 584">
     <span class='ocr_line' id='line_1_10' title="bbox 233 545 1020 584; baseline 0.008 -12"><span class='ocrx_word' id='word_1_67' title='bbox 233 545 286 572; x_wconf 89' lang='lat' dir='ltr'><strong>Sed</strong></span> <span class='ocrx_word' id='word_1_68' title='bbox 299 545 333 573; x_wconf 88' lang='lat' dir='ltr'><strong>de</strong></span> <span class='ocrx_word' id='word_1_69' title='bbox 344 546 379 574; x_wconf 89' lang='lat' dir='ltr'><strong>iis</strong></span> <span class='ocrx_word' id='word_1_70' title='bbox 390 546 517 574; x_wconf 90' lang='lat' dir='ltr'><strong>Christus</strong></span> <span class='ocrx_word' id='word_1_71' title='bbox 534 555 588 574; x_wconf 93' lang='lat' dir='ltr'><strong>non</strong></span> <span class='ocrx_word' id='word_1_72' title='bbox 606 548 737 582; x_wconf 86' lang='lat' dir='ltr'><strong>loquitur.</strong></span> <span class='ocrx_word' id='word_1_73' title='bbox 754 549 829 577; x_wconf 85' lang='lat' dir='ltr'><strong>Ort/t.</strong></span> <span class='ocrx_word' id='word_1_74' title='bbox 846 549 916 577; x_wconf 89' lang='lat' dir='ltr'><strong>Audi</strong></span> <span class='ocrx_word' id='word_1_75' title='bbox 935 550 1020 584; x_wconf 86' lang='lat' dir='ltr'><strong>ipsius</strong></span> 
     </span>
    </p>
   </div>
   <div class='ocr_carea' id='block_1_11' title="bbox 233 590 1020 628">
    <p class='ocr_par' dir='ltr' id='par_1_11' title="bbox 233 590 1020 628">
     <span class='ocr_line' id='line_1_11' title="bbox 233 590 1020 628; baseline 0.005 -10"><span class='ocrx_word' id='word_1_76' title='bbox 233 590 342 619; x_wconf 88' lang='lat' dir='ltr'><strong>Domini</strong></span> <span class='ocrx_word' id='word_1_77' title='bbox 360 600 453 623; x_wconf 69' lang='lat' dir='ltr'><strong>voces.</strong></span> <span class='ocrx_word' id='word_1_78' title='bbox 471 601 532 628; x_wconf 75' lang='lat' dir='ltr'><strong>qua:</strong></span> <span class='ocrx_word' id='word_1_79' title='bbox 546 594 654 628; x_wconf 85' lang='lat' dir='ltr'><strong>quidem</strong></span> <span class='ocrx_word' id='word_1_80' title='bbox 670 595 707 621; x_wconf 91' lang='lat' dir='ltr'><strong>ita</strong></span> <span class='ocrx_word' id='word_1_81' title='bbox 723 603 752 622; x_wconf 89' lang='lat' dir='ltr'><strong>se</strong></span> <span class='ocrx_word' id='word_1_82' title='bbox 767 595 885 624; x_wconf 86' lang='lat' dir='ltr'><strong>habent:</strong></span> <span class='ocrx_word' id='word_1_83' title='bbox 900 605 909 621; x_wconf 78' lang='grc' dir='ltr'><strong>ι</strong></span> <span class='ocrx_word' id='word_1_84' title='bbox 923 595 1020 623; x_wconf 89' lang='lat' dir='ltr'><strong>Omnia</strong></span> 
     </span>
    </p>
   </div>
   <div class='ocr_carea' id='block_1_12' title="bbox 232 641 1020 676">
    <p class='ocr_par' dir='ltr' id='par_1_12' title="bbox 232 641 1020 676">
     <span class='ocr_line' id='line_1_12' title="bbox 232 641 1020 676; baseline 0.005 -11"><span class='ocrx_word' id='word_1_85' title='bbox 232 645 292 666; x_wconf 88' lang='lat' dir='ltr'><strong>mea</strong></span> <span class='ocrx_word' id='word_1_86' title='bbox 307 643 353 665; x_wconf 90' lang='lat' dir='ltr'><strong>tua</strong></span> <span class='ocrx_word' id='word_1_87' title='bbox 367 643 442 671; x_wconf 89' lang='lat' dir='ltr'><strong>sunt,</strong></span> <span class='ocrx_word' id='word_1_88' title='bbox 456 643 483 667; x_wconf 91' lang='lat' dir='ltr'><strong>et</strong></span> <span class='ocrx_word' id='word_1_89' title='bbox 499 643 546 666; x_wconf 91' lang='lat' dir='ltr'><strong>tua</strong></span> <span class='ocrx_word' id='word_1_90' title='bbox 563 647 622 667; x_wconf 87' lang='lat' dir='ltr'><strong>mea</strong></span> <span class='ocrx_word' id='word_1_91' title='bbox 640 644 716 671; x_wconf 89' lang='lat' dir='ltr'><strong>sunt,</strong></span> <span class='ocrx_word' id='word_1_92' title='bbox 731 645 758 668; x_wconf 90' lang='lat' dir='ltr'><strong>et</strong></span> <span class='ocrx_word' id='word_1_93' title='bbox 775 641 944 676; x_wconf 80' lang='lat' dir='ltr'><strong>gloriﬁcatus</strong></span> <span class='ocrx_word' id='word_1_94' title='bbox 959 650 1020 669; x_wconf 82' lang='lat' dir='ltr'><strong>sum</strong></span> 
     </span>
    </p>
   </div>
   <div class='ocr_carea' id='block_1_13' title="bbox 231 685 1019 723">
    <p class='ocr_par' dir='ltr' id='par_1_13' title="bbox 231 685 1019 723">
     <span class='ocr_line' id='line_1_13' title="bbox 231 685 1019 723; baseline 0.003 -11"><span class='ocrx_word' id='word_1_95' title='bbox 231 685 260 712; x_wconf 92' lang='lat' dir='ltr'><strong>in</strong></span> <span class='ocrx_word' id='word_1_96' title='bbox 276 685 317 712; x_wconf 91' lang='lat' dir='ltr'><strong>eis</strong></span> <span class='ocrx_word' id='word_1_97' title='bbox 334 685 366 713; x_wconf 88' lang='grc'><strong>⁸⁹.</strong></span> <span class='ocrx_word' id='word_1_98' title='bbox 388 695 398 711; x_wconf 72' lang='grc' dir='ltr'><strong>ι</strong></span> <span class='ocrx_word' id='word_1_99' title='bbox 414 685 517 713; x_wconf 77' lang='lat' dir='ltr'><strong>Maced.</strong></span> <span class='ocrx_word' id='word_1_100' title='bbox 537 685 639 721; x_wconf 89' lang='lat' dir='ltr'><strong>Nempe</strong></span> <span class='ocrx_word' id='word_1_101' title='bbox 655 686 683 714; x_wconf 88' lang='lat' dir='ltr'><strong>in</strong></span> <span class='ocrx_word' id='word_1_102' title='bbox 700 687 846 722; x_wconf 88' lang='lat' dir='ltr'><strong>discipulis</strong></span> <span class='ocrx_word' id='word_1_103' title='bbox 861 689 918 715; x_wconf 83' lang='lat' dir='ltr'><strong>suis</strong></span> <span class='ocrx_word' id='word_1_104' title='bbox 936 688 1019 723; x_wconf 82' lang='lat' dir='ltr'><strong>glori-</strong></span> 
     </span>
    </p>
   </div>
   <div class='ocr_carea' id='block_1_14' title="bbox 231 731 1018 769">
    <p class='ocr_par' dir='ltr' id='par_1_14' title="bbox 231 731 1018 769">
     <span class='ocr_line' id='line_1_14' title="bbox 231 731 1018 769; baseline 0.001 -11"><span class='ocrx_word' id='word_1_105' title='bbox 231 732 330 760; x_wconf 80' lang='lat' dir='ltr'><strong>ﬁcatus</strong></span> <span class='ocrx_word' id='word_1_106' title='bbox 348 735 400 759; x_wconf 86' lang='lat' dir='ltr'><strong>est.</strong></span> <span class='ocrx_word' id='word_1_107' title='bbox 420 731 496 760; x_wconf 82' lang='lat' dir='ltr'><strong>Orth.</strong></span> <span class='ocrx_word' id='word_1_108' title='bbox 526 732 626 760; x_wconf 92' lang='lat' dir='ltr'><strong>Annon</strong></span> <span class='ocrx_word' id='word_1_109' title='bbox 650 733 733 768; x_wconf 76' lang='lat' dir='ltr'><strong>igitur</strong></span> <span class='ocrx_word' id='word_1_110' title='bbox 749 734 862 769; x_wconf 80' lang='lat' dir='ltr'><strong>gloriam</strong></span> <span class='ocrx_word' id='word_1_111' title='bbox 893 734 1018 765; x_wconf 78' lang='lat' dir='ltr'><strong>habebat,</strong></span> 
     </span>
    </p>
   </div>
   <div class='ocr_carea' id='block_1_15' title="bbox 231 778 1020 815">
    <p class='ocr_par' dir='ltr' id='par_1_15' title="bbox 231 778 1020 815">
     <span class='ocr_line' id='line_1_15' title="bbox 231 778 1020 815; baseline 0.001 -10"><span class='ocrx_word' id='word_1_112' title='bbox 231 782 376 813; x_wconf 87' lang='lat' dir='ltr'><strong>antequam</strong></span> <span class='ocrx_word' id='word_1_113' title='bbox 387 778 507 806; x_wconf 88' lang='lat' dir='ltr'><strong>mundus</strong></span> <span class='ocrx_word' id='word_1_114' title='bbox 520 779 665 807; x_wconf 76' lang='lat' dir='ltr'><strong>exsisteret</strong></span> <span class='ocrx_word' id='word_1_115' title='bbox 677 779 688 806; x_wconf 77' lang='lat'><strong>?</strong></span> <span class='ocrx_word' id='word_1_116' title='bbox 704 778 807 806; x_wconf 79' lang='lat' dir='ltr'><strong>Maced.</strong></span> <span class='ocrx_word' id='word_1_117' title='bbox 820 779 942 807; x_wconf 76' lang='lat' dir='ltr'><strong>Habebat</strong></span> <span class='ocrx_word' id='word_1_118' title='bbox 957 788 1020 815; x_wconf 88' lang='lat' dir='ltr'><strong>pro-</strong></span> 
     </span>
    </p>
   </div>
   <div class='ocr_carea' id='block_1_16' title="bbox 231 824 1019 862">
    <p class='ocr_par' dir='ltr' id='par_1_16' title="bbox 231 824 1019 862">
     <span class='ocr_line' id='line_1_16' title="bbox 231 824 1019 862; baseline 0.004 -12"><span class='ocrx_word' id='word_1_119' title='bbox 231 824 308 851; x_wconf 77' lang='lat' dir='ltr'><strong>fecto</strong></span> <span class='ocrx_word' id='word_1_120' title='bbox 324 831 333 850; x_wconf 93' lang='lat'><strong><em>:</em></strong></span> <span class='ocrx_word' id='word_1_121' title='bbox 348 824 480 860; x_wconf 89' lang='lat' dir='ltr'><strong>scriptum</strong></span> <span class='ocrx_word' id='word_1_122' title='bbox 507 830 549 852; x_wconf 84' lang='lat' dir='ltr'><strong>est</strong></span> <span class='ocrx_word' id='word_1_123' title='bbox 565 825 638 853; x_wconf 89' lang='lat' dir='ltr'><strong>enim</strong></span> <span class='ocrx_word' id='word_1_124' title='bbox 655 835 662 853; x_wconf 72' lang='grc' dir='ltr'><strong><em>τ</em></strong></span> <span class='ocrx_word' id='word_1_125' title='bbox 680 835 689 852; x_wconf 82' lang='grc' dir='ltr'><strong>ι</strong></span> <span class='ocrx_word' id='word_1_126' title='bbox 706 825 797 858; x_wconf 81' lang='lat' dir='ltr'><strong>Pater,</strong></span> <span class='ocrx_word' id='word_1_127' title='bbox 823 826 946 862; x_wconf 77' lang='lat' dir='ltr'><strong>gloriiica</strong></span> <span class='ocrx_word' id='word_1_128' title='bbox 976 835 1019 854; x_wconf 92' lang='lat' dir='ltr'><strong>me</strong></span> 
     </span>
    </p>
   </div>
   <div class='ocr_carea' id='block_1_17' title="bbox 817 122 1305 153">
    <p class='ocr_par' dir='ltr' id='par_1_17' title="bbox 817 122 1305 153">
     <span class='ocr_line' id='line_1_17' title="bbox 817 122 1305 153; baseline 0.004 -2"><span class='ocrx_word' id='word_1_129' title='bbox 817 123 846 151; x_wconf 89' lang='lat' dir='ltr'><strong>S.</strong></span> <span class='ocrx_word' id='word_1_130' title='bbox 867 122 1098 152; x_wconf 80' lang='lat' dir='ltr'><strong>ATHANASIUS.</strong></span> <span class='ocrx_word' id='word_1_131' title='bbox 1114 140 1149 146; x_wconf 85' lang='lat'><strong><em>—</em></strong></span> <span class='ocrx_word' id='word_1_132' title='bbox 1168 123 1305 153; x_wconf 62' lang='lat' dir='ltr'><strong>SPURLR.</strong></span> 
     </span>
    </p>
   </div>
   <div class='ocr_carea' id='block_1_18' title="bbox 1783 128 1840 158">
    <p class='ocr_par' dir='ltr' id='par_1_18' title="bbox 1783 128 1840 158">
     <span class='ocr_line' id='line_1_18' title="bbox 1783 128 1840 158; baseline 0.035 -2"><span class='ocrx_word' id='word_1_133' title='bbox 1783 128 1840 158; x_wconf 64' lang='grc'><strong>1208</strong></span> 
     </span>
    </p>
   </div>
   <div class='ocr_carea' id='block_1_19' title="bbox 1054 179 1842 222">
    <p class='ocr_par' dir='ltr' id='par_1_19' title="bbox 1054 179 1842 222">
     <span class='ocr_line' id='line_1_19' title="bbox 1054 179 1842 222; baseline 0.006 -13"><span class='ocrx_word' id='word_1_134' title='bbox 1054 202 1063 210; x_wconf 91' lang='grc'><em>.</em></span> <span class='ocrx_word' id='word_1_135' title='bbox 1074 181 1129 208; x_wconf 76' lang='grc' dir='ltr'><strong>τῶν</strong></span> <span class='ocrx_word' id='word_1_136' title='bbox 1143 181 1276 209; x_wconf 83' lang='grc' dir='ltr'>διαλαλῶν</span> <span class='ocrx_word' id='word_1_137' title='bbox 1301 179 1362 209; x_wconf 78' lang='grc' dir='ltr'>εἶπε</span> <span class='ocrx_word' id='word_1_138' title='bbox 1378 182 1466 210; x_wconf 70' lang='grc' dir='ltr'>ταῦτα</span> <span class='ocrx_word' id='word_1_139' title='bbox 1476 193 1483 199; x_wconf 92' lang='grc'><strong>·</strong></span> <span class='ocrx_word' id='word_1_140' title='bbox 1499 184 1567 212; x_wconf 71' lang='grc' dir='ltr'>ἀλλὰ</span> <span class='ocrx_word' id='word_1_141' title='bbox 1584 185 1684 221; x_wconf 73' lang='grc' dir='ltr'>συνῆψε</span> <span class='ocrx_word' id='word_1_142' title='bbox 1698 187 1752 218; x_wconf 75' lang='grc' dir='ltr'>τοῖς</span> <span class='ocrx_word' id='word_1_143' title='bbox 1765 187 1842 222; x_wconf 78' lang='grc' dir='ltr'>μαθη-</span> 
     </span>
    </p>
   </div>
   <div class='ocr_carea' id='block_1_20' title="bbox 1071 228 1843 266">
    <p class='ocr_par' dir='ltr' id='par_1_20' title="bbox 1071 228 1843 266">
     <span class='ocr_line' id='line_1_20' title="bbox 1071 228 1843 266; baseline 0.009 -13"><span class='ocrx_word' id='word_1_144' title='bbox 1071 228 1130 259; x_wconf 80' lang='grc' dir='ltr'>ταῖς</span> <span class='ocrx_word' id='word_1_145' title='bbox 1153 228 1252 259; x_wconf 80' lang='grc' dir='ltr'>πάντα,</span> <span class='ocrx_word' id='word_1_146' title='bbox 1269 228 1320 255; x_wconf 82' lang='grc' dir='ltr'>οὐκ</span> <span class='ocrx_word' id='word_1_147' title='bbox 1345 229 1384 255; x_wconf 80' lang='grc' dir='ltr'><strong>ἔτι</strong></span> <span class='ocrx_word' id='word_1_148' title='bbox 1403 229 1498 263; x_wconf 87' lang='grc' dir='ltr'>είπὼν,</span> <span class='ocrx_word' id='word_1_149' title='bbox 1511 231 1541 257; x_wconf 87' lang='grc' dir='ltr'>Οί</span> <span class='ocrx_word' id='word_1_150' title='bbox 1558 231 1618 266; x_wconf 75' lang='grc' dir='ltr'>ἐμοὶ</span> <span class='ocrx_word' id='word_1_151' title='bbox 1630 232 1670 258; x_wconf 87' lang='grc' dir='ltr'><strong>σοί</strong></span> <span class='ocrx_word' id='word_1_152' title='bbox 1686 232 1760 262; x_wconf 69' lang='grc' dir='ltr'>εἰσιν,</span> <span class='ocrx_word' id='word_1_153' title='bbox 1774 233 1843 263; x_wconf 74' lang='grc' dir='ltr'>ἀλλὰ,</span> 
     </span>
    </p>
   </div>
   <div class='ocr_carea' id='block_1_21' title="bbox 1074 273 1842 313">
    <p class='ocr_par' dir='ltr' id='par_1_21' title="bbox 1074 273 1842 313">
     <span class='ocr_line' id='line_1_21' title="bbox 1074 273 1842 313; baseline 0.008 -13"><span class='ocrx_word' id='word_1_154' title='bbox 1074 283 1083 299; x_wconf 85' lang='grc' dir='ltr'><strong>ι</strong></span> <span class='ocrx_word' id='word_1_155' title='bbox 1094 273 1186 301; x_wconf 83' lang='grc' dir='ltr'>Πάντα</span> <span class='ocrx_word' id='word_1_156' title='bbox 1196 274 1229 301; x_wconf 83' lang='grc' dir='ltr'><strong>τὰ</strong></span> <span class='ocrx_word' id='word_1_157' title='bbox 1241 274 1296 310; x_wconf 81' lang='grc' dir='ltr'>ἐμὰ</span> <span class='ocrx_word' id='word_1_158' title='bbox 1316 275 1353 302; x_wconf 78' lang='grc' dir='ltr'>σά</span> <span class='ocrx_word' id='word_1_159' title='bbox 1367 276 1436 308; x_wconf 75' lang='grc' dir='ltr'>ἐστι,</span> <span class='ocrx_word' id='word_1_160' title='bbox 1455 277 1502 303; x_wconf 74' lang='grc' dir='ltr'><strong>καὶ</strong></span> <span class='ocrx_word' id='word_1_161' title='bbox 1515 277 1549 304; x_wconf 83' lang='grc' dir='ltr'><strong>τὰ</strong></span> <span class='ocrx_word' id='word_1_162' title='bbox 1573 277 1608 304; x_wconf 79' lang='grc' dir='ltr'>σὰ</span> <span class='ocrx_word' id='word_1_163' title='bbox 1618 278 1680 313; x_wconf 79' lang='grc' dir='ltr'><strong>ἐμά.</strong></span> <span class='ocrx_word' id='word_1_164' title='bbox 1701 288 1710 304; x_wconf 77' lang='grc' dir='ltr'><strong>ι</strong></span> <span class='ocrx_word' id='word_1_165' title='bbox 1731 279 1810 311; x_wconf 74' lang='grc' dir='ltr'>Ἐπεὶ,</span> <span class='ocrx_word' id='word_1_166' title='bbox 1821 281 1842 307; x_wconf 80' lang='grc' dir='ltr'><strong>ει</strong></span> 
     </span>
    </p>
   </div>
   <div class='ocr_carea' id='block_1_22' title="bbox 1071 318 1837 360">
    <p class='ocr_par' dir='ltr' id='par_1_22' title="bbox 1071 318 1837 360">
     <span class='ocr_line' id='line_1_22' title="bbox 1071 318 1837 360; baseline 0.007 -15"><span class='ocrx_word' id='word_1_167' title='bbox 1071 318 1125 354; x_wconf 78' lang='grc' dir='ltr'>πρὸ</span> <span class='ocrx_word' id='word_1_168' title='bbox 1138 319 1187 355; x_wconf 87' lang='grc' dir='ltr'><strong>τῆς</strong></span> <span class='ocrx_word' id='word_1_169' title='bbox 1207 319 1321 351; x_wconf 81' lang='grc' dir='ltr'><strong>κτίσεως</strong></span> <span class='ocrx_word' id='word_1_170' title='bbox 1340 320 1416 346; x_wconf 80' lang='grc' dir='ltr'>οὐδὲν</span> <span class='ocrx_word' id='word_1_171' title='bbox 1425 318 1498 356; x_wconf 79' lang='grc' dir='ltr'>εἶχεν</span> <span class='ocrx_word' id='word_1_172' title='bbox 1509 322 1524 348; x_wconf 89' lang='grc' dir='ltr'><strong>ό</strong></span> <span class='ocrx_word' id='word_1_173' title='bbox 1540 322 1634 358; x_wconf 79' lang='grc' dir='ltr'>Πατὴρ</span> <span class='ocrx_word' id='word_1_174' title='bbox 1647 323 1701 349; x_wconf 76' lang='grc' dir='ltr'>τῶν</span> <span class='ocrx_word' id='word_1_175' title='bbox 1715 332 1837 360; x_wconf 79' lang='grc' dir='ltr'>προειρη-</span> 
     </span>
    </p>
   </div>
   <div class='ocr_carea' id='block_1_23' title="bbox 1072 364 1841 405">
    <p class='ocr_par' dir='ltr' id='par_1_23' title="bbox 1072 364 1841 405">
     <span class='ocr_line' id='line_1_23' title="bbox 1072 364 1841 405; baseline 0.007 -14"><span class='ocrx_word' id='word_1_176' title='bbox 1072 365 1174 400; x_wconf 72' lang='grc' dir='ltr'>μένωνς</span> <span class='ocrx_word' id='word_1_177' title='bbox 1192 367 1268 393; x_wconf 82' lang='grc' dir='ltr'><strong>Μακ.</strong></span> <span class='ocrx_word' id='word_1_178' title='bbox 1289 365 1353 398; x_wconf 80' lang='grc' dir='ltr'>Ναὶ,</span> <span class='ocrx_word' id='word_1_179' title='bbox 1370 364 1443 402; x_wconf 79' lang='grc' dir='ltr'>εἶχεν</span> <span class='ocrx_word' id='word_1_180' title='bbox 1470 367 1596 403; x_wconf 84' lang='grc' dir='ltr'>θεότητα,</span> <span class='ocrx_word' id='word_1_181' title='bbox 1623 368 1711 401; x_wconf 78' lang='grc' dir='ltr'>δόξαν,</span> <span class='ocrx_word' id='word_1_182' title='bbox 1731 369 1841 405; x_wconf 79' lang='grc' dir='ltr'>δύναμιν,</span> 
     </span>
    </p>
   </div>
   <div class='ocr_carea' id='block_1_24' title="bbox 1072 410 1841 450">
    <p class='ocr_par' dir='ltr' id='par_1_24' title="bbox 1072 410 1841 450">
     <span class='ocr_line' id='line_1_24' title="bbox 1072 410 1841 450; baseline 0.008 -13"><span class='ocrx_word' id='word_1_183' title='bbox 1072 410 1178 447; x_wconf 77' lang='grc' dir='ltr'>βουλὴν,</span> <span class='ocrx_word' id='word_1_184' title='bbox 1195 411 1348 448; x_wconf 73' lang='grc' dir='ltr'><strong>ἀφθαρσίαν</strong></span> <span class='ocrx_word' id='word_1_185' title='bbox 1357 420 1364 427; x_wconf 77' lang='grc'><strong><em>⁸</em></strong></span> <span class='ocrx_word' id='word_1_186' title='bbox 1381 412 1475 440; x_wconf 82' lang='grc' dir='ltr'>ἀλλὀὐ</span> <span class='ocrx_word' id='word_1_187' title='bbox 1488 414 1554 449; x_wconf 76' lang='grc' dir='ltr'>περὶ</span> <span class='ocrx_word' id='word_1_188' title='bbox 1565 414 1655 441; x_wconf 77' lang='grc' dir='ltr'>αὐτῶν</span> <span class='ocrx_word' id='word_1_189' title='bbox 1668 414 1766 449; x_wconf 81' lang='grc' dir='ltr'>ἔλεγεν.</span> <span class='ocrx_word' id='word_1_190' title='bbox 1775 415 1841 450; x_wconf 84' lang='grc' dir='ltr'>ὀρθ.</span> 
     </span>
    </p>
   </div>
   <div class='ocr_carea' id='block_1_25' title="bbox 1073 458 1841 495">
    <p class='ocr_par' dir='ltr' id='par_1_25' title="bbox 1073 458 1841 495">
     <span class='ocr_line' id='line_1_25' title="bbox 1073 458 1841 495; baseline 0.005 -11"><span class='ocrx_word' id='word_1_191' title='bbox 1073 459 1172 484; x_wconf 83' lang='grc' dir='ltr'>’Δκουε</span> <span class='ocrx_word' id='word_1_192' title='bbox 1198 458 1252 485; x_wconf 82' lang='grc' dir='ltr'><strong>τῶν</strong></span> <span class='ocrx_word' id='word_1_193' title='bbox 1273 458 1320 484; x_wconf 74' lang='grc' dir='ltr'>τοῦ</span> <span class='ocrx_word' id='word_1_194' title='bbox 1345 458 1448 495; x_wconf 78' lang='grc' dir='ltr'><strong>Κυρίου</strong></span> <span class='ocrx_word' id='word_1_195' title='bbox 1462 459 1575 494; x_wconf 80' lang='grc' dir='ltr'>φωνῶν·</span> <span class='ocrx_word' id='word_1_196' title='bbox 1598 459 1689 495; x_wconf 76' lang='grc' dir='ltr'>ἔχουσι</span> <span class='ocrx_word' id='word_1_197' title='bbox 1706 460 1734 487; x_wconf 81' lang='grc' dir='ltr'>δὲ</span> <span class='ocrx_word' id='word_1_198' title='bbox 1745 460 1822 492; x_wconf 79' lang='grc' dir='ltr'>οὓτως</span> <span class='ocrx_word' id='word_1_199' title='bbox 1834 470 1841 478; x_wconf 91' lang='grc'><strong>·</strong></span> 
     </span>
    </p>
   </div>
   <div class='ocr_carea' id='block_1_26' title="bbox 1075 505 1843 542">
    <p class='ocr_par' dir='ltr' id='par_1_26' title="bbox 1075 505 1843 542">
     <span class='ocr_line' id='line_1_26' title="bbox 1075 505 1843 542; baseline -0.001 -9"><span class='ocrx_word' id='word_1_200' title='bbox 1075 515 1084 532; x_wconf 77' lang='grc' dir='ltr'><strong>ι</strong></span> <span class='ocrx_word' id='word_1_201' title='bbox 1106 506 1199 533; x_wconf 83' lang='grc' dir='ltr'>Πάντα</span> <span class='ocrx_word' id='word_1_202' title='bbox 1211 505 1245 532; x_wconf 79' lang='grc' dir='ltr'><strong>τὰ</strong></span> <span class='ocrx_word' id='word_1_203' title='bbox 1256 505 1310 540; x_wconf 74' lang='grc' dir='ltr'>ἐμὰ</span> <span class='ocrx_word' id='word_1_204' title='bbox 1328 505 1371 537; x_wconf 77' lang='grc' dir='ltr'><strong>σὰ,</strong></span> <span class='ocrx_word' id='word_1_205' title='bbox 1386 505 1480 532; x_wconf 78' lang='grc' dir='ltr'><strong>καὶτὰ</strong></span> <span class='ocrx_word' id='word_1_206' title='bbox 1496 505 1604 541; x_wconf 59' lang='lat' dir='ltr'><strong>caepa,</strong></span> <span class='ocrx_word' id='word_1_207' title='bbox 1630 506 1677 532; x_wconf 75' lang='grc' dir='ltr'><strong>καὶ</strong></span> <span class='ocrx_word' id='word_1_208' title='bbox 1697 505 1843 542; x_wconf 76' lang='grc' dir='ltr'><strong>δεδόξασμαι</strong></span> 
     </span>
    </p>
   </div>
   <div class='ocr_carea' id='block_1_27' title="bbox 1071 551 1842 588">
    <p class='ocr_par' dir='ltr' id='par_1_27' title="bbox 1071 551 1842 588">
     <span class='ocr_line' id='line_1_27' title="bbox 1071 551 1842 588; baseline 0.003 -10"><span class='ocrx_word' id='word_1_209' title='bbox 1071 552 1101 578; x_wconf 88' lang='grc' dir='ltr'>ὲν</span> <span class='ocrx_word' id='word_1_210' title='bbox 1113 553 1214 584; x_wconf 71' lang='grc' dir='ltr'>αὐτοῖς.</span> <span class='ocrx_word' id='word_1_211' title='bbox 1236 561 1245 578; x_wconf 71' lang='grc' dir='ltr'><strong>ι</strong></span> <span class='ocrx_word' id='word_1_212' title='bbox 1259 554 1336 580; x_wconf 86' lang='grc' dir='ltr'><strong>Μακ.</strong></span> <span class='ocrx_word' id='word_1_213' title='bbox 1351 552 1396 579; x_wconf 87' lang='grc' dir='ltr'>Ἑν</span> <span class='ocrx_word' id='word_1_214' title='bbox 1405 551 1460 588; x_wconf 85' lang='grc' dir='ltr'>γὰρ</span> <span class='ocrx_word' id='word_1_215' title='bbox 1472 553 1530 584; x_wconf 84' lang='grc' dir='ltr'>τοῖς</span> <span class='ocrx_word' id='word_1_216' title='bbox 1541 551 1676 587; x_wconf 82' lang='grc' dir='ltr'><strong>μαθηταῖς</strong></span> <span class='ocrx_word' id='word_1_217' title='bbox 1693 552 1842 585; x_wconf 77' lang='grc' dir='ltr'><strong>δεδόξασται.</strong></span> 
     </span>
    </p>
   </div>
   <div class='ocr_carea' id='block_1_28' title="bbox 1071 596 1842 634">
    <p class='ocr_par' dir='ltr' id='par_1_28' title="bbox 1071 596 1842 634">
     <span class='ocr_line' id='line_1_28' title="bbox 1071 596 1842 634; baseline 0 -10"><span class='ocrx_word' id='word_1_218' title='bbox 1071 598 1148 632; x_wconf 74' lang='grc' dir='ltr'>ὀρθ.</span> <span class='ocrx_word' id='word_1_219' title='bbox 1164 598 1222 624; x_wconf 82' lang='grc' dir='ltr'><strong>Οὐκ</strong></span> <span class='ocrx_word' id='word_1_220' title='bbox 1234 596 1305 633; x_wconf 85' lang='grc' dir='ltr'>εἶχεν</span> <span class='ocrx_word' id='word_1_221' title='bbox 1318 596 1364 625; x_wconf 79' lang='grc' dir='ltr'>οὖν</span> <span class='ocrx_word' id='word_1_222' title='bbox 1375 597 1453 630; x_wconf 81' lang='grc' dir='ltr'>δόξαν</span> <span class='ocrx_word' id='word_1_223' title='bbox 1463 597 1516 633; x_wconf 80' lang='grc' dir='ltr'>πρὸ</span> <span class='ocrx_word' id='word_1_224' title='bbox 1528 596 1574 624; x_wconf 78' lang='grc' dir='ltr'><strong>τοῦ</strong></span> <span class='ocrx_word' id='word_1_225' title='bbox 1588 597 1634 624; x_wconf 83' lang='grc' dir='ltr'>τὸν</span> <span class='ocrx_word' id='word_1_226' title='bbox 1650 598 1750 634; x_wconf 77' lang='grc' dir='ltr'><strong>κόσμον</strong></span> <span class='ocrx_word' id='word_1_227' title='bbox 1769 596 1842 631; x_wconf 79' lang='grc' dir='ltr'>εἷναι;</span> 
     </span>
    </p>
   </div>
   <div class='ocr_carea' id='block_1_29' title="bbox 1070 640 1843 680">
    <p class='ocr_par' dir='ltr' id='par_1_29' title="bbox 1070 640 1843 680">
     <span class='ocr_line' id='line_1_29' title="bbox 1070 640 1843 680; baseline 0.001 -11"><span class='ocrx_word' id='word_1_228' title='bbox 1070 645 1147 670; x_wconf 71' lang='lat' dir='ltr'><strong>Max.</strong></span> <span class='ocrx_word' id='word_1_229' title='bbox 1157 643 1220 674; x_wconf 79' lang='grc' dir='ltr'>Ναὶ,</span> <span class='ocrx_word' id='word_1_230' title='bbox 1234 640 1315 677; x_wconf 82' lang='grc' dir='ltr'>εἶχεν·</span> <span class='ocrx_word' id='word_1_231' title='bbox 1330 642 1481 680; x_wconf 82' lang='grc' dir='ltr'>γέγραπται</span> <span class='ocrx_word' id='word_1_232' title='bbox 1493 643 1556 678; x_wconf 81' lang='grc' dir='ltr'>γάρ’</span> <span class='ocrx_word' id='word_1_233' title='bbox 1569 651 1578 668; x_wconf 77' lang='grc' dir='ltr'><strong>ι</strong></span> <span class='ocrx_word' id='word_1_234' title='bbox 1590 642 1691 679; x_wconf 81' lang='grc' dir='ltr'><strong>Πάτερ,</strong></span> <span class='ocrx_word' id='word_1_235' title='bbox 1703 643 1805 676; x_wconf 80' lang='grc' dir='ltr'>δόξασόν</span> <span class='ocrx_word' id='word_1_236' title='bbox 1816 652 1843 678; x_wconf 82' lang='grc' dir='ltr'><strong>με</strong></span> 
     </span>
    </p>
   </div>
   <div class='ocr_carea' id='block_1_30' title="bbox 1070 685 1840 724">
    <p class='ocr_par' dir='ltr' id='par_1_30' title="bbox 1070 685 1840 724">
     <span class='ocr_line' id='line_1_30' title="bbox 1070 685 1840 724; baseline 0 -10"><span class='ocrx_word' id='word_1_237' title='bbox 1070 689 1103 723; x_wconf 81' lang='grc' dir='ltr'><strong>τῇ</strong></span> <span class='ocrx_word' id='word_1_238' title='bbox 1117 688 1190 724; x_wconf 77' lang='grc' dir='ltr'>δόξῃ,</span> <span class='ocrx_word' id='word_1_239' title='bbox 1232 685 1304 723; x_wconf 82' lang='grc' dir='ltr'>εἶχον</span> <span class='ocrx_word' id='word_1_240' title='bbox 1317 687 1371 724; x_wconf 79' lang='grc' dir='ltr'>πρὸ</span> <span class='ocrx_word' id='word_1_241' title='bbox 1385 687 1432 715; x_wconf 74' lang='grc' dir='ltr'>τοῦ</span> <span class='ocrx_word' id='word_1_242' title='bbox 1442 688 1488 715; x_wconf 82' lang='grc' dir='ltr'>τὸν</span> <span class='ocrx_word' id='word_1_243' title='bbox 1501 688 1601 724; x_wconf 82' lang='grc' dir='ltr'><strong>κόσμον</strong></span> <span class='ocrx_word' id='word_1_244' title='bbox 1613 686 1696 719; x_wconf 81' lang='grc' dir='ltr'>εἶναι,</span> <span class='ocrx_word' id='word_1_245' title='bbox 1706 688 1776 724; x_wconf 81' lang='grc' dir='ltr'>παρὰ</span> <span class='ocrx_word' id='word_1_246' title='bbox 1785 689 1840 715; x_wconf 74' lang='grc' dir='ltr'>σοί.»</span> 
     </span>
    </p>
   </div>
   <div class='ocr_carea' id='block_1_31' title="bbox 1071 734 1842 770">
    <p class='ocr_par' dir='ltr' id='par_1_31' title="bbox 1071 734 1842 770">
     <span class='ocr_line' id='line_1_31' title="bbox 1071 734 1842 770; baseline 0.001 -10"><span class='ocrx_word' id='word_1_247' title='bbox 1071 734 1151 768; x_wconf 81' lang='grc' dir='ltr'>ὀρθ.</span> <span class='ocrx_word' id='word_1_248' title='bbox 1161 734 1206 760; x_wconf 82' lang='grc' dir='ltr'>Ἐν</span> <span class='ocrx_word' id='word_1_249' title='bbox 1218 734 1287 769; x_wconf 82' lang='grc' dir='ltr'>αὐτῇ</span> <span class='ocrx_word' id='word_1_250' title='bbox 1297 734 1324 760; x_wconf 83' lang='grc' dir='ltr'>δὲ</span> <span class='ocrx_word' id='word_1_251' title='bbox 1333 734 1442 770; x_wconf 79' lang='grc' dir='ltr'>ἔρχεται</span> <span class='ocrx_word' id='word_1_252' title='bbox 1453 735 1543 770; x_wconf 85' lang='grc' dir='ltr'>κρῖναι</span> <span class='ocrx_word' id='word_1_253' title='bbox 1555 734 1660 767; x_wconf 79' lang='grc' dir='ltr'>ζῶντας</span> <span class='ocrx_word' id='word_1_254' title='bbox 1673 735 1721 761; x_wconf 80' lang='grc' dir='ltr'><strong>καὶ</strong></span> <span class='ocrx_word' id='word_1_255' title='bbox 1733 735 1842 770; x_wconf 79' lang='grc' dir='ltr'>νεκροὺς,</span> 
     </span>
    </p>
   </div>
   <div class='ocr_carea' id='block_1_32' title="bbox 1070 780 1844 816">
    <p class='ocr_par' dir='ltr' id='par_1_32' title="bbox 1070 780 1844 816">
     <span class='ocr_line' id='line_1_32' title="bbox 1070 780 1844 816; baseline 0 -10"><span class='ocrx_word' id='word_1_256' title='bbox 1070 781 1086 816; x_wconf 85' lang='grc' dir='ltr'><strong>ἢ</strong></span> <span class='ocrx_word' id='word_1_257' title='bbox 1099 781 1127 806; x_wconf 83' lang='grc' dir='ltr'>ὲν</span> <span class='ocrx_word' id='word_1_258' title='bbox 1135 780 1217 816; x_wconf 59' lang='lat' dir='ltr'><strong>mn;</strong></span> <span class='ocrx_word' id='word_1_259' title='bbox 1233 780 1362 807; x_wconf 84' lang='grc' dir='ltr'>Μακ.Ὲν</span> <span class='ocrx_word' id='word_1_260' title='bbox 1377 780 1456 816; x_wconf 79' lang='grc' dir='ltr'><strong>αὐτῇ.</strong></span> <span class='ocrx_word' id='word_1_261' title='bbox 1467 782 1545 815; x_wconf 82' lang='grc' dir='ltr'>Ὀρθ.</span> <span class='ocrx_word' id='word_1_262' title='bbox 1561 781 1642 815; x_wconf 81' lang='grc' dir='ltr'>Λέγει</span> <span class='ocrx_word' id='word_1_263' title='bbox 1658 781 1687 807; x_wconf 81' lang='grc' dir='ltr'>δὲ</span> <span class='ocrx_word' id='word_1_264' title='bbox 1700 782 1728 807; x_wconf 80' lang='grc' dir='ltr'>ἐν</span> <span class='ocrx_word' id='word_1_265' title='bbox 1738 781 1844 814; x_wconf 80' lang='grc' dir='ltr'>Εὐαγγε-</span> 
     </span>
    </p>
   </div>
   <div class='ocr_carea' id='block_1_33' title="bbox 1071 824 1844 862">
    <p class='ocr_par' dir='ltr' id='par_1_33' title="bbox 1071 824 1844 862">
     <span class='ocr_line' id='line_1_33' title="bbox 1071 824 1844 862; baseline 0.001 -12"><span class='ocrx_word' id='word_1_266' title='bbox 1071 824 1139 856; x_wconf 82' lang='grc' dir='ltr'>λίοις</span> <span class='ocrx_word' id='word_1_267' title='bbox 1149 833 1156 839; x_wconf 84' lang='grc'>·</span> <span class='ocrx_word' id='word_1_268' title='bbox 1176 834 1185 850; x_wconf 76' lang='grc' dir='ltr'><strong>ι</strong></span> <span class='ocrx_word' id='word_1_269' title='bbox 1202 824 1363 860; x_wconf 82' lang='grc' dir='ltr'>Μέλλειγὰρ</span> <span class='ocrx_word' id='word_1_270' title='bbox 1373 825 1460 857; x_wconf 84' lang='grc' dir='ltr'>όΥἰὸς</span> <span class='ocrx_word' id='word_1_271' title='bbox 1474 825 1521 852; x_wconf 80' lang='grc' dir='ltr'><strong>τοῦ</strong></span> <span class='ocrx_word' id='word_1_272' title='bbox 1536 825 1680 861; x_wconf 80' lang='grc' dir='ltr'>ἀνθρώπου</span> <span class='ocrx_word' id='word_1_273' title='bbox 1693 825 1844 862; x_wconf 81' lang='grc' dir='ltr'>ἓρχεσθαιὲν</span> 
     </span>
    </p>
   </div>
   <div class='ocr_carea' id='block_1_34' title="bbox 214 864 1015 908">
    <p class='ocr_par' dir='ltr' id='par_1_34' title="bbox 214 864 1015 908">
     <span class='ocr_line' id='line_1_34' title="bbox 214 864 1015 908; baseline 0.004 -11"><span class='ocrx_word' id='word_1_274' title='bbox 214 864 318 906; x_wconf 49' lang='lat' dir='ltr'><strong>‘gloria</strong></span> <span class='ocrx_word' id='word_1_275' title='bbox 337 879 419 906; x_wconf 89' lang='lat' dir='ltr'><strong>quam</strong></span> <span class='ocrx_word' id='word_1_276' title='bbox 443 871 537 904; x_wconf 88' lang='lat' dir='ltr'><strong>habui,</strong></span> <span class='ocrx_word' id='word_1_277' title='bbox 560 878 704 908; x_wconf 85' lang='lat' dir='ltr'><strong>antequam</strong></span> <span class='ocrx_word' id='word_1_278' title='bbox 727 873 845 901; x_wconf 90' lang='lat' dir='ltr'><strong>mundus</strong></span> <span class='ocrx_word' id='word_1_279' title='bbox 862 874 1015 905; x_wconf 78' lang='lat' dir='ltr'><strong>exsisteret.</strong></span> 
     </span>
    </p>
   </div>
   <div class='ocr_carea' id='block_1_35' title="bbox 1067 864 1843 908">
    <p class='ocr_par' dir='ltr' id='par_1_35' title="bbox 1070 869 1843 906">
     <span class='ocr_line' id='line_1_35' title="bbox 1070 869 1843 906; baseline 0.001 -10"><span class='ocrx_word' id='word_1_280' title='bbox 1070 871 1103 906; x_wconf 83' lang='grc' dir='ltr'><strong>τῇ</strong></span> <span class='ocrx_word' id='word_1_281' title='bbox 1124 869 1240 906; x_wconf 75' lang='grc' dir='ltr'>δόξῃτοῦ</span> <span class='ocrx_word' id='word_1_282' title='bbox 1257 870 1361 905; x_wconf 85' lang='grc' dir='ltr'>Πατρὺς</span> <span class='ocrx_word' id='word_1_283' title='bbox 1379 869 1461 897; x_wconf 81' lang='grc' dir='ltr'>αὑτοῦ</span> <span class='ocrx_word' id='word_1_284' title='bbox 1482 870 1546 905; x_wconf 89' lang='lat'><strong>(98).</strong></span> <span class='ocrx_word' id='word_1_285' title='bbox 1568 880 1577 896; x_wconf 76' lang='grc' dir='ltr'><strong>ι</strong></span> <span class='ocrx_word' id='word_1_286' title='bbox 1595 870 1669 906; x_wconf 84' lang='grc' dir='ltr'><strong>Αὖτη</strong></span> <span class='ocrx_word' id='word_1_287' title='bbox 1687 871 1739 906; x_wconf 76' lang='grc' dir='ltr'>ἄρα</span> <span class='ocrx_word' id='word_1_288' title='bbox 1761 870 1843 906; x_wconf 76' lang='grc' dir='ltr'>ήδόξα</span> 
     </span>
    </p>
   </div>
   <div class='ocr_carea' id='block_1_36' title="bbox 230 916 1018 955">
    <p class='ocr_par' dir='ltr' id='par_1_36' title="bbox 230 916 1018 955">
     <span class='ocr_line' id='line_1_36' title="bbox 230 916 1018 955; baseline 0.004 -11"><span class='ocrx_word' id='word_1_289' title='bbox 230 916 302 952; x_wconf 82' lang='lat' dir='ltr'><strong>apud</strong></span> <span class='ocrx_word' id='word_1_290' title='bbox 316 920 344 944; x_wconf 81' lang='lat' dir='ltr'><strong>te</strong></span> <span class='ocrx_word' id='word_1_291' title='bbox 354 917 391 944; x_wconf 83' lang='lat'><strong>‘°.</strong></span> <span class='ocrx_word' id='word_1_292' title='bbox 412 926 422 943; x_wconf 70' lang='grc' dir='ltr'><strong>ι</strong></span> <span class='ocrx_word' id='word_1_293' title='bbox 442 916 518 945; x_wconf 81' lang='lat' dir='ltr'><strong>Ort/t.</strong></span> <span class='ocrx_word' id='word_1_294' title='bbox 534 916 709 946; x_wconf 82' lang='lat' dir='ltr'><strong>Venturusne</strong></span> <span class='ocrx_word' id='word_1_295' title='bbox 721 922 764 946; x_wconf 87' lang='lat' dir='ltr'><strong>est</strong></span> <span class='ocrx_word' id='word_1_296' title='bbox 777 919 804 946; x_wconf 94' lang='lat' dir='ltr'><strong>in</strong></span> <span class='ocrx_word' id='word_1_297' title='bbox 817 926 848 946; x_wconf 91' lang='lat' dir='ltr'><strong>ca</strong></span> <span class='ocrx_word' id='word_1_298' title='bbox 863 919 959 954; x_wconf 78' lang='lat' dir='ltr'><strong>gloria,</strong></span> <span class='ocrx_word' id='word_1_299' title='bbox 973 919 1018 955; x_wconf 87' lang='lat' dir='ltr'><strong>ju-</strong></span> 
     </span>
    </p>
   </div>
   <div class='ocr_carea' id='block_1_37' title="bbox 230 962 1017 997">
    <p class='ocr_par' dir='ltr' id='par_1_37' title="bbox 230 962 1017 997">
     <span class='ocr_line' id='line_1_37' title="bbox 230 962 1017 997; baseline 0.005 -9"><span class='ocrx_word' id='word_1_300' title='bbox 230 962 372 990; x_wconf 85' lang='lat' dir='ltr'><strong>dicaturus</strong></span> <span class='ocrx_word' id='word_1_301' title='bbox 390 963 468 990; x_wconf 79' lang='lat' dir='ltr'><strong>vivos</strong></span> <span class='ocrx_word' id='word_1_302' title='bbox 485 967 512 991; x_wconf 93' lang='lat' dir='ltr'><strong>et</strong></span> <span class='ocrx_word' id='word_1_303' title='bbox 532 967 667 997; x_wconf 84' lang='lat' dir='ltr'><strong>mortuos,</strong></span> <span class='ocrx_word' id='word_1_304' title='bbox 681 971 715 991; x_wconf 92' lang='lat' dir='ltr'><strong>an</strong></span> <span class='ocrx_word' id='word_1_305' title='bbox 738 964 764 991; x_wconf 94' lang='lat' dir='ltr'><strong>in</strong></span> <span class='ocrx_word' id='word_1_306' title='bbox 780 965 853 992; x_wconf 81' lang='lat' dir='ltr'><strong>alia?</strong></span> <span class='ocrx_word' id='word_1_307' title='bbox 866 964 970 992; x_wconf 67' lang='grc' dir='ltr'><strong>Μαι-τά.</strong></span> <span class='ocrx_word' id='word_1_308' title='bbox 988 966 1017 993; x_wconf 85' lang='lat' dir='ltr'><strong>In</strong></span> 
     </span>
    </p>
   </div>
   <div class='ocr_carea' id='block_1_38' title="bbox 229 1008 1017 1046">
    <p class='ocr_par' dir='ltr' id='par_1_38' title="bbox 229 1008 1017 1046">
     <span class='ocr_line' id='line_1_38' title="bbox 229 1008 1017 1046; baseline 0.005 -10"><span class='ocrx_word' id='word_1_309' title='bbox 229 1017 260 1036; x_wconf 79' lang='lat' dir='ltr'><strong>ea</strong></span> <span class='ocrx_word' id='word_1_310' title='bbox 276 1009 345 1044; x_wconf 85' lang='lat' dir='ltr'><strong>ipsa.</strong></span> <span class='ocrx_word' id='word_1_311' title='bbox 365 1008 442 1037; x_wconf 88' lang='lat' dir='ltr'><strong>Orth.</strong></span> <span class='ocrx_word' id='word_1_312' title='bbox 462 1008 531 1036; x_wconf 89' lang='lat' dir='ltr'><strong>Dicit</strong></span> <span class='ocrx_word' id='word_1_313' title='bbox 551 1015 641 1037; x_wconf 87' lang='lat' dir='ltr'><strong>autem</strong></span> <span class='ocrx_word' id='word_1_314' title='bbox 659 1009 686 1037; x_wconf 89' lang='lat' dir='ltr'><strong>in</strong></span> <span class='ocrx_word' id='word_1_315' title='bbox 708 1009 862 1046; x_wconf 79' lang='lat' dir='ltr'><strong>Evangeliis</strong></span> <span class='ocrx_word' id='word_1_316' title='bbox 878 1020 884 1038; x_wconf 91' lang='lat'><strong><em>:</em></strong></span> <span class='ocrx_word' id='word_1_317' title='bbox 903 1020 913 1036; x_wconf 77' lang='grc' dir='ltr'><strong>ι</strong></span> <span class='ocrx_word' id='word_1_318' title='bbox 934 1011 1017 1040; x_wconf 85' lang='lat' dir='ltr'><strong>Filius</strong></span> 
     </span>
    </p>
   </div>
   <div class='ocr_carea' id='block_1_39' title="bbox 228 1053 1014 1090">
    <p class='ocr_par' dir='ltr' id='par_1_39' title="bbox 228 1053 1014 1090">
     <span class='ocr_line' id='line_1_39' title="bbox 228 1053 1014 1090; baseline 0 -8"><span class='ocrx_word' id='word_1_319' title='bbox 228 1054 301 1082; x_wconf 85' lang='lat' dir='ltr'><strong>enim</strong></span> <span class='ocrx_word' id='word_1_320' title='bbox 321 1053 441 1082; x_wconf 88' lang='lat' dir='ltr'><strong>hominis</strong></span> <span class='ocrx_word' id='word_1_321' title='bbox 453 1059 584 1082; x_wconf 76' lang='lat' dir='ltr'><strong>venturus</strong></span> <span class='ocrx_word' id='word_1_322' title='bbox 599 1058 641 1082; x_wconf 85' lang='lat' dir='ltr'><strong>est</strong></span> <span class='ocrx_word' id='word_1_323' title='bbox 659 1055 685 1082; x_wconf 96' lang='lat' dir='ltr'><strong>in</strong></span> <span class='ocrx_word' id='word_1_324' title='bbox 699 1055 784 1090; x_wconf 75' lang='lat' dir='ltr'><strong>gloria</strong></span> <span class='ocrx_word' id='word_1_325' title='bbox 799 1055 888 1084; x_wconf 85' lang='lat' dir='ltr'><strong>Patris</strong></span> <span class='ocrx_word' id='word_1_326' title='bbox 900 1056 942 1084; x_wconf 92' lang='lat' dir='ltr'><strong>sui</strong></span> <span class='ocrx_word' id='word_1_327' title='bbox 956 1056 988 1083; x_wconf 82' lang='lat'><strong>&quot;.</strong></span> <span class='ocrx_word' id='word_1_328' title='bbox 1004 1065 1014 1082; x_wconf 76' lang='grc' dir='ltr'><strong>ι</strong></span> 
     </span>
    </p>
   </div>
   <div class='ocr_carea' id='block_1_40' title="bbox 229 1099 1016 1136">
    <p class='ocr_par' dir='ltr' id='par_1_40' title="bbox 229 1099 1016 1136">
     <span class='ocr_line' id='line_1_40' title="bbox 229 1099 1016 1136; baseline 0.001 -9"><span class='ocrx_word' id='word_1_329' title='bbox 229 1099 292 1128; x_wconf 65' lang='lat' dir='ltr'><strong>Haec</strong></span> <span class='ocrx_word' id='word_1_330' title='bbox 307 1099 391 1136; x_wconf 79' lang='lat' dir='ltr'><strong>igitur</strong></span> <span class='ocrx_word' id='word_1_331' title='bbox 404 1100 490 1135; x_wconf 77' lang='lat' dir='ltr'><strong>gloria</strong></span> <span class='ocrx_word' id='word_1_332' title='bbox 504 1104 547 1128; x_wconf 89' lang='lat' dir='ltr'><strong>est</strong></span> <span class='ocrx_word' id='word_1_333' title='bbox 563 1099 654 1128; x_wconf 84' lang='lat' dir='ltr'><strong>Patris</strong></span> <span class='ocrx_word' id='word_1_334' title='bbox 674 1106 701 1128; x_wconf 88' lang='lat' dir='ltr'><strong>et</strong></span> <span class='ocrx_word' id='word_1_335' title='bbox 723 1100 795 1128; x_wconf 83' lang='lat' dir='ltr'><strong>Filii.</strong></span> <span class='ocrx_word' id='word_1_336' title='bbox 814 1101 927 1128; x_wconf 89' lang='lat' dir='ltr'><strong>Unicam</strong></span> <span class='ocrx_word' id='word_1_337' title='bbox 947 1109 1016 1136; x_wconf 63' lang='lat' dir='ltr'><strong>pra:-</strong></span> 
     </span>
    </p>
   </div>
   <div class='ocr_carea' id='block_1_41' title="bbox 227 1147 1016 1184">
    <p class='ocr_par' dir='ltr' id='par_1_41' title="bbox 227 1147 1016 1184">
     <span class='ocr_line' id='line_1_41' title="bbox 227 1147 1016 1184; baseline 0.001 -10"><span class='ocrx_word' id='word_1_338' title='bbox 227 1150 302 1174; x_wconf 82' lang='lat' dir='ltr'><strong>terea</strong></span> <span class='ocrx_word' id='word_1_339' title='bbox 316 1155 376 1174; x_wconf 88' lang='lat' dir='ltr'><strong>esse</strong></span> <span class='ocrx_word' id='word_1_340' title='bbox 390 1147 504 1182; x_wconf 77' lang='lat' dir='ltr'><strong>gloriam</strong></span> <span class='ocrx_word' id='word_1_341' title='bbox 517 1147 583 1174; x_wconf 87' lang='lat' dir='ltr'><strong>dicit</strong></span> <span class='ocrx_word' id='word_1_342' title='bbox 595 1147 650 1174; x_wconf 92' lang='lat' dir='ltr'><strong>alio</strong></span> <span class='ocrx_word' id='word_1_343' title='bbox 664 1147 800 1184; x_wconf 77' lang='lat' dir='ltr'><strong>Evangelii</strong></span> <span class='ocrx_word' id='word_1_344' title='bbox 818 1148 879 1175; x_wconf 88' lang='lat' dir='ltr'><strong>loco</strong></span> <span class='ocrx_word' id='word_1_345' title='bbox 892 1157 899 1174; x_wconf 85' lang='lat'>:</span> <span class='ocrx_word' id='word_1_346' title='bbox 918 1157 927 1173; x_wconf 82' lang='grc' dir='ltr'><strong>ι</strong></span> <span class='ocrx_word' id='word_1_347' title='bbox 947 1147 1016 1175; x_wconf 86' lang='lat' dir='ltr'><strong>Cum</strong></span> 
     </span>
    </p>
   </div>
   <div class='ocr_carea' id='block_1_42' title="bbox 1069 917 1843 953">
    <p class='ocr_par' dir='ltr' id='par_1_42' title="bbox 1069 917 1843 953">
     <span class='ocr_line' id='line_1_42' title="bbox 1069 917 1843 953; baseline -0.004 -8"><span class='ocrx_word' id='word_1_348' title='bbox 1069 918 1117 945; x_wconf 83' lang='grc' dir='ltr'><strong>τοῦ</strong></span> <span class='ocrx_word' id='word_1_349' title='bbox 1129 917 1194 944; x_wconf 86' lang='grc' dir='ltr'>Υἱοῦ</span> <span class='ocrx_word' id='word_1_350' title='bbox 1204 918 1276 944; x_wconf 78' lang='grc' dir='ltr'>ἐστιν</span> <span class='ocrx_word' id='word_1_351' title='bbox 1295 918 1342 944; x_wconf 78' lang='grc' dir='ltr'>καὶ</span> <span class='ocrx_word' id='word_1_352' title='bbox 1358 917 1402 944; x_wconf 80' lang='grc' dir='ltr'><strong>τοῦ</strong></span> <span class='ocrx_word' id='word_1_353' title='bbox 1421 917 1537 952; x_wconf 86' lang='grc' dir='ltr'>Πατρός.</span> <span class='ocrx_word' id='word_1_354' title='bbox 1552 917 1607 944; x_wconf 81' lang='grc' dir='ltr'><strong>Καὶ</strong></span> <span class='ocrx_word' id='word_1_355' title='bbox 1623 917 1665 944; x_wconf 79' lang='grc' dir='ltr'>ὅτι</span> <span class='ocrx_word' id='word_1_356' title='bbox 1679 917 1728 953; x_wconf 87' lang='grc' dir='ltr'><strong>μία</strong></span> <span class='ocrx_word' id='word_1_357' title='bbox 1741 918 1807 951; x_wconf 82' lang='grc' dir='ltr'>δόξα,</span> <span class='ocrx_word' id='word_1_358' title='bbox 1819 918 1843 944; x_wconf 78' lang='grc' dir='ltr'>ὲν</span> 
     </span>
    </p>
   </div>
   <div class='ocr_carea' id='block_1_43' title="bbox 1071 961 1844 998">
    <p class='ocr_par' dir='ltr' id='par_1_43' title="bbox 1071 961 1844 998">
     <span class='ocr_line' id='line_1_43' title="bbox 1071 961 1844 998; baseline -0.001 -9"><span class='ocrx_word' id='word_1_359' title='bbox 1071 962 1144 998; x_wconf 81' lang='grc' dir='ltr'>ἄλλῳ</span> <span class='ocrx_word' id='word_1_360' title='bbox 1155 962 1230 997; x_wconf 81' lang='grc' dir='ltr'><strong>τόπῳ</strong></span> <span class='ocrx_word' id='word_1_361' title='bbox 1245 962 1292 989; x_wconf 82' lang='grc' dir='ltr'><strong>τοῦ</strong></span> <span class='ocrx_word' id='word_1_362' title='bbox 1303 961 1469 996; x_wconf 83' lang='grc' dir='ltr'>Εὑαγγε).ίου</span> <span class='ocrx_word' id='word_1_363' title='bbox 1489 962 1561 997; x_wconf 79' lang='grc' dir='ltr'>λέγει</span> <span class='ocrx_word' id='word_1_364' title='bbox 1572 971 1578 977; x_wconf 88' lang='grc'><strong>·</strong></span> <span class='ocrx_word' id='word_1_365' title='bbox 1597 971 1606 987; x_wconf 75' lang='grc' dir='ltr'><strong>ι</strong></span> <span class='ocrx_word' id='word_1_366' title='bbox 1628 962 1713 989; x_wconf 81' lang='grc' dir='ltr'>Ὀταν</span> <span class='ocrx_word' id='word_1_367' title='bbox 1723 963 1751 990; x_wconf 83' lang='grc' dir='ltr'>δὲ</span> <span class='ocrx_word' id='word_1_368' title='bbox 1761 962 1816 998; x_wconf 78' lang='grc' dir='ltr'>ἔλθῃ</span> <span class='ocrx_word' id='word_1_369' title='bbox 1831 962 1844 988; x_wconf 85' lang='grc' dir='ltr'><strong>ό</strong></span> 
     </span>
    </p>
   </div>
   <div class='ocr_carea' id='block_1_44' title="bbox 1071 1007 1842 1044">
    <p class='ocr_par' dir='ltr' id='par_1_44' title="bbox 1071 1007 1842 1044">
     <span class='ocr_line' id='line_1_44' title="bbox 1071 1007 1842 1044; baseline 0.001 -10"><span class='ocrx_word' id='word_1_370' title='bbox 1071 1009 1136 1040; x_wconf 73' lang='grc' dir='ltr'><strong>Υἱὸς</strong></span> <span class='ocrx_word' id='word_1_371' title='bbox 1150 1007 1196 1035; x_wconf 73' lang='grc' dir='ltr'>τοῦ</span> <span class='ocrx_word' id='word_1_372' title='bbox 1208 1007 1352 1044; x_wconf 84' lang='grc' dir='ltr'>ἀνθρώπου</span> <span class='ocrx_word' id='word_1_373' title='bbox 1367 1008 1396 1035; x_wconf 80' lang='grc' dir='ltr'>ἐν</span> <span class='ocrx_word' id='word_1_374' title='bbox 1410 1009 1443 1044; x_wconf 79' lang='grc' dir='ltr'><strong>τῇ</strong></span> <span class='ocrx_word' id='word_1_375' title='bbox 1457 1007 1520 1044; x_wconf 80' lang='grc' dir='ltr'>δόξῃ</span> <span class='ocrx_word' id='word_1_376' title='bbox 1541 1008 1635 1039; x_wconf 79' lang='grc' dir='ltr'>αὐτοῦ,</span> <span class='ocrx_word' id='word_1_377' title='bbox 1650 1009 1699 1035; x_wconf 79' lang='grc' dir='ltr'><strong>καὶ</strong></span> <span class='ocrx_word' id='word_1_378' title='bbox 1716 1008 1808 1040; x_wconf 78' lang='grc' dir='ltr'>πάντες</span> <span class='ocrx_word' id='word_1_379' title='bbox 1821 1008 1842 1035; x_wconf 80' lang='grc' dir='ltr'>οἱ</span> 
     </span>
    </p>
   </div>
   <div class='ocr_carea' id='block_1_45' title="bbox 1069 1053 1842 1090">
    <p class='ocr_par' dir='ltr' id='par_1_45' title="bbox 1069 1053 1842 1090">
     <span class='ocr_line' id='line_1_45' title="bbox 1069 1053 1842 1090; baseline 0.001 -10"><span class='ocrx_word' id='word_1_380' title='bbox 1069 1055 1180 1088; x_wconf 80' lang='grc' dir='ltr'>ἄγγελοι</span> <span class='ocrx_word' id='word_1_381' title='bbox 1204 1055 1262 1090; x_wconf 86' lang='grc' dir='ltr'>μετ’</span> <span class='ocrx_word' id='word_1_382' title='bbox 1272 1053 1365 1086; x_wconf 69' lang='grc' dir='ltr'>αὑτοῦ,</span> <span class='ocrx_word' id='word_1_383' title='bbox 1376 1054 1437 1080; x_wconf 81' lang='grc' dir='ltr'>τότε</span> <span class='ocrx_word' id='word_1_384' title='bbox 1452 1054 1559 1080; x_wconf 80' lang='grc' dir='ltr'>καθίσει</span> <span class='ocrx_word' id='word_1_385' title='bbox 1583 1054 1629 1080; x_wconf 77' lang='grc' dir='ltr'><strong>ἐπὶ</strong></span> <span class='ocrx_word' id='word_1_386' title='bbox 1656 1054 1749 1090; x_wconf 84' lang='grc' dir='ltr'><strong>θρόνου</strong></span> <span class='ocrx_word' id='word_1_387' title='bbox 1775 1054 1842 1090; x_wconf 78' lang='grc' dir='ltr'>δόξης</span> 
     </span>
    </p>
   </div>
   <div class='ocr_carea' id='block_1_46' title="bbox 1068 1097 1842 1136">
    <p class='ocr_par' dir='ltr' id='par_1_46' title="bbox 1068 1097 1842 1136">
     <span class='ocr_line' id='line_1_46' title="bbox 1068 1097 1842 1136; baseline 0.001 -10"><span class='ocrx_word' id='word_1_388' title='bbox 1068 1100 1163 1127; x_wconf 83' lang='grc' dir='ltr'>αὑτοῦ.</span> <span class='ocrx_word' id='word_1_389' title='bbox 1185 1109 1194 1126; x_wconf 74' lang='grc' dir='ltr'><strong>ι</strong></span> <span class='ocrx_word' id='word_1_390' title='bbox 1217 1100 1350 1132; x_wconf 80' lang='grc' dir='ltr'>’Λκούεις,</span> <span class='ocrx_word' id='word_1_391' title='bbox 1380 1100 1404 1126; x_wconf 80' lang='grc' dir='ltr'><strong>εί</strong></span> <span class='ocrx_word' id='word_1_392' title='bbox 1426 1097 1483 1126; x_wconf 80' lang='grc' dir='ltr'><strong>ὦτα</strong></span> <span class='ocrx_word' id='word_1_393' title='bbox 1499 1099 1580 1135; x_wconf 76' lang='grc' dir='ltr'>ἔχεις,</span> <span class='ocrx_word' id='word_1_394' title='bbox 1605 1100 1648 1126; x_wconf 84' lang='grc' dir='ltr'><strong>ὅτι</strong></span> <span class='ocrx_word' id='word_1_395' title='bbox 1674 1100 1757 1136; x_wconf 72' lang='grc' dir='ltr'>αὐτὴν</span> <span class='ocrx_word' id='word_1_396' title='bbox 1776 1099 1842 1133; x_wconf 77' lang='grc' dir='ltr'>δόξαν</span> 
     </span>
    </p>
   </div>
   <div class='ocr_carea' id='block_1_47' title="bbox 1069 1145 1510 1182">
    <p class='ocr_par' dir='ltr' id='par_1_47' title="bbox 1069 1145 1510 1182">
     <span class='ocr_line' id='line_1_47' title="bbox 1069 1145 1510 1182; baseline -0.005 -8"><span class='ocrx_word' id='word_1_397' title='bbox 1069 1146 1166 1174; x_wconf 76' lang='grc' dir='ltr'>ἑαυτοῦ</span> <span class='ocrx_word' id='word_1_398' title='bbox 1186 1146 1318 1181; x_wconf 78' lang='grc' dir='ltr'>λέγεικαὶ</span> <span class='ocrx_word' id='word_1_399' title='bbox 1334 1145 1380 1172; x_wconf 80' lang='grc' dir='ltr'><strong>τοῦ</strong></span> <span class='ocrx_word' id='word_1_400' title='bbox 1395 1145 1510 1182; x_wconf 81' lang='grc' dir='ltr'>Πατρός.</span> 
     </span>
    </p>
   </div>
   <div class='ocr_carea' id='block_1_48' title="bbox 229 1191 1843 1230">
    <p class='ocr_par' dir='ltr' id='par_1_48' title="bbox 229 1191 1843 1230">
     <span class='ocr_line' id='line_1_48' title="bbox 229 1191 1843 1230; baseline -0.002 -9"><span class='ocrx_word' id='word_1_401' title='bbox 229 1193 334 1221; x_wconf 82' lang='lat' dir='ltr'><strong>venerit</strong></span> <span class='ocrx_word' id='word_1_402' title='bbox 351 1198 442 1222; x_wconf 89' lang='lat' dir='ltr'><strong>autem</strong></span> <span class='ocrx_word' id='word_1_403' title='bbox 456 1193 542 1222; x_wconf 86' lang='lat' dir='ltr'><strong>Filius</strong></span> <span class='ocrx_word' id='word_1_404' title='bbox 558 1193 677 1222; x_wconf 90' lang='lat' dir='ltr'><strong>hominis</strong></span> <span class='ocrx_word' id='word_1_405' title='bbox 696 1194 723 1221; x_wconf 95' lang='lat' dir='ltr'><strong>in</strong></span> <span class='ocrx_word' id='word_1_406' title='bbox 737 1194 824 1230; x_wconf 75' lang='lat' dir='ltr'><strong>gloria</strong></span> <span class='ocrx_word' id='word_1_407' title='bbox 838 1202 898 1226; x_wconf 82' lang='lat' dir='ltr'><strong>sua,</strong></span> <span class='ocrx_word' id='word_1_408' title='bbox 914 1198 941 1222; x_wconf 86' lang='lat' dir='ltr'><strong>et</strong></span> <span class='ocrx_word' id='word_1_409' title='bbox 957 1201 1052 1222; x_wconf 90' lang='lat' dir='ltr'><strong>omnes</strong></span> <span class='ocrx_word' id='word_1_410' title='bbox 1068 1193 1157 1228; x_wconf 74' lang='lat' dir='ltr'><strong>angeli</strong></span> <span class='ocrx_word' id='word_1_411' title='bbox 1188 1200 1252 1220; x_wconf 90' lang='lat' dir='ltr'><strong>cum</strong></span> <span class='ocrx_word' id='word_1_412' title='bbox 1285 1200 1328 1224; x_wconf 86' lang='lat' dir='ltr'><strong>eo,</strong></span> <span class='ocrx_word' id='word_1_413' title='bbox 1363 1195 1429 1218; x_wconf 91' lang='lat' dir='ltr'><strong>tunc</strong></span> <span class='ocrx_word' id='word_1_414' title='bbox 1458 1191 1563 1220; x_wconf 87' lang='lat' dir='ltr'><strong>sedebit</strong></span> <span class='ocrx_word' id='word_1_415' title='bbox 1587 1192 1616 1219; x_wconf 91' lang='lat' dir='ltr'><strong>in</strong></span> <span class='ocrx_word' id='word_1_416' title='bbox 1644 1191 1742 1220; x_wconf 86' lang='lat' dir='ltr'><strong>throno</strong></span> <span class='ocrx_word' id='word_1_417' title='bbox 1763 1192 1843 1228; x_wconf 71' lang='lat' dir='ltr'><strong>gloria:</strong></span> 
     </span>
    </p>
   </div>
   <div class='ocr_carea' id='block_1_49' title="bbox 227 1239 1625 1276">
    <p class='ocr_par' dir='ltr' id='par_1_49' title="bbox 227 1239 1625 1276">
     <span class='ocr_line' id='line_1_49' title="bbox 227 1239 1625 1276; baseline -0.004 -5"><span class='ocrx_word' id='word_1_418' title='bbox 227 1250 285 1272; x_wconf 60' lang='lat' dir='ltr'><strong>sua;</strong></span> <span class='ocrx_word' id='word_1_419' title='bbox 298 1242 331 1270; x_wconf 81' lang='grc'><strong>⁸³.</strong></span> <span class='ocrx_word' id='word_1_420' title='bbox 347 1252 356 1268; x_wconf 80' lang='grc' dir='ltr'><strong>ι</strong></span> <span class='ocrx_word' id='word_1_421' title='bbox 374 1241 460 1270; x_wconf 85' lang='lat' dir='ltr'><strong>Audis</strong></span> <span class='ocrx_word' id='word_1_422' title='bbox 476 1250 538 1270; x_wconf 91' lang='lat' dir='ltr'><strong>eum</strong></span> <span class='ocrx_word' id='word_1_423' title='bbox 555 1241 701 1276; x_wconf 84' lang='lat' dir='ltr'><strong>dicentem,</strong></span> <span class='ocrx_word' id='word_1_424' title='bbox 717 1242 740 1270; x_wconf 91' lang='lat' dir='ltr'><strong>si</strong></span> <span class='ocrx_word' id='word_1_425' title='bbox 755 1242 836 1270; x_wconf 92' lang='lat' dir='ltr'><strong>modo</strong></span> <span class='ocrx_word' id='word_1_426' title='bbox 850 1250 931 1270; x_wconf 91' lang='lat' dir='ltr'><strong>aures</strong></span> <span class='ocrx_word' id='word_1_427' title='bbox 941 1242 1037 1274; x_wconf 84' lang='lat' dir='ltr'><strong>babes,</strong></span> <span class='ocrx_word' id='word_1_428' title='bbox 1053 1241 1176 1269; x_wconf 85' lang='lat' dir='ltr'><strong>eamdem</strong></span> <span class='ocrx_word' id='word_1_429' title='bbox 1189 1248 1251 1268; x_wconf 89' lang='lat' dir='ltr'><strong>esse</strong></span> <span class='ocrx_word' id='word_1_430' title='bbox 1267 1248 1344 1267; x_wconf 86' lang='lat' dir='ltr'><strong>suam</strong></span> <span class='ocrx_word' id='word_1_431' title='bbox 1359 1243 1386 1267; x_wconf 91' lang='lat' dir='ltr'><strong>et</strong></span> <span class='ocrx_word' id='word_1_432' title='bbox 1398 1239 1486 1267; x_wconf 82' lang='lat' dir='ltr'><strong>Patris</strong></span> <span class='ocrx_word' id='word_1_433' title='bbox 1498 1239 1625 1275; x_wconf 72' lang='lat' dir='ltr'><strong>gloriam.</strong></span> 
     </span>
    </p>
   </div>
   <div class='ocr_carea' id='block_1_50' title="bbox 262 1286 1015 1325">
    <p class='ocr_par' dir='ltr' id='par_1_50' title="bbox 262 1289 1015 1325">
     <span class='ocr_line' id='line_1_50' title="bbox 262 1289 1015 1325; baseline 0 -7"><span class='ocrx_word' id='word_1_434' title='bbox 262 1290 290 1318; x_wconf 76' lang='grc'><strong>4.</strong></span> <span class='ocrx_word' id='word_1_435' title='bbox 314 1289 420 1318; x_wconf 74' lang='grc' dir='ltr'>Μαι-σά.</span> <span class='ocrx_word' id='word_1_436' title='bbox 445 1289 526 1318; x_wconf 83' lang='lat' dir='ltr'><strong>Potes</strong></span> <span class='ocrx_word' id='word_1_437' title='bbox 551 1290 618 1318; x_wconf 84' lang='lat' dir='ltr'><strong>mihi</strong></span> <span class='ocrx_word' id='word_1_438' title='bbox 643 1291 798 1323; x_wconf 87' lang='lat' dir='ltr'><strong>ostendere,</strong></span> <span class='ocrx_word' id='word_1_439' title='bbox 814 1290 859 1318; x_wconf 90' lang='lat' dir='ltr'><strong>ubi</strong></span> <span class='ocrx_word' id='word_1_440' title='bbox 882 1291 1015 1325; x_wconf 88' lang='lat' dir='ltr'><strong>scriptum</strong></span> 
     </span>
    </p>
   </div>
   <div class='ocr_carea' id='block_1_51' title="bbox 1067 1286 1841 1325">
    <p class='ocr_par' dir='ltr' id='par_1_51' title="bbox 1105 1286 1841 1324">
     <span class='ocr_line' id='line_1_51' title="bbox 1105 1286 1841 1324; baseline -0.003 -9"><span class='ocrx_word' id='word_1_441' title='bbox 1105 1289 1132 1315; x_wconf 71' lang='grc'><strong>4.</strong></span> <span class='ocrx_word' id='word_1_442' title='bbox 1146 1290 1222 1316; x_wconf 71' lang='lat' dir='ltr'><strong>Max.</strong></span> <span class='ocrx_word' id='word_1_443' title='bbox 1243 1288 1335 1324; x_wconf 82' lang='grc' dir='ltr'>Ἔχεις</span> <span class='ocrx_word' id='word_1_444' title='bbox 1365 1296 1410 1323; x_wconf 90' lang='grc' dir='ltr'><strong>μοι</strong></span> <span class='ocrx_word' id='word_1_445' title='bbox 1437 1287 1533 1320; x_wconf 78' lang='grc' dir='ltr'>δεῖξαι,</span> <span class='ocrx_word' id='word_1_446' title='bbox 1559 1286 1610 1314; x_wconf 79' lang='grc' dir='ltr'><strong>ποῦ</strong></span> <span class='ocrx_word' id='word_1_447' title='bbox 1624 1287 1784 1323; x_wconf 81' lang='grc' dir='ltr'>γέγραπται,</span> <span class='ocrx_word' id='word_1_448' title='bbox 1808 1286 1841 1312; x_wconf 80' lang='grc' dir='ltr'><strong>ὃτι</strong></span> 
     </span>
    </p>
   </div>
   <div class='ocr_carea' id='block_1_52' title="bbox 229 1331 1015 1371">
    <p class='ocr_par' dir='ltr' id='par_1_52' title="bbox 229 1335 1015 1371">
     <span class='ocr_line' id='line_1_52' title="bbox 229 1335 1015 1371; baseline -0.001 -8"><span class='ocrx_word' id='word_1_449' title='bbox 229 1336 276 1368; x_wconf 82' lang='lat' dir='ltr'><strong>sit,</strong></span> <span class='ocrx_word' id='word_1_450' title='bbox 291 1335 424 1371; x_wconf 88' lang='lat' dir='ltr'><strong>Spiritum</strong></span> <span class='ocrx_word' id='word_1_451' title='bbox 439 1343 500 1363; x_wconf 89' lang='lat' dir='ltr'><strong>esse</strong></span> <span class='ocrx_word' id='word_1_452' title='bbox 520 1335 604 1362; x_wconf 88' lang='lat' dir='ltr'><strong>Deum</strong></span> <span class='ocrx_word' id='word_1_453' title='bbox 617 1335 628 1362; x_wconf 84' lang='lat'><strong>?</strong></span> <span class='ocrx_word' id='word_1_454' title='bbox 641 1343 774 1371; x_wconf 87' lang='lat' dir='ltr'><strong>quorsum</strong></span> <span class='ocrx_word' id='word_1_455' title='bbox 788 1343 831 1364; x_wconf 96' lang='lat' dir='ltr'><strong>me</strong></span> <span class='ocrx_word' id='word_1_456' title='bbox 848 1336 943 1363; x_wconf 89' lang='lat' dir='ltr'><strong>tandiu</strong></span> <span class='ocrx_word' id='word_1_457' title='bbox 961 1336 1015 1363; x_wconf 87' lang='lat' dir='ltr'><strong>cir-</strong></span> 
     </span>
    </p>
   </div>
   <div class='ocr_carea' id='block_1_53' title="bbox 1067 1331 1841 1371">
    <p class='ocr_par' dir='ltr' id='par_1_53' title="bbox 1069 1331 1841 1370">
     <span class='ocr_line' id='line_1_53' title="bbox 1069 1331 1841 1370; baseline -0.004 -9"><span class='ocrx_word' id='word_1_458' title='bbox 1069 1334 1136 1366; x_wconf 87' lang='grc' dir='ltr'>Θεὸς</span> <span class='ocrx_word' id='word_1_459' title='bbox 1154 1334 1184 1361; x_wconf 81' lang='grc' dir='ltr'><strong>τὺ</strong></span> <span class='ocrx_word' id='word_1_460' title='bbox 1197 1333 1325 1369; x_wconf 82' lang='grc' dir='ltr'>Πνεῦμα;</span> <span class='ocrx_word' id='word_1_461' title='bbox 1344 1334 1371 1360; x_wconf 76' lang='grc' dir='ltr'>τί</span> <span class='ocrx_word' id='word_1_462' title='bbox 1393 1341 1427 1369; x_wconf 88' lang='grc' dir='ltr'><strong>με</strong></span> <span class='ocrx_word' id='word_1_463' title='bbox 1452 1333 1595 1370; x_wconf 80' lang='grc' dir='ltr'>περιάγεις</span> <span class='ocrx_word' id='word_1_464' title='bbox 1614 1333 1716 1366; x_wconf 70' lang='grc' dir='ltr'>πολλάς</span> <span class='ocrx_word' id='word_1_465' title='bbox 1729 1334 1800 1367; x_wconf 83' lang='grc' dir='ltr'>Ὀρθ.</span> <span class='ocrx_word' id='word_1_466' title='bbox 1816 1331 1841 1358; x_wconf 78' lang='lat' dir='ltr'><strong>El</strong></span> 
     </span>
    </p>
   </div>
   <div class='ocr_carea' id='block_1_54' title="bbox 229 1379 1015 1417">
    <p class='ocr_par' dir='ltr' id='par_1_54' title="bbox 229 1379 1014 1417">
     <span class='ocr_line' id='line_1_54' title="bbox 229 1379 1014 1417; baseline 0.003 -11"><span class='ocrx_word' id='word_1_467' title='bbox 229 1379 371 1415; x_wconf 76' lang='lat' dir='ltr'><strong>cumagis?</strong></span> <span class='ocrx_word' id='word_1_468' title='bbox 386 1379 462 1408; x_wconf 81' lang='lat' dir='ltr'><strong>0rl/t.</strong></span> <span class='ocrx_word' id='word_1_469' title='bbox 482 1379 510 1407; x_wconf 90' lang='lat' dir='ltr'><strong>Si</strong></span> <span class='ocrx_word' id='word_1_470' title='bbox 527 1380 637 1415; x_wconf 87' lang='lat' dir='ltr'><strong>quidem</strong></span> <span class='ocrx_word' id='word_1_471' title='bbox 650 1380 765 1415; x_wconf 88' lang='lat' dir='ltr'><strong>apostoli</strong></span> <span class='ocrx_word' id='word_1_472' title='bbox 782 1379 900 1416; x_wconf 89' lang='lat' dir='ltr'><strong>primum</strong></span> <span class='ocrx_word' id='word_1_473' title='bbox 912 1388 1014 1417; x_wconf 77' lang='lat' dir='ltr'><strong>cogno-</strong></span> 
     </span>
    </p>
   </div>
   <div class='ocr_carea' id='block_1_55' title="bbox 1067 1379 1839 1417">
    <p class='ocr_par' dir='ltr' id='par_1_55' title="bbox 1070 1379 1839 1416">
     <span class='ocr_line' id='line_1_55' title="bbox 1070 1379 1839 1416; baseline 0.001 -9"><span class='ocrx_word' id='word_1_474' title='bbox 1070 1381 1118 1416; x_wconf 75' lang='grc' dir='ltr'>μὲν</span> <span class='ocrx_word' id='word_1_475' title='bbox 1130 1380 1234 1416; x_wconf 78' lang='grc' dir='ltr'>πρῶτον</span> <span class='ocrx_word' id='word_1_476' title='bbox 1249 1379 1370 1414; x_wconf 75' lang='grc' dir='ltr'><strong>ἔγνωσαν</strong></span> <span class='ocrx_word' id='word_1_477' title='bbox 1385 1380 1409 1406; x_wconf 79' lang='grc' dir='ltr'>οἱ</span> <span class='ocrx_word' id='word_1_478' title='bbox 1439 1380 1511 1414; x_wconf 76' lang='grc' dir='ltr'>ἅγιοι</span> <span class='ocrx_word' id='word_1_479' title='bbox 1534 1380 1678 1408; x_wconf 74' lang='grc' dir='ltr'>ἀπόστολοι</span> <span class='ocrx_word' id='word_1_480' title='bbox 1692 1380 1722 1407; x_wconf 74' lang='grc' dir='ltr'>τὸ</span> <span class='ocrx_word' id='word_1_481' title='bbox 1732 1379 1839 1414; x_wconf 81' lang='grc' dir='ltr'>Πνεῦμα,</span> 
     </span>
    </p>
   </div>
   <div class='ocr_carea' id='block_1_56' title="bbox 228 1423 1015 1462">
    <p class='ocr_par' dir='ltr' id='par_1_56' title="bbox 228 1426 1015 1462">
     <span class='ocr_line' id='line_1_56' title="bbox 228 1426 1015 1462; baseline 0.001 -8"><span class='ocrx_word' id='word_1_482' title='bbox 228 1431 328 1455; x_wconf 87' lang='lat' dir='ltr'><strong>verunt</strong></span> <span class='ocrx_word' id='word_1_483' title='bbox 352 1426 496 1462; x_wconf 84' lang='lat' dir='ltr'><strong>Spiritum,</strong></span> <span class='ocrx_word' id='word_1_484' title='bbox 518 1434 550 1454; x_wconf 89' lang='lat' dir='ltr'><strong>ac</strong></span> <span class='ocrx_word' id='word_1_485' title='bbox 574 1428 611 1454; x_wconf 86' lang='lat' dir='ltr'><strong>ita</strong></span> <span class='ocrx_word' id='word_1_486' title='bbox 632 1426 741 1454; x_wconf 89' lang='lat' dir='ltr'><strong>demum</strong></span> <span class='ocrx_word' id='word_1_487' title='bbox 764 1427 876 1460; x_wconf 86' lang='lat' dir='ltr'><strong>Filium,</strong></span> <span class='ocrx_word' id='word_1_488' title='bbox 892 1432 966 1455; x_wconf 88' lang='lat' dir='ltr'><strong>recte</strong></span> <span class='ocrx_word' id='word_1_489' title='bbox 988 1431 1015 1455; x_wconf 89' lang='lat' dir='ltr'><strong>et</strong></span> 
     </span>
    </p>
   </div>
   <div class='ocr_carea' id='block_1_57' title="bbox 1067 1423 1840 1462">
    <p class='ocr_par' dir='ltr' id='par_1_57' title="bbox 1068 1423 1840 1462">
     <span class='ocr_line' id='line_1_57' title="bbox 1068 1423 1840 1462; baseline -0.004 -9"><span class='ocrx_word' id='word_1_490' title='bbox 1068 1427 1116 1453; x_wconf 74' lang='grc' dir='ltr'>καὶ</span> <span class='ocrx_word' id='word_1_491' title='bbox 1132 1427 1192 1453; x_wconf 78' lang='grc' dir='ltr'>τότε</span> <span class='ocrx_word' id='word_1_492' title='bbox 1207 1426 1254 1453; x_wconf 79' lang='grc' dir='ltr'><strong>τὸν</strong></span> <span class='ocrx_word' id='word_1_493' title='bbox 1273 1426 1349 1457; x_wconf 82' lang='grc' dir='ltr'>Υἰὸν,</span> <span class='ocrx_word' id='word_1_494' title='bbox 1367 1425 1456 1458; x_wconf 84' lang='grc' dir='ltr'>καλῶς</span> <span class='ocrx_word' id='word_1_495' title='bbox 1469 1426 1560 1453; x_wconf 76' lang='grc' dir='ltr'>καὶσὺ</span> <span class='ocrx_word' id='word_1_496' title='bbox 1575 1426 1716 1462; x_wconf 73' lang='grc' dir='ltr'><strong>ἐπιζητεῖς</strong></span> <span class='ocrx_word' id='word_1_497' title='bbox 1728 1426 1775 1460; x_wconf 70' lang='grc' dir='ltr'><strong>τὴν</strong></span> <span class='ocrx_word' id='word_1_498' title='bbox 1787 1423 1840 1459; x_wconf 78' lang='grc' dir='ltr'>περὶ</span> 
     </span>
    </p>
   </div>
   <div class='ocr_carea' id='block_1_58' title="bbox 228 1470 1015 1509">
    <p class='ocr_par' dir='ltr' id='par_1_58' title="bbox 228 1473 1015 1509">
     <span class='ocr_line' id='line_1_58' title="bbox 228 1473 1015 1509; baseline 0.004 -10"><span class='ocrx_word' id='word_1_499' title='bbox 228 1477 258 1500; x_wconf 82' lang='grc' dir='ltr'><strong>ιιι</strong></span> <span class='ocrx_word' id='word_1_500' title='bbox 274 1473 423 1508; x_wconf 79' lang='lat' dir='ltr'><strong>investigas</strong></span> <span class='ocrx_word' id='word_1_501' title='bbox 438 1477 464 1500; x_wconf 87' lang='lat' dir='ltr'><strong>et</strong></span> <span class='ocrx_word' id='word_1_502' title='bbox 476 1473 594 1509; x_wconf 87' lang='lat' dir='ltr'><strong>Spiritus</strong></span> <span class='ocrx_word' id='word_1_503' title='bbox 610 1475 696 1501; x_wconf 85' lang='lat' dir='ltr'><strong>sancti</strong></span> <span class='ocrx_word' id='word_1_504' title='bbox 709 1474 835 1501; x_wconf 85' lang='lat' dir='ltr'><strong>notitiam</strong></span> <span class='ocrx_word' id='word_1_505' title='bbox 851 1478 913 1502; x_wconf 80' lang='lat' dir='ltr'><strong>ante</strong></span> <span class='ocrx_word' id='word_1_506' title='bbox 925 1473 1015 1502; x_wconf 80' lang='lat' dir='ltr'><strong>Patris</strong></span> 
     </span>
    </p>
   </div>
   <div class='ocr_carea' id='block_1_59' title="bbox 1067 1470 1841 1509">
    <p class='ocr_par' dir='ltr' id='par_1_59' title="bbox 1070 1470 1841 1509">
     <span class='ocr_line' id='line_1_59' title="bbox 1070 1470 1841 1509; baseline -0.005 -9"><span class='ocrx_word' id='word_1_507' title='bbox 1070 1472 1116 1500; x_wconf 77' lang='grc' dir='ltr'><strong>τοῦ</strong></span> <span class='ocrx_word' id='word_1_508' title='bbox 1144 1472 1302 1508; x_wconf 80' lang='grc' dir='ltr'>Πνεὺματος</span> <span class='ocrx_word' id='word_1_509' title='bbox 1318 1473 1417 1506; x_wconf 86' lang='grc' dir='ltr'>γνῶσιν</span> <span class='ocrx_word' id='word_1_510' title='bbox 1438 1473 1494 1509; x_wconf 88' lang='lat'><strong>(99)</strong></span> <span class='ocrx_word' id='word_1_511' title='bbox 1525 1472 1578 1509; x_wconf 77' lang='grc' dir='ltr'><strong>πρὸ</strong></span> <span class='ocrx_word' id='word_1_512' title='bbox 1601 1473 1653 1509; x_wconf 83' lang='grc' dir='ltr'><strong>τῆς</strong></span> <span class='ocrx_word' id='word_1_513' title='bbox 1677 1471 1723 1499; x_wconf 75' lang='grc' dir='ltr'><strong>τοῦ</strong></span> <span class='ocrx_word' id='word_1_514' title='bbox 1748 1470 1841 1506; x_wconf 59' lang='grc' dir='ltr'>Πατρός</span> 
     </span>
    </p>
   </div>
   <div class='ocr_carea' id='block_1_60' title="bbox 227 1513 1015 1566">
    <p class='ocr_par' dir='ltr' id='par_1_60' title="bbox 227 1513 1015 1555">
     <span class='ocr_line' id='line_1_60' title="bbox 227 1513 1015 1555; baseline 0.001 -9"><span class='ocrx_word' id='word_1_515' title='bbox 227 1519 423 1555; x_wconf 77' lang='lat' dir='ltr'><strong>cognitionem.</strong></span> <span class='ocrx_word' id='word_1_516' title='bbox 438 1519 515 1552; x_wconf 86' lang='lat' dir='ltr'><strong>Quod</strong></span> <span class='ocrx_word' id='word_1_517' title='bbox 530 1519 552 1547; x_wconf 86' lang='lat' dir='ltr'><strong>si</strong></span> <span class='ocrx_word' id='word_1_518' title='bbox 566 1519 642 1555; x_wconf 87' lang='lat' dir='ltr'><strong>prius</strong></span> <span class='ocrx_word' id='word_1_519' title='bbox 658 1519 712 1547; x_wconf 88' lang='lat' dir='ltr'><strong>iiiis</strong></span> <span class='ocrx_word' id='word_1_520' title='bbox 727 1513 813 1547; x_wconf 74' lang='lat' dir='ltr'><strong>Filius</strong></span> <span class='ocrx_word' id='word_1_521' title='bbox 824 1519 946 1547; x_wconf 88' lang='lat' dir='ltr'><strong>innotuit</strong></span> <span class='ocrx_word' id='word_1_522' title='bbox 960 1539 967 1550; x_wconf 92' lang='lat'><strong>.</strong></span> <span class='ocrx_word' id='word_1_523' title='bbox 984 1527 1015 1548; x_wconf 89' lang='lat' dir='ltr'><strong>ac</strong></span> 
     </span>
    </p>
   </div>
   <div class='ocr_carea' id='block_1_61' title="bbox 1067 1513 1839 1566">
    <p class='ocr_par' dir='ltr' id='par_1_61' title="bbox 1070 1516 1839 1554">
     <span class='ocr_line' id='line_1_61' title="bbox 1070 1516 1839 1554; baseline -0.004 -9"><span class='ocrx_word' id='word_1_524' title='bbox 1070 1518 1196 1553; x_wconf 82' lang='grc' dir='ltr'>γνώσεως</span> <span class='ocrx_word' id='word_1_525' title='bbox 1223 1526 1231 1534; x_wconf 87' lang='grc'><strong>·</strong></span> <span class='ocrx_word' id='word_1_526' title='bbox 1244 1519 1269 1545; x_wconf 78' lang='grc' dir='ltr'><strong>εί</strong></span> <span class='ocrx_word' id='word_1_527' title='bbox 1284 1518 1313 1545; x_wconf 83' lang='grc' dir='ltr'>δὲ</span> <span class='ocrx_word' id='word_1_528' title='bbox 1343 1518 1473 1554; x_wconf 79' lang='grc' dir='ltr'>πρότερον</span> <span class='ocrx_word' id='word_1_529' title='bbox 1497 1518 1620 1554; x_wconf 72' lang='grc' dir='ltr'>ἐγνώσθη</span> <span class='ocrx_word' id='word_1_530' title='bbox 1651 1519 1740 1550; x_wconf 78' lang='grc' dir='ltr'>αὑτοῖς</span> <span class='ocrx_word' id='word_1_531' title='bbox 1752 1516 1839 1547; x_wconf 82' lang='grc' dir='ltr'>ὸΥἱὸς,</span> 
     </span>
    </p>
   </div>
   <div class='ocr_carea' id='block_1_62' title="bbox 227 1564 1013 1601">
    <p class='ocr_par' dir='ltr' id='par_1_62' title="bbox 227 1564 1013 1601">
     <span class='ocr_line' id='line_1_62' title="bbox 227 1564 1013 1601; baseline -0.001 -8"><span class='ocrx_word' id='word_1_532' title='bbox 227 1565 358 1601; x_wconf 85' lang='lat' dir='ltr'><strong>deinceps</strong></span> <span class='ocrx_word' id='word_1_533' title='bbox 376 1564 494 1601; x_wconf 88' lang='lat' dir='ltr'><strong>Spiritus</strong></span> <span class='ocrx_word' id='word_1_534' title='bbox 506 1571 619 1594; x_wconf 90' lang='lat' dir='ltr'><strong>sanctus</strong></span> <span class='ocrx_word' id='word_1_535' title='bbox 636 1576 642 1593; x_wconf 93' lang='lat'><strong>:</strong></span> <span class='ocrx_word' id='word_1_536' title='bbox 660 1570 689 1593; x_wconf 89' lang='lat' dir='ltr'><strong>tu</strong></span> <span class='ocrx_word' id='word_1_537' title='bbox 709 1573 819 1601; x_wconf 85' lang='lat' dir='ltr'><strong>quoque</strong></span> <span class='ocrx_word' id='word_1_538' title='bbox 830 1566 948 1601; x_wconf 87' lang='lat' dir='ltr'><strong>primum</strong></span> <span class='ocrx_word' id='word_1_539' title='bbox 967 1565 1013 1593; x_wconf 87' lang='lat' dir='ltr'><strong>Fi-</strong></span> 
     </span>
    </p>
   </div>
   <div class='ocr_carea' id='block_1_63' title="bbox 227 1611 1013 1647">
    <p class='ocr_par' dir='ltr' id='par_1_63' title="bbox 227 1611 1013 1647">
     <span class='ocr_line' id='line_1_63' title="bbox 227 1611 1013 1647; baseline 0.001 -8"><span class='ocrx_word' id='word_1_540' title='bbox 227 1611 257 1640; x_wconf 87' lang='lat' dir='ltr'><strong>lii</strong></span> <span class='ocrx_word' id='word_1_541' title='bbox 272 1619 355 1640; x_wconf 90' lang='lat' dir='ltr'><strong>noscc</strong></span> <span class='ocrx_word' id='word_1_542' title='bbox 369 1611 508 1644; x_wconf 86' lang='lat' dir='ltr'><strong>deitatem,</strong></span> <span class='ocrx_word' id='word_1_543' title='bbox 530 1620 562 1639; x_wconf 92' lang='lat' dir='ltr'><strong>ac</strong></span> <span class='ocrx_word' id='word_1_544' title='bbox 577 1617 634 1639; x_wconf 88' lang='lat' dir='ltr'><strong>tum</strong></span> <span class='ocrx_word' id='word_1_545' title='bbox 658 1611 779 1647; x_wconf 88' lang='lat' dir='ltr'><strong>Spiritus</strong></span> <span class='ocrx_word' id='word_1_546' title='bbox 795 1613 920 1640; x_wconf 79' lang='lat' dir='ltr'><strong>notitiam</strong></span> <span class='ocrx_word' id='word_1_547' title='bbox 937 1619 1013 1640; x_wconf 87' lang='lat' dir='ltr'><strong>asse-</strong></span> 
     </span>
    </p>
   </div>
   <div class='ocr_carea' id='block_1_64' title="bbox 229 1657 1014 1693">
    <p class='ocr_par' dir='ltr' id='par_1_64' title="bbox 229 1657 1014 1693">
     <span class='ocr_line' id='line_1_64' title="bbox 229 1657 1014 1693; baseline 0 -9"><span class='ocrx_word' id='word_1_548' title='bbox 229 1666 322 1693; x_wconf 81' lang='lat' dir='ltr'><strong>qnere.</strong></span> <span class='ocrx_word' id='word_1_549' title='bbox 343 1657 448 1686; x_wconf 83' lang='lat' dir='ltr'><strong>Maced.</strong></span> <span class='ocrx_word' id='word_1_550' title='bbox 474 1658 552 1689; x_wconf 71' lang='lat' dir='ltr'><strong>Novi.</strong></span> <span class='ocrx_word' id='word_1_551' title='bbox 576 1663 603 1686; x_wconf 88' lang='lat' dir='ltr'><strong>et</strong></span> <span class='ocrx_word' id='word_1_552' title='bbox 621 1658 713 1690; x_wconf 82' lang='lat' dir='ltr'><strong>credo,</strong></span> <span class='ocrx_word' id='word_1_553' title='bbox 731 1658 829 1686; x_wconf 81' lang='lat' dir='ltr'><strong>Filium</strong></span> <span class='ocrx_word' id='word_1_554' title='bbox 849 1666 910 1686; x_wconf 90' lang='lat' dir='ltr'><strong>esse</strong></span> <span class='ocrx_word' id='word_1_555' title='bbox 930 1658 1014 1686; x_wconf 88' lang='lat' dir='ltr'><strong>Deum</strong></span> 
     </span>
    </p>
   </div>
   <div class='ocr_carea' id='block_1_65' title="bbox 227 1703 1014 1740">
    <p class='ocr_par' dir='ltr' id='par_1_65' title="bbox 227 1703 1014 1740">
     <span class='ocr_line' id='line_1_65' title="bbox 227 1703 1014 1740; baseline 0.001 -10"><span class='ocrx_word' id='word_1_556' title='bbox 227 1712 260 1731; x_wconf 80' lang='lat' dir='ltr'><strong>ex</strong></span> <span class='ocrx_word' id='word_1_557' title='bbox 275 1704 331 1731; x_wconf 88' lang='lat' dir='ltr'><strong>Deo</strong></span> <span class='ocrx_word' id='word_1_558' title='bbox 343 1703 423 1732; x_wconf 84' lang='lat' dir='ltr'><strong>Patre</strong></span> <span class='ocrx_word' id='word_1_559' title='bbox 433 1704 566 1740; x_wconf 80' lang='lat' dir='ltr'><strong>genitum,</strong></span> <span class='ocrx_word' id='word_1_560' title='bbox 578 1707 665 1732; x_wconf 91' lang='lat' dir='ltr'><strong>totum</strong></span> <span class='ocrx_word' id='word_1_561' title='bbox 676 1712 709 1732; x_wconf 83' lang='lat' dir='ltr'><strong>ex</strong></span> <span class='ocrx_word' id='word_1_562' title='bbox 721 1709 788 1732; x_wconf 89' lang='lat' dir='ltr'><strong>toto.</strong></span> <span class='ocrx_word' id='word_1_563' title='bbox 802 1703 878 1732; x_wconf 81' lang='lat' dir='ltr'><strong>Ortlt.</strong></span> <span class='ocrx_word' id='word_1_564' title='bbox 888 1704 973 1739; x_wconf 80' lang='lat' dir='ltr'><strong>Igitur</strong></span> <span class='ocrx_word' id='word_1_565' title='bbox 981 1712 1014 1732; x_wconf 78' lang='lat' dir='ltr'><strong>ex</strong></span> 
     </span>
    </p>
   </div>
   <div class='ocr_carea' id='block_1_66' title="bbox 227 1747 1015 1785">
    <p class='ocr_par' dir='ltr' id='par_1_66' title="bbox 227 1747 1015 1785">
     <span class='ocr_line' id='line_1_66' title="bbox 227 1747 1015 1785; baseline 0 -9"><span class='ocrx_word' id='word_1_566' title='bbox 227 1747 318 1777; x_wconf 82' lang='lat' dir='ltr'><strong>Patris</strong></span> <span class='ocrx_word' id='word_1_567' title='bbox 330 1749 503 1777; x_wconf 85' lang='lat' dir='ltr'><strong>substantia?</strong></span> <span class='ocrx_word' id='word_1_568' title='bbox 515 1748 619 1777; x_wconf 71' lang='lat' dir='ltr'><strong>Macati.</strong></span> <span class='ocrx_word' id='word_1_569' title='bbox 632 1748 702 1777; x_wconf 85' lang='lat' dir='ltr'><strong>Non.</strong></span> <span class='ocrx_word' id='word_1_570' title='bbox 715 1749 792 1777; x_wconf 76' lang='lat' dir='ltr'><strong>Ortli.</strong></span> <span class='ocrx_word' id='word_1_571' title='bbox 808 1749 847 1777; x_wconf 84' lang='lat' dir='ltr'><strong>Ita</strong></span> <span class='ocrx_word' id='word_1_572' title='bbox 859 1750 941 1785; x_wconf 76' lang='lat' dir='ltr'><strong>igitur</strong></span> <span class='ocrx_word' id='word_1_573' title='bbox 951 1757 1015 1777; x_wconf 91' lang='lat' dir='ltr'><strong>eum</strong></span> 
     </span>
    </p>
   </div>
   <div class='ocr_carea' id='block_1_67' title="bbox 228 1795 1013 1830">
    <p class='ocr_par' dir='ltr' id='par_1_67' title="bbox 228 1795 1013 1830">
     <span class='ocr_line' id='line_1_67' title="bbox 228 1795 1013 1830; baseline 0 -8"><span class='ocrx_word' id='word_1_574' title='bbox 228 1795 298 1823; x_wconf 90' lang='lat' dir='ltr'><strong>dicis</strong></span> <span class='ocrx_word' id='word_1_575' title='bbox 314 1802 376 1822; x_wconf 87' lang='lat' dir='ltr'><strong>esse</strong></span> <span class='ocrx_word' id='word_1_576' title='bbox 390 1799 476 1822; x_wconf 88' lang='lat' dir='ltr'><strong>totum</strong></span> <span class='ocrx_word' id='word_1_577' title='bbox 496 1803 529 1822; x_wconf 78' lang='lat' dir='ltr'><strong>ex</strong></span> <span class='ocrx_word' id='word_1_578' title='bbox 546 1799 614 1826; x_wconf 81' lang='lat' dir='ltr'><strong>toto,</strong></span> <span class='ocrx_word' id='word_1_579' title='bbox 635 1799 666 1822; x_wconf 86' lang='lat' dir='ltr'><strong>ut</strong></span> <span class='ocrx_word' id='word_1_580' title='bbox 681 1796 829 1830; x_wconf 88' lang='lat' dir='ltr'><strong>quemlibet</strong></span> <span class='ocrx_word' id='word_1_581' title='bbox 843 1795 1013 1830; x_wconf 81' lang='lat' dir='ltr'><strong>angelorum,</strong></span> 
     </span>
    </p>
   </div>
   <div class='ocr_carea' id='block_1_68' title="bbox 227 1840 1014 1876">
    <p class='ocr_par' dir='ltr' id='par_1_68' title="bbox 227 1840 1014 1876">
     <span class='ocr_line' id='line_1_68' title="bbox 227 1840 1014 1876; baseline 0 -8"><span class='ocrx_word' id='word_1_582' title='bbox 227 1844 255 1868; x_wconf 85' lang='lat' dir='ltr'><strong>et</strong></span> <span class='ocrx_word' id='word_1_583' title='bbox 269 1844 382 1868; x_wconf 73' lang='lat' dir='ltr'><strong>caeteras</strong></span> <span class='ocrx_word' id='word_1_584' title='bbox 396 1848 440 1868; x_wconf 89' lang='lat' dir='ltr'><strong>res</strong></span> <span class='ocrx_word' id='word_1_585' title='bbox 453 1841 578 1868; x_wconf 82' lang='lat' dir='ltr'><strong>creatas?</strong></span> <span class='ocrx_word' id='word_1_586' title='bbox 591 1840 695 1868; x_wconf 66' lang='lat' dir='ltr'><strong>Macati.</strong></span> <span class='ocrx_word' id='word_1_587' title='bbox 711 1840 765 1869; x_wconf 86' lang='lat' dir='ltr'><strong>Sed</strong></span> <span class='ocrx_word' id='word_1_588' title='bbox 787 1841 872 1869; x_wconf 86' lang='lat' dir='ltr'><strong>Filius</strong></span> <span class='ocrx_word' id='word_1_589' title='bbox 891 1841 1014 1876; x_wconf 83' lang='lat' dir='ltr'><strong>unigeni-</strong></span> 
     </span>
    </p>
   </div>
   <div class='ocr_carea' id='block_1_69' title="bbox 228 1885 1014 1922">
    <p class='ocr_par' dir='ltr' id='par_1_69' title="bbox 228 1885 1014 1922">
     <span class='ocr_line' id='line_1_69' title="bbox 228 1885 1014 1922; baseline 0 -8"><span class='ocrx_word' id='word_1_590' title='bbox 228 1891 274 1914; x_wconf 86' lang='lat' dir='ltr'><strong>tus</strong></span> <span class='ocrx_word' id='word_1_591' title='bbox 289 1890 331 1914; x_wconf 89' lang='lat' dir='ltr'><strong>est</strong></span> <span class='ocrx_word' id='word_1_592' title='bbox 347 1885 429 1913; x_wconf 89' lang='lat' dir='ltr'><strong>Deus.</strong></span> <span class='ocrx_word' id='word_1_593' title='bbox 448 1886 526 1914; x_wconf 83' lang='lat' dir='ltr'><strong>Orlh.</strong></span> <span class='ocrx_word' id='word_1_594' title='bbox 549 1887 590 1914; x_wconf 87' lang='lat' dir='ltr'><strong>An</strong></span> <span class='ocrx_word' id='word_1_595' title='bbox 605 1895 666 1914; x_wconf 92' lang='lat' dir='ltr'><strong>eum</strong></span> <span class='ocrx_word' id='word_1_596' title='bbox 685 1891 829 1922; x_wconf 84' lang='lat' dir='ltr'><strong>propterea</strong></span> <span class='ocrx_word' id='word_1_597' title='bbox 844 1887 1014 1922; x_wconf 81' lang='lat' dir='ltr'><strong>unigenitum</strong></span> 
     </span>
    </p>
   </div>
   <div class='ocr_carea' id='block_1_70' title="bbox 226 1933 1014 1968">
    <p class='ocr_par' dir='ltr' id='par_1_70' title="bbox 226 1933 1014 1968">
     <span class='ocr_line' id='line_1_70' title="bbox 226 1933 1014 1968; baseline -0.001 -7"><span class='ocrx_word' id='word_1_598' title='bbox 226 1940 320 1967; x_wconf 79' lang='lat' dir='ltr'><strong>vocas,</strong></span> <span class='ocrx_word' id='word_1_599' title='bbox 335 1933 463 1968; x_wconf 84' lang='lat' dir='ltr'><strong>quoniam</strong></span> <span class='ocrx_word' id='word_1_600' title='bbox 478 1933 548 1961; x_wconf 91' lang='lat' dir='ltr'><strong>alius</strong></span> <span class='ocrx_word' id='word_1_601' title='bbox 563 1933 662 1961; x_wconf 86' lang='lat' dir='ltr'><strong>similis</strong></span> <span class='ocrx_word' id='word_1_602' title='bbox 674 1941 727 1960; x_wconf 93' lang='lat' dir='ltr'><strong>non</strong></span> <span class='ocrx_word' id='word_1_603' title='bbox 745 1937 797 1963; x_wconf 86' lang='lat' dir='ltr'><strong>est,</strong></span> <span class='ocrx_word' id='word_1_604' title='bbox 811 1941 844 1960; x_wconf 86' lang='lat' dir='ltr'><strong>an</strong></span> <span class='ocrx_word' id='word_1_605' title='bbox 859 1941 925 1960; x_wconf 88' lang='lat' dir='ltr'><strong>vero</strong></span> <span class='ocrx_word' id='word_1_606' title='bbox 944 1941 1014 1968; x_wconf 88' lang='lat' dir='ltr'><strong>quo-</strong></span> 
     </span>
    </p>
   </div>
   <div class='ocr_carea' id='block_1_71' title="bbox 227 1977 1014 2015">
    <p class='ocr_par' dir='ltr' id='par_1_71' title="bbox 227 1977 1014 2015">
     <span class='ocr_line' id='line_1_71' title="bbox 227 1977 1014 2015; baseline 0.003 -10"><span class='ocrx_word' id='word_1_607' title='bbox 227 1978 300 2005; x_wconf 90' lang='lat' dir='ltr'><strong>niam</strong></span> <span class='ocrx_word' id='word_1_608' title='bbox 313 1978 389 2006; x_wconf 89' lang='lat' dir='ltr'><strong>solus</strong></span> <span class='ocrx_word' id='word_1_609' title='bbox 400 1986 433 2006; x_wconf 79' lang='lat' dir='ltr'><strong>ex</strong></span> <span class='ocrx_word' id='word_1_610' title='bbox 444 1978 598 2006; x_wconf 86' lang='lat' dir='ltr'><strong>substantia</strong></span> <span class='ocrx_word' id='word_1_611' title='bbox 608 1978 716 2014; x_wconf 76' lang='lat' dir='ltr'><strong>genitus</strong></span> <span class='ocrx_word' id='word_1_612' title='bbox 729 1977 810 2015; x_wconf 63' lang='lat' dir='ltr'><strong>M3</strong></span> <span class='ocrx_word' id='word_1_613' title='bbox 826 1979 890 2007; x_wconf 82' lang='lat' dir='ltr'><strong>est?</strong></span> <span class='ocrx_word' id='word_1_614' title='bbox 911 1979 1014 2007; x_wconf 81' lang='lat' dir='ltr'><strong>Maced.</strong></span> 
     </span>
    </p>
   </div>
   <div class='ocr_carea' id='block_1_72' title="bbox 228 2024 1013 2060">
    <p class='ocr_par' dir='ltr' id='par_1_72' title="bbox 228 2024 1013 2060">
     <span class='ocr_line' id='line_1_72' title="bbox 228 2024 1013 2060; baseline 0.001 -9"><span class='ocrx_word' id='word_1_615' title='bbox 228 2024 362 2058; x_wconf 86' lang='lat' dir='ltr'><strong>Quoniam</strong></span> <span class='ocrx_word' id='word_1_616' title='bbox 375 2025 446 2053; x_wconf 87' lang='lat' dir='ltr'><strong>alius</strong></span> <span class='ocrx_word' id='word_1_617' title='bbox 454 2025 551 2053; x_wconf 85' lang='lat' dir='ltr'><strong>similis</strong></span> <span class='ocrx_word' id='word_1_618' title='bbox 564 2033 618 2052; x_wconf 92' lang='lat' dir='ltr'><strong>non</strong></span> <span class='ocrx_word' id='word_1_619' title='bbox 627 2028 679 2052; x_wconf 87' lang='lat' dir='ltr'><strong>est.</strong></span> <span class='ocrx_word' id='word_1_620' title='bbox 693 2025 770 2053; x_wconf 80' lang='lat' dir='ltr'><strong>Orth.</strong></span> <span class='ocrx_word' id='word_1_621' title='bbox 780 2025 828 2052; x_wconf 86' lang='lat' dir='ltr'><strong>Dic</strong></span> <span class='ocrx_word' id='word_1_622' title='bbox 840 2025 923 2060; x_wconf 73' lang='lat' dir='ltr'><strong>igitur</strong></span> <span class='ocrx_word' id='word_1_623' title='bbox 931 2025 1013 2053; x_wconf 86' lang='lat' dir='ltr'><strong>etiam</strong></span> 
     </span>
    </p>
   </div>
   <div class='ocr_carea' id='block_1_73' title="bbox 227 2067 1013 2106">
    <p class='ocr_par' dir='ltr' id='par_1_73' title="bbox 227 2067 1013 2106">
     <span class='ocr_line' id='line_1_73' title="bbox 227 2067 1013 2106; baseline 0.001 -9"><span class='ocrx_word' id='word_1_624' title='bbox 227 2069 358 2106; x_wconf 85' lang='lat' dir='ltr'><strong>Spiritum</strong></span> <span class='ocrx_word' id='word_1_625' title='bbox 369 2074 493 2098; x_wconf 84' lang='lat' dir='ltr'><strong>sanctum</strong></span> <span class='ocrx_word' id='word_1_626' title='bbox 503 2078 564 2098; x_wconf 89' lang='lat' dir='ltr'><strong>esse</strong></span> <span class='ocrx_word' id='word_1_627' title='bbox 575 2067 672 2098; x_wconf 73' lang='lat' dir='ltr'><strong>Filium</strong></span> <span class='ocrx_word' id='word_1_628' title='bbox 681 2071 860 2106; x_wconf 77' lang='lat' dir='ltr'><strong>unigenitum.</strong></span> <span class='ocrx_word' id='word_1_629' title='bbox 874 2071 928 2099; x_wconf 85' lang='lat' dir='ltr'><strong>Nec</strong></span> <span class='ocrx_word' id='word_1_630' title='bbox 940 2072 1013 2098; x_wconf 87' lang='lat' dir='ltr'><strong>enint</strong></span> 
     </span>
    </p>
   </div>
   <div class='ocr_carea' id='block_1_74' title="bbox 227 2116 1013 2152">
    <p class='ocr_par' dir='ltr' id='par_1_74' title="bbox 227 2116 1013 2152">
     <span class='ocr_line' id='line_1_74' title="bbox 227 2116 1013 2152; baseline 0.001 -8"><span class='ocrx_word' id='word_1_631' title='bbox 227 2117 298 2145; x_wconf 88' lang='lat' dir='ltr'><strong>alius</strong></span> <span class='ocrx_word' id='word_1_632' title='bbox 312 2121 354 2144; x_wconf 89' lang='lat' dir='ltr'><strong>est</strong></span> <span class='ocrx_word' id='word_1_633' title='bbox 371 2116 489 2152; x_wconf 87' lang='lat' dir='ltr'><strong>Spiritus</strong></span> <span class='ocrx_word' id='word_1_634' title='bbox 503 2117 611 2145; x_wconf 88' lang='lat' dir='ltr'><strong>similis.</strong></span> <span class='ocrx_word' id='word_1_635' title='bbox 628 2116 732 2144; x_wconf 76' lang='lat' dir='ltr'><strong>Maced.</strong></span> <span class='ocrx_word' id='word_1_636' title='bbox 748 2117 839 2144; x_wconf 86' lang='lat' dir='ltr'><strong>Absit!</strong></span> <span class='ocrx_word' id='word_1_637' title='bbox 857 2117 933 2144; x_wconf 77' lang='lat' dir='ltr'><strong>Ortlt.</strong></span> <span class='ocrx_word' id='word_1_638' title='bbox 954 2117 1013 2145; x_wconf 88' lang='lat' dir='ltr'><strong>Non</strong></span> 
     </span>
    </p>
   </div>
   <div class='ocr_carea' id='block_1_75' title="bbox 225 2162 1013 2198">
    <p class='ocr_par' dir='ltr' id='par_1_75' title="bbox 225 2162 1013 2198">
     <span class='ocr_line' id='line_1_75' title="bbox 225 2162 1013 2198; baseline 0.001 -9"><span class='ocrx_word' id='word_1_639' title='bbox 225 2169 292 2198; x_wconf 78' lang='lat' dir='ltr'><strong>ergo</strong></span> <span class='ocrx_word' id='word_1_640' title='bbox 307 2162 409 2190; x_wconf 86' lang='lat' dir='ltr'><strong>dicitur</strong></span> <span class='ocrx_word' id='word_1_641' title='bbox 423 2162 592 2198; x_wconf 80' lang='lat' dir='ltr'><strong>unigenitus,</strong></span> <span class='ocrx_word' id='word_1_642' title='bbox 606 2170 639 2189; x_wconf 84' lang='lat' dir='ltr'><strong>eo</strong></span> <span class='ocrx_word' id='word_1_643' title='bbox 653 2162 725 2197; x_wconf 89' lang='lat' dir='ltr'><strong>quod</strong></span> <span class='ocrx_word' id='word_1_644' title='bbox 738 2163 814 2190; x_wconf 91' lang='lat' dir='ltr'><strong>solus</strong></span> <span class='ocrx_word' id='word_1_645' title='bbox 828 2162 864 2190; x_wconf 89' lang='lat' dir='ltr'><strong>sit</strong></span> <span class='ocrx_word' id='word_1_646' title='bbox 879 2163 952 2195; x_wconf 85' lang='lat' dir='ltr'><strong>talis,</strong></span> <span class='ocrx_word' id='word_1_647' title='bbox 965 2163 1013 2190; x_wconf 87' lang='lat' dir='ltr'><strong>sed</strong></span> 
     </span>
    </p>
   </div>
   <div class='ocr_carea' id='block_1_76' title="bbox 1069 1561 1839 1600">
    <p class='ocr_par' dir='ltr' id='par_1_76' title="bbox 1069 1561 1839 1600">
     <span class='ocr_line' id='line_1_76' title="bbox 1069 1561 1839 1600; baseline -0.005 -8"><span class='ocrx_word' id='word_1_648' title='bbox 1069 1566 1116 1592; x_wconf 81' lang='grc' dir='ltr'><strong>καὶ</strong></span> <span class='ocrx_word' id='word_1_649' title='bbox 1132 1565 1193 1592; x_wconf 79' lang='grc' dir='ltr'>τότε</span> <span class='ocrx_word' id='word_1_650' title='bbox 1215 1564 1245 1591; x_wconf 80' lang='grc' dir='ltr'>τὸ</span> <span class='ocrx_word' id='word_1_651' title='bbox 1261 1564 1385 1600; x_wconf 73' lang='grc' dir='ltr'>Πνεῦμα.</span> <span class='ocrx_word' id='word_1_652' title='bbox 1405 1565 1538 1600; x_wconf 82' lang='grc' dir='ltr'>πρότερον</span> <span class='ocrx_word' id='word_1_653' title='bbox 1563 1565 1609 1592; x_wconf 76' lang='grc' dir='ltr'><strong>καὶ</strong></span> <span class='ocrx_word' id='word_1_654' title='bbox 1631 1564 1712 1597; x_wconf 76' lang='grc' dir='ltr'>αὑτὸς</span> <span class='ocrx_word' id='word_1_655' title='bbox 1726 1561 1839 1598; x_wconf 84' lang='grc' dir='ltr'>ὲπὶγνωθι</span> 
     </span>
    </p>
   </div>
   <div class='ocr_carea' id='block_1_77' title="bbox 1067 1607 1840 1645">
    <p class='ocr_par' dir='ltr' id='par_1_77' title="bbox 1067 1607 1840 1645">
     <span class='ocr_line' id='line_1_77' title="bbox 1067 1607 1840 1645; baseline -0.003 -11"><span class='ocrx_word' id='word_1_656' title='bbox 1067 1609 1117 1644; x_wconf 77' lang='grc' dir='ltr'><strong>τὴν</strong></span> <span class='ocrx_word' id='word_1_657' title='bbox 1139 1607 1186 1634; x_wconf 82' lang='grc' dir='ltr'><strong>τοῦ</strong></span> <span class='ocrx_word' id='word_1_658' title='bbox 1205 1608 1269 1635; x_wconf 81' lang='grc' dir='ltr'><strong>Υἱοῦ</strong></span> <span class='ocrx_word' id='word_1_659' title='bbox 1294 1608 1417 1644; x_wconf 81' lang='grc' dir='ltr'>θεότητα,</span> <span class='ocrx_word' id='word_1_660' title='bbox 1443 1609 1489 1635; x_wconf 78' lang='grc' dir='ltr'><strong>καὶ</strong></span> <span class='ocrx_word' id='word_1_661' title='bbox 1506 1608 1593 1641; x_wconf 78' lang='grc' dir='ltr'>οὕτως</span> <span class='ocrx_word' id='word_1_662' title='bbox 1609 1609 1720 1645; x_wconf 78' lang='grc' dir='ltr'>μαθήσῃ</span> <span class='ocrx_word' id='word_1_663' title='bbox 1736 1607 1780 1635; x_wconf 80' lang='grc' dir='ltr'><strong>καὶ</strong></span> <span class='ocrx_word' id='word_1_664' title='bbox 1797 1607 1840 1641; x_wconf 71' lang='grc' dir='ltr'><strong>τὴν</strong></span> 
     </span>
    </p>
   </div>
   <div class='ocr_carea' id='block_1_78' title="bbox 1068 1652 1837 1689">
    <p class='ocr_par' dir='ltr' id='par_1_78' title="bbox 1068 1652 1837 1689">
     <span class='ocr_line' id='line_1_78' title="bbox 1068 1652 1837 1689; baseline -0.001 -9"><span class='ocrx_word' id='word_1_665' title='bbox 1068 1653 1115 1681; x_wconf 79' lang='grc' dir='ltr'><strong>τοῦ</strong></span> <span class='ocrx_word' id='word_1_666' title='bbox 1135 1654 1294 1689; x_wconf 79' lang='grc' dir='ltr'>Πνεῦματος</span> <span class='ocrx_word' id='word_1_667' title='bbox 1314 1654 1424 1689; x_wconf 81' lang='grc' dir='ltr'>γνῶσιν.</span> <span class='ocrx_word' id='word_1_668' title='bbox 1457 1656 1533 1682; x_wconf 71' lang='lat' dir='ltr'><strong>Max.</strong></span> <span class='ocrx_word' id='word_1_669' title='bbox 1551 1652 1628 1686; x_wconf 84' lang='grc' dir='ltr'>Οἶδα,</span> <span class='ocrx_word' id='word_1_670' title='bbox 1646 1655 1693 1682; x_wconf 70' lang='grc' dir='ltr'>καὶ</span> <span class='ocrx_word' id='word_1_671' title='bbox 1722 1652 1837 1684; x_wconf 77' lang='grc' dir='ltr'><strong>πιστεύω,</strong></span> 
     </span>
    </p>
   </div>
   <div class='ocr_carea' id='block_1_79' title="bbox 1067 1700 1839 1737">
    <p class='ocr_par' dir='ltr' id='par_1_79' title="bbox 1067 1700 1839 1737">
     <span class='ocr_line' id='line_1_79' title="bbox 1067 1700 1839 1737; baseline -0.001 -10"><span class='ocrx_word' id='word_1_672' title='bbox 1067 1701 1108 1727; x_wconf 80' lang='grc' dir='ltr'><strong>ὅτι</strong></span> <span class='ocrx_word' id='word_1_673' title='bbox 1118 1701 1184 1733; x_wconf 87' lang='grc' dir='ltr'>Θεός</span> <span class='ocrx_word' id='word_1_674' title='bbox 1201 1701 1295 1727; x_wconf 80' lang='grc' dir='ltr'>ἐστινὸ</span> <span class='ocrx_word' id='word_1_675' title='bbox 1308 1701 1379 1732; x_wconf 73' lang='grc' dir='ltr'><strong>Υἱὸς,</strong></span> <span class='ocrx_word' id='word_1_676' title='bbox 1390 1701 1422 1727; x_wconf 83' lang='grc' dir='ltr'><strong>ὲκ</strong></span> <span class='ocrx_word' id='word_1_677' title='bbox 1437 1700 1484 1728; x_wconf 77' lang='grc' dir='ltr'><strong>τοῦ</strong></span> <span class='ocrx_word' id='word_1_678' title='bbox 1498 1700 1565 1728; x_wconf 84' lang='grc' dir='ltr'><strong>Θεοῦ</strong></span> <span class='ocrx_word' id='word_1_679' title='bbox 1581 1701 1630 1728; x_wconf 79' lang='grc' dir='ltr'><strong>τοῦ</strong></span> <span class='ocrx_word' id='word_1_680' title='bbox 1644 1701 1748 1737; x_wconf 83' lang='grc' dir='ltr'>Πατρδς</span> <span class='ocrx_word' id='word_1_681' title='bbox 1755 1706 1839 1734; x_wconf 81' lang='grc' dir='ltr'>γεννη-</span> 
     </span>
    </p>
   </div>
   <div class='ocr_carea' id='block_1_80' title="bbox 1067 1746 1837 1783">
    <p class='ocr_par' dir='ltr' id='par_1_80' title="bbox 1067 1746 1837 1783">
     <span class='ocr_line' id='line_1_80' title="bbox 1067 1746 1837 1783; baseline -0.001 -9"><span class='ocrx_word' id='word_1_682' title='bbox 1067 1747 1134 1781; x_wconf 77' lang='grc' dir='ltr'>θεὶς,</span> <span class='ocrx_word' id='word_1_683' title='bbox 1145 1747 1204 1780; x_wconf 88' lang='grc' dir='ltr'>ὂλος</span> <span class='ocrx_word' id='word_1_684' title='bbox 1219 1746 1249 1780; x_wconf 77' lang='grc' dir='ltr'><strong>ἐξ</strong></span> <span class='ocrx_word' id='word_1_685' title='bbox 1262 1747 1333 1775; x_wconf 85' lang='grc' dir='ltr'>ὅλου.</span> <span class='ocrx_word' id='word_1_686' title='bbox 1344 1747 1421 1781; x_wconf 77' lang='grc' dir='ltr'><strong>’ορ6.</strong></span> <span class='ocrx_word' id='word_1_687' title='bbox 1431 1747 1537 1774; x_wconf 81' lang='grc' dir='ltr'>Οὐκοῦν</span> <span class='ocrx_word' id='word_1_688' title='bbox 1551 1747 1583 1774; x_wconf 86' lang='grc' dir='ltr'><strong>ὲκ</strong></span> <span class='ocrx_word' id='word_1_689' title='bbox 1593 1747 1644 1783; x_wconf 77' lang='grc' dir='ltr'><strong>τῆς</strong></span> <span class='ocrx_word' id='word_1_690' title='bbox 1655 1747 1747 1778; x_wconf 80' lang='grc' dir='ltr'>οὐσίας</span> <span class='ocrx_word' id='word_1_691' title='bbox 1756 1755 1763 1779; x_wconf 87' lang='lat'><strong>;</strong></span> <span class='ocrx_word' id='word_1_692' title='bbox 1771 1747 1837 1773; x_wconf 71' lang='lat' dir='ltr'><strong>Max.</strong></span> 
     </span>
    </p>
   </div>
   <div class='ocr_carea' id='block_1_81' title="bbox 1068 1791 1839 1828">
    <p class='ocr_par' dir='ltr' id='par_1_81' title="bbox 1068 1791 1839 1828">
     <span class='ocr_line' id='line_1_81' title="bbox 1068 1791 1839 1828; baseline -0.003 -8"><span class='ocrx_word' id='word_1_693' title='bbox 1068 1793 1138 1821; x_wconf 79' lang='grc' dir='ltr'><strong>Οῡκ.</strong></span> <span class='ocrx_word' id='word_1_694' title='bbox 1153 1795 1230 1828; x_wconf 76' lang='grc' dir='ltr'>Ὀρθ.</span> <span class='ocrx_word' id='word_1_695' title='bbox 1248 1793 1341 1825; x_wconf 85' lang='grc' dir='ltr'>Οὖτως</span> <span class='ocrx_word' id='word_1_696' title='bbox 1352 1792 1398 1820; x_wconf 86' lang='grc' dir='ltr'>οὖν</span> <span class='ocrx_word' id='word_1_697' title='bbox 1412 1793 1492 1821; x_wconf 76' lang='grc' dir='ltr'>αὐτὸν</span> <span class='ocrx_word' id='word_1_698' title='bbox 1507 1793 1598 1828; x_wconf 79' lang='grc' dir='ltr'>λέγεις</span> <span class='ocrx_word' id='word_1_699' title='bbox 1617 1793 1678 1820; x_wconf 82' lang='grc' dir='ltr'>ὅλον</span> <span class='ocrx_word' id='word_1_700' title='bbox 1691 1792 1721 1825; x_wconf 80' lang='grc' dir='ltr'>ἐξ</span> <span class='ocrx_word' id='word_1_701' title='bbox 1729 1793 1795 1822; x_wconf 87' lang='grc' dir='ltr'>ὅλου,</span> <span class='ocrx_word' id='word_1_702' title='bbox 1807 1791 1839 1822; x_wconf 83' lang='grc' dir='ltr'>ὡς</span> 
     </span>
    </p>
   </div>
   <div class='ocr_carea' id='block_1_82' title="bbox 1067 1838 1837 1874">
    <p class='ocr_par' dir='ltr' id='par_1_82' title="bbox 1067 1838 1837 1874">
     <span class='ocr_line' id='line_1_82' title="bbox 1067 1838 1837 1874; baseline -0.004 -8"><span class='ocrx_word' id='word_1_703' title='bbox 1067 1840 1182 1867; x_wconf 74' lang='grc' dir='ltr'>ἕκαστον</span> <span class='ocrx_word' id='word_1_704' title='bbox 1208 1839 1262 1866; x_wconf 85' lang='grc' dir='ltr'>τῶν</span> <span class='ocrx_word' id='word_1_705' title='bbox 1277 1840 1402 1874; x_wconf 83' lang='grc' dir='ltr'>ἀγγέλων</span> <span class='ocrx_word' id='word_1_706' title='bbox 1432 1839 1549 1867; x_wconf 77' lang='grc' dir='ltr'>καὶτῶν</span> <span class='ocrx_word' id='word_1_707' title='bbox 1577 1839 1666 1867; x_wconf 82' lang='grc' dir='ltr'>ἄλλων</span> <span class='ocrx_word' id='word_1_708' title='bbox 1680 1838 1837 1874; x_wconf 75' lang='grc' dir='ltr'>κτισμάτωνς</span> 
     </span>
    </p>
   </div>
   <div class='ocr_carea' id='block_1_83' title="bbox 1067 1881 1838 1922">
    <p class='ocr_par' dir='ltr' id='par_1_83' title="bbox 1067 1881 1838 1922">
     <span class='ocr_line' id='line_1_83' title="bbox 1067 1881 1838 1922; baseline -0.006 -9"><span class='ocrx_word' id='word_1_709' title='bbox 1067 1887 1144 1914; x_wconf 70' lang='lat' dir='ltr'><strong>Max.</strong></span> <span class='ocrx_word' id='word_1_710' title='bbox 1168 1885 1237 1912; x_wconf 80' lang='grc' dir='ltr'>Ἀλλ’</span> <span class='ocrx_word' id='word_1_711' title='bbox 1252 1887 1266 1912; x_wconf 85' lang='grc' dir='ltr'><strong>ό</strong></span> <span class='ocrx_word' id='word_1_712' title='bbox 1283 1886 1348 1918; x_wconf 76' lang='grc' dir='ltr'>Υἱὸς</span> <span class='ocrx_word' id='word_1_713' title='bbox 1360 1886 1506 1922; x_wconf 88' lang='grc' dir='ltr'>μονογενής</span> <span class='ocrx_word' id='word_1_714' title='bbox 1531 1886 1588 1912; x_wconf 75' lang='grc' dir='ltr'>ἐστι</span> <span class='ocrx_word' id='word_1_715' title='bbox 1609 1885 1687 1918; x_wconf 87' lang='grc' dir='ltr'>Θεός.</span> <span class='ocrx_word' id='word_1_716' title='bbox 1703 1885 1775 1919; x_wconf 82' lang='grc' dir='ltr'>ὀρθ.</span> <span class='ocrx_word' id='word_1_717' title='bbox 1797 1881 1838 1908; x_wconf 67' lang='grc' dir='ltr'><strong>Διὶ</strong></span> 
     </span>
    </p>
   </div>
   <div class='ocr_carea' id='block_1_84' title="bbox 1066 1928 1838 1968">
    <p class='ocr_par' dir='ltr' id='par_1_84' title="bbox 1066 1928 1838 1968">
     <span class='ocr_line' id='line_1_84' title="bbox 1066 1928 1838 1968; baseline -0.006 -9"><span class='ocrx_word' id='word_1_718' title='bbox 1066 1932 1145 1959; x_wconf 78' lang='grc' dir='ltr'>τοῦτο</span> <span class='ocrx_word' id='word_1_719' title='bbox 1160 1931 1241 1959; x_wconf 82' lang='grc' dir='ltr'>αὑτὸν</span> <span class='ocrx_word' id='word_1_720' title='bbox 1259 1932 1348 1967; x_wconf 81' lang='grc' dir='ltr'>λέγεις</span> <span class='ocrx_word' id='word_1_721' title='bbox 1367 1932 1510 1968; x_wconf 82' lang='grc' dir='ltr'>μονογενῆ,</span> <span class='ocrx_word' id='word_1_722' title='bbox 1531 1931 1625 1968; x_wconf 74' lang='grc' dir='ltr'>ἐπειδὴ</span> <span class='ocrx_word' id='word_1_723' title='bbox 1639 1932 1717 1963; x_wconf 81' lang='grc' dir='ltr'>ἄλλος</span> <span class='ocrx_word' id='word_1_724' title='bbox 1733 1928 1838 1957; x_wconf 78' lang='grc' dir='ltr'>τοιοῦτος</span> 
     </span>
    </p>
   </div>
   <div class='ocr_carea' id='block_1_85' title="bbox 1067 1976 1836 2014">
    <p class='ocr_par' dir='ltr' id='par_1_85' title="bbox 1067 1976 1836 2014">
     <span class='ocr_line' id='line_1_85' title="bbox 1067 1976 1836 2014; baseline -0.004 -8"><span class='ocrx_word' id='word_1_725' title='bbox 1067 1979 1116 2006; x_wconf 80' lang='grc' dir='ltr'><strong>οὐκ</strong></span> <span class='ocrx_word' id='word_1_726' title='bbox 1125 1979 1209 2010; x_wconf 73' lang='grc' dir='ltr'>ἐστιν,</span> <span class='ocrx_word' id='word_1_727' title='bbox 1226 1979 1242 2014; x_wconf 89' lang='grc' dir='ltr'>ἢ</span> <span class='ocrx_word' id='word_1_728' title='bbox 1254 1979 1347 2013; x_wconf 75' lang='grc' dir='ltr'>ἐπειδὴ</span> <span class='ocrx_word' id='word_1_729' title='bbox 1363 1978 1441 2014; x_wconf 80' lang='grc' dir='ltr'>μόνος</span> <span class='ocrx_word' id='word_1_730' title='bbox 1454 1979 1486 2005; x_wconf 83' lang='grc' dir='ltr'><strong>ὲκ</strong></span> <span class='ocrx_word' id='word_1_731' title='bbox 1499 1978 1548 2013; x_wconf 81' lang='grc' dir='ltr'><strong>τῆς</strong></span> <span class='ocrx_word' id='word_1_732' title='bbox 1569 1978 1664 2010; x_wconf 77' lang='grc' dir='ltr'>οὐσίας</span> <span class='ocrx_word' id='word_1_733' title='bbox 1676 1976 1836 2012; x_wconf 79' lang='grc' dir='ltr'>γεγέννηται;</span> 
     </span>
    </p>
   </div>
   <div class='ocr_carea' id='block_1_86' title="bbox 1067 2019 1837 2061">
    <p class='ocr_par' dir='ltr' id='par_1_86' title="bbox 1067 2019 1837 2061">
     <span class='ocr_line' id='line_1_86' title="bbox 1067 2019 1837 2061; baseline -0.003 -9"><span class='ocrx_word' id='word_1_734' title='bbox 1067 2027 1144 2053; x_wconf 69' lang='lat' dir='ltr'><strong>Max.</strong></span> <span class='ocrx_word' id='word_1_735' title='bbox 1167 2024 1276 2061; x_wconf 81' lang='grc' dir='ltr'>Ἐπειδὴ</span> <span class='ocrx_word' id='word_1_736' title='bbox 1289 2024 1368 2057; x_wconf 78' lang='grc' dir='ltr'>ἄλλος</span> <span class='ocrx_word' id='word_1_737' title='bbox 1379 2024 1498 2056; x_wconf 79' lang='grc' dir='ltr'>τοιοῦτος</span> <span class='ocrx_word' id='word_1_738' title='bbox 1514 2024 1564 2050; x_wconf 71' lang='grc' dir='ltr'><strong>οὐκ</strong></span> <span class='ocrx_word' id='word_1_739' title='bbox 1585 2023 1672 2051; x_wconf 79' lang='grc' dir='ltr'>ἔστιν.</span> <span class='ocrx_word' id='word_1_740' title='bbox 1688 2023 1762 2058; x_wconf 83' lang='grc' dir='ltr'>Ὀρθ.</span> <span class='ocrx_word' id='word_1_741' title='bbox 1780 2019 1837 2047; x_wconf 73' lang='grc' dir='ltr'><strong>Εἱπέ</strong></span> 
     </span>
    </p>
   </div>
   <div class='ocr_carea' id='block_1_87' title="bbox 1066 2065 1836 2107">
    <p class='ocr_par' dir='ltr' id='par_1_87' title="bbox 1066 2065 1836 2107">
     <span class='ocr_line' id='line_1_87' title="bbox 1066 2065 1836 2107; baseline -0.005 -9"><span class='ocrx_word' id='word_1_742' title='bbox 1066 2070 1112 2099; x_wconf 82' lang='grc' dir='ltr'>οὖν</span> <span class='ocrx_word' id='word_1_743' title='bbox 1129 2071 1176 2098; x_wconf 71' lang='grc' dir='ltr'><strong>καὶ</strong></span> <span class='ocrx_word' id='word_1_744' title='bbox 1190 2071 1221 2098; x_wconf 81' lang='grc' dir='ltr'><strong>τὸ</strong></span> <span class='ocrx_word' id='word_1_745' title='bbox 1247 2071 1357 2106; x_wconf 81' lang='grc' dir='ltr'>Πνεῦμα</span> <span class='ocrx_word' id='word_1_746' title='bbox 1371 2071 1401 2098; x_wconf 84' lang='grc' dir='ltr'><strong>τὸ</strong></span> <span class='ocrx_word' id='word_1_747' title='bbox 1416 2071 1493 2106; x_wconf 75' lang='grc' dir='ltr'>ἅγιον</span> <span class='ocrx_word' id='word_1_748' title='bbox 1522 2071 1655 2107; x_wconf 81' lang='grc' dir='ltr'>μονογενῆ</span> <span class='ocrx_word' id='word_1_749' title='bbox 1679 2070 1749 2097; x_wconf 83' lang='grc' dir='ltr'>Υίόν.</span> <span class='ocrx_word' id='word_1_750' title='bbox 1767 2065 1836 2094; x_wconf 78' lang='grc' dir='ltr'><strong>Ἀλλο</strong></span> 
     </span>
    </p>
   </div>
   <div class='ocr_carea' id='block_1_88' title="bbox 1066 2112 1834 2154">
    <p class='ocr_par' dir='ltr' id='par_1_88' title="bbox 1066 2112 1834 2154">
     <span class='ocr_line' id='line_1_88' title="bbox 1066 2112 1834 2154; baseline -0.007 -9"><span class='ocrx_word' id='word_1_751' title='bbox 1066 2119 1121 2154; x_wconf 78' lang='grc' dir='ltr'><strong>γὰρ</strong></span> <span class='ocrx_word' id='word_1_752' title='bbox 1146 2117 1264 2144; x_wconf 80' lang='grc' dir='ltr'>τοιοῦτον</span> <span class='ocrx_word' id='word_1_753' title='bbox 1286 2117 1335 2144; x_wconf 75' lang='grc' dir='ltr'><strong>οὐκ</strong></span> <span class='ocrx_word' id='word_1_754' title='bbox 1362 2117 1445 2144; x_wconf 78' lang='grc' dir='ltr'>ἔστιν.</span> <span class='ocrx_word' id='word_1_755' title='bbox 1473 2119 1549 2144; x_wconf 82' lang='grc' dir='ltr'><strong>Μακ.</strong></span> <span class='ocrx_word' id='word_1_756' title='bbox 1568 2116 1613 2152; x_wconf 87' lang='grc' dir='ltr'><strong>Μὴ</strong></span> <span class='ocrx_word' id='word_1_757' title='bbox 1634 2114 1751 2151; x_wconf 77' lang='grc' dir='ltr'>γένοιτοί</span> <span class='ocrx_word' id='word_1_758' title='bbox 1768 2112 1834 2146; x_wconf 83' lang='grc' dir='ltr'>Ὀρθ-</span> 
     </span>
    </p>
   </div>
   <div class='ocr_carea' id='block_1_89' title="bbox 1066 2160 1836 2199">
    <p class='ocr_par' dir='ltr' id='par_1_89' title="bbox 1066 2160 1836 2199">
     <span class='ocr_line' id='line_1_89' title="bbox 1066 2160 1836 2199; baseline 0.001 -9"><span class='ocrx_word' id='word_1_759' title='bbox 1066 2164 1123 2190; x_wconf 74' lang='grc' dir='ltr'><strong>Οὑκ</strong></span> <span class='ocrx_word' id='word_1_760' title='bbox 1136 2163 1190 2199; x_wconf 86' lang='grc' dir='ltr'>ἄρα</span> <span class='ocrx_word' id='word_1_761' title='bbox 1200 2163 1244 2190; x_wconf 82' lang='grc' dir='ltr'><strong>διὰ</strong></span> <span class='ocrx_word' id='word_1_762' title='bbox 1261 2163 1292 2190; x_wconf 84' lang='grc' dir='ltr'><strong>τὺ</strong></span> <span class='ocrx_word' id='word_1_763' title='bbox 1308 2165 1388 2199; x_wconf 89' lang='grc' dir='ltr'>μόνον</span> <span class='ocrx_word' id='word_1_764' title='bbox 1405 2163 1524 2190; x_wconf 74' lang='grc' dir='ltr'>τοιοῦτον</span> <span class='ocrx_word' id='word_1_765' title='bbox 1549 2162 1631 2190; x_wconf 76' lang='grc' dir='ltr'>αὑτὸν</span> <span class='ocrx_word' id='word_1_766' title='bbox 1647 2160 1725 2193; x_wconf 74' lang='grc' dir='ltr'>εἶναι,</span> <span class='ocrx_word' id='word_1_767' title='bbox 1741 2165 1836 2196; x_wconf 69' lang='grc' dir='ltr'>μονογε-</span> 
     </span>
    </p>
   </div>
   <div class='ocr_carea' id='block_1_90' title="bbox 225 2204 1015 2246">
    <p class='ocr_par' dir='ltr' id='par_1_90' title="bbox 225 2208 1012 2244">
     <span class='ocr_line' id='line_1_90' title="bbox 225 2208 1012 2244; baseline 0.001 -8"><span class='ocrx_word' id='word_1_768' title='bbox 225 2209 355 2244; x_wconf 88' lang='lat' dir='ltr'><strong>quoniam</strong></span> <span class='ocrx_word' id='word_1_769' title='bbox 378 2208 454 2237; x_wconf 89' lang='lat' dir='ltr'><strong>solus</strong></span> <span class='ocrx_word' id='word_1_770' title='bbox 470 2217 504 2236; x_wconf 78' lang='lat' dir='ltr'><strong>ex</strong></span> <span class='ocrx_word' id='word_1_771' title='bbox 527 2209 682 2236; x_wconf 83' lang='lat' dir='ltr'><strong>substantia</strong></span> <span class='ocrx_word' id='word_1_772' title='bbox 702 2209 810 2244; x_wconf 81' lang='lat' dir='ltr'><strong>genitus</strong></span> <span class='ocrx_word' id='word_1_773' title='bbox 829 2213 881 2237; x_wconf 90' lang='lat' dir='ltr'><strong>est.</strong></span> <span class='ocrx_word' id='word_1_774' title='bbox 907 2208 1012 2237; x_wconf 71' lang='lat' dir='ltr'><strong>Macati.</strong></span> 
     </span>
    </p>
   </div>
   <div class='ocr_carea' id='block_1_91' title="bbox 1067 2204 1836 2246">
    <p class='ocr_par' dir='ltr' id='par_1_91' title="bbox 1068 2204 1836 2246">
     <span class='ocr_line' id='line_1_91' title="bbox 1068 2204 1836 2246; baseline -0.003 -10"><span class='ocrx_word' id='word_1_775' title='bbox 1068 2210 1115 2246; x_wconf 79' lang='grc' dir='ltr'>νὴς</span> <span class='ocrx_word' id='word_1_776' title='bbox 1129 2209 1245 2244; x_wconf 77' lang='grc' dir='ltr'>λέγεται,</span> <span class='ocrx_word' id='word_1_777' title='bbox 1257 2209 1314 2236; x_wconf 81' lang='grc' dir='ltr'>ἀλλ’</span> <span class='ocrx_word' id='word_1_778' title='bbox 1337 2209 1430 2245; x_wconf 76' lang='grc' dir='ltr'>ἐπειδὴ</span> <span class='ocrx_word' id='word_1_779' title='bbox 1443 2209 1522 2245; x_wconf 85' lang='grc' dir='ltr'>μόνος</span> <span class='ocrx_word' id='word_1_780' title='bbox 1545 2210 1576 2236; x_wconf 85' lang='grc' dir='ltr'><strong>ὲκ</strong></span> <span class='ocrx_word' id='word_1_781' title='bbox 1588 2209 1638 2244; x_wconf 87' lang='grc' dir='ltr'><strong>τῆς</strong></span> <span class='ocrx_word' id='word_1_782' title='bbox 1654 2208 1745 2238; x_wconf 72' lang='grc' dir='ltr'>οὐσίας</span> <span class='ocrx_word' id='word_1_783' title='bbox 1755 2204 1836 2240; x_wconf 86' lang='grc' dir='ltr'>γεγέν-</span> 
     </span>
    </p>
   </div>
   <div class='ocr_carea' id='block_1_92' title="bbox 225 2253 1012 2290">
    <p class='ocr_par' dir='ltr' id='par_1_92' title="bbox 225 2253 1012 2290">
     <span class='ocr_line' id='line_1_92' title="bbox 225 2253 1012 2290; baseline 0 -8"><span class='ocrx_word' id='word_1_784' title='bbox 225 2255 325 2282; x_wconf 82' lang='lat' dir='ltr'><strong>Annon</strong></span> <span class='ocrx_word' id='word_1_785' title='bbox 343 2262 408 2282; x_wconf 72' lang='lat' dir='ltr'><strong>vero</strong></span> <span class='ocrx_word' id='word_1_786' title='bbox 427 2254 545 2290; x_wconf 80' lang='lat' dir='ltr'><strong>Spiritus</strong></span> <span class='ocrx_word' id='word_1_787' title='bbox 559 2259 600 2282; x_wconf 89' lang='lat' dir='ltr'><strong>est</strong></span> <span class='ocrx_word' id='word_1_788' title='bbox 617 2263 649 2282; x_wconf 69' lang='lat' dir='ltr'><strong>ex</strong></span> <span class='ocrx_word' id='word_1_789' title='bbox 678 2253 724 2282; x_wconf 88' lang='lat' dir='ltr'><strong>Dei</strong></span> <span class='ocrx_word' id='word_1_790' title='bbox 741 2255 918 2283; x_wconf 85' lang='lat' dir='ltr'><strong>substantia?</strong></span> <span class='ocrx_word' id='word_1_791' title='bbox 935 2254 1012 2283; x_wconf 84' lang='lat' dir='ltr'><strong>Orth.</strong></span> 
     </span>
    </p>
   </div>
   <div class='ocr_carea' id='block_1_93' title="bbox 226 2299 1012 2336">
    <p class='ocr_par' dir='ltr' id='par_1_93' title="bbox 226 2299 1012 2336">
     <span class='ocr_line' id='line_1_93' title="bbox 226 2299 1012 2336; baseline 0.001 -8"><span class='ocrx_word' id='word_1_792' title='bbox 226 2299 298 2329; x_wconf 86' lang='lat' dir='ltr'><strong>Sane</strong></span> <span class='ocrx_word' id='word_1_793' title='bbox 318 2300 439 2336; x_wconf 84' lang='lat' dir='ltr'><strong>quidem.</strong></span> <span class='ocrx_word' id='word_1_794' title='bbox 458 2299 563 2328; x_wconf 81' lang='lat' dir='ltr'><strong>Maced.</strong></span> <span class='ocrx_word' id='word_1_795' title='bbox 583 2300 655 2336; x_wconf 78' lang='lat' dir='ltr'><strong>Ergo</strong></span> <span class='ocrx_word' id='word_1_796' title='bbox 676 2305 703 2328; x_wconf 91' lang='lat' dir='ltr'><strong>et</strong></span> <span class='ocrx_word' id='word_1_797' title='bbox 719 2301 837 2336; x_wconf 85' lang='lat' dir='ltr'><strong>Spiritus</strong></span> <span class='ocrx_word' id='word_1_798' title='bbox 853 2305 896 2330; x_wconf 89' lang='lat' dir='ltr'><strong>est</strong></span> <span class='ocrx_word' id='word_1_799' title='bbox 916 2301 1012 2329; x_wconf 84' lang='lat' dir='ltr'><strong>Filius.</strong></span> 
     </span>
    </p>
   </div>
   <div class='ocr_carea' id='block_1_94' title="bbox 225 2347 1012 2384">
    <p class='ocr_par' dir='ltr' id='par_1_94' title="bbox 225 2347 1012 2384">
     <span class='ocr_line' id='line_1_94' title="bbox 225 2347 1012 2384; baseline 0.001 -9"><span class='ocrx_word' id='word_1_800' title='bbox 225 2347 304 2376; x_wconf 81' lang='lat' dir='ltr'><strong>Ortlt.</strong></span> <span class='ocrx_word' id='word_1_801' title='bbox 324 2347 383 2375; x_wconf 84' lang='lat' dir='ltr'><strong>lmo</strong></span> <span class='ocrx_word' id='word_1_802' title='bbox 395 2348 482 2375; x_wconf 86' lang='lat' dir='ltr'><strong>Filius</strong></span> <span class='ocrx_word' id='word_1_803' title='bbox 494 2348 604 2383; x_wconf 87' lang='lat' dir='ltr'><strong>quidem</strong></span> <span class='ocrx_word' id='word_1_804' title='bbox 620 2356 654 2376; x_wconf 78' lang='lat' dir='ltr'><strong>ex</strong></span> <span class='ocrx_word' id='word_1_805' title='bbox 666 2348 820 2376; x_wconf 84' lang='lat' dir='ltr'><strong>substantia</strong></span> <span class='ocrx_word' id='word_1_806' title='bbox 837 2349 945 2384; x_wconf 76' lang='lat' dir='ltr'><strong>genitus</strong></span> <span class='ocrx_word' id='word_1_807' title='bbox 959 2354 1012 2382; x_wconf 88' lang='lat' dir='ltr'><strong>est,</strong></span> 
     </span>
    </p>
   </div>
   <div class='ocr_carea' id='block_1_95' title="bbox 223 2394 1012 2430">
    <p class='ocr_par' dir='ltr' id='par_1_95' title="bbox 223 2394 1012 2430">
     <span class='ocr_line' id='line_1_95' title="bbox 223 2394 1012 2430; baseline 0 -8"><span class='ocrx_word' id='word_1_808' title='bbox 223 2395 340 2430; x_wconf 89' lang='lat' dir='ltr'><strong>ideoque</strong></span> <span class='ocrx_word' id='word_1_809' title='bbox 356 2399 398 2423; x_wconf 88' lang='lat' dir='ltr'><strong>est</strong></span> <span class='ocrx_word' id='word_1_810' title='bbox 413 2395 570 2430; x_wconf 79' lang='lat' dir='ltr'><strong>unigenitus</strong></span> <span class='ocrx_word' id='word_1_811' title='bbox 591 2394 678 2424; x_wconf 90' lang='lat' dir='ltr'><strong>Filius</strong></span> <span class='ocrx_word' id='word_1_812' title='bbox 699 2405 706 2423; x_wconf 89' lang='lat'><strong>:</strong></span> <span class='ocrx_word' id='word_1_813' title='bbox 728 2394 847 2430; x_wconf 86' lang='lat' dir='ltr'><strong>Spiritus</strong></span> <span class='ocrx_word' id='word_1_814' title='bbox 867 2399 958 2422; x_wconf 85' lang='lat' dir='ltr'><strong>autem</strong></span> <span class='ocrx_word' id='word_1_815' title='bbox 980 2403 1012 2422; x_wconf 84' lang='lat' dir='ltr'><strong>ex</strong></span> 
     </span>
    </p>
   </div>
   <div class='ocr_carea' id='block_1_96' title="bbox 223 2438 1010 2476">
    <p class='ocr_par' dir='ltr' id='par_1_96' title="bbox 223 2438 1010 2476">
     <span class='ocr_line' id='line_1_96' title="bbox 223 2438 1010 2476; baseline 0.004 -10"><span class='ocrx_word' id='word_1_816' title='bbox 223 2438 378 2466; x_wconf 84' lang='lat' dir='ltr'><strong>substantia</strong></span> <span class='ocrx_word' id='word_1_817' title='bbox 393 2438 527 2474; x_wconf 85' lang='lat' dir='ltr'><strong>procedit.</strong></span> <span class='ocrx_word' id='word_1_818' title='bbox 543 2439 681 2475; x_wconf 87' lang='lat' dir='ltr'><strong>Scriptum</strong></span> <span class='ocrx_word' id='word_1_819' title='bbox 693 2448 810 2476; x_wconf 89' lang='lat' dir='ltr'><strong>namque</strong></span> <span class='ocrx_word' id='word_1_820' title='bbox 818 2444 884 2473; x_wconf 46' lang='lat' dir='ltr'><strong>est”</strong></span> <span class='ocrx_word' id='word_1_821' title='bbox 892 2439 1010 2476; x_wconf 77' lang='lat' dir='ltr'><strong>Spiritus</strong></span> 
     </span>
    </p>
   </div>
   <div class='ocr_carea' id='block_1_97' title="bbox 222 2484 1011 2522">
    <p class='ocr_par' dir='ltr' id='par_1_97' title="bbox 222 2484 1011 2522">
     <span class='ocr_line' id='line_1_97' title="bbox 222 2484 1011 2522; baseline 0.003 -11"><span class='ocrx_word' id='word_1_822' title='bbox 222 2492 257 2512; x_wconf 81' lang='lat' dir='ltr'><strong>ex</strong></span> <span class='ocrx_word' id='word_1_823' title='bbox 272 2492 316 2512; x_wconf 89' lang='lat' dir='ltr'><strong>me</strong></span> <span class='ocrx_word' id='word_1_824' title='bbox 330 2484 532 2519; x_wconf 69' lang='lat' dir='ltr'><strong>procedit.)sed</strong></span> <span class='ocrx_word' id='word_1_825' title='bbox 549 2493 614 2517; x_wconf 93' lang='lat' dir='ltr'><strong>non,</strong></span> <span class='ocrx_word' id='word_1_826' title='bbox 623 2486 661 2513; x_wconf 76' lang='lat' dir='ltr'><strong>Ex</strong></span> <span class='ocrx_word' id='word_1_827' title='bbox 676 2494 720 2514; x_wconf 88' lang='lat' dir='ltr'><strong>me</strong></span> <span class='ocrx_word' id='word_1_828' title='bbox 728 2487 836 2522; x_wconf 81' lang='lat' dir='ltr'><strong>genitus</strong></span> <span class='ocrx_word' id='word_1_829' title='bbox 852 2490 912 2515; x_wconf 90' lang='lat' dir='ltr'><strong>est:</strong></span> <span class='ocrx_word' id='word_1_830' title='bbox 925 2491 952 2514; x_wconf 87' lang='lat' dir='ltr'><strong>ct</strong></span> <span class='ocrx_word' id='word_1_831' title='bbox 966 2485 1011 2513; x_wconf 84' lang='lat' dir='ltr'><strong>Fi-</strong></span> 
     </span>
    </p>
   </div>
   <div class='ocr_carea' id='block_1_98' title="bbox 222 2530 1010 2568">
    <p class='ocr_par' dir='ltr' id='par_1_98' title="bbox 222 2530 1010 2568">
     <span class='ocr_line' id='line_1_98' title="bbox 222 2530 1010 2568; baseline 0.004 -11"><span class='ocrx_word' id='word_1_832' title='bbox 222 2531 276 2558; x_wconf 94' lang='lat' dir='ltr'><strong>lius</strong></span> <span class='ocrx_word' id='word_1_833' title='bbox 291 2530 357 2558; x_wconf 92' lang='lat' dir='ltr'><strong>dicit</strong></span> <span class='ocrx_word' id='word_1_834' title='bbox 375 2540 382 2559; x_wconf 91' lang='lat'>:</span> <span class='ocrx_word' id='word_1_835' title='bbox 400 2540 410 2556; x_wconf 82' lang='grc' dir='ltr'><strong>ι</strong></span> <span class='ocrx_word' id='word_1_836' title='bbox 431 2530 552 2567; x_wconf 89' lang='lat' dir='ltr'><strong>Spiritus</strong></span> <span class='ocrx_word' id='word_1_837' title='bbox 564 2532 698 2564; x_wconf 84' lang='lat' dir='ltr'><strong>veritatis,</strong></span> <span class='ocrx_word' id='word_1_838' title='bbox 716 2533 791 2568; x_wconf 90' lang='lat' dir='ltr'><strong>quia</strong></span> <span class='ocrx_word' id='word_1_839' title='bbox 814 2532 893 2560; x_wconf 87' lang='lat' dir='ltr'><strong>Patre</strong></span> <span class='ocrx_word' id='word_1_840' title='bbox 913 2541 1010 2568; x_wconf 87' lang='lat' dir='ltr'><strong>proce-</strong></span> 
     </span>
    </p>
   </div>
   <div class='ocr_carea' id='block_1_99' title="bbox 221 2576 1012 2615">
    <p class='ocr_par' dir='ltr' id='par_1_99' title="bbox 221 2576 1012 2615">
     <span class='ocr_line' id='line_1_99' title="bbox 221 2576 1012 2615; baseline 0.004 -12"><span class='ocrx_word' id='word_1_841' title='bbox 221 2576 263 2604; x_wconf 89' lang='lat' dir='ltr'><strong>dit</strong></span> <span class='ocrx_word' id='word_1_842' title='bbox 279 2577 312 2604; x_wconf 82' lang='lat'><strong>&quot;.</strong></span> <span class='ocrx_word' id='word_1_843' title='bbox 332 2587 342 2603; x_wconf 72' lang='grc' dir='ltr'><strong>ι</strong></span> <span class='ocrx_word' id='word_1_844' title='bbox 359 2576 419 2604; x_wconf 86' lang='lat' dir='ltr'><strong>Non</strong></span> <span class='ocrx_word' id='word_1_845' title='bbox 434 2582 535 2611; x_wconf 89' lang='lat' dir='ltr'><strong>autem,</strong></span> <span class='ocrx_word' id='word_1_846' title='bbox 550 2577 665 2606; x_wconf 86' lang='lat' dir='ltr'><strong>Genitus</strong></span> <span class='ocrx_word' id='word_1_847' title='bbox 677 2578 844 2607; x_wconf 76' lang='lat' dir='ltr'><strong>est.Maced.</strong></span> <span class='ocrx_word' id='word_1_848' title='bbox 859 2579 912 2607; x_wconf 87' lang='lat' dir='ltr'><strong>Sed</strong></span> <span class='ocrx_word' id='word_1_849' title='bbox 925 2579 1012 2615; x_wconf 82' lang='lat' dir='ltr'><strong>quod—</strong></span> 
     </span>
    </p>
   </div>
   <div class='ocr_carea' id='block_1_100' title="bbox 1065 2248 1835 2291">
    <p class='ocr_par' dir='ltr' id='par_1_100' title="bbox 1065 2248 1835 2291">
     <span class='ocr_line' id='line_1_100' title="bbox 1065 2248 1835 2291; baseline -0.006 -9"><span class='ocrx_word' id='word_1_850' title='bbox 1065 2264 1154 2291; x_wconf 82' lang='grc' dir='ltr'>νηται.</span> <span class='ocrx_word' id='word_1_851' title='bbox 1167 2257 1245 2282; x_wconf 70' lang='lat' dir='ltr'><strong>Max.</strong></span> <span class='ocrx_word' id='word_1_852' title='bbox 1260 2255 1317 2282; x_wconf 80' lang='grc' dir='ltr'><strong>Οὐκ</strong></span> <span class='ocrx_word' id='word_1_853' title='bbox 1331 2255 1405 2282; x_wconf 82' lang='grc' dir='ltr'>ἔστιν</span> <span class='ocrx_word' id='word_1_854' title='bbox 1415 2253 1461 2282; x_wconf 77' lang='grc' dir='ltr'>οὖν</span> <span class='ocrx_word' id='word_1_855' title='bbox 1471 2256 1503 2282; x_wconf 80' lang='grc' dir='ltr'><strong>ἐκ</strong></span> <span class='ocrx_word' id='word_1_856' title='bbox 1517 2255 1568 2291; x_wconf 84' lang='grc' dir='ltr'><strong>τῆς</strong></span> <span class='ocrx_word' id='word_1_857' title='bbox 1579 2255 1672 2286; x_wconf 76' lang='grc' dir='ltr'>οὐσίας</span> <span class='ocrx_word' id='word_1_858' title='bbox 1681 2253 1727 2280; x_wconf 78' lang='grc' dir='ltr'><strong>τοῦ</strong></span> <span class='ocrx_word' id='word_1_859' title='bbox 1743 2249 1802 2279; x_wconf 82' lang='grc' dir='ltr'>Θεοῦ</span> <span class='ocrx_word' id='word_1_860' title='bbox 1809 2248 1835 2276; x_wconf 77' lang='grc' dir='ltr'><strong>τὸ</strong></span> 
     </span>
    </p>
   </div>
   <div class='ocr_carea' id='block_1_101' title="bbox 1065 2295 1832 2336">
    <p class='ocr_par' dir='ltr' id='par_1_101' title="bbox 1065 2295 1832 2336">
     <span class='ocr_line' id='line_1_101' title="bbox 1065 2295 1832 2336; baseline -0.004 -8"><span class='ocrx_word' id='word_1_861' title='bbox 1065 2301 1194 2336; x_wconf 76' lang='grc' dir='ltr'>Πνεῦμα;</span> <span class='ocrx_word' id='word_1_862' title='bbox 1207 2301 1286 2335; x_wconf 86' lang='grc' dir='ltr'>Ὀρθ.</span> <span class='ocrx_word' id='word_1_863' title='bbox 1302 2301 1358 2328; x_wconf 81' lang='grc' dir='ltr'><strong>Καὶ</strong></span> <span class='ocrx_word' id='word_1_864' title='bbox 1370 2301 1452 2328; x_wconf 87' lang='grc' dir='ltr'>πάνυ.</span> <span class='ocrx_word' id='word_1_865' title='bbox 1463 2303 1541 2328; x_wconf 75' lang='lat' dir='ltr'><strong>Max.</strong></span> <span class='ocrx_word' id='word_1_866' title='bbox 1559 2301 1615 2327; x_wconf 82' lang='grc' dir='ltr'><strong>Καὶ</strong></span> <span class='ocrx_word' id='word_1_867' title='bbox 1625 2300 1690 2327; x_wconf 76' lang='grc' dir='ltr'><strong>αὐτὸ</strong></span> <span class='ocrx_word' id='word_1_868' title='bbox 1700 2299 1750 2335; x_wconf 80' lang='grc' dir='ltr'>ἄρα</span> <span class='ocrx_word' id='word_1_869' title='bbox 1770 2295 1832 2325; x_wconf 81' lang='grc' dir='ltr'>Υἱός-</span> 
     </span>
    </p>
   </div>
   <div class='ocr_carea' id='block_1_102' title="bbox 1064 2340 1834 2384">
    <p class='ocr_par' dir='ltr' id='par_1_102' title="bbox 1064 2340 1834 2384">
     <span class='ocr_line' id='line_1_102' title="bbox 1064 2340 1834 2384; baseline -0.006 -9"><span class='ocrx_word' id='word_1_870' title='bbox 1064 2348 1142 2383; x_wconf 82' lang='grc' dir='ltr'>Ὀρθ.</span> <span class='ocrx_word' id='word_1_871' title='bbox 1162 2348 1232 2374; x_wconf 74' lang='grc' dir='ltr'>Ἀλλ’</span> <span class='ocrx_word' id='word_1_872' title='bbox 1244 2348 1258 2375; x_wconf 87' lang='grc' dir='ltr'><strong>ό</strong></span> <span class='ocrx_word' id='word_1_873' title='bbox 1275 2347 1324 2383; x_wconf 81' lang='grc' dir='ltr'>μὲν</span> <span class='ocrx_word' id='word_1_874' title='bbox 1340 2348 1403 2379; x_wconf 81' lang='grc' dir='ltr'>Υἱὸς</span> <span class='ocrx_word' id='word_1_875' title='bbox 1415 2348 1448 2374; x_wconf 79' lang='grc' dir='ltr'><strong>ἐκ</strong></span> <span class='ocrx_word' id='word_1_876' title='bbox 1459 2348 1508 2384; x_wconf 85' lang='grc' dir='ltr'><strong>τῆς</strong></span> <span class='ocrx_word' id='word_1_877' title='bbox 1522 2347 1615 2379; x_wconf 84' lang='grc' dir='ltr'>οὐσίας</span> <span class='ocrx_word' id='word_1_878' title='bbox 1626 2340 1834 2381; x_wconf 82' lang='grc' dir='ltr'>γεγέννηται,καὶ</span> 
     </span>
    </p>
   </div>
   <div class='ocr_carea' id='block_1_103' title="bbox 1063 2387 1834 2429">
    <p class='ocr_par' dir='ltr' id='par_1_103' title="bbox 1063 2387 1834 2429">
     <span class='ocr_line' id='line_1_103' title="bbox 1063 2387 1834 2429; baseline -0.004 -9"><span class='ocrx_word' id='word_1_879' title='bbox 1063 2393 1106 2420; x_wconf 80' lang='grc' dir='ltr'><strong>διὰ</strong></span> <span class='ocrx_word' id='word_1_880' title='bbox 1116 2393 1195 2420; x_wconf 83' lang='grc' dir='ltr'>τοῦτο</span> <span class='ocrx_word' id='word_1_881' title='bbox 1204 2392 1349 2429; x_wconf 86' lang='grc' dir='ltr'>μονογενὴς</span> <span class='ocrx_word' id='word_1_882' title='bbox 1363 2393 1436 2425; x_wconf 86' lang='grc' dir='ltr'>Υἱός·</span> <span class='ocrx_word' id='word_1_883' title='bbox 1446 2392 1476 2419; x_wconf 76' lang='grc' dir='ltr'><strong>τὸ</strong></span> <span class='ocrx_word' id='word_1_884' title='bbox 1486 2393 1514 2419; x_wconf 84' lang='grc' dir='ltr'>δὲ</span> <span class='ocrx_word' id='word_1_885' title='bbox 1530 2392 1643 2428; x_wconf 86' lang='grc' dir='ltr'>Πνεῦμα</span> <span class='ocrx_word' id='word_1_886' title='bbox 1654 2391 1686 2418; x_wconf 82' lang='grc' dir='ltr'>ἐκ</span> <span class='ocrx_word' id='word_1_887' title='bbox 1699 2390 1746 2425; x_wconf 85' lang='grc' dir='ltr'><strong>τῆς</strong></span> <span class='ocrx_word' id='word_1_888' title='bbox 1753 2387 1834 2417; x_wconf 83' lang='grc' dir='ltr'>οὐσίας</span> 
     </span>
    </p>
   </div>
   <div class='ocr_carea' id='block_1_104' title="bbox 1065 2431 1832 2476">
    <p class='ocr_par' dir='ltr' id='par_1_104' title="bbox 1065 2431 1832 2476">
     <span class='ocr_line' id='line_1_104' title="bbox 1065 2431 1832 2476; baseline -0.008 -10"><span class='ocrx_word' id='word_1_889' title='bbox 1065 2440 1268 2476; x_wconf 76' lang='grc' dir='ltr'>ὲκπορεύεται.ι</span> <span class='ocrx_word' id='word_1_890' title='bbox 1283 2439 1396 2474; x_wconf 74' lang='grc' dir='ltr'>Πνεῦμα</span> <span class='ocrx_word' id='word_1_891' title='bbox 1412 2448 1421 2464; x_wconf 80' lang='grc' dir='ltr'><strong>ι</strong></span> <span class='ocrx_word' id='word_1_892' title='bbox 1434 2439 1488 2475; x_wconf 83' lang='grc' dir='ltr'><strong>γὰρ</strong></span> <span class='ocrx_word' id='word_1_893' title='bbox 1505 2448 1515 2464; x_wconf 70' lang='grc' dir='ltr'><strong>ι</strong></span> <span class='ocrx_word' id='word_1_894' title='bbox 1533 2439 1598 2474; x_wconf 84' lang='grc' dir='ltr'>παρ’</span> <span class='ocrx_word' id='word_1_895' title='bbox 1614 2437 1680 2473; x_wconf 83' lang='grc' dir='ltr'>ὲμοῦ</span> <span class='ocrx_word' id='word_1_896' title='bbox 1701 2431 1832 2470; x_wconf 71' lang='grc' dir='ltr'>ἐκπορεύε-</span> 
     </span>
    </p>
   </div>
   <div class='ocr_carea' id='block_1_105' title="bbox 1063 2480 1832 2522">
    <p class='ocr_par' dir='ltr' id='par_1_105' title="bbox 1063 2480 1832 2522">
     <span class='ocr_line' id='line_1_105' title="bbox 1063 2480 1832 2522; baseline -0.005 -9"><span class='ocrx_word' id='word_1_897' title='bbox 1063 2495 1118 2517; x_wconf 78' lang='grc' dir='ltr'>ται,</span> <span class='ocrx_word' id='word_1_898' title='bbox 1136 2496 1146 2513; x_wconf 71' lang='grc' dir='ltr'><strong>ι</strong></span> <span class='ocrx_word' id='word_1_899' title='bbox 1159 2486 1314 2522; x_wconf 81' lang='grc' dir='ltr'>γέγραπται</span> <span class='ocrx_word' id='word_1_900' title='bbox 1323 2495 1330 2501; x_wconf 84' lang='grc'>·</span> <span class='ocrx_word' id='word_1_901' title='bbox 1348 2485 1390 2516; x_wconf 79' lang='grc' dir='ltr'><strong>οὐ.</strong></span> <span class='ocrx_word' id='word_1_902' title='bbox 1402 2485 1565 2520; x_wconf 79' lang='grc' dir='ltr'>Γεγέννηται</span> <span class='ocrx_word' id='word_1_903' title='bbox 1578 2493 1583 2499; x_wconf 82' lang='grc'><em>’</em></span> <span class='ocrx_word' id='word_1_904' title='bbox 1606 2484 1654 2511; x_wconf 79' lang='grc' dir='ltr'><strong>καὶ</strong></span> <span class='ocrx_word' id='word_1_905' title='bbox 1667 2482 1729 2514; x_wconf 81' lang='grc' dir='ltr'>Υἱὸς</span> <span class='ocrx_word' id='word_1_906' title='bbox 1747 2480 1812 2513; x_wconf 81' lang='grc' dir='ltr'>λέγει</span> <span class='ocrx_word' id='word_1_907' title='bbox 1825 2485 1832 2492; x_wconf 87' lang='grc'><strong><em>⁸</em></strong></span> 
     </span>
    </p>
   </div>
   <div class='ocr_carea' id='block_1_106' title="bbox 1067 2524 1833 2567">
    <p class='ocr_par' dir='ltr' id='par_1_106' title="bbox 1067 2524 1833 2567">
     <span class='ocr_line' id='line_1_106' title="bbox 1067 2524 1833 2567; baseline -0.008 -8"><span class='ocrx_word' id='word_1_908' title='bbox 1067 2542 1076 2558; x_wconf 73' lang='grc' dir='ltr'><strong>ι</strong></span> <span class='ocrx_word' id='word_1_909' title='bbox 1096 2532 1133 2559; x_wconf 86' lang='grc' dir='ltr'>Τὸ</span> <span class='ocrx_word' id='word_1_910' title='bbox 1145 2532 1258 2567; x_wconf 72' lang='grc' dir='ltr'>Πνεῦμα</span> <span class='ocrx_word' id='word_1_911' title='bbox 1274 2532 1325 2566; x_wconf 80' lang='grc' dir='ltr'><strong>τῆς</strong></span> <span class='ocrx_word' id='word_1_912' title='bbox 1349 2530 1487 2567; x_wconf 81' lang='grc' dir='ltr'>ἀληθείας,</span> <span class='ocrx_word' id='word_1_913' title='bbox 1501 2531 1515 2557; x_wconf 80' lang='grc' dir='ltr'><strong>ὃ</strong></span> <span class='ocrx_word' id='word_1_914' title='bbox 1529 2529 1605 2567; x_wconf 77' lang='grc' dir='ltr'>παρὰ</span> <span class='ocrx_word' id='word_1_915' title='bbox 1619 2529 1666 2556; x_wconf 83' lang='grc' dir='ltr'>τοῦ</span> <span class='ocrx_word' id='word_1_916' title='bbox 1680 2526 1780 2562; x_wconf 81' lang='grc' dir='ltr'>Πατρδς</span> <span class='ocrx_word' id='word_1_917' title='bbox 1794 2524 1833 2550; x_wconf 83' lang='grc' dir='ltr'><strong>ἐκ·</strong></span> 
     </span>
    </p>
   </div>
   <div class='ocr_carea' id='block_1_107' title="bbox 1064 2568 1832 2615">
    <p class='ocr_par' dir='ltr' id='par_1_107' title="bbox 1064 2568 1832 2615">
     <span class='ocr_line' id='line_1_107' title="bbox 1064 2568 1832 2615; baseline -0.001 -10"><span class='ocrx_word' id='word_1_918' title='bbox 1064 2578 1210 2615; x_wconf 81' lang='grc' dir='ltr'>πορεύεται</span> <span class='ocrx_word' id='word_1_919' title='bbox 1222 2587 1228 2594; x_wconf 72' lang='grc' dir='ltr'><strong>ι</strong></span> <span class='ocrx_word' id='word_1_920' title='bbox 1243 2587 1252 2605; x_wconf 74' lang='grc' dir='ltr'><strong>ι</strong></span> <span class='ocrx_word' id='word_1_921' title='bbox 1265 2578 1307 2610; x_wconf 84' lang='grc' dir='ltr'>οὐ,</span> <span class='ocrx_word' id='word_1_922' title='bbox 1317 2578 1337 2604; x_wconf 83' lang='grc' dir='ltr'><strong>Γ</strong></span> <span class='ocrx_word' id='word_1_923' title='bbox 1337 2577 1489 2613; x_wconf 82' lang='grc' dir='ltr'>εγέννηται.</span> <span class='ocrx_word' id='word_1_924' title='bbox 1501 2579 1578 2604; x_wconf 71' lang='lat' dir='ltr'><strong>Max.</strong></span> <span class='ocrx_word' id='word_1_925' title='bbox 1591 2575 1646 2603; x_wconf 78' lang='grc' dir='ltr'><strong>Καὶ</strong></span> <span class='ocrx_word' id='word_1_926' title='bbox 1655 2574 1695 2607; x_wconf 81' lang='grc' dir='ltr'>τίς</span> <span class='ocrx_word' id='word_1_927' title='bbox 1706 2568 1832 2610; x_wconf 56' lang='grc' dir='ltr'><strong>ἡδιαιφορέι</strong></span> 
     </span>
    </p>
   </div>
   <div class='ocr_carea' id='block_1_108' title="bbox 257 2659 1015 2701">
    <p class='ocr_par' dir='ltr' id='par_1_108' title="bbox 257 2663 1015 2701">
     <span class='ocr_line' id='line_1_108' title="bbox 257 2663 1015 2701; baseline 0.003 -10"><span class='ocrx_word' id='word_1_928' title='bbox 257 2663 281 2679; x_wconf 86' lang='grc'><strong>⁵⁸</strong></span> <span class='ocrx_word' id='word_1_929' title='bbox 299 2663 380 2693; x_wconf 86' lang='lat' dir='ltr'><strong>Joan.</strong></span> <span class='ocrx_word' id='word_1_930' title='bbox 398 2673 466 2701; x_wconf 82' lang='lat' dir='ltr'><strong>xvtt,</strong></span> <span class='ocrx_word' id='word_1_931' title='bbox 484 2665 529 2694; x_wconf 72' lang='grc'><strong>10.</strong></span> <span class='ocrx_word' id='word_1_932' title='bbox 568 2667 591 2683; x_wconf 85' lang='grc'><strong><em>⁸⁸</em></strong></span> <span class='ocrx_word' id='word_1_933' title='bbox 610 2667 677 2695; x_wconf 87' lang='lat' dir='ltr'><strong>ibid.</strong></span> <span class='ocrx_word' id='word_1_934' title='bbox 715 2667 738 2683; x_wconf 87' lang='grc'>⁶⁰</span> <span class='ocrx_word' id='word_1_935' title='bbox 758 2667 823 2695; x_wconf 87' lang='lat' dir='ltr'><strong>ibid.</strong></span> <span class='ocrx_word' id='word_1_936' title='bbox 841 2668 867 2696; x_wconf 85' lang='lat'><strong>5.</strong></span> <span class='ocrx_word' id='word_1_937' title='bbox 906 2668 928 2684; x_wconf 83' lang='lat'>“</span> <span class='ocrx_word' id='word_1_938' title='bbox 942 2666 1015 2695; x_wconf 76' lang='lat' dir='ltr'><strong>Matt!</strong></span> 
     </span>
    </p>
   </div>
   <div class='ocr_carea' id='block_1_109' title="bbox 1067 2659 1768 2701">
    <p class='ocr_par' dir='ltr' id='par_1_109' title="bbox 1067 2659 1768 2701">
     <span class='ocr_line' id='line_1_109' title="bbox 1067 2659 1768 2701; baseline -0.011 -6"><span class='ocrx_word' id='word_1_939' title='bbox 1067 2676 1112 2701; x_wconf 79' lang='lat' dir='ltr'><strong>m,</strong></span> <span class='ocrx_word' id='word_1_940' title='bbox 1129 2667 1175 2695; x_wconf 75' lang='grc'><strong>27.</strong></span> <span class='ocrx_word' id='word_1_941' title='bbox 1214 2668 1235 2684; x_wconf 86' lang='grc'><strong>⁶¹</strong></span> <span class='ocrx_word' id='word_1_942' title='bbox 1256 2667 1350 2695; x_wconf 78' lang='lat' dir='ltr'><strong>Matth.</strong></span> <span class='ocrx_word' id='word_1_943' title='bbox 1369 2674 1434 2699; x_wconf 79' lang='lat' dir='ltr'><strong>xxv.</strong></span> <span class='ocrx_word' id='word_1_944' title='bbox 1451 2666 1496 2694; x_wconf 79' lang='lat' dir='ltr'><strong>3L</strong></span> <span class='ocrx_word' id='word_1_945' title='bbox 1534 2666 1556 2682; x_wconf 85' lang='lat'>&quot;</span> <span class='ocrx_word' id='word_1_946' title='bbox 1573 2664 1650 2693; x_wconf 87' lang='lat' dir='ltr'><strong>Joan.</strong></span> <span class='ocrx_word' id='word_1_947' title='bbox 1669 2671 1712 2692; x_wconf 73' lang='lat' dir='ltr'><strong>xv.</strong></span> <span class='ocrx_word' id='word_1_948' title='bbox 1744 2659 1768 2687; x_wconf 85' lang='lat'><strong>6.</strong></span> 
     </span>
    </p>
   </div>
   <div class='ocr_carea' id='block_1_110' title="bbox 251 2762 1007 2804">
    <p class='ocr_par' dir='ltr' id='par_1_110' title="bbox 251 2762 1007 2804">
     <span class='ocr_line' id='line_1_110' title="bbox 251 2762 1007 2804; baseline 0.005 -14"><span class='ocrx_word' id='word_1_949' title='bbox 251 2762 316 2804; x_wconf 43' lang='lat'><strong>198)</strong></span> <span class='ocrx_word' id='word_1_950' title='bbox 336 2763 403 2804; x_wconf 63' lang='lat' dir='ltr'><strong>Mss.</strong></span> <span class='ocrx_word' id='word_1_951' title='bbox 418 2768 449 2792; x_wconf 90' lang='lat' dir='ltr'><strong>ut</strong></span> <span class='ocrx_word' id='word_1_952' title='bbox 466 2765 614 2804; x_wconf 85' lang='lat' dir='ltr'><strong>plurimum</strong></span> <span class='ocrx_word' id='word_1_953' title='bbox 631 2766 731 2804; x_wconf 84' lang='lat' dir='ltr'><strong>habent</strong></span> <span class='ocrx_word' id='word_1_954' title='bbox 743 2766 825 2804; x_wconf 73' lang='grc' dir='ltr'><strong>αὐτοῦ</strong></span> <span class='ocrx_word' id='word_1_955' title='bbox 841 2772 904 2804; x_wconf 56' lang='lat' dir='ltr'><strong>cvm</strong></span> <span class='ocrx_word' id='word_1_956' title='bbox 917 2766 1007 2804; x_wconf 66' lang='lat' dir='ltr'><strong>tenui,</strong></span> 
     </span>
    </p>
   </div>
   <div class='ocr_carea' id='block_1_111' title="bbox 223 2800 1008 2838">
    <p class='ocr_par' dir='ltr' id='par_1_111' title="bbox 223 2800 1008 2838">
     <span class='ocr_line' id='line_1_111' title="bbox 223 2800 1008 2838; baseline 0.008 -14"><span class='ocrx_word' id='word_1_957' title='bbox 223 2800 305 2825; x_wconf 79' lang='lat' dir='ltr'><strong>etiam</strong></span> <span class='ocrx_word' id='word_1_958' title='bbox 323 2800 371 2826; x_wconf 88' lang='lat' dir='ltr'><strong>ubi</strong></span> <span class='ocrx_word' id='word_1_959' title='bbox 387 2807 437 2835; x_wconf 89' lang='lat' dir='ltr'><strong>pro</strong></span> <span class='ocrx_word' id='word_1_960' title='bbox 453 2802 747 2838; x_wconf 77' lang='lat' dir='ltr'><strong>possessivo_ponitur.</strong></span> <span class='ocrx_word' id='word_1_961' title='bbox 767 2802 859 2838; x_wconf 12' lang='lat' dir='ltr'><strong>Set-usi</strong></span> <span class='ocrx_word' id='word_1_962' title='bbox 869 2801 900 2829; x_wconf 72' lang='grc'><strong>,1.</strong></span> <span class='ocrx_word' id='word_1_963' title='bbox 914 2801 1008 2838; x_wconf 85' lang='lat' dir='ltr'><strong>Steph.</strong></span> 
     </span>
    </p>
   </div>
   <div class='ocr_carea' id='block_1_112' title="bbox 223 2836 1008 2874">
    <p class='ocr_par' dir='ltr' id='par_1_112' title="bbox 223 2836 1008 2874">
     <span class='ocr_line' id='line_1_112' title="bbox 223 2836 1008 2874; baseline 0.001 -10"><span class='ocrx_word' id='word_1_964' title='bbox 223 2839 293 2864; x_wconf 75' lang='lat' dir='ltr'><strong>.mo.</strong></span> <span class='ocrx_word' id='word_1_965' title='bbox 321 2840 378 2862; x_wconf 74' lang='lat' dir='ltr'><strong>Msa</strong></span> <span class='ocrx_word' id='word_1_966' title='bbox 404 2843 457 2871; x_wconf 85' lang='grc' dir='ltr'><strong>αρα</strong></span> <span class='ocrx_word' id='word_1_967' title='bbox 476 2838 493 2873; x_wconf 80' lang='grc' dir='ltr'><strong>ὴ</strong></span> <span class='ocrx_word' id='word_1_968' title='bbox 517 2836 580 2868; x_wconf 76' lang='grc' dir='ltr'>δόξα</span> <span class='ocrx_word' id='word_1_969' title='bbox 608 2836 725 2865; x_wconf 79' lang='lat' dir='ltr'><strong>Palatia.</strong></span> <span class='ocrx_word' id='word_1_970' title='bbox 750 2839 783 2873; x_wconf 77' lang='grc' dir='ltr'><strong>τῇ</strong></span> <span class='ocrx_word' id='word_1_971' title='bbox 801 2837 864 2872; x_wconf 47' lang='grc' dir='ltr'>(ιλ)</span> <span class='ocrx_word' id='word_1_972' title='bbox 883 2837 937 2874; x_wconf 79' lang='grc' dir='ltr'>ἄρα</span> <span class='ocrx_word' id='word_1_973' title='bbox 953 2836 969 2873; x_wconf 71' lang='grc' dir='ltr'>ἡ</span> <span class='ocrx_word' id='word_1_974' title='bbox 985 2837 1008 2865; x_wconf 87' lang='grc' dir='ltr'>δ.</span> 
     </span>
    </p>
   </div>
   <div class='ocr_carea' id='block_1_113' title="bbox 1063 2765 1819 2835">
    <p class='ocr_par' dir='ltr' id='par_1_113' title="bbox 1063 2765 1819 2835">
     <span class='ocr_line' id='line_1_113' title="bbox 1063 2765 1819 2835; baseline 0.001 -7"><span class='ocrx_word' id='word_1_975' title='bbox 1063 2765 1155 2835; x_wconf 49' lang='grc' dir='ltr'><strong>ἠέξξῇ</strong></span> <span class='ocrx_word' id='word_1_976' title='bbox 1171 2800 1209 2835; x_wconf 75' lang='lat' dir='ltr'><strong>ita</strong></span> <span class='ocrx_word' id='word_1_977' title='bbox 1236 2809 1303 2830; x_wconf 85' lang='lat' dir='ltr'><strong>mss.</strong></span> <span class='ocrx_word' id='word_1_978' title='bbox 1324 2801 1394 2829; x_wconf 84' lang='lat' dir='ltr'><strong>Editi</strong></span> <span class='ocrx_word' id='word_1_979' title='bbox 1409 2809 1484 2834; x_wconf 80' lang='lat' dir='ltr'><strong>vero.</strong></span> <span class='ocrx_word' id='word_1_980' title='bbox 1505 2800 1550 2828; x_wconf 83' lang='grc' dir='ltr'><strong>τοῦ</strong></span> <span class='ocrx_word' id='word_1_981' title='bbox 1566 2799 1717 2834; x_wconf 55' lang='lat' dir='ltr'><strong>Ilva-ituro;</strong></span> <span class='ocrx_word' id='word_1_982' title='bbox 1731 2794 1819 2829; x_wconf 61' lang='grc' dir='ltr'>γνῶαν</span> 
     </span>
    </p>
   </div>
   <div class='ocr_carea' id='block_1_114' title="bbox 1065 2834 1229 2865">
    <p class='ocr_par' dir='ltr' id='par_1_114' title="bbox 1065 2834 1229 2865">
     <span class='ocr_line' id='line_1_114' title="bbox 1065 2834 1229 2865; baseline -0.012 0"><span class='ocrx_word' id='word_1_983' title='bbox 1065 2839 1143 2865; x_wconf 70' lang='lat' dir='ltr'><strong>Max.</strong></span> <span class='ocrx_word' id='word_1_984' title='bbox 1155 2834 1229 2863; x_wconf 79' lang='grc' dir='ltr'>Οἶδα.</span> 
     </span>
    </p>
   </div>
  </div>
