1926 3067
89 117 166 147 Ιὲιῖθ

583 120 627 148 DE
648 119 781 149 SANCTA
800 121 985 150 TRINITATE
1007 122 1176 152 DIALOGUS
1193 123 1238 152 ΙΙΙ.

1643 121 1710 150 1210

86 178 144 211 τῆς
165 176 315 212 γεννήσεως
331 176 378 203 καὶ
395 176 445 211 τῆς
459 177 664 213 ἆκπορεύσεως;
681 178 758 214 Ὄρθ.
783 180 812 206 '0
825 179 874 215 τὴν

926 188 989 207 nam
1018 180 1165 208 discrimen
1187 184 1229 208 est
1255 178 1440 216 generationis
1463 181 1490 207 et
1505 177 1711 214 processimus?

85 221 222 258 διαφορὰν
239 221 326 254 εἰδὼς,
348 222 454 249 καὶτὸν
476 223 574 258 τρόπον
586 223 637 258 τῆς
660 225 812 260 γεννήσεως
830 225 877 253 καὶ

85 269 141 303 τῆς
153 267 340 303 ὲκπορεύσεως
354 266 432 295 οἶδεν.
458 269 518 296 ’Ὁτι
533 269 560 296 δὲ
574 270 660 302 οὐδεὶς
675 269 744 298 οἶδεν
755 271 800 298 τὸν
816 271 877 308 τρό-

88 321 145 340 πον
167 313 216 348 τῆς
239 314 401 349 γεννήσεως,
417 315 431 341 ὀ
448 315 590 352 προφήτης
618 315 682 352 βοᾷ·
697 326 706 342 ι
728 317 783 353 Τὴν
799 318 876 352 γένε-

88 367 134 385 σιν
153 359 192 394 (Ι)
206 358 289 385 αὑτοῦ
306 359 348 391 τίς
365 359 541 395 διηγήσεται;
556 371 565 386 ι
583 363 659 388 Μακ.
684 362 739 389 Καὶ
757 363 815 395 πῶς
830 361 877 390 οὖν

87 405 194 438 λέγεις,
204 405 269 432 ὃτιὸ
284 406 333 441 μὲν
357 406 420 438 Υἱὸς
438 407 471 433 ἐκ
484 407 534 442 τῆς
548 408 643 440 οὐσίας
657 409 826 446 γεγέννηται,
847 411 877 438 τὸ

85 450 118 476 δὲ
131 450 243 486 Πνεῦμα
254 451 450 487 ὲκπορεύεται;
466 452 543 486 Ὀρθ.
557 453 597 480 Τὰ
608 455 786 490 γεγραμμένα
794 456 874 491 λέγω.

87 497 148 524 Καὶ
163 498 195 524 σὺ
206 497 280 532 λέγε,
296 498 343 524 καὶ
354 497 384 524 οὺ
401 498 575 531 κινδυνεύεις.
591 501 670 527 Max.
692 501 746 528 Ποῦ
759 499 806 529 οὖν
829 503 876 537 γέ-

87 551 225 578 γραπται,
242 545 274 570 ἐκ
295 543 345 579 τῆς
364 544 472 578 οὐσίας;
488 545 566 579 Ὀρθ.
590 546 651 573 ὀτι
669 547 757 574 πάντα
772 548 805 574 ἐκ
827 548 876 575 τοῦ

86 587 171 618 Θεοῦ,
186 588 349 623 γέγραπται,
360 589 407 615 καὶ
421 590 453 616 σὺ
467 589 626 625 ὁμολογεῖς,
640 593 715 619 Μακ.
731 593 794 625 Ναὶ,
810 593 875 628 ὁμο-

85 632 173 668 λογῶ.
187 633 233 669 Μὴ
248 632 293 661 οὖν
305 635 336 661 ἐκ
346 635 395 670 τῆς
410 636 504 668 οὐσίας
516 637 622 668 πάντας
638 638 715 672 Ὀρθ.
739 639 818 674 υὺχὶ,
837 639 874 675 μὴ

86 679 196 712 γένοιτο
209 679 215 706 ι
236 680 304 706 Ἀλλ’
317 680 369 713 ὅτι,
387 681 494 709 πάντων
510 682 594 709 ὅντων
608 684 640 709 ὲκ
652 683 699 710 τοῦ
706 683 785 717 Θεοῦ,
798 681 875 717 οὗτος

87 725 238 761 μονογενὴς
262 726 335 758 Υἱὸς,
354 727 458 754 πολλῶν
475 727 558 755 ὅντων
582 729 658 761 υεῶν,
674 727 693 764 ἦ
710 729 763 766 μὴν
776 731 808 757 ὲκ
825 730 874 765 τῆς

86 771 195 806 οὐσίας,
209 772 286 808 δῆλόν
300 773 383 800 ἐστιν.

121 918 150 947 5.
169 921 244 947 Μακ.
262 919 308 956 Μὴ
323 921 370 948 καὶ
385 921 416 948 τδ
427 921 539 958 Πνεῦμα
555 924 700 959 μονογενὴς
710 924 774 957 Υἱός
785 926 872 959 sm»;

86 964 168 999 ὀρθ.
183 964 238 991 Καὶ
248 965 294 992 νῦν
304 965 384 999 λέγω,
403 966 440 1002 μὴ
455 967 558 1001 γένοιτο
572 969 676 996 εἰπεῖνῑ
694 970 764 997 Ἀλλ’
779 970 873 1007 ὥσπερ

87 1010 195 1037 πολλῶν
205 1011 288 1038 ὄντων
309 1012 393 1044 υἱῶν,
408 1013 500 1040 τοῦτον
511 1013 633 1049 ἔγνωμεν
648 1016 681 1042 ὲκ
696 1016 745 1051 τῆς
767 1017 871 1048 οὐςίας,

86 1055 132 1082 διὰ
145 1055 177 1082 τὸ
202 1056 291 1090 λέγειν
302 1056 348 1084 τὸν
363 1057 486 1094 Πατέρα”
507 1067 516 1084 ι
534 1057 618 1092 Οῦτός
638 1061 683 1096 μοί
696 1062 770 1089 ἐστιν
784 1062 799 1088 ό
810 1063 872 1096 Υἱὸς

87 1102 102 1127 ὁ
115 1102 267 1138 ἀγαπητόςο
284 1111 293 1128 ι
309 1102 380 1130 οὕτω
392 1104 423 1130 τὸ
441 1104 553 1140 Πνεῦμα
569 1105 692 1142 ἔγνωμεν
711 1108 744 1135 ὲκ
754 1108 803 1144 τῆς
828 1109 873 1135 οὐ·

89 1147 161 1180 σίας,
177 1147 222 1174 διὰ
233 1147 271 1180 τὺ,
287 1147 392 1175 πολλῶν
415 1149 499 1177 ὅντων
518 1152 691 1187 πνευμάτων,
714 1153 805 1188 λέγειν
826 1153 873 1182 τόν

89 1193 210 1230 Πατέρα·
223 1204 233 1219 ι
248 1194 352 1230 Ἐκχεῶ
365 1195 419 1222 ἀπὸ
432 1196 480 1223 τοῦ
491 1197 648 1232 Πνεῦματός
660 1207 710 1234 μου
725 1199 771 1226 ἐπὶ
783 1199 873 1226 πᾶσαν

90 1239 189 1275 σάρκα.
197 1241 314 1273 »Ἄλλως
323 1241 378 1277 γὰρ
387 1241 418 1268 οὐ
431 1242 540 1270 δύναται
548 1244 714 1280 χωρισθῆναι
722 1245 776 1271 τῶν
785 1245 872 1272 ἄλλων

91 1286 176 1320 ἁγίων
185 1287 357 1322 πνευμάτων,
366 1288 413 1315 καὶ
422 1289 588 1325 συναφθῆναι
597 1289 635 1325 τῷ
645 1291 743 1326 Πατρὶ,
753 1291 776 1317 εἰ
789 1291 872 1327 μήτῷ

90 1331 162 1367 λόγῳ
174 1333 223 1369 τῆς
233 1334 335 1366 οὐσίας.
346 1336 422 1362 Max.
440 1334 469 1361 ὐ
480 1335 534 1372 γὰρ
549 1336 644 1372 Πατήρ
657 1337 730 1363 ἔστιν
745 1338 759 1364 ὁ
768 1337 853 1370 λέγων
864 1346 870 1354 ·

91 1388 103 1405 ι
114 1380 216 1415 Ἐκχεῶ
232 1380 286 1408 ἀπὸ
299 1380 346 1407 τοῦ
357 1380 513 1416 Πνεῦματός
523 1390 592 1417 μου;
606 1392 616 1408 ι
626 1383 702 1417 ’ορ9.
720 1383 775 1410 Καὶ
789 1383 870 1411 πάνυ,

91 1427 167 1453 Max.
181 1425 266 1454 Πόθεν
280 1426 374 1461 τοῦτο;
388 1427 483 1462 rapo.
492 1428 616 1460 Παῦλοςό
624 1429 769 1461 ἀπόστολος
780 1429 853 1464 λέγει
862 1439 870 1445 ·

93 1481 104 1497 ο
123 1471 187 1499 Ὅτε
213 1472 266 1509 γὰρ
280 1473 400 1509 ἐπεφάνη
416 1475 432 1508 ὴ
447 1473 526 1510 χάρις
542 1474 590 1501 τοῦ
612 1474 679 1501 Θεοῦ
699 1475 737 1511 (2)
755 1475 802 1502 τοῦ
817 1476 873 1502 Σω-

91 1517 173 1553 τῆρος
183 1517 272 1553 ἡμῶν.
290 1519 339 1546 οὐκ
351 1519 381 1551 ἐξ
392 1519 489 1555 ἔργων,
505 1516 542 1547 ὧν
555 1520 722 1556 ἐποιήσαμεν
739 1521 818 1557 ἡμεῖς
826 1522 872 1548 ἐπὶ

91 1562 141 1597 τῆς
152 1563 213 1598 γῆς,
226 1563 292 1590 ἀλλὰ
302 1565 373 1591 κατὰ
383 1564 413 1592 τὸ
421 1565 486 1592 πολὺ
498 1565 580 1592 αὑτοῦ
595 1566 678 1599 ἕλεος,
689 1567 874 1603 ἀναγεννήσας

91 1610 165 1645 ἡμᾶς
175 1610 219 1637 διᾶι
233 1610 344 1646 λουτροῦ
358 1611 576 1645 παλιγγενεσίας,
590 1612 636 1638 καὶ
666 1611 874 1644 ἀνακαινώσεως

92 1656 247 1691 Πνεύματος
257 1656 345 1691 ἁγίου,
356 1654 386 1683 οὗ
402 1657 508 1692 ἐξέχεεν
530 1658 571 1692 ἐφ’
587 1658 659 1693 ἡμᾶς
678 1657 812 1690 πλουσίως
831 1658 875 1685 διὰ

92 1701 180 1736 Ἰησοῦ
208 1702 336 1738 Χριστοῦ.
362 1712 371 1728 ι
389 1702 437 1735 Τίς
453 1702 542 1739 ἐξέχεε
567 1703 611 1730 διὰ
633 1702 720 1740 Ἰησοῦ
737 1704 874 1740 Χριστοῦς

92 1748 211 1784 δηλονότι
229 1750 243 1775 ὁ
260 1749 387 1785 εἰρηκώς·
423 1759 432 1775 ι
466 1750 509 1777 Ἐν
527 1751 587 1782 ταῖς
604 1751 732 1787 ἐσχάταις
757 1751 876 1787 ἡμέραις

93 1794 179 1830 ἐκχεῶ
205 1795 258 1822 ἀπὸ
284 1795 330 1822 τοῦ
349 1795 508 1831 Πνεύματός
526 1805 576 1832 μου
595 1796 644 1832 (5).
666 1807 675 1823 ι
701 1799 778 1825 Max.
794 1798 876 1834 Οὑχὸ

93 1840 156 1872 Tib;
170 1838 216 1867 οὖν
240 1840 330 1868 δίδωσι
353 1842 383 1868 τὸ
397 1842 524 1878 Πνεῦμα;
545 1844 622 1878 ὀρθ.
648 1844 796 1876 Ἤκουσας,
811 1844 876 1871 ὃτιό

95 1886 186 1922 Πατὴρ
202 1886 245 1914 διὰ
259 1886 306 1914 τοῦ
328 1887 393 1915 Υἰοῦ
409 1888 500 1915 δίδωσι
515 1889 545 1915 τὸ
560 1889 682 1925 Πνεῦμα.
706 1889 815 1925 Ἀμέλει
827 1889 875 1916 τοῦ

94 1933 199 1969 Πατρδς
225 1934 379 1970 εἰρηκότος,
406 1943 416 1960 ι
455 1935 498 1961 Ἐν
529 1936 589 1968 ταῖς
613 1935 741 1970 ἐσχάταις
759 1935 877 1972 ἡμέραις

94 1979 180 2014 ἐκχεῷ
196 1979 249 2006 ἀπὸ
273 1979 319 2006 τοῦ
342 1980 500 2016 Πνεύματός
516 1990 566 2016 μου
579 2001 586 2012 ,
611 1991 620 2007 ι
640 1982 654 2008 ὁ
672 1982 735 2013 Υἱὸς
758 1982 877 2014 ἀναστὰς

95 2025 126 2050 ἐκ
142 2024 255 2059 νεκρῶν,
282 2024 369 2058 λέγει’
394 2035 403 2050 ι
423 2025 525 2053 Λάϐετε
545 2026 655 2061 Πνεῦμα
668 2027 754 2061 ἆγιον.
773 2037 783 2053 ι
796 2029 874 2062 Μαξι.

95 2068 176 2097 Εἶπον
191 2072 224 2097 ὲκ
240 2070 348 2102 πολλοῦ,
365 2072 402 2107 μή
417 2080 451 2107 με
463 2072 584 2107 περίσπα
596 2081 603 2088 ⁸
617 2073 685 2105 ἀλλ’,
702 2074 725 2099 sl
737 2072 808 2108 ἔχεις
824 2073 878 2100 δεῖν

96 2115 147 2148 ξαι,
164 2113 240 2143 εἷπον
268 2116 319 2143 ποῦ
346 2117 510 2153 γέγραπται,
534 2118 600 2149 Θεὸς
613 2118 644 2144 τὺ
661 2118 780 2154 Πνεῦμα.
798 2120 875 2153 ὀρίλ

100 2161 277 2196 Ὁμολόγησον
282 2161 330 2196 τὴν
338 2161 451 2197 θεότητα
457 2162 502 2189 τοῦ
511 2162 616 2197 Πατρὸς
623 2161 720 2189 καὶτοῦ
730 2161 793 2188 fiet";
803 2162 876 2197 μίαν,

928 225 1005 253 Orth.
1021 226 1073 259 Qui
1089 226 1141 253 hoc
1162 225 1310 253 discrimen
1335 225 1453 257 noverit,
1472 223 1581 252 modum
1601 231 1710 258 quoque

926 271 1112 307 generationis
1125 275 1152 300 et
1166 271 1351 306 processionis
1373 271 1459 298 novit.
1485 269 1626 297 Neminem
1645 277 1710 296 vero

926 325 1008 345 nosse
1027 317 1209 352 generationis
1231 316 1340 344 modum
1364 315 1532 343 vociferatur
1564 314 1709 349 propheta,

926 371 988 390 eum
1014 363 1102 397 inquit
1131 372 1137 390 :
1162 371 1171 387 ι
1195 362 1402 390 Grnerationem
1431 361 1491 396 ejus
1516 360 1578 396 quis
1598 367 1708 387 enarra-

926 408 965 435 hit
976 409 1015 436 °‘?
1030 418 1039 434 ι
1059 407 1163 435 Mat-ed.
1181 407 1272 441 Quare
1298 408 1382 443 igitur
1395 407 1484 434 dicis:
1497 405 1583 434 Filius
1599 406 1709 441 quidem

926 461 958 480 ex
973 453 1125 480 substantia
1138 454 1246 488 genitus
1261 457 1313 484 est,
1328 452 1447 488 Spiritus
1464 455 1552 479 autem
1567 451 1711 486 procedit?

928 498 1004 527 Ortli.
1027 499 1092 527 Dico
1120 507 1180 534 quze
1204 499 1306 534 scripta
1323 503 1397 527 sunt.
1415 499 1454 526 Ita
1477 497 1558 533 igitur
1578 502 1606 525 et
1619 501 1649 524 tu
1667 497 1708 524 lo-

925 553 1020 580 quere,
1035 550 1062 574 et
1075 552 1151 574 extra
1165 547 1316 582 periculum
1328 555 1368 575 es.
1382 546 1484 574 Haced.
1506 547 1622 574 Ubinam
1640 546 1710 574 serio

926 594 1001 626 ptum
1015 595 1067 624 est,
1084 591 1181 619 Filium
1198 600 1258 620 esse
1281 599 1314 620 ex
1332 593 1507 620 substantia?
1521 592 1599 620 Ortli.
1614 591 1709 619 Nonne

925 640 952 664 et
965 640 994 664 tu
1010 637 1143 672 scriptum
1158 645 1219 666 esse
1232 638 1325 665 fateris
1337 638 1428 665 omnia
1439 645 1501 666 esse
1512 646 1544 666 ex
1559 637 1634 665 Deo?
1644 636 1707 664 Ma-
1720 648 1722 650 τ

925 682 980 710 cad.
1002 682 1073 710 Sane
1089 683 1186 715 fateor,
1204 683 1252 711 sed
1265 691 1330 711 num
1345 683 1435 710 omnia
1453 687 1517 711 sunt
1533 691 1566 710 ex
1582 683 1627 711 Dei
1644 683 1710 710 sub-

925 728 1041 755 stantia?
1058 727 1133 756 Orlli.
1147 728 1334 764 Nequaquam,
1352 728 1437 756 absit!
1454 728 1507 756 Sed
1529 736 1562 756 ex
1577 736 1609 756 eo
1625 728 1708 763 quod,

924 781 985 801 cum
1005 775 1095 801 omnia
1109 775 1164 802 sint
1182 782 1216 802 ex
1231 774 1296 807 Deo,
1317 774 1369 802 iste
1384 778 1426 802 est
1442 774 1598 810 unigenitus
1613 773 1708 806 l'ilius,

925 819 1053 854 quamvis
1080 820 1159 848 multi
1177 820 1233 848 sint
1250 820 1310 853 ﬁlii,
1333 820 1418 854 liquet
1432 824 1506 849 certe
1520 828 1582 848 eum
1595 828 1656 848 esse
1675 829 1709 848 ex

888 860 910 890 Β
924 865 1089 893 substantia.

961 919 988 947 5.
1004 919 1107 947 Maced.
1125 921 1167 948 An
1183 929 1248 949 vero
1261 920 1379 957 Spiritus
1396 929 1504 958 quoque
1524 926 1566 950 est
1585 923 1710 958 unigenio

926 968 970 993 tus
984 964 1086 993 Filius?
1102 965 1178 994 Orlh.
1188 966 1276 999 Absit,
1294 967 1453 1002 inquam,ut
1465 967 1517 995 hoc
1531 967 1637 995 dicam:
1654 968 1708 996 Sed

925 1011 1007 1045 sicut,
1030 1019 1092 1039 cum
1109 1012 1186 1040 multi
1202 1013 1258 1040 sint
1279 1012 1336 1045 lilii,
1361 1013 1488 1040 novimus
1504 1012 1578 1040 hunc
1598 1021 1660 1041 esse
1673 1021 1707 1041 ex

925 1059 1089 1092 substantia,
1114 1059 1244 1094 quoniam
1259 1060 1328 1088 dixit
1350 1059 1448 1088 Pater:
1468 1068 1477 1085 ι
1492 1059 1543 1088 Hic
1560 1063 1602 1088 est
1622 1059 1708 1088 Filius

925 1113 1002 1133 meus
1017 1105 1132 1134 dilectus
1144 1106 1180 1139 6';
1194 1116 1203 1132 ι
1217 1107 1253 1134 ita
1263 1107 1347 1135 etiam
1361 1114 1422 1135 esse
1435 1114 1468 1134 ex
1483 1106 1636 1135 substantia
1650 1106 1710 1142 Spio

925 1151 1007 1178 ritum
1020 1152 1084 1180 inde
1104 1153 1240 1185 novimus,
1257 1153 1329 1188 quod
1346 1160 1408 1180 cum
1425 1153 1479 1181 sint
1495 1153 1572 1180 multi
1584 1153 1707 1188 spiritus,

925 1197 1023 1225 dixerit
1031 1197 1117 1225 Pater:
1124 1197 1279 1226 «Eﬂ‘undam
1289 1198 1321 1226 de
1333 1199 1433 1234 Spiritu
1443 1206 1502 1227 meo
1510 1206 1592 1234 super
1600 1207 1708 1226 omnem

925 1251 1033 1272 carnem
1049 1244 1082 1271 “.
1104 1254 1113 1271 ι
1129 1243 1196 1272 Nam
1216 1245 1294 1272 aliter
1308 1246 1428 1280 separari
1443 1253 1459 1272 a
1478 1245 1580 1273 sanctis
1595 1245 1707 1280 reliquis

925 1291 1066 1326 spiritibus
1077 1298 1131 1318 non
1142 1295 1273 1326 potest,et
1280 1291 1353 1319 Patri
1367 1291 1507 1327 conjungi.
1517 1292 1569 1319 nisi
1581 1292 1710 1319 substan-

924 1334 970 1361 tiae
980 1334 1094 1362 ratione.
1113 1334 1294 1362 Maced.Num
1316 1343 1381 1363 vero
1394 1335 1474 1364 Pater
1495 1336 1518 1363 is
1533 1341 1583 1367 est.
1600 1336 1647 1371 qui
1664 1336 1708 1363 di-

925 1379 964 1406 cit
980 1389 986 1406 :
1002 1388 1012 1405 ι
1030 1379 1171 1407 Effundam
1185 1381 1218 1408 de
1232 1380 1336 1415 Spiritu
1349 1381 1430 1408 meo?
1447 1390 1456 1406 ι
1475 1380 1550 1408 Ort/i.
1566 1380 1637 1408 Sane
1647 1382 1709 1415 qui-

925 1424 998 1452 dem.
1011 1424 1115 1453 Maced.
1128 1425 1204 1454 Unde
1217 1426 1269 1454 hoc
1287 1427 1415 1461 colligis?
1430 1426 1507 1454 Orllt.
1522 1425 1624 1454 Paulus
1641 1434 1709 1462 apo-

926 1471 1013 1499 stolus
1027 1471 1131 1507 inquit:
1151 1481 1160 1498 ι
1171 1472 1238 1499 Cum
1255 1472 1327 1500 enim
1344 1473 1470 1508 apparuit
1485 1473 1580 1508 gratia'
1591 1472 1637 1500 Dei
1654 1472 1710 1500 Sal-

926 1517 1028 1545 vatoris
1040 1517 1139 1551 nostri,
1157 1525 1211 1545 non
1231 1525 1263 1545 ex
1285 1519 1426 1553 operibus,
1452 1525 1513 1553 qua:
1528 1518 1643 1546 fecimus
1659 1527 1710 1547 nos

925 1571 1008 1598 super
1021 1566 1131 1596 terram,
1149 1564 1196 1591 sed
1223 1563 1373 1592 secundum
1389 1564 1605 1592 misericordiam
1630 1572 1708 1592 suam

925 1609 1096 1644 regeneravit
1111 1616 1162 1637 nos
1187 1609 1296 1637 lavacro
1319 1610 1532 1645 regenerationis
1546 1615 1573 1638 et
1596 1618 1711 1638 renova-

926 1654 1010 1682 tionis
1022 1654 1141 1689 Spiritus
1156 1655 1255 1688 sancti,
1275 1663 1355 1690 quem
1379 1655 1473 1683 eﬂ‘ndit
1488 1655 1514 1682 in
1535 1663 1585 1684 nos
1602 1655 1710 1684 abunde

925 1708 974 1736 per
994 1699 1086 1728 Jesum
1110 1700 1249 1729 Christum
1263 1701 1296 1728 ⁸⁷.
1317 1710 1326 1727 ι
1344 1700 1411 1734 Quis
1431 1701 1526 1729 eii'udit
1544 1709 1592 1737 per
1616 1701 1708 1730 .iesnm

925 1747 1081 1775 Christum?
1095 1746 1119 1774 is
1129 1746 1268 1779 nimirum,
1280 1746 1327 1782 qui
1342 1747 1450 1775 dixerat
1466 1755 1472 1773 :
1491 1756 1500 1773 ι
1512 1747 1540 1774 In
1555 1747 1711 1776 novissimis

925 1793 1022 1821 diebus
1033 1793 1169 1820 eﬂ'undam
1193 1801 1226 1821 ex
1251 1792 1355 1829 Spiritu
1375 1801 1446 1822 meo.
1467 1803 1476 1820 ι
1494 1793 1599 1821 Maced.
1612 1796 1709 1822 Annon

925 1846 990 1874 ergo
1005 1837 1088 1866 Filius
1100 1839 1146 1865 dat
1166 1837 1316 1874 Spiritum?
1331 1839 1407 1867 Ortli.
1423 1839 1530 1867 Audisti
1544 1840 1615 1876 quod
1631 1839 1711 1867 Pater

926 1891 974 1920 per
986 1884 1083 1912 Filium
1096 1887 1141 1913 det
1158 1885 1302 1921 Spiritum.
1314 1885 1394 1914 Certe
1408 1894 1470 1914 cum
1491 1885 1572 1914 Pater
1589 1886 1688 1914 dixerit
1701 1907 1709 1918 ,

929 1940 938 1957 ι
954 1930 983 1958 In
994 1931 1152 1960 novissimis
1168 1931 1266 1960 diebus
1281 1931 1417 1960 eiTundam
1435 1931 1468 1960 de
1491 1931 1593 1968 Spiritu
1609 1940 1680 1965 meo,
1698 1942 1708 1959 ι

927 1976 1011 2005 Filius
1025 1982 1166 2012 postquam
1178 1985 1192 2004 a
1204 1977 1320 2005 mortuis
1330 1978 1627 2011 resurrexisset,rlixit:
1641 1988 1650 2004 ι
1662 1979 1711 2006 Ac-

927 2022 1008 2057 cipite
1016 2022 1146 2058 Spiritum
1155 2029 1280 2051 sanctum
1289 2023 1322 2050 “.
1330 2023 1448 2051 »Μικεώ
1457 2023 1496 2051 Ne
1505 2031 1547 2051 me
1565 2024 1646 2059 (quod
1653 2025 1710 2059 jam

927 2069 1030 2104 pridem
1045 2069 1111 2105 dixi)
1121 2069 1182 2098 istis
1190 2070 1485 2106 ambagibusdistineto
1501 2078 1507 2096 :
1525 2070 1572 2098 scd
1585 2070 1711 2104 ostende.

927 2115 950 2142 si
979 2119 1066 2150 potes,
1093 2116 1138 2143 ubi
1169 2116 1300 2151 scriptum
1321 2115 1358 2143 sit
1382 2115 1513 2151 Spiritum
1529 2123 1590 2143 esse
1614 2115 1709 2143 Deum.

930 2161 1006 2190 Orlli.
1016 2161 1114 2190 Fatere
1129 2170 1210 2190 unam
1225 2169 1286 2190 esse
1299 2161 1388 2190 Patris
1399 2166 1427 2190 et
1436 2161 1496 2189 Filii
1511 2161 1639 2189 deitatem
1653 2161 1714 2189 sive

94 2208 175 2243 ἡγουν
186 2207 235 2243 τὴν
251 2207 354 2240 οὐσίαν,
372 2208 418 2235 καὶ
425 2208 474 2243 τὴν
495 2207 602 2244 βουλὴν,
622 2209 669 2234 καὶ
686 2208 735 2244 τὴν
749 2208 873 2245 δύναμιν,

927 2210 1120 2243 substantiam,
1141 2216 1278 2244 unumque
1291 2208 1446 2240 consilium,
1458 2215 1540 2236 unam
1551 2208 1710 2243 potentiam,

95 2253 140 2279 καὶ
149 2252 198 2287 τὴν
210 2251 288 2286 δόξαν
297 2260 304 2266 ·
321 2252 368 2279 καὶ
376 2253 436 2279 τότε
453 2253 561 2289 μαθήσῃ
575 2254 639 2290 περὶ
651 2253 698 2280 τοῦ
710 2253 778 2280 Πνεύ
783 2262 876 2289 ματος.

96 2300 168 2326 Max.
184 2298 241 2326 Μία
255 2298 351 2335 θεότης
363 2299 442 2326 πάλιν
455 2299 507 2326 ποῦ
523 2299 676 2335 γέγραπται
686 2309 694 2334 ;
705 2300 783 2334 Ὀρθ.
797 2300 878 2336 ὀμο-

95 2345 191 2379 λογεῖς,
213 2345 254 2372 ὅτι
272 2346 301 2373 ὲν
314 2345 389 2381 αὐτῷ
415 2347 536 2373 κατοικεῖ
563 2346 617 2373 πᾶν
630 2345 661 2372 τὸ
676 2346 812 2382 πλήρωμα
828 2346 877 2382 τῆς

95 2391 255 2428 θεότητος,ῆ
275 2392 323 2426 ob;
339 2395 415 2420 Max.
430 2392 508 2420 Οὕτω
519 2392 761 2429 γέγραπται.ὀρθ.
776 2393 876 2429 ’Δλλην

96 2438 231 2474 ὗμολογεῖς
250 2439 298 2475 τὴν
316 2439 429 2476 θεότητα
453 2439 501 2466 τοῦ
526 2439 642 2475 Πατρὸς,
660 2441 707 2466 καὶ
722 2439 805 2476 ἄλλην
826 2440 876 2475 τὴν

96 2485 206 2520 θεότητα
229 2484 277 2511 τοῦ
294 2485 375 2519 Υἱοῦ;
390 2487 466 2512 Μακ.
489 2485 552 2512 Ναί.
566 2486 644 2520 ’ορθ.
667 2486 699 2512 Ἦ
713 2485 808 2521 Θεότης
830 2484 876 2513 οὖν

99 2531 138 2559 τοῦ
151 2531 256 2568 [ἰατρὸς
272 2532 301 2558 ἐν
312 2533 345 2567 τῇ
355 2531 461 2567 Θεότητι
474 2531 520 2558 τοῦ
532 2531 615 2565 Υἰοῦ;
630 2533 707 2559 Μακ.
719 2531 782 2558 Ναί.
798 2533 877 2565 Ὀρθ.

97 2577 144 2604 Δύο
155 2575 202 2605 οὖν
216 2577 358 2613 Oed-r1312“
376 2579 453 2605 Μακ.
473 2577 502 2604 '0
516 2577 582 2609 Θεὸς
597 2578 644 2605 καὶ
667 2578 772 2614 Πατὴρ,
798 2577 845 2604 καὶ
860 2578 877 2614 ή

97 2622 185 2660 Βεθτης
194 2623 276 2651 αὐτοῦ
285 2622 325 2656 εἷς
337 2623 402 2655 Θεός
413 2633 419 2639 ·
434 2624 480 2651 καὶ
493 2624 507 2650 ὁ
521 2624 586 2656 Θεὸς
597 2623 645 2651 καὶ
654 2623 727 2658 Υἱὸς,
738 2624 784 2651 καὶ
794 2623 879 2659 11056-

146 2715 169 2732 “
187 2715 230 2744 lsa
257 2723 326 2745 ιλιι.
342 2715 369 2743 8.
408 2715 430 2732 ⁴¹
452 2715 544 2743 Matth.
566 2724 594 2743 ιιι
608 2736 616 2745 .
634 2715 678 2744 17.

127 2804 163 2835 (l)
177 2803 254 2840 Mss,
271 2803 320 2839 τὴν
331 2803 436 2840 γενεάν.
459 2803 541 2835 Editi.
551 2804 600 2840 τὴν
618 2804 733 2839 γένεσιν.

131 2839 166 2871 (Ξ)
185 2839 229 2866 Sic
246 2846 312 2867 mss.
331 2838 400 2866 Editi
418 2847 492 2871 vero,
508 2839 554 2866 τοῦ
576 2838 689 2876 Πατρός.

927 2260 955 2284 et
983 2256 1109 2292 gloriam,
1136 2259 1164 2283 et
1190 2259 1256 2282 tunc
1285 2255 1422 2290 intelliges
1447 2255 1514 2282 illud
1543 2255 1576 2282 de
1605 2254 1711 2290 Spiritu

928 2306 1032 2331 sancto.
1044 2301 1147 2329 Maced.
1167 2300 1218 2328 Ubi
1231 2301 1362 2336 scriptum
1380 2304 1432 2334 est,
1446 2301 1554 2328 unicam
1575 2308 1636 2328 esse
1651 2301 1712 2328 dei-

927 2348 1030 2376 tatem?
1046 2347 1121 2375 Orlh.
1137 2346 1241 2374 Fateris
1258 2354 1344 2374 necne
1361 2346 1514 2374 inhabitare
1530 2346 1556 2373 in
1569 2345 1636 2373 Filio
1651 2353 1712 2373 om-

930 2402 992 2422 nem
1006 2393 1201 2429 plenitudinem
1213 2393 1338 2421 deitatis?
1348 2392 1451 2420 Haud.
1461 2392 1499 2420 Ita
1514 2392 1645 2427 scriptum
1658 2395 1711 2420 est.

929 2439 1004 2467 Orth.
1021 2439 1144 2466 Aliamne
1156 2446 1216 2467 esse
1228 2438 1297 2466 dicis
1308 2437 1397 2466 Patris
1407 2439 1547 2469 deitatem.
1566 2438 1647 2465 aliam
1663 2437 1711 2464 iti-

926 2486 988 2514 dem
1011 2485 1072 2514 Filii
1099 2485 1248 2513 deitatem?
1268 2484 1374 2513 Maced.
1392 2485 1492 2512 Etiam.
1521 2485 1599 2513 Ortli.
1616 2484 1711 2512 Deitas

926 2538 991 2567 ergo
1016 2530 1105 2559 Patris
1126 2533 1168 2558 est
1192 2532 1220 2558 in
1248 2530 1348 2558 deitate
1375 2529 1456 2557 Filii?
1481 2529 1584 2557 Μαεεά.
1610 2529 1709 2556 Etiam.

928 2577 1004 2605 Orth.
1017 2575 1080 2604 Duae
1093 2580 1157 2604 sunt
1173 2575 1255 2611 igitur
1268 2575 1401 2604 deitates?
1417 2574 1521 2602 Maced.
1538 2574 1610 2603 Deus
1623 2579 1650 2602 et
1661 2573 1711 2600 Pa-

929 2627 980 2656 ter,
997 2626 1024 2650 et
1038 2623 1126 2651 deitas
1141 2623 1228 2659 ipsius
1251 2627 1294 2651 est
1315 2630 1387 2650 unus
1411 2621 1493 2650 Deus.
1515 2621 1579 2650 item
1596 2620 1668 2649 Deus
1684 2624 1712 2648 et

728 2716 750 2731 “
768 2714 825 2744 Joel
843 2723 860 2743 ιι
875 2735 881 2748 ,
898 2714 943 2743 28.
983 2715 1005 2730 ⁸⁷
1026 2713 1080 2742 Tit.
1098 2722 1147 2746 ιιι,
1167 2714 1200 2747 ι.
1217 2714 1244 2742 5.
1283 2715 1305 2731 ⁸⁸
1323 2713 1402 2743 Joan.
1420 2722 1467 2748 xx,
1484 2713 1530 2740 22.

931 2806 934 2810 “
961 2803 999 2839 (5)
1014 2803 1054 2832 ita
1064 2811 1130 2832 mss.
1147 2803 1217 2832 Editi
1228 2811 1301 2837 vero,
1316 2803 1473 2840 Πνεῦματός
1486 2813 1544 2839 μου.
1566 2804 1596 2832 '0
1607 2803 1634 2832 δὲ
1647 2801 1713 2836 Tib”;

927 2839 1055 2873 ἀναστάς,
1065 2840 1176 2868 omissis
1192 2840 1294 2868 multis.
