1926 3067
248 123 312 151 12H

825 127 854 155 S.
877 128 1105 158 ATHANASIUS.
1125 145 1159 150 —
1178 128 1312 158 SPURIA.

1783 131 1841 159 12ὶῖ

247 179 341 214 Filius,
357 186 384 208 ct
395 181 482 210 deltas
495 183 555 217 ejus
568 187 610 211 est
621 191 692 212 unus
710 184 798 213 Deus:
810 190 905 220 estque
916 187 956 221 (ιιι
972 187 1018 222 pri-

1076 195 1127 222 της
1140 187 1233 219 αὐτοῦ,
1250 185 1291 219 εἷς
1301 187 1368 218 Θεός
1379 197 1385 202 ·
1402 187 1451 215 και
1464 187 1545 221 ἔστιν,
1562 187 1599 218 ὡς
1615 187 1659 214 καὶ
1673 188 1754 214 πάλαι
1768 187 1837 222 εἷπον,

245 227 305 254 dem
319 227 386 262 dixi)
400 237 471 256 unus
485 233 513 256 et
526 237 595 257 unus
608 229 690 258 Deus.

280 271 362 308 ΜΕ,
375 273 400 299 6.
419 273 495 300 Ort/i.
511 274 578 301 Cum
599 283 665 310 ergo
683 276 754 304 Deus
765 277 830 305 dicit
843 287 891 314 per
909 280 1026 316 prophe-

245 322 300 345 tam
325 320 421 346 lsaiam
436 328 442 346 :
458 330 468 345 α
487 320 542 356 Ego
555 330 615 349 sum
637 323 716 355 Deus,
731 331 781 351 nec
805 325 877 352 alius
892 331 934 358 est
956 334 1026 361 pra:-

245 367 286 390 ter
309 371 351 390 me
372 365 417 398 qui
441 365 546 392 salvum
562 366 661 399 faciat;
678 369 848 400 annuntiavi,
864 374 891 396 et
909 371 1024 402 servavi,

243 413 271 435 et
284 410 456 444 exprobravi,
473 419 522 438 nec
531 416 590 438 erat
600 413 670 440 inter
680 421 728 441 vos
743 415 847 441 alienus
861 415 898 441 ‘9:
911 425 921 441 ι
936 419 1025 442 utrum

243 454 359 481 istorum
373 463 435 483 esse
448 457 499 487 vis.
509 465 578 491 quos
593 467 674 484 unum
687 464 712 486 et
728 467 810 486 unum
826 459 1024 487 dicis?.l!accd.

243 497 325 525 Pater
336 504 425 526 servat
439 508 486 535 per
498 501 604 528 Filium.
622 503 698 530 Orth.
712 503 787 530 Unus
802 512 866 539 ergo
879 504 950 532 Deus
966 513 1024 532 ser-

242 551 310 572 vans
326 545 406 572 Pater
416 551 497 582 atque
511 547 607 576 Filius.
622 549 726 576 Maced.
737 551 811 577 ldem
836 551 918 586 igitur
934 556 975 579 est
998 555 1026 579 et

243 588 323 617 Pater
337 595 363 617 et
378 590 475 620 Filius.
500 593 585 629 0r!h._
603 593 680 621 Absit
702 598 731 621 ut
756 595 809 622 hoc
832 596 937 623 dicam!
968 595 1022 624 Sed

242 636 469 670 quemadmodum
483 638 509 665 in
520 638 629 666 Christo
642 639 752 675 perfecti
768 649 838 669 unus
853 650 958 675 sutnus,
968 650 1023 669 non

243 681 365 710 confusis
387 683 588 718 liypostasibus,
604 686 651 712 sed
672 687 777 713 ratione
796 687 886 714 habita
905 696 1024 715 consen-

243 728 330 756 sionis
343 732 369 755 et
383 733 488 757 natura:
501 730 559 758 sive
574 731 733 759 substantiae
746 742 752 760 τ
771 733 806 760 ita
819 733 922 761 Patrem
939 739 965 762 et
980 734 1025 762 Fi-

240 773 307 799 dum
320 772 383 800 dico
400 781 483 800 unum
502 774 602 808 Deum,
627 775 718 803 habita
737 778 842 805 ratione
866 779 1025 807 substantiae

240 822 267 845 et
282 819 482 846 consensionis.
501 819 603 847 Μηεειι.
621 820 676 848 Nos
686 829 794 856 quoque
809 831 891 850 unam
904 831 1020 852 consen-

1076 230 1116 265 εἷς
1131 234 1178 260 καὶ
1193 230 1233 265 εἷς
1249 233 1325 265 Θεός.

1111 279 1138 306 6.
1158 279 1235 312 ‘0p0.
1253 279 1316 306 Ἐὰν
1330 277 1376 305 οὖν
1389 279 1454 314 λέγῃ
1471 280 1486 306 ὁ
1507 279 1572 311 Θεὸς
1587 279 1630 306 διὰ
1645 281 1691 306 τοῦ
1717 281 1841 316 προφήτου

1081 324 1189 350 Ἡσαΐου
1199 332 1207 339 ·
1227 333 1236 350 ι
1247 324 1318 358 Ἐγὼ
1332 325 1478 356 ὀΘεὸς,καὶ
1493 325 1542 352 οὐκ
1557 325 1613 352 ἔστι
1630 326 1716 361 παρὲξ
1729 327 1791 362 ἐμοῦ
1801 327 1842 354 σώ-

1076 369 1139 402 ζων,
1152 370 1363 406 ἀνήγγειλα,κα“ι
1377 371 1476 403 ἔσωσα,
1489 372 1535 398 καὶ
1551 372 1686 403 ὼνείδισα,
1698 374 1744 399 καὶ
1759 373 1802 399 οὐκ
1814 372 1841 409 ἦν

1075 417 1103 442 ἐν
1123 416 1186 450 ὑμῖν
1201 416 1338 451 ἀλλότριος
1351 424 1357 430 “
1377 426 1386 442 ι
1405 417 1464 443 τίνα
1490 416 1579 443 αὐτῶν
1607 415 1648 449 εἷς
1663 419 1710 444 καὶ
1726 415 1765 450 εἷς
1784 417 1840 445 εἶναι

1076 461 1180 494 θέλεις;
1193 463 1268 488 Μακ.
1278 462 1305 488 '0
1313 461 1406 497 Πατὴρ
1422 461 1464 488 διὰ
1476 462 1522 488 τοῦ
1539 461 1603 488 Υἱοῦ
1613 462 1702 494 σώζει.
1718 464 1789 496 Ὀρθ.
1803 461 1840 495 Εἷς

1075 507 1129 542 ἄρα
1147 507 1212 539 Θεὸς
1225 509 1239 534 ό
1253 507 1346 539 σώζων
1363 508 1458 543 Πατὴρ
1481 508 1527 535 καὶ
1546 509 1619 540 Υἱός.
1635 511 1712 536 Max.
1735 510 1762 536 '0
1773 511 1840 542 αὐτὸς

1074 551 1121 580 οὖν
1134 554 1180 580 καὶ
1197 554 1290 589 Πατήρ
1305 555 1363 580 ἐστι
1383 554 1429 580 καὶ
1447 553 1520 586 Υἱός.
1541 555 1617 588 Ὀρθ.
1632 555 1677 590 Μὴ
1693 555 1790 589 γένοιτο
1811 557 1841 582 ει.

1075 600 1153 626 πεὲνῐ
1168 599 1225 626 ἀλλ’
1242 600 1336 636 ὥσπερ
1352 601 1376 626 οἱ
1398 602 1427 626 ὲν
1453 601 1562 636 Χριστῷ
1590 602 1792 637 κατηρτισμένοι
1809 599 1841 634 εἷς

1075 646 1167 680 ἐσμεν,
1183 646 1213 672 οὐ
1229 647 1436 681 συγκεχυμένων
1455 647 1508 673 τῶν
1525 647 1710 680 ὑποστάσεων,
1737 649 1798 675 ἀλλὰ
1810 649 1840 684 τῷ

1074 690 1145 726 λόγῳ
1157 692 1205 726 τῆς
1221 692 1378 727 συμφωνίας
1397 692 1444 718 καὶ
1459 692 1508 727 τῆς
1523 692 1638 727 φύσεως,
1651 694 1733 729 ’ἤγουν
1746 695 1838 726 οὐσίας’

1075 736 1160 768 οὕτως
1178 737 1287 772 Πατέρα
1302 739 1348 764 καὶ
1362 738 1424 764 Υἱὸν
1439 738 1487 765 ἓνα
1505 738 1572 765 Θεὸν
1585 739 1657 772 λέγω
1670 739 1785 775 τῷλόγῳ
1801 740 1840 775 τῆς

1074 782 1166 814 οὐσίας
1180 783 1226 809 καὶ
1241 784 1289 818 τῆς
1301 784 1467 819 συμφωνίας.
1482 786 1557 811 Max.
1578 785 1633 811 Καὶ
1647 786 1727 820 ἡμεῖς
1741 785 1840 819 λέγομεν

1077 829 1141 864 μίαν
1155 829 1322 864 συμφωνίαν.
1345 830 1422 864 '0p0.
1437 830 1504 856 Εἰπὲ
1520 830 1568 856 καὶ
1590 829 1716 866 θεότητα,
1741 831 1785 857 καὶ
1798 829 1841 856 σώ-

241 864 344 891 sionem
360 863 493 891 fatemur:
507 864 585 892 Ortli.
602 865 649 893 Dic
673 867 755 893 etiam
769 867 908 899 deitatem.
925 874 951 896 et
966 870 1018 897 sal-

1075 861 1145 910 Dqtt.
1174 861 1250 904 Μάκ.
1283 876 1355 903 Μίαν
1373 861 1496 911 ’Θεότητα
1524 877 1554 903 οὐ
1578 861 1669 911 λέγω..
1688 877 1764 913 ‘0p0.
1789 877 1841 904 Ἐὰν

239 917 290 936 vus
302 915 371 936 esto.
385 908 489 936 Maced.
512 909 624 937 Unicam
637 911 764 938 deitatem
780 920 833 939 non
851 912 922 941 dico.
943 913 1019 942 Ort/t.

239 955 307 982 Ilum
331 955 420 990 ipsum
437 955 521 983 Deum
547 964 656 984 rursum
687 957 766 985 audis
794 958 927 987 dicentem
949 961 1021 996 apud

239 1000 363 1028 eumdem
394 1001 563 1036 prophetam,
603 1011 612 1027 ι
636 1002 690 1038 Ego
718 1011 778 1031 sum
804 1003 886 1038 Deus,
907 1014 957 1033 nec
979 1010 1021 1034 est

238 1046 309 1074 alius
327 1047 404 1074 Deus.
417 1047 469 1075 Per
488 1049 677 1084 memetipsum
688 1051 761 1084 juro,
774 1057 806 1077 ex
821 1058 867 1078 ore
876 1059 935 1079 meo
945 1060 1022 1088 egre-

237 1093 328 1120 dietur
339 1092 457 1127 justitia,
477 1102 617 1122 sermones
631 1095 682 1122 mei
703 1103 757 1122 non
772 1096 943 1131 delebuntur,
958 1099 1021 1134 quia

237 1138 304 1166 mihi
326 1139 484 1166 curvabitur
509 1147 588 1167 omne
610 1148 678 1175 genu
701 1141 736 1174 το,
764 1151 774 1168 ι
801 1143 891 1170 utrius
906 1143 1020 1172 istorum

237 1185 283 1219 qui
299 1193 368 1212 unus
387 1190 414 1212 et
427 1194 499 1213 unus
514 1191 578 1214 sunt
591 1187 649 1214 haec
657 1188 739 1215 verba
748 1196 808 1216 esse
816 1189 1018 1218 dices?Maced.

238 1228 311 1257 Filii.
340 1230 409 1257 Dicit
432 1232 503 1258 enim
536 1232 706 1266 Apostolus:
725 1243 734 1259 ε
761 1234 789 1261 In
819 1235 929 1264 nomine
956 1236 1020 1264 Jesu

237 1282 318 1303 omne
331 1284 400 1311 genu
418 1277 540 1304 ﬂectatur
552 1278 715 1311 cmlestium,
733 1281 913 1313 terrestrium,
929 1287 956 1308 et
976 1282 1020 1309 in-

239 1319 380 1348 fernorum
393 1324 531 1350 :etomnis
547 1324 637 1358 lingua
647 1325 828 1357 contitebitur,
846 1327 909 1361 quia
926 1327 1018 1354 Domi-

237 1374 291 1394 nus
307 1366 386 1395 Jesus
401 1368 526 1396 Christus
535 1368 568 1396 ad
576 1370 689 1404 gloriam
700 1370 746 1398 Dei
756 1371 853 1399 Patris.
863 1373 948 1399 Amen
966 1373 1016 1400 ⁷¹.»

239 1411 315 1440 Ortlt.
335 1413 393 1440 Una
412 1417 455 1441 est
474 1415 556 1450 igitur
572 1415 660 1443 deitas
677 1416 765 1444 Patris
779 1422 806 1444 et
818 1417 889 1445 Filii.
912 1417 1015 1446 Haud.

238 1457 400 1491 Quomodo?
412 1460 486 1488 ονιΙι.
499 1461 569 1488 Dicit
583 1462 654 1489 enim
673 1471 681 1490 :
700 1472 709 1488 ι
734 1462 790 1498 Ego
807 1472 867 1491 sum
893 1464 974 1497 Deus,
990 1468 1017 1492 et

238 1511 291 1531 non
307 1507 350 1531 est
360 1505 440 1533 alius.
461 1515 470 1531 ι
492 1505 545 1533 Aut
559 1507 630 1533 enim
653 1506 765 1536 demens
794 1508 881 1536 factus
907 1510 1017 1544 negabis

236 1549 342 1578 Patrem
355 1559 415 1579 esse
426 1551 521 1584 Deum,
531 1556 578 1579 aut
591 1553 723 1581 conﬁtens
730 1553 837 1582 Patrem
850 1563 910 1582 esse
923 1555 1017 1588 Deum,

236 1596 383 1631 itidemque
395 1596 494 1624 Filiu'm
522 1606 583 1626 esse
608 1598 703 1632 Deum,
721 1605 747 1628 et
761 1608 823 1628 eum
842 1602 954 1630 audiens
977 1602 1020 1629 di-

235 1647 352 1676 centem,
384 1654 393 1669 ‹
414 1643 469 1680 Ego
489 1653 548 1672 sum
571 1645 652 1679 Deus,
675 1651 702 1674 et
727 1651 824 1682 praeter
840 1655 949 1675 menon
977 1653 1019 1677 est

236 1688 324 1722 alius,
345 1698 354 1714 ι
370 1690 477 1717 urticam
491 1691 617 1719 deitatem
635 1691 774 1725 fateberis,
791 1697 817 1720 et
831 1702 886 1721 non
911 1695 1019 1730 pericli-

235 1735 346 1762 taberis.
371 1735 476 1764 Maced.
503 1737 559 1772 Ego
582 1738 689 1765 unicam
720 1738 847 1767 deitatem
867 1748 921 1768 non
946 1741 1016 1768 dico.

236 1779 313 1809 Ortl..
329 1780 360 1809 Si
372 1782 456 1817 igitur.
464 1783 561 1811 audias
576 1784 733 1819 prophetam
749 1785 883 1814 dicentem
895 1787 1018 1814 omnium

234 1829 392 1853 sanctorum
415 1828 534 1860 nomine,
569 1836 579 1853 ε
599 1829 622 1855 Α
645 1829 745 1856 saeculo
772 1837 826 1857 non
853 1831 1016 1866 audivimus,

234 1878 322 1905 neque
345 1872 416 1899 oculi
429 1873 515 1900 nostri
543 1873 669 1901 viderunt
699 1874 794 1907 Deum,
823 1871 918 1910 prazter
939 1880 976 1909 te,
1005 1887 1014 1904 ι

233 1916 300 1951 quid
326 1918 367 1944 eis
394 1919 587 1954 responderis?
611 1919 716 1948 Maced.
746 1920 846 1948 Filium
863 1923 940 1950 dicit.
961 1924 1018 1951 Nec

233 1961 306 1988 enim
323 1963 407 1990 alium
423 1963 508 1991 Deum
526 1964 654 1998 vidimus,
664 1973 744 2000 quam
757 1966 866 1999 Filium,
879 1969 925 2003 qui
937 1969 1017 1997 homo

235 2006 324 2035 fartus
341 2012 393 2036 est.
409 2008 484 2036 0rllt.
501 2010 616 2038 Atenim
633 2020 641 2036 ι
657 2011 709 2044 Qui
732 2011 800 2040 vidit
813 2013 921 2047 Filium',
949 2015 1016 2042 vidit

233 2051 342 2080 Patrem
353 2055 386 2080 ".
405 2064 414 2080 ι
438 2055 497 2082 Una
525 2056 609 2091 igitur
631 2057 718 2085 deitas
729 2060 784 2092 {est
799 2057 888 2087 Patris
902 2064 929 2087 et
943 2059 1014 2087 Filii.

233 2097 336 2126 Maced.
353 2099 439 2127 Unam
450 2101 576 2129 deitatem
594 2097 735 2130 non—dico.

270 2145 294 2172 7.
309 2144 386 2173 Ortlt.
401 2147 467 2173 Cum
483 2147 550 2174 dicit
569 2147 641 2175 Deus
658 2149 729 2183 apud
748 2149 871 2176 eumdem
898 2151 1014 2185 prophe-

1071 922 1191 957 ἀκούσῃς
1201 922 1282 949 πάλιν
1293 923 1340 950 τοῦ
1357 923 1424 950 Θεοῦ
1439 925 1469 950 ἐν
1482 924 1522 959 τῷ
1532 924 1606 959 αύτῷ
1625 926 1749 960 προφήτῃ
1763 924 1842 959 λέγον-

1071 977 1126 1002 τος,
1157 979 1167 994 ε
1188 969 1259 1003 Ἐγώ
1275 970 1331 1005 εἰμι
1344 969 1420 1002 Θεὸς,
1439 971 1486 997 καὶ
1500 971 1550 997 οὐκ
1576 970 1650 997 ἔστιν
1676 971 1760 1002 ἄλλος.
1784 971 1840 997 Κατ’

1072 1014 1190 1049 ἐμαυτοῦ
1204 1014 1305 1049 ὀμνύω,
1318 1012 1336 1050 ἦ
1351 1015 1403 1050 μὴν
1419 1014 1586 1047 ἐξελεύσεται
1605 1015 1640 1042 ἐκ
1655 1015 1705 1043 τοῦ.
1723 1015 1840 1050 στόματός

1073 1068 1123 1095 μου
1147 1060 1302 1096 δικαιοσύνη
1316 1069 1323 1076 ·
1340 1061 1365 1087 οι
1380 1061 1451 1095 λόγοι
1472 1070 1521 1096 μου
1537 1062 1587 1088 οὐκ
1603 1062 1838 1098 ἀπογραφήσοντειι,

1071 1107 1112 1133 ὃτι
1123 1107 1184 1142 ἐμοὶ
1201 1107 1305 1142 κάμψει
1316 1107 1370 1133 πᾶν
1382 1107 1456 1140 γόνυ,
1485 1117 1494 1133 ι
1510 1107 1570 1134 τίνα
1585 1107 1675 1142 λέγεις
1683 1108 1736 1134 τῶν
1748 1105 1786 1139 εἷς
1799 1107 1838 1134 καὶ

1071 1151 1111 1184 εἷς
1122 1153 1261 1188 εἰρηκέναι
1270 1162 1277 1185 ;
1287 1154 1361 1180 Μακ.
1379 1153 1430 1180 Τὸν
1443 1153 1506 1180 Υἰόν
1515 1163 1521 1169 ·
1540 1155 1554 1180 ὁ
1566 1153 1619 1189 γὰρ
1637 1153 1791 1185 Ἀπόστολος
1802 1152 1838 1179 λέ-

1071 1207 1124 1233 γει,
1134 1199 1174 1226 ὃτι
1186 1209 1195 1225 ι
1202 1200 1246 1226 Ἐν
1257 1199 1295 1234 τῷ
1305 1200 1417 1235 ὀνόματι
1425 1199 1510 1235 Ἰησοῦ
1523 1201 1575 1226 πᾶν
1585 1200 1650 1234 γόνυ
1662 1200 1762 1235 κάμψει
1769 1200 1838 1225 ἐπου-

1072 1244 1170 1280 ρανίων
1187 1246 1233 1271 καὶ¹
1260 1245 1388 1279 ἐπιγείων
1418 1246 1464 1272 καὶ
1487 1245 1672 1281 καταχθονὶων
1687 1254 1693 1260 ·
1715 1246 1760 1272 καὶ
1775 1245 1838 1271 πᾶσα

1070 1289 1178 1324 γλῶσσα
1191 1290 1426 1326 ἐξομολογήσεται,
1451 1291 1492 1318 ὅτι
1508 1292 1608 1327 Κύριος
1624 1293 1639 1318 ὁ
1659 1292 1760 1327 Ἰησοῦς
1782 1292 1837 1326 Χρι-

1070 1335 1132 1367 στὸς
1142 1337 1182 1367 εἰς
1191 1336 1267 1369 δόξαν
1283 1336 1349 1363 Θεοῦ
1361 1338 1475 1373 Πατρός.
1498 1338 1592 1373 Ἀμήν.
1612 1348 1622 1364 ο
1645 1338 1719 1372 ὀρθ.
1729 1338 1781 1364 Μία
1792 1337 1837 1372 ἄρα

1070 1380 1162 1416 θεότης
1168 1382 1273 1418 Πατρὸς
1283 1383 1329 1409 καὶ
1341 1382 1416 1410 Υἱοῦ.
1429 1386 1504 1410 Μακ.
1516 1383 1578 1416 Πῶς
1588 1393 1594 1417 ;
1606 1384 1685 1418 Ὀρθ.
1695 1384 1771 1418 Λέγει
1779 1384 1833 1418 γάρ·

1071 1434 1081 1451 t
1093 1425 1162 1460 Ἐγώ
1177 1427 1234 1462 εἰμι
1246 1427 1322 1460 Θεὸς,
1335 1429 1381 1455 καὶ
1397 1429 1446 1455 οὐκ
1463 1428 1534 1455 ἔστιν
1547 1429 1636 1461 ἄλλος.
1652 1439 1662 1455 ι
1687 1430 1720 1456 Ἢ
1735 1429 1785 1463 γὰρ
1795 1436 1834 1462 γε-

1068 1471 1178 1506 νόμενος
1191 1473 1294 1508 ἄφρων,
1312 1475 1393 1509 ἐρεῖς,
1410 1474 1451 1501 ὅτι
1466 1475 1517 1501 οὐκ
1543 1475 1600 1501 ἔστι
1624 1475 1690 1507 Θεὸς
1702 1477 1716 1502 ὀ
1729 1475 1815 1508 Πατήρ
1828 1482 1833 1488 ·

1033 1533 1053 1561 c
1070 1515 1086 1551 ἣ
1101 1516 1240 1551 ὁμολογῶν
1266 1517 1331 1544 Θεὸν
1347 1518 1392 1545 τὸν
1409 1519 1527 1555 Πατέρα,
1554 1520 1601 1546 καὶ
1624 1520 1690 1547 Θεὸν
1715 1520 1756 1546 τὸν
1771 1519 1833 1548 Υῐὸν,

1070 1561 1118 1587 καὶ
1129 1561 1235 1588 ἁκούων
1260 1563 1343 1589 αὐτοῦ
1358 1563 1496 1597 λέγοντος,
1517 1574 1526 1590 ‹
1542 1564 1613 1599 Ἐγώ
1634 1566 1690 1600 ειμι
1712 1565 1782 1596 Θεὸς,
1796 1564 1835 1590 καὶ

1069 1607 1118 1633 οὐκ
1142 1607 1214 1634 ἔστιν
1234 1604 1321 1640 ἄλλος,
1340 1618 1350 1635 ι
1369 1610 1432 1645 μίαν
1456 1609 1570 1645 Θεότητα
1582 1611 1776 1646 ,ὁμολογήσειε
1794 1610 1835 1636 καὶ

1069 1652 1099 1678 οὺ
1120 1652 1300 1686 κινδυνεύσεις
1312 1654 1361 1690 (4).
1379 1657 1454 1682 Max.
1477 1655 1546 1690 Ἐγὼ
1558 1656 1622 1691 μίαν
1637 1656 1744 1692 θεότητα
1759 1655 1785 1682 ού
1799 1654 1835 1680 λέ-

1068 1705 1117 1732 γω.
1131 1697 1207 1733 Ὀρθ.
1223 1700 1284 1727 Ἐὰν
1299 1698 1345 1727 οὖν
1370 1701 1489 1737 ἀκούσῃς
1502 1702 1548 1729 τοῦ
1565 1703 1702 1738 προφήτου
1718 1703 1748 1729 ὲκ
1763 1708 1834 1736 προσ-

1068 1742 1142 1770 ώπου
1175 1745 1283 1772 πάντων
1313 1746 1365 1773 τῶν
1395 1747 1480 1779 ἁγίων
1505 1747 1650 1782 λέγοντος,
1680 1758 1690 1774 ι
1719 1748 1780 1775 Ἀπὸ
1794 1745 1832 1772 τοῦ

1067 1789 1163 1821 αἰῶνος
1180 1791 1229 1818 ούκ
1243 1792 1407 1828 ἠκούσαμεν,
1419 1794 1474 1820 οὐδ’
1484 1794 1508 1821 οἱ
1522 1794 1656 1830 ὀφθαλμοὶ
1680 1795 1754 1830 ἡμῶν
1775 1791 1832 1819 εἶδον

1067 1835 1143 1868 Θεὸν,
1156 1836 1225 1872 πλὴν
1246 1837 1292 1864 σοῦ
1302 1857 1310 1869 ,
1335 1847 1345 1864 ι
1372 1838 1398 1864 τί
1413 1839 1484 1874 ἐρεῖς
1496 1841 1563 1875 πρὸς
1580 1839 1694 1873 αὐτούς;
1707 1842 1777 1867 Μακ.
1789 1836 1832 1864 Τὸν

1068 1880 1130 1909 Υζὸν
1140 1882 1324 1916 λέγει.¹Ἀλλον
1336 1883 1445 1919 γὰρούκ
1455 1885 1561 1920 εἴδομεν
1574 1887 1598 1912 εἰ
1614 1886 1652 1922 μὴ
1661 1886 1704 1912 τὸν
1714 1884 1832 1918 ὲνανθρω-

1067 1926 1192 1961 πήσαντα
1205 1927 1277 1954 Υἰόν.
1300 1928 1375 1963 ‘0p0.
1391 1939 1400 1955 ί
1412 1930 1439 1956 Ὀ
1455 1930 1483 1956 δὲ
1500 1930 1630 1966 ἑωρακὼς
1659 1931 1703 1957 τὸν
1715 1931 1772 1957 Υἰὸν
1787 1927 1831 1955 ἑὼ·

1069 1980 1134 2007 ρακε
1144 1972 1188 1998 τὸν
1198 1973 1316 2009 Πατέρα.
1331 1983 1340 1999 ι
1358 1975 1415 2001 Μία
1427 1974 1480 2010 ἄρα
1496 1975 1589 2012 θεότης
1600 1977 1705 2013 Πατρὸς
1714 1977 1758 2004 καὶ
1767 1974 1829 2002 ma.

1068 2019 1144 2044 Μακ.
1161 2018 1233 2045 Μίαν
1248 2019 1361 2055 θεότῃτα
1372 2021 1401 2046 οὺ
1413 2020 1495 2055 λέγω,

1102 2149 1208 2185 7.”ορθ.
1217 2150 1279 2176 Ἑὶν
1287 2150 1352 2186 λέγῃ
1363 2152 1377 2178 ὁ
1387 2151 1451 2183 Θεὸς
1458 2152 1486 2178 ὲν
1494 2152 1531 2187 τῷ
1540 2152 1613 2188 αύτῷ
1622 2150 1828 2190 προφήτῃΑἘγὼ

231 2193 297 2220 tam,
310 2189 380 2225 «Ego
391 2190 460 2218 Deus
470 2192 673 2228 primus,etego
685 2199 837 2227 postremus
851 2194 884 2225 ".
899 2204 908 2220 ›
923 2200 1012 2222 utrum

1071 2195 1133 2227 Θεὸς
1142 2196 1260 2232 πρῶτος,
1271 2198 1317 2223 καὶ
1330 2196 1383 2231 ἐγὼ
1392 2198 1431 2229 εἰς
1441 2197 1474 2224 τὰ
1481 2199 1660 2235 ἐπερκόμενα,
1675 2210 1684 2224 ι
1691 2189 1746 2226 τινὰ
1753 2199 1828 2232 λέγεις

231 2234 352 2266 illorum,
371 2243 441 2270 quos
456 2245 540 2264 unum
556 2242 583 2265 et
599 2246 682 2265 unum
701 2246 762 2266 esse
787 2240 940 2272 arbitraris,
963 2241 1015 2269 hoc

231 2279 332 2308 dixisse
351 2282 496 2310 censebis?
507 2282 611 2312 Maced.
627 2284 743 2312 Patrem.
758 2285 831 2312 Ort/t.
841 2285 938 2313 Filium
949 2295 1013 2322 ergo

230 2333 285 2352 non
301 2326 371 2354 dicis
388 2327 492 2355 Deum?
506 2328 610 2356 Muccd.
631 2329 691 2357 Dixi
706 2330 788 2357 Deum
804 2339 836 2358 ex
852 2331 916 2359 Deo.
936 2333 1010 2360 Orth.

230 2373 323 2409 Itaque
334 2375 356 2403 si
364 2374 445 2404 Pater
454 2382 494 2403 est
508 2377 591 2409 Deus,
601 2382 628 2405 et
640 2378 724 2406 Filius
739 2379 820 2411 Deus,
837 2379 903 2406 dicit
923 2385 1012 2408 autem

230 2417 314 2453 Deus,
352 2430 362 2447 σ
379 2420 435 2456 Ego
459 2421 531 2449 Deus
557 2424 671 2458 primus,
695 2428 722 2451 et
748 2431 797 2458 ego
816 2428 978 2458 postremus,
1000 2435 1009 2451 ι

229 2473 294 2501 ergo
308 2467 386 2494 unica
401 2472 443 2495 est
458 2468 554 2495 dcitas.
566 2469 668 2497 Μαι-σά.
685 2469 793 2497 Etiamsi
806 2471 881 2504 plura
898 2470 1009 2503 dixeris,

229 2520 283 2539 non
297 2513 466 2547 persuaseris
492 2515 568 2547 mihi,
599 2520 627 2542 ut
641 2516 747 2543 unicam
766 2516 892 2543 deitatem
909 2516 1008 2543 dicam.

231 2557 304 2586 Ortli.
330 2557 387 2585 Nisi
417 2567 468 2585 una
490 2560 525 2586 sit
554 2560 641 2588 deitas
660 2561 747 2588 Patris
769 2565 795 2589 et
812 2561 883 2593 Filii,
902 2562 955 2588 alia
970 2565 1011 2588 est

230 2603 329 2633 Patris.
345 2603 398 2631 alia
417 2610 458 2632 est
473 2604 532 2632 Filii
545 2606 641 2633 deitas.
658 2606 761 2634 Μαι-(νά.
789 2606 860 2634 Sane
889 2607 1008 2642 quidem.

229 2649 303 2675 (mli.
320 2650 379 2676 Alia
393 2655 482 2678 autem
495 2655 522 2678 et
535 2652 587 2678 alia
598 2652 694 2684 deitas,
706 2661 759 2680 non
775 2657 838 2680 sunt
848 2661 916 2680 unus
929 2652 1008 2680 Deus.

265 2728 286 2743 "
307 2727 358 2756 lsa.
377 2737 456 2761 mu.
476 2731 519 2761 Η,
538 2731 580 2758 12.

266 2815 304 2851 (4)
322 2815 407 2843 Palat.
414 2837 420 2849 ,
442 2817 598 2845 κινδυνεύει.

1063 2241 1117 2268 τῶν
1131 2238 1171 2273 εἷς
1184 2242 1230 2268 καὶ
1238 2239 1278 2274 εἷς
1300 2243 1439 2278 εἰρηκέναι
1452 2252 1459 2276 ;
1479 2246 1555 2271 Max.
1569 2245 1620 2272 Τὸν
1634 2246 1747 2281 Πατέρα.
1761 2243 1826 2276 Ὄρθ.

1066 2287 1118 2313 Τὸν
1130 2286 1192 2313 Υἰὸν
1209 2286 1255 2314 οὖν
1268 2287 1298 2314 οὐ
1323 2288 1410 2322 Λέγεις
1431 2288 1496 2315 Θεόν
1511 2298 1518 2322 ;
1538 2291 1613 2316 Μακ.
1633 2288 1713 2317 Εἶπον
1728 2288 1786 2315 Θεὸν
1800 2288 1826 2312 ἐκ

1064 2333 1142 2360 Θεοῦ.
1153 2334 1230 2367 Ὀρθ.
1246 2334 1276 2360 Ei
1291 2333 1378 2361 τοίνυν
1389 2334 1455 2366 Θεὸς
1464 2336 1477 2361 ὁ
1491 2335 1595 2370 Πατὴρ,
1606 2336 1652 2362 καὶ
1665 2335 1728 2366 Θεὸς
1742 2333 1824 2362 ὀΥῐὸςι

1063 2378 1135 2412 λέγει
1149 2378 1176 2405 δὲ
1190 2380 1204 2405 ὁ
1221 2379 1301 2411 Θεὸς,
1313 2389 1322 2405 ι
1334 2379 1406 2414 Ἐγὼ
1421 2380 1486 2412 Θεὸς
1505 2380 1622 2417 πρῶτος,
1632 2382 1676 2408 καὶ
1688 2380 1739 2414 ἐγὼ
1751 2379 1786 2410 εἰς
1797 2377 1826 2403 τὰ

1064 2423 1232 2458 ἐπερχόμενα
1245 2432 1251 2439 ο
1268 2433 1277 2449 ›
1290 2423 1338 2459 μία
1346 2425 1399 2460 ἄρα
1412 2425 1516 2461 θεότης.
1527 2427 1603 2452 Max.
1615 2426 1673 2452 Κᾶν
1681 2425 1779 2451 πλείονα
1793 2421 1825 2457 (5)

1061 2468 1151 2505 εἴπῃς,
1169 2469 1223 2503 ἐγὼ
1239 2470 1302 2505 μίαν
1321 2470 1435 2505 θεότητα
1451 2473 1537 2498 εἰπεῖν
1554 2472 1585 2498 ού
1608 2472 1739 2506 πείθομαι.
1759 2469 1823 2502 Ὀρθ-

1062 2514 1093 2540 Εὶ
1113 2515 1148 2549 μή
1174 2515 1232 2540 ἐστι
1247 2515 1296 2550 μία
1319 2515 1412 2550 θεύτης
1441 2516 1546 2552 Πατρὸς
1559 2517 1603 2542 καὶ
1616 2515 1688 2546 Tim},
1703 2514 1762 2547 ἄλλη
1775 2509 1825 2537 ἐστὶ

1063 2554 1158 2595 θεότὴς
1170 2560 1216 2586 τοῦ
1234 2560 1349 2595 Πατρὸς,
1364 2560 1411 2587 καὶ
1425 2561 1490 2596 ἄλλη
1505 2561 1599 2597 θεότης
1611 2561 1656 2587 τοῦ
1669 2559 1739 2587 Υξοῦ.
1755 2559 1822 2584 Max.

1062 2606 1116 2632 Καὶ
1128 2606 1208 2633 πάνυ.
1232 2607 1307 2640 Ὀρθ.
1322 2607 1404 2642 Ἀλλη
1418 2607 1445 2634 δὲ
1464 2609 1510 2635 καὶ
1525 2608 1590 2644 άλλη
1606 2608 1697 2643 Θεότης
1710 2606 1756 2632 οὐκ
1765 2602 1823 2629 εἰσὶν

1061 2649 1102 2684 εἷς
1116 2652 1191 2684 Θεός.
1208 2654 1285 2680 Μακ.
1303 2654 1340 2680 Οὺ
1357 2654 1410 2690 γὰρ
1425 2654 1494 2688 λέγω
1517 2655 1563 2681 ἕνα
1584 2654 1648 2681 Θεὸν
1663 2651 1762 2686 Πατέρα
1782 2647 1827 2674 καῖ

633 2732 655 2747 ’⁸
674 2732 725 2760 lsa.
744 2741 804 2766 ην,
819 2732 854 2760 22
867 2732 911 2759 24.
949 2733 968 2748 ⁷¹
990 2731 1018 2759 ΡΙ

1071 2739 1105 2767 ip.
1124 2740 1153 2764 ll,
1172 2732 1214 2758 10.
1252 2733 1275 2747 ⁷¹
1293 2732 1370 2759 Joan.
1398 2741 1451 2765 xiv,
1469 2734 1496 2760 9.
1533 2735 1556 2751 "
1575 2735 1624 2762 lsa.
1641 2740 1711 2764 mv,
1728 2729 1753 2757 6.

1099 2819 1136 2855 (5)
1153 2819 1252 2853 Palat.,
1268 2817 1336 2847 Ἐὰν
1357 2821 1473 2850 πλείοναι
