1926 3067
123 115 215 159 im

621 130 665 158 DE
683 130 818 159 SANCTA
838 130 1024 160 TRINITATE
1043 131 1215 161 DIALOGUS
1231 133 1276 161 III.

1685 130 1732 160 εει
1739 131 1753 159 ι

120 186 197 214 Υἱόν.
222 187 294 221 Ὀρθ.
319 186 382 214 Ἐὰν
392 183 438 215 οὖν
454 187 574 224 ἀκούσῃς
596 188 644 215 τοῦ
662 191 802 226 προφήτου
818 191 911 225 λέγον-

965 190 1067 218 Mat-ed.
1083 191 1138 220 Nec
1149 192 1222 220 enim
1237 192 1310 225 dico,
1323 190 1429 219 Patrem
1442 194 1469 218 et
1486 188 1585 217 Filium
1598 197 1659 217 esse
1670 197 1753 216 unum

120 242 184 266 τος,
202 243 211 258 ι
227 233 304 260 Οὕτω
316 233 504 270 λέγειΚύριος
527 235 636 262 σαϐαώο
647 243 654 250 '
678 236 839 263 Ἐκοπίασεν
862 236 910 263 Δί’-

121 288 235 314 γυπτος.
248 279 296 306 καὶ
313 280 433 316 ἐμπορία
446 281 583 309 Αἰθιόπων
598 289 604 296 ·
621 282 668 309 κα)⁸
689 283 713 309 οὶ
733 282 856 318 Σαῦαεὶμ
872 283 909 318 (6)

121 326 217 367 ἄνδρες
232 326 330 362 ὑψηλοὶ
346 327 390 353 ἐπὶ
406 327 436 354 σὲ
451 327 636 363 διαϐήσονται,
653 329 699 356 καὶ
715 329 911 365 ἀκολουθήσου-

122 381 165 399 σιν
179 372 267 399 ὀπίσω
279 381 322 400 σοι
338 372 473 409 δεδεμένοι
485 375 668 410 χειροπέὄαις,
691 375 740 402 καὶ
754 377 910 411 προσκυνή-

121 418 198 445 σουσί
211 427 263 445 σοι.
278 419 313 446 Σὺ
327 419 381 455 γὰρ
398 417 424 446 εἴ
435 419 511 452 Θεὸς,
524 421 570 447 καὶ
587 421 637 448 οὐκ
646 421 766 457 ᾔδειμεν,
782 421 847 453 Θεὸς
863 421 910 448 τοῦ

127 465 235 501 Ἰσραὴλ
247 466 303 502 (7),
319 476 329 492 ι
355 467 415 493 τίνα
434 467 524 501 λέγεις
552 468 692 503 εἰρηκέναι
711 468 812 501 ταῦτα;
833 470 908 496 Μακ.

121 512 257 542 ΤὸνΥἰόν.
282 513 359 547 Ὀρθ.
378 514 411 540 Εἰ
431 513 460 540 δὲ
477 513 523 540 καὶ
549 514 574 540 οί
601 513 810 546 ἀκολουθοῦντες
836 515 911 550 αὐτῷ

122 560 356 595 προσκυνήσουσιν
381 561 411 587 ὲν
436 560 511 596 αὐτῷ
532 560 757 596 προσευχόμενοι,
783 561 911 596 ἀληθινός

120 606 180 632 ἐστι
194 604 275 639 Θεόςς
285 607 362 633 Man.
377 605 441 633 Ναί.
455 607 533 641 Ὀρθ.
550 607 768 642 Προσκυνοῦντες
787 607 815 633 δὲ
836 607 910 643 αὐτῷ

119 653 171 678 οὐκ
187 652 318 688 ἀλλοτρίῳ
329 652 389 688 Θεῷ
399 653 616 689 προσκυνοῦμεν,
632 653 692 679 οὐδὲ
707 653 752 679 δύο
768 653 854 685 Θεοῖς
866 654 912 688 γέ-

121 705 243 734 γραπται
257 699 310 735 γάρ
323 706 330 713 ·
349 708 358 724 ι
372 699 475 735 Κύριον
488 701 534 726 τὸν
548 699 614 726 Θεόν
636 708 682 726 σου
700 701 909 736 προσκυνήσεις,

120 743 255 780 καὶαύτῷ
285 744 358 780 μόνῳ
381 745 551 781 λατρεύσεις.
570 755 579 771 ι
599 746 630 771 Εἰ
652 746 680 772 δὲ
695 746 909 782 προσκυνοῦντες

121 789 206 826 αὐτῷ,
221 790 269 817 καὶ
283 790 321 826 τῷ
333 791 420 826 Πατρὶ
435 791 530 827 Κυρίῳ
556 790 596 826 τῷ
612 791 672 826 Θεῷ
694 792 908 828 προσκυνοῦμεν,

121 836 169 862 καὶ
184 836 258 871 αὐτῷ
277 836 349 871 μόνῳ
363 836 530 872 λατρεύομεν
547 846 554 852 ·
572 837 620 872 μία
632 838 686 873 ἄρα
696 838 791 873 θεότης
804 838 910 873 Πατρὸς

965 237 1062 267 Deum.
1078 238 1155 267 Orlh.
1170 238 1199 266 Si
1213 238 1309 266 audias
1323 238 1407 274 igitur
1426 237 1585 272 prophetam
1598 236 1751 268 «licentem,

967 292 978 309 ι
997 283 1043 311 Sic
1057 284 1125 311 dicit
1145 284 1277 312 Dominus
1298 283 1466 311 exercituum
1485 292 1491 310 :
1509 281 1655 309 Laboravit
1671 280 1744 316 [Egy

964 333 1039 363 plus,
1057 333 1085 356 et
1099 329 1248 364 negotiatio
1261 328 1432 364 (Ethiopum,
1444 331 1471 355 et
1494 327 1607 355 Sabaim
1624 327 1676 354 viri
1692 334 1753 360 pro-

965 375 1030 408 ceri,
1046 375 1078 402 ad
1094 379 1121 402 te
1135 375 1300 406 transibunt,
1314 379 1341 402 et
1355 379 1382 401 te
1394 378 1544 409 sequentur
1559 372 1675 400 manicis
1693 372 1753 400 vin-

965 421 1013 452 cti,
1029 425 1055 448 et
1072 426 1098 448 te
1112 421 1275 448 adorabunt.
1294 420 1336 448 Tu
1347 421 1419 447 enim
1432 428 1462 448 es
1477 419 1561 452 Deus,
1576 423 1602 447 et
1619 418 1753 454 ignoravi-

965 474 1026 493 mus
1045 474 1051 492 :
1070 466 1141 494 Deus
1176 466 1329 499 Israelis'”,
1359 476 1369 492 ι
1384 474 1463 502 quem
1480 466 1538 492 hzec
1563 465 1666 492 dixisse
1694 464 1753 492 exi-

967 513 1085 540 stimas?
1101 512 1203 539 Maced.
1217 513 1327 540 Filium.
1349 513 1424 539 Orth.
1438 511 1516 545 Quod
1527 512 1550 539 si
1563 512 1609 546 qui
1621 518 1683 538 eum
1709 518 1753 538 se-

947 570 951 574 -
966 562 1094 594 quentur,
1110 558 1200 594 ipsum
1227 558 1382 585 adorabunt
1396 559 1423 585 in
1437 558 1497 592 ejus
1518 558 1627 585 nomine
1641 564 1753 592 precan-

965 610 1016 637 tes,
1029 613 1119 632 nonne
1144 612 1227 632 verus
1243 609 1285 632 est
1309 604 1398 632 Deus?
1426 603 1530 630 Μαῖρά.
1552 603 1649 630 Etiam.
1676 603 1750 630 Orth.

965 652 1033 679 Cum
1053 656 1143 679 autem
1167 658 1229 679 eum
1254 650 1412 681 adoramus,
1446 650 1564 677 alienum
1588 649 1672 677 Deum
1698 657 1752 677 non

965 697 1122 730 adoramus,
1151 704 1239 732 neque
1267 696 1337 724 duos
1361 695 1447 723 Deos:
1462 696 1592 731 scriptum
1606 700 1647 722 est
1657 696 1728 722 enim
1744 705 1751 722 :

967 752 977 768 ι
997 743 1141 770 Dominum
1167 742 1252 770 Deum
1281 747 1358 769 tuum
1388 741 1525 773 adorabis,
1537 741 1613 767 etilli
1635 741 1684 768 soli
1695 748 1754 768 ser-

964 789 1022 817 vies
1032 789 1065 816 ⁷⁵.
1085 799 1093 815 ι
1109 788 1186 822 Quod
1196 788 1220 816 si
1237 796 1300 816 eum
1312 789 1467 820 adorantes,
1481 788 1562 815 etiam
1578 787 1684 814 Patrem
1701 787 1755 814 Do‘

964 836 1067 863 minum
1083 835 1168 862 Deum
1186 835 1342 868 adoramus,
1358 838 1386 862 et
1403 834 1429 862 ei
1453 834 1503 861 soli
1527 834 1671 865 servimus,
1688 840 1754 860 sane

121 880 169 906 καὶ
190 879 266 908 Υἰοῦ.
284 880 363 907 Οὕτω
387 881 442 917 γὰρ
456 882 504 908 καὶ
520 882 647 918 ἐροῦμεν,
662 883 703 909 ὅτι
721 892 730 909 ι
752 884 789 910 Σὺ
804 883 819 909 ὁ
832 884 907 916 Θεὸς,

965 889 1017 909 una
1034 885 1076 909 est
1090 881 1191 914 Patris,
1205 886 1232 909 et
1246 881 1308 908 Filii
1324 881 1422 909 deitas.
1441 879 1486 907 Sic
1497 881 1569 908 enim
1582 880 1665 907 etiam
1684 879 1754 906 dici-

121 926 169 953 καὶ
180 928 209 953 ὲν
226 926 267 953 σοὶ
280 926 294 952 ὁ
306 927 383 959 Θεὸς,
392 928 439 953 καὶ
447 927 497 954 οὐκ
513 927 570 955 ἔστι
581 928 646 960 Θεὸς
662 928 730 964 πλὴν
739 929 796 955 σοῦ.
810 939 819 955 ι
830 931 907 957 Μακ.

122 973 154 999 Et
169 973 197 999 ὲν
212 972 287 1008 αὐτῷ
297 974 311 999 ό
321 973 397 1005 Θεὸς,
414 973 472 1005 πῶς
485 974 533 1009 μία
551 974 749 1010 θεότης;“ορθ.
764 976 825 1002 Ὅτι
850 976 910 1002 ἐπι-

121 1019 214 1054 φέρει·
227 1029 236 1044 ι
249 1019 304 1046 Καὶ
319 1019 369 1046 οὐκ
384 1019 441 1046 ἔστι
454 1020 519 1052 Θεὸς
532 1020 602 1056 πλὴν
620 1021 677 1048 σοῦ.
693 1031 702 1047 ›
721 1022 775 1048 Καὶ
793 1023 808 1048 ὁ
828 1021 909 1057 Ἱερε-

123 1065 188 1100 μίας
204 1065 295 1099 λέγει’
316 1075 325 1091 ι
339 1062 422 1098 Οὗτος
438 1067 452 1092 ὁ
477 1066 544 1098 Θεὸς
571 1067 660 1102 ἡμῶν,
674 1068 704 1094 οὐ
721 1068 910 1104 λογισθήσεται

121 1112 215 1146 ἕτερος
229 1112 298 1147 πρὸς
323 1112 413 1139 αὐτόν.
433 1112 543 1149 Ἐξεῦρε
558 1114 647 1140 πᾶσαν
662 1114 721 1141 ὁδὸν
744 1115 909 1150 ἐπιστήμης,

123 1159 170 1185 καὶ
186 1158 285 1185 ἔδωκεν
298 1158 487 1195 αὐτὴνῚακὼό
499 1159 539 1195 τῷ
553 1160 628 1187 παιδὶ
640 1161 733 1192 αὑτοῦ,
743 1162 789 1188 καὶ
804 1162 911 1197 Ἰσραὴλ

123 1203 163 1239 τῷ
184 1205 357 1241 ἠγαπημένῳ
373 1206 418 1233 ὑπ’
435 1206 528 1233 αὑτοῦ.
542 1207 620 1234 Μετὰ
635 1207 721 1234 ταῦτα
736 1208 782 1234 ἐπὶ
795 1208 844 1243 τῆς
859 1208 912 1243 γῆς

123 1248 213 1286 ὤφθη,
240 1250 288 1276 καὶ
313 1252 368 1282 τοῖς
395 1250 550 1287 ἀνθρώποις
566 1251 784 1288 συνανεστράφη.
807 1262 816 1278 ι
835 1253 867 1279 Εἰ
883 1252 912 1280 δὲ

124 1293 202 1329 οὗτος
215 1297 229 1322 ὁ
240 1296 286 1323 ἐπὶ
301 1296 352 1331 γῆς
362 1296 455 1331 ὀφθείς
467 1298 541 1325 ἐστιν
555 1299 569 1325 ὁ
580 1298 646 1330 Θεὸς
658 1298 748 1333 ἡμῶν,
764 1298 812 1325 καὶ
829 1299 860 1326 οὐ
869 1299 913 1325 λο-

124 1343 284 1379 γισθήσεται
298 1343 390 1379 ἕτερος
409 1344 476 1380 πρὸς
493 1345 574 1372 αὐτόν
586 1353 593 1360 ·
617 1344 665 1380 μία
677 1344 732 1380 ἄρα
746 1344 841 1380 Θεότης
857 1346 914 1372 Πα-

124 1387 189 1424 Ιπρὸς
200 1388 247 1415 καὶ
266 1389 342 1417 Υἱοΰ.

160 1435 187 1462 8.
202 1436 280 1463 Max.
304 1436 335 1462 Εί
356 1436 406 1472 μία
429 1436 525 1472 Θεὸτης
541 1436 625 1469 ἐστὶν,
641 1436 787 1472 ἀγέννητος
798 1436 826 1463 δέ
840 1437 914 1463 ἐστιν

124 1481 142 1516 ὴ
159 1479 206 1507 τοῦ
229 1482 346 1517 Πατρὸς,
369 1483 485 1518 γεννητὴ
504 1482 532 1509 δέ
553 1484 612 1510 ἐστι
633 1482 680 1510 τοῦ
699 1483 781 1510 Υἱοῦ·
803 1491 914 1518 γεννητ-

124 1525 271 1562 αγέννητός
288 1527 326 1563 (8)
339 1528 413 1555 ἐστιν
430 1529 446 1563 ἡ
464 1528 568 1564 θεότης.
590 1529 666 1562 Ὀρθ.
683 1528 788 1556 Γελοῖον
812 1528 914 1564 ὑπομέ-

127 1581 234 1608 μνηκας
253 1573 390 1609 φρόνημα.
409 1573 482 1611 Ἀρα
497 1575 560 1610 γὰρ,
575 1576 616 1602 ὅτι
636 1577 650 1602 ὁ
666 1575 734 1612 ἀνὴρ
749 1577 795 1603 καὶ
810 1577 826 1612 ἡ
845 1577 913 1612 γυνὴ

124 1619 174 1646 οὐκ
188 1620 241 1646 εἰσὶ
263 1620 320 1652 δύο,
335 1620 402 1647 ἀλλὰ
420 1621 468 1656 μία
486 1621 564 1658 σὰρξ,
582 1622 651 1648 κατὰ
673 1621 721 1658 τὴν
740 1621 786 1648 τοῦ
810 1622 914 1658 Κυρίου

125 1666 228 1702 φωνὴν,
247 1666 439 1703 ἀνδρογύναιός
462 1668 535 1694 ἐστιν
549 1668 566 1703 ἡ
592 1667 675 1703 cape;
699 1669 776 1695 Μακ.
802 1668 880 1695 Ἀλλὰ
897 1670 914 1704 ἡ

126 1712 194 1749 σὰρξ
208 1713 255 1740 τοῦ
266 1713 362 1750 ἀνδρὸς
376 1714 479 1750 καὶτῆς
492 1715 630 1749 γυναικὸς,
644 1715 675 1741 ἐκ
691 1715 754 1750 μιᾶς
769 1715 915 1751 ὑποκειμέ-

125 1768 174 1796 νης
183 1759 249 1795 ὕλης
260 1760 323 1793 εἰσὶ,
344 1761 392 1797 τῆς
399 1761 461 1796 γῆς,
482 1761 557 1796 Ὀρθ.
579 1761 642 1788 Ἐὰν
656 1759 702 1788 οὖν
713 1761 779 1798 λέγῃ
790 1762 806 1797 ή
819 1762 914 1798 Γραφὴ

125 1804 191 1840 περ).
213 1805 267 1832 τῶν
291 1805 503 1837 πιστευσάντων,
523 1815 532 1831 ι
554 1803 608 1832 Ἦν
622 1807 714 1837 αὐτοῖς
740 1806 839 1843 καρδία
866 1807 915 1842 μία

125 1850 173 1877 καὶ
194 1850 267 1886 ψυχὴ
292 1851 358 1886 μία,
381 1861 390 1877 ι
409 1849 443 1887 ἦν
460 1852 491 1878 τὸ
514 1851 615 1888 πλῆθος
632 1851 685 1878 τῶν
712 1853 915 1880 πιστευσάντων

125 1895 156 1929 ἐξ
170 1896 275 1932 ἀνδρῶν
298 1898 345 1924 καὶ
369 1897 518 1932 γυναικῶν,
539 1898 730 1934 ἁνδρογύναιος
746 1896 781 1934 ἦν
795 1899 812 1934 ή
823 1899 914 1935 ψυχή;

131 1942 194 1970 Ἐὰν
210 1943 238 1970 δὲ
258 1943 325 1980 λέγῃ
347 1944 467 1976 Παῦλος,
487 1954 496 1970 ι
518 1945 566 1971 Ἓν
579 1945 659 1980 σῶμα
674 1945 721 1972 καὶ¹
742 1945 771 1971 ἓν
795 1945 914 1981 πνεῦμα,

125 1989 216 2021 καθὼς
226 1990 271 2016 καὶ
280 1990 413 2026 ἐκλήθητε
424 1991 452 2016 ὲν
463 1991 512 2026 μιᾷ
521 1990 607 2018 ἐλπίδι
614 1991 662 2026 τῆς
671 1991 793 2027 κλήσεως
803 1992 817 2018 ὐ
821 1991 889 2026 μῶν,
903 2001 913 2018 ›

124 2036 317 2071 ἁνδρογὺναιον
332 2036 422 2071 λέγεις
441 2037 492 2073 τὴν
507 2037 611 2070 ἐλπίδα,
627 2037 719 2073 ἐπειδὴ
737 2038 801 2073 μίαν
822 2037 916 2065 ἐλπίδα

125 2082 220 2118 ἄνδρες
237 2083 284 2110 καὶ
294 2084 419 2117 γυναῖκες
432 2083 546 2118 Excitat);
559 2085 635 2110 Μακ.
647 2084 730 2111 Πάλιν
741 2083 822 2118 λέγω,
836 2085 915 2119 ἡμεῖς

127 2128 190 2164 μίαν
203 2128 318 2164 θεότητα
330 2129 361 2155 οὑ
372 2128 498 2164 λέγομεν.
519 2130 596 2163 Ὀρθ.
616 2129 678 2156 Ἐὰν
693 2128 738 2156 οὖν
748 2129 815 2165 λέγῃ
825 2131 839 2157 ὀ
850 2129 916 2162 Θεὸς

124 2173 170 2202 διὰ
181 2174 228 2202 τοῦ
237 2174 329 2207 Δαὸὶδ,
344 2183 354 2200 ι
370 2175 512 2207 Ἄκουσον,
525 2175 588 2207 λαός
605 2183 667 2211 μου,
678 2176 725 2202 καὶ
736 2175 845 2211 λαλήσω
863 2184 914 2203 σοι’

959 936 1022 956 mus
1038 937 1067 954 ιι
1081 927 1122 955 Tu
1139 936 1169 956 es
1185 928 1268 961 Deus,
1292 931 1319 955 et
1335 929 1362 954 in
1380 931 1407 954 te
1430 926 1502 955 Deus
1519 931 1571 959 est,
1598 930 1625 953 et
1640 933 1694 954 non
1711 929 1754 953 est

960 973 1031 1003 Deus
1046 979 1144 1009 praeter
1156 979 1191 1002 te.
1207 983 1218 1000 ι
1235 973 1342 1000 Maced.
1361 973 1388 1000 Si
1405 973 1432 1000 in
1448 973 1509 1008 ipso
1528 977 1570 1000 est
1582 971 1665 1004 Deus,
1683 979 1752 1006 quo—

960 1020 1042 1048 modo
1069 1028 1123 1047 una
1149 1024 1191 1048 est
1206 1019 1315 1047 deitas?
1339 1018 1415 1047 Orth.
1439 1018 1572 1052 Quoniam
1588 1017 1750 1052 subjunxit:
1775 1016 1778 1017 ⁷

963 1077 973 1093 ι
989 1067 1020 1095 Et
1030 1075 1085 1095 non
1108 1071 1151 1095 est
1166 1066 1237 1095 Deus
1258 1070 1357 1102 praeter
1378 1070 1415 1093 te.
1440 1075 1449 1092 ι
1467 1064 1547 1101 445
1568 1063 1601 1091 Ει
1618 1063 1752 1092 .Ieremias

961 1114 1072 1148 inquit:
1095 1122 1105 1139 ι
1129 1112 1180 1141 llic
1198 1117 1240 1141 est
1265 1112 1339 1140 Deus
1362 1115 1467 1144 noster,
1492 1119 1549 1138 non
1574 1110 1754 1138 aestimabitur

961 1159 1032 1187 alius
1047 1167 1108 1187 cum
1119 1167 1161 1187 eo.
1178 1158 1282 1186 Invenit
1295 1165 1403 1186 onmem
1414 1157 1486 1185 viam
1508 1157 1640 1188 scientiae,
1666 1160 1693 1184 et
1705 1156 1754 1184 de-

961 1206 1002 1233 dit
1020 1213 1079 1233 eam
1088 1205 1174 1233 Jacob
1190 1212 1275 1240 puero
1289 1211 1350 1238 suo,
1364 1208 1390 1232 et
1402 1203 1485 1231 Israel
1501 1203 1601 1231 dilecto
1614 1210 1674 1230 suo.
1688 1202 1752 1229 Post

962 1249 1020 1278 haec
1032 1250 1060 1277 in
1078 1253 1150 1277 terra
1161 1250 1238 1278 visus
1251 1252 1303 1281 est,
1316 1253 1343 1277 et
1355 1257 1417 1277 eum
1432 1248 1590 1276 hominibus
1604 1255 1753 1276 conversa-

962 1300 1008 1324 tus
1019 1300 1060 1324 cst
1074 1297 1108 1325 ⁷⁸.
1130 1307 1139 1323 ι
1160 1296 1237 1330 Quod
1250 1297 1272 1324 si
1285 1297 1347 1329 iste,
1358 1295 1405 1331 qui
1418 1296 1493 1323 visus
1505 1299 1545 1323 est
1562 1295 1589 1322 i'n
1605 1299 1675 1322 terra
1685 1315 1692 1328 ,
1709 1298 1752 1322 est

963 1343 1035 1372 Deus
1050 1348 1155 1376 noster,
1168 1352 1217 1372 nec
1233 1344 1304 1371 alius
1316 1350 1379 1370 cum
1405 1350 1438 1371 eo
1457 1342 1648 1375 testimabitur,
1670 1341 1752 1369 unica

963 1397 1030 1425 ergo
1041 1394 1082 1418 est
1097 1389 1188 1418 Patris
1205 1394 1232 1418 et
1249 1389 1309 1417 Filii
1325 1389 1425 1417 deitas.

1000 1437 1026 1465 8.
1043 1436 1145 1463 Maced.
1163 1435 1191 1463 Si
1208 1436 1289 1463 unica
1311 1439 1354 1463 est
1376 1435 1474 1468 deitas,
1491 1439 1518 1462 et
1533 1433 1624 1462 Patris
1641 1433 1751 1469 quidem

964 1483 1052 1510 deitas
1077 1485 1119 1510 est
1139 1489 1193 1509 non
1210 1481 1311 1517 genita,
1337 1480 1397 1507 Filii
1419 1487 1483 1507 vero
1510 1479 1613 1515 genita,
1634 1479 1752 1506 efﬁcitur

965 1528 1092 1555 deitatem
1109 1534 1170 1554 esse
1185 1525 1442 1561 γεννηταγέννητον,
1458 1524 1483 1552 id
1503 1527 1556 1557 est,
1579 1523 1754 1559 non-genito-

965 1574 1094 1608 genitam.
1110 1572 1187 1600 Ortli.
1203 1572 1359 1599 Itidicuiam
1373 1571 1565 1606 cogitationem
1583 1577 1751 1597 commemo-

964 1627 1021 1646 ras.
1037 1619 1078 1646 An
1095 1619 1168 1646 enim
1191 1617 1256 1653 quia
1274 1617 1316 1644 vir
1336 1621 1364 1644 et
1385 1624 1454 1644 uxor
1470 1623 1525 1643 non
1540 1614 1685 1647 sunt.duo,
1703 1614 1751 1641 sed

965 1673 1018 1693 una
1033 1672 1106 1697 caro,
1121 1668 1152 1691 ut
1172 1664 1237 1691 dicit
1257 1663 1399 1695 Dominus,
1419 1670 1484 1689 caro
1501 1662 1562 1690 haec
1578 1665 1620 1689 est
1644 1668 1752 1690 masCu-

965 1711 1190 1740 lino-feminina?
1222 1709 1326 1738 Maced.
1353 1709 1406 1736 Sed
1430 1716 1495 1736 caro
1516 1709 1567 1736 viri
1592 1712 1619 1736 et
1645 1708 1750 1738 uxoris,

965 1764 1075 1786 suntex
1091 1765 1144 1785 una
1163 1757 1301 1786 substrata
1315 1755 1438 1787 materia,
1459 1762 1493 1782 ex
1516 1754 1600 1781 humo
1612 1754 1749 1781 videlicet.

967 1806 1044 1833 Ortli.
1066 1804 1200 1838 Quoniam
1224 1811 1290 1839 ergo
1318 1802 1386 1830 dicit
1415 1801 1558 1836 Scriptura
1579 1800 1612 1828 de
1634 1800 1668 1828 iis
1702 1800 1750 1835 qui

965 1851 1153 1882 crediderunt,
1184 1859 1194 1876 ‹
1229 1849 1294 1876 Erat
1325 1849 1365 1877 eis
1397 1856 1446 1876 cor
1483 1856 1566 1876 unum
1593 1852 1621 1876 et
1659 1847 1750 1874 anima

966 1904 1021 1924 una
1037 1897 1077 1927 ⁷⁷,
1101 1905 1110 1922 ›
1130 1895 1274 1922 constabat
1294 1897 1384 1921 autem
1411 1892 1581 1921 credentium
1606 1892 1751 1919 multitudo

965 1950 998 1971 ex
1018 1941 1086 1969 viris
1098 1945 1125 1969 et
1138 1941 1308 1972 mulieribus,
1326 1946 1359 1966 an
1378 1938 1481 1966 idcirco
1504 1938 1563 1965 hazc
1585 1936 1675 1964 anima
1693 1940 1752 1964 erat

967 1986 1284 2016 masculino-feminina?
1299 1986 1407 2014 Etcum
1421 1985 1489 2014 dicit
1499 1984 1601 2012 Paulus
1614 2005 1620 2016 ,
1637 1993 1647 2009 ι
1661 1982 1751 2010 Unum

966 2042 1067 2070 corpus
1089 2037 1116 2061 et
1136 2041 1208 2061 unus
1229 2033 1342 2068 spiritus
1363 2033 1442 2064 estis,
1464 2030 1535 2059 sicut
1557 2031 1639 2057 etiam
1662 2029 1751 2056 vocati

966 2082 1034 2109 estis
1049 2080 1082 2108 ad
1101 2080 1224 2108 eamdem
1242 2087 1317 2115 spem
1338 2078 1492 2106 vocationis
1507 2081 1605 2105 vestra:
1620 2076 1655 2108 ⁷⁸,
1689 2084 1699 2101 ι
1717 2082 1752 2102 an

966 2135 1043 2164 spem
1081 2128 1163 2155 istam
1196 2133 1280 2155 vocas
1307 2123 1650 2152 masculino-femininam,
1679 2121 1751 2156 quod

966 2173 1091 2201 eamdem
1119 2181 1196 2208 spem
1225 2175 1284 2199 tum
1312 2170 1363 2198 viri
1388 2175 1444 2197 tum
1470 2168 1577 2195 feminae
1604 2165 1755 2193 habemus?

131 2220 249 2257 Ἰσραὴλ,
263 2221 311 2247 καὶ
324 2220 562 2257 διαμαρτυροῦμαί
575 2230 624 2249 τοι.
647 2222 708 2249 Ἐὰν
721 2221 839 2258 ἀκούσῃς
851 2231 912 2257 μου,

967 2218 1071 2246 Maced.
1086 2217 1216 2250 Rursum,
1231 2217 1352 2252 inquam,
1370 2222 1450 2242 unam
1463 2213 1590 2241 deitatem
1611 2219 1664 2239 non
1684 2211 1754 2238 dici-

124 2267 174 2295 οὺκ
190 2267 265 2295 ἔσται
284 2269 312 2295 ὲν
330 2268 370 2295 σοὶ
387 2268 452 2300 Θεὸς
464 2269 629 2304 πρόσφατος,
643 2269 702 2296 οὐδὲ
717 2270 914 2305 προσκυνήσεις

125 2313 183 2350 Θεῷ
196 2315 337 2351 ἀλλοτρίῳ.
364 2315 434 2349 Ἐγὼ
455 2315 510 2351 γάρ
527 2316 585 2351 είμι
600 2316 701 2352 Κύριος
720 2317 734 2342 ὁ
747 2316 812 2349 Θεός
829 2325 886 2349 σου,
899 2317 914 2343 ὁ

125 2361 269 2395 ἀναγαγών
285 2370 315 2388 σε
330 2363 362 2388 ὲκ
374 2361 427 2397 γῆς
441 2361 593 2396 Αἰγύπτου,
614 2372 624 2387 ›
638 2362 698 2388 τινα
708 2362 796 2397 λέγεις
807 2363 914 2398 είρηκέ-

123 2416 183 2440 ναι;
207 2408 253 2434 τὸν
277 2407 386 2443 Πατέρα
408 2407 425 2443 ἢ
446 2407 491 2434 τὸν
506 2407 589 2440 Υἱόν;
611 2409 689 2435 Mam.
711 2408 756 2440 Ὠς
778 2408 913 2440 Ἰουδαῖος,

124 2454 179 2480 ἀπὸ
197 2454 249 2488 τῆς
268 2454 388 2487 Παλαιᾶς
415 2463 460 2490 μοι
481 2454 619 2490 Διαθήκης
640 2454 762 2491 διαλέγῃ.
787 2454 865 2489 Ὅρα.
886 2456 914 2482 '0

124 2500 240 2535 Χριστὸς
260 2498 351 2528 εἶπεν·
372 2510 381 2526 α
405 2501 549 2537 Ἐρευνᾶτε
569 2500 618 2533 τὰς
634 2501 755 2537 Γραφὰς,
775 2501 814 2527 ὅτι
836 2499 915 2528 αὗταί

123 2547 193 2572 εἰσιν
209 2546 236 2573 αί
261 2547 446 2582 μαρτυροῦσαι
469 2548 534 2584 περὶ
557 2547 634 2582 ἐμοῦ.
656 2557 666 2574 ι
682 2549 759 2575 Max.
782 2548 847 2574 Ἀπὸ
866 2548 915 2584 τῆς

124 2592 229 2627 Καινῆς
242 2590 288 2619 οὖν
305 2592 443 2628 Διαθήκης
457 2593 507 2620 οὐκ
524 2593 596 2621 ἐστιν
618 2594 708 2629 εὑρεῖν
723 2594 769 2620 τὸν
783 2594 914 2630 Χριστόν;

130 2637 207 2672 Ὀρθ.
221 2638 277 2665 Καὶ
293 2639 375 2666 πάνυ.
396 2639 532 2675 Φοϐοῦμαι
550 2640 579 2667 δὲ
598 2641 696 2676 μήπως
712 2640 750 2672 ὡς
767 2641 915 2675 Μανιχαῐος

158 2715 182 2732 ⁷⁵
203 2716 255 2744 Isa.
272 2725 335 2750 ην,
353 2717 404 2748 14,
423 2717 467 2744 15.
512 2718 534 2733 ⁷¹
555 2716 648 2745 Matth.
668 2726 705 2751 tv,
725 2719 767 2746 I0.

123 2751 145 2768 ⁷⁸
165 2751 237 2779 Psal.
256 2759 343 2785 Lux,
362 2752 439 2780 9-H.

162 2830 199 2866 (fil
215 2829 298 2866 Palat.
305 2850 313 2862 ,
329 2829 446 2866 Σαϐαἲμ.

162 2865 200 2901 (7)
219 2865 257 2892 Ita
267 2873 332 2893 mss.
347 2863 422 2893 Editi‘
435 2873 509 2898 vero,
525 2863 563 2898 εἷς
573 2865 682 2898 Θεὸς..,.
696 2866 760 2893 Θεὸν
771 2865 816 2893 τοῦ
832 2866 896 2901 Ἰσρ.

839 2718 861 2734 ’⁸
881 2717 987 2745 Baruch
1008 2726 1056 2750 III,
1074 2718 1119 2750 57,
1138 2718 1184 2745 58.

967 2274 1038 2294 mus.
1058 2264 1135 2293 θνιΙι.
1162 2264 1230 2291 Cum
1253 2271 1319 2299 ergo
1358 2262 1425 2290 dicit
1447 2261 1518 2288 Deus
1539 2267 1587 2295 per
1611 2258 1751 2290 Davidem,

970 2321 979 2338 ε
997 2311 1077 2344 Audi,
1092 2310 1191 2346 popule
1205 2317 1294 2341 meus,
1311 2313 1338 2336 et
1352 2309 1458 2343 loquar,
1476 2306 1570 2337 Israel,
1583 2309 1610 2332 et
1624 2303 1753 2332 testiﬁca-

967 2359 1018 2386 bor
1034 2357 1093 2385 tibi.
1116 2356 1143 2383 Si
1164 2363 1207 2384 me
1224 2355 1354 2388 audieris,
1378 2362 1434 2382 non
1457 2354 1509 2381 erit
1528 2353 1555 2380 in
1577 2356 1607 2379 te
1627 2350 1697 2378 Deus
1709 2357 1753 2377 re-

967 2412 1041 2438 cens,
1057 2411 1144 2439 neque
1159 2402 1285 2430 adorabis
1296 2402 1379 2429 Deum
1393 2401 1520 2428 alienum.
1535 2398 1591 2434 Ego
1606 2397 1678 2425 enim
1692 2404 1751 2424 sum

970 2453 1103 2481 Dominus
1138 2452 1208 2480 Deus
1236 2454 1320 2483 tuus,
1352 2449 1398 2485 qui
1430 2449 1511 2477 eduxi
1551 2453 1579 2475 te
1615 2447 1651 2474 de
1679 2450 1752 2473 terra

966 2499 1130 2536 Egypti'”,
1158 2509 1171 2525 »ι
1183 2505 1329 2534 quemnam
1354 2497 1422 2524 dicis
1445 2496 1564 2523 locutum
1582 2493 1685 2522 fuisse?
1702 2493 1753 2520 Pa-

967 2550 1046 2579 trem,
1064 2554 1097 2573 an
1120 2545 1238 2573 Filium?
1252 2544 1357 2571 Maced.
1372 2543 1501 2578 Disputas
1516 2548 1633 2572 mecum,
1656 2545 1685 2567 ut
1705 2539 1754 2566 Ju-

969 2593 1044 2620 dwus
1060 2601 1093 2620 ex
1108 2592 1198 2620 Veteri
1215 2591 1402 2619 Testamento.
1421 2587 1497 2616 Orth.
1515 2586 1642 2615 Christus
1659 2585 1727 2612 dixit
1746 2594 1752 2611 :

971 2649 980 2665 ι
1001 2638 1166 2666 Scrutamini
1186 2637 1352 2672 Scripturas,
1366 2635 1495 2670 quoniam
1515 2641 1554 2661 ea:
1573 2631 1755 2659 testiﬁcantur

1233 2718 1253 2732 ⁷⁷
1276 2717 1334 2743 Act.
1355 2724 1389 2749 IV,
1408 2714 1452 2742 32.
1509 2714 1531 2730 ⁷⁸
1551 2713 1650 2749 Ephes.
1670 2719 1706 2742 Iv,
1723 2709 1751 2738 Δ.

996 2830 1032 2862 (8)
1053 2828 1202 2863 Palatinus,
1227 2829 1449 2865 γενητειγένητος.
