1926 3067
169 118 240 148 193

756 113 785 142 S.
805 110 1036 141 ATBANASIUS.
1056 125 1091 132 —
1109 107 1246 137 SPURIA.

1715 100 1789 132 ΙΞΙΒ

169 179 204 206 de
224 185 268 205 me
284 176 320 204 ".
349 185 358 202 ι
380 175 484 204 Haud.
507 175 604 203 Annon
625 174 689 202 licet
714 182 746 202 ex
766 173 842 202 Novo
858 173 953 202 Testa-

1012 167 1174 204 παραγράφῃ
1196 165 1244 201 τὴν
1262 164 1383 192 Παλαιὰν
1408 162 1555 199 Διαθήκην.
1576 161 1613 198 μὴ
1639 160 1789 192 πιστεύων,

171 228 262 252 mento
291 222 431 250 Christum
455 222 599 250 invenire?
625 221 703 250 Orlh.
734 221 806 250 Sane
829 224 950 258 quidem.

173 268 275 297 Vereor
296 272 402 300 autem.
424 276 458 296 ne
481 268 619 296 Manichaei
643 269 738 301 instar,
755 269 838 298 Vetus
855 270 953 298 Testa-

170 321 291 344 mentum
311 322 462 350 expungas.
479 320 508 342 ut
521 315 566 350 qui
587 323 640 343 non
661 315 778 347 credas.
796 321 851 343 tam
877 317 952 350 illud,

170 371 250 398 quam
276 363 327 390 hoc
352 362 437 390 fuisse
458 370 472 389 a
495 362 548 389 Deo
571 362 713 390 dictatum.
740 362 843 391 Mat-ed.
869 363 952 391 Deum

170 409 232 435 novi
255 413 311 435 tum
335 407 418 435 Vetus
441 413 496 435 tum
524 407 627 435 Novum
648 407 852 436 Testamentum
876 409 953 444 pepi.

170 454 262 488 gisse;
278 454 325 482 sed
348 462 380 481 ex
399 453 474 481 Nam
496 454 600 481 erudiri
615 454 707 484 velim.
722 454 849 489 quoniam
866 455 955 481 maui-

171 500 267 528 festius
282 505 339 528 tres
355 501 414 528 illas
430 501 591 535 hypostases
606 500 709 527 docuit.

205 545 232 573 9.
255 546 332 574 Ortli.
361 545 428 573 Cum
457 546 540 580 igitur
570 545 647 572 audis
672 545 786 572 Paulum
809 545 954 577 dicentem.

173 599 184 616 ι
212 590 346 624 Quoniam
371 598 405 618 ex
434 591 494 626 ipso
517 594 544 618 et
573 598 620 626 per
643 591 748 624 ipsum,
772 595 798 618 et
817 591 845 617 in
865 591 954 625 ipsum

171 641 235 664 sunt
256 637 348 664 omnia
369 637 403 668 ⁸¹,
433 646 443 662 ι
466 641 557 663 utrum
579 643 612 662 ex
636 635 701 666 illis.
725 643 794 670 quos
822 644 906 662 unum
929 639 956 663 et

172 690 257 709 unum
281 690 342 711 esse
367 682 472 714 dixisti,
491 681 641 716 signiﬁcari
665 682 828 708 existimas?
850 681 954 708 Maced.

172 727 291 755 Patrem.
320 727 395 755 ονιΙι.
418 728 459 755 An
481 735 536 755 non
566 731 630 755 sunt
655 735 703 762 per
721 726 820 754 Filium
848 727 957 754 omnia?

172 773 277 801 Mat-ed.
295 773 346 802 Per
361 773 457 801 Filium
474 781 583 809 quoque
607 777 670 801 sunt
686 774 786 801 omnia.
807 773 883 801 Orlli.
905 772 957 806 Qui

173 819 201 846 ﬁt
230 819 312 854 igitur
334 823 364 847 ut
387 827 442 846 non
467 826 500 846 ex
525 820 596 854 ipso,
621 822 647 846 et
682 826 728 854 per
753 818 853 854 ipsum.
878 823 905 846 et
929 820 957 846 in

1002 215 1043 241 ὃτι
1053 215 1067 240 6
1078 212 1157 244 αὐτὸς
1165 213 1179 238 6
1188 211 1254 243 Θεὸς
1267 210 1394 245 κάκείνην
1403 208 1516 244 ὲλάλησε
1528 207 1574 234 καὶ
1583 206 1693 242 ταύτην.
1706 207 1789 233 Max.

1004 257 1079 288 οἶδα,
1096 258 1137 284 ὅτι
1151 257 1231 288 αὐτὸς
1243 255 1309 287 Θεὸς
1326 256 1373 282 καὶ
1391 253 1439 290 τὴν
1455 253 1574 280 Παλαιὰν
1588 251 1724 286 Διαθήκην
1739 252 1791 278 καὶ

1003 305 1052 340 τὴν
1065 303 1168 339 Καινὴν
1186 303 1287 329 διέθετο
1297 310 1303 316 ”
1317 301 1385 328 ἀλλὰ
1407 300 1534 336 βούλομαι
1554 299 1606 326 ἀπὸ
1621 298 1670 333 τῆς
1684 297 1792 331 Καινῆς

1005 349 1111 386 μαθεῖν.
1128 348 1222 384 ἐπειδὴ
1239 347 1306 383 αὑτὴ
1326 345 1512 382 φανερώτερον
1523 344 1572 376 τὰς
1586 345 1659 379 τρεῖς
1671 343 1791 370 ὑποστά-

1005 402 1062 427 σεις
1074 394 1203 427 ἐδίδαξεν.

1040 551 1067 579 9.
1087 552 1162 585 Ὀρθ.
1178 551 1241 578 Ἐὰν
1251 549 1297 578 οὖν
1308 551 1426 587 ἀκούσῃς
1434 550 1540 577 Παύλου
1552 549 1675 584 λέγοντος
1685 568 1694 582 ,
1707 558 1717 575 ι
1730 549 1792 576 Ὀτι

1006 597 1036 631 ἐξ
1048 598 1140 629 αὑτοῦ,
1151 598 1198 624 καὶ
1208 597 1240 624 δι’
1252 596 1343 627 αὑτοῦ,
1356 597 1403 623 καὶ
1413 597 1452 628 εἰς
1464 596 1545 623 αὐτὸν
1553 595 1587 622 τὰ
1602 595 1716 627 nivea,»
1730 595 1794 621 τίνα

1005 643 1094 678 λέγεις
1105 643 1230 678 λέγεσθαι
1241 642 1295 670 τῶν
1313 640 1353 674 εἷς
1368 643 1414 669 καὶ
1429 639 1483 674 sic;
1501 643 1578 669 Μακ.
1603 641 1655 668 Τὸν
1671 641 1793 676 Πατέρα.

1013 689 1089 723 ὋΡΘ.
1105 689 1162 715 Οὐκ
1185 688 1242 715 ἐστι
1258 688 1301 715 διὰ
1318 687 1365 715 τοῦ
1380 687 1444 714 Υῑοῦ
1467 686 1501 714 τὰ
1519 687 1622 719 xciv-ra;
1643 688 1720 713 Μακ.
1737 687 1794 713 Καὶ

1006 735 1050 762 διὰ
1072 735 1120 762 τοῦ
1140 735 1205 762 Υἱοῦ
1229 735 1263 762 τὰ
1285 735 1382 762 πάντα.
1405 734 1481 768 ὀρθ.
1497 733 1558 765 Πῶς
1582 731 1627 760 οὖν
1645 733 1695 759 οὐκ
1709 732 1745 767 (9)
1763 732 1794 765 ἐξ

1007 780 1099 813 αὐτοῦ,
1117 781 1163 809 καὶ
1179 781 1212 807 δι’
1223 779 1315 813 αὑτοῦ,
1334 781 1381 808 καὶ
1395 781 1434 812 εις
1448 779 1528 807 αὑτὸν
1541 778 1576 806 τὰ
1589 779 1691 810 πάντα;
1712 780 1793 805 Max.

1013 827 1043 854 ὐ
1059 827 1154 862 Πατὴρ
1175 827 1230 862 ἔχει
1255 827 1300 853 καὶ
1323 826 1354 852 τὸ
1370 835 1378 852 ι
1398 825 1427 859 ἐξ
1447 822 1488 857 οὗ,
1510 835 1520 852 ι
1536 825 1582 851 καὶ
1605 823 1635 851 τὸ
1651 834 1660 850 ε
1674 823 1707 850 δι’
1722 821 1763 856 οὗ,
1782 833 1792 850 ι

172 865 261 900 ipsum
281 866 335 892 sint
352 866 462 893 omnia?
486 864 590 893 Maced.
605 865 687 892 Pater
704 865 785 893 habet
801 864 878 897 illud,
897 874 906 890 ι
924 872 958 892 ex

1012 873 1098 900 καὶτὸ
1113 882 1126 900 ι
1138 874 1177 904 εἰς
1191 872 1280 899 αὐτόν.
1297 882 1306 898 ι
1324 873 1354 899 '0
1366 872 1395 899 δὲ
1406 871 1470 904 Υἱὸς
1482 872 1512 898 τὸ
1525 872 1574 907 μὲν
1590 880 1598 897 ι
1612 871 1646 898 δι’
1657 868 1686 898 οὗ
1701 880 1710 896 ι
1725 870 1795 906 ἔχει,

172 919 238 946 quo.
254 920 264 937 ι
277 915 304 938 et
320 911 386 938 illud
405 920 414 937 ι
430 919 478 946 per
489 919 581 946 quem,
596 921 606 938 ι
622 915 649 939 et
663 911 740 944 illud,
755 920 764 937 ε
784 910 812 939 in
828 911 928 947 ipsum.
947 921 956 938 ο

172 956 254 986 Filius
267 962 356 986 autem
375 958 455 985 habet
470 958 578 993 quidem
592 958 671 990 illud,
694 967 703 984 ι
727 965 774 993 per
789 966 880 993 quem.
899 967 909 983 ι
932 961 960 984 at

172 1012 227 1032 non
247 1004 323 1036 illud.
342 1013 352 1030 ‹
370 1012 403 1032 ex
424 1012 487 1039 quo.
515 1013 524 1030 ι
544 1003 620 1032 ονιὴ.
639 1003 710 1040 Lege
725 1004 808 1032 verba
828 1004 904 1039 ipsa,
930 1008 959 1030 ut

172 1049 275 1082 discas,
292 1053 415 1077 sanetum
427 1051 586 1085 Apostomm
601 1050 679 1081 illud,
697 1058 706 1076 ι
719 1057 751 1077 ex
761 1049 820 1084 ipso
831 1059 840 1075 ι
851 1054 878 1076 et
888 1058 897 1074 ‹
913 1056 961 1084 per

173 1095 273 1131 ipsum.
287 1106 297 1122 ι
316 1100 362 1122 ει(
375 1096 401 1122 iu
416 1096 503 1130 ipsum
518 1099 582 1123 sunt
591 1096 692 1127 omnia,
712 1105 721 1122 ι
741 1100 796 1122 tum
816 1095 848 1122 de
868 1094 960 1128 Patre,

175 1142 232 1166 tum
254 1139 287 1166 de
308 1138 378 1166 Filio
400 1139 512 1167 dixisse.
533 1139 601 1167 Nam
616 1139 639 1167 si
654 1139 757 1168 dictum
777 1139 842 1167 illud
858 1140 885 1166 iu
904 1147 958 1166 una

173 1189 280 1212 tantum
306 1193 421 1220 persona
443 1186 535 1214 valere
561 1187 641 1218 velis.
668 1186 851 1221 comperietur
874 1185 960 1213 Filius

174 1231 299 1266 ignorare
313 1239 372 1266 qua‘
388 1231 496 1259 Patrem
517 1236 662 1268 spectant.
678 1240 766 1268 neque
780 1232 957 1260 consiliorum

175 1277 262 1311 ipsius
283 1284 345 1304 esse
367 1277 504 1312 particeps
521 1287 528 1305 :
546 1279 588 1306 vel
605 1277 684 1306 Pater
700 1279 826 1314 ignorare
845 1285 906 1314 qua:
925 1277 957 1305 ad

174 1320 273 1349 Filiqu
296 1323 427 1356 attinent,
445 1331 495 1351 nec
510 1324 686 1351 consiliorum
711 1324 770 1358 ejus
790 1331 851 1352 esse
875 1323 960 1359 parti-

175 1375 250 1403 ceps.
273 1368 377 1396 Μαι-εει.
403 1369 462 1402 Dic,
486 1369 532 1397 ubi
559 1371 691 1405 scriptum
715 1370 766 1398 sit:
784 1369 902 1406 Spiritus
917 1373 959 1397 est

176 1414 258 1442 Deus.
275 1415 351 1442 Ortla.
367 1415 445 1443 Prius
461 1416 536 1444 disce
553 1416 613 1444 illas
636 1416 795 1451 hypostases
816 1415 959 1444 manifeste

175 1460 302 1490 docuisse
322 1462 405 1491 Vetus
421 1463 503 1490 etiam
522 1462 737 1490 Testamentum.
754 1461 861 1489 Maced.
893 1461 958 1489 Ubi-

1008 918 1039 944 τὸ
1054 917 1081 944 δὲ
1097 927 1106 943 α
1122 917 1151 950 ἐξ
1163 915 1194 945 οὗ
1213 927 1222 943 ι
1239 918 1288 944 οὐκ
1308 917 1459 953 ἔχει.’ορθ.
1484 916 1632 951 Ἀνάγνωθι
1647 916 1678 942 τὸ
1700 917 1795 952 ῥητὸν,

1010 963 1053 990 ἵνα
1066 963 1146 998 γνῷς,
1163 965 1204 990 ὅτι
1219 964 1248 990 τὸ
1261 973 1271 990 ‹
1291 964 1320 997 ἐξ
1337 963 1430 996 αὐτοῦ,
1453 973 1462 990 ι
1477 962 1525 990 καὶ
1539 973 1549 989 ‹
1564 963 1596 990 δι’
1608 962 1700 994 αὑτοῦ,
1722 972 1732 988 ι
1745 962 1797 989 καὶ

993 1007 996 1012 ’
1012 1018 1022 1034 ε
1043 1010 1082 1042 εἰς
1095 1010 1175 1037 αὑτὸν
1185 1010 1219 1036 τὰ
1234 1010 1331 1043 πάντα,
1347 1020 1356 1036 ι
1373 1011 1419 1037 καὶ
1436 1011 1500 1046 περὶ
1510 1010 1556 1037 τοῦ
1572 1010 1677 1046 Πατρὸς
1687 1009 1732 1036 καὶ
1745 1009 1795 1036 τοῦ

1010 1056 1075 1083 Υἱοῦ
1091 1053 1167 1082 εἶπεν
1187 1057 1201 1083 6
1219 1056 1294 1090 ἇγιος
1322 1056 1491 1088 Ἀπόστολος.
1514 1056 1576 1083 Ἐὰν
1596 1055 1650 1092 γὰρ
1666 1055 1731 1082 αὐτὸ
1750 1055 1796 1090 ἐφ’

1010 1103 1070 1134 ἑνὸς
1086 1102 1229 1137 προσώπου
1242 1104 1354 1139 στήσῃς,
1369 1104 1383 1130 6
1394 1103 1457 1135 Υἱὸς
1474 1102 1649 1138 εὑρεθήσεται
1664 1102 1700 1137 μὴ
1717 1100 1797 1133 εἰδὼς

1009 1148 1045 1176 τὰ
1059 1149 1107 1175 τοῦ
1122 1149 1238 1185 Πατρὸς,
1255 1149 1321 1185 μηδὲ
1345 1149 1495 1185 σύμϐουλος
1515 1148 1597 1176 αὐτοῦ
1615 1148 1663 1181 ὢν,
1678 1148 1695 1183 ἢ
1710 1149 1724 1174 6
1738 1148 1796 1174 Πα-

1009 1195 1061 1230 τὴρ
1071 1195 1246 1231 εὑρεθήσεται
1260 1195 1297 1231 μὴ
1311 1195 1388 1227 εἰδὼς
1403 1195 1438 1222 τὰ
1452 1195 1499 1222 τοῦ
1512 1194 1587 1227 Υἱοῦ,
1601 1194 1667 1230 μηδὲ
1681 1193 1797 1229 σύμϐου·

1011 1239 1055 1272 λος
1067 1239 1148 1267 αὑτοῦ
1171 1239 1218 1266 ὥν.
1238 1242 1314 1268 Max.
1335 1240 1412 1273 Εἰπὲ,
1426 1240 1477 1267 ποῦ
1499 1240 1662 1276 γεγράπται,
1682 1239 1746 1271 Θεὸς
1763 1239 1797 1265 τὸ

1011 1285 1137 1321 Uva-Sua;
1160 1286 1233 1320 Ὀρθ.
1252 1286 1328 1313 Μείοε
1345 1286 1463 1321 πρῶτον,
1478 1286 1518 1313 ὃτι
1529 1286 1576 1312 καὶ
1590 1284 1721 1321 ήΠαλαιὰ
1732 1286 1796 1312 Δια.-

1011 1331 1082 1366 θήκη
1098 1331 1148 1363 τὰς
1163 1333 1237 1367 τρεῖς
1253 1331 1414 1363 ὑποστάσεις
1434 1331 1557 1367 φανερῶς
1575 1330 1686 1364 ἐδίδαξε.
1714 1332 1794 1358 Μαι.

1011 1376 1088 1408 Εἰπὲ,
1100 1377 1150 1403 ποῦ
1161 1377 1314 1413 γέγραπται
1325 1386 1332 1410 ;
1350 1379 1427 1411 Ὀρθ.
1446 1378 1489 1404 Ἐν
1501 1379 1534 1414 τῇ
1547 1377 1663 1404 Γενέσει·
1678 1386 1688 1403 ς
1706 1376 1796 1412 Ὠφθη

1011 1423 1025 1448 6
1037 1422 1101 1455 Θεὸς
1116 1422 1154 1458 τῷ
1175 1423 1298 1459 Ἀϐραὰμ
1314 1423 1460 1460 καθημένῳ
1471 1424 1537 1460 πρὸς
1551 1425 1583 1460 τῇ
1597 1423 1657 1459 δρυῒ
1672 1425 1704 1458 τῇ
1718 1424 1797 1458 May.-

1012 1468 1063 1505 ερῇ
1074 1478 1081 1484 ·
1095 1470 1141 1496 καὶ
1159 1469 1213 1496 ἰδοὺ
1225 1471 1300 1505 τρεῖς
1314 1470 1410 1506 ἄνδρες
1425 1470 1542 1506 ἔστησαν
1558 1470 1650 1496 ἐπάνω
1665 1469 1758 1496 αὑτοῦ.
1785 1478 1796 1495 ι

176 1514 239 1534 nam
254 1508 280 1534 id
296 1508 426 1543 scriptum
442 1509 503 1535 est?
520 1507 596 1536 Orllt.
619 1508 648 1535 In
662 1507 760 1535 Genesi
774 1516 779 1534 :
795 1516 805 1533 ‹
824 1507 958 1543 Apparuit

1012 1515 1086 1542 Μακ.
1098 1515 1221 1548 Καὶτοϋς
1234 1517 1307 1553 τρεῖς
1320 1516 1418 1552 ἄνδρας
1430 1516 1517 1551 λέγεις
1533 1516 1650 1551 Πατέρα,
1664 1515 1711 1542 καὶ
1722 1514 1800 1547 my,

176 1551 250 1580 Deus
268 1553 406 1581 Abraham
429 1554 534 1581 sedenti
549 1554 619 1589 apud
634 1561 765 1589 quercum
783 1553 912 1586 Mambre,
930 1557 958 1581 et

1012 1561 1058 1588 καὶ
1076 1561 1152 1595 ἅγιον
1165 1548 1298 1597 Πνεῦιιας
1322 1548 1394 1596 Ὀρὸ,
1415 1548 1471 1597 Μὴ⁷
1484 1548 1627 1597 ταράττον,
1642 1560 1709 1588 ἀλλὰ
1728 1561 1801 1596 μετὰ

176 1607 241 1627 ecce
258 1604 313 1628 tres
337 1601 388 1627 viri
406 1605 540 1628 steterunt
564 1608 646 1636 super
664 1608 726 1628 eum
750 1601 783 1627 ³³.
814 1610 823 1627 ι
851 1599 954 1627 Maccd.

178 1642 249 1672 Tres
262 1645 345 1679 igitur
356 1645 417 1673 illos
428 1645 503 1673 viros
514 1645 584 1673 dicis
599 1653 660 1674 esse
675 1645 793 1678 Patrem,
808 1645 918 1675 Filium.
933 1648 961 1672 et

178 1689 309 1725 Spiritum
325 1691 467 1719 sanctum?
489 1691 567 1721 Ortli.
586 1691 625 1719 Ne
647 1693 818 1727 perturbare,
841 1691 889 1719 sed
909 1693 961 1720 ista

176 1743 240 1764 eum
262 1737 308 1764 Dei
326 1738 425 1766 timore
444 1738 577 1773 legamus.
601 1738 671 1766 Dicit
691 1738 830 1774 Scriptura
850 1747 857 1766 :
876 1748 886 1764 ι
903 1739 960 1774 Ap-

177 1783 269 1818 paruit
287 1783 359 1811 Deus
377 1784 524 1817 Abraham,
542 1788 569 1813 et
588 1793 653 1813 ecce
675 1789 731 1813 tres
755 1785 806 1812 viri
828 1788 962 1813 steterunt

179 1836 262 1863 supra
285 1837 357 1857 eum.
391 1839 400 1856 ι
424 1829 492 1858 Tres
514 1831 553 1858 illi
578 1831 629 1858 viri
648 1835 728 1858 erant
749 1830 830 1859 Deus.
855 1830 959 1858 Maced.

177 1873 250 1902 Deus
266 1880 325 1903 erat
339 1884 409 1904 unus
424 1877 532 1904 illorum
543 1897 550 1909 ,
566 1877 590 1905 is
606 1877 734 1904 nimirum
751 1885 831 1912 quem
846 1877 962 1912 alloqui-

176 1927 242 1954 tur;
267 1921 313 1948 alii
336 1929 402 1949 vero
423 1921 478 1950 duo
497 1927 575 1950 erant
600 1923 698 1958 angeli.
725 1922 801 1952 Ortli.
827 1923 873 1951 Sic
895 1924 962 1951 dicit

178 1968 321 2005 Scriptura
334 1976 341 1994 ι
354 1977 363 1992 ε
379 1969 512 2004 Apparuit
523 1970 547 1997 ei
560 1969 631 1998 Deus
645 1970 678 1997 ad
692 1978 821 2005 quercum
830 1970 960 2003 Mambre,

177 2022 240 2042 cum
263 2015 370 2044 sederet
386 2016 412 2043 in
433 2015 506 2043 Ostio
523 2015 691 2043 tabernaculi
713 2016 770 2048 sui,
789 2016 918 2050 meridie,
935 2020 961 2043 et

178 2061 294 2090 sublatis
313 2061 396 2098 us
422 2062 510 2089 oculis
534 2061 671 2096 respexit,
696 2065 723 2088 et
746 2068 810 2089 ecce
831 2065 887 2089 tres
909 2061 961 2089 viri

159 2101 164 2105 ”
177 2115 260 2143 supra
275 2109 363 2143 ipsum
378 2112 513 2136 steterunt
530 2117 536 2135 :
553 2108 653 2143 quibus
667 2108 743 2140 visis,
761 2109 881 2136 occurrit
893 2108 960 2143 ipsis

177 2154 284 2182 obviam
305 2154 339 2181 ab
360 2154 432 2182 ostio
450 2154 618 2182 tabernaculi
637 2155 691 2186 sui,
708 2158 734 2182 et
749 2154 871 2182 adoravit
885 2155 959 2182 humi

177 2205 331 2237 prostratus
348 2202 380 2229 ⁸³.
404 2211 414 2228 ι
441 2200 526 2234 Quem
547 2200 671 2228 adoravit
691 2201 766 2228 humi
789 2202 960 2236 prostratus?

177 2254 241 2275 nnm
255 2249 348 2276 viros?
363 2247 465 2275 Maced.
482 2247 556 2280 Dixi,
571 2247 642 2275 duos
663 2247 773 2283 angelos
789 2247 874 2275 fuisse
895 2255 958 2275 cum

176 2293 242 2322 Deo.
266 2294 396 2322 Adoravit
416 2294 498 2329 igitur
519 2293 613 2328 procul
631 2292 714 2320 dubio
734 2292 828 2325 Deum,
845 2300 900 2320 non
915 2300 962 2319 an-

177 2341 261 2376 gelos.
277 2340 344 2367 Cum
364 2339 437 2367 enim
457 2339 633 2370 surrexisset,
648 2338 717 2366 dixit
735 2347 743 2366 :
762 2347 772 2364 ε
791 2337 916 2369 Domine.
938 2338 961 2365 si

176 2386 268 2414 iuveni
292 2386 406 2421 gratiam
432 2386 459 2413 in
490 2388 637 2419 conspectu
659 2390 723 2417 tuo,
749 2392 783 2412 ne
815 2389 960 2420 praetereas

975 2223 996 2250 Ι)

1013 1607 1096 1642 (εόῆου
1124 1608 1192 1635 Θεοῦ
1217 1608 1388 1644 ἁναγνῶμεν.
1417 1609 1497 1643 Λέγει
1522 1608 1550 1635 δὲ
1576 1609 1592 1644 ὴ
1620 1607 1730 1642 Γραφὴ,
1755 1607 1802 1635 ὅτι

1015 1663 1025 1679 ι
1042 1654 1130 1689 Ὠφθη
1143 1655 1157 1681 6
1171 1654 1238 1686 Θεὸς
1257 1654 1296 1690 τῷ
1319 1654 1453 1691 Ἀϐραὰμ,
1471 1655 1517 1682 καὶ
1536 1654 1590 1681 ἰδοὺ
1610 1654 1705 1689 ἄνδρες
1722 1655 1801 1688 τρεῖς

1013 1699 1129 1735 ἔστησαν
1143 1700 1235 1727 ἐπάνω
1242 1700 1334 1728 αὑτοῦ.
1352 1711 1360 1726 ι
1377 1701 1489 1736 οἰτρεῐς
1504 1701 1596 1736 ἄνδρες
1611 1697 1681 1735 ἦσαν
1693 1701 1708 1726 6
1719 1699 1797 1729 Θεός.

1012 1747 1087 1772 Max.
1111 1746 1140 1772 '0
1156 1746 1222 1778 Θεὸς
1237 1744 1271 1781 ἦν
1285 1745 1335 1778 εἷς,
1352 1747 1418 1782 πρὸς
1437 1746 1466 1773 ὃν
1483 1746 1528 1773 καὶ
1543 1745 1694 1779 διαλέγεται
1707 1753 1713 1759 ·
1732 1745 1756 1771 οἱ
1769 1743 1802 1771 ὁὲν

1013 1791 1087 1819 ἄλλοι
1108 1792 1164 1822 δύο.
1183 1792 1302 1826 ἄγγελοι.
1328 1793 1404 1826 Ὀρθ.
1435 1792 1517 1826 Λέγει
1536 1792 1553 1827 ἡ
1577 1790 1672 1826 Γραφὴ
1695 1790 1798 1822 οὕτως·

1016 1846 1026 1862 ‹
1048 1837 1135 1872 Ὠφθη
1148 1837 1177 1863 δὲ
1190 1837 1264 1872 αὐτῷ
1277 1838 1343 1869 Θεὸς
1355 1837 1422 1872 πρὸς
1432 1838 1464 1872 τῇ
1474 1836 1533 1872 δρυῒ
1545 1838 1579 1872 τῇ
1587 1836 1718 1871 Μαμὸρῇ,
1731 1835 1799 1863 m0-

1011 1884 1114 1919 ημένου
1143 1883 1225 1910 αὐτοῦ
1243 1885 1289 1910 ἐπὶ
1301 1883 1350 1919 τῆς
1365 1884 1449 1919 θύρας
1460 1884 1510 1918 τῆς
1529 1883 1631 1918 σκηνῆς
1650 1881 1730 1909 αὑτοῦ
1748 1890 1798 1917 με-

1013 1928 1149 1964 σημϐρίας
1158 1937 1164 1943 ·
1178 1928 1224 1955 καὶ
1238 1928 1390 1963 ἀναϐλέψας
1398 1929 1453 1959 τοῖς
1466 1927 1614 1963 ὁσθαλμοῖς
1624 1926 1704 1954 αὑτοῦ
1718 1924 1799 1957 εἶδεν.

1013 1974 1060 2000 καὶ
1077 1974 1131 2000 ἰδοὺ
1160 1974 1235 2009 τρεῖς
1258 1974 1354 2009 ἄνδρες
1377 1973 1495 2008 ἔστησαν
1518 1972 1611 1999 ἐπάνω
1635 1971 1733 1998 αὑτοῦ·
1752 1971 1800 1997 καὶ

1014 2018 1074 2046 ἰδὼν
1089 2019 1277 2055 προσέδραμεν
1292 2020 1331 2050 εἰς
1347 2018 1508 2053 συνάντησιν
1518 2018 1609 2050 αὐτοῖς
1623 2016 1678 2043 ἀπὸ
1687 2016 1736 2051 τῆς
1751 2015 1799 2042 θύ-

1014 2073 1063 2100 ρας
1079 2065 1128 2100 τῆς
1152 2064 1253 2100 σκηνῆς
1275 2063 1368 2095 αὑτοῦ,
1392 2064 1440 2090 καὶ
1459 2062 1660 2099 προσεκύνησεν
1681 2060 1728 2087 ἐπὶ
1750 2060 1805 2095 τὴν

1012 2110 1074 2145 γῆν.
1093 2120 1103 2136 ι
1121 2110 1180 2136 Τίνι
1194 2109 1395 2145 προσεκύνησεν
1409 2110 1454 2136 ἐπὶ
1467 2109 1516 2145 τὴν
1532 2108 1592 2144 γῆν,
1605 2107 1622 2143 ἢ
1639 2107 1694 2138 τοῖς
1702 2105 1801 2141 ἀνδρά-

1013 2164 1074 2189 σιν;
1091 2157 1168 2184 Max.
1183 2153 1276 2187 Εἶπον,
1291 2156 1331 2182 ὅτι
1352 2156 1376 2182 οἱ
1391 2155 1437 2182 δύο
1453 2155 1562 2190 ἄγγελοι
1584 2151 1654 2189 ἦσαν
1670 2151 1739 2188 μετὰ
1752 2151 1799 2178 τοῦ

1012 2201 1090 2232 Θεοῦ,
1104 2201 1151 2228 καὶ
1162 2201 1324 2237 προσεκύνει
1337 2200 1456 2236 δηλονότι
1468 2199 1507 2236 τῷ
1525 2197 1594 2234 Θεῷ,
1611 2197 1671 2232 οὐχὶ
1685 2197 1742 2228 τοῖς
1752 2197 1801 2229 ἁγ-

1011 2247 1108 2282 γέλοις.
1125 2248 1179 2275 Καὶ
1193 2247 1247 2284 γὰρ
1259 2247 1377 2279 ἀναστὰς
1392 2243 1480 2273 εἶπεν·
1497 2255 1506 2271 ι
1517 2244 1614 2280 Κύριε,
1629 2243 1653 2269 εἰ
1665 2239 1743 2277 εὗρον
1757 2242 1801 2277 χά-

1012 2301 1054 2329 ριν
1065 2293 1182 2321 ἐναντίον
1196 2302 1253 2326 σου,
1268 2294 1304 2329 μὴ
1318 2293 1454 2330 παρέλθῃς
1465 2292 1509 2319 τὸν
1521 2290 1602 2318 παῖδά
1616 2297 1673 2316 σου.
1693 2298 1702 2314 ι
1722 2288 1799 2322 Ὀρθ,

1011 2340 1095 2366 Τοῦτο
1110 2339 1163 2375 γάρ
1179 2340 1262 2371 ἐστιν,
1275 2339 1289 2366 ὃ
1303 2339 1426 2375 λέγομεν,
1438 2339 1478 2366 ὅτι
1489 2338 1537 2370 τὰς
1552 2337 1629 2374 τρεῖς
1640 2334 1801 2366 ὑποστάσεις

1011 2385 1113 2422 Κύριον
1128 2386 1214 2413 καλεῖ.
1230 2388 1305 2414 Μακ.
1324 2385 1369 2421 Μὴ
1380 2385 1500 2420 γένοιτοῐ

176 2442 284 2463 servum
304 2438 381 2462 tuum
402 2434 435 2461 “.
465 2444 474 2461 ι
502 2433 578 2462 ΟνιΙι.
603 2432 749 2461 Enimvero
777 2432 845 2461 illud
867 2433 957 2468 ipsum
989 2439 1042 2466 est,
1064 2433 1136 2470 quod
1169 2434 1298 2466 dicimus.
1332 2439 1388 2461 tres
1409 2433 1569 2469 hypostases
1594 2429 1628 2455 ab
1652 2434 1685 2454 εο
1708 2426 1800 2456 vocari

177 2480 332 2508 Dominum.
350 2481 455 2509 Maced.
472 2481 565 2509 Absit!

212 2529 255 2556 10.
279 2529 355 2557 ΟνιΙι.
372 2521 441 2558 Audi
457 2530 549 2564 igitur,
562 2537 623 2565 quae
637 2532 790 2564 sequuntur
804 2539 811 2556 :
829 2537 838 2554 ε
860 2528 958 2556 Suma-

176 2578 220 2605 tur
231 2578 320 2601 autem
333 2582 414 2610 aqua,
428 2580 453 2602 et
472 2575 559 2602 lavent
573 2575 655 2610 pedes
666 2579 772 2603 vestros
788 2583 794 2601 :
810 2578 836 2603 ct
848 2574 957 2610 refrige-

177 2619 274 2646 ramini
295 2620 346 2647 sub
369 2621 466 2648 arbore
488 2630 494 2648 :
521 2620 619 2648 deinde
642 2621 774 2655 accipiam
797 2628 914 2656 panem,
934 2623 962 2647 et

177 2666 336 2700 comedetis,
359 2670 386 2694 et
412 2670 505 2702 pastea
529 2666 732 2702 prosequemiui
756 2666 808 2694 iter
828 2671 960 2699 vestrum,

1049 2527 1092 2554 £0.
1110 2527 1186 2561 Ὀρθ.
1203 2526 1301 2552 Ἄκουε
1314 2521 1359 2552 οὖν
1373 2523 1426 2550 τῶν
1439 2522 1500 2558 ἑξῆς
1510 2531 1517 2538 ·
1534 2532 1544 2548 ‹
1560 2522 1696 2559 Ληφθήτω
1709 2520 1800 2556 δὲῌο)

1014 2573 1095 2609 ὓδωρ,
1119 2572 1165 2599 καὶ
1184 2571 1338 2606 νιψάτωσαν
1355 2570 1417 2601 τοὺς
1432 2569 1514 2600 πόδας
1536 2568 1611 2603 ὑμῶν
1622 2577 1629 2584 ·
1654 2568 1701 2595 καὶ
1719 2577 1801 2594 κατα-

1014 2618 1117 2654 ψύξατε
1135 2619 1186 2645 ὑπὸ
1198 2618 1230 2644 τὸ
1242 2617 1357 2653 δένδρον.
1373 2616 1429 2643 Καὶ
1444 2615 1563 2652 λήψομαι
1581 2615 1671 2651 ἄρτον,
1689 2615 1737 2640 καὶ
1750 2614 1801 2648 φά-

1015 2664 1106 2699 γεσθε,
1121 2664 1168 2691 καὶ
1192 2663 1261 2700 μετὰ
1276 2661 1356 2689 τοῦτο
1383 2661 1583 2698 παρελεύσεσθε
1608 2660 1647 2691 εἰς
1666 2657 1717 2694 τὴν
1741 2658 1801 2685 ὁδὸν

211 2745 234 2763 ³⁸
250 2745 328 2773 Joan.
348 2754 375 2777 ν,
389 2745 434 2773 39.
470 2745 491 2761 ¹¹
512 2745 590 2773 Rom.
609 2753 646 2777 XI,
664 2745 708 2773 56.
747 2746 768 2762 "
787 2745 854 2774 Gen.
873 2752 950 2777 xvm,

1012 2743 1034 2771 Ξ.
1071 2742 1094 2760 ⁸³
1113 2739 1179 2770 ibid.
1216 2741 1239 2758 "
1258 2740 1323 2768 ibid.
1335 2739 1363 2768 5.

213 2823 251 2860 (9)
271 2823 300 2852 In
320 2833 386 2852 mss.
403 2824 452 2851 οὐκ
467 2824 553 2853 deest.

1050 2821 1104 2858 (10)
1125 2820 1201 2854 Πεδ..
1211 2820 1254 2855 δή.
1267 2818 1339 2847 Editi
1353 2826 1428 2853 vero,
1444 2818 1480 2845 δέ.
