1926 3067
117 166 189 194 1ἓ17

582 165 626 192 DE
641 165 776 193 SANCTA
793 164 978 195 TRINITATE
992 163 1163 192 DIALOGUS
1182 156 1237 192 Ill.~

1668 162 1737 190 l2l8

116 223 207 259 ὑμῶν,
222 232 252 251 ου
277 223 368 250 ἕνεκεν
381 223 534 256 ἐξεκλίνατε
557 224 625 259 πρὸς
645 224 691 251 τὸν
712 206 795 251 auida
817 224 904 259 ὑμῶν.

958 223 1176 259 quandoquidem
1198 222 1357 251 declinastis
1377 222 1411 250 ad
1430 230 1537 251 servum
1554 226 1686 250 vestrum.
1707 221 1741 249 Et

115 270 173 297 Kal
195 267 270 296 εἷπον
290 269 378 304 αὐτῷ·
402 269 495 302 Οὖτως
508 270 635 305 ποίησον,
651 270 722 298 καθὰ
745 270 869 306 εἴρηκας.
891 280 901 297 ι

115 316 283 351 Γέγραπται,
304 315 320 350 ἢ
335 316 365 342 οὐ
381 315 551 351 γέγραπται;
571 317 649 343 Μακ.
673 316 831 350 Γέγραπται
845 316 902 344 ὅλα.

67 380 70 383 .
121 359 201 394 ὀρθ.
223 361 252 386 Ὀ
264 360 292 387 δὲ
316 361 380 392 παῖς
395 360 506 396 Κυρίου,
524 361 564 388 ὅτι
579 360 634 396 (11)
649 362 713 393 παῖς
735 362 906 398 ὲστινγεῇρηε

115 405 173 437 κὼς
185 405 283 438 αὐτῶν,
300 407 349 441 τὴν
366 407 450 442 αὐτὴν
461 407 607 443 κυριότητα
621 408 708 434 αὐτῶν
719 407 903 443 ὡμολόγησεν.

116 452 185 479 Οὐδὲ
200 451 254 487 γὰρ
269 450 344 479 εἶπεν
356 460 364 468 ⁶
377 451 413 480 Ob
428 453 519 480 ἕνεκεν
536 453 672 486 ὲξέκλινας
683 454 751 490 πρὸς
766 454 905 493 τὸνοπαίδά

117 507 165 524 σου
177 507 183 513 ·
199 498 276 531 ἀλλὰ,
294 508 304 524 ‹
319 498 469 534 ὲξεκλὶνατε
484 499 552 535 πρὸς
565 500 611 526 τὸν
630 500 712 527 παῖδα
728 500 803 536 ὑμῶν
813 509 820 516 ο
842 511 851 527 ι
868 497 904 528 ὧν

116 545 240 577 καὶτοὺς
258 545 340 578 πόδας
359 546 458 581 ὁμοίως
476 546 552 581 νίψαι
569 546 742 574 ἐσπούδασεν.
755 549 831 580 Mdg.
850 548 905 574 Kal

114 591 143 618 τι
152 591 251 618 ἄτοπον
260 592 382 627 ἀγγέλων
395 593 468 627 νίψαι
482 592 580 625 πάδαςς
594 594 648 619 Καὶ
659 593 713 629 γὰρ
720 593 825 619 οὐδέπω
835 593 904 628 ᾔδει,

114 637 158 664 ὅτι
172 639 185 664 ὁ
199 637 263 669 Θεὸς
274 636 307 673 ἦν
319 637 392 673 αὺτῷ
406 638 508 673 ὀφθεὶς,
525 638 581 665 ἀλλ’
598 639 721 674 ἐνόμιζεν
738 639 792 674 (l2)
806 639 904 674 ἄνδρας

117 684 209 717 ξένους
221 683 343 716 ξενίζειν.
363 685 440 719 Ὀρθ.
454 685 559 721 Δῶμεν⁷
575 686 615 712 ὅτι
635 685 759 721 ’Δϐραὰμ
770 685 903 721 ἐνόμιζεν,

115 731 156 763 ὡς
170 728 263 763 εἶπας·
277 732 301 757 οἱ
311 731 420 766 ἄγγελοι
439 731 488 757 οὔκ
503 731 536 758 ἂν
550 729 624 758 εἶπον
636 731 719 767 αὐτῷ,
732 732 774 758 ὅτι
787 732 824 766 μὴ
839 732 904 766 ἡμῖν

118 778 247 814 ἰσοτίμως
261 778 395 814 πρόσεχες
418 777 479 810 Πῶς
491 777 519 804 δὲ
539 778 586 804 καὶ
609 777 730 813 ἐνόμιζεν
744 778 758 803 ὁ
779 775 904 813 Ἀϐραὰμ

115 824 217 860 ἄνδρας
239 823 329 857 ξένους
353 822 477 856 ξενίζειν,
501 825 515 851 ὁ
534 823 624 850 πεσὼν
646 824 692 850 ὲπὶ
710 824 759 858 τὴν
774 825 834 859 γῆν,
857 823 904 850 καὶ

118 871 319 906 προσκυνήσας,
335 871 381 897 καὶ
393 869 559 905 θεασάμενος
569 870 666 902 αὐτοὺς
683 871 774 897 ἐπάνω
791 869 902 903 ὲαυτοῢ;

117 915 196 944 Οὕτω
219 917 273 953 γὰρ
296 917 466 952 γέγραπται,
493 917 533 943 ὅτι
553 926 562 942 ι
586 916 751 951 ’Λναϐλέψας

116 963 264 999 ὀφθαλμοῖς
276 963 356 989 αὑτοῦ
368 961 446 994 εἶδεν,
457 963 504 990 καὶ
522 962 575 990 ἰδοὺ
592 964 666 999 τρεῖς
681 963 775 999 ἄνδρες
789 963 905 998 ἔστησαν

117 1010 211 1037 ἐπάνω
233 1009 324 1042 αὑτοῦ,
346 1020 356 1036 ι
373 1010 432 1045 οὐχ)
445 1010 473 1036 δὲ
489 1009 642 1045 ἔμπροσθεν
656 1009 748 1036 αὑτοῦ.
760 1011 836 1036 Max.
853 1009 905 1036 Οὐ-

116 1055 191 1082 δέπω
206 1054 240 1091 ἦν
262 1056 417 1092 φανερωοὲν
436 1055 520 1091 αὐτῷ,
539 1055 579 1082 ὅτι
598 1056 621 1082 οἱ
641 1056 689 1090 μὲν
700 1055 808 1089 ἄγγελοι
821 1053 903 1090 ἦσαν,

116 1101 131 1127 ὸ
145 1101 174 1127 δὲ
189 1100 264 1132 Θεός.
284 1101 361 1135 Ὀρθ.
376 1101 450 1132 Τέως
464 1099 510 1128 οὖν
529 1101 658 1136 ἰσοτίμως
671 1100 726 1136 (14)
741 1101 837 1133 αὐτοὺς
850 1101 905 1127 ἐδέ-

119 1147 198 1179 ξατο·
215 1156 224 1172 ι
242 1146 377 1173 Ἐσπευσε
393 1146 447 1183 γὰρ
463 1147 588 1183 Ἀϐραὰμ
602 1147 647 1174 ἐπὶ
662 1146 710 1183 τὴν
725 1146 824 1182 σκηνὴν
838 1147 905 1183 πρὸς

118 1194 237 1229 Σάρῤαν,
254 1193 302 1219 καὶ
315 1191 391 1219 εἶπεν
402 1194 470 1230 αὐτῇ
482 1202 489 1209 ο
504 1194 625 1220 Σπεῦσον
641 1193 687 1220 καὶ
709 1193 827 1229 φύρασον
842 1192 905 1229 τρία

120 1239 208 1274 μέτρα
222 1238 396 1274 σεμιδάλεως,
420 1240 466 1266 καὶ
483 1240 595 1276 ποίησον
617 1239 777 1275 ἐγκρυφίας.
797 1239 851 1265 Kal
867 1240 906 1271 εἰς

118 1284 167 1316 τὰς
187 1284 250 1319 βόας
273 1284 388 1320 ἔδραμεν
413 1284 552 1321 Ἀϐραὰμ,
569 1285 616 1311 καὶ
638 1284 732 1311 ἔλαϐεν
759 1285 905 1320 μοσχάριον

119 1330 222 1358 ἁπαλὸν
244 1330 290 1357 καὶ
310 1331 402 1362 καλὸν,
426 1331 471 1358 καὶ
491 1331 589 1357 ἔδωκεν
601 1330 639 1366 τῷ
654 1331 728 1358 παιδὶ
751 1331 843 1363 αὐτοῦ,
859 1331 906 1357 καὶ

119 1376 247 1412 ὲτάχυνεν
254 1376 301 1403 τοῦ
313 1377 423 1413 ποιῆσαι
431 1387 437 1393 ·
453 1377 547 1404 ἔλαϐεν
559 1377 586 1404 δὲ
603 1377 742 1414 βούτυρον,
757 1378 804 1405 καὶ
817 1377 886 1412 γάλα
898 1385 904 1392 ·

119 1423 166 1450 καὶ
181 1423 212 1450 τὸ
227 1424 382 1459 μοσχάριον,
399 1424 413 1450 ὃ
433 1425 555 1461 ἐποίησε,
572 1424 728 1459 παρέθηκεν
743 1424 844 1456 αὐτοῖς,
859 1423 906 1450 καὶ

119 1469 230 1504 ἔφαγον.
253 1470 338 1502 Αὐτὸς
356 1469 385 1496 δὲ
412 1471 589 1506 παρειστήκει
610 1469 699 1501 αὐτοῖς
718 1469 770 1496 ὑπὸ
793 1470 823 1496 τὸ
850 1469 907 1496 δὲν-

118 1516 217 1551 δρον.»
241 1516 438 1552 Γέγραπται,ἢ
460 1516 508 1550 οὖς
531 1518 608 1543 Μακ.
626 1516 689 1544 Ναί.
714 1516 786 1550 Ὀρθ.
808 1515 863 1542 Kal
881 1516 906 1543 οἱ

120 1562 230 1596 ἄγγελοι
251 1563 394 1598 συνήσΘιον
413 1562 452 1598 τῷ
466 1562 535 1598 Θεῷ.
556 1564 632 1590 Μακ.
654 1562 785 1589 Ὀπτασία
801 1559 851 1598 ἦν,
866 1561 905 1589 ὃτι

119 1608 147 1634 δὲ
161 1608 270 1643 ἄγγελοι
282 1606 363 1644 ἦσαν,
378 1609 437 1640 εἰπὲ
453 1608 486 1635 τὰ
501 1607 575 1644 ἑξῆς,
590 1609 637 1635 καὶ
651 1608 786 1644 εὑρήσεις,

159 1739 200 1767 ﬂ.
221 1740 294 1775 Ὀρθ.
309 1740 364 1768 Kal
377 1741 458 1777 ἡμεῖς
476 1741 565 1776 ἴσμεν,
582 1741 623 1768 ὅτι
636 1741 665 1768 ἐν
678 1741 733 1774 τοῖς
750 1741 813 1777 ἑξῆς
825 1741 908 1776 ἀγγέ-

120 1786 182 1818 λους
196 1786 270 1821 λέγει
282 1787 344 1819 τοὺς
356 1787 402 1814 δύο
413 1794 420 1801 '
435 1787 502 1814 ἀλλὰ
512 1786 593 1813 πάλιν
605 1787 634 1814 ἐν
646 1788 702 1819 τοῖς
717 1787 784 1822 μετὰ
796 1787 830 1814 τὰ
843 1787 907 1823 ἑξῆς

120 1832 222 1868 Κύριον
236 1834 334 1865 αὐτοὺς
348 1834 365 1868 ἡ
384 1832 478 1869 Γραφὴ
498 1833 583 1860 καλεῖ.
598 1832 682 1868 Δῆλον
695 1834 758 1869 γὰρ,
779 1834 819 1860 ὅτι
836 1834 882 1860 καὶ
893 1834 908 1860 ὁ

121 1879 184 1911 Υἱὸς
202 1878 316 1913 ἄγγελος
339 1878 468 1914 κέκληται
485 1880 531 1906 καὶ
549 1879 578 1905 τὺ
593 1878 707 1915 Πνεῦμα
723 1880 753 1906 οὔ
770 1879 849 1915 μόνον
864 1880 907 1906 ἐν-

120 1925 217 1958 ταῦθα,
231 1925 299 1952 ἀλλὰ
319 1926 367 1952 καὶ
391 1925 420 1952 ὲν
442 1925 540 1958 ἄλλοις.
563 1926 641 1953 Ἀλλὰ
665 1926 778 1961 ἄγγελος
799 1926 907 1961 λέγεται

120 1972 358 2008 καταχρηστικῶς,
374 1972 412 2004 ὡς
424 1973 452 1999 ὲν
468 1972 634 2008 Εὑαγγελίῳ,
646 1973 709 2000 ὅταν
721 1973 788 2010 λέγῃ
798 1982 804 1988 ·
822 1982 832 1999 ‹
849 1973 909 2000 'Av-

122 2019 229 2054 θρωπός
245 2027 288 2050 τις
298 2019 445 2053 ἐφύτευσεν
467 2018 625 2054 ἀμπελῶνα,
642 2020 689 2046 καὶ
703 2018 809 2052 ἐξέδοτο
827 2019 908 2046 αὑτὸν

120 2063 270 2101 γεωργοῖς·
290 2074 299 2090 ›
316 2062 377 2091 εἶτα
398 2064 466 2100 μετὰ
488 2065 575 2092 ταῦτα
594 2064 684 2100 λέγει·
705 2074 714 2090 ι
740 2065 908 2092 Ἀπέστειλεν

121 2112 185 2143 τοὺς
205 2110 314 2142 δούλους
336 2111 428 2143 αὑτοῦ,
444 2111 490 2137 καὶ
504 2111 571 2146 μετὰ
593 2111 656 2143 τοὺς
676 2110 784 2143 δούλους
800 2111 857 2144 ἕνα,
878 2111 908 2138 ὃν

122 2157 204 2194 εἶχεν,
221 2158 292 2185 υἱόν·
312 2167 322 2184 ι
337 2157 413 2193 δῆλον
427 2158 468 2184 ὅτι
480 2157 526 2184 τὸν
542 2157 653 2193 Πατέρα
665 2156 738 2192 λέγει
755 2156 906 2193 ἄνθρωπον.

122 2205 176 2231 Καὶ
193 2204 224 2231 τὸ
239 2204 305 2239 (15),
325 2213 334 2229 ι
351 2202 511 2239 Ἄνθρωπός
532 2211 574 2234 τις
586 2203 672 2230 ἐποίει
684 2203 788 2238 γάμους
800 2202 839 2238 τῷ
858 2202 908 2238 υἱῷ

773 917 827 952 (15)
850 918 905 949 τοῖς
921 907 941 934 Β

919 1583 940 1612 C

956 269 1085 297 dixerunt
1105 270 1146 296 ei:
1166 269 1204 296 lta
1230 268 1332 301 facito,
1359 272 1389 295 ut
1415 268 1508 296 dixisti
1528 269 1562 296 ".
1587 277 1596 294 θ
1619 268 1741 296 lloecine

956 315 1087 350 scriptum
1101 320 1154 348 est,
1174 323 1209 343 an
1226 316 1298 342 non?
1321 314 1425 342 Maced.
1447 314 1544 341 Omnia
1562 315 1619 341 haec
1636 314 1739 349 Scripta

956 365 1029 389 sunt.
1046 361 1122 389 Ort/t.
1148 361 1248 389 Servus
1272 365 1361 388 autetn
1377 360 1494 393 Domini,
1509 368 1570 387 cum
1590 368 1619 387 se
1637 359 1741 387 diceret

956 414 1048 434 eorum
1067 415 1186 439 servum,
1201 407 1325 434 eumdem
1345 407 1425 434 trimn
1447 407 1615 434 dominatum
1634 405 1740 441 profes-

956 461 1003 480 sus
1019 457 1070 480 est.
1092 452 1185 488 Neque
1207 453 1279 480 enim
1296 453 1365 481 dixit
1383 463 1389 481 :
1407 453 1633 486 Quandoquidem
1655 454 1740 482 decli-

955 498 1027 526 nasti
1047 498 1080 525 ad
1101 506 1209 525 servum
1230 502 1320 530 tuutn,
1335 499 1382 526 sed
1409 508 1417 524 ι
1441 499 1600 527 declinastis
1623 499 1657 527 ad
1681 508 1740 527 ser-

955 552 1018 571 vqu
1032 549 1163 578 vestrum,
1181 555 1189 571 ι
1203 553 1318 580 quortun
1335 546 1415 573 etiam
1431 547 1513 581 pedes
1526 548 1616 574 lavare
1625 548 1739 575 studuit.

955 590 1060 618 Maced.
1077 590 1147 624 Quid
1162 599 1226 619 vero
1247 591 1359 619 absurdi
1383 596 1425 619 est
1449 593 1475 619 in
1498 600 1541 624 co,
1565 593 1638 628 quod
1656 601 1740 629 auge-

955 637 1042 665 lorum
1061 638 1142 672 pedes
1156 637 1236 664 lavit?
1249 636 1304 664 Nec
1328 637 1400 664 enim
1421 638 1511 666 adhuc
1529 645 1642 667 noverat
1656 640 1740 667 Deum

955 683 1007 711 sibi
1025 684 1194 718 apparuisse,
1218 683 1265 711 sed
1289 684 1400 719 putabat
1420 692 1450 711 se
1471 690 1614 721 extraneos
1634 687 1741 722 aliquos

955 730 1029 757 viros
1046 730 1165 765 hospitio
1178 730 1314 766 excipere.
1333 729 1410 759 Ortlt.
1428 730 1531 759 Demus
1551 732 1688 759 Abraham
1704 733 1741 760 ita

954 777 1137 808 existimasse,
1155 781 1184 803 ut
1196 782 1223 803 tu
1237 777 1306 805 dicis
1323 785 1330 803 :
1345 784 1435 804 annon
1450 778 1474 805 ei
1493 778 1627 806 dixissent
1641 779 1740 814 angeli,

954 829 989 849 ne
1008 829 1058 850 nos
1078 823 1136 858 pari
1152 830 1184 849 ac
1201 822 1282 849 istum
1299 822 1403 850 honore
1418 822 1535 851 allicias?
1556 823 1589 850 Et
1606 825 1742 859 quomodo

954 868 1091 895 Abraham
1114 869 1282 897 existimavit
1303 873 1450 897 extraneos
1478 870 1603 898 homines
1617 878 1632 898 a
1648 879 1677 899 se
1695 873 1743 899 ho-

956 914 1036 950 spitio
1050 914 1150 949 excipi,
1165 906 1212 949 qui
1229 918 1382 949 prostratus
1398 915 1424 941 in
1439 919 1539 942 terram
1557 916 1692 949 adoravit,
1714 920 1743 944 et

954 967 1002 986 eos
1020 966 1101 994 supra
1116 966 1145 987 se
1156 960 1242 986 vidit?
1255 959 1301 987 Sic
1315 961 1386 987 enim
1399 961 1531 995 scriptum
1545 965 1586 989 est
1607 971 1614 989 :
1641 972 1650 988 ι
1676 962 1743 990 Sub-

954 1005 1016 1032 lzttis
1036 1005 1123 1032 octtlis
1144 1005 1280 1040 respexit,
1296 1010 1323 1033 et
1339 1013 1404 1034 ecce
1420 1010 1476 1034 tres
1491 1007 1541 1035 viri
1555 1016 1638 1043 super
1651 1009 1741 1044 ipsum

957 1055 1103 1082 steterunt,
1124 1061 1133 1077 ›
1154 1060 1209 1079 non
1226 1057 1328 1086 autem,
1349 1060 1441 1081 coram
1461 1054 1531 1089 ipso.
1547 1053 1653 1082 Maced.
1669 1054 1743 1083 Non-

954 1096 1019 1122 dum
1047 1100 1107 1123 erat
1131 1097 1156 1124 ei
1181 1097 1358 1132 patefactum,
1387 1098 1455 1126 i5tos
1476 1099 1587 1134 quidem
1617 1101 1740 1134 angelos,

955 1141 1029 1168 illum
1042 1150 1107 1170 vero
1121 1141 1205 1170 Deum
1226 1151 1298 1170 esse.
1322 1142 1398 1171 Ortlt.
1416 1144 1493 1171 Tunc
1510 1145 1594 1180 igitur
1617 1153 1664 1173 eos
1684 1148 1742 1181 pari

955 1190 1059 1217 honore
1079 1190 1186 1225 excepit
1204 1200 1210 1217 :
1228 1199 1237 1216 ι
1259 1189 1408 1218 Festinavit
1424 1191 1495 1218 enim
1509 1191 1644 1219 Abraham
1660 1192 1686 1220 in
1702 1196 1743 1220 ta-

955 1235 1132 1263 bernaculum
1156 1235 1190 1262 ad
1215 1235 1328 1268 Saram,
1350 1239 1377 1263 et
1401 1236 1469 1263 dixit
1495 1237 1520 1264 ei
1545 1244 1552 1263 :
1578 1236 1689 1264 Festina
1715 1242 1743 1265 et

956 1281 1056 1316 pinsito
1075 1285 1131 1309 tres
1147 1281 1244 1309 simila:
1262 1290 1417 1315 mensuras,
1436 1286 1463 1310 et
1479 1282 1524 1310 [ac
1545 1283 1743 1312 subcinericios

955 1335 1050 1362 panes.
1078 1326 1179 1355 Deinde
1204 1328 1238 1355 ad
1265 1333 1418 1356 armentum
1445 1329 1567 1356 cucurrit
1594 1329 1743 1363 Abraham,

957 1378 1155 1408 acceptumque
1178 1373 1294 1400 vitulum
1323 1379 1445 1401 tenerum
1470 1378 1497 1401 et
1524 1374 1645 1408 opimum
1669 1375 1745 1403 dedit

957 1426 1037 1446 servo
1054 1427 1117 1449 suo.
1131 1419 1178 1454 qui
1194 1420 1349 1455 properavit
1364 1423 1393 1446 ut
1413 1421 1513 1448 faceret
1529 1428 1536 1446 :
1550 1425 1745 1456 acceptumque

956 1465 1084 1501 butyrum
1107 1470 1133 1494 et
1159 1466 1217 1499 lac,
1246 1470 1273 1494 et
1297 1474 1378 1501 quem
1404 1471 1604 1502 praeparaverat
1630 1467 1744 1494 vitulum

957 1512 1024 1547 ipsis
1040 1512 1175 1546 appetiuit,
1196 1512 1241 1547 qui
1261 1512 1439 1540 comederunt
1455 1521 1461 1539 :
1482 1513 1540 1547 ipse
1553 1519 1618 1540 vero
1635 1513 1745 1540 astabat

957 1558 997 1584 eis
1012 1557 1063 1584 sub
1079 1557 1177 1584 arbore
1193 1557 1225 1584 “.
1245 1567 1255 1583 ι
1273 1556 1398 1585 Hzeceine
1411 1558 1513 1593 scripta
1533 1561 1608 1591 sunt,
1626 1565 1660 1584 an
1673 1558 1746 1586 non?

956 1601 1061 1630 Maced.
1098 1602 1196 1630 Etiam.
1226 1602 1303 1630 ονιΙι.
1334 1602 1368 1629 Et
1397 1603 1486 1638 angeli
1513 1610 1567 1630 una
1597 1611 1659 1630 ettm
1690 1603 1745 1632 Deo

955 1648 1150 1676 comederunt?
1174 1647 1279 1675 Maced.
1301 1647 1377 1675 Visio
1399 1652 1458 1676 erat
1487 1657 1494 1676 :
1518 1649 1630 1684 angelos
1653 1652 1744 1677 autent

956 1692 1051 1725 fuisse.
1064 1694 1120 1729 lege
1133 1701 1193 1729 qua:
1206 1697 1368 1728 sequuntur,
1382 1697 1410 1720 et
1425 1694 1558 1722 invenies.

994 1739 1036 1767 11.
1058 1739 1135 1767 Orth.
1169 1739 1203 1767 Et
1222 1747 1274 1768 nos
1303 1747 1412 1775 quoque
1437 1741 1564 1768 novimus
1588 1741 1649 1768 illos
1676 1741 1745 1770 duos

957 1791 1051 1823 postea
1070 1787 1181 1822 angelos
1199 1787 1253 1814 diei
1266 1806 1273 1818 ,
1291 1787 1338 1815 sed
1358 1795 1470 1815 rursum
1490 1795 1538 1816 eos
1557 1792 1651 1823 postea
1670 1788 1746 1816 Scri-

957 1838 1037 1870 ptura
1068 1832 1213 1861 Dominum
1239 1835 1367 1870 appellat.
1392 1833 1463 1862 Filio
1488 1842 1553 1862 vero
1577 1839 1604 1863 et
1630 1834 1744 1870 Spiritui

957 1884 1065 1908 constat
1084 1881 1171 1916 angeli
1194 1889 1293 1909 nomen
1317 1880 1412 1914 tribui,
1438 1888 1494 1909 non
1520 1881 1573 1908 hoc
1597 1882 1658 1909 loco
1679 1882 1747 1910 dun-

959 1930 1044 1958 taxat,
1061 1934 1156 1954 verunt
1179 1927 1260 1955 etiam
1280 1927 1353 1955 alibi.
1380 1927 1433 1955 Sed
1463 1927 1575 1963 angelus
1599 1928 1747 1964 improprie

957 1979 1071 2000 vocatur
1088 1983 1095 2001 :
1113 1973 1196 2001 veluti
1220 1981 1281 2001 cum
1299 1974 1326 2001 iu
1351 1973 1497 2010 Evangelia
1518 1975 1585 2003 dicit
1602 1984 1609 2003 :
1631 1984 1640 2001 ι
1660 1975 1747 2003 llomo

958 2019 1068 2054 quidam
1094 2020 1226 2055 plantavit
1251 2021 1379 2053 vineam,
1403 2024 1430 2048 et
1457 2021 1558 2048 locavit
1584 2029 1644 2049 eam
1673 2022 1746 2057 agri—

958 2066 1028 2094 colis
1043 2066 1065 2082 ⁸⁷
1081 2074 1090 2099 ;
1111 2075 1121 2092 ι
1140 2071 1167 2093 et
1189 2071 1284 2102 postea
1299 2067 1410 2102 inquit:
1430 2076 1439 2093 ι
1461 2066 1535 2094 Misit
1553 2075 1648 2095 servos
1667 2074 1745 2099 suos.

958 2116 985 2140 et
999 2116 1060 2148 post
1081 2120 1175 2141 servos
1190 2113 1292 2145 lilium,
1310 2120 1391 2148 quem
1410 2113 1524 2140 unicum
1542 2113 1660 2140 habebat
1680 2113 1713 2144 ⁸⁸,
1733 2123 1744 2139 ι

959 2158 1044 2194 liquet
1058 2157 1165 2186 Patrem
1179 2159 1214 2186 ab
1227 2166 1260 2186 eo
1275 2158 1328 2186 dici
1341 2158 1491 2187 hominem.
1507 2158 1540 2186 Et
1556 2166 1618 2186 cum
1634 2159 1722 2196 inquit
1737 2169 1745 2187 :

963 2215 972 2231 ι
990 2205 1077 2233 llomo
1090 2205 1202 2242 quidam
1217 2205 1283 2233 fecit
1296 2205 1407 2240 nuptias
1420 2205 1475 2232 ﬁlio
1487 2213 1537 2233 suo
1548 2205 1582 2237 θ’,
1602 2215 1611 2232 ι
1629 2206 1665 2234 ibi
1676 2214 1747 2242 quo-

122 2251 218 2278 αὑτοῦ·
238 2260 248 2277 ι
262 2251 310 2277 καὶ
326 2249 442 2277 ἐνταῦθα
457 2249 485 2276 δὲ
503 2248 586 2285 ἄνδρα
604 2249 684 2277 αὑτὸν
701 2249 790 2284 λέγει·
807 2249 874 2277 ἀλλὰ
889 2251 906 2285 ὴ

959 2258 1012 2285 que
1043 2250 1182 2278 hominem
1205 2258 1267 2278 eum
1291 2255 1389 2284 vacat;
1422 2251 1470 2278 sed
1498 2259 1566 2279 usus
1595 2250 1744 2287 Scriptum

123 2297 296 2332 πραγματεία
312 2296 362 2332 τῆς
375 2295 486 2332 Γραφῆς
503 2295 568 2323 Θεὸν
586 2296 666 2323 αὑτὸν
684 2296 827 2324 δείκνυσιν.
845 2296 907 2323 Ὅτι

121 2343 150 2370 δὲ
166 2343 343 2378 φανερώτατα
357 2339 397 2374 εἷς
414 2341 468 2368 τῶν
482 2341 528 2368 δύο
542 2341 665 2376 ἀγγέλων
682 2342 697 2368 ὁ
709 2341 772 2374 Υἱὸς
782 2339 826 2377 ἦν,
838 2341 908 2378 αὑτὴ

122 2390 139 2425 ἠ
155 2389 250 2426 Γραφὴ
264 2389 390 2422 ἐδίδαξεν.
404 2390 482 2416 Μακ.
509 2388 589 2421 Ili-3;;
617 2388 692 2422 Ὀρθ.
711 2388 788 2415 Μετὰ
803 2388 857 2424 γὰρ
877 2389 908 2416 τὸ

123 2436 219 2470 φαγεῖν
230 2435 327 2467 αὐτοὺς
340 2434 386 2461 καὶ
403 2433 581 2470 εὖλογηθῆναι
591 2433 636 2460 τὸν
656 2433 790 2469 Ἀϐραὰμ,
803 2435 849 2461 καὶ
859 2434 908 2470 τὴν

123 2480 169 2507 τοῦ
188 2480 278 2507 Ἰσαὰκ
295 2480 386 2508 λαϐεῖν
408 2480 489 2508 αὑτὸν
512 2479 687 2514 ἐπαγγελίαν,
703 2479 788 2511 οὕτως
806 2480 908 2516 γέγρα-

123 2536 199 2559 πται,
209 2536 256 2554 και
269 2527 316 2554 ἑὰν
328 2526 554 2563 μακροθυμήσῃς,
567 2526 647 2560 λέγω.
657 2528 732 2554 Μακ.
742 2526 819 2554 Εἰπέ.
834 2527 907 2561 Ὀρθ.

125 2583 135 2600 ι
155 2575 210 2602 Καὶ
223 2576 237 2602 ὁ
257 2574 359 2610 Κύριος
378 2571 453 2601 εἶπεν
465 2581 471 2588 ’
486 2574 523 2601 οὐ
542 2573 580 2609 μὴ
600 2572 696 2609 κρύψω
714 2572 768 2600 ἀπὸ
787 2572 910 2608 Ἀϐραὰμ

157 2652 180 2669 ⁸³
200 2651 359 2683 ϐεη.ινιιι,
377 2651 405 2684 4,
424 2650 451 2678 5.
488 2651 512 2667 ⁸⁸
529 2650 594 2679 ibid.
611 2650 671 2679 6-8.
708 2650 731 2667 "
751 2649 817 2678 Luc.
835 2658 881 2683 xx,
899 2651 926 2679 9.

159 2732 214 2770 (11)
232 2733 294 2760 Ὀτι
309 2734 411 2761 abesta
430 2732 488 2761 Pal.
505 2731 607 2760 Ibidem
625 2731 832 2768 mss.,stpr,xtbg
845 2731 908 2758 ἐαυ-

124 2769 215 2839 τόὶξὴ)
230 2803 328 2836 Palat.,
344 2803 480 2839 ἐνόμισεν.

174 2804 215 2838 l2)
230 2804 328 2836 Palat.,
344 2804 480 2839 ἐνόμισεν.

157 2804 213 2874 (15)
228 2839 327 2872 Palat.,
340 2839 380 2866 ὅτι
397 2839 441 2866 καὶ
466 2838 595 2866 ὰναδλ....

618 2839 665 2866 καὶ
692 2837 746 2865 ἰδοὺ
767 2838 842 2874 τρεῖς
855 2838 906 2865 ἄγ-

124 2874 206 2911 γελοι.
895 2888 899 2892 .

959 2298 1034 2325 hunc
1047 2305 1108 2325 esse
1123 2296 1209 2324 Deum
1225 2297 1407 2325 demonstrat.
1424 2296 1566 2332 Scriptura
1582 2305 1645 2325 vero
1658 2298 1745 2325 mani-

960 2343 1109 2371 festissime
1137 2342 1228 2375 docet,
1254 2351 1339 2370 unum
1366 2351 1399 2370 ex
1427 2343 1470 2370 his
1503 2343 1611 2371 duobus
1641 2344 1748 2378 angelis

961 2389 1046 2416 fuisse
1067 2388 1176 2416 Filium.
1197 2388 1302 2416 Maced.
1317 2388 1479 2422 Quomodo?
1492 2388 1569 2416 Ortll.’
1584 2389 1651 2416 Nam
1671 2394 1745 2424 post-

960 2443 1041 2471 quam
1054 2435 1250 2468 comedissent,
1264 2440 1291 2463 et
1303 2435 1465 2463 benedictus
1483 2435 1581 2464 fuisset
1594 2436 1746 2467 Abraham.

960 2485 1073 2515 accepta
1095 2481 1171 2508 lsaac
1197 2481 1395 2515 promissione,
1418 2481 1455 2508 ita
1480 2482 1613 2516 scriptum
1633 2485 1692 2514 est,
1718 2485 1745 2508 ct

959 2526 1061 2560 dicant,
1083 2527 1105 2554 si
1127 2526 1208 2554 modo
1228 2532 1377 2556 sustineas.
1394 2526 1498 2554 Maced.
1514 2527 1572 2554 Die.
1590 2527 1666 2555 Ortli.
1686 2536 1696 2553 ι
1714 2527 1745 2554 Et

960 2572 1094 2601 Dominus
1121 2573 1190 2602 dixit
1216 2583 1223 2602 :
1252 2573 1313 2602 Non
1347 2574 1442 2602 celabo
1467 2574 1605 2602 Abraham
1634 2581 1745 2603 servum

967 2651 991 2667 ⁸⁸
1010 2651 1076 2680 ibid.
1095 2651 1188 2680 l0-l3.
1227 2653 1250 2669 "
1271 2652 1366 2680 Matth.
1385 2660 1453 2687 nu,
1470 2652 1498 2680 2.

997 2730 1053 2766 (14)
1070 2730 1141 2759 Edit.
1155 2731 1296 2766 Stephan.,
1315 2731 1462 2766 ἰσοτίμους.
1477 2730 1537 2759 Mox
1553 2735 1614 2766 post
1627 2729 1745 2764 ἐδέξατο.

962 2766 989 2794 in
1001 2767 1083 2795 editis
1100 2768 1207 2803 legitur,
1227 2767 1320 2803 ὥσπερ
1335 2767 1500 2803 γέγραπται,
1520 2774 1580 2803 qua
1600 2767 1700 2795 desunt
1718 2768 1746 2793 in

961 2809 1027 2829 mss.

997 2837 1053 2874 (15)
1069 2837 1106 2864 Τό
1116 2838 1191 2866 deest
1202 2838 1230 2865 in
1246 2835 1371 2866 Palatino
