1926 3067
200 148 266 176 1219

772 149 800 176 S.
821 148 1050 177 ATHANASIUS.
1071 164 1103 169 —
1124 148 1260 176 SPURIA.

1737 148 1814 175 ιῑςο

200 212 300 237 luerim,
314 213 374 239 quze
386 213 435 240 ego
448 213 507 233 sum
522 204 655 234 facturus.
668 206 805 234 Abraham
825 212 914 234 autem
931 206 976 233 ﬁet

1030 206 1071 233 ιοῦ
1095 206 1188 238 παιδός
1205 215 1266 242 μου.
1281 206 1300 234 ἃ.
1319 206 1407 242 μέλλω
1428 207 1514 233 ποιεῖν
1538 206 1602 239 ἐγώ.
1638 205 1763 241 Ἀϐραὰμ
1779 205 1813 233 δὲ

201 251 227 277 in
242 256 348 286 gentem
364 259 488 286 magnam
503 254 531 278 et
544 252 694 287 copiosam,
710 257 738 279 et
761 252 788 279 in
811 260 845 280 eo
864 253 977 280 benedi-

199 301 296 324 cenqu
311 305 404 324 omnes
429 302 507 325 terra:
522 299 646 326 nationes
674 309 681 326 :
703 308 713 325 ι
738 303 765 326 et
785 299 865 333 paulo
884 303 945 334 post
970 309 975 325 :

201 351 212 367 ‹
234 341 304 368 Dixit
328 347 419 368 autem
436 342 566 370 Dominus
588 353 595 370 :
616 343 724 370 Clamor
749 343 929 370 Sodomorum
952 348 980 371 et

199 386 357 414 Gomorrhm
378 388 514 415 increbuit
540 389 573 416 ad
596 397 650 422 me,
671 393 698 416 et
720 390 842 424 ipsorum
866 394 978 424 peccata

199 438 263 460 sunt
277 441 374 468 magna
390 435 476 462 valde.
491 435 570 471 M7
587 435 759 463 Descendens
772 436 855 470 igitur
869 435 977 468 videbo,

200 486 264 505 num
279 480 428 507 secundum
444 482 589 508 clamorem
604 482 724 516 ipsorum
741 482 787 516 qui
802 481 835 508 ad
851 489 893 509 me
905 482 978 508 vertit

200 526 354 560 compleant.
375 535 382 553 ι
408 527 450 553 sin
473 535 552 554 secus
573 532 624 558 est,
647 531 676 553 ut
697 527 792 554 sciam.
810 527 842 554 Et
863 527 977 561 digressi

201 571 264 598 inde
277 572 329 598 viri
346 577 480 599 venerunt.
496 572 614 599 Sodoma
636 583 642 600 ε
661 573 794 599 Abraham
811 581 876 600 vero
890 573 978 600 stabat.

200 625 292 644 coram
319 618 443 650 Domino,
473 623 500 645 et
525 619 747 654 appropinquans
778 620 846 646 dixit
877 630 883 647 :
909 619 978 646 Num

201 662 410 697 perdesjustum
428 671 481 690 una
502 672 563 691 cum
587 665 687 700 impio,
705 669 731 692 et
757 666 809 693 erit
836 665 927 700 justus
949 670 979 692 ut

202 707 322 742 impius?
338 708 365 735 Si
386 708 486 736 fuerint
502 710 527 736 in
549 710 615 737 urbe
636 711 829 746 quinquaginta
849 711 929 746 justi,
943 719 978 738 an

201 762 249 781 eos
267 756 374 789 perdes,
393 763 482 790 neque
496 757 545 784 loli
568 757 628 784 loco
645 757 764 783 remittes
780 761 888 791 propter
904 757 979 791 quin-

201 801 330 834 quaginta
351 801 451 835 justus,
470 801 494 828 si
513 802 540 828 in
562 802 629 829 urbe
651 801 771 829 fuerint?
786 802 862 829 Absit
882 807 912 829 ut
927 802 978 829 hoc

201 853 277 880 agas,
302 852 330 874 ut
349 847 452 881 justum
473 855 535 875 cum
561 847 644 883 impio
668 848 825 880 interiicias,
842 852 869 875 et
887 848 976 883 justus

200 895 253 921 erit
279 898 308 920 ut
333 894 448 929 impius!
473 895 562 922 absit!
587 896 627 922 An
649 895 696 930 qui
716 895 799 929 judex
825 899 866 922 est
895 895 978 923 totius

201 943 290 971 terrm,
308 947 361 966 non
377 940 526 974 judicabit?
541 939 613 967 Dixit
628 945 717 968 autem
733 939 865 967 Dominus
883 949 889 966 ε
906 939 935 967 Si
951 940 977 967 in

202 985 328 1013 Sodomis
343 986 472 1013 invenero
485 987 511 1012 in
524 987 591 1014 urbe
606 986 801 1021 quinquaginta
813 985 910 1020 justos,
927 986 978 1012 toti

203 1031 265 1059 loco
287 1032 423 1059 remittam
438 1033 465 1059 in
480 1040 574 1060 eorum
590 1032 702 1067 gratiam
717 1032 751 1059 ".
770 1041 780 1058 ι
796 1031 829 1058 Ει
845 1032 881 1058 ita
894 1032 980 1058 Abra-

203 1078 266 1106 liam
288 1079 430 1106 subductis
442 1079 561 1114 quinque
572 1099 579 1111 ,
595 1083 622 1106 et
638 1087 747 1106 rursum
769 1079 904 1114 quinque,
919 1086 980 1113 per-

201 1125 274 1151 venit
289 1132 375 1157 usque
391 1123 423 1149 ad
436 1125 530 1151 decem
548 1133 554 1150 :
572 1132 582 1148 ι
599 1123 724 1159 Dixitque
736 1123 807 1152 Deus
823 1133 829 1151 :
844 1123 903 1150 Non
917 1130 977 1157 per-

206 1169 267 1196 dam
286 1170 311 1196 in
327 1170 441 1204 gratiam
458 1170 550 1196 decem
566 1170 678 1197 istorum
697 1179 703 1196 :
719 1174 745 1197 et
759 1170 825 1197 abiit
838 1169 979 1201 Dominus,

202 1218 345 1248 postquam
361 1214 486 1240 desiisset
506 1214 578 1249 loqui
595 1215 627 1241 ad
651 1215 785 1242 Abraham
811 1224 818 1242 ε
844 1215 978 1242 Abraham

202 1268 310 1294 quoque
326 1258 404 1285 rediit
420 1259 530 1286 domum
547 1267 623 1287 suam
639 1261 673 1287 ⁵³⁸.
691 1270 700 1286 ι

239 1305 282 1333 12,
311 1305 413 1332 Μαεειι.
446 1305 493 1332 Dic
527 1313 587 1340 qua:
610 1313 673 1333 mox
703 1310 866 1341 sequuntur.
903 1307 978 1335 Orth.

207 1360 216 1376 ι
234 1351 373 1378 Venerunt
389 1356 478 1378 autem
495 1351 596 1378 duoilli
608 1351 694 1386 angeli
708 1352 838 1380 Sodoma.
850 1362 858 1378 ι
874 1351 978 1380 Maced.

203 1396 287 1423 Audis
302 1396 370 1423 duos
386 1396 446 1423 illos
461 1396 545 1424 fuisse
566 1397 692 1431 angelos?
715 1397 794 1424 Ortlt.
811 1398 896 1426 Antea
911 1398 978 1431 dixi,

203 1443 275 1470 sicut
290 1442 430 1477 Scriptura
446 1442 514 1470 duos
530 1443 591 1471 illos
606 1443 713 1470 vocavit
726 1443 809 1476 viros,
825 1444 871 1479 qui
886 1448 976 1472 tamen

202 1488 253 1515 viri
272 1494 370 1515 natura
389 1497 444 1515 non
461 1494 548 1522 erant,
566 1490 605 1516 sic
622 1491 704 1517 etiam
718 1489 778 1517 illos
794 1490 866 1525 ipsos
885 1499 981 1519 vocare

203 1534 323 1568 angelus,
348 1535 394 1568 qui
412 1533 498 1568 angeli
511 1538 608 1560 natura
625 1541 678 1560 non
690 1538 779 1566 erant,
795 1534 875 1568 idque
886 1534 982 1570 impro-

203 1580 273 1616 prie,
289 1587 321 1605 eo
336 1579 408 1614 quod
424 1579 470 1606 Dei
485 1579 628 1606 consilium
645 1581 813 1606 nuntiarent.
829 1579 979 1608 Audiamus

203 1629 293 1652 autem
309 1633 368 1660 qua:
384 1631 544 1660 sequuntur.
558 1624 642 1659 Magis
654 1625 726 1652 enim
738 1632 753 1651 ει
767 1625 846 1652 ruina
862 1625 981 1653 civitatis

203 1671 355 1698 erudimur.
376 1669 481 1698 Maced.
507 1670 564 1697 Dic.
587 1669 664 1698 ΟιιΙι.
695 1680 704 1696 ι
730 1669 868 1698 Venerunt
891 1675 980 1699 autem

202 1716 258 1743 duo
280 1716 318 1743 illi
344 1716 431 1751 angeli
454 1715 570 1743 Sodoma
593 1723 721 1750 vespere,
746 1715 816 1743 Loth
835 1720 924 1743 autem
947 1716 982 1743 ad

204 1768 310 1798 portam
325 1761 505 1788 Sodomorum
529 1761 655 1793 sedebat,
669 1762 716 1795 qui
733 1769 782 1790 eos
796 1762 980 1798 conspicatus,

204 1808 324 1834 occurrit
337 1807 403 1842 ipsis
418 1807 544 1840 obviam,
558 1811 584 1833 et
599 1807 668 1834 facie
683 1808 710 1834 in
727 1812 826 1835 terram
846 1812 982 1843 prostrata

203 1853 335 1883 adoravit.
357 1853 478 1888 dixitque
501 1862 508 1880 :
526 1853 607 1884 Ecce,
624 1853 736 1886 domini,
759 1853 933 1881 diversamiui
953 1853 982 1880 in

204 1900 314 1925 domum
327 1899 398 1926 servi
415 1899 508 1931 vestri,
520 1903 546 1926 et
561 1903 728 1934 pernoctate,
741 1903 768 1926 et
785 1899 885 1926 abluite
899 1898 982 1934 pedes

203 1948 319 1976 vestros,
340 1947 367 1971 et
384 1943 503 1971 diluculo
523 1945 672 1978 experrecti
694 1945 811 1980 pergetis
832 1949 922 1974 vestro
941 1945 982 1972 iti-

203 1996 268 2015 nere
289 1989 323 2014 ν’.
340 1997 349 2014 ι
364 1988 459 2021 Audis,
481 1988 554 2023 quod
571 1997 618 2016 eos
637 1989 801 2021 adoravcrit,
819 1994 845 2018 et
858 1990 982 2017 dominos

204 2034 332 2068 appellet,
344 2037 370 2061 et
381 2041 473 2061 eorum
492 2041 599 2061 servum
611 2042 671 2062 sese
686 2035 862 2070 profiteatur?
877 2035 982 2064 Maced.

211 2079 327 2106 Putabat
337 2088 383 2107 eos
399 2088 459 2107 esse
472 2080 604 2112 homines,
620 2084 657 2112 et,
673 2088 733 2108 cum
746 2081 884 2116 hospitalis
900 2086 982 2114 esset,

883 2127 936 2155 Sed
959 2127 982 2155 si

697 2183 706 2198 ι
737 2172 879 2212 Dominum
900 2173 983 2200 Deum

993 889 1014 916 Β

994 1558 1014 1586 C

204 2125 328 2152 adoravit
349 2133 408 2154 eos.
431 2130 457 2153 et
480 2126 606 2153 dominos
629 2127 745 2154 vocavit.
775 2126 852 2154 Ortlt.

205 2171 320 2199 fuissent
342 2172 441 2207 angeli,
464 2172 596 2199 dixissent
615 2173 639 2200 ei
661 2180 668 2199 :

1027 252 1169 287 γενόμενος
1180 253 1255 279 ἔσται
1266 253 1304 284 εἰς
1317 252 1392 285 ἔθνος
1407 252 1477 287 μέγα
1488 252 1534 278 καὶ
1548 243 1626 284 πολὺ,
1641 251 1688 278 καὶ
1703 251 1815 278 ἐνευλο-

1027 298 1190 334 γηθὴσονται
1202 299 1230 325 ἐν
1246 298 1318 333 αὐτῷ
1336 298 1424 325 πάντα
1440 299 1473 325 τὰ
1492 298 1554 334 ἔθνη
1569 299 1619 334 τῆς
1635 298 1703 332 γῆς·
1725 307 1735 324 ι
1749 296 1814 325 εἶτα

1029 347 1088 380 μετ’
1103 345 1190 379 ὀλίγα·
1207 354 1216 370 ι
1229 342 1295 372 Eia-2
1310 345 1338 371 δὲ
1351 346 1365 371 ὁ
1381 345 1490 381 Κύριος·
1501 345 1615 380 Κραυγὴ
1628 345 1750 380 Σοδόμων
1762 345 1814 372 καὶ

1028 390 1167 426 Γομόρρας
1181 391 1364 426 πεπλήθυνται
1378 392 1447 426 πρὶς
1463 391 1506 426 μὲ,
1522 392 1568 419 καὶ
1578 393 1605 418 αἱ
1618 392 1749 428 ἁμαρτίαι
1765 393 1814 419 αὖ·

1027 435 1081 462 τῶν
1098 436 1212 471 μεγάλαι
1230 436 1340 471 σφόδρα.
1359 436 1487 468 Καταὸἀς
1502 435 1548 464 οὖν
1565 437 1675 472 ὀψομαι,
1689 438 1714 464 ει
1737 437 1812 464 κατὰ

1027 481 1076 516 τὴν
1096 482 1217 516 κραυγὴν
1233 481 1322 507 αὐτῶν
1341 481 1389 517 τὴν
1404 482 1552 518 ἐρχομένην
1570 482 1638 518 πρὸς
1659 482 1694 517 μὲ
1716 491 1812 510 συντε-

1028 527 1149 554 λοῦνται’
1163 528 1186 554 εἰ
1201 528 1229 554 δὲ
1247 527 1294 563 μὴ.
1310 527 1352 554 ἴνα
1366 528 1431 562 γνῶ.
1443 529 1497 554 Καὶ
1508 529 1726 564 ἁποστραφέντες
1738 529 1813 556 ἐκεῖ·

1029 572 1073 599 θεν
1087 574 1112 599 οἱ
1125 572 1227 608 ἄνδρες,
1239 571 1319 608 ἦλθον
1333 574 1373 604 εὶς
1385 573 1496 608 Σόδομα.
1517 572 1638 608 Ἀϐραὰμ
1650 573 1678 599 δὲ
1687 571 1721 608 ἦν
1733 574 1813 608 ἐπη-

1029 616 1083 649 κὼς
1095 617 1181 643 ἔναντι
1200 618 1315 652 Κυρίου·
1332 618 1378 644 καὶ
1393 617 1503 651 ἐγγίσας
1512 616 1635 652 ’Δῦραάμ
1650 613 1741 643 εἶπεν·
1762 617 1810 652 Μὴ

1030 663 1219 695 συναπολέσεις
1235 663 1290 698 (16)
1302 663 1404 690 δίκαιον
1421 663 1490 698 μετά
1506 662 1630 694 ἀσεὸοὖς.
1643 662 1690 689 καὶ
1706 662 1781 689 ἔσται
1795 663 1812 688 ὀ

1028 709 1139 742 δίκαιος,
1150 709 1188 741 ὡς
1197 711 1211 736 ό
1225 710 1342 745 ἀσεϐήςς
1356 710 1418 736 Ἐἀν
1428 707 1478 736 ὦσι
1488 710 1652 744 πεντήκοντα
1668 709 1765 735 δίκαιοι
1780 709 1811 735 ὲν

1028 756 1061 790 τῇ
1075 755 1161 787 πόλει,
1176 755 1316 787 ἀπολέσεις
1332 755 1439 787 αὐτοὺς,
1456 756 1502 782 καὶ
1515 755 1564 782 οὐκ
1577 756 1686 790 ἀνήσεις
1702 755 1810 782 ἅπαντα

1028 800 1074 826 τὸν
1088 801 1168 827 τόπον
1191 801 1282 827 ἕνεκεν
1293 801 1347 827 τῶν
1362 802 1529 836 πεντήκοντα
1547 801 1666 833 δικαίων,
1683 801 1729 827 ἐὰν
1741 798 1811 827 ὦσιν

1029 847 1058 872 ὲν
1072 847 1156 882 αὐτῇ;
1175 847 1313 882 Μηδαμῶς
1333 847 1364 873 σὺ
1388 847 1504 884 ποιήσῃς
1516 847 1570 883 (17)
1582 847 1611 873 τὺ
1623 847 1698 883 ῥῆμα
1717 847 1808 878 τοῦτο,

1027 892 1074 919 τοῦ
1092 893 1247 919 ἀποκτεῖναι
1271 892 1373 919 δίκαιον
1398 893 1466 928 μετὰ
1489 892 1612 924 ἀσεϐοῦς,
1639 893 1684 919 καὶ
1705 893 1781 919 ἔσται
1796 894 1812 920 ό

1027 938 1128 970 δίκαιος
1144 938 1181 970 ὡς
1194 939 1208 965 ὁ
1222 937 1338 973 ἀσεϐής’
1349 938 1490 974 μηδαμῶς.
1511 938 1539 964 Ὀ
1551 938 1649 974 κρίνων
1661 939 1749 965 πᾶσαν
1759 937 1810 973 τὴν

1028 983 1079 1018 γῆν
1087 983 1117 1009 οὐ
1126 983 1231 1018 ποιήσει
1246 983 1349 1018 κρίσιν;
1373 981 1456 1009 Εἶπεν
1470 982 1498 1009 δὲ
1513 983 1527 1009 ὁ
1543 982 1728 1019 ΚύριοςοἘὰν
1736 983 1812 1018 εὕρω

1027 1029 1057 1054 ὲν
1071 1028 1196 1064 Σοδόμοις
1208 1028 1375 1062 πεντήκοντα
1388 1027 1506 1059 δικαίους
1523 1028 1551 1054 ὲν
1561 1029 1594 1063 τῇ
1611 1027 1695 1058 πόλει,
1712 1028 1812 1063 ἀφήσω

1028 1073 1116 1101 πάντα
1138 1074 1184 1100 τὸν
1210 1073 1290 1100 τόπον
1309 1073 1342 1100 δι’
1358 1073 1464 1104 αύτούς.
1483 1083 1492 1099 ι
1510 1073 1565 1099 Καὶ
1590 1074 1675 1105 οὓτως
1699 1074 1812 1107 {acgeth

1028 1119 1118 1151 πέντε,
1145 1119 1191 1145 καὶ
1221 1118 1301 1145 πάλιν
1321 1118 1418 1150 πέντε,
1437 1116 1519 1154 ἦλθεν
1541 1118 1593 1150 ἓως
1617 1118 1698 1144 δέκα·
1725 1127 1734 1144 ι
1755 1119 1812 1145 Καὶ

1028 1163 1103 1191 εἶπεν
1110 1166 1124 1191 ὀ
1133 1164 1198 1196 Θεός
1209 1172 1215 1178 ·
1226 1164 1282 1191 Οὐκ
1291 1164 1414 1191 ἀπολέσω
1422 1164 1513 1191 ἕνεκεν
1526 1163 1580 1190 τῶν
1595 1163 1670 1191 δέκα.
1679 1164 1813 1199 Ἀπῆλθεν

1028 1211 1057 1237 δὲ
1072 1212 1086 1237 ὁ
1104 1210 1214 1246 Κύριος,
1236 1210 1274 1242 ὡς
1289 1209 1426 1237 ἐπαύσατο
1441 1210 1529 1236 λαλῶν
1548 1209 1586 1245 τῷ
1607 1210 1746 1246 Ἁϐραάμ·
1763 1211 1813 1237 καὶ

1029 1254 1199 1289 ὑπέστρεψεν
1211 1255 1251 1286 εἰς
1263 1255 1308 1280 τὸν
1323 1252 1397 1281 οἶκον
1412 1254 1504 1281 αὐτοῦ.
1523 1264 1533 1280 ι

1065 1300 1108 1327 12.
1122 1302 1197 1327 Max.
1215 1300 1281 1326 Εἰπὲ
1294 1300 1329 1327 τὰ
1350 1300 1423 1336 ἑξῆς.
1444 1301 1516 1334 Ὀρθ.
1535 1309 1544 1325 ι
1563 1298 1662 1326 Ἦλθον
1681 1300 1710 1326 δὲ
1727 1301 1752 1327 ot
1765 1299 1814 1326 δύο

1029 1343 1138 1378 ἄγγελοι
1163 1344 1202 1375 εἰς
1226 1344 1339 1379 Σόδομα.
1358 1355 1367 1370 ι
1388 1347 1465 1372 Μακ.
1487 1345 1616 1377 ’Λκούεις,
1639 1345 1680 1372 ὅτι
1702 1345 1814 1379 ἄγγελοι

1028 1387 1098 1425 ἦσαν
1113 1391 1138 1416 οι
1151 1389 1212 1422 δύο;
1232 1391 1306 1424 Ὀρθ.
1323 1391 1466 1426 Προλαϐὼν
1481 1390 1566 1423 εἷπον,
1580 1392 1621 1418 ὅτι
1633 1391 1727 1427 ὥσπερ
1737 1391 1813 1427 λέγει

1029 1437 1091 1469 τοὺς
1107 1436 1154 1463 δύο
1172 1437 1280 1473 ἄνδρας,
1296 1438 1342 1464 καὶ
1353 1438 1403 1464 οὐκ
1412 1435 1482 1473 ἦσαν
1499 1440 1532 1473 τῇ
1548 1438 1626 1472 φύσει
1641 1438 1734 1473 ἄνδρες
1744 1446 1750 1452 ·
1765 1437 1814 1464 οὖ-

1029 1491 1083 1514 τως
1095 1482 1142 1509 καὶ
1157 1484 1220 1514 τοὺς
1239 1482 1285 1509 δύο
1301 1483 1433 1517 ἀγγέλους
1454 1483 1537 1518 λέγει,
1559 1485 1606 1510 καὶ
1622 1484 1671 1510 οὐκ
1693 1481 1763 1519 ἦσαν
1779 1485 1813 1519 τῇ

1031 1528 1110 1563 φύσει
1118 1528 1236 1563 ἄγγελοι,
1248 1529 1314 1556 ἀλλά
1329 1530 1560 1565 καταχρηστικῶς,
1575 1532 1606 1558 ὲκ
1616 1531 1660 1558 τοῦ
1672 1531 1815 1565 ἀγγέλλειν

1030 1575 1127 1606 αὐτοὺς
1142 1572 1197 1610 τὴν
1211 1575 1258 1601 τοῦ
1273 1575 1339 1602 Θεοῦ
1357 1576 1463 1612 βουλήν.
1483 1576 1543 1603 Τῶν
1562 1577 1590 1603 δὲ
1604 1577 1666 1612 ἑξῆς
1689 1578 1812 1604 ἀκούσω-

1032 1629 1092 1656 μεν.
1107 1620 1213 1648 Μᾶλλον
1226 1620 1280 1656 γὰρ
1294 1622 1326 1648 ἐκ
1343 1621 1390 1648 τοῦ
1405 1622 1514 1656 ἐδαφιου
1531 1622 1720 1658 διδασκόμεθα.
1735 1625 1812 1650 Max.

1030 1667 1108 1694 Εἰπέ.
1131 1668 1206 1702 Ὀρθ.
1226 1676 1236 1693 σ
1252 1666 1353 1694 Ἦλθον
1375 1668 1404 1694 δὲ
1419 1669 1442 1694 οι
1461 1663 1507 1694 δύο
1525 1669 1634 1703 ἄγγελοι
1647 1671 1686 1700 εἰς
1709 1669 1815 1705 Σόδομα

1031 1713 1158 1749 ἑσπέρας.
1174 1713 1236 1740 Λὼτ
1247 1713 1276 1740 δὲ
1294 1714 1410 1749 ἐκάθητο
1432 1715 1496 1750 περὶ
1508 1715 1557 1750 τὴν
1577 1715 1664 1750 πύλην
1678 1716 1813 1750 Σοδόμων.

1037 1759 1109 1786 Ἰδὼν
1124 1759 1152 1786 δὲ
1169 1759 1241 1792 Λὼτ,
1261 1759 1389 1796 ἐξανέστη
1404 1761 1444 1792 εἰς
1465 1761 1625 1796 συνάντησιν
1649 1762 1750 1792 αὐτοῖς,
1768 1762 1815 1788 καὶ

1031 1805 1232 1841 προσεκύνησεν
1254 1806 1293 1841 τῷ
1304 1805 1441 1842 προσώπῳ
1466 1806 1548 1841 αξιτοῦ
1566 1807 1611 1833 ἐπὶ
1625 1807 1674 1842 τὴν
1685 1809 1735 1842 γῆν
1747 1815 1754 1821 ·
1767 1807 1818 1834 καὶ

1031 1849 1122 1877 εἶπεν
1145 1851 1220 1883 Ἰδοὺ,
1235 1851 1334 1886 κύριοι,
1346 1851 1485 1879 ὲκκλξνατε
1501 1853 1541 1884 εἰς
1550 1852 1595 1879 τὸν
1605 1851 1678 1879 οἷκον
1690 1852 1736 1879 τοῦ
1752 1861 1818 1879 παι-

1031 1898 1074 1929 δὸς
1088 1897 1174 1932 ὑμῶν,
1203 1897 1249 1924 καὶ
1270 1897 1438 1924 καταλύσατε
1458 1898 1525 1935 (18),
1543 1899 1589 1925 καὶ¹
1615 1899 1726 1934 νίψασθε
1752 1900 1817 1931 τοὺς

1032 1943 1114 1975 πόδας
1131 1943 1217 1979 ὑμῶν,
1236 1943 1282 1970 καὶ
1300 1944 1485 1979 ὁρθρίσαντες,
1508 1944 1688 1972 ἀπελεύσεσθε
1709 1947 1748 1977 εἰς
1764 1945 1814 1981 τὴν

1031 1988 1089 2016 ὁδὸν
1101 1989 1186 2023 ὑμῶν,
1205 1998 1214 2015 ι
1235 1988 1365 2021 Ἀκούεις,
1378 1990 1418 2016 ὅτι
1431 1990 1632 2025 προσεκύνησεν
1647 1991 1753 2022 αὐτοὺς.
1767 1991 1816 2017 atat

1032 2035 1194 2070 κυριολογεῖ,
1222 2035 1269 2061 καὶ
1290 2037 1354 2062 παῖς
1378 2034 1446 2061 εἶναι
1471 2035 1559 2063 αὐτῶν
1579 2036 1718 2071 ὁμολογεῖ;
1736 2038 1814 2063 Μαι.

1034 2081 1175 2117 Ἐνόμιζεν
1189 2078 1257 2108 εἶναι
1272 2081 1368 2112 αὐτοὺς
1382 2081 1550 2117 ἀνθρώπους,
1563 2082 1609 2109 καὶ
1626 2081 1761 2116 φιλόξενος
1777 2081 1817 2108 ὣν

1032 2127 1234 2163 προσεκύνησεν
1251 2127 1306 2162 (19)
1320 2129 1426 2160 αὐτοὺς,
1443 2128 1489 2155 καὶ
1499 2122 1608 2164 κυρίους
1625 2128 1712 2155 καλεῖ.
1737 2129 1814 2162 Ὀρθ.

1039 2174 1109 2200 Ἀλλ’
1131 2172 1236 2209 εἰῆσαν
1262 2174 1381 2208 ἄγγελοι,
1401 2172 1477 2200 εἷπον
1501 2174 1534 2201 ἂν
1550 2174 1634 2208 αὐτῷ,
1659 2173 1755 2209 Κυρίῳ
1776 2173 1818 2208 τῷ

205 2222 280 2244 tuum
300 2218 392 2244 adora.
413 2217 468 2245 Nos
483 2219 554 2245 enim
574 2224 603 2246 ut
620 2223 649 2246 tu
667 2220 790 2246 conservi
808 2227 903 2247 sumus
917 2220 949 2246 ³³.
969 2229 978 2246 ι

1032 2219 1092 2254 Θεῷ
1103 2227 1148 2246 σου
1159 2218 1304 2254 προσκύνει
1314 2227 1321 2234 ·
1332 2220 1412 2254 ἡμεῖς
1422 2218 1476 2254 γάρ
1489 2227 1534 2245 σου
1545 2218 1679 2254 ὁμόδουλοι
1697 2219 1788 2253 ἐσμεν.
1801 2228 1811 2242 ι

206 2263 310 2290 Ηαεεό.
324 2263 468 2290 Enimvero
485 2272 539 2299 qua
558 2265 586 2291 in
607 2273 636 2292 re
652 2265 779 2299 peccabat
799 2265 917 2293 adorans
935 2273 983 2292 an-

204 2308 297 2343 gelos?
316 2308 392 2335 Ortli.
410 2308 486 2343 Stepe
504 2309 593 2335 audivi
615 2317 675 2341 vos,
691 2317 753 2336 cum
773 2309 910 2342 diceretis,
928 2318 984 2337 non

205 2361 266 2381 esse
280 2353 448 2392 adoraqdum
465 2353 595 2389 Spiritum
618 2359 753 2382 sanctum.
774 2355 877 2382 Macati.
892 2355 995 2390 Neque

204 2401 275 2426 enim
288 2399 329 2427 fas
342 2404 392 2427 est.
408 2400 484 2427 Ortlt.
497 2400 552 2427 Cur
563 2401 645 2435 igitur
659 2408 730 2428 nunc
742 2401 810 2428 dicis
823 2400 898 2434 :Qua
913 2402 940 2428 in
956 2410 985 2430 re

205 2450 315 2473 sanctus
343 2446 409 2473 Loth
432 2447 571 2481 peccabat,
592 2447 708 2475 adorans
728 2447 859 2483 angelos?
879 2447 983 2475 Maced.

204 2490 274 2518 Num
305 2492 378 2518 enim
407 2499 457 2520 cos
491 2497 520 2519 ut
548 2492 689 2520 Dominum
719 2492 803 2520 Deum
839 2493 983 2521 adoravit?

206 2536 283 2564 ()rtlt.
306 2536 375 2572 Lege
393 2545 454 2572 qua:
479 2538 575 2565 ordine
600 2543 761 2574 sequuntur.
790 2539 890 2566 Maced.
912 2539 983 2574 Lege

203 2586 233 2608 tu
253 2583 320 2618 ipse.
338 2583 415 2611 Ortli.
435 2583 470 2611 Iis
494 2592 554 2619 qua:
574 2585 749 2613 recitavimus
771 2585 887 2620 subjecit
909 2586 981 2620 quod

204 2629 341 2663 exceperit.
358 2637 405 2657 eos
418 2629 548 2664 hospitio,
568 2635 596 2657 et
620 2635 751 2658 venerunt
772 2631 822 2657 viri
841 2631 891 2657 loci
908 2631 982 2658 illius

1031 2267 1108 2292 Max.
1124 2265 1157 2291 Τί
1177 2264 1232 2302 γὰρ
1251 2265 1370 2300 ὴδικείτο
1392 2264 1550 2300 προσκυνῶν
1575 2264 1716 2298 ἀγγέλοις;
1737 2264 1813 2298 Ὀρθ.

1033 2311 1155 2337 Ἤκουσα
1177 2310 1253 2346 ὑμῶν
1267 2311 1399 2345 λεγόντων
1421 2310 1559 2342 πολλάκις,
1580 2311 1621 2337 ὃτι
1638 2310 1667 2336 οὐ
1681 2309 1720 2336 δεῖ
1733 2317 1818 2344 προσ-

1032 2358 1121 2383 κυνεῖν
1145 2356 1284 2391 Πνεύματι
1306 2357 1344 2392 τῷ
1370 2356 1449 2391 ἁγίῳ.
1469 2358 1545 2383 Max.
1566 2355 1622 2382 Καὶ
1642 2355 1694 2391 γὰρ
1723 2355 1754 2382 οὐ
1765 2356 1814 2382 δεῖ.

1039 2401 1115 2434 Ὀρθ.
1130 2401 1184 2427 Καὶ
1199 2401 1256 2432 πῶς
1268 2401 1315 2427 νῦν
1328 2401 1425 2435 λέγεις·
1439 2401 1470 2427 Τί
1486 2400 1540 2437 γὰρ
1554 2400 1700 2427 ementem
1712 2401 1726 2427 ό
1741 2400 1817 2434 ἆγιος

1033 2445 1093 2472 Λὼτ
1110 2446 1270 2481 προσκυνῶν
1292 2447 1347 2478 τοῖς
1372 2447 1512 2482 ἁγγέλοις;
1530 2448 1607 2474 Μακ.
1630 2446 1676 2481 Μὴ
1701 2446 1755 2481 γὰρ
1779 2445 1816 2478 ὡς

1032 2492 1126 2528 Κυρίῳ
1138 2492 1176 2527 τῷ
1192 2492 1251 2527 Θεῴ
1273 2495 1420 2528 προσκυνεῖ
1438 2493 1549 2525 αὑτοῖςς
1569 2493 1644 2526 Ὀρθ.
1668 2490 1816 2525 Ἀνάγνωθι

1031 2539 1066 2565 τὰ
1084 2539 1156 2574 ἑξῆς.
1178 2541 1254 2566 Max.
1281 2539 1428 2573 Ἀνάγνωθι
1452 2539 1543 2570 αὐτός.
1572 2539 1647 2572 ὀρθ.
1676 2537 1755 2564 Μετὰ
1783 2537 1817 2563 τὰ

1032 2584 1237 2618 ἀναγνωσθέντα
1264 2585 1398 2620 ἐπιφέρει,
1422 2585 1463 2611 ὃτι
1491 2585 1609 2618 ἐξένισεν
1635 2583 1748 2615 αὐτούς·
1770 2583 1817 2610 καὶ

1031 2628 1111 2666 ἦλθον
1126 2632 1150 2657 οἱ
1165 2631 1258 2667 ἄνδρες
1277 2631 1324 2657 τοῦ
1340 2631 1422 2658 τόπου
1437 2631 1552 2663 ἐκείνου,
1572 2630 1715 2665 ζητοῦντες
1730 2637 1817 2665 napo

240 2706 262 2721 '°
275 2706 343 2734 Gen.
362 2715 439 2740 xvul,
454 2707 547 2735 17-28.
585 2708 606 2723 ⁹¹
627 2708 693 2736 ibid.
710 2708 754 2741 52,
770 2708 817 2736 55.
853 2709 876 2724 ’⁸
895 2707 962 2735 Gen.

1034 2728 1042 2741 ,
1062 2708 1088 2741 1,
1103 2708 1130 2734 2.
1168 2708 1191 2723 "
1209 2707 1292 2743 Apoc.
1311 2716 1368 2739 xix,
1387 2708 1431 2735 to.

241 2797 296 2834 (ἰῇ)
313 2797 389 2834 Mss"
406 2785 604 2830 συναπολέσεις.
619 2798 699 2832 Editi,
715 2797 908 2834 συναπολέσῃς.

241 2831 295 2867 (Πι)
315 2831 414 2864 Palat.,
431 2834 552 2868 ποιήσεις

1076 2797 1130 2831 (18)
1150 2796 1195 2823 Sic
1206 2796 1292 2831 Palat.
1307 2796 1387 2829 Editi,
1402 2797 1594 2826 καταλύσασθε.

1077 2829 1132 2868 (19)
1149 2829 1234 2864 Mss.,'
1246 2832 1415 2867 προσεκύνει.
