1926 3067
82 136 156 166 1221

573 139 616 166 DE
633 139 769 167 SANCTA
786 140 972 169 TRl‘NlTATE
986 140 1157 170 DlALOGUS
1171 142 1215 170 Ill.

1636 143 1706 172 ηιξ

83 193 205 228 νομῆσαι
223 194 262 225 εἰς
276 193 339 225 τοὺς
360 194 466 230 ἄνδρας.
481 195 535 221 Καὶ
550 195 563 220 ὁ
582 193 643 221 Λὼτ
659 194 706 226 τὰς
723 194 868 230 θυγατέρας

925 197 1016 224 animo
1042 197 1137 233 ﬂagitii
1160 199 1293 227 adversus
1320 200 1384 228 illos
1413 201 1610 228 committendi.
1635 201 1705 233 Loth

84 239 173 266 ἐδίδου
187 239 226 270 εἰς
239 238 316 275 ὕϐριν
329 239 427 274 μᾶλλον
440 240 457 274 ἦ
471 240 533 271 τοὺς
542 239 649 275 ἄνδρας.
663 239 718 266 Καὶ
732 241 873 275 ἐπιμενόν-

83 293 142 311 των
156 284 210 311 τῶν
233 284 383 320 Σοδομιτῶν
396 286 428 320 τῇ
454 284 525 320 ἀθέῳ
546 285 653 321 γνώμῃ,
671 285 828 312 ἐπεσπῶντο
848 287 872 313 οι

82 331 199 365 ἄγγελοι
210 330 255 356 τὸν
266 330 326 357 Λὼτ
337 332 376 362 εἰς
389 331 438 366 τὴν
448 331 546 363 οἰκίαν,
563 331 683 362 ἐκείνους
696 331 725 357 δὲ
736 331 872 364 ἐπάταξαν

82 376 214 412 ἀορασίᾳ.
232 377 267 402 Ἦ
292 377 340 411 οὐχ
367 376 466 409 οὖτως;
493 379 568 403 Μακ.
591 376 695 408 Οὕτως.
724 377 799 410 Ὀρθ.
818 377 873 404 Καὶ

84 421 152 456 ἑξῆς
180 422 346 457 γέγραπται’
366 431 375 447 r
395 419 478 450 Εἶπον
497 422 524 448 δὲ
548 423 572 449 οἱ
592 422 686 458 ἄνδρες
707 423 774 459 πρὸς
791 423 852 450 Λώτ
864 431 871 438 ⁸

86 467 168 493 Ἔστι
188 476 228 494 σοι
251 464 301 494 ὦδε
318 467 482 503 γαμϐρὸς,ἦ
510 468 573 501 υἱοὶ,
591 468 607 503 ἢ
631 468 795 504 ουγατέρες;
815 469 831 504 ἦ
848 469 875 496 εἴ

84 513 130 545 τίς
147 522 187 540 σοι
208 514 286 546 ἄλλος
308 515 381 540 ἐστὶν
395 515 424 540 ἐν
439 515 472 550 τῇ
489 514 574 547 πόλει,
594 514 709 549 ἐξάγαγε
721 517 752 542 ἐκ
769 516 815 542 τοῦ
827 516 873 542 τό-

85 569 140 587 που
154 559 259 588 τούτου.
274 561 334 587 Ὅτι
355 560 508 595 ἀπόλλυμεν
526 562 605 596 ἡμεῖς
618 561 663 588 τὸν
674 562 755 589 τόπον
769 562 872 594 τοῦτον,

84 606 128 633 ὅτι
154 605 247 642 ὑψώοη
268 607 285 641 ἡ
307 606 414 641 κραυγὴ
440 606 529 633 αὐτῶν
552 607 670 634 ἐναντίον
692 608 804 643 Κυρίου,
826 609 872 636 καὶ

84 651 246 678 ἀπέστειλεν
261 652 333 688 ἡμᾶς
345 652 359 678 ὁ
372 652 472 688 Κύριος
487 653 611 688 ἐκτρίψαι
627 653 721 689 αὑτήν,
740 663 749 680 ι

123 740 167 767 15.
188 741 265 767 Max.
286 739 416 772 Ἀκούεις,
441 741 482 767 ὅτι
503 740 678 776 ὁμολογοῦσιν
704 742 871 769 ἀπεστάλθαι

83 786 164 822 παρὰ
186 785 305 822 Κυρίου;
322 787 366 821 Μὴ
392 787 468 813 αὐτοὶ
492 787 588 822 Κύριοι
604 788 687 820 etctv;
712 789 787 822 Ὀρθ.
810 789 872 816 Ἐὰν

83 831 133 859 οὖν
144 831 209 867 λέγῃ
227 833 254 858 ὲν
270 834 325 864 τοῖς
334 832 509 867 Εὑαγγελίοις
521 834 534 859 ὁ
543 833 648 869 Σωτὴρ,
677 834 716 860 ὅτι
730 844 738 859 ι
751 835 806 860 Οὐκ
818 835 870 861 ἀπ-

85 878 218 912 εστάλην,
235 879 258 905 st
276 878 313 913 μὴ
336 879 374 909 εἰς
391 878 426 905 τὰ
441 878 563 914 πρόϐατα
575 878 609 905 τὰ
626 879 783 906 ἀπολωλότα
796 880 870 906 οἴκου

90 925 215 960 Ἰσραήλ·
235 933 245 950 ι
267 925 314 950 καὶ
331 924 447 959 ἀλλαχοῦ
459 933 466 940 ·
486 934 496 950 ‹
515 925 614 957 Καθὼς
635 926 793 952 ἀπέστειλέν
805 935 838 962 με
856 927 871 953 ὁ

83 969 141 1002 ζῶν
155 969 257 1006 Πατὴρ,
273 970 319 996 καὶ
331 971 344 997 ὁ
359 971 469 1006 πέμψας
486 980 519 1006 με
532 971 641 1006 ὲντολήν
656 974 709 1006 ἷμοι
723 972 846 999 δέδωκεν·
858 982 868 999 ι

83 1014 112 1041 τί
135 1014 246 1050 εἵπω,ἧ
271 1015 297 1041 τί
314 1015 437 1051 λαλήσω;
450 1016 548 1043 Οὐκέτι
570 1016 738 1051 ὁμολογεῖται
760 1018 869 1052 Κύριος,

86 1061 180 1096 ἐπειδὴ
202 1062 354 1097 (immrito;
377 1064 451 1088 Μακ.
469 1063 524 1089 Καὶ
544 1063 558 1089 ὁ
572 1063 635 1094 Υἱὸς
651 1063 871 1099 ὁμολογουμένως

86 1107 190 1143 Κύριός
202 1109 287 1134 ἐστιν·
305 1108 342 1143 μὴ
357 1108 403 1135 καὶ
418 1108 447 1135 τὸ
461 1108 590 1144 Πνεῦμα;
608 1109 683 1143 Ὀρθ.
700 1109 814 1141 Τελείως
829 1110 871 1136 ὲν-

86 1152 173 1179 ταῦθα
186 1154 232 1180 κα.)⁸
244 1155 489 1188 συμπροσκυνείται
504 1155 550 1180 καὶ
571 1154 817 1189 συγκυριολογείται
832 1155 871 1191 τῷ

87 1198 154 1233 Υἱῷ.
172 1200 247 1226 Μακ.
268 1197 336 1234 Ἤδη
359 1199 413 1236 γὰρ
433 1200 576 1232 δέδεικται,
590 1201 630 1227 ὅτι
641 1201 704 1233 Υἰὺς
716 1199 750 1236 ἦν
761 1201 799 1236 τῷ
810 1201 870 1228 Λὼτ

86 1245 101 1270 ὁ
111 1245 312 1280 διαλεγόμενοςς
333 1247 409 1280 Ὀρθ.
424 1246 613 1282 Μακροθὺμει,
626 1247 673 1273 καὶ
685 1247 869 1283 ὁμολογήσεις.

86 1293 166 1318 Μαι.
183 1289 258 1323 οἶδα,
273 1292 314 1318 ὅτι
339 1293 476 1328 περισπᾷς
496 1301 541 1328 με,
558 1294 595 1328 μὴ
609 1293 755 1328 δυνάμενος
772 1295 869 1326 εἰπεῖν,

87 1337 140 1363 ποῦ
157 1337 308 1373 γέγραπται
335 1338 401 1370 Θεὸς
420 1339 451 1365 τὸ
475 1339 595 1374 Πνεῦμα.
620 1339 696 1372 Ὀρθ.
708 1340 782 1371 Τέως
800 1340 870 1374 γνῶ-

87 1393 150 1420 μεν,
168 1385 240 1416 τινες
251 1382 321 1420 ἦσαν
334 1382 405 1412 οὗτοι
419 1384 442 1411 οἱ
461 1384 615 1419 φαινόμενοι
630 1384 735 1420 ἄνδρες,
749 1384 796 1411 καὶ
810 1385 870 1411 τότε

86 1430 154 1457 αὐτὸ
169 1430 198 1457 τὸ
216 1429 326 1466 Πνεῦμα
345 1429 424 1456 δώσει
442 1430 548 1456 πάντων
563 1429 617 1456 τῶν
632 1430 802 1466 ζητουμένων
821 1429 870 1466 τὴν

87 1476 205 1512 εὕρεσιν.
227 1477 305 1504 Μακ.
329 1475 409 1510 Ἐγὼ,
432 1475 469 1507 ὠς
489 1475 545 1510 ἔχει
567 1476 583 1511 ἡ
608 1475 713 1511 Γραφὴ,
740 1475 869 1510 ἀγγέλους

86 1521 170 1555 λέγω.
192 1523 268 1556 Ὀρθ.
285 1521 370 1555 Κάγὼ
390 1522 521 1555 ἀγγέλους
538 1521 585 1548 καὶ
600 1521 698 1557 ἄνδρας
711 1521 797 1556 λὲγω¹
812 1521 869 1548 ἀλλ’
882 1536 904 1564 C

86 1567 180 1603 ὥσπερ
191 1567 258 1600 τέως
271 1568 442 1604 ὡμολόγηται
458 1569 534 1604 ἡμῖν,
549 1569 590 1595 ὅτι
606 1566 646 1599 εἷς
660 1569 713 1594 τῶν
722 1567 812 1603 -τριῶν
824 1569 870 1595 ἀν-

85 1613 156 1650 δρῶν
169 1613 269 1649 Κύριος
283 1615 297 1640 ὁ
311 1614 386 1646 Θεὸς,
402 1614 486 1645 οὕτως
501 1616 516 1648 ὴ
535 1614 656 1647 ἐξέτασις
667 1613 776 1649 εὑρήσει
790 1613 869 1640 καὶοὶ

85 1659 133 1686 δύο
148 1659 218 1691 τίνες
239 1657 319 1695 ἦσαν.
335 1661 412 1687 Max.
424 1660 492 1686 Εἰπὲ
504 1660 530 1686 τί
547 1659 633 1691 θέλεις
647 1659 714 1694 (‘20).
738 1659 814 1694 Ὀρο.
829 1659 870 1686 Τὰ

86 1704 148 1740 ἑξῆς
164 1705 356 1740 ἁναγινώσκω;
369 1708 445 1733 Max.
466 1705 623 1740 Ἀνάγνωϐι.
650 1705 726 1739 Ὀρθ.
744 1713 754 1730 ‹
774 1704 869 1731 Ἠνίκα

85 1751 115 1778 δὲ
128 1751 224 1787 ὄρθρος
235 1751 351 1786 ἐγένετο,
363 1751 562 1783 ὲπεσπούδαζον
576 1752 600 1777 οἱ
616 1750 724 1785 ἄγγελοι
739 1751 784 1777 τὸν
797 1750 867 1783 Λὼτ,

85 1796 223 1830 λέγοντες·
243 1797 372 1829 Ἀναστὰς
384 1797 447 1823 λαϐὲ
457 1796 504 1832 τὴν
517 1797 630 1830 γυναῖκά
643 1805 690 1822 σου
705 1797 751 1823 καὶ
766 1797 814 1827 τὰς
823 1796 869 1822 δύο

86 1842 246 1878 θυγατέρας,
268 1842 301 1875 ἃς
317 1842 398 1878 ἔχεις,
416 1844 462 1870 καὶ
487 1843 587 1876 ἔξελθε,
611 1844 654 1870 ἵνα
675 1842 712 1878 μὴ
734 1843 868 1878 συναπόλῃ

85 1890 145 1921 ταῖς
168 1890 292 1925 ἁνομῐαις
312 1890 361 1924 τῆς
379 1890 491 1922 πόλεως.
516 1890 571 1916 Καὶ
598 1889 797 1925 ἐταράχθησαν,
823 1890 868 1916 καὶ

85 1936 240 1972 ἐκράτησαν
255 1937 279 1962 οἱ
294 1936 403 1970 ἄγγελοι
419 1937 468 1971 τῆς
484 1937 573 1972 χειρὸς
585 1936 677 1967 αὐτοῦ,
691 1936 737 1962 καὶ
750 1936 797 1971 τῆς
811 1944 867 1971 χει-

87 1982 132 2018 ρὸς
142 1982 192 2017 τῆς
205 1982 331 2016 γυναικὸς
352 1982 446 2013 αὑτοῦ,
458 1983 504 2009 καὶ
517 1982 568 2009 τῶν
580 1982 678 2018 χειρῶν
687 1982 741 2009 τῶν
757 1982 802 2008 δύο
820 1982 867 2008 ου-

85 2029 207 2064 γατέρων
223 2028 316 2061 αὑτοῦ,
332 2030 359 2054 ὲν
374 2028 412 2063 τῷ
429 2028 573 2063 φείσασθαι
590 2028 690 2064 Κύριον
706 2028 798 2055 αὑτοῦ.
813 2028 868 2054 Καὶ

84 2075 191 2109 ἐγένετο
202 2074 282 2110 ἡνίκα
293 2073 426 2109 ἐξήγαγον
437 2074 535 2105 αὐτοὺς
550 2074 610 2106 ἔξω,
627 2073 674 2100 καὶ⁸
688 2071 762 2100 εἷπον
773 2081 779 2087 ·
794 2072 867 2105 Σῶζε

84 2121 132 2156 τὴν
150 2120 244 2147 ἑαυτοῦ
263 2120 361 2156 ψυχὴν,
377 2121 422 2147 καὶ
443 2119 479 2155 μὴ
493 2119 642 2156 περιϐλέψῃ
662 2120 701 2151 εἰς
721 2119 754 2146 τὰ
769 2119 865 2152 ὀπίσω,

85 2166 151 2202 μηδὲ
166 2168 230 2202 στῇς
243 2167 271 2192 ἐν
287 2167 360 2202 πάσῃ
371 2167 403 2201 τῇ
423 2165 574 2201 περιχώρῳ.
588 2166 634 2196 Et;
646 2165 676 2192 τὸ
690 2165 752 2199 ὅρος
769 2164 865 2197 σώζου,

922 249 987 269 vero
1005 241 1085 274 ﬁlias,
1102 243 1193 278 potius
1208 250 1288 278 quam
1306 245 1379 271 viros
1399 244 1470 276 illos,
1486 243 1616 271 oll'erebat
1631 243 1704 279 ipso-

923 295 982 314 rum
1006 288 1187 316 contumelim.
1215 289 1338 324 Cumque
1361 293 1552 324 permanerent
1573 289 1600 316 in
1623 289 1707 324 impia

922 333 967 360 illa
988 335 1121 361 sententia
1141 334 1306 366 Sodomitas,
1329 338 1503 361 retraxerunt
1523 333 1639 361 Lollium
1650 341 1704 365 an-

922 377 974 412 geli
1006 378 1133 410 domum,
1159 379 1219 406 illos
1244 386 1308 406 vero
1334 379 1454 406 czeeitate
1477 383 1671 413 percusserunt
1694 399 1702 406 .

922 430 1014 450 annon
1031 423 1068 450 ita
1084 425 1214 459 scriptum
1229 425 1292 452 est?
1315 424 1418 452 Hac-ed.
1436 425 1485 452 lta.
1505 424 1580 452 Ortli.
1600 424 1703 452 Deinde

923 469 1055 504 scriptum
1070 474 1111 497 est
1132 479 1139 496 :
1161 479 1170 496 ι
1186 469 1317 497 Dixerunt
1336 475 1424 498 autem
1444 470 1477 497 ad
1496 470 1564 497 Lolli
1578 471 1628 498 viri
1641 471 1679 498 illi
1694 479 1702 498 :

923 513 1006 542 Estne
1025 515 1073 542 tibi
1096 523 1190 550 gener,
1211 516 1253 543 vel
1275 515 1335 546 lilii.
1357 516 1399 543 vel
1418 516 1495 543 ﬁliic?
1513 520 1559 543 aut
1589 517 1611 544 si
1640 516 1703 552 quis

923 561 992 587 alius
1011 561 1059 588 tibi
1077 565 1120 589 est
1141 562 1167 588 in
1190 562 1266 593 urbe,
1279 562 1348 588 educ
1362 569 1423 589 enin
1442 570 1474 589 ex
1496 562 1546 589 hoc
1566 562 1635 589 loco.
1651 562 1703 589 Su-

921 615 982 634 mus
993 608 1063 635 cnim
1081 608 1153 635 hunc
1168 608 1256 634 locum
1268 608 1444 640 destructuri,
1457 608 1584 643 quoniam
1601 609 1704 635 clamor

921 661 1016 680 eorum
1043 654 1167 681 sublatus
1187 658 1229 681 est
1255 662 1346 681 coram
1371 653 1498 686 Domino,
1514 658 1540 681 et
1559 655 1633 681 misit
1652 661 1703 681 nos

921 696 1064 731 Dominus,
1082 704 1111 726 ut
1131 699 1203 726 hanc
1222 699 1316 726 urbem
1332 699 1471 726 deleamus
1485 699 1518 726 ἰ.
1538 708 1548 724 ι

957 745 1000 785 ίξ.
1022 744 1125 772 Maced.
1142 746 1227 772 Audis
1245 745 1320 780 ipsos
1339 744 1417 772 fateri
1436 744 1464 772 s'c
1484 744 1582 770 missos
1601 751 1662 771 esse
1687 750 1704 770 a

922 790 1056 818 Domino?
1081 799 1146 818 num
1176 792 1259 826 igitur
1289 791 1340 826 ipsi
1373 794 1436 818 sunt
1468 789 1597 816 Domini?
1625 789 1701 817 Orth.

921 836 989 864 Cum
1015 838 1095 872 igitur
1119 837 1193 864 dicat
1215 838 1242 864 in
1265 837 1418 872 Evangeliis
1438 836 1587 863 Salvator:
1611 845 1620 861 ι
1643 834 1704 862 Νοιι

921 891 980 910 sum
1011 883 1122 913 missus,
1141 882 1192 908 nisi
1215 881 1247 908 ad
1270 884 1333 910 evcs
1355 889 1415 916 qnze
1440 881 1579 916 perierunt
1606 880 1704 906 domu;

921 927 1004 956 Israel
1027 928 1049 944 "
1075 937 1083 956 :
1110 936 1120 953 ι
1147 931 1173 954 et
1196 927 1260 954 alibi
1284 935 1290 954 :
1317 936 1327 952 ι
1355 927 1432 953 Sicut
1456 926 1531 953 misit
1551 933 1593 952 me
1610 925 1704 952 vivens

920 973 1018 1007 Pater;
1034 976 1060 999 et
1071 973 1116 1007 qui
1129 973 1203 1000 misit
1219 980 1272 1003 me,
1287 972 1443 999 mandatum
1454 971 1528 999 dedit
1546 971 1611 998 milii
1625 971 1647 988 ⁹⁸
1661 980 1668 1005 ;
1690 981 1700 997 ι

921 1019 990 1054 quid
1016 1019 1116 1050 dicam,
1138 1021 1185 1044 aut
1209 1018 1274 1052 quid
1300 1017 1416 1052 loquar?
1444 1017 1485 1043 An
1507 1017 1622 1051 amplius
1647 1024 1704 1044 non

920 1065 1079 1100 agnoscitur
1098 1071 1160 1091 esse
1175 1063 1317 1094 Dominus,
1335 1064 1397 1098 quia
1413 1063 1515 1090 missus
1529 1061 1702 1089 cst?Maced.

921 1111 1006 1138 Filius
1027 1118 1136 1146 quoque
1161 1110 1220 1137 sine
1245 1109 1431 1136 controversia
1463 1108 1592 1136 Dominus
1621 1113 1663 1137 est
1693 1115 1702 1135 :

921 1165 986 1184 num
1004 1164 1069 1183 vero
1092 1156 1173 1183 etiam
1202 1155 1340 1190 Spiritus?
1360 1154 1436 1182 0rl/t.
1458 1154 1574 1181 Prorsus
1601 1155 1644 1181 hic
1666 1154 1703 1182 si-

921 1202 977 1229 mul
995 1202 1135 1233 adoratur,
1155 1205 1182 1228 et
1197 1201 1277 1228 simul
1297 1200 1428 1227 Dominus
1443 1201 1621 1235 compellatur
1640 1207 1703 1227 cum

921 1248 999 1276 Filio.
1020 1247 1124 1275 Maced.
1143 1246 1202 1274 Jam
1220 1255 1284 1274 vero
1300 1246 1383 1283 448
1401 1247 1594 1274 demonstrasti
1604 1246 1702 1273 Filium

921 1294 1007 1322 fuisse
1029 1302 1108 1325 eum,
1132 1294 1177 1329 qui
1203 1293 1272 1319 Loth
1300 1292 1508 1327 alloquebatur?
1536 1291 1612 1319 ΘνιΙι.
1637 1291 1703 1318 Ani-

921 1347 994 1367 mum
1012 1340 1119 1371 cohibe,
1133 1345 1159 1366 et
1172 1339 1307 1367 fateberis.
1321 1337 1424 1365 Maced.
1442 1337 1498 1365 Hoc
1513 1338 1621 1373 quidem
1633 1338 1702 1369 scio,

921 1386 992 1421 quod
1015 1394 1057 1413 me
1085 1386 1265 1420 circumagas,
1285 1392 1347 1412 cum
1369 1392 1423 1412 non
1442 1384 1530 1418 possis
1550 1383 1640 1410 dicere
1657 1382 1705 1411 ubi

921 1432 1052 1466 scriptum
1089 1432 1137 1458 sit:
1164 1431 1281 1465 Spiritus
1304 1434 1346 1457 est
1375 1429 1455 1456 Deus.
1482 1429 1557 1456 Ortlt.
1581 1427 1702 1454 Primum

922 1477 1040 1505 sciamus
1051 1478 1161 1512 quinam
1177 1476 1300 1502 homines
1316 1475 1425 1508 fuerint,
1449 1475 1495 1509 qui
1506 1476 1702 1509 apparuerunt,

922 1528 949 1550 et
975 1526 1040 1550 tunc
1066 1523 1124 1558 ipse
1149 1521 1269 1557 Spiritus
1289 1526 1401 1548 sanctus
1424 1519 1500 1547 dabit
1518 1525 1548 1546 ut
1569 1519 1702 1554 quidquid

920 1570 1066 1605 quierimus
1087 1569 1266 1595 inveniamus.
1286 1566 1388 1593 Maced.
1407 1566 1472 1602 Ego,
1489 1570 1518 1593 ut
1530 1566 1610 1593 habet
1628 1566 1704 1592 Seri-

920 1620 1010 1651 ptura,
1026 1615 1136 1649 angelos
1156 1613 1228 1640 dico.
1246 1612 1323 1640 Ortli.
1345 1611 1400 1646 Ego
1417 1619 1481 1638 vero
1500 1615 1527 1638 et
1549 1611 1660 1645 angelos
1676 1615 1704 1637 et

920 1662 993 1688 viros
1015 1660 1076 1687 dico
1093 1667 1099 1685 :
1117 1659 1174 1690 sed,
1193 1663 1223 1685 ut
1241 1662 1320 1684 antea
1341 1657 1411 1684 inter
1429 1664 1479 1684 nos
1500 1656 1702 1688 consensimus,

919 1714 1003 1734 unum
1024 1706 1137 1733 istorum
1155 1705 1237 1731 trium
1260 1704 1345 1730 fuisse
1367 1703 1512 1729 Dominum
1538 1702 1635 1735 Deum,
1664 1702 1703 1729 ita

919 1754 1000 1781 etiam
1033 1756 1128 1780 exacta
1157 1749 1386 1786 pervestigatione
1410 1749 1563 1776 inrenietur
1588 1747 1701 1782 quinam

918 1800 1000 1828 edam
1019 1799 1063 1826 isti
1080 1798 1135 1825 duo
1153 1797 1263 1825 fuerint.
1282 1795 1386 1823 Macati.
1408 1795 1455 1822 Dic
1476 1794 1548 1830 quod
1570 1795 1700 1821 volueris.

920 1845 994 1873 Ort/t.
1021 1844 1120 1880 Legam
1147 1851 1208 1879 quae
1232 1842 1457 1877 consequuntur?
1485 1839 1589 1868 Maced.
1618 1840 1700 1875 Lege.

920 1891 995 1919 ΟνιΙι.
1014 1900 1023 1916 ε
1050 1890 1116 1918 Orto
1136 1897 1200 1917 vero
1216 1889 1336 1916 diluculo
1357 1888 1489 1924 urgebant
1508 1886 1577 1914 Loth
1601 1886 1701 1922 angeli,

918 1937 1039 1965 dicentes
1056 1944 1064 1963 :
1084 1935 1170 1970 Surge
1188 1939 1215 1962 et
1233 1935 1325 1970 accipe
1347 1941 1458 1961 uxorem
1479 1938 1563 1965 tuam,
1585 1937 1611 1960 et
1633 1933 1702 1960 duas

918 1983 997 2015 ﬁlias;
1018 1990 1087 2017 quas
1108 1981 1202 2013 habes,
1219 1985 1247 2008 et
1265 1980 1402 2016 egredere,
1421 1987 1455 2007 ne
1471 1985 1525 2006 una
1543 1985 1605 2005 cum
1625 1977 1701 2005 urbis

918 2030 1065 2058 sceleribus
1078 2036 1182 2064 pereas.
1201 2027 1253 2063 Ipsi
1270 2035 1334 2055 vero
1346 2026 1447 2054 turbati
1461 2029 1535 2056 sunt,
1549 2025 1702 2060 apprehen-

917 2076 1069 2110 deruntquc
1090 2074 1177 2110 angeli
1202 2081 1312 2100 manum
1335 2073 1406 2107 ejus.
1425 2076 1452 2099 et
1472 2075 1582 2098 manum
1607 2069 1702 2097 uxoris

917 2123 986 2157 ejus,
1004 2125 1032 2149 et
1049 2129 1145 2148 manus
1163 2120 1276 2148 duarum
1293 2119 1408 2146 liliarum
1428 2118 1498 2153 ejus,
1515 2116 1587 2152 quo.l
1608 2115 1701 2143 Domi-

918 2176 969 2196 nus
985 2168 1007 2195 ei
1026 2171 1157 2202 parceret.
1179 2165 1209 2192 Et
1226 2165 1326 2192 factum
1341 2169 1382 2192 es'.
1397 2171 1458 2191 cum
1478 2163 1637 2190 eduxissent
1652 2169 1700 2188 eos

86 2214 122 2249 μή
138 2222 200 2240 ποτε
218 2213 463 2249 συμπαραληφθῇς.
479 2211 546 2239 Εἷπε
561 2212 590 2239 δὲ
607 2211 667 2238 Λὼτ
683 2211 751 2247 πρὸς
767 2211 847 2238 αὐτόν
857 2220 864 2226 ·

920 2215 996 2246 foris,
1010 2213 1158 2241 dixerunt:
1177 2211 1260 2238 Serva
1277 2216 1350 2237 luam
1366 2210 1451 2244 ipsius
1465 2209 1595 2239 animam,
1612 2215 1700 2242 neque

84 2260 192 2294 Δέομαι,
207 2259 303 2295 Κύριε,
321 2259 413 2294 ἐπειδὴ
433 2257 509 2294 εὗρεν
530 2260 544 2286 ὁ
563 2260 625 2290 παῖς
639 2267 685 2285 σου
706 2258 778 2290 ἕλεος
789 2259 866 2285 ἐναν-

83 2306 138 2332 τίον
149 2313 205 2337 σου,
218 2306 263 2332 καὶ
273 2306 439 2341 ἐμεγάλυνας
447 2306 495 2341 τὴν
507 2305 677 2340 δικαιοσύνην
691 2313 746 2336 σου,
755 2304 769 2330 ὂ
781 2305 866 2335 ποιεῖς

83 2353 126 2379 ἐπ’
142 2353 202 2388 ἐμὲ,
215 2352 261 2379 τοῦ
285 2352 334 2388 ζῇν
348 2352 397 2388 τὴν
412 2352 500 2388 ψυχήν
523 2360 583 2387 μου.
609 2351 679 2385 Ἐγὼ
693 2351 721 2376 δὲ
741 2350 771 2376 οὐ
787 2350 866 2386 δυνή-

86 2407 165 2434 σομαι
178 2399 296 2435 σωθῆναι
311 2401 350 2431 εἰς
362 2399 392 2425 τὺ
409 2398 480 2434 ὅρος,
497 2399 533 2434 μή
548 2406 613 2425 ποτε
628 2397 768 2433 μεταλάϐῃ
783 2405 816 2432 με
829 2396 864 2423 τὰ

85 2445 164 2476 κακὰ,
180 2445 227 2471 καὶ
247 2445 382 2472 ἀποθάνω.
404 2444 469 2471 Ἰδοὺ
491 2445 508 2480 ή
530 2444 606 2475 πόλις
622 2443 691 2478 αὕτη
707 2443 799 2477 ἐγγὺς,
817 2443 865 2470 τοῦ

84 2493 247 2525 καταφυγεῖν
259 2499 292 2526 με
306 2492 372 2522 ἐκεῖ,
383 2491 400 2526 ἦ
416 2492 473 2517 ἐστι
493 2490 589 2526 μικρά.
611 2490 684 2516 Ἑκεῖ
695 2489 862 2525 σωθήσομαι.

83 2537 119 2564 οὐ
138 2536 222 2571 μικρά
238 2536 312 2568 tan;
331 2537 377 2562 καὶ
396 2535 508 2572 ζήσεται
527 2536 543 2571 ἡ
563 2535 635 2570 ψυχή
658 2542 719 2569 μου.
737 2543 746 2559 ι
771 2533 849 2560 Ἀκού

83 2591 131 2614 εις.
148 2582 171 2608 εὶ
194 2579 251 2608 ὦτα
267 2581 348 2617 ἔχεις,
369 2582 420 2614 ὅτι,
435 2582 514 2616 γνοὺς
536 2581 624 2607 αὐτῶν
647 2580 696 2616 τὴν
721 2568 866 2615 κοινότητᾶ

83 2628 127 2654 καὶ
140 2627 264 2662 ἑνότητα,
274 2627 434 2663 προσπεσὼν
447 2628 537 2659 αὐτοῖς
551 2625 627 2654 εἶπεν
636 2635 642 2642 ·
661 2635 670 2652 ι
686 2625 863 2661 Δέομαιδίύέ

84 2678 151 2705 pte,»
160 2670 230 2706 οὐχὶ,
241 2670 348 2707 Κύριοι.
364 2671 440 2707 ᾟδει
451 2671 515 2707 γὰρ,
527 2672 568 2698 ὅτι
582 2671 667 2703 οὐδεὶς
677 2670 788 2698 δύναται
801 2670 861 2697 δυσὶ

918 2259 1024 2294 respice
1045 2266 1060 2285 a
1085 2263 1171 2292 tergo.
1193 2263 1281 2291 nequc
1300 2256 1421 2283 consiste
1441 2255 1468 2281 in
1486 2253 1700 2288 circumjacente

917 2306 1026 2340 regione
1042 2314 1049 2332 :
1066 2304 1157 2331 salvus
1172 2307 1230 2330 csto
1241 2303 1268 2329 in
1285 2305 1386 2333 monte,
1401 2309 1434 2328 ne
1448 2300 1527 2328 simul
1541 2299 1698 2327 inrolvaris.

919 2351 1022 2378 Lotlius
1039 2357 1105 2377 vero
1122 2349 1190 2376 dixit
1211 2348 1235 2375 ei
1263 2357 1269 2374 :
1287 2347 1419 2379 Obsecro,
1434 2346 1557 2378 Domine,
1574 2346 1700 2380 quando-

917 2398 1025 2433 quidem
1042 2396 1142 2423 invenit
1161 2402 1256 2422 serrus
1268 2399 1331 2421 tuus
1346 2392 1561 2421 misericordiam
1576 2391 1647 2426 apud
1662 2396 1700 2423 te,

917 2447 944 2472 et
960 2442 1138 2478 magniﬁcasti
1152 2441 1285 2477 justitiam
1307 2445 1391 2471 tuam.
1411 2447 1492 2474 quam
1512 2438 1580 2465 facis
1603 2438 1629 2464 in
1644 2446 1698 2470 me,

917 2493 947 2516 ut
969 2488 1041 2514 vivat
1064 2487 1154 2513 anima
1179 2493 1249 2512 mea.
1267 2485 1321 2520 Ego
1342 2490 1433 2511 autem
1454 2491 1507 2510 non
1530 2489 1642 2518 possum
1672 2482 1700 2508 iu

916 2539 1007 2561 monte
1021 2533 1135 2564 servari,
1155 2540 1189 2559 ne
1204 2530 1435 2566 comprehendant
1450 2537 1492 2556 me
1502 2529 1574 2555 mala
1593 2532 1620 2555 et
1636 2535 1698 2562 per-

914 2587 984 2607 eam.
1010 2578 1080 2606 Ecce
1101 2578 1158 2605 haec
1177 2571 1241 2604 urbs
1263 2584 1365 2612 prope,
1396 2579 1427 2602 ut
1452 2575 1515 2602 illuc
1546 2573 1700 2608 confugiam

913 2633 995 2661 parva
1012 2628 1064 2653 est.
1083 2623 1140 2651 lllic
1159 2624 1297 2652 servabor.
1325 2621 1452 2656 Nunquid
1470 2628 1524 2648 non
1543 2626 1626 2654 parva
1641 2617 1701 2645 est!

913 2675 940 2697 et
964 2671 1036 2698 vivet
1056 2670 1147 2697 anima
1174 2677 1234 2697 mea
1252 2669 1287 2696 ’⁷.
1307 2677 1318 2694 υ
1338 2668 1434 2700 Audis,
1454 2667 1478 2694 si
1499 2673 1579 2693 aures
1603 2664 1698 2697 babes.

116 2759 139 2775 ”
157 2757 225 2786 Gen.
240 2767 305 2793 ιιι,
323 2758 373 2790 12,
391 2758 433 2786 15.
472 2759 496 2775 ³⁵
518 2758 612 2788 Matth.
632 2767 675 2794 xv,
692 2759 738 2788 24,
775 2759 798 2775 ’⁸
816 2757 865 2786 10a

920 2766 963 2792 Ill,
981 2759 1026 2787 L9.
1063 2759 1084 2775 "
1103 2757 1171 2786 Gen.
1189 2765 1251 2791 ιιι,
1271 2756 1362 2785 15-20.

116 2837 171 2873 (20)
184 2837 255 2864 Edit.
270 2835 377 2873 Steph.,
391 2836 416 2864 τι
431 2837 528 2871 λέγεις.
