1926 3067
235 149 301 176 Ιξξδ

773 149 803 176 S.
825 148 1054 178 ATHANASIUS.
1077 165 1110 170 ——-
1132 148 1269 177 SPUBIA.

1775 150 1852 176 1221

235 210 309 242 Loth,
332 217 393 237 cum
413 213 506 237 nosset
531 217 625 236 eorum
647 210 865 237 communionem
879 215 906 238 et
921 211 1005 238 unita-

1062 211 1166 246 κυρίοις
1184 209 1334 236 δουλεύειν·
1351 209 1398 236 δύο
1411 209 1440 236 δέ
1459 210 1537 241 είσιν,
1554 210 1597 236 ὅτε
1610 210 1624 235 ὀ
1644 209 1691 244 μὲν
1706 208 1787 235 τοῦτο
1804 209 1857 235 θέ-

235 264 296 288 :em,
313 257 446 284 accidisse
465 255 499 282 ad
517 263 611 283 eorum
629 256 722 290 pedes.
739 260 765 282 et
780 256 883 284 dixisse
901 265 907 282 :
926 266 936 282 ι
958 255 1013 284 0b-

227 309 318 336 secro,
335 302 458 334 Domine,
479 312 488 328 ι
507 310 573 336 non,
585 302 700 329 Domini.
718 302 825 330 Sciebat
836 303 908 330 enim
924 303 1012 330 nemi-

233 357 291 376 uem
324 356 404 383 posse
435 348 543 375 du'obus
572 348 690 376 dominis
717 349 829 376 servire.
860 347 917 376 Duo
949 352 1012 376 sunt

229 398 332 425 autem,
354 401 416 421 cum
436 401 507 420 unus
529 393 638 428 quidem
659 394 727 425 hoc,
750 394 818 421 alter
840 394 911 421 istud
938 394 1006 421 vult.

233 439 277 466 Dic
297 440 380 474 igitur
401 443 428 467 et
450 443 479 466 tu
498 439 567 467 Filio
586 447 616 467 ac
635 439 747 475 Spiritui
770 450 776 467 :
797 438 928 472 Obsecro,
956 439 1009 466 Do-

232 485 320 516 mine.
348 485 569 521 quandoquidem
601 485 816 513 misericordiam
845 489 941 513 nactus
969 489 1011 513 est

233 538 325 558 servus
344 536 406 559 tuus
423 531 493 566 apud
507 536 544 563 te,
562 539 628 563 non,
644 531 722 566 Apud
739 538 797 562 vos,
813 539 847 558 ne
861 531 1010 558 dominium

232 575 345 605 dividas.
358 577 424 604 Nam
442 578 464 604 si
479 578 525 612 qui
537 578 655 604 adhaeret
666 577 730 608 Deo,
741 585 812 604 unus
828 582 870 604 est
886 577 1009 612 spiritus,

231 623 364 658 quomodo
378 624 498 658 separari
514 623 600 658 possit
613 621 732 658 Spiritus
749 623 782 650 ab
797 630 840 654 eo,
856 624 901 657 qui
919 624 1007 657 ipsum

231 668 401 704 suppeditat?
433 667 537 695 Haud.
567 667 675 696 Scilicet
698 668 754 703 jam
781 668 925 703 probatum
955 672 1008 700 est,

230 715 339 749 angelos
369 715 429 741 illos
459 714 544 742 fuisse
570 714 668 742 Filium
697 719 724 741 et
754 713 895 749 Spiritum.
932 714 1009 742 Ortlt.

230 761 300 788 Dixit
330 769 395 795 ergo
421 766 532 788 sanctus
557 759 625 787 Loth
654 760 688 787 iis
715 760 764 794 qui
798 759 885 794 angeli
914 765 1010 786 natura

229 811 304 834 erant
322 816 329 834 :
348 815 357 831 ι
377 805 507 838 Obserro,
527 805 655 837 Domine,
676 805 896 840 quandoquidem
913 813 1009 832 servus

229 857 291 881 tuus
314 853 417 880 invenit
442 851 657 880 misericordiam
682 852 754 886 apud
773 855 810 884 te,
832 855 859 879 et
886 852 1009 887 magnifi-

1062 255 1112 287 λει,
1125 257 1139 282 ὁ
1150 255 1179 282 δὲ
1193 255 1278 282 τοῦτο.
1293 255 1359 282 Εἰπὲ
1371 253 1416 282 οὖν
1428 255 1476 282 καὶ
1488 255 1567 286 αὐτὸς
1579 254 1634 290 Υίῷ
1651 255 1697 281 καὶ
1708 254 1745 289 τῷ
1761 255 1859 280 Evt-.23—

1063 309 1126 337 ματι
1136 309 1143 316 ·
1159 300 1269 336 Δέομαι,
1287 300 1383 336 Κύριε,
1401 299 1494 335 ἐπειδὴ
1509 297 1586 335 εὗρεν
1601 300 1616 326 ὁ
1631 301 1695 330 παῖς
1713 308 1759 325 σου
1774 299 1860 330 ἕλεος

1061 347 1178 373 ἐναντίον
1187 354 1243 376 σου,
1257 346 1317 378 οὐκ,
1332 346 1470 373 Ἐναντίων
1486 346 1572 381 ὑμῶν,
1587 345 1629 371 ἵνα
1643 345 1680 381 μὴ
1691 345 1784 381 διέλῃς
1801 346 1858 379 τὴν

1061 393 1216 428 κυριότητα.
1236 392 1268 419 El.
1283 392 1336 427 γὰρ
1353 393 1367 418 ὁ
1377 391 1543 427 κολλώμενος
1565 391 1604 426 τῷ
1618 390 1677 426 Θεῷ
1692 390 1721 417 ἓν
1735 390 1858 425 πνεῦμά

1060 440 1128 471 ἐστι,
1142 439 1200 471 πῶς
1213 438 1322 465 δυνατὸν
1337 438 1368 465 τὸ
1381 438 1491 473 Πνεῦμα
1511 430 1672 474 χωρίζεσθαι
1693 437 1738 464 τοῦ
1763 445 1855 472 χορη-

1060 485 1170 519 γοῦντος
1181 485 1260 516 αὐτὰ
1269 486 1346 511 Μακ.
1358 484 1426 520 Ἤδη
1437 484 1490 520 γὰρ
1500 485 1640 515 δέδεικται,
1648 483 1726 511 ὅτιτὸ
1733 484 1853 519 Πνεῦμα

1061 530 1106 557 καὶ
1119 531 1133 557 ὁ
1150 530 1213 561 Υἱὸς
1229 528 1299 566 ἦσαν
1321 531 1345 556 oi.
1367 529 1486 564 ἄγγελοι.
1513 530 1590 564 Ὀρθ.
1611 530 1672 561 Τοῖς
1695 527 1741 556 οὖν
1767 529 1852 564 φύσει

1059 575 1184 610 ἀγγέλοις
1195 573 1272 601 εἶπεν
1282 575 1296 601 ὁ
1308 574 1384 609 ἆγιος
1398 574 1469 601 Λώτ·
1489 584 1499 600 ι
1514 574 1623 609 Δέομαι,
1637 573 1733 609 Κύριε,
1751 573 1850 609 ἐπειδὴ

1060 618 1140 656 εὗρεν
1150 622 1164 648 ὁ
1179 622 1242 653 παῖς
1256 629 1302 647 σου
1319 620 1398 656 χάριν
1411 620 1529 647 ἐναντίον
1542 628 1599 652 σου,
1613 620 1659 646 καὶ
1675 619 1850 655 ὲμεγάλυνας

1060 667 1109 703 τὴν
1129 666 1302 702 δικαιοσύνην
1323 675 1380 699 σου,
1397 667 1410 693 ὃ
1426 668 1511 698 ποιεῖς
1523 667 1565 692 ἐπ’
1585 667 1645 701 ἐμὲ,
1658 666 1704 692 τοῦ
1726 666 1777 701 ζῇν
1794 666 1845 700 ψυ-

1059 714 1110 749 χήν
1127 722 1188 748 μου.
1208 722 1217 738 ι
1231 714 1308 739 Man.
1326 713 1381 739 Καὶ
1397 713 1476 740 πάνυ.
1495 713 1570 746 Ὀρθ.
1585 712 1686 739 Οὐκοῦν
1698 712 1782 739 ἄκουε
1800 714 1848 739 καὶ

1060 759 1140 786 πάλιν
1155 759 1208 786 τῶν
1225 759 1298 794 ἑξῆς·
1319 768 1327 784 ι
1347 759 1401 786 Καὶ
1418 757 1495 785 εἶπεν
1511 759 1598 794 αὐτῷ·
1619 769 1628 785 ι
1645 759 1736 785 οὐκέτι
1759 759 1846 793 λέγει,

1060 807 1090 833 Οἱ
1113 806 1241 840 ἄγγελοι,
1267 804 1334 832 ἀλλὰ
1359 804 1477 839 δηλονότι
1498 805 1526 831 '0
1536 804 1710 840 ὁμολογηθεὶς
1727 804 1845 840 Κύριος·

1062 863 1072 880 ι
1101 854 1176 886 Ἰδοὺ,
1191 847 1333 888 ἐθαύμασα
1343 860 1389 878 σου
1405 852 1435 879 τὸ
1450 852 1603 888 πρόσωπον,
1621 853 1666 879 καὶ
1679 853 1725 878 ἐπὶ
1739 852 1779 887 τῷ

228 899 294 926 casti
308 899 442 933 justitiam
459 904 531 925 tuam
544 918 551 930 ,
566 905 648 933 quam
664 896 731 924 facis
744 905 808 932 erga
823 905 876 928 me,
893 902 922 924 ut
937 897 1005 924 vivat

1062 908 1127 936 ματι
1142 899 1229 934 τούτῳ
1242 899 1287 926 τοῦ
1313 898 1350 934 μὴ
1364 898 1549 933 καταστρέψαι
1570 898 1619 933 τὴν
1635 898 1710 924 πόλιν
1725 899 1791 933 περὶ
1813 896 1846 934 ἧς

228 945 316 971 anima
339 952 408 972 mea.
439 953 448 970 ›
468 943 573 972 Maced.
601 943 673 971 Sane
696 944 816 979 quidem.
840 943 916 971 Orth.
937 943 1008 971 Audi

227 991 308 1025 igitur
326 994 466 1026 prmterea,
494 998 555 1024 quae
577 995 729 1025 sequuntur
752 1000 758 1017 :
778 999 787 1016 I
806 989 838 1017 Et
854 990 922 1017 dixit
942 990 978 1022 ei,
996 999 1006 1016 ι

227 1036 292 1071 (ηυη
314 1037 430 1071 amplius
451 1036 528 1069 dicit,
540 1036 646 1071 Angeli,
669 1035 717 1064 sed
736 1036 760 1064 is
779 1036 914 1067 videlicet.
928 1043 1009 1071 quem

227 1081 370 1109 Dominum
391 1081 530 1117 professus
553 1081 635 1116 erat),
654 1090 663 1107 ι
684 1081 754 1109 Ecce
778 1081 928 1109 admiratus
949 1088 1009 1108 sum

227 1127 321 1154 faciem
341 1131 415 1154 tuam
432 1132 461 1154 ut
478 1135 532 1154 non
547 1127 704 1154 subvertam
723 1127 816 1154 urbem
830 1147 837 1159 ,
851 1127 883 1154 de
897 1134 951 1161 qua
971 1126 1011 1153 lo-

227 1177 306 1200 eutus
331 1180 372 1200 es.
398 1173 516 1207 Propera
540 1171 634 1207 igitur,
660 1175 690 1198 ut
719 1172 783 1199 illuc
803 1171 931 1199 servaris.
951 1171 1007 1199 Nec

227 1219 296 1245 enim
315 1225 409 1253 patero
425 1218 572 1254 quidquam
587 1226 677 1254 agere,
694 1217 782 1245 donec
798 1224 831 1244 eo
847 1217 887 1245 sis
902 1217 1007 1253 ingres-

227 1273 273 1294 sus
296 1265 329 1292 ".
357 1274 366 1290 ι
390 1264 483 1300 Neque
500 1265 578 1292 ςᾱὶχίι
596 1274 602 1292 :
617 1264 676 1291 Non
699 1263 861 1299 poterimus,
881 1264 1006 1299 quamvis

226 1312 302 1339 initio
317 1310 450 1338 dixissent
465 1318 472 1337 :
485 1310 553 1343 Quia
567 1310 718 1338 delebimus
734 1310 804 1337 hanc
822 1310 928 1342 urbem,
941 1317 1004 1337 cum

1060 945 1203 981 ὲλάλησας.
1224 943 1342 971 Σπεῦσον
1364 942 1409 970 οὖν
1425 943 1472 970 τοῦ
1502 943 1619 979 σωθῆναι
1643 944 1710 970 ἐκεῖ.
1727 944 1766 969 Oti
1788 943 1845 979 γὰρ

1060 988 1208 1024 δυνήσομαι
1235 988 1344 1023 ποιῆσαι
1362 988 1485 1023 πρᾶγμα,
1509 987 1561 1019 ἓως
1583 987 1630 1014 τοῦ
1659 987 1790 1015 εἰσελθεῖν
1815 997 1844 1015 σε

1059 1035 1127 1060 ἐκεῖ.
1149 1044 1159 1060 ι
1175 1034 1229 1060 Καὶ
1248 1033 1337 1059 οὐκέτι
1350 1031 1441 1059 εἶπεν·
1452 1032 1635 1068 Δυνησόμεθα,
1664 1034 1788 1067 καίτοιγε
1817 1035 1845 1060 ὲν

1059 1079 1130 1113 ἀρχῇ
1152 1077 1253 1112 ελεγον,
1273 1078 1313 1104 ὅτι
1334 1077 1508 1113 Ἐκτρίϐομεν
1529 1079 1609 1113 ἡμεῖς
1621 1078 1670 1113 τὴν
1691 1078 1779 1110 πόλιν,
1800 1079 1845 1106 ὅτε

1059 1124 1157 1155 αὐτοὺς
1170 1124 1290 1159 ἐνόμιζεν
1309 1123 1407 1159 ἄνδρας
1424 1123 1470 1150 καὶ
1488 1123 1618 1158 ἀγγέλους
1632 1122 1711 1152 εἶναι,
1735 1126 1804 1152 Ὅτι
1816 1125 1845 1152 δὲ

1059 1169 1147 1196 αὐτῶν
1158 1169 1206 1204 τὴν
1223 1169 1369 1205 κυριότητα
1382 1169 1460 1203 ἔγνω,
1472 1169 1518 1196 καὶ
1530 1169 1620 1196 οὐκέτι
1633 1170 1742 1206 κυρίους
1754 1171 1843 1204 καλεῖ,

1059 1215 1126 1242 ἀλλὰ
1152 1215 1253 1251 Κύριον
1262 1215 1345 1250 λέγει,
1365 1215 1450 1249 λέγων
1462 1236 1468 1247 ,
1485 1224 1494 1241 ι
1511 1216 1620 1251 Δέομαι,
1640 1216 1741 1251 Κύριε,
1759 1226 1769 1243 ι
1781 1218 1844 1244 τότε

1058 1261 1104 1287 καὶ
1119 1261 1193 1287 αὐτοὶ
1205 1261 1242 1292 ὡς
1261 1257 1300 1291 εἷς
1313 1259 1386 1295 αὐτῷ
1396 1259 1571 1294 διαλέγονται.
1587 1261 1624 1287 υύ
1636 1261 1689 1297 γὰρ
1702 1261 1842 1296 λέγουσιν,

1063 1309 1271 1345 Ἐθαυμάσαμέν
1281 1317 1326 1335 σου
1339 1309 1370 1335 τὺ
1381 1309 1533 1344 πρόσωπον,
1542 1309 1618 1343 ἀλλὰ,
1628 1319 1638 1331 ι
1650 1310 1819 1346 Ἐθαύμασα.
1831 1322 1840 1337 ι

226 1365 271 1384 eos
283 1356 371 1384 adhuc
384 1356 496 1391 putabat
508 1364 571 1384 esse
584 1357 668 1388 viros,
685 1360 713 1384 et
745 1357 865 1392 angelos.
882 1356 935 1385 Ubi
971 1364 1037 1384 vero
1055 1364 1149 1384 eorum
1165 1356 1314 1384 dominium
1327 1356 1445 1391 agnovit,
1460 1363 1547 1391 neque
1566 1357 1681 1390 amplius
1691 1364 1737 1385 eos
1763 1364 1844 1386 vocat

226 1405 364 1436 Dominus,
387 1404 435 1432 sed
457 1403 601 1432 Dominum
633 1404 748 1437 dicens,
775 1414 785 1430 ι
809 1404 939 1438 Obsecro,
967 1404 1081 1433 Domine
1097 1426 1105 1439 ,
1133 1413 1143 1430 ι
1165 1410 1230 1432 tunc
1250 1408 1277 1432 et
1301 1404 1352 1438 ipsi
1371 1403 1427 1438 jam
1460 1411 1521 1431 cum
1545 1411 1578 1432 eo
1610 1409 1737 1440 tanquam
1770 1415 1843 1435 unus

225 1453 380 1487 loquuntur.
406 1451 498 1488 NeQUe
521 1453 592 1480 enim
623 1452 728 1486 dicunt,
756 1453 888 1481 Admirati
910 1461 1016 1487 sumus,
1035 1452 1093 1485 sed,
1116 1461 1125 1477 I
1142 1451 1298 1480 Admiratus
1311 1461 1381 1480 sum.
1400 1461 1410 1478 υ

259 1499 303 1526 Η.
324 1498 427 1526 Maced.
442 1498 513 1526 Num
534 1500 616 1535 igitur
629 1498 710 1527 Pater
724 1508 777 1527 una
793 1507 854 1527 cum
873 1500 907 1528 iis
919 1508 1005 1536 appa-

1092 1499 1136 1527 M.
1158 1501 1234 1527 Μακ.
1257 1500 1286 1527 '0
1308 1500 1402 1537 Πατὴρ
1416 1498 1462 1527 οὖν
1477 1499 1510 1536 ἦν
1530 1502 1588 1537 μετ’
1611 1501 1699 1528 αὐτῶν
1729 1502 1840 1537 ὀφθείς;

224 1545 334 1572 ruerat?
359 1544 434 1572 Orth.
460 1543 586 1572 Omnino.
614 1544 718 1572 Maced.
751 1545 892 1579 Quomodo
924 1546 1005 1581 igitur

1064 1545 1140 1579 Ὀρθ.
1151 1545 1205 1572 Καὶ
1221 1545 1302 1572 πάνυ.
1318 1547 1395 1573 Max.
1412 1545 1474 1578 Πῶς
1488 1544 1534 1573 οὖν
1549 1546 1632 1581 λέγει’
1648 1555 1657 1572 ι
1675 1547 1740 1574 Θεὸν
1754 1548 1843 1578 οὐδεὶς

223 1590 290 1618 dicit
319 1599 354 1618 ε(
375 1590 459 1618 Deum
485 1598 564 1618 nemo
588 1591 656 1618 vidit
680 1600 799 1627 unquam
824 1592 870 1618 ’νῖν
889 1601 899 1618 ι
927 1592 1004 1620 Ortlt.

224 1636 370 1672 Propterea
392 1637 464 1664 enim
493 1642 677 1672 apparuerunt
702 1641 830 1673 tanquam
852 1638 916 1671 viri,
937 1645 1006 1673 quo-

224 1683 296 1710 niam
317 1682 342 1709 id
357 1683 429 1717 quod
445 1685 542 1709 natura
558 1682 629 1710 Deus
641 1688 693 1717 est,
703 1691 783 1711 nemo
795 1683 860 1710 vidit
876 1691 1004 1719 unquam,

224 1735 312 1763 neque
331 1727 424 1756 videre
445 1728 542 1763 possit.
569 1727 673 1756 Maced.
695 1729 730 1756 At
751 1736 801 1764 ego
826 1728 923 1756 Filium
942 1736 1005 1756 eum

223 1781 285 1802 esse
299 1773 370 1806 dico,
382 1773 428 1806 qui
441 1774 475 1801 ab
491 1774 645 1802 Abrahamo
660 1775 734 1803 visus
751 1775 812 1802 fuit.
828 1774 904 1802 Ortll.
915 1774 1006 1803 Redeo

223 1818 306 1853 igitur
327 1818 361 1845 ad
383 1819 420 1851 id,
441 1819 513 1853 quod
534 1819 622 1855 legere
643 1827 788 1855 coeperam.
804 1819 906 1847 Maced.
924 1820 1004 1855 Lege.

225 1862 302 1890 Ortlt.
319 1871 328 1888 ‹
352 1862 399 1890 Sol
410 1868 521 1891 exortus
539 1868 580 1892 est
601 1872 683 1899 super
702 1869 812 1898 terram,
828 1869 854 1892 ct
873 1865 942 1892 Loth
965 1867 1006 1893 in-

223 1907 298 1934 troiit
311 1907 338 1934 in
354 1908 447 1935 urbem
459 1907 552 1943 Segor.
569 1909 697 1937 Dominus
710 1910 778 1945 pluit
789 1918 871 1945 supra
888 1910 1004 1938 Sodoma

224 1953 312 1988 ignem
340 1957 368 1981 et
398 1954 512 1989 sulphur
538 1962 553 1982 a
576 1954 690 1983 Domino
714 1964 729 1983 e
753 1957 838 1988 coelo,
859 1961 886 1984 et
910 1965 1004 1986 omnes

224 1999 285 2027 illas
301 2000 382 2028 urbes
398 2000 530 2028 subvertit
546 2001 565 2028 '.
585 2010 595 2027 ι
615 2001 683 2035 Quis
703 2002 855 2030 Dominus?
877 2003 900 2030 is
922 2003 1003 2030 nimi—

223 2052 283 2071 rum
300 2046 345 2080 qui
359 2045 463 2073 dixerat
475 2046 507 2073 ad
522 2045 590 2074 Loth
607 2056 614 2074 :
632 2057 641 2073 ι
660 2047 747 2074 Etiam
760 2048 788 2075 in
803 2047 885 2084 449
900 2049 950 2076 hac
974 2057 1004 2077 re

222 2090 374 2119 admiratus
393 2099 454 2118 sum
476 2091 571 2119 [aciem
596 2096 682 2124 tuam,
704 2101 739 2120 ne
757 2093 850 2121 urbem
870 2095 954 2126 illam,
969 2095 1003 2122 de

221 2142 276 2169 qua
292 2135 398 2164 locutus
415 2143 455 2168 es,
473 2137 642 2165 subvertant.
657 2137 777 2173 Propera
792 2139 887 2174 igitur,
900 2144 928 2166 ut
947 2140 1003 2167 illic

222 2182 350 2209 serveris.
363 2181 419 2210 Nec
436 2183 508 2210 enim
532 2188 626 2218 potero
647 2184 795 2219 quidquam
811 2192 899 2220 agere,
916 2185 1002 2214 donec

220 2233 255 2254 eo
269 2227 308 2254 sis
322 2228 470 2263 ingressus.
491 2238 500 2254 ι
518 2229 621 2257 Maced.
635 2229 711 2258 Unus
722 2230 829 2258 illorum
844 2235 903 2259 erat
918 2231 1007 2259 Domi-

221 2280 274 2300 nus
290 2282 297 2300 :
314 2281 379 2300 num
393 2274 465 2301 enim
480 2275 530 2310 ipsi
541 2275 616 2303 duo?
630 2275 706 2304 Orth.
728 2275 789 2304 Dixi
811 2276 927 2304 Lothum
940 2285 1002 2305 eum

221 2317 328 2346 duobus
346 2318 409 2350 illis,
431 2322 559 2354 tanquam
575 2327 638 2347 cum
653 2329 708 2348 uno
728 2321 812 2350 fuisse
826 2322 1000 2350 collocutum.

221 2362 320 2390 Dicunt
332 2363 404 2390 enim
423 2363 478 2391 duo
494 2365 533 2392 illi
554 2374 560 2392 :
580 2374 590 2391 ι
611 2365 638 2392 Si
658 2365 720 2401 quis
735 2365 779 2394 hic
794 2370 836 2394 est
849 2367 897 2393 tibi
909 2375 1001 2403 gener,

221 2413 268 2434 aut
285 2408 341 2441 ﬁlii,
366 2414 413 2436 aut
427 2410 497 2443 tiliae,
515 2410 583 2438 educ
601 2419 649 2439 eos
662 2415 761 2440 tecum.
777 2412 831 2440 Nos
853 2414 925 2441 enim
941 2421 1002 2449 per-

220 2455 255 2481 de
266 2462 316 2482 uus
332 2455 402 2483 hanc
414 2456 561 2484 civitatem.
579 2466 588 2482 ι
603 2457 682 2484 Modo
696 2457 778 2493 igitur
789 2458 866 2491 dicit,
881 2468 890 2485 ι
903 2458 969 2492 Nos,
989 2469 999 2486 ι

220 2504 330 2535 propter
352 2501 524 2537 hypostases,
547 2503 629 2530 modo
654 2511 719 2531 vero
749 2504 825 2536 dicit,
848 2513 858 2530 ι
890 2504 956 2539 Ego,
987 2515 997 2532 ι

218 2551 331 2582 propter
360 2553 495 2577 naturam.
519 2559 528 2575 ι
547 2548 691 2586 lntelligite
703 2558 779 2586 ergo,
798 2561 808 2577 ι
822 2557 853 2578 ιιι
867 2553 999 2587 scriptum

219 2598 271 2625 est,
294 2603 304 2620 ¢
325 2593 484 2630 insipientes
510 2595 537 2622 in
563 2596 674 2631 populo,
702 2601 729 2623 et
748 2597 831 2624 .stulti
854 2597 1000 2632 aliquando

218 2641 306 2675 sapite
320 2642 341 2668 ¹.
361 2650 371 2667 ι
391 2641 457 2668 Nam
479 2645 505 2669 et
521 2641 668 2676 Abraham,
685 2642 785 2677 agnitis
804 2643 892 2670 tribus
911 2643 998 2679 hypo-

219 2686 350 2719 stasibus,
363 2685 507 2714 Dominum
519 2687 586 2714 dicit
604 2697 611 2715 :
629 2693 656 2715 et
670 2687 739 2715 Loth
756 2687 863 2716 duabus
877 2689 1001 2716 animad-

1060 1591 1180 1628 ἑώρακεν
1200 1592 1325 1626 πώποτε;
1347 1603 1356 1620 ι
1377 1593 1451 1628 Ὀρθ.
1469 1592 1518 1620 Διὰ
1533 1593 1587 1629 γὰρ
1599 1593 1676 1620 τοῦτο
1691 1593 1727 1625 ὡς
1745 1593 1842 1630 ἄνδρες

1060 1636 1200 1674 ὤφθησαν,
1212 1638 1304 1674 ἐπειδὴ
1322 1639 1336 1666 ὅ
1347 1640 1404 1665 ἐστι
1421 1640 1454 1674 τῇ
1475 1639 1564 1674 φύσει,
1581 1639 1668 1671 οὐδεὶς
1682 1639 1743 1666 οὔτε
1760 1637 1840 1674 εἶδεν,

1059 1683 1121 1710 οὔτε
1138 1683 1201 1710 ίδεῖν
1213 1683 1333 1711 δύναται.
1346 1687 1422 1712 Max.
1442 1685 1512 1719 Ἐγὼ
1523 1685 1603 1719 λέγω,
1619 1685 1659 1711 ὅτι
1674 1686 1688 1712 ὁ
1699 1685 1762 1717 Υἱὸς
1778 1683 1814 1722 ἦν
1828 1687 1842 1713 6

1060 1730 1151 1765 ὀφθεὶς
1171 1729 1209 1766 τῷ
1227 1730 1360 1766 Ἀϐραάμ.
1382 1731 1457 1765 '0p9.
1474 1731 1557 1758 Πάλιν
1578 1729 1623 1758 οὖν
1645 1731 1778 1767 ἀναχωρῶ
1795 1732 1841 1759 τοῦ

1060 1775 1289 1811 ἀναγνώσματος;
1309 1777 1387 1803 Μακ.
1411 1776 1567 1811 Ἀνάγνωθι.
1590 1777 1666 1811 ὀρθ.
1688 1786 1697 1803 ι
1721 1778 1751 1804 ’0
1766 1778 1841 1813 ἥλιος

1058 1822 1168 1858 ἐξῆλθεν
1187 1822 1233 1848 ἐπὶ
1244 1822 1292 1857 τὴν
1306 1822 1367 1858 γῆν,
1388 1822 1435 1849 καὶ
1453 1817 1514 1849 Ᾱὼτ
1532 1823 1654 1858 εἰσῆλθεν
1673 1825 1712 1855 είς
1729 1824 1837 1860 Σηγώρ·

1057 1868 1159 1904 Κύριος
1172 1867 1280 1903 ἔϐρεξεν
1295 1868 1339 1894 ἐπὶ
1356 1868 1458 1903 Σόδομα
1471 1868 1527 1904 πῦρ
1545 1869 1590 1895 καὶ
1605 1869 1674 1896 θεῖον
1690 1870 1766 1905 παρὰ
1783 1871 1840 1897 Κύ-

1058 1914 1116 1950 ρίου
1131 1915 1163 1940 ὲκ
1178 1913 1224 1940 τοῦ
1235 1914 1358 1950 οὐρανοῦ,
1374 1914 1421 1941 καὶ
1431 1915 1613 1951 κατέστρεψεν
1626 1915 1714 1948 πάσας
1725 1916 1775 1948 τὰς
1791 1916 1840 1943 πό-

1057 1959 1122 1992 λεις.
1141 1969 1150 1986 ι
1161 1960 1241 1992 Ποῖος
1252 1959 1353 1996 Κύριος
1364 1969 1371 1993 ;
1389 1960 1477 1995 δῆλον,
1490 1961 1531 1987 ὃτι
1550 1962 1564 1987 ὁ
1577 1961 1694 1997 εἰρηκὼς
1705 1961 1744 1997 τῷ
1766 1962 1838 1995 Λὼτ,

1056 2007 1098 2033 ὃτι
1116 2014 1126 2031 ι
1149 2005 1305 2041 Ἐθαύμασᾱ
1319 2014 1366 2032 σου
1382 2005 1413 2032 τδ
1428 2006 1581 2042 πρόσωπον,
1605 2007 1651 2033 καὶ
1664 2007 1710 2033 ἐπὶ
1728 2006 1767 2043 τῷ
1790 2009 1839 2044 ρή-

1057 2060 1122 2087 ματι
1134 2051 1221 2086 τούτῳ
1236 2052 1272 2087 μὴ
1289 2052 1344 2087 (21)
1360 2052 1543 2088 καταστρέψαι
1557 2052 1606 2087 τὴν
1624 2053 1710 2084 πόλιν,
1725 2055 1788 2089 περὶ
1803 2052 1838 2092 ἧς

1055 2096 1197 2132 ὲλὰλησας.
1220 2097 1339 2124 ’Σπεῦσον
1358 2095 1404 2124 οὖν
1423 2097 1539 2132 σωθῆναι
1552 2098 1618 2124 ἐκεῖ.
1631 2099 1668 2125 Οὐ
1687 2099 1741 2134 γὰρ
1758 2100 1838 2137 δυνήο

1056 2151 1138 2177 σομαι
1158 2142 1269 2178 ποιῆσαι
1291 2144 1406 2179 πρᾶγμα
1419 2143 1472 2175 ἓως
1487 2144 1534 2171 τοῦ
1547 2144 1676 2171 εἰσελθεῖν
1696 2154 1724 2171 σε
1739 2147 1806 2172 ἐκεῖ.
1824 2156 1835 2173 ι

1055 2190 1130 2227 Max.
1154 2188 1182 2214 '0
1201 2185 1241 2220 εἷς
1265 2186 1299 2224 ἦν
1315 2190 1329 2215 ό
1355 2189 1469 2225 Κύριος·
1491 2190 1528 2226 μὴ
1554 2190 1608 2227 γὰρ
1631 2192 1655 2217 οἱ
1670 2191 1734 2223 δύος
1759 2192 1835 2226 Ὀρθ.

1023 2234 1045 2261 D
1058 2223 1203 2265 έῐπον,ὅτι
1224 2223 1282 2265 τοῖς
1300 2233 1375 2260 δυσὶν
1394 2223 1432 2266 ὧς
1453 2223 1497 2261 ἐνὶ.
1512 2223 1653 2269 διελέγετο.
1679 2223 1794 2271 Ἀμέλει-
1811 2237 1836 2263 ot

1053 2277 1101 2304 δύο
1117 2277 1255 2311 λέγουσιν’
1273 2287 1283 2303 ι
1303 2277 1335 2304 Et
1350 2278 1406 2306 ἐστι
1429 2287 1470 2306 σοι
1488 2276 1537 2306 ὦδε
1558 2280 1691 2316 γαμϐρὸς,
1707 2281 1723 2316 ἥ
1739 2282 1802 2313 υἱοὶ,
1817 2283 1834 2318 ἢ

1054 2323 1212 2359 θυγατέρες,
1230 2323 1347 2359 ἐξάγαγε
1370 2325 1437 2360 μετὰ
1457 2323 1579 2352 σεαυτοῦ.
1599 2325 1764 2362 Ἀπόλλυμεν
1781 2328 1835 2364 γὰρ

1053 2370 1134 2405 ἡμεῖς
1157 2369 1207 2404 τὴν
1232 2369 1307 2395 πόλιν
1329 2370 1441 2404 ταύτην.
1463 2381 1472 2397 ι
1491 2371 1558 2397 [lore
1573 2369 1619 2398 οὖν
1631 2373 1661 2398 τὺ
1677 2381 1687 2397 ι
1709 2372 1804 2408 Ἡμεῖς
1822 2383 1832 2400 ι

1053 2413 1125 2448 λέγει
1137 2414 1180 2440 διὰ
1191 2414 1238 2445 τὰς
1251 2415 1421 2448 ὑποστάσεις,
1437 2415 1500 2442 ποτὲ
1521 2415 1550 2442 δὲ
1564 2416 1593 2442 τὸ
1604 2425 1613 2441 ι
1625 2416 1694 2450 Ἐγὼ
1705 2426 1714 2442 ι
1729 2417 1774 2444 διὰ
1786 2417 1835 2453 τὴν

1056 2460 1145 2494 φύσιν.
1166 2468 1176 2484 ι
1195 2459 1290 2486 Σύνετε
1312 2457 1367 2492 οὖν,
1383 2469 1393 2486 ι
1410 2460 1499 2492 καθὼς
1517 2461 1634 2497 εἴρηται,
1654 2470 1663 2487 ι
1679 2462 1794 2498 ἄφρονες
1806 2463 1835 2490 ὲν

1049 2505 1089 2540 τῷ
1116 2500 1181 2541 λαῷ,
1207 2506 1252 2532 καὶ
1279 2506 1364 2542 μωροί
1389 2515 1452 2534 ποτε
1476 2509 1637 2544 φρονήσατε.
1670 2518 1680 2534 ι
1701 2509 1762 2536 ὀτι
1788 2511 1834 2537 καὶ

1056 2551 1191 2587 Ἀϐραὰμ,
1214 2551 1264 2583 τὰς
1288 2553 1362 2587 τρεῖς
1388 2553 1549 2586 ὑποστάσεις
1574 2553 1709 2588 ἐγνωκὼς,
1731 2555 1835 2592 Κύριον

1050 2596 1123 2631 λέγει
1137 2605 1144 2612 ·
1157 2596 1204 2623 καὶ
1212 2596 1284 2629 Λὼτ,
1298 2597 1347 2629 τὰς
1357 2597 1403 2625 δύο
1413 2598 1548 2633 ἐγνωκὼς,
1561 2600 1661 2635 ὁμοίως
1675 2600 1776 2636 Κύριον
1789 2601 1834 2628 λέ-

1050 2651 1109 2677 γει’
1133 2643 1179 2669 καὶ
1211 2643 1247 2678 μὴ
1271 2643 1398 2680 διαιρεῖτε
1424 2644 1459 2671 τὰ
1482 2645 1630 2680 ἀδιαίρετα,
1661 2646 1728 2682 μηδὲ
1757 2647 1830 2682 μερί-

1051 2687 1111 2719 ζετε
1127 2686 1183 2723 (‘22)
1197 2686 1231 2714 τὰ
1243 2688 1390 2724 ἀμέριστα.
1403 2691 1480 2717 Max.
1495 2691 1587 2726 Ἔχεις
1602 2700 1646 2727 μοι
1666 2693 1764 2723 εἰπεῖν,
1782 2691 1833 2720 ποῦ

253 2763 275 2779 ⁸³
295 2762 363 2791 Gen.
378 2772 433 2797 xxx,
450 2763 496 2798 2i,
512 2763 557 2792 22.
595 2765 618 2782 ”
632 2763 712 2792 Joan.
730 2771 750 2798 ι,
768 2764 809 2792 l8.
849 2765 857 2780 '
876 2764 945 2794 Gen.
965 2773 1005 2793 xu

1059 2765 1086 2798 3,
1104 2765 1148 2792 24.
1185 2767 1196 2782 ³
1216 2766 1289 2794 Psal.
1310 2774 1387 2800 xcm,
1403 2768 1429 2794 8.

258 2843 314 2880 (ει)
334 2844 380 2872 Sic
392 2852 457 2872 mss.
475 2848 557 2873 recte.
571 2844 600 2872 In
615 2845 695 2874 editis
711 2845 747 2880 μή
763 2844 849 2872 deest.

1089 2841 1145 2879 (22)
1162 2842 1200 2870 Ita
1216 2842 1301 2873 Palat.
1318 2844 1389 2872 Editi
1404 2853 1478 2879 vero,
1499 2846 1651 2882 μερίζεσθι.
