1926 3067
63 173 128 199 {2'25

82 192 109 199 ...ο

63 278 105 304 καὶ
122 279 137 313 ἡ
152 277 257 304 name
282 278 401 314 Διαῦήκη
422 278 475 306 οἶδε
498 279 546 311 τὰς
563 281 635 315 τρεῖς
659 279 836 311 ὑποστάσεις·

62 323 106 349 καὶ
125 324 169 350 οὐκ
193 324 420 359 ἔπελανθανομένη
445 324 497 350 τῶν
523 324 725 360 προειρημένων
747 323 836 358 λέγει’

65 378 73 393 ι
88 368 182 403 Κύριος
196 369 209 394 ὁ
223 369 287 399 Θεός
300 377 356 400 σου,
370 370 470 404 Κύριος
483 367 523 400 εἷς
536 370 618 402 ἐστιν,
639 380 647 395 ι
669 369 726 396 ἀλλ’
741 369 836 396 ἐνοῦσα

61 414 106 449 τὴν
121 414 239 449 θεότητα.
252 415 350 441 ’Ἄκουε
364 413 409 441 οὖν
421 415 468 440 τοῦ
492 415 551 441 Ἰὼϐ
565 416 686 450 λέγοντος
696 424 702 430 ·
720 425 729 440 ‹
750 415 779 441 Ὁ
791 424 836 442 τα-

61 459 138 491 νύσας
151 461 194 486 τὸν
212 461 323 496 οὐρανὸν
341 461 419 496 μόνος
433 461 480 487 καὶ
498 461 654 496 περιπατῶν
671 462 716 487 ἐπὶ
739 460 838 488 Θαλάσ-

61 513 108 539 σης
119 506 154 536 ὡς
168 506 212 531 ἐπὶ
228 505 350 539 ἐδάφους.
372 516 380 531 ι
395 505 488 541 Δῆλον,
502 507 542 532 ὅτι
557 507 601 532 τὸν
613 507 676 532 Ti?”
687 506 758 540 λέγει
773 515 839 542 προ-

61 551 186 586 φητικῶς.
205 551 232 577 Ὀ
257 552 311 587 γὰρ
334 553 522 588 περιπατήσας
540 553 586 578 ἐπὶ
608 552 742 587 Θαλάσσης
759 553 838 584 αὑτός

61 605 139 623 εστιν.

59 643 188 670 dicentem
216 653 221 670 :
242 652 250 668 ‹
271 643 322 676 Qui
356 645 430 671 solus
456 645 554 671 emtum
587 645 720 676 extendit,
742 650 767 671 et
788 653 870 680 super

531 174 574 200 DE
590 173 725 201 SANCTA
742 173 930 200 TlIlNl'I‘ATl'l
948 172 1120 200 DIALOGIJS
1141 172 1183 201 lll.

63 231 216 268 γέγραπται,
234 233 298 264 Θεὶς
311 234 338 258 τὸ
357 233 480 268 Πνεῦμα,
502 235 576 268 Ὀρθ.
593 234 666 266 Τέως
678 234 832 269 ἔμαθες,ὅτι

888 234 926 261 sis
963 233 1105 260 Dominum
1142 234 1235 261 itidem
1271 233 1366 261 dicit:

1599 173 1668 200 1226

1388 241 1478 268 neque
1502 233 1613 261 dividite
1636 241 1667 261 ea

890 288 950 315 qua:
977 280 1060 307 dividi
1087 288 1140 307 non
1162 283 1297 315 possunt,
1317 287 1407 314 neque
1435 280 1576 315 partimini
1609 288 1669 315 qua:

890 325 1062 360 partitionem
1089 333 1145 352 non
1173 325 1331 361 admittunt.
1359 324 1462 351 Maced.
1491 324 1572 353 Pote's
1601 325 1668 352 inih'i

889 371 990 404 dicere,
1009 371 1055 398 ubi
1070 372 1201 405 scriptum
1220 372 1265 402 sit,
1283 371 1401 406 Spiritus
1416 375 1459 398 est
1478 370 1569 398 Deus?
1590 370 1666 398 0rlli.

890 417 1027 444 Hactenus
1054 417 1192 449 didicisti,
1226 416 1318 444 Veteri
1354 424 1462 452 quoque
1494 416 1668 444 Testamento

889 463 1013 497 cognitas
1026 462 1110 490 fuisse
1126 467 1180 490 tres
1197 463 1368 498 bypostases,
1383 463 1455 498 quod
1470 463 1551 490 etiam
1570 459 1669 490 Testa-

889 512 1009 534 mentum
1026 508 1215 543 pra-.dictomm
1232 514 1319 536 tamen
1349 516 1402 535 non
1419 509 1560 536 immemor
1576 508 1642 535 dicit
1660 518 1666 535 :

892 563 901 579 ι
932 554 1060 581 Dominus
1085 554 1155 581 Deus
1177 559 1250 588 tuus,
1275 555 1404 582 Dominus
1430 563 1501 582 unus
1516 558 1558 582 est
1573 555 1595 586 ³,
1614 564 1622 580 ι
1641 558 1670 581 ut

890 599 1017 626 deitatem
1043 599 1076 626 ad
1104 607 1187 626 animi
1211 601 1353 634 redigeret.
1375 599 1444 627 Audi
1470 600 1551 634 igitur
1572 599 1668 626 Jobum

890 653 964 673 mare
993 647 1072 680 quasi
1099 647 1126 672 in
1157 646 1214 673 solo
1245 645 1395 673 iuambulat
1419 645 1439 672 ⁸.
1466 655 1475 670 ι
1499 644 1598 679 ‘Palam
1628 649 1669 672 est

58 696 118 716 eum
135 689 167 716 de
187 689 255 716 Filio
279 691 436 725 prophetiee
458 691 541 726 loqui.
565 692 589 719 ls
610 692 680 718 enim
699 696 750 724 est,
769 693 813 727 qui
833 700 915 727 super
927 702 1000 720 mare
1013 694 1169 720 ambulavit.

93 746 133 773 15.
153 748 262 774 Μίικεδ.
282 749 328 775 Ίδὲ
347 747 392 775 οὖν
406 750 496 782 πάλιν,
512 751 525 776 ὁ
542 750 603 781 Υἱὸς
615 751 694 786 μόνος
707 753 836 787 περιεπά-

56 801 136 827 τησεν
149 793 194 819 ἐπὶ.
210 794 260 828 τῆς
283 793 428 830 Θαλάσσης.
452 795 524 828 Ὀρθ.
547 796 615 822 Ἀλλ’
633 795 718 829 εἷπον,
740 798 780 824 ὅτι
806 798 836 824 τὸ

59 839 134 873 μόνος
147 839 191 865 ἐπὶ
202 840 250 874 τῆς
263 840 388 875 θεότητος
406 841 606 877 λαμϐανόμενον
618 842 654 873 ὡς
667 844 712 869 ἐπὶ
721 843 751 869 τὸ
763 843 836 869 πλεῖ-

59 892 118 909 στον
133 884 250 919 Πατέρα,
267 886 314 911 καὶ
344 886 416 916 Υἱὸν,
446 887 492 912 καὶ
517 886 592 920 ἂγιον
612 887 723 923 Πνεῦμα
752 889 833 922 λέγει.

57 928 115 954 Εἰσὶ
129 929 155 954 δέ
171 938 240 960 τινα,
265 930 282 956 2'1.
297 929 377 965 μόνον
392 931 438 956 τοῦ
457 931 519 956 Υἱοῦ
536 931 589 957 ἵδιὰ
602 933 663 958 εἰσι.
680 933 766 965 Μόνος
784 933 836 969 γὰρ
852 930 872 957 Β

56 973 258 1009 ἐνηνορώπησε,
287 976 366 1010 μόνος
383 976 543 1012 ἐϐαπτίσθη,
571 979 649 1013 μόνος
672 979 704 1004 ἐκ
730 980 835 1014 Πατρὶς

56 1021 222 1055 γεγέννηται,
240 1022 319 1056 μόνος
341 1023 508 1059 ἐσταυρώθη,
523 1024 569 1050 καὶ
584 1025 633 1050 ὅσα
655 1025 781 1052 τοιαῦτα·
804 1028 834 1053 οὐ

56 1065 195 1101 χωρισθεὶς
210 1067 259 1101 τῆς
278 1067 323 1093 τοῦ
340 1069 443 1104 Πατρὶς
459 1069 644 1102 ὑποστάσεως,
668 1071 724 1097 ἀλλ’
748 1071 785 1097 ὢν
807 1073 834 1097 ὲν

56 1113 138 1147 αὐτῷ,
164 1113 210 1139 καὶ
236 1113 315 1138 αὑτὸν
338 1113 406 1148 ἔχων
431 1115 459 1140 ἐν
485 1115 584 1150 ἑαυτῷ,
603 1116 767 1143 ὶδιοποιεῖται
786 1117 834 1152 τὴν

56 1158 267 1194 ἐνανορώπησιν,
290 1159 333 1185 ἵνα
362 1159 584 1195 διευκρινηοῶσιν
613 1162 640 1187 αἱ
663 1163 833 1195 ὑποστάσεις.

56 1205 115 1231 Ἵνα
128 1205 154 1230 δὲ
170 1205 206 1240 μὴ
226 1205 348 1240 νομίσῃς,
360 1206 428 1241 ὁτιή
441 1206 545 1232 Παλαιὰ
563 1207 628 1243 μόνη
651 1206 703 1234 οἶδε
720 1208 766 1234 τὸν
788 1209 835 1235 ἕνα

55 1251 104 1277 καὶ
121 1250 197 1286 μόνον
210 1251 274 1277 Θεὸν
288 1251 489 1285 καταγγέλλειν,
505 1252 619 1279 ἄκουσον
630 1254 711 1279 αὑτοῦ
726 1254 772 1280 τοῦ
781 1255 836 1281 Σω-

54 1296 136 1331 τῆρος
152 1295 289 1330 λέγοντος·
314 1307 322 1322 ι
346 1297 511 1332 Γέγραπται,
539 1299 630 1334 Κυρίῳ
655 1299 694 1335 τῷ
716 1300 774 1335 Θεῴ
789 1309 834 1326 σου

55 1344 260 1379 προσκυνήσεις,
274 1344 320 1370 καὶ⁴
335 1345 408 1379 αὺτῴ
425 1345 498 1381 μόνῳ
511 1345 677 1381 λατρεύσεις.
701 1357 710 1373 ι
733 1348 787 1374 Καὶ
806 1350 834 1376 ὲν

53 1389 153 1420 ἄλλοις,
182 1389 338 1424 ἐρωτηθεὶς,
361 1391 425 1416 ποία
452 1391 544 1427 ἐντολὴ
573 1392 677 1428 μεγάλη
703 1394 731 1419 ἐν
749 1394 832 1429 νόμῳ,

53 1433 146 1461 εἶπεν·
163 1444 171 1460 ι
198 1436 362 1471 Ἀγαπήσεις
383 1436 483 1472 Κύριον
503 1438 549 1464 τὸν
571 1438 636 1464 Θεόν
660 1448 704 1465 σου
721 1440 751 1471 ἐξ
772 1440 834 1475 ὅλης

53 1481 104 1515 τῆς
118 1480 205 1515 ψυχῆς
222 1489 279 1512 σου,
295 1482 341 1508 καὶ
357 1482 386 1514 ἐξ
401 1483 464 1518 ὅλης
480 1483 527 1518 τῆς
542 1484 655 1519 καρδίας
672 1493 729 1516 σου,
747 1486 792 1512 καὶ
806 1486 834 1519 ἐξ

52 1525 117 1560 ὅλης
129 1526 176 1560 τῆς
187 1525 276 1560 ἱσχὺος
284 1534 341 1552 σου·
351 1527 395 1553 καὶ
407 1527 452 1553 τὸν
460 1528 571 1563 πλησίον
585 1537 629 1555 σου
638 1529 675 1561 ὡς
687 1530 806 1556 σεαυτόν.
822 1540 832 1556 ι

50 1569 136 1606 ⁷Αρα,
152 1572 243 1607 ἐπειδὴ
271 1572 320 1599 οὑκ
350 1571 409 1599 εἷπε
427 1573 527 1608 Κύριον
555 1574 600 1600 τὸν
618 1575 682 1601 Θεόν
702 1584 759 1608 σου,
785 1576 832 1602 καὶ

51 1615 116 1641 Υἰὺν
129 1616 222 1647 αὑτοῦ,
237 1617 268 1643 οὐ
281 1617 321 1643 δεῖ
337 1618 446 1653 ἀγαπᾷν
463 1619 545 1653 ἡμᾶς,
563 1619 662 1654 μᾶλλον
677 1620 705 1646 δὲ
719 1629 832 1654 συναγα-
846 1607 866 1635 C

50 1662 105 1697 πᾷν
119 1662 213 1697 Κυρίῳ
232 1663 270 1697 τῷ
296 1663 355 1698 Θεῷ
372 1663 419 1689 καὶ
442 1664 515 1695 Υἱὺν,
543 1665 588 1691 καὶ
613 1665 643 1691 τὸ
672 1665 782 1701 Πνεῦμα
803 1666 833 1692 τὸ

49 1706 128 1738 ἅγιον
141 1715 147 1739 ;
163 1707 272 1734 Μακεδ.
287 1708 349 1734 Ναί.
365 1708 433 1734 Ἀλλ’
450 1709 519 1741 εἰπὲ,
535 1709 585 1736 ποῦ
603 1710 667 1742 Θεὸς
682 1711 712 1737 τὸ
723 1711 833 1746 Πνεῦμα

48 1752 169 1787 εἴρηται.
192 1753 264 1786 Ὀρθ.
275 1753 350 1784 Τέως
365 1754 433 1788 μάθε
445 1755 510 1781 αὐτὸ
523 1755 559 1790 μὴ
573 1755 699 1790 χωρίζειν
711 1756 761 1791 τῆς
777 1766 833 1783 κοι-

48 1798 148 1829 νωνίας
164 1798 210 1824 τοῦ
229 1800 335 1834 nam;
351 1801 397 1826 καὶ
411 1800 457 1827 τοῦ
475 1801 550 1832 Υἱοῦ,
579 1801 646 1827 ἀλλὰ
674 1803 832 1838 συναγαπᾷν

45 1843 88 1879 τῷ
102 1845 199 1880 Πατρὶ,
213 1846 259 1871 καὶ
271 1846 309 1881 τῷ
321 1846 388 1882 Υίῴ,
398 1847 444 1873 καὶ
459 1847 489 1874 τὸ
502 1848 577 1882 ἅγιον
589 1847 710 1883 Πνεῦμα,
724 1848 753 1880 ἐξ
769 1848 832 1884 ὅλης

45 1889 98 1925 τῆς
116 1890 206 1925 ἰσχύος
217 1899 273 1925 σου,
285 1891 332 1918 καὶ
349 1892 377 1925 ἐξ
391 1893 454 1928 ὅλης
465 1893 515 1928 τῆς
530 1893 617 1928 ψυχῆς
634 1903 689 1927 σου,
709 1895 755 1920 καὶ
771 1895 831 1921 τότε

45 1935 197 1968 ἐπίγνωσιν
213 1936 279 1963 Θεοῦ
293 1937 429 1972 εὑρήσεις.
445 1938 554 1966 Μακεδ.
578 1939 686 1973 Ἀγαπῶ
702 1940 751 1975 μὲν
767 1940 831 1966 αὐτὸ

45 1981 77 2013 ἐξ
91 1981 155 2017 ὅλης
166 1982 216 2016 τῆς
227 1983 347 2018 καρδίας,
364 1985 411 2011 καὶ
425 1985 454 2017 ἐξ
467 1985 529 2021 ὅλης
541 1986 589 2022 τῆς
605 1985 693 2021 ψυχῆς
716 1986 762 2012 καὶ
775 1986 832 2014 δια-

43 2025 138 2057 νοίας-
157 2027 187 2052 οὑ
205 2027 257 2062 μὴν
274 2028 388 2063 θεολογῶ
404 2030 479 2057 αὑτό,
502 2031 574 2064 Ὀρθ.
597 2031 660 2062 Πῶς
687 2031 741 2067 γὰρ
766 2031 830 2068 δύνῃ

43 2071 246 2107 θεολογῆσαιτὸ
263 2074 383 2109 Πνεῦμα.
399 2076 413 2101 ὁ
428 2075 466 2111 μὴ
482 2075 565 2102 Θέλων
583 2077 669 2103 εἰπεῖν
683 2077 731 2112 τὴν
748 2077 831 2112 αὐτὴν

41 2117 152 2148 οὐσίαν,
161 2118 303 2152 καὶδόξαν,
319 2121 365 2146 καὶ
376 2121 482 2156 βουλὴν,
494 2122 540 2148 καὶ
550 2122 662 2157 δύναμιν
670 2123 774 2158 Πατρὸς
784 2123 830 2150 καὶ

43 2162 122 2195 Tim");
131 2163 188 2190 ἀλλ’
199 2165 305 2191 ἐναντία
312 2166 426 2201 εὑρέθης
434 2167 519 2201 λέγων
552 2168 733 2203 προσεὸάλλου
742 2168 830 2195 πίστει

42 2208 91 2234 τοῦ
106 2210 244 2246 μακαρίου
259 2211 419 2238 Λουκιανοῦ.
431 2212 619 2246 Μακεδ.Ἔγὼ
634 2213 830 2245 πιστεύω,ὡςό

40 2255 181 2290 μακάριος
192 2257 348 2289 Λουκιανὸς,
370 2258 416 2284 καὶ
437 2257 508 2291 λέγω
521 2258 623 2290 οὐσίας,
653 2259 699 2285 καὶ
721 2259 828 2294 βουλῆς,

38 2301 90 2327 καὶ
106 2301 259 2337 δυνάμεως,
275 2304 322 2330 καὶ
336 2304 414 2339 δόξης
428 2303 634 2339 ἀπαράλλακτον
651 2305 758 2331 εἰκόνα·
778 2305 827 2340 τὴν

36 2347 128 2383 αὐτὴν
145 2349 176 2374 οὑ
188 2348 259 2382 λέγω
274 2350 333 2376 οὑδὲ
346 2350 449 2382 οὐσίαν,
464 2351 523 2376 οὐδὲ
545 2350 667 2386 θεότητα,
690 2351 750 2377 οὐδὲ
768 2351 828 2386 βου-

36 2393 100 2428 λὴν,
127 2393 190 2421 οὔτε
213 2395 336 2430 δύναμιν,
358 2395 419 2422 οὔτε
441 2396 528 2430 δόξαν.
560 2397 630 2430 Ὀρθ.
665 2397 758 2432 Σαυτῷ
782 2395 828 2424 οὖν

35 2440 152 2466 ἐναντία
165 2440 253 2475 λέγεις
269 2443 362 2478 καὶτῷ
374 2443 499 2479 μακαρίῳ
507 2443 646 2478 Λουκιανῷ
656 2452 662 2458 ·
677 2444 723 2470 καὶ
734 2443 828 2479 ὥσπερ

33 2487 62 2512 οἱ
76 2487 226 2522 Μανιχαῖοι
251 2489 296 2514 καὶ
314 2489 431 2524 Φρύγες,
449 2489 496 2515 καὶ
516 2490 601 2515 πᾶσαι
624 2489 743 2523 αἱρέσεις
769 2489 826 2524 (25)

33 2533 179 2566 λέγουσιν,
190 2534 276 2566 οὕτως
290 2535 460 2571 πιστεύομεν,
475 2535 512 2567 ὡς
523 2536 548 2562 οἱ
561 2536 719 2562 ἀπόστολοι·
735 2536 826 2569 ἐξετα-

32 2579 150 2613 ζόμενοι
165 2580 204 2612 δὲ,
220 2581 326 2608 ἐναντία
340 2583 510 2617 εὑρίσκονται
525 2582 648 2616 λέγοντες
658 2591 664 2596 ·
690 2581 760 2609 οὕτω
780 2582 827 2609 καὶ

30 2625 121 2656 αὐτὸς
132 2625 230 2659 ποιεῖς.
246 2627 302 2653 Καὶ
309 2627 439 2654 Ἰουδαίων
447 2627 475 2654 δὲ
484 2627 556 2654 ἔστιν
570 2627 742 2660 ἀκοῦσαι,ὅτι
750 2626 827 2654 Οὕτω

30 2673 217 2708 πιστεύομεν,
228 2674 266 2705 ὡς
280 2674 294 2700 ὁ
309 2675 441 2710 μακάριος
451 2675 552 2710 Μωσῆς
574 2676 621 2702 καὶ
633 2675 658 2701 οἱ
678 2674 825 2710 προφῆται,

845 2282 867 2309 D

921 753 965 779 15.
982 752 1085 780 Haced.
1100 753 1219 780 Rursum
1236 753 1319 788 igitur
1332 753 1404 783 vide,
1421 752 1496 780 solus
1510 751 1598 779 Filius
1622 759 1668 779 su-

885 806 934 833 per
947 806 1021 825 mare
1036 799 1194 826 ambulavit.
1218 798 1294 825 Orl/t.
1314 798 1349 824 At
1372 805 1422 832 ego
1447 797 1501 824 dixi
1524 797 1608 827 istud,
1625 804 1670 823 so-

886 843 938 872 lus.
954 850 1015 869 cum
1030 842 1123 869 deitati
1139 842 1270 869 tribuitur
1281 862 1288 874 ,
1316 843 1476 877 plerumque
1501 840 1624 873 Patrem,
1643 845 1669 867 et

886 887 994 919 Filium,
1012 893 1038 915 et
1050 887 1181 922 Spiritum
1197 892 1320 915 sanetum
1336 887 1485 915 declarare.
1500 888 1569 915 Sunt
1579 891 1668 915 autem

887 934 1008 968 quadam
1027 935 1110 961 solius
1123 933 1182 960 Filii
1198 935 1318 969 propria.
1335 934 1415 962 Solus
1429 935 1502 961 enim
1527 934 1614 962 factus
1628 938 1670 962 est

886 980 975 1011 homo,
993 981 1067 1008 solus
1088 980 1241 1014 baptizatus
1262 983 1314 1011 est,
1327 980 1402 1007 solus
1415 988 1448 1007 ex
1463 979 1545 1007 Patre
1560 981 1669 1015 genitus

886 1030 937 1056 est,
948 1026 1022 1053 solus
1039 1026 1088 1052 l'uit
1101 1026 1259 1057 cruciﬁxus,
1271 1029 1298 1053 et
1310 1034 1478 1061 quacunque
1493 1030 1557 1053 sunt
1573 1026 1668 1061 hujus-

886 1071 957 1098 modi
975 1081 981 1097 :
997 1072 1078 1106 idque
1092 1079 1145 1098 non
1162 1075 1304 1106 separatus
1316 1079 1331 1098 a
1346 1071 1436 1099 Patris
1451 1071 1603 1107 hypostasi,
1620 1071 1667 1099 sed

886 1120 915 1143 ut
934 1118 980 1151 qui
1000 1118 1027 1144 in
1046 1118 1105 1152 ipso
1117 1121 1199 1149 esset,
1214 1120 1241 1145 et
1253 1125 1314 1145 eum
1326 1117 1353 1144 in
1366 1125 1426 1145 sese
1441 1117 1563 1151 haberet,
1579 1118 1668 1144 incar—

885 1163 1020 1190 nationem
1036 1163 1086 1190 sibi
1099 1163 1236 1198 propriam
1248 1163 1340 1195 habet,
1356 1167 1386 1190 ut
1403 1163 1454 1190 rite
1462 1163 1666 1198 distinguantur

885 1208 1056 1243 hypostases.
1087 1209 1124 1234 Ae
1151 1215 1184 1234 ne
1208 1207 1348 1235 existimes
1364 1207 1452 1234 solum
1468 1206 1552 1235 Vetus
1567 1206 1664 1234 Testa-

885 1259 1004 1280 mentum
1027 1261 1110 1280 unum
1132 1257 1158 1281 et
1177 1254 1263 1280 solum
1289 1254 1373 1280 Deum
1398 1253 1579 1286 annuntiare,
1601 1253 1663 1280 audi

887 1300 1054 1327 Salvatorem
1079 1301 1166 1335 ipsum
1182 1300 1316 1327 (licentem
1331 1309 1337 1327 :
1360 1309 1369 1325 ι
1392 1299 1529 1334 Scriptum
1545 1305 1598 1333 est,
1612 1299 1665 1327 Do-

886 1346 988 1372 minum
1006 1345 1089 1372 Deum
1103 1350 1177 1372 tuum
1193 1345 1331 1377 adorabis,
1348 1350 1374 1372 et
1392 1345 1430 1372 illi
1442 1346 1492 1373 soli
1506 1346 1608 1374 servies
1619 1347 1640 1374 ⁵.
1655 1356 1664 1372 ι

885 1391 918 1418 Et
935 1392 1010 1425 alibi,
1028 1395 1139 1426 rogatus
1168 1391 1302 1426 quodnam
1321 1396 1392 1418 esset
1404 1392 1549 1418 maximum
1567 1392 1594 1418 in
1609 1392 1668 1427 lege

885 1440 1059 1472 praeceptum.
1071 1437 1158 1471 inquit
1172 1446 1178 1463 :
1196 1445 1205 1461 ‹
1225 1435 1324 1471 Diliges
1339 1435 1482 1462 Dominum
1496 1435 1577 1463 Deum
1591 1440 1666 1463 tuum

885 1491 918 1510 ex
932 1486 988 1509 tota
1003 1483 1092 1509 anima
1110 1486 1166 1513 tua,
1182 1485 1208 1508 et
1224 1489 1256 1509 ex
1270 1486 1325 1508 toto
1343 1481 1423 1508 corde
1445 1485 1502 1514 tuo,
1513 1485 1539 1508 et
1556 1489 1587 1509 ex
1601 1483 1666 1509 totis

885 1528 990 1555 viribus
1006 1529 1061 1555 tuis
1078 1538 1084 1553 :
1102 1532 1128 1554 et
1144 1527 1295 1563 proximum
1310 1531 1386 1553 tuum
1404 1527 1475 1554 sicut
1488 1527 1602 1562 teipsum
1616 1528 1636 1554 °.
1653 1537 1663 1552 ι

885 1573 955 1600 Num
982 1581 1046 1601 vero
1070 1573 1198 1608 quoniam
1228 1580 1283 1599 non
1302 1572 1388 1605 dixit,
1412 1572 1556 1599 Dominum
1582 1572 1666 1599 Deum

884 1623 960 1647 tuum
975 1624 1002 1646 et
1015 1617 1112 1645 Filium
1127 1619 1185 1653 ejus
1198 1638 1205 1650 ,
1232 1625 1284 1644 non
1302 1622 1408 1653 oportet
1423 1626 1473 1646 nos
1495 1618 1618 1655 diligere,
1635 1626 1666 1646 ac

883 1673 937 1692 non
955 1664 1045 1699 potius
1062 1671 1116 1690 una
1127 1672 1187 1690 cum
1207 1663 1285 1690 Patre
1298 1663 1373 1698 diligi
1396 1667 1452 1690 tum
1469 1662 1568 1690 Filium
1581 1684 1587 1696 ,
1609 1668 1665 1690 tum

883 1711 1015 1746 Spiritum
1030 1710 1172 1737 sanctum?
1192 1709 1297 1736 Haced.
1316 1710 1396 1737 Sane.
1426 1710 1478 1737 Sed
1493 1710 1593 1742 dicito,
1620 1710 1666 1737 ubi

884 1757 1003 1791 Spiritus
1028 1760 1140 1783 sanctus
1164 1756 1254 1783 dictus
1281 1757 1315 1782 sit
1343 1756 1424 1783 Deus.
1443 1755 1519 1783 Orth.
1544 1755 1665 1783 Primum

882 1801 957 1828 disce
968 1801 1098 1835 Spiritum
1111 1809 1164 1828 non
1184 1808 1310 1835 separare
1324 1809 1338 1828 a
1356 1800 1446 1828 Patris
1464 1806 1491 1828 et
1505 1799 1567 1827 Filii
1591 1808 1666 1828 com-

882 1848 1030 1879 munione,
1049 1855 1096 1875 seu
1117 1855 1170 1874 una
1195 1855 1257 1874 cum
1288 1847 1367 1874 Patre
1390 1851 1417 1874 et
1441 1846 1508 1875 Filio
1534 1846 1665 1882 Spiritum

881 1901 990 1928 quoque
1008 1898 1132 1920 sanctum
1150 1893 1263 1928 diligere
1277 1893 1341 1920 totis
1359 1893 1463 1921 viribus
1475 1893 1541 1926 tuis,
1554 1897 1665 1928 totaque

881 1938 971 1964 anima
984 1943 1040 1970 tua,
1052 1943 1079 1965 et
1091 1942 1156 1964 tunc
1173 1938 1298 1965 notitiam
1314 1937 1361 1965 Dei
1377 1939 1542 1973 assequeris.
1559 1937 1664 1965 Haud.

881 1982 1023 2018 Diligimus
1038 1990 1099 2010 eum
1118 1986 1175 2009 toto
1188 1982 1280 2015 corde,
1296 1986 1406 2017 totaque
1419 1983 1508 2010 anima
1521 1987 1547 2010 et
1563 1988 1664 2016 mente,

880 2036 968 2064 neque
988 2033 1077 2056 tamen
1089 2037 1150 2056 eum
1164 2029 1280 2056 dicimus
1294 2028 1377 2056 Deum
1389 2036 1460 2056 esse.
1483 2028 1558 2056 Orlli.
1572 2029 1664 2056 Enim-

881 2083 962 2107 vero,
979 2075 1025 2110 qui
1040 2074 1130 2110 possis
1143 2074 1275 2110 Spiritum
1298 2074 1389 2102 dicere
1412 2074 1507 2108 Deum,
1519 2075 1565 2109 qui
1592 2075 1664 2102 nolis

881 2121 1003 2149 eamdem
1020 2121 1202 2148 substantiam
1221 2125 1248 2148 et
1262 2120 1375 2155 gloriam
1388 2139 1395 2153 ,
1410 2120 1480 2148 idem
1495 2120 1640 2147 consilium
1654 2141 1661 2153 ,

881 2166 1060 2200 eamdemque
1087 2169 1249 2201 potestatem
1273 2165 1373 2198 Patris,
1387 2171 1414 2193 et
1441 2165 1502 2192 Filii
1519 2165 1616 2198 fateri,
1636 2170 1663 2193 et

881 2216 1036 2246 compertus
1050 2212 1089 2239 sis
1107 2212 1159 2246 ipsi
1171 2211 1241 2238 beati
1262 2211 1374 2238 Luciani
1390 2211 1567 2244 confessioni,
1580 2220 1662 2248 quam

881 2257 1047 2292 opponebas,
1057 2257 1193 2284 contraria
1202 2257 1321 2284 sentire?
1335 2257 1364 2283 Μ
1366 2257 1437 2284 acad.
1448 2257 1503 2293 Ego
1518 2258 1556 2284 ita
1569 2259 1661 2290 credo,

881 2307 910 2330 ut
922 2303 1017 2330 beatus
1032 2302 1178 2333 Lucianus,
1196 2305 1224 2329 et
1245 2302 1331 2329 fateor
1345 2303 1487 2338 imaginem
1504 2304 1664 2332 substantia:

880 2351 908 2374 et
918 2348 1041 2380 consilii,
1065 2352 1092 2375 et
1114 2347 1276 2382 potestatis,
1303 2351 1330 2375 et
1358 2348 1450 2383 gloriae
1475 2349 1660 2378 invariatam:

880 2392 1003 2420 eamdem
1020 2397 1109 2420 tamen
1125 2393 1305 2420 substantiam
1325 2400 1379 2420 non
1401 2394 1473 2426 dico,
1501 2401 1588 2429 neque
1602 2394 1662 2422 dei-

880 2441 974 2470 tatem,
988 2446 1077 2473 neque
1093 2438 1164 2465 idem
1179 2437 1322 2465 consilium
1332 2458 1341 2471 ,
1368 2446 1457 2473 neque
1482 2439 1605 2466 eamdem
1618 2447 1663 2474 po-

881 2488 1017 2516 testatem,
1036 2492 1123 2519 neque
1140 2484 1266 2519 gloriam.
1288 2483 1364 2511 Ortli.
1387 2484 1480 2520 Itaque
1496 2489 1523 2513 et
1540 2485 1587 2512 tibi
1610 2486 1661 2521 ipsi

879 2535 906 2559 et
929 2535 1008 2562 beato
1029 2534 1150 2561 Lueiano
1176 2534 1342 2561 contradicis
1357 2542 1364 2560 :
1382 2537 1410 2562 et
1434 2534 1661 2569 quemadmodum

880 2580 1020 2608 Manichazi
1041 2584 1068 2607 et
1082 2579 1202 2615 Phryges
1213 2599 1221 2613 ,
1248 2587 1397 2615 omnesque
1409 2580 1477 2608 adeo
1493 2581 1609 2608 haereses
1624 2580 1662 2608 di-

879 2627 986 2658 ctitant,
998 2624 1147 2658 credimus,
1169 2629 1200 2652 ut
1216 2625 1304 2653 sancti
1320 2625 1435 2660 apostoli
1462 2625 1637 2652 crediderunt
1651 2635 1658 2652 :

880 2673 927 2700 ubi
948 2676 1039 2701 autem
1050 2672 1258 2705 examinantur,
1277 2671 1427 2707 contraria_
1439 2671 1530 2699 dicere
1550 2678 1660 2707 compe-

71 2763 82 2778 ³
103 2762 188 2790 Deut.
205 2771 248 2796 τι,
266 2763 292 2790 6.
329 2763 341 2780 ⁸
359 2762 410 2790 Job
427 2770 468 2794 Ix,
487 2763 514 2790 8.
552 2764 563 2780 '
584 2763 676 2791 Matth.
696 2771 733 2796 iv,
751 2762 795 2791 It).
833 2762 843 2778 ⁶
863 2763 942 2790 Deut.
959 2769 1001 2796 VI,
1018 2760 1046 2790 5.

66 2851 133 2889 (25)
156 2851 345 2887 Manuscripti,
363 2852 439 2880 πᾶσα
452 2851 567 2884 αἵρεσις.

162 2901 297 2930 PA'I‘ROL.
323 2900 382 2929 (In.
409 2897 552 2929 XXVIII.
