1926 3067
245 155 313 184 ηὲτ

785 153 815 180 3.
836 151 1068 180 ATIIANASIUS.
1083 167 1119 172 —
1133 151 1270 181 SPURIA.

1805 147 1878 174 I228

246 219 364 249 riuntur,
380 216 416 243 ita
432 219 460 242 et
475 218 504 241 tu
520 214 597 242 facis.
627 213 682 241 lmo
698 214 782 240 etiam
803 221 836 240 ex
865 212 967 240 Iudaeis
989 219 1033 239 au-

1085 213 1132 239 καὶ
1149 213 1178 239 ὲν
1195 213 1256 244 ταῖς
1273 212 1440 248 ἐρωτήσεσιν
1467 211 1549 238 αὑτὸν
1572 210 1617 237 τὸν
1635 207 1878 245 προφητευόμενον

244 263 303 290 dire
318 263 400 290 licet:
419 261 458 288 Ita
482 261 631 293 credimus,
650 264 679 286 ut
695 260 792 288 beatus
808 259 897 287 Moses
920 264 947 286 et
967 266 1032 293 pro-

1085 257 1257 293 εὑρίσκονται
1271 256 1485 293 σταυρώσαντες.

245 309 344 343 pheta,
359 315 430 342 quos
446 311 536 334 tamen
551 306 575 333 si
598 306 769 339 interroges,
787 304 956 339 reperientur
970 310 1032 330 eum
1052 302 1152 337 ipsum,
1183 301 1217 329 de
1249 309 1304 336 quo
1328 301 1470 328 vaticinati
1486 303 1552 328 sunt
1578 299 1716 335 propheta:
1728 317 1736 330 ,
1765 297 1877 324 cruciﬁ‘

246 363 331 383 XISSC.

279 401 414 438 45016.
424 400 527 428 Haced.
537 399 592 428 Nos
601 399 718 427 dicimus
731 399 828 426 Filiqu
839 406 900 426 esse
915 398 1034 425 invaria-

246 453 301 475 tam
310 447 454 482 imaginem
463 447 631 474 substantiae.
645 451 670 473 et
679 446 798 479 consilii,
807 449 834 472 et
846 446 998 480 potestatis,
1008 447 1036 471 et

245 493 337 528 gloria:
347 491 445 525 Patris,
456 500 510 520 uon
521 492 638 519 dicimus
654 496 744 518 tamen
753 499 814 518 esse
828 498 860 518 ex
867 489 957 517 Patris
973 489 1036 517 sub-

246 539 358 571 stantia,
380 547 468 573 neque
491 538 613 566 eamdem
631 537 825 568 substantiam,
844 540 871 564 et
883 536 954 564 idem
967 543 1034 563 con-

247 584 353 615 silium,
366 582 489 610 eamdem
508 586 668 617 potestatem
685 585 712 608 et
723 581 848 616 gloriam.
864 579 994 615 Superest
1008 584 1038 606 ut
1051 595 1057 603 -

243 630 333 661 dicas,
342 629 364 656 si
375 633 461 664 potes,
471 628 517 655 ubi
531 628 662 662 scriptum
674 627 720 658 sit,
733 626 862 661 Spiritum
871 633 933 653 esse
941 625 1035 652 Deum.

246 676 305 702 Dic.
321 675 392 708 Quid
405 682 447 701 me
473 674 602 709 paulatim
618 673 739 700 cuccas?
754 672 830 700 Orth.
856 671 924 699 Cum
945 675 970 698 te
987 671 1035 698 tibi

246 721 298 756 ipsi
315 727 466 755 repugnare
482 718 665 751 ostenderem,
682 723 711 745 ut
730 718 870 745 auditores
882 722 993 749 norunt,
1009 720 1036 744 et

246 766 264 793 ii
280 769 458 802 cognoscent,
475 764 522 800 qui
539 764 595 791 haec
619 768 683 791 sunt
709 767 803 798 postea
830 763 942 794 lecturi.
971 767 1035 790 tunc

245 811 327 838 etiam
345 809 451 837 ostendi
469 808 651 840 Paracletum,
666 807 798 843 Spiritum
811 808 886 834 illum
899 808 1032 838 veritatis,

245 864 308 883 esse
328 855 423 886 Deum,
439 859 467 882 et
482 854 626 890 opiﬁcem.
651 859 677 881 et
693 854 841 881 viviﬁcum.
874 852 979 880 Maued.
1005 852 1034 880 Si

246 903 288 930 vel
303 910 386 930 unum
405 902 519 929 istorum
543 900 713 931 ostenderis.
733 900 794 927 [iam
817 900 1036 928 consubstantia-

246 951 320 978 lista.
353 948 430 976 0rtlt.
445 948 563 975 Cuinam
593 947 662 974 dixit
685 946 777 974 Deus:
797 955 806 972 ι
828 945 971 973 Faciamus
987 945 1035 972 ho-

246 996 347 1023 minem
365 995 399 1022 ad
414 995 560 1029 imaginem
574 997 600 1020 et
612 993 820 1020 similitudinem
837 996 958 1019 nostrain
980 992 1009 1018 ’ἲ
1023 1001 1032 1017 ι

247 1041 352 1069 Haced.
372 1039 540 1068 Deus-Pater
560 1039 613 1066 hoc
641 1039 707 1066 dicit
733 1037 801 1065 Filio
819 1037 884 1066 Deo.
903 1038 979 1065 Ortlt.
996 1037 1033 1064 Ex

246 1095 279 1114 eo
295 1087 366 1122 ipso,
381 1086 455 1121 quod
476 1085 602 1113 eﬂ'ectum
626 1088 684 1115 est.
712 1072 860 1118 possumus
884 1083 1034 1118 intelligere

247 1132 355 1159 cuinam
372 1132 398 1158 id
413 1130 514 1158 dixerit
528 1129 600 1164 quod
625 1133 720 1164 postea
731 1128 857 1156 ell‘ectum
873 1128 935 1154 fuit.
954 1127 1036 1156 Estne

246 1179 328 1205 homo
341 1177 375 1204 ad
393 1177 536 1212 imaginem
555 1176 602 1202 Dei
619 1176 724 1207 factus,
741 1174 849 1202 annon?
865 1173 969 1201 Maced.
988 1174 1036 1202 Est

247 1230 324 1250 sane.
345 1222 419 1249 Ort/t,
438 1221 485 1248 Dic
503 1221 601 1256 igitur:
621 1220 690 1247 Num
711 1224 801 1255 potest
816 1219 896 1246 homo
911 1227 970 1246 esse
988 1218 1034 1245 Dei

247 1266 346 1301 imago,
367 1274 429 1293 cum
447 1274 501 1293 non
515 1266 550 1292 sit
569 1263 728 1299 perfectus:
745 1267 771 1291 et
786 1272 851 1291 num
871 1268 960 1299 potest
973 1271 1036 1298 per-

247 1313 334 1340 fectus
347 1320 418 1344 esse,
433 1320 513 1347 quem
531 1311 650 1347 Spiritus
671 1316 783 1338 sanctus
806 1318 860 1338 non
884 1310 1036 1337 sanctiﬁca-

246 1360 300 1386 rit?
316 1359 419 1386 Maced.
436 1359 537 1386 Omnes
550 1359 632 1394 igitur
649 1358 773 1386 homines
786 1358 887 1385 habent
903 1357 1034 1392 Spiritum

246 1406 390 1434 sanctum?
405 1405 480 1433 Ortlt.
499 1405 527 1432 Si
540 1413 636 1432 omnes
648 1408 713 1433 sunt
723 1404 874 1433 secundum
890 1403 1034 1438 imaginem

246 1453 371 1488 perfecti.
383 1459 478 1479 omnes
492 1459 600 1487 quoque
622 1451 755 1486 Spiritum
783 1456 908 1478 sanctqu
924 1449 1033 1477 habent.

246 1497 350 1526 Μαῖρά.
368 1497 468 1525 Omnes
484 1497 585 1524 habent
601 1497 676 1523 illum
703 1495 854 1524 secundum
878 1495 1032 1529 imaginem.

248 1545 324 1574 Ortlz.
341 1543 483 1577 Quomodo
512 1543 594 1579 igitur
618 1542 719 1576 Paulus
747 1542 857 1577 inquit:
882 1550 892 1566 ‹
922 1539 957 1568 Ut
973 1540 1068 1583 sitisc

247 1591 396 1619 secundum
428 1589 571 1624 imaginem
595 1589 655 1624 ejus
669 1608 677 1619 ,
695 1588 742 1624 qui
767 1588 890 1615 condidit
907 1595 955 1614 vos
971 1587 1003 1613 εἳ
1021 1595 1030 1612 ι

246 1643 273 1665 ct
285 1637 368 1664 alihi:
387 1645 395 1662 ι
415 1635 493 1663 Sicut
510 1635 678 1670 portavimus
694 1634 839 1669 imaginem
851 1632 964 1665 terreni,
974 1639 1033 1667 por-

247 1689 336 1710 lemus
353 1682 497 1716 imaginem
508 1681 628 1708 caelestis
644 1680 666 1706 οἳ
681 1689 691 1705 ι
707 1679 814 1706 Macati.
836 1679 933 1705 Annon
952 1678 1035 1713 igitur

247 1736 342 1756 etunes
366 1735 462 1755 sumus
484 1725 634 1754 secundum
650 1725 813 1760 imaginem?
842 1724 918 1752 Ortlt.
935 1723 1035 1751 Pecea~

247 1779 321 1802 tores
335 1779 505 1808 nequaquam
521 1781 528 1799 :
543 1773 590 1807 qui
610 1779 674 1799 vero
691 1771 784 1799 carnis
799 1771 921 1798 actiones
937 1770 1035 1797 morti-

247 1821 339 1851 licant.
355 1824 382 1847 et
395 1813 510 1846 induunt
525 1825 625 1845 n0vum
642 1818 717 1844 illum
743 1816 881 1844 hominem
905 1815 938 1842 ad
963 1815 1032 1842 ima-

246 1865 336 1900 ginem
352 1863 399 1892 Dei
416 1864 555 1891 conditum
567 1883 574 1895 ,
597 1863 630 1890 iis
645 1863 753 1890 demum
769 1862 836 1889 illud
847 1882 854 1893 ,
880 1861 1032 1889 secundum

247 1910 403 1945 imaginem,
419 1909 558 1944 competit.
576 1907 650 1936 Talis
674 1908 746 1935 enim
775 1911 833 1935 erat
855 1907 941 1934 Adam
969 1911 1033 1934 ante

245 1954 502 1990 transgressionem.
521 1953 606 1980 llomo
623 1954 706 1988 igitur
723 1953 768 1981 ille
795 1953 945 1980 secundum
964 1953 1031 1980 ima-

244 2001 335 2036 ginem
354 2000 401 2027 Dei
420 2004 546 2029 creatus.
572 2007 587 2026 a
617 1998 712 2031 Patre,
730 2002 757 2026 et
776 1998 796 2025 F
799 1999 855 2031 ilio,
870 2003 896 2026 et
927 1999 1031 2034 Spiritu

1122 395 1164 422 16.
1173 395 1282 422 Μακεδ.
1291 395 1492 430 Ὶιμείςοὺσὶας,
1503 394 1548 420 καὶ
1556 392 1663 428 βουλῆς,
1671 392 1876 427 καὶδυνάμεως,

1086 441 1133 468 καὶ
1146 441 1233 476 δόξης,
1242 440 1450 476 ἀπαράλλακτον
1461 439 1551 466 εἰκόνα
1563 439 1677 475 λέγομεν
1692 438 1737 464 τὸν
1750 438 1816 464 Υίὺν
1832 437 1878 465 τοῦ

1087 487 1203 523 Πατρός·
1211 486 1272 513 οὔτε
1281 487 1309 513 δὲ
1322 487 1353 512 ὲκ
1363 487 1413 522 τῆς
1421 485 1515 517 οὐσίας
1522 485 1646 520 λέγομεν,
1657 483 1718 510 οὕτε
1727 483 1776 518 τὴν
1791 483 1879 518 αὐτὴν

1087 533 1190 563 οὐσίαν,
1204 533 1250 560 καὶ
1264 532 1370 568 βουλὴν,
1385 532 1432 559 καὶ
1439 532 1562 567 δύναμιν,
1576 530 1721 562 καὶδόξαν.
1730 529 1844 563 Λοιπὸν,
1855 530 1879 556 εί

1088 578 1160 613 ἔχεις
1172 579 1270 610 εἰπεῖν,
1284 578 1336 605 ποῦ
1359 580 1522 614 γέγραπται,
1542 578 1608 609 Θεὸς
1621 578 1651 604 τὸ
1663 577 1786 612 Πνεῦμα,
1803 577 1878 603 εἰπέ.

1086 625 1118 650 Τί
1135 633 1168 660 με
1185 625 1300 660 σήπειςς
1321 626 1394 659 ‘010.
1412 625 1475 650 Ὅτε
1491 624 1590 657 ἔδειξα.
1607 624 1648 650 ὅτι
1663 622 1752 657 σαυτῷ
1767 622 1880 649 ἐναντία

1084 671 1182 706 λέγεις,
1194 671 1232 703 ὡς
1250 673 1275 698 οἱ
1289 672 1421 707 ἀκροαταὶ
1436 671 1521 703 ἴσασι,
1537 671 1584 698 καὶ
1596 671 1621 697 οἱ
1630 670 1700 706 μετὰ
1713 669 1800 696 ταῦτα
1813 670 1879 695 ἁνα-

1084 716 1263 751 γινώσκοντες
1275 716 1436 751 γνώσονται,
1450 717 1510 743 τότε
1523 716 1656 751 δείκνυμι,
1679 715 1720 741 ὃτι
1736 715 1783 741 καὶ
1810 714 1878 746 Θεὸς

1086 763 1133 789 καὶ
1155 763 1266 798 κτίστης
1293 763 1339 788 καὶ
1365 761 1495 794 ζωοποιός
1517 763 1590 788 ὲστιν
1617 761 1632 787 ὁ
1653 760 1834 796 Παράκλητος
1848 760 1878 786 τὸ

1087 808 1198 844 Πνεῦμα
1208 809 1258 844 τῆς
1270 808 1407 844 ἀληθείας.
1434 808 1545 836 Μακεδ.
1569 809 1628 835 Κᾶν
1649 808 1678 835 ἓν
1699 807 1756 842 (ει)
1772 806 1878 833 τούτων

1087 853 1185 889 δείξῃς,
1210 854 1319 889 γίνομαι
1344 855 1552 890 ὀμοουσιαστής.
1573 854 1645 888 Ὀρθ.
1675 853 1733 880 Τίνι
1762 851 1841 879 εἶπεν
1863 854 1877 879 6

1086 899 1150 932 Θεός
1161 908 1167 914 ·
1186 909 1195 925 ι
1213 901 1372 936 Ποιήσωμεν
1396 901 1537 936 ἄνθρωπον
1550 900 1609 926 κατ’
1623 900 1715 926 εἰκόνα
1738 899 1877 934 ἡμετέραν

1086 945 1132 971 καὶ
1143 945 1202 972 καθ’
1217 946 1364 981 ὁμοίωσιν;
1383 956 1390 971 ι
1408 945 1516 973 Μακεδ.
1534 946 1563 972 '0
1572 945 1638 976 Θεὸς
1651 946 1697 972 καὶ
1712 945 1807 980 Πατὴρ
1820 944 1876 971 ἔλε-

1085 1000 1116 1026 γε
1131 992 1169 1027 τῷ
1186 992 1242 1027 Υἰῴ
1275 993 1322 1018 καὶ
1337 992 1406 1028 Θεῷ.
1423 993 1495 1026 Ὀρθ,
1518 993 1576 1018 Ἀπ’
1593 991 1676 1018 αὑτοῦ
1692 992 1740 1018 τοῦ
1763 992 1876 1026 γεγονό-

1084 1046 1130 1068 τος
1142 1037 1278 1072 δυνάμεθα
1293 1037 1404 1071 γνῶναι,
1416 1037 1468 1063 τίνι
1491 1037 1567 1071 ἔλεγε
1592 1037 1622 1064 τὸ
1639 1037 1760 1072 γεγονός.
1785 1037 1815 1064 Ὀ
1828 1037 1876 1064 ἇν-

1085 1082 1193 1119 ορωπος
1205 1084 1315 1118 ἐγένετο
1329 1085 1388 1111 κατ’
1402 1084 1494 1111 εἰκόνα
1511 1084 1589 1117 Θεοῦ,
1601 1084 1617 1120 ἦ
1630 1083 1678 1116 οΰ;
1693 1084 1806 1112 Maus.
1820 1084 1875 1110 Καὶ

1086 1129 1165 1156 πάνυ.
1184 1130 1257 1163 Ὀρθ.
1269 1130 1337 1156 Εἰπὲ
1348 1128 1404 1162 οὖν,
1419 1132 1442 1158 εἰ
1464 1130 1574 1158 δύναται
1596 1130 1677 1157 εἰκὼν
1703 1131 1772 1157 Θεοῦ
1805 1129 1875 1157 εἶναι

1085 1175 1238 1210 ἅνθρωπος,
1254 1175 1292 1211 μὴ
1308 1175 1345 1202 ὣν
1362 1176 1455 1212 ἄρτιος
1468 1185 1476 1192 ·
1495 1178 1542 1203 καὶ
1556 1178 1581 1203 εὶ
1601 1177 1712 1204 δύναται
1733 1175 1803 1203 εἶναι
1825 1177 1876 1212 ἄρα

1085 1229 1151 1252 τιος,
1167 1221 1204 1256 μὴ
1218 1221 1358 1256 ἁγιασθεὶς
1371 1221 1410 1257 τῷ
1423 1222 1561 1257 Πνεύματι
1575 1222 1623 1257 τῆς
1635 1222 1797 1258 ἁγιωσύνης.
1815 1225 1875 1250 Μα-

1084 1268 1148 1295 κεδ.
1163 1269 1217 1295 Καὶ
1229 1268 1330 1300 πάντες
1346 1266 1392 1295 οὖν
1402 1269 1426 1295 oi
1443 1268 1582 1304 ἄνθρωποι
1590 1269 1702 1304 Πνεῦμα
1711 1269 1788 1302 ἆγιον
1798 1269 1876 1304 ἐχου-

1086 1322 1145 1347 σιν;
1166 1315 1240 1348 Ὀρθ.
1254 1315 1285 1340 Εἰ
1301 1315 1402 1346 πάντες
1427 1315 1480 1341 εἰσί
1494 1316 1554 1341 κατ’
1580 1315 1671 1342 εἰκόνα
1697 1315 1796 1350 ἄρτιοι,
1829 1315 1876 1341 καὶ

1085 1360 1184 1391 πάντες
1220 1359 1332 1395 Πνεῦμα
1367 1361 1443 1393 ἆγιον
1477 1360 1594 1396 ἔχουσιν.
1625 1360 1737 1388 Μακεδ.
1770 1361 1876 1392 Πάντες

1085 1406 1177 1441 ἔχουσι
1191 1406 1220 1432 τὸ
1237 1407 1296 1432 κατ’
1315 1406 1416 1433 εἰκόνα.
1432 1407 1504 1441 Ὀρθ.
1519 1406 1581 1438 Πῶς
1594 1403 1640 1433 οὖν
1652 1408 1666 1433 ὁ
1677 1406 1754 1440 ἆγιος
1769 1406 1876 1438 Παῦλος

1085 1451 1178 1486 λέγει’
1195 1461 1204 1476 ι
1221 1452 1315 1483 Ὅπως
1330 1451 1447 1487 γένησθε
1465 1453 1524 1478 κάτ’
1546 1452 1638 1478 εἰκόνα
1659 1451 1706 1478 τοῦ
1733 1451 1874 1484 κτίσαντος

1085 1497 1157 1531 ὑμᾶς
1171 1504 1177 1528 ;
1196 1506 1205 1522 ι
1221 1497 1267 1522 καὶ
1278 1497 1307 1522 ἐν
1326 1495 1431 1527 ἄλλοις’
1448 1505 1457 1522 ι
1476 1496 1531 1523 Καὶ
1543 1495 1633 1528 καθὼς
1645 1496 1815 1532 ὲφορέσαμεν
1826 1496 1875 1532 τὴν

1085 1543 1176 1569 εἰκόνα
1189 1542 1236 1569 τοῦ
1254 1542 1356 1577 χοϊκοῦ,
1372 1542 1531 1578 φορέσωμεν
1544 1542 1592 1578 τὴν
1612 1542 1703 1569 εἰκόνα
1725 1541 1772 1568 τοῦ
1794 1543 1875 1568 ὲπου-

1085 1589 1194 1624 ρανίου;
1214 1598 1224 1614 ι
1242 1588 1353 1615 Μαχεδ.
1365 1588 1422 1614 Οὐκ
1436 1588 1520 1624 ἐσμὲν
1534 1587 1580 1616 οὖν
1592 1589 1690 1621 πάντες
1717 1588 1778 1616 κατ’
1801 1589 1874 1616 εἰκό-

1083 1641 1117 1660 να
1129 1642 1136 1666 ;
1149 1633 1221 1666 Ὀρθ.
1230 1634 1262 1659 Οί
1274 1633 1487 1668 ἁμαρτάνοντες,
1502 1633 1546 1660 οὗ·
1560 1635 1583 1660 οἰ
1596 1634 1624 1660 δὲ
1634 1634 1684 1666 τὰς
1702 1635 1814 1670 πράξεις
1827 1633 1874 1661 τοῦ

1085 1677 1210 1713 σώματος
1220 1678 1410 1711 θανατοῦντες,
1422 1679 1470 1706 καὶ
1482 1679 1697 1714 ὲνδιδυσκόμενοι
1717 1680 1763 1707 τὸν
1781 1680 1874 1707 καινὸν

1085 1724 1236 1760 ἄνθρωπον,
1252 1725 1297 1751 τὸν
1310 1725 1381 1752 κατὰ
1404 1725 1470 1752 Θεὸν
1491 1725 1644 1758 κτισθέντα,
1658 1726 1748 1761 ἔχουσι
1768 1726 1799 1753 τδ
1813 1727 1872 1754 κατ’

1085 1771 1186 1797 εἰκόνα.
1199 1771 1324 1802 Τοιοῦτος
1336 1771 1390 1807 γὰρ
1400 1769 1433 1806 ἦν
1447 1772 1461 1798 ὁ
1479 1771 1565 1806 Ἀδὰμ
1577 1772 1630 1807 πρὸ
1649 1772 1698 1807 τῆς
1719 1772 1871 1807 παρακοῆς.

1092 1816 1208 1848 Ἐκεῖνος
1222 1814 1268 1843 οὖν
1280 1817 1294 1842 ὁ
1306 1818 1365 1844 κατ’
1383 1817 1474 1844 εἰκόνα
1485 1817 1532 1844 τοῦ
1548 1818 1615 1844 Θεοῦ
1638 1818 1757 1850 κτισθεὶς
1773 1819 1872 1854 ἄνθρω-

1087 1870 1136 1894 πος
1153 1861 1228 1897 παρὰ
1249 1862 1365 1897 Πατρὺς,
1383 1863 1428 1889 καί
1453 1863 1527 1894 Υἱοῦ,
1551 1863 1598 1890 καὶ
1621 1863 1698 1898 ἁγίου
1714 1863 1872 1899 Πνεῦματος

1085 1908 1206 1943 ἐκτίσθη.
1225 1918 1233 1933 ι
1251 1909 1410 1944 Ποιήσωμεν
1431 1919 1440 1935 ι
1458 1910 1522 1945 γὰρ,
1538 1908 1624 1943 εἶπεν,
1647 1911 1689 1937 ἵνα
1709 1910 1759 1946 τὴν
1779 1911 1872 1947 συνέρε

1085 1962 1160 1988 γειαν
1173 1954 1248 1990 εἴπῃ,
1264 1955 1334 1990 οὐχὶ,
1351 1955 1495 1990 Ποιήσατε,
1510 1956 1554 1983 ἵνα
1574 1956 1612 1992 μὴ
1627 1956 1659 1983 σὺ
1674 1956 1753 1983 πάλιν
1770 1956 1871 1992 ὑπουρ-

1085 2000 1132 2035 γὸν
1145 2000 1192 2027 καὶ
1203 2000 1359 2036 λειτουργὸν
1370 2001 1459 2037 εἴπῃς.

245 2051 340 2074 sancto
350 2051 458 2074 creatus
475 2052 526 2074 est.
552 2046 624 2073 Dixit
645 2047 734 2077 enim.
763 2055 772 2071 ι
796 2045 950 2078 Faciamus,
969 2056 978 2072 ι
1004 2050 1032 2074 ut
1053 2048 1275 2082 cooperationem
1311 2048 1478 2082 declararet,
1503 2057 1557 2076 non
1578 2052 1688 2080 autem,
1704 2047 1817 2082 Facite,
1839 2057 1871 2077 ne

244 2098 273 2120 tu
298 2100 395 2120 rursus
412 2092 622 2120 subordinatum
646 2092 801 2127 operarium
825 2096 852 2120 et
872 2093 1030 2120 ministrum
1050 2094 1135 2122 dicas.

281 2153 324 2180 ΓΙ.
339 2152 442 2179 Maced.
461 2152 591 2188 Spiritum
607 2158 731 2180 sanctum
744 2153 812 2181 dicis
825 2153 914 2181 Patris
927 2158 954 2182 et
966 2153 1028 2182 Filii

1119 2156 1160 2182 l7.
1173 2155 1283 2183 Μακεὸ.
1296 2156 1332 2182 Τὸ
1343 2156 1454 2192 Πνεῦμα
1478 2146 1609 2190 manu;
1630 2155 1761 2191 συνεργὸν
1782 2156 1871 2190 λέγεις

244 2199 396 2234 adjutorem
413 2204 439 2227 et
458 2200 550 2234 operis
562 2201 687 2227 socium?
706 2201 785 2235 Atqui
804 2200 946 2236 Scriptura
965 2209 1028 2229 san-

1085 2202 1186 2237 [Ιατρὸς
1198 2203 1244 2228 καὶ
1258 2201 1339 2234 fieri;
1361 2201 1392 2228 Ἦ
1407 2202 1501 2238 Γραφὴ
1516 2201 1544 2228 δὲ
1560 2202 1607 2228 καὶ
1619 2202 1681 2232 τοὺς
1695 2201 1791 2235 ἁγίους
1805 2203 1871 2229 ἀπο·

244 2248 303 2272 ctos
315 2245 397 2271 etiam
413 2245 552 2280 apostolos
567 2250 646 2272 vocat
661 2246 812 2280 adjutores.
835 2246 911 2274 Ortlz.
925 2255 934 2272 ι
950 2246 1032 2274 Neut-

243 2297 277 2325 pe
289 2289 322 2316 ad
338 2289 453 2317 salutem
470 2297 575 2322 eorum,
589 2290 635 2325 qui
651 2294 808 2323 servantur,
828 2301 836 2316 ι
855 2299 910 2318 ηοη
938 2298 1029 2320 autem

243 2335 277 2363 ad
307 2336 471 2363 creationem
501 2344 600 2363 rerum.
627 2336 749 2371 Apostoli
771 2337 854 2372 igitur
877 2339 1029 2372 cooperarii

242 2381 352 2417 quidem
366 2382 495 2409 dicuntur
511 2383 543 2409 ad
568 2382 709 2409 hominum
735 2383 850 2410 salutem
864 2403 872 2414 ,
899 2384 1028 2418 quoniam

243 2428 392 2455 fueruntet
412 2433 475 2454 sunt
490 2427 618 2462 templum
646 2427 763 2462 Spiritus
785 2428 894 2460 sancti,
917 2433 944 2455 at
971 2429 1029 2464 ipse

244 2471 362 2507 Spiritus
376 2478 538 2508 cooperatus
561 2477 604 2500 est
629 2472 662 2499 ad
680 2473 840 2501 creandum.
866 2472 969 2501 Maced.
988 2474 1028 2501 An

243 2527 308 2546 vero
325 2519 390 2545 mihi
405 2519 592 2546 demonstrare
606 2520 694 2554 possis
705 2539 712 2550 ,
743 2519 873 2555 Spiritum
897 2528 1029 2556 coopera-

245 2569 301 2590 tum
319 2572 380 2591 esse
397 2565 429 2591 ad
451 2565 591 2591 hominum
608 2565 792 2592 creationem?
811 2565 887 2593 Ortli.
900 2565 960 2593 Jam
982 2566 1029 2594 de-

245 2613 424 2636 monstratum
440 2614 490 2637 est.
503 2609 606 2636 Maced.
622 2609 783 2642 Quomodo?
802 2610 878 2638 Orth.
893 2611 1027 2644 Quoniam

243 2653 366 2682 videmus
382 2655 516 2682 hominem
528 2661 649 2682 creatqu
665 2655 698 2682 ad
719 2656 862 2690 imaginem
876 2677 882 2689 ,
909 2657 1026 2692 Spiritus

1082 2247 1190 2279 στόλους
1206 2248 1353 2284 συνεργοὺς
1366 2247 1454 2274 καλεῖ.
1477 2247 1549 2281 Ὁρθ.
1564 2257 1574 2272 ‹
1591 2247 1654 2278 Ναὶ,
1668 2248 1708 2279 εἰς
1720 2247 1770 2283 τὴν
1784 2256 1870 2282 σωτη-

1080 2292 1141 2327 ρίαν
1163 2292 1217 2318 τῶν
1241 2292 1420 2328 σωζομένων,
1442 2302 1450 2318 ι
1468 2293 1499 2319 οὺ
1531 2292 1583 2327 μὴν
1609 2294 1648 2324 εὶς
1670 2293 1719 2328 τὴν
1738 2292 1870 2328 δημιουρ-

1078 2339 1139 2373 γίαν
1155 2340 1322 2374 κτισμάτων,
1345 2339 1376 2366 Οἱ
1402 2339 1450 2374 μὲν
1469 2337 1515 2365 οὖν
1535 2339 1590 2374 (25)
1603 2339 1746 2366 ἀπόστολοι
1761 2340 1802 2370 εἰς
1821 2339 1868 2374 τὴν

1079 2385 1214 2420 σωτηρίαν
1228 2385 1282 2412 τῶν
1293 2385 1444 2422 ἀνθρώπων
1464 2385 1599 2421 συνεργοὶ,
1613 2386 1706 2422 ἐπειδὴ
1717 2385 1764 2412 τοῦ
1788 2386 1868 2413 Ilvati-

1080 2439 1164 2466 ματος
1177 2430 1246 2467 ἦσαν
1265 2432 1312 2458 καὶ
1330 2432 1400 2460 εἰσὶν
1413 2432 1476 2462 ναός
1487 2440 1494 2447 ·
1517 2432 1581 2458 αὐτὸ
1603 2431 1632 2458 δὲ
1652 2431 1682 2458 τὸ
1699 2431 1812 2467 Πνεῦμα
1827 2433 1867 2464 εἰς

1078 2477 1266 2513 δημιουργίαν.
1293 2477 1404 2505 Μακεδ.
1435 2479 1490 2505 Καὶ
1517 2478 1590 2514 ἔχεις
1616 2487 1661 2514 μοι
1690 2478 1797 2512 δεῖξαι,
1823 2479 1866 2506 ὅτε

1080 2524 1248 2558 συνήργησεν
1263 2525 1302 2555 εἰς
1325 2523 1373 2559 τὴν
1389 2524 1569 2560 δημιουργίαν
1595 2524 1649 2550 τῶν
1671 2524 1820 2558 ἀνθρώπιον
1837 2525 1866 2551 τὸ

1077 2567 1207 2603 Πνεῦμα;
1225 2569 1301 2602 Ὀρθ.
1314 2569 1463 2596 Δέδεικται.
1475 2569 1586 2596 Μακεὸ.
1606 2569 1688 2602 Πῶςς
1707 2570 1785 2603 ‘0f0.
1806 2570 1866 2596 Ὅτι

1077 2614 1122 2641 τὸν
1137 2615 1279 2642 κτισθέντα
1297 2616 1438 2652 ἄνθρωπον
1453 2618 1512 2644 κατ’
1535 2617 1637 2648 εἰκόνα,
1662 2617 1730 2653 μετὰ
1751 2618 1801 2652 τῆς
1820 2618 1865 2644 τοῦ

1076 2659 1233 2694 Πνεύματος
1255 2661 1414 2696 συνεργείας
1433 2662 1541 2697 ὁρῶμεν
1558 2662 1634 2689 ὄντα.
1659 2663 1770 2690 Mum-:6.
1798 2663 1866 2697 Ἐγὼ

280 2731 286 2745 ⁷
305 2731 373 2759 Gen.
393 2740 418 2765 !,
436 2732 481 2760 26.
521 2733 531 2748 "
551 2733 657 2761 Coloss.
678 2742 726 2765 ιιι,
747 2735 789 2762 l0.
827 2736 837 2750 ⁹
859 2735 866 2761 l
885 2735 951 2764 Cor.
971 2745 1015 2769 xv,
1033 2737 1078 2764 49.

276 2808 330 2844 (⁸24)
352 2809 539 2844 Manuscripti,
563 2810 623 2837 Ἐὰν
638 2811 674 2837 ἓν,

270 2843 331 2877 .ίὲὄί
351 2844 428 2878 Mss.,
439 2843 577 2872 καὶίΥίοῦ.
599 2846 671 2880 Ὀρθ.
695 2847 726 2872 'H
741 2847 835 2883 Γραφὴ
851 2847 874 2874 δ.
896 2848 941 2874 καὶ
955 2857 980 2877 τ.
993 2848 1020 2876 ἁ.

1078 2813 1126 2840 ἀπ.
1142 2815 1275 2851 σηλέγειη
1286 2814 1399 2843 Mam-:6.
1418 2815 1470 2842 Nat
1481 2817 1511 2851 ξεί
1525 2825 1552 2842 τ.
1570 2824 1595 2843 σ.
1612 2825 1635 2845 τ.
1651 2825 1678 2844 σ.
1689 2816 1720 2843 οὺ
1736 2825 1767 2851 μ.
1784 2818 1824 2850 εἰς
1837 2817 1860 2845 δ.

1077 2849 1243 2884 κτισμάτων.
1269 2850 1341 2885 Ὀρθ.
1357 2851 1389 2878 Οἱ
1403 2851 1451 2886 μὲν
1464 2849 1521 2885 οὖν,
1537 2856 1591 2881 etc.
