1926 3067
92 133 172 162 ηερ

574 135 617 163 DE
637 135 772 164 SANCTA
793 136 978 164 TRINITATE
998 136 1171 166 DIALOGUS
1188 138 1231 166 lll.

1648 140 1716 167 {950

88 192 185 219 πάντα
202 191 342 228 ᾶνθρωπον
360 192 419 219 κατ’
445 193 535 219 εἰκόνα
555 193 637 228 λέγω.
660 195 736 228 ὀρθ.
767 195 871 230 Δυνάμε

934 197 1126 232 cooperatione
1149 204 1220 225 esse.
1235 195 1340 223 Μαι-σά.
1376 196 1432 232 Ego
1455 204 1562 224 omnem
1579 197 1716 226 hominem

88 237 218 274 λέγεις,ἣ
233 238 492 274 ἑνεργείᾳ;Μα)ιεδ.
505 240 559 266 Καὶ
574 240 599 266 τί
613 240 686 267 ἐστιν
697 241 882 276 δυνάμει;καὶ

87 283 118 310 τί
136 284 209 311 ἐστιν
225 284 365 319 ὲνεργείᾳ;
379 284 458 318 Ὀρθ.
482 285 599 319 Δυνάμει
616 286 706 318 ἐστὶν,
731 285 745 312 ὃ
771 286 881 313 δύναται

87 328 236 363 γενέσθαι·
252 329 386 365 ’ἐνεργείᾳ
406 329 462 356 δὲὸ
487 331 606 365 ἐνεργῶν
633 330 668 357 τὰ
700 331 751 366 τῆς
778 332 881 363 εἰκόνος

89 375 193 410 κάλλη.
207 376 311 411 Ὠσπερ
328 376 358 402 τὸ
372 376 471 412 βρέφος
481 376 593 412 δυνάμει
619 378 677 404 ἐστὶ
692 377 760 409 ζῶον
775 378 882 411 λογικὸν

89 420 206 456 θνητόν·
221 421 346 457 ἐνεργείᾳ
355 421 383 447 δὲ
397 422 500 455 γίνεται
523 422 651 458 αὐξηθὲν,
671 423 685 449 ὃ
708 422 760 459 πρὸ
786 423 881 450 τούτου

83 467 124 501 εεῇ
138 465 271 500 δυνάμει·
287 465 358 492 οὓτω
375 466 422 492 καὶ
440 467 500 493 κατ’
518 467 609 493 εἰκόνα
621 466 689 493 Θεοῦ
717 468 791 493 ἐστιν
816 467 881 494 ἔκα-

88 511 287 546 στοςδυνάμει.
305 510 366 537 Ἐὰν
382 511 411 537 δὲ
438 511 624 548 ἁπεκδύσηται
649 512 698 548 τὴν
720 513 879 548 νεκρότητα,

87 557 124 592 ἢν
142 556 305 583 ὲπενδύσατο
323 557 368 583 διὰ
394 558 445 593 τῆς
473 557 654 592 παραϐάσεως
677 559 691 584 ό
715 559 811 594 Ἀδὰμ,
833 558 880 585 καὶ

90 601 239 637 ἐνδύσηται
255 602 300 630 τὸν
319 603 411 630 καινὸν
436 603 577 638 ἄνθρωπον
586 595 644 639 ’τῆς
662 604 825 640 ἀφθαρσίας,
850 605 880 632 ὃν

87 648 274 684 ἐκδυσάμενος
297 649 392 685 Ἀδὰμ,
423 650 525 685 γυμνὸς
547 651 648 687 ηὑρέθη
662 659 668 666 ·
695 651 755 678 τότε
776 652 879 686 γίνεται

88 695 217 731 ἐνεργείᾳ
227 695 282 730 (‘26)
294 696 354 722 κατ’
368 695 458 722 εἰκόνα
470 695 517 722 τοῦ
531 696 681 728 κτίσαντος,
693 695 744 723 οἷοι
756 697 880 731 ἐγένοντο

87 741 114 767 οἱ
129 741 280 772 ἀπόστολοι,
289 737 348 776 ὧνὴ
357 741 418 767 σκιὰ
426 741 553 777 δυνάμεις
560 742 694 769 ἀπετέλει.
704 742 879 778 Μακεδ.ξΠρὺ

88 785 187 812 τούτου
201 784 247 813 οὖν
261 787 311 813 οὐκ
325 784 394 822 ἦσαν
409 788 469 813 κατ’
484 787 575 814 εἰκόνα
589 788 614 814 οἱ
628 787 786 821 ἀπόστολοι;
800 789 878 822 Ὀρθ.

89 831 138 865 Μὴ
155 831 200 857 τὸν
209 830 260 863 ἔξω
274 831 424 867 ἄνθρωπον,
437 831 466 857 ὃν
477 831 681 868 διαφθείρεσθαι
692 831 767 860 εἶπεν
776 833 790 859 ό
802 833 877 860 Παῦ-

933 243 995 270 dico
1009 250 1069 270 esse
1087 243 1238 270 secundum
1254 243 1398 277 imaginem
1415 242 1471 270 Dei.
1487 242 1562 270 Orth.
1579 242 1717 272 Potestate

932 289 1012 321 dicis,
1029 297 1063 316 an
1080 289 1255 323 operatione?
1277 288 1380 315 Maced.
1408 288 1441 315 Et
1468 289 1596 324 quidnam
1611 294 1653 317 est
1667 297 1716 324 po-

931 338 1039 366 testate,
1054 335 1184 370 quidnam
1198 335 1375 370 operatione?
1390 334 1466 362 0rtlt.
1483 334 1621 363 Potestate
1646 334 1714 362 illud

931 385 989 412 est.
1010 381 1082 416 quod
1100 381 1158 409 fieri
1174 385 1283 417 potest:
1302 381 1461 416 operatione
1477 388 1542 409 vero
1556 386 1597 409 est
1610 401 1618 414 ,
1640 380 1714 416 quod

931 426 1057 460 imaginis
1068 425 1297 460 pulchritudinem
1313 430 1453 460 operatur.
1478 425 1713 458 Quemadmodum

930 471 1013 506 igitur
1030 479 1097 506 puer
1108 476 1149 498 est
1160 471 1260 498 animal
1277 474 1412 506 potestate
1428 471 1589 498 rationabile
1603 474 1630 498 et
1641 479 1715 499 mor-

930 516 983 543 tale
997 525 1004 543 :
1026 516 1070 542 ubi
1085 520 1174 543 autem
1190 516 1319 547 excrevit,
1332 516 1490 550 operatione
1503 515 1533 543 ﬁt
1547 516 1625 549 illud,
1640 517 1714 552 quod

929 563 989 588 erat
1000 564 1080 587 antea
1097 564 1240 596 potestate,
1258 561 1296 587 ita
1315 561 1395 588 etiam
1408 561 1596 597 unusquisque
1607 565 1649 590 est
1663 569 1713 597 po-

930 610 1027 634 testate
1044 605 1193 633 secundum
1216 606 1360 642 imaginem
1383 606 1441 634 Dei.
1459 607 1537 639 Quod
1562 607 1585 634 si
1607 609 1713 635 exuerit

929 653 1131 684 mortalitatem,
1144 660 1197 687 qua
1214 653 1329 680 amictus
1347 653 1398 679 fuit
1413 652 1497 680 Adam
1513 657 1623 689 propter
1633 661 1711 681 man-

929 699 985 726 dati
999 698 1255 733 transgressionem,
1266 701 1293 726 et
1307 707 1408 726 novum
1425 699 1501 725 illum
1517 699 1655 727 hominem
1669 699 1712 727 in-

929 743 1111 778 corruptionis
1123 743 1251 776 induerit,
1265 751 1319 778 quo
1330 748 1429 772 exutus
1439 743 1524 771 Adam
1538 745 1627 772 nudus
1637 753 1712 773 com-

928 795 1022 825 pertus
1044 793 1086 817 est
1108 799 1114 816 :
1140 793 1206 817 tunc
1232 790 1261 816 iit
1281 790 1370 824 reipsa
1392 790 1542 817 secundum
1565 791 1712 826 imaginem

929 835 1086 866 conditoris,
1103 835 1196 869 quales
1211 835 1327 869 apostoli
1346 835 1465 867 fuerunt,
1480 843 1596 870 quorum
1614 836 1710 865 umbra

89 876 147 909 λος,
161 877 249 910 λέγεις
258 877 302 903 τὸν
314 878 373 903 κατ’
382 878 482 910 εἰκόνα,
492 879 552 913 οὐχὶ
559 867 643 905 δὲντὸν
653 879 706 906 ἔσω
712 879 757 906 τὸν
764 880 874 907 ἀνακαι-

928 881 1041 908 virtutes
1070 867 1177 908 edebat.
1206 867 1310 907 Ιίίαεεά.
1339 881 1425 909 Antea
1450 867 1533 916 igiiur
1553 889 1608 910 non
1631 888 1710 910 erant

88 923 236 958 νούμενον;
248 923 356 950 Μαχεδ.
367 924 417 950 Τὸν
428 924 480 950 ἔσω
491 924 622 958 λέγω,τὸν
635 926 872 961 ἀνακαινούμενον·

89 968 151 994 οὐδὲ
173 968 226 1004 γὰρ
240 968 469 1004 ἀνθρωπόμορφον
489 969 559 1004 λέγω
581 970 626 996 τὸν
646 970 722 997 Θεόν.
747 971 824 1004 Ὀρθ.
845 971 874 998 '0

89 1013 166 1046 Θεὸς,
186 1011 216 1040 οὗ
242 1015 315 1041 ἐστιν
335 1014 415 1043 εἰκὼν
435 1016 450 1041 ὁ
476 1015 626 1051 ἄνθρωπος,
648 1016 761 1052 ἀόρατός
784 1017 873 1050 iactv;

88 1059 201 1085 Μακεδ.
220 1060 305 1086 Πάνυ.
320 1059 396 1094 Ὀρθ.
417 1061 534 1096 Ἀνάγκη
550 1059 595 1087 οὖν
613 1061 659 1088 τοῦ
676 1061 791 1097 ἀοράτου
807 1062 874 1089 Θεοῦ

87 1105 204 1140 ἀόρατον
223 1104 291 1133 εἶναι
301 1107 346 1132 καὶ
357 1107 404 1142 τὴν
413 1107 513 1138 εἰκόνα,
528 1108 573 1134 καὶ
586 1107 636 1142 τῆς
647 1108 761 1144 ἀοράτου
773 1109 875 1141 εἰκόνος

87 1150 204 1186 ἀόρατον
218 1151 262 1178 τὸν
274 1153 332 1178 κατ’
343 1152 433 1178 εἰκόνα
442 1152 489 1179 ἄνθ
495 1161 592 1188 ρωπον.
601 1153 710 1180 Maneo.
721 1154 781 1180 Ἐὰν
795 1153 876 1186 δέξω-

89 1203 150 1231 pett,
165 1196 205 1222 ὃτι
219 1197 232 1222 ό
248 1197 307 1223 κατ’
316 1197 405 1223 εἰκόνα
420 1197 538 1232 γεγονὼς
551 1198 691 1234 ἄνθρωπος
703 1200 716 1225 ὁ
728 1200 756 1225 ὲν
766 1199 804 1234 τῷ
813 1208 876 1234 κρυ-

162 1242 244 1274 ὲστιν,
254 1242 310 1268 ἀλλ’
322 1243 352 1269 οὐ
365 1243 435 1277 λέγω
445 1243 474 1269 τὸ
482 1244 591 1279 Πνεῦμα
602 1244 632 1271 τὸ
645 1244 720 1279 ἅγιον
729 1246 875 1281 πεποιηκέ-

87 1296 132 1313 ναι
140 1288 230 1314 αὑτόν.
241 1288 317 1322 Ὀρθ,
325 1288 394 1326 Τίθῃ
408 1289 435 1315 δὲ
447 1289 524 1322 ὅλως,
539 1290 579 1316 ὅτι
590 1291 730 1326 nemo;
739 1291 777 1326 τῷ
786 1299 874 1327 napa-

87 1333 168 1368 δείσῳ
177 1334 252 1367 ἃγιος
262 1333 310 1370 ἦνς
329 1335 441 1363 Μακεδ.
455 1335 517 1362 Ναί.
529 1337 605 1370 Ὀρθ.
618 1336 695 1363 Οὕτω
709 1337 838 1369 κτισθεὶς,
856 1337 873 1372 ἢ

87 1378 118 1411 ἐξ
128 1379 227 1415 ἀρετῆς
237 1381 380 1416 γενόμενος
393 1381 525 1415 τοιοῦτος;
537 1382 645 1409 Μακεὸ.
656 1381 732 1408 Οὕτω
744 1382 874 1414 κτισθείςζ

927 925 1042 960 apostoli
1057 925 1206 952 secundum
1228 925 1390 960 imaginem?
1413 925 1489 954 Orth.
1503 926 1574 954 Num
1589 928 1708 956 exterio-

927 978 984 999 rem
998 971 1073 997 illum
1093 970 1228 998 hominem
1242 990 1249 1003 ,
1274 979 1354 1005 quem
1371 971 1459 1006 inquit
1478 972 1625 1007 Apostolus
1643 981 1707 1001 cor-

927 1015 1027 1050 rumpi,
1038 1014 1107 1041 dicis
1124 1013 1272 1042 secundum
1287 1015 1433 1050 imaginem
1453 1024 1524 1048 esse,
1542 1025 1574 1044 ac
1588 1025 1642 1046 non
1658 1027 1708 1054 po-

927 1058 982 1085 tius
1001 1058 1156 1085 interiorem
1179 1057 1255 1085 illum
1266 1078 1273 1090 ,
1288 1059 1334 1094 qui
1350 1061 1522 1088 renovatur?
1540 1061 1645 1090 Maced.
1663 1063 1708 1091 ln-

927 1104 1054 1131 teriorem
1065 1104 1141 1130 illum
1153 1104 1224 1136 dico,
1239 1105 1285 1139 qui
1297 1109 1466 1133 renovatur:
1484 1114 1535 1134 nec
1556 1108 1627 1135 enim
1651 1108 1707 1136 Deo

927 1149 1072 1176 humanam
1086 1149 1198 1177 formam
1215 1150 1316 1177 tribuo.
1340 1149 1415 1178 Orth.
1432 1151 1504 1179 Deus
1517 1172 1525 1185 ,
1545 1154 1624 1188 cujus
1639 1154 1707 1182 ima-

926 1202 960 1228 go
973 1198 1014 1222 est
1026 1195 1116 1227 homo,
1127 1202 1217 1222 nonne
1228 1199 1270 1222 est
1285 1195 1447 1224 invisibilis?
1461 1197 1565 1226 Maced.
1578 1198 1704 1229 Maxime.

926 1240 1004 1268 Orth.
1013 1239 1123 1275 Oportet
1131 1241 1362 1277 igiturLinvisibilis
1373 1241 1419 1270 Dei
1427 1243 1588 1272 invisibilem
1597 1254 1705 1282 quoque

924 1294 986 1314 esse
998 1286 1140 1322 imaginem
1154 1296 1160 1313 :
1174 1290 1272 1313 etcum
1284 1287 1426 1316 invisibilis
1441 1289 1477 1316 sit
1493 1290 1597 1326 imago,
1614 1292 1709 1320 invisi-

925 1333 1006 1360 bilem
1022 1340 1084 1360 esse
1101 1332 1255 1363 hominem,
1268 1334 1314 1368 qui
1332 1334 1480 1362 secundum
1498 1336 1643 1372 imaginem
1658 1339 1704 1368 sit.

925 1378 1029 1407 Maced.
1046 1377 1074 1405 Si
1089 1378 1225 1406 admisero
1241 1378 1389 1411 hominem,
1409 1380 1455 1414 qui
1469 1382 1619 1410 secundum
1637 1384 1706 1411 ima-

88 1425 177 1459 ginem
195 1426 230 1453 sit
244 1427 342 1459 factus,
356 1435 416 1456 esse
436 1428 573 1455 oecultum
589 1428 663 1455 illum
680 1428 758 1463 451
774 1432 801 1455 et
820 1428 958 1458 latentem,
992 1429 1020 1452 at
1048 1432 1103 1452 non
1139 1428 1230 1451 tamen
1257 1424 1320 1452 dico
1354 1425 1454 1452 factum
1479 1434 1541 1455 esse
1564 1436 1579 1456 a
1605 1429 1707 1464 Spiritu

88 1475 194 1498 sancto.
213 1472 288 1500 Orlh.
320 1473 417 1502 Annon
433 1483 496 1502 vero
519 1482 631 1510 prorsus
654 1475 793 1506 concedis,
822 1474 954 1501 Adamum
971 1473 999 1499 in
1032 1471 1160 1507 paradiso
1185 1471 1271 1498 fuisse
1295 1473 1438 1498 sanctum?
1475 1472 1578 1502 Maced.
1604 1474 1705 1506 Etiam.

90 1515 166 1544 Oult.
178 1517 219 1544 An
236 1519 363 1553 quoniam
388 1520 450 1547 talis
463 1525 571 1548 creatus
583 1541 590 1552 ,
608 1528 641 1547 an
658 1520 730 1556 quod
747 1528 796 1548 sua
811 1520 913 1548 virtute
924 1519 988 1546 talis
1018 1516 1271 1545 evaserit?Maced.
1302 1517 1379 1550 Quod
1396 1519 1458 1546 talis
1490 1524 1563 1547 esset
1582 1525 1704 1551 creatus.

127 1565 167 1593 18.
183 1565 260 1599 Ὀρθ.
284 1567 441 1594 Συνέκτισεν
463 1569 516 1604 ἄρα
529 1568 569 1603 τῷ
593 1569 681 1605 Πατρὶ
699 1569 747 1595 καὶ
766 1568 804 1604 τῷ
821 1568 874 1604 Υἱῷ

963 1567 1006 1593 18.
1031 1565 1106 1593 ογιΙι.
1122 1564 1214 1601 Itaque
1232 1565 1351 1600 Spiritus
1366 1571 1489 1600 sanctus,
1507 1576 1560 1595 una
1574 1576 1635 1596 cum
1654 1569 1706 1597 Pa-

88 1611 120 1637 τὺ
133 1612 243 1647 Πνεῦμα
260 1613 290 1639 τὸ
304 1613 379 1648 ἅγιον
393 1614 438 1641 τὸν
450 1614 600 1650 ᾄνθρωπον.
617 1615 727 1642 Μακεδ.
743 1615 799 1641 Οὐκ
813 1614 872 1641 ὲδύ-

925 1615 964 1639 tre
983 1616 1011 1639 et
1040 1610 1111 1638 Filio
1130 1611 1268 1638 hominem
1292 1612 1407 1640 creavit.
1431 1612 1535 1642 Maced.
1562 1614 1707 1644 Enimvero

89 1665 152 1683 νατο
164 1657 218 1693 γὰρ
230 1658 310 1685 αὐτὸν
325 1660 339 1685 ό
354 1659 416 1691 Υἱὸς
431 1660 506 1694 ἅγιον
517 1659 624 1692 κτίσαι;
637 1661 709 1695 Ὀρθ.
724 1661 778 1687 Καὶ
791 1661 870 1688 πάνυ.

925 1665 1014 1685 annon
1027 1661 1131 1692 poterat
1142 1656 1228 1684 Filius
1240 1657 1298 1691 ipse
1310 1662 1434 1684 sanctum
1447 1659 1583 1687 hominem
1595 1664 1708 1690 creare?

89 1703 201 1730 Μακεδ.
221 1704 252 1730 Τί
276 1703 321 1730 οὖν
336 1704 435 1739 λέγεις,
450 1705 533 1732 ὅτιτὸ
552 1705 663 1741 Πνεῦμα
683 1706 714 1732 τὸ
733 1706 810 1740 ἅγιον
825 1706 873 1733 αὑ-

925 1703 1002 1731 Οι-ιίι.
1029 1703 1101 1730 Sane
1126 1710 1201 1730 vero.
1227 1701 1332 1730 Maced.
1355 1703 1492 1736 Quorsum
1517 1706 1600 1740 igitur
1622 1707 1704 1740 dicis,

89 1749 134 1775 τὸν
150 1749 290 1785 ἐποίησενς
306 1751 380 1784 Ὀρθ.
394 1751 498 1787 Ὥσπερ
508 1753 522 1778 ὁ
536 1751 640 1786 Πατὴρ,
652 1751 797 1787 δυνάμενος
813 1751 872 1778 κτί-

91 1802 135 1820 σαι
149 1795 193 1820 τὸν
208 1795 358 1831 ἄνθρωπον,
378 1796 446 1831 μετὰ
465 1795 511 1822 τοῦ
525 1796 589 1823 Υίοῦ
605 1795 700 1828 κτίζει,
716 1797 758 1822 ἶνα
781 1796 871 1832 δειχθῇ

89 1840 120 1866 τὸ
136 1841 231 1867 ταυτὸν
245 1841 294 1876 τῆς
312 1841 434 1876 φύσεως·
450 1842 520 1868 οὕτω
536 1843 581 1868 καὶ
601 1843 615 1869 ό
638 1843 711 1874 Υἱὸς,
726 1842 872 1878 δυνάμενος

90 1886 179 1913 κτίσαι
191 1888 266 1921 ἅγιον
281 1887 325 1914 τὸν
336 1887 487 1924 ἄνθρωπον,
502 1888 570 1924 μετὰ
585 1888 632 1914 τοῦ
648 1888 805 1923 Πνεῦματος
816 1888 873 1914 κτί-

91 1931 140 1964 ζει,
157 1933 198 1959 ἵνα
216 1933 306 1969 δειχθῇ
325 1933 355 1960 τὸ
373 1934 482 1968 γεγονὸς
497 1933 576 1970 ἔργον
592 1933 709 1968 Πατρὸς,
729 1933 776 1960 καὶ
793 1933 869 1965 Υίοῦ,

90 1979 136 2005 καὶ
151 1979 227 2013 ἁγίου
254 1979 418 2014 Πνεύματος.
439 1979 531 2011 Οὕτως
554 1979 617 2013 γοῦν
641 1979 687 2005 καὶ
712 1978 872 2005 πεπτωκότα

90 2023 133 2049 τὸν
148 2024 298 2059 ἄνθρωπον,
322 2025 368 2050 καὶ
385 2024 590 2060 παραϐληθέντα
614 2025 669 2055 τοῖς
687 2025 795 2060 κτήνεσι
816 2025 872 2056 τοῖς

90 2070 220 2105 ἀνοήτοις,
232 2070 296 2096 ἄνευ
310 2070 357 2096 τοῦ
372 2069 529 2105 Πνεύματος
543 2070 593 2096 οὐκ
608 2070 776 2096 ἀνεκαίνισεν
786 2078 792 2085 ·
804 2070 872 2096 ἀλλὰ

91 2115 178 2147 καθὼς
188 2117 201 2142 ὁ
217 2116 360 2151 Προφήτης
373 2116 446 2150 λέγει
457 2124 465 2132 ο
478 2125 487 2141 t
502 2115 704 2148 Ἐξαπόστειλον
718 2116 748 2142 τὸ
760 2115 871 2151 Πνεῦμά

92 2169 146 2192 σου,
163 2161 208 2187 καὶ
226 2161 425 2196 κτισθήσονται,
439 2162 486 2188 καὶ
499 2161 665 2193 ἀνακαινιεῖς
679 2161 712 2187 τὸ
727 2161 870 2196 πρόσωπον

90 2206 138 2241 τῆς
151 2207 210 2241 γῆς,
232 2217 241 2232 ι
259 2206 368 2234 Maneo.
392 2207 446 2233 Καὶ
462 2208 541 2242 ἡμεῖς
563 2206 688 2242 λέγομεν,
703 2207 743 2233 δτι
755 2207 869 2233 ἀνακαι-

922 1754 1044 1777 creatum
1062 1748 1146 1775 fuisse
1169 1756 1184 1775 a
1207 1747 1312 1783 Spiritu
1335 1752 1448 1776 sancto?
1477 1751 1552 1779 (mh.
1571 1752 1706 1785 Quemad-

923 1795 1033 1822 modum
1056 1794 1147 1827 Pater,
1164 1801 1226 1821 cum
1248 1795 1494 1829 posset-hominem
1513 1805 1616 1830 creare,
1642 1807 1704 1827 cum

922 1840 991 1868 Filio
1005 1841 1118 1873 creavit,
1133 1844 1162 1867 ut
1176 1844 1283 1868 naturas
1297 1841 1427 1870 identitas
1441 1843 1634 1872 ostenderetur
1647 1854 1654 1872 :
1667 1846 1705 1873 ila

922 1889 949 1914 et
967 1885 1068 1919 Filius,
1091 1894 1153 1913 cum
1177 1890 1271 1921 posset
1293 1887 1430 1915 hominem
1455 1893 1580 1918 sanctum
1599 1898 1702 1919 creare.

922 1940 984 1959 eum
1003 1931 1105 1967 Spiritu
1129 1932 1244 1964 creavit,
1262 1936 1292 1959 ut
1312 1933 1385 1968 quod
1408 1933 1510 1961 factum
1527 1939 1579 1967 est,
1597 1940 1705 1964 consta-

921 1981 962 2004 ret
987 1984 1046 2005 esse
1068 1976 1168 2008 Patris,
1191 1980 1218 2004 et
1236 1977 1310 2009 Filii,
1333 1981 1360 2004 et
1378 1979 1466 2005 sancti
1485 1977 1602 2013 Spiritus
1623 1988 1703 2015 opus.

923 2023 968 2050 Sic
986 2024 1067 2059 igitur
1081 2023 1217 2050 hominem
1234 2024 1315 2050 etiam
1333 2024 1439 2058 lapsum
1451 2044 1458 2055 ,
1474 2028 1500 2051 et
1513 2025 1643 2059 jumentis
1659 2033 1704 2053 ra-

921 2070 1003 2096 tionis
1031 2069 1188 2104 expertibus
1214 2069 1331 2096 similem
1363 2069 1474 2101 factum,
1507 2077 1562 2097 non
1590 2077 1703 2099 renovat

922 2115 1025 2149 absque
1041 2113 1144 2150 Spiritu
1159 2125 1164 2142 :
1180 2114 1238 2146 sed,
1253 2118 1281 2141 ut
1297 2114 1385 2149 inquit
1398 2114 1534 2150 Propheta
1548 2125 1554 2142 :
1573 2125 1583 2141 ι
1602 2115 1702 2144 Emitte

922 2160 1053 2196 Spiritum
1070 2166 1156 2191 tuum,
1169 2165 1196 2186 et
1213 2160 1390 2193 creabnntur,
1404 2165 1431 2187 et
1446 2161 1592 2188 renovabis
1603 2161 1700 2189 facient

920 2209 999 2233 terra;
1015 2206 1047 2233 ὀ.
1067 2215 1075 2231 ι
1097 2205 1199 2232 Maced.
1222 2205 1343 2232 Dicimus
1368 2211 1395 2233 et
1423 2213 1472 2233 nos
1499 2207 1701 2235 renovationem

91 2253 181 2287 νισμδς
195 2252 274 2287 ἡμῶν
284 2253 328 2279 διὰ
340 2252 387 2279 τοῦ
399 2252 555 2287 Πνεὺματος
565 2252 678 2287 γίνεται’
694 2253 805 2288 Πνεῦμα
818 2253 872 2288 γὰρ

925 2251 1010 2278 nostri
1026 2259 1073 2285 per
1097 2251 1228 2286 Spiritum
1243 2251 1310 2278 eilici
1326 2261 1332 2278 :
1350 2255 1394 2279 est
1409 2252 1482 2278 enim
1499 2252 1617 2286 Spiritus
1636 2261 1702 2281 san-

92 2297 242 2332 ἀγιωσύνης
264 2298 347 2326 ἐστίν.
366 2299 444 2332 Ὀρθ.
466 2308 475 2323 ‹
502 2298 593 2324 Πάντα
617 2298 666 2333 μὲν
688 2298 795 2334 καθαρὰ
815 2300 870 2330 τοῖς

91 2342 225 2377 καθαροῖς.
248 2352 257 2368 ι
276 2343 385 2378 Ἐπειδὴ
400 2343 429 2369 δὲ
444 2343 495 2369 οὐκ
515 2343 543 2369 ὲν
567 2343 695 2379 ἁπλότητι
714 2341 803 2375 εἶπας,
826 2343 870 2370 διὰ

90 2388 135 2414 τοῦ
152 2388 318 2423 Πνεύματος,
336 2389 491 2422 ἀναγκαίως
505 2389 535 2414 οὺ
548 2389 726 2424 παρασιωπῶ.
742 2389 808 2416 Εἰπὲ
823 2387 870 2416 οὖν

93 2442 145 2469 μοι,
163 2434 177 2460 ό
192 2434 387 2469 ὰνακαινισμὸς
405 2435 482 2470 ἡμῶν
505 2434 535 2460 οὐ
551 2434 596 2460 διὰ
616 2433 728 2469 λουτροῦ
747 2435 796 2469 τῆς
816 2443 869 2461 πα-

91 2479 257 2513 λιγγενεσίας
278 2479 400 2513 γίνεται;
425 2478 538 2507 Μακεδ.
559 2479 623 2506 Ναί.
639 2480 716 2512 Ὀρθ.
743 2480 804 2510 Πῶς
822 2477 868 2506 οὖν

93 2524 291 2560 βαπτιζόμεθας
317 2525 356 2556 είς
374 2525 404 2551 τὸ
424 2525 508 2560 όνομα
532 2524 579 2550 τοῦ
607 2525 724 2559 Πατρός,
750 2525 797 2550 καὶ
821 2524 868 2551 τοῦ

91 2572 164 2603 Tios,
181 2572 228 2598 καὶ
242 2572 287 2598 τοῦ
301 2572 378 2604 ἁγίου
392 2572 548 2607 Πνεύματος
559 2571 614 2607 (27)
628 2580 635 2604 ς
651 2571 760 2598 Μακεδ.
783 2572 829 2603 Είς
839 2571 870 2598 τὸ

91 2620 170 2654 ἥνομα
181 2618 228 2645 τοῦ
238 2619 353 2654 Πατρός,
367 2618 470 2645 καὶτοῦ
482 2618 557 2650 Υίοῦ,
570 2618 616 2645 καὶ
631 2617 677 2644 τοῦ
695 2618 770 2652 ἁγίου
786 2617 870 2644 Πνεῦ-

92 2672 183 2700 ματος.
199 2663 276 2697 ὀρθ.
293 2663 325 2689 Τί
340 2661 387 2690 οὖν
405 2663 494 2697 λέγεις
511 2663 557 2689 τὸν
573 2663 766 2698 ἀνακαινισμὸν
790 2663 867 2698 ἡμῶν

126 2741 146 2757 ¹⁰
165 2739 237 2768 Psal.
255 2748 321 2774 cm,
338 2741 383 2768 50.
421 2741 441 2756 ¹¹
462 2740 516 2768 Tit.
534 2748 562 2773 ι,
581 2740 623 2768 l5.

126 2818 171 2854 (26
207 2817 347 2880 'Eveieyela
358 2817 435 2845 abest
448 2824 462 2844 a
477 2816 563 2844 Palat.

126 2818 181 2890 (27}
201 2853 247 2882 Sic
281 2855 345 2882 alat.
364 2853 397 2880 At
411 2852 483 2882 Felc.
498 2856 526 2880 et
539 2859 563 2880 et

922 2296 1106 2323 ctiﬁcationis.
1129 2296 1205 2323 Orth.
1227 2305 1236 2321 ι
1256 2295 1354 2324 Omnia
1373 2296 1482 2332 quidem
1505 2298 1606 2324 munda
1621 2306 1702 2325 mun-

921 2341 964 2369 dis
981 2342 1013 2369 “.
1037 2351 1046 2368 ι
1066 2341 1200 2374 Quoniam
1216 2346 1305 2369 autem
1324 2342 1399 2372 illud,
1423 2351 1470 2378 per
1487 2342 1617 2377 Spiritum
1640 2351 1703 2371 san-

921 2390 1006 2420 ctum,
1038 2394 1094 2413 non
1124 2387 1231 2414 sincere
1258 2388 1408 2422 protulisti,
1437 2389 1593 2416 necessario
1617 2397 1703 2425 cogor

920 2432 1025 2459 interea
1033 2439 1088 2459 non
1097 2433 1188 2460 silere.
1201 2432 1249 2459 Dic
1262 2433 1344 2468 igitur
1356 2433 1438 2460 mihi:
1453 2434 1603 2462 Renovatio
1614 2436 1702 2462 nostri

923 2487 1015 2506 nonne
1043 2478 1071 2505 ﬁt
1096 2487 1144 2514 per
1168 2479 1308 2506 lavacrum
1337 2481 1570 2514 regenerationis?
1594 2481 1698 2510 Haced.

922 2525 1021 2552 Etiam.
1040 2525 1116 2552 Ort/t.
1135 2525 1276 2558 Quomodo
1290 2533 1355 2561 ergo
1370 2527 1557 2561 baptizamur?
1569 2528 1595 2555 in
1611 2527 1700 2555 Patris

922 2574 949 2598 et
965 2570 1036 2603 Filii,
1057 2579 1091 2598 an
1108 2579 1171 2598 vero
1187 2572 1268 2599 etiam
1286 2572 1312 2598 in
1329 2571 1448 2607 Spiritus
1463 2574 1549 2601 sancti
1569 2573 1703 2602 nomine?

922 2616 1025 2644 Maccd.
1038 2616 1067 2644 In
1082 2617 1190 2644 nomine
1202 2618 1300 2650 Patris,
1313 2623 1339 2646 et
1350 2619 1422 2651 Filii,
1432 2623 1459 2646 et
1468 2619 1587 2655 Spiritus
1599 2621 1697 2648 sancti.

922 2662 998 2690 Orth.
1014 2663 1151 2697 Quorsum
1166 2672 1231 2700 ergo
1242 2665 1310 2692 dicis
1335 2666 1420 2693 nostri
1435 2667 1636 2694 renovationem
1651 2674 1702 2701 per

920 2815 1087 2854 Πνεῦματος.
1115 2815 1192 2851 Mox,
1219 2815 1369 2845 Macedonii
1394 2825 1556 2854 responsum
1573 2817 1660 2854 :abest
1683 2825 1700 2845 a

201 2853 247 2882 Sic
260 2845 345 2882 Mai.
364 2853 397 2880 At
411 2852 483 2882 Felc.
498 2856 526 2880 et
539 2851 616 2887 editi,
629 2851 646 2886 ἢ
662 2851 709 2879 και
724 2850 770 2879 τοῦ
787 2850 862 2887 ἁγίου
917 2845 1012 2898 Palat‘._
