1926 3067
229 122 294 150 1251

757 126 785 154 S.
802 127 1035 157 ATHANASIUS.
1056 145 1091 150 -—
1111 129 1239 158 SPURIA

1784 135 1864 162 1252

228 176 359 212 Spiritum
381 184 505 206 sanctum
531 179 598 212 ﬁeri,
625 189 680 208 non
698 187 787 210 autem
813 191 845 210 ex
874 183 966 216 Patre,
983 192 998 211 e

1060 185 1103 212 διὰ
1123 186 1281 219 Πνεῦματος
1304 188 1381 222 ἀγίου
1404 189 1524 222 γίνεσθαι
1541 198 1547 222 ;
1571 191 1630 225 οὐχὶ
1643 190 1671 216 δὲ
1692 192 1723 217 ἐκ
1745 191 1865 227 Πατρὺς

226 222 306 255 Filio,
328 227 356 251 et
379 223 482 259 Spiritu
503 226 618 253 sancto?
638 226 740 254 Maced.
764 227 861 256 Nonne
877 231 1010 264 scriptum

226 272 267 296 est
284 278 291 296 :
315 278 324 294 i
343 268 394 302 Qui
410 278 441 296 ex
465 271 548 297 multa
567 279 615 298 sua
634 273 823 301 misericordia
842 276 1012 308 regeneravit

226 322 286 344 nos,
302 322 349 348 per
365 315 500 341 lavacrum
518 317 744 350 regenerationis,
762 323 789 345 et
807 321 1010 348 renovationem

226 357 344 393 Spiritus
357 361 443 386 sancti
455 361 492 386 ”?
504 372 512 386 ι
530 361 604 388 Ortlt.
621 362 699 390 Prius
708 363 772 394 dixi.
785 373 794 388 ι
809 365 899 391 omnia
911 366 1010 392 munda

224 404 343 433 mundis.
371 415 380 431 ι
408 405 552 434 Enimvero
581 408 652 442 apud
679 417 730 436 nos
753 410 831 444 juxta
861 410 1010 446 Scriptura:

224 457 348 484 scopum,
371 461 380 476 ‹
397 459 445 486 per
460 461 550 487 quem,
569 463 577 478 ι
593 454 663 480 idem
680 460 721 482 est
735 460 826 490 atque,
846 465 855 481 ι
872 464 906 483 ex
917 465 980 491 quo.
996 466 1005 483 ι

224 495 295 523 Sane
317 496 382 524 dicit
401 503 514 525 sanctus
537 498 638 527 Paulus
660 510 666 527 ε
693 510 701 526 ι
730 500 830 528 Fidelis
853 501 935 533 Deus,
960 511 1009 537 per

223 549 303 576 quem
314 543 490 576 vocatiestis,
503 545 530 570 in
542 546 761 572 communionem
774 546 835 574 Filii
852 547 937 582 ipsius
949 549 981 580 ¹³,
996 559 1004 575 ι

222 594 319 622 nempe
332 588 375 615 hic
391 596 509 624 quoque,
528 599 537 614 ‹
553 598 599 624 per
615 598 706 625 quem,
726 600 735 616 ι
755 592 867 626 ponitur
882 600 932 627 pro
948 602 956 618 ι
973 601 1007 620 ex

221 640 284 666 quo.
306 642 315 658 ι
334 632 429 660 Fatere
450 634 532 669 igitur
551 636 718 662 creationem
743 640 866 664 nostram
887 638 970 666 fuisse
991 647 1005 665 a

221 677 311 710 Patre,
325 678 404 712 Filio,
416 684 443 707 et
455 680 558 714 Spiritu
575 687 682 708 sancto.
699 681 754 709 Nec
766 683 838 710 enim
852 684 922 712 alius
933 693 1007 712 crea-

221 723 270 755 vit,
287 727 313 751 et
333 724 404 751 alius
419 726 558 752 renovavit
573 735 579 752 :
595 726 641 753 sed
655 726 726 754 Deus
739 727 762 755 is
777 732 829 759 est,
843 729 889 763 qui
903 731 1005 757 ereavit

220 777 283 797 cum
306 769 386 803 Filio,
411 775 438 798 et
465 771 567 806 Spiritu
592 777 698 800 sancto.
725 773 788 801 Ideo
813 775 891 802 initio
912 775 1003 804 dixit;

223 824 234 840 ι
254 813 398 842 Faciamus
423 815 559 844 hominem
578 816 612 843 ad
636 817 783 853 imaginem
801 823 828 846 et
846 820 1002 848 similitudi-

1063 231 1110 257 καὶ
1128 231 1202 263 Υῐοῦ,
1223 232 1269 259 καὶ
1286 234 1363 267 ἁγίου
1378 234 1555 269 Πνεῦματος;
1571 236 1681 263 Μιικεδ.
1697 237 1733 263 Οὺ
1750 238 1863 271 γέγρα-

1062 285 1137 307 πται,
1158 278 1198 304 ὄτι
1224 279 1294 304 κατὰ
1315 279 1344 305 τὸ
1368 280 1434 306 πολὺ
1460 281 1535 313 ἕλεος
1561 282 1642 308 αῦτοῦ
1665 283 1863 317 ἀναγεννήσας

1061 323 1134 357 ἡμᾶς
1149 323 1191 350 διὰ
1213 324 1325 360 λουτροῦ
1352 326 1570 360 παλιγγενεσίας,
1588 328 1634 354 καὶ
1657 329 1836 356 ἀνακαινισευ

1060 368 1218 404 Πνεύματος
1242 370 1341 404 ἁγίου;
1371 381 1380 396 ι
1416 372 1488 406 Ὀρθ.
1519 373 1664 407 Προλαϐὼν
1690 372 1777 405 εἶπον,
1814 377 1858 400 ὀτ.

1063 422 1072 438 ι
1089 415 1144 445 τοῖς
1166 413 1294 450 καθαροῖς
1314 416 1401 442 πάντα
1424 417 1542 452 καθαρά.
1566 427 1575 443 ι
1603 419 1670 453 Παρ“
1700 420 1764 454 ἡμῖν
1795 419 1859 455 (‘23)

1059 459 1123 494 γὰρ,
1140 460 1209 486 κατὰ
1225 460 1270 487 τὸν
1287 462 1387 488 σκοπὸν
1398 462 1446 498 τῆς
1460 463 1584 499 Γραφῆς,
1604 465 1635 490 τὸ
1647 475 1655 489 ι
1667 465 1700 491 δι’
1713 462 1743 491 οῦ
1759 475 1769 490 ›
1788 474 1859 491 ταυ-

1059 505 1104 531 τόν
1120 507 1176 532 ἐστι
1193 506 1231 542 τῷ
1253 516 1262 532 ι
1282 507 1311 539 ἐξ
1333 504 1374 535 οὗ.
1400 518 1409 534 ι
1432 509 1538 544 Ἀμέλει
1560 510 1625 544 γοῦν
1646 511 1720 544 λέγει
1739 511 1753 536 ὁ
1773 510 1858 544 ἅγιος

1059 551 1163 583 Παῦλος
1175 561 1181 566 ·
1201 562 1209 578 ι
1226 553 1323 585 Πιστὸς
1337 556 1351 580 ὁ
1366 554 1442 586 Θεὸς,
1460 555 1494 581 δι’
1507 553 1537 583 οὗ
1555 556 1686 592 ἐκλήθητε
1701 558 1740 588 εἰς
1751 565 1856 583 κοινω-

1057 597 1117 623 νίαν
1131 598 1178 624 τοῦ
1199 598 1262 625 Υἰοῦ
1285 599 1377 627 αὑτοῦ.
1404 611 1413 627 ι
1440 602 1494 628 Καὶ
1518 602 1635 629 ἐνταῦθα
1661 602 1715 638 γὰρ
1735 603 1766 629 τὸ
1787 613 1797 628 ι
1819 603 1855 629 δι’

1056 640 1086 670 οῦ
1104 653 1112 668 ι
1133 644 1193 670 ἀντὶ
1212 644 1259 670 τοῦ
1280 655 1289 670 ‹
1312 646 1342 679 ἐξ
1359 642 1389 673 οὗ
1411 657 1420 673 ι
1444 649 1541 674 κεῖται.
1559 647 1698 683 ὐμολὸγει
1727 646 1786 680 οὖν,
1809 650 1853 675 ὅτι

1057 690 1073 724 ἡ
1094 689 1182 721 κτίσις
1204 691 1282 726 ἡμῶν
1296 692 1371 728 παρὰ
1389 694 1504 729 Πατρὸς,
1529 694 1576 720 καὶ
1597 694 1677 725 Υἰοῦ,
1701 695 1747 720 καὶ
1769 695 1852 728 ἁγίου

1056 735 1213 770 Πνεῦματος
1229 737 1345 770 ἐγένετο.
1361 739 1398 765 Οὐ
1412 739 1466 775 γὰρ
1482 739 1560 771 ἄλλος
1577 739 1692 771 ἔκτισεν,
1707 741 1754 766 καὶ
1768 740 1852 772 ἄλλος

1056 781 1241 809 ἁνεκαίνίσεν”
1257 784 1315 810 ἀλλ’
1336 785 1350 811 ὀ
1368 785 1462 817 κτίσας
1479 785 1544 817 Θεὸς
1565 785 1635 821 μετὰ
1650 786 1697 812 τοῦ
1717 787 1782 813 Υὶοῦ
1800 789 1852 814 καὶ

1056 826 1212 861 Πνεὺματος
1239 828 1326 863 ἁγίου.
1354 830 1407 857 Καὶ
1428 829 1472 857 διὰ
1495 830 1572 857 τοῦτο
1594 831 1623 857 ἐν
1645 831 1714 867 ἀρχῇ
1744 829 1826 858 εἶπεν
1841 841 1848 847 ·

219 871 282 891 nem
301 868 424 890 nostram
441 864 472 897 “,
490 875 500 891 ι
520 869 549 892 ιιι
567 873 601 893 ex
619 866 812 901 cooperatione
835 867 1000 896 indicaretur

1059 879 1067 895 ι
1089 871 1249 907 Ποιήσωμεν
1273 873 1415 910 ἄνθρωπον
1442 876 1501 902 κατ’
1524 876 1615 903 εἰκόνα
1800 879 1851 905 καὶ

219 914 323 937 natura:
339 909 478 937 identitas.

253 996 298 1024 i9.
323 995 426 1024 Maced.
446 997 605 1024 Demonstra
628 998 693 1024 mihi
715 998 846 1033 apertius,
872 999 1004 1035 Spiritum

217 1044 342 1068 sanctum
357 1049 460 1068 creare.
477 1041 553 1070 Ortlt.
570 1041 713 1070 Sulhciunt
725 1043 833 1078 quidem
848 1051 920 1081 sanae
932 1053 1004 1072 men-

216 1087 252 1115 tis
269 1086 372 1113 homini
386 1094 446 1122 quae
468 1087 547 1114 modo
561 1088 690 1121 diximus,
710 1088 744 1116 ad
757 1093 878 1124 apertam
891 1089 1004 1117 demon-

216 1131 374 1160 strationem
389 1140 394 1156 :
412 1132 539 1166 quoniam
557 1136 646 1159 tamen
662 1134 879 1161 testimoniorqu
895 1143 1003 1170 quoque

215 1177 390 1205 multitudine
407 1177 485 1205 ﬁdem
499 1178 548 1205 tibi
564 1178 620 1205 lieri
633 1179 685 1211 vis,
700 1180 762 1206 audi
778 1179 829 1207 Job
843 1180 976 1209 dicentem
992 1191 998 1208 :

218 1232 227 1248 ι
247 1221 367 1257 Spiritus
386 1222 495 1251 divinus
521 1224 545 1250 is
569 1227 621 1255 est,
645 1225 690 1259 qui
715 1233 757 1252 me
781 1225 855 1257 fecit,
871 1231 899 1254 et
921 1227 1001 1255 ﬂatus

215 1269 409 1304 omnipotentis
438 1269 530 1296 docuit
554 1277 597 1296 me
615 1270 646 1297 η.
673 1280 682 1295 ›
710 1270 814 1299 Maced.
842 1272 920 1300 Eliud
944 1273 1002 1302 haec

214 1314 290 1345 dicit,
304 1321 392 1349 neque
413 1314 574 1348 simpliciter
588 1315 626 1341 ait
639 1335 646 1346 ,
669 1325 678 1340 ‹
699 1316 750 1348 Qui
767 1316 830 1343 fecit
851 1325 903 1349 me,
921 1328 931 1344 ι
953 1318 1002 1346 sed

214 1360 252 1386 ita
265 1359 332 1386 dicit
348 1369 355 1387 ι
378 1369 386 1384 ι
407 1359 508 1386 Purum
526 1365 568 1389 est
579 1361 670 1388 verbis
684 1369 732 1388 cor
749 1370 850 1395 meum,
869 1367 896 1390 et
913 1364 1000 1392 labio-

215 1414 276 1434 rum
300 1414 423 1433 meorum
447 1406 625 1442 intelligentia
648 1416 715 1442 pura
735 1413 777 1436 est
805 1410 971 1444 cogitatione
991 1421 998 1439 :

215 1451 333 1487 Spiritus
353 1451 463 1479 divinus
485 1452 508 1479 is
522 1457 580 1486 est,
605 1454 650 1488 qui
669 1462 711 1481 me
743 1454 806 1481 fecit
830 1463 898 1490 pura
922 1457 999 1492 cogi-

215 1503 273 1525 tare
286 1498 307 1513 “‘
324 1497 446 1533 (inquit).
465 1498 557 1533 Itaque
578 1499 696 1535 Spiritus
718 1506 829 1529 sanctus
850 1501 914 1530 fecit
927 1511 969 1530 me
987 1513 996 1528 ι

214 1552 312 1579 nempe
335 1543 399 1571 fecit
415 1553 456 1572 me
481 1553 548 1579 pura
565 1547 694 1580 cogitare.
712 1546 788 1574 Ortli.
818 1547 851 1573 At.
870 1552 898 1574 tu
923 1553 1000 1576 certe
1015 1551 1034 1577 tl

214 1590 327 1618 omnino
340 1590 443 1622 lateris,
457 1590 579 1618 divinum
592 1599 654 1619 esse
666 1592 809 1627 Spiritum.
824 1593 928 1621 Haced.
945 1594 1000 1623 lmo

214 1635 266 1664 Job
284 1637 335 1664 hoc
357 1644 412 1664 non
430 1637 507 1669 dixit,
525 1637 572 1664 sed
596 1637 685 1669 Eliud,
708 1646 788 1673 quem
814 1638 884 1666 Deus
906 1647 1000 1675 repre-

215 1683 319 1711 hendit.
335 1682 410 1710 Ortlt.
424 1682 458 1709 At
474 1691 527 1710 non
541 1683 628 1717 ipsum
644 1683 671 1710 in
683 1691 715 1710 eo
728 1684 913 1719 reprehendit,
925 1685 1000 1720 quod

217 1731 348 1768 Spiritum
370 1731 492 1758 divinum
517 1729 652 1758 dixisset?
675 1730 779 1758 Maced.
809 1731 881 1759 Deus
909 1737 999 1760 tamen

216 1785 277 1805 eum
292 1776 474 1811 reprehendit.
497 1775 658 1815 OrtinaQuid
671 1778 694 1804 si
710 1777 791 1812 igitur
807 1777 898 1812 ipsqu
913 1778 997 1805 etiam

215 1822 266 1850 Job
282 1822 377 1849 audias
391 1822 525 1849 dicentem
541 1831 547 1848 :
572 1832 581 1847 ι
601 1821 670 1849 Vivit
684 1822 826 1854 Dominus,
840 1823 887 1857 qui
904 1824 944 1850 sic
958 1832 1000 1852 me

214 1869 357 1904 judicavit,
383 1872 410 1895 et
432 1867 621 1902 Omnipotens,
642 1869 689 1903 qui
705 1868 888 1896 amaritudine
906 1868 998 1897 all‘eeit

216 1915 334 1942 animam
351 1922 448 1942 meam.
472 1914 551 1942 Certe
566 1914 652 1941 donec
669 1914 769 1942 halitus
786 1915 852 1942 mihi
872 1915 955 1946 inest,
973 1920 1000 1943 et

216 1961 335 1997 Spiritus
347 1961 456 1988 divinus
467 1964 592 1996 superest
606 1960 714 1987 mihi'in
728 1961 841 1989 naribus
854 1963 886 1990 ".
903 1972 912 1988 ι
929 1961 999 1995 Quid

215 2008 300 2035 habes
319 2007 391 2042 quod
406 2006 537 2034 adversus
550 2007 639 2042 ipsutn
658 2007 740 2034 etiam
754 2007 805 2035 Job
821 2008 917 2036 dicas?
934 2009 996 2036 Ma-

215 2053 269 2081 red.
287 2052 359 2080 Voco
374 2053 454 2080 etiam
470 2060 519 2087 ego
532 2052 664 2087 Spiritum
680 2052 760 2089 452
782 2054 916 2087 divinum,
943 2063 998 2083 non

214 2099 310 2128 Deum.
331 2098 406 2126 Orth,
433 2100 466 2125 At
489 2097 608 2133 Spiritus
624 2098 734 2126 divinus
758 2100 823 2134 quid
846 2100 919 2128 aliud
944 2105 996 2133 est,

213 2153 296 2181 quam
306 2145 394 2173 Deus?
408 2144 511 2172 Maced.
526 2144 619 2172 Absit!
634 2144 709 2172 Ortlt.
721 2144 767 2171 Die
778 2146 870 2180 igitur,
884 2154 998 2181 ecquam

214 2192 368 2219 divinarum
385 2194 548 2226 potestatum
565 2189 706 2224 Scriptura
729 2190 848 2217 divinam
870 2191 970 2219 direrit
986 2202 992 2219 ι

213 2238 318 2274 perlege
335 2225 417 2265 Vetus
431 2243 457 2264 et
473 2236 576 2264 Novum
602 2235 804 2264 Testamentum
831 2238 998 2269 universum.
1017 2225 1038 2251 θ

213 2286 236 2312 si
250 2285 311 2319 quis
326 2290 481 2311 sanctorum
500 2283 658 2318 angelorum
676 2286 800 2318 repertus
813 2288 854 2311 est
869 2304 876 2315 ,
891 2284 938 2318 qui
955 2284 998 2311 di-

214 2333 293 2359 vinus
309 2330 428 2366 Spiritus
443 2330 479 2357 sit
493 2330 592 2357 dictus.
609 2328 712 2356 Maced.
728 2329 824 2357 bullus
838 2330 910 2356 enim
926 2331 996 2358 alius

212 2378 325 2412 spiritus
338 2381 379 2404 est
392 2375 556 2404 istiusmodi.
570 2375 616 2403 Est
627 2375 700 2402 enim
714 2376 820 2402 unicus.
834 2375 909 2402 Orib.
926 2375 996 2411 Ergo

211 2429 238 2452 et
252 2428 281 2451 tu
296 2423 401 2454 fateris,
418 2423 521 2449 nullum
536 2429 597 2449 esse
610 2422 690 2449 talem
707 2420 850 2456 Spiritum,
868 2422 939 2448 inter
950 2430 994 2449 res

210 2475 328 2498 creatas.
352 2469 456 2496 Maced.
483 2468 590 2496 Fateor.
618 2468 695 2495 Ol'l/t.
727 2468 820 2495 Restat
859 2469 941 2503 igitur
965 2473 995 2496 ut

210 2517 362 2551 videamus
375 2523 464 2542 annon
478 2519 574 2542 natura
590 2515 810 2542 communionem
824 2515 992 2542 habeateum

210 2565 290 2592 Patre
302 2569 328 2592 et
342 2563 421 2591 Filio.
434 2562 536 2590 Maced.
552 2562 608 2589 lloc
624 2562 646 2589 si
664 2562 746 2589 l'uerit
762 2563 992 2594 demonstratum,

211 2611 281 2639 Deus
297 2611 376 2639 etiam
396 2618 457 2638 esse
479 2609 682 2636 demonstratus
697 2608 789 2635 fuerit.
809 2607 886 2635 Ort/z.
906 2608 992 2635 Antea

211 2658 424 2686 demonstratum
441 2659 493 2686 est,
512 2662 573 2681 esse
587 2654 719 2681 divinum.
746 2652 850 2680 Maced.
868 2653 920 2681 Sed
937 2662 996 2680 non.

246 2736 266 2752 ¹¹
287 2735 341 2762 Tit.
360 2743 404 2765 ιιι,
425 2734 451 2761 5.
509 2734 529 2749 ¹³
551 2733 638 2760 lCor.
658 2740 684 2763 ι.
711 2732 738 2760 9.

209 2771 289 2802 2,5.

244 2817 300 2851 (28)
321 2817 366 2848 Sic
381 2817 466 2843 Palat.
484 2821 565 2844 necte.
584 2816 655 2844 Editi
672 2823 746 2847 vero.
764 2817 828 2851 παρ’
844 2816 918 2850 ὑμῖν.

245 2852 298 2882 129)
319 2852 467 2883 Pa'latuius,
481 2851 591 2879 Πνεῦμα
602 2851 674 2879 θεοῦ.
689 2852 772 2878 Paulo
783 2854 843 2881 post
856 2859 994 2878 manuscr.

789 2733 811 2748 "
830 2732 898 2759 Gen.
918 2740 944 2763 ι,
963 2733 1007 2761 Ξὶϐ.

1059 915 1117 941 καθ’
1132 917 1271 951 ὁμοίωσιν,
1294 928 1304 945 ι
1330 919 1373 946 ἵνα
1394 920 1426 946 ἐκ
1449 921 1497 955 τῆς
1522 922 1680 957 συνεργείας
1700 923 1730 949 τὸ
1748 923 1850 951 ταυτὸν

1057 961 1105 996 τῆς
1117 961 1223 996 φύσεως
1235 963 1318 999 δείξῃ.

1095 1008 1135 1034 l9.
1151 1009 1263 1036 Μακεδ.
1278 1009 1468 1046 Φανερώτερόν
1480 1021 1525 1047 μοι
1536 1013 1630 1046 δεῖξον,
1639 1014 1720 1041 ὅτιτὸ
1731 1014 1848 1051 Πνεῦμα

1055 1052 1086 1078 τὸ
1109 1053 1187 1087 ἆγιον
1208 1054 1304 1087 κτίζει.
1327 1056 1403 1089 Ὀρθ.
1425 1057 1517 1093 Ἀρκεῖ
1532 1058 1581 1093 μὲν
1600 1059 1646 1085 καὶ
1662 1058 1696 1086 τὰ
1715 1068 1848 1096 προειρη-

1057 1097 1126 1132 μένα
1137 1099 1175 1133 τῷ
1192 1098 1253 1125 γοῦν
1265 1099 1351 1134 ἔχοντι
1363 1100 1430 1137 πρὸς
1445 1102 1563 1138 φανερὰν
1577 1103 1713 1137 ἀπόδειξιν
1725 1112 1733 1119 ·
1749 1105 1847 1141 ἐπειδὴ

1054 1143 1136 1170 δὲκαὶ
1147 1145 1179 1171 ὲκ
1195 1145 1241 1171 τοῦ
1259 1145 1375 1181 πλήθους
1384 1147 1437 1174 τῶν
1450 1148 1607 1184 μαρτυριῶν
1614 1149 1781 1185 πιστωθῆναι
1796 1150 1847 1177 θέ-

1054 1189 1119 1222 λεις,
1138 1191 1252 1218 ἄκουσον
1262 1191 1307 1218 τοῦ
1316 1191 1374 1218 Ἰὼϐ
1385 1193 1522 1228 λέγοντος·
1547 1204 1556 1220 ι
1567 1195 1678 1231 Πνεῦμα
1687 1195 1741 1231 (29)
1757 1195 1845 1224 θεῖον.

1054 1235 1084 1261 τὸ
1113 1236 1228 1271 ποιῆσαν
1257 1245 1309 1271 με·
1332 1238 1399 1273 πνοὴ
1422 1238 1450 1264 δὲ
1477 1240 1692 1276 παντοκράτορος
1721 1241 1738 1276 ἡ
1760 1240 1848 1268 διδά-

1054 1282 1156 1309 σκουσά
1168 1291 1212 1316 με.
1237 1292 1246 1307 ι
1268 1283 1379 1310 Μακεδ.
1403 1283 1504 1311 Ἐλιούδ
1514 1285 1587 1312 ἐστιν
1601 1287 1615 1312 ὁ
1629 1285 1724 1320 λέγων,
1733 1286 1781 1313 κα)⁴
1792 1287 1847 1314 οὐκ

1053 1325 1128 1353 εἶπεν
1148 1327 1251 1361 ἁπλῶς,
1275 1338 1284 1353 ι
1300 1329 1336 1355 Τὸ
1356 1329 1470 1365 ποιῆσαν
1489 1340 1533 1366 με,
1551 1341 1560 1357 ι
1579 1331 1647 1358 ἀλλὰ
1664 1332 1737 1366 λέγει
1750 1332 1844 1360 οὕτω·

1057 1383 1065 1399 ι
1086 1374 1199 1409 Καθαρά
1220 1375 1301 1410 μουὴ
1329 1375 1425 1411 καρδία
1445 1377 1576 1411 ῥήμασιν,
1595 1377 1701 1410 σύνεσις
1723 1378 1752 1405 δὲ
1784 1385 1846 1413 χε.-

1052 1417 1120 1445 λέων
1145 1427 1195 1453 μου
1216 1418 1323 1455 καθαρὰ
1343 1421 1433 1455 νοήσει
1446 1429 1452 1436 ·
1469 1421 1580 1457 Πνεῦμα
1595 1422 1666 1449 θεῖον
1677 1423 1708 1449 τὸ
1723 1423 1843 1458 ποιῆσέιν

1055 1473 1087 1499 με
1103 1464 1208 1499 καθαρὰ
1218 1465 1318 1501 νοήσει.
1327 1475 1336 1491 ι
1350 1480 1383 1485 -
1393 1476 1402 1492 ι
1414 1467 1526 1503 Πνεῦμα
1534 1468 1604 1495 θεῖον
1611 1469 1641 1495 τὸ
1649 1469 1764 1504 ποιῆσάν
1776 1478 1840 1505 με.)

1052 1510 1182 1541 τουτέστι,
1196 1511 1226 1536 τὸ
1242 1512 1357 1546 ποιῆσαν
1373 1521 1407 1548 με
1421 1513 1528 1548 καθαρὰ
1542 1514 1647 1549 νοῆσαι.
1669 1515 1743 1548 Ὀρθ.
1759 1515 1842 1550 Ὁμο-

1051 1555 1140 1588 λογεῖς
1156 1556 1184 1581 δὲ
1204 1555 1271 1588 ὅλως
1287 1556 1357 1583 θεῖον
1373 1557 1404 1584 τὸ
1430 1558 1552 1594 Πνεῦμα..
1569 1559 1680 1587 Μακεδ.
1696 1560 1740 1595 Μὴ
1759 1560 1814 1596 γὰρ
1826 1562 1841 1588 ὁ

1058 1599 1117 1626 ’1ὼό
1131 1601 1197 1627 αὐτὸ
1212 1599 1288 1628 εἶπεν
1301 1611 1306 1616 ·
1320 1603 1377 1629 ἀλλ’
1388 1605 1402 1630 ὁ
1419 1604 1530 1638 Ἐλιοὺδ,
1542 1604 1571 1632 ὃν
1583 1605 1724 1641 ἐμέμψατο
1737 1607 1752 1633 ὁ
1761 1606 1839 1639 Θεός.

1058 1647 1134 1680 Ὀρθ.
1164 1647 1209 1682 Μὴ
1246 1647 1300 1683 γὰρ
1330 1649 1472 1685 ἐμέμψατο
1499 1651 1589 1682 αὐτὸν,
1615 1651 1684 1678 διατι
1709 1649 1786 1680 εἶπεν
1807 1653 1842 1680 τὸ

1051 1692 1163 1727 Πνεῦμα
1192 1692 1281 1726 θεῖον;
1302 1695 1411 1722 Mauri.
1435 1697 1529 1732 Ὅμως
1553 1697 1695 1733 ἐμέμψατο
1720 1698 1802 1725 αὑτὸν
1824 1699 1840 1725 6

1050 1737 1126 1769 Θεός.
1142 1739 1217 1773 ‘Qp0.
1234 1739 1296 1767 Ἐὰν
1313 1739 1359 1767 οὖν
1371 1741 1488 1777 ἀκούσῃς
1501 1742 1548 1769 καὶ
1560 1742 1606 1769 τοῦ
1625 1742 1684 1770 Ἰὼϐ
1696 1743 1821 1778 λέγοντος
1830 1753 1837 1760 ·

1053 1792 1062 1808 ι
1073 1785 1109 1819 Ζῇ
1123 1784 1233 1820 Κύριος,
1250 1785 1279 1817 ὃς
1293 1785 1362 1813 οὕτω
1377 1795 1409 1822 με
1420 1787 1547 1823 κέκρικεν
1558 1788 1635 1824 (29'),
1652 1789 1699 1816 καὶ
1712 1790 1726 1815 ὁ
1739 1798 1840 1817 παντο-

1050 1830 1159 1866 κράτωρ
1177 1831 1191 1856 ὁ
1211 1831 1348 1867 πικράνας
1364 1841 1414 1867 μου
1430 1833 1480 1868 τὴν
1496 1833 1594 1868 ψυχήν.
1611 1831 1650 1860 Ἦ
1672 1834 1723 1870 μὴν
1735 1834 1775 1861 ἔτι
1788 1835 1840 1871 τῆς

1051 1877 1134 1912 πνοῆς
1151 1886 1195 1912 μοι
1212 1877 1340 1913 ἐνούσης·
1363 1879 1475 1914 Πνεῦμα
1493 1879 1520 1906 δὲ
1538 1880 1607 1906 οεῖον
1630 1880 1660 1906 τὸ
1677 1880 1769 1915 περιόν
1791 1889 1839 1916 μοι

1050 1924 1079 1949 ἐν
1094 1923 1174 1958 ῥισίν,
1185 1933 1193 1949 ι
1210 1924 1236 1949 τί
1257 1923 1329 1959 ἔχεις
1343 1925 1429 1950 εἰπεῖν
1441 1925 1487 1951 καὶ
1501 1925 1563 1960 περὶ
1576 1925 1708 1958 τοῦἸὼ6;
1724 1926 1838 1954 Μακεδ.

1050 1968 1105 1995 Καὶ
1122 1968 1193 2003 λέγω
1210 1969 1281 1996 θεῖον
1300 1970 1330 1996 τὸ
1352 1970 1473 2005 Πνεῦμα,
1495 1972 1525 1997 οὑ
1546 1971 1599 2007 μὴν
1615 1972 1690 1999 υεόν.
1710 1973 1782 2006 Ὀρθ.
1800 1973 1839 1999 Τὸ

1049 2013 1077 2040 δὲ
1092 2014 1162 2041 θεῖον
1180 2015 1292 2051 Πνεῦμα
1305 2016 1332 2042 τί
1349 2016 1413 2043 ἄλλο
1429 2017 1504 2043 ἐστὶν
1520 2018 1536 2053 ἢ
1556 2018 1636 2051 Θεόςς
1657 2018 1767 2046 Μακεδ.
1789 2019 1838 2056 Μὴ

1050 2059 1169 2093 γένοιτοί
1193 2061 1270 2095 Ὀρθ.
1293 2062 1397 2088 οὐκοῦν
1413 2063 1485 2094 εἰπὲ,
1500 2063 1527 2089 εί
1545 2072 1605 2090 τινα
1621 2064 1675 2090 τῶν
1692 2065 1775 2098 ἁγίων
1791 2064 1838 2091 δυ-

1050 2105 1158 2140 νάμεων
1183 2105 1253 2133 θεῖον
1271 2105 1348 2134 εἶπεν
1372 2109 1389 2143 ἡ
1410 2109 1514 2145 Γραφή.
1539 2109 1685 2144 ’Λνάγνωθι
1705 2111 1755 2145 τὴν
1778 2111 1836 2138 Πα-

1050 2151 1128 2178 λαιὰν
1144 2153 1233 2180 πᾶσαν
1243 2154 1379 2190 Διαθήκην
1396 2159 1443 2181 και
1461 2155 1508 2190 τὴν
1523 2155 1636 2192 Καινὴν,
1649 2157 1673 2182 el
1685 2156 1782 2192 εὑρέθη
1795 2165 1837 2188 τις

1050 2197 1104 2225 τῶν
1120 2199 1202 2232 ἁγίων
1212 2200 1337 2234 ἀγγέλων
1351 2200 1420 2227 θεῖον
1432 2200 1576 2236 λεγόμενος
1586 2201 1707 2238 Πνεῦμα.
1724 2202 1834 2229 Μακεδ.

1052 2244 1134 2271 Οὐδὲν
1167 2245 1221 2280 γὰρ
1250 2245 1304 2272 τῶν
1336 2246 1423 2274 ἄλλων
1456 2247 1617 2282 πνευμάτων
1644 2247 1747 2274 τοιοῦτό
1778 2249 1836 2274 ἐστι

1023 2323 1027 2326 ,
1052 2291 1182 2326 Πνεῦμα“
1212 2292 1354 2327 μοναδικὸν
1378 2293 1432 2328 γάρ
1456 2294 1521 2320 ἐστι.
1552 2294 1625 2328 Ὀρθ.
1653 2293 1836 2329 Ὀμολογεῖται

1050 2334 1095 2363 οὖν
1108 2336 1155 2363 xat
1170 2336 1244 2371 παρὰ
1259 2336 1317 2369 σοῦ,
1334 2337 1370 2373 μὴ
1387 2334 1455 2363 εἷναι
1471 2338 1500 2364 ὲν
1511 2338 1566 2368 τοῖς
1577 2336 1707 2372 κτίσμασι
1723 2336 1835 2371 Πνεῦμα

1049 2381 1162 2408 τοιοῦτο.
1187 2382 1300 2410 Μακεδ.
1326 2382 1519 2418 Ὀμολογ-εῖται.
1547 2383 1620 2416 Ὀρθ.
1647 2382 1761 2417 Ἰδωμεν
1788 2380 1834 2409 οὖν

1048 2427 1149 2459 λοιπὸν,
1165 2428 1188 2454 εἰ
1209 2428 1259 2455 οὐκ
1276 2428 1332 2464 ἔχει,
1351 2428 1419 2463 μετὰ
1433 2429 1539 2465 Harpe;
1561 2429 1608 2456 καὶ
1624 2428 1689 2454 Υίοῦ
1703 2428 1751 2464 τὴν
1766 2429 1837 2455 κατὰ

1050 2473 1130 2508 φύσιν
1146 2474 1298 2501 κοινωνίαν.
1313 2475 1423 2502 Μακεδ.
1445 2475 1530 2501 Τοῦτο
1544 2475 1590 2502 ἐὰν
1610 2475 1714 2511 δειχθῇ,
1728 2475 1834 2512 ἐδείχθη

1048 2518 1095 2544 καὶ
1109 2518 1183 2550 Θεός.
1205 2519 1278 2553 Ὀρθ.
1299 2520 1372 2551 Τέως
1385 2519 1496 2555 Πνεῦμα
1511 2519 1580 2547 θεῖον
1593 2521 1710 2555 ἐδείχθη.
1723 2520 1834 2548 Μακεδ.

1054 2564 1124 2590 Ἀλλ’
1143 2565 1173 2590 οὐ
1199 2565 1274 2596 Θεός.
1300 2566 1371 2599 Ὀρθ.
1393 2566 1455 2592 Ἐὰν
1479 2566 1640 2601 ἀκούσωμεν
1661 2566 1767 2593 Παύλου
1788 2567 1835 2594 τοῦ

1046 2610 1194 2637 ἀποστόλου
1205 2611 1339 2644 λέγοντος,
1351 2611 1395 2638 τὸν
1406 2611 1471 2639 Θεὸν
1484 2612 1565 2648 μηδὲν
1574 2612 1637 2639 ἄλλο
1644 2610 1712 2639 εἶναι
1723 2613 1740 2648 ἢ
1753 2612 1834 2643 θεῖον,

1046 2656 1152 2690 ἀνάγκη
1173 2656 1318 2683 συνθέσθαι
1334 2657 1363 2683 τὸ
1388 2657 1459 2684 θεῖον
1483 2656 1552 2685 εἶναι
1572 2658 1646 2685 Θεόν.
1668 2658 1779 2685 Maesti
1797 2659 1834 2686 Οὐ

1065 2735 1086 2750 ¹⁵
1106 2733 1157 2762 Job
1175 2743 1277 2766 xxxiii,
1292 2735 1319 2761 ι.
1377 2735 1398 2750 ¹⁶
1418 2735 1482 2762 ibid.
1503 2736 1537 2767 5,
1556 2736 1582 2763 4.
1635 2736 1655 2751 ¹⁷
1675 2734 1726 2763 Job
1743 2743 1826 2768 xxvu,

1052 2815 1163 2848 Ἐλιοῦς,
1182 2819 1208 2841 et
1223 2815 1293 2841 infra
1310 2815 1442 2842 similiter.

1087 2850 1154 2881 (29')
1177 2850 1257 2882 Editi,
1274 2850 1408 2882 κέκρινεν.
1424 2849 1501 2877 Ευιτ.
