1926 3067
92 174 102 200 ί
111 174 162 201 255

594 177 636 204 DE
652 177 786 205 SANCTA
800 178 986 206 TRINITATE
1000 178 1169 207 DlALOGUS
1182 179 1224 209 Ill.

1647 179 1714 206 iiii

90 232 210 263 πάντως.
231 231 298 258 Οὐδὲ
325 232 378 268 γὰρ
403 233 495 269 ἐπειδὴ
514 235 527 260 ὁ
552 234 618 266 Θεὸς
635 235 757 271 Πνεῦμα,
784 237 830 262 καὶ
850 237 879 262 τὸ

932 243 972 266 est
986 238 1066 266 Deus.
1084 239 1160 266 Orth.
1186 239 1214 264 Si
1229 247 1261 266 ex
1291 238 1376 266 Paulo
1393 239 1516 274 apostolo
1536 237 1713 268 audierimus,

89 277 161 305 θεῖον
178 278 291 314 Πνεῦμα
310 278 365 315 (30)
381 279 454 311 Θεός.
479 280 532 307 Ποῦ
550 281 578 307 δὲ
596 281 760 317 γέγραπται,
784 283 798 308 ὁ
811 282 878 314 Θεὸς

89 322 178 356 Θεῖον;
203 325 277 358 Ὀρθ.
302 325 345 351 Ἐν
359 326 418 356 ταῖς
432 326 550 361 Πράξεσι
563 326 616 354 τῶν
632 327 787 353 ἀποστόλων
803 327 877 361 λέγει

89 367 197 400 Παῦλος
217 367 318 400 οὓτως·
343 379 352 395 ι
371 370 450 401 Γένος
471 369 517 396 οῦν
544 371 711 406 ὑπάρχοντες
730 372 776 398 τοῦ
799 372 878 406 Θεοῦ,

89 413 141 440 οὐκ
165 414 308 450 ὀφείλομεν
335 415 456 451 νομίζειν
485 417 577 453 χρυσῷ
601 418 617 453 ἦ
644 418 765 454 ἀργύρῳ,
792 419 879 454 χαρά-

88 468 176 494 γματι
195 459 294 496 τέχνης
318 461 365 488 καὶ
384 461 558 498 ἐνθυμήσεως
581 464 744 499 ἀνθρώπων,
761 465 791 491 τὸ
807 465 876 492 Θείον

89 503 159 532 εἶναι
171 505 272 541 ὅμοιον.
286 516 294 532 ι

929 283 1012 311 Deum
1025 284 1092 311 nihil
1109 284 1181 312 aliud
1198 292 1270 317 esse,
1287 292 1368 319 quam
1382 284 1516 315 divinum,
1533 291 1646 312 necesse
1661 283 1714 309 fue-

930 330 965 356 rit
988 331 1148 363 concedere,
1172 331 1207 363 id,
1226 331 1298 366 quod
1318 331 1440 359 divinum
1461 337 1511 362 est,
1533 330 1616 357 Deum
1641 337 1712 357 esse.

929 376 1033 405 Maced.
1051 377 1109 404 Non
1128 385 1251 412 prorsus.
1267 377 1360 413 Neque
1377 379 1449 405 enim
1466 376 1573 404 etiamsi
1589 375 1661 403 Deus
1674 379 1716 402 est

931 421 1063 457 Spiritus,
1079 423 1183 451 idcirco
1198 423 1308 451 divinus
1319 431 1428 458 quoque
1441 422 1561 458 Spiritus
1578 426 1620 449 est
1631 420 1714 448 Deus.

932 467 1048 495 Ubinam
1070 476 1134 496 vero
1160 469 1291 504 scriptum
1317 474 1359 497 est
1383 468 1466 496 Detint
1491 476 1552 496 esse
1577 465 1716 495 divinum?

934 512 1011 540 Ortlt.
1031 514 1060 540 ln
1082 514 1158 541 Actis
1182 515 1365 549 apostolorum
1390 515 1431 542 sic
1453 515 1574 549 loquitur
1587 512 1713 540 Paulus:

92 562 102 578 ‹
121 552 213 580 Genus
230 561 295 588 ergo
314 562 375 581 cum
402 554 488 583 simus
502 555 560 590 Dei,
582 564 634 584 non
651 557 782 586 debemus
806 559 943 587 aestimare
977 568 1045 588 auro
1063 566 1110 588 aut
1124 566 1253 597 argento,
1284 562 1430 597 sculptura:
1457 562 1524 589 artis
1555 564 1582 588 et
1613 559 1717 594 cogita-

89 599 173 627 tionis
187 599 339 634 hominum,
355 600 476 628 divinum
489 609 549 630 esse
568 603 656 631 simile
670 603 702 631 "1.
717 614 726 630 ι

125 657 170 684 20.
186 657 297 684 Μακεδ.
317 658 424 690 Φθάσας
434 656 520 692 εἶπον,
532 660 574 686 ὅτι
588 660 638 687 κᾶν
657 661 706 693 Θῶ,
727 662 768 688 ὃτι
784 663 798 688 ὁ
813 662 879 694 Θεὸς

89 703 203 738 Πνεῦμά
214 703 298 733 ἐστιν,
313 704 345 731 οὐ
363 705 470 736 πάντως
484 706 530 732 καὶ
547 706 577 732 τὸ
592 705 663 733 θεῖον
677 707 788 742 Πνεῦμα
802 708 877 740 Θεός.

96 750 173 783 ’ορ0.
195 749 225 775 Εἰ
243 749 319 776 οὐδὲν
334 750 386 777 τῶν
407 752 563 787 κτισμάτων
577 752 690 788 Πνεῦμα
706 753 787 787 θεῖον,
804 754 880 781 οὐδὲν

89 794 203 829 Πνεῦμα
226 795 391 830 ἁγιωσύνης,
417 797 495 823 κοινὰ
522 797 551 823 δὲ
577 798 663 824 ταῦτα
692 799 808 835 Πατρὸς,
834 799 881 826 καὶ

91 840 167 871 Υἱοῦ,
186 841 232 867 καὶ
253 841 331 876 ἁγίου
348 842 520 878 Πνεύματος·
539 843 588 878 τῆς
606 844 690 880 αὐτῆς
705 845 759 880 ἄρα
774 845 881 879 φύσεως

90 886 197 922 Πατὴρ,
213 887 260 914 καὶ
277 887 352 921 Υἱὸς,
370 888 416 914 καὶ
436 888 512 922 ἅγιον
528 888 649 924 Πνεῦμα.
669 890 779 917 Manet}.
790 890 880 922 Δεῖξον

90 929 148 964 οὖν,
166 932 216 964 ὅτι,
237 932 331 969 ὥσπερ
347 935 362 960 ὁ
384 934 478 969 Πατὴρ
498 934 600 970 ἐγείρει
615 936 679 967 τοὺς
699 937 812 972 νεκροὺς
834 937 880 963 καὶ

92 977 228 1010 ζωοποιεῖ,
239 979 338 1014 ὁμοίως
350 979 377 1006 δὲ
389 980 436 1006 καὶ
450 981 464 1006 ὁ
480 980 554 1012 Υἱὸς,
568 980 640 1007 οὕτω
661 982 709 1008 καὶ
726 981 756 1008 τὸ
770 982 881 1017 Πνεῦμα

92 1024 227 1055 ζωοποιεῖ.
245 1025 321 1057 Ὄρθ.
346 1025 427 1060 Λέγει
446 1026 565 1057 Παῦλος·
590 1036 599 1052 σ
623 1027 717 1062 Ὑμεῖς
738 1027 766 1053 δὲ
791 1027 880 1054 οὐκέτ’

91 1069 154 1096 ἐστὲ
166 1071 194 1096 ἐν
209 1071 301 1106 σαρκὶ,
315 1071 394 1106 εἴπερ
409 1071 521 1106 Πνεῦμα
536 1072 583 1098 τοῦ
596 1072 664 1099 Θεοῦ
677 1074 746 1100 οἰκεῖ
762 1074 790 1100 ἐν
805 1073 879 1108 ὑμῖν.

92 1116 125 1142 Et
145 1115 174 1142 δέ
187 1125 228 1148 τις
245 1116 356 1151 Πνεῦμα
375 1117 494 1152 Χριστοῦ
509 1118 558 1144 οὐκ
572 1117 638 1153 ἔχει,
652 1116 729 1150 οὗτος
740 1119 789 1145 οὐκ
809 1118 880 1146 ἔστιν

94 1162 149 1196 (51)
167 1161 260 1189 αὐτοῦ.
277 1163 309 1189 Εἰ
323 1162 351 1189 δὲ
367 1164 484 1198 Χριστὸς
500 1164 529 1189 ἐν
543 1164 616 1198 ὑμῖν,
633 1164 664 1190 τὸ
681 1165 729 1199 μὲν
746 1164 826 1199 σῶμα
839 1172 882 1190 νε-

93 1208 159 1241 κρὸν
177 1208 209 1235 δι’
224 1209 371 1245 ἁμαρτίαν,
390 1210 420 1236 τὸ
433 1211 460 1236 δὲ
481 1209 594 1244 Πνεῦμα
613 1210 668 1246 ζωὴ
688 1210 731 1236 διὰ
746 1209 882 1237 δικαιοσύ-

93 1263 154 1284 νην.
168 1255 199 1281 Et
211 1255 239 1281 δὲ
250 1255 280 1282 τὺ
292 1255 402 1291 Πνεῦμα
412 1255 458 1282 τοῦ
473 1256 628 1291 ἐγείραντος
647 1255 751 1291 Ἰησοῦν
765 1256 881 1291 Χριστὸν

92 1301 163 1327 οἰκεῖ
175 1301 205 1327 ἐν
221 1301 295 1336 ὑμιν,
305 1303 320 1328 ὁ
333 1302 441 1336 ἐγείρας
453 1301 571 1336 Χριστὸν
584 1303 616 1327 ὲκ
629 1301 733 1337 νεκρῶν
750 1301 882 1338 ζωοποιή-

94 1354 135 1372 σει
151 1346 196 1372 καὶ
213 1347 246 1373 τὰ
263 1346 345 1381 θνητὰ
363 1346 475 1381 σώματα
490 1346 567 1381 ὑμῶν
589 1345 634 1372 διὰ
649 1346 695 1372 τοῦ
715 1345 882 1378 ἐνοικοῦντος

94 1392 176 1418 αὑτοῦ
195 1392 352 1426 Πνεῦμα-τος
371 1393 398 1418 ἐν
420 1393 494 1426 ὑμῖν.
511 1401 520 1417 ι
538 1391 648 1419 Malea.
668 1392 760 1423 Οὕτως
782 1392 812 1418 οὺ
834 1392 881 1426 γέ-

93 1446 223 1472 γραπται,
241 1437 289 1464 διὰ
304 1438 357 1464 τοῦ
375 1438 575 1470 ἐνοικοῦντος,
598 1437 665 1464 ἀλλὰ
678 1437 710 1464 τὸ
733 1438 880 1465 ἐνοικοῦν.

103 1484 180 1517 Ὀρθ.
202 1484 265 1510 Ἐὰν
284 1483 386 1519 δειχθῇ,
402 1484 443 1510 ὃτι
470 1493 479 1510 ι
501 1482 545 1510 διὰ
558 1483 604 1509 τοῦ
623 1483 788 1515 ἐνοικοῦντος
809 1493 817 1509 ι
835 1483 882 1517 γέ-

94 1537 216 1565 γραπται
259 1530 350 1566 πείθῃ,
378 1530 419 1556 ὅτι
445 1530 495 1565 τῆς
523 1530 606 1565 αὐτῆς
635 1531 693 1556 ἐστι
720 1529 826 1564 φύσεως
851 1530 881 1557 τὸ

94 1575 206 1611 Πνεῦμα
219 1576 306 1611 Πατρὶ
327 1577 374 1602 καὶ
390 1576 467 1610 Υἱῷς
484 1575 594 1602 Μακεδ.
614 1575 677 1602 Ἐὰν
691 1573 737 1602 οὖν
750 1584 799 1602 που
817 1575 846 1602 ἓν
863 1575 879 1611 ἢ

94 1620 218 1655 δεύτερον
234 1621 399 1657 ἀντίγραφον
419 1620 517 1656 εὑρεθῇ
539 1620 706 1656 ἐσφαλμένον
723 1622 788 1655 παρ’
805 1620 880 1655 ὑμῖν,

94 1666 127 1692 ὲκ
147 1666 241 1692 τούτου
268 1666 338 1701 ἔχεις
361 1675 394 1702 με
417 1668 526 1699 πεῖσαι;
549 1667 627 1700 Ὀρθ.
653 1667 769 1701 Ἕχομεν
787 1666 880 1700 δεῖξαι,

94 1711 134 1738 ὅτι
154 1712 182 1738 ὲν
201 1711 271 1743 ὅλοις
284 1713 339 1744 τοῖς
361 1713 485 1751 ἀρχαίοις
504 1713 680 1748 ἀντιγράφοις
694 1712 765 1739 οὕτω
783 1713 882 1748 γέγρα-

95 1765 170 1784 πται.
193 1758 269 1784 Ἐπεὶ
291 1758 319 1784 δὲ
342 1758 462 1793 νομίζεις
487 1758 564 1785 τοῦτο
582 1758 786 1793 ἀντιλεγόμενον
803 1757 882 1793 εἶναι,

95 1803 316 1839 πληροφορὴϐητι
334 1805 380 1831 καὶ
399 1804 429 1837 ἐξ
450 1804 531 1840 ἄλλης
557 1805 693 1840 γραφικῆς
711 1804 881 1836 ἀποδείξεως.

95 1849 204 1876 Μακεδ.
218 1850 285 1876 Εἰπέ
297 1858 303 1864 ”
320 1849 400 1877 τοῦτο
415 1850 470 1886 γὰρ
483 1850 661 1884 ἀντιλέγεται.
682 1850 758 1883 Ὀρθ.
776 1850 856 1884 Λέγει
869 1850 883 1876 ὀ

95 1894 175 1926 αὐτὸς
191 1896 204 1921 ὁ
225 1895 301 1929 ἅγιος
316 1895 419 1927 Παῦλος
431 1904 437 1910 ·
461 1905 470 1921 ι
486 1896 541 1931 Οὐχ
560 1896 600 1922 ὅτι
625 1896 711 1922 ἱκανοί
733 1896 816 1930 ἐσμεν
833 1895 879 1929 ἀφ’

95 1941 198 1967 ἑαυτῶν
214 1941 372 1975 λογίπασθαί
383 1950 420 1973 τι,
435 1941 472 1973 ὼς
484 1942 513 1975 ἐξ
526 1941 639 1973 ἑαυτῶν,
655 1942 710 1968 ἀλλ’
727 1942 743 1977 ἡ
759 1941 882 1977 ἱκανότης

95 1985 172 2020 ἡμῶν
189 1986 220 2012 ἐκ
238 1985 284 2012 τοῦ
299 1986 366 2012 Θεοῦ
377 1995 383 2001 ·
394 1984 428 2018 ὃς
444 1987 491 2013 καὶ
505 1987 637 2014 ἱκάνωσεν
653 1988 728 2022 ἡμᾶς
743 1986 883 2018 διακόνους

94 2031 199 2067 Καινῆς
221 2032 367 2067 Διαϐήκης,
385 2033 415 2059 οὐ
433 2033 604 2068 γράμματος,
622 2033 689 2059 ἀλλὰ
714 2033 881 2067 Πνεύματος.

95 2077 131 2103 Τὸ
147 2077 201 2112 γὰρ
215 2077 331 2112 γράμμα
345 2078 507 2108 ἀποκτείνει,
519 2078 549 2103 τὸ
561 2078 589 2104 δὲ
603 2077 714 2113 Πνεῦμα
726 2077 879 2109 ζωοποιεῖ.»

95 2123 206 2150 Μακεδ.
225 2123 369 2149 Ζωοποιεῖν
389 2123 496 2157 λέγεται
515 2123 545 2149 τὸ
564 2123 617 2149 ἀπὺ
641 2123 783 2158 ἁμαρτιῶν
804 2122 881 2156 ἄγειν

95 2169 135 2198 είς
151 2167 331 2204 δικαιοσύνην.
349 2168 385 2194 Οὐ
403 2168 454 2203 μὴν
468 2167 568 2203 ἐγείρει
589 2168 711 2203 νεκροὺς,
727 2167 764 2198 ὡς
780 2168 794 2193 ὁ
816 2168 882 2202 Χρι-

95 2214 158 2245 στὸς
173 2214 293 2249 ἤγειρεν.
313 2214 389 2247 Ὀρθ.
410 2213 513 2245 Παῦλος
529 2215 543 2240 ὸ
561 2213 708 2245 ἀπόστολος
728 2214 820 2248 ἤγειρε
836 2212 881 2239 τὸν

94 2259 213 2292 Εὔτυχον
238 2258 414 2290 ἀποθανόντα,
486 2257 532 2290 ei};
550 2258 660 2284 Μακεὸ.
684 2258 752 2284 ’Λλλ’
775 2259 824 2284 οὐκ
847 2256 881 2293 ἦν

95 2303 199 2334 Παῦλος
211 2305 225 2330 ο
241 2305 405 2339 ἀναστήσας,
420 2304 476 2330 ἀλλ’
494 2305 507 2330 ὁ
522 2305 549 2330 ὲν
562 2303 659 2339 Παύλῳ
678 2304 796 2340 λαλήσας
814 2305 881 2340 Χρι-

95 2348 167 2380 στός.
189 2349 264 2382 Ὀρθ.
277 2350 405 2383 Καίτοιγε
423 2349 526 2380 Παῦλος
545 2349 630 2383 λέγει,
646 2350 687 2375 ὅτι
701 2360 709 2375 ι
725 2350 840 2385 Χριστὸς
852 2350 880 2376 ἐν

94 2395 208 2430 δυνάμει
226 2395 382 2431 Πνεύματος
395 2395 472 2429 ἁγίου
487 2395 637 2430 πεποίηκεν
653 2396 681 2421 ἐν
698 2396 758 2431 ἐμοὶ
780 2396 816 2422 τὰ
830 2405 880 2431 ση-

96 2442 169 2476 μεῖα.
188 2450 197 2466 ι
216 2441 295 2475 Λέγει
311 2442 365 2477 γὰρ
379 2441 475 2473 οὕτως,
489 2442 529 2467 ὅτι
545 2451 553 2467 ‹
571 2442 609 2468 Οὐ
623 2441 714 2476 τολμῶ
728 2451 753 2468 τι
769 2441 824 2476 ἐγὼ
839 2442 881 2468 λέ.

95 2495 153 2520 γειν
172 2483 208 2512 ὧν
226 2487 255 2512 οὗ
271 2487 470 2522 κατειργάσατο
487 2487 603 2523 Χριστὸς
624 2487 656 2514 δι’
671 2487 737 2522 ἐμοῦ
752 2487 823 2523 λόγῳ
834 2489 881 2514 καὶ

95 2532 177 2568 ἔργῳ,
196 2533 236 2565 είς
258 2534 380 2569 ὑπακοὴν
404 2534 496 2565 ἐθνῶν,
521 2535 548 2560 ὲν
569 2534 680 2569 δυνάμει
696 2535 815 2570 σημείων
834 2535 881 2561 καὶ

94 2579 227 2614 τεράτων,
251 2580 280 2605 ἐν
305 2580 416 2614 δυνάμει
439 2579 596 2614 Πνεύματος
621 2580 708 2614 ἁγίου.
737 2589 746 2605 ι
770 2581 878 2608 Μακεδ.

94 2625 152 2651 Οὐκ
165 2625 275 2652 ἐδύνατο
289 2626 342 2662 γὰρ
356 2627 369 2652 ὁ
385 2625 499 2661 Χριστος
513 2627 576 2653 ἄνευ
597 2627 642 2653 τοῦ
657 2627 813 2661 Πνεύματος
832 2627 879 2653 τοῦ

94 2671 173 2705 ἁγίου
196 2671 307 2706 ποιῆσαι
318 2672 352 2698 τὰ
365 2673 464 2707 σημεῖα
478 2673 524 2698 καὶ
544 2673 578 2699 τὰ
594 2673 709 2708 τέρατα;
731 2673 808 2706 ’ορ0.
824 2673 880 2699 Οὐκ

132 2762 153 2778 ’⁸
172 2762 233 2790 Act.
253 2770 323 2794 xvn,
341 2762 385 2789 29.
423 2763 444 2778 η
466 2762 543 2789 Rom.
560 2770 625 2795 Vlll,
642 2762 718 2789 9-H.

133 2839 265 2876 (.30th
277 2839 310 2876 το
328 2839 398 2876 θεῖον
414 2839 525 2874 Πνεῦμα
545 2840 618 2876 abest
636 2848 651 2867 a
670 2841 873 2876 manuscriptis.

98 2873 130 2900 Et
146 2875 243 2902 ibidem
256 2875 284 2902 δέ
295 2874 372 2902 deest
390 2875 416 2902 in
433 2873 635 2910 manuscriptis.

964 662 1008 690 20.
1030 661 1134 689 Maced.
1154 662 1212 690 Jam
1229 663 1305 698 prius
1320 663 1453 694 dixeram,
1473 663 1580 690 etiamsi
1597 670 1716 698 posuero

930 708 1014 735 Deum
1030 716 1092 736 esse
1111 709 1256 743 Spiritum,
1275 717 1329 736 non
1348 709 1472 744 protinus
1493 709 1579 744 sequi,
1594 709 1716 736 divinum

932 752 1013 778 etiam
1030 750 1161 786 Spiritum
1174 759 1235 780 esse
1250 752 1344 780 Deum.
1363 751 1439 779 Ortlz.
1455 751 1482 779 Si
1503 760 1593 780 rerum
1611 756 1716 780 creata-

930 803 992 822 rum
1012 796 1086 823 nulla
1101 800 1142 824 est
1163 796 1283 832 Spiritus
1298 797 1419 830 divinus,
1441 797 1572 825 nulla-est
1594 796 1714 832 Spiritus

931 841 1169 874 sanctiﬁcationis,
1186 842 1243 870 hzec
1261 847 1350 870 autem
1367 843 1522 871 communia
1543 847 1607 871 sunt
1630 843 1715 876 Patri,

896 884 916 911 Β
931 886 1011 919 Filio,
1034 891 1062 915 et
1083 887 1197 923 Spiritui
1217 893 1323 920 sancto,
1349 897 1445 924 nempe
1466 889 1588 924 ejusdem
1613 894 1718 917 natura:

932 933 1034 960 fuerint
1051 933 1141 966 Pater,
1157 933 1254 965 Filius,
1271 938 1296 961 et
1321 933 1440 969 Spiritus
1464 938 1587 962 sanctus.
1610 934 1715 962 Maced.

930 978 1050 1006 Ostende
1067 979 1158 1014 igitur,
1177 979 1250 1007 sicut
1267 979 1348 1007 Pater
1365 980 1467 1007 excitat
1484 983 1618 1012 mortuos,
1634 986 1661 1007 et
1676 980 1717 1007 vi-

931 1024 1031 1056 viﬁcat,
1050 1029 1076 1051 et
1097 1024 1183 1052 Filius
1200 1032 1319 1060 quoque,
1339 1025 1376 1052 ita
1395 1026 1477 1052 etiam
1505 1024 1636 1060 Spiritum
1654 1033 1717 1052 san-

931 1074 1003 1097 ctum
1020 1069 1166 1097 viviﬁcare.
1187 1069 1263 1097 Orth.
1281 1069 1352 1097 Dicit
1367 1069 1469 1098 Paulus
1487 1079 1493 1098 :
1521 1080 1530 1096 ι
1547 1069 1601 1098 Vos
1624 1075 1717 1098 autem

928 1115 984 1151 jam
1001 1123 1056 1142 non
1071 1115 1138 1142 estis
1158 1116 1186 1142 in
1204 1123 1297 1147 carne,
1318 1115 1341 1143 si
1361 1120 1450 1143 tamen
1468 1115 1586 1151 Spiritus
1605 1116 1651 1144 Dei
1668 1117 1718 1144 ha-

931 1161 998 1188 bitat
1012 1161 1040 1188 in
1053 1161 1141 1188 vobis.
1163 1160 1192 1188 Si
1206 1161 1269 1196 quis
1288 1165 1378 1188 autem
1396 1161 1527 1197 Spiritum
1541 1161 1644 1189 Christi
1661 1169 1715 1189 non

931 1207 1021 1239 habet,
1039 1208 1062 1235 is
1075 1215 1129 1235 non
1148 1212 1190 1236 est
1207 1208 1277 1243 ejus.
1296 1207 1325 1235 Si
1345 1213 1434 1235 autem
1456 1208 1580 1236 Christus
1597 1208 1624 1236 in
1639 1209 1718 1237 vobis

931 1256 983 1285 est,
999 1261 1098 1288 corpus
1110 1252 1219 1288 quidem
1234 1258 1372 1280 mortuutn
1385 1259 1427 1280 est
1439 1259 1549 1289 propter
1562 1258 1716 1290 peccatum,

933 1298 1054 1333 Spiritus
1073 1306 1138 1326 vero
1154 1299 1209 1327 vita
1234 1303 1277 1327 est
1299 1303 1410 1334 propter
1432 1300 1578 1334 justitiam.
1595 1299 1673 1333 Quod
1694 1302 1718 1328 si

933 1343 1051 1378 Spiritus
1062 1343 1132 1379 ejus,
1146 1344 1192 1379 qui
1207 1344 1350 1372 suscitavit
1362 1343 1454 1371 Jesum
1470 1344 1608 1372 Christum
1620 1353 1634 1372 a
1647 1353 1719 1373 mor-

933 1389 997 1420 tuis,
1017 1389 1120 1418 habitat
1142 1390 1169 1417 in
1193 1391 1282 1423 vobis,
1308 1391 1353 1426 qui
1377 1392 1521 1419 suscitavit
1543 1392 1683 1420 Christum
1702 1401 1717 1420 a

933 1435 1048 1463 mortuis
1064 1435 1212 1463 viviﬁcabit
1229 1444 1337 1472 quoque
1359 1437 1484 1464 mortalia
1498 1444 1615 1472 Corpora
1627 1443 1718 1465 vestra

933 1489 980 1516 per
996 1481 1193 1509 inhabitantem
1211 1481 1342 1517 Spiritum
1362 1483 1421 1517 ejus
1442 1483 1469 1509 in
1489 1483 1565 1510 vobis
1576 1484 1610 1509 ’⁸.
1632 1493 1641 1509 I
1656 1482 1718 1510 Ma-

934 1527 987 1554 ced.
1004 1526 1063 1554 Non
1079 1527 1116 1554 ita
1133 1527 1263 1562 scriptum
1278 1531 1329 1559 est,
1349 1537 1358 1553 ι
1373 1535 1420 1562 per
1430 1527 1635 1561 inhabitantem,
1649 1538 1658 1554 ι
1670 1529 1718 1557 sed

935 1582 944 1598 ι
955 1578 1064 1608 propter
1073 1573 1277 1600 inhabitantem.
1290 1582 1299 1598 ›
1311 1572 1386 1600 Orth.
1397 1572 1425 1600 Si
1434 1573 1577 1602 ostendero
1586 1573 1718 1609 scriptum

931 1626 1001 1649 esse,
1020 1628 1029 1643 ‹
1044 1626 1093 1653 per
1108 1617 1314 1650 inhabitantem,
1328 1627 1337 1644 ι
1354 1626 1419 1645 num
1429 1618 1476 1646 tibi
1485 1626 1646 1653 persuasum
1659 1618 1719 1646 fue-

931 1665 977 1695 rit,
996 1664 1118 1699 ejusdem
1138 1672 1199 1691 esse
1218 1669 1333 1696 natum,
1356 1664 1487 1699 Spiritum
1505 1669 1587 1700 atque
1608 1664 1717 1692 Patrem

931 1715 958 1738 et
977 1710 1095 1738 Filium?
1115 1710 1220 1737 Maced.
1242 1710 1283 1738 An
1308 1719 1383 1742 vero,
1401 1711 1424 1738 si
1447 1719 1531 1738 unum
1553 1715 1580 1738 et
1603 1711 1718 1739 alterum

932 1757 1091 1784 mendosum
1119 1756 1258 1791 exemplar
1286 1756 1356 1791 apud
1383 1764 1433 1784 vos
1459 1756 1623 1790 inveniatur,
1653 1757 1717 1784 inde

932 1802 996 1830 illud
1014 1802 1078 1829 mihi
1097 1803 1285 1837 persuaseris?
1307 1802 1383 1830 Ortlt.
1406 1802 1556 1830 Possumus
1575 1803 1720 1831 ostendere

932 1848 969 1875 ita
985 1848 1012 1874 in
1030 1848 1137 1875 cunctis
1153 1849 1267 1876 vetustis
1282 1849 1484 1883 exemplaribus
1498 1849 1630 1884 scriptum
1645 1857 1717 1876 esse.

933 1892 1068 1925 Quoniam
1084 1897 1173 1920 tamen
1188 1893 1221 1920 de
1236 1893 1288 1920 hoc
1303 1893 1470 1920 controverti
1489 1893 1641 1926 existimas,
1657 1894 1718 1922 aliis

932 1939 1024 1973 petitis
1037 1947 1069 1965 ex
1085 1938 1227 1974 Scriptura
1240 1939 1523 1967 demonstrationibus
1544 1939 1645 1967 certior
1657 1939 1717 1968 ﬁas.

933 1984 1035 2011 Μαι-ινα.
1051 1983 1105 2012 Has
1117 1985 1198 2019 igitur
1212 1984 1314 2020 profer,
1333 1992 1394 2011 nam
1407 1985 1472 2012 illud
1491 1985 1518 2012 in
1530 1987 1718 2014 controversia

932 2035 983 2057 est.
999 2029 1074 2057 Orth.
1092 2029 1165 2057 ltlem
1179 2029 1280 2058 Paulus
1294 2030 1359 2057 dicit
1375 2040 1380 2057 :
1404 2039 1412 2055 ι
1431 2030 1488 2057 Non
1505 2031 1578 2065 quod
1592 2040 1625 2059 ex
1638 2032 1717 2059 nobis

932 2075 999 2110 ipsis
1010 2075 1099 2102 idonei
1109 2075 1195 2103 simus
1209 2076 1328 2111 cogitare
1337 2076 1438 2110 aliquid
1450 2083 1482 2103 ex
1495 2077 1584 2108 nobis,
1593 2078 1670 2112 quasi
1683 2085 1718 2105 ex

932 2121 1079 2153 nobis,sed
1097 2122 1169 2157 quod
1188 2121 1277 2149 idonei
1294 2130 1398 2153 sumus,
1425 2123 1451 2150 id
1473 2131 1507 2150 ex
1521 2123 1576 2150 Deo
1584 2127 1625 2151 est
1644 2132 1651 2150 :
1671 2124 1718 2158 qui

932 2167 1012 2194 etiam
1034 2167 1094 2194 fecit
1108 2173 1136 2194 ut
1153 2167 1241 2194 idonei
1259 2167 1375 2194 ministri
1394 2175 1517 2195 essemus
1540 2167 1608 2194 Novi
1623 2167 1719 2195 Testa-

933 2213 1027 2245 menti,
1037 2221 1091 2240 non
1100 2213 1205 2244 litteris,
1221 2212 1267 2240 sed
1280 2212 1407 2247 Spiritus.
1417 2212 1518 2240 Littera
1527 2213 1598 2240 enim
1607 2212 1718 2245 occidit,

937 2259 1056 2294 Spiritus
1071 2265 1160 2287 autem
1175 2259 1335 2286 vivitieat".
1349 2269 1357 2285 ι
1370 2259 1473 2286 Maced.
1490 2258 1634 2287 Viviﬁcare
1650 2259 1718 2286 dici-

935 2310 980 2333 tur
994 2313 1009 2333 a
1021 2310 1132 2341 peccato
1148 2305 1180 2332 ad
1193 2305 1326 2340 justitiam
1338 2306 1489 2333 traducere.
1505 2306 1539 2332 At
1551 2313 1604 2332 non
1616 2306 1718 2333 excitat

935 2356 1069 2385 mortuos,
1097 2352 1167 2379 sicut
1193 2351 1319 2380 Christus
1342 2352 1483 2379 excitavit.
1513 2351 1589 2379 Orth.
1615 2350 1717 2379 Paulus

934 2398 1081 2432 Apostolus
1102 2398 1252 2433 Eutychum
1280 2401 1416 2425 mortuum
1441 2398 1581 2430 excitavit,
1605 2397 1718 2424 annon?

933 2443 1036 2471 Maced.
1054 2443 1088 2470 At
1110 2451 1163 2470 non
1178 2444 1201 2471 is
1225 2450 1266 2471 cst
1285 2443 1398 2476 Paullus,
1416 2444 1462 2478 qui
1479 2444 1553 2470 illum
1578 2442 1716 2476 excitavit,

933 2490 980 2517 sed
996 2490 1040 2524 qui
1059 2490 1167 2517 locutus
1180 2493 1222 2517 est
1237 2489 1263 2516 in
1279 2488 1363 2515 Paulo
1376 2489 1510 2516 Christus.
1530 2488 1606 2516 Ortlt.
1622 2488 1714 2522 Atqui,

932 2535 1022 2569 inquit
1036 2534 1138 2561 Paulus
1151 2544 1158 2561 :
1175 2544 1184 2559 ι
1201 2534 1327 2562 Christus
1341 2534 1368 2561 in
1382 2535 1480 2561 virtute
1497 2534 1614 2568 Spiritus
1629 2533 1717 2561 sancti

932 2581 996 2608 fecit
1014 2580 1039 2607 in
1058 2588 1100 2607 me
1115 2580 1200 2615 signa.
1223 2590 1232 2606 ι
1254 2579 1298 2607 Sic
1314 2581 1385 2607 enim
1400 2581 1437 2607 ait
1452 2590 1457 2606 :
1478 2589 1487 2606 ι
1504 2579 1562 2606 Non
1576 2580 1648 2606 enim
1667 2587 1717 2606 au-

933 2626 984 2654 deo
998 2626 1145 2661 quidquam
1161 2627 1234 2662 loqui
1246 2626 1318 2662 quod
1331 2634 1385 2654 non
1395 2625 1516 2654 effecerit
1526 2625 1651 2652 Christus
1668 2633 1716 2661 per

935 2681 987 2706 me,
1004 2674 1087 2700 verbo
1102 2678 1132 2701 et.
1144 2672 1216 2700 facto
1228 2673 1261 2700 ad
1273 2673 1454 2701 obedientiam
1472 2672 1604 2709 gentium,
1618 2671 1646 2699 in
1662 2675 1717 2699 vlr-

800 2761 821 2788 ll
838 2762 900 2790 Cor.
920 2770 967 2795 ιιι,
986 2762 1019 2794 5,
1037 2762 1053 2789 6

964 2839 1020 2875 (Si)
1039 2839 1137 2871 Palat.,
1156 2837 1244 2866 οὐκέτ’
1255 2839 1304 2865 οὐκ
1316 2838 1398 2867 ἔστιν.
