1926 3067
238 153 306 184 19.Ξὸ
776 154 804 182 S.
826 153 1057 181 ATIIANASIUS.

237 215 294 240 tute
313 211 451 246 signorum
466 215 493 238 et
512 211 706 247 prodigiorum,
729 212 756 239 in
782 213 881 240 virtute
897 212 1019 248 Spiritus
1034 219 1055 246 Α

235 258 322 285 sancti
336 258 368 283 ".
389 267 399 284 ι
424 256 526 284 Maced.
545 257 586 284 An
601 265 665 285 vero
687 265 741 285 non
766 262 871 293 poterat
891 258 1018 286 Christus

234 303 337 338 absque
362 302 464 338 Spiritu
496 307 592 331 sancto
619 304 700 331 edere
725 305 802 338 signa
827 309 854 331 et
877 303 1020 338 prodigia?

235 347 311 374 Orth.
326 347 421 376 Nonne
432 347 524 375 itidem
538 353 643 383 poterat
654 348 734 375 Pater
744 349 845 383 absque
857 347 926 375 Filio
937 347 1018 384 453

233 394 349 421 condere
364 394 472 421 omnia?
486 393 589 422 Maced.
607 394 693 421 Etiam
710 404 717 422 :
732 395 778 422 sed
795 397 818 430 (ι
834 394 893 422 ideo
906 403 954 429 per
975 394 1018 421 Fi-

233 439 297 466 lium
320 440 441 467 condidit
454 445 483 474 ι)
504 444 533 468 ιιι
551 439 648 467 Filium
669 448 778 475 quoque
798 444 940 475 appareret
958 447 1020 467 esse

1077 167 1112 173 —
1131 151 1255 180 SPURIA
1788 149 1872 180 195'!

1071 211 1181 238 ἐδύνατο
1205 212 1259 246 γὰρ
1281 211 1296 237 ὁ
1320 211 1414 246 Πατὴρ
1438 211 1500 238 ἄνευ
1524 209 1570 236 τοῦ
1594 210 1659 236 Υξοῦ
1688 209 1800 244 ποιῆσαι
1827 209 1873 236 τὰ

1072 259 1174 290 πάντῃ
1189 257 1298 284 Μαχεδ.
1321 258 1390 284 Ναὶ’
1416 257 1472 284 ἁλλ’
1493 258 1535 284 ἵνα
1550 257 1596 284 καὶ
1613 256 1676 288 Υἱὸς
1693 255 1873 291 δημιουργὸς

1070 302 1172 338 δειχθῇ.
1197 304 1273 336 Ὀρθ.
1290 303 1334 337 Τῷ
1351 302 1424 338 αὐτῷ
1438 303 1520 338 λόγῳ,
1536 302 1681 337 δυνάμενος
1699 302 1745 327 καὶ
1761 302 1775 326 ὀ
1794 301 1871 333 Υἱὸς

1071 349 1179 384 ποιῆσαι
1193 349 1226 376 τὰ
1244 351 1342 384 σημεῖα
1361 349 1406 376 καὶ
1431 349 1464 375 τὰ
1481 349 1580 385 τέρατα
1593 348 1658 383 (32),
1680 348 1751 374 ποιεῖ
1776 348 1808 373 ὲν
1821 347 1870 382 τῷ

1071 394 1218 429 Πνεῦματι,
1230 395 1273 421 ἵνα
1286 395 1377 430 δειχθῇ
1392 395 1438 421 καὶ
1449 395 1478 421 τὸ
1491 394 1600 430 Πνεῦμα
1613 394 1643 420 τὸ
1656 395 1730 428 ἅγιον
1742 393 1776 419 τὰ
1787 394 1868 420 αὐτὰ

1072 440 1164 466 ποιοῦν
1177 440 1215 475 τῷ
1229 442 1316 477 Πατρὶ
1331 441 1377 467 καὶ
1391 441 1428 476 τῷ
1444 440 1509 476 Υἱῷ.

232 484 412 512 conditorem.
427 485 503 512 0rlh.
521 485 622 512 Eadem
639 486 754 518 ratione,
774 485 857 513 Filius
869 493 930 512 cum
947 488 1040 519 posset
1062 485 1142 512 edere
1163 487 1240 521 signa
1261 490 1288 514 et
1308 486 1442 522 prodigia,
1466 486 1550 513 edidit
1583 492 1614 512 ca
1642 484 1669 511 in
1684 483 1801 519 Spiritu,
1833 489 1867 512 ut

231 533 387 562 ostenderet
401 532 532 568 Spiritum
553 538 678 560 sanctum
694 534 787 560 cadent
804 533 892 560 facere
904 541 964 568 qua:
983 531 1064 559 Pater
1079 536 1106 560 et
1123 532 1217 561 Filius.

264 579 309 605 2i.
326 577 429 606 Maced.
445 577 499 606 Nos
514 578 644 613 Spiritum
662 583 786 606 sanctum
799 587 852 605 non
868 585 1014 614 possumus

230 623 314 651 Deum
332 625 431 652 dicere.
449 624 526 651 Orth.
550 624 598 651 Ais
618 625 726 652 divinas
748 624 903 659 Scripturas
921 632 935 650 a
951 624 1014 658 Spi-

230 670 284 697 ritu
303 675 399 698 sancto
427 670 585 697 enuntiatas
612 678 659 705 per
681 670 827 705 prophetas
846 674 874 697 et
904 674 1014 704 aposto-

229 717 287 747 los,
303 715 413 742 annon?
435 714 538 743 Maced.
567 715 627 743 Aio.
647 716 722 743 Orth.
740 715 810 750 Ergo
823 715 941 750 Spiritus
967 715 1013 750 qui

228 769 274 790 eos
303 761 402 788 aﬁlavit
433 761 504 788 Deus
532 765 585 788 est.
616 761 719 790 Maced.
751 762 829 789 Absit
844 765 874 788 ut
904 762 956 788 hoc
971 761 1014 788 di-

227 814 286 834 cam
300 807 308 833 '.
325 805 402 833 Orth.
423 805 451 833 Si
468 806 616 841 Scriptura:
630 808 663 834 ab
680 807 740 841 ipso
757 807 906 842 inspirataa,
922 812 985 834 sunt
997 814 1013 834 a

228 851 282 879 Deo
297 851 444 886 inspiratm,
460 852 525 886 quid
543 853 616 879 aliml
632 852 750 887 Spiritus
766 852 809 879 ille
832 851 914 879 fuerit
931 859 1012 886 quam

227 897 317 925 Deus?
347 897 450 925 Maced.
472 897 590 933 Spiritus
615 899 659 926 illc
685 899 764 926 nobis
794 898 1013 926 subministravit

227 942 273 970 Dei
291 943 455 976 doctrinam,
471 952 531 979 qua:
544 944 646 971 idcirco
657 944 757 971 dicitur
769 952 782 970 a
799 944 853 972 Deo
869 944 1010 979 inspirata.

227 989 304 1018 Ortli.
317 989 360 1017 An
377 998 451 1021 vero,
467 991 594 1025 quoniam
619 991 798 1017 sanctiﬁcatio
812 998 865 1026 qua
880 998 930 1018 nos
951 991 1012 1026 Spi-

226 1037 296 1064 ritus
312 1036 395 1064 etiam
407 1037 570 1069 sanctiﬁcat,
587 1040 629 1064 est
645 1037 690 1063 Dei
705 1037 894 1069 sanctiﬁcatio,
910 1037 1012 1064 idcirco

226 1090 280 1110 non
295 1087 337 1110 est
351 1083 386 1110 ab
402 1083 461 1118 ipso
476 1082 596 1118 Spiritus
611 1082 810 1110 sanctiﬁcatio?
823 1082 925 1109 Mat-ed.
939 1082 1010 1110 Sane

229 1132 274 1156 est
287 1128 369 1156 etiam
385 1128 419 1155 ab
435 1128 494 1162 ipso
511 1128 612 1163 Spiritu
637 1128 824 1156 sanctiﬁcatio.
842 1128 916 1155 Orth.
934 1127 1010 1155 Sicut

224 1181 289 1208 ergo
305 1173 486 1200 sanctiﬁcatio
504 1176 546 1200 est
562 1180 576 1199 a
598 1173 688 1205 Patre,
701 1172 780 1205 Filio,
791 1179 818 1200 et
830 1172 932 1208 Spiritu
946 1181 1010 1201 san-

224 1224 286 1251 cto;
302 1219 339 1246 ita
349 1222 376 1246 et
393 1226 470 1246 sacra
488 1218 639 1253 Scriptura.
657 1219 784 1246 Doctrina
799 1219 882 1255 igitur
897 1224 939 1247 est
957 1219 1009 1246 Pa-

225 1265 287 1297 tris,
309 1264 382 1297 Filii,
400 1271 425 1292 et
442 1264 561 1300 Spiritus
575 1266 673 1292 sancti.
692 1267 726 1292 At
743 1265 912 1300 Scripturam
927 1266 1009 1300 proﬁ-

224 1316 296 1340 tetur
309 1318 421 1340 sanctus
436 1311 537 1340 Paulus
555 1320 616 1340 esse
630 1320 644 1338 a
660 1312 714 1340 Deo
732 1313 890 1348 inspiratam
910 1322 917 1340 :
937 1313 1008 1341 licus

223 1361 266 1385 est
275 1358 357 1394 igitur
367 1357 458 1392 Pater,
470 1357 556 1385 Filius
568 1363 595 1385 et
606 1357 724 1394 Spiritus
735 1362 859 1386 sanctus.
870 1358 1007 1391 Quamob-

223 1411 280 1431 rem
295 1403 376 1430 etiam
391 1403 493 1430 dictum
514 1407 556 1431 est
571 1405 643 1439 apud
659 1404 806 1439 prophetas
823 1414 830 1431 :
848 1413 856 1430 ι
875 1403 908 1430 Ει
926 1408 1007 1431 erunt

224 1456 318 1476 omnes
331 1449 403 1476 docti
418 1456 433 1475 a
450 1448 503 1476 Deo
515 1450 548 1475 η.
570 1459 579 1476 ι
596 1448 699 1476 Maced.
724 1450 854 1484 Quisquis
873 1449 974 1476 dicitur
990 1457 1005 1476 a

223 1494 314 1526 Patre,
328 1497 442 1521 vocatur
458 1494 556 1522 doctus
577 1502 591 1521 a
612 1494 676 1522 Deo.
695 1495 771 1522 Orth.
788 1494 865 1522 Sicut
881 1495 927 1530 qui
943 1502 1006 1522 san-

223 1540 360 1567 ctiﬁcatur
371 1547 385 1566 a
398 1539 479 1568 Patre
494 1544 521 1567 ct
543 1539 621 1571 Filio.
639 1541 827 1568 sanctiﬁcatur
842 1548 950 1576 quoque
966 1540 1003 1568 si-
1016 1539 1036 1568 C

223 1586 323 1613 militer
338 1593 354 1613 a
372 1585 475 1620 Spiritu
493 1589 588 1613 sancto
605 1594 612 1612 :
627 1586 664 1613 ita
677 1587 723 1621 qui
741 1586 836 1614 didicit
853 1594 868 1613 a
882 1585 973 1618 Patre,
989 1594 1004 1613 a

222 1629 291 1658 Filio
307 1639 415 1666 quoque
429 1631 522 1662 discit,
539 1634 565 1658 et
578 1638 593 1657 a
612 1630 716 1666 Spiritu
729 1635 825 1659 sancto
847 1641 853 1658 :
871 1631 1004 1666 siquidem

221 1684 283 1703 cum
297 1677 395 1704 dixerit
413 1676 538 1704 Cbrislus
553 1685 560 1704 :
574 1686 584 1702 ι
602 1676 661 1704 Non
679 1684 729 1704 vos
747 1677 814 1705 estis
841 1677 888 1712 qui
915 1676 1002 1711 loqui-

222 1724 298 1754 mini,
314 1724 359 1751 sed
377 1723 495 1758 Spiritus
510 1723 600 1751 Patris
613 1724 706 1756 vestri,
717 1724 764 1758 qui
781 1724 901 1758 loquitur
916 1723 943 1750 in
957 1731 1003 1751 vo-

222 1770 264 1797 bis
276 1769 308 1796 ".
328 1779 337 1794 ι
355 1768 472 1797 Sanctus
488 1768 588 1796 Paulus
603 1769 687 1796 dicit:
703 1778 712 1795 ‹
727 1769 767 1796 An
787 1769 1003 1803 experimentum

221 1814 344 1850 quaeritis
369 1815 428 1849 ejus
445 1814 491 1849 qui
509 1814 630 1849 loquitur
645 1815 672 1841 in
688 1823 731 1841 me
747 1815 849 1842 Christi
864 1815 908 1841 “‘i
924 1825 933 1841 ι
948 1815 1004 1842 Au-

220 1861 262 1888 dis
274 1859 375 1887 Christi
388 1860 539 1887 doctrinam
551 1868 612 1887 esse
621 1868 652 1888 ea
663 1868 723 1895 qua:
734 1861 853 1895 loquitur
863 1860 981 1896 Spiritus
994 1870 1002 1888 :

220 1911 247 1933 et
270 1906 357 1933 Patris
372 1906 524 1933 doctrinam
540 1914 611 1938 esse,
629 1914 661 1934 ea
678 1914 739 1941 quae
753 1906 880 1934 Christus
893 1912 920 1934 et
939 1907 1003 1942 Spi-

220 1953 289 1979 ritus
302 1952 458 1986 loquuntur.
472 1951 549 1984 Quod
561 1952 584 1979 si
596 1952 632 1979 ita
645 1957 696 1985 est,
708 1960 768 1987 quae
782 1953 901 1986 loquitur
911 1952 1002 1985 Pater,

220 2001 246 2024 et
260 1994 355 2028 Filius,
370 2001 397 2024 et
413 1995 532 2032 Spiritus
547 2005 670 2029 sanctus,
686 2001 749 2025 sunt
766 1997 907 2033 Scriptura
922 2005 936 2025 a
947 1997 1002 2026 Deo

220 2043 361 2078 inspirata.

254 2129 298 2157 2‘2.
316 2128 422 2156 Maced.
437 2129 504 2156 Cum
522 2136 588 2164 ergo
604 2129 670 2156 dicit
686 2128 767 2157 Pater
779 2150 788 2162 ,
803 2139 813 2155 ε
834 2129 883 2157 Hic
895 2133 937 2157 est
956 2128 996 2157 Fi-

220 2176 273 2203 lius
286 2184 361 2202 meus
372 2175 499 2205 dilectus.
515 2176 540 2202 in
551 2184 606 2210 quo
617 2176 682 2202 mihi
698 2177 766 2203 bene
776 2176 927 2211 complacui
941 2177 974 2208 ",
989 2185 997 2201 ι

218 2222 271 2250 hoc
285 2221 352 2248 dicit
370 2221 460 2253 Pater,
474 2221 570 2253 Filius,
588 2225 615 2249 et
635 2221 753 2256 Spiritus
772 2226 896 2250 sanctus.
921 2222 997 2249 Orth.
1014 2215 1037 2243 Ῑ)

219 2267 346 2302 Qum-dam
358 2271 421 2295 sunt
435 2275 514 2295 voces
526 2269 640 2303 propria:
651 2268 750 2299 Patris,
763 2273 789 2296 et
801 2268 923 2303 quaedam
937 2275 987 2303 pro

219 2313 284 2348 prize
295 2321 376 2340 voces
387 2312 458 2345 Filii.
471 2317 498 2340 et
507 2314 630 2348 qllaedum
642 2321 721 2341 voces
733 2314 851 2349 Spiritus
860 2314 992 2349 propriae:

217 2363 282 2387 sunt
301 2363 329 2386 et
348 2359 471 2394 quasdam
484 2359 568 2391 Patri,
584 2364 610 2386 et
625 2359 705 2392 Filio,
722 2365 750 2388 et
768 2360 883 2396 Spiritui
903 2365 1001 2388 sancto

217 2412 386 2432 communes.
405 2404 472 2431 Cum
487 2405 578 2440 igitur,
594 2409 622 2432 ut
644 2410 671 2432 tu
698 2407 774 2441 prius
797 2407 900 2439 dixisti,
924 2407 1001 2435 Pater

217 2450 325 2485 inquit,
343 2460 351 2475 ι
371 2450 421 2477 llic
436 2455 478 2478 est
490 2450 575 2479 Filius
587 2459 663 2479 meus
682 2452 808 2484 dilectus,
823 2453 849 2480 in
862 2461 916 2488 quo
931 2453 997 2481 mihi

217 2496 286 2524 bene
300 2497 462 2530 complacui.
483 2507 492 2523 ι
513 2498 569 2525 haec
589 2502 631 2525 est
647 2498 734 2533 ipsius
750 2498 838 2526 Patris
853 2507 915 2527 vox.
931 2501 998 2527 item

217 2550 278 2569 cum
295 2542 383 2576 inquit
400 2562 407 2575 ,
427 2553 435 2568 ι
455 2543 524 2571 Ecce
547 2552 614 2579 puer
638 2553 715 2573 meus
741 2546 866 2578 dilectus,
891 2548 918 2574 in
943 2555 998 2582 quo

216 2588 382 2623 complacuit
408 2589 501 2616 anima
523 2598 583 2618 mea
603 2599 609 2616 ε
627 2598 727 2625 ponam
753 2591 885 2627 Spiritum
913 2601 1004 2621 meum

1103 579 1147 606 21.
1169 579 1280 606 Μακεδ.
1298 580 1392 614 Ἡμεῖς
1413 579 1444 605 οὐ
1467 578 1603 614 δυνάμεθα
1626 578 1712 604 εἰπεῖν
1737 576 1805 602 Θεὸν
1829 575 1864 602 τὸ

1067 625 1189 660 Πνεῦμα.
1208 625 1284 659 Ὀρθ.
1308 625 1401 659 Λέγεις
1426 624 1481 659 (55)
1504 626 1552 655 τὰς
1578 623 1652 654 θείας
1674 621 1786 658 Γραφὰς
1804 621 1862 648 ὑπὸ

1067 671 1113 698 τοῦ
1128 671 1283 707 Πνεύμπος
1299 671 1344 698 τοῦ
1365 671 1441 704 ἁγίου
1466 670 1590 706 εἰρῆσθαι
1609 669 1652 695 διὰ
1675 669 1728 695 τῶν
1747 676 1860 703 προφη-

1067 718 1121 744 τῶν
1142 718 1188 744 καὶ
1210 718 1264 744 τῶν
1285 717 1450 748 ἀποστόλων,
1468 717 1484 752 ἢ
1499 716 1549 748 οῦς
1566 715 1676 742 Μακεᾶ.
1694 714 1756 740 Ναί.
1773 714 1857 747 ὀρθ-

1067 764 1132 796 Θεὸς
1144 765 1198 800 ἄρα
1212 766 1242 792 τὸ
1257 764 1412 800 ὲμπνεῦσαν
1426 763 1523 794 αὐτοὺς
1544 761 1665 792 Πνεῦμα.
1681 759 1791 788 Μακεδ.
1806 760 1858 793 Μὴ

1065 811 1169 845 γένοιτο
1192 813 1293 838 εἰπείνῑ
1320 812 1397 845 ‘Opo.
1432 812 1463 837 Εἰ
1491 811 1518 837 αἱ
1550 809 1721 836 πιευσθεῖσαι
1744 807 1858 843 Γραφαὶ

1065 859 1129 893 παρ’
1148 857 1230 884 αὐτοῦ
1258 856 1430 884 θεόπνευστοί
1453 857 1532 886 εἰσιν.
1557 855 1583 882 τε
1603 855 1635 881 ἂν
1662 854 1724 881 ἄλλο
1750 854 1793 887 εἴη
1825 853 1859 879 τὸ

1065 903 1174 938 Πνεῦμα
1190 903 1206 938 ἦ
1221 903 1303 935 Θεός;
1322 902 1432 929 Mam-:6.
1451 902 1506 936 Τὴν
1528 901 1574 927 τοῦ
1594 899 1662 926 Θεοῦ
1679 898 1858 925 διδασκαλίαν

1062 948 1218 984 διηκόνησεν
1243 950 1319 984 ἡμῖν,
1341 949 1386 974 καὶ
1410 947 1453 973 διὰ
1478 946 1557 973 τοῦτο
1576 945 1645 981 αὐτὴ
1661 946 1677 980 ἡ
1694 944 1857 971 διδασκαλία

1062 995 1236 1026 θεόπνευστος
1253 994 1370 1028 λέγεται.
1386 994 1462 1028 Ὀρθ.
1482 992 1590 1028 Ἐπειδὴ
1606 992 1652 1018 καὶ
1673 991 1687 1017 ὁ
1705 990 1855 1025 ἁγιασμὸς,

1060 1041 1089 1068 ὃν
1105 1040 1212 1076 ἁγιάζει
1238 1041 1285 1067 καὶ
1303 1041 1376 1076 ἡμᾶς
1393 1040 1422 1066 τὺ
1444 1039 1565 1074 Πνεῦμα,
1586 1037 1653 1064 Θεοῦ
1677 1038 1749 1063 ἐστιν
1769 1037 1856 1070 ἁγια-

1061 1088 1137 1123 σμὸς,
1151 1088 1201 1114 οὐκ
1220 1087 1293 1113 ἔστιν
1317 1086 1398 1113 αὑτοῦ
1421 1079 1467 1112 τοῦ
1491 1084 1647 1120 Πνεύματος
1665 1084 1679 1110 ὑ
1695 1082 1854 1117 ἁγιασμὸς;

1060 1134 1169 1161 Μακεδ.
1184 1134 1247 1165 Ναὶ,
1262 1134 1309 1160 καὶ
1323 1131 1403 1159 αὐτοῦ
1419 1131 1464 1158 τοῦ
1481 1130 1636 1166 Πνεῦματός
1651 1130 1722 1156 ἐστιν
1741 1130 1754 1154 ὁ
1772 1129 1856 1162 ἁγια-

1060 1179 1136 1214 σμός.
1153 1178 1231 1212 Ὀρθ.
1248 1178 1350 1213 ’Ὠσπερ
1378 1174 1424 1203 οὖν
1451 1176 1465 1202 ὁ
1496 1174 1631 1210 ἁγιασμὸς
1657 1173 1772 1208 Πατρὸς,
1802 1173 1853 1199 καὶ

1058 1226 1133 1258 Υῐοῦ,
1151 1226 1196 1252 καὶ
1212 1225 1290 1259 ἁγίου
1306 1223 1462 1259 Πνεύματός
1486 1222 1570 1252 ἐστιν,
1587 1220 1672 1252 οὕτως
1692 1220 1738 1246 καὶ
1751 1221 1768 1255 ἡ
1789 1219 1854 1246 θεῖα

1059 1271 1161 1306 Γραςρή.
1183 1271 1216 1297 Ἥ
1230 1270 1319 1296 τοίνυν
1336 1267 1494 1295 διδασκαλία.
1515 1266 1630 1302 Πατρὺς,
1645 1266 1692 1292 καὶ
1709 1265 1786 1295 Υῐοῦ,
1800 1265 1852 1291 καὶ

1057 1317 1134 1350 ἁγίου
1149 1315 1305 1350 Πνεῦματὸς
1321 1316 1403 1341 ἐστιν.
1419 1313 1599 1343 Θεόπνευοτος
1611 1312 1638 1338 δὲ
1649 1310 1769 1347 ήΓραφὴ
1782 1312 1851 1345 ὁμο-

1056 1361 1173 1396 λογεῖται
1194 1360 1270 1396 παρὰ
1289 1360 1328 1396 τῷ
1353 1360 1422 1394 ἁγίῳ
1447 1358 1562 1393 Παύλῳ·
1581 1358 1646 1388 Θεὸς
1666 1357 1719 1392 ἄρα
1739 1357 1847 1392 Πατὴρ,

1056 1408 1102 1434 καὶ
1119 1407 1192 1440 Υἱὸς,
1213 1408 1260 1433 καὶ
1276 1406 1351 1440 ἆγιον
1368 1404 1488 1439 Πνεῦμα.
1507 1403 1555 1430 Διὸ
1576 1403 1622 1430 καὶ
1644 1403 1750 1438 εἴρηται
1770 1402 1847 1437 παρὰ

1055 1455 1110 1484 τοῖς
1122 1453 1274 1488 προφήταις
1282 1460 1288 1467 ·
1303 1461 1311 1476 ι
1325 1452 1379 1478 Καὶ
1390 1450 1495 1476 ἔσονται
1506 1450 1606 1480 πάντες
1618 1447 1735 1475 διδακτοὶ
1746 1447 1826 1474 Θεοῦ.
1834 1456 1844 1472 ι

1056 1498 1166 1526 Μακεδ.
1193 1499 1249 1529 Πᾶς
1275 1499 1289 1524 ὁ
1318 1496 1411 1533 μαθὼν
1431 1496 1506 1532 ποιρὰ
1527 1495 1573 1522 τοῦ
1596 1495 1701 1530 Πατρὺς
1723 1493 1846 1524 suam;

1053 1545 1119 1571 Θεοῦ
1135 1544 1237 1571 ἀκούει.
1254 1544 1326 1576 Ὀρθ.
1344 1543 1448 1577 Ὥσπερ
1470 1543 1484 1568 ὁ
1504 1540 1682 1576 ἁγιαζόμενος
1707 1539 1782 1574 παρὰ
1795 1538 1843 1565 τοῦ

1056 1590 1160 1625 Πατρὺς
1196 1589 1243 1616 καὶ
1281 1588 1356 1620 Υἱοῦ,
1385 1587 1526 1622 ἁγιάζεται
1570 1586 1669 1622 ὁμοίως
1697 1586 1744 1612 καὶ
1769 1585 1844 1621 παρᾶ

1054 1636 1100 1662 τοῦ
1116 1635 1288 1670 Πνεύματοςο
1307 1634 1393 1665 οὕτως
1413 1635 1427 1660 ὸ
1452 1631 1542 1669 μαθὼν
1567 1631 1640 1668 παρὰ
1667 1631 1772 1666 Πατρὸς
1795 1631 1843 1658 καὶ

1055 1682 1130 1714 Υἱοῦ,
1150 1682 1196 1708 καὶ
1222 1681 1298 1716 ἁγίου
1322 1680 1480 1715 Πνεύματος
1505 1678 1649 1714 μανθάνει·
1675 1677 1770 1713 ἀμέλει
1793 1678 1841 1704 τοῦ

1053 1727 1170 1763 Χριστοῦ
1187 1727 1325 1762 εἰρηκότος
1336 1747 1343 1758 ,
1366 1726 1406 1752 ὅτι
1428 1736 1436 1751 ε
1454 1726 1510 1752 Οὐκ
1526 1725 1586 1751 ὲττὲ
1601 1725 1679 1760 ὑμεῖς
1693 1725 1716 1750 οἱ
1730 1723 1842 1750 λαλοῦν-

1052 1782 1108 1806 τες,
1122 1773 1189 1800 ἀλλὰ
1208 1773 1238 1799 τὸ
1259 1772 1370 1807 Πνεῦμα
1386 1771 1432 1798 τοῦ
1447 1771 1551 1807 Πατρὺς
1567 1771 1643 1806 ὑμῶν
1658 1770 1688 1796 τὸ
1701 1770 1796 1797 λαλοῦν
1811 1771 1840 1796 ἐν

1055 1821 1128 1855 ὑμῖν,
1147 1829 1156 1846 ›
1174 1819 1188 1845 ὀ
1203 1819 1286 1857 ’ἆγιος
1304 1818 1410 1850 Παῦλος
1434 1818 1524 1852 λέγει·
1556 1817 1621 1850 «ΥΠ
1648 1816 1760 1852 δοκιμὴν

1054 1865 1159 1900 ζητεῖτε
1172 1856 1217 1891 τοῦ
1234 1865 1263 1891 ἐν
1279 1866 1341 1900 ἐμοὶ
1361 1856 1502 1896 λαλοῦντος
1518 1863 1653 1898 Χριστοῦ;
1675 1873 1685 1889 ι
1707 1863 1837 1894 Ἀκούεις,

1053 1910 1093 1937 ὅτι
1112 1910 1130 1937 ἃ
1153 1910 1226 1937 λαλεί
1248 1910 1277 1936 τὸ
1298 1909 1418 1945 Πνεῦμα,
1434 1909 1550 1945 Χριστοῦ
1574 1908 1730 1936 διδασκαλία
1748 1908 1837 1934 ἐστίν·

1053 1957 1100 1984 καὶ
1115 1956 1133 1983 ἃ
1148 1956 1222 1982 λαλεῖ
1246 1955 1363 1991 Χριστὸς
1379 1956 1425 1982 καὶ
1445 1955 1475 1982 τὸ
1496 1954 1621 1990 Πνεῦμα.
1643 1954 1749 1989 [ἰατρὸς
1768 1954 1838 1980 διδα-

1053 2001 1151 2029 σκαλία
1166 2001 1250 2028 ἐστίν.
1274 2001 1306 2027 Et
1322 2000 1350 2027 δὲ
1379 1999 1467 2032 τοῦτο,
1493 2000 1546 2035 ἄρα
1568 1999 1586 2026 ἃ
1603 1999 1676 2026 λαλεῖ
1695 2000 1709 2025 ὁ
1732 1999 1836 2035 Πατὴρ⁹

1052 2047 1099 2074 καὶ
1128 2047 1142 2072 ὁ
1165 2046 1238 2078 Υἱὸς,
1267 2046 1312 2072 καὶ
1337 2046 1367 2072 τὸ
1395 2045 1516 2080 Πνεῦμα,
1541 2044 1715 2076 θεόπνευστος
1740 2044 1833 2081 Γραφή

1051 2093 1135 2119 ἐστιν.

1086 2137 1130 2164 2‘2.
1151 2136 1262 2164 Μακεδ.
1278 2137 1361 2164 Ὅταν
1384 2134 1431 2163 οὖν
1459 2136 1524 2172 λέγῃ
1548 2137 1562 2163 ὁ
1585 2137 1693 2172 Πατήρ·
1722 2145 1732 2162 ι
1753 2136 1834 2168 Ουτός

1052 2184 1147 2210 ἐστινὸ
1156 2183 1218 2214 Υἱός
1231 2191 1280 2218 μου
1293 2184 1307 2209 ὁ
1320 2182 1470 2217 ἀγαπητὸς,
1481 2183 1509 2208 ἐν
1523 2179 1544 2215 ᾧ
1556 2182 1702 2218 ηὐδόκησα·
1711 2191 1719 2207 ι
1730 2182 1832 2217 Πατὴρ,

1051 2229 1096 2256 καὶ
1113 2227 1186 2259 Υἱὸς,
1200 2227 1247 2254 καὶ
1263 2227 1340 2261 ῖιγιον
1360 2227 1470 2262 Πνεῦμα
1487 2226 1564 2253 τοῦτο
1583 2226 1665 2261 λέγει.
1688 2228 1760 2260 Ὀρθ.
1776 2219 1832 2253 Εἰςὶ

1052 2274 1139 2308 φωναὶ
1166 2273 1229 2300 ἴδιαι
1253 2273 1300 2300 τοῦ
1324 2273 1438 2308 Πατρὸς,
1458 2273 1503 2300 καὶ
1526 2273 1578 2299 εἰσὶ
1603 2273 1689 2307 φωναὶ
1706 2273 1768 2299 ἴδιαι
1788 2273 1831 2299 τοῦ

1052 2319 1127 2352 Υἱοῦ,
1142 2320 1190 2346 καὶ
1203 2319 1256 2346 εἰσὶ
1278 2320 1364 2354 φωναὶ
1379 2319 1441 2346 ἴδιαι
1463 2319 1509 2346 τοῦ
1527 2319 1699 2354 Πνεύματος”
1716 2320 1762 2346 καὶ
1782 2320 1832 2345 εἰσὶ

1052 2367 1140 2393 κοιναὶ
1156 2366 1272 2402 Πατρδς,
1300 2366 1376 2398 Υἱοῦ,
1392 2366 1438 2393 καὶ
1465 2367 1542 2400 ἁγίου
1571 2366 1735 2401 Πνεύματος.
1752 2367 1832 2392 Ὅταν

1050 2409 1096 2438 οὖν
1108 2411 1174 2448 λέγῃ
1189 2411 1245 2446 (5'3)
1261 2412 1276 2437 ὁ
1288 2411 1392 2447 Πατὴρ,
1405 2411 1442 2443 ὡς
1459 2411 1600 2446 προλαϐὼν
1614 2413 1741 2446 εἴρηκας,
1759 2421 1767 2436 ι
1782 2408 1831 2438 0";-

1050 2457 1095 2488 τός
1112 2458 1184 2484 ἐστιν
1198 2457 1211 2483 ὁ
1228 2457 1290 2488 Υἱός
1306 2466 1356 2492 μου
1370 2458 1384 2483 ὁ
1403 2457 1554 2493 ἀγαπητὸς.
1567 2458 1596 2484 ὲν
1619 2454 1641 2491 ᾧ
1656 2457 1800 2493 ηὐδόκητα,
1820 2467 1830 2483 ι

1051 2503 1133 2529 αὑτοῦ
1147 2501 1193 2529 τοῦ
1208 2503 1313 2538 Πατρός
1327 2503 1384 2529 ἐστι
1401 2503 1485 2538 φωνή.
1501 2503 1554 2528 Καὶ
1567 2503 1666 2538 ὁμοίως
1679 2503 1742 2528 ὅταν
1753 2502 1814 2538 λέγῃ
1823 2522 1830 2534 ,

1054 2558 1063 2574 ι
1083 2548 1148 2575 Ἰδοὺ
1169 2550 1182 2575 ὁ
1205 2549 1272 2580 Παῖς
1290 2557 1340 2583 μου
1360 2549 1374 2574 ὁ
1399 2548 1548 2584 ἀγαπητὸς,
1564 2549 1592 2574 ἐν
1616 2545 1638 2582 ᾧ
1659 2548 1829 2584 εὐδόκησενὴ

1043 2594 1116 2630 ψυχή
1139 2602 1206 2630 μου·
1225 2594 1298 2628 θήσω
1315 2594 1345 2620 τὺ
1363 2594 1475 2630 Πνεῦμὰ
1502 2604 1550 2630 μου
1575 2595 1619 2621 ἐπ’
1641 2595 1738 2622 αὐτόν’
1757 2605 1766 2621 ι
1783 2596 1829 2622 καὶ

205 2694 208 2711 Ι
251 2665 272 2680 ¹¹
294 2665 373 2693 Rom.
391 2674 442 2698 xv,
460 2667 510 2700 18,
530 2667 573 2696 19.
611 2669 633 2684 ’⁸
652 2668 703 2697 lsa.
720 2677 774 2702 le,
793 2670 836 2698 l5.
873 2671 897 2687 “
916 2671 1006 2698 Matth.

1058 2692 1061 2703 ι
1079 2672 1125 2699 20.
1162 2672 1185 2687 "
1206 2671 1226 2698 ll
1243 2671 1307 2699 Cor.
1326 2679 1391 2705 xm,
1407 2672 1433 2700 5.
1472 2673 1495 2690 ¹¹
1515 2672 1608 2700 Matth.
1627 2681 1676 2706 ιιι,
1694 2673 1736 2701 ΓΙ.

249 2742 306 2777 (3'2)
325 2743 390 2782 Post
400 2744 500 2782 τέρατα
527 2745 553 2771 in
566 2746 644 2773 editis
667 2746 766 2782 legitur
780 2746 843 2773 ἄνευ
854 2747 901 2774 τοῦ
913 2748 997 2774 Ilvati-

204 2781 300 2812 ξματος
315 2799 323 2810 ,
344 2779 392 2806 sed
409 2780 464 2806 lucc
480 2781 578 2806 desunt
593 2781 618 2807 in
637 2779 705 2809 mss:
719 2783 855 2809 omnibus.

202 2802 304 2853 Et?)
315 2802 393 2853 ’ξῖιῖέῖ
403 2802 474 2853 ’ὀὲὗ-
482 2802 874 2853 ᾎέἱξιέλῖᾲέὂέίοὶξ
890 2818 970 2852 Λέγει
983 2819 997 2844 ὁ

212 2845 340 2884 Παῦλοςῆ
353 2848 398 2882 9'3;
412 2845 521 2877 nimo.
535 2845 599 2877 Nat.
619 2845 689 2885 om.
704 2845 909 2885 τάιτὶιςοϊτάς
923 2845 996 2885 (ista;

1050 2747 1161 2786 [ραφὰς
1185 2748 1379 2786 θεοπνεύςτους
1400 2749 1475 2786 λέγει
1498 2749 1601 2783 Παῦλος
1621 2751 1702 2786 ἠοῦς
1719 2752 1824 2781 Nam.

1050 2783 1113 2810 Nat.
1133 2786 1198 2817 Opi).
1213 2784 1278 2815 Θεὸς
1293 2783 1356 2819 ἄρα,
1372 2788 1424 2812 etc.

1085 2819 1140 2858 (ﬁt)
1161 2819 1257 2858 Bal-4L,
1274 2819 1304 2858 ξξί
1317 2819 1448 2858 δοέιιμήγπ
1461 2819 1530 2848 Editl
1545 2829 1618 2854 vero,
1635 2822 1671 2849 Ἦ
1684 2822 1793 2858 δοκιμήν

1085 2854 1140 2889 (55)
1161 2853 1258 2887 Palat.,
1276 2854 1329 2882 Καὶ
1344 2853 1496 2892 ὅτανλὲγῃ.
