1926 3067
76 107 156 137 ΒΞἺ

595 106 638 133 DE
655 106 792 134 SANCTA
812 106 1002 135 TRINITATE
1022 105 1193 134 DIALOGUS
1211 105 1253 133 ΙΙΙ.

1647 105 1715 133 1238

93 175 146 194 σαι
159 166 292 197 τοιαῦται,
311 165 394 193 αὐτοῦ
419 165 465 192 τοῦ
483 166 586 201 Πατρός
612 167 680 192 εἰσιν
703 167 776 194 ἴδιαι.
792 167 874 193 ’Ὸταν

943 174 1009 200 uper
1024 167 1112 200 ipsqu
1128 166 1162 198 ’“,
1194 175 1203 190 ι
1225 169 1251 192 et
1269 164 1372 192 similes
1387 164 1446 190 aliae
1458 171 1547 196 voces,
1564 163 1650 198 ipsius
1664 164 1715 190 Pa-

74 212 107 239 δὲ
123 211 192 247 λέγῃ
207 212 262 247 (56)
274 213 288 238 ὁ
301 211 374 243 Υἱὸς,
397 221 407 236 θ
427 211 543 246 Ὠρυξαν
559 211 651 247 χεῖρας
668 221 718 247 μου
734 212 780 238 καὶ
792 212 873 243 πόδας

78 264 149 291 μου,
174 266 181 282 ι
202 257 246 282 καὶ
265 257 325 283 ὅσαι
344 256 475 287 τοιαῦται,
493 257 538 283 τοῦ
561 257 678 293 Χριστοῦ
698 259 750 284 εισι
777 258 872 292 φωναί.

77 301 165 328 Οὕτω
182 302 227 328 καὶ
241 302 287 328 τοῦ
305 302 462 337 Πνεύματος
477 302 540 329 ἴδιαί
565 305 617 330 εἰσι
633 303 735 338 φωναί·
753 304 791 336 ὡς
812 304 875 331 ὅταν

76 346 152 382 λέγῃ
169 348 183 374 ὁ
197 347 330 381 Ἄγαϐος·
349 356 358 372 ‹
377 347 446 374 Τάδε
470 347 543 382 λέγει
559 349 589 375 τὸ
608 349 720 384 Πνεῦμα
734 349 765 376 τὸ
781 350 874 383 ἅγιον·

78 392 136 418 Τὸν
162 393 247 428 ἄνδρα
270 393 378 425 τοῦτον,
408 391 438 419 οὗ
466 395 539 420 ἐστιν
559 396 576 430 ἡ
600 394 672 430 ζώνη
695 395 776 430 αὕτη,
790 395 877 427 οὕτως

78 440 222 474 δήσουσιν.
242 449 251 465 ι
269 440 357 467 Πᾶσαι
377 440 405 467 δὲ
422 437 518 473 αὗται,
547 441 718 468 θεόπνευστοι
743 442 876 476 λέγονται,

79 486 128 513 διὰ
144 485 176 512 τὸ
201 486 248 512 καὶ
269 487 319 518 τὰς
340 486 387 513 τοῦ
410 487 515 523 Πατρὸς
541 487 608 514 Θεοῦ
625 485 694 514 εἶναι
714 487 816 522 φωνὰς,
832 487 879 514 καὶ

79 532 133 564 τὰς
149 532 197 559 τοῦ
213 532 278 559 Υξοῦ
303 532 369 559 Θεοῦ
394 530 464 559 εἶναι
481 532 581 568 φωνὰς,
605 533 651 559 καὶ
667 533 715 564 τὰς
734 533 781 560 τοῦ
795 533 878 560 Ilvati-

83 587 172 614 ματος
198 578 266 605 Θεοῦ
283 577 352 605 εἶναι
368 579 468 613 φωνάς.
485 579 596 605 Illam-:6.
609 579 654 615 Μὴ
669 579 788 613 γένοιτοί
805 579 878 613 Ὀρθ.

81 624 192 651 Οὐκοῦν
209 625 269 650 εἰπὲ
285 624 340 659 (57)
364 624 412 656 τὰς
437 625 486 660 μὲν
512 623 580 651 εἶναι
604 624 797 655 θεοπνεύστους
821 624 881 658 (τὰς

81 670 112 696 δὲ
125 669 186 704 ob)‘
204 670 250 697 καὶ
266 670 371 705 μὲμψαι
390 669 428 704 τῷ
452 671 521 705 ἁγίῳ
550 670 647 705 Παύλῳ
670 671 804 706 γράψαντι
825 671 882 697 θεο-

82 716 237 747 πνεύστους
247 715 296 747 τὰς
311 716 400 747 πάσας
414 716 533 750 Γραφάς.
545 716 656 743 Mazaeo.
667 715 705 742 Ἦ
719 714 776 748 οὖν,
788 716 881 751 ἐπειδή

82 770 149 789 τινα
165 762 273 797 ῥήματα
296 761 350 788 τῶν
373 762 457 796 ἁγίων
490 763 559 788 εἰσὶν
586 763 615 788 ἐν
641 763 736 794 αὑταῖς
759 763 806 789 καὶ
830 763 884 788 τῶν

84 808 195 835 ἀσεϐῶν
208 809 254 835 καὶ
271 809 440 844 ἁμαρτωλῶν
461 809 622 845 ἀνθρώπων.
634 809 677 836 διὰ
692 809 769 836 τοῦτο
791 810 837 836 καὶ
860 811 884 835 ot

85 855 197 886 ἀσεϐεῖς
218 856 265 881 καὶ
287 856 445 891 ἁμαρτωλοὶ
471 856 526 882 θεοί
550 857 617 882 εἰσιν
631 865 637 888 ;
650 856 722 890 Ὀρθ.
745 856 824 883 Ἀλλὰ
836 857 883 883 καὶ

85 902 137 932 τὰς
164 901 210 927 τοῦ
235 902 341 937 Πατρὸς
365 902 457 937 φωνὰς
480 902 528 928 καὶ
545 901 594 934 τὰς
616 901 664 928 τοῦ
685 902 750 928 Υῐοῦ
769 902 815 928 καὶ
834 902 884 934 τὰς

86 947 144 974 τῶν
156 947 250 982 ἁγίων,
263 948 310 974 καὶ
326 948 376 979 τὰς
397 948 451 974 τῶν
472 947 578 974 ἀσεϐῶν
593 948 640 974 καὶ
659 947 839 983 ἁμαρτωλῶν,
853 948 883 974 τὸ

88 993 203 1028 Πνεῦμα
218 993 262 1020 διὰ
279 993 332 1020 τῶν
349 993 496 1030 προφητῶν
519 994 564 1020 καὶ
580 994 735 1020 ἀποστόλων
754 993 882 1029 ἔγραψεν.

88 1040 127 1067 Οὐ
144 1040 199 1075 γὰρ
215 1038 285 1074 ἦσαν
307 1040 383 1066 αὐτοὶ
406 1041 430 1066 οἱ
456 1039 607 1071 λαλοῦντες,
633 1039 701 1066 ἀλλὰ
719 1039 749 1066 τὸ
773 1039 883 1074 Πνεῦμα

88 1086 137 1112 τοῦ
159 1085 274 1121 Πατρός.
297 1085 407 1112 Maneo.
426 1084 516 1117 Δεῐξόν
538 1093 592 1120 μοι,
615 1084 666 1112 ποῦ
684 1084 805 1120 φανερῶς
819 1085 884 1117 Θεὸς

93 1133 203 1168 εἴρηται
219 1132 249 1158 τὸ
268 1132 380 1167 Πνεῦμα
392 1132 422 1158 τὸ
438 1132 524 1166 ἅγιον.

126 1178 171 1205 25.
190 1178 264 1212 Ὀρθ.
297 1179 453 1213 Ὀμολογεῖς
477 1178 540 1210 ναὸς
570 1177 639 1205 εἶναι
673 1178 719 1205 τοῦ
757 1178 835 1212 Θεοῦ,
867 1179 883 1214 ἢ

91 1223 122 1250 οῦ
142 1224 195 1259 (58)
206 1224 333 1256 ;Μακεδ.
345 1224 407 1250 Ναί.
421 1224 475 1251 Καὶ
485 1224 538 1260 γὰρ
549 1225 653 1260 εἴρηται
669 1224 743 1259 παρὰ
753 1225 798 1251 τοῦ
808 1225 884 1259 ἁγίου

92 1269 210 1295 Παύλου·
232 1279 240 1294 ι
261 1269 318 1296 Οὐκ
340 1269 440 1300 οἴδατε,
467 1270 508 1296 ὅτι
532 1270 567 1295 τὰ
592 1269 706 1304 σώματα
730 1270 806 1304 ὑμῶν
823 1270 885 1301 ναὸς

93 1315 141 1341 τοῦ
158 1316 186 1342 ὲν
204 1316 267 1350 ὑμῖν
292 1315 368 1350 ἁγίου
393 1315 549 1350 Πνεύματός
573 1316 656 1345 ἐστιν.
679 1313 709 1343 οὗ
733 1316 808 1351 ἔχετε
833 1317 886 1343 ἀπὸ

94 1359 179 1392 Θεοῦ;
200 1371 208 1385 ι
223 1361 295 1394 Ὀρθ.
313 1361 370 1391 Πᾶς
378 1360 406 1386 δὲ
422 1359 494 1392 ναὸς,
511 1359 579 1386 Θεοῦ
591 1361 654 1392 ναός
668 1361 740 1387 ἐστι·
756 1361 821 1393 Θεὸς
833 1361 886 1396 ἄρα

95 1406 126 1432 τὸ
138 1406 259 1441 Πνεῦμα.
275 1406 386 1433 Μακεδ.
403 1407 439 1433 Οὐ
455 1406 526 1440 λέγω
544 1406 609 1432 Θεὸν
624 1406 654 1432 τὸ
674 1406 795 1442 Πνεῦμα.
811 1407 884 1440 Ὀρθ.

96 1451 200 1478 Οὐκοῦν
216 1451 277 1478 οὐδὲ
297 1453 329 1478 σὺ
348 1452 421 1483 ναός.
445 1452 556 1479 Mazaei.
579 1452 631 1478 Τοῦ
649 1452 716 1479 Θεοῦ
740 1453 803 1485 ναός
817 1454 885 1488 ειμι.

103 1497 180 1531 ὀρθ.
207 1497 260 1523 Τοῦ
288 1498 445 1533 “vstitu-ro;
470 1497 521 1530 ob;
549 1498 657 1525 Μακεδ.
689 1499 744 1525 Ναὶ
769 1499 816 1525 καὶ
839 1499 887 1526 τοῦ
904 1519 924 1533 τ,

99 1541 267 1576 Πνεύματος.
296 1542 369 1575 Ὀρθ.
400 1543 471 1578 Ἀρα
503 1542 550 1569 καὶ
583 1543 695 1578 Πνεῦμα
729 1543 784 1579 (59)
814 1544 889 1576 Θεός.

98 1586 209 1613 Maneo.
228 1587 336 1622 Ἐπειδὴ
356 1587 404 1613 καὶ
426 1584 535 1621 ἄγγελοι
550 1587 660 1622 ᾤκησαν
680 1588 708 1614 έν
725 1589 781 1619 τοῖς
793 1588 891 1621 ἁγίοις.

100 1631 193 1667 ὥσπερ
216 1633 230 1658 ὁ
253 1632 396 1668 προφήτης
415 1632 489 1667 λέγει
500 1642 507 1648 ·
524 1642 533 1658 ι
553 1633 621 1660 Τάδε
635 1632 708 1667 λέγει
725 1634 740 1659 ὁ
754 1633 868 1668 ἄγγελος
879 1635 893 1660 ὁ

100 1678 187 1705 λαλῶν
201 1679 230 1704 ὲν
241 1678 303 1714 ἐμοι
313 1687 319 1693 ·
341 1688 350 1704 ι
366 1677 410 1705 διὰ
426 1677 504 1705 τοῦτο
520 1679 568 1705 καὶ
582 1680 645 1710 τοὺς
661 1679 792 1713 ἀγγέλους
816 1679 893 1711 θεοὺς

101 1725 185 1759 λέγως
201 1725 276 1759 Ὀρθ.
301 1725 357 1751 Οὐκ
376 1724 448 1759 ἔχεις
473 1724 522 1759 μὲν
538 1724 634 1758 δεῖξαι,
652 1724 692 1750 ὅτι
714 1723 754 1756 εἷς
779 1722 813 1760 ἦν
837 1724 894 1750 τῶν

103 1771 222 1807 γενητῶν
239 1771 362 1805 ἀγγέλων
376 1773 389 1798 ὸ
405 1771 492 1797 λαλῶν
512 1772 541 1797 ὲν
559 1770 598 1805 τῷ
615 1771 751 1806 προφήτῃ.
770 1771 895 1806 Προαπο-

103 1817 234 1844 δέδεικται
251 1817 315 1853 γὰρ,
331 1817 372 1843 ὅτι
388 1817 435 1844 καὶ
448 1818 462 1843 ὁ
478 1817 540 1848 Υἱὸς
558 1816 683 1851 ἄγγελος,
699 1817 746 1848 καὶ
767 1816 797 1842 τὸ
811 1816 895 1842 Πνεῦ-

107 1871 153 1898 μα.
168 1862 229 1889 Κᾶν
244 1862 306 1897 δοθῇ
330 1871 370 1888 σοι
391 1862 438 1889 ἕνα
454 1861 508 1888 τῶν
524 1861 645 1896 γενητῶν
667 1860 788 1895 ἀγγέλων
804 1860 895 1886 λαλεῖν

105 1909 134 1935 ὲν
144 1908 183 1944 τῷ
196 1909 322 1944 προφήτῃ
339 1908 405 1943 (40),
421 1907 476 1934 ἀλλ’
489 1908 549 1942 οὐχὶ
569 1907 616 1934 καὶ
634 1906 696 1938 ναὸς
712 1905 759 1932 τοῦ
779 1906 895 1940 ἀγγέλου

106 1954 120 1980 ὸ
134 1955 286 1989 προφήτης.
304 1954 361 1985 Πᾶς
376 1953 430 1988 γὰρ
442 1953 514 1993 νειὸςε
528 1952 596 1978 Θεοῦ
613 1952 685 1983 ναός.
701 1951 809 1987 Ἐπειδὴ
824 1951 894 1984 εἰπὲ,

107 1999 158 2026 ποῦ
175 2000 224 2035 τῆς
246 1999 358 2036 Γραφῆς
381 2000 486 2035 εἴρηται
502 1999 565 2030 ναὸς
587 2000 601 2025 ὁ
618 1998 761 2033 προφήτης
774 1997 790 2033 ἢ
803 1999 817 2024 ὀ
830 1998 896 2024 ἁπό-

108 2044 208 2076 στολος,
225 2045 241 2080 ἢ
260 2045 374 2071 καθόλου
392 2044 545 2081 ἄνθρωπος,
569 2044 696 2078 ἀγγέλου,
710 2044 727 2079 ἦ
747 2052 818 2074 τινος
838 2043 896 2070 κτίο

109 2099 220 2126 σματος.
241 2090 352 2117 Μακεδ.
381 2091 447 2123 Θεὸς
470 2089 516 2118 οὖν
538 2091 569 2116 τὸ
591 2090 719 2125 Πνεῦμα;
737 2090 810 2124 Ὀρθ.
834 2089 897 2116 Ἐὰν

109 2137 186 2173 θέλῃς
202 2137 269 2173 (41),
285 2137 336 2164 κᾶν
359 2137 396 2173 μὴ
415 2137 503 2173 θέλῃς.
522 2136 633 2164 Μακεδ.
658 2136 739 2172 Τρεῖς
759 2134 805 2163 οῦν
830 2135 895 2162 Θεοί.

927 213 977 239 tris
994 216 1058 238 sunt
1072 212 1198 246 propriw.
1215 211 1248 236 At
1270 218 1331 236 cum
1347 210 1413 236 dicit
1429 209 1524 243 Filius,
1550 219 1558 234 ι
1578 209 1715 237 Foderunt

927 266 1024 285 manus
1040 266 1113 285 meas
1125 262 1152 284 ct
1167 257 1249 291 pedes
1260 263 1335 283 meos
1351 256 1383 288 ",
1403 265 1412 282 ι
1429 259 1455 282 et
1467 256 1489 282 si
1501 263 1561 290 quae
1575 259 1639 282 sunt
1655 256 1715 282 aliae

928 305 1040 336 similes,
1057 304 1160 331 Christi
1178 307 1242 330 sunt
1257 309 1348 330 voces.
1365 302 1403 329 lta
1415 302 1494 329 etiam
1507 302 1630 336 (“nedum
1651 305 1716 329 sunt

929 350 1047 385 Spiritus
1076 350 1192 385 propria:
1218 356 1315 380 voces,
1340 353 1370 375 ut
1397 356 1459 376 cum
1492 349 1559 375 dicit
1583 348 1714 383 Agahus:

931 405 940 421 1
957 395 1018 422 Haec
1026 395 1092 422 dicit
1107 395 1224 430 Spiritus
1238 399 1366 422 sanctus:
1380 393 1458 421 llunc
1472 394 1571 425 virum,
1584 393 1663 428 cujus
1675 396 1716 420 est

930 442 986 468 hare
1013 448 1092 470 zona.
1118 441 1158 467 sic
1181 441 1332 476 alligabunt
1352 441 1384 467 ’⁸,
1403 449 1412 466 ι
1436 439 1537 467 Omnes
1552 443 1641 466 autem
1659 439 1718 465 ista)

930 494 1012 514 voces
1030 487 1159 514 dicuntur
1178 495 1192 513 ει
1214 486 1268 514 Deo
1285 486 1437 521 inspiratze,
1461 486 1590 520 quoniam
1607 488 1634 511 et
1655 491 1717 518 qua}

931 532 1021 560 Patris
1036 537 1111 564 sunt,
1127 532 1172 559 Dei
1190 536 1253 559 sunt
1265 539 1346 558 voces
1360 540 1366 558 :
1383 535 1410 559 et
1425 539 1485 565 quit-
1506 530 1566 557 Filii
1580 533 1654 562 sunt,
1669 529 1717 557 Dei

933 581 997 605 sunt
1017 586 1096 605 voces
1118 587 1123 604 :
1139 582 1166 604 et
1182 585 1242 612 qum
1256 576 1375 611 Spiritus
1389 580 1463 607 sunt,
1479 575 1526 602 Dei
1548 581 1611 603 sunt
1625 583 1717 602 Voces.

933 623 1037 650 Maced.
1051 623 1144 650 Absit!
1163 622 1239 650 Orlh.
1257 622 1305 649 Dic
1321 622 1403 657 igitur
1415 621 1547 657 quasdam
1563 621 1719 655 Scripturas

933 677 994 697 esse
1011 677 1026 696 a
1045 669 1098 696 Deo
1115 669 1271 703 inspiratus,
1287 668 1419 703 quasdam
1438 675 1500 695 vero
1516 675 1569 694 non
1586 667 1648 694 item
1665 676 1671 693 :
1693 669 1720 693 et

934 715 1047 742 Paulum
1063 715 1170 746 incusa,
1186 714 1231 748 qui
1248 713 1406 748 Scripturas
1423 713 1563 740 universas
1579 719 1594 738 a
1613 711 1665 739 Deo
1678 711 1721 738 in-

935 763 1052 796 spiratus
1063 769 1123 788 esse
1131 760 1281 795 scripserit.
1294 759 1398 787 Maced.
1413 759 1483 785 Num
1497 759 1579 793 igitur
1591 757 1719 793 quoniam

936 808 964 834 in
980 806 1130 841 Scripturis
1143 810 1206 832 sunt
1220 805 1342 840 quaedam
1364 808 1522 832 sanctorum
1538 803 1632 833 verba,
1647 809 1721 836 quaa-

901 843 921 870 Β
936 853 998 880 dam
1010 853 1091 879 etiam
1103 852 1250 886 impiorum
1261 856 1288 878 et
1302 851 1496 878 sceleratorum
1509 848 1663 878 hominum,
1675 847 1723 873 im-

936 900 996 934 pios
1007 905 1115 932 quoque
1128 901 1154 924 et
1172 897 1319 924 sceleratos
1332 895 1434 922 idcirco
1445 894 1546 921 dixeris
1558 901 1620 921 esse
1631 892 1697 919 deos
1708 891 1720 917 ’ἐ

936 944 1013 972 Urt/i.
1027 944 1078 972 Sed
1089 948 1115 971 et
1127 943 1228 974 Patris,
1237 946 1264 969 et
1272 941 1379 973 Filii,\et
1391 944 1558 973 sanctorum,
1572 938 1721 972 itidemque

936 991 1078 1025 impiorum
1092 993 1119 1016 et
1136 989 1330 1016 sceleratorum
1346 994 1427 1013 voces
1441 985 1586 1020 descripsit
1604 983 1722 1019 Spiritus

936 1043 984 1071 per
1003 1035 1150 1070 prophetas
1172 1037 1199 1061 et
1213 1033 1360 1068 apostolos.
1378 1031 1437 1058 Non
1458 1032 1529 1058 enim
1553 1030 1636 1057 locuti
1658 1033 1723 1056 sunt

938 1082 1000 1117 ipsi,
1015 1081 1061 1109 sed
1077 1080 1196 1116 Spiritus
1215 1080 1313 1107 Patris.
1327 1078 1431 1105 Maced.
1448 1077 1565 1105 Ostende
1586 1076 1661 1108 mihi,
1677 1076 1723 1102 ubi

937 1128 1056 1164 Spiritus
1072 1130 1184 1154 sanctus
1197 1125 1340 1152 manifeste
1358 1124 1466 1151 dicatur
1482 1123 1562 1150 Deus.

971 1172 1054 1209 454
1064 1172 1110 1199 25.
1126 1171 1202 1199 Orth.
1218 1170 1323 1197 Fateris
1343 1173 1369 1197 te
1380 1177 1441 1196 esse
1459 1168 1504 1195 Dei
1522 1166 1660 1202 templum,
1679 1172 1725 1191 an-

938 1220 1009 1247 non?
1019 1217 1122 1245 Maced.
1136 1217 1217 1244 Sane.
1230 1216 1336 1243 Dictum
1348 1219 1388 1242 est
1399 1214 1470 1242 enim
1483 1221 1498 1240 a
1507 1216 1601 1241 sancto
1617 1211 1701 1237 Paulo
1715 1220 1723 1237 :

941 1275 951 1291 ι
969 1265 1010 1291 An
1026 1264 1138 1291 nescitis
1152 1269 1268 1297 corpora
1280 1264 1371 1288 vestra
1387 1267 1448 1286 esse
1463 1257 1593 1292 templum
1605 1255 1725 1290 Spiritus

939 1311 1026 1339 sancti
1040 1319 1045 1336 :
1058 1310 1103 1345 qui
1117 1310 1144 1336 in
1157 1309 1234 1336 vobis
1244 1312 1295 1340 est,
1306 1311 1333 1334 et
1345 1313 1425 1341 quem
1440 1313 1453 1331 a
1470 1304 1524 1331 Deo
1538 1302 1642 1330 habetis
1654 1302 1698 1327 '9?
1713 1311 1722 1326 ι

941 1357 1017 1384 Orib.
1035 1356 1116 1390 Atqui
1131 1352 1212 1382 omne
1229 1354 1358 1388 templum
1376 1356 1418 1379 est
1439 1350 1486 1378 Dei
1504 1350 1644 1384 templum,
1661 1355 1726 1383 ergo

941 1403 1058 1437 Spiritus
1081 1406 1192 1429 sanctus
1206 1404 1248 1427 est
1270 1399 1350 1426 Deus.
1368 1397 1472 1424 Maccd.
1494 1395 1567 1430 Nego
1595 1393 1726 1428 Spiritum

940 1455 1001 1475 esse
1016 1447 1112 1474 Deum.
1131 1445 1207 1473 Orth.
1221 1444 1303 1479 Ergo,
1319 1451 1353 1470 ne
1367 1446 1395 1469 tu
1414 1442 1521 1476 quidem
1534 1447 1564 1467 es
1578 1437 1726 1473 templum?

941 1492 1044 1519 Maced.
1061 1491 1126 1518 Sum
1143 1490 1190 1517 Dei
1207 1489 1348 1523 templum.
1359 1486 1436 1514 ΟνιΙι.
1451 1485 1549 1512 Annon
1565 1490 1629 1510 vero
1644 1482 1729 1516 Spiri-

941 1541 987 1565 tus
1002 1535 1156 1571 templum?
1179 1532 1284 1560 Maced.
1309 1531 1375 1558 Sum
1404 1534 1479 1556 certe
1505 1527 1623 1562 Spiritus
1645 1527 1728 1553 etiam

942 1582 1082 1616 templum.
1100 1579 1176 1608 0rlli.
1192 1578 1262 1613 Ergo
1276 1582 1303 1605 et
1324 1575 1442 1611 Spiritus
1465 1578 1507 1601 est
1523 1572 1603 1600 Deus.
1622 1571 1728 1598 Maced.

942 1628 1012 1656 Num
1027 1635 1091 1654 vero
1109 1625 1237 1661 quoniam
1251 1622 1338 1658 angeli
1354 1622 1435 1649 etiam
1451 1621 1607 1647 habitarunt
1624 1618 1651 1644 in
1666 1625 1731 1645 san-

942 1674 1004 1704 ctis.
1020 1674 1092 1701 sicut
1120 1670 1209 1706 inquit
1227 1668 1357 1705 propheta
1377 1677 1383 1694 :
1402 1676 1411 1692 ‹
1431 1666 1493 1693 llam
1521 1665 1587 1692 dicit
1613 1663 1726 1698 angelus

943 1719 991 1755 qui
1010 1719 1038 1745 in
1055 1725 1098 1745 me
1121 1716 1241 1752 loquitur
1258 1715 1281 1731 ³ο
1299 1735 1306 1747 ,
1327 1724 1336 1740 ι
1363 1713 1467 1740 idcirco
1485 1711 1596 1746 angelos
1621 1717 1730 1744 quoque

944 1766 1059 1793 dixerim
1072 1771 1133 1792 esse
1147 1763 1229 1790 deos?
1247 1761 1323 1789 Orth.
1339 1760 1397 1787 Non
1418 1759 1508 1794 pOsSls
1524 1757 1668 1785 ostendere
1682 1764 1731 1782 an-

943 1812 1032 1848 gelum
1048 1811 1203 1845 loquentem
1218 1809 1246 1835 in
1263 1807 1394 1842 propheta
1413 1805 1499 1832 fuisse
1521 1811 1605 1831 unum
1628 1810 1661 1830 ex
1678 1801 1732 1828 illis

944 1854 1073 1885 conditis.
1087 1855 1147 1883 Iam
1162 1855 1234 1882 enim
1250 1857 1330 1881 antea
1345 1852 1560 1883 demonstratum
1576 1852 1623 1877 est.
1634 1848 1732 1876 Filium

945 1910 1054 1938 quoque
1071 1905 1098 1929 et
1112 1899 1243 1935 Spiritum
1259 1905 1319 1926 esse
1333 1896 1470 1931 angelum.
1495 1894 1526 1921 Et
1547 1897 1577 1920 ut
1598 1893 1647 1920 tibi
1666 1899 1733 1919 con-

946 1950 1070 1980 cedatur,
1086 1955 1171 1974 unum
1190 1946 1275 1973 fuisse
1296 1953 1329 1972 ex
1346 1943 1464 1971 conditis
1482 1941 1586 1976 angelis
1601 1947 1662 1967 eum
1684 1938 1732 1974 qui

946 1995 1109 2030 loquebatur
1126 1993 1153 2020 in
1170 1991 1313 2027 propheta,
1331 1997 1385 2016 non
1400 1992 1459 2016 erat
1481 1992 1572 2014 tamen
1602 1985 1733 2021 propheta

947 2041 1075 2076 templum
1095 2038 1193 2073 angeli.
1210 2036 1297 2064 Omne
1311 2035 1440 2070 templum
1454 2032 1526 2061 enim
1544 2034 1586 2059 est
1601 2030 1648 2057 Dei
1666 2033 1734 2056 tem—

948 2089 1021 2123 plqu
1036 2097 1042 2114 ε
1059 2085 1161 2120 alioqui
1173 2083 1258 2111 dicito
1274 2083 1320 2110 ubi
1336 2081 1444 2108 tandem
1461 2080 1489 2106 in
1505 2078 1647 2112 Scriptura
1663 2076 1736 2103 dica-

948 2122 994 2162 tur
1020 2133 1163 2169 propheta,
1182 2130 1223 2158 vel
1247 2128 1397 2163 apostolus,
1418 2126 1460 2154 vel
1477 2126 1559 2152 homo
1586 2122 1733 2158 quispiam,

115 2167 189 2216 mpii.
206 2167 280 2214 ’Θεὸς
304 2183 319 2208 ὁ
343 2167 436 2217 Πατήρ
449 2167 589 2215 ;”Μακεδ.
615 2167 688 2210 Ναί..
707 2184 785 2216 Ὀρθ.
805 2182 860 2208 Καὶ
882 2183 890 2208 ἑ

947 2167 1080 2215 templum
1095 2177 1183 2213 angeli
1198 2176 1240 2203 vel
1253 2175 1292 2202 rei
1311 2174 1394 2200 ullius
1409 2175 1518 2199 creatae.
1534 2169 1638 2197 Maced.
1653 2167 1736 2202 Spiri-

110 2228 171 2260 Υἱός
185 2236 192 2261 ;
209 2227 318 2255 Malea.
336 2227 400 2255 Ναί.
412 2229 485 2262 Ὸρθ.
501 2228 552 2254 Δύο
563 2226 610 2254 οὖν
626 2228 681 2254 θεοί
694 2237 701 2258 ς
718 2227 828 2255 Μακεδ.
842 2227 890 2254 Οὔ.

118 2275 191 2308 Ὀρθ.
205 2274 297 2306 Οὕτως
319 2274 379 2301 οὐδὲ
401 2275 491 2309 τρεῖς;
507 2273 618 2300 Μακεδ.
638 2274 708 2300 Ἀλλ’
732 2271 772 2306 εἷς
787 2274 834 2300 καὶ
847 2271 897 2305 εἷς.

119 2321 191 2354 Ὀρθ.
208 2320 239 2346 Et
256 2320 285 2346 τὸ
299 2319 339 2352 εἷς
355 2321 402 2346 καὶ
409 2317 448 2352 εἷς
462 2320 511 2346 οὐκ
525 2321 578 2346 εἰς).
586 2320 641 2351 δύο,
650 2321 747 2347 οὐδὲτὸ
755 2318 795 2352 εἷς
804 2321 850 2347 καὶ
858 2319 898 2352 εἷς

113 2367 157 2394 καὶ
172 2364 314 2402 ait-prosi;
327 2367 438 2394 Μακεδ.
455 2367 512 2394 Οὐκ
527 2367 598 2393 ἔστιν
613 2365 661 2394 οὖν
676 2365 716 2398 εἷς
731 2367 806 2398 Θεὸς,
823 2367 852 2400 ἐξ
866 2363 897 2393 οὗ

113 2412 145 2439 τὰ
156 2413 255 2443 πάντα,
264 2413 311 2439 καὶ
326 2410 364 2444 εἷς
375 2413 486 2449 Κύριος,
495 2412 528 2439 δι’
540 2408 570 2438 οὗ
580 2412 614 2439 τὰ
625 2412 712 2438 πάντα
724 2420 730 2443 ;
745 2413 819 2446 ‘Up0.
832 2411 899 2438 Εἰπὲ

114 2458 159 2484 καὶ
173 2457 202 2484 ἓν
218 2458 331 2493 Πνεῦμα
346 2458 431 2493 ἅγιον,
452 2459 480 2484 ὲν
497 2454 518 2492 ᾧ
542 2458 576 2484 τὰ
602 2457 700 2484 πάντα.
718 2457 828 2484 Μακεδ.
845 2455 899 2482 Ποῦ

114 2503 191 2529 τοῦτο
203 2503 356 2538 γέγραπται
369 2512 376 2536 ;
389 2504 466 2537 Ὀρθ.
480 2503 559 2539 Παρὰ
570 2502 609 2538 τῷ
624 2503 704 2529 Δαὸίδ
713 2511 719 2518 ·
738 2512 748 2528 ε
766 2502 811 2537 Τῷ
823 2502 902 2537 Λόγῳ

116 2550 217 2586 Κυρίου
234 2551 259 2576 ot
284 2550 392 2586 οὐρανοὶ
419 2549 633 2585 ἐστερεώθησαν,
649 2549 695 2575 καὶ
712 2548 751 2583 τῷ
764 2547 903 2583 Πνεύματι

947 2233 992 2255 tus
1005 2213 1090 2262 igitur
1106 2224 1177 2251 Deus
1191 2222 1251 2250 est?
1268 2221 1345 2249 Orth.
1360 2220 1417 2250 Est,
1437 2218 1517 2248 nolis,
1534 2216 1612 2243 velis.
1630 2213 1735 2241 Μαι-δά.

951 2261 1098 2301 Tresrvero
1113 2270 1150 2297 dii
1165 2274 1238 2296 sunt.
1252 2267 1328 2295 Orth.
1345 2265 1426 2293 Pater
1438 2269 1516 2292 estne
1529 2263 1618 2290 Deus?
1631 2261 1736 2289 Maced.

950 2319 1050 2346 Etiam.
1064 2315 1140 2344 Orth.
1153 2315 1186 2341 Et
1199 2314 1285 2341 Filius
1298 2319 1408 2348 quoque
1420 2311 1510 2338 Deus?
1522 2309 1625 2336 Maced.
1638 2307 1737 2334 Etiam.

951 2365 1027 2394 Orth.
1043 2363 1114 2390 Num
1132 2362 1214 2397 igitur
1229 2361 1283 2388 duo
1301 2364 1364 2387 sunt
1384 2357 1442 2385 dii?
1456 2355 1559 2383 Haced.
1574 2354 1644 2382 Non.
1661 2353 1736 2381 0Tl/l.

951 2411 990 2439 Ita
1006 2410 1089 2445 igitur
1104 2415 1137 2436 ne
1163 2411 1219 2434 tres
1238 2405 1348 2440 quidem
1373 2406 1448 2431 sunt.
1469 2401 1574 2429 Μαι·ρά.
1599 2399 1651 2427 Sed
1668 2406 1739 2426 unus

953 2461 995 2485 est
1009 2461 1036 2483 et
1051 2462 1131 2482 unus.
1152 2452 1228 2481 Orth.
1252 2452 1281 2479 Si
1295 2458 1366 2478 unus
1384 2454 1412 2477 et
1433 2457 1504 2476 unus
1522 2455 1576 2475 non
1594 2449 1658 2474 sunt
1673 2445 1739 2474 duo,

955 2508 1020 2537 ergo
1034 2507 1084 2527 nec
1096 2506 1166 2525 unus
1183 2502 1210 2525 et
1220 2505 1292 2524 unus
1306 2500 1333 2523 et
1345 2502 1417 2522 unus
1427 2498 1484 2521 tres
1495 2495 1569 2520 sunt.
1583 2489 1686 2518 Maced.
1699 2489 1740 2515 An

956 2536 1013 2574 non
1030 2545 1114 2580 igitur
1128 2550 1200 2570 unus
1212 2546 1255 2569 est
1278 2540 1360 2572 Deus,
1378 2547 1412 2567 ex
1433 2546 1488 2574 quo
1504 2536 1608 2570 omnia,
1624 2539 1650 2563 et
1669 2541 1742 2562 unus

150 2639 174 2656 “
193 2638 245 2666 lsa.
265 2646 337 2670 xtn.
354 2639 378 2664 l.
416 2638 437 2655 '7
457 2637 531 2667 Psal.
549 2645 609 2671 xxx,
628 2637 670 2665 l7.
712 2637 735 2653 ³⁵
755 2636 816 2663 Act.
834 2644 897 2666 nu.
917 2635 959 2662 ll.
997 2634 1018 2650 "
1039 2633 1127 2661 lCor.
1148 2639 1193 2664 vi,
1212 2631 1256 2658 19.
1294 2630 1316 2645 ³ο
1335 2628 1418 2656 Zach.
1437 2635 1463 2660 I,
1479 2626 1508 2654 9.

153 2716 209 2752 (56)
229 2716 315 2752 Palat.
331 2716 465 2752 similiter,
482 2716 617 2752 Katiiwv
630 2715 706 2752 λέγῃ.

154 2748 209 2785 (57)
230 2751 408 2786 Manuscrip.,
433 2748 518 2778 εἷπον.
545 2751 608 2778 Mox
626 2748 770 2786 τὰς”δὲρῦ
786 2748 861 2786 deest
876 2749 903 2775 in

120 2786 211 2822 editis,
231 2790 259 2814 et
273 2784 383 2822 notatur
403 2787 491 2814 solum
508 2786 540 2813 ad
559 2786 708 2822 marginem
729 2784 820 2812 Fcit‘k.
839 2784 878 2811 sic
897 2793 903 2809 :

122 2821 209 2854 Deest,
221 2822 269 2853 τὰς
283 2822 312 2848 δὲ
327 2821 366 2848 οὔ.

1004 2710 1049 2743 58)
1070 2710 1148 2742 Mss,,
1163 2706 1237 2743 εἶναι
1251 2707 1297 2734 τοῦ
1313 2706 1481 2743 Πνεῦματος,
1496 2706 1513 2742 ἢ
1526 2705 1568 2734 οὔ.

1005 2745 1049 2780 '59)
1071 2745 1148 2777 Mss,
1161 2742 1234 2780 ’Ἄρα
1248 2742 1410 2780 τὸῌΠνεῦμα.

995 2777 1051 2815 (Ml)
1073 2780 1171 2812 Palat.,
1190 2777 1207 2806 ὁ
1215 2778 1307 2815 λαλῶν
1320 2778 1349 2804 έν
1364 2777 1401 2813 τῷ
1416 2786 1464 2813 πρ.

995 2781 1040 2815 (40
1073 2781 1171 2812 Palat.,
1190 2781 1205 2806 ὁ
1219 2781 1307 2804 λαλῶν
1320 2781 1339 2804 έν

995 2781 1051 2851 (At;
1072 2815 1169 2848 PalaL,
1189 2813 1239 2841 κᾶν
1252 2812 1339 2848 θέλῃς.
