1926 3067
200 86 212 113 1
217 87 270 115 239

726 87 754 115 5.
775 87 1006 114 ATHANASIUS.
1028 103 1062 108 --
1083 86 1217 114 SPURIA.

1750 81 1841 109 12ῖο

199 144 330 172 Dominus
345 151 393 179 per
408 152 488 179 quem
506 145 615 172 omnia?
629 145 704 173 0rllr.
723 145 780 179 Die,
794 151 821 173 et
838 155 909 174 unus
922 145 982 181 Spi—

1035 146 1079 172 τοῦ
1095 146 1226 180 στόματος
1239 145 1320 172 αὐτοῦ
1334 145 1407 171 πᾶσα
1421 145 1436 179 ἡ
1449 143 1560 177 δύναμις
1574 141 1670 168 αὐτῶν.
1685 140 1840 167 »Μακεδ.

199 191 268 218 ritus
282 190 308 217 in
324 197 378 225 quo
392 191 493 217 omnia.
515 189 618 218 Maced.
638 191 690 218 Ubi
712 192 762 219 ltoc
778 192 908 227 scriptum
923 193 982 220 est?

199 235 274 262 Ortlr.
289 235 366 270 Apud
382 235 508 262 Davidcm
527 245 533 262 :
555 245 564 262 ι
581 235 671 264 Verbo
687 236 794 264 Domini
807 238 868 264 caeli
884 237 981 265 ﬁrmati

198 284 272 311 sunt,
287 284 314 306 et
330 279 432 314 Spiritu
450 280 506 307 oris
522 280 582 315 ejus
597 282 687 308 omnis
709 281 794 309 virtus
810 289 904 308 eorum
920 282 952 309 ³¹.
969 291 979 308 ι

199 324 302 352 Maced.
326 325 378 352 Sed
395 324 515 359 Spiritus
530 327 586 354 oris
613 327 700 361 ipsius
723 335 777 354 non
800 332 842 354 est
863 327 981 362 Spiritus

198 375 321 400 sanctus.
340 371 415 399 Orth.
432 371 502 407 Ergo
520 380 554 399 ne
571 371 686 400 Verbum
709 373 817 408 quidem
835 377 876 401 est
885 372 980 401 Filius.

199 414 301 441 Maced.
321 414 379 441 Non
399 415 533 450 signiﬁcat
555 424 588 443 eo
603 416 662 443 loco
679 416 796 444 Verbum
816 418 980 449 subsistens,

199 468 248 487 nec
261 459 391 495 Spiritum
411 461 613 489 subsistentem.
628 462 704 490 Ortlt.
723 462 756 489 Ut
771 463 819 490 tibi
833 463 898 490 illud
911 472 979 498 quo-

198 513 250 540 que
264 506 439 537 concedatur,
457 507 527 542 quod
549 506 620 535 Deus
637 507 734 534 habeat
748 507 865 535 Verbum
891 509 976 543 prola-

198 550 300 582 litium.
323 549 368 577 die
386 551 475 583 nobis,
495 550 649 578 Verbumne
671 551 834 582 subsistens,
850 556 892 578 est
907 552 980 586 quod

197 595 281 622 malos
311 594 437 626 ﬁrmavit,
463 603 498 622 an
516 596 705 630 prolatitium?
729 595 832 622 Maced.
862 595 980 624 Verbum

198 641 365 676 prolatitium
383 641 489 676 appello
512 641 668 669 mandatum
685 642 779 676 ipsius.
796 651 804 667 ι
824 641 896 668 Dixit
907 643 979 669 enim

1041 192 1119 218 Ἀλλὰ
1145 192 1175 218 τὺ
1199 191 1309 226 Πνεῦμα
1328 190 1374 217 τοῦ
1401 190 1533 224 στόματος
1551 188 1600 214 οὐκ
1618 187 1674 213 ἐστι
1691 187 1720 212 τὸ
1740 187 1843 220 ἅγιον

1034 237 1154 273 Πνεῦμα.
1177 238 1254 271 Ὀρθ.
1280 236 1383 263 Οὐκοῦν
1406 235 1465 261 οὐδὲ
1479 235 1493 260 ὁ
1509 234 1593 267 Λόγος
1608 233 1680 264 Υἱός.
1703 231 1840 258 Μιικεδ.

1041 282 1172 309 Ἑνταῦοα
1195 283 1224 308 οὐ
1245 283 1292 308 τὸν
1316 281 1493 308 ἐνυπὸστατον
1511 280 1596 313 Λόγον
1612 278 1695 312 λέγει,
1707 278 1775 304 οὐδὲ
1802 277 1841 304 τὸ

1034 329 1214 355 ἑνυπόςτατον
1239 327 1359 362 Πνεῦμα.
1376 328 1453 360 Ὀρθ.
1471 327 1529 352 Ἵνα
1561 334 1602 351 σοι
1624 324 1671 350 καὶ
1691 323 1759 358 δοοῇ
1779 322 1840 349 λό-

1035 383 1082 408 γον
1099 374 1170 409 ἑχειν
1185 374 1349 410 προφορικὸν
1362 373 1407 400 τὸν
1422 372 1487 399 Θεὸν
1498 393 1505 404 ,
1523 371 1583 398 εἰπὲ
1601 372 1676 405 ἡμῖν,
1692 371 1706 396 ὁ
1722 369 1840 396 ivxta-:6-

1036 428 1130 452 στατος
1149 420 1233 454 Λόγος
1250 421 1323 447 ἐστὶν
1346 421 1360 446 6
1381 420 1425 446 τὸν
1446 418 1558 454 οὐρανὸν
1582 416 1746 452 στερεώσας.
1765 415 1785 450 ἢ
1822 415 1839 440 ὁ

1034 465 1218 500 προεορικόκ
1239 465 1348 492 Maneo.
1362 465 1413 491 Τὸν
1429 462 1592 500 προφορικδν
1615 462 1695 495 λέγω,
1709 462 1763 496 ’τὴν
1783 461 1837 486 ὲν-

1032 510 1111 545 τολὴν
1134 511 1233 538 αὑτοῦ·
1253 521 1262 537 l
1279 511 1364 542 Αὐτὸς
1389 509 1443 545 γὰρ
1467 507 1539 540 εἷπε,
1555 509 1601 534 καὶ
1630 507 1812 541 ἐγενήθησαν
1826 514 1835 520 ·

1032 556 1113 588 αὐτὸς
1128 557 1284 587 ἐνετείλατο,
1298 556 1344 582 καὶ
1362 555 1534 590 ἐκτίσθησαν.
1555 563 1563 579 ο
1579 552 1645 580 Eine
1656 552 1684 578 δὲ
1700 551 1760 587 (42)
1778 550 1836 578 καὶ

1032 602 1179 629 ἐνετείλατο
1195 602 1234 637 τῷ
1256 602 1321 637 Υἱῴ,
1339 601 1512 634 ἐνυποστάτῳ
1535 600 1628 634 Λόγον
1643 599 1657 624 6
1673 598 1701 624 δὲ
1712 596 1767 632 τὴν
1785 597 1836 623 ὲν·-

1030 647 1110 682 τολὴν
1125 647 1213 674 λαϐὼν
1232 648 1295 679 Υἱὸς
1309 647 1425 674 ἔκτισεν,

197 690 224 714 ει
249 687 321 714 facta
348 691 423 719 ειΙηιν
452 687 510 722 ipse
534 687 674 714 malldaVil
687 691 715 714 Cl
739 693 829 715 creata
845 689 954 716 sunt".
979 698 988 715 ›
1012 690 1083 720 Dixit
1100 698 1189 721 autem
1206 699 1231 721 et
1250 694 1389 720 mandavit
1413 692 1492 723 Filio,
1504 691 1593 720 Verbo
1615 690 1742 718 videlicet
1759 688 1835 717 sub-

197 731 306 760 sistenti
323 741 329 758 :
346 731 431 759 Filius
447 739 511 759 vero
526 736 638 767 accepto
654 733 781 765 mandato
795 734 909 761 ereavit.

235 777 278 804 25.
306 777 382 805 0rtlt.
405 777 464 806 Non
481 779 582 807 fuerint
605 779 689 814 igitur
711 780 773 807 coeli
789 779 887 807 ﬁrmati
901 781 982 808 verbo

1068 783 1111 810 2L
1127 785 1204 818 ‘Op0.
1225 783 1322 810 Οὐκέτι
1345 781 1391 810 οὖν
1413 782 1451 817 τῷ
1475 783 1546 817 λόγῳ
1561 780 1641 807 αὐτοῦ
1655 780 1835 816 ἐστερεώθη-

197 824 295 858 ipsius,
309 824 355 851 sed
373 823 433 851 Filii
456 825 624 859 operatione.
648 825 776 860 Adeoque
801 825 898 853 falsum
915 827 982 854 illud

197 869 249 896 erit
268 879 274 896 :
296 878 305 894 ‹
329 867 420 897 Verbo
434 869 541 897 Domini
555 869 616 897 ereli
632 869 729 896 ﬁrmati
741 874 813 897 sunt.
827 880 836 896 ι
847 870 914 897 Cum
932 871 983 898 hoc

198 913 320 941 Verbum
341 921 395 940 non
415 913 539 941 habuerit
555 921 614 941 eam
625 915 752 941 virtutem
763 922 824 949 quae
838 922 984 943 concurre-

197 965 250 992 ret,
266 960 314 988 sed
328 959 390 987 Filii
404 960 537 987 actionem
550 959 714 994 exspectarit
731 970 737 987 :
752 967 838 995 neque
855 959 984 996 intelligis

197 1005 226 1032 in
242 1013 323 1040 quam
342 1005 536 1032 ahsurditatem
562 1009 609 1031 tua
630 1004 688 1031 hac
707 1005 796 1031 oratio
822 1005 984 1032 delabatur?

197 1050 246 1078 Dic
260 1051 331 1078 enim
347 1051 437 1083 nobis,
454 1051 601 1083 multiscie,
618 1054 708 1077 utrum
732 1049 817 1078 Filius
840 1055 983 1086 postquam

199 1098 303 1126 audivit
320 1105 334 1124 a
344 1097 434 1128 Patre,
451 1106 499 1125 sua
511 1098 596 1133 ipsius
608 1097 773 1131 substantia,
788 1101 846 1125 arte
861 1096 983 1132 quadam

198 1149 226 1173 et
255 1144 383 1173 methodo
410 1148 556 1174 corumota,
586 1144 685 1170 coelum
711 1143 848 1175 ﬁrmavit,
869 1150 902 1169 an
920 1151 984 1170 vero

198 1200 323 1221 sermone
353 1191 415 1219 fecit
433 1197 461 1218 ut
473 1191 633 1219 exsisteret?
650 1189 755 1218 Maced.
775 1189 856 1217 Verbi
873 1190 983 1225 quidem

198 1239 311 1266 verbum
332 1242 538 1265 concm'rentem
556 1236 650 1263 habuit
667 1237 793 1263 virtutem
810 1246 816 1264 :
833 1236 922 1264 Patris
936 1244 985 1263 au-

199 1289 253 1312 tem
281 1283 406 1316 verbum,
420 1282 521 1309 Christi
548 1282 660 1310 verbum
681 1283 857 1316 exspectavit.
887 1282 984 1310 Annon

199 1330 271 1357 enim
283 1329 362 1356 Pater
372 1329 397 1356 ei
413 1329 541 1363 prrecepit
555 1331 585 1355 ut
601 1328 691 1355 omnia
704 1328 822 1356 faceret?
837 1328 911 1356 Ortlt,
928 1327 984 1356 lloc

199 1374 331 1409 scriptum
351 1381 404 1401 non
421 1378 474 1405 est,
490 1373 537 1401 sed
554 1373 633 1401 Verbi
658 1372 765 1401 Patrem
779 1374 870 1401 omnia
888 1374 985 1401 condio

199 1420 283 1448 disse.
300 1419 403 1447 Maced.
422 1419 450 1446 Si
466 1419 547 1446 Pater
572 1419 647 1451 fecit,
666 1420 805 1454 quomodo
822 1428 870 1455 per
886 1420 984 1447 Filium

200 1467 284 1495 fecit?
302 1466 377 1494 Orth.
396 1465 473 1492 Sicut
491 1465 537 1492 lux
553 1473 601 1500 per
614 1465 784 1500 splendorem
799 1466 928 1498 illustrat,
947 1466 984 1493 ita

199 1512 280 1539 Pater
291 1519 338 1547 per
350 1511 449 1538 Filium
464 1515 541 1538 creat
556 1520 562 1537 :
579 1514 606 1538 et
625 1511 706 1538 veluti
723 1519 800 1538 meus
815 1519 863 1546 per
882 1519 984 1539 sermo-

199 1567 261 1586 nem
285 1559 374 1590 docet,
392 1558 429 1585 ita
449 1558 532 1585 etiam
549 1556 629 1584 Pater
647 1564 695 1591 per
711 1556 808 1584 Filium
823 1561 908 1585 creat.
924 1557 984 1584 Mu-

200 1605 255 1634 rzd.
271 1605 369 1631 Annon
384 1611 432 1639 per
443 1603 599 1638 Spiritum?
617 1602 692 1630 Ortlt.
704 1602 756 1630 Per
769 1603 887 1630 Verbum
900 1608 983 1634 creat,

199 1655 226 1678 et
241 1659 289 1686 per
306 1651 436 1685 Spiritum
462 1649 624 1677 sanctiﬁcat.
646 1648 750 1676 Maced.
783 1649 839 1676 lloc
862 1649 983 1676 admitto.

201 1697 277 1725 Orlh.
293 1697 351 1724 Hoc
364 1696 430 1724 illud
444 1700 486 1723 est
502 1696 603 1730 igitur:
621 1704 630 1721 ι
645 1695 734 1722 Verbo
745 1695 849 1722 Domini
865 1696 925 1722 creti
941 1696 985 1722 tir-

199 1741 265 1768 mati
277 1745 351 1772 sunt,
370 1745 396 1768 et
411 1739 513 1774 Spiritu
524 1740 579 1766 oris
589 1740 648 1773 ejus
659 1739 748 1766 omnis
758 1739 846 1766 virtus
854 1747 958 1767 eorum.
973 1749 981 1764 ι

199 1787 303 1813 Maced.
323 1786 375 1813 Sed
390 1785 475 1813 Filius
489 1785 598 1820 quidem
616 1789 700 1816 creat.
717 1784 836 1819 Spiritus
850 1793 913 1812 vero
926 1793 986 1811 san-

162 1828 163 1831 “
199 1833 312 1865 ctilicat,
329 1832 376 1858 sed
394 1839 447 1858 non
461 1834 546 1858 creat.
565 1829 642 1857 Ort/t.
659 1831 754 1862 Quit'is
771 1830 890 1864 prudens
905 1829 985 1866 455

200 1877 308 1905 auditor
330 1877 406 1904 novit
438 1876 663 1903 sanctiﬁcationis
686 1876 795 1902 nomine
819 1876 985 1903 creationem

199 1931 309 1958 quoque
320 1921 444 1956 intelligi.
456 1921 524 1947 Cum
543 1921 679 1951 audimus,
695 1930 704 1946 (
719 1920 772 1948 Cor
782 1921 911 1948 mundum
924 1929 985 1948 crea

201 1969 228 1994 in
247 1975 299 1999 me,
316 1967 386 1995 Deus
414 1967 447 1999 ³³,
472 1975 482 1993 ι
512 1966 576 2001 quid
599 1966 671 1992 aliud
691 1970 780 1993 mente
803 1967 984 2001 concipimus,

200 2021 295 2048 quam,
315 2013 369 2040 Cor
385 2020 482 2047 purum
497 2012 523 2038 in
541 2019 583 2039 me
591 2012 740 2044 sanctilica,
753 2011 842 2039 Deus?
857 2011 986 2044 Quando-

199 2059 309 2095 quidem
330 2063 421 2086 autem
436 2059 477 2086 vis
491 2059 735 2086 sanctiﬁcationem
756 2058 837 2085 simul
854 2066 915 2084 eum
930 2065 986 2084 cm-

1034 839 1093 861 σαν,
1110 830 1177 857 ἀλλὰ
1189 831 1222 865 τῇ
1237 830 1282 856 τοῦ
1298 829 1360 855 Υίοῦ
1383 828 1517 864 ἐνεργείᾳ.
1530 828 1584 854 Καὶ
1604 827 1700 861 ψεῦδος
1722 826 1757 853 τὸ
1781 827 1833 853 λέ-

1033 885 1090 910 γειν
1100 886 1107 892 υ
1128 886 1136 901 ι
1154 876 1199 911 Τῷ
1213 876 1289 911 Λόγῳ
1304 875 1405 911 Κυρίου
1418 875 1442 901 οἱ
1457 873 1566 909 οὐρανοὶ
1588 872 1831 907 ἐστερεώθησαν.»

1034 923 1088 958 (45)
1102 923 1138 949 Οὐ
1155 923 1208 957 γὰρ
1222 922 1300 956 ἔσχεν
1326 922 1339 947 6
1363 921 1447 954 Λόγος
1470 920 1616 955 σύνδρομον
1631 919 1680 953 τὴν
1696 917 1833 953 δύναμ.ν,

1033 967 1089 995 ἀλλ’
1103 968 1238 1003 ἐνέμεινεν
1252 967 1300 1002 τὴν
1318 966 1365 993 τοῦ
1377 965 1440 993 Υἱοῦ
1458 965 1604 1000 ἐνέργειαν.
1630 964 1686 990 Καὶ
1701 964 1742 994 εἰς
1759 964 1834 999 ὅσην

1033 1013 1148 1041 ἀτοπίαν
1175 1013 1300 1040 ἐκπίπτει
1328 1021 1374 1039 σου
1397 1013 1411 1038 6
1435 1011 1522 1045 λόγος,
1544 1011 1665 1044 ἀγνοεῖς;
1684 1009 1754 1036 Εἰπὲ
1773 1009 1834 1044 γὰρ

1034 1059 1111 1094 ἡμῖν,
1131 1057 1285 1092 πολυμαθὲς
1302 1057 1368 1091 (Μ),
1387 1054 1441 1093 ἄρα
1456 1057 1470 1082 ὁ
1487 1056 1550 1087 Υἱὸς
1559 1055 1677 1086 ἀκούσας
1691 1055 1769 1089 παρὰ
1780 1053 1832 1080 τοῦ

1035 1103 1149 1139 Πατρδς,
1164 1103 1278 1138 κινήσας
1299 1101 1395 1128 ἑαυτοῦ
1418 1101 1467 1137 τὴν
1490 1100 1585 1127 οὐσίαν
1607 1099 1687 1134 τέχνῃ
1705 1099 1760 1125 τινὶ
1780 1099 1834 1126 καὶ

1037 1149 1139 1184 μεθόδῳ
1160 1148 1308 1182 ὲστερέωσε
1332 1147 1376 1174 τὸν
1397 1146 1525 1182 οὐρανὸν,
1547 1146 1564 1181 ἢ
1589 1145 1660 1180 λόγῳ
1677 1144 1760 1170 αὐτὸν
1777 1144 1832 1170 ὑπ-

1035 1194 1186 1229 εστήσατο;
1206 1192 1316 1219 Μακεδ.
1341 1193 1369 1218 ’0
1396 1192 1444 1227 μὲν
1459 1191 1504 1218 τοῦ
1520 1191 1606 1224 Λόγου
1618 1189 1696 1223 λόγος
1715 1188 1832 1223 σύνδρο-

1037 1249 1086 1276 μον
1099 1240 1159 1274 Eax;
1173 1239 1220 1274 τὴν
1234 1239 1346 1274 δύναμιν
1356 1247 1362 1253 ·
1379 1239 1393 1264 6
1413 1237 1441 1264 δὲ
1454 1236 1501 1263 τοῦ
1518 1236 1623 1270 lla-apo;
1645 1235 1723 1269 λόγος
1737 1235 1831 1266 ἐξεδὲ-

1036 1285 1098 1318 ξατο
1113 1285 1168 1320 (45)
1184 1285 1228 1310 τὸν
1252 1284 1298 1310 τοῦ
1322 1283 1438 1319 Χριστοῦ
1455 1283 1543 1316 λόγον.
1566 1282 1622 1308 Οὐκ
1644 1280 1717 1315 αὐτῷ
1738 1278 1788 1308 οὖν
1815 1281 1830 1306 ὁ

1036 1331 1130 1366 Πατὴρ
1144 1330 1292 1356 ἐνετείλατο
1309 1329 1419 1364 ποιῆσαι
1435 1328 1468 1355 τὰ
1482 1329 1586 1360 πάντας
1603 1328 1679 1360 Ὀρθ.
1693 1326 1780 1352 Τοῦτο
1795 1327 1828 1353 οὐ

1037 1376 1199 1411 γέγραπται,
1216 1374 1272 1401 ἀλλ’
1286 1375 1326 1401 ὅτι
1342 1375 1356 1400 ὁ
1368 1373 1460 1408 Πατὴρ
1471 1373 1517 1400 τοῦ
1537 1373 1623 1406 Λόγου
1638 1371 1722 1402 ὅντως
1735 1371 1828 1398 πάντα

1037 1423 1173 1457 ἐποίησεν.
1187 1421 1297 1448 Μακεδ.
1310 1421 1342 1446 Εἰ
1354 1420 1446 1454 Πατὴρ
1462 1419 1556 1450 ἐποίει,
1572 1418 1629 1449 πῶς
1643 1417 1685 1443 διὰ
1700 1416 1747 1442 τοῦ
1759 1416 1827 1442 Υίοῦ

1036 1470 1125 1500 omasi;
1143 1468 1220 1501 ὀρθ.
1242 1467 1285 1498 Ὡς
1301 1466 1330 1493 τὸ
1349 1465 1405 1500 φῶς
1417 1464 1462 1491 διὰ
1476 1463 1521 1490 τοῦ
1536 1463 1753 1497 ἀπαυγάπματος
1770 1471 1827 1495 φω-

1035 1514 1114 1546 τίζει,
1129 1513 1214 1545 οὕτως
1231 1514 1245 1539 6
1270 1513 1364 1548 Πατὴρ
1388 1511 1431 1538 διὰ
1453 1510 1498 1537 τοῦ
1524 1509 1588 1536 Υίοῦ
1608 1509 1707 1540 κτίζει·
1722 1507 1770 1534 καὶ
1787 1507 1826 1538 ὡς

1035 1561 1097 1592 νοῦς
1113 1560 1157 1587 διὰ
1169 1560 1214 1587 τοῦ
1229 1560 1308 1593 λόγου
1323 1559 1452 1589 διδάσκει,
1468 1557 1553 1587 οὕτως
1566 1555 1611 1582 καὶ
1633 1556 1647 1581 ὁ
1670 1554 1765 1589 Πατὴρ
1781 1552 1826 1579 διὰ

1035 1607 1081 1634 τοῦ
1104 1606 1169 1633 Tia-3
1196 1604 1293 1637 κτίζει.
1319 1604 1429 1632 Μακεδ.
1447 1602 1491 1637 Μὴ
1516 1601 1559 1628 διὰ
1580 1600 1625 1626 τοῦ
1646 1599 1825 1633 Πνεύματος;

1042 1654 1118 1687 Ὀρθ.
1131 1652 1180 1679 Διὰ
1194 1651 1240 1678 τοῦ
1257 1651 1344 1685 Λόγου
1355 1650 1452 1682 κτίζει.
1475 1648 1522 1674 καὶ
1540 1647 1585 1673 διὰ
1603 1645 1649 1672 τοῦ
1667 1644 1824 1679 Πνεύματος

1035 1699 1151 1734 ἁγιάζει.
1164 1697 1273 1725 Marica.
1286 1697 1370 1723 Τοῦτο
1381 1696 1501 1731 δέχομαι.
1514 1695 1590 1728 Ὀρθ.
1605 1693 1688 1719 Τοῦτο
1698 1690 1744 1718 οὖν
1755 1692 1822 1717 ἐστι·

1038 1755 1047 1770 ε
1069 1744 1113 1780 Τῷ
1142 1744 1219 1778 Λόγῳ
1234 1742 1336 1778 Κυρίου
1362 1743 1385 1768 οἱ
1410 1740 1519 1776 οὐρανοὶ
1545 1737 1758 1774 ἐστερεώθησαν,
1777 1737 1824 1763 καὶ

1036 1790 1074 1825 τῷ
1089 1790 1227 1824 Πνεύματι
1249 1788 1295 1815 τοῦ
1318 1788 1449 1822 στόματος
1475 1785 1555 1813 αὐτοῦ
1581 1785 1654 1811 πᾶσα
1673 1785 1689 1819 ἡ
1710 1783 1824 1818 δύναμις

1036 1836 1134 1862 αὐτῶν.
1153 1845 1162 1861 ι
1182 1834 1291 1862 Μακεδ.
1310 1833 1378 1859 Ἀλλ’
1405 1834 1419 1858 ὁ
1447 1832 1496 1867 μὲν
1520 1831 1582 1862 Υἱὸς
1614 1829 1720 1861 κτίζει,
1744 1829 1774 1855 τὸ
1795 1829 1823 1855 δὲ

1036 1881 1148 1916 Πνεῦμα
1170 1880 1295 1914 ἁγιάζει,
1318 1878 1364 1905 καὶ
1390 1878 1419 1904 οὐ
1445 1877 1541 1909 κτίζει.
1566 1876 1643 1909 Ὀρθ.
1664 1875 1692 1901 Ὀ
1714 1875 1823 1906 συνετὸς

1037 1927 1142 1954 ἀκούων
1161 1924 1240 1957 οἶδεν,
1266 1925 1307 1951 ὅτι
1335 1923 1382 1950 καὶ
1407 1923 1438 1950 τὸ
1465 1922 1586 1957 ἁγιάζειν
1609 1921 1710 1953 κτίζειν
1739 1920 1821 1947 ἐστίν.

1038 1971 1120 1997 Ὅταν
1132 1969 1291 2004 ἀκούσωμεν
1300 1989 1307 2000 ,
1325 1978 1334 1994 ι
1345 1968 1465 2004 Καρδίαν
1480 1967 1603 2002 καθαρὰν
1612 1966 1702 1993 κτίσον
1715 1967 1743 1992 ὲν
1751 1966 1820 2000 ἐμοὶ,

1036 2019 1050 2043 6
1074 2016 1148 2048 Θεὸς,
1165 2026 1174 2042 ι
1191 2016 1216 2042 τι
1238 2015 1301 2042 ἄλλο
1323 2015 1436 2050 νοοῖμεν
1459 2014 1476 2050 ἢ
1498 2014 1539 2044 τὸ,
1556 2013 1675 2048 Καρδίαν
1701 2012 1821 2048 καθαρὰν

1037 2064 1148 2098 ἁγίασον
1164 2064 1192 2089 ὲν
1205 2063 1276 2097 ἐμοὶ,
1291 2063 1305 2088 ὁ
1319 2061 1399 2093 Θεόςς
1423 2060 1530 2095 Ἐπειδὴ
1553 2059 1580 2085 δὲ
1605 2059 1637 2085 σὺ
1659 2058 1747 2093 βούλει
1760 2066 1820 2083 συν-

200 2107 233 2133 lis
251 2106 383 2133 exsistere
398 2105 525 2139 cmpisse,
544 2105 587 2132 dic
603 2105 668 2139 quid
684 2104 772 2139 majus
788 2104 823 2130 sit
836 2111 930 2131 creare
950 2112 982 2130 an

1036 2109 1176 2136 ουσιᾶσΘαι
1199 2109 1244 2134 τὸν
1266 2107 1398 2142 ἁγιασμδν
1414 2107 1468 2137 τοῖς
1482 2105 1617 2140 οὐρανοῖς,
1632 2103 1702 2135 εἰπὲ,
1723 2103 1749 2129 τί
1766 2104 1822 2138 μεῖ-

200 2151 381 2178 sauctilicare.
397 2150 500 2177 Macati.
513 2150 614 2177 Crcare
628 2155 670 2177 cst
687 2150 732 2177 Dei
750 2157 828 2184 opus.
847 2149 923 2176 Orth.
939 2150 986 2180 Dei

200 2199 308 2233 quidem
325 2206 394 2232 opus
414 2202 456 2225 est
475 2205 578 2230 creare,
597 2202 624 2224 at
641 2205 695 2224 non
714 2197 803 2231 majus
823 2205 905 2231 quam
922 2204 985 2223 san-

199 2240 329 2271 ciilicare.
343 2242 409 2269 Nam
434 2246 461 2270 et
475 2243 533 2277 ipsa
547 2241 736 2273 sanctiﬁcatio,
763 2245 806 2269 est
830 2241 876 2268 Dei
903 2249 982 2276 opus.

200 2290 336 2324 Scriptum
352 2294 393 2316 est
407 2289 477 2316 enim
495 2297 501 2314 :
521 2297 530 2313 ι
555 2287 636 2315 Pater
655 2291 757 2318 sancte,
774 2288 914 2315 sam-tilica
935 2295 982 2316 eos

199 2337 226 2364 in
245 2336 358 2363 veritate
370 2340 416 2362 tua
429 2334 461 2361 ³⁸.
483 2343 492 2359 ι
512 2333 688 2361 Sanctiﬁcare
710 2341 772 2360 vero
794 2333 882 2368 majus
900 2333 979 2368 quid—

199 2383 261 2409 dam
287 2389 347 2410 esse
368 2389 447 2416 quam
472 2389 575 2413 creare,
594 2387 729 2415 cognosce
743 2387 776 2407 ex
800 2380 860 2414 ipso
875 2384 982 2411 eventu,

199 2436 261 2454 cum
275 2428 337 2462 quis
351 2427 593 2455 sanctiﬁcationem
611 2425 743 2453 amiserit.
759 2425 840 2452 Audit
852 2425 923 2452 enim
940 2426 983 2452 in~

200 2475 262 2502 falis:
279 2475 324 2502 ille
340 2474 443 2502 ludas:
463 2484 471 2499 ι
491 2474 594 2500 Donum
610 2477 683 2500 esset
707 2472 810 2499 homini
828 2473 877 2503 illi,
894 2473 915 2499 si
932 2479 981 2498 na-

200 2525 244 2548 tas
265 2529 319 2547 non
345 2520 443 2548 fuisset
466 2520 499 2546 ³⁸.
520 2530 529 2545 ι
561 2519 664 2547 Maced.
702 2518 805 2545 Bottutu
835 2519 918 2553 igitur
941 2519 980 2545 illi

201 2568 306 2599 fuisset,
317 2568 340 2594 si
357 2572 437 2594 natus
452 2575 504 2594 non
526 2567 621 2594 fuisset
642 2575 647 2592 :
665 2565 710 2592 sed
727 2565 796 2591 Deus
809 2566 884 2592 solus
905 2566 928 2592 is
939 2570 980 2592 est

1036 2153 1081 2185 ζόν
1095 2155 1163 2184 ἐστι,
1179 2152 1278 2184 κτίζειν
1289 2151 1305 2186 ἦ
1316 2151 1455 2185 ἁγιάζειν;
1470 2150 1580 2176 Μακεὸ.
1593 2149 1630 2174 Τὸ
1646 2148 1757 2180 κτίζειν,
1776 2148 1819 2182 ἑρ-

1033 2207 1080 2233 γον
1094 2198 1160 2224 ε)εοῦ
1170 2198 1251 2224 ἐστιν.
1261 2197 1334 2230 Ὀρθ.
1351 2197 1449 2231 Ἔργον
1464 2195 1512 2230 μὲν
1523 2193 1590 2220 Θεοῦ
1602 2195 1659 2219 ἐστι
1669 2193 1699 2219 τὸ
1710 2193 1818 2231 κτίζεινν

1032 2245 1061 2270 οὐ
1077 2245 1129 2279 μὴν
1145 2244 1235 2278 μεῖζον
1246 2242 1292 2268 τοῦ
1303 2241 1424 2275 ἁγιάζειν
1439 2240 1520 2266 ἐστίν.
1534 2241 1587 2266 Καὶ
1597 2238 1650 2274 γὰρ
1662 2239 1710 2265 καὶ
1720 2238 1783 2264 αὐτὸ
1791 2238 1818 2264 τὸ

1032 2290 1163 2324 ἁγιάζειν,
1179 2288 1258 2324 ἔργον
1279 2287 1347 2314 Θεοῦ
1361 2288 1445 2313 ἐστιν.
1458 2286 1611 2321 Γέγραπται
1624 2285 1678 2319 γάρ
1688 2292 1695 2298 ·
1713 2294 1721 2309 ε
1734 2285 1818 2319 Πάτερ

1034 2335 1104 2369 ἅγιε,
1121 2334 1232 2367 ἁγίασον
1249 2333 1345 2363 αὐτοὺς
1356 2333 1385 2358 ἐν
1403 2333 1435 2368 τῇ
1448 2331 1560 2366 ἀληθείᾳ
1578 2339 1634 2358 σου,
1654 2340 1662 2355 ι
1679 2330 1740 2356 ’Ὁτι
1752 2329 1778 2355 δὲ
1790 2329 1818 2355 τὸ

1037 2380 1159 2413 ἁγιάζειν
1179 2379 1268 2414 μεῖζόν
1281 2380 1338 2405 ἐστι
1353 2377 1398 2404 τοῦ
1411 2377 1521 2409 κτίζειν,
1534 2377 1565 2402 ἐκ
1581 2375 1626 2402 τοῦ
1639 2374 1818 2409 ἀποτελέσμα-

1036 2434 1080 2457 τος
1099 2424 1192 2459 γνῶθι,
1211 2425 1274 2450 ὅταν
1295 2432 1336 2454 τις
1361 2422 1480 2458 ἀπολέσῃ
1495 2422 1540 2447 τὸν
1554 2420 1698 2455 ἁγιατμὸν.
1719 2419 1816 2446 ’Δκούει

1034 2473 1048 2497 6
1068 2471 1157 2502 ἄθλιος
1174 2470 1286 2501 Ἰούδας·
1305 2478 1313 2494 ‹
1329 2468 1416 2494 Καλὺν
1433 2466 1466 2502 ἦν
1482 2467 1567 2501 αὐτῷ,
1582 2467 1606 2492 εί
1619 2466 1668 2492 οὐκ
1692 2464 1814 2500 ἐγεννήθη

1033 2519 1046 2544 6
1064 2517 1204 2552 ἄνθρωπος
1221 2517 1332 2547 ἐκεῖνος.
1347 2525 1356 2540 ι
1365 2514 1475 2541 Mam-:5.
1488 2513 1576 2540 Καλὸν
1589 2513 1638 2548 μὲν
1652 2510 1686 2547 ἦν
1699 2510 1779 2545 αὐτῷ,
1791 2511 1812 2536 εξ

1031 2564 1080 2590 οὐκ
1110 2563 1238 2597 ἐγεννήθη
1263 2563 1277 2588 ὁ
1300 2561 1440 2595 ἄνθρωπος
1462 2561 1573 2591 ἐκεῖνος.
1599 2558 1666 2584 Ἀλλ’
1686 2558 1700 2584 6
1723 2556 1814 2589 κτίζων

237 2655 254 2674 ³1
276 2655 347 2682 Psal.
368 2664 458 2687 χχχιι,
474 2655 501 2682 6.
539 2655 560 2670 ³¹
581 2654 651 2682 l’sal.
670 2662 769 2681 cxtvut
782 2674 789 2685 ,
807 2654 833 2681 5.
872 2653 893 2669 ³³
912 2652 982 2680 Psal.

1035 2674 1036 2679 η
1058 2652 1099 2678 l2.
1138 2652 1160 2666 ³³
1180 2651 1257 2677 Joau.
1276 2658 1330 2676 xvu
1343 2669 1350 2681 ,
1369 2649 1412 2676 l7.
1451 2649 1474 2664 ³⁵
1496 2648 1590 2676 Matth.
1607 2655 1686 2682 xxvi,
1702 2645 1750 2673 24.

237 2733 291 2766 “2)
310 2734 343 2760 Δὲ
357 2734 433 2761 deest
449 2735 476 2760 in
491 2734 622 2761 Palatino.

243 2767 296 2802 :45)
317 2768 362 2796 Sic
374 2777 438 2796 mss.
456 2769 483 2796 ln
501 2769 580 2796 t‘tltllS
594 2777 657 2796 vero
671 2772 781 2796 (tv-arant
797 2767 930 2803 quaedam.

1074 2730 1128 2764 (Μ)
1148 2729 1297 2759 Palatinus,
1314 2727 1467 2764 πολυμαθῆ.

1074 2762 1128 2798 (45λ
1147 2765 1294 2795 Palatinus,
1311 2762 1428 2796 ἐδέξατο.
