1926 3067
105 129 173 160 1241

562 135 606 162 DE
624 135 760 163 SANCTA
781 136 967 164 TRINITATE
988 136 1210 164 DIALOGUSIII.

1653 133 1722 160 ἱεὶιὲ

103 188 154 216 καὶ
165 188 337 224 δημιουργῶν
347 189 381 216 τὰ
394 190 430 226 μὴ
446 190 509 217 ὄντα
523 191 559 222 ὡς
572 191 644 223 ὄντα,
658 192 737 226 μόνος
746 193 802 218 ἐστι
811 192 884 224 Θεός.

941 193 982 228 [ιυί
999 197 1074 220 creat
1086 197 1112 220 et
1125 192 1205 219 allicit
1220 198 1279 226 qute
1295 198 1346 218 non
1365 194 1428 219 sunt
1443 193 1570 225 tanquam
1583 190 1604 217 si
1618 194 1720 217 essent.

139 233 186 261 25.
210 233 286 267 ’ορ9,
300 235 438 262 Δέδεικται
454 236 512 271 μὲν,
530 236 570 262 ὅτι
583 236 623 267 τὸ,
641 246 649 262 ι
663 237 826 271 Ποιήσωμεν
844 237 891 263 ἄν·

104 279 224 314 θρωπον,
240 287 249 304 ι
264 279 310 305 ἐπὶ
322 279 427 315 Πατρός
446 280 493 306 καὶ
502 280 567 306 Υξοῦ
581 280 628 306 καὶ
643 280 720 314 ἁγίου
734 280 890 315 Πνεύματος

103 323 245 350 λέλεκται·
262 324 308 351 καὶ
322 324 363 356 τὸ,
383 335 391 350 ι
405 325 564 360 Ποιήσωμεν
581 325 654 360 αὐτῴ
664 325 759 360 βοηθὸν
772 326 832 351 κατ’
841 325 890 352 αὑ-

103 369 162 400 τὸν,
176 380 184 396 ι
198 370 298 405 ὁμοίως
313 371 358 396 ἐπὶ
371 371 478 407 Πατρδς
494 373 540 398 καὶ
556 371 619 398 Υἰοῦ
644 372 690 398 καὶ
708 371 785 405 ἁγίου
807 371 891 398 Πνεύ-

106 423 191 450 ματος
203 415 320 450 εἴρηται.
334 416 393 442 Ἵνα
402 416 430 442 δὲ
444 416 481 452 μὴ
496 417 673 452 περιέλκηται
683 417 697 442 ὁ
710 416 797 450 λόγος,
809 416 890 443 ἄκου-

105 469 152 487 σον
172 461 220 488 τοῦ
237 461 402 496 Εὑαγγελίου
419 462 552 496 λέγοντος,
572 463 612 489 ὅτι
636 463 680 489 τὸν
696 462 757 489 ναὸν
772 461 819 488 τοῦ
836 461 888 487 σώ-

105 515 192 542 ματος
225 507 272 533 τοῦ
298 507 427 543 Χριστοῦ,
452 508 482 534 τὺ
497 508 608 543 Πνεῦμα
630 508 661 535 τὸ
687 508 762 543 ἆγιον
788 507 888 535 ἔκτισε.

105 551 217 579 Μακεδ.
232 552 298 578 Εἰπὲ
317 552 368 579 ποῦ
381 561 388 585 ;
404 553 480 586 Ὀρθ.
503 563 511 578 ι
528 553 580 580 Τού
593 553 678 588 Ἰησοῦ
691 553 822 589 ἡγένεσις
834 552 889 587 (415)

105 596 193 628 οὕτως
204 594 254 632 ἦν’
273 597 484 633 μνηστευθείσης
497 598 545 632 τῆς
563 598 666 633 μητρὸς
684 597 765 624 αὐτοῦ
782 598 889 633 Μαρίας

104 642 145 678 τῷ
166 643 280 678 Ἰωσὴφ,
299 644 363 678 πρὶν
393 643 409 678 ἢ
435 643 569 670 συνελθεῖν
594 644 708 676 αὐτοὺς,
737 643 833 678 εὑρέθη
861 644 890 669 ὲν

104 690 205 724 γαστρὶ
218 689 317 724 ἔχουσα
329 690 360 716 ἐκ
371 689 439 716 Πνεύ
444 698 527 724 ματος
537 689 629 726 ἁγίουι
637 699 646 715 ι
659 689 770 716 Μακεδ.
787 690 815 716 Ὀ
826 689 890 721 Υἱὸς

103 734 152 762 οὖν
165 737 238 761 εστιν
249 736 263 761 ὁ
277 735 380 771 Ἰησοῦς
394 735 440 762 τοῦ
452 735 619 771 Πνεύματος.
633 736 709 770 Ὀρθ.
727 736 759 762 ἸΙ
773 735 888 770 γένεσις,

103 778 191 811 εἶπεν,
200 781 258 816 οὐχὶ
266 782 282 816 ἡ
291 781 416 815 γέννησις
425 789 432 796 ·
453 781 482 807 ἓν
489 781 563 815 λέγει
572 781 599 815 (4
605 781 638 817 7),
647 781 707 816 οὐχ).
714 780 769 807 δύο.
777 779 887 807 Μακεδ.

111 827 179 853 Ἀλλ’
193 828 207 854 ὁ
219 827 333 861 ἄγγελος
348 825 408 853 εἷπε
418 835 425 842 ·
444 837 453 852 ι
466 827 503 853 Τὸ
515 827 567 863 γὰρ
583 828 611 853 ἐν
628 827 696 862 αὐτῇ
714 826 842 862 γεννηθὲν
857 826 889 852 ὲκ

104 874 261 909 Πνεύματός
276 875 350 900 ἐστιν
362 874 450 908 ἁγίου.
462 884 472 900 ι
483 874 559 907 Ὀρθ.
570 873 681 909 Πρῶτον
692 874 797 908 γένεσιν
807 872 889 900 ἄκου-

105 929 151 946 σον
173 920 220 946 τοῦ
241 920 322 951 ναοῦ,
342 921 390 947 καὶ
414 921 472 946 τότε
488 919 623 955 γέννησιν.
637 920 692 946 Καὶ
717 919 772 954 γὰρ
794 919 840 945 καὶ
864 919 888 945 οἱ

104 966 242 1002 ἄνθρωποι
259 966 366 1001 πρῶτον
383 965 532 1001 γιγνόμεθα
548 964 760 1001 δημιουργικῶς,
778 963 827 991 εἷθ’
841 963 887 991 οὕ-

104 1020 158 1044 τως
168 1011 325 1046 γεννώμεθα
342 1011 578 1047 καταχρηστικῶς·
590 1020 599 1036 ι
611 1011 692 1042 Υἰοῦς
705 1021 713 1036 ι
724 1010 777 1046 γὰρ
792 1019 801 1035 t
812 1010 889 1044 ὲγέν-

105 1066 184 1092 νησα,
198 1058 244 1083 καὶ
263 1056 372 1092 ὕψωσα,
387 1067 395 1083 ι
417 1057 589 1093 γέγραπται,
606 1056 636 1082 οὺ
652 1055 773 1090 φυσικῶς
795 1055 889 1090 δηλον-

103 1104 145 1130 ότι
156 1123 163 1135 ,
177 1103 244 1130 ἀλλὰ
261 1104 497 1139 καταχρηστικῶς.
513 1103 623 1130 Μακεδ.
641 1102 703 1134 Πῶς
717 1100 793 1128 εἶπεν
811 1102 825 1127 ό
841 1102 890 1128 Σο-

104 1148 194 1184 λομὼν
205 1157 211 1163 α
230 1159 238 1173 ι
257 1149 288 1175 ’Π
303 1149 388 1183 Σοφία
404 1149 577 1184 ᾠκοδόμησεν
590 1148 670 1182 ἑαυτῇ
688 1145 777 1178 οἷκον;
791 1156 800 1171 ›
811 1147 888 1180 Ὀρθ.

105 1194 191 1220 Τοῦτο
208 1194 262 1230 γάρ
283 1195 355 1221 ἐστιν
380 1193 394 1220 ὂ
411 1194 497 1228 λέγω,
525 1194 566 1220 δτι
586 1194 674 1220 πάντα
696 1192 730 1219 τὰ
753 1192 821 1228 ἔργα
842 1191 889 1218 τοῦ

106 1240 222 1275 Πατρὸς,
247 1240 293 1266 καὶ
320 1239 367 1266 τοῦ
394 1239 469 1272 Υἱοῦ,
490 1240 537 1266 καὶ
559 1239 604 1265 τοῦ
628 1238 704 1272 ἁγίου
733 1237 890 1272 Πνεῦματός

105 1287 178 1312 ἐστι·
196 1286 242 1312 καὶ
257 1285 300 1312 διὰ
314 1285 393 1312 τοῦτο
412 1285 477 1312 ποτὲ
494 1284 541 1311 τοῦ
563 1284 670 1319 Πατρὸς
687 1284 806 1318 λέγεται,
825 1283 891 1309 ποτὲ

104 1331 152 1357 τοῦ
167 1331 242 1362 Υἰοῦ,
257 1330 322 1357 ποτὲ
345 1330 391 1357 τοῦ
406 1330 483 1364 ἁγίου
501 1329 669 1365 Πνεῦματος.
695 1329 802 1364 Ἀμέλει
817 1329 890 1363 λέγει

105 1377 210 1408 Παῦλος
234 1378 248 1403 ὁ
277 1377 353 1410 ἅγιος
369 1375 531 1406 ἀπόστολος·
550 1385 558 1400 ι
575 1375 638 1401 Ὅτε
661 1374 690 1400 δὲ
714 1374 861 1411 ηὐδόκησεν
877 1375 891 1400 ὁ

105 1422 181 1454 Θεὸς,
195 1423 209 1448 ὁ
222 1422 354 1457 ἀφορίσας
367 1429 398 1456 με
415 1421 447 1447 ὲκ
462 1420 565 1451 κοιλίας
583 1420 686 1454 μητρός
709 1428 770 1454 μου,
789 1419 891 1445 ἀποκα-

105 1468 186 1502 λύψαι
204 1468 248 1494 τὸν
265 1468 328 1494 Υἱδν
343 1466 425 1494 αὐτοῦ
445 1467 473 1493 ἐν
490 1465 566 1501 ἐμοί·
584 1475 592 1490 ι
613 1465 658 1491 καὶ
675 1464 756 1491 πάλιν
773 1466 787 1491 ό
808 1465 890 1497 αὐτὸς

105 1515 182 1548 λέγει
192 1523 198 1529 ·
218 1524 227 1539 ι
240 1513 346 1545 Παῦλος
360 1511 545 1548 δοῦλοςΊησοῦ
561 1512 688 1546 Χριστοῦ,
704 1511 889 1547 κλητὸςᾍπὸ-
903 1527 923 1555 C

108 1560 208 1591 στολος,
221 1559 411 1595 ἀφωρισμένος
426 1559 465 1589 εἱς
478 1556 643 1590 Εὐαγγὲλιον
660 1556 736 1583 Θεοῦ.
753 1566 762 1582 ι
776 1557 886 1583 Μακεδ.

107 1605 139 1631 Τί
157 1605 236 1632 τοῦτο
253 1606 338 1638 ποιεῖς
358 1605 435 1638 Ὄρθ.
449 1603 584 1638 Βούλομαὶ
600 1612 639 1629 σοι
658 1603 752 1634 δεῖξαι,
770 1604 810 1629 ὅτι
825 1602 890 1629 ποτὲ

106 1651 202 1678 ἑαυτὸν
215 1651 355 1686 ἁψόρισμα
369 1650 442 1683 λέγει
464 1649 511 1676 τοῦ
529 1650 644 1684 Πατρὸς,
661 1649 726 1676 ποτὲ
746 1649 792 1675 τοῦ
813 1648 886 1675 Υἰοῦ.

105 1697 215 1724 Μιιχεδ.
233 1697 278 1731 Μὴ
302 1697 348 1723 καὶ
368 1696 415 1722 τοῦ
437 1695 611 1730 Πνεύματοςς
635 1696 710 1729 Ὀρο.
735 1694 811 1721 Mdth
831 1693 886 1726 οὖν,

105 1744 147 1770 ὅτι
168 1743 215 1769 καὶ
239 1743 268 1768 τὸ
286 1741 397 1776 Πνεῦμα
413 1742 493 1767 αὑτὸν
515 1740 669 1776 ἀφώρισεν,
694 1740 730 1771 ὡς
751 1740 800 1776 ἤδη
821 1749 888 1775 προ-

106 1789 221 1825 είρηται,
241 1787 395 1823 Γέγραπται
410 1787 438 1812 δὲ
463 1786 549 1817 οὕτως
573 1787 602 1812 ἐν
619 1786 677 1818 ταῖς
698 1786 815 1822 Πράξεσι
835 1786 889 1813 τῶν

106 1834 263 1861 ἀποστόλων
273 1842 281 1849 ·
297 1843 306 1858 ι
328 1830 395 1859 Eli—.5
408 1833 434 1858 δὲ
444 1833 474 1859 τὸ
482 1832 594 1868 Πνεῦμα
610 1833 713 1864 αὐτοῖς·
730 1832 889 1868 ’Λφορίσατέ

109 1889 152 1916 μοι
168 1880 212 1907 τὸν
221 1879 362 1915 Βαρνάϐαν
370 1880 416 1906 καὶ
429 1878 474 1905 τὸν
490 1879 594 1907 Σαῦλον
609 1879 714 1913 (ή-8)εἰς
729 1879 759 1905 τὸ
771 1879 860 1914 ἔργον,
876 1878 889 1904 ὃ

107 1925 312 1962 προσκέκλημαι
337 1924 443 1956 αὐτούς.
460 1934 469 1950 ι
496 1925 606 1951 Μακεδ.
628 1925 712 1958 Κάγὼ
733 1924 820 1959 λέγω,
843 1924 890 1956 οὓς

107 1972 183 1998 καλεῖ
200 1973 214 1998 ὁ
236 1970 346 2006 Πατὴρ,
369 1970 479 2002 τούτους
503 1971 580 1998 καλεῖ
610 1971 655 1997 καὶ
675 1972 689 1997 ὁ
706 1971 768 2002 Υἱὸς
790 1971 836 1997 καὶ
860 1971 890 1998 τὸ

106 2017 217 2052 Πνεῦμα
228 2025 235 2032 ν
251 2017 298 2043 καὶ
312 2015 358 2047 οῦς
377 2016 485 2050 ἁγιάζει
505 2017 518 2042 ὁ
534 2016 640 2052 Πατὴρ,
654 2017 764 2048 τούτους
783 2017 889 2051 ἁγιάζει

105 2063 152 2090 καὶ
162 2063 192 2089 τὸ
206 2063 327 2098 Πνεῦμα,
341 2063 397 2089 ἀλλ’
412 2064 442 2090 οῦ
456 2064 542 2095 κτίζει
561 2064 591 2090 τὸ
606 2063 726 2098 Πνεῦμα.
749 2063 825 2097 Ὀρθ.
840 2063 888 2088 Δέ-

103 2109 216 2140 δεικται,
234 2110 274 2136 ὅτι
287 2110 374 2141 κτίζει
391 2110 422 2136 τὸ
440 2110 562 2145 Πνεῦμα.
585 2109 694 2145 Ηὺρέοη
717 2109 770 2144 γὰρ
785 2110 801 2144 ἡ
826 2109 890 2142 ἁγία

105 2155 198 2190 Μαρία
209 2156 237 2181 ἐν
246 2156 344 2191 γαστρὶ
356 2155 453 2190 ἔχουσα
466 2157 498 2182 ἐκ
514 2156 671 2190 Πνεύματος
683 2156 770 2189 ἁγίου.
780 2155 888 2182 Μακεδ.

905 860 926 887 Β

974 239 1019 266 25.
1041 238 1117 266 Orth.
1134 238 1279 266 Ostensum
1300 237 1409 273 quidem
1431 241 1474 264 est
1493 236 1558 263 illud
1580 245 1586 262 :
1606 235 1721 263 «Facia-

941 291 1002 310 mus
1031 283 1166 310 hominem
1178 283 1231 314 ³⁸.»
1257 282 1291 309 de
1314 281 1405 313 Patre,
1423 285 1449 308 et
1474 280 1554 312 Filio,
1567 285 1594 308 et
1618 280 1721 316 Spiritu

941 331 1036 355 sancto
1053 327 1154 355 dictum
1175 336 1235 355 esse
1251 336 1258 360 ;
1274 332 1300 354 et
1317 327 1403 354 illud:
1421 337 1430 352 ι
1442 325 1587 353 Faciamus
1601 325 1626 352 ei
1643 325 1723 359 adju-

940 374 1039 400 torium
1066 374 1117 408 ipsi
1141 374 1349 406 conveniens",
1366 383 1374 399 ι
1399 373 1492 400 itidem
1516 372 1550 398 de
1580 371 1671 404 Patre,
1695 373 1723 398 et

939 417 1018 450 Filio,
1034 423 1061 446 et
1081 419 1183 454 Spiritu
1200 424 1297 447 sancto
1316 419 1418 446 dictum
1434 426 1506 446 esse.
1525 417 1586 445 Jam
1607 424 1673 444 vero
1687 423 1722 444 ne

939 463 1046 498 longius
1058 465 1232 499 protrahatur
1247 465 1344 497 oratio,
1360 464 1422 491 audi
1433 464 1606 499 Evangelium
1617 462 1720 494 dicens,

939 509 1070 543 templum
1092 510 1217 544 corporis
1241 509 1344 537 Christi
1368 510 1453 537 fuisse
1468 517 1484 536 a
1504 509 1608 544 Spiritu
1626 512 1722 536 sancto

939 555 1090 583 conditum.
1108 555 1213 583 Maced.
1231 556 1372 584 Ubinam?
1393 556 1468 584 Ortlt.
1490 555 1574 583 «Jesu
1590 559 1667 582 ortus
1681 555 1722 582 sic

940 600 991 628 fuit
1003 611 1009 628 :
1019 609 1079 629 cum
1093 602 1337 637 essetdcsponsata
1348 607 1433 629 mater
1444 602 1502 636 ejus
1515 601 1597 628 Maria
1611 599 1720 634 Ioseph,

939 651 1084 682 antequam
1097 647 1285 680 convenirent,
1303 648 1413 674 inventa
1427 651 1469 674 est
1483 647 1586 673 habens
1598 646 1624 672 in
1645 650 1722 672 utero

939 700 972 720 ex
989 692 1091 728 Spiritu
1108 697 1204 720 sancto
1214 693 1247 720 ³⁸.
1261 702 1270 719 ι
1289 692 1393 719 Maced.
1406 691 1486 719 Jesus
1501 699 1566 727 ergo
1579 696 1621 719 est
1637 691 1721 726 Spiri-

939 741 983 765 tus
1007 738 1094 766 sancti
1110 737 1206 765 Filius.
1237 738 1314 765 Orth.
1340 739 1449 769 Γένεσις
1465 737 1512 773 [id
1527 741 1569 764 est
1586 746 1595 762 ι
1609 740 1684 764 ortus
1696 735 1721 772 ι]

939 783 1018 815 dixit.
1033 791 1086 810 non
1097 784 1222 819 γέννησις
1231 783 1289 820 [seu
1301 783 1469 820 generatio];
1485 791 1567 810 unum
1577 783 1655 814 dicit,
1667 790 1723 810 non

939 829 1004 856 duo.
1025 828 1129 856 Maced.
1148 829 1200 856 Sed
1213 830 1326 865 angelus
1341 830 1410 857 dixit
1425 839 1431 856 :
1448 838 1457 854 ι
1470 829 1547 862 Quod
1562 829 1634 856 enim
1650 827 1677 854 in
1690 835 1722 854 ea

939 878 1032 901 natum
1045 879 1097 908 est,
1107 883 1140 902 ex
1153 874 1258 910 Spiritu
1271 879 1367 902 sancto
1382 879 1424 902 est
1434 875 1466 901 ³⁹.
1483 884 1492 900 ι
1509 873 1584 901 Ortli.
1601 873 1722 901 Primum

939 919 1002 946 audi
1013 924 1104 946 ortum
1118 921 1222 955 templi,
1235 925 1260 948 et
1275 925 1369 956 postea
1384 920 1493 947 demum
1508 919 1720 954 generationem.

938 964 1005 992 Nam
1022 970 1048 992 et
1068 973 1120 993 nos
1140 966 1265 994 homines
1284 967 1402 1001 primum
1420 965 1551 993 eﬂicimur
1573 968 1602 991 ut
1619 964 1652 990 al)
1665 963 1723 998 opi-

939 1011 989 1039 ﬁce
1008 1016 1034 1038 et
1058 1012 1210 1044 conditore,
1225 1011 1326 1039 deinde
1348 1011 1388 1039 sic
1411 1010 1547 1046 gignimur
1565 1009 1720 1044 improprie.

939 1057 1006 1084 Illud
1020 1057 1104 1087 enim.
1120 1067 1128 1082 ε
1141 1057 1224 1084 Filios
1239 1057 1330 1092 genui,
1348 1062 1373 1084 et
1383 1056 1498 1084 exaltari
1511 1056 1543 1088 ιθ,
1553 1065 1562 1080 ι
1573 1060 1644 1083 certe
1652 1055 1722 1082 scri-

939 1107 1015 1138 ptum
1033 1108 1086 1136 est,
1105 1112 1160 1130 non
1181 1104 1354 1135 naturaliter,
1369 1103 1417 1130 sed
1438 1102 1596 1137 improprie.
1618 1100 1721 1128 Maced.

940 1148 1083 1181 Quomodo
1109 1149 1178 1175 dixit
1204 1148 1358 1175 Salomon:
1391 1146 1552 1182 (Sapientia
1579 1146 1724 1173 aediﬁcavit

940 1194 991 1221 sibi
1002 1194 1183 1221 donnun"?o
1197 1193 1273 1221 Ortli.
1289 1193 1435 1220 Enimvero
1452 1192 1504 1218 huc
1522 1191 1587 1218 illud
1602 1195 1643 1218 est
1651 1189 1724 1225 quod

940 1240 1011 1272 dico,
1037 1239 1129 1267 omnia
1151 1239 1279 1267 videlicet
1301 1246 1382 1274 opera
1401 1246 1463 1265 esse
1483 1237 1589 1267 Patris,
1612 1235 1673 1263 Filii
1696 1239 1724 1262 et

940 1285 1059 1320 Spiritus
1082 1284 1181 1315 salicti,
1204 1284 1320 1319 ideoque
1343 1283 1423 1310 modo
1444 1282 1532 1310 Patris
1551 1282 1623 1313 dici,
1642 1281 1724 1307 modo

940 1329 1012 1360 Filii,
1035 1329 1117 1356 modo
1135 1327 1253 1363 Spiritus
1275 1329 1374 1356 sancti.
1395 1327 1536 1362 Siquidem
1555 1325 1658 1353 Paulus
1678 1326 1725 1353 ille

941 1379 1053 1403 sanctus
1078 1374 1230 1409 apostolus.
1255 1375 1342 1408 inquit
1364 1381 1370 1399 :
1391 1373 1480 1400 (Cum
1509 1377 1600 1399 autem
1623 1372 1724 1407 placuit

941 1421 1007 1453 Deo,
1022 1421 1068 1456 qui
1085 1429 1127 1448 me
1153 1421 1305 1456 segregavit
1327 1428 1359 1447 ex
1377 1425 1455 1447 utero
1478 1419 1575 1446 matris
1596 1426 1671 1450 mere,
1696 1421 1724 1444 ut

941 1469 1074 1495 revelarct
1084 1466 1182 1494 Filium
1199 1474 1277 1494 suum
1293 1466 1319 1492 in
1332 1473 1374 1492 me
1385 1465 1422 1498 “;
1437 1474 1445 1490 ι
1457 1469 1484 1492 et
1495 1465 1553 1499 ipse
1564 1472 1671 1491 rursum
1683 1463 1724 1490 (li-

941 1513 978 1540 cit
995 1521 1001 1540 :
1020 1521 1029 1538 ‹
1047 1512 1148 1539 Paulus
1159 1520 1254 1540 servus
1266 1511 1329 1539 Jcsu
1355 1511 1467 1542 Christi,
1481 1515 1594 1537 vocatus
1605 1510 1724 1544 Aposto-

942 1560 994 1589 lus.
1011 1562 1169 1593 segregatus
1180 1559 1206 1584 in
1215 1557 1391 1592 Evangeliutn
1407 1556 1452 1583 Dei
1462 1556 1511 1583 ".I
1530 1554 1635 1582 Maced.
1653 1553 1724 1587 Quid

939 1613 973 1633 ex
992 1606 1042 1633 hoc
1075 1605 1211 1633 eilicitur?
1240 1604 1316 1632 Orllt.
1348 1603 1415 1630 Volo
1444 1602 1494 1629 tibi
1522 1602 1722 1632 demonstrare,

939 1652 1052 1679 Paulum
1066 1651 1156 1678 dicere
1169 1659 1196 1677 se
1208 1650 1336 1684 quiddam
1351 1657 1412 1676 esse
1427 1651 1597 1683 segregatum
1611 1647 1691 1673 modo
1706 1654 1721 1673 a

940 1699 1031 1730 Patre,
1046 1698 1126 1725 modo
1141 1705 1155 1724 a
1176 1697 1254 1724 Filio.
1285 1692 1388 1722 llfared.
1405 1695 1474 1721 Num
1490 1695 1570 1721 etiam
1587 1700 1601 1720 a
1617 1693 1721 1728 Spiritu

940 1743 1055 1771 sancto?
1080 1742 1156 1770 011/1.
1187 1741 1265 1768 Dis‘re
1292 1741 1374 1774 igitur
1402 1739 1475 1774 quod
1501 1739 1583 1766 ctiaut
1605 1738 1724 1772 Spiritus

939 1794 1053 1818 sanctus
1067 1789 1154 1824 ipsum
1171 1787 1331 1821 SC,‘,|'Cgal'll,
1346 1790 1374 1811 ut
1385 1785 1441 1820 jam
1455 1788 1535 1811 antea
1552 1784 1654 1810 dictum
1669 1786 1722 1810 est.

941 1836 986 1862 Sic
1001 1835 1073 1862 enim
1089 1834 1221 1867 scriptum
1233 1837 1274 1859 cst
1289 1833 1315 1858 in
1328 1832 1405 1858 Actis
1417 1830 1619 1865 apostolorum:
1633 1838 1641 1854 ι
1653 1828 1724 1855 Dixit

941 1886 1031 1908 autem
1053 1880 1093 1908 eis
1118 1880 1236 1914 Spiritus
1252 1887 1259 1905 :
1274 1878 1421 1913 Segregate
1441 1877 1509 1903 mihi
1528 1876 1680 1903 Barnabam
1697 1880 1724 1903 et

942 1927 1053 1954 Sauhun
1070 1926 1102 1952 ad
1118 1933 1187 1960 opus
1215 1924 1247 1951 ad
1267 1923 1338 1958 quod
1358 1924 1433 1958 ipsos
1455 1921 1642 1949 adv0cavi”.t
1664 1921 1726 1948 Ma-

941 1972 995 1999 red.
1019 1971 1084 1998 Dico
1101 1971 1182 1998 etiam
1204 1978 1264 2005 ego.
1281 1977 1349 2004 quos
1371 1972 1450 1996 vocat
1467 1967 1558 1999 Patcr,
1579 1975 1626 1994 eos
1644 1970 1724 1993 vocat

940 2017 1035 2048 Filius,
1050 2021 1076 2044 et
1095 2016 1214 2051 Spiritus
1228 2020 1338 2042 sanctus
1353 2024 1358 2041 :
1376 2018 1403 2040 et
1420 2021 1489 2048 quos
1507 2013 1659 2040 sanctiﬁcat
1674 2011 1724 2038 Pa-

941 2068 992 2096 ter,
1015 2070 1062 2090 eos
1084 2061 1238 2089 sanctiﬁcat
1257 2061 1338 2087 etiam
1360 2059 1493 2094 Spiritus,
1509 2058 1557 2086 scd
1579 2065 1632 2085 non
1650 2061 1724 2084 creat

942 2109 1069 2144 Spiritus.
1089 2107 1166 2136 Ortlt.
1196 2107 1415 2133 Demonstralum
1437 2110 1479 2132 est
1502 2105 1630 2140 Spiritum
1656 2111 1724 2139 quo-

942 2162 994 2190 que
1023 2161 1127 2180 creare.
1146 2152 1255 2178 Inventa
1281 2155 1322 2178 est
1347 2151 1418 2178 enim
1453 2149 1537 2176 Maria
1564 2150 1669 2176 habens
1695 2148 1723 2175 in

105 2201 161 2226 Οὐκ
177 2198 264 2233 εἶπεν,
285 2202 314 2227 ὲν
329 2201 426 2236 γαστρὶ
453 2201 551 2236 ἔχουσα
576 2202 717 2233 κτίσαντος
738 2200 784 2227 τοῦ
807 2200 888 2227 Ilvati-

943 2207 1020 2229 utcro
1036 2200 1069 2227 de
1084 2199 1188 2234 Spiritu
1203 2202 1307 2226 sancto.
1322 2196 1492 2223 Illaccd.l\'on
1512 2196 1592 2224 dixit.
1607 2196 1634 2222 in
1646 2199 1724 2222 utero

107 2256 189 2282 ματος
208 2247 253 2274 τοῦ
276 2248 368 2281 ἁγίου·
386 2248 441 2274 ἀλλ’
462 2248 553 2279 ἁπλῶς
569 2248 692 2283 εἴρηται”
714 2257 722 2273 ι
737 2247 843 2282 Πύρέθη
862 2248 890 2273 ὲν

105 2293 202 2329 γαστρὶ
215 2293 312 2328 ἔχουσα
329 2295 361 2320 ἐκ
380 2293 536 2328 Πνεύματος
551 2293 636 2327 ἁγίου.
652 2303 661 2318 ›
685 2293 760 2326 Ὀρθ.
777 2292 813 2318 Τὸ
832 2289 888 2324 οῦν,

108 2348 116 2364 ι
129 2340 160 2365 ὲκ
177 2339 332 2374 Πνεῦματος
348 2339 436 2372 ἁγίου,
450 2349 458 2365 ι
477 2339 503 2365 τί
523 2339 587 2365 ἄλλο
600 2340 655 2374 ήγῇ
679 2340 748 2375 πλὴν
766 2338 812 2365 τοῦ
831 2337 889 2365 κτί-

106 2393 166 2417 σαι;
183 2385 292 2412 Μακεδ.
310 2385 380 2420 Ἐγὼ
396 2385 444 2420 τὴν
466 2385 621 2420 οἰκονομίαν
648 2385 719 2419 λέγω
740 2385 787 2411 τοῦ
805 2385 890 2412 Πνεῦ-

106 2437 189 2464 ματος
215 2430 330 2457 ἐνταῦθα
356 2430 544 2466 σημαίνεσθαι.
574 2431 650 2465 Ὀρθ.
675 2431 721 2466 Μὴ
735 2431 781 2458 οὖν
801 2431 887 2463 θέλεις

105 2476 190 2501 εἰπεῖν
206 2476 236 2502 τὸ
251 2477 388 2512 κυριακὸν
405 2477 484 2512 σῶμα
508 2477 626 2512 κτίσμα;
645 2477 754 2504 Μακεδ.
776 2478 886 2513 Κτίσμα

107 2522 155 2556 μὲν
165 2521 236 2556 λέγω
251 2522 280 2548 τὸ
295 2523 383 2558 σῶμα,
398 2523 455 2550 ἀλλ’
471 2523 501 2550 οὑ
512 2523 558 2550 τοῦ
574 2523 730 2559 Πνεύματος
739 2523 804 2550 αὐτὸ
815 2523 886 2558 λέγω

107 2566 216 2601 κτίσμα,
235 2567 302 2593 ἀλλὰ
327 2567 372 2594 τοῦ
396 2568 524 2604 Χριστοῦ.
550 2570 626 2603 Ὀρθ.
647 2568 715 2594 Ἀλλ’
743 2569 758 2603 ἡ
790 2568 884 2603 Γραιρὴ

140 2643 162 2657 ³⁵
179 2642 247 2670 Gen.
265 2650 284 2673 t.
300 2643 344 2672 26.
383 2645 403 2660 ³⁷
423 2645 490 2673 Gen.
508 2653 542 2675 Il,
561 2646 604 2672 18.
643 2645 665 2662 ³⁸
685 2645 778 2672 Matth.
796 2653 816 2675 ι,
833 2645 876 2671 I8.

105 2685 130 2709 ι,
151 2678 192 2704 15.
230 2678 253 2693 ⁸³
274 2679 351 2706 ltom.
371 2687 393 2711 ι,
413 2681 436 2706 l.
475 2680 497 2696 “
516 2681 575 2707 Act.
594 2688 660 2714 xnl,
677 2681 704 2707 ‘2.

149 2788 194 2823 46)
214 2788 362 2817 Palatinus.
379 2787 514 2822 γέννησις.

149 2788 183 2823 46
214 2788 362 2817 Palatinus.
379 2788 514 2822 γέννησις.

138 2788 194 2859 ἱΠζ
215 2823 298 2851 Palat.
315 2823 344 2848 ἒν
358 2822 440 2856 λέγει,
456 2822 515 2856 οὺγὶ
527 2822 549 2848 δ.
571 2821 640 2848 Editi
656 2822 735 2855 male,
750 2821 833 2848 έννόει

943 2249 1056 2279 habens,
1085 2249 1196 2273 creante
1224 2244 1325 2279 Spiritu
1353 2247 1448 2270 sancto
1467 2242 1536 2270 :scd
1561 2241 1724 2276 simpliciter

940 2293 1041 2320 dictum
1055 2295 1096 2318 est
1111 2300 1116 2317 :
1136 2298 1145 2314 ι
1159 2289 1268 2316 Inventa
1283 2292 1324 2315 cst
1335 2287 1438 2314 habens
1451 2287 1477 2313 in
1490 2291 1567 2313 utero
1575 2286 1609 2313 dc
1620 2285 1722 2320 Spiritu

941 2342 1036 2365 sancto
1044 2337 1078 2362 ⁸⁵.
1092 2345 1101 2360 ι
1120 2334 1195 2362 Orth.
1214 2333 1289 2361 Istud
1301 2341 1367 2367 ergo
1381 2342 1386 2359 :
1405 2342 1414 2358 σ
1425 2332 1462 2358 De
1479 2331 1581 2366 Spiritu
1598 2335 1721 2361 sancto.»

940 2383 1006 2419 quid
1032 2381 1106 2409 aliud
1130 2388 1191 2408 esse
1213 2383 1303 2415 putas,
1330 2387 1412 2412 quam
1437 2379 1525 2412 ipsum
1551 2378 1724 2405 condidisse?

942 2430 1045 2458 Muced.
1061 2429 1125 2455 Dico
1141 2427 1258 2462 Spiritus
1283 2426 1369 2454 sancti
1387 2424 1568 2452 meonomiam
1582 2424 1624 2452 his
1638 2423 1724 2458 signi-

941 2475 1026 2503 iicari.
1051 2473 1127 2501 Ortli.
1146 2472 1205 2499 Non
1226 2472 1267 2498 vis
1287 2471 1369 2506 igitur
1389 2470 1469 2497 l'ateri
1491 2469 1596 2496 Domini
1621 2476 1723 2504 corpus

940 2529 999 2549 esse
1015 2518 1155 2546 creatum?
1173 2517 1276 2544 Maced.
1296 2516 1392 2543 Fateor
1410 2515 1520 2549 quidem
1537 2522 1637 2549 corpus
1663 2521 1723 2540 csse

938 2570 1071 2598 creatum,
1087 2572 1142 2592 non
1156 2569 1245 2592 tamen
1261 2571 1276 2590 a
1292 2563 1395 2598 Spiritu
1411 2565 1507 2589 sancto
1527 2565 1649 2588 creatum
1662 2567 1723 2586 esse

925 2645 947 2660 ³⁹
967 2642 1032 2670 ibid.
1049 2642 1095 2669 20.
1133 2642 1156 2658 ⁸⁰
1176 2641 1293 2673 Isa.|,2.
1331 2640 1350 2656 δ’
1373 2639 1454 2668 I’ror.
1474 2647 1516 2673 Ix,
1533 2640 1558 2668 1.
1596 2639 1619 2654 ⁴¹
1630 2638 1719 2666 Galat.

753 2680 776 2696 ⁸⁸
796 2680 890 2707 Matth.
910 2688 936 2712 ι,
955 2679 997 2706 l8.

976 2789 1032 2825 (48)
1043 2788 1119 2823 "55.,
1133 2789 1247 2817 Παῦλον,
1257 2789 1323 2817 Ibid.
1333 2789 1432 2824 Palat.,
1441 2791 1481 2822 εὶς
1491 2791 1559 2825 ὅπερ
1571 2788 1716 2824 κέκλημαι.
