1926 3067
210 118 279 147 £245

729 117 759 145 S.
779 115 1012 144 ATHANASIUS.
1036 132 1066 137 —
1087 115 1222 145 SPURIA.

1775 111 1844 139 12H

210 172 283 209 dico,
296 176 343 205 sed
359 184 374 204 a
394 175 516 204 Christo.
533 175 609 203 ονιΙι.
627 176 710 211 Atqui
724 175 866 211 Scriptura
885 176 974 210 inquit
988 183 995 200 :

1057 173 1139 201 ;ἶπεν·
1160 185 1169 201 ι
1195 174 1304 210 Ηὺρέθη
1324 175 1353 200 ὲν
1378 173 1478 209 γαστρὶ
1501 172 1599 207 ἔχουσα
1618 171 1653 197 ὲκ
1679 170 1847 206 Πνεὺματος

213 233 222 250 ι
235 223 347 250 Inventa
361 227 402 250 est
416 223 442 250 in
458 226 536 250 utero
551 222 654 250 habens
668 223 701 250 de
717 222 820 257 Spiritu
837 227 959 249 sancto.)

248 269 292 296 26.
313 267 417 295 Maced.
432 267 481 294 Die
496 267 562 294 mihi
582 267 629 294 ubi
646 267 779 302 scriptum
795 268 840 298 sit,
857 267 997 302 quidpiam

210 315 341 349 aSpirilu
365 319 461 341 sancto
487 313 573 341 fuisse
588 313 740 340 conditum.
758 313 834 341 Ortlr.
856 313 998 340 Sulliciunt

210 360 320 395 quidem
333 367 363 387 ea
372 359 455 395 456
464 367 525 394 quae
537 359 658 387 diximus
673 359 844 387 auditoribus
859 359 998 390 omnibus,

211 406 258 441 qui
281 406 388 433 sincere
408 405 456 432 rei-
472 405 670 440 cognoscendae
693 405 813 432 studium
838 406 997 433 attulerint:

211 451 343 486 quoniam
360 456 450 478 autem
474 451 554 478 nobis
570 451 740 486 propositum
760 455 802 478 est
818 459 898 478 secus
918 452 998 479 etiam

211 497 317 524 allectis
334 497 464 532 prodesse
480 506 486 523 :
505 497 569 523 audi
585 497 668 524 etiam
685 496 818 532 Spiritum
830 498 870 525 sic
885 497 999 532 loquen-

212 549 284 572 tcm:
301 554 310 569 ί
323 543 439 570 Paratus
453 547 524 576 esto,
540 543 635 576 lsrael,
650 544 684 570 ad
706 543 890 571 invocandum
914 544 999 572 Deum

211 594 300 616 tuum.
325 589 395 616 Ecce
416 589 488 616 enim
503 596 564 623 ego,
580 590 626 623 qui
653 591 732 616 lirmo
752 591 868 623 tonitru,
885 594 913 617 et
937 598 1001 618 creo

212 636 350 669 spiritum.
368 638 394 662 et
409 634 567 661 hominibus
580 635 715 661 annuntio
723 634 863 662 Christum
873 635 974 670 ejus“.
988 645 997 662 ι

213 679 316 707 Maced.
333 679 414 706 Pater
435 680 458 706 is
485 683 538 712 est,
556 680 602 715 qui
627 680 759 715 loquitur.
780 679 856 707 Orth.
875 681 902 707 Si
923 681 1003 708 Pater

214 726 381 760 loqueretur.
396 725 543 752 dicendum
556 726 580 753 ei
601 725 710 757 fuisset,
728 725 779 758 Qui
804 726 936 753 annuntio
953 727 1002 753 ho-

213 772 333 799 minibus
358 771 500 798 Christum
517 779 628 804 mcum;
648 780 738 806 neque
761 772 889 804 dixisset,
920 772 1001 800 Chri-

213 819 286 843 stum
302 816 373 850 ejus.
391 815 439 842 Dic
452 816 525 842 enim
539 816 606 842 mihi
624 824 658 842 an
671 817 705 843 ab
720 818 773 843 alio
787 816 842 845 Deo
855 825 934 852 quam
950 817 1002 844 Pa.

213 864 256 888 tre
274 849 468 888 sitVChristus.
487 861 591 888 Maced.
610 861 689 889 Alius
706 863 816 897 quidem
836 849 925 898 neque
939 863 1001 895 fuit,
1018 849 1039 878 Β

214 914 265 933 nec
280 909 333 937 est.
350 914 401 933 nec
417 906 469 933 erit
481 906 553 934 Deus
570 911 669 942 praeter
691 907 794 934 Christi
810 907 918 935 Patrem
933 919 939 936 :
956 908 1004 936 sed

214 953 346 987 propheta
359 952 382 979 is
399 956 451 983 est.
461 953 507 988 qui
520 953 606 980 dicit:
624 963 633 979 σ
644 953 760 982 Paratus
771 959 841 986 esto,
859 954 953 988 lsrael,
971 955 1006 982 ad

215 998 398 1025 invocandnm
421 998 505 1026 Deum
532 1003 627 1026 tuum:
646 1009 654 1026 ι
675 1008 763 1035 neque
789 1002 920 1036 scriptum
942 1006 1004 1035 est,

219 1052 228 1068 ι
242 1043 313 1070 Ecce
331 1052 392 1078 ego,
407 1053 416 1070 ι
444 1044 513 1071 sed:
533 1055 541 1070 ι
555 1044 624 1072 Ecce
651 1045 697 1080 qui
726 1046 816 1072 lirmat
841 1047 956 1079 tonitru,
979 1052 1006 1074 et

214 1092 291 1114 creat
311 1089 437 1122 spiritum
454 1109 461 1120 ,
477 1094 504 1115 et
521 1090 665 1116 annuntiat
684 1090 843 1118 hominibus
866 1091 1005 1119 Christum

215 1134 296 1168 ejus:
314 1144 323 1160 ι
339 1134 396 1169 ipse
417 1135 544 1162 videlicet
570 1134 653 1164 Deus.
681 1136 758 1164 Orlh.
775 1137 872 1164 Omnia
896 1138 1005 1173 quidem

216 1179 296 1206 vobis
311 1179 405 1210 licent,
419 1180 467 1207 sed
486 1187 540 1206 non
556 1181 648 1207 omnia
660 1182 819 1216 expediunt.
835 1182 889 1210 Vos
899 1184 972 1210 enim
988 1184 1006 1210 ii

216 1224 284 1251 estis
302 1224 348 1258 qui
367 1225 455 1251 sancti
471 1224 548 1251 Pauli
572 1225 605 1252 ad
627 1225 756 1254 Hebraeos
780 1227 928 1262 Epistolam
946 1228 1007 1263 reji-

217 1270 291 1302 citis,
306 1269 476 1309 et‘Epistolze
491 1271 524 1297 ad
538 1271 676 1300 Romanos
696 1276 853 1300 contextum
873 1274 1007 1309 deprava-

217 1315 278 1347 stis,
297 1307 359 1342 cuin
371 1316 462 1344 dicitis
475 1317 607 1352 scriptum
623 1326 677 1345 non
694 1326 755 1345 esse
767 1327 773 1344 :
791 1328 800 1344 ι
813 1318 863 1346 Per
874 1307 1006 1354 Spiritum

217 1360 279 1394 ejus
299 1360 497 1388 inhabitantem
519 1363 547 1388 in
563 1362 656 1395 vobis;
671 1373 680 1389 ι
696 1363 754 1396 sed,
771 1372 780 1388 ε
792 1369 904 1398 propter
921 1363 1007 1399 Spiri-

218 1411 275 1434 tum
287 1407 346 1442 ejus
361 1407 596 1435 inliabitantem”.
610 1418 619 1434 ι
635 1409 704 1441 Quin
714 1410 794 1436 etiam
812 1417 875 1437 ecce
890 1410 1008 1445 prophev

219 1456 254 1480 tae
273 1461 382 1488 quoque
398 1454 481 1481 verba
496 1455 605 1482 conaris
620 1455 780 1489 depravare.
794 1454 846 1482 Sed
858 1455 909 1482 hoc
926 1463 1007 1483 nemo

217 1498 269 1525 tibi
280 1499 423 1526 concedet.
443 1499 550 1533 Itaque,
568 1499 589 1526 si
605 1499 793 1534 propheticum
809 1500 874 1527 illud
885 1500 1007 1534 protule-

218 1539 317 1577 rim'us,
326 1547 353 1571 et
368 1538 571 1572 ostenderimus
587 1545 718 1580 scriptum
727 1553 788 1573 esse
800 1553 808 1571 :
820 1555 829 1570 ί
841 1545 911 1572 Ecce
921 1553 982 1580 ego,
996 1556 1005 1572 ι

219 1596 255 1615 an
268 1589 316 1616 tibi
331 1590 490 1624 persuaderi
507 1589 582 1617 sines
601 1594 753 1617 creatorem
777 1598 838 1618 esse
856 1590 1009 1625 Spiritum?

220 1632 324 1660 Haced.
342 1634 406 1661 Scio
433 1634 461 1661 in
486 1635 626 1662 nonnullis
649 1635 852 1669 exemplaribus
873 1636 1007 1671 scriptum

220 1690 284 1710 esse
298 1690 304 1708 :
325 1692 334 1707 ι
346 1681 415 1709 Ecce
431 1690 492 1717 ego.
507 1692 516 1708 ι
533 1682 587 1709 Sed
601 1682 628 1709 in
643 1683 847 1717 exemplaribus
861 1683 916 1710 illis
930 1691 1009 1710 erra-

219 1730 279 1753 tum
302 1734 365 1754 esse
391 1727 463 1754 dico.
479 1726 534 1754 Nec
562 1726 635 1754 enim
662 1731 877 1754 consentaneum
893 1731 921 1754 et
946 1735 1010 1754 con-

220 1781 321 1809 gruens
343 1777 385 1801 est
406 1773 508 1805 dicere,
529 1773 661 1808 Spiritqu
684 1781 748 1800 eum
773 1781 835 1800 esse
850 1774 897 1808 qui
913 1773 1006 1801 dicat:

223 1830 232 1846 ι
243 1820 313 1847 Ecce
329 1828 379 1855 ego
395 1821 441 1855 qui
472 1820 549 1851 ﬁrmo
576 1820 692 1851 tonitru,
709 1823 736 1847 et
758 1827 821 1848 creo
845 1821 981 1854 spiritum.
995 1830 1005 1847 ι

222 1866 298 1893 Orth.
315 1865 372 1892 lmo
390 1866 446 1893 Ιιιεσ
462 1866 579 1892 maxima
600 1870 643 1893 est
664 1865 762 1892 horum
782 1866 926 1893 verborum
943 1874 1008 1893 cou-

220 1912 358 1947 g-uentia,
378 1915 471 1946 utpote
494 1919 555 1946 qua:
573 1912 652 1939 aliter
668 1920 750 1946 quam
769 1912 822 1939 hoc
841 1913 922 1940 modo
939 1921 1007 1941 con-

220 1962 350 1993 gruenter
380 1958 505 1985 construi
523 1965 577 1984 non
601 1958 721 1992 possint.
746 1957 867 1993 Spiritus
892 1959 964 1986 enim
984 1960 1007 1988 is

221 2006 274 2034 est,
291 2003 336 2037 qui
355 2003 444 2030 dicit:
465 2012 473 2028 ε
487 1999 603 2030 Paratus
623 2007 693 2034 esto,
719 2003 812 2034 Israel,
831 2003 865 2029 ad
876 2004 1007 2030 invocan-

221 2048 286 2076 dum
307 2048 391 2076 Deum
415 2053 501 2076 tuum.
521 2048 590 2076 Ecue
606 2049 680 2076 enim
697 2057 748 2084 ego
762 2059 771 2075 ›
785 2049 918 2084 (Spiritus
931 2049 1006 2077 vide-

221 2095 295 2128 licet)
315 2095 382 2130 ι(ιυὶ
407 2095 484 2122 lirmo
499 2095 613 2127 tonitru,
632 2098 659 2122 et
677 2102 742 2122 creo
759 2095 897 2130 spiritum,
913 2099 940 2122 et
959 2103 1007 2122 an-

221 2141 320 2168 nuntio
347 2141 503 2168 hominihus
523 2140 663 2169 Christum
686 2141 757 2175 ejus,
771 2151 780 2166 ι
805 2141 932 2168 videlicet
947 2140 1004 2169 Dei.

221 2185 326 2214 Macati.
351 2185 437 2219 Quem
463 2186 590 2221 spiritum
619 2187 710 2214 creat?
738 2186 815 2216 Orth.
842 2186 870 2213 Si
888 2188 1006 2215 litteram
1025 2198 1045 2225 ο

221 2231 332 2266 quidem
343 2236 372 2258 et
380 2232 461 2258 verba
472 2232 531 2267 ipsa
547 2236 664 2266 spectes,
679 2232 806 2267 spiritum
823 2240 871 2260 seu
883 2237 1005 2265 ventum,

221 2276 269 2311 qui
281 2277 384 2303 tonitru
401 2278 650 2312 consequiturzsin
664 2286 729 2305 vero
737 2278 901 2306 sententiam
920 2279 1007 2313 ipsam

220 2322 390 2354 consideres,
411 2331 472 2351 eum
498 2324 627 2358 spiritum
638 2344 645 2356 ,
661 2332 741 2359 quem
757 2325 794 2351 ait
810 2331 923 2352 sanctus
936 2324 1008 2352 Pau-

221 2369 265 2397 lus
281 2379 287 2397 :
301 2379 309 2395 ι
326 2369 463 2397 Custodiri
474 2371 642 2405 inculpatum
659 2378 721 2397 cum
733 2371 823 2398 anima
839 2375 866 2398 et
883 2379 1006 2406 corpore,

222 2416 256 2443 ad
275 2415 383 2442 Domini
403 2417 490 2444 nostri
513 2416 579 2443 Jesu
595 2416 698 2443 Christi
717 2416 862 2444 adventum
871 2417 924 2445 ⁸⁸.»
939 2417 1007 2445 Nam

222 2470 270 2498 per
286 2472 295 2488 ‹
310 2463 483 2490 obﬁnnatum
507 2463 608 2490 tonitru
623 2472 631 2488 ι
654 2462 847 2498 intelligendus
863 2467 906 2490 est
921 2463 1009 2498 bapti-

222 2518 300 2538 smus
314 2510 360 2538 ille
378 2510 452 2545 prior
469 2509 541 2545 apud
556 2509 666 2537 Judreos
681 2513 842 2545 usurpatus,
861 2517 966 2537 vacuus
981 2513 1008 2537 et

222 2564 328 2591 aqueus
345 2565 351 2582 :
367 2557 435 2584 adeo
453 2560 482 2583 ut
510 2556 611 2583 dixerit
640 2560 754 2583 sanctus
773 2555 913 2584 Joannes:
931 2566 940 2582 ι
952 2556 1009 2592 Ego

222 2603 334 2637 quidem
351 2603 460 2638 haptizo
476 2610 524 2630 vos
548 2610 619 2638 aqua
646 2602 680 2629 ad
707 2602 896 2638 paenitentiam
914 2603 1009 2630 :venit

1049 220 1138 255 ἁγίου.
1154 231 1164 246 ι

1084 266 1128 293 26.
1147 265 1257 293 Mazaeo.
1275 265 1348 300 Αὑτῇ
1364 266 1397 300 τῇ
1412 265 1483 298 λέξει
1508 263 1568 290 είπέ
1591 272 1648 298 μοι,
1667 262 1726 288 ποῦ
1743 262 1848 296 γέγρα-

1050 321 1125 345 πται,
1137 313 1177 339 ὅτι
1191 321 1217 338 τι
1229 311 1319 338 ἔκτισε
1333 311 1365 337 τὸ
1378 311 1499 346 Πνεῦμα.
1514 311 1590 344 Ὀρθ.
1611 309 1711 344 Ἀρκεῖ
1729 308 1779 343 μὲν
1793 308 1848 338 τοῖς

1049 358 1228 393 εὐγνωμόνως
1248 357 1376 384 ἀκούουσι
1399 357 1446 383 καὶ
1466 356 1501 383 τὰ
1521 355 1733 391 προειρημένα·
1753 353 1848 387 ἐπειδὴ

1049 402 1077 428 δὲ
1094 403 1193 434 σκοπὸς
1214 403 1280 438 ἡμῖν
1295 403 1367 428 ἐστιν
1389 401 1528 436 ὠφελῆσαι
1543 400 1597 436 (49)
1612 399 1664 426 καὶ
1681 399 1748 430 τοὺς
1761 397 1848 432 ἀγνώ-

1051 456 1136 483 μονας
1146 469 1153 480 ,
1180 449 1262 476 ἄκουε
1278 449 1325 476 καὶ
1345 448 1392 474 τοῦ
1405 449 1560 483 Πνεύματος
1573 447 1719 481 λέγοντος·
1739 455 1748 470 ε
1766 445 1848 471 Ἑτοι-

1052 496 1138 530 μάζου
1155 495 1202 522 τοῦ
1219 495 1409 522 ἐπικαλεῖσθαι
1427 495 1472 521 τὸν
1493 493 1559 520 Θεόν
1577 501 1623 520 σου
1657 491 1785 528 Ἰσραὴλ,
1809 491 1847 516 ὃτι

1052 542 1106 568 ἰδοὺ
1122 542 1177 574 ἐγὼ
1191 541 1308 577 στερεῶν
1326 541 1448 576 βροντὴν,
1467 540 1514 566 καὶ
1528 539 1628 570 κτίζων
1650 537 1768 573 πνεῦμα
1778 556 1785 568 ,
1805 541 1848 566 καὶ

1051 587 1231 622 ἀπαγγέλλων
1254 589 1294 619 εἰς
1316 586 1476 622 ἀνθρώπους
1500 585 1546 612 τὸν
1575 583 1699 620 Χριστὸν
1725 581 1819 610 αὑτοῦ.
1835 590 1844 607 ι

1051 635 1162 662 Μακεδ.
1183 635 1211 660 Ὁ
1228 635 1322 670 Πατήρ
1340 635 1413 660 ἐστιν
1428 634 1442 659 ὁ
1457 632 1554 666 λέγων.
1574 632 1655 665 Ὀρθ.
1673 631 1708 656 Εί
1727 630 1742 655 ὁ
1756 629 1847 664 Πατὴρ

1051 680 1152 713 ἔλεγεν,
1169 677 1241 714 εἶχεν
1253 679 1285 706 ἂν
1300 679 1398 709 εἰπεῖν,
1418 676 1607 711 Ἀπαγγέλλων
1628 677 1671 707 εἰς
1686 674 1846 711 ἀνθρώπους

1051 726 1096 753 τὸν
1105 726 1221 761 Χριστόν
1233 734 1294 760 μου·
1305 724 1350 750 καὶ
1365 724 1414 750 οὐκ
1424 723 1456 751 ἂν
1470 721 1557 755 εἶπεν,
1566 721 1611 749 τὸν
1622 722 1749 757 Χριστὸν
1758 720 1844 747 αὐτοῦ.

1059 772 1135 798 Ἐπεὶ
1152 771 1212 798 εἰπέ
1231 780 1287 806 μοι,
1306 772 1329 797 εὶ
1354 769 1433 797 ἄλλου
1450 769 1517 796 Θεοῦ
1539 770 1597 795 ἐστι
1630 768 1713 803 παρὰ
1727 767 1774 793 τὸν
1795 767 1845 793 Πα-

1053 818 1120 853 τέρα
1136 818 1150 843 ὁ
1164 817 1291 853 Χριστός.
1309 816 1421 844 Μακεδ.
1437 816 1532 847 ’Ἄλλος
1551 816 1600 851 μὲν
1622 815 1694 846 Θεὸς
1717 816 1793 850 παρὰ
1806 814 1844 840 τὸν

1054 864 1172 900 Χριστοῦ
1189 864 1298 899 Πατέρα
1315 863 1376 890 οὕτε
1389 861 1432 898 ἦν,
1457 862 1518 889 οὔτε
1539 862 1625 894 ἐστὶν,
1644 861 1711 888 οὔτε
1725 861 1817 887 ἕσται·
1834 861 1846 886 ὁ

1055 912 1197 947 προφήτης
1213 911 1241 937 δέ
1257 912 1330 937 ἐστιν
1344 911 1359 936 ὀ
1383 910 1486 944 λέγων·
1506 918 1514 934 ι
1536 909 1703 944 Ἐτοιμάζου
1726 908 1774 935 τοῦ
1792 909 1844 934 ὲπι-

1055 956 1195 984 καλεῖσθαι
1209 957 1255 983 τὸν
1267 957 1333 983 Θεὸν
1348 965 1406 987 σου,
1426 954 1552 990 Ἰσραήλο
1570 964 1578 980 ι
1598 955 1630 981 οὺ
1653 956 1746 981 κεῖται
1760 953 1789 980 δὲ
1804 953 1844 983 τὺ,

1058 1013 1067 1029 ι
1079 1003 1144 1030 Ἰδοὺ
1156 1003 1220 1036 ἐγὼ,
1238 1012 1246 1027 ι
1257 1002 1314 1028 ἀλλ’
1327 1012 1336 1027 ι
1348 1003 1412 1029 Ἰδοὺ
1423 1001 1539 1038 στερεῶν
1549 1000 1680 1036 βροντὴν,
1691 1000 1740 1026 καὶ
1753 999 1844 1031 κτίζων

1057 1049 1177 1084 πνεῦμα,
1192 1049 1371 1083 ἀπαγγέλλων
1382 1050 1421 1080 εἰς
1432 1048 1591 1083 ἀνθρώπους
1603 1047 1652 1073 τὸν
1671 1045 1790 1082 Χριστὸν
1804 1044 1846 1072 αὑ-

1056 1092 1102 1118 τοῦ
1112 1101 1118 1107 ·
1138 1102 1147 1118 ι
1162 1093 1243 1124 αὐτὸς
1260 1094 1274 1119 ὁ
1286 1092 1361 1124 Θεὸς.
1384 1093 1462 1126 Ὀρθ.
1475 1093 1567 1120 Πάντα
1577 1093 1646 1127 ὑμῖν
1661 1091 1779 1123 ἔξεστιν,
1793 1089 1842 1116 ἀλλ’

1056 1138 1086 1164 οὐ
1107 1138 1195 1164 πάντα
1224 1138 1367 1174 συμφέρει.
1389 1137 1483 1172 Ὑμεῖς
1507 1137 1561 1172 γάρ
1588 1137 1654 1162 ὲστε
1680 1135 1706 1161 οἳ
1736 1134 1783 1160 καὶ
1803 1132 1845 1168 τὴν

1057 1185 1125 1220 πρὸς
1143 1184 1284 1220 Ἐϐραίους
1302 1183 1349 1210 τοῦ
1368 1179 1444 1218 ἁγίού
1461 1183 1567 1210 Παῦλον
1591 1180 1842 1217 παραγραψάμενοιν

1057 1231 1104 1257 καὶ
1124 1230 1173 1266 τὴν
1201 1230 1269 1266 πρὸς
1296 1230 1448 1265 Ῥωμαίους
1472 1220 1743 1264 παραχαράττοντες,
1769 1223 1842 1258 ἐντῷ

1057 1277 1156 1311 λέγειν,
1175 1277 1205 1302 οὐ
1225 1276 1395 1311 γέγραπται,
1419 1284 1427 1300 ι
1445 1274 1493 1301 Διὰ
1508 1273 1555 1300 τοῦ
1572 1273 1745 1304 ἐνοικοῦντος
1767 1269 1842 1297 Πνεύ-

1059 1331 1142 1358 ματος
1157 1323 1185 1348 ἐν
1205 1322 1268 1357 ὑμῖν
1281 1321 1360 1356 (50),
1373 1329 1381 1346 ι
1398 1320 1476 1351 ἀλλὰ,
1491 1329 1499 1344 ε
1513 1319 1556 1355 ᾅιὰ
1572 1318 1602 1344 τὸ
1619 1316 1744 1344 ἐνοικοῦν
1768 1313 1841 1342 αὐτοῦ

1057 1368 1179 1402 Πνεῦμα.
1194 1377 1203 1392 ι
1223 1366 1287 1392 Ἰδοὺ
1305 1366 1336 1401 δὴ
1354 1366 1400 1392 καὶ
1412 1365 1458 1392 τὸν
1474 1364 1619 1400 προφήτην
1633 1362 1782 1398 ἐπιχειρεῖς
1798 1366 1841 1385 πα·

1060 1412 1246 1448 ραχαράττειν.
1276 1410 1345 1437 Ἀλλ’
1365 1409 1452 1441 οὐδείς
1479 1417 1519 1435 σοι
1545 1409 1695 1443 συγχωρεῖ.
1725 1406 1785 1432 Ἐὰν
1801 1402 1841 1431 οὖν

1059 1457 1270 1493 προκομίσωμεν
1287 1457 1317 1482 τὸ
1336 1455 1515 1492 προφητικὸν,
1538 1454 1584 1480 καὶ
1611 1453 1755 1488 δείξωμεν,
1769 1449 1841 1477 ὅτιτὸ

1062 1513 1071 1529 ‹
1089 1503 1153 1530 Ἰδοὺ
1168 1502 1222 1536 ἐγὼ
1243 1513 1252 1528 ι
1269 1502 1434 1537 γέγραπται,
1449 1500 1541 1536 πείθῃ,
1557 1500 1599 1526 ὅτι
1615 1498 1704 1530 κτίζει
1722 1498 1751 1524 τὸ
1767 1496 1839 1523 Πνεῦ-

1061 1558 1113 1585 μα;
1133 1548 1243 1576 litaret-8.
1258 1546 1334 1580 Οἶδα,
1348 1548 1388 1574 ὅτι
1405 1548 1433 1573 ὲν
1451 1547 1530 1577 ἐνίοις
1549 1546 1604 1572 τῶν
1617 1544 1791 1580 ἀντιγράφων
1801 1541 1840 1575 γε·

1059 1603 1180 1631 γραπται
1194 1595 1234 1625 τὺ,
1248 1605 1257 1620 ε
1276 1594 1340 1620 Ἰδοὺ
1353 1592 1417 1627 ἐγώ.
1432 1602 1440 1618 ι
1456 1592 1524 1618 Ἀλλ’
1536 1591 1592 1625 ἐγὼ
1604 1591 1678 1624 λέγω
1694 1586 1839 1623 ἐσφαλμένα

1058 1638 1127 1666 εἶναι
1147 1639 1182 1666 τὰ
1195 1639 1359 1674 ἀντίγραφα.
1375 1638 1413 1663 Οὐ
1430 1637 1483 1673 γὰρ
1499 1637 1555 1672 ἔχει
1565 1635 1729 1662 ἀκολουθίαν
1749 1633 1837 1665 λέγειν.

1057 1686 1088 1711 τὺ
1103 1684 1217 1719 Πνεῦμά.
1242 1685 1300 1710 ἐστι
1315 1683 1345 1709 τὸ
1366 1682 1455 1716 λέγον,
1480 1683 1520 1708 ὅτι
1545 1691 1553 1706 ι
1573 1681 1641 1707 Ἰδοὺ
1659 1679 1714 1713 ἐγὼ
1730 1675 1836 1712 στερεῶν

1059 1731 1184 1767 βροντὴν,
1202 1731 1249 1757 καὶ
1274 1730 1375 1762 κτίζων
1399 1729 1517 1763 πνεῦμα.
1537 1738 1546 1754 ›
1573 1729 1654 1762 Ὀρθ,
1678 1726 1802 1757 Καίτοιγε
1823 1722 1835 1756 ἡ

1060 1766 1175 1813 μεγίστη
1191 1775 1337 1802 ἀκολουθία
1353 1775 1400 1801 τοῦ
1425 1773 1507 1810 ῥητοῦ
1525 1772 1595 1809 αὕτη
1607 1793 1614 1805 ,
1634 1772 1682 1799 καὶ
1702 1770 1784 1800 ἄλλως
1798 1766 1835 1798 ἑξ-

1057 1822 1235 1858 ομαλισθῆναι
1251 1821 1281 1847 οὑ
1293 1820 1401 1847 δύναται
1413 1819 1533 1855 ἢοῦτως.
1545 1818 1582 1844 Τὸ
1595 1818 1650 1853 γὰρ
1665 1814 1774 1850 [Ινεῦμά
1786 1814 1834 1838 ἐστι

1057 1869 1087 1895 τὸ
1098 1868 1185 1902 λέγον·
1202 1878 1210 1893 ι
1223 1866 1383 1902 Ἐτοιμάζου
1398 1865 1444 1892 τοῦ
1456 1863 1647 1892 ἐπικαλεῖσθαι
1657 1860 1772 1888 τὸνθεόν
1784 1865 1833 1886 σου,

1057 1913 1240 1949 Ἰσραήλ.”οτι
1251 1912 1305 1938 ἰδοὺ
1313 1913 1368 1945 ἐγὼ
1375 1911 1405 1937 τὸ
1414 1910 1533 1945 Πνεῦμα,
1544 1908 1662 1945 στερεῶν
1671 1904 1786 1942 βροντὴν,
1795 1901 1833 1929 καὶ

1057 1959 1155 1992 κτίζων
1169 1959 1225 1994 (5|)
1239 1958 1357 1993 πνεῦμα,
1375 1956 1423 1983 καὶ
1437 1955 1617 1990 ἀπαγγέλλων
1634 1956 1673 1986 είς
1689 1950 1833 1994 ἀνθρώπξυς

1056 2005 1102 2032 τὸν
1113 2005 1229 2041 Χριστὸν
1245 2003 1339 2035 αὑτοῦ,
1352 2012 1361 2027 ι
1373 2001 1494 2038 δηλονότι
1504 2000 1550 2027 τοῦ
1560 2000 1639 2026 Θεοῦ.
1649 1996 1755 2026 Μακεδ.
1765 1993 1831 2041 [tam

1059 2038 1167 2086 πνεῦμα
1176 2049 1263 2081 κτίζει
1274 2057 1281 2082 ;
1291 2049 1367 2082 Ὀρθ.
1376 2048 1406 2074 Εἰ
1422 2048 1469 2082 μὲν
1482 2046 1553 2072 κατὰ
1566 2046 1598 2072 τὸ
1607 2041 1733 2081 ῥητὸν,τὸ
1745 2038 1831 2086 ἑπόμεθ-

1056 2105 1101 2123 νον
1117 2084 1151 2132 τῇ
1168 2096 1265 2131 βροντῇ
1276 2104 1283 2110 ·
1301 2096 1324 2120 εί
1338 2094 1366 2120 δὲ
1383 2092 1454 2120 κατὰ
1468 2092 1598 2124 διάνοιαν,
1612 2091 1626 2117 ὃ
1641 2088 1715 2116 εἶπεν
1766 2084 1830 2132 ἅγιθξ

1057 2125 1192 2172 Παῠλὸζξ
1210 2125 1361 2176 τηρηθῆναι
1376 2139 1520 2173 ἄμεμπτον
1535 2137 1605 2172 μετὰ
1619 2135 1668 2169 τῆς
1686 2131 1778 2176 ψυχῆς,
1792 2125 1831 2174 καί)-

1057 2188 1103 2214 τοῡ
1115 2186 1250 2222 σώματος,
1262 2187 1290 2213 ὲν
1301 2187 1334 2221 τῇ
1349 2184 1486 2220 παρουσίᾳ
1499 2182 1545 2209 τοῦ
1555 2182 1657 2217 Κυρίου
1669 2177 1743 2214 ἡμῶν
1754 2175 1828 2222 ’ξησοῗ

1059 2214 1190 2268 Χριστοῦ.
1207 2242 1216 2257 ι
1230 2214 1291 2257 ⁷Καὶ
1314 2214 1368 2265 γὰρ
1389 2214 1438 2265 ἔτὴν
1455 2214 1660 2264 ἐίπερεωμένην
1671 2269 1676 2271 _
1687 2214 1828 2271 βξ

1060 2267 1201 2314 βάπτισμα
1222 2277 1262 2303 δεῖ
1284 2277 1376 2308 νοεῖν,
1397 2275 1528 2310 πρότερον
1552 2273 1581 2299 ὃν
1609 2269 1684 2306 παρέι
1709 2267 1826 2314 ’Ῑθιέξαίῗις

1059 2309 1218 2359 άαῦνον-καὶ
1242 2321 1391 2353 saneea;-
1408 2309 1477 2347 ὥστε
1492 2319 1580 2354 λέγειν
1594 2318 1639 2344 τὸν
1659 2315 1734 2348 ἅγιον
1750 2309 1826 2359 Ἰωάγ·

1058 2350 1124 2405 νην·
1143 2379 1152 2395 ι
1169 2368 1239 2403 Ἐγὼ
1265 2368 1314 2403 μὲν
1331 2350 1453 2403 βαπτίζω
1473 2350 1545 2401 ὑμᾶς
1565 2365 1593 2391 ὲν
1610 2362 1684 2389 ὕδατι
1698 2359 1735 2389 είς
1753 2350 1825 2405 laid“

1058 2399 1148 2444 νοιαν·
1166 2399 1276 2451 ﬁdem;
1299 2399 1336 2441 δὲ.
1351 2415 1364 2440 ὁ
1387 2399 1559 2448 ἰσχυρότερός
1580 2419 1640 2447 μου,
1663 2408 1691 2438 ὃς
1706 2403 1771 2451 ὑμξῖξ

1060 2463 1151 2489 πτίσει
1174 2447 1360 2496 ένίΠνεύματι
1475 2447 1522 2484 καί
1545 2456 1642 2492 πυρί.)
1670 2447 1770 2496 Ἐπειδῆ
1784 2447 1824 2496 οίίν

1059 2509 1125 2536 αὐτὸ
1140 2508 1171 2534 τὸ
1186 2507 1327 2543 βάπτισμα
1340 2507 1373 2541 τῇ
1390 2504 1436 2531 τοῦ
1451 2503 1609 2539 Πνεύματος
1626 2493 1753 2543 παρονσξι

1061 2555 1180 2591 ρεοῦται,
1198 2553 1287 2585 καλῶς
1303 2553 1421 2588 εἴρηται,
1433 2551 1474 2577 ὅτι
1488 2559 1497 2576 ε
1518 2549 1583 2576 Ἰδοὺ
1595 2545 1649 2581 ἐγὼ
1663 2554 1671 2570 ³
1685 2542 1713 2568 τδ
1724 2539 1821 2591 mi”:

1064 2581 1074 2627 ί
1090 2600 1209 2638 στερεῶν
1233 2599 1365 2636 βροντὴν,
1385 2597 1432 2625 καὶ
1459 2595 1558 2628 κτίζων
1577 2590 1698 2627 πνεῦμα-ν
1715 2595 1724 2612 ’
1751 2581 1777 2609 τὸ
1795 2584 1820 2603 εν

259 2680 282 2698 ⁸·
298 2681 382 2709 Amos
398 2689 436 2715 ιν,
456 2681 505 2714 [2,
523 2681 566 2708 l5.
602 2680 624 2698 "
645 2680 725 2709 Rom.
742 2687 809 2713 vni,
826 2680 854 2709 9.
892 2680 915 2696 ⁸⁸
933 2680 944 2708 l
960 2679 1057 2708 Thess.
1076 2687 1103 2712 ν,
1119 2678 1165 2706 23.

260 2758 316 2794 (ιθ)
336 2758 433 2792 Palat.,
449 2759 472 2786 ὼ
495 2759 599 2794 ελῆσαι,
618 2758 672 2785 ἰδοὺ
691 2759 746 2793 ἐγὼ
763 2758 909 2794 στερε-ὦνβ
932 2778 938 2785 .

261 2795 317 2821 (50)
337 2795 435 2821 Palat..
452 2769 495 2821 8ιῖ
514 2795 560 2821 τοῦ
572 2793 728 2821 Πνεὺματος
744 2795 772 2821 ὲν
786 2794 859 2821 ὑμῖν.
883 2767 952 2821 Ἀλλ’
965 2793 992 2819 οἱ

261 2795 317 2829 (50)
337 2795 435 2828 Palat.,
452 2794 495 2823 διὰ
514 2795 560 2822 τοῦ
572 2794 728 2829 Πνεῦματος
744 2795 772 2821 ὲν
786 2794 859 2830 ὑμῖν.
883 2794 952 2821 Ἀλλ’
965 2794 1010 2819 οὐ·

225 2831 280 2862 δείς
296 2838 341 2857 σου
358 2839 435 2865 συγχ.

1100 2756 1157 2793 (5|)
1174 2755 1272 2789 Palat.,
1289 2754 1390 2787 κτίζον,
1405 2753 1450 2781 hic
1467 2756 1493 2780 et
1509 2747 1655 2780 inﬂatio!
1672 2740 1714 2770 καί
1725 2735 1793 2765 ab“:
1805 2737 1817 2756 ³

1064 2800 1131 2820 mss.
