1926 3067
93 109 186 138 1285
594 111 637 139 DE
658 111 794 140 SANCTA
812 112 1002 142 TRINITATE
1023 115 1196 145 DlALOGUS
1213 116 1258 145 lli.
1667 116 1736 145 I246

89 167 221 203 ἑκάστῳ
235 167 325 203 ἡμῶν.
348 168 362 194 ὃ
378 168 424 194 καὶ
440 168 552 204 καρδίαν
568 169 696 196 ἐκάλεσεν
709 171 723 196 ὸ
739 170 830 202 Δαϐὶδ,
854 170 883 197 λέ

936 176 1052 205 autem,
1075 174 1123 209 qui
1150 174 1247 202 fortior
1266 182 1308 202 me
1329 177 1382 208 est,
1403 174 1449 210 qui
1465 181 1515 202 vos
1541 174 1692 209 baptizabit
1707 174 1736 200 in

86 222 161 249 γων
173 222 181 230 ”
198 224 208 240 ι
220 215 340 250 Καρδίαν
352 215 474 250 καθαρὰν
483 215 574 241 κτίσον
587 216 616 242 ὲν
630 216 702 250 ἐμοὶ,
717 217 731 242 ό
745 216 820 247 Θεός.
833 226 842 242 ι

952 217 1056 253 Spiritu
1085 226 1180 248 sancto
1202 225 1229 248 et
1258 222 1319 256 igne
1328 221 1384 248 δν.»
1407 220 1542 254 Quoniam
1570 220 1654 256 igitur
1676 221 1735 255 ipse

88 262 260 296 baptismus
273 263 394 288 lirmatur
406 263 522 296 Spiritus
534 263 687 297 praesentia,
702 268 774 290 recte
783 264 886 291 dictum
901 268 941 292 est
959 275 965 293 :
981 275 991 291 ι
1004 266 1074 294 Ecce
1095 276 1145 303 ego
1159 278 1168 294 ι
1190 269 1320 304 (Spiritus
1343 269 1490 303 videlicet),
1509 278 1518 294 ι
1532 269 1579 303 qui
1599 268 1678 294 ﬁrmo
1695 272 1736 295 to-

90 310 195 341 nitru,
211 314 238 337 et
255 316 318 336 creo
335 309 472 344 spiritum,
487 318 496 333 »
515 309 590 335 illum
623 309 749 336 videlicet
774 310 819 344 qui
842 311 957 346 singulis
982 313 1061 341 nobis
1084 314 1164 348 inest,
1187 323 1266 350 quem
1292 315 1375 342 etiam
1390 322 1438 342 cor
1452 315 1568 350 appellat
1580 314 1676 347 David,
1692 314 1736 341 in-

92 357 207 390 quiens
223 365 229 382 :
251 364 259 380 ι
272 354 325 382 Cor
340 354 470 381 mundum
483 362 545 381 crea
558 355 584 381 in
600 362 652 386 me,
669 354 780 382 Deus”.
796 365 805 380 ι

137 401 188 428 27.
219 400 329 428 Μιικεδ.
354 399 409 426 Καὶ
439 399 552 434 βροντὴν
571 399 660 434 λέγεις
686 400 717 426 τὸ
742 400 882 436 βάπτισμα

983 404 1027 432 27.
1048 403 1152 431 Maced.
1171 403 1242 440 Ergo
1256 404 1421 440 baptismum
1436 412 1518 433 vocas
1532 405 1646 433 tonitru.
1656 405 1732 432 Orth.

101 448 193 481 ’0p0.
211 445 386 481 Συμϐολικῶς
406 445 452 471 καὶ
472 445 552 471 πάνυ.
572 446 616 477 Ὠς
635 446 690 481 γὰρ
705 446 769 472 ὅταν
786 447 877 473 ἀκούω

949 449 1020 478 Sane
1032 450 1142 485 quidem
1160 450 1318 485 symbolice.
1338 451 1573 483 Quemadmodum
1584 452 1656 478 enim
1670 459 1734 478 cum

97 501 110 518 ε
126 492 273 527 Ἄμπελον
299 490 329 523 ἐξ
351 490 488 524 Αἰγύπτου
514 491 650 526 μετῆρας,
669 501 678 516 ›
700 491 750 518 οὐκ
773 492 894 527 ἄμπελον

93 537 266 572 σωματικὴν
283 536 492 572 περιόλέπομαι,
510 535 577 562 ἀλλὰ
591 537 636 562 τὸν
651 537 714 564 ναὸν
726 537 791 563 νοῶ·
808 537 894 569 οὕτως

93 585 150 610 καὶ
164 582 281 618 βροντὴν
293 583 322 608 τὸ
334 582 474 617 βάπτισμα
488 583 549 609 νοῶ.
561 583 615 609 Καὶ
625 582 679 618 γὰρ
691 583 754 615 τοῦς
769 583 894 619 μαθητὰς

94 627 189 654 αὐτοῦ
209 628 283 658 υἱοὺς
299 627 412 662 βροντῆς
438 628 566 654 ἐκάλεσεν
591 629 606 656 ὁ
625 629 751 664 Χριστὸς,
770 629 893 656 τουτέστι

95 674 292 709 βαπτίσματος
307 673 392 705 υἱούς.
406 673 514 709 Ἐπειδὴ
529 674 583 709 γὰρ
596 675 612 709 ή
627 674 722 710 βροντὴ
738 675 892 702 συνίσταται

94 721 128 753 ὲξ
147 720 245 751 ὓδατος
260 719 306 745 καὶ
328 720 492 754 πνεύματος,
508 720 586 746 τοῦτο
598 720 626 746 δέ
639 723 711 747 ἐστιν
728 721 801 756 ἠτοῦ
815 722 892 755 ἁγίου

96 766 296 802 βαπτίσματος
312 766 500 800 μυσταγωγία,
517 766 686 802 συμὸολικῶς
705 767 735 793 τὸ
752 767 892 802 βάπτισμα

948 496 1013 523 illud
1036 496 1136 528 audio,
1153 505 1162 522 ι
1188 496 1298 523 Vineam
1314 496 1347 523 de
1364 496 1481 532 [Egypto
1501 497 1704 528 transtulisti“,
1720 507 1730 523 I

946 550 1001 569 non
1016 542 1161 570 considero
1178 543 1259 569 vitem
1275 542 1358 569 ullam
1369 550 1528 576 corpoream
1540 543 1586 569 sed
1603 543 1733 578 templum

946 589 1069 622 intelligo
1082 598 1088 615 :
1104 589 1141 615 ita
1152 588 1234 615 etiam
1245 595 1293 622 per
1305 588 1408 615 tonitru
1418 589 1540 623 intelligo
1555 589 1732 623 baptismum.

945 634 1013 661 Nam
1029 642 1094 662 suos
1112 635 1193 661 etiam
1209 633 1361 668 discipulos
1381 633 1508 661 Christus
1534 634 1642 661 vocavit
1660 634 1732 661 ﬁlios

945 680 1070 712 tonitrui,
1087 680 1112 707 id
1138 683 1181 707 est
1204 679 1343 714 baptismi.
1366 678 1500 711 Quoniam
1528 680 1600 706 enim
1624 680 1728 706 tonitru

944 728 1051 752 constat
1061 733 1093 752 ex
1110 732 1181 759 aqua
1195 728 1222 751 et
1238 725 1348 759 spiritu,
1365 733 1413 752 seu
1429 730 1521 755 vento,
1538 725 1564 751 id
1576 729 1666 751 autem
1683 730 1726 752 est

944 769 1058 805 mystica
1080 769 1203 804 quaedam
1232 769 1320 796 sancti
1340 768 1466 803 baptismi
1478 767 1668 802 jadumbratio,
1683 767 1732 794 ba-

97 801 218 845 βεξιιιῢιτίν
241 811 318 837 καλεῖ
352 811 556 847 ἑστερεωμένην
582 812 634 838 ὑπὸ
657 812 704 839 τοῦ
729 813 807 846 ἁγίου

944 801 1073 849 ptismum
1089 801 1243 849 symbolice
1267 818 1346 841 vocat
1371 801 1474 840 tonitru
1494 813 1630 840 ﬁrmatum
1644 822 1658 840 a
1671 812 1733 848 Spi-

97 857 273 892 Πνεὺματος.
290 856 399 892 ’Δμέλει
411 858 425 884 ὁ
447 857 616 890 Ἀπόστολος,
632 858 669 890 ὡς
694 859 722 884 ὲν
739 859 799 889 ταῖς
817 858 892 894 Πρά-

98 903 177 935 ξεσιν
194 903 311 938 εἴρηται,
325 902 409 929 ἐλθὼν
426 903 472 929 καὶ
487 902 574 939 εὑρών
588 911 664 934 τινας
682 903 890 938 βαπτισθέντας,

97 949 248 984 ἠρώτησεν
267 949 365 981 αὐτοὺς
377 949 479 983 λέγων·
495 959 503 974 ι
519 949 550 975 Εἰ
564 948 675 984 Πνεῦμα
692 949 769 983 ἆγιον
782 949 892 976 ἐλάϐετε

98 995 318 1027 πιστεύσαντες;
336 1005 345 1020 ι
363 995 489 1021 Ἐκείνων
500 995 528 1021 δὲ
543 996 690 1030 εἰρηκότων
701 1015 708 1026 ,
724 1005 732 1020 ι
751 995 819 1021 Ἀλλ’
832 995 890 1022 οὐδὲ

98 1042 125 1068 εί
138 1040 255 1076 Πνεῦμα
275 1041 353 1076 ἆγιόν
372 1042 445 1067 ἐστιν
464 1040 630 1076 ἠκούσαμεν,
645 1051 653 1066 ι
670 1039 760 1068 εἶπεν·
782 1051 790 1067 ι
806 1042 852 1073 Εἰς
865 1041 891 1067 τί

98 1083 149 1114 οὖν
170 1085 370 1121 έϐαπτίσθητε;
387 1096 396 1112 ι
410 1086 447 1117 ὠς
469 1085 516 1112 τοῦ
537 1086 725 1122 στερεώματος
748 1087 798 1113 οὐκ
815 1087 890 1118 ὄντος

99 1132 131 1159 ἐν
155 1131 196 1167 τῷ
221 1132 405 1167 βαπτίσματι,
431 1132 468 1167 μὴ
494 1132 626 1167 παρόντος
650 1131 697 1158 τοῦ
721 1132 888 1167 Πνεῦματος.

100 1176 214 1213 Στερεοῖ
241 1176 286 1204 οὖν
304 1177 416 1213 βροντὴν
432 1177 461 1204 τὸ
485 1178 645 1213 βάπτισμα.
674 1179 721 1205 καὶ
749 1178 834 1211 κτίζει
859 1178 890 1205 τὸ

101 1223 224 1259 πνεῦμα,
244 1224 367 1250 τουτέστι
378 1224 427 1255 τὰς
450 1224 562 1258 καρδίας
577 1224 668 1259 ἡμῶν,
688 1224 753 1251 αὐτὸ
768 1224 799 1251 τὸ
813 1224 889 1259 ἆγιον

100 1269 216 1304 Πνεῦμα
228 1269 258 1295 τὸ
269 1269 346 1304 λέγον
360 1270 404 1296 διὰ
416 1269 463 1297 τοῦ
479 1271 617 1306 προφήτου
629 1279 635 1285 ·
650 1280 659 1296 ι
671 1270 830 1306 Ἐτοιμάζου
841 1271 888 1297 τοῦ

100 1315 291 1341 ἐπικαλεῖσθαι
313 1315 360 1342 τὸν
376 1316 440 1344 Θεόν
457 1324 514 1347 σου,
535 1316 658 1351 Ἰσραήλ·
679 1316 745 1342 διότι
762 1316 816 1342 ἰδοὺ
833 1316 888 1350 ἐγὼ

102 1361 221 1396 στερεῶν
237 1361 361 1397 βροντὴν,
377 1362 422 1388 καὶ
437 1361 537 1393 κτίζων
556 1361 676 1396 πνεῦμα,
693 1362 739 1388 καὶ
751 1362 888 1396 ἀπαγγέλ-

100 1406 155 1433 λων
169 1407 208 1438 είς
221 1406 379 1442 ἀνθρώπους
460 1408 506 1434 τὸν
518 1407 634 1443 Χριστὸν
648 1407 740 1435 αὑτοῦ.
757 1417 765 1433 ι
777 1408 885 1435 Μακεδ.

100 1452 157 1479 Καὶ
184 1452 214 1479 τὸ
240 1452 303 1487 ἑξῆς
328 1454 515 1488 ὲρμήνευσον,
532 1454 579 1480 καὶ
605 1453 692 1484 οὓτως
717 1453 885 1489 ὲξομάλισον.

943 860 995 887 ritu
1011 863 1117 886 sancto.
1135 858 1278 893 Siquidem
1294 858 1443 892 Apostolus
1460 857 1502 892 (ut
1526 858 1554 884 in
1571 858 1647 885 Actis
1663 857 1732 884 dici-

941 905 998 939 tur)
1014 912 1075 932 cutn
1100 903 1211 931 veniens
1232 903 1383 930 invenisset
1405 903 1555 930 nonnullos
1578 903 1732 937 baptizatos

941 951 1119 985 interrogavit
1140 957 1187 977 cos
1209 949 1322 976 dicens:
1342 948 1404 975 «An
1424 949 1571 982 accepistis
1594 948 1731 983 Spiritum

940 1002 1064 1024 sanetum
1081 996 1262 1023 credentes?»
1281 995 1349 1022 Cum
1376 998 1467 1021 autem
1499 995 1537 1021 illi
1567 995 1729 1025 dixissent.

943 1052 952 1067 ι
963 1041 1027 1072 Sed.
1043 1049 1131 1076 neque
1155 1041 1178 1068 si
1209 1039 1330 1075 Spiritus
1353 1045 1465 1067 sanctus
1478 1045 1520 1067 est
1535 1040 1700 1070 audivimus.
1718 1050 1727 1066 ι

939 1088 977 1114 ait
992 1094 998 1112 :
1013 1096 1022 1112 ι
1033 1086 1062 1113 ln
1075 1093 1129 1121 quo
1142 1093 1207 1120 ergo
1223 1086 1352 1120 baptizati
1365 1085 1482 1112 estis”?
1494 1095 1503 1111 ι
1514 1085 1597 1118 Quasi
1613 1085 1729 1112 absente

940 1132 1053 1167 Spiritu,
1072 1132 1147 1159 nulla
1163 1132 1199 1159 sit
1221 1131 1249 1158 in
1266 1131 1401 1166 baptismo
1421 1130 1544 1158 ﬁrmitas.
1558 1130 1661 1158 Firmat
1677 1131 1729 1166 igi-

940 1182 985 1205 tur
1003 1178 1117 1208 tonitru.
1135 1177 1161 1204 id
1188 1181 1231 1205 est
1255 1177 1432 1211 baptismum,
1446 1181 1473 1203 et
1488 1180 1562 1204 creat
1577 1176 1657 1212 457
1673 1177 1730 1212 spi-

941 1225 1035 1255 ritum,
1055 1224 1106 1251 hoc
1125 1226 1167 1251 est
1181 1223 1264 1250 corda
1281 1227 1385 1254 nostra,
1402 1222 1460 1257 ipse
1478 1222 1596 1258 Spiritus
1614 1227 1728 1250 sanctus

939 1270 985 1305 qui
1014 1270 1080 1297 dicit
1101 1277 1149 1304 per
1176 1269 1334 1304 prophetam
1352 1276 1358 1293 :
1378 1277 1387 1293 ‹
1401 1267 1518 1296 Paratus
1545 1273 1615 1300 esto,
1633 1269 1727 1300 lsrael,

938 1317 971 1343 ad
997 1315 1179 1343 invocandum
1200 1315 1286 1342 Deum
1311 1320 1397 1341 tuum.
1417 1314 1488 1342 Ecce
1515 1314 1588 1342 enim
1613 1322 1664 1349 ego
1679 1315 1729 1349 qui

938 1362 1016 1389 lirmo
1033 1361 1150 1393 tonitru,
1167 1364 1194 1387 et
1216 1368 1280 1388 creo
1296 1360 1434 1395 spiritum,
1447 1364 1473 1387 et
1490 1360 1622 1387 annuntio
1638 1360 1727 1387 homi-

937 1409 1019 1436 nibus
1039 1407 1180 1435 Christum
1203 1407 1274 1441 ejus.
1289 1416 1298 1432 ι
1318 1406 1422 1437 Maced.
1447 1406 1628 1441 Interpretare
1644 1407 1726 1434 ctiam

937 1454 1010 1490 quod
1027 1453 1215 1488 consequitur,
1230 1456 1256 1479 et
1281 1453 1333 1479 ista
1359 1453 1430 1480 inter
1446 1461 1475 1480 se
1491 1456 1520 1478 ut
1545 1452 1726 1486 congruentia

108 1498 185 1531 Ὀρο.
201 1507 209 1523 ι
219 1498 308 1524 Ποιῶν
321 1498 418 1534 ὄρθρον
432 1499 479 1525 καὶ
493 1499 619 1534 ὀμίχλην,
634 1499 781 1526 ἐπιϐαίνων
796 1500 844 1526 ἐπὶ
854 1499 883 1526 τὸ

939 1503 1082 1526 connecte.
1100 1498 1176 1526 Orth.
1187 1507 1195 1523 ι
1211 1498 1262 1531 Qui
1279 1498 1367 1525 ellicio
1377 1498 1527 1525 diluculum
1543 1502 1569 1524 ct
1584 1497 1724 1528 nebulam.

101 1543 191 1578 ὑψηλὰ
207 1544 258 1578 τῆς
273 1544 335 1579 γῆς.
349 1554 359 1570 ›
375 1544 486 1571 Μακεδ.
500 1545 532 1570 Τί
547 1542 593 1571 οὖν
607 1545 694 1579 λέγεις
713 1545 758 1571 τὺν
777 1545 886 1581 ἤρθρον,

102 1588 150 1616 καὶ
163 1589 212 1625 τὴν
224 1589 351 1625 ὀμίχλην,
368 1590 414 1616 καὶ⁴
425 1589 458 1616 τὰ
470 1589 560 1625 ὑψηλὰ
574 1589 622 1624 τῆς
633 1589 701 1624 γῆςς
721 1591 798 1623 Ὀρθ.
809 1590 887 1616 Κατὰ

103 1635 222 1662 διάνοιαν
239 1635 286 1671 spe
292 1644 336 1670 ρον
353 1636 427 1670 λέγω
440 1636 489 1671 τὴν
503 1635 661 1662 ἀνάστασιν.
677 1636 730 1662 Τοῦ
743 1635 797 1671 γὰρ
809 1636 884 1671 ἡλίου

101 1681 150 1716 τῆς
160 1681 331 1717 δικαιοσύνης
349 1681 474 1716 ἀνατολὴ,
489 1684 588 1708 νοεῖται
603 1683 620 1718 ἡ
637 1682 792 1713 ἀνάστασις.
811 1682 886 1716 Ὁμί-

101 1727 151 1762 χλη
166 1727 194 1754 δὲ
206 1729 222 1763 ἡ
241 1727 277 1763 μὴ
289 1727 467 1763 συγχωροῦσα
478 1729 544 1754 πᾶσι
559 1727 702 1763 τηλαυγῶς
713 1727 793 1754 αὑτὸν
808 1728 882 1762 ὁρᾷν.

101 1772 205 1809 Ηύρέοη
223 1773 277 1808 γὰρ
300 1774 328 1800 ἐν
341 1774 439 1809 γαστρὶ
455 1773 553 1809 ἔχουσα
568 1774 599 1799 ὲκ
615 1773 771 1808 Πνεύματος
794 1773 881 1807 ἁγίου.

101 1819 140 1846 Τὰ
154 1819 181 1845 δὲ
198 1819 288 1854 ὑψηλὰ
303 1820 351 1855 τῆς
365 1820 417 1855 γῆς
434 1821 458 1846 οἱ
472 1820 517 1846 ὲπὶ
530 1820 580 1855 γῆς
597 1819 821 1856 περιπατοῦντες,
836 1819 883 1845 καὶ

101 1865 129 1890 ὲν
141 1865 262 1900 οὐρανοῖς
278 1865 308 1891 τὸ
321 1865 469 1901 πολίτευμα
484 1865 600 1901 ἔχοντες.
620 1866 681 1892 Ἐπὶ
697 1865 751 1901 γὰρ
771 1864 882 1897 τούτους

101 1910 230 1937 ἐπιϐαίνει
244 1911 263 1946 ἡ
274 1910 321 1937 τοῦ
336 1911 493 1947 Πνεύματος
508 1911 597 1947 χάρις.

133 2039 175 2068 28.
192 2041 303 2068 Μακεδ.
326 2041 362 2068 To
378 2041 491 2077 Πνεῦμα
511 2039 557 2069 οὖν
575 2041 606 2068 τὸ
619 2041 696 2077 ἅγιον
711 2042 821 2078 ἤγειρεν
835 2042 880 2070 τὸν

101 2086 229 2122 Χριστόν;
251 2087 328 2121 Ὀρθ.
345 2088 437 2115 Ταῦτα
450 2087 539 2122 λέγειν
550 2088 611 2123 ἐμοὶ
627 2088 675 2123 μὲν
686 2088 735 2114 οὐκ
754 2088 877 2124 ὀκνηρὸν,

101 2132 160 2167 ὑμῖν
171 2133 198 2159 δὲ
217 2134 347 2168 ἀσφαλές.
362 2134 466 2170 Ὥσπερ
481 2134 536 2170 γὰρ
552 2134 582 2160 τὸ
602 2134 683 2169 σῶμα
699 2134 728 2160 τὸ
739 2134 877 2169 Κυριακδν

938 1549 965 1572 et
992 1544 1088 1571 incedo
1116 1552 1198 1578 super
1229 1544 1337 1571 execlsa
1367 1547 1445 1570 terrm
1456 1544 1510 1571 “.I
1526 1543 1630 1570 Maced.
1652 1542 1724 1575 Quid

937 1590 1020 1625 igitur
1035 1597 1117 1616 vocas
1141 1589 1304 1620 diluculum.
1319 1592 1345 1615 et
1361 1589 1487 1615 nebulam
1506 1593 1531 1615 et
1545 1588 1654 1615 excelsa
1666 1593 1723 1614 ter-

934 1635 988 1662 ra)?
1004 1634 1080 1662 Orth.
1103 1633 1141 1660 Ex
1170 1633 1395 1668 interpretatione
1413 1636 1440 1659 et
1467 1631 1601 1659 sententia
1632 1630 1719 1666 ipsius

933 1681 1010 1713 dicti,
1025 1680 1174 1707 diluculum
1196 1679 1257 1706 dico
1288 1679 1527 1706 resurrectionem.
1561 1677 1628 1704 Nam
1656 1677 1722 1705 solis

931 1727 1045 1762 justitiae
1069 1729 1145 1753 ortus
1167 1725 1332 1760 intelligitur
1350 1732 1412 1752 esse
1427 1724 1603 1752 resurrectio.
1617 1722 1721 1750 Nebula

933 1776 1023 1799 autem
1037 1779 1067 1799 ea
1086 1771 1146 1802 fuit.
1167 1779 1228 1806 quae
1252 1778 1306 1798 non
1323 1771 1386 1798 sivit
1412 1775 1441 1798 ut
1456 1777 1550 1798 omnes
1567 1777 1629 1797 eum
1647 1777 1714 1804 per-

932 1819 1026 1853 spicue
1038 1821 1191 1845 cernerent.
1209 1817 1319 1845 Inventa
1335 1821 1377 1845 est
1389 1817 1463 1844 enim
1481 1817 1508 1843 in
1522 1821 1599 1843 utero
1613 1815 1719 1842 habens

932 1863 966 1891 de
992 1863 1095 1899 Spiritu
1126 1867 1231 1891 sancto.
1261 1862 1376 1890 Excelsa
1402 1867 1479 1890 terra;
1506 1869 1571 1889 vero
1589 1861 1716 1896 suntqui

932 1910 1073 1938 ambulant
1089 1910 1199 1945 quidem
1219 1910 1248 1936 in
1261 1910 1355 1942 terris,
1372 1908 1607 1937 conversationem
1627 1911 1717 1935 autem

931 1957 1033 1984 habent
1051 1957 1079 1983 in
1094 1956 1345 1984 ccelis.lstiusmodi
1357 1956 1430 1984 enim
1443 1955 1567 1983 homines
1582 1954 1720 1982 inscendit

931 2001 1050 2038 Spiritus
1065 2002 1163 2038 gratia.

964 2047 1008 2075 28.
1024 2046 1128 2074 Maced.
1145 2046 1214 2074 Num
1230 2046 1312 2080 igitur
1328 2044 1445 2080 Spiritus
1460 2049 1572 2073 sanctus
1586 2045 1718 2073 excitavit

929 2093 1068 2121 Christum
1084 2100 1099 2119 a
1112 2092 1248 2120 mortuis?
1269 2090 1346 2119 Orth.
1361 2090 1417 2125 Ego
1433 2090 1542 2126 quidem
1561 2090 1613 2117 hoc
1625 2090 1718 2118 dicere

929 2146 983 2167 non
996 2138 1128 2170 dubitent,
1145 2145 1195 2165 vos
1212 2141 1302 2164 autem
1315 2141 1372 2164 tuto
1387 2136 1520 2164 dixeritis.
1537 2135 1718 2168 Quemadmo-

101 2178 202 2212 λέγεται
239 2180 418 2215 πεποιηκέναι
447 2181 461 2206 ὁ
489 2180 584 2216 Πατὴρ
609 2181 774 2216 (γέγραπται
803 2181 875 2217 γάρ·

936 2186 994 2213 1ιιηι
1004 2185 1076 2213 enim
1090 2184 1191 2212 dicitur
1205 2183 1284 2210 Pater
1298 2183 1394 2211 fecisse
1403 2190 1503 2217 corpus
1519 2180 1626 2209 Domini
1637 2181 1717 2217 (scri-

103 2235 111 2251 ι
127 2225 179 2260 Πρὸ
206 2225 252 2252 τοῦ
268 2235 301 2261 με
317 2226 417 2253 πλάσαι
437 2235 467 2252 σε
495 2228 524 2253 ὲν
555 2227 653 2263 κοιλίᾳ,
669 2227 818 2262 ἐπίσταμαί
830 2235 873 2254 σε’

99 2271 143 2299 καὶ
155 2270 204 2307 πρὸ
218 2271 264 2298 τοῦ
278 2280 307 2298 σε
319 2271 435 2305 ἐξελθεῖν
452 2273 484 2298 ὲκ
495 2272 609 2308 μήτρας,
622 2273 723 2307 ήγίακά
737 2281 766 2299 σε
776 2282 783 2288 ·
805 2283 813 2299 ι
829 2273 876 2300 καὶ

99 2315 169 2342 τοῦτο
194 2316 260 2342 αὐτὸ
280 2315 310 2342 τὺ
333 2315 412 2352 σῶμα
431 2317 445 2343 ὁ
459 2316 582 2352 Σολομὼν
605 2317 680 2351 λέγει
710 2318 756 2353 τὴν
778 2318 875 2353 σοφίαν

99 2360 306 2396 ᾡκοδομηκὲναι·
326 2372 334 2387 ι
346 2361 419 2396 λέγει
436 2362 490 2398 γάρ
501 2370 508 2377 ⁸
527 2372 536 2388 ι
557 2363 588 2389 Ἡ
604 2362 682 2397 σοφία
700 2363 874 2400 ᾠκοδόμησεν

99 2407 173 2442 ἑαυτῇ
191 2405 273 2439 οἷκον,
293 2408 339 2434 καὶ
353 2407 383 2434 τὸ
398 2408 562 2442 Εὑαγγέλιον
587 2408 660 2442 λέγει
672 2409 704 2435 ἐκ
717 2409 873 2444 Πνεύματος

99 2452 168 2486 ἁγίου
183 2453 247 2479 αὐτὸ
258 2451 336 2489 εἶναι)
347 2473 354 2484 ,
369 2454 442 2480 οὕτω
455 2454 503 2481 καὶ
510 2454 558 2490 τὴν
575 2454 719 2482 ἀνάστασιν
731 2455 812 2482 αὑτοῦ
825 2455 870 2482 τοῦ

99 2497 213 2533 σώματος
243 2498 292 2533 μὲν
309 2500 323 2525 ὁ
334 2499 396 2532 Υἱὸς
410 2499 499 2534 λέγει·
517 2509 526 2525 ι
549 2500 655 2527 Λύσατε
669 2500 714 2527 τὸν
728 2501 791 2528 ναὸν
810 2501 871 2528 τοῦ-

97 2551 151 2576 τον,
165 2544 209 2570 καὶ
237 2544 293 2578 ἐγὼ
320 2546 348 2571 ὲν
364 2546 452 2581 τρισὶν
471 2546 587 2581 ἡμέραις
608 2546 696 2582 ἐγερῶ
713 2547 809 2573 αὐτόν·
827 2557 836 2573 ι
855 2549 869 2574 ὁ

98 2588 122 2616 δὲ
152 2590 315 2621 Ἀπόστολος,
329 2591 369 2617 ὅτι
384 2600 394 2616 ι
419 2591 448 2617 '0
462 2591 527 2623 Θεὸς
548 2591 628 2618 αὑτὸν
651 2592 770 2628 ἤγειρεν,
787 2592 871 2624 λύσας

96 2633 140 2666 τὰς
146 2634 237 2666 ὠδῖνας
251 2635 297 2661 τοῦ
308 2635 421 2662 θανάτου
433 2645 441 2652 ο
456 2647 465 2663 ι
476 2636 592 2664 ἐνταῦθα
603 2636 642 2669 δὲ,
655 2637 736 2664 ὅτιτὸ
749 2637 868 2673 Πνεῦμα.

129 2712 149 2749 ff
165 2712 245 2749 Marc:
264 2722 288 2746 ι,
307 2714 332 2741 7.
370 2714 393 2729 "
412 2713 485 2742 Psal.
503 2723 537 2746 1,,
556 2716 598 2741 li.
636 2716 657 2732 "
679 2714 750 2743 Psal.
769 2723 867 2749 Lxxtx,
884 2715 912 2742 9.

928 2237 1004 2266 ptum
1021 2234 1063 2258 est
1081 2230 1173 2258 enim:
1191 2239 1200 2254 ι
1224 2232 1377 2263 Antequam
1391 2231 1417 2255 te
1429 2227 1573 2255 formarem
1586 2227 1614 2253 in
1638 2231 1716 2255 utero

927 2277 991 2305 novi
1004 2280 1089 2304 te:et
1105 2281 1249 2310 antequam
1268 2282 1302 2301 ex
1324 2277 1403 2301 utero
1415 2272 1594 2308 egredereris,
1613 2273 1715 2300 sancti-

928 2322 1007 2350 ﬁcavi
1023 2325 1049 2349 te
1061 2321 1084 2338 ”
1100 2329 1106 2346 :
1128 2331 1136 2347 ι
1156 2325 1183 2348 et
1198 2320 1249 2347 hoc
1266 2320 1354 2355 ipsum
1363 2327 1462 2354 corpus
1477 2318 1637 2353 sapientiam
1650 2317 1715 2347 azdiv

927 2367 1034 2399 ﬁcasse,
1057 2366 1093 2393 ait
1118 2365 1257 2396 Salomon,
1274 2372 1336 2391 nam
1356 2373 1362 2392 :
1390 2373 1399 2389 ι
1420 2363 1587 2395 Ᾰίᾱίίίςιινὶι,
1616 2363 1713 2398 inquit,

927 2413 1036 2440 domum
1065 2411 1118 2440 sibi
1145 2411 1279 2446 sapientia
1305 2411 1345 2444 ";
1364 2420 1374 2436 ι
1395 2414 1422 2438 et
1450 2409 1625 2444 Evangelium
1648 2409 1715 2435 dicit

926 2458 1015 2494 ipsum
1037 2465 1099 2484 esse
1111 2464 1126 2484 a
1142 2457 1243 2491 Spiritu
1259 2454 1376 2492 sancto);
1393 2455 1429 2482 ita
1450 2455 1529 2482 etiam
1542 2454 1575 2481 de
1590 2453 1714 2489 corporis

924 2503 1126 2531 resurrectione
1151 2502 1210 2537 ipse
1237 2501 1346 2537 quidem
1369 2500 1454 2528 Filius
1471 2500 1560 2527 dicit:
1580 2509 1588 2526 ι
1611 2498 1714 2526 Solvite

924 2549 1053 2584 templum
1067 2549 1129 2580 hoc,
1139 2553 1166 2576 et
1179 2556 1229 2583 ego
1239 2548 1326 2576 tribus
1340 2547 1436 2575 diebus
1443 2545 1568 2574 excitabo
1582 2544 1710 2572 illud":r

923 2594 1070 2629 Apostolus
1083 2601 1147 2622 vero
1162 2604 1169 2622 :
1193 2603 1202 2620 ι
1222 2593 1294 2621 Deus
1305 2593 1433 2621 excitavit
1450 2600 1524 2623 eum,
1540 2591 1640 2619 solutis
1662 2590 1709 2617 do-

923 2638 1028 2666 loribus
1052 2638 1148 2666 mortis
1173 2638 1196 2654 "
1215 2646 1222 2664 :
1243 2647 1252 2664 ι
1280 2637 1325 2665 hic
1354 2642 1445 2664 autem
1471 2637 1573 2664 dicitur
1593 2635 1711 2671 Spiritus

966 2715 988 2732 "
1012 2714 1074 2744 Act.
1092 2723 1156 2748 xu,
1173 2715 1209 2748 2,
1227 2715 1254 2743 5.
1291 2715 1316 2732 ⁸³
1334 2715 1417 2743 Amos
1433 2722 1470 2747 tv,
1486 2715 1531 2743 13.
1567 2713 1591 2731 ”
1609 2712 1708 2743 let-em.

97 2755 117 2782 1,
129 2747 151 2775 5.
189 2748 212 2764 "
230 2748 310 2776 Prov.
330 2756 376 2781 Ix,
392 2749 417 2776 l.
455 2750 478 2765 "
498 2749 575 2778 Joan.
593 2751 675 2782 n.19.
713 2751 735 2767 "
754 2751 815 2779 Act.
834 2747 872 2784 u',
887 2750 932 2777 24.

131 2828 177 2863 ‘52)
196 2828 272 2859 Mss.
287 2830 340 2856 ἀπὸ
353 2829 399 2856 τοῦ
414 2830 458 2864 ἀγ.
478 2829 536 2858 Mox
552 2831 590 2862 ὡς
602 2831 677 2860 abest
691 2820 710 2860 ah
723 2833 806 2860 Palat.

958 2833 1014 2869 (53)
1036 2832 1112 2866 Mss.,
1128 2831 1239 2867 Πνεῦμα
1258 2831 1429 2866 ἀπαγγέλλον
1444 2831 1484 2864 εἰς
1498 2829 1559 2860 ἀνθ.
