1926 3067
80 151 152 180 19Ᾰ9

557 151 600 178 DE
618 150 754 179 SANCTA
774 149 962 177 ΤιιιΝιΤΑτε
978 148 1152 177 DlALOGl‘S
1173 148 1216 176 iV.

1640 151 1709 178 195i)

81 223 90 238 ι
110 212 210 240 Λοιπὸν
227 213 370 239 ἀπόκειταί
389 221 433 248 μοι
445 214 460 239 ὁ
471 213 520 248 τῆς
536 213 707 248 δικαιοσύνης
720 213 865 247 στέφανος·

925 217 972 243 εει,
982 211 1109 238 omnibus
1124 215 1278 245 competere
1293 209 1510 237 dicimuseodem
1522 209 1624 245 Spiritu
1642 218 1710 245 pra:-

79 258 131 284 οὐκ
146 257 158 282 ὲ
163 258 207 290 μοὶ
219 256 247 283 δὲ
262 257 345 292 μόνῳ,
359 257 426 284 ἀλλὰ
442 257 488 283 καὶ
506 258 571 284 πᾶσι
583 258 640 287 τοῖς
654 257 809 291 ἠγαπηκόσι
820 257 869 291 τὴν

79 303 241 338 ἐπιφάνειαν
252 303 298 328 τοῦ
314 303 415 338 Κυρίου
429 303 506 337 ἡμῶν
521 302 606 337 Ἰησοῦ
621 303 750 338 Χριστοῦ.
765 312 774 328 ι
784 302 870 338 Πείθῃ

80 347 139 380 οὖν,
150 350 191 375 ὃτι
203 349 275 379 υἱοὺς
289 348 402 383 βροντῆς
414 349 526 375 ἐκάλεσε
540 350 602 381 τοὺς
614 349 777 379 ἀποστόλους
789 356 796 381 ;
814 349 870 374 Καὶ

81 394 195 430 πότερον
230 394 327 430 βροντὴ
356 395 454 426 αὐτοὺς
490 395 642 429 ἐγέννησεν,
667 394 683 429 ἢ
714 394 868 430 ἄνθρωποι;

79 441 192 467 Μακεδ.
209 440 350 475 Πείοομαι.
371 441 445 471 υἱοὺς
461 440 573 475 βροντῆς
589 439 685 470 αὐτοὺς
698 437 773 465 εἶπεν
786 439 828 465 διὰ
841 439 871 465 τὸ

82 486 184 522 ὑψηλὸν
197 487 327 521 κήρυγμα
337 487 386 521 τῆς
398 486 525 517 πίστεως.
541 486 617 519 Ὀρθ.
626 485 658 511 Τί
669 485 695 511 δὲ
708 484 870 519 ὐῂλὸτερον

81 530 130 557 τοῦ
145 530 348 565 βαπτίσματοςς
365 530 504 565 Σκόπησον
517 530 548 565 δὴ
569 530 637 564 μετὰ
657 529 738 563 φόϐου
753 530 830 562 Θεοῦ,
847 531 871 556 εἰ

84 576 122 611 μὴ
138 576 276 611 πανταχοῦ
289 577 318 602 ἐν
329 577 362 611 τῇ
383 575 552 610 θεοπνεύστῳ
573 575 666 610 Γραφῇ
682 575 827 601 αἰνίττεται
841 575 871 601 τὸ

83 623 226 659 βάπτισμα
255 623 379 658 βροντήν.
398 623 452 649 Καὶ
472 622 527 658 γὰρ
548 623 629 648 Δαϐἱδ
654 623 728 657 λέγει
742 632 748 638 -
767 632 776 648 1
795 623 870 658 Φωνὴ

82 669 132 704 τῆς
150 669 262 704 βροντῆς
277 678 322 695 σου
337 671 365 695 ἐν
379 669 418 704 τῷ
430 668 519 705 τροχῷ
531 677 537 683 ⁵
551 669 652 703 ἕφαναν
662 669 716 703 (58)
728 670 756 695 ai
768 670 871 704 ἀστρα-

83 715 132 742 παί
150 724 196 742 σου
210 717 242 750 τῇ
273 715 429 752 οἰκουμένῃ.
447 714 523 742 Εἷδεν
539 715 585 741 καὶ
605 715 735 750 ἐσαλεύθη
761 716 776 750 ἡ
793 716 840 750 γῆ.
860 725 869 741 ι

82 762 116 788 Τί
135 761 200 789 ἄλλο
213 762 230 798 ἢ
245 762 275 788 τὸ
293 762 432 797 βάπτισμα
443 762 516 796 λέγει
532 762 643 797 βροντήν
657 770 663 794 ;
679 762 724 788 τὸν
734 761 762 788 δὲ
776 762 872 796 τροχὸν

82 808 128 834 τὸν
143 808 240 834 κύκλον
264 807 309 834 τοῦ
330 807 387 842 βίου
398 807 510 840 τούτου;
527 809 574 834 καὶ
590 808 638 839 ’τὰς
652 807 794 843 ἀστραπὰς
809 809 872 839 τοὺς

83 854 177 888 ἁγίους
192 854 367 886 ἀποστόλους,
379 855 441 886 τοὺς
458 855 505 881 καὶ
525 855 659 889 φάναντας
672 855 704 889 τῇ
725 854 871 891 οἰκουμένῃ

83 900 114 926 τὸ
129 900 185 934 φῶς
203 900 252 936 τῆς
267 900 381 936 βροντῆς
392 909 398 932 ;
411 901 492 927 Αὐτοὶ
505 901 558 936 γάρ
571 902 639 927 εἰσιν
653 902 676 926 οἱ
690 900 854 932 ἀκούσαντες
866 909 872 916 ·

87 946 210 981 ([Υμεῖς
228 947 287 972 ἐστε
302 945 333 971 τὸ
346 946 402 979 φῶς
415 945 460 972 τοῦ
476 946 587 980 κόσμου.
606 956 614 971 ι
634 946 665 972 Ἥ
675 946 704 972 δὲ
716 946 874 972 σαλευθεῖσα

84 992 121 1027 γῆ
135 993 175 1024 είς
191 991 327 1027 γεωργίαν
335 993 366 1018 ὲκ
373 992 423 1026 τῆς
436 992 549 1027 βροντῆς
559 1012 566 1024 ,
583 992 630 1018 καὶ
640 993 670 1018 ἐκ
688 992 737 1027 τῆς
748 992 872 1027 φαύσεως

85 1037 139 1063 τῶν
149 1037 255 1072 ἄστρων
277 1036 311 1063 τὰ
335 1036 399 1071 ἔθνη
413 1036 466 1063 ἀπὸ
478 1037 528 1072 τῆς
544 1037 681 1071 ἀγνωσίας
699 1039 738 1068 si;
751 1038 800 1072 τὴν
814 1037 873 1064 ὲπί-

85 1091 195 1117 γνωσιν.
222 1082 332 1108 Μακεδ.
368 1079 469 1115 Εἶπον,
501 1082 541 1108 ὅτι
573 1081 794 1117 ξενοφωνοῠμαι,
825 1083 872 1108 καὶ

86 1128 191 1163 ἀνάγκη
214 1137 247 1163 με
264 1127 471 1162 ἐπισκέψασθαι.
494 1128 687 1163 Ὀρθ.“Επειδὴ
707 1128 873 1163 πανταχόθεν

88 1183 118 1201 σε
137 1174 206 1200 θέλω
231 1174 384 1208 πεισθῆναι,
407 1173 486 1210 μάθε,
502 1174 543 1201 ὅτι
567 1174 613 1200 καὶ
629 1175 658 1201 ὲν
672 1175 758 1210 ἑτέρῳ
773 1174 873 1210 ψαλμῴ

87 1222 102 1248 ό
114 1221 193 1248 Δαεὶδ
213 1221 243 1247 τὸ
269 1220 408 1256 βάπτισμα
424 1220 536 1256 βροντὴν
545 1221 631 1252 καλεῖ,
649 1221 735 1255 λέγων
745 1230 751 1237 ·
771 1230 780 1246 ι
796 1221 873 1256 Φωνὴ

88 1267 190 1302 Κυρίου
204 1267 250 1293 ἐπὶ
271 1266 325 1293 τῶν
341 1267 454 1293 ὑδάτων.
474 1277 483 1293 ι
500 1267 555 1294 Καὶ
578 1266 611 1294 τὰ
635 1267 713 1302 ἑξῆς·
728 1276 737 1293 ι
762 1267 790 1294 '0
809 1267 875 1299 Θεὸς

88 1314 136 1348 τῆς
153 1313 232 1348 δόξης
260 1313 416 1348 ἐϐρόντησε,
432 1312 533 1348 Κύριος
547 1314 592 1339 ἐπὶ
607 1313 710 1339 ὑδάτων
723 1313 837 1339 πολλῶν.
860 1322 869 1339 ι

89 1359 309 1394 Μιικεδ.’¹Εγνων
323 1359 425 1392 λοιπὸν,
434 1359 459 1386 τί
474 1360 546 1385 ἐστιν
556 1359 569 1386 ὃ
577 1359 663 1391 Θέλεις
672 1360 873 1386 κατασκευάσαι

90 1405 136 1432 καὶ
149 1406 320 1439 συναγαγεῖν.
342 1405 402 1432 ’Λλλ
418 1402 504 1437 εἶπον,
521 1405 575 1439 ἐγὼ
594 1405 682 1439 ὀλίγος
709 1405 767 1440 εξμί
777 1414 784 1421 ·
801 1405 875 1437 ἔνδος

93 1459 136 1486 μοι
162 1450 371 1484 ἐπισκέψασθαι.
396 1451 471 1484 Ὀρθ.
489 1450 549 1486 Δῴη
565 1459 606 1477 σοι
631 1451 644 1477 ό
666 1450 732 1482 Θεὸς
756 1449 873 1483 σύνεσιν,

91 1498 134 1524 ἴνα
151 1497 269 1532 ἐπιγνῷς
284 1498 347 1533 περὶ
360 1495 396 1525 ὧν
412 1497 568 1533 κατηχήθης
584 1497 680 1531 λόγων,

921 257 996 285 ditis.
1023 257 1095 283 Dixit
1120 257 1192 284 enim
1218 260 1331 283 sanctus
1358 255 1461 284 Paulus
1483 266 1489 283 :
1521 267 1530 282 ι
1549 256 1577 283 In
1604 257 1710 291 reliquo

921 303 1039 337 reposita
1052 307 1092 330 cst
1104 303 1169 329 mihi
1182 309 1283 329 corona
1298 302 1422 336 justitire,
1442 310 1495 329 non
1515 303 1604 330 solum
1620 303 1710 330 autem

921 349 998 380 mihi,
1019 349 1066 376 sed
1096 349 1178 375 etiam
1206 349 1333 376 omnibus
1356 349 1403 385 qui
1419 349 1536 384 diligunt
1562 349 1710 377 adventum

923 395 1029 422 Domini
1047 395 1134 422 nostri
1145 395 1209 422 Jesu
1222 395 1324 422 Christi
1341 396 1374 422 ".
1397 405 1406 421 ι
1422 395 1463 422 An
1485 395 1569 430 igitur
1586 396 1632 422 libi
1651 403 1712 430 pcr-

922 448 1033 467 snasum
1049 446 1090 468 est
1105 440 1243 468 Christum
1260 449 1375 468 vocasse
1398 444 1536 476 apostolos
1553 441 1622 468 lilios
1640 441 1712 468 toni-

921 488 983 514 tru?
994 495 1059 514 num
1078 494 1143 514 vero
1159 488 1263 514 tonitru
1277 487 1352 522 ipsos
1376 488 1480 523 genuit,
1494 495 1529 514 an
1552 488 1645 523 potius
1662 488 1712 515 ho-

922 533 1028 560 mines?
1039 532 1144 559 Mared.
1156 533 1244 567 Ipsos,
1257 533 1349 566 credo,
1374 534 1479 560 vocavit
1501 533 1571 561 ﬁlios
1586 533 1712 567 tonitrui,

922 579 958 607 ob
971 580 1115 608 sublimem
1137 580 1210 606 illam
1227 579 1287 607 ﬁdei
1312 580 1542 614 przedicationem.
1562 579 1637 607 Orth.
1663 580 1713 608 Ec-

922 626 988 660 quid
1001 630 1090 653 autem
1106 626 1242 660 baptismo
1254 626 1417 653 sublimius?
1435 625 1573 660 Perpendo
1589 634 1651 653 cum
1664 625 1712 653 Dei

923 673 1030 704 timore,
1047 679 1137 699 annon
1153 671 1253 706 ubique
1264 671 1291 697 in
1314 670 1455 706 Scriptura
1480 671 1612 698 divinitus
1629 671 1714 705 inspi-

924 722 982 743 rata
998 717 1102 743 tonitru
1118 717 1284 750 baptismum
1303 715 1419 742 innuat?
1435 715 1503 741 Dicit
1514 715 1586 741 enim
1602 715 1687 741 David
1705 723 1712 740 :

925 771 934 787 ι
950 761 1008 788 Vox
1024 761 1136 788 tonitrui
1152 762 1190 787 tui
1202 762 1227 787 in
1243 765 1302 788 rota
1322 770 1328 786 :
1348 759 1714 787 illuxeruntcoruscationes

924 814 976 835 tum
1000 808 1060 835 orbi
1076 812 1163 834 terrm.
1194 807 1267 834 Vidit
1290 811 1316 833 et
1333 811 1468 833 commota
1495 811 1536 833 est
1553 810 1624 832 terra
1650 805 1682 831 ⁸³.
1702 815 1712 831 ι

924 854 994 887 Quid
1007 853 1081 880 aliud
1098 857 1176 880 vocat
1192 854 1294 880 tonitru
1310 860 1391 887 quam
1404 852 1591 887 baptismum?
1611 855 1713 884 rotam,

891 905 910 931 Β
927 901 1008 935 hujus
1027 900 1088 927 vita:
1107 899 1264 926 circulum?
1291 898 1399 934 fulgura
1418 906 1492 929 vero,
1511 902 1620 926 sanctos
1649 905 1716 932 apo-

926 949 1022 974 stolos.
1039 947 1086 982 qui
1101 947 1188 973 lucem
1205 945 1319 973 touitrui
1333 945 1393 972 orbi
1418 949 1553 971 terrarum
1579 944 1714 979 patefece-

926 992 1005 1019 runt?
1019 991 1052 1018 Hi
1069 995 1133 1020 sunt
1146 992 1218 1018 enim
1235 992 1281 1026 qui
1297 991 1461 1017 audierunt:
1480 999 1489 1015 ‹
1511 989 1565 1017 Vos
1584 990 1650 1017 estis
1668 990 1714 1016 lux

925 1038 1018 1065 mundi
1036 1037 1068 1064 “.
1088 1048 1097 1063 ι
1119 1037 1262 1064 Commota
1290 1041 1331 1064 cst
1358 1040 1448 1063 autem
1477 1035 1511 1062 ab
1531 1036 1582 1063 hoc
1610 1035 1714 1062 tonitru

924 1089 996 1112 terra
1008 1084 1041 1111 ad
1058 1085 1203 1114 culturam,
1220 1087 1246 1110 et
1261 1087 1354 1119 gentes
1369 1082 1574 1110 collustratione
1590 1081 1712 1109 siderum

924 1131 958 1158 ab
971 1130 1121 1165 ignorantia
1139 1130 1171 1156 ad
1190 1128 1236 1157 Dei
1257 1129 1437 1164 cognitionem
1455 1128 1595 1155 traducta.
1609 1127 1713 1154 Maccd-

925 1176 984 1203 Dixi
997 1184 1065 1203 nova
1081 1176 1138 1202 hzee
1153 1180 1180 1203 et
1195 1175 1338 1210 peregrina
1355 1175 1420 1202 mihi
1434 1174 1564 1201 incidere.
1576 1174 1715 1209 Ampliore

924 1222 1142 1250 consideratione
1167 1222 1232 1249 mihi
1258 1230 1327 1257 opus
1351 1225 1403 1248 est.
1427 1221 1503 1248 Orth.
1519 1220 1653 1253 Quoniam
1687 1223 1716 1247 te

925 1268 1007 1303 cupio
1020 1268 1108 1296 modis
1117 1268 1245 1295 omnibus
1259 1268 1292 1294 ad
1308 1268 1360 1295 hoc
1374 1266 1538 1294 credendum
1555 1266 1714 1301 perducere.

926 1315 1002 1342 disce
1016 1315 1042 1341 in
1058 1314 1111 1341 alio
1121 1314 1202 1342 etiam
1220 1314 1325 1349 psalmo
1343 1313 1508 1348 baptismum
1523 1320 1538 1338 a
1551 1311 1653 1339 Davide
1667 1319 1717 1338 νο·

926 1361 984 1388 cari
1008 1361 1122 1394 tonitru,
1149 1367 1211 1388 cum
1235 1360 1324 1395 inquit
1354 1368 1360 1385 :
1386 1368 1396 1385 ι
1414 1358 1472 1386 Vox
1503 1358 1609 1385 Domini
1635 1365 1718 1392 super

927 1415 1023 1442 aquas.
1041 1417 1050 1433 ι
1066 1407 1099 1434 Et
1112 1415 1194 1434 mox:
1216 1416 1226 1433 ι
1243 1406 1316 1434 Deus
1341 1406 1492 1441 maiestatis
1509 1404 1607 1436 tonuit,
1626 1403 1716 1430 Domi-

928 1461 980 1481 nus
992 1461 1075 1488 super
1084 1461 1169 1488 aquas
1181 1453 1281 1481 multas
1297 1453 1330 1480 “.
1344 1462 1353 1478 ι
1366 1451 1470 1479 Maced.
1483 1451 1551 1478 Novi
1560 1449 1624 1485 quid
1639 1449 1716 1477 dein-

890 1497 911 1525 C
930 1507 995 1534 ceps
1005 1499 1111 1527 etlicere
1124 1503 1151 1526 et
1162 1498 1290 1534 colligere
1302 1498 1466 1526 institueris.
1479 1496 1536 1524 Sed
1549 1496 1621 1532 quod
1637 1500 1715 1522 antea

91 1543 158 1577 dixi,
174 1544 272 1579 exiguo
288 1552 347 1571 sum
363 1544 490 1579 ingenio,
520 1543 639 1571 concede
657 1547 686 1570 ut
703 1542 736 1570 de
753 1542 812 1570 istis
828 1544 945 1579 amplius
960 1545 1112 1581 dispiciam.
1129 1545 1205 1573 Orlh.
1219 1545 1328 1573 Utinam
1344 1545 1390 1572 det
1407 1544 1457 1571 tibi
1472 1543 1603 1570 Dominus
1617 1540 1717 1568 intelli-

92 1590 220 1625 gentiam,
241 1594 271 1618 ut
286 1598 346 1626 quae
360 1591 489 1618 audivisti
503 1598 648 1626 agnoscas.

635 1734 704 1761 ΤΟΥ
722 1734 767 1760 ΕΝ
785 1734 896 1762 ΑΓΙΟῙΣ
915 1734 1050 1761 ΠΑΤΡΟΣ
1063 1734 1167 1770 ξΗΜΩΝ

750 1795 1066 1840 ΑΘΑΝΑΣΙΟΥ

163 1869 231 1904 Περὶ
246 1868 300 1902 τῆς
316 1869 405 1903 ἁγίαςι
419 1868 539 1902 Τριάὸος
552 1867 693 1902 Διάλογος
710 1869 746 1901 A',
763 1868 797 1895 ὲν
812 1867 835 1901 ᾧ
850 1867 1027 1903 ὀρθοδόξου
1044 1867 1119 1902 πρὸς
1134 1864 1421 1901 Ἀπολλιναριαστὴν
1431 1864 1563 1898 διάλεξις
1577 1864 1644 1900 (59).

600 1994 646 2038 S.
686 1995 737 2037 P.
779 1993 838 2037 N.
875 1990 1201 2036 ATHANASII

217 2069 254 2096 De
280 2073 374 2096 sancta
400 2068 528 2096 Trinitale
554 2069 682 2104 Dialogus
701 2077 738 2101 ιν,
758 2069 786 2095 in
804 2076 854 2103 quo
877 2065 1025 2095 Orthodozi
1053 2073 1113 2093 cum
1131 2065 1293 2101 Apollinaril
1312 2067 1440 2090 sectatore
1457 2062 1589 2096 dialogus.

376 2181 583 2215 ῖοΡΘοΔοΞοΣ.

1206 2174 1451 2206 ORTHODOXUS.

129 2239 154 2266 1.
182 2238 266 2273 Σῶμα
291 2236 459 2272 ἀνθρώπινον
490 2237 566 2272 ἔσχεν
595 2239 609 2264 ὁ
638 2238 763 2273 Χριστὶς,
788 2239 804 2274 ἢ
829 2238 872 2271 οὓς

966 2237 992 2264 Ι.
1019 2235 1118 2262 llabuit
1144 2234 1292 2261 humanum
1324 2239 1425 2266 corpus
1453 2230 1590 2261 Christus,
1606 2231 1716 2256 annon?

99 2283 440 2312 'AIIOAAINAPIAETHE.
481 2282 529 2309 Οὓ-
567 2283 643 2316 ’ορθ.
678 2283 746 2309 Ἀλλ’
771 2284 877 2316 ὀποῖον;

100 2331 222 2357 Ἀπολλ.
246 2329 351 2355 Θεῖκὸν.
372 2329 449 2361 Ὀρθ.
462 2327 500 2363 Τῇ
516 2328 605 2362 φύσει.
628 2328 644 2363 ἢ
667 2329 699 2363 τῇ
721 2328 815 2355 ἐνώσει
829 2329 878 2363 τῆς

92 2375 265 2411 οἰκονομίας
301 2376 422 2402 Ἀπονυ.
449 2374 488 2410 Τῇ
523 2373 617 2400 ἐνώσει
642 2375 690 2409 τῆς
713 2375 878 2410 οἰκονομίας.

99 2421 175 2455 Ὀρθ.
194 2421 297 2448 Οὐκοῦν
314 2423 346 2457 τῇ
362 2421 439 2455 φύσει
460 2420 637 2456 ἀνθρώπινον,
646 2421 678 2455 τῇ
693 2420 721 2446 δὲ
740 2420 879 2456 οἰκονομίᾳ.

93 2466 192 2493 θεῖκόν.
215 2466 336 2494 Ἀπολλ.
364 2466 425 2492 Ναί.
447 2466 523 2500 Ὀρθ.
549 2466 602 2492 Καὶ
627 2465 768 2500 ὁμοούσιον
795 2467 876 2500 ἡμῖν;

98 2513 222 2540 Ἀπολλ.
252 2513 288 2539 Τὸ
311 2514 343 2539 ὲκ
364 2512 472 2547 Μαρίας
493 2512 604 2546 σαρκίον
635 2512 776 2547 ὁμοούσιον
801 2513 876 2546 ἡμῖν.

99 2559 176 2593 Ὀρθ.
185 2558 330 2593 Σύμφωνοι
339 2556 384 2584 οὖν
393 2559 459 2592 ἡμῖν
474 2558 534 2584 ἐστε
552 2558 580 2583 ἐν
588 2557 691 2589 τούτοις
699 2565 706 2590 ;
715 2558 836 2584 Ἀπολλ.
848 2558 877 2583 Εἰ

93 2605 188 2636 οὕτως,
218 2605 272 2631 ναί.
302 2606 376 2638 Ὀρθ.
408 2604 520 2640 Ἰδωμεν
547 2602 593 2631 οὖν
620 2605 667 2630 καὶ
692 2604 756 2640 περὶ
778 2603 875 2639 ψυχῆς.

99 2651 216 2678 Ἄπολλ.
233 2651 355 2686 Ἴδωμεν,
389 2651 464 2684 Ὀρθ.
495 2651 635 2685 Ἕμψυχον
658 2648 692 2685 ἦν
705 2650 735 2676 τὸ
751 2649 840 2685 σῶμα,
858 2650 874 2686 ἢ

930 2279 1215 2310 APOLLINARISTA.
1242 2278 1300 2305 Non
1331 2277 1436 2305 habuit.
1455 2276 1532 2304 Ort/t.
1555 2275 1716 2310 Cujusmodi

930 2338 995 2365 ergo
1003 2328 1095 2356 aliud?
1109 2326 1195 2362 Apoll.
1215 2325 1352 2352 Divinum.
1372 2324 1448 2352 0rl/t.
1465 2323 1577 2353 Natura.
1592 2330 1625 2349 an
1642 2330 1716 2350 uaco-

932 2376 1031 2403 nomia:
1059 2373 1176 2401 unione?
1202 2372 1288 2406 Apoll.
1312 2370 1485 2399 ()Economiaa
1513 2370 1622 2397 unione.
1639 2369 1704 2397 Ortlt

932 2421 1002 2456 Ergo
1025 2424 1121 2447 natura
1149 2419 1310 2448 humanum.
1328 2417 1479 2445 (nconomia
1502 2424 1566 2443 vero
1582 2415 1703 2442 divinum

931 2466 1019 2501 Apoll.
1037 2466 1134 2492 Etiam.
1150 2464 1224 2492 ΟνιΙι.
1236 2464 1268 2490 Et
1282 2464 1360 2491 nobis
1377 2461 1618 2490 consubstantiale.
1628 2460 1715 2494 Apoll.

931 2512 1001 2539 Caro
1016 2519 1096 2546 quam
1115 2518 1147 2537 ex
1161 2509 1245 2537 Maria
1271 2509 1397 2544 sumpsit.
1414 2507 1658 2536 consubstantialis
1675 2511 1717 2534 est

932 2558 1021 2585 nobis.
1033 2557 1108 2585 Orlh.
1123 2557 1151 2583 ln
1170 2557 1230 2584 istis
1242 2556 1324 2592 igitur
1341 2555 1447 2582 sentitis
1461 2552 1715 2587 nobiScttm?.lpoll.

931 2603 1030 2635 Etiam,
1056 2603 1078 2630 si
1106 2603 1215 2638 quidem
1243 2603 1279 2629 ita
1295 2602 1410 2629 sentitis.
1430 2601 1504 2629 Orllt.
1535 2600 1716 2635 Dispiciamus

930 2650 1012 2686 igitur
1027 2650 1107 2677 etiam
1136 2650 1170 2677 de
1196 2650 1296 2677 anima.
1323 2649 1410 2684 Apoll.
1425 2649 1617 2685 Dispiciamus.
1638 2647 1716 2675 Orlh.

128 2729 151 2745 "
172 2727 193 2755 ll
208 2727 278 2756 Tim.
299 2735 335 2760 Iv,
355 2728 381 2755 8.
420 2728 442 2744 ⁸³
461 2727 532 2756 Psal.
549 2736 646 2759 Luvt,
667 2728 708 2755 19.
747 2729 769 2743 ⁸⁵
789 2727 872 2754 Matth

925 2750 926 2757 η
946 2728 989 2755 14.
1028 2728 1050 2744 ⁸⁵
1071 2727 1141 2755 Psal.
1161 2736 1264 2760 xxvm,
1282 2729 1308 2756 5.

129 2805 185 2841 (58)
206 2805 251 2833 Sic
266 2814 330 2833 mss.
346 2806 416 2833 Editi
431 2814 504 2837 vero,
520 2807 666 2842 ἐφάνησαν.

129 2851 185 2887 (59)
204 2851 270 2888 Reg.
294 2853 427 2886 et'Felc.,
452 2852 503 2878 Τοῦ
529 2853 605 2886 ἁγίου
633 2853 792 2881 Ἀθανασίου
810 2854 872 2890 πρὸς

925 2853 1106 2888 λπολλινάριον
1121 2852 1245 2886 διάλεξις.
