  <div class='ocr_page' id='page_1' title='image "/cluster/home/n/w/nwhite01/storage/ocr_20150623/28/njp.32101007506148/643.png"; bbox 0 0 1926 3067; ppageno 0'>
   <div class='ocr_carea' id='block_1_1' title="bbox 215 114 282 144">
    <p class='ocr_par' dir='ltr' id='par_1_1' title="bbox 215 114 282 144">
     <span class='ocr_line' id='line_1_1' title="bbox 215 114 282 144; baseline 0 -2"><span class='ocrx_word' id='word_1_1' title='bbox 215 114 282 144; x_wconf 65' lang='lat' dir='ltr'><strong>lilii</strong></span> 
     </span>
    </p>
   </div>
   <div class='ocr_carea' id='block_1_2' title="bbox 216 213 1001 252">
    <p class='ocr_par' dir='ltr' id='par_1_2' title="bbox 216 213 1001 252">
     <span class='ocr_line' id='line_1_2' title="bbox 216 213 1001 252; baseline -0.004 -6"><span class='ocrx_word' id='word_1_2' title='bbox 216 213 381 246; x_wconf 78' lang='lat' dir='ltr'><strong>Aniinatum.</strong></span> <span class='ocrx_word' id='word_1_3' title='bbox 395 217 471 245; x_wconf 81' lang='lat' dir='ltr'><strong>Orth.</strong></span> <span class='ocrx_word' id='word_1_4' title='bbox 491 216 594 252; x_wconf 86' lang='lat' dir='ltr'><strong>Nempe</strong></span> <span class='ocrx_word' id='word_1_5' title='bbox 607 216 692 252; x_wconf 61' lang='lat'><strong>5.59</strong></span> <span class='ocrx_word' id='word_1_6' title='bbox 704 217 777 251; x_wconf 88' lang='lat' dir='ltr'><strong>quod</strong></span> <span class='ocrx_word' id='word_1_7' title='bbox 798 216 887 243; x_wconf 88' lang='lat' dir='ltr'><strong>anima</strong></span> <span class='ocrx_word' id='word_1_8' title='bbox 903 217 1001 251; x_wconf 52' lang='lat' dir='ltr'><strong>pradi-</strong></span> 
     </span>
    </p>
   </div>
   <div class='ocr_carea' id='block_1_3' title="bbox 215 254 1002 298">
    <p class='ocr_par' dir='ltr' id='par_1_3' title="bbox 215 254 1002 298">
     <span class='ocr_line' id='line_1_3' title="bbox 215 254 1002 298; baseline -0.001 -7"><span class='ocrx_word' id='word_1_9' title='bbox 215 267 271 291; x_wconf 88' lang='lat' dir='ltr'><strong>tum</strong></span> <span class='ocrx_word' id='word_1_10' title='bbox 287 268 360 291; x_wconf 86' lang='lat' dir='ltr'><strong>esset</strong></span> <span class='ocrx_word' id='word_1_11' title='bbox 370 264 382 290; x_wconf 79' lang='lat' dir='ltr'><strong>‘l</strong></span> <span class='ocrx_word' id='word_1_12' title='bbox 392 263 480 298; x_wconf 84' lang='lat' dir='ltr'><strong><em>Apoll.</em></strong></span> <span class='ocrx_word' id='word_1_13' title='bbox 490 254 677 297; x_wconf 54' lang='lat' dir='ltr'><strong>Nequaquam.</strong></span> <span class='ocrx_word' id='word_1_14' title='bbox 689 262 766 290; x_wconf 82' lang='lat' dir='ltr'><strong>Orth.</strong></span> <span class='ocrx_word' id='word_1_15' title='bbox 779 262 921 295; x_wconf 86' lang='lat' dir='ltr'><strong>Quomodo</strong></span> <span class='ocrx_word' id='word_1_16' title='bbox 939 270 1002 290; x_wconf 87' lang='lat' dir='ltr'><strong>vero</strong></span> 
     </span>
    </p>
   </div>
   <div class='ocr_carea' id='block_1_4' title="bbox 215 307 1002 343">
    <p class='ocr_par' dir='ltr' id='par_1_4' title="bbox 215 307 1002 343">
     <span class='ocr_line' id='line_1_4' title="bbox 215 307 1002 343; baseline 0 -8"><span class='ocrx_word' id='word_1_17' title='bbox 215 308 296 336; x_wconf 78' lang='lat' dir='ltr'><strong>fuerit</strong></span> <span class='ocrx_word' id='word_1_18' title='bbox 310 308 470 340; x_wconf 86' lang='lat' dir='ltr'><strong>animatum,</strong></span> <span class='ocrx_word' id='word_1_19' title='bbox 487 307 559 342; x_wconf 90' lang='lat' dir='ltr'><strong>quod</strong></span> <span class='ocrx_word' id='word_1_20' title='bbox 579 315 633 334; x_wconf 92' lang='lat' dir='ltr'><strong>non</strong></span> <span class='ocrx_word' id='word_1_21' title='bbox 645 307 727 335; x_wconf 79' lang='lat' dir='ltr'><strong>fuerit</strong></span> <span class='ocrx_word' id='word_1_22' title='bbox 743 308 834 335; x_wconf 86' lang='lat' dir='ltr'><strong>anima</strong></span> <span class='ocrx_word' id='word_1_23' title='bbox 843 308 1002 343; x_wconf 69' lang='lat' dir='ltr'><strong>praeditum?</strong></span> 
     </span>
    </p>
   </div>
   <div class='ocr_carea' id='block_1_5' title="bbox 214 353 1000 389">
    <p class='ocr_par' dir='ltr' id='par_1_5' title="bbox 214 353 1000 389">
     <span class='ocr_line' id='line_1_5' title="bbox 214 353 1000 389; baseline 0.001 -9"><span class='ocrx_word' id='word_1_24' title='bbox 214 354 302 389; x_wconf 86' lang='lat' dir='ltr'><strong><em>Apoll.</em></strong></span> <span class='ocrx_word' id='word_1_25' title='bbox 335 353 430 380; x_wconf 81' lang='lat' dir='ltr'><strong>Divina</strong></span> <span class='ocrx_word' id='word_1_26' title='bbox 455 354 622 380; x_wconf 85' lang='lat' dir='ltr'><strong>animatione</strong></span> <span class='ocrx_word' id='word_1_27' title='bbox 654 353 705 380; x_wconf 82' lang='lat' dir='ltr'><strong>fuit</strong></span> <span class='ocrx_word' id='word_1_28' title='bbox 734 355 894 381; x_wconf 78' lang='lat' dir='ltr'><strong>animalum.</strong></span> <span class='ocrx_word' id='word_1_29' title='bbox 924 353 1000 382; x_wconf 80' lang='lat' dir='ltr'><strong>Orth.</strong></span> 
     </span>
    </p>
   </div>
   <div class='ocr_carea' id='block_1_6' title="bbox 215 399 1003 432">
    <p class='ocr_par' dir='ltr' id='par_1_6' title="bbox 215 399 1003 432">
     <span class='ocr_line' id='line_1_6' title="bbox 215 399 1003 432; baseline 0 -6"><span class='ocrx_word' id='word_1_30' title='bbox 215 400 359 426; x_wconf 83' lang='lat' dir='ltr'><strong>Enimvero</strong></span> <span class='ocrx_word' id='word_1_31' title='bbox 370 406 404 426; x_wconf 83' lang='lat' dir='ltr'><strong>an</strong></span> <span class='ocrx_word' id='word_1_32' title='bbox 422 404 450 426; x_wconf 91' lang='lat' dir='ltr'><strong>tu</strong></span> <span class='ocrx_word' id='word_1_33' title='bbox 467 407 507 430; x_wconf 86' lang='lat' dir='ltr'><strong>es,</strong></span> <span class='ocrx_word' id='word_1_34' title='bbox 532 399 587 426; x_wconf 88' lang='lat' dir='ltr'><strong>Deo</strong></span> <span class='ocrx_word' id='word_1_35' title='bbox 604 407 659 426; x_wconf 89' lang='lat' dir='ltr'><strong>non</strong></span> <span class='ocrx_word' id='word_1_36' title='bbox 676 400 884 432; x_wconf 72' lang='lat' dir='ltr'><strong>interveniente,</strong></span> <span class='ocrx_word' id='word_1_37' title='bbox 899 400 1003 427; x_wconf 86' lang='lat' dir='ltr'><strong>anima-</strong></span> 
     </span>
    </p>
   </div>
   <div class='ocr_carea' id='block_1_7' title="bbox 215 442 1002 477">
    <p class='ocr_par' dir='ltr' id='par_1_7' title="bbox 215 442 1002 477">
     <span class='ocr_line' id='line_1_7' title="bbox 215 442 1002 477; baseline 0 -6"><span class='ocrx_word' id='word_1_38' title='bbox 215 445 276 471; x_wconf 81' lang='lat' dir='ltr'><strong>tus‘!</strong></span> <span class='ocrx_word' id='word_1_39' title='bbox 297 443 383 477; x_wconf 91' lang='lat' dir='ltr'><strong><em>Apoll.</em></strong></span> <span class='ocrx_word' id='word_1_40' title='bbox 403 442 570 471; x_wconf 87' lang='lat' dir='ltr'><strong>Naturaliter</strong></span> <span class='ocrx_word' id='word_1_41' title='bbox 594 451 654 471; x_wconf 92' lang='lat' dir='ltr'><strong>sum</strong></span> <span class='ocrx_word' id='word_1_42' title='bbox 672 444 818 471; x_wconf 82' lang='lat' dir='ltr'><strong>animatus.</strong></span> <span class='ocrx_word' id='word_1_43' title='bbox 836 443 912 471; x_wconf 73' lang='lat' dir='ltr'><strong>Ortlt.</strong></span> <span class='ocrx_word' id='word_1_44' title='bbox 932 443 1002 471; x_wconf 84' lang='lat' dir='ltr'><strong>Num</strong></span> 
     </span>
    </p>
   </div>
   <div class='ocr_carea' id='block_1_8' title="bbox 216 489 1002 524">
    <p class='ocr_par' dir='ltr' id='par_1_8' title="bbox 216 489 1002 524">
     <span class='ocr_line' id='line_1_8' title="bbox 216 489 1002 524; baseline 0.001 -8"><span class='ocrx_word' id='word_1_45' title='bbox 216 490 318 524; x_wconf 83' lang='lat' dir='ltr'><strong>absque</strong></span> <span class='ocrx_word' id='word_1_46' title='bbox 331 490 376 517; x_wconf 87' lang='lat' dir='ltr'><strong>Dei</strong></span> <span class='ocrx_word' id='word_1_47' title='bbox 388 489 505 524; x_wconf 87' lang='lat' dir='ltr'><strong>potentia</strong></span> <span class='ocrx_word' id='word_1_48' title='bbox 514 489 526 516; x_wconf 79' lang='lat'><strong>?</strong></span> <span class='ocrx_word' id='word_1_49' title='bbox 535 489 623 524; x_wconf 78' lang='lat' dir='ltr'><strong><em>Apoll.</em></strong></span> <span class='ocrx_word' id='word_1_50' title='bbox 633 489 666 517; x_wconf 81' lang='lat' dir='ltr'><strong><em>At</em></strong></span> <span class='ocrx_word' id='word_1_51' title='bbox 679 497 733 517; x_wconf 91' lang='lat' dir='ltr'><strong>non</strong></span> <span class='ocrx_word' id='word_1_52' title='bbox 750 490 786 516; x_wconf 87' lang='lat' dir='ltr'><strong>ita</strong></span> <span class='ocrx_word' id='word_1_53' title='bbox 801 489 942 517; x_wconf 80' lang='lat' dir='ltr'><strong>Dominus.</strong></span> <span class='ocrx_word' id='word_1_54' title='bbox 951 489 1002 517; x_wconf 87' lang='lat' dir='ltr'><strong>Hic</strong></span> 
     </span>
    </p>
   </div>
   <div class='ocr_carea' id='block_1_9' title="bbox 215 535 1003 570">
    <p class='ocr_par' dir='ltr' id='par_1_9' title="bbox 215 535 1003 570">
     <span class='ocr_line' id='line_1_9' title="bbox 215 535 1003 570; baseline 0.001 -9"><span class='ocrx_word' id='word_1_55' title='bbox 215 535 288 562; x_wconf 91' lang='lat' dir='ltr'><strong>enim</strong></span> <span class='ocrx_word' id='word_1_56' title='bbox 302 535 392 562; x_wconf 88' lang='lat' dir='ltr'><strong>anima</strong></span> <span class='ocrx_word' id='word_1_57' title='bbox 406 535 519 562; x_wconf 74' lang='lat' dir='ltr'><strong>rationis</strong></span> <span class='ocrx_word' id='word_1_58' title='bbox 530 535 677 570; x_wconf 83' lang='lat' dir='ltr'><strong>particeps,</strong></span> <span class='ocrx_word' id='word_1_59' title='bbox 694 535 801 570; x_wconf 88' lang='lat' dir='ltr'><strong>corpori</strong></span> <span class='ocrx_word' id='word_1_60' title='bbox 816 543 848 562; x_wconf 79' lang='lat' dir='ltr'><strong>ex</strong></span> <span class='ocrx_word' id='word_1_61' title='bbox 865 535 911 562; x_wconf 87' lang='lat' dir='ltr'><strong>Dei</strong></span> <span class='ocrx_word' id='word_1_62' title='bbox 929 543 1003 562; x_wconf 90' lang='lat' dir='ltr'><strong>Inan-</strong></span> 
     </span>
    </p>
   </div>
   <div class='ocr_carea' id='block_1_10' title="bbox 216 579 1004 612">
    <p class='ocr_par' dir='ltr' id='par_1_10' title="bbox 216 579 1004 612">
     <span class='ocr_line' id='line_1_10' title="bbox 216 579 1004 612; baseline 0.001 -5"><span class='ocrx_word' id='word_1_63' title='bbox 216 580 280 608; x_wconf 89' lang='lat' dir='ltr'><strong>dato</strong></span> <span class='ocrx_word' id='word_1_64' title='bbox 298 581 385 612; x_wconf 86' lang='lat' dir='ltr'><strong>unita.</strong></span> <span class='ocrx_word' id='word_1_65' title='bbox 411 580 547 607; x_wconf 88' lang='lat' dir='ltr'><strong>hominem</strong></span> <span class='ocrx_word' id='word_1_66' title='bbox 575 581 731 607; x_wconf 85' lang='lat' dir='ltr'><strong>constituit.</strong></span> <span class='ocrx_word' id='word_1_67' title='bbox 747 580 776 607; x_wconf 86' lang='lat' dir='ltr'><strong>In</strong></span> <span class='ocrx_word' id='word_1_68' title='bbox 805 579 921 607; x_wconf 91' lang='lat' dir='ltr'><strong>Domino</strong></span> <span class='ocrx_word' id='word_1_69' title='bbox 938 588 1004 608; x_wconf 90' lang='lat' dir='ltr'><strong>vero</strong></span> 
     </span>
    </p>
   </div>
   <div class='ocr_carea' id='block_1_11' title="bbox 216 624 1004 657">
    <p class='ocr_par' dir='ltr' id='par_1_11' title="bbox 216 624 1004 657">
     <span class='ocr_line' id='line_1_11' title="bbox 216 624 1004 657; baseline -0.001 -4"><span class='ocrx_word' id='word_1_70' title='bbox 216 634 272 653; x_wconf 89' lang='lat' dir='ltr'><strong>non</strong></span> <span class='ocrx_word' id='word_1_71' title='bbox 292 626 328 652; x_wconf 89' lang='lat' dir='ltr'><strong>ita</strong></span> <span class='ocrx_word' id='word_1_72' title='bbox 342 629 394 657; x_wconf 87' lang='lat' dir='ltr'><strong>est,</strong></span> <span class='ocrx_word' id='word_1_73' title='bbox 415 626 462 652; x_wconf 86' lang='lat' dir='ltr'><strong>sed</strong></span> <span class='ocrx_word' id='word_1_74' title='bbox 479 625 550 652; x_wconf 85' lang='lat' dir='ltr'><strong>Deus</strong></span> <span class='ocrx_word' id='word_1_75' title='bbox 571 624 689 652; x_wconf 84' lang='lat' dir='ltr'><strong>Verbum</strong></span> <span class='ocrx_word' id='word_1_76' title='bbox 707 626 783 652; x_wconf 84' lang='lat' dir='ltr'><strong>carni</strong></span> <span class='ocrx_word' id='word_1_77' title='bbox 798 626 904 652; x_wconf 88' lang='lat' dir='ltr'><strong>unitum</strong></span> <span class='ocrx_word' id='word_1_78' title='bbox 916 626 1004 652; x_wconf 89' lang='lat' dir='ltr'><strong>homi-</strong></span> 
     </span>
    </p>
   </div>
   <div class='ocr_carea' id='block_1_12' title="bbox 216 670 1004 705">
    <p class='ocr_par' dir='ltr' id='par_1_12' title="bbox 216 670 1004 705">
     <span class='ocr_line' id='line_1_12' title="bbox 216 670 1004 705; baseline -0.001 -6"><span class='ocrx_word' id='word_1_79' title='bbox 216 679 278 699; x_wconf 85' lang='lat' dir='ltr'><strong>nem</strong></span> <span class='ocrx_word' id='word_1_80' title='bbox 290 671 432 698; x_wconf 86' lang='lat' dir='ltr'><strong>constituit</strong></span> <span class='ocrx_word' id='word_1_81' title='bbox 446 670 541 698; x_wconf 91' lang='lat' dir='ltr'><strong>Deum.</strong></span> <span class='ocrx_word' id='word_1_82' title='bbox 554 670 630 698; x_wconf 72' lang='lat' dir='ltr'><strong>Ort/i.</strong></span> <span class='ocrx_word' id='word_1_83' title='bbox 650 670 769 698; x_wconf 85' lang='lat' dir='ltr'><strong>Hoccine</strong></span> <span class='ocrx_word' id='word_1_84' title='bbox 784 675 826 699; x_wconf 88' lang='lat' dir='ltr'><strong>est</strong></span> <span class='ocrx_word' id='word_1_85' title='bbox 849 671 921 705; x_wconf 91' lang='lat' dir='ltr'><strong>quod</strong></span> <span class='ocrx_word' id='word_1_86' title='bbox 935 671 1004 698; x_wconf 88' lang='lat' dir='ltr'><strong>divi-</strong></span> 
     </span>
    </p>
   </div>
   <div class='ocr_carea' id='block_1_13' title="bbox 217 716 1002 752">
    <p class='ocr_par' dir='ltr' id='par_1_13' title="bbox 217 716 1002 752">
     <span class='ocr_line' id='line_1_13' title="bbox 217 716 1002 752; baseline -0.001 -8"><span class='ocrx_word' id='word_1_87' title='bbox 217 725 280 744; x_wconf 83' lang='lat' dir='ltr'><strong>nam</strong></span> <span class='ocrx_word' id='word_1_88' title='bbox 295 717 489 744; x_wconf 85' lang='lat' dir='ltr'><strong>auimalionem</strong></span> <span class='ocrx_word' id='word_1_89' title='bbox 503 717 603 744; x_wconf 86' lang='lat' dir='ltr'><strong>vocas?</strong></span> <span class='ocrx_word' id='word_1_90' title='bbox 615 717 700 751; x_wconf 82' lang='lat' dir='ltr'><strong><em>Apoll.</em></strong></span> <span class='ocrx_word' id='word_1_91' title='bbox 713 716 785 744; x_wconf 84' lang='lat' dir='ltr'><strong>Sane</strong></span> <span class='ocrx_word' id='word_1_92' title='bbox 793 717 912 752; x_wconf 80' lang='lat' dir='ltr'><strong>quidem.</strong></span> <span class='ocrx_word' id='word_1_93' title='bbox 923 717 1002 744; x_wconf 77' lang='lat' dir='ltr'><strong>Orlh.</strong></span> 
     </span>
    </p>
   </div>
   <div class='ocr_carea' id='block_1_14' title="bbox 217 761 1002 796">
    <p class='ocr_par' dir='ltr' id='par_1_14' title="bbox 217 761 1002 796">
     <span class='ocr_line' id='line_1_14' title="bbox 217 761 1002 796; baseline -0.001 -7"><span class='ocrx_word' id='word_1_94' title='bbox 217 762 337 790; x_wconf 87' lang='lat' dir='ltr'><strong>Verbum</strong></span> <span class='ocrx_word' id='word_1_95' title='bbox 348 762 429 796; x_wconf 75' lang='lat' dir='ltr'><strong>igitur</strong></span> <span class='ocrx_word' id='word_1_96' title='bbox 439 762 520 788; x_wconf 77' lang='lat' dir='ltr'><strong>fuerit</strong></span> <span class='ocrx_word' id='word_1_97' title='bbox 531 762 629 789; x_wconf 61' lang='lat' dir='ltr'><strong>anima!</strong></span> <span class='ocrx_word' id='word_1_98' title='bbox 640 763 707 789; x_wconf 90' lang='lat' dir='ltr'><strong>vice.</strong></span> <span class='ocrx_word' id='word_1_99' title='bbox 721 762 914 796; x_wconf 79' lang='lat' dir='ltr'><strong><em>Apoll.Etiam.</em></strong></span> <span class='ocrx_word' id='word_1_100' title='bbox 927 761 1002 789; x_wconf 81' lang='lat' dir='ltr'><strong>Orth.</strong></span> 
     </span>
    </p>
   </div>
   <div class='ocr_carea' id='block_1_15' title="bbox 222 801 1003 843">
    <p class='ocr_par' dir='ltr' id='par_1_15' title="bbox 222 801 1003 843">
     <span class='ocr_line' id='line_1_15' title="bbox 222 801 1003 843; baseline -0.004 -6"><span class='ocrx_word' id='word_1_101' title='bbox 222 809 355 842; x_wconf 85' lang='lat' dir='ltr'><strong>Quisnam</strong></span> <span class='ocrx_word' id='word_1_102' title='bbox 376 809 457 843; x_wconf 76' lang='lat' dir='ltr'><strong>igitur</strong></span> <span class='ocrx_word' id='word_1_103' title='bbox 472 808 557 834; x_wconf 74' lang='lat' dir='ltr'><strong>dixit:</strong></span> <span class='ocrx_word' id='word_1_104' title='bbox 571 817 579 832; x_wconf 88' lang='grc' dir='ltr'><strong>ι</strong></span> <span class='ocrx_word' id='word_1_105' title='bbox 599 807 683 835; x_wconf 84' lang='lat' dir='ltr'><strong>Nemo</strong></span> <span class='ocrx_word' id='word_1_106' title='bbox 693 808 762 834; x_wconf 90' lang='lat' dir='ltr'><strong>tollit</strong></span> <span class='ocrx_word' id='word_1_107' title='bbox 785 801 902 834; x_wconf 83' lang='lat' dir='ltr'><strong>animam</strong></span> <span class='ocrx_word' id='word_1_108' title='bbox 916 815 1003 834; x_wconf 86' lang='lat' dir='ltr'><strong>meam</strong></span> 
     </span>
    </p>
   </div>
   <div class='ocr_carea' id='block_1_16' title="bbox 795 113 1284 142">
    <p class='ocr_par' dir='ltr' id='par_1_16' title="bbox 795 113 1284 142">
     <span class='ocr_line' id='line_1_16' title="bbox 795 113 1284 142; baseline 0.002 -1"><span class='ocrx_word' id='word_1_109' title='bbox 795 114 825 142; x_wconf 74' lang='grc' dir='ltr'><strong>Ε,</strong></span> <span class='ocrx_word' id='word_1_110' title='bbox 845 113 1076 142; x_wconf 77' lang='lat' dir='ltr'><strong>ATHANASIUS.</strong></span> <span class='ocrx_word' id='word_1_111' title='bbox 1095 129 1128 134; x_wconf 97' lang='lat'><em>—</em></span> <span class='ocrx_word' id='word_1_112' title='bbox 1148 113 1284 142; x_wconf 74' lang='lat' dir='ltr'><strong>SPURIA.</strong></span> 
     </span>
    </p>
   </div>
   <div class='ocr_carea' id='block_1_17' title="bbox 214 171 1172 208">
    <p class='ocr_par' dir='ltr' id='par_1_17' title="bbox 214 171 1172 208">
     <span class='ocr_line' id='line_1_17' title="bbox 214 171 1172 208; baseline -0.003 -8"><span class='ocrx_word' id='word_1_113' title='bbox 214 173 319 208; x_wconf 84' lang='lat' dir='ltr'><strong>Corpus</strong></span> <span class='ocrx_word' id='word_1_114' title='bbox 337 171 403 199; x_wconf 88' lang='lat' dir='ltr'><strong>illud</strong></span> <span class='ocrx_word' id='word_1_115' title='bbox 420 175 514 199; x_wconf 85' lang='lat' dir='ltr'><strong>eratne</strong></span> <span class='ocrx_word' id='word_1_116' title='bbox 529 171 690 204; x_wconf 78' lang='lat' dir='ltr'><strong>animatum,</strong></span> <span class='ocrx_word' id='word_1_117' title='bbox 708 178 742 198; x_wconf 81' lang='lat' dir='ltr'><strong>an</strong></span> <span class='ocrx_word' id='word_1_118' title='bbox 753 171 898 198; x_wconf 73' lang='lat' dir='ltr'><strong>exanime?</strong></span> <span class='ocrx_word' id='word_1_119' title='bbox 913 171 1000 205; x_wconf 86' lang='lat' dir='ltr'><strong><em>Apoll.</em></strong></span> <span class='ocrx_word' id='word_1_120' title='bbox 1016 177 1038 203; x_wconf 78' lang='grc' dir='ltr'><strong>Α</strong></span> <span class='ocrx_word' id='word_1_121' title='bbox 1052 171 1172 206; x_wconf 52' lang='lat' dir='ltr'><strong>dilauon</strong></span> 
     </span>
    </p>
   </div>
   <div class='ocr_carea' id='block_1_18' title="bbox 1769 113 1854 141">
    <p class='ocr_par' dir='ltr' id='par_1_18' title="bbox 1769 113 1854 141">
     <span class='ocr_line' id='line_1_18' title="bbox 1769 113 1854 141; baseline 0.012 -1"><span class='ocrx_word' id='word_1_122' title='bbox 1769 113 1854 141; x_wconf 69' lang='grc'><strong>1252</strong></span> 
     </span>
    </p>
   </div>
   <div class='ocr_carea' id='block_1_19' title="bbox 1210 170 1854 206">
    <p class='ocr_par' dir='ltr' id='par_1_19' title="bbox 1210 170 1854 206">
     <span class='ocr_line' id='line_1_19' title="bbox 1210 170 1854 206; baseline -0.002 -8"><span class='ocrx_word' id='word_1_123' title='bbox 1210 172 1325 198; x_wconf 71' lang='grc' dir='ltr'><strong>Ὰπολλ.</strong></span> <span class='ocrx_word' id='word_1_124' title='bbox 1360 170 1508 206; x_wconf 74' lang='grc' dir='ltr'><strong>Ἐμψυχον.</strong></span> <span class='ocrx_word' id='word_1_125' title='bbox 1549 171 1625 204; x_wconf 84' lang='grc' dir='ltr'><strong>’ορ0.</strong></span> <span class='ocrx_word' id='word_1_126' title='bbox 1651 170 1748 206; x_wconf 79' lang='grc' dir='ltr'><strong>Ψυχὴν</strong></span> <span class='ocrx_word' id='word_1_127' title='bbox 1777 171 1854 206; x_wconf 72' lang='grc' dir='ltr'><strong>ἕχον</strong></span> 
     </span>
    </p>
   </div>
   <div class='ocr_carea' id='block_1_20' title="bbox 1050 215 1853 253">
    <p class='ocr_par' dir='ltr' id='par_1_20' title="bbox 1050 215 1853 253">
     <span class='ocr_line' id='line_1_20' title="bbox 1050 215 1853 253; baseline -0.002 -9"><span class='ocrx_word' id='word_1_128' title='bbox 1050 217 1170 253; x_wconf 78' lang='grc' dir='ltr'><strong>δηλονότι</strong></span> <span class='ocrx_word' id='word_1_129' title='bbox 1181 217 1319 249; x_wconf 76' lang='grc' dir='ltr'><strong>;“Λπολ.λ.</strong></span> <span class='ocrx_word' id='word_1_130' title='bbox 1331 216 1378 245; x_wconf 81' lang='grc' dir='ltr'><strong>Οὖ.</strong></span> <span class='ocrx_word' id='word_1_131' title='bbox 1389 218 1465 251; x_wconf 80' lang='grc' dir='ltr'><strong>’ορ6.</strong></span> <span class='ocrx_word' id='word_1_132' title='bbox 1485 216 1540 243; x_wconf 80' lang='grc' dir='ltr'><strong>Καὶ</strong></span> <span class='ocrx_word' id='word_1_133' title='bbox 1551 215 1609 247; x_wconf 84' lang='grc' dir='ltr'>πῶς</span> <span class='ocrx_word' id='word_1_134' title='bbox 1623 215 1743 251; x_wconf 74' lang='grc' dir='ltr'><strong>ἔμψυχον</strong></span> <span class='ocrx_word' id='word_1_135' title='bbox 1756 216 1791 242; x_wconf 83' lang='grc' dir='ltr'>τὸ</span> <span class='ocrx_word' id='word_1_136' title='bbox 1807 216 1853 252; x_wconf 81' lang='grc' dir='ltr'><strong>μὴ</strong></span> 
     </span>
    </p>
   </div>
   <div class='ocr_carea' id='block_1_21' title="bbox 1051 260 1852 298">
    <p class='ocr_par' dir='ltr' id='par_1_21' title="bbox 1051 260 1852 298">
     <span class='ocr_line' id='line_1_21' title="bbox 1051 260 1852 298; baseline -0.001 -9"><span class='ocrx_word' id='word_1_137' title='bbox 1051 263 1111 298; x_wconf 75' lang='grc' dir='ltr'><strong>ἔχον</strong></span> <span class='ocrx_word' id='word_1_138' title='bbox 1127 263 1233 298; x_wconf 66' lang='grc' dir='ltr'><strong>ψυχήνς</strong></span> <span class='ocrx_word' id='word_1_139' title='bbox 1266 263 1388 289; x_wconf 74' lang='grc' dir='ltr'><strong>Ἀπολλ.</strong></span> <span class='ocrx_word' id='word_1_140' title='bbox 1415 263 1480 298; x_wconf 83' lang='grc' dir='ltr'><strong>Θείᾳ</strong></span> <span class='ocrx_word' id='word_1_141' title='bbox 1499 260 1533 298; x_wconf 80' lang='grc' dir='ltr'>ἦν</span> <span class='ocrx_word' id='word_1_142' title='bbox 1556 262 1676 298; x_wconf 75' lang='grc' dir='ltr'><strong>ὲμψυχίᾳ</strong></span> <span class='ocrx_word' id='word_1_143' title='bbox 1698 262 1852 297; x_wconf 76' lang='grc' dir='ltr'><strong>ψυχωθέν.</strong></span> 
     </span>
    </p>
   </div>
   <div class='ocr_carea' id='block_1_22' title="bbox 1058 306 1855 342">
    <p class='ocr_par' dir='ltr' id='par_1_22' title="bbox 1058 306 1855 342">
     <span class='ocr_line' id='line_1_22' title="bbox 1058 306 1855 342; baseline -0.001 -8"><span class='ocrx_word' id='word_1_144' title='bbox 1058 308 1133 341; x_wconf 79' lang='grc' dir='ltr'>Ὀρθ.</span> <span class='ocrx_word' id='word_1_145' title='bbox 1165 309 1200 334; x_wconf 84' lang='grc' dir='ltr'><strong>Σὺ</strong></span> <span class='ocrx_word' id='word_1_146' title='bbox 1231 308 1283 342; x_wconf 89' lang='grc' dir='ltr'><strong>γὰρ</strong></span> <span class='ocrx_word' id='word_1_147' title='bbox 1307 307 1381 334; x_wconf 80' lang='grc' dir='ltr'>ἀθεεὶ</span> <span class='ocrx_word' id='word_1_148' title='bbox 1404 306 1566 342; x_wconf 80' lang='grc' dir='ltr'><strong>ἐψυχώθης;</strong></span> <span class='ocrx_word' id='word_1_149' title='bbox 1584 307 1699 334; x_wconf 76' lang='grc' dir='ltr'><strong>Ἁπολλ.</strong></span> <span class='ocrx_word' id='word_1_150' title='bbox 1712 307 1855 338; x_wconf 79' lang='grc' dir='ltr'>Φυσικῶς</span> 
     </span>
    </p>
   </div>
   <div class='ocr_carea' id='block_1_23' title="bbox 1052 353 1851 389">
    <p class='ocr_par' dir='ltr' id='par_1_23' title="bbox 1052 353 1851 389">
     <span class='ocr_line' id='line_1_23' title="bbox 1052 353 1851 389; baseline -0.001 -9"><span class='ocrx_word' id='word_1_151' title='bbox 1052 353 1204 389; x_wconf 64' lang='grc' dir='ltr'><strong>ὲψυχώθην.</strong></span> <span class='ocrx_word' id='word_1_152' title='bbox 1234 354 1309 387; x_wconf 81' lang='grc' dir='ltr'>Ὀρθ.</span> <span class='ocrx_word' id='word_1_153' title='bbox 1339 354 1419 380; x_wconf 83' lang='grc' dir='ltr'><strong>Ἀνευ</strong></span> <span class='ocrx_word' id='word_1_154' title='bbox 1444 353 1495 387; x_wconf 81' lang='grc' dir='ltr'><strong>τῆς</strong></span> <span class='ocrx_word' id='word_1_155' title='bbox 1520 353 1568 380; x_wconf 82' lang='grc' dir='ltr'><strong>τοῦ</strong></span> <span class='ocrx_word' id='word_1_156' title='bbox 1587 353 1653 380; x_wconf 79' lang='grc' dir='ltr'><strong>Θεοῦ</strong></span> <span class='ocrx_word' id='word_1_157' title='bbox 1678 353 1851 388; x_wconf 71' lang='grc' dir='ltr'><strong>δυνάμεωςς</strong></span> 
     </span>
    </p>
   </div>
   <div class='ocr_carea' id='block_1_24' title="bbox 1060 399 1853 434">
    <p class='ocr_par' dir='ltr' id='par_1_24' title="bbox 1060 399 1853 434">
     <span class='ocr_line' id='line_1_24' title="bbox 1060 399 1853 434; baseline -0.001 -8"><span class='ocrx_word' id='word_1_158' title='bbox 1060 399 1175 426; x_wconf 75' lang='grc' dir='ltr'><strong>Ἀπολλ.</strong></span> <span class='ocrx_word' id='word_1_159' title='bbox 1198 399 1266 426; x_wconf 81' lang='grc' dir='ltr'>Ἀλλ’</span> <span class='ocrx_word' id='word_1_160' title='bbox 1281 399 1329 434; x_wconf 83' lang='grc' dir='ltr'><strong>οὐχ</strong></span> <span class='ocrx_word' id='word_1_161' title='bbox 1357 399 1443 430; x_wconf 77' lang='grc' dir='ltr'>οὕτως</span> <span class='ocrx_word' id='word_1_162' title='bbox 1466 400 1480 425; x_wconf 83' lang='grc' dir='ltr'><strong><em>ὁ</em></strong></span> <span class='ocrx_word' id='word_1_163' title='bbox 1499 399 1609 433; x_wconf 86' lang='grc' dir='ltr'><strong>Κύριος.</strong></span> <span class='ocrx_word' id='word_1_164' title='bbox 1632 399 1765 426; x_wconf 82' lang='grc' dir='ltr'>Ἐνταῦοα</span> <span class='ocrx_word' id='word_1_165' title='bbox 1788 399 1853 434; x_wconf 80' lang='grc' dir='ltr'>γὰρ</span> 
     </span>
    </p>
   </div>
   <div class='ocr_carea' id='block_1_25' title="bbox 1052 444 1850 480">
    <p class='ocr_par' dir='ltr' id='par_1_25' title="bbox 1052 444 1850 480">
     <span class='ocr_line' id='line_1_25' title="bbox 1052 444 1850 480; baseline 0 -9"><span class='ocrx_word' id='word_1_166' title='bbox 1052 445 1124 480; x_wconf 75' lang='grc' dir='ltr'><strong>ψυχὴ</strong></span> <span class='ocrx_word' id='word_1_167' title='bbox 1147 445 1252 480; x_wconf 83' lang='grc' dir='ltr'>λογικὴ,</span> <span class='ocrx_word' id='word_1_168' title='bbox 1279 444 1383 480; x_wconf 82' lang='grc' dir='ltr'>σώματι</span> <span class='ocrx_word' id='word_1_169' title='bbox 1404 445 1530 480; x_wconf 79' lang='grc' dir='ltr'><strong>ἡνωμένη</strong></span> <span class='ocrx_word' id='word_1_170' title='bbox 1550 445 1739 480; x_wconf 79' lang='grc' dir='ltr'><strong>προστάγματι</strong></span> <span class='ocrx_word' id='word_1_171' title='bbox 1759 445 1850 476; x_wconf 80' lang='grc' dir='ltr'><strong>Θεοῦ,</strong></span> 
     </span>
    </p>
   </div>
   <div class='ocr_carea' id='block_1_26' title="bbox 1053 489 1850 525">
    <p class='ocr_par' dir='ltr' id='par_1_26' title="bbox 1053 489 1850 525">
     <span class='ocr_line' id='line_1_26' title="bbox 1053 489 1850 525; baseline 0 -10"><span class='ocrx_word' id='word_1_172' title='bbox 1053 489 1195 524; x_wconf 76' lang='grc' dir='ltr'>ἄνθρωπον</span> <span class='ocrx_word' id='word_1_173' title='bbox 1216 489 1350 516; x_wconf 81' lang='grc' dir='ltr'><strong>ἀποτελεῖ.</strong></span> <span class='ocrx_word' id='word_1_174' title='bbox 1382 489 1442 516; x_wconf 79' lang='grc' dir='ltr'><strong>Ἐπὶ</strong></span> <span class='ocrx_word' id='word_1_175' title='bbox 1454 489 1482 515; x_wconf 83' lang='grc' dir='ltr'><strong>δὲ</strong></span> <span class='ocrx_word' id='word_1_176' title='bbox 1496 489 1543 516; x_wconf 80' lang='grc' dir='ltr'><strong>τοῦ</strong></span> <span class='ocrx_word' id='word_1_177' title='bbox 1557 489 1658 525; x_wconf 78' lang='grc' dir='ltr'>Κυρίου</span> <span class='ocrx_word' id='word_1_178' title='bbox 1670 490 1719 524; x_wconf 83' lang='grc' dir='ltr'><strong>οὐχ</strong></span> <span class='ocrx_word' id='word_1_179' title='bbox 1731 489 1830 521; x_wconf 72' lang='grc' dir='ltr'>οὕτως</span> <span class='ocrx_word' id='word_1_180' title='bbox 1840 497 1850 504; x_wconf 89' lang='grc'><strong>·</strong></span> 
     </span>
    </p>
   </div>
   <div class='ocr_carea' id='block_1_27' title="bbox 1053 535 1850 571">
    <p class='ocr_par' dir='ltr' id='par_1_27' title="bbox 1053 535 1850 571">
     <span class='ocr_line' id='line_1_27' title="bbox 1053 535 1850 571; baseline 0 -9"><span class='ocrx_word' id='word_1_181' title='bbox 1053 535 1121 562; x_wconf 83' lang='grc' dir='ltr'><strong>ἀλλὰ</strong></span> <span class='ocrx_word' id='word_1_182' title='bbox 1137 535 1202 567; x_wconf 74' lang='grc' dir='ltr'><strong>Θεὸς</strong></span> <span class='ocrx_word' id='word_1_183' title='bbox 1217 535 1302 568; x_wconf 82' lang='grc' dir='ltr'><strong>Λόγος</strong></span> <span class='ocrx_word' id='word_1_184' title='bbox 1312 536 1392 571; x_wconf 79' lang='grc' dir='ltr'>σαρκὶ</span> <span class='ocrx_word' id='word_1_185' title='bbox 1400 535 1510 567; x_wconf 78' lang='grc' dir='ltr'><strong>ἑνωθεὶς</strong></span> <span class='ocrx_word' id='word_1_186' title='bbox 1521 535 1661 571; x_wconf 78' lang='grc' dir='ltr'>ἄνθρωπον</span> <span class='ocrx_word' id='word_1_187' title='bbox 1675 536 1850 562; x_wconf 75' lang='grc' dir='ltr'><strong>ἀπετέλεσεν</strong></span> 
     </span>
    </p>
   </div>
   <div class='ocr_carea' id='block_1_28' title="bbox 1052 580 1846 616">
    <p class='ocr_par' dir='ltr' id='par_1_28' title="bbox 1052 580 1846 616">
     <span class='ocr_line' id='line_1_28' title="bbox 1052 580 1846 616; baseline 0 -8"><span class='ocrx_word' id='word_1_188' title='bbox 1052 581 1128 608; x_wconf 81' lang='grc' dir='ltr'><strong>Θεόν.</strong></span> <span class='ocrx_word' id='word_1_189' title='bbox 1141 582 1217 616; x_wconf 79' lang='grc' dir='ltr'>Ὄρθ.</span> <span class='ocrx_word' id='word_1_190' title='bbox 1231 581 1314 608; x_wconf 79' lang='grc' dir='ltr'><strong>Τοῦτο</strong></span> <span class='ocrx_word' id='word_1_191' title='bbox 1320 580 1365 608; x_wconf 80' lang='grc' dir='ltr'><strong>οὖν</strong></span> <span class='ocrx_word' id='word_1_192' title='bbox 1373 581 1460 616; x_wconf 80' lang='grc' dir='ltr'>λέγεις</span> <span class='ocrx_word' id='word_1_193' title='bbox 1469 581 1543 608; x_wconf 80' lang='grc' dir='ltr'>θείαν</span> <span class='ocrx_word' id='word_1_194' title='bbox 1550 582 1563 607; x_wconf 84' lang='grc' dir='ltr'>ὲ</span> <span class='ocrx_word' id='word_1_195' title='bbox 1567 581 1683 616; x_wconf 70' lang='grc' dir='ltr'>μψυχίαν</span> <span class='ocrx_word' id='word_1_196' title='bbox 1692 589 1699 613; x_wconf 92' lang='grc'>;</span> <span class='ocrx_word' id='word_1_197' title='bbox 1715 580 1846 608; x_wconf 75' lang='grc' dir='ltr'><strong>Ἀπολ-1.</strong></span> 
     </span>
    </p>
   </div>
   <div class='ocr_carea' id='block_1_29' title="bbox 1053 625 1845 663">
    <p class='ocr_par' dir='ltr' id='par_1_29' title="bbox 1053 625 1845 663">
     <span class='ocr_line' id='line_1_29' title="bbox 1053 625 1845 663; baseline 0 -9"><span class='ocrx_word' id='word_1_198' title='bbox 1053 628 1108 654; x_wconf 79' lang='grc' dir='ltr'><strong>Καὶ</strong></span> <span class='ocrx_word' id='word_1_199' title='bbox 1126 628 1206 654; x_wconf 82' lang='grc' dir='ltr'><strong>πάνυ.</strong></span> <span class='ocrx_word' id='word_1_200' title='bbox 1229 628 1305 661; x_wconf 76' lang='grc' dir='ltr'>Ὅρθ.</span> <span class='ocrx_word' id='word_1_201' title='bbox 1326 628 1398 654; x_wconf 77' lang='grc' dir='ltr'><strong>’Λντὶ</strong></span> <span class='ocrx_word' id='word_1_202' title='bbox 1407 627 1495 663; x_wconf 78' lang='grc' dir='ltr'>ψυχῆς</span> <span class='ocrx_word' id='word_1_203' title='bbox 1511 625 1580 654; x_wconf 83' lang='grc' dir='ltr'><strong>οὖνὸ</strong></span> <span class='ocrx_word' id='word_1_204' title='bbox 1594 627 1694 661; x_wconf 86' lang='grc' dir='ltr'><strong>Λόγος;</strong></span> <span class='ocrx_word' id='word_1_205' title='bbox 1715 628 1845 654; x_wconf 69' lang='grc' dir='ltr'><strong>Ἀπολλ.</strong></span> 
     </span>
    </p>
   </div>
   <div class='ocr_carea' id='block_1_30' title="bbox 1053 670 1849 708">
    <p class='ocr_par' dir='ltr' id='par_1_30' title="bbox 1053 670 1849 708">
     <span class='ocr_line' id='line_1_30' title="bbox 1053 670 1849 708; baseline 0 -8"><span class='ocrx_word' id='word_1_206' title='bbox 1053 673 1118 700; x_wconf 86' lang='grc' dir='ltr'>Ναί.</span> <span class='ocrx_word' id='word_1_207' title='bbox 1142 674 1218 707; x_wconf 81' lang='grc' dir='ltr'>Ὀρθ.</span> <span class='ocrx_word' id='word_1_208' title='bbox 1243 673 1290 704; x_wconf 86' lang='grc' dir='ltr'>Τίς</span> <span class='ocrx_word' id='word_1_209' title='bbox 1310 670 1356 699; x_wconf 76' lang='grc' dir='ltr'><strong>οὖν</strong></span> <span class='ocrx_word' id='word_1_210' title='bbox 1385 671 1418 708; x_wconf 84' lang='grc' dir='ltr'><strong>ἧν</strong></span> <span class='ocrx_word' id='word_1_211' title='bbox 1437 674 1452 699; x_wconf 85' lang='grc' dir='ltr'>ὁ</span> <span class='ocrx_word' id='word_1_212' title='bbox 1465 673 1550 707; x_wconf 81' lang='grc' dir='ltr'>λέγων</span> <span class='ocrx_word' id='word_1_213' title='bbox 1563 673 1617 708; x_wconf 82' lang='grc'><strong>(60)</strong></span> <span class='ocrx_word' id='word_1_214' title='bbox 1630 683 1636 688; x_wconf 93' lang='grc'><strong>·</strong></span> <span class='ocrx_word' id='word_1_215' title='bbox 1653 683 1661 698; x_wconf 88' lang='grc' dir='ltr'><strong>ι</strong></span> <span class='ocrx_word' id='word_1_216' title='bbox 1681 673 1736 708; x_wconf 80' lang='grc' dir='ltr'><strong>Τὴν</strong></span> <span class='ocrx_word' id='word_1_217' title='bbox 1751 674 1849 708; x_wconf 70' lang='grc' dir='ltr'>ψυχήν</span> 
     </span>
    </p>
   </div>
   <div class='ocr_carea' id='block_1_31' title="bbox 1055 719 1847 756">
    <p class='ocr_par' dir='ltr' id='par_1_31' title="bbox 1055 719 1847 756">
     <span class='ocr_line' id='line_1_31' title="bbox 1055 719 1847 756; baseline 0 -10"><span class='ocrx_word' id='word_1_218' title='bbox 1055 728 1106 756; x_wconf 88' lang='grc' dir='ltr'><strong>μου</strong></span> <span class='ocrx_word' id='word_1_219' title='bbox 1116 720 1203 751; x_wconf 79' lang='grc' dir='ltr'><strong>οὐδεὶς</strong></span> <span class='ocrx_word' id='word_1_220' title='bbox 1217 720 1289 755; x_wconf 67' lang='grc' dir='ltr'>αἴρει</span> <span class='ocrx_word' id='word_1_221' title='bbox 1301 719 1348 746; x_wconf 74' lang='grc' dir='ltr'><strong>ἀπ’</strong></span> <span class='ocrx_word' id='word_1_222' title='bbox 1365 719 1431 754; x_wconf 77' lang='grc' dir='ltr'><strong>ἐμοῦ</strong></span> <span class='ocrx_word' id='word_1_223' title='bbox 1443 727 1450 734; x_wconf 76' lang='grc' dir='ltr'>ο</span> <span class='ocrx_word' id='word_1_224' title='bbox 1465 719 1509 745; x_wconf 76' lang='grc' dir='ltr'><strong>ὅτε</strong></span> <span class='ocrx_word' id='word_1_225' title='bbox 1521 719 1599 750; x_wconf 83' lang='grc' dir='ltr'>θέλω,</span> <span class='ocrx_word' id='word_1_226' title='bbox 1624 719 1717 754; x_wconf 85' lang='grc' dir='ltr'>τίθημι</span> <span class='ocrx_word' id='word_1_227' title='bbox 1741 721 1847 755; x_wconf 73' lang='grc' dir='ltr'><strong>αὐτὴν,</strong></span> 
     </span>
    </p>
   </div>
   <div class='ocr_carea' id='block_1_32' title="bbox 1055 764 1847 800">
    <p class='ocr_par' dir='ltr' id='par_1_32' title="bbox 1055 764 1847 800">
     <span class='ocr_line' id='line_1_32' title="bbox 1055 764 1847 800; baseline -0.003 -8"><span class='ocrx_word' id='word_1_228' title='bbox 1055 766 1101 792; x_wconf 79' lang='grc' dir='ltr'>καὶ</span> <span class='ocrx_word' id='word_1_229' title='bbox 1111 766 1154 792; x_wconf 78' lang='grc' dir='ltr'><strong>ὅτε</strong></span> <span class='ocrx_word' id='word_1_230' title='bbox 1169 765 1388 800; x_wconf 76' lang='grc' dir='ltr'><strong>θέλω,λαμ6άνω</strong></span> <span class='ocrx_word' id='word_1_231' title='bbox 1404 765 1488 800; x_wconf 80' lang='grc' dir='ltr'>αὑτήν</span> <span class='ocrx_word' id='word_1_232' title='bbox 1498 773 1504 780; x_wconf 80' lang='grc'><strong><em>³</em></strong></span> <span class='ocrx_word' id='word_1_233' title='bbox 1527 774 1536 790; x_wconf 77' lang='grc' dir='ltr'><strong>ι</strong></span> <span class='ocrx_word' id='word_1_234' title='bbox 1551 765 1567 800; x_wconf 81' lang='grc' dir='ltr'><strong>ἡ</strong></span> <span class='ocrx_word' id='word_1_235' title='bbox 1583 764 1658 800; x_wconf 78' lang='grc' dir='ltr'>σὰρξ,</span> <span class='ocrx_word' id='word_1_236' title='bbox 1676 765 1692 799; x_wconf 87' lang='grc' dir='ltr'>ἦ</span> <span class='ocrx_word' id='word_1_237' title='bbox 1707 765 1722 790; x_wconf 83' lang='grc' dir='ltr'>ὁ</span> <span class='ocrx_word' id='word_1_238' title='bbox 1741 765 1847 799; x_wconf 77' lang='grc' dir='ltr'>Λόγοςς</span> 
     </span>
    </p>
   </div>
   <div class='ocr_carea' id='block_1_33' title="bbox 1061 809 1848 844">
    <p class='ocr_par' dir='ltr' id='par_1_33' title="bbox 1061 809 1848 844">
     <span class='ocr_line' id='line_1_33' title="bbox 1061 809 1848 844; baseline -0.004 -6"><span class='ocrx_word' id='word_1_239' title='bbox 1061 811 1183 838; x_wconf 73' lang='grc' dir='ltr'><strong>Ἀπολλ.</strong></span> <span class='ocrx_word' id='word_1_240' title='bbox 1215 811 1244 836; x_wconf 83' lang='grc'><strong>’0</strong></span> <span class='ocrx_word' id='word_1_241' title='bbox 1266 810 1359 843; x_wconf 83' lang='grc' dir='ltr'><strong>Λόγος.</strong></span> <span class='ocrx_word' id='word_1_242' title='bbox 1382 810 1458 843; x_wconf 80' lang='grc' dir='ltr'>Ὀρθ.</span> <span class='ocrx_word' id='word_1_243' title='bbox 1482 809 1563 835; x_wconf 84' lang='grc' dir='ltr'>Ποίαν</span> <span class='ocrx_word' id='word_1_244' title='bbox 1579 809 1669 843; x_wconf 76' lang='grc' dir='ltr'>ἔλεγεν</span> <span class='ocrx_word' id='word_1_245' title='bbox 1682 809 1794 844; x_wconf 81' lang='grc' dir='ltr'><strong>ψυχήν;</strong></span> <span class='ocrx_word' id='word_1_246' title='bbox 1811 811 1848 844; x_wconf 78' lang='grc' dir='ltr'><strong>ἢν</strong></span> 
     </span>
    </p>
   </div>
   <div class='ocr_carea' id='block_1_34' title="bbox 219 852 1004 891">
    <p class='ocr_par' dir='ltr' id='par_1_34' title="bbox 219 853 1000 890">
     <span class='ocr_line' id='line_1_34' title="bbox 219 853 1000 890; baseline -0.005 -8"><span class='ocrx_word' id='word_1_247' title='bbox 219 864 234 882; x_wconf 86' lang='lat' dir='ltr'><strong>a</strong></span> <span class='ocrx_word' id='word_1_248' title='bbox 247 863 301 886; x_wconf 83' lang='lat' dir='ltr'><strong>me.</strong></span> <span class='ocrx_word' id='word_1_249' title='bbox 312 863 374 882; x_wconf 87' lang='lat' dir='ltr'><strong>cum</strong></span> <span class='ocrx_word' id='word_1_250' title='bbox 389 855 450 882; x_wconf 93' lang='lat' dir='ltr'><strong>volo</strong></span> <span class='ocrx_word' id='word_1_251' title='bbox 465 863 536 890; x_wconf 89' lang='lat' dir='ltr'><strong>pono</strong></span> <span class='ocrx_word' id='word_1_252' title='bbox 549 862 620 885; x_wconf 74' lang='lat' dir='ltr'><strong>eam.</strong></span> <span class='ocrx_word' id='word_1_253' title='bbox 635 859 662 880; x_wconf 87' lang='lat' dir='ltr'><strong>et</strong></span> <span class='ocrx_word' id='word_1_254' title='bbox 677 861 739 880; x_wconf 92' lang='lat' dir='ltr'><strong>cum</strong></span> <span class='ocrx_word' id='word_1_255' title='bbox 755 854 816 880; x_wconf 88' lang='lat' dir='ltr'><strong>volo</strong></span> <span class='ocrx_word' id='word_1_256' title='bbox 835 861 913 880; x_wconf 93' lang='lat' dir='ltr'><strong>sumo</strong></span> <span class='ocrx_word' id='word_1_257' title='bbox 930 853 951 868; x_wconf 81' lang='grc'><strong>⁸⁸</strong></span> <span class='ocrx_word' id='word_1_258' title='bbox 968 862 974 879; x_wconf 90' lang='lat'><strong>:</strong></span> <span class='ocrx_word' id='word_1_259' title='bbox 991 862 1000 878; x_wconf 75' lang='grc' dir='ltr'><strong>ι</strong></span> 
     </span>
    </p>
   </div>
   <div class='ocr_carea' id='block_1_35' title="bbox 1056 852 1847 891">
    <p class='ocr_par' dir='ltr' id='par_1_35' title="bbox 1056 853 1847 891">
     <span class='ocr_line' id='line_1_35' title="bbox 1056 853 1847 891; baseline 0 -10"><span class='ocrx_word' id='word_1_260' title='bbox 1056 853 1134 891; x_wconf 79' lang='grc' dir='ltr'><strong>εἶχεν,</strong></span> <span class='ocrx_word' id='word_1_261' title='bbox 1163 855 1179 891; x_wconf 84' lang='grc' dir='ltr'><strong>ἦ</strong></span> <span class='ocrx_word' id='word_1_262' title='bbox 1210 856 1242 890; x_wconf 83' lang='grc' dir='ltr'><strong>ἥν</strong></span> <span class='ocrx_word' id='word_1_263' title='bbox 1265 856 1313 882; x_wconf 82' lang='grc' dir='ltr'><strong>οὐκ</strong></span> <span class='ocrx_word' id='word_1_264' title='bbox 1337 853 1425 890; x_wconf 80' lang='grc' dir='ltr'><strong>εἶχεν;</strong></span> <span class='ocrx_word' id='word_1_265' title='bbox 1448 855 1570 882; x_wconf 76' lang='grc' dir='ltr'><strong>Ἀπολλ.</strong></span> <span class='ocrx_word' id='word_1_266' title='bbox 1595 855 1650 889; x_wconf 81' lang='grc' dir='ltr'><strong>Τὴν</strong></span> <span class='ocrx_word' id='word_1_267' title='bbox 1663 854 1847 890; x_wconf 78' lang='grc' dir='ltr'><strong>ἀνθρωπίνην</strong></span> 
     </span>
    </p>
   </div>
   <div class='ocr_carea' id='block_1_36' title="bbox 219 898 1002 933">
    <p class='ocr_par' dir='ltr' id='par_1_36' title="bbox 219 898 1002 933">
     <span class='ocr_line' id='line_1_36' title="bbox 219 898 1002 933; baseline -0.004 -5"><span class='ocrx_word' id='word_1_268' title='bbox 219 909 283 928; x_wconf 83' lang='lat' dir='ltr'><strong>caro</strong></span> <span class='ocrx_word' id='word_1_269' title='bbox 296 909 328 927; x_wconf 87' lang='lat' dir='ltr'><strong>an</strong></span> <span class='ocrx_word' id='word_1_270' title='bbox 344 899 579 933; x_wconf 77' lang='lat' dir='ltr'><strong>Verbum?Apoll.</strong></span> <span class='ocrx_word' id='word_1_271' title='bbox 597 899 724 926; x_wconf 86' lang='lat' dir='ltr'><strong>Verbum.</strong></span> <span class='ocrx_word' id='word_1_272' title='bbox 738 898 814 926; x_wconf 85' lang='lat' dir='ltr'><strong>Orlh.</strong></span> <span class='ocrx_word' id='word_1_273' title='bbox 830 899 915 932; x_wconf 87' lang='lat' dir='ltr'><strong>Quam</strong></span> <span class='ocrx_word' id='word_1_274' title='bbox 934 898 1002 925; x_wconf 80' lang='lat' dir='ltr'><strong>dixit</strong></span> 
     </span>
    </p>
   </div>
   <div class='ocr_carea' id='block_1_37' title="bbox 219 945 1003 981">
    <p class='ocr_par' dir='ltr' id='par_1_37' title="bbox 219 945 1003 981">
     <span class='ocr_line' id='line_1_37' title="bbox 219 945 1003 981; baseline -0.005 -7"><span class='ocrx_word' id='word_1_275' title='bbox 219 947 356 974; x_wconf 80' lang='lat' dir='ltr'><strong>animam?</strong></span> <span class='ocrx_word' id='word_1_276' title='bbox 373 954 453 981; x_wconf 83' lang='lat' dir='ltr'><strong>quant</strong></span> <span class='ocrx_word' id='word_1_277' title='bbox 483 946 604 976; x_wconf 79' lang='lat' dir='ltr'><strong>haberet,</strong></span> <span class='ocrx_word' id='word_1_278' title='bbox 631 945 672 972; x_wconf 82' lang='lat' dir='ltr'><strong>vel</strong></span> <span class='ocrx_word' id='word_1_279' title='bbox 700 952 780 980; x_wconf 69' lang='lat' dir='ltr'><strong>quam</strong></span> <span class='ocrx_word' id='word_1_280' title='bbox 801 953 854 971; x_wconf 92' lang='lat' dir='ltr'><strong>non</strong></span> <span class='ocrx_word' id='word_1_281' title='bbox 874 945 1003 971; x_wconf 81' lang='lat' dir='ltr'><strong>haberet?</strong></span> 
     </span>
    </p>
   </div>
   <div class='ocr_carea' id='block_1_38' title="bbox 219 989 1004 1026">
    <p class='ocr_par' dir='ltr' id='par_1_38' title="bbox 219 989 1004 1026">
     <span class='ocr_line' id='line_1_38' title="bbox 219 989 1004 1026; baseline -0.001 -8"><span class='ocrx_word' id='word_1_282' title='bbox 219 992 306 1026; x_wconf 82' lang='lat' dir='ltr'><strong><em>Apoll.</em></strong></span> <span class='ocrx_word' id='word_1_283' title='bbox 325 990 415 1017; x_wconf 81' lang='lat' dir='ltr'><strong>Vitam</strong></span> <span class='ocrx_word' id='word_1_284' title='bbox 427 991 572 1017; x_wconf 82' lang='lat' dir='ltr'><strong>humanam</strong></span> <span class='ocrx_word' id='word_1_285' title='bbox 591 989 764 1025; x_wconf 79' lang='lat' dir='ltr'><strong>signiﬁcavit.</strong></span> <span class='ocrx_word' id='word_1_286' title='bbox 781 989 899 1017; x_wconf 70' lang='lat' dir='ltr'><strong>Uri/LM</strong></span> <span class='ocrx_word' id='word_1_287' title='bbox 911 989 1004 1017; x_wconf 82' lang='lat' dir='ltr'><strong>ﬁerine</strong></span> 
     </span>
    </p>
   </div>
   <div class='ocr_carea' id='block_1_39' title="bbox 218 1034 1004 1072">
    <p class='ocr_par' dir='ltr' id='par_1_39' title="bbox 218 1034 1004 1072">
     <span class='ocr_line' id='line_1_39' title="bbox 218 1034 1004 1072; baseline -0.003 -9"><span class='ocrx_word' id='word_1_288' title='bbox 218 1041 307 1072; x_wconf 84' lang='lat' dir='ltr'><strong>potest</strong></span> <span class='ocrx_word' id='word_1_289' title='bbox 318 1040 346 1062; x_wconf 92' lang='lat' dir='ltr'><strong>ut</strong></span> <span class='ocrx_word' id='word_1_290' title='bbox 362 1036 485 1070; x_wconf 67' lang='lat' dir='ltr'><strong>quaedam</strong></span> <span class='ocrx_word' id='word_1_291' title='bbox 510 1036 545 1062; x_wconf 87' lang='lat' dir='ltr'><strong>sit</strong></span> <span class='ocrx_word' id='word_1_292' title='bbox 563 1035 680 1062; x_wconf 87' lang='lat' dir='ltr'><strong>humana</strong></span> <span class='ocrx_word' id='word_1_293' title='bbox 690 1036 753 1067; x_wconf 83' lang='lat' dir='ltr'><strong>vita,</strong></span> <span class='ocrx_word' id='word_1_294' title='bbox 777 1035 798 1062; x_wconf 88' lang='lat' dir='ltr'><strong>si</strong></span> <span class='ocrx_word' id='word_1_295' title='bbox 814 1043 867 1062; x_wconf 89' lang='lat' dir='ltr'><strong>non</strong></span> <span class='ocrx_word' id='word_1_296' title='bbox 886 1034 1004 1062; x_wconf 79' lang='lat' dir='ltr'><strong>adfuerit</strong></span> 
     </span>
    </p>
   </div>
   <div class='ocr_carea' id='block_1_40' title="bbox 219 1080 1004 1116">
    <p class='ocr_par' dir='ltr' id='par_1_40' title="bbox 219 1080 1004 1116">
     <span class='ocr_line' id='line_1_40' title="bbox 219 1080 1004 1116; baseline -0.001 -7"><span class='ocrx_word' id='word_1_297' title='bbox 219 1083 327 1109; x_wconf 85' lang='lat' dir='ltr'><strong>anima?</strong></span> <span class='ocrx_word' id='word_1_298' title='bbox 350 1082 436 1116; x_wconf 79' lang='lat' dir='ltr'><strong><em>Apoll.</em></strong></span> <span class='ocrx_word' id='word_1_299' title='bbox 453 1081 577 1111; x_wconf 68' lang='lat' dir='ltr'><strong>Maxime.</strong></span> <span class='ocrx_word' id='word_1_300' title='bbox 599 1090 607 1105; x_wconf 79' lang='grc' dir='ltr'><strong>ι</strong></span> <span class='ocrx_word' id='word_1_301' title='bbox 623 1080 694 1108; x_wconf 87' lang='lat' dir='ltr'><strong>Deus</strong></span> <span class='ocrx_word' id='word_1_302' title='bbox 713 1081 784 1108; x_wconf 88' lang='lat' dir='ltr'><strong>enim</strong></span> <span class='ocrx_word' id='word_1_303' title='bbox 801 1081 828 1107; x_wconf 91' lang='lat' dir='ltr'><strong>in</strong></span> <span class='ocrx_word' id='word_1_304' title='bbox 840 1084 913 1107; x_wconf 87' lang='lat' dir='ltr'><strong>terra</strong></span> <span class='ocrx_word' id='word_1_305' title='bbox 930 1081 1004 1108; x_wconf 87' lang='lat' dir='ltr'><strong>visus</strong></span> 
     </span>
    </p>
   </div>
   <div class='ocr_carea' id='block_1_41' title="bbox 219 1127 879 1161">
    <p class='ocr_par' dir='ltr' id='par_1_41' title="bbox 219 1127 879 1161">
     <span class='ocr_line' id='line_1_41' title="bbox 219 1127 879 1161; baseline -0.005 -6"><span class='ocrx_word' id='word_1_306' title='bbox 219 1133 271 1161; x_wconf 76' lang='lat' dir='ltr'><strong>est,</strong></span> <span class='ocrx_word' id='word_1_307' title='bbox 287 1133 313 1155; x_wconf 86' lang='lat' dir='ltr'><strong>et</strong></span> <span class='ocrx_word' id='word_1_308' title='bbox 327 1135 388 1154; x_wconf 87' lang='lat' dir='ltr'><strong>eum</strong></span> <span class='ocrx_word' id='word_1_309' title='bbox 403 1127 558 1154; x_wconf 85' lang='lat' dir='ltr'><strong>hominibus</strong></span> <span class='ocrx_word' id='word_1_310' title='bbox 575 1130 753 1154; x_wconf 79' lang='lat' dir='ltr'><strong>conversatus</strong></span> <span class='ocrx_word' id='word_1_311' title='bbox 768 1131 811 1153; x_wconf 88' lang='lat' dir='ltr'><strong>est</strong></span> <span class='ocrx_word' id='word_1_312' title='bbox 823 1127 855 1153; x_wconf 65' lang='grc'><strong>⁸⁷.</strong></span> <span class='ocrx_word' id='word_1_313' title='bbox 870 1135 879 1151; x_wconf 81' lang='grc' dir='ltr'><strong>ι</strong></span> 
     </span>
    </p>
   </div>
   <div class='ocr_carea' id='block_1_42' title="bbox 254 1182 1005 1216">
    <p class='ocr_par' dir='ltr' id='par_1_42' title="bbox 254 1182 1005 1216">
     <span class='ocr_line' id='line_1_42' title="bbox 254 1182 1005 1216; baseline -0.004 -5"><span class='ocrx_word' id='word_1_314' title='bbox 254 1184 279 1211; x_wconf 78' lang='grc'><strong>2.</strong></span> <span class='ocrx_word' id='word_1_315' title='bbox 300 1183 374 1211; x_wconf 76' lang='grc' dir='ltr'><strong>ΟνιΙι.</strong></span> <span class='ocrx_word' id='word_1_316' title='bbox 395 1182 536 1216; x_wconf 84' lang='lat' dir='ltr'><strong>Quomodo</strong></span> <span class='ocrx_word' id='word_1_317' title='bbox 553 1190 615 1210; x_wconf 86' lang='lat' dir='ltr'><strong>vero</strong></span> <span class='ocrx_word' id='word_1_318' title='bbox 633 1183 707 1210; x_wconf 85' lang='lat' dir='ltr'><strong>visus</strong></span> <span class='ocrx_word' id='word_1_319' title='bbox 725 1187 767 1210; x_wconf 90' lang='lat' dir='ltr'><strong>est</strong></span> <span class='ocrx_word' id='word_1_320' title='bbox 785 1182 812 1209; x_wconf 97' lang='lat' dir='ltr'><strong>in</strong></span> <span class='ocrx_word' id='word_1_321' title='bbox 835 1186 944 1214; x_wconf 85' lang='lat' dir='ltr'><strong>natura,</strong></span> <span class='ocrx_word' id='word_1_322' title='bbox 963 1182 1005 1208; x_wconf 90' lang='lat' dir='ltr'><strong>in-</strong></span> 
     </span>
    </p>
   </div>
   <div class='ocr_carea' id='block_1_43' title="bbox 221 1227 1004 1264">
    <p class='ocr_par' dir='ltr' id='par_1_43' title="bbox 221 1227 1004 1264">
     <span class='ocr_line' id='line_1_43' title="bbox 221 1227 1004 1264; baseline -0.003 -8"><span class='ocrx_word' id='word_1_323' title='bbox 221 1230 394 1264; x_wconf 83' lang='lat' dir='ltr'><strong>aspectabilis</strong></span> <span class='ocrx_word' id='word_1_324' title='bbox 405 1236 466 1256; x_wconf 90' lang='lat' dir='ltr'><strong>cum</strong></span> <span class='ocrx_word' id='word_1_325' title='bbox 482 1230 516 1255; x_wconf 90' lang='lat' dir='ltr'><strong>sit</strong></span> <span class='ocrx_word' id='word_1_326' title='bbox 527 1228 634 1262; x_wconf 82' lang='lat' dir='ltr'><strong><em>?Apoll.</em></strong></span> <span class='ocrx_word' id='word_1_327' title='bbox 649 1229 747 1257; x_wconf 85' lang='lat' dir='ltr'><strong>Carne.</strong></span> <span class='ocrx_word' id='word_1_328' title='bbox 758 1228 834 1255; x_wconf 82' lang='lat' dir='ltr'><strong>0rt/i.</strong></span> <span class='ocrx_word' id='word_1_329' title='bbox 852 1227 928 1254; x_wconf 84' lang='lat' dir='ltr'><strong>Sicut</strong></span> <span class='ocrx_word' id='word_1_330' title='bbox 939 1235 1004 1263; x_wconf 67' lang='lat' dir='ltr'><strong>ergo</strong></span> 
     </span>
    </p>
   </div>
   <div class='ocr_carea' id='block_1_44' title="bbox 222 1274 1005 1309">
    <p class='ocr_par' dir='ltr' id='par_1_44' title="bbox 222 1274 1005 1309">
     <span class='ocr_line' id='line_1_44' title="bbox 222 1274 1005 1309; baseline -0.003 -7"><span class='ocrx_word' id='word_1_331' title='bbox 222 1275 311 1302; x_wconf 82' lang='lat' dir='ltr'><strong>carnis</strong></span> <span class='ocrx_word' id='word_1_332' title='bbox 318 1278 360 1302; x_wconf 87' lang='lat' dir='ltr'><strong>est</strong></span> <span class='ocrx_word' id='word_1_333' title='bbox 372 1275 549 1309; x_wconf 84' lang='lat' dir='ltr'><strong>conspicuum</strong></span> <span class='ocrx_word' id='word_1_334' title='bbox 567 1282 642 1306; x_wconf 90' lang='lat' dir='ltr'><strong>esse;</strong></span> <span class='ocrx_word' id='word_1_335' title='bbox 659 1275 695 1301; x_wconf 90' lang='lat' dir='ltr'><strong>ita</strong></span> <span class='ocrx_word' id='word_1_336' title='bbox 704 1278 730 1301; x_wconf 91' lang='lat' dir='ltr'><strong>et</strong></span> <span class='ocrx_word' id='word_1_337' title='bbox 738 1274 834 1301; x_wconf 73' lang='lat' dir='ltr'><strong>anima:</strong></span> <span class='ocrx_word' id='word_1_338' title='bbox 843 1277 884 1301; x_wconf 82' lang='lat' dir='ltr'><strong>est</strong></span> <span class='ocrx_word' id='word_1_339' title='bbox 892 1281 1005 1301; x_wconf 87' lang='lat' dir='ltr'><strong>conver-</strong></span> 
     </span>
    </p>
   </div>
   <div class='ocr_carea' id='block_1_45' title="bbox 221 1319 1005 1354">
    <p class='ocr_par' dir='ltr' id='par_1_45' title="bbox 221 1319 1005 1354">
     <span class='ocr_line' id='line_1_45' title="bbox 221 1319 1005 1354; baseline -0.001 -7"><span class='ocrx_word' id='word_1_340' title='bbox 221 1321 286 1347; x_wconf 71' lang='lat' dir='ltr'><strong>sari.</strong></span> <span class='ocrx_word' id='word_1_341' title='bbox 299 1319 370 1346; x_wconf 84' lang='lat' dir='ltr'><strong>Fieri</strong></span> <span class='ocrx_word' id='word_1_342' title='bbox 384 1328 447 1347; x_wconf 81' lang='lat' dir='ltr'><strong>vero</strong></span> <span class='ocrx_word' id='word_1_343' title='bbox 464 1328 517 1346; x_wconf 86' lang='lat' dir='ltr'><strong>non</strong></span> <span class='ocrx_word' id='word_1_344' title='bbox 529 1324 617 1354; x_wconf 85' lang='lat' dir='ltr'><strong>potest</strong></span> <span class='ocrx_word' id='word_1_345' title='bbox 630 1325 659 1347; x_wconf 94' lang='lat' dir='ltr'><strong>ut</strong></span> <span class='ocrx_word' id='word_1_346' title='bbox 670 1320 715 1354; x_wconf 88' lang='lat' dir='ltr'><strong>qui</strong></span> <span class='ocrx_word' id='word_1_347' title='bbox 728 1324 825 1346; x_wconf 84' lang='lat' dir='ltr'><strong>natura</strong></span> <span class='ocrx_word' id='word_1_348' title='bbox 840 1323 882 1347; x_wconf 90' lang='lat' dir='ltr'><strong>est</strong></span> <span class='ocrx_word' id='word_1_349' title='bbox 897 1319 1005 1353; x_wconf 82' lang='lat' dir='ltr'><strong>inaspe-</strong></span> 
     </span>
    </p>
   </div>
   <div class='ocr_carea' id='block_1_46' title="bbox 220 1363 1005 1399">
    <p class='ocr_par' dir='ltr' id='par_1_46' title="bbox 220 1363 1005 1399">
     <span class='ocr_line' id='line_1_46' title="bbox 220 1363 1005 1399; baseline -0.001 -8"><span class='ocrx_word' id='word_1_350' title='bbox 220 1363 322 1396; x_wconf 60' lang='lat' dir='ltr'><strong>ctalﬁili,</strong></span> <span class='ocrx_word' id='word_1_351' title='bbox 335 1370 473 1395; x_wconf 79' lang='lat' dir='ltr'><strong>cernatur.</strong></span> <span class='ocrx_word' id='word_1_352' title='bbox 488 1365 540 1392; x_wconf 87' lang='lat' dir='ltr'><strong>nisi</strong></span> <span class='ocrx_word' id='word_1_353' title='bbox 565 1365 671 1399; x_wconf 88' lang='lat' dir='ltr'><strong>corpori</strong></span> <span class='ocrx_word' id='word_1_354' title='bbox 696 1365 806 1391; x_wconf 80' lang='lat' dir='ltr'><strong>uuiatur</strong></span> <span class='ocrx_word' id='word_1_355' title='bbox 824 1363 897 1399; x_wconf 90' lang='lat' dir='ltr'><strong>quod</strong></span> <span class='ocrx_word' id='word_1_356' title='bbox 919 1364 1005 1391; x_wconf 83' lang='lat' dir='ltr'><strong>videri</strong></span> 
     </span>
    </p>
   </div>
   <div class='ocr_carea' id='block_1_47' title="bbox 220 1410 1004 1447">
    <p class='ocr_par' dir='ltr' id='par_1_47' title="bbox 220 1410 1004 1447">
     <span class='ocr_line' id='line_1_47' title="bbox 220 1410 1004 1447; baseline -0.003 -9"><span class='ocrx_word' id='word_1_357' title='bbox 220 1412 306 1447; x_wconf 82' lang='lat' dir='ltr'><strong>possit</strong></span> <span class='ocrx_word' id='word_1_358' title='bbox 321 1421 327 1438; x_wconf 90' lang='lat'>:</span> <span class='ocrx_word' id='word_1_359' title='bbox 341 1415 368 1438; x_wconf 86' lang='lat' dir='ltr'><strong>et</strong></span> <span class='ocrx_word' id='word_1_360' title='bbox 384 1411 441 1438; x_wconf 87' lang='lat' dir='ltr'><strong>licri</strong></span> <span class='ocrx_word' id='word_1_361' title='bbox 460 1419 512 1438; x_wconf 91' lang='lat' dir='ltr'><strong>non</strong></span> <span class='ocrx_word' id='word_1_362' title='bbox 527 1415 625 1446; x_wconf 79' lang='lat' dir='ltr'><strong>potest,</strong></span> <span class='ocrx_word' id='word_1_363' title='bbox 642 1415 670 1438; x_wconf 93' lang='lat' dir='ltr'><strong>ut</strong></span> <span class='ocrx_word' id='word_1_364' title='bbox 685 1411 732 1446; x_wconf 91' lang='lat' dir='ltr'><strong>qui</strong></span> <span class='ocrx_word' id='word_1_365' title='bbox 753 1414 850 1437; x_wconf 78' lang='lat' dir='ltr'><strong>natura</strong></span> <span class='ocrx_word' id='word_1_366' title='bbox 866 1410 1004 1445; x_wconf 84' lang='lat' dir='ltr'><strong>passionis</strong></span> 
     </span>
    </p>
   </div>
   <div class='ocr_carea' id='block_1_48' title="bbox 220 1456 1005 1491">
    <p class='ocr_par' dir='ltr' id='par_1_48' title="bbox 220 1456 1005 1491">
     <span class='ocr_line' id='line_1_48' title="bbox 220 1456 1005 1491; baseline -0.003 -7"><span class='ocrx_word' id='word_1_367' title='bbox 220 1464 317 1491; x_wconf 79' lang='lat' dir='ltr'><strong>expers</strong></span> <span class='ocrx_word' id='word_1_368' title='bbox 330 1462 381 1487; x_wconf 77' lang='lat' dir='ltr'><strong>est.</strong></span> <span class='ocrx_word' id='word_1_369' title='bbox 398 1457 515 1491; x_wconf 82' lang='lat' dir='ltr'><strong>patiatur</strong></span> <span class='ocrx_word' id='word_1_370' title='bbox 528 1461 554 1483; x_wconf 87' lang='lat' dir='ltr'><strong>et</strong></span> <span class='ocrx_word' id='word_1_371' title='bbox 572 1464 626 1483; x_wconf 81' lang='lat' dir='ltr'><strong>una</strong></span> <span class='ocrx_word' id='word_1_372' title='bbox 641 1464 703 1483; x_wconf 84' lang='lat' dir='ltr'><strong>cum</strong></span> <span class='ocrx_word' id='word_1_373' title='bbox 720 1456 875 1483; x_wconf 86' lang='lat' dir='ltr'><strong>hominibus</strong></span> <span class='ocrx_word' id='word_1_374' title='bbox 890 1463 1005 1482; x_wconf 84' lang='lat' dir='ltr'><strong>conver-</strong></span> 
     </span>
    </p>
   </div>
   <div class='ocr_carea' id='block_1_49' title="bbox 220 1501 1005 1538">
    <p class='ocr_par' dir='ltr' id='par_1_49' title="bbox 220 1501 1005 1538">
     <span class='ocr_line' id='line_1_49' title="bbox 220 1501 1005 1538; baseline -0.004 -8"><span class='ocrx_word' id='word_1_375' title='bbox 220 1508 306 1534; x_wconf 81' lang='lat' dir='ltr'><strong>setur,</strong></span> <span class='ocrx_word' id='word_1_376' title='bbox 324 1503 375 1530; x_wconf 89' lang='lat' dir='ltr'><strong>nisi</strong></span> <span class='ocrx_word' id='word_1_377' title='bbox 391 1503 427 1529; x_wconf 89' lang='lat' dir='ltr'><strong>sit</strong></span> <span class='ocrx_word' id='word_1_378' title='bbox 444 1503 551 1538; x_wconf 88' lang='lat' dir='ltr'><strong>corpori</strong></span> <span class='ocrx_word' id='word_1_379' title='bbox 568 1503 687 1529; x_wconf 85' lang='lat' dir='ltr'><strong>animato</strong></span> <span class='ocrx_word' id='word_1_380' title='bbox 704 1503 806 1533; x_wconf 89' lang='lat' dir='ltr'><strong>unitus,</strong></span> <span class='ocrx_word' id='word_1_381' title='bbox 822 1501 894 1536; x_wconf 89' lang='lat' dir='ltr'><strong>quod</strong></span> <span class='ocrx_word' id='word_1_382' title='bbox 911 1506 1005 1535; x_wconf 86' lang='lat' dir='ltr'><strong>sponte</strong></span> 
     </span>
    </p>
   </div>
   <div class='ocr_carea' id='block_1_50' title="bbox 220 1547 1006 1584">
    <p class='ocr_par' dir='ltr' id='par_1_50' title="bbox 220 1547 1006 1584">
     <span class='ocr_line' id='line_1_50' title="bbox 220 1547 1006 1584; baseline 0 -10"><span class='ocrx_word' id='word_1_383' title='bbox 220 1549 275 1584; x_wconf 79' lang='lat' dir='ltr'><strong>pali</strong></span> <span class='ocrx_word' id='word_1_384' title='bbox 286 1552 313 1575; x_wconf 88' lang='lat' dir='ltr'><strong>et</strong></span> <span class='ocrx_word' id='word_1_385' title='bbox 328 1556 381 1574; x_wconf 86' lang='lat' dir='ltr'><strong>una</strong></span> <span class='ocrx_word' id='word_1_386' title='bbox 397 1556 458 1574; x_wconf 91' lang='lat' dir='ltr'><strong>cum</strong></span> <span class='ocrx_word' id='word_1_387' title='bbox 481 1548 635 1574; x_wconf 90' lang='lat' dir='ltr'><strong>hominibus</strong></span> <span class='ocrx_word' id='word_1_388' title='bbox 652 1548 756 1575; x_wconf 86' lang='lat' dir='ltr'><strong>versari</strong></span> <span class='ocrx_word' id='word_1_389' title='bbox 775 1548 870 1581; x_wconf 86' lang='lat' dir='ltr'><strong>possit.</strong></span> <span class='ocrx_word' id='word_1_390' title='bbox 895 1547 1006 1574; x_wconf 83' lang='lat' dir='ltr'><strong>Anima-</strong></span> 
     </span>
    </p>
   </div>
   <div class='ocr_carea' id='block_1_51' title="bbox 220 1592 1006 1628">
    <p class='ocr_par' dir='ltr' id='par_1_51' title="bbox 220 1592 1006 1628">
     <span class='ocr_line' id='line_1_51' title="bbox 220 1592 1006 1628; baseline -0.001 -9"><span class='ocrx_word' id='word_1_391' title='bbox 220 1597 277 1620; x_wconf 87' lang='lat' dir='ltr'><strong>tum</strong></span> <span class='ocrx_word' id='word_1_392' title='bbox 290 1598 380 1620; x_wconf 87' lang='lat' dir='ltr'><strong>autem</strong></span> <span class='ocrx_word' id='word_1_393' title='bbox 391 1601 491 1628; x_wconf 83' lang='lat' dir='ltr'><strong>corpus</strong></span> <span class='ocrx_word' id='word_1_394' title='bbox 505 1601 537 1620; x_wconf 83' lang='lat' dir='ltr'><strong>eo</strong></span> <span class='ocrx_word' id='word_1_395' title='bbox 553 1593 612 1628; x_wconf 89' lang='lat' dir='ltr'><strong>ipso</strong></span> <span class='ocrx_word' id='word_1_396' title='bbox 621 1593 692 1627; x_wconf 91' lang='lat' dir='ltr'><strong>quod</strong></span> <span class='ocrx_word' id='word_1_397' title='bbox 704 1593 794 1619; x_wconf 81' lang='lat' dir='ltr'><strong>anima</strong></span> <span class='ocrx_word' id='word_1_398' title='bbox 806 1593 842 1619; x_wconf 92' lang='lat' dir='ltr'><strong>sit</strong></span> <span class='ocrx_word' id='word_1_399' title='bbox 855 1592 1006 1626; x_wconf 68' lang='lat' dir='ltr'><strong>praeditum,</strong></span> 
     </span>
    </p>
   </div>
   <div class='ocr_carea' id='block_1_52' title="bbox 220 1637 1006 1673">
    <p class='ocr_par' dir='ltr' id='par_1_52' title="bbox 220 1637 1006 1673">
     <span class='ocr_line' id='line_1_52' title="bbox 220 1637 1006 1673; baseline 0 -9"><span class='ocrx_word' id='word_1_400' title='bbox 220 1639 367 1665; x_wconf 84' lang='lat' dir='ltr'><strong>animatum</strong></span> <span class='ocrx_word' id='word_1_401' title='bbox 376 1643 426 1670; x_wconf 82' lang='lat' dir='ltr'><strong>est.</strong></span> <span class='ocrx_word' id='word_1_402' title='bbox 439 1639 517 1670; x_wconf 86' lang='lat' dir='ltr'><strong>velis,</strong></span> <span class='ocrx_word' id='word_1_403' title='bbox 527 1639 607 1665; x_wconf 87' lang='lat' dir='ltr'><strong>nolis.</strong></span> <span class='ocrx_word' id='word_1_404' title='bbox 621 1637 706 1673; x_wconf 82' lang='lat' dir='ltr'><strong><em>Apoll.</em></strong></span> <span class='ocrx_word' id='word_1_405' title='bbox 721 1637 806 1664; x_wconf 89' lang='lat' dir='ltr'><strong>Homo</strong></span> <span class='ocrx_word' id='word_1_406' title='bbox 822 1639 903 1673; x_wconf 78' lang='lat' dir='ltr'><strong>igitur</strong></span> <span class='ocrx_word' id='word_1_407' title='bbox 918 1637 1006 1665; x_wconf 90' lang='lat' dir='ltr'><strong>nudus</strong></span> 
     </span>
    </p>
   </div>
   <div class='ocr_carea' id='block_1_53' title="bbox 220 1683 1006 1719">
    <p class='ocr_par' dir='ltr' id='par_1_53' title="bbox 220 1683 1006 1719">
     <span class='ocr_line' id='line_1_53' title="bbox 220 1683 1006 1719; baseline -0.001 -9"><span class='ocrx_word' id='word_1_408' title='bbox 220 1691 318 1718; x_wconf 87' lang='lat' dir='ltr'><strong>passus</strong></span> <span class='ocrx_word' id='word_1_409' title='bbox 332 1688 373 1711; x_wconf 88' lang='lat' dir='ltr'><strong>est</strong></span> <span class='ocrx_word' id='word_1_410' title='bbox 388 1692 437 1719; x_wconf 90' lang='lat' dir='ltr'><strong>pro</strong></span> <span class='ocrx_word' id='word_1_411' title='bbox 453 1685 540 1711; x_wconf 87' lang='lat' dir='ltr'><strong>nobis.</strong></span> <span class='ocrx_word' id='word_1_412' title='bbox 562 1683 638 1711; x_wconf 85' lang='lat' dir='ltr'><strong>Orth.</strong></span> <span class='ocrx_word' id='word_1_413' title='bbox 661 1684 739 1711; x_wconf 82' lang='lat' dir='ltr'><strong>Absit</strong></span> <span class='ocrx_word' id='word_1_414' title='bbox 757 1685 763 1710; x_wconf 88' lang='lat'>!</span> <span class='ocrx_word' id='word_1_415' title='bbox 786 1683 839 1711; x_wconf 87' lang='lat' dir='ltr'><strong>Sed</strong></span> <span class='ocrx_word' id='word_1_416' title='bbox 855 1684 925 1711; x_wconf 90' lang='lat' dir='ltr'><strong>Dcus</strong></span> <span class='ocrx_word' id='word_1_417' title='bbox 945 1691 1006 1710; x_wconf 91' lang='lat' dir='ltr'><strong>cum</strong></span> 
     </span>
    </p>
   </div>
   <div class='ocr_carea' id='block_1_54' title="bbox 220 1728 1006 1763">
    <p class='ocr_par' dir='ltr' id='par_1_54' title="bbox 220 1728 1006 1763">
     <span class='ocr_line' id='line_1_54' title="bbox 220 1728 1006 1763; baseline 0 -9"><span class='ocrx_word' id='word_1_418' title='bbox 220 1729 301 1755; x_wconf 81' lang='lat' dir='ltr'><strong>vellet</strong></span> <span class='ocrx_word' id='word_1_419' title='bbox 325 1730 464 1763; x_wconf 84' lang='lat' dir='ltr'><strong>conspici,</strong></span> <span class='ocrx_word' id='word_1_420' title='bbox 484 1729 570 1756; x_wconf 84' lang='lat' dir='ltr'><strong>univit</strong></span> <span class='ocrx_word' id='word_1_421' title='bbox 592 1729 642 1756; x_wconf 84' lang='lat' dir='ltr'><strong>sibi</strong></span> <span class='ocrx_word' id='word_1_422' title='bbox 663 1737 762 1763; x_wconf 78' lang='lat' dir='ltr'><strong>corpus</strong></span> <span class='ocrx_word' id='word_1_423' title='bbox 781 1728 854 1763; x_wconf 88' lang='lat' dir='ltr'><strong>quod</strong></span> <span class='ocrx_word' id='word_1_424' title='bbox 882 1728 1006 1762; x_wconf 86' lang='lat' dir='ltr'><strong>conspici</strong></span> 
     </span>
    </p>
   </div>
   <div class='ocr_carea' id='block_1_55' title="bbox 220 1773 1004 1808">
    <p class='ocr_par' dir='ltr' id='par_1_55' title="bbox 220 1773 1004 1808">
     <span class='ocr_line' id='line_1_55' title="bbox 220 1773 1004 1808; baseline 0.001 -9"><span class='ocrx_word' id='word_1_425' title='bbox 220 1777 311 1808; x_wconf 73' lang='lat' dir='ltr'><strong>posset</strong></span> <span class='ocrx_word' id='word_1_426' title='bbox 328 1783 335 1801; x_wconf 87' lang='lat'><strong>:</strong></span> <span class='ocrx_word' id='word_1_427' title='bbox 351 1779 378 1800; x_wconf 94' lang='lat' dir='ltr'><strong>et</strong></span> <span class='ocrx_word' id='word_1_428' title='bbox 389 1775 444 1808; x_wconf 81' lang='lat' dir='ltr'><strong>pati</strong></span> <span class='ocrx_word' id='word_1_429' title='bbox 467 1774 560 1801; x_wconf 84' lang='lat' dir='ltr'><strong>volens</strong></span> <span class='ocrx_word' id='word_1_430' title='bbox 573 1793 580 1804; x_wconf 85' lang='lat'><strong><em>,</em></strong></span> <span class='ocrx_word' id='word_1_431' title='bbox 599 1773 684 1800; x_wconf 78' lang='lat' dir='ltr'><strong>univit</strong></span> <span class='ocrx_word' id='word_1_432' title='bbox 705 1773 756 1800; x_wconf 84' lang='lat' dir='ltr'><strong>sibi</strong></span> <span class='ocrx_word' id='word_1_433' title='bbox 781 1781 879 1808; x_wconf 86' lang='lat' dir='ltr'><strong>corpus</strong></span> <span class='ocrx_word' id='word_1_434' title='bbox 901 1774 1004 1800; x_wconf 83' lang='lat' dir='ltr'><strong>anima-</strong></span> 
     </span>
    </p>
   </div>
   <div class='ocr_carea' id='block_1_56' title="bbox 221 1819 1005 1854">
    <p class='ocr_par' dir='ltr' id='par_1_56' title="bbox 221 1819 1005 1854">
     <span class='ocr_line' id='line_1_56' title="bbox 221 1819 1005 1854; baseline 0 -9"><span class='ocrx_word' id='word_1_435' title='bbox 221 1823 278 1845; x_wconf 93' lang='lat' dir='ltr'><strong>tum</strong></span> <span class='ocrx_word' id='word_1_436' title='bbox 296 1820 368 1854; x_wconf 92' lang='lat' dir='ltr'><strong>quod</strong></span> <span class='ocrx_word' id='word_1_437' title='bbox 389 1825 487 1854; x_wconf 83' lang='lat' dir='ltr'><strong>sponte</strong></span> <span class='ocrx_word' id='word_1_438' title='bbox 507 1821 560 1854; x_wconf 88' lang='lat' dir='ltr'><strong>pati</strong></span> <span class='ocrx_word' id='word_1_439' title='bbox 575 1824 678 1854; x_wconf 85' lang='lat' dir='ltr'><strong>posset,</strong></span> <span class='ocrx_word' id='word_1_440' title='bbox 699 1828 787 1854; x_wconf 87' lang='lat' dir='ltr'><strong>neque</strong></span> <span class='ocrx_word' id='word_1_441' title='bbox 808 1819 880 1854; x_wconf 87' lang='lat' dir='ltr'><strong>quod</strong></span> <span class='ocrx_word' id='word_1_442' title='bbox 897 1819 1005 1854; x_wconf 85' lang='lat' dir='ltr'><strong>quidem</strong></span> 
     </span>
    </p>
   </div>
   <div class='ocr_carea' id='block_1_57' title="bbox 221 1865 1005 1900">
    <p class='ocr_par' dir='ltr' id='par_1_57' title="bbox 221 1865 1005 1900">
     <span class='ocr_line' id='line_1_57' title="bbox 221 1865 1005 1900; baseline 0 -9"><span class='ocrx_word' id='word_1_443' title='bbox 221 1866 297 1894; x_wconf 80' lang='lat' dir='ltr'><strong>prius</strong></span> <span class='ocrx_word' id='word_1_444' title='bbox 308 1865 454 1897; x_wconf 79' lang='lat' dir='ltr'><strong>exstiterit,</strong></span> <span class='ocrx_word' id='word_1_445' title='bbox 468 1870 563 1900; x_wconf 80' lang='lat' dir='ltr'><strong>postea</strong></span> <span class='ocrx_word' id='word_1_446' title='bbox 584 1873 648 1893; x_wconf 86' lang='lat' dir='ltr'><strong>vero</strong></span> <span class='ocrx_word' id='word_1_447' title='bbox 663 1867 764 1892; x_wconf 84' lang='lat' dir='ltr'><strong>virtute</strong></span> <span class='ocrx_word' id='word_1_448' title='bbox 782 1866 885 1892; x_wconf 83' lang='lat' dir='ltr'><strong>unitum</strong></span> <span class='ocrx_word' id='word_1_449' title='bbox 899 1866 977 1892; x_wconf 72' lang='lat' dir='ltr'><strong>I‘ucrit</strong></span> <span class='ocrx_word' id='word_1_450' title='bbox 997 1872 1005 1891; x_wconf 89' lang='lat'><strong>:</strong></span> 
     </span>
    </p>
   </div>
   <div class='ocr_carea' id='block_1_58' title="bbox 221 1910 1005 1946">
    <p class='ocr_par' dir='ltr' id='par_1_58' title="bbox 221 1910 1005 1946">
     <span class='ocr_line' id='line_1_58' title="bbox 221 1910 1005 1946; baseline 0.003 -10"><span class='ocrx_word' id='word_1_451' title='bbox 221 1918 310 1944; x_wconf 87' lang='lat' dir='ltr'><strong>neque</strong></span> <span class='ocrx_word' id='word_1_452' title='bbox 323 1910 481 1944; x_wconf 79' lang='lat' dir='ltr'><strong>simpliciter</strong></span> <span class='ocrx_word' id='word_1_453' title='bbox 501 1919 533 1938; x_wconf 72' lang='lat' dir='ltr'><strong>ex</strong></span> <span class='ocrx_word' id='word_1_454' title='bbox 553 1911 661 1938; x_wconf 88' lang='lat' dir='ltr'><strong>homine</strong></span> <span class='ocrx_word' id='word_1_455' title='bbox 676 1911 775 1943; x_wconf 83' lang='lat' dir='ltr'><strong>Maria,</strong></span> <span class='ocrx_word' id='word_1_456' title='bbox 793 1911 840 1937; x_wconf 86' lang='lat' dir='ltr'><strong>sed</strong></span> <span class='ocrx_word' id='word_1_457' title='bbox 859 1911 915 1945; x_wconf 87' lang='lat' dir='ltr'><strong>ipsa</strong></span> <span class='ocrx_word' id='word_1_458' title='bbox 931 1911 1005 1946; x_wconf 83' lang='lat' dir='ltr'><strong>prius</strong></span> 
     </span>
    </p>
   </div>
   <div class='ocr_carea' id='block_1_59' title="bbox 221 1955 1006 1992">
    <p class='ocr_par' dir='ltr' id='par_1_59' title="bbox 221 1955 1006 1992">
     <span class='ocr_line' id='line_1_59' title="bbox 221 1955 1006 1992; baseline 0.003 -11"><span class='ocrx_word' id='word_1_459' title='bbox 221 1955 400 1989; x_wconf 75' lang='lat' dir='ltr'><strong>sanctificata,</strong></span> <span class='ocrx_word' id='word_1_460' title='bbox 419 1960 447 1982; x_wconf 90' lang='lat' dir='ltr'><strong>ut</strong></span> <span class='ocrx_word' id='word_1_461' title='bbox 461 1956 530 1984; x_wconf 89' lang='lat' dir='ltr'><strong>Deus</strong></span> <span class='ocrx_word' id='word_1_462' title='bbox 546 1956 664 1984; x_wconf 87' lang='lat' dir='ltr'><strong>Verbum</strong></span> <span class='ocrx_word' id='word_1_463' title='bbox 678 1958 847 1992; x_wconf 87' lang='lat' dir='ltr'><strong>desumptam</strong></span> <span class='ocrx_word' id='word_1_464' title='bbox 861 1966 894 1984; x_wconf 79' lang='lat' dir='ltr'><strong>ex</strong></span> <span class='ocrx_word' id='word_1_465' title='bbox 911 1965 942 1984; x_wconf 86' lang='lat' dir='ltr'><strong>ea</strong></span> <span class='ocrx_word' id='word_1_466' title='bbox 955 1957 1006 1983; x_wconf 92' lang='lat' dir='ltr'><strong>hu-</strong></span> 
     </span>
    </p>
   </div>
   <div class='ocr_carea' id='block_1_60' title="bbox 221 2002 1007 2039">
    <p class='ocr_par' dir='ltr' id='par_1_60' title="bbox 221 2002 1007 2039">
     <span class='ocr_line' id='line_1_60' title="bbox 221 2002 1007 2039; baseline 0.004 -12"><span class='ocrx_word' id='word_1_467' title='bbox 221 2002 388 2032; x_wconf 85' lang='lat' dir='ltr'><strong>manitatem.</strong></span> <span class='ocrx_word' id='word_1_468' title='bbox 405 2006 462 2029; x_wconf 91' lang='lat' dir='ltr'><strong>tum</strong></span> <span class='ocrx_word' id='word_1_469' title='bbox 475 2003 582 2030; x_wconf 91' lang='lat' dir='ltr'><strong>demum</strong></span> <span class='ocrx_word' id='word_1_470' title='bbox 596 2003 771 2038; x_wconf 82' lang='lat' dir='ltr'><strong>participans,</strong></span> <span class='ocrx_word' id='word_1_471' title='bbox 782 2009 808 2031; x_wconf 84' lang='lat' dir='ltr'><strong>et</strong></span> <span class='ocrx_word' id='word_1_472' title='bbox 824 2003 875 2030; x_wconf 87' lang='lat' dir='ltr'><strong>sibi</strong></span> <span class='ocrx_word' id='word_1_473' title='bbox 894 2003 942 2038; x_wconf 90' lang='lat' dir='ltr'><strong>ipsi</strong></span> <span class='ocrx_word' id='word_1_474' title='bbox 960 2011 1007 2039; x_wconf 89' lang='lat' dir='ltr'><strong>per</strong></span> 
     </span>
    </p>
   </div>
   <div class='ocr_carea' id='block_1_61' title="bbox 221 2046 1006 2082">
    <p class='ocr_par' dir='ltr' id='par_1_61' title="bbox 221 2046 1006 2082">
     <span class='ocr_line' id='line_1_61' title="bbox 221 2046 1006 2082; baseline 0.004 -11"><span class='ocrx_word' id='word_1_475' title='bbox 221 2046 401 2072; x_wconf 58' lang='lat' dir='ltr'><strong>oeconomiam</strong></span> <span class='ocrx_word' id='word_1_476' title='bbox 418 2048 516 2073; x_wconf 86' lang='lat' dir='ltr'><strong>uniens</strong></span> <span class='ocrx_word' id='word_1_477' title='bbox 526 2054 626 2082; x_wconf 88' lang='lat' dir='ltr'><strong>corpus</strong></span> <span class='ocrx_word' id='word_1_478' title='bbox 640 2049 798 2079; x_wconf 81' lang='lat' dir='ltr'><strong>animatum,</strong></span> <span class='ocrx_word' id='word_1_479' title='bbox 812 2055 882 2075; x_wconf 88' lang='lat' dir='ltr'><strong>unus</strong></span> <span class='ocrx_word' id='word_1_480' title='bbox 897 2053 922 2075; x_wconf 85' lang='lat' dir='ltr'><strong>et</strong></span> <span class='ocrx_word' id='word_1_481' title='bbox 936 2048 1006 2075; x_wconf 84' lang='lat' dir='ltr'><strong>idem</strong></span> 
     </span>
    </p>
   </div>
   <div class='ocr_carea' id='block_1_62' title="bbox 221 2091 1006 2127">
    <p class='ocr_par' dir='ltr' id='par_1_62' title="bbox 221 2091 1006 2127">
     <span class='ocr_line' id='line_1_62' title="bbox 221 2091 1006 2127; baseline 0.004 -10"><span class='ocrx_word' id='word_1_482' title='bbox 221 2095 295 2118; x_wconf 90' lang='lat' dir='ltr'><strong>essct</strong></span> <span class='ocrx_word' id='word_1_483' title='bbox 309 2091 381 2119; x_wconf 91' lang='lat' dir='ltr'><strong>Deus</strong></span> <span class='ocrx_word' id='word_1_484' title='bbox 395 2096 422 2119; x_wconf 82' lang='lat' dir='ltr'><strong>et</strong></span> <span class='ocrx_word' id='word_1_485' title='bbox 432 2092 524 2119; x_wconf 91' lang='lat' dir='ltr'><strong>homo.</strong></span> <span class='ocrx_word' id='word_1_486' title='bbox 535 2092 622 2127; x_wconf 86' lang='lat' dir='ltr'><strong><em>Apoll.</em></strong></span> <span class='ocrx_word' id='word_1_487' title='bbox 637 2093 730 2120; x_wconf 84' lang='lat' dir='ltr'><strong>Nonne</strong></span> <span class='ocrx_word' id='word_1_488' title='bbox 742 2094 891 2120; x_wconf 84' lang='lat' dir='ltr'><strong>animatum</strong></span> <span class='ocrx_word' id='word_1_489' title='bbox 908 2101 1006 2127; x_wconf 88' lang='lat' dir='ltr'><strong>corpus</strong></span> 
     </span>
    </p>
   </div>
   <div class='ocr_carea' id='block_1_63' title="bbox 222 2136 1007 2173">
    <p class='ocr_par' dir='ltr' id='par_1_63' title="bbox 222 2136 1007 2173">
     <span class='ocr_line' id='line_1_63' title="bbox 222 2136 1007 2173; baseline 0.001 -10"><span class='ocrx_word' id='word_1_490' title='bbox 222 2136 304 2163; x_wconf 91' lang='lat' dir='ltr'><strong>homo</strong></span> <span class='ocrx_word' id='word_1_491' title='bbox 319 2137 382 2163; x_wconf 83' lang='lat' dir='ltr'><strong>est?</strong></span> <span class='ocrx_word' id='word_1_492' title='bbox 394 2136 469 2164; x_wconf 82' lang='lat' dir='ltr'><strong>Orth.</strong></span> <span class='ocrx_word' id='word_1_493' title='bbox 483 2137 542 2164; x_wconf 86' lang='lat' dir='ltr'><strong>Non</strong></span> <span class='ocrx_word' id='word_1_494' title='bbox 558 2137 673 2172; x_wconf 86' lang='lat' dir='ltr'><strong>quodvis</strong></span> <span class='ocrx_word' id='word_1_495' title='bbox 689 2139 837 2164; x_wconf 89' lang='lat' dir='ltr'><strong>animatum</strong></span> <span class='ocrx_word' id='word_1_496' title='bbox 850 2146 949 2173; x_wconf 90' lang='lat' dir='ltr'><strong>corpus</strong></span> <span class='ocrx_word' id='word_1_497' title='bbox 965 2142 1007 2165; x_wconf 91' lang='lat' dir='ltr'><strong>est</strong></span> 
     </span>
    </p>
   </div>
   <div class='ocr_carea' id='block_1_64' title="bbox 1053 900 1847 937">
    <p class='ocr_par' dir='ltr' id='par_1_64' title="bbox 1053 900 1847 937">
     <span class='ocr_line' id='line_1_64' title="bbox 1053 900 1847 937; baseline 0.001 -10"><span class='ocrx_word' id='word_1_498' title='bbox 1053 901 1144 935; x_wconf 77' lang='grc' dir='ltr'>ἔλεγεν</span> <span class='ocrx_word' id='word_1_499' title='bbox 1169 901 1250 937; x_wconf 85' lang='grc' dir='ltr'><strong>ζωήν.</strong></span> <span class='ocrx_word' id='word_1_500' title='bbox 1275 902 1350 934; x_wconf 69' lang='grc' dir='ltr'><strong>’(ὶρθ.</strong></span> <span class='ocrx_word' id='word_1_501' title='bbox 1364 901 1479 928; x_wconf 82' lang='grc' dir='ltr'>Δυνατὺν</span> <span class='ocrx_word' id='word_1_502' title='bbox 1500 900 1554 935; x_wconf 83' lang='grc' dir='ltr'>γὰρ</span> <span class='ocrx_word' id='word_1_503' title='bbox 1576 900 1746 936; x_wconf 68' lang='grc' dir='ltr'>ἀνθρωπίνην</span> <span class='ocrx_word' id='word_1_504' title='bbox 1767 901 1847 937; x_wconf 79' lang='grc' dir='ltr'>ζωὴν</span> 
     </span>
    </p>
   </div>
   <div class='ocr_carea' id='block_1_65' title="bbox 1053 944 1844 981">
    <p class='ocr_par' dir='ltr' id='par_1_65' title="bbox 1053 944 1844 981">
     <span class='ocr_line' id='line_1_65' title="bbox 1053 944 1844 981; baseline -0.001 -9"><span class='ocrx_word' id='word_1_505' title='bbox 1053 944 1132 978; x_wconf 78' lang='grc' dir='ltr'>εἶναι,</span> <span class='ocrx_word' id='word_1_506' title='bbox 1162 946 1199 981; x_wconf 85' lang='grc' dir='ltr'><strong>μὴ</strong></span> <span class='ocrx_word' id='word_1_507' title='bbox 1224 945 1364 980; x_wconf 84' lang='grc' dir='ltr'><strong>παρούσης</strong></span> <span class='ocrx_word' id='word_1_508' title='bbox 1387 945 1494 980; x_wconf 46' lang='grc' dir='ltr'>ψυχῆς</span> <span class='ocrx_word' id='word_1_509' title='bbox 1525 946 1641 972; x_wconf 70' lang='grc' dir='ltr'><strong>Ἀπολλ.</strong></span> <span class='ocrx_word' id='word_1_510' title='bbox 1675 946 1728 971; x_wconf 80' lang='grc' dir='ltr'><strong>Καὶ</strong></span> <span class='ocrx_word' id='word_1_511' title='bbox 1755 946 1844 972; x_wconf 81' lang='grc' dir='ltr'><strong>πάνυ.</strong></span> 
     </span>
    </p>
   </div>
   <div class='ocr_carea' id='block_1_66' title="bbox 1056 991 1846 1029">
    <p class='ocr_par' dir='ltr' id='par_1_66' title="bbox 1056 991 1846 1029">
     <span class='ocr_line' id='line_1_66' title="bbox 1056 991 1846 1029; baseline 0.001 -10"><span class='ocrx_word' id='word_1_512' title='bbox 1056 1002 1065 1018; x_wconf 82' lang='grc' dir='ltr'><strong>ι</strong></span> <span class='ocrx_word' id='word_1_513' title='bbox 1085 993 1113 1019; x_wconf 92' lang='lat' dir='ltr'><strong>&#39;O</strong></span> <span class='ocrx_word' id='word_1_514' title='bbox 1127 992 1180 1028; x_wconf 78' lang='grc' dir='ltr'><strong>γὰρ</strong></span> <span class='ocrx_word' id='word_1_515' title='bbox 1195 992 1259 1023; x_wconf 78' lang='grc' dir='ltr'><strong>Θεὸς</strong></span> <span class='ocrx_word' id='word_1_516' title='bbox 1275 993 1320 1018; x_wconf 74' lang='grc' dir='ltr'><strong>ἐπὶ</strong></span> <span class='ocrx_word' id='word_1_517' title='bbox 1332 992 1380 1027; x_wconf 82' lang='grc' dir='ltr'><strong>τῆς</strong></span> <span class='ocrx_word' id='word_1_518' title='bbox 1390 992 1441 1027; x_wconf 84' lang='grc' dir='ltr'>γῆς</span> <span class='ocrx_word' id='word_1_519' title='bbox 1455 991 1542 1027; x_wconf 63' lang='grc' dir='ltr'>ὤφθη,</span> <span class='ocrx_word' id='word_1_520' title='bbox 1557 992 1601 1019; x_wconf 68' lang='grc' dir='ltr'>καὶ</span> <span class='ocrx_word' id='word_1_521' title='bbox 1616 993 1645 1018; x_wconf 83' lang='grc' dir='ltr'><strong>ὲν</strong></span> <span class='ocrx_word' id='word_1_522' title='bbox 1661 994 1717 1024; x_wconf 83' lang='grc' dir='ltr'>τοῖς</span> <span class='ocrx_word' id='word_1_523' title='bbox 1732 993 1846 1029; x_wconf 82' lang='grc' dir='ltr'>ἀνθρώ-</span> 
     </span>
    </p>
   </div>
   <div class='ocr_carea' id='block_1_67' title="bbox 1054 1039 1370 1074">
    <p class='ocr_par' dir='ltr' id='par_1_67' title="bbox 1054 1039 1370 1074">
     <span class='ocr_line' id='line_1_67' title="bbox 1054 1039 1370 1074; baseline -0.003 -9"><span class='ocrx_word' id='word_1_524' title='bbox 1054 1047 1114 1070; x_wconf 87' lang='grc' dir='ltr'>ποις</span> <span class='ocrx_word' id='word_1_525' title='bbox 1128 1039 1343 1074; x_wconf 79' lang='grc' dir='ltr'><strong>συνανεστράφη.</strong></span> <span class='ocrx_word' id='word_1_526' title='bbox 1360 1047 1370 1064; x_wconf 69' lang='grc' dir='ltr'><strong>ι</strong></span> 
     </span>
    </p>
   </div>
   <div class='ocr_carea' id='block_1_68' title="bbox 1089 1180 1842 1217">
    <p class='ocr_par' dir='ltr' id='par_1_68' title="bbox 1089 1180 1842 1217">
     <span class='ocr_line' id='line_1_68' title="bbox 1089 1180 1842 1217; baseline 0 -9"><span class='ocrx_word' id='word_1_527' title='bbox 1089 1181 1116 1208; x_wconf 78' lang='grc'><strong>2.</strong></span> <span class='ocrx_word' id='word_1_528' title='bbox 1140 1182 1215 1215; x_wconf 85' lang='grc' dir='ltr'>Ὀρθ.</span> <span class='ocrx_word' id='word_1_529' title='bbox 1245 1181 1333 1216; x_wconf 76' lang='grc' dir='ltr'>Ὤφθη</span> <span class='ocrx_word' id='word_1_530' title='bbox 1358 1180 1387 1207; x_wconf 83' lang='grc' dir='ltr'><strong>δὲ</strong></span> <span class='ocrx_word' id='word_1_531' title='bbox 1415 1181 1429 1207; x_wconf 82' lang='grc' dir='ltr'>ὁ</span> <span class='ocrx_word' id='word_1_532' title='bbox 1454 1181 1487 1216; x_wconf 82' lang='grc' dir='ltr'><strong>τῇ</strong></span> <span class='ocrx_word' id='word_1_533' title='bbox 1511 1181 1590 1215; x_wconf 77' lang='grc' dir='ltr'>φύσει</span> <span class='ocrx_word' id='word_1_534' title='bbox 1614 1180 1729 1217; x_wconf 61' lang='grc' dir='ltr'>ἀόρατος</span> <span class='ocrx_word' id='word_1_535' title='bbox 1760 1182 1842 1215; x_wconf 84' lang='grc' dir='ltr'><strong>πῶς;</strong></span> 
     </span>
    </p>
   </div>
   <div class='ocr_carea' id='block_1_69' title="bbox 1061 1225 1842 1264">
    <p class='ocr_par' dir='ltr' id='par_1_69' title="bbox 1061 1225 1842 1264">
     <span class='ocr_line' id='line_1_69' title="bbox 1061 1225 1842 1264; baseline 0 -9"><span class='ocrx_word' id='word_1_536' title='bbox 1061 1228 1182 1255; x_wconf 71' lang='grc' dir='ltr'><strong>Ἀπολλ.</strong></span> <span class='ocrx_word' id='word_1_537' title='bbox 1214 1227 1308 1263; x_wconf 84' lang='grc' dir='ltr'>Σαρκί.</span> <span class='ocrx_word' id='word_1_538' title='bbox 1340 1227 1416 1261; x_wconf 82' lang='grc' dir='ltr'>Ὀρθ.</span> <span class='ocrx_word' id='word_1_539' title='bbox 1441 1227 1544 1263; x_wconf 80' lang='grc' dir='ltr'><strong>’Ὠσπερ</strong></span> <span class='ocrx_word' id='word_1_540' title='bbox 1577 1225 1624 1254; x_wconf 81' lang='grc' dir='ltr'><strong>οὖν</strong></span> <span class='ocrx_word' id='word_1_541' title='bbox 1651 1228 1750 1264; x_wconf 84' lang='grc' dir='ltr'>σαρκός</span> <span class='ocrx_word' id='word_1_542' title='bbox 1781 1229 1842 1255; x_wconf 76' lang='grc' dir='ltr'><strong>ἐστι</strong></span> 
     </span>
    </p>
   </div>
   <div class='ocr_carea' id='block_1_70' title="bbox 1054 1265 1840 1309">
    <p class='ocr_par' dir='ltr' id='par_1_70' title="bbox 1054 1265 1840 1309">
     <span class='ocr_line' id='line_1_70' title="bbox 1054 1265 1840 1309; baseline 0 -9"><span class='ocrx_word' id='word_1_543' title='bbox 1054 1274 1084 1300; x_wconf 73' lang='grc' dir='ltr'>τὸ</span> <span class='ocrx_word' id='word_1_544' title='bbox 1106 1273 1259 1308; x_wconf 82' lang='grc' dir='ltr'>φαίνεσθαι,</span> <span class='ocrx_word' id='word_1_545' title='bbox 1283 1273 1353 1299; x_wconf 76' lang='grc' dir='ltr'>οὕτω</span> <span class='ocrx_word' id='word_1_546' title='bbox 1374 1265 1421 1299; x_wconf 69' lang='grc' dir='ltr'><strong>καὶ</strong></span> <span class='ocrx_word' id='word_1_547' title='bbox 1447 1273 1535 1309; x_wconf 78' lang='grc' dir='ltr'>ψυχῆς</span> <span class='ocrx_word' id='word_1_548' title='bbox 1561 1274 1840 1309; x_wconf 75' lang='grc' dir='ltr'>συναναστρέφεσθαι.</span> 
     </span>
    </p>
   </div>
   <div class='ocr_carea' id='block_1_71' title="bbox 1061 1317 1840 1355">
    <p class='ocr_par' dir='ltr' id='par_1_71' title="bbox 1061 1317 1840 1355">
     <span class='ocr_line' id='line_1_71' title="bbox 1061 1317 1840 1355; baseline 0.003 -11"><span class='ocrx_word' id='word_1_549' title='bbox 1061 1319 1200 1345; x_wconf 77' lang='grc' dir='ltr'><strong>Ἀδύνατον</strong></span> <span class='ocrx_word' id='word_1_550' title='bbox 1227 1319 1255 1344; x_wconf 78' lang='grc' dir='ltr'><strong>δὲ</strong></span> <span class='ocrx_word' id='word_1_551' title='bbox 1280 1318 1325 1344; x_wconf 76' lang='grc' dir='ltr'><strong>τὸν</strong></span> <span class='ocrx_word' id='word_1_552' title='bbox 1339 1319 1372 1353; x_wconf 83' lang='grc' dir='ltr'><strong>τῇ</strong></span> <span class='ocrx_word' id='word_1_553' title='bbox 1398 1317 1476 1352; x_wconf 73' lang='grc' dir='ltr'>φύσει</span> <span class='ocrx_word' id='word_1_554' title='bbox 1503 1319 1617 1354; x_wconf 84' lang='grc' dir='ltr'>ἀόρατον</span> <span class='ocrx_word' id='word_1_555' title='bbox 1639 1319 1781 1354; x_wconf 75' lang='grc' dir='ltr'>ὁραθῆναι,</span> <span class='ocrx_word' id='word_1_556' title='bbox 1802 1321 1840 1355; x_wconf 84' lang='grc' dir='ltr'><strong>μὴ</strong></span> 
     </span>
    </p>
   </div>
   <div class='ocr_carea' id='block_1_72' title="bbox 1055 1363 1842 1401">
    <p class='ocr_par' dir='ltr' id='par_1_72' title="bbox 1055 1363 1842 1401">
     <span class='ocr_line' id='line_1_72' title="bbox 1055 1363 1842 1401; baseline 0.001 -10"><span class='ocrx_word' id='word_1_557' title='bbox 1055 1364 1186 1391; x_wconf 76' lang='grc' dir='ltr'><strong>ἑνωθέντα</strong></span> <span class='ocrx_word' id='word_1_558' title='bbox 1203 1363 1307 1399; x_wconf 85' lang='grc' dir='ltr'>σώματι</span> <span class='ocrx_word' id='word_1_559' title='bbox 1328 1364 1366 1400; x_wconf 80' lang='grc' dir='ltr'><strong>τῷ</strong></span> <span class='ocrx_word' id='word_1_560' title='bbox 1386 1364 1524 1400; x_wconf 80' lang='grc' dir='ltr'><strong>δυναμένῳ</strong></span> <span class='ocrx_word' id='word_1_561' title='bbox 1540 1365 1686 1401; x_wconf 85' lang='grc' dir='ltr'>ὁραθῆναι·</span> <span class='ocrx_word' id='word_1_562' title='bbox 1709 1366 1757 1392; x_wconf 75' lang='grc' dir='ltr'>καὶ</span> <span class='ocrx_word' id='word_1_563' title='bbox 1775 1366 1842 1392; x_wconf 78' lang='grc' dir='ltr'><strong>ἁδύ-</strong></span> 
     </span>
    </p>
   </div>
   <div class='ocr_carea' id='block_1_73' title="bbox 1055 1410 1842 1446">
    <p class='ocr_par' dir='ltr' id='par_1_73' title="bbox 1055 1410 1842 1446">
     <span class='ocr_line' id='line_1_73' title="bbox 1055 1410 1842 1446; baseline 0.001 -9"><span class='ocrx_word' id='word_1_564' title='bbox 1055 1419 1133 1437; x_wconf 76' lang='grc' dir='ltr'>νατον</span> <span class='ocrx_word' id='word_1_565' title='bbox 1154 1410 1198 1436; x_wconf 86' lang='grc' dir='ltr'><strong>τὸν</strong></span> <span class='ocrx_word' id='word_1_566' title='bbox 1216 1411 1248 1445; x_wconf 85' lang='grc' dir='ltr'><strong>τῇ</strong></span> <span class='ocrx_word' id='word_1_567' title='bbox 1266 1410 1342 1444; x_wconf 74' lang='grc' dir='ltr'>φύσει</span> <span class='ocrx_word' id='word_1_568' title='bbox 1360 1410 1451 1446; x_wconf 85' lang='grc' dir='ltr'>ἀπαθῆ</span> <span class='ocrx_word' id='word_1_569' title='bbox 1473 1411 1567 1438; x_wconf 75' lang='grc' dir='ltr'>παθεῖν</span> <span class='ocrx_word' id='word_1_570' title='bbox 1588 1411 1635 1437; x_wconf 82' lang='grc' dir='ltr'>καὶ</span> <span class='ocrx_word' id='word_1_571' title='bbox 1652 1419 1842 1446; x_wconf 80' lang='grc' dir='ltr'>συναναστρα-</span> 
     </span>
    </p>
   </div>
   <div class='ocr_carea' id='block_1_74' title="bbox 1055 1455 1841 1492">
    <p class='ocr_par' dir='ltr' id='par_1_74' title="bbox 1055 1455 1841 1492">
     <span class='ocr_line' id='line_1_74' title="bbox 1055 1455 1841 1492; baseline 0.001 -10"><span class='ocrx_word' id='word_1_572' title='bbox 1055 1456 1137 1490; x_wconf 80' lang='grc' dir='ltr'>φῆναι</span> <span class='ocrx_word' id='word_1_573' title='bbox 1151 1455 1312 1490; x_wconf 81' lang='grc' dir='ltr'>ἀνθρώποις,</span> <span class='ocrx_word' id='word_1_574' title='bbox 1333 1456 1370 1490; x_wconf 84' lang='grc' dir='ltr'><strong>μὴ</strong></span> <span class='ocrx_word' id='word_1_575' title='bbox 1390 1455 1521 1482; x_wconf 83' lang='grc' dir='ltr'>ὲνωθέντα</span> <span class='ocrx_word' id='word_1_576' title='bbox 1537 1455 1641 1491; x_wconf 82' lang='grc' dir='ltr'>σώματι</span> <span class='ocrx_word' id='word_1_577' title='bbox 1655 1456 1782 1492; x_wconf 71' lang='grc' dir='ltr'><strong>ἐμψύχῳ,</strong></span> <span class='ocrx_word' id='word_1_578' title='bbox 1801 1457 1841 1492; x_wconf 82' lang='grc' dir='ltr'><strong>τῷ</strong></span> 
     </span>
    </p>
   </div>
   <div class='ocr_carea' id='block_1_75' title="bbox 1055 1500 1841 1536">
    <p class='ocr_par' dir='ltr' id='par_1_75' title="bbox 1055 1500 1841 1536">
     <span class='ocr_line' id='line_1_75' title="bbox 1055 1500 1841 1536; baseline 0.001 -9"><span class='ocrx_word' id='word_1_579' title='bbox 1055 1500 1194 1535; x_wconf 82' lang='grc' dir='ltr'><strong>δυναμένῳ</strong></span> <span class='ocrx_word' id='word_1_580' title='bbox 1208 1500 1302 1526; x_wconf 84' lang='grc' dir='ltr'>παθεῖν</span> <span class='ocrx_word' id='word_1_581' title='bbox 1320 1500 1448 1532; x_wconf 79' lang='grc' dir='ltr'><strong>ἑκουσίως</strong></span> <span class='ocrx_word' id='word_1_582' title='bbox 1465 1501 1511 1527; x_wconf 75' lang='grc' dir='ltr'><strong>κα)⁸</strong></span> <span class='ocrx_word' id='word_1_583' title='bbox 1526 1502 1781 1536; x_wconf 78' lang='grc' dir='ltr'><strong>συναναστραφῆναι</strong></span> <span class='ocrx_word' id='word_1_584' title='bbox 1794 1503 1841 1528; x_wconf 85' lang='grc' dir='ltr'><strong>ἁν-</strong></span> 
     </span>
    </p>
   </div>
   <div class='ocr_carea' id='block_1_76' title="bbox 1057 1546 1840 1584">
    <p class='ocr_par' dir='ltr' id='par_1_76' title="bbox 1057 1546 1840 1584">
     <span class='ocr_line' id='line_1_76' title="bbox 1057 1546 1840 1584; baseline 0.003 -12"><span class='ocrx_word' id='word_1_585' title='bbox 1057 1546 1184 1582; x_wconf 84' lang='grc' dir='ltr'>θρώποις.</span> <span class='ocrx_word' id='word_1_586' title='bbox 1205 1547 1287 1581; x_wconf 79' lang='grc' dir='ltr'><strong>Σῶμα</strong></span> <span class='ocrx_word' id='word_1_587' title='bbox 1311 1546 1339 1572; x_wconf 82' lang='grc' dir='ltr'><strong>δὲ</strong></span> <span class='ocrx_word' id='word_1_588' title='bbox 1362 1546 1489 1581; x_wconf 78' lang='grc' dir='ltr'><strong>ἔμψυχον,</strong></span> <span class='ocrx_word' id='word_1_589' title='bbox 1516 1546 1604 1582; x_wconf 75' lang='grc' dir='ltr'>ψυχὴν</span> <span class='ocrx_word' id='word_1_590' title='bbox 1623 1547 1693 1582; x_wconf 79' lang='grc' dir='ltr'>ἔχον,</span> <span class='ocrx_word' id='word_1_591' title='bbox 1718 1547 1840 1584; x_wconf 70' lang='grc' dir='ltr'><strong>ἔμψυχόν</strong></span> 
     </span>
    </p>
   </div>
   <div class='ocr_carea' id='block_1_77' title="bbox 1057 1591 1840 1627">
    <p class='ocr_par' dir='ltr' id='par_1_77' title="bbox 1057 1591 1840 1627">
     <span class='ocr_line' id='line_1_77' title="bbox 1057 1591 1840 1627; baseline 0 -9"><span class='ocrx_word' id='word_1_592' title='bbox 1057 1593 1126 1624; x_wconf 74' lang='grc' dir='ltr'><strong>ἐστι,</strong></span> <span class='ocrx_word' id='word_1_593' title='bbox 1142 1591 1193 1618; x_wconf 86' lang='grc' dir='ltr'><strong>κᾶν</strong></span> <span class='ocrx_word' id='word_1_594' title='bbox 1208 1591 1298 1627; x_wconf 78' lang='grc' dir='ltr'>θέλῃς,</span> <span class='ocrx_word' id='word_1_595' title='bbox 1315 1591 1365 1618; x_wconf 73' lang='grc' dir='ltr'><strong>κᾶν</strong></span> <span class='ocrx_word' id='word_1_596' title='bbox 1381 1591 1419 1627; x_wconf 82' lang='grc' dir='ltr'><strong>μὴ</strong></span> <span class='ocrx_word' id='word_1_597' title='bbox 1441 1591 1659 1627; x_wconf 76' lang='grc' dir='ltr'><strong>θέλῃς.Ἀπολλ.</strong></span> <span class='ocrx_word' id='word_1_598' title='bbox 1677 1592 1840 1627; x_wconf 69' lang='grc' dir='ltr'>Ἄνθρωπος</span> 
     </span>
    </p>
   </div>
   <div class='ocr_carea' id='block_1_78' title="bbox 1056 1635 1840 1674">
    <p class='ocr_par' dir='ltr' id='par_1_78' title="bbox 1056 1635 1840 1674">
     <span class='ocr_line' id='line_1_78' title="bbox 1056 1635 1840 1674; baseline 0.001 -10"><span class='ocrx_word' id='word_1_599' title='bbox 1056 1635 1103 1664; x_wconf 84' lang='grc' dir='ltr'>οὖν</span> <span class='ocrx_word' id='word_1_600' title='bbox 1121 1637 1195 1671; x_wconf 81' lang='grc' dir='ltr'>ψιλὸς</span> <span class='ocrx_word' id='word_1_601' title='bbox 1218 1637 1273 1671; x_wconf 79' lang='lat' dir='ltr'><strong>(Gl)</strong></span> <span class='ocrx_word' id='word_1_602' title='bbox 1296 1636 1394 1663; x_wconf 73' lang='grc' dir='ltr'>ἔπαθεν</span> <span class='ocrx_word' id='word_1_603' title='bbox 1419 1637 1488 1672; x_wconf 82' lang='grc' dir='ltr'>ὑπὲρ</span> <span class='ocrx_word' id='word_1_604' title='bbox 1516 1637 1603 1672; x_wconf 77' lang='grc' dir='ltr'>ἡμῶν.</span> <span class='ocrx_word' id='word_1_605' title='bbox 1629 1638 1704 1672; x_wconf 80' lang='grc' dir='ltr'>Ὀρθ.</span> <span class='ocrx_word' id='word_1_606' title='bbox 1728 1638 1775 1674; x_wconf 84' lang='grc' dir='ltr'><strong>Μὴ</strong></span> <span class='ocrx_word' id='word_1_607' title='bbox 1795 1639 1840 1673; x_wconf 78' lang='grc' dir='ltr'><strong>γέ-</strong></span> 
     </span>
    </p>
   </div>
   <div class='ocr_carea' id='block_1_79' title="bbox 1057 1682 1839 1720">
    <p class='ocr_par' dir='ltr' id='par_1_79' title="bbox 1057 1682 1839 1720">
     <span class='ocr_line' id='line_1_79' title="bbox 1057 1682 1839 1720; baseline 0.003 -11"><span class='ocrx_word' id='word_1_608' title='bbox 1057 1692 1126 1710; x_wconf 86' lang='grc' dir='ltr'>νοιτο</span> <span class='ocrx_word' id='word_1_609' title='bbox 1139 1684 1144 1709; x_wconf 92' lang='lat'><strong>!</strong></span> <span class='ocrx_word' id='word_1_610' title='bbox 1165 1682 1243 1709; x_wconf 70' lang='grc' dir='ltr'>Ἀλλὰ</span> <span class='ocrx_word' id='word_1_611' title='bbox 1253 1683 1328 1714; x_wconf 76' lang='grc' dir='ltr'>Θεὸς,</span> <span class='ocrx_word' id='word_1_612' title='bbox 1344 1683 1483 1718; x_wconf 74' lang='grc' dir='ltr'>βουληθεὶς</span> <span class='ocrx_word' id='word_1_613' title='bbox 1498 1683 1623 1718; x_wconf 74' lang='grc' dir='ltr'>ὀφθῆναι,</span> <span class='ocrx_word' id='word_1_614' title='bbox 1634 1685 1737 1719; x_wconf 80' lang='grc' dir='ltr'><strong>ἥνωσεν</strong></span> <span class='ocrx_word' id='word_1_615' title='bbox 1750 1684 1839 1720; x_wconf 82' lang='grc' dir='ltr'><strong>ἑαυτῷ</strong></span> 
     </span>
    </p>
   </div>
   <div class='ocr_carea' id='block_1_80' title="bbox 1058 1728 1836 1764">
    <p class='ocr_par' dir='ltr' id='par_1_80' title="bbox 1058 1728 1836 1764">
     <span class='ocr_line' id='line_1_80' title="bbox 1058 1728 1836 1764; baseline 0.003 -10"><span class='ocrx_word' id='word_1_616' title='bbox 1058 1728 1136 1763; x_wconf 82' lang='grc' dir='ltr'>σῶμα</span> <span class='ocrx_word' id='word_1_617' title='bbox 1151 1729 1181 1754; x_wconf 82' lang='grc' dir='ltr'>τὸ</span> <span class='ocrx_word' id='word_1_618' title='bbox 1200 1728 1345 1763; x_wconf 78' lang='grc' dir='ltr'><strong>δυνάμενον</strong></span> <span class='ocrx_word' id='word_1_619' title='bbox 1359 1728 1472 1763; x_wconf 61' lang='grc' dir='ltr'>ὀφθῆναι</span> <span class='ocrx_word' id='word_1_620' title='bbox 1483 1736 1489 1743; x_wconf 89' lang='grc'><strong>·</strong></span> <span class='ocrx_word' id='word_1_621' title='bbox 1508 1729 1555 1755; x_wconf 79' lang='grc' dir='ltr'>καὶ</span> <span class='ocrx_word' id='word_1_622' title='bbox 1570 1729 1708 1764; x_wconf 77' lang='grc' dir='ltr'><strong>βουληθεὶς</strong></span> <span class='ocrx_word' id='word_1_623' title='bbox 1728 1729 1836 1761; x_wconf 80' lang='grc' dir='ltr'>παθεῖν,</span> 
     </span>
    </p>
   </div>
   <div class='ocr_carea' id='block_1_81' title="bbox 1056 1774 1837 1809">
    <p class='ocr_par' dir='ltr' id='par_1_81' title="bbox 1056 1774 1837 1809">
     <span class='ocr_line' id='line_1_81' title="bbox 1056 1774 1837 1809; baseline 0.003 -9"><span class='ocrx_word' id='word_1_624' title='bbox 1056 1774 1159 1809; x_wconf 74' lang='grc' dir='ltr'><strong>ἥνωσεν</strong></span> <span class='ocrx_word' id='word_1_625' title='bbox 1184 1774 1270 1809; x_wconf 74' lang='grc' dir='ltr'><strong>ἑαυτῷ</strong></span> <span class='ocrx_word' id='word_1_626' title='bbox 1294 1774 1372 1808; x_wconf 83' lang='grc' dir='ltr'><strong>σῶμα</strong></span> <span class='ocrx_word' id='word_1_627' title='bbox 1390 1774 1509 1809; x_wconf 70' lang='grc' dir='ltr'><strong>ἔμψυχον</strong></span> <span class='ocrx_word' id='word_1_628' title='bbox 1522 1775 1553 1800; x_wconf 82' lang='grc' dir='ltr'>τὸ</span> <span class='ocrx_word' id='word_1_629' title='bbox 1572 1775 1717 1809; x_wconf 81' lang='grc' dir='ltr'>δυνάμενον</span> <span class='ocrx_word' id='word_1_630' title='bbox 1742 1776 1837 1802; x_wconf 83' lang='grc' dir='ltr'>παθεῖν</span> 
     </span>
    </p>
   </div>
   <div class='ocr_carea' id='block_1_82' title="bbox 1056 1820 1838 1856">
    <p class='ocr_par' dir='ltr' id='par_1_82' title="bbox 1056 1820 1838 1856">
     <span class='ocr_line' id='line_1_82' title="bbox 1056 1820 1838 1856; baseline 0.003 -11"><span class='ocrx_word' id='word_1_631' title='bbox 1056 1820 1195 1852; x_wconf 77' lang='grc' dir='ltr'><strong>ἑκουσίως,</strong></span> <span class='ocrx_word' id='word_1_632' title='bbox 1211 1820 1240 1846; x_wconf 77' lang='grc' dir='ltr'><strong>οὐ</strong></span> <span class='ocrx_word' id='word_1_633' title='bbox 1261 1820 1390 1855; x_wconf 85' lang='grc' dir='ltr'>πρότερον</span> <span class='ocrx_word' id='word_1_634' title='bbox 1403 1820 1536 1856; x_wconf 78' lang='grc' dir='ltr'><strong>ὑπάρξαν,</strong></span> <span class='ocrx_word' id='word_1_635' title='bbox 1567 1821 1614 1847; x_wconf 84' lang='grc' dir='ltr'>καὶ</span> <span class='ocrx_word' id='word_1_636' title='bbox 1629 1821 1688 1847; x_wconf 82' lang='grc' dir='ltr'><strong>τότε</strong></span> <span class='ocrx_word' id='word_1_637' title='bbox 1701 1822 1763 1847; x_wconf 80' lang='grc' dir='ltr'>κατ’</span> <span class='ocrx_word' id='word_1_638' title='bbox 1777 1822 1838 1856; x_wconf 75' lang='grc' dir='ltr'><strong>ἁρε-</strong></span> 
     </span>
    </p>
   </div>
   <div class='ocr_carea' id='block_1_83' title="bbox 1056 1865 1835 1902">
    <p class='ocr_par' dir='ltr' id='par_1_83' title="bbox 1056 1865 1835 1902">
     <span class='ocr_line' id='line_1_83' title="bbox 1056 1865 1835 1902; baseline 0.003 -10"><span class='ocrx_word' id='word_1_639' title='bbox 1056 1865 1105 1900; x_wconf 82' lang='grc' dir='ltr'><strong>τὴν</strong></span> <span class='ocrx_word' id='word_1_640' title='bbox 1121 1865 1234 1892; x_wconf 79' lang='grc' dir='ltr'><strong>ἑνωθέν·</strong></span> <span class='ocrx_word' id='word_1_641' title='bbox 1256 1866 1317 1892; x_wconf 77' lang='grc' dir='ltr'><strong>οὔτε</strong></span> <span class='ocrx_word' id='word_1_642' title='bbox 1333 1867 1362 1899; x_wconf 78' lang='grc' dir='ltr'>ἐξ</span> <span class='ocrx_word' id='word_1_643' title='bbox 1382 1865 1525 1902; x_wconf 83' lang='grc' dir='ltr'><strong>ἀνθρώπου</strong></span> <span class='ocrx_word' id='word_1_644' title='bbox 1541 1866 1633 1898; x_wconf 83' lang='grc' dir='ltr'>ἁπλῶς</span> <span class='ocrx_word' id='word_1_645' title='bbox 1648 1867 1696 1902; x_wconf 75' lang='grc' dir='ltr'><strong>τῆς</strong></span> <span class='ocrx_word' id='word_1_646' title='bbox 1716 1867 1835 1902; x_wconf 76' lang='grc' dir='ltr'>Μαρίας.</span> 
     </span>
    </p>
   </div>
   <div class='ocr_carea' id='block_1_84' title="bbox 1057 1911 1838 1947">
    <p class='ocr_par' dir='ltr' id='par_1_84' title="bbox 1057 1911 1838 1947">
     <span class='ocr_line' id='line_1_84' title="bbox 1057 1911 1838 1947; baseline 0.003 -11"><span class='ocrx_word' id='word_1_647' title='bbox 1057 1911 1124 1937; x_wconf 84' lang='grc' dir='ltr'>ἀλλὰ</span> <span class='ocrx_word' id='word_1_648' title='bbox 1140 1911 1269 1947; x_wconf 82' lang='grc' dir='ltr'>πρότερον</span> <span class='ocrx_word' id='word_1_649' title='bbox 1286 1911 1371 1945; x_wconf 78' lang='grc' dir='ltr'>αὐτῆς</span> <span class='ocrx_word' id='word_1_650' title='bbox 1393 1911 1578 1946; x_wconf 75' lang='grc' dir='ltr'>ἁγιασθείσης,</span> <span class='ocrx_word' id='word_1_651' title='bbox 1599 1911 1646 1938; x_wconf 79' lang='grc' dir='ltr'><strong>καὶ</strong></span> <span class='ocrx_word' id='word_1_652' title='bbox 1663 1911 1723 1937; x_wconf 73' lang='grc' dir='ltr'><strong>τότε</strong></span> <span class='ocrx_word' id='word_1_653' title='bbox 1742 1911 1773 1943; x_wconf 75' lang='grc' dir='ltr'><strong>ἐξ</strong></span> <span class='ocrx_word' id='word_1_654' title='bbox 1791 1912 1838 1938; x_wconf 77' lang='grc' dir='ltr'><strong>αὑ-</strong></span> 
     </span>
    </p>
   </div>
   <div class='ocr_carea' id='block_1_85' title="bbox 1057 1955 1834 1992">
    <p class='ocr_par' dir='ltr' id='par_1_85' title="bbox 1057 1955 1834 1992">
     <span class='ocr_line' id='line_1_85' title="bbox 1057 1955 1834 1992; baseline 0.003 -11"><span class='ocrx_word' id='word_1_655' title='bbox 1057 1957 1106 1991; x_wconf 81' lang='grc' dir='ltr'>τῆς</span> <span class='ocrx_word' id='word_1_656' title='bbox 1118 1956 1295 1991; x_wconf 66' lang='grc' dir='ltr'><strong>μετασχόντος</strong></span> <span class='ocrx_word' id='word_1_657' title='bbox 1311 1956 1357 1982; x_wconf 77' lang='grc' dir='ltr'><strong>τοῦ</strong></span> <span class='ocrx_word' id='word_1_658' title='bbox 1369 1956 1436 1982; x_wconf 78' lang='grc' dir='ltr'><strong>Θεοῦ</strong></span> <span class='ocrx_word' id='word_1_659' title='bbox 1451 1956 1536 1990; x_wconf 77' lang='grc' dir='ltr'><strong>Λόγου</strong></span> <span class='ocrx_word' id='word_1_660' title='bbox 1553 1957 1602 1991; x_wconf 76' lang='grc' dir='ltr'><strong>τῆς</strong></span> <span class='ocrx_word' id='word_1_661' title='bbox 1618 1955 1834 1992; x_wconf 71' lang='grc' dir='ltr'><strong>ἀνθρωπὸτητος,</strong></span> 
     </span>
    </p>
   </div>
   <div class='ocr_carea' id='block_1_86' title="bbox 1057 2000 1835 2037">
    <p class='ocr_par' dir='ltr' id='par_1_86' title="bbox 1057 2000 1835 2037">
     <span class='ocr_line' id='line_1_86' title="bbox 1057 2000 1835 2037; baseline 0.001 -10"><span class='ocrx_word' id='word_1_662' title='bbox 1057 2002 1103 2028; x_wconf 79' lang='grc' dir='ltr'>καὶ</span> <span class='ocrx_word' id='word_1_663' title='bbox 1116 2000 1263 2033; x_wconf 80' lang='grc' dir='ltr'><strong>ἑνώσαντος</strong></span> <span class='ocrx_word' id='word_1_664' title='bbox 1277 2001 1364 2036; x_wconf 81' lang='grc' dir='ltr'><strong>ἐαυτῷ</strong></span> <span class='ocrx_word' id='word_1_665' title='bbox 1377 2002 1436 2028; x_wconf 81' lang='grc' dir='ltr'>κατ’</span> <span class='ocrx_word' id='word_1_666' title='bbox 1448 2002 1600 2037; x_wconf 78' lang='grc' dir='ltr'>οἰκονομίαν</span> <span class='ocrx_word' id='word_1_667' title='bbox 1616 2002 1734 2037; x_wconf 72' lang='grc' dir='ltr'><strong>ἔμψυχον</strong></span> <span class='ocrx_word' id='word_1_668' title='bbox 1748 2002 1835 2037; x_wconf 81' lang='grc' dir='ltr'>σῶμα,</span> 
     </span>
    </p>
   </div>
   <div class='ocr_carea' id='block_1_87' title="bbox 1057 2046 1833 2083">
    <p class='ocr_par' dir='ltr' id='par_1_87' title="bbox 1057 2046 1833 2083">
     <span class='ocr_line' id='line_1_87' title="bbox 1057 2046 1833 2083; baseline 0 -9"><span class='ocrx_word' id='word_1_669' title='bbox 1057 2048 1095 2079; x_wconf 84' lang='grc' dir='ltr'>ὡς</span> <span class='ocrx_word' id='word_1_670' title='bbox 1109 2046 1179 2074; x_wconf 73' lang='grc' dir='ltr'>εἶναι</span> <span class='ocrx_word' id='word_1_671' title='bbox 1193 2048 1240 2074; x_wconf 71' lang='grc' dir='ltr'>ἕνα</span> <span class='ocrx_word' id='word_1_672' title='bbox 1253 2048 1299 2075; x_wconf 74' lang='grc' dir='ltr'><strong>τὸν</strong></span> <span class='ocrx_word' id='word_1_673' title='bbox 1313 2048 1393 2074; x_wconf 83' lang='grc' dir='ltr'>αὐτὸν</span> <span class='ocrx_word' id='word_1_674' title='bbox 1406 2048 1470 2074; x_wconf 80' lang='grc' dir='ltr'>θεὸν</span> <span class='ocrx_word' id='word_1_675' title='bbox 1490 2048 1537 2074; x_wconf 72' lang='grc' dir='ltr'>καὶ</span> <span class='ocrx_word' id='word_1_676' title='bbox 1552 2048 1703 2083; x_wconf 81' lang='grc' dir='ltr'>ἄνθρωπον.</span> <span class='ocrx_word' id='word_1_677' title='bbox 1712 2048 1833 2075; x_wconf 71' lang='grc' dir='ltr'><strong>Ἀπολλ.</strong></span> 
     </span>
    </p>
   </div>
   <div class='ocr_carea' id='block_1_88' title="bbox 1057 2095 1835 2131">
    <p class='ocr_par' dir='ltr' id='par_1_88' title="bbox 1057 2095 1835 2131">
     <span class='ocr_line' id='line_1_88' title="bbox 1057 2095 1835 2131; baseline -0.003 -9"><span class='ocrx_word' id='word_1_678' title='bbox 1057 2096 1093 2122; x_wconf 86' lang='grc' dir='ltr'>Τὸ</span> <span class='ocrx_word' id='word_1_679' title='bbox 1104 2095 1224 2130; x_wconf 72' lang='grc' dir='ltr'><strong>ἔμψυχον</strong></span> <span class='ocrx_word' id='word_1_680' title='bbox 1238 2095 1315 2130; x_wconf 81' lang='grc' dir='ltr'><strong>σῶμα</strong></span> <span class='ocrx_word' id='word_1_681' title='bbox 1330 2095 1470 2131; x_wconf 79' lang='grc' dir='ltr'><strong>ἄνθρωπός</strong></span> <span class='ocrx_word' id='word_1_682' title='bbox 1483 2095 1573 2126; x_wconf 63' lang='lat' dir='ltr'><strong>sum;</strong></span> <span class='ocrx_word' id='word_1_683' title='bbox 1591 2095 1666 2128; x_wconf 69' lang='lat' dir='ltr'><strong><em>&#39;Opﬁ.</em></strong></span> <span class='ocrx_word' id='word_1_684' title='bbox 1679 2095 1735 2129; x_wconf 81' lang='grc' dir='ltr'><strong>Οὐχ</strong></span> <span class='ocrx_word' id='word_1_685' title='bbox 1746 2095 1835 2126; x_wconf 74' lang='grc' dir='ltr'><strong>ἁπλός</strong></span> 
     </span>
    </p>
   </div>
   <div class='ocr_carea' id='block_1_89' title="bbox 1057 2139 1834 2178">
    <p class='ocr_par' dir='ltr' id='par_1_89' title="bbox 1057 2139 1834 2178">
     <span class='ocr_line' id='line_1_89' title="bbox 1057 2139 1834 2178; baseline -0.005 -8"><span class='ocrx_word' id='word_1_686' title='bbox 1057 2143 1087 2170; x_wconf 78' lang='grc' dir='ltr'>τὸ</span> <span class='ocrx_word' id='word_1_687' title='bbox 1108 2143 1228 2178; x_wconf 69' lang='grc' dir='ltr'><strong>ἔμψυχον</strong></span> <span class='ocrx_word' id='word_1_688' title='bbox 1250 2141 1328 2176; x_wconf 84' lang='grc' dir='ltr'>σῶμα</span> <span class='ocrx_word' id='word_1_689' title='bbox 1347 2140 1487 2176; x_wconf 73' lang='grc' dir='ltr'><strong>ἄνθρωπός</strong></span> <span class='ocrx_word' id='word_1_690' title='bbox 1504 2141 1586 2171; x_wconf 76' lang='grc' dir='ltr'>ἐστιν,</span> <span class='ocrx_word' id='word_1_691' title='bbox 1602 2139 1669 2166; x_wconf 78' lang='grc' dir='ltr'><strong>ἀλλὰ</strong></span> <span class='ocrx_word' id='word_1_692' title='bbox 1685 2140 1716 2166; x_wconf 80' lang='grc' dir='ltr'><strong>τὸ</strong></span> <span class='ocrx_word' id='word_1_693' title='bbox 1734 2140 1834 2176; x_wconf 81' lang='grc' dir='ltr'>ἀνθρώ-</span> 
     </span>
    </p>
   </div>
   <div class='ocr_carea' id='block_1_90' title="bbox 224 2182 1004 2222">
    <p class='ocr_par' dir='ltr' id='par_1_90' title="bbox 224 2182 1003 2218">
     <span class='ocr_line' id='line_1_90' title="bbox 224 2182 1003 2218; baseline 0.003 -10"><span class='ocrx_word' id='word_1_694' title='bbox 224 2183 314 2213; x_wconf 88' lang='lat' dir='ltr'><strong>homo,</strong></span> <span class='ocrx_word' id='word_1_695' title='bbox 333 2183 380 2209; x_wconf 88' lang='lat' dir='ltr'><strong>sed</strong></span> <span class='ocrx_word' id='word_1_696' title='bbox 404 2182 551 2210; x_wconf 85' lang='lat' dir='ltr'><strong>humanum</strong></span> <span class='ocrx_word' id='word_1_697' title='bbox 570 2191 670 2218; x_wconf 90' lang='lat' dir='ltr'><strong>corpus</strong></span> <span class='ocrx_word' id='word_1_698' title='bbox 691 2184 837 2210; x_wconf 87' lang='lat' dir='ltr'><strong>animatum</strong></span> <span class='ocrx_word' id='word_1_699' title='bbox 857 2188 898 2211; x_wconf 90' lang='lat' dir='ltr'><strong>est</strong></span> <span class='ocrx_word' id='word_1_700' title='bbox 914 2184 1003 2211; x_wconf 91' lang='lat' dir='ltr'><strong>homo.</strong></span> 
     </span>
    </p>
   </div>
   <div class='ocr_carea' id='block_1_91' title="bbox 1056 2182 1833 2222">
    <p class='ocr_par' dir='ltr' id='par_1_91' title="bbox 1057 2185 1833 2222">
     <span class='ocr_line' id='line_1_91' title="bbox 1057 2185 1833 2222; baseline -0.003 -8"><span class='ocrx_word' id='word_1_701' title='bbox 1057 2196 1133 2214; x_wconf 78' lang='grc' dir='ltr'>πινον</span> <span class='ocrx_word' id='word_1_702' title='bbox 1151 2187 1228 2222; x_wconf 80' lang='grc' dir='ltr'>σῶμα</span> <span class='ocrx_word' id='word_1_703' title='bbox 1244 2186 1362 2222; x_wconf 71' lang='grc' dir='ltr'>ἔμψυχον</span> <span class='ocrx_word' id='word_1_704' title='bbox 1379 2185 1520 2220; x_wconf 77' lang='grc' dir='ltr'><strong>ἄνθρωπός</strong></span> <span class='ocrx_word' id='word_1_705' title='bbox 1540 2186 1755 2212; x_wconf 76' lang='grc' dir='ltr'><strong>ὲστιν.“Λπῡλλ.</strong></span> <span class='ocrx_word' id='word_1_706' title='bbox 1773 2187 1833 2212; x_wconf 82' lang='grc' dir='ltr'><strong>Ἀν-</strong></span> 
     </span>
    </p>
   </div>
   <div class='ocr_carea' id='block_1_92' title="bbox 221 2226 1004 2268">
    <p class='ocr_par' dir='ltr' id='par_1_92' title="bbox 221 2226 1004 2268">
     <span class='ocr_line' id='line_1_92' title="bbox 221 2226 1004 2268; baseline 0.004 -16"><span class='ocrx_word' id='word_1_707' title='bbox 221 2227 307 2268; x_wconf 81' lang='lat' dir='ltr'><strong><em>Apoll.</em></strong></span> <span class='ocrx_word' id='word_1_708' title='bbox 322 2226 408 2255; x_wconf 85' lang='lat' dir='ltr'><strong>Homo</strong></span> <span class='ocrx_word' id='word_1_709' title='bbox 421 2228 472 2255; x_wconf 85' lang='lat' dir='ltr'><strong>istc</strong></span> <span class='ocrx_word' id='word_1_710' title='bbox 481 2236 571 2256; x_wconf 89' lang='lat' dir='ltr'><strong>annon</strong></span> <span class='ocrx_word' id='word_1_711' title='bbox 579 2228 810 2256; x_wconf 83' lang='lat' dir='ltr'><strong>estJesus?0rth.</strong></span> <span class='ocrx_word' id='word_1_712' title='bbox 827 2229 922 2256; x_wconf 86' lang='lat' dir='ltr'><strong>Uuitus</strong></span> <span class='ocrx_word' id='word_1_713' title='bbox 937 2228 1004 2255; x_wconf 80' lang='lat' dir='ltr'><strong>Ver-</strong></span> 
     </span>
    </p>
   </div>
   <div class='ocr_carea' id='block_1_93' title="bbox 221 2272 1004 2308">
    <p class='ocr_par' dir='ltr' id='par_1_93' title="bbox 221 2272 1004 2308">
     <span class='ocr_line' id='line_1_93' title="bbox 221 2272 1004 2308; baseline 0.006 -10"><span class='ocrx_word' id='word_1_714' title='bbox 221 2273 266 2299; x_wconf 89' lang='lat' dir='ltr'><strong>bo.</strong></span> <span class='ocrx_word' id='word_1_715' title='bbox 283 2272 372 2307; x_wconf 83' lang='lat' dir='ltr'><strong><em>Apoll.</em></strong></span> <span class='ocrx_word' id='word_1_716' title='bbox 390 2272 470 2301; x_wconf 77' lang='lat' dir='ltr'><strong>Jesus</strong></span> <span class='ocrx_word' id='word_1_717' title='bbox 490 2274 573 2308; x_wconf 79' lang='lat' dir='ltr'><strong>igitur</strong></span> <span class='ocrx_word' id='word_1_718' title='bbox 594 2281 683 2301; x_wconf 89' lang='lat' dir='ltr'><strong>annon</strong></span> <span class='ocrx_word' id='word_1_719' title='bbox 697 2278 740 2302; x_wconf 87' lang='lat' dir='ltr'><strong>est</strong></span> <span class='ocrx_word' id='word_1_720' title='bbox 755 2275 856 2301; x_wconf 86' lang='lat' dir='ltr'><strong>homo?</strong></span> <span class='ocrx_word' id='word_1_721' title='bbox 869 2274 944 2301; x_wconf 82' lang='lat' dir='ltr'><strong>Orth.</strong></span> <span class='ocrx_word' id='word_1_722' title='bbox 965 2274 1004 2303; x_wconf 89' lang='lat' dir='ltr'><strong>Ne</strong></span> 
     </span>
    </p>
   </div>
   <div class='ocr_carea' id='block_1_94' title="bbox 222 2318 1004 2354">
    <p class='ocr_par' dir='ltr' id='par_1_94' title="bbox 222 2318 1004 2354">
     <span class='ocr_line' id='line_1_94' title="bbox 222 2318 1004 2354; baseline 0.005 -11"><span class='ocrx_word' id='word_1_723' title='bbox 222 2318 358 2344; x_wconf 86' lang='lat' dir='ltr'><strong>hominem</strong></span> <span class='ocrx_word' id='word_1_724' title='bbox 375 2318 483 2353; x_wconf 89' lang='lat' dir='ltr'><strong>quidem</strong></span> <span class='ocrx_word' id='word_1_725' title='bbox 499 2319 588 2354; x_wconf 89' lang='lat' dir='ltr'><strong>ipsum</strong></span> <span class='ocrx_word' id='word_1_726' title='bbox 612 2320 716 2354; x_wconf 83' lang='lat' dir='ltr'><strong>absque</strong></span> <span class='ocrx_word' id='word_1_727' title='bbox 737 2319 824 2347; x_wconf 86' lang='lat' dir='ltr'><strong>Verbo</strong></span> <span class='ocrx_word' id='word_1_728' title='bbox 848 2320 1004 2348; x_wconf 86' lang='lat' dir='ltr'><strong>substitisse</strong></span> 
     </span>
    </p>
   </div>
   <div class='ocr_carea' id='block_1_95' title="bbox 221 2363 1004 2400">
    <p class='ocr_par' dir='ltr' id='par_1_95' title="bbox 221 2363 1004 2400">
     <span class='ocr_line' id='line_1_95' title="bbox 221 2363 1004 2400; baseline 0.004 -10"><span class='ocrx_word' id='word_1_729' title='bbox 221 2371 350 2398; x_wconf 79' lang='lat' dir='ltr'><strong>agnosco.</strong></span> <span class='ocrx_word' id='word_1_730' title='bbox 366 2363 453 2398; x_wconf 85' lang='lat' dir='ltr'><strong>Ipsius</strong></span> <span class='ocrx_word' id='word_1_731' title='bbox 469 2365 543 2392; x_wconf 87' lang='lat' dir='ltr'><strong>enim</strong></span> <span class='ocrx_word' id='word_1_732' title='bbox 560 2365 749 2392; x_wconf 78' lang='lat' dir='ltr'><strong>exsistentiam</strong></span> <span class='ocrx_word' id='word_1_733' title='bbox 766 2365 791 2391; x_wconf 95' lang='lat' dir='ltr'><strong>iu</strong></span> <span class='ocrx_word' id='word_1_734' title='bbox 808 2366 865 2400; x_wconf 84' lang='lat' dir='ltr'><strong>ipsa</strong></span> <span class='ocrx_word' id='word_1_735' title='bbox 882 2367 1004 2393; x_wconf 86' lang='lat' dir='ltr'><strong>uuitioue</strong></span> 
     </span>
    </p>
   </div>
   <div class='ocr_carea' id='block_1_96' title="bbox 221 2407 1004 2443">
    <p class='ocr_par' dir='ltr' id='par_1_96' title="bbox 221 2407 1004 2443">
     <span class='ocr_line' id='line_1_96' title="bbox 221 2407 1004 2443; baseline 0.004 -9"><span class='ocrx_word' id='word_1_736' title='bbox 221 2407 303 2435; x_wconf 86' lang='lat' dir='ltr'><strong>Verbi</strong></span> <span class='ocrx_word' id='word_1_737' title='bbox 318 2408 440 2443; x_wconf 78' lang='lat' dir='ltr'><strong>designo.</strong></span> <span class='ocrx_word' id='word_1_738' title='bbox 454 2408 540 2442; x_wconf 90' lang='lat' dir='ltr'><strong><em>Apoll.</em></strong></span> <span class='ocrx_word' id='word_1_739' title='bbox 565 2408 623 2435; x_wconf 89' lang='lat' dir='ltr'><strong>Non</strong></span> <span class='ocrx_word' id='word_1_740' title='bbox 639 2409 688 2436; x_wconf 81' lang='lat' dir='ltr'><strong>l‘uit</strong></span> <span class='ocrx_word' id='word_1_741' title='bbox 707 2410 789 2443; x_wconf 73' lang='lat' dir='ltr'><strong>igitur</strong></span> <span class='ocrx_word' id='word_1_742' title='bbox 804 2409 921 2437; x_wconf 90' lang='lat' dir='ltr'><strong>Verbum</strong></span> <span class='ocrx_word' id='word_1_743' title='bbox 945 2411 1004 2438; x_wconf 86' lang='lat' dir='ltr'><strong>vice</strong></span> 
     </span>
    </p>
   </div>
   <div class='ocr_carea' id='block_1_97' title="bbox 220 2454 1005 2491">
    <p class='ocr_par' dir='ltr' id='par_1_97' title="bbox 220 2454 1005 2491">
     <span class='ocr_line' id='line_1_97' title="bbox 220 2454 1005 2491; baseline 0.004 -11"><span class='ocrx_word' id='word_1_744' title='bbox 220 2454 307 2488; x_wconf 88' lang='lat' dir='ltr'><strong>partis</strong></span> <span class='ocrx_word' id='word_1_745' title='bbox 320 2454 463 2482; x_wconf 84' lang='lat' dir='ltr'><strong>rationalis</strong></span> <span class='ocrx_word' id='word_1_746' title='bbox 479 2454 491 2481; x_wconf 81' lang='lat'><strong>?</strong></span> <span class='ocrx_word' id='word_1_747' title='bbox 506 2454 582 2482; x_wconf 85' lang='lat' dir='ltr'><strong>Orth.</strong></span> <span class='ocrx_word' id='word_1_748' title='bbox 600 2454 669 2487; x_wconf 88' lang='lat' dir='ltr'><strong>Non,</strong></span> <span class='ocrx_word' id='word_1_749' title='bbox 685 2456 732 2482; x_wconf 87' lang='lat' dir='ltr'><strong>sed</strong></span> <span class='ocrx_word' id='word_1_750' title='bbox 749 2455 775 2482; x_wconf 92' lang='lat' dir='ltr'><strong>in</strong></span> <span class='ocrx_word' id='word_1_751' title='bbox 789 2460 865 2491; x_wconf 85' lang='lat' dir='ltr'><strong>parte</strong></span> <span class='ocrx_word' id='word_1_752' title='bbox 880 2456 1005 2483; x_wconf 85' lang='lat' dir='ltr'><strong>rationali</strong></span> 
     </span>
    </p>
   </div>
   <div class='ocr_carea' id='block_1_98' title="bbox 221 2499 1004 2536">
    <p class='ocr_par' dir='ltr' id='par_1_98' title="bbox 221 2499 1004 2536">
     <span class='ocr_line' id='line_1_98' title="bbox 221 2499 1004 2536; baseline 0.004 -10"><span class='ocrx_word' id='word_1_753' title='bbox 221 2499 272 2526; x_wconf 80' lang='lat' dir='ltr'><strong>fuit</strong></span> <span class='ocrx_word' id='word_1_754' title='bbox 289 2499 479 2533; x_wconf 87' lang='lat' dir='ltr'><strong>Verbum,sibi</strong></span> <span class='ocrx_word' id='word_1_755' title='bbox 490 2500 542 2535; x_wconf 84' lang='lat' dir='ltr'><strong>ipsi</strong></span> <span class='ocrx_word' id='word_1_756' title='bbox 561 2509 609 2535; x_wconf 82' lang='lat' dir='ltr'><strong>per</strong></span> <span class='ocrx_word' id='word_1_757' title='bbox 620 2501 692 2528; x_wconf 89' lang='lat' dir='ltr'><strong>illam</strong></span> <span class='ocrx_word' id='word_1_758' title='bbox 709 2501 806 2529; x_wconf 89' lang='lat' dir='ltr'><strong>uuiens</strong></span> <span class='ocrx_word' id='word_1_759' title='bbox 827 2506 1004 2536; x_wconf 87' lang='lat' dir='ltr'><strong>spontaneam</strong></span> 
     </span>
    </p>
   </div>
   <div class='ocr_carea' id='block_1_99' title="bbox 221 2545 1003 2582">
    <p class='ocr_par' dir='ltr' id='par_1_99' title="bbox 221 2545 1003 2582">
     <span class='ocr_line' id='line_1_99' title="bbox 221 2545 1003 2582; baseline 0.006 -13"><span class='ocrx_word' id='word_1_760' title='bbox 221 2545 341 2579; x_wconf 75' lang='lat' dir='ltr'><strong>patiendi</strong></span> <span class='ocrx_word' id='word_1_761' title='bbox 365 2545 528 2573; x_wconf 76' lang='lat' dir='ltr'><strong>facultatem.</strong></span> <span class='ocrx_word' id='word_1_762' title='bbox 553 2545 765 2580; x_wconf 53' lang='lat' dir='ltr'><strong>Apoll.,llabuit</strong></span> <span class='ocrx_word' id='word_1_763' title='bbox 784 2547 865 2582; x_wconf 79' lang='lat' dir='ltr'><strong>igitur</strong></span> <span class='ocrx_word' id='word_1_764' title='bbox 887 2550 1003 2574; x_wconf 84' lang='lat' dir='ltr'><strong>mentem</strong></span> 
     </span>
    </p>
   </div>
   <div class='ocr_carea' id='block_1_100' title="bbox 221 2590 1003 2621">
    <p class='ocr_par' dir='ltr' id='par_1_100' title="bbox 221 2590 1003 2621">
     <span class='ocr_line' id='line_1_100' title="bbox 221 2590 1003 2621; baseline 0.005 -5"><span class='ocrx_word' id='word_1_765' title='bbox 221 2590 339 2618; x_wconf 86' lang='lat' dir='ltr'><strong>hominis</strong></span> <span class='ocrx_word' id='word_1_766' title='bbox 361 2590 487 2619; x_wconf 88' lang='lat' dir='ltr'><strong>Christus</strong></span> <span class='ocrx_word' id='word_1_767' title='bbox 503 2591 514 2618; x_wconf 85' lang='lat'><strong>?</strong></span> <span class='ocrx_word' id='word_1_768' title='bbox 536 2591 610 2619; x_wconf 80' lang='lat' dir='ltr'><strong>Orth.</strong></span> <span class='ocrx_word' id='word_1_769' title='bbox 629 2591 701 2619; x_wconf 65' lang='lat' dir='ltr'><strong>Cave</strong></span> <span class='ocrx_word' id='word_1_770' title='bbox 718 2593 758 2620; x_wconf 89' lang='lat' dir='ltr'><strong>sic</strong></span> <span class='ocrx_word' id='word_1_771' title='bbox 775 2593 850 2621; x_wconf 84' lang='lat' dir='ltr'><strong>dicas</strong></span> <span class='ocrx_word' id='word_1_772' title='bbox 865 2593 1003 2621; x_wconf 79' lang='lat' dir='ltr'><strong>Christum</strong></span> 
     </span>
    </p>
   </div>
   <div class='ocr_carea' id='block_1_101' title="bbox 255 2677 794 2713">
    <p class='ocr_par' dir='ltr' id='par_1_101' title="bbox 255 2677 794 2713">
     <span class='ocr_line' id='line_1_101' title="bbox 255 2677 794 2713; baseline 0.006 -8"><span class='ocrx_word' id='word_1_773' title='bbox 255 2677 279 2694; x_wconf 83' lang='lat'>“</span> <span class='ocrx_word' id='word_1_774' title='bbox 296 2678 376 2706; x_wconf 82' lang='lat' dir='ltr'><strong>Joan.</strong></span> <span class='ocrx_word' id='word_1_775' title='bbox 395 2687 426 2710; x_wconf 72' lang='grc' dir='ltr'>ι,</span> <span class='ocrx_word' id='word_1_776' title='bbox 447 2678 488 2706; x_wconf 83' lang='grc'><strong>18.</strong></span> <span class='ocrx_word' id='word_1_777' title='bbox 525 2679 546 2695; x_wconf 83' lang='grc'><strong>⁸⁷</strong></span> <span class='ocrx_word' id='word_1_778' title='bbox 566 2679 671 2707; x_wconf 84' lang='lat' dir='ltr'><strong>Baruch</strong></span> <span class='ocrx_word' id='word_1_779' title='bbox 687 2688 734 2713; x_wconf 86' lang='grc' dir='ltr'>ιιι,</span> <span class='ocrx_word' id='word_1_780' title='bbox 752 2681 794 2708; x_wconf 85' lang='grc'><strong>58.</strong></span> 
     </span>
    </p>
   </div>
   <div class='ocr_carea' id='block_1_102' title="bbox 257 2765 1001 2804">
    <p class='ocr_par' dir='ltr' id='par_1_102' title="bbox 257 2765 1001 2804">
     <span class='ocr_line' id='line_1_102' title="bbox 257 2765 1001 2804; baseline 0.004 -12"><span class='ocrx_word' id='word_1_781' title='bbox 257 2765 312 2801; x_wconf 86' lang='grc'><strong>(60)</strong></span> <span class='ocrx_word' id='word_1_782' title='bbox 332 2766 430 2804; x_wconf 79' lang='lat' dir='ltr'><strong>Palat.,</strong></span> <span class='ocrx_word' id='word_1_783' title='bbox 441 2766 488 2800; x_wconf 87' lang='grc' dir='ltr'>Τίς</span> <span class='ocrx_word' id='word_1_784' title='bbox 501 2776 548 2795; x_wconf 72' lang='grc' dir='ltr'><strong>ουν</strong></span> <span class='ocrx_word' id='word_1_785' title='bbox 561 2769 574 2795; x_wconf 81' lang='grc' dir='ltr'>ὁ</span> <span class='ocrx_word' id='word_1_786' title='bbox 584 2767 640 2802; x_wconf 84' lang='grc' dir='ltr'>λεγ.</span> <span class='ocrx_word' id='word_1_787' title='bbox 657 2769 740 2796; x_wconf 80' lang='lat' dir='ltr'><strong>Paulo</strong></span> <span class='ocrx_word' id='word_1_788' title='bbox 753 2773 814 2804; x_wconf 89' lang='lat' dir='ltr'><strong>post</strong></span> <span class='ocrx_word' id='word_1_789' title='bbox 832 2769 914 2802; x_wconf 83' lang='lat' dir='ltr'><strong>idem,</strong></span> <span class='ocrx_word' id='word_1_790' title='bbox 930 2769 1001 2804; x_wconf 84' lang='grc' dir='ltr'>λαμ-</span> 
     </span>
    </p>
   </div>
   <div class='ocr_carea' id='block_1_103' title="bbox 222 2801 423 2837">
    <p class='ocr_par' dir='ltr' id='par_1_103' title="bbox 222 2801 423 2837">
     <span class='ocr_line' id='line_1_103' title="bbox 222 2801 423 2837; baseline 0.01 -9"><span class='ocrx_word' id='word_1_791' title='bbox 222 2801 313 2829; x_wconf 77' lang='grc' dir='ltr'>εάνειν</span> <span class='ocrx_word' id='word_1_792' title='bbox 329 2802 423 2837; x_wconf 77' lang='grc' dir='ltr'><strong>αὐτ-ἠν.</strong></span> 
     </span>
    </p>
   </div>
   <div class='ocr_carea' id='block_1_104' title="bbox 1055 2230 1832 2269">
    <p class='ocr_par' dir='ltr' id='par_1_104' title="bbox 1055 2230 1832 2269">
     <span class='ocr_line' id='line_1_104' title="bbox 1055 2230 1832 2269; baseline -0.001 -9"><span class='ocrx_word' id='word_1_793' title='bbox 1055 2233 1163 2269; x_wconf 81' lang='grc' dir='ltr'>θρωπῡς</span> <span class='ocrx_word' id='word_1_794' title='bbox 1179 2230 1254 2263; x_wconf 72' lang='grc' dir='ltr'>οὗτος</span> <span class='ocrx_word' id='word_1_795' title='bbox 1277 2232 1378 2266; x_wconf 76' lang='grc' dir='ltr'><strong>Ἰησοῦς</strong></span> <span class='ocrx_word' id='word_1_796' title='bbox 1391 2233 1481 2264; x_wconf 58' lang='lat' dir='ltr'><strong>iactv;</strong></span> <span class='ocrx_word' id='word_1_797' title='bbox 1504 2232 1580 2266; x_wconf 83' lang='grc' dir='ltr'>Ὀρθ.</span> <span class='ocrx_word' id='word_1_798' title='bbox 1601 2231 1726 2263; x_wconf 80' lang='grc' dir='ltr'><strong>Ἐνωθεὶς</strong></span> <span class='ocrx_word' id='word_1_799' title='bbox 1747 2231 1832 2267; x_wconf 80' lang='grc' dir='ltr'><strong>Λόγῳ.</strong></span> 
     </span>
    </p>
   </div>
   <div class='ocr_carea' id='block_1_105' title="bbox 1060 2275 1833 2312">
    <p class='ocr_par' dir='ltr' id='par_1_105' title="bbox 1060 2275 1833 2312">
     <span class='ocr_line' id='line_1_105' title="bbox 1060 2275 1833 2312; baseline 0 -8"><span class='ocrx_word' id='word_1_800' title='bbox 1060 2279 1183 2305; x_wconf 75' lang='grc' dir='ltr'><strong>Ἀπολλ.</strong></span> <span class='ocrx_word' id='word_1_801' title='bbox 1209 2277 1265 2303; x_wconf 76' lang='grc' dir='ltr'>Οὐκ</span> <span class='ocrx_word' id='word_1_802' title='bbox 1279 2277 1351 2303; x_wconf 76' lang='grc' dir='ltr'>ἐστιν</span> <span class='ocrx_word' id='word_1_803' title='bbox 1374 2275 1419 2304; x_wconf 82' lang='grc' dir='ltr'>οὖν</span> <span class='ocrx_word' id='word_1_804' title='bbox 1448 2277 1550 2311; x_wconf 77' lang='grc' dir='ltr'><strong>Ἰησοῦς</strong></span> <span class='ocrx_word' id='word_1_805' title='bbox 1576 2276 1736 2312; x_wconf 83' lang='grc' dir='ltr'>ἄνθρωπος;</span> <span class='ocrx_word' id='word_1_806' title='bbox 1760 2277 1833 2310; x_wconf 81' lang='grc' dir='ltr'>Ὀρθ.</span> 
     </span>
    </p>
   </div>
   <div class='ocr_carea' id='block_1_106' title="bbox 1057 2321 1831 2358">
    <p class='ocr_par' dir='ltr' id='par_1_106' title="bbox 1057 2321 1831 2358">
     <span class='ocr_line' id='line_1_106' title="bbox 1057 2321 1831 2358; baseline -0.001 -9"><span class='ocrx_word' id='word_1_807' title='bbox 1057 2324 1136 2349; x_wconf 71' lang='grc' dir='ltr'><strong>’Λνευ</strong></span> <span class='ocrx_word' id='word_1_808' title='bbox 1144 2322 1191 2348; x_wconf 81' lang='grc' dir='ltr'>τοῦ</span> <span class='ocrx_word' id='word_1_809' title='bbox 1200 2323 1285 2356; x_wconf 88' lang='grc' dir='ltr'><strong>Λόγου</strong></span> <span class='ocrx_word' id='word_1_810' title='bbox 1295 2321 1355 2348; x_wconf 73' lang='grc' dir='ltr'><strong>οὔτε</strong></span> <span class='ocrx_word' id='word_1_811' title='bbox 1364 2322 1503 2358; x_wconf 79' lang='grc' dir='ltr'>ἄνθρωπον</span> <span class='ocrx_word' id='word_1_812' title='bbox 1513 2322 1592 2349; x_wconf 74' lang='grc' dir='ltr'>αὑτὸν</span> <span class='ocrx_word' id='word_1_813' title='bbox 1602 2321 1659 2348; x_wconf 73' lang='grc' dir='ltr'>οἶδα</span> <span class='ocrx_word' id='word_1_814' title='bbox 1671 2323 1831 2349; x_wconf 71' lang='grc' dir='ltr'><strong>ὑποστάντα.</strong></span> 
     </span>
    </p>
   </div>
   <div class='ocr_carea' id='block_1_107' title="bbox 1055 2364 1832 2400">
    <p class='ocr_par' dir='ltr' id='par_1_107' title="bbox 1055 2364 1832 2400">
     <span class='ocr_line' id='line_1_107' title="bbox 1055 2364 1832 2400; baseline 0 -8"><span class='ocrx_word' id='word_1_815' title='bbox 1055 2366 1110 2400; x_wconf 84' lang='grc' dir='ltr'><strong>Τὴν</strong></span> <span class='ocrx_word' id='word_1_816' title='bbox 1119 2366 1173 2400; x_wconf 77' lang='grc' dir='ltr'><strong>γὰρ</strong></span> <span class='ocrx_word' id='word_1_817' title='bbox 1188 2364 1302 2400; x_wconf 78' lang='grc' dir='ltr'>ὓπαρξιν</span> <span class='ocrx_word' id='word_1_818' title='bbox 1315 2364 1396 2391; x_wconf 76' lang='grc' dir='ltr'><strong>αὑτοῦ</strong></span> <span class='ocrx_word' id='word_1_819' title='bbox 1411 2366 1439 2391; x_wconf 80' lang='grc' dir='ltr'>ἐν</span> <span class='ocrx_word' id='word_1_820' title='bbox 1453 2366 1485 2400; x_wconf 82' lang='grc' dir='ltr'><strong>τῇ</strong></span> <span class='ocrx_word' id='word_1_821' title='bbox 1501 2364 1594 2391; x_wconf 83' lang='grc' dir='ltr'><strong>ὲνώσει</strong></span> <span class='ocrx_word' id='word_1_822' title='bbox 1609 2365 1656 2391; x_wconf 80' lang='grc' dir='ltr'><strong>τοῦ</strong></span> <span class='ocrx_word' id='word_1_823' title='bbox 1667 2365 1755 2399; x_wconf 85' lang='grc' dir='ltr'><strong>Λόγου</strong></span> <span class='ocrx_word' id='word_1_824' title='bbox 1768 2374 1832 2399; x_wconf 89' lang='grc' dir='ltr'>γνω-</span> 
     </span>
    </p>
   </div>
   <div class='ocr_carea' id='block_1_108' title="bbox 1057 2409 1830 2447">
    <p class='ocr_par' dir='ltr' id='par_1_108' title="bbox 1057 2409 1830 2447">
     <span class='ocr_line' id='line_1_108' title="bbox 1057 2409 1830 2447; baseline 0.003 -10"><span class='ocrx_word' id='word_1_825' title='bbox 1057 2411 1132 2447; x_wconf 82' lang='grc' dir='ltr'>ρίζω.</span> <span class='ocrx_word' id='word_1_826' title='bbox 1142 2412 1263 2439; x_wconf 74' lang='grc' dir='ltr'><strong>Ἀπολλ.</strong></span> <span class='ocrx_word' id='word_1_827' title='bbox 1274 2412 1330 2437; x_wconf 77' lang='grc' dir='ltr'>Οὐκ</span> <span class='ocrx_word' id='word_1_828' title='bbox 1347 2409 1392 2438; x_wconf 80' lang='grc' dir='ltr'><strong>οὖν</strong></span> <span class='ocrx_word' id='word_1_829' title='bbox 1405 2412 1464 2438; x_wconf 78' lang='grc' dir='ltr'><strong>ἀντὶ</strong></span> <span class='ocrx_word' id='word_1_830' title='bbox 1478 2411 1523 2438; x_wconf 82' lang='grc' dir='ltr'><strong>τοῦ</strong></span> <span class='ocrx_word' id='word_1_831' title='bbox 1538 2411 1646 2446; x_wconf 79' lang='grc' dir='ltr'>λογικοῦ</span> <span class='ocrx_word' id='word_1_832' title='bbox 1658 2410 1692 2447; x_wconf 82' lang='grc' dir='ltr'><strong>ἦν</strong></span> <span class='ocrx_word' id='word_1_833' title='bbox 1706 2414 1720 2438; x_wconf 79' lang='grc' dir='ltr'>ὁ</span> <span class='ocrx_word' id='word_1_834' title='bbox 1733 2413 1830 2447; x_wconf 84' lang='grc' dir='ltr'>Λόγος;</span> 
     </span>
    </p>
   </div>
   <div class='ocr_carea' id='block_1_109' title="bbox 1061 2456 1831 2493">
    <p class='ocr_par' dir='ltr' id='par_1_109' title="bbox 1061 2456 1831 2493">
     <span class='ocr_line' id='line_1_109' title="bbox 1061 2456 1831 2493; baseline 0 -9"><span class='ocrx_word' id='word_1_835' title='bbox 1061 2457 1137 2490; x_wconf 81' lang='grc' dir='ltr'>Ὀρθ,</span> <span class='ocrx_word' id='word_1_836' title='bbox 1155 2457 1207 2483; x_wconf 75' lang='grc' dir='ltr'><strong>Οῠ·</strong></span> <span class='ocrx_word' id='word_1_837' title='bbox 1229 2457 1284 2483; x_wconf 83' lang='grc' dir='ltr'>ἀλλ’</span> <span class='ocrx_word' id='word_1_838' title='bbox 1300 2458 1328 2483; x_wconf 86' lang='grc' dir='ltr'><strong>ὲν</strong></span> <span class='ocrx_word' id='word_1_839' title='bbox 1350 2457 1388 2492; x_wconf 81' lang='grc' dir='ltr'><strong>τῷ</strong></span> <span class='ocrx_word' id='word_1_840' title='bbox 1414 2457 1514 2492; x_wconf 83' lang='grc' dir='ltr'>λογικῷ</span> <span class='ocrx_word' id='word_1_841' title='bbox 1527 2456 1561 2493; x_wconf 80' lang='grc' dir='ltr'>ἦν</span> <span class='ocrx_word' id='word_1_842' title='bbox 1580 2459 1594 2484; x_wconf 85' lang='grc' dir='ltr'><strong>ὁ</strong></span> <span class='ocrx_word' id='word_1_843' title='bbox 1616 2458 1710 2492; x_wconf 87' lang='grc' dir='ltr'><strong>Λόγος,</strong></span> <span class='ocrx_word' id='word_1_844' title='bbox 1735 2458 1831 2490; x_wconf 79' lang='grc' dir='ltr'>ἑνώσας</span> 
     </span>
    </p>
   </div>
   <div class='ocr_carea' id='block_1_110' title="bbox 1054 2502 1828 2538">
    <p class='ocr_par' dir='ltr' id='par_1_110' title="bbox 1054 2502 1828 2538">
     <span class='ocr_line' id='line_1_110' title="bbox 1054 2502 1828 2538; baseline 0.003 -9"><span class='ocrx_word' id='word_1_845' title='bbox 1054 2503 1134 2534; x_wconf 75' lang='grc' dir='ltr'>αὐτὸς</span> <span class='ocrx_word' id='word_1_846' title='bbox 1160 2503 1248 2538; x_wconf 80' lang='grc' dir='ltr'><strong>ἐαυτῷ</strong></span> <span class='ocrx_word' id='word_1_847' title='bbox 1273 2502 1317 2529; x_wconf 78' lang='grc' dir='ltr'><strong>διὰ</strong></span> <span class='ocrx_word' id='word_1_848' title='bbox 1339 2503 1387 2529; x_wconf 79' lang='grc' dir='ltr'><strong>τοῦ</strong></span> <span class='ocrx_word' id='word_1_849' title='bbox 1413 2503 1521 2538; x_wconf 83' lang='grc' dir='ltr'>λογικοῦ</span> <span class='ocrx_word' id='word_1_850' title='bbox 1545 2504 1575 2530; x_wconf 79' lang='grc' dir='ltr'>τὸ</span> <span class='ocrx_word' id='word_1_851' title='bbox 1598 2503 1720 2530; x_wconf 77' lang='grc' dir='ltr'><strong>ἑκούσιον</strong></span> <span class='ocrx_word' id='word_1_852' title='bbox 1740 2504 1828 2535; x_wconf 77' lang='grc' dir='ltr'><strong>πάθος.</strong></span> 
     </span>
    </p>
   </div>
   <div class='ocr_carea' id='block_1_111' title="bbox 1060 2549 1828 2585">
    <p class='ocr_par' dir='ltr' id='par_1_111' title="bbox 1060 2549 1828 2585">
     <span class='ocr_line' id='line_1_111' title="bbox 1060 2549 1828 2585; baseline 0.001 -10"><span class='ocrx_word' id='word_1_853' title='bbox 1060 2549 1182 2576; x_wconf 77' lang='grc' dir='ltr'><strong>Ἀπολλ.</strong></span> <span class='ocrx_word' id='word_1_854' title='bbox 1196 2549 1267 2575; x_wconf 80' lang='grc' dir='ltr'><strong>Νοῦν</strong></span> <span class='ocrx_word' id='word_1_855' title='bbox 1281 2549 1424 2583; x_wconf 81' lang='grc' dir='ltr'><strong>ἀνθρώπου</strong></span> <span class='ocrx_word' id='word_1_856' title='bbox 1440 2549 1510 2584; x_wconf 82' lang='grc' dir='ltr'>εἶχεν</span> <span class='ocrx_word' id='word_1_857' title='bbox 1521 2550 1674 2585; x_wconf 82' lang='grc' dir='ltr'><strong>ὁΧριστός;</strong></span> <span class='ocrx_word' id='word_1_858' title='bbox 1697 2550 1771 2583; x_wconf 79' lang='grc' dir='ltr'>Ὀρθ.</span> <span class='ocrx_word' id='word_1_859' title='bbox 1787 2550 1828 2584; x_wconf 85' lang='grc' dir='ltr'><strong>Μὴ</strong></span> 
     </span>
    </p>
   </div>
   <div class='ocr_carea' id='block_1_112' title="bbox 1054 2594 1830 2632">
    <p class='ocr_par' dir='ltr' id='par_1_112' title="bbox 1054 2594 1830 2632">
     <span class='ocr_line' id='line_1_112' title="bbox 1054 2594 1830 2632; baseline 0.003 -11"><span class='ocrx_word' id='word_1_860' title='bbox 1054 2594 1126 2629; x_wconf 85' lang='grc' dir='ltr'>λέγε,</span> <span class='ocrx_word' id='word_1_861' title='bbox 1141 2596 1156 2621; x_wconf 82' lang='grc' dir='ltr'><strong>ὀ</strong></span> <span class='ocrx_word' id='word_1_862' title='bbox 1175 2595 1300 2630; x_wconf 83' lang='grc' dir='ltr'><strong>Χριστὸς,</strong></span> <span class='ocrx_word' id='word_1_863' title='bbox 1316 2596 1437 2631; x_wconf 76' lang='grc' dir='ltr'>διαιρῶν,</span> <span class='ocrx_word' id='word_1_864' title='bbox 1454 2596 1515 2622; x_wconf 79' lang='grc' dir='ltr'>νοῦν</span> <span class='ocrx_word' id='word_1_865' title='bbox 1535 2594 1600 2632; x_wconf 82' lang='grc' dir='ltr'>εἶχε.</span> <span class='ocrx_word' id='word_1_866' title='bbox 1616 2596 1652 2623; x_wconf 75' lang='grc' dir='ltr'>Τὸ</span> <span class='ocrx_word' id='word_1_867' title='bbox 1665 2596 1719 2631; x_wconf 78' lang='grc' dir='ltr'>γὰρ</span> <span class='ocrx_word' id='word_1_868' title='bbox 1735 2604 1830 2630; x_wconf 81' lang='grc' dir='ltr'><strong>συναμ-</strong></span> 
     </span>
    </p>
   </div>
   <div class='ocr_carea' id='block_1_113' title="bbox 1091 2768 1455 2804">
    <p class='ocr_par' dir='ltr' id='par_1_113' title="bbox 1091 2768 1455 2804">
     <span class='ocr_line' id='line_1_113' title="bbox 1091 2768 1455 2804; baseline 0.003 -9"><span class='ocrx_word' id='word_1_869' title='bbox 1091 2768 1146 2804; x_wconf 79' lang='grc'>(61)</span> <span class='ocrx_word' id='word_1_870' title='bbox 1166 2768 1249 2800; x_wconf 76' lang='grc' dir='ltr'>Ψιλός</span> <span class='ocrx_word' id='word_1_871' title='bbox 1264 2769 1340 2797; x_wconf 88' lang='lat' dir='ltr'><strong>deest</strong></span> <span class='ocrx_word' id='word_1_872' title='bbox 1352 2769 1378 2796; x_wconf 93' lang='lat' dir='ltr'><strong>in</strong></span> <span class='ocrx_word' id='word_1_873' title='bbox 1390 2777 1455 2797; x_wconf 88' lang='lat' dir='ltr'><strong>mss.</strong></span> 
     </span>
    </p>
   </div>
  </div>
