1926 3067
106 131 122 157 1
127 130 184 157 255

602 131 646 159 DE
667 131 804 159 SANCTA
823 130 1013 158 TlthlTATE
1032 130 1208 160 DIALOGUS
1227 131 1276 160 IV.

1671 130 1744 161 1254

105 191 236 224 φὸτερον,
254 186 325 219 Νοῦς
339 187 387 215 καὶ
407 187 503 222 Λόγος,
516 187 624 223 λέγεται
645 189 660 215 ὁ
679 189 806 224 Χριστός.
823 187 902 214 Οὕτω

955 188 1086 216 habuisse
1101 193 1231 221 mentem,
1244 191 1274 215 ut
1285 195 1347 215 eum
1363 187 1480 216 dividas.
1499 187 1651 222 Utrumque
1669 189 1743 216 enim

106 234 141 260 δὲ
160 233 223 260 νοῦν
240 232 409 269 ἀνθρώπινον
422 233 493 268 λέγω
512 234 541 260 ἐν
552 231 574 268 ᾧ
588 232 622 270 ἦν
633 235 648 260 ό
662 234 758 268 Λόγος,
773 234 810 266 ὡς
823 235 851 260 ἐν
866 235 899 269 τῇ

107 279 184 314 ἀρχῇ
193 277 240 305 τοῦ
257 277 337 312 λόγου
352 278 464 313 εἴπομεν
482 279 562 314 σῶμα
576 279 745 314 ἀνθρώπινον
760 280 792 314 τῇ
809 278 899 313 φύσει,

107 327 145 360 τῇ
164 325 193 351 δὲ
207 324 347 360 οἰκονομίᾳ
359 324 438 351 Θεοῦ.
456 324 535 351 Οὕτω
549 325 596 352 καὶ
612 325 701 360 ψυχὴν
713 326 746 360 τῇ
762 324 842 359 φύσει
855 325 902 351 ἀν-

109 371 254 407 θρωπίνην
268 370 335 406 (62),
353 372 386 406 τῇ
409 370 438 397 δὲ
460 371 600 407 οἰκονομίᾳ
614 371 696 398 Θεοῦ·
715 371 762 398 καὶ
775 370 838 397 νοῦν
855 371 902 398 ἀν-

109 416 247 452 θρώπινον
261 418 293 451 τῇ
308 416 398 451 φύσει,
409 417 442 452 τῇ
455 416 483 442 δὲ
499 417 640 452 οἰκονομίᾳ
649 416 726 444 Θεοῦ.
738 416 794 443 Καὶ
806 415 901 451 ὥσπερ

109 463 128 498 ἠ
150 462 219 498 σὰρξ
242 462 325 489 αὐτοῦ
355 462 406 489 οὐκ
430 461 484 489 εἶδε
505 462 663 498 διαφθορὰν,
692 462 778 494 οὕτως
801 461 862 488 οὐδὲ
887 463 902 489 ὁ

109 507 177 540 νοῦς
196 507 278 534 αὑτοῦ
294 508 421 543 εποίησεν
439 508 585 544 ἁμαρτίαν.
607 509 663 535 Καὶ
682 508 776 544 ὥσπερ
793 508 902 543 ἀνάγκη

110 553 144 579 τὸ
163 555 196 589 τῇ
214 553 293 588 φύσει
315 553 484 590 ἀνθρώπινον
506 553 595 589 σῶμα,
613 553 661 580 καὶ
682 554 714 580 ὲκ
735 553 782 580 τοῦ
805 553 900 588 Ἀδὰμ,

111 599 147 625 ὲκ
169 599 269 634 σαρκὸς
291 599 338 626 καὶ
357 600 471 635 αἵματος
487 599 558 634 ἔχειν
578 599 627 635 τὴν
645 599 788 626 σύστασιν·
815 598 902 632 οὕτως

111 644 221 680 ἀνάγκη
235 644 284 680 τὴν
307 644 480 680 ἀνθρωπίνην
502 644 589 680 ψυχὴν
606 645 717 681 λογικὴν
740 645 819 672 εἶναι.
846 646 902 672 Καὶ

111 690 195 718 πάλιν
211 688 257 717 οὖν
282 690 363 724 λέγω·
380 690 486 725 Ὥσπερ
503 690 533 717 τὸ
560 690 640 726 σῶμα
660 691 740 725 φύσει
762 691 812 726 μέν
828 692 901 718 ἐστιν

111 737 293 773 ἀνθρώπινον,
306 738 338 772 τῇ
357 737 384 763 δὲ
397 737 492 763 ἑνώσει
504 739 553 773 τῆς
567 738 720 773 οἰκονομίας
734 738 823 765 θεῐκόν
832 747 838 754 ·
853 738 900 766 οὖ-

111 793 168 815 τως
183 785 197 810 ὁ
215 783 278 816 νοῦς
292 784 371 819 φύσει
390 784 439 819 μὲν
455 783 633 819 ἀνθρώπινος,
646 786 679 820 τῇ
696 784 724 811 δὲ
743 784 837 811 ἐνώσει
850 786 900 821 τῆς

112 830 268 865 οἰκονομίας
283 829 350 856 Θεοῦ
365 830 437 862 νοῦς.

951 233 1034 260 simul
1049 237 1077 261 et
1094 234 1265 268 conjunctim
1287 232 1503 265 consideratum,
1525 233 1602 261 Mcns
1617 232 1744 261 videlicet

953 283 980 306 et
991 278 1230 312 Verbum,dicitur
1241 279 1378 307 Christus.
1397 277 1442 306 Sic
1460 284 1550 306 autem
1566 285 1683 306 mentem
1698 279 1744 306 cui

952 324 1055 352 inesset
1069 324 1200 356 Verbum,
1212 325 1358 352 humanam
1377 325 1450 357 dico,
1463 329 1492 351 ut
1507 325 1586 352 initio
1608 325 1744 353 sermonis

952 370 1072 399 diximus
1088 379 1189 407 corpus
1200 375 1298 398 natura
1314 371 1477 403 humanum,
1500 370 1547 398 Dei
1565 379 1629 398 vero
1643 378 1744 406 corpus

953 416 1048 449 fuisse,
1064 417 1087 445 si
1103 418 1286 445 teconomiam
1314 422 1431 451 spectes.
1453 416 1498 444 Sic
1514 418 1597 444 etiam
1623 417 1743 444 animam

952 463 1014 490 dico
1032 467 1130 490 natura
1155 463 1314 496 humanam,
1339 463 1386 490 Dei
1402 471 1466 491 vero
1486 464 1603 490 animam
1624 463 1697 498 quod
1710 463 1745 490 ad

953 510 1133 536 mconomiam
1149 510 1246 537 attinet
1262 513 1309 537 :et
1326 513 1443 537 mentem
1469 515 1566 537 natura
1586 510 1745 543 humanam,

952 554 1000 582 Dei
1019 563 1084 583 vero
1099 559 1217 583 mentem
1236 563 1283 590 per
1300 556 1491 583 meonomiam.
1511 555 1576 583 ltem
1590 556 1661 583 sicut
1680 562 1746 582 caro

951 601 1013 636 ejus
1026 609 1080 629 non
1095 602 1162 629 vidit
1172 602 1389 637 corruptionem,
1399 602 1436 628 ita
1450 609 1559 637 quoque
1572 609 1648 629 mens
1661 601 1746 636 ipsius

953 656 1009 675 non
1024 649 1162 676 commisit
1177 653 1330 684 peccatum.
1349 647 1381 675 Et
1404 649 1477 675 sicut
1495 656 1610 676 necesse
1626 651 1670 675 est
1684 655 1747 676 cor-

952 700 1013 728 pus,
1026 693 1100 729 quod
1122 694 1272 721 humanum
1300 693 1346 727 sit,
1361 697 1388 720 et
1405 701 1438 720 ex
1453 693 1557 720 Adamo
1582 693 1746 732 profectum,

951 747 986 767 ex
996 747 1080 767 carne
1095 744 1123 767 et
1144 739 1279 775 sanguine
1295 739 1437 771 constitui,
1450 739 1487 766 ita
1506 747 1618 766 necesse
1632 742 1675 766 est
1687 737 1749 765 ani-

953 793 1024 812 mam
1046 786 1193 813 humanam
1225 793 1287 813 esse
1306 786 1507 814 rationabilem.
1526 785 1646 813 Rursum
1664 785 1749 820 igitur

952 834 1014 862 dico
1031 844 1037 861 :
1058 834 1135 862 Sicut
1152 843 1253 870 corpus
1279 839 1378 862 natura
1403 834 1512 870 quidem
1528 838 1572 862 est
1585 834 1747 865 humanum,

112 877 217 905 unione
231 885 296 906 vero
315 878 475 905 oeconomiae
490 878 613 906 divinum
629 887 636 906 :
654 879 693 906 ita
721 883 748 907 et
771 887 849 907 mens
871 886 969 910 natura
986 883 1097 919 quidem
1127 887 1170 912 est
1200 884 1338 915 humana,
1356 883 1457 910 unione
1478 890 1544 910 vero
1576 880 1748 914 meonomiae,

113 931 194 951 mens
205 923 262 951 Dei.

149 982 174 1009 5.
200 981 323 1009 Ἀπολλ.
353 981 405 1007 Δύο
426 990 473 1008 ουν
501 980 601 1008 τέλεια.
631 981 708 1015 Ὀρθ.
730 981 782 1008 Δύο
805 982 902 1009 οὐσιῶν

988 984 1014 1011 5.
1031 983 1120 1018 Apoll.
1133 985 1190 1011 Duo
1205 984 1499 1019 suntigiturperl‘ecta.
1511 984 1587 1011 Ott/1.
1605 984 1662 1012 lmo
1676 985 1748 1014 dua-

112 1027 223 1054 τελείων
234 1027 340 1058 ἓνωσις.
363 1027 487 1054 Ἀπολνί.
512 1027 564 1053 Δύο
578 1027 688 1054 τελείων
708 1027 737 1053 ἒν
749 1027 851 1054 τέλειον
873 1029 902 1055 οὺ

113 1073 228 1108 γίνεται.
251 1073 328 1106 Ὀρθ.
353 1072 421 1108 Παρ’
448 1071 602 1108 ἀνθρώποις
629 1073 694 1104 ἴσως
708 1072 838 1099 ἀδύνατον
857 1082 904 1108 γε-

114 1118 219 1152 νέσθαι,
239 1118 313 1153 παρὰ
327 1117 355 1144 δὲ
376 1117 435 1153 Θεῷ
453 1118 576 1145 δυνατόν.
586 1119 710 1145 Ἀπολλ.
730 1119 810 1151 Πῶς;
827 1120 903 1153 Ὀρθ.

119 1163 164 1196 Ὧς
177 1164 207 1190 τὸ
221 1163 358 1198 Παρθένον
379 1164 518 1199 γεννῆσαι,
542 1163 579 1196 ὡς
595 1163 626 1190 τὸ
642 1163 731 1199 θυρῶν
746 1164 906 1200 κεκλεισμέ-

114 1220 167 1238 νων
194 1211 273 1246 σῶμα
302 1211 461 1246 παχυμερὲς
489 1210 637 1243 εἰσελθεῖν,
665 1211 697 1237 ὲκ
727 1210 836 1246 σαρκῶν
859 1212 905 1239 καὶ

112 1257 214 1284 ὀστέων
227 1257 379 1292 συμπαγὲν,
396 1257 433 1288 ὡς
449 1256 480 1282 τὺ
492 1257 678 1292 περιπατῆσαι
695 1257 740 1283 ἐπὶ.
756 1256 903 1292 θαλάσσης.

121 1303 165 1336 Ὧς
180 1303 234 1339 γὰρ
247 1303 332 1330 ταῦτα
341 1303 441 1330 δυνατὰ
465 1303 540 1338 παρὰ
555 1301 624 1339 Θεῷ,
639 1305 760 1331 κάκεῖνο.
780 1304 903 1333 Ἀπολλ.

117 1350 276 1386 Ἀνθρωπον
289 1348 333 1376 οὖν
355 1350 499 1385 ἐγέννησεν
515 1351 623 1386 Μαρία;
645 1351 721 1384 Ὀρθ.
738 1350 821 1376 Ψιλὺν
836 1349 903 1384 (65),

115 1396 156 1423 οὖν
171 1396 237 1423 ἀλλὰ
256 1396 320 1422 Θεὸν
344 1396 602 1432 ὲνανθρωπήσαντα.
618 1396 729 1432 Πρῶτον
744 1395 798 1431 γὰρ
815 1397 828 1422 6
847 1396 904 1422 Κύ-

117 1451 174 1478 ριος
187 1444 244 1478 μετ’
258 1442 342 1478 αὐτῆς
357 1442 464 1474 θεῐκῶς,
482 1443 529 1469 καὶ
542 1442 602 1468 τότε
622 1442 652 1474 ἐξ
669 1442 754 1477 αὐτῆς
769 1443 904 1477 οἰκονομι-

117 1489 172 1520 κῶς
196 1488 317 1515 παιδίον·
341 1488 381 1515 διὸ
403 1489 451 1515 καὶ
474 1488 603 1520 Θεοτόκος
619 1490 635 1524 ἡ
653 1488 758 1523 Μαρία.
780 1490 903 1515 Ἀπολλ.

119 1535 278 1570 Ἀνθρωπος
290 1533 336 1562 οὖν
346 1535 505 1572 ἐσταυρώθη
520 1535 590 1570 ὑπὲρ
601 1534 695 1570 ἡμῶνς
716 1535 792 1568 Ὀρθ.
805 1533 903 1566 Ψιλὺς,

117 1580 146 1606 οὗ
157 1588 165 1597 ·
191 1580 259 1607 ἀλλὰ
272 1579 338 1611 Θεὸς
351 1579 388 1606 ὢν
407 1581 421 1606 ό
436 1579 482 1606 τοῦ
499 1579 566 1606 Θεοῦ
583 1579 655 1611 Υἱὸς,
673 1579 812 1614 βουληθεὶς
825 1587 905 1605 σταυ-

115 1626 236 1662 ρωθῆναι
250 1627 320 1662 ὑπὲρ
331 1627 419 1662 ἡμῶν,
430 1626 535 1661 ἥνωσεν
546 1625 633 1661 ἑαυτῷ
645 1625 724 1661 σῶμα
737 1625 855 1661 ἔμψυχον
864 1625 904 1652 λο-

957 1037 1016 1057 rum
1035 1030 1218 1065 perfectarum
1234 1031 1450 1058 substantiarum
1469 1031 1565 1058 unitio.
1589 1031 1677 1066 Apoll.
1708 1032 1748 1060 Ex

955 1075 1062 1102 duobus
1088 1075 1217 1110 perlectis
1243 1083 1327 1102 unum
1357 1075 1507 1110 perfectum
1535 1083 1590 1103 non
1620 1077 1747 1104 edicitur.

957 1118 1034 1146 Orth.
1061 1119 1138 1154 Apud
1159 1119 1283 1146 homines
1304 1119 1386 1155 460
1397 1119 1524 1148 fortassis
1552 1120 1578 1147 id
1606 1120 1664 1148 ﬁeri
1693 1129 1748 1149 non

955 1169 1055 1200 potest,
1075 1164 1120 1193 sed
1139 1165 1211 1200 apud
1226 1164 1310 1192 Deum
1330 1165 1387 1192 licri
1407 1170 1507 1201 potest.
1526 1166 1614 1201 Apoll.
1629 1167 1749 1200 Quomo-

955 1213 990 1239 do
1004 1212 1016 1239 ?
1028 1211 1104 1239 Orth.
1122 1211 1158 1239 Ut
1180 1213 1252 1247 quod
1271 1211 1354 1247 Virgo
1374 1214 1508 1248 genuerit,
1527 1219 1556 1240 ut
1573 1214 1749 1249 quodjanuis

955 1258 1058 1286 clausis
1079 1256 1179 1293 corpus
1198 1259 1328 1290 solidum,
1351 1262 1377 1286 et
1392 1267 1425 1286 ex
1445 1259 1575 1287 carnibus
1590 1263 1616 1286 et
1638 1260 1749 1288 Ossibus

955 1308 1138 1339 compactum,
1156 1305 1304 1336 introierit,
1321 1308 1351 1331 ut
1375 1305 1448 1339 quod
1465 1313 1547 1340 supra
1562 1313 1638 1333 mare
1654 1307 1750 1334 ambu-

955 1350 1027 1377 larit.
1044 1350 1111 1377 Nam
1129 1354 1158 1377 ut
1172 1351 1230 1378 haec
1250 1351 1391 1386 possibilia
1408 1351 1480 1386 apud
1503 1351 1598 1384 Deum,
1615 1352 1652 1379 ita
1673 1356 1700 1380 et
1715 1353 1750 1380 il-

954 1397 1011 1424 lud.
1035 1396 1124 1431 Apoll.
1144 1395 1286 1424 Hominem
1313 1397 1397 1432 igitur
1423 1397 1518 1431 genuit
1538 1397 1624 1425 Maria
1641 1398 1653 1425 ?
1671 1397 1749 1427 Orth.

954 1443 1061 1470 Nudum
1071 1447 1097 1470 et
1106 1443 1238 1470 duntaxat
1247 1443 1395 1475 hominem,
1405 1451 1588 1479 nequaquam,
1598 1444 1644 1472 sed
1655 1444 1750 1477 Deum,

956 1489 1091 1516 hominem
1116 1487 1228 1515 factum.
1241 1487 1362 1515 Primum
1380 1485 1453 1515 enim
1472 1488 1604 1517 Dominus
1622 1490 1672 1517 luit
1687 1498 1749 1517 cum

955 1542 986 1562 ea
999 1534 1100 1567 divine,
1116 1538 1143 1562 et
1162 1538 1220 1561 tum
1244 1534 1352 1562 demum
1373 1534 1524 1563 infantulus
1535 1543 1569 1562 ex
1590 1544 1622 1563 ea
1639 1544 1751 1564 oecono-

955 1582 1024 1608 mice
1045 1589 1052 1606 :
1068 1581 1246 1616 quamobrem
1260 1582 1342 1608 etiam
1360 1581 1475 1617 Deipara
1493 1585 1536 1609 est
1551 1581 1645 1609 Maria.
1660 1582 1750 1617 Apoll.

956 1627 1043 1654 Homo
1059 1627 1142 1662 igitur
1157 1628 1305 1655 cruciﬁxus
1319 1631 1361 1655 est
1382 1636 1431 1663 pro
1447 1628 1527 1655 nobis
1542 1628 1553 1655 ’ί
1566 1628 1642 1655 Οι-ιΙι.
1655 1629 1750 1657 Nudus

117 1673 204 1707 γικὺν,
223 1673 252 1699 τὸ
266 1673 413 1708 δυνάμενον
433 1671 621 1707 σταυρωθῆναι
637 1671 705 1708 μετὰ
718 1671 841 1698 ἑκουσίου
853 1672 904 1698 πά-

956 1671 1088 1699 duntaxat
1117 1671 1209 1704 homo,
1233 1680 1428 1707 nequaquam:
1453 1673 1501 1700 sed
1525 1673 1570 1700 Dei
1588 1673 1674 1701 Filius
1687 1682 1751 1702 cum

118 1719 190 1750 θους.
200 1720 324 1746 Ἀπολλ.
339 1719 389 1745 Διὰ
402 1719 427 1745 τί
442 1719 541 1752 λέγεις,
565 1718 756 1754 σταυρωθῆναι
774 1718 843 1754 μετὰ
854 1718 906 1745 πά-

118 1764 196 1797 θονς;
215 1764 295 1791 ’Ἄλλο
311 1765 370 1791 ἐστὶ
387 1764 539 1801 σταύρωσις
563 1764 630 1800 (64),
644 1765 692 1791 καὶ
716 1765 780 1792 ἄλλο
802 1765 904 1799 πάθος

124 1810 285 1844 ’ορθ.Ἑκού
291 1819 345 1837 σιον
360 1811 407 1837 καὶ
421 1811 503 1838 πάνυ.
513 1811 635 1838 Ἀπολλ.
652 1810 732 1843 Πῶς;
754 1811 831 1845 Ὀρθ.
844 1812 905 1838 ’Ὁτι

119 1857 198 1892 σῶμα
209 1856 327 1891 ἔμψυχον
341 1857 530 1892 σταυρωθῆναι
541 1856 662 1888 δύναται,
675 1857 770 1883 παθεῖν
785 1857 813 1884 δὲ
829 1858 907 1884 ἑκου-

119 1901 183 1934 σίως
200 1903 230 1928 σὺ
246 1902 366 1936 δύναται,
392 1903 429 1938 μὴ
443 1903 472 1929 ὃν
491 1902 611 1938 ἔμψυχον
626 1903 743 1936 λογικόν.
760 1904 814 1930 Καὶ
828 1904 907 1931 τοῦτό

119 1949 176 1975 ἐστι
197 1949 227 1975 τὸ
240 1948 366 1984 ἀσέϐημα
382 1949 436 1975 τῶν
451 1949 594 1983 λέγοντων,
609 1950 650 1976 ὅτι
661 1949 749 1985 ψυχὴν
763 1950 812 1976 οὐκ
822 1949 904 1986 εἶχεν.

119 1995 171 2022 Τοῦ
185 1995 239 2031 γὰρ
253 1994 376 2030 σώματος
394 1995 430 2031 μὴ
449 1994 598 2030 δυναμένου
609 1995 770 2030 αἰσθηθῆναι
784 1995 906 2022 ἑκουσίου

120 2040 222 2072 πάθους
246 2040 309 2067 ἄνευ
333 2039 432 2075 ψυχῆς,
445 2040 550 2076 ἀνάγκη
575 2040 621 2066 τὸν
638 2040 723 2074 Λόγον
739 2040 798 2066 ἀντὶ
819 2041 907 2076 ψυχῆς

120 2085 184 2113 ὂντα
208 2086 322 2118 παθεῖν,
346 2086 363 2122 ἢ
390 2086 451 2121 μηδ’
477 2085 545 2117 ὅλως
568 2083 638 2112 εἶναι
659 2085 784 2121 αἴσθησιν
806 2087 908 2118 πάθους

120 2131 252 2159 ἑκουσίου.

955 1716 1026 1744 Deus
1053 1721 1144 1749 esset,
1168 1717 1303 1752 velletque
1329 1716 1451 1752 crueiligi
1476 1725 1526 1752 pro
1548 1717 1646 1748 nobis,
1663 1718 1751 1745 univit

955 1763 1007 1790 sibi
1022 1763 1072 1798 ipsi
1087 1770 1188 1797 corpus
1204 1762 1354 1789 animatum
1378 1763 1494 1789 rationis
1511 1763 1664 1798 particeps,
1677 1764 1751 1798 quod

955 1813 1046 1845 posset
1063 1809 1186 1844 cruciligi
1204 1817 1265 1836 cum
1281 1809 1434 1836 voluntaria
1447 1810 1582 1844 passione.
1597 1810 1685 1844 Apoll.
1695 1810 1751 1838 Cur

954 1855 1024 1882 dicis
1044 1854 1204 1881 cruciﬁxum
1229 1855 1313 1882 fuisse
1331 1862 1392 1882 cum
1417 1855 1544 1890 passione
1562 1855 1655 1883 ?Num
1676 1856 1751 1884 aliud

954 1905 996 1929 est
1020 1901 1177 1933 cruciﬁxio,
1196 1910 1277 1936 quam
1306 1901 1399 1936 passio
1416 1901 1428 1927 ?
1450 1901 1526 1928 Orlh.
1547 1901 1620 1929 Sane
1646 1898 1709 1930 vero
1726 1903 1751 1930 si

956 1947 1109 1974 voluntaria
1134 1947 1179 1974 sit.
1205 1946 1293 1981 Apoll.
1320 1946 1489 1980 Quomodo?
1509 1946 1585 1975 Ortlt.
1616 1946 1750 1979 Quoniam

956 2001 1057 2028 corpus
1074 1994 1223 2020 animatqu
1240 1996 1329 2028 potest
1340 1993 1472 2028 crnciligi,
1489 1992 1643 2020 voluntarie
1661 1996 1750 2020 autem

957 2041 1011 2075 pati
1024 2048 1079 2067 non
1100 2044 1188 2075 potest
1216 2048 1315 2075 corpus
1336 2040 1408 2074 quod
1428 2048 1482 2066 non
1500 2039 1582 2066 fuerit
1600 2038 1751 2066 animatum

959 2087 1040 2114 simul
1053 2091 1079 2114 et
1097 2087 1212 2114 rationis
1225 2086 1374 2122 particeps.
1392 2085 1423 2113 Et
1433 2083 1496 2113 'haec
1509 2085 1554 2112 illa
1570 2089 1612 2112 est
1624 2084 1752 2119 impietas

960 2141 1053 2160 eorum
1073 2133 1119 2167 qui
1133 2132 1272 2160 Christum
1288 2137 1387 2167 negant
1402 2131 1492 2158 anima
1502 2130 1644 2165 praeditum
1654 2129 1749 2158 fuisse.

120 2177 187 2205 Cum
201 2177 274 2205 enim
304 2184 404 2211 corpus
422 2176 524 2210 absque
552 2177 642 2203 anima
661 2184 714 2203 non
737 2177 856 2211 potuerit
888 2177 1070 2205 voluntariam
1088 2177 1244 2211 passionem
1263 2177 1382 2207 sentire.
1416 2184 1528 2204 necesse
1559 2180 1601 2203 est
1618 2174 1750 2204 Verbum,

121 2223 193 2259 quod
216 2223 313 2250 animae
329 2222 390 2249 loco
407 2222 499 2253 luerit,
522 2229 632 2257 passum
654 2229 714 2249 esse
736 2227 783 2249 aut
804 2223 908 2249 nullum
929 2231 1043 2259 prorsus
1068 2223 1153 2251 fuisse
1169 2222 1329 2250 voluntariae
1344 2222 1481 2257 passionis
1499 2229 1620 2249 sensum.

154 2292 181 2319 4.
208 2292 330 2318 Ἀπολλ.
357 2290 414 2317 Οὐκ
443 2289 544 2316 ἔπαθεν
555 2288 601 2316 οὖν
615 2292 629 2318 ὁ
640 2290 725 2325 Λόγος
738 2299 745 2323 ;
765 2291 842 2325 Ὀρθ.
853 2292 904 2317 Φυ-

991 2290 1118 2324 4ῖΑροΙι.
1133 2289 1203 2325 Ergo
1212 2297 1266 2316 non
1277 2296 1388 2324 passum
1410 2288 1492 2316 fuerit
1513 2287 1629 2315 Verbum
1645 2287 1657 2314 ?
1672 2287 1749 2315 Orth.

122 2336 204 2368 σικῶς
228 2336 264 2371 μὴ
290 2335 409 2370 γένοιτοί
431 2335 554 2362 Ἀπολλ.
571 2335 658 2367 ’Όλως
685 2336 795 2362 ἔπαθεν.
830 2337 905 2370 Ὀρθ.

127 2383 245 2414 Ἐνώσας
261 2383 350 2418 ἑαυτῷ
367 2383 445 2418 σῶμα
457 2382 487 2409 τὸ
498 2382 647 2417 δυνάμενον
662 2382 756 2409 παθεῖν
766 2392 772 2398 ·
787 2383 825 2414 ὡς
837 2380 907 2409 εἶναι

122 2429 151 2456 τὸ
165 2429 248 2460 πάθος
260 2429 310 2463 τῆς
331 2428 496 2463 οἰκονομίας,
521 2428 568 2454 καὶ
586 2427 647 2463 οὑχὶ
665 2428 714 2462 τῆς
733 2428 841 2463 φύσεως
859 2428 907 2455 τοῦ

122 2475 218 2508 Λόγου.
238 2474 281 2505 Ὠς
296 2474 350 2510 γὰρ
363 2474 508 2500 ἐκοπίασεν
521 2474 553 2500 ὲκ
571 2474 620 2508 τῆς
638 2473 800 2510 ὁδοιπορίας,
815 2475 845 2501 οὐ
858 2474 909 2509 φύ-

123 2528 164 2546 σει
177 2519 312 2555 θεότητος,
324 2520 380 2546 ἀλλ’
395 2519 518 2551 ἐνώσεως
529 2520 670 2555 οἰκονομίᾳ
679 2528 685 2535 ·
700 2520 786 2552 οὕτως
798 2520 908 2553 ἔπαθεν,

123 2566 152 2593 οὐ
167 2565 246 2600 φύσει
261 2566 396 2601 θεότητος,
421 2565 477 2592 ἀλλ’
503 2565 625 2598 ὲνώσεως
650 2566 802 2601 οἰκονομίᾳ.
827 2566 859 2592 Εἰ
882 2566 910 2592 δὲ

125 2613 171 2648 μὴ,
189 2613 203 2639 ὁ
221 2612 336 2646 ποιήσας
350 2612 395 2639 τὸν
411 2612 523 2647 οὐρανὸν
540 2611 586 2638 καὶ
603 2612 651 2647 τὴν
668 2612 718 2647 γῆν
732 2612 796 2639 ἄνευ
814 2612 909 2644 κόπου,

123 2659 169 2686 καὶ
189 2658 379 2694 περιπατήσας
400 2658 469 2692 ὑπὲρ
494 2657 637 2692 πτερύγων
661 2658 780 2693 ἀνέμων,
802 2658 861 2690 πῶς
877 2658 909 2685 ἃν

124 2705 276 2736 ἐκοπίασεν,
289 2705 312 2731 εἰ
336 2704 373 2739 μὴ
388 2704 492 2739 ἥνωσεν
508 2705 597 2740 ἐαυτῷ
609 2705 640 2731 τὺ
653 2705 801 2740 δυνάμενον
815 2704 909 2731 κοπιά-

125 2761 167 2779 σαι
177 2760 183 2783 ;
195 2751 278 2786 Σῶμα
289 2750 316 2777 δὲ
327 2751 427 2786 ἄψυχον
437 2751 467 2777 οὐ
480 2752 571 2786 κοπιᾷ,
582 2751 641 2778 οὐδὲ
652 2751 736 2787 νήθει.
747 2751 803 2777 Καὶ
814 2750 908 2786 ὥσπερ

170 2829 213 2865 62)
234 2829 331 2861 Palat.,
346 2829 528 2865 ἀνθρωπίνην,
548 2829 594 2854 καὶ
612 2829 674 2856 νοῦν
688 2828 812 2865 ἀνθρώπ.

170 2829 213 2863 62)
234 2829 331 2861 Palat.,
346 2829 394 2856 ἀνθ
415 2829 528 2864 ωπίνην,
548 2829 592 2854 καὶ

156 2829 215 2901 E65)
235 2865 333 2899 Palat.,
343 2839 426 2892 Ψιλςν
441 2864 592 2895 ἄνθρωπον.

959 2337 1048 2368 Absit,
1066 2340 1095 2363 ut
1111 2335 1271 2363 naturaliter
1285 2341 1394 2369 passum
1407 2333 1489 2361 fuerit
1506 2334 1513 2360 ι
1528 2333 1616 2367 Apoll.
1634 2333 1752 2360 Omnino

960 2388 1049 2410 tamen
1064 2390 1176 2417 passum
1197 2386 1250 2409 est.
1267 2381 1343 2409 Orth.
1357 2380 1458 2416 Nempe
1472 2380 1549 2407 unito
1567 2379 1618 2408 sibi
1636 2387 1751 2414 corpore

960 2428 1033 2464 quod
1052 2429 1107 2464 pati
1137 2432 1230 2463 posset
1249 2437 1256 2455 :
1273 2431 1303 2454 ut
1332 2427 1424 2462 passio
1446 2427 1482 2454 sit
1505 2426 1679 2459 (economize,
1694 2434 1749 2453 non

960 2480 1051 2502 autem
1070 2475 1156 2510 ipsius
1172 2480 1278 2502 natura:
1296 2474 1388 2502 Verbi.
1404 2473 1482 2501 Sicut
1501 2473 1573 2500 enim
1592 2473 1683 2500 lassus
1699 2471 1751 2499 fuit

959 2521 992 2549 de
1007 2522 1057 2553 via,
1072 2529 1126 2548 non
1150 2522 1177 2548 in
1202 2522 1261 2556 ipsa
1286 2521 1396 2549 deitatis
1419 2526 1527 2551 natura,
1551 2519 1598 2546 sed
1616 2519 1750 2547 unitionis

959 2568 1112 2595 mconomia
1130 2577 1136 2594 :
1153 2569 1190 2595 ita
1210 2576 1307 2603 passus
1323 2573 1375 2600 est,
1391 2575 1444 2594 non
1460 2567 1487 2593 in
1505 2567 1563 2601 ipsa
1579 2566 1689 2593 deitatis
1700 2573 1750 2592 na-

959 2617 1030 2646 tura,
1045 2614 1092 2641 sed
1109 2614 1242 2641 unitionis
1253 2613 1416 2641 meonomia.
1427 2612 1545 2647 Alioqui,
1555 2612 1693 2647 quomodo
1702 2612 1748 2646 qui

960 2661 1064 2695 absque
1080 2660 1173 2688 labore
1191 2660 1253 2688 fecit
1276 2661 1374 2687 cmlum
1393 2665 1419 2687 et
1443 2664 1554 2691 terram,
1578 2663 1606 2685 et
1627 2658 1750 2685 ambulat

962 2713 1044 2741 super
1061 2714 1165 2742 pennas
1181 2713 1333 2739 ventorum,
1350 2705 1475 2733 defessus
1499 2704 1610 2735 fuisset,
1625 2703 1678 2730 nisi
1696 2703 1747 2731 sibi

961 2751 1013 2787 ipsi
1034 2752 1166 2779 univisset
1186 2751 1259 2787 quod
1281 2751 1388 2787 fatigari
1409 2754 1499 2786 posset
1513 2749 1525 2777 7
1538 2748 1671 2776 Caeterum
1686 2754 1749 2776 cor-

995 2829 1049 2865 (64)
1071 2828 1148 2862 Mss,
1165 2828 1291 2864 σταυρός.
