1926 3067
83 148 151 177 I237

560 146 603 174 DE
623 146 756 175 SANCTA
775 148 961 176 TRINITATE
979 146 1150 175 DIALOGUS
1169 147 1213 174 IV.

1629 144 1697 170 I238

82 207 271 243 ανθρωπῆσαι,
281 206 393 243 ἡγίασεν
406 206 454 242 τὴν
469 205 615 242 Παρθένον,
627 207 673 233 καὶ
683 208 787 243 ἥνωσεν
801 208 863 234 ἐαυ-

920 207 1002 234 sancti
1021 207 1098 242 prius
1113 207 1286 236 exstiterunt.
1302 208 1329 231 et
1349 208 1404 230 tum
1428 203 1534 230 demum
1551 204 1698 238 participa-

82 253 121 289 τῷ
134 254 162 287 ἐξ
176 253 259 288 αὐτῆς
277 252 365 288 σῶμα,
386 252 415 279 οὺ
435 251 567 287 πρότερον
582 252 717 287 ὑπάρξαν,
736 253 782 279 καὶ
804 252 864 278 τότε

83 299 196 331 ἑνώσας,
210 299 266 326 ἀλλ’
281 300 309 324 ἐν
319 299 386 334 αὐτῇ
395 299 426 333 τῇ
437 298 551 333 ὑπάρξει
560 297 672 328 ἑνώσας.
682 298 804 324 Ἀπολλ.
814 297 865 323 Δύο

82 344 128 373 οὖν
144 345 293 380 ἡγεμονικὰ
310 345 338 370 ἐν
350 344 387 379 τῷ
403 343 507 378 σώματι
523 341 602 378 ἦσαν,
617 345 630 370 ὁ
644 343 709 374 Θεὸς
725 343 808 376 Λόγος
819 343 866 369 κα)⁴

83 393 97 418 ὁ
117 390 284 426 ἀνθρώπινος
301 390 371 422 νοῦς.
396 391 471 423 Ὀρθ.
490 389 536 415 Οὔ.
557 389 625 415 Ἀλλ’
644 389 724 420 αὐτὸς
738 390 752 415 ὁ
781 389 866 422 Λόγος

83 437 232 472 ἡγεμόνευε
247 437 292 462 τοῦ
310 436 365 462 νοῦ.
375 437 496 462 Ἄπι)λώ
508 434 569 466 Πῶς
578 432 632 461 οἷον
642 443 671 460 τε
679 435 716 469 μὴ
727 432 795 461 εἶναι
803 434 848 460 δύο
858 442 865 464 ς

89 482 165 516 'Opl}.
183 483 225 514 Ὠς
239 482 269 508 τὺ
283 482 376 508 λευκὸν
386 481 435 516 τῆς
449 482 528 516 lipsi;
540 480 729 515 καταχρωσθὲν
744 479 868 515 χρώματι

83 528 225 564 πορφύρας
241 528 271 554 οὐ
285 527 420 563 δίχρωμον
437 527 520 557 ἐστιν,
541 526 596 552 ἀλλ’
610 527 638 552 ἓν
648 535 654 540 ·
670 525 755 556 οὕτως
770 527 783 552 ὁ
795 525 865 557 νοῦς,

82 573 327 608 καταλαμπόμενος
354 574 399 599 καὶ
415 572 590 603 ἀποθεωθεὶς,
607 572 636 598 ἓν
655 572 738 604 ἐστιν,
757 573 803 599 καὶ
818 572 868 599 οὐκ

83 620 141 646 ἐστι
162 619 208 646 δύο
223 619 371 654 ἡγεμονικά
390 618 455 652 (70).
473 619 509 644 Ob
531 619 584 653 γὰρ
595 619 657 645 ἄλλο
674 627 700 644 τι
715 618 837 654 βούλεται
854 619 867 644 ὁ

82 664 155 696 νοῦς,
168 664 213 689 καὶ
229 663 291 690 ἄλλο
305 672 330 689 τι
347 664 361 690 ὁ
377 664 460 696 Λόγος
470 671 477 678 ⁶
494 662 549 689 ἀλλ’
564 663 657 698 ὥσπερ
675 663 802 698 μουσικὸς
821 663 869 689 καὶ

82 709 113 735 τὸ
130 709 243 744 ὄργανον
261 709 290 734 οὐ
314 708 361 734 δύο
388 708 521 743 μουσικοὶ,
539 708 624 739 οὕτως
641 708 706 739 Θεὸς
723 708 806 742 Λόγος
822 708 869 734 καὶ

83 753 144 784 νοῦς
162 752 329 788 ἀνθρώπινος
344 753 374 778 οὐ
389 752 435 778 δύο
447 753 606 787 ἡγεμονικὰ.
634 753 706 779 ’Λντὶ
720 747 774 788 γὰρ
788 753 870 788 ὀργά-

82 798 173 833 ντυτῴ
185 799 221 832 νῷ
232 797 392 833 ἀνθρωπίνῳ
403 797 532 832 κέχρηται
542 798 556 823 ὁ
566 797 868 831 Λόγος.¹Απολλ.Ἀλλὰ

82 843 114 869 τὺ
129 844 241 878 δργανον
267 842 314 869 τοῦ
337 843 466 878 μουσικοῦ
484 843 562 869 ἄνουν
589 843 672 869 ἐστίν.
689 844 766 877 Ὀρθ.
787 844 841 870 Καὶ
855 845 869 870 ὁ

915 257 979 280 runt
994 252 1040 281 Dei
1053 251 1189 279 Verbum:
1208 251 1250 278 hie
1266 258 1330 277 vero
1355 258 1408 276 non
1429 250 1465 276 ita
1477 254 1517 276 est
1529 270 1536 281 ,
1562 250 1608 276 sed
1627 249 1697 277 Deus

919 298 1045 328 Verbum.
1057 298 1128 333 quod
1148 301 1207 324 erat
1223 300 1286 323 ante
1302 296 1399 324 smcula
1413 315 1420 327 ,
1445 304 1506 322 cum
1533 296 1612 322 vellet
1641 296 1698 323 licri

917 344 1009 376 homo,
1026 343 1206 371 sanctilicarit
1225 342 1371 378 Virginem.
1387 346 1413 370 et
1438 349 1537 376 corpus
1550 350 1581 368 ex
1598 348 1629 367 ea
1645 341 1698 369 sibi

917 391 1014 420 univit,
1029 398 1083 417 non
1094 389 1167 424 quod
1193 389 1268 424 prius
1279 389 1432 419 exstiterit.
1461 393 1488 415 et
1503 391 1559 414 tum
1588 387 1697 414 demum

917 436 1052 468 univerit,
1081 435 1128 463 sed
1157 435 1183 461 in
1201 435 1258 469 ipsa
1284 434 1444 461 exsistenlia
1470 433 1578 460 uniens.
1607 432 1696 467 Apoll.

917 481 975 508 Duo
995 481 1076 516 igitur
1106 481 1133 508 in
1162 481 1208 507 illo
1240 487 1355 514 corpore
1384 479 1493 506 fuerunt
1518 479 1700 514 principatum

917 528 1055 558 habentia,
1072 534 1168 562 nempe
1184 526 1255 554 Deus
1272 525 1407 557 Verbum,
1428 529 1454 552 et
1473 525 1591 552 humana
1609 532 1698 552 mens.

919 573 995 601 Orth.
1028 573 1214 608 Nequaquam.
1244 572 1296 599 Sed
1330 572 1417 607 ipsum
1445 570 1564 597 Verbum
1587 571 1702 606 imperat

918 619 1010 646 menti.
1049 617 1136 651 Apoll.
1166 617 1216 650 Qui
1247 616 1303 644 ﬁeri
1349 618 1456 650 potest,
1497 619 1527 641 ut
1560 614 1617 641 [nec
1646 621 1701 641 non

919 665 972 692 sint
988 665 1061 692 duo?
1077 664 1153 692 Ortlt.
1181 663 1258 690 Sicut
1277 663 1345 689 lanm
1360 661 1456 688 albedo
1470 661 1562 688 colore
1577 667 1704 695 purpura:

919 711 1013 742 tincta,
1030 719 1083 738 non
1100 716 1142 737 est
1155 710 1269 741 bicolor,
1287 709 1333 736 sed
1350 708 1491 735 unicolor:
1508 707 1544 734 ita
1561 714 1637 734 mens
1655 714 1701 733 co-

919 764 1035 784 ruscans
1048 761 1074 784 et
1091 756 1215 783 deiﬁcata
1230 759 1271 782 est
1283 762 1366 781 unum
1381 753 1521 788 quiddam,
1535 760 1622 787 neque
1639 755 1704 779 sunt

919 802 972 829 duo
982 801 1163 836 principatum
1189 799 1326 826 habentia.
1347 798 1440 833 Neque
1463 798 1535 825 enim
1553 796 1626 824 aliud
1643 796 1704 831 qui-

920 847 980 874 dem
994 847 1049 874 vult
1067 854 1152 878 mens,
1168 846 1241 873 aliud
1254 853 1318 872 vero
1333 843 1451 872 Verbum
1466 853 1472 871 :
1494 843 1541 871 sed
1556 843 1629 870 sicut
1640 850 1702 869 mu-

85 890 212 926 μουσικὸς
226 890 321 925 θνητός
341 891 423 916 ἐστιν.
440 890 570 916 Ἐνταῦθα
586 890 613 916 δὲ
628 891 642 916 ὁ
653 890 747 924 Λόγος,
765 890 866 918 ἀθάνα-

920 893 992 919 sicus
1006 897 1032 918 et
1049 892 1261 918 instrumentum
1291 898 1344 916 non
1367 892 1432 916 sunt
1449 888 1503 915 duo
1525 888 1622 915 musici
1638 907 1644 919 ,
1666 887 1703 914 ita

83 945 128 963 τος
149 935 195 967 ὢν,
226 935 263 971 τῷ
289 936 326 970 νῷ
348 935 478 971 κέχρηται
504 936 627 972 ὀργάνῳ·
645 937 692 962 καὶ
717 936 811 971 ὥσπερ
838 937 867 962 ὲν

82 983 149 1017 ἡμῖν
165 983 179 1008 ὁ
199 981 260 1013 νοῦς
275 981 314 1016 τῷ
341 981 445 1016 σώματι
476 981 608 1016 κέχρηται
640 981 748 1017 ὀργάνῳ
772 983 812 1013 εἰς
834 982 868 1008 τὰ

83 1027 126 1053 διὰ
146 1027 194 1053 τοῦ
212 1027 334 1062 σώματος
355 1026 563 1061 ἐπιτελούμενα·
578 1027 664 1058 οὕτως
685 1028 742 1054 ἐκεῖ
754 1029 768 1054 ὁ
783 1027 868 1062 Λόγος

83 1072 121 1107 τῷ
138 1073 174 1107 νῷ
189 1073 319 1108 κέχρηται
336 1073 442 1109 ὀργάνῳ
455 1075 492 1104 εἰς
507 1073 540 1099 τὰ
554 1073 598 1099 διὰ
616 1072 663 1099 τοῦ
679 1073 724 1100 νοῦ
742 1074 797 1110 (ll)
810 1075 869 1100 ἐπι-

82 1117 242 1152 τελούμενα..

919 938 990 965 Deus
1004 937 1121 964 Verbum
1139 942 1167 964 et
1183 945 1259 963 mens
1271 936 1389 962 humana
1404 943 1457 962 non
1474 937 1538 961 sunt
1552 934 1606 961 duo
1629 934 1704 969 prin-

918 983 1037 1017 cipatum
1062 982 1197 1009 habentia.
1224 981 1315 1008 Utitur
1340 981 1413 1007 enim
1439 978 1554 1006 Verbum
1583 979 1703 1005 humana

920 1032 1009 1055 mente
1024 1032 1153 1062 tanquam
1168 1027 1360 1054 instrumento.
1380 1025 1466 1059 Apoll.
1482 1024 1533 1052 Sed
1546 1024 1642 1051 musici
1661 1024 1705 1050 in-

920 1077 1100 1100 strumentum
1111 1076 1153 1099 est
1176 1072 1276 1098 mentis
1291 1079 1398 1106 expers.
1417 1070 1494 1098 Orllt.
1509 1069 1561 1097 Sed
1575 1075 1601 1097 et
1619 1070 1704 1096 Inusi-

920 1126 969 1145 cus
996 1122 1037 1145 est
1054 1118 1188 1144 nmrtalis.
1206 1117 1255 1144 llic
1273 1125 1337 1144 vero
1353 1116 1490 1147 Verbum,
1506 1116 1576 1151 quod
1597 1116 1704 1142 immor-

84 1164 139 1191 tale
153 1169 210 1195 est,
229 1168 319 1191 mente
336 1165 440 1196 utitur,
466 1168 495 1191 ut
519 1164 720 1192 instrumento:
748 1169 775 1192 et
797 1165 870 1192 sicut
889 1173 965 1193 mens
981 1166 1008 1192 in
1026 1166 1105 1193 nobis
1121 1166 1207 1192 utitur
1220 1172 1334 1200 corpore
1353 1169 1383 1191 ιιι
1403 1165 1587 1191 instrumento
1611 1163 1644 1190 ad
1671 1171 1703 1190 ea

83 1217 143 1250 quae
157 1211 279 1244 corporis
302 1218 384 1246 opera
409 1210 580 1238 eﬂiciuntur:
602 1211 638 1238 ita
665 1212 721 1239 illic
750 1211 868 1239 Verbum
891 1212 977 1239 utitur
991 1216 1091 1244 mente,
1124 1216 1154 1239 ut
1175 1212 1356 1239 instrumento
1370 1231 1378 1244 ,
1411 1211 1444 1238 ad
1466 1219 1498 1238 ea
1524 1219 1584 1246 qua:
1615 1214 1705 1238 mento

83 1256 245 1283 cIIiciuntur.

119 1301 158 1328 5‘.
176 1302 298 1328 Ἀπολλ.
314 1301 366 1328 Τοῦ
381 1302 504 1337 σώματος
515 1303 557 1334 τίς
577 1304 593 1338 ἡ
615 1303 713 1339 χρείας
729 1305 804 1337 Ὀρθ.
819 1304 878 1333 Διὰι

83 1346 178 1373 πολλά-
191 1347 229 1373 ὅτι
239 1347 352 1383 ὀφθῆναι
366 1347 490 1383 ἠθέλησε,
503 1349 549 1375 καὶ
560 1349 599 1375 ὅτι
617 1350 647 1376 τὸ
666 1351 875 1386 συναμφότερον

81 1390 116 1428 ἦν
130 1393 305 1428 ἀπολόμενον,
336 1394 382 1420 καὶ
402 1394 445 1420 διὰ
463 1395 508 1421 τοῦ
524 1395 615 1430 ὁμοίου
633 1396 662 1422 τὸ
674 1397 764 1430 ὅμοιον
782 1396 873 1422 σῶσαι·

84 1437 192 1472 σταυρῷ
206 1438 251 1464 καὶ
263 1437 342 1464 πάθει
353 1438 468 1473 ἑκουσίῳ
483 1439 641 1474 ηὐδόκησεν.
659 1440 712 1466 Καὶ
725 1441 753 1466 ὲν
765 1441 812 1475 μὲν
829 1440 867 1476 τῷ

82 1484 197 1519 ἑκουτίῳ
210 1483 289 1510 πάθει
305 1484 344 1520 τῷ
360 1485 397 1520 νῷ
413 1486 555 1522 κέχρηται,
578 1486 615 1518 ὡς
631 1488 770 1522 προεῖπον,
788 1487 869 1522 ὀργά-

82 1538 121 1564 νῳ
131 1537 138 1543 '
154 1530 181 1555 ὲν
198 1529 226 1555 δὲ
239 1531 294 1561 τοῖς
308 1532 471 1564 σωματικοῖς
481 1531 519 1566 τῷ
532 1530 647 1566 σώματν
665 1532 711 1558 καὶ
723 1531 808 1563 οὕτως
821 1532 870 1567 ζη-
883 1543 904 1572 c

82 1576 168 1610 τήξας
184 1575 228 1601 καὶ
248 1575 343 1611 εὑρὼν,
361 1576 444 1602 ἔσωσε
463 1577 492 1602 τὸ
507 1577 562 1611 (72)
576 1576 722 1608 ἀπολωλός.
743 1577 867 1604 Ἀπολλ.

83 1621 173 1652 Ποῖοις
200 1621 287 1655 λέγεις
319 1623 500 1656 σωματικοῖ;;
525 1622 601 1654 Ὀρθ.
627 1621 753 1656 Σταυρῷ,
779 1623 867 1656 ταῳῇ,

83 1667 236 1701 περιπάτῳ,
257 1667 323 1701 ἁφῇ,
342 1666 451 1702 βρώσει,
463 1667 549 1699 πόσει,
566 1666 612 1693 καὶ
625 1667 674 1692 ὅσα
693 1666 796 1698 τούτοις
806 1667 869 1693 ἀκό-

82 1710 174 1737 λουθα.
196 1711 318 1737 Ἄπολλ.
335 1711 399 1742 Θεὸς
412 1709 445 1747 ἦν
457 1713 470 1737 ὀ
484 1711 567 1745 Λόγος
583 1712 596 1737 ό
613 1711 750 1745 γεννηθεὶς
767 1712 796 1737 ὲκ
811 1712 870 1737 Μα-

85 1755 162 1791 ρίας
187 1757 262 1790 'Upd.
283 1757 312 1784 Ὀ
330 1758 468 1793 γεννηθεὶς
483 1759 514 1784 ὲκ
536 1757 654 1793 Μαρίας,
671 1757 701 1783 τὺ
718 1758 749 1783 ὲκ
769 1757 869 1791 ταύτης

69 1801 112 1827 ’ὃν
123 1802 170 1836 τῆς
187 1802 290 1833 οὐσίας,
314 1803 365 1828 οὐκ
376 1800 409 1838 ἦν
422 1802 486 1833 Θεὸς
510 1802 655 1834 οὐσιωδὼς,
668 1802 734 1829 ἀλλὰ
748 1802 868 1834 ἐνώσεως

82 1847 232 1882 οἰκονομίᾳ.
244 1848 366 1874 Ἀπολνῑ.
378 1848 431 1874 Καὶ
443 1848 510 1879 πῶς,
521 1857 530 1873 ι
545 1848 730 1884 Εὐλογημένος
743 1850 756 1874 ὁ
765 1848 869 1883 καρπὸς

82 1894 132 1928 τῆς
147 1892 249 1924 κοιλίας
267 1902 324 1924 σου,
338 1904 347 1919 ›
364 1893 487 1927 λέγεται;
501 1894 577 1928 Ὀρθ.
588 1894 696 1930 Ἐπειδὴ
708 1894 763 1929 (73)
777 1895 809 1921 ὲκ
819 1894 868 1929 τῆς

82 1939 176 1970 οὐσίας
191 1939 237 1965 τοῦ
255 1934 360 1975 Πατρὸς
374 1939 411 1966 ὢν
428 1939 492 1970 Θεὸς
506 1940 601 1974 Λόγος,
611 1941 642 1967 ἐκ
655 1940 703 1976 τῆς
717 1941 808 1972 οὐσίας
821 1941 868 1967 αὺ-

81 1984 142 2019 τῆς,
154 1984 231 2010 ἔλαϐε
247 1986 352 2020 μορφὴν
366 1985 468 2017 δούλου,
485 1986 530 2012 καὶ
555 1987 674 2022 σχήματι
696 1987 816 2022 εὑρεθεὶς
831 1987 869 2018 ὡς

81 2029 233 2065 ἄνθρωπος,
241 2031 346 2066 καρπὸς
353 2031 401 2066 τῆς
414 2031 516 2063 κοιλίας
523 2032 606 2067 αὐτῆς
621 2032 730 2068 εὑρέθη.
743 2033 867 2060 ’Λπο.ῖλ.

81 2073 298 2109 Συνῆπταιοῦνὸ
309 2076 395 2109 Λόγος
413 2075 450 2111 τῷ
466 2077 591 2103 ἑνωθέντι
609 2077 713 2112 σώματι
731 2077 759 2110 ἐξ
772 2079 866 2114 αὐτῆς,

80 2120 119 2151 ὡς
134 2120 217 2153 Clem;
233 2121 308 2154 Ὀρθ.
326 2121 367 2152 Ὠς
387 2121 455 2153 ζῶον
473 2122 502 2147 οὑ
519 2122 687 2157 γέγραπται,
716 2124 772 2150 ἀλλ’
787 2125 825 2155 ὡς
840 2125 868 2150 ἐν

80 2164 137 2199 ναῷ
150 2163 240 2196 ζῶντι.
254 2167 376 2192 Ἄπολλ.
394 2167 448 2192 Καὶ
462 2167 491 2192 ἐν
499 2168 605 2202 ἑκάστῳ
620 2168 673 2194 τῶν
685 2168 768 2202 ἁγίων
783 2169 868 2201 οὕτως

1019 1303 1107 1336 Apoll.
1125 1302 1253 1337 Corporis
1268 1310 1333 1330 vero
1350 1302 1412 1338 quis
1426 1307 1468 1329 est
1489 1302 1573 1329 usus?
1587 1302 1662 1329 Oth.
1675 1301 1703 1329 In

920 1349 1024 1376 multis.
1041 1348 1131 1375 Voluit
1149 1347 1267 1376 Verbum
1293 1348 1425 1383 conspici,
1445 1352 1472 1374 et
1488 1348 1616 1382 quoniam
1630 1348 1703 1382 quod

921 1396 1048 1429 perierat,
1067 1398 1210 1430 utrumque
1223 1394 1392 1429 complexum
1407 1398 1477 1426 eral,
1500 1394 1602 1429 placuit
1616 1395 1704 1422 simile

922 1448 969 1475 per
984 1441 1072 1468 simile
1091 1448 1210 1471 servare,
1228 1448 1324 1474 nempe
1347 1448 1394 1474 per
1411 1447 1519 1467 crucem
1546 1444 1573 1467 et
1599 1442 1703 1474 passio-

922 1494 982 1513 nem
1000 1486 1192 1513 voluntariam.
1227 1485 1318 1520 Itaque
1346 1486 1372 1512 in
1402 1486 1528 1519 passione
1551 1487 1702 1514 voluntaria

922 1540 1001 1559 usum
1017 1537 1059 1559 est
1077 1535 1176 1564 mente.
1200 1532 1271 1560 sicut
1285 1536 1348 1559 ante
1366 1531 1432 1564 dixi,
1450 1536 1479 1558 ut
1495 1531 1678 1560 instrumento
1694 1542 1702 1560 :

922 1578 948 1606 in
967 1578 1048 1605 rebus
1062 1582 1150 1605 autent
1166 1577 1324 1612 corporeis,
1346 1584 1460 1611 corpore
1475 1586 1481 1603 :
1502 1581 1529 1604 et
1552 1578 1588 1604 ita
1605 1578 1703 1612 (ιιιωεὶ-

922 1627 977 1650 tum
991 1629 1016 1650 et
1031 1624 1168 1650 inventum
1182 1623 1206 1650 id
1221 1623 1292 1657 quod
1306 1623 1440 1657 perierat,
1460 1624 1587 1650 servavit.
1614 1624 1701 1658 Apoll.

920 1668 1050 1700 Qumnam
1060 1675 1190 1702 corporea
1200 1668 1287 1695 dicis"
1303 1667 1378 1695 0rllt.
1392 1668 1691 1702 Crueent,sepulturam

920 1714 1140 1744 attnbulatioman,
1157 1717 1270 1744 lactant,
1281 1714 1382 1747 cibum,
1397 1718 1490 1748 potum
1502 1735 1509 1746 ,
1534 1719 1561 1741 et
1573 1723 1703 1749 quaecun-

920 1768 972 1794 que
988 1764 1051 1786 sunt
1068 1760 1233 1794 ltujusmodi.
1252 1761 1339 1794 Apoll.
1370 1761 1404 1787 At
1427 1769 1518 1788 nonne
1546 1761 1617 1789 Deus
1643 1766 1704 1788 erat

920 1809 1037 1836 Verbum
1050 1808 1094 1842 qui
1111 1809 1218 1843 genitus
1234 1812 1275 1835 est
1290 1817 1321 1836 ex
1336 1808 1438 1835 Maria?
1457 1809 1535 1836 Orllt.
1556 1809 1608 1842 Qui
1627 1813 1703 1844 geni-

920 1858 964 1881 tus
981 1857 1022 1880 est
1035 1861 1066 1880 ex
1083 1853 1175 1884 Maria,
1189 1858 1320 1888 quantum
1341 1853 1376 1880 ad
1397 1854 1422 1880 id
1445 1855 1556 1888 attinet,
1581 1855 1652 1889 quod
1669 1863 1702 1882 ex

920 1899 1013 1926 eadem
1032 1903 1073 1926 est
1088 1899 1239 1926 substantia
1265 1903 1347 1934 atque
1363 1899 1463 1932 Maria,
1485 1908 1538 1927 non
1560 1904 1618 1928 erat
1632 1900 1702 1928 Deus

920 1944 1154 1975 substantialiter,
1183 1944 1229 1972 sed
1265 1945 1418 1972 wconomia
1447 1946 1586 1973 unitionis.
1615 1947 1700 1980 Apoll.

919 1989 1060 2023 Quomodo
1076 1990 1157 2025 igitur
1171 1990 1271 2017 dicitur
1286 2000 1291 2017 :
1311 2000 1320 2016 ι
1341 1991 1502 2019 Benedirtus
1515 1991 1620 2020 fructus
1635 2001 1701 2020 ven-

921 2037 972 2064 tris
984 2037 1023 2063 tui
1040 2036 1081 2063 7’?
1099 2046 1108 2062 ›
1123 2036 1199 2064 Ortlt.
1216 2036 1350 2070 Quoniam
1366 2037 1437 2065 Deus
1450 2037 1565 2065 Verbum
1580 2038 1651 2072 quod
1661 2043 1703 2066 est

919 2091 950 2110 ex
968 2082 1056 2109 Patris
1081 2083 1252 2113 substantia,
1281 2083 1393 2110 formam
1423 2084 1493 2111 servi
1525 2085 1650 2119 accepit,
1674 2089 1702 2111 et

920 2127 1011 2154 habitu
1028 2127 1166 2154 inventum
1183 2131 1212 2153 ut
1231 2126 1321 2160 homo,
1341 2128 1445 2155 fructus
1460 2128 1541 2154 etiam
1562 2135 1622 2155 esse
1636 2136 1702 2155 ven-

920 2173 970 2199 tris
982 2172 1067 2206 ipsius
1080 2176 1247 2206 compertum
1261 2175 1311 2198 est.
1327 2172 1411 2205 Apoll.
1428 2172 1646 2206 Conjunrtumne
1660 2175 1700 2198 est

80 2211 165 2242 ἐστὶν,
180 2210 218 2242 ὡς
235 2212 263 2238 ἐν
276 2211 329 2246 ναῷ
344 2211 441 2244 (GVH;
465 2213 540 2246 Ὀρθ.
551 2214 605 2248 Οὐχ
621 2214 715 2245 οὕτως.
734 2215 866 2247 Ἕκαστος

920 2217 1001 2252 igitur
1017 2217 1135 2245 Verbum
1153 2218 1228 2245 unito
1244 2218 1352 2253 corpori
1379 2226 1412 2245 ex
1439 2218 1523 2244 Maria
1540 2217 1682 2252 desumpto
1693 2237 1700 2249 ,

79 2257 135 2291 γὰρ
151 2257 204 2283 τῶν
227 2257 310 2291 ἁγίων
323 2258 448 2285 τοσοῦτον
463 2259 569 2293 ἐγένετο
582 2260 655 2292 ναὸς,
672 2261 732 2287 ὅσον
752 2261 865 2296 ἐδυνήθη

79 2302 110 2335 ἐξ
135 2302 234 2338 ἁρττῆς
261 2304 307 2329 καὶ
328 2304 468 2339 ἀσκήσεως
492 2305 671 2340 κατορθῶσαι.
688 2307 818 2333 Ἐνταῦθα
838 2307 866 2333 δὲ

80 2347 134 2373 ’πᾶν
148 2347 177 2372 τὸ
192 2347 326 2382 πλήρωμα
345 2349 394 2384 τῆς
412 2348 537 2385 θεότητος
561 2352 696 2377 κατοικεῖ·
715 2352 762 2378 καὶ
776 2353 799 2378 οἱ
816 2352 866 2386 μὲν

80 2392 153 2425 ἅγιοι
170 2393 276 2427 μορφὴν
290 2393 356 2420 Θεοῦ
371 2394 512 2429 εἰλήφασιν
530 2395 558 2421 ἐν
575 2396 658 2430 ἀρετῇ
678 2396 866 2430 κατορθώσαν-

78 2446 137 2469 τες.
161 2438 275 2465 ἐνταῦθα
302 2439 330 2466 δὲ
349 2441 362 2466 ὁ
384 2440 471 2474 Λόγος
500 2441 606 2476 μορφὴν
633 2441 724 2468 δούλου
761 2442 864 2470 ἔλαϐεν.

85 2485 208 2512 Ἀπολλ.
226 2485 317 2517 Οὕτως
335 2486 365 2511 τὸ
381 2487 412 2512 ὲκ
425 2487 512 2522 ψυχῆς
525 2488 571 2513 καὶ
585 2486 708 2522 σώματος
721 2488 865 2520 συνεστὼς,

78 2530 221 2565 ἄνθρωπός
237 2532 320 2557 ἐστιν.
339 2533 416 2565 Ὀρθ.
434 2533 465 2559 El
483 2533 567 2568 χωρὶς
586 2532 632 2559 τοῦ
655 2533 742 2567 Λόγου
771 2535 864 2565 νοοῖτο,

79 2575 134 2601 ναί.
148 2575 179 2601 Εἰ
191 2575 218 2602 δὲ
232 2577 281 2602 οὑκ
295 2576 367 2603 ἔστιν
380 2578 423 2604 ὅτε
443 2578 526 2613 χωρὶς
538 2578 584 2604 τοῦ
596 2579 681 2612 Λόγου
693 2580 802 2610 νοεῖται,
816 2580 866 2606 οὐκ

79 2621 153 2647 ἔστιν
168 2621 308 2656 ἅνθρωπος
319 2623 406 2657 ψιλὸς,
423 2623 491 2650 ἀλλὰ
505 2625 570 2656 Θεὸς
586 2625 680 2652 ἑνώσει
701 2625 748 2652 τοῦ
766 2625 863 2660 Λόγου.

86 2666 208 2693 Ἀπολλ.
217 2667 245 2693 '0
254 2668 392 2703 γεννηθεὶς
400 2670 430 2695 ὲκ
439 2669 545 2705 Μαρίας
557 2670 618 2701 ναὸς
626 2671 728 2706 Ἰησοῦς
741 2672 824 2703 ἐστιν,
832 2671 865 2698 δι’

114 2743 138 2759 ⁷³
157 2743 223 2772 Luc.
243 2753 269 2776 ι.
285 2745 329 2772 42.
367 2747 390 2762 τι
409 2747 516 2775 Coloss.
536 2756 570 2780 tt,
586 2748 611 2776 9.

116 2821 170 2860 (Ῑο)
186 2823 272 2860 Halat.
289 2826 334 2851 καὶ
349 2824 439 2851 οὐκέτι
453 2825 500 2860 δύο
518 2825 562 2860 ἠγ.

116 2858 173 2893 ('ll)
191 2858 236 2885 Sic
257 2867 323 2887 mss.
341 2865 422 2887 recte.
440 2859 510 2886 Iitliti
524 2858 597 2889 νει-ο.
616 2861 660 2887 τὶν
680 2859 753 2888 νοῦν.

226 2904 362 2935 ΡΑτιιοι.
377 2906 436 2936 ﬁn.
466 2905 612 2938 XXVIII.

920 2264 991 2291 sicut
1005 2263 1216 2291 animal?0rth.
1235 2263 1292 2290 Non
1311 2264 1444 2299 scriptum
1459 2268 1516 2294 est.
1549 2264 1620 2290 sicut
1643 2263 1702 2290 ani-

920 2309 983 2340 mal,
996 2309 1054 2339 sed,
1066 2314 1094 2336 ut
1109 2308 1135 2334 in
1151 2309 1250 2343 templo
1262 2309 1332 2336 vivo.
1358 2308 1444 2342 Apoll.
1468 2308 1549 2343 Atqui
1562 2308 1588 2335 in
1604 2308 1701 2343 quovis

919 2359 1074 2381 sanctorum
1095 2359 1153 2384 est.
1168 2357 1198 2381 ut
1219 2354 1245 2380 in
1260 2354 1358 2388 templo
1378 2354 1448 2381 vivo.
1471 2353 1546 2381 Orth.
1573 2353 1633 2380 Non
1652 2354 1700 2380 ila.

919 2400 986 2427 Nam
1000 2404 1157 2427 sanctorum
1171 2401 1359 2435 unusquisque
1370 2404 1483 2427 eatenus
1497 2400 1546 2426 fuit
1559 2400 1700 2434 templum,

917 2450 1053 2481 quatenus
1076 2446 1164 2480 potuit
1181 2455 1213 2473 ex
1227 2446 1329 2474 virtute
1348 2451 1374 2473 et
1395 2446 1503 2473 vivendi
1517 2454 1567 2474 usu
1581 2449 1655 2474 recte
1672 2453 1701 2472 se

919 2498 1032 2525 gerere:
1053 2490 1098 2517 hic
1114 2498 1177 2517 vero
1191 2499 1200 2515 ι
1220 2490 1309 2518 omnis
1326 2490 1467 2525 plenitudo
1489 2490 1600 2517 deitatis
1623 2489 1702 2516 inha-

919 2535 1028 2562 bitat“.
1049 2544 1058 2560 ι
1074 2534 1154 2570 462
1171 2534 1203 2562 Ει
1214 2536 1301 2563 Sancti
1314 2535 1424 2570 quidem
1438 2535 1552 2562 fortnam
1564 2535 1610 2562 Dei
1624 2542 1702 2562 acce-

919 2585 1016 2616 perunt
1039 2586 1173 2616 quatenus
1190 2581 1272 2608 vitam
1296 2589 1329 2609 ex
1349 2582 1448 2609 virtute
1473 2585 1547 2609 recte
1563 2585 1702 2615 transege-

918 2632 992 2658 ruut,
1005 2628 1048 2655 hic
1059 2635 1122 2654 vero
1136 2626 1252 2654 Verbum
1272 2628 1386 2655 formam
1401 2627 1474 2654 servi
1488 2629 1603 2662 accepit.
1613 2626 1700 2660 Apoll.

918 2671 1012 2707 Itaque
1024 2673 1096 2708 quod
1119 2681 1152 2700 ex
1177 2673 1268 2700 animo
1283 2678 1309 2700 et
1333 2680 1447 2707 corpore
1465 2676 1589 2704 constat,
1620 2673 1702 2699 homo

949 2824 1005 2862 (ἷξε)
1083 2824 1270 2862 ῐ³ιι1ιιικτιίρίξια
1293 2825 1452 2862 ΕΔίιίγι-οιηο,
1468 2827 1555 2862 ﬂuet-:2
1572 2826 1612 2854 τό.

924 2882 926 2885 ,
950 2859 1005 2895 (73)
1024 2859 1069 2888 Sic
1084 2867 1149 2888 mss.
1168 2860 1236 2887 Εὐιιί
1256 2868 1328 2894 vero,
1351 2861 1436 2888 Ἐπεί.

1291 2911 1294 2915 ’
1505 2908 1544 2938 ιο
