1926 3067
58 97 150 125 1265

567 103 610 130 DE
632 103 765 133 SANCTA
787 107 975 135 TRlNiTATE
995 108 1167 138 DIALOGUS
1186 110 1232 146 ν.,

1633 113 1702 144 1266

59 154 178 190 ριακὸν
191 154 271 189 λέγω,
290 156 336 182 καὶ
349 156 436 193 ψυχὴν
448 159 600 195 Κυριακὴν,
615 162 662 188 καὶ
681 160 749 198 αἷμα
765 165 864 200 Κυρια-

921 165 1029 193 Domini
1049 174 1110 193 cum
1124 175 1202 199 voco,
1220 171 1247 195 et
1265 168 1383 195 animam
1399 168 1578 202 Dominicam,
1594 173 1621 198 et
1635 179 1701 199 san-

59 199 132 232 κδν,
148 201 201 226 καὶ
218 201 305 236 ταφὴν
317 202 466 239 Κυριακὴν,
481 206 526 232 καὶ
540 205 680 241 ἄνθρωπον
688 209 800 236 καθόλου
813 199 870 236 Κυ-

63 246 188 280 ριακὸν,
201 246 295 274 ἐνὼοει
309 249 355 275 τοῦ
372 249 438 276 Θεοῦ
454 251 557 285 Λόγου⁶
574 252 658 284 οὕτως
678 254 715 286 ὡς
737 253 805 281 εἶναι
824 256 870 282 καὶ

60 291 116 316 τὸν
136 291 224 318 αὐτὸν
240 293 307 319 Θεὸν
319 294 364 320 καὶ
379 294 521 331 ἄνθρωπον
533 305 539 312 ·
561 297 606 324 καί
628 307 693 325 ποτε
711 300 790 326 αὑτὸν
811 301 870 327 ὅλον

61 335 142 362 Θεὸν
161 337 210 363 καὶ
230 337 330 373 Κύριον
360 339 479 372 ἀκούειν,
504 342 549 368 καί
564 351 628 368 ποτε
645 344 726 370 αὑτὸν
741 345 799 371 ὅλον
824 345 870 372 ἇν-

62 381 199 417 Ορωπον.
215 384 300 416 Αὐτὸς
317 385 371 420 γὰρ
383 386 456 420 λέγει
471 388 535 423 περὶ
554 388 665 415 ἑαυτοῦ·
689 398 697 414 ι
722 390 754 416 Τί
770 399 802 425 με
820 390 868 426 ζη-

61 429 147 454 τεῖτε
163 429 323 456 ἀποκτεῖναι
347 430 500 466 ἄνθρωπον,
523 431 553 464 ὃς
578 433 627 468 τὴν
654 434 780 469 ἀλήθειαν
805 436 868 470 ὑμῖν

61 473 232 509 λελάληκα;
257 485 266 502 ι
285 476 332 502 καὶ
345 476 463 509 Παῦλος·
485 488 494 503 ε
513 479 671 514 Ἀνθρωπος
685 480 787 515 Ἰησοῦς
800 482 868 516 Χρι-

64 520 138 551 στὸς
157 520 222 555 χθὲς
235 521 281 547 καὶ
292 520 420 557 σήμερον,
432 524 446 549 6
455 524 534 555 αὐτὸς
548 525 594 551 καὶ
608 525 647 556 εἰς
659 526 722 556 τοὺς
732 526 841 558 αἰῶνας.
856 537 864 553 ι

63 562 128 589 Καὶ
147 564 234 590 αὐτὸν
246 565 339 591 τοῦτον
348 566 393 592 τὸν
404 567 546 603 ἄνθρωπον
560 568 722 605 ψηλαφήσας
733 571 746 596 ό
757 570 866 606 Θωμᾶς,

62 609 162 643 λέγει’
176 620 184 635 ι
197 610 321 646 ὁΚύριός
335 621 386 647 μου
401 613 446 640 καὶ
456 614 469 640 6
478 614 543 645 Θεός
553 623 614 650 μου.
629 616 763 651 »Ὁμοίως
775 618 869 644 611a?)-

62 654 116 686 λος
137 655 196 690 (8Ξ)
209 665 216 672 ⁶
234 666 244 681 ε
266 654 315 683 Ὧν
329 658 354 683 οἱ
367 659 494 695 πατέρες,
512 660 558 686 καὶ
581 661 610 694 ἐξ
624 658 661 688 ὧν
676 664 689 688 6
704 662 819 698 Χριστὸς
837 663 868 689 τὸ

64 700 145 728 κατὰ
162 702 261 737 σάρκα,
275 703 289 729 6
306 703 343 729 ὢν
366 705 412 730 ἐπὶ
437 705 544 733 πάντων
568 707 632 739 Θεὸς
659 707 802 745 εὐλογητὸς
828 710 867 741 εἰς

64 747 136 778 τοὺς
151 747 264 779 αἰῶνας.
287 758 296 773 ι
319 749 384 781 Θεὸς
395 748 441 776 οὖν
458 751 504 778 καὶ
524 752 664 788 ἄνθρωπος
679 754 738 785 ὅλος
760 755 803 781 διὰ
817 755 867 790 τὴν

65 790 100 824 ἐξ
119 792 248 825 εὐδοκίας
264 793 370 823 ἕνωσιν.
388 796 419 823 Εἰ
433 797 486 831 γὰρ
508 807 517 823 ί
541 798 555 824 6
568 799 734 834 κολλώμενος
754 801 791 836 τῷ
812 802 866 828 Κυ-

914 212 1031 255 1ευίηεηι
1048 212 1231 246 Dominicum,
1248 218 1275 241 et
1291 215 1461 249 sepulturam
1478 215 1657 247 Dominicam.
1674 221 1702 246 et

920 257 948 284 in
967 258 1125 285 universum
1146 259 1207 287 dico
1229 260 1366 287 hominem
1391 260 1572 293 Dominicum,
1595 264 1630 289 ob
1654 263 1701 291 Dei

921 300 1003 328 Verbi
1020 303 1170 330 unitionem
1189 313 1196 330 :
1214 304 1249 330 ita
1268 309 1297 331 ut
1315 312 1386 331 unus
1401 310 1427 332 et
1443 305 1512 332 idem
1536 307 1570 333 sit
1585 306 1657 334 Deus
1674 310 1702 335 et

920 347 1019 379 homo.
1037 353 1063 374 et
1082 348 1162 375 modo
1183 349 1293 384 quidem
1309 350 1367 385 ipse
1382 355 1455 378 totus
1473 351 1542 378 Deus
1559 356 1590 379 eo
1608 352 1702 379 Domi-

919 400 982 425 nus,
1007 393 1145 421 interdum
1169 403 1234 422 vero
1253 396 1311 430 ipse
1333 400 1407 424 totus
1431 398 1582 432 appelletur
1607 398 1699 425 homo.

920 437 989 465 Dicit
1003 439 1075 465 enim
1094 440 1151 474 ipse
1172 440 1206 467 de
1229 448 1258 468 se
1284 450 1293 466 (
1314 441 1383 474 Quid
1407 450 1449 469 me
1471 444 1592 477 quau-itis
1615 443 1701 470 inter-

920 484 1009 515 llcere,
1034 484 1170 511 hominem
1186 486 1232 520 qui
1248 493 1311 513 vera
1330 487 1438 514 locutus
1456 495 1514 514 sum
1531 488 1608 516 vobis
1624 488 1667 515 "i
1687 497 1697 514 ι

918 528 950 554 Et
966 527 1088 556 Paulus:
1107 538 1116 554 ι
1135 529 1220 558 Homo
1232 529 1312 557 Jesus
1329 531 1455 559 Christus
1479 532 1535 559 heri
1557 538 1584 560 et
1605 533 1698 565 hodie,

917 581 977 608 ipse
989 578 1015 601 et
1029 575 1055 600 in
1071 576 1169 602 saacula
1183 576 1216 602 “.-
1235 586 1244 602 ›
1263 577 1292 604 Et
1305 577 1377 604 hunc
1388 578 1476 612 ipsum
1489 579 1624 606 hominem
1636 587 1699 606 cum

918 618 1037 647 Thomas
1053 625 1267 654 contrectasset,
1285 622 1374 657 inquit
1394 632 1401 650 :
1422 632 1431 648 ι
1459 623 1588 652 Dominus
1610 633 1698 657 meus,

917 670 944 694 et
967 667 1039 694 Deus
1061 675 1138 695 meus
1161 668 1194 697 ".
1222 678 1232 694 ›
1252 668 1384 696 Similiter
1400 669 1502 698 Paulus
1521 681 1526 697 :
1546 681 1555 696 ‹
1578 671 1700 704 Quorum

917 717 1018 747 patres,
1038 718 1065 740 et
1086 721 1119 741 ex
1139 715 1239 749 quibus
1259 714 1385 742 Christus
1403 717 1554 744 secundum
1575 726 1698 750 carnem,

917 759 963 792 qui
978 764 1018 787 cst
1035 768 1117 794 super
1127 761 1219 787 omnia
1230 761 1300 788 Deus
1313 761 1474 790 benedictus
1487 763 1513 790 in
1528 764 1627 790 smcula
1638 764 1671 791 ⁸⁵.
1687 774 1697 791 ›

917 803 1003 830 Totus
1029 812 1095 839 ergo
1115 809 1225 839 propter
1248 805 1430 833 voluntariam
1455 807 1526 833 illam
1548 808 1698 835 uuitionem

67 837 124 872 ρῐῳ
138 837 170 864 ἓν
187 839 296 874 πνεῦμά
308 841 376 873 ἐστι,
402 852 411 868 ι
433 843 521 879 πολλῷ
539 844 639 876 πλεῖον,
658 846 721 872 ὅταν
735 849 749 873 6
765 847 864 882 Κύριος

920 849 1018 875 dicitur
1041 835 1073 876 et
1093 835 1174 882 Deus,
1195 853 1223 876 et
1244 849 1335 877 homo.
1352 849 1419 877 Nam
1436 852 1459 879 si
1477 861 1486 877 ε
1510 853 1556 886 qui
1580 853 1701 883 atllurrct

65 882 189 917 λέγηται
208 886 254 911 καὶ
278 887 437 922 πιστεύηται
454 889 595 924 ἄνθρωπος
618 891 790 926 γεγενῆσθαι,
815 893 864 918 οὐκ

922 893 1046 925 Domino,
1071 903 1143 922 unus
1170 896 1283 930 spiritus
1304 900 1345 923 est
1367 897 1400 928 "’,
1429 907 1439 923 ι
1464 899 1549 925 multo
1571 899 1657 933 magis
1676 901 1700 927 si

66 928 213 961 ἀπολέσας
225 931 254 957 τὸ
275 930 343 959 εἶναι
359 933 435 966 Θεὸς,
460 934 518 961 ἔστι
535 936 601 968 Θεὸς
620 938 666 963 καὶ
688 937 829 973 ἄνθρωπος
851 939 864 965 ὀ

921 939 1052 968 Dominus
1075 941 1175 968 dicitur
1201 946 1234 968 et,
1251 942 1371 969 creditur
1393 943 1483 971 factius
1509 945 1593 972 fuisse
1606 945 1697 976 homo,

67 974 156 1007 αὑτός
169 984 177 990 ·
199 976 265 1008 Θεὸς
285 978 334 1012 μὲν
350 979 394 1005 διὰ
416 980 465 1015 τὴν
492 981 588 1015 φύσιν,
608 982 751 1018 ἄνθρωπος
772 984 800 1010 δὲ
821 984 864 1010 διὰ

920 993 971 1011 non
995 986 1122 1013 amittens
1147 986 1219 1022 quod
1245 987 1315 1015 Deus
1340 989 1386 1020 sit,
1409 989 1480 1016 idem
1504 995 1546 1017 est
1577 990 1648 1018 Deus
1672 995 1699 1018 et
1721 1010 1725 1023 ι

67 1019 123 1055 τὴν
138 1020 170 1052 ἐξ
183 1021 305 1055 εὐδοκίας
322 1025 439 1060 μετοχὴν
456 1026 506 1060 τῆς
522 1026 739 1062 ἀνθρωπὸτητος.

920 1030 999 1058 homo
1026 1041 1033 1059 :
1062 1031 1133 1059 Deus
1152 1033 1263 1068 quidem
1287 1038 1397 1066 natura,
1424 1034 1505 1063 homo
1527 1043 1600 1070 vero,
1625 1036 1698 1072 quod

70 1073 203 1096 naturam
226 1070 386 1106 humanam,
404 1075 531 1108 quoniam
549 1076 574 1102 ei
591 1076 632 1104 sic
649 1077 759 1111 placuit,
777 1078 990 1113 participaverit.

622 1214 690 1241 ΤΟΥ
706 1215 751 1241 ΕΝ
765 1216 878 1244 ΑΓΙΟΙΣ
894 1218 1029 1245 ΠΑΤΡΟΣ
1045 1219 1143 1247 ΠΜΩΝ

732 1297 1050 1342 ΑΘΑΝΑΣΙΟΥ

161 1381 296 1415 Διάιῑεξίς
306 1385 338 1415 ε’,
352 1382 387 1410 ὲν
400 1379 421 1419 ᾖ
430 1383 483 1411 τοῦ
496 1385 590 1412 αὑτοῦ
607 1386 887 1421 Ἀπολλιναριαστοῦ
903 1389 1103 1423 κεφαλαίωσις
1119 1391 1168 1418 καὶ
1185 1392 1349 1425 Γρηγοριου
1361 1392 1528 1420 ἐπισκόπου
1543 1391 1609 1427 (83).

569 1584 617 1629 S.
657 1585 711 1629 P.
751 1587 809 1631 N.
846 1587 1169 1632 ATHANASII

182 1675 317 1705 DlALOGUS
333 1686 361 1713 ν,
378 1679 405 1706 in
424 1687 481 1714 quo
500 1681 690 1715 compendium
705 1681 910 1717 disceptationis
928 1683 1050 1718 ejusdem
1062 1683 1263 1719 Apollinarislaa
1274 1688 1301 1711 et
1314 1683 1436 1719 Gregorii
1453 1685 1583 1720 episcopi.

304 1776 635 1804 ΑΠΟᾹΛΙΝΑΡΙΑΣΤΗΣ.
875 1785 899 1815 C

117 1833 140 1859 1.
160 1832 227 1859 Θεοῦ
243 1833 439 1869 ὲνεργήσαντος
455 1834 601 1870 ἀνθρώπῳ,
615 1835 786 1862 ἀποτελεῖται
800 1844 867 1872 προ-

82 1881 176 1916 φήτης,
205 1880 287 1914 ἤγουν
307 1880 455 1911 ἀπόστολος
485 1881 550 1916 (Si),
575 1882 604 1908 οὐ
631 1882 726 1917 Σωτὴρ
747 1882 864 1917 κόσμου’

82 1926 193 1962 Χριστὸς
210 1926 238 1952 δὲ
257 1926 352 1962 Σωτὴρ
373 1927 493 1965 κόσμου’
510 1928 560 1954 οὐκ
578 1927 641 1963 ἄρα,
661 1928 729 1954 Θεοῦ
754 1929 867 1963 ἐνεργή-

84 1980 173 2003 σαντος
181 1971 326 2007 ἀνθρώπῳ,
338 1972 502 2008 ἀπετελέσθη
515 1973 630 2008 Χριστός
641 1982 647 2006 ;
662 1973 864 2000 ΟΡΘΟΔΟΞΟΣ.

83 2017 147 2044 Θεοῦ
167 2019 214 2053 μὲν
238 2018 433 2053 ὲνεργήσαντος
458 2018 506 2053 οὐχ
532 2018 642 2050 ἁπλῶς,
664 2019 702 2050 ὡς
726 2019 865 2055 ἐνόμισας,

84 2063 147 2090 ἀλλὰ
161 2064 336 2099 προφητείαν,
356 2064 526 2090 ἀποτελεῖται
543 2065 697 2100 προφήτης,
711 2066 795 2101 ἤγουν
810 2066 865 2102 (85)

85 2110 234 2142 ἀπόστολος,
253 2110 299 2137 καὶ
311 2110 341 2136 οὐ
358 2111 453 2146 Σωτὴρ
470 2111 582 2145 κόσμου.
604 2111 669 2142 Θεὸς
695 2111 733 2143 δὲ,
760 2113 867 2148 μορφὴν

85 2156 171 2182 δούλου
189 2155 289 2189 λαϐὼν,
313 2156 421 2190 ἐγένετο
438 2157 452 2183 6
472 2157 552 2189 αὐτὸς
573 2158 619 2184 καὶ
642 2159 794 2193 προφήτης,
819 2158 867 2184 καὶ

86 2201 235 2233 ἀπόστολος,
252 2201 300 2227 καὶ
311 2202 465 2237 ἀρχιερεὺς,
485 2203 531 2228 καὶ
548 2202 660 2237 μεσίτης
676 2202 743 2229 Θεοῦ
756 2204 802 2229 καὶ
816 2203 865 2230 ἀνα

88 2246 205 2282 Θρώπων,
222 2247 316 2282 Σωτὴρ
334 2247 448 2282 κόσμου,
465 2248 551 2282 μένων
561 2249 636 2280 Θεὸς,
651 2249 696 2276 καὶ
710 2250 740 2276 οὐ
753 2250 866 2285 τραπεὶς

88 2293 124 2324 εἰς
136 2292 166 2319 τὰ
176 2293 372 2328 προειρημένα.

121 2338 144 2364 Ξ.
163 2339 283 2366 Ἀπολλ.
301 2340 357 2371 Πᾶς
371 2339 512 2374 ἄνθρωπος
529 2339 610 2374 μέρος
627 2339 740 2374 κόσμου,
757 2340 804 2366 καὶ
819 2339 866 2366 οὗ-

88 2383 127 2410 δὲν
144 2384 221 2419 μέρος
236 2384 337 2419 κόσμου
359 2385 432 2420 αἴρει
452 2385 502 2420 τὴν
525 2385 662 2420 ἁμαρτίαν
684 2385 730 2411 τοῦ
752 2386 865 2421 κόσμου,

89 2431 130 2465 ὑφ’
175 2432 221 2458 καὶ
239 2432 318 2464 αὐτὸς
333 2434 430 2459 κεῖται,
449 2431 565 2467 Χριστός
586 2431 614 2458 δὲ
631 2432 702 2467 αἴρει
715 2441 721 2447 ·
740 2433 789 2458 οὐκ
812 2433 866 2467 ἄρα

89 2477 221 2513 ἄνθρωπος
239 2479 254 2504 6
275 2479 400 2514 Χριστός.
419 2479 496 2512 Ὀρθ.
515 2478 564 2504 Διὰ
586 2477 640 2513 γὰρ
660 2477 749 2508 τοῦτο,
772 2478 864 2514 ἐπειδὴ

89 2523 157 2550 οὐδὲν
172 2524 253 2559 μέρος
268 2524 369 2559 κόσμου
386 2525 457 2560 αἴρει
469 2524 518 2559 τὴν
535 2524 671 2559 ἁμαρτίαν
685 2523 732 2550 τοῦ
750 2524 863 2558 κόσμου,

89 2571 102 2596 6
115 2570 269 2606 δημιουργὸς
284 2570 331 2597 τοῦ
353 2570 453 2606 κόσμου
476 2570 582 2606 μορφὴν
603 2569 683 2596 ἔλαῦε
702 2569 799 2604 μέρους
816 2569 863 2596 κό-

1149 1780 1452 1809 APOLLINARISTES.

952 1838 977 1864 ί.
994 1838 1095 1873 Agente
1112 1837 1166 1865 Deo
1182 1838 1209 1865 in
1228 1838 1351 1871 homine,
1366 1839 1394 1865 fit
1413 1838 1549 1873 quispiam
1568 1839 1699 1874 propheta

916 1883 959 1909 vel
985 1883 1136 1916 apostolus,
1158 1887 1184 1909 at
1210 1890 1264 1910 non
1289 1882 1415 1910 Salvator
1443 1884 1546 1912 mundi.
1573 1884 1699 1913 Christus

917 1932 1007 1954 autem
1025 1931 1067 1954 est
1085 1926 1211 1954 Salvator
1232 1927 1324 1954 mundi
1341 1937 1347 1955 :
1368 1936 1422 1956 non
1437 1929 1519 1964 igitur
1532 1929 1586 1957 Deo
1603 1936 1700 1965 agente

917 1974 944 2001 in
972 1973 1092 2006 homine,
1118 1973 1207 2000 factus
1234 1977 1276 2000 est
1297 1974 1433 2002 Christus.
1453 1974 1697 2004 ORTHODOXUS.

916 2018 975 2045 Non
994 2019 1162 2054 simpliciter,
1179 2023 1208 2045 ut
1226 2023 1254 2045 tu
1276 2020 1428 2051 existimas,
1450 2026 1547 2055 agente
1568 2020 1633 2052 Deo,
1651 2022 1698 2048 sed

917 2065 1088 2099 prophetiam
1112 2064 1255 2096 ciliciente,
1287 2065 1316 2091 ﬁt
1339 2066 1476 2100 quispiam
1500 2067 1631 2101 propheta
1656 2067 1699 2094 vel

917 2110 1069 2144 apostolus,
1096 2114 1124 2136 at
1148 2118 1201 2137 non
1226 2110 1353 2137 Salvator
1376 2111 1480 2138 mundi.
1506 2110 1578 2139 Deus
1597 2117 1698 2143 autem,

917 2160 1028 2190 accepta
1043 2154 1124 2190 465
1141 2156 1211 2183 servi
1230 2155 1328 2188 forma,
1343 2155 1433 2183 factus
1448 2160 1490 2183 est
1507 2156 1576 2183 idem
1594 2160 1621 2183 ct
1637 2164 1700 2191 pro-

917 2201 1008 2235 pheta,
1024 2205 1050 2228 et
1064 2201 1217 2235 apostolus,
1237 2205 1264 2227 et
1278 2200 1410 2235 pontifex,
1427 2205 1453 2228 et
1468 2201 1601 2228 mediator
1614 2201 1659 2229 Dei
1672 2206 1700 2229 et

916 2247 1069 2278 hominum,
1085 2246 1211 2274 Salvator
1221 2247 1324 2278 mundi,
1340 2246 1412 2273 Deus
1423 2254 1595 2281 permanens.
1612 2255 1700 2282 tneque

916 2293 945 2320 in
959 2293 1107 2328 quidquam
1126 2292 1250 2323 istorum,
1265 2299 1325 2326 qua:
1341 2291 1473 2324 diximus,
1490 2297 1620 2320 mutatus.
1658 2316 1666 2323 .

950 2339 977 2365 2.
996 2338 1085 2373 Apoll.
1105 2337 1201 2365 Omnis
1221 2338 1302 2364 homo
1316 2341 1358 2364 est
1374 2345 1437 2372 pars
1453 2338 1557 2369 mundi,
1581 2342 1608 2365 et
1626 2338 1700 2365 nulla

917 2385 1010 2412 mundi
1027 2392 1090 2419 pars
1113 2384 1183 2410 tollit
1204 2388 1344 2418 peccatum
1362 2383 1467 2415 mundi,
1482 2383 1525 2410 cui
1543 2389 1653 2418 peccato
1675 2390 1701 2411 et

918 2431 977 2466 ipsa
997 2431 1102 2458 subest.
1125 2429 1160 2456 At
1185 2430 1312 2457 Christus
1347 2430 1417 2456 tollit
1437 2439 1442 2456 :
1471 2438 1525 2457 non
1550 2434 1591 2457 est
1617 2430 1701 2465 igitur

919 2478 1000 2504 homo
1015 2476 1151 2503 Christus.
1172 2476 1248 2504 Orllz.
1266 2475 1411 2502 Enimvero
1427 2475 1497 2510 quod
1515 2476 1586 2502 nulla
1607 2476 1700 2502 mundi

917 2529 981 2558 pars
997 2522 1073 2548 tollat
1094 2521 1186 2548 mundi
1211 2525 1362 2556 peccatum,
1380 2521 1481 2547 idcirco
1497 2520 1589 2547 mundi
1611 2521 1701 2556 opifex

917 2568 1032 2595 formam
1057 2568 1163 2602 accepit
1188 2568 1273 2601 partis
1290 2567 1402 2599 mundi,
1425 2571 1454 2593 ut
1477 2571 1612 2600 quatenus
1635 2574 1700 2602 pars

123 2647 143 2664 ³⁸
158 2645 236 2675 Joan.
252 2654 317 2678 vni,
335 2646 379 2674 40.
417 2647 440 2662 “
460 2646 542 2674 Hebr.
560 2654 627 2678 un,
646 2646 673 2674 8.
711 2646 734 2662 "
754 2645 832 2673 Joan.
851 2653 902 2679 xx,
919 2645 964 2672 28.
1003 2646 1025 2661 ⁸⁸
1046 2644 1124 2671 Rom.
1143 2652 1187 2676 ix.
1201 2643 1230 2672 5.
1269 2643 1291 2659 ⁸⁷
1312 2644 1321 2670 Ι
1340 2643 1404 2671 Cor.
1422 2652 1463 2673 νι.
1481 2645 1526 2672 17.

123 2724 172 2764 ea
185 2723 271 2764 ἓξιηῐ-
285 2724 392 2764 .δμοίως
405 2724 456 2764 καὶ.
466 2723 697 2764 illeneque.-
849 2758 862 2764 -

124 2760 174 2794 [83)
189 2759 272 2786 Titul.
285 2758 314 2786 iu
333 2767 398 2786 mss.
414 2768 420 2785 :
435 2759 488 2785 Τοῦ
502 2758 584 2785 αὑτοῦ
604 2758 863 2794 Ἀπολλιναριαστοῦ

93 2795 261 2830 κεφαλαίωπις
279 2795 327 2822 καὶ
341 2794 488 2829 Γρηγορίου
503 2794 653 2820 ἐπισκόπου
665 2793 814 2829 ὀρθοδόξου.

953 2722 1010 2763 (8ό)
1024 2722 1119 2763 Palat”
1133 2721 1299 2758 προφήτηςῆ
1314 2722 1468 2755 ἀπόστολος.
1480 2722 1579 2755 Fclck.,
1594 2724 1698 2759 προςή-

916 2765 965 2792 της
981 2758 1137 2787 ἀπόστολος.

951 2792 1007 2827 (82S)
1026 2792 1172 2825 .\lauuscr.,
1192 2792 1281 2826 ἧτουν.
