1926 3067
77 143 146 171 1239

568 147 612 174 DE
632 147 766 176 SANCTA
787 149 973 177 TlilNlTATE
993 149 1162 178 DIALOGIIS
1183 150 1214 178 ν.

1622 151 1690 177 {270

77 201 151 235 quod
166 209 198 228 ex
219 201 275 235 ipsa
283 198 352 229 "est?
371 201 424 230 Sen
443 207 579 238 quatenus
596 205 668 234 Deus
680 211 731 239 est,
755 207 859 234 exstitit
878 211 940 235 ante
954 208 1052 243 ipsam,
1066 216 1127 236 eum
1143 209 1178 235 εἰ
1195 208 1281 243 ipsius
1296 207 1386 234 Deus:
1420 213 1515 242 estque
1547 206 1617 234 idem
1633 211 1694 233 anlc

79 245 166 280 ipsam
182 249 211 272 ut
232 245 313 278 Deus,
328 250 354 274 et
371 255 403 274 ex
421 248 491 282 ipsa,
505 253 534 276 ut
549 249 640 277 homo.

117 293 143 320 7.
164 294 285 321 Ἀπολλ.
313 295 405 326 Οὐδεὶς
430 296 580 331 ἀνθρώπων
606 299 658 333 πρὸ
685 299 738 325 τῶν
761 299 865 326 αἰώνων

951 297 978 324 7.
1001 297 1089 330 Apoll.
1106 296 1203 324 Nullus
1224 297 1304 323 homo
1329 297 1409 323 habet
1429 297 1541 332 gloriam
1565 301 1626 325 ante
1645 307 1696 326 δίκη

80 339 137 375 ἔχει
156 339 243 372 δόξαν.
264 341 379 375 Χριστὸς
402 341 430 368 δὲ
451 341 521 377 ἔχει·
544 344 594 370 οὐκ
613 343 668 378 ἄρα
691 344 833 379 ἄνθρωπος
850 345 864 371 6

80 385 207 420 Χριστός.
229 386 304 419 Ὀρθ.
318 386 412 418 Οὐδεὶς
430 386 483 422 γὰρ
499 387 648 424 ἀνθρώπων
663 389 716 424 ’πρὸ
729 389 782 415 τῶν
796 389 863 416 αἰώ-

81 438 135 457 νων
147 429 229 456 ἐστίν.
243 430 359 465 Χριστος
374 431 402 457 δὲ
415 431 483 458 κατὰ
494 431 542 467 τὴν
554 432 666 468 θεότητα
676 433 728 468 πρὸ
738 433 791 460 τῶν
804 433 865 460 αἰώ-

82 485 145 504 νων.
161 475 223 508 Υἱὸς
238 475 274 503 ὢν
299 477 345 503 καὶ
367 477 433 509 Θεὸς
456 479 503 504 καὶ
518 479 666 514 Δεσπότης,
688 480 797 511 εἰκότως
811 479 864 515 πρὸ

71 520 137 549 ,τῶν
156 521 261 548 αἰώνων
276 521 332 556 ἔχει
348 522 424 555 δόξαν
440 531 446 539 ·
464 523 566 559 Κύριος
580 524 658 559 δόξης
671 525 708 552 ὦν
724 525 794 552 κατὰ
814 525 865 559 φύ-

84 576 136 599 σιν,
160 568 274 602 Χριστὺς
290 568 318 594 δὲ
332 568 450 604 κληθεὶς,
471 570 515 596 διὰ
530 570 560 596 τὸ
582 571 687 606 μορφὴν
709 571 800 598 δούλου
818 571 866 598 λα-

83 612 152 639 ϐεῖν.
167 613 196 639 '0
211 613 256 639 νῦν
268 612 313 640 οὖν
328 614 436 648 κληθεὶς
452 615 577 650 Χριστὸς,
596 617 642 642 καὶ
656 616 738 649 λίθος,
749 617 796 644 καὶ
811 625 866 643 ποι-

86 658 149 694 μὴν,
161 659 207 685 καί
222 659 328 691 κόκκος,
347 661 392 686 καὶ
403 660 482 692 ἄνθος
493 661 601 696 ῥάϐδου,
615 663 662 688 καὶ
683 663 863 698 Ἐμμανουὴλ,

85 704 133 730 καὶ
151 703 263 739 Ἰησοῦς,
276 705 322 731 καὶ
333 705 482 741 ἄνθρωπος,
494 707 540 733 καὶ
555 708 618 739 παῖς
633 707 808 743 δωδεκαετὴς,
821 708 868 734 καὶ

84 751 295 786 ’τριακονταετὴς
308 751 361 786 (88)
377 751 495 786 γεγονὼς
509 752 553 779 διὰ
566 753 615 788 τὴν
629 753 696 788 πρὸς
711 753 868 790 ἀνθρώπους

84 795 251 830 οἰκονομίαν,
272 797 318 822 καὶ
336 797 388 831 πρὸ
401 797 454 823 τῶν
467 798 571 825 αἰώνων
584 799 659 830 Θεὸς,
676 799 722 826 καὶ
734 800 781 826 νῦν
801 800 869 834 μετὰ

86 840 117 866 τὺ
132 841 217 867 ταῦτα
233 842 359 874 γενέσθαι
379 843 476 877 μένων,
495 843 509 869 ὂ
528 842 573 879 ἦν,
588 844 642 879 ἔχει
658 844 735 876 δόξαν
750 846 803 880 πρὸ
816 846 869 871 τῶν

86 885 203 917 αἰώνων.
217 886 280 918 Θεὸς
293 886 331 914 ὢν
345 889 377 914 ὲκ
391 887 467 914 Θεοῦ.

124 971 149 998 8.
170 972 291 999 Ἀπολλ.
309 973 340 999 Εἰ
356 973 409 1008 (89)
423 975 436 1000 6
450 974 516 1006 Θεὸς
532 976 560 1001 ὲν
576 975 672 1011 Ἰησοῦ,
692 977 722 1003 οὐ
737 977 770 1002 δι’
786 977 866 1003 αὖτοῦ
885 984 904 1010 Β

87 1018 123 1044 τὰ
142 1018 239 1050 πάντα,
255 1018 324 1045 ἀλλὰ
340 1019 383 1045 διὰ
405 1019 451 1046 τὸν
472 1021 500 1046 ἐν
519 1020 602 1055 αὐτῷ.
628 1022 666 1047 Δι’
684 1021 765 1047 αὑτοῦ
788 1022 816 1048 δὲ
836 1024 871 1048 τὰ

90 1063 192 1090 ’πάντα⁸
215 1065 265 1090 οὐκ
286 1065 339 1100 ἄρα
367 1065 431 1097 Θεὸς
453 1066 481 1096 ὲν
502 1066 598 1101 Ἰησοῦ,
623 1067 679 1093 ἀλλ’
702 1068 780 1099 αὐτὸς
805 1068 871 1100 Θεός

89 1109 172 1135 ἐστιν.
191 1109 267 1143 Ὀρθ.
290 1110 318 1136 '0
337 1110 401 1143 Θεὸς
425 1111 519 1145 Λόγος,
544 1112 720 1145 ὲνυπόστατος
741 1112 778 1139 ὢν
794 1114 870 1145 Θεὸς,

92 1155 233 1189 μετασχὼν
258 1156 475 1192 ἀνθρωπότητος,
497 1157 599 1192 Ἰησοῦς
619 1159 728 1193 ἐκλήθη.
756 1158 800 1194 Μὴ
826 1157 872 1185 οὖν

91 1200 163 1234 λέγε,
178 1201 244 1233 Θεὸς
258 1199 292 1236 ἦν
312 1203 340 1228 ὲν
363 1201 459 1238 Ἰησοῦ,
475 1203 530 1229 ἀλλ’
552 1204 631 1235 αὐτὸς
654 1205 668 1230 ὀ
687 1204 752 1236 Θεὸς
770 1204 872 1239 Ἰησοῦς

92 1246 203 1282 ἐκλήθη.
216 1247 261 1273 At’)
273 1248 318 1274 καὶ
330 1248 409 1280 αὑτός
422 1249 493 1276 ἐστιν
504 1249 624 1286 Ἰησοῦς,
639 1250 672 1276 δι’
686 1246 716 1276 οὗ
728 1251 762 1277 τὰ
774 1251 870 1278 πάντα.

98 1292 128 1318 '0
149 1292 202 1327 γὰρ
222 1293 270 1319 νῦν
291 1293 399 1328 κληθεὶς
419 1294 521 1330 Ὶησοῦς
542 1295 585 1321 διὰ
598 1296 647 1331 τὴν
667 1296 874 1331 ἁνθρωπότητα.

91 1337 158 1369 Θεὸς
182 1338 209 1364 δὲ
227 1338 282 1374 (90)
304 1339 388 1373 Λόγος
409 1339 446 1366 ὢν
468 1341 515 1367 καὶ
535 1341 586 1376 πρὸ
607 1341 656 1376 τῆς
675 1341 722 1368 τοῦ
745 1342 874 1377 ὀνόματος

93 1384 224 1419 κλήσεως,
242 1386 288 1411 καὶ
309 1385 377 1420 μετὰ
392 1385 440 1421 τὴν
457 1386 503 1412 τοῦ
523 1387 652 1421 ὀνόματος
670 1387 776 1423 κλῆσιν,
795 1388 874 1419 αὑτός

92 1431 167 1457 ἑστιν
183 1431 294 1465 Ἰησοῦς,
305 1432 337 1458 δι’
351 1430 380 1459 οὗ
393 1432 425 1459 τὰ
439 1433 535 1463 πάντα,
547 1433 612 1464 Θεὸς
623 1433 658 1459 ὢν
673 1434 741 1460 κατὰ
753 1433 873 1468 Πνεῦμα,

93 1475 235 1510 ἄνθρωπος
247 1476 274 1501 δὲ
292 1476 334 1503 διὰ
346 1477 394 1511 τὴν
414 1477 459 1504 τοῦ
470 1478 561 1504 δούλου
575 1478 694 1514 μορφήν·
711 1478 750 1504 διὸ
766 1479 812 1505 καὶ
831 1479 876 1504 αὑ-

93 1521 140 1552 τός
151 1521 224 1547 ἐστιν
241 1521 351 1556 Ἰησοῦς,
365 1523 397 1548 δι’
408 1520 438 1549 οὗ
448 1523 481 1549 τὰ
499 1524 595 1549 πάντα.

131 1609 156 1635 9.
179 1609 300 1636 Ἄπαῌ.
318 1610 347 1635 Ὀ
370 1609 400 1641 ἐξ
421 1610 558 1646 ἁμαρτίας
582 1610 676 1642 σώζων
700 1610 769 1646 ὑπὲρ
785 1611 874 1646 ἀμαρ-

95 1653 155 1680 τίαν
174 1655 254 1680 ἐστξν,
270 1655 324 1680 Καὶ
344 1654 424 1686 σώζει
443 1655 569 1689 Χριστός,
586 1655 680 1686 Οὐδεὶς
689 1655 717 1681 δὲ
728 1655 878 1690 ἀνθρώπων
891 1662 913 1690 c

96 1699 167 1734 ὑπὲρ
181 1699 331 1734 ἁμαρτίανο
351 1699 400 1725 οὐκ
412 1699 465 1734 ἄρα
478 1699 618 1735 ἅνθρωπος
629 1701 643 1726 6
659 1700 784 1735 Χριστός.
802 1700 873 1734 Ὀρθ.

96 1743 135 1768 οὐ
147 1742 200 1778 γὰρ
215 1743 356 1779 ἄνθρωπος
370 1743 445 1778 ψιλὸς
455 1745 469 1770 6
479 1745 594 1779 Χριστός
606 1754 611 1759 ·
626 1745 685 1771 οὐδὲ
699 1745 752 1780 γὰρ
768 1743 802 1780 ἦν
812 1745 880 1780 Χρι-

98 1789 160 1820 στὸς
185 1789 268 1825 αἴρων
289 1789 337 1825 τὴν
354 1790 489 1825 ἁμαρτίαν
506 1790 553 1817 τοῦ
575 1791 687 1825 κόσμου,
705 1791 729 1817 εἰ
749 1790 825 1825 ψιλὸς
847 1788 880 1826 ἦν

97 1834 248 1871 ἄνθρωπος.
265 1836 314 1862 Διὰ
334 1836 362 1862 δὲ
384 1836 460 1863 τοῦτο
483 1839 497 1864 6
519 1838 603 1873 αἴρων
619 1837 667 1872 τὴν
687 1837 821 1873 ἁμαρτίαν
833 1836 880 1863 τοῦ

99 1880 203 1915 κόσμου
220 1881 343 1916 Χριστὸς,
359 1882 455 1917 ἐπειδὴ
471 1883 484 1909 6
500 1882 566 1914 Θεὸς
589 1883 684 1917 Λόγος,
706 1883 810 1918 μορφὴν
822 1882 882 1908 δού-

99 1925 145 1952 λου
159 1926 257 1959 λαϐὼν,
271 1928 377 1961 ἐγένετο
389 1928 504 1963 Χριστὸς
517 1928 563 1955 ἄνθ
569 1937 667 1964 ρωπος.
680 1929 733 1955 Καὶ
748 1928 791 1954 διὰ
805 1927 883 1955 τοῦτο

99 1971 114 1997 6
137 1972 278 2007 προφήτης
301 1971 390 2006 λέγει·
417 1982 426 1997 ι
445 1973 500 1999 Καὶ
523 1972 664 2008 ἅνθρωπός
686 1973 753 2004 ἐστι,
777 1972 823 1998 καὶ
842 1972 883 2004 τίς

99 2016 233 2051 γνώσεται
247 2017 346 2050 αὑτόν;
363 2028 371 2043 ι
392 2019 438 2044 καὶ
452 2018 531 2050 αὺτδς
548 2020 561 2045 6
576 2018 690 2053 Χριστός
700 2026 706 2032 '
722 2027 731 2043 ι
751 2018 783 2043 Tl
797 2026 830 2053 με
842 2017 885 2052 ζη-

98 2064 171 2089 τεῖτε
191 2064 360 2096 ἀποκτεῖναι,
385 2064 525 2100 ἄνθρωπον
547 2064 575 2096 ὃς
597 2065 646 2100 τὴν
669 2064 795 2099 ἀλήθειαν
821 2064 884 2099 ὑμῖν

100 2109 235 2143 λελάληκα
246 2118 253 2142 ;
270 2119 278 2135 ι
295 2110 339 2137 ἵνα
352 2111 491 2145 νοήσωμεν
502 2110 547 2136 τὸν
562 2110 678 2146 Χριστὸν
691 2110 831 2145 ἄνθρωπον
842 2109 885 2136 διὰ

99 2154 150 2190 τὴν
164 2155 370 2191 ἀνθρωπότητα,
386 2156 432 2182 καὶ
445 2156 510 2183 Θεὸν
524 2156 568 2182 διὰ
585 2157 635 2192 τὴν
646 2157 758 2191 Θεὸτητα
769 2165 776 2172 ο
793 2156 830 2188 ὡς
839 2156 884 2183 τὸν

101 2201 243 2237 ἁνθρωπον
268 2201 381 2237 νοοῦμεν
402 2202 510 2236 λογικὸν
532 2202 575 2229 διὰ
598 2203 628 2228 τὸ
652 2202 813 2236 λογιστικὸν,
837 2203 883 2229 καὶ

102 2245 171 2279 ζῶον
188 2246 231 2273 διὰ
245 2247 275 2273 τὸ
291 2246 412 2279 ζωτιχύν.

913 343 974 369 cuia
989 351 997 369 z
1015 343 1095 369 habet
1110 346 1199 369 autem
1216 342 1350 369 Christus.
1368 341 1426 369 Non
1451 345 1493 368 est
1515 341 1595 376 igitur
1614 342 1695 370 homo

913 387 1048 415 Christus.
1065 387 1140 414 Orth.
1153 387 1248 414 Nullus
1259 389 1330 415 enim
1345 387 1426 414 homo
1441 386 1492 414 fuit
1507 391 1569 414 ante
1586 389 1694 415 saecula.

914 432 1040 460 Christus
1057 439 1130 462 vero.
1153 432 1224 467 quod
1241 431 1275 458 ad
1299 431 1427 458 deitatem
1449 432 1561 463 attinet,
1584 438 1644 459 cum
1662 433 1698 460 sit

915 482 978 506 ante
1001 477 1091 505 omnia
1110 478 1208 505 saecula
1224 477 1325 509 Filius,
1349 481 1376 504 et
1393 476 1481 509 Deus,
1503 481 1530 504 et
1553 476 1696 510 Dominus,

915 523 1013 551 merito
1029 523 1142 558 gloriam
1158 523 1252 550 habuit
1267 526 1330 550 ante
1350 523 1449 550 smcula
1469 532 1474 549 :
1493 522 1623 550 Dominus
1640 524 1698 558 glo-

914 568 962 596 ria:
984 568 1111 595 nimirum
1135 571 1242 600 natura,
1266 567 1393 595 Christus
1409 571 1497 595 autem
1522 572 1644 600 vocatus,
1665 576 1698 595 eo
1722 589 1725 592 .

914 614 985 649 quod
1002 614 1073 641 servi
1090 613 1205 640 formam
1222 613 1364 648 acceperit.
1379 613 1472 648 Itaque
1493 613 1538 648 qui
1558 622 1631 640 nunc
1648 622 1696 640 vo-

915 663 993 686 catur
1003 659 1128 686 Christus
1139 663 1166 685 et
1175 658 1253 693 lapis,
1263 662 1290 686 et
1301 662 1404 693 pastor,
1412 662 1439 685 et
1450 666 1572 693 granum,
1582 663 1609 686 et
1618 659 1701 694 466

916 704 966 731 ﬂos
979 704 1071 739 virgae,
1083 707 1109 731 et
1121 703 1295 735 Emmanuel,
1306 707 1332 730 et
1346 701 1435 735 Iesus,
1446 706 1472 730 et
1486 703 1576 734 homo.
1591 707 1618 730 et
1631 704 1700 730 duo-

917 749 1004 777 decim
1018 756 1150 776 annorum
1166 756 1243 782 puer,
1255 753 1282 775 et
1299 747 1410 782 triginta
1426 755 1559 774 annorum
1575 747 1619 774 illa
1635 755 1697 782 qua

917 796 1042 823 homines
1064 794 1176 829 respicit
1200 794 1353 821 oeconomia
1379 793 1486 826 factus,
1508 796 1550 820 est
1573 796 1600 819 et
1625 791 1699 819 Deus

918 845 981 869 ante
995 841 1115 869 saecula:
1133 844 1160 867 et
1176 848 1248 868 nunc
1264 843 1407 875 postquam
1424 840 1470 866 illa
1493 839 1585 866 omnia
1609 838 1698 865 factus

922 890 973 918 est,
992 893 1153 921 permanens
1168 884 1194 912 id
1218 884 1291 919 quod
1307 888 1381 914 erat.
1403 883 1485 910 habet
1508 883 1622 917 gloriam
1640 886 1703 910 ante

924 932 1033 962 sarcula,
1049 935 1142 966 utpote
1156 930 1227 958 Deus
1240 938 1272 957 ex
1288 930 1352 957 Deo.

952 977 979 1003 8.
1001 976 1088 1010 Apoll.
1113 975 1142 1002 Si
1168 974 1239 1002 Deus
1263 978 1305 1002 est
1331 976 1358 1001 in
1376 973 1458 1005 Jesu,
1483 980 1538 1000 non
1563 977 1627 1000 sum
1655 980 1704 1008 per

926 1022 1014 1056 ipsum
1039 1021 1147 1053 omnia,
1169 1021 1216 1048 sed
1235 1028 1284 1055 per
1306 1027 1385 1050 eum,
1409 1019 1456 1053 qui
1484 1019 1511 1045 in
1530 1018 1589 1053 ipso
1605 1022 1654 1045 est.
1671 1018 1705 1044 At

925 1067 1016 1094 omnia
1042 1071 1106 1093 sunt
1129 1074 1177 1101 per
1197 1067 1284 1100 ipsum
1309 1075 1316 1093 :
1339 1073 1393 1092 non
1411 1069 1454 1092 est
1479 1064 1562 1099 igitur
1583 1063 1654 1091 Deus
1677 1064 1705 1090 in

924 1111 1000 1144 Jesu,
1016 1111 1063 1139 sed
1079 1115 1123 1139 est
1138 1112 1196 1146 ipse
1210 1111 1291 1138 Deus.
1306 1109 1382 1138 Orlh.
1395 1109 1466 1137 Deus
1482 1108 1599 1136 Verbum
1616 1109 1705 1144 reipsa

926 1158 1079 1185 subsistens
1094 1157 1175 1188 Deus,
1189 1156 1324 1191 particeps
1339 1155 1463 1182 humanm
1475 1158 1578 1181 natum
1593 1154 1704 1184 factum,

928 1208 1040 1231 vocatus
1057 1207 1099 1230 est
1121 1202 1212 1230 Jesus.
1228 1201 1267 1229 Ne
1290 1202 1371 1236 igitur
1387 1201 1480 1234 dicito,
1504 1200 1575 1227 Deus
1596 1203 1654 1226 crat
1678 1200 1705 1226 in

926 1249 1000 1280 Jesu,
1015 1249 1061 1277 sed
1076 1249 1133 1283 ipse
1150 1248 1221 1275 Deus
1233 1251 1347 1275 vocatus
1361 1251 1403 1274 est
1418 1246 1509 1277 .lesus,
1523 1245 1638 1280 ideoque
1649 1245 1707 1279 ipse

926 1298 968 1321 est
984 1293 1064 1321 Jesus
1081 1301 1128 1328 per
1153 1300 1232 1328 quem
1254 1293 1354 1319 omnia.
1375 1291 1442 1318 Nam
1461 1291 1506 1325 qui
1530 1298 1602 1318 nunc
1628 1290 1708 1318 Jesus

927 1343 1036 1374 propter
1049 1339 1194 1366 humanam
1207 1342 1332 1366 naturam
1345 1341 1467 1368 vocatur,
1480 1341 1522 1364 est
1535 1340 1623 1364 autem
1637 1335 1709 1363 Deus

927 1384 1045 1412 Verbum
1070 1389 1097 1411 et
1121 1390 1182 1412 ante
1201 1387 1227 1411 ct
1246 1387 1307 1418 post
1330 1383 1402 1410 istud
1424 1387 1644 1416 cognomentum.
1667 1387 1709 1408 est

928 1431 986 1465 ipse
1001 1429 1080 1457 Jcsus
1099 1438 1146 1464 per
1165 1437 1243 1464 quem
1264 1429 1373 1459 omnia;
1391 1432 1420 1454 ut
1441 1429 1486 1462 qui
1507 1428 1540 1455 sit
1564 1431 1591 1454 et
1611 1435 1710 1454 secun-

928 1477 991 1503 dum
1019 1475 1150 1510 Spiritum
1184 1475 1273 1506 Deus,
1294 1480 1320 1501 et
1347 1477 1457 1509 propter
1488 1473 1560 1500 servi
1594 1472 1708 1499 formam

929 1522 1028 1554 homo;
1044 1520 1219 1556 quamobrem
1235 1520 1315 1547 etiam
1332 1519 1390 1554 ipse
1405 1522 1446 1546 est
1460 1517 1550 1549 Jesus,
1569 1525 1616 1552 per
1629 1525 1708 1552 quem

929 1568 1019 1595 omnia

963 1615 990 1641 9.
1011 1613 1097 1646 Apoll.
1113 1612 1163 1644 Qui
1177 1615 1267 1639 servat
1283 1619 1298 1638 a
1315 1614 1436 1645 peccato,
1451 1609 1573 1643 superior
1587 1612 1629 1637 est
1646 1617 1709 1643 pec-

929 1663 999 1687 cato.
1015 1658 1111 1685 Servat
1130 1662 1220 1685 autem
1234 1657 1370 1686 Christus.
1384 1663 1411 1684 et
1427 1656 1517 1683 nullus
1534 1656 1615 1681 homo
1631 1663 1710 1688 supe-

930 1706 986 1731 rior
1003 1707 1044 1732 est
1070 1707 1192 1738 peccato.
1217 1702 1275 1729 Non
1301 1705 1342 1729 est
1361 1701 1443 1736 igitur
1467 1701 1595 1728 Christus
1618 1701 1709 1726 hanno.

932 1749 1008 1777 Orth.
1030 1748 1089 1776 Non
1114 1752 1155 1776 est
1182 1756 1248 1776 sane
1275 1747 1401 1775 Christus
1426 1747 1515 1774 nudus
1536 1751 1562 1773 et
1581 1746 1711 1775 duntaxat

931 1796 1021 1823 homo.
1043 1794 1136 1830 Neque
1149 1795 1221 1822 enim
1240 1794 1264 1821 si
1281 1793 1412 1820 duntaxat
1428 1793 1511 1820 homo
1524 1792 1629 1823 luisset,
1652 1799 1713 1818 sm-

932 1841 1038 1868 tulisset
1064 1845 1203 1875 peccatum
1222 1839 1326 1866 mundi.
1343 1838 1394 1865 Per
1410 1839 1461 1865 hoe
1480 1842 1569 1864 autem
1584 1836 1711 1863 Christus

933 1886 1045 1913 sustulit
1063 1885 1156 1912 mundi
1179 1889 1336 1920 peccatum,
1359 1883 1429 1918 quod
1449 1883 1519 1910 Deus
1535 1881 1652 1909 Verbum
1669 1889 1715 1908 ac.

933 1935 1011 1966 cepta
1029 1931 1101 1959 servi
1124 1931 1210 1958 forma
1231 1930 1320 1957 laetus
1339 1930 1375 1957 sit
1395 1929 1523 1956 Christus
1541 1929 1631 1955 homo.
1652 1927 1714 1954 ldeu

933 1977 1001 2004 dicit
1024 1977 1155 2012 propheta
1175 1986 1181 2003 :
1213 1985 1221 2001 ι
1241 1975 1328 2002 Etiam
1354 1975 1434 2002 homo
1458 1979 1515 2006 est,
1538 1981 1565 2002 et
1587 1973 1648 2009 quis
1666 1981 1714 2000 eo-

935 2014 1046 2056 gnoscet
1063 2021 1189 2056 ipsum?)
1217 2021 1342 2048 Christus
1364 2021 1442 2056 ipse:
1462 2029 1472 2045 ‹
1487 2019 1555 2053 Quid
1577 2026 1620 2046 me
1643 2026 1716 2053 qua:-

936 2067 995 2094 ritis
1017 2067 1169 2094 interﬁcere
1187 2066 1326 2093 hominem
1345 2067 1391 2102 qui
1412 2066 1552 2093 veritatem
1574 2065 1652 2091 vobis
1678 2064 1716 2090 lo-

935 2117 1016 2140 cutus
1029 2121 1088 2140 sum
1100 2113 1139 2139 "'3
1160 2122 1169 2138 ι
1187 2117 1216 2139 ut
1239 2112 1377 2139 Christum
1393 2111 1549 2138 noverimus
1579 2110 1715 2136 hominem

936 2163 1046 2194 propter
1070 2158 1214 2185 humanam
1244 2163 1378 2190 naturam,
1396 2163 1422 2184 et
1437 2157 1519 2184 Deum
1535 2160 1645 2190 propter
1659 2155 1717 2181 dri-

936 2207 1018 2230 tatem
1032 2212 1039 2230 :
1056 2203 1127 2230 sicut
1141 2202 1276 2230 hominem
1292 2203 1417 2230 novimus
1433 2201 1591 2229 rationalem
1607 2204 1717 2234 propler

937 2250 1054 2276 animam
1070 2249 1291 2280 ratiocinantem,
1312 2252 1339 2276 et
1361 2247 1462 2274 animal
1486 2250 1596 2282 propter
1612 2246 1718 2273 anima-

937 2295 1011 2322 litate
1015 2303 1039 2322 m
1044 2314 1050 2322 .

144 2337 184 2364 Α).
205 2337 324 2365 Ἀπολλ.
354 2338 411 2370 Πᾶς
434 2337 574 2372 ἄνθρωπος
590 2337 727 2366 διάστασιν
747 2339 802 2374 ἕχει
820 2348 871 2375 σαρ

972 2341 1016 2368 10.
1035 2341 1122 2375 Apoll.
1144 2341 1171 2367 ln
1200 2340 1273 2366 omni
1311 2340 1420 2367 homine
1454 2339 1568 2366 dissidet
1599 2346 1676 2366 mens
1703 2346 1718 2364 a

104 2383 151 2415 κὸς
164 2384 232 2419 πρὸς
244 2384 319 2410 νοῢψ
334 2384 449 2419 Χριστὸς
465 2384 492 2410 δὲ
508 2384 557 2413 οὐκ
571 2383 626 2419 ἔχει
636 2393 642 2399 ·
656 2385 706 2411 οὐκ
716 2385 770 2420 ἄρα
783 2385 886 2422 ἄνθρω-

104 2438 154 2461 πος
175 2431 189 2456 ὁ
211 2430 336 2466 Χριστός.
355 2431 428 2464 Ὀρθ.
453 2431 484 2458 El
508 2431 561 2462 πᾶς
582 2430 724 2466 ἄνθρωπος
748 2431 886 2458 διάστασιν

104 2475 161 2511 ἔχει
184 2476 284 2511 σαρκὸς
304 2477 372 2511 πρὸς
397 2476 470 2510 νοῦν,
493 2474 533 2508 εἷς
549 2476 577 2502 δὲ
598 2476 652 2502 τῶν
674 2475 823 2512 ἀνθρώπων
841 2478 883 2503 καὶ

111 2521 202 2553 Ἠλίας
216 2522 230 2547 6
256 2521 433 2556 ἀναληφθεὶς,
452 2521 497 2548 καὶ
521 2521 714 2557 πιστευόμενος
735 2522 799 2557 παρ’
821 2523 886 2557 ἡμῖν

107 2567 186 2603 μέχρι
201 2567 248 2593 τοῦ
271 2568 403 2603 παρόντος
425 2568 453 2594 ἐν
477 2568 567 2603 σαρκὶ,
586 2567 768 2594 διαστασιάσει
782 2567 885 2603 αὺτῷή

142 2689 163 2704 ’°
183 2687 261 2715 Joan.
280 2696 335 2722 νη,
352 2688 386 2715 20
399 2697 410 2721 ςγ
423 2696 487 2722 vm,
505 2689 550 2717 40.

146 2789 200 2819 (88)
219 2788 434 2824 Τριακονταετὴς
447 2788 492 2815 νῦν
509 2797 568 2823 γεγ.
583 2793 649 2818 mSS.

146 2824 202 2858 (89)
222 2825 252 2851 Εἰ
271 2825 348 2852 deest
363 2824 389 2850 in
405 2832 468 2851 mss.

936 2395 1038 2414 carne:
1054 2388 1080 2413 in
1097 2386 1206 2412 Christo
1220 2393 1282 2412 vero
1299 2393 1351 2412 non
1369 2384 1491 2412 dissidet.
1505 2383 1563 2410 Non
1579 2387 1619 2411 est
1637 2384 1719 2418 igitur-

934 2433 1018 2459 homo
1041 2433 1177 2460 Christus.
1194 2431 1269 2459 Ortlt.
1289 2432 1317 2458 Si
1335 2432 1362 2458 in
1389 2431 1462 2457 omni
1480 2430 1590 2457 homine
1605 2429 1717 2456 dissidet

938 2485 1015 2504 mens
1030 2485 1045 2504 a
1063 2473 1156 2509 carne,
1172 2485 1243 2504 unus
1260 2481 1350 2503 autem
1371 2475 1512 2502 hominum
1529 2478 1571 2501 est
1585 2474 1659 2501 Eiias
1674 2474 1719 2501 ille

939 2531 1047 2550 sursum
1073 2523 1212 2557 abreptus,
1235 2523 1280 2557 qui
1303 2529 1318 2548 a
1339 2521 1418 2548 nobis
1442 2520 1563 2548 creditur
1587 2521 1614 2547 in
1639 2527 1720 2547 carno

939 2568 1070 2596 hactenus
1082 2576 1152 2601 esse,
1163 2568 1306 2596 dissidebit
1323 2568 1404 2594 etiam
1419 2566 1447 2594 in
1458 2573 1491 2593 eo
1505 2573 1582 2593 mens
1597 2573 1611 2592 a
1627 2572 1719 2594 ear-nc.

979 2789 1034 2824 (90)
1053 2788 1086 2815 Δέ
1099 2787 1175 2815 abest
1189 2795 1202 2813 a
1217 2785 1303 2814 Putat.
