1926 3067
98 143 167 170 I273

591 139 635 165 DE
655 138 790 166 SANCTA
813 136 1000 164 TRINI'I'ATE
1020 133 1192 161 DIALOGlJS
1214 133 1245 160 ν.

1653 127 1723 156 12τὸ

134 199 307 226 15.1.1011.
321 199 352 225 Εἰ
363 199 377 225 6
387 199 452 230 Θεὸς
464 199 492 225 ὲν
501 197 636 233 ἀνθρώπῳ
652 197 821 232 κατῴκησεν,
834 196 878 222 οὐκ

971 194 1014 220 45.
1034 193 1124 228 Apoll.
1138 193 1166 220 Si
1185 192 1258 219 Deus
1272 190 1407 218 habitavit
1423 190 1449 216 in
1461 188 1582 218 homine,
1599 195 1652 214 non
1670 187 1722 215 fuit

96 244 227 280 ἑλενὼθη·
242 244 360 279 ὲκενώθη
369 244 396 270 δὲ
406 245 420 270 6
435 245 463 270 ἐν
479 244 567 279 μορε,ςῇ
579 243 658 274 Θεοῦ,
671 242 775 277 μορφὴν
788 241 881 267 δούλου

95 290 185 317 λαϐὼν
196 299 202 304 ·
223 290 271 316 οὐκ
286 290 340 325 ἄρα
363 290 392 314 ἐν
410 283 549 324 ἀνθρώπῳ
562 287 731 322 κατῴκησεν.
750 287 825 320 Ὂρθ.
843 286 880 312 Οὐ

95 337 150 371 γὰρ
167 338 195 362 ὲν
211 335 347 371 ἀνθρώπῳ
371 334 463 366 ἁπλῶς
489 335 648 368 κατῴκησεν
663 335 676 359 6
697 333 762 364 Θεὸς
786 333 880 367 Λόγος,

95 381 165 409 ἀλλὰ
181 383 228 408 καὶ
242 381 349 415 ἐγένετο
365 380 516 416 ἄνθρωπος,
542 380 683 414 μετασχὼν
699 379 813 414 αἵματος
835 378 881 404 καὶ

96 428 213 461 σαρκὸς,
238 426 377 453 τουτέστιν
401 426 625 461 ἀνθρωπότητος·
649 425 694 451 διὰ
719 424 797 451 τοῦτο
815 425 881 459 Χρι-

97 473 159 504 στὸς
185 473 215 499 οὐ
233 472 310 507 ψιλὸς
333 471 474 507 ἄνθρωπος
519 470 575 497 ἀλλ’
603 470 617 496 6
640 470 720 501 αὐτὸς
747 470 813 501 Θεὸς
834 470 881 496 καὶ

96 518 146 544 ἅ·ιο
152 527 241 553 ρωπος

134 565 176 590 Ili.
207 565 324 590 Ἀπολλ.
348 563 430 594 Θεὸς,
453 563 482 589 ὲν
504 562 639 598 ἀνθρώπῳ
663 562 810 593 κατοικῶν,
831 563 880 588 οὐκ

94 609 168 639 ἔστιν
183 609 340 645 ἄνθρωπος·
365 609 476 644 Πνεῦμα
499 609 537 640 δὲ,
555 609 635 644 σαρκὶ
649 608 704 643 (9'2)
731 607 878 643 ἡνωμένον,

93 655 245 692 ἅνθρωπος.
260 655 384 690 Χριστὸς,
397 655 434 686 ὡς
446 655 564 689 εἴρηται,
584 654 752 689 ὁμωνύμως·
769 654 879 689 Πνεῦμα

92 700 149 736 ἄρα
172 700 243 726 θεῖόν
260 701 334 726 ἐστιν
353 700 488 735 ἡνωμένον
506 700 597 735 σαρκί.
622 700 698 733 Ὀρθ.
723 699 880 735 Ἢόολέσχη-

94 754 154 777 σας.
168 746 204 772 Οὑ
219 745 273 780 γὰρ
284 745 395 780 Πνεῦμα
408 746 489 781 σαρκὶ
503 745 642 781 ἡνωμένον
655 745 762 776 πάντως
776 744 880 780 ἄνθρω-

94 791 147 821 πός
161 792 234 818 ἐστιν
246 800 252 806 ·
269 791 326 817 ἀλλ’
340 792 456 826 ἐγχωρεῖ
470 792 517 818 καὶ
531 791 593 825 βοῦν
607 789 676 817 εἶναι
688 791 736 817 καὶ
748 791 816 820 ὸνον.
832 791 878 817 καὶ

95 836 151 862 πᾶν
168 836 194 862 εἴ
209 844 234 862 τι
257 836 349 871 ἕτερον
372 836 425 862 τῶν
443 836 580 870 σαρκικῶν
605 835 692 868 ζώων.
717 836 774 862 Ἵνα
793 836 821 862 δέ
837 844 878 862 σοι

95 881 160 917 δοθῇ
175 882 230 916 (95)
243 882 290 908 καὶ
301 882 332 908 τὸ
348 881 418 910 θεῖον
435 880 504 909 εἶναι
516 883 628 917 Πνεῦμα
640 883 721 917 σαρκὶ
733 883 878 918 ἡνωμένον,

95 928 202 963 ἀνάγκη
219 929 303 959 πᾶσα,
319 928 463 964 γενόμενον
476 929 618 964 ἄνθρωπον
639 929 671 955 ὲκ
685 928 813 963 γυναικὸς
834 927 880 954 τὸν

95 974 162 1000 Θεὸν
174 974 270 1008 Λόγον,
284 974 423 1009 Πνεύματι
440 975 521 1010 σαρκὶ
537 974 667 1010 ἡνωμένῳ
678 974 820 1009 ἐνωθῆναι,
836 975 880 1001 ἵνα

95 1020 238 1055 ἄνθρωπος
254 1020 377 1054 γένηται.
392 1020 454 1052 Πῶς
467 1021 520 1056 γὰρ
533 1019 578 1047 οὖν
591 1021 705 1055 ἠδύνατο
720 1021 756 1056 μὴ
771 1021 882 1052 ἐνωοεὶς

97 1063 250 1100 ἀνθρώπῳς
269 1065 436 1100 Ὀμωνύμως
458 1065 485 1092 δὲ
502 1066 552 1092 οὐκ
569 1066 601 1093 ἂν
618 1066 739 1101 εἴποιμεν
754 1066 799 1092 τὸν
814 1067 880 1100 Χρι-

98 1109 161 1136 στὸν
172 1109 324 1146 ἄνθρωπον,
341 1111 383 1137 ἵνα
405 1111 525 1146 μὴκατὰ
538 1112 687 1145 φαντασίαν
704 1112 817 1148 νομισοῇ
835 1112 880 1140 ἄνν-

97 1154 216 1190 θρωπος,
230 1156 308 1191 μόνον
322 1157 352 1183 τὸ
367 1157 450 1192 ὗνομα
461 1157 549 1184 κοινὸν
561 1158 639 1193 ἔχων.

134 1246 176 1274 17.
195 1247 314 1274 Ἀπολλ.
334 1247 487 1283 Ἀνθρώπου
506 1249 536 1275 τὸ
558 1249 705 1284 ἀναστῆναι
719 1250 750 1275 ἐκ
764 1249 878 1284 νεκρῶν,

97 1292 164 1318 Θεοῦ
177 1292 204 1318 δὲ
217 1292 246 1318 τὸ
258 1293 406 1327 ἀναστῆσαι
416 1303 422 1310 ·
435 1293 551 1330 ἑκάτερα
564 1294 591 1320 δὲ
601 1294 715 1330 Χριστός
725 1303 732 1310 ο
747 1294 812 1325 Θεὸς
826 1295 879 1330 ἄρα

98 1339 146 1365 καὶ¹
159 1338 299 1374 ἄνθρωπος
312 1340 326 1365 ὁ
339 1340 428 1371 αὑτός.
442 1341 517 1374 ὀρθ.
534 1351 542 1364 α
556 1341 623 1373 Δόξα
635 1342 663 1366 ὲν
676 1341 795 1375 ὑψίστοις
809 1340 878 1375 Θεῷ,

98 1385 146 1410 καὶ
168 1385 213 1410 ἐπὶ
229 1385 279 1420 γῆς
300 1386 404 1420 εέρήνη,
424 1395 432 1411 ι
454 1387 494 1412 ὅτι
515 1387 562 1412 καὶ
583 1386 656 1412 ἄκων
677 1386 727 1422 τὴν
751 1386 880 1421 ἀλήθειαν

98 1429 284 1464 ὡμολόγησας.
309 1431 381 1457 Ἔδει
407 1431 461 1467 γὰρ
475 1431 520 1458 τὸν
545 1432 720 1466 ἀνιστάμενον
745 1430 813 1458 εἶναι
834 1432 880 1458 καὶ

97 1475 143 1501 τὸν
156 1476 314 1504 ἀνιστῶντα.
328 1477 381 1503 Kal.
397 1477 488 1513 ὥσπερ
503 1477 553 1503 οὐκ
567 1477 600 1504 ἂν
614 1477 655 1512 εἴη
671 1478 735 1507 Θεὸς
750 1478 796 1504 καὶ
813 1477 880 1512 σὰρξ

100 1521 136 1557 μὴ
154 1521 263 1553 ἑνωθεὶς
291 1522 388 1558 σαρκὶ,
413 1522 474 1550 οὐδὲ
501 1522 566 1554 Θεὸς
592 1523 638 1549 καὶ
662 1523 818 1558 ἅνθρωπος.
841 1523 879 1558 μὴ

98 1566 207 1598 ἑνωθεὶς
225 1566 272 1592 ἁνο
278 1566 369 1602 ρώπω.

135 1652 176 1679 I8.
196 1653 317 1680 Ἀπολλ.
334 1653 366 1680 El
387 1652 466 1688 μόνον
480 1650 514 1688 ἦν
532 1653 672 1689 ἄνθρωπος
686 1654 700 1679 ὁ
720 1654 845 1689 Χριστὸς,
861 1653 877 1690 ἢ

96 1699 120 1724 εἰ
137 1698 216 1733 μόνον
231 1698 309 1731 Θεὸς,
326 1699 374 1725 οὐκ
387 1699 419 1725 ἂν
430 1697 465 1734 ἦν
481 1699 560 1734 μέσος
571 1699 638 1725 Θεοῦ
654 1700 700 1726 καὶ
717 1699 876 1735 ἀνθρώπιον.

97 1745 164 1776 Ορθ.
177 1743 326 1779 Εὐλογητὸς
338 1745 352 1770 6
368 1743 432 1775 Θεὸς
444 1744 473 1769 ἐν
489 1744 555 1769 πᾶσι
572 1743 686 1774 τούτοις.
705 1744 798 1778 ὅτιπερ
809 1743 879 1778 ὡμο-

95 1789 213 1824 λόγησας
230 1790 296 1824 μήτε
324 1789 403 1824 μόνον
425 1789 566 1824 ἄνθρωπον
589 1789 634 1815 τὸν
656 1789 772 1824 Χριστὸν
792 1787 877 1817 εἶναι.

97 1836 164 1870 μήτε
183 1835 262 1870 μόνον
279 1835 353 1861 Θεόν.
373 1835 400 1861 ’0
422 1835 476 1870 γὰρ
491 1835 556 1866 Θεὸς
580 1835 644 1866 Θεός
669 1836 736 1866 ἐστι,
762 1835 809 1861 καὶ
828 1835 878 1860 οὐκ

95 1880 167 1906 ἐστιν
187 1880 329 1916 ἄνθρωπος
345 1881 446 1912 κοινός·
468 1881 514 1907 καὶ
531 1880 672 1916 ἄνθρωπος
693 1882 707 1907 6
727 1880 813 1910 κοινὸς
832 1880 878 1907 ἀν-

74 1923 202 1961 ’θρωπός
228 1928 310 1958 ἐστιν,
338 1927 384 1953 καὶ
395 1927 445 1953 οὐκ
468 1926 524 1953 ἔστι
551 1927 627 1957 θεός.
654 1927 718 1957 Θεὸς
745 1926 878 1961 ἀνθρώπῳ

93 1972 204 2004 ἐνωοεὶς
217 1973 332 2007 Χριστός
349 1973 416 2002 ἐστι,
438 1973 548 2008 μεσίτης
569 1972 635 1998 Θεοῦ
647 1973 694 1999 καὶ
717 1972 878 2007 ἀνθρώπων,

94 2018 108 2044 6
126 2017 206 2048 αὐτὸς
220 2017 286 2048 Θεὸς
298 2017 344 2043 καὶ
357 2017 508 2053 ἄνθρωπος.

131 2064 173 2090 I9.
193 2063 315 2089 Ἀπολλ.
334 2063 365 2089 Εἰ
392 2063 470 2098 μόνον
492 2062 632 2098 ἄνθρωπος
657 2062 670 2088 ὁ
686 2061 810 2098 Χριστὸς,
828 2062 879 2088 οὐκ

93 2108 126 2135 ἂν
139 2108 223 2140 ἔσωζε
242 2109 286 2135 τὸν
312 2109 412 2144 κόσμον
421 2117 427 2122 ·
442 2109 489 2135 καὶ
502 2109 526 2134 εἰ
545 2109 624 2143 μόνον
637 2108 712 2140 Θεὸς.
729 2108 778 2134 οὐκ
791 2108 822 2134 ἂν
834 2108 877 2134 διὰ

94 2154 197 2186 πᾶιθους
217 2154 331 2186 ἔσωζεν·
349 2154 467 2190 ἑκάτερα
481 2155 509 2180 δὲ
531 2154 663 2190 Χριστός’
680 2154 727 2180 καὶ
742 2154 807 2185 Θεὸς
823 2154 877 2187 ἄρα

94 2201 153 2227 ἐστὶ
183 2201 229 2228 καὶ
259 2201 409 2237 ἄνθρωπος.
437 2201 512 2235 Ὀρθ.
541 2202 595 2227 Καὶ
618 2201 665 2227 νῦν
689 2201 875 2235 εὐγνωμόνως.

101 2248 219 2281 Ἀνάγκη
231 2246 285 2282 γὰρ
298 2247 335 2281 τῷ
347 2247 427 2273 πάθει
442 2247 638 2282 ἀνθρωπότητα
649 2247 817 2278 ὑποκεῖσθαι,
830 2247 876 2280 καὶ
892 2239 914 2266 D

94 2293 143 2327 τῆς
160 2292 232 2328 ζωῆς
249 2292 363 2328 θεότητα
377 2291 510 2327 ἡγεῖσθαι.
527 2292 593 2318 Οὔτε
610 2291 655 2319 οἷν
670 2292 820 2324 ὲζωοποίει.
839 2292 876 2327 μὴ

94 2338 131 2364 ὢν
151 2338 226 2369 Θεὸς,
244 2337 303 2364 οὔτε
320 2338 437 2373 ἔπασχεν
453 2338 584 2369 ἑκουσίως
605 2338 642 2373 μὴ
657 2338 693 2364 ὢν
717 2338 874 2374 ἄνθρωπος·

94 2385 236 2419 ἀμφότερα
248 2384 276 2410 δὲ
287 2384 412 2419 Χριστὸς,
431 2384 479 2411 καὶ
492 2385 575 2410 ἔπαθε
593 2385 639 2411 καὶ
649 2383 798 2416 ἐξωοποίει”
811 2383 876 2415 Θεὸς

97 2429 151 2464 ἄρα
169 2429 226 2455 ἐστὶ
242 2429 287 2456 καὶ
303 2429 458 2464 ἄνθρωπος,

128 2519 172 2546 20.
193 2520 310 2546 tuo“.
326 2519 357 2546 El
370 2519 448 2554 μόνον
462 2519 602 2554 ἄνθρωπος
614 2516 648 2553 ἦν
664 2519 677 2545 6
689 2519 813 2554 Χριστὸς,
827 2519 876 2544 οὐκ

96 2565 128 2591 ἂν
145 2565 285 2596 ἐζωοποίει
298 2566 360 2597 τοὺς
377 2565 503 2601 νεκρούς·
525 2565 572 2592 καὶ
585 2566 609 2591 εἰ
634 2565 711 2599 μόνον
729 2565 803 2596 Θεὸς,
826 2565 875 2591 οὐκ

97 2610 128 2637 ἂν
145 2610 197 2645 ἰδίᾳ.
219 2610 295 2646 παρὰ
308 2611 353 2637 τὸν
378 2611 487 2646 Πατέρα
510 2610 649 2643 ὲζωοποίει
665 2610 740 2642 τινὰς
763 2610 817 2637 τῶν
834 2619 876 2637 νε-

96 2655 184 2690 κρῶν·
203 2655 321 2691 ἑκάτερα
336 2656 365 2682 δὲ
384 2656 514 2690 Χριστός-
528 2656 595 2687 Θεὸς
605 2657 658 2691 ἄρα
675 2656 720 2682 καὶ
735 2656 876 2690 ἄνθρωπος

130 2712 153 2728 ”
172 2712 238 2741 Luc.
257 2720 294 2744 it,
313 2712 355 2740 M.

132 2787 186 2821 (92]
201 2787 298 2823 Palat..
316 2787 449 2823 ἡνωμένον
468 2788 539 2823 ἐστὶν
555 2787 691 2823 ἡνωμένον
710 2787 798 2821 σαρκί.

935 239 1102 268 exinanitus.
1131 238 1166 265 At
1190 237 1348 266 exinanitus
1374 239 1426 266 est,
1443 235 1490 269 qui
1507 234 1533 260 in
1559 233 1646 260 forma
1672 233 1722 261 Dei

935 285 1041 320 acet-pit
1064 285 1136 312 servi
1157 284 1282 311 formam.
1298 282 1357 309 Non
1378 281 1462 317 igitur
1478 279 1610 307 habitavit
1625 279 1652 305 in
1669 278 1721 305 ho-

935 331 1016 357 mine.
1029 330 1105 357 Orth.
1117 329 1218 364 Nempe
1227 329 1298 356 Deus
1313 327 1428 355 Verbum
1439 334 1492 353 non
1502 325 1663 360 simpliciter
1672 325 1720 351 lia-

934 377 1030 404 bitavit
1047 377 1074 404 in
1095 377 1214 407 homine,
1229 376 1276 404 sed
1292 375 1373 402 etiam
1391 374 1479 401 factus
1490 377 1532 400 est
1543 373 1635 403 homo,
1656 380 1720 406 par-

934 423 1020 457 ticeps
1041 422 1185 457 sanguinis
1198 425 1224 449 et
1239 421 1340 452 carnis,
1357 420 1382 446 id
1396 422 1438 446 est
1454 419 1579 445 humanae
1595 421 1716 444 naturae:

934 469 1051 503 ideoque
1075 468 1221 497 Christus.
1251 471 1311 494 non'
1323 470 1367 494 est
1391 465 1524 492 duntaxat
1548 463 1646 495 homo,
1669 462 1718 490 sed

934 514 1007 541 idem
1026 515 1095 540 Deus
1111 518 1138 541 et
1154 514 1243 540 homo.

969 559 1011 586 to.
1029 559 1117 592 Apoll.
1144 559 1215 586 Deus
1239 557 1366 584 habitans
1391 556 1418 582 in
1443 554 1569 585 homine,
1597 561 1651 581 non
1675 557 1718 580 est

933 605 1034 632 homo:
1059 605 1107 633 sed
1126 604 1246 639 Spiritus
1272 604 1366 630 unitus
1383 602 1478 634 carni,
1505 604 1547 628 est
1566 600 1658 627 homo.
1683 599 1718 626 At

932 651 1060 679 Christus
1085 655 1127 679 est
1157 651 1238 677 homo
1263 650 1416 684 tequivoce,
1445 647 1515 674 sicut
1537 645 1640 672 dictum
1662 648 1716 672 est.

932 696 1048 724 Divinus
1064 704 1129 731 ergo
1154 697 1275 731 Spiritus
1293 699 1335 723 est
1350 693 1426 721 carni
1442 692 1545 719 unitus.
1562 690 1638 718 Orth.
1659 689 1716 717 Nu-

932 743 1017 777 garis.
1033 743 1087 770 Nec
1102 743 1174 770 enim
1191 743 1213 769 si
1231 741 1352 776 Spiritus
1367 739 1443 767 carni
1460 737 1580 768 unialur,
1595 740 1637 763 est
1653 743 1718 771 pro—

932 789 1007 815 tinus
1027 788 1118 819 homo.
1137 788 1183 814 sed
1204 791 1294 822 potest
1317 787 1399 813 etiam
1424 791 1486 811 esse
1499 783 1549 810 bos
1568 785 1594 808 et
1610 781 1716 813 asinus,

931 837 960 860 el
978 832 1095 868 quodvis
1114 833 1187 859 aliud
1220 839 1348 859 earneunt
1378 831 1490 858 animal.
1522 833 1555 860 Ut
1576 834 1641 854 vero
1667 827 1717 855 tibi

898 886 918 912 ις
931 880 1098 907 concedatur
1108 879 1229 906 dixinum
1244 885 1352 912 quoque
1365 877 1496 911 Spiritum
1511 878 1618 905 unitum
1633 875 1718 901 Ῐιιὶδεθ

931 925 1019 956 carni,
1036 925 1148 951 omnino
1163 929 1253 951 tamen
1270 930 1384 950 necesse
1406 923 1457 949 fuit
1479 923 1562 950 Deum
1584 924 1715 955 Verbum,

931 979 991 998 cum
1015 971 1050 998 sit
1075 971 1163 997 laetus
1189 970 1270 996 homo
1285 977 1318 995 ex
1350 969 1476 1000 muliere,
1502 969 1614 1004 Spiritui
1638 969 1715 996 carni

930 1017 1007 1043 linito
1029 1016 1116 1046 uuiri,
1133 1020 1162 1042 ut
1188 1015 1270 1042 homo
1288 1014 1375 1041 ﬁeret.
1397 1014 1538 1047 Quomodo
1558 1015 1630 1042 enim
1658 1014 1716 1041 ﬁeri

930 1063 1011 1090 homo
1023 1062 1157 1097 potuisset
1172 1069 1226 1088 non
1240 1060 1464 1087 unitushomini?
1476 1061 1612 1087 Christum
1624 1064 1714 1087 autem

930 1115 1101 1142 nequaquam
1119 1106 1270 1134 dixerimus
1288 1105 1427 1132 hominem
1443 1113 1504 1133 esse
1516 1106 1665 1140 tequivoee,
1680 1113 1716 1132 ne

930 1153 1021 1188 specie
1046 1157 1073 1180 et
1097 1152 1236 1180 communi
1259 1152 1372 1179 nomine
1394 1155 1475 1179 tenus
1497 1152 1579 1179 homo
1602 1159 1715 1179 censea-

929 1203 984 1226 tur.

964 1244 1008 1271 17.
1025 1243 1114 1278 Apoll.
1133 1243 1257 1270 Ilominis
1273 1247 1315 1270 est
1331 1250 1475 1277 resurgere
1489 1249 1504 1269 a
1522 1243 1649 1275 mortuis,
1664 1242 1712 1270 Dei

929 1297 995 1316 vero
1006 1290 1128 1316 excitare
1141 1297 1154 1315 a
1172 1288 1298 1315 mortuis.
1319 1288 1471 1322 Utrumque
1491 1288 1619 1314 convenit
1636 1288 1715 1315 Chri-

930 1341 983 1363 sto.
1005 1335 1075 1362 Idem
1098 1342 1163 1368 ergo
1186 1338 1228 1361 est
1248 1335 1319 1361 Deus
1339 1338 1365 1361 et
1391 1334 1483 1360 homo.
1505 1333 1579 1360 Orlh.
1595 1342 1603 1358 I
1623 1333 1714 1360 Gloria

930 1381 957 1408 in
975 1381 1092 1408 excelsis
1116 1381 1181 1410 Deo,
1199 1384 1225 1406 et
1243 1380 1269 1406 in
1285 1384 1358 1406 terra
1381 1387 1433 1414 pax
1447 1380 1480 1412 ",
1503 1389 1512 1404 ι
1536 1379 1608 1413 quod
1632 1379 1714 1406 etiam

930 1427 1034 1453 invitus
1057 1426 1199 1453 veritatem
1220 1425 1361 1460 professus
1382 1425 1476 1452 fueris.
1499 1426 1626 1459 Oportuit
1642 1425 1714 1452 enim

930 1473 1068 1499 Christum
1086 1480 1148 1498 esse
1168 1475 1325 1505 utrumque,
1341 1471 1366 1497 id
1384 1475 1437 1502 est,
1450 1475 1475 1497 et
1487 1479 1547 1498 eum
1559 1471 1607 1506 qui
1622 1479 1715 1498 resur-

930 1521 1015 1552 geret,
1032 1522 1057 1544 et
1069 1524 1129 1543 eum
1145 1516 1191 1551 qui
1206 1516 1347 1543 excitaret.
1368 1515 1400 1543 Et
1415 1515 1644 1550 quemadmodum
1659 1523 1714 1543 non

893 1565 913 1592 C
930 1568 1003 1591 esset
1021 1562 1092 1589 Deus
1103 1568 1129 1590 et
1146 1569 1221 1593 caro.
1238 1562 1292 1589 nisi
1306 1562 1400 1589 unitus
1415 1566 1486 1588 esset
1498 1562 1572 1588 carni
1586 1570 1592 1593 ;
1610 1561 1647 1588 ita
1660 1569 1715 1588 non

929 1611 1003 1634 esset
1024 1608 1092 1634 Deus
1104 1611 1130 1633 et
1142 1607 1234 1637 homo,
1256 1607 1307 1634 nisi
1324 1607 1418 1634 unitus
1429 1611 1502 1633 esset
1518 1606 1632 1633 homini.

965 1653 1007 1680 18.
1026 1653 1113 1687 Apoll.
1138 1653 1167 1679 Si
1187 1652 1314 1680 Christus
1337 1656 1411 1679 esset
1430 1655 1536 1679 tantum
1561 1652 1653 1683 homo.
1673 1652 1714 1680 vel

929 1703 1034 1726 tantum
1053 1698 1135 1730 Deus,
1153 1707 1206 1726 non
1222 1702 1296 1726 esset
1307 1698 1413 1725 medius
1427 1698 1497 1725 inter
1515 1697 1599 1724 Deum
1617 1701 1643 1725 et
1662 1698 1714 1726 110-

928 1746 1026 1772 mines.
1044 1745 1120 1772 Orth.
1134 1745 1300 1772 Benedictus
1315 1745 1352 1772 sit
1374 1744 1505 1771 Dominus
1521 1744 1547 1770 in
1563 1744 1606 1772 his
1624 1744 1714 1771 omni-

929 1791 990 1823 bus,
1002 1792 1074 1825 quod
1089 1791 1170 1818 etiam
1185 1791 1223 1818 sis
1234 1791 1377 1818 confessus
1386 1790 1533 1822 Christum,
1546 1798 1595 1817 nec
1607 1794 1712 1816 tantum

928 1845 989 1865 esse
1006 1837 1100 1868 Deum,
1121 1845 1171 1864 nee
1189 1842 1293 1864 tantum
1310 1844 1371 1864 esse
1389 1836 1538 1863 hominem.
1556 1837 1626 1864 Deus
1640 1837 1712 1863 enim

928 1887 969 1911 est
991 1883 1080 1916 Drus,
1105 1891 1194 1918 neque
1220 1884 1300 1910 homo
1324 1883 1479 1910 communis
1494 1889 1553 1910 est:
1580 1887 1607 1910 et
1632 1883 1713 1910 homo

928 1937 1008 1956 conm
1022 1930 1096 1960 unis,
1113 1933 1155 1956 est
1180 1930 1270 1960 homo.
1290 1934 1316 1956 at
1340 1937 1395 1965 non
1420 1928 1502 1956 Deus.
1529 1928 1626 1957 Unitus
1643 1930 1713 1957 Deus

929 1975 1033 2001 homini
1058 1978 1100 2001 est
1125 1974 1261 2007 Christus,
1288 1975 1422 2002 mediator
1446 1974 1492 2001 Dei
1517 1977 1547 2001 et
1557 1973 1711 2006 hominum,

929 2020 988 2054 ipse
1002 2025 1032 2046 et
1047 2020 1117 2046 Deus
1129 2024 1159 2046 et
1167 2020 1250 2046 homo

935 2087 938 2090 .
966 2065 1009 2092 19.
1028 2065 1116 2099 Apoll.
1135 2066 1163 2092 Si
1179 2069 1283 2092 tantum
1304 2065 1384 2092 homo
1400 2065 1494 2092 luisset
1508 2066 1644 2098 Christus,
1657 2072 1712 2091 non

928 2115 1068 2138 servasset
1084 2113 1225 2138 mundum.
1242 2111 1276 2138 At
1293 2112 1315 2138 si
1331 2115 1434 2138 tantum
1450 2112 1545 2139 luisset
1562 2113 1642 2142 Deus,
1657 2118 1711 2137 non

927 2163 1065 2184 servasset
1080 2165 1127 2191 per
1144 2158 1309 2191 passionem.
1328 2157 1478 2192 Utrumque
1493 2157 1621 2184 convenit
1632 2155 1714 2184 Chri—

928 2206 981 2229 sto.
997 2202 1044 2230 Est
1060 2203 1144 2235 igitur
1162 2206 1189 2229 et
1209 2203 1281 2229 Deus
1295 2206 1322 2229 et
1337 2202 1428 2229 homo.
1445 2202 1519 2230 Ortlt.
1531 2203 1562 2229 Et
1578 2203 1630 2230 hoc
1642 2210 1712 2237 quo-

928 2257 982 2283 que
999 2249 1094 2283 probo.
1116 2248 1178 2275 Fuit
1200 2249 1272 2275 enim
1295 2256 1407 2275 neresse
1425 2248 1571 2275 humanam
1587 2252 1714 2275 naturam

930 2295 1070 2322 substerni
1101 2294 1240 2329 passioni,
1264 2299 1291 2321 et
1314 2294 1442 2321 deitatem
1467 2293 1564 2321 ducem
1593 2301 1654 2320 esse
1678 2292 1713 2320 ad

928 2341 1023 2367 vitam.
1046 2340 1140 2374 Itaque
1155 2339 1207 2366 nisi
1224 2339 1295 2366 Deus
1316 2344 1405 2372 esset,
1425 2347 1480 2367 non
1505 2339 1670 2370 viviﬁcaret,
1685 2343 1712 2366 et

929 2386 982 2413 nisi
993 2385 1090 2413 fuisset
1103 2385 1196 2412 homo.
1207 2393 1261 2412 non
1274 2393 1371 2420 passus
1384 2386 1478 2413 fuisset
1491 2386 1594 2413 volens.
1603 2385 1713 2412 Utrum-

928 2438 981 2462 que
1000 2438 1064 2457 vero
1076 2430 1185 2457 Christo
1199 2431 1338 2463 convenit,
1351 2439 1412 2458 nam
1429 2439 1526 2466 passus
1541 2435 1583 2458 est
1601 2435 1628 2458 et
1644 2431 1713 2458 vivi-

930 2475 1022 2502 ﬂeavit
1035 2485 1041 2502 :
1058 2480 1101 2503 est
1118 2475 1202 2510 igitur
1216 2480 1242 2503 et
1260 2478 1330 2504 Deus
1341 2481 1368 2504 et
1383 2477 1476 2503 homo.

963 2520 1046 2556 ἥδε
1065 2520 1111 2548 20.
1134 2521 1221 2555 Apoll.
1239 2521 1266 2548 Si
1285 2521 1411 2549 Christus
1433 2522 1512 2548 homo
1526 2524 1629 2547 tantum
1645 2520 1713 2548 fuis-

928 2572 980 2597 set,
1001 2575 1053 2593 nnn
1072 2566 1240 2595 vivilieasset
1263 2571 1402 2595 mortuos:
1419 2571 1445 2594 et
1468 2567 1491 2594 si
1516 2572 1620 2594 tantum
1639 2566 1711 2594 Deus

930 2612 1041 2643 luisset,
1072 2613 1163 2640 nullos
1203 2618 1326 2640 mortuos
1358 2613 1472 2641 seorsim
1500 2620 1515 2639 a
1539 2612 1620 2640 Patre
1644 2613 1710 2640 vivi--

929 2661 1050 2686 ticassel.
1068 2658 1221 2694 Utrumque
1236 2666 1299 2686 vero
1312 2659 1376 2686 feeit
1390 2658 1526 2686 Christus.
1542 2658 1613 2686 Idem
1629 2657 1714 2706 igitur

132 2823 187 2857 495)
201 2822 222 2849 Μ
227 2831 266 2850 ss.
280 2823 341 2859 δοοῇ
358 2823 403 2850 καὶ
416 2822 583 2858 ἀνθρώπινον
594 2822 663 2850 εἶναι
676 2823 798 2858 Πνεῦμα,
811 2823 868 2856 sed,

941 2823 1017 2855 Θεὸν,
1036 2823 1154 2852 secunda
1172 2831 1263 2850 manu.
