1926 3068
242 137 311 166 1279

821 138 851 165 S.
872 137 1105 166 ATHANASIUS.
1122 152 1156 157 —
1173 137 1309 177 SPURIA.

1786 138 1846 166 1280

240 194 313 221 Deus
326 193 445 221 Verbum
471 193 495 220 is
509 197 551 220 est
575 193 621 228 qui
637 193 708 221 servi
729 193 844 220 formam
865 195 1025 229 assumpsit,

1082 194 1126 220 καὶ
1137 193 1279 228 χριόμενος
1289 194 1338 229 μὲν
1345 193 1382 225 ὡς
1389 193 1532 229 ἄνθρωπος
1542 193 1580 228 τῷ
1588 194 1720 228 Πνεῦματι
1735 195 1770 230 τῷ
1776 196 1845 232 ἁγίῳ·

242 242 287 276 qni
301 241 425 267 Christus
442 243 626 274 nuncupatur.
642 244 695 270 est,
711 244 738 266 et
755 240 877 267 creditur
897 250 904 268 :
926 245 1028 268 unctus

242 285 350 320 quidem
370 284 472 317 Spiritu
489 288 597 315 sancto,
619 289 755 318 quatenus
773 285 854 312 homo
878 290 921 312 cst
938 293 944 317 ;
960 293 1028 320 qua-

242 335 322 357 tenus
342 334 432 356 autem
448 328 519 356 Deus
534 334 586 360 est,
603 329 726 356 eumdem
741 329 775 357 iis
789 330 836 364 qui
861 330 938 364 digni
965 335 1029 358 sunt

243 378 352 412 praebet.
378 375 416 402 Ita
444 377 526 403 etiam
551 376 622 404 Deus
647 377 719 411 leges
739 378 824 412 ponit,
843 381 870 404 et
893 381 1028 412 quatenus

242 425 324 452 homo
343 428 383 451 est
407 423 436 450 iit
449 423 499 458 legi
516 423 660 450 obnoxius.
675 423 791 458 Ideoque
803 431 857 450 non
873 424 949 455 dicit,
966 423 1028 451 Haec

242 470 309 497 dicit
324 469 467 501 Dominus,
485 469 614 504 quoniam
630 470 688 504 ipse
697 477 751 496 non
764 473 807 496 est
838 469 920 496 homo
945 471 1030 504 parti—

241 524 306 551 ceps
320 516 440 548 deitatis,
458 515 506 542 sed
523 515 594 542 Dens
606 516 742 550 particeps
767 516 860 543 carnis
874 520 900 542 et
917 515 1030 550 sangui-

241 562 294 594 nis,
308 561 334 588 id
349 566 391 589 est
406 562 530 588 humana,-
545 565 657 589 natura}.
682 560 749 587 Nam
773 560 915 596 Scriptura
942 561 1030 588 homi-

242 616 303 635 nem
320 611 401 635 vocat
415 615 524 634 carnem
537 611 564 634 ct
579 608 751 642 sanguinem,
766 611 865 634 utcum
881 607 947 634 dicit
958 607 1030 634 Pau-

241 653 286 680 lus
306 661 313 679 :
339 663 349 678 ι
369 652 428 679 Non
449 652 551 680 contuli
569 660 631 679 cum
644 659 726 679 carne
740 657 766 679 et
780 653 913 687 sanguine
925 653 945 679 ¹.
968 662 977 679 ›
997 652 1030 679 Et

241 701 313 726 sicut
331 699 413 725 homo
428 706 460 726 ex
474 698 584 725 animali
597 701 624 725 et
638 698 766 725 rationali
780 699 960 733 compositus.
975 705 1029 726 una

242 748 284 771 est
301 751 416 778 persona
430 752 436 770 :
457 744 493 770 ita
509 743 591 770 etiam
607 751 660 770 una
672 750 789 778 persona
801 750 834 770 ex
844 742 898 770 Deo
905 747 932 770 et
943 743 1029 770 forma

241 787 314 813 servi
332 787 441 813 exsistit
456 796 462 813 :
478 786 592 821 ideoque
610 795 663 813 non
681 787 747 814 dicit
764 807 771 818 ,
791 796 800 812 ι
822 786 884 814 "mc
899 787 965 814 dicit
977 787 1030 814 Do-

242 833 345 863 minus.
368 843 376 858 I
397 832 444 859 sed
465 841 473 858 ι
490 832 546 866 Ego
566 832 628 859 dICO
643 833 764 860 vobis':
785 843 794 858 ι
813 837 841 860 et
857 841 867 858 ι
888 832 942 868 Ego
967 841 1027 860 sum

242 878 297 904 vita
312 883 338 905 et
350 879 451 905 veritas
463 878 483 904 ⁸.
503 888 512 903 ι
529 877 622 912 Itaque
635 879 718 904 veluti
731 878 753 905 si
770 886 834 913 pars
848 879 990 906 rationalis
1002 880 1028 906 in

242 923 324 950 nobis
347 924 429 956 dicat,
448 923 504 958 Ego
523 931 583 950 sum
601 923 634 950 ad
654 924 797 959 imaginem
815 924 862 951 Dei
877 924 977 957 factus,
991 925 1028 951 ita

242 973 428 1003 comparatus.
448 973 477 996 ut
503 970 614 997 interire
641 978 696 997 non
720 971 834 1005 possim,
863 979 1030 1006 rursumque

242 1021 307 1048 pars
320 1015 366 1041 illa
384 1015 527 1042 rationalis
541 1015 625 1047 dlt‘al,
648 1015 704 1050 Ego
719 1024 779 1043 sum
803 1020 875 1044 terra
893 1021 920 1044 et
941 1017 1033 1051 cinis;

241 1068 296 1087 non
316 1061 439 1096 loquitur
452 1061 532 1089 modo
550 1062 660 1092 animal,
677 1062 758 1088 modo
774 1062 800 1089 id
823 1063 896 1096 quod
922 1063 1030 1090 ratioci-

241 1111 341 1138 natnr:
360 1107 408 1134 sed
421 1107 539 1142 idipsum
557 1108 700 1139 rationale,
718 1108 799 1135 modo
811 1116 871 1143 qua:
896 1109 948 1136 sibi
965 1117 1030 1144 pro-

241 1153 300 1188 pria
318 1157 392 1184 sunt,
412 1153 494 1180 modo
514 1161 574 1188 qum
593 1154 704 1181 animali
735 1155 914 1187 conveniunt.
941 1155 1030 1190 loqui-

241 1202 286 1224 tur
304 1208 310 1224 :
331 1198 367 1225 ita
383 1199 466 1225 homo
481 1203 509 1226 et
533 1199 604 1226 Dens
619 1199 751 1231 Verbum,
782 1200 862 1227 unica
887 1207 935 1235 per
951 1201 1030 1227 unio-

242 1250 304 1270 nem
329 1243 466 1270 cxsistens
482 1252 608 1279 persona.
635 1252 696 1271 cum
712 1245 750 1272 ait
766 1265 774 1277 ,
795 1254 805 1271 ‹
820 1245 872 1278 Qui
892 1245 961 1272 vidit
976 1254 1028 1278 nne,

241 1288 309 1315 vidit
324 1287 430 1315 Patrem
447 1298 456 1314 ι
472 1289 494 1320 ⁵,
522 1289 657 1324 signiﬁcat
671 1298 727 1317 sua:
742 1290 852 1318 deitatis
863 1291 1031 1326 contempla-

241 1334 354 1360 tionem.
378 1333 433 1361 Nec
459 1335 531 1362 enim
558 1336 684 1370 quisquis
698 1344 808 1364 carnem
825 1337 903 1368 vidit.
921 1338 1028 1365 Patrem

241 1379 327 1405 vidit:
341 1379 384 1406 sin
402 1379 503 1412 minus,
515 1384 542 1407 et
557 1379 683 1413 Pontius,
697 1385 725 1408 et
737 1381 868 1414 Herodes,
883 1386 910 1409 ct
923 1383 969 1418 qui
985 1391 1031 1411 co-

242 1424 339 1458 laphos
353 1424 378 1451 ei
392 1424 575 1460 impugerunt,
593 1431 620 1454 et
635 1427 681 1462 qui
699 1428 785 1456 clavis
802 1430 890 1463 ipsum
910 1429 1030 1457 conlise-

242 1472 308 1494 rnnt
319 1468 474 1501 carniﬁces,
503 1472 723 1506 comperirentur
740 1473 850 1500 Patrem
867 1473 981 1501 vidisse.
998 1473 1031 1501 Et

241 1522 304 1541 cum
315 1515 412 1549 inquit,
431 1525 440 1541 ‹
458 1515 573 1543 Dorsum
587 1525 676 1544 meum
689 1518 782 1552 ﬂagris
798 1519 931 1554 praebui“,
951 1528 962 1545 ›
975 1527 1028 1546 non

243 1559 377 1594 signiﬁcat
391 1560 501 1589 deitatis
515 1562 628 1589 dorsum
645 1571 752 1598 :neqne
776 1572 838 1591 cum
857 1565 894 1591 ait
907 1584 915 1596 ,
940 1574 949 1590 ι
972 1565 1029 1591 Ali-

242 1606 306 1640 quis
322 1614 364 1633 me
376 1607 466 1641 tetigit
478 1607 487 1622 ⁷
503 1627 511 1639 ,
534 1617 544 1634 ι
562 1608 673 1636 deitalis
687 1615 845 1637 contactum
871 1610 948 1637 dicit.
978 1610 1031 1643 Qui

242 1651 315 1678 enim
333 1651 461 1679 deitatem
472 1654 619 1689 contigerit
642 1654 798 1689 quispiam?
828 1655 881 1683 Sed
909 1655 954 1690 qui
980 1656 1032 1683 lide

243 1697 376 1731 prmditus
392 1706 493 1734 corpus
513 1699 579 1726 illud
602 1701 739 1735 tetigerat,
765 1705 911 1736 utrumque
936 1701 1032 1735 tetige-

244 1747 296 1774 rat,
311 1751 392 1770 manu
403 1745 512 1778 quidem
527 1753 637 1780 corpus.
656 1745 708 1773 lldc
717 1753 781 1773 vero
793 1746 933 1776 deitatem.
945 1754 1031 1780 quan-

243 1788 391 1822 doquidem
409 1794 555 1824 utrumque
575 1792 655 1818 unica
676 1797 717 1819 est
738 1799 864 1826 persona,
881 1792 1007 1820 Christus
1023 1813 1031 1825 ,

246 1843 256 1859 ι
276 1833 375 1861 Omnia
403 1834 493 1862 factus
520 1836 657 1869 omnibus,
687 1841 717 1863 ut
742 1837 863 1863 omnium
889 1837 1032 1864 miserere-

245 1883 289 1904 tur
304 1878 325 1904 ⁸.
347 1888 357 1904 ι
376 1878 469 1913 Itaque
482 1887 537 1906 non
555 1880 676 1914 loquitur
688 1880 825 1907 interdum
844 1880 924 1909 Deus.
946 1879 1032 1906 inter—

1078 240 1116 271 ὡς
1124 239 1151 266 δὲ
1160 240 1235 272 Θεὸς,
1245 241 1371 275 παρέχων
1380 241 1460 273 αὐτὸς
1469 242 1526 272 τοῖς
1538 241 1630 273 ἀξίοις.
1641 241 1716 268 Οὕτω
1721 242 1767 268 καὶ
1773 243 1848 274 ὀΘεδς

1078 285 1229 318 νομοθετεῖ,
1243 287 1289 312 καὶ
1298 286 1336 317 ὡς
1352 286 1496 321 ἄνθρωπος
1508 287 1560 313 ὑπὸ
1581 287 1661 322 νόμον
1685 288 1794 321 γίνεται,
1808 289 1848 315 καὶ

1078 331 1123 358 διὰ
1137 331 1216 358 τοῦτο
1233 332 1264 358 οὺ
1283 332 1367 366 λέγει,
1386 332 1456 359 Τάδε
1483 333 1556 367 λέγει
1575 333 1686 369 Κύριος,
1705 334 1791 370 ἐπειδὴ
1806 335 1848 361 οὐκ

1079 375 1222 411 ἄνθρωπός
1242 378 1299 403 ἐστι
1321 377 1462 412 μετασχὼν
1473 377 1612 412 θεότητος,
1628 378 1694 404 ἀλλὰ
1704 379 1766 410 Θεὸς
1781 388 1848 414 μετα-

1079 421 1151 456 σχὼν
1159 423 1273 457 αἰματος
1285 423 1331 449 καὶ
1342 423 1453 458 σαρκὸς,
1461 424 1599 450 τουτέστιν
1608 423 1815 460 ἁνθρωπότητος.
1823 426 1848 451 ’11

1079 467 1174 503 Γραφὴ
1188 468 1242 503 γὰρ
1256 467 1300 494 τὸν
1319 467 1461 504 ἄνθρωπον
1475 469 1564 504 σάρκα
1578 470 1624 496 καὶ
1636 467 1705 505 αἷμα
1723 470 1803 501 καλεῖ,
1818 471 1849 502 ὡς

1079 513 1143 539 ὅταν
1155 513 1221 548 λέγῃ
1241 514 1362 546 Παῦλος·
1380 524 1388 540 ι
1411 515 1448 540 Οὐ
1463 515 1668 551 προσανεθέμην
1680 517 1758 551 σαρκὶ
1766 517 1808 543 καὶ
1815 517 1849 543 αἴ-

1081 567 1160 593 ματι·
1177 568 1186 584 ι
1200 560 1246 586 καὶ
1262 559 1355 596 ὥσπερ
1372 559 1401 586 ἐν
1417 561 1474 587 ἐστι
1487 561 1630 595 πρόσωπον
1642 562 1656 588 ό
1667 561 1810 597 ἄνθρωπος,
1823 563 1848 588 ἐκ

1079 603 1148 636 ζὼου
1158 605 1205 631 καὶ
1213 605 1321 639 λογικοῦ
1339 606 1516 640 συγκείμενος
1524 614 1531 620 ³
1542 606 1612 632 οὕτω
1621 606 1668 632 καὶ
1678 606 1707 632 ἓν
1722 606 1849 642 πρόσωπον

1079 653 1196 688 Χριστὸς
1212 654 1244 679 ἐκ
1257 653 1324 679 Θεοῦ
1337 654 1383 679 καὶ
1405 653 1512 689 μορφῆς
1530 653 1654 689 ὢυλικῆς
1671 654 1803 689 ὑπάρχων,
1811 653 1849 680 καὶ

1079 698 1123 725 διὰ
1144 698 1222 725 τοῦτο
1244 698 1274 724 οὐ
1294 698 1384 732 λέγει,
1415 707 1425 724 ι
1456 698 1524 724 Τάδε
1544 697 1618 730 λέγει
1645 698 1774 734 Κύριος.)
1792 697 1848 734 ᾀλλ“,

1082 744 1168 778 (Ἐγὼ
1182 744 1254 777 λέγω
1269 744 1349 776 ὑμῖν-
1362 753 1371 770 ι
1383 744 1454 776 χαὶ,ι
1467 743 1538 778 Ἐγώ
1547 745 1630 779 εἰμιή
1647 744 1702 779 ζωὴ
1713 744 1758 771 καὶ
1771 745 1786 779 ἡ
1797 744 1849 779 ἀλή-

1080 790 1151 816 οεια.
1171 799 1180 814 ι
1203 789 1246 820 Ὡς
1264 787 1310 816 οὖν
1338 789 1376 824 (5)
1389 789 1436 816 ἐὰν
1463 789 1530 824 λέγῃ
1550 789 1580 816 τὸ
1598 790 1627 816 ἐν
1648 790 1713 824 ἡμῖν
1736 789 1846 822 λογικόν

1080 834 1151 869 Ἐγὼ
1167 836 1224 869 εἰμι
1243 835 1328 861 όκατ“
1356 835 1447 861 εἰκόνα
1475 834 1543 861 Θεοῦ
1571 834 1702 868 γεγονὼς,
1729 835 1848 870 ἄφθαρτος

1080 880 1345 914 κατεσκευασμένος·
1365 880 1412 906 καὶ
1429 879 1547 906 πάλιντὸ
1567 879 1634 906 αὐτὸ
1651 880 1770 914 λογικόν·
1793 879 1850 913 Ἐγώ

1080 927 1138 961 εἰμι
1152 926 1188 960 γῆ
1203 926 1250 952 καὶ
1267 925 1372 956 σποδός·
1388 925 1418 951 οὐ
1429 925 1495 951 ποτὲ
1513 925 1543 951 τὸ
1558 924 1626 956 ζῶον
1642 924 1725 955 λαλεῖ,
1735 924 1779 951 καὶ
1797 925 1849 950 ποτὲ

1079 969 1109 995 τὸ
1125 968 1243 1002 λογικόν·
1254 968 1310 994 ἀλλ’
1325 968 1391 994 αὐτὸ
1404 968 1434 994 τὸ
1448 968 1568 1003 λογικὸν,
1583 969 1649 995 ποτὲ
1660 968 1694 995 τὰ
1705 968 1794 995 ἑαυτοῦ
1807 968 1850 994 ἴδια

1079 1013 1163 1047 λέγει,
1181 1013 1228 1040 καὶ
1244 1012 1309 1039 ποτὲ
1321 1013 1354 1039 τὰ
1374 1013 1421 1039 τοῦ
1439 1012 1525 1044 ζὼου·
1541 1013 1628 1044 οὕτως
1647 1013 1677 1046 ἐξ
1703 1013 1815 1044 ἐνὼσεως
1828 1013 1849 1037 ἓν

1080 1059 1224 1095 πρόσωπον
1242 1058 1279 1084 ὢν
1293 1060 1308 1085 ὁ
1320 1059 1461 1093 ἄνθρωπος
1480 1060 1527 1085 καὶ
1538 1059 1604 1090 Θεὸς
1613 1060 1708 1094 Λόγος,
1723 1060 1764 1086 ὅτε
1779 1059 1848 1092 λέγει,

1082 1114 1091 1130 ‹
1103 1105 1132 1131 '0
1144 1103 1273 1140 ἑωρακὼς
1287 1104 1349 1139 ἐμὲ,
1366 1104 1472 1140 ἑώρακε
1492 1104 1538 1131 τὸν
1557 1105 1679 1140 Πατέρα,
1700 1114 1708 1130 ι
1724 1104 1771 1139 τὴν
1794 1103 1849 1129 θεω-

1080 1150 1141 1185 ρίαν
1152 1151 1201 1185 τῆς
1215 1150 1282 1181 ἰδίας
1293 1150 1418 1185 θεότητος
1433 1150 1518 1184 λέγει.
1533 1150 1570 1176 Ut‘:
1581 1149 1636 1185 γὰρ
1649 1151 1663 1176 ό
1678 1149 1798 1184 ἑωρακὼς
1810 1148 1848 1183 ιὴν

1080 1195 1180 1231 σάρκα,
1198 1195 1303 1231 ἑώρακε
1320 1196 1365 1222 τὸν
1381 1195 1506 1231 Πατέρα·
1530 1197 1553 1222 εἰ
1570 1195 1597 1222 δὲ
1620 1195 1668 1231 μὴ,
1681 1196 1726 1222 καὶ
1745 1195 1847 1225 Πόντιςς,

1079 1241 1127 1267 καὶ
1144 1240 1277 1276 Ἡρώδης,
1292 1241 1338 1267 καὶ
1351 1242 1375 1268 οἱ
1391 1241 1566 1277 ραπίσαντες,
1579 1242 1627 1267 καὶ
1636 1243 1660 1267 οἱ
1676 1239 1850 1277 προσηλώσλιν-

1078 1294 1125 1318 τες
1139 1287 1241 1321 δήμιοι,
1258 1286 1450 1322 εὑρεθήσονται
1462 1287 1615 1323 ἑωρακότες
1628 1287 1671 1313 τὸν
1682 1287 1793 1321 Πατέρα.
1806 1284 1849 1311 Καὶ

1079 1333 1142 1359 ὅταν
1153 1332 1230 1369 λέγῃ,
1246 1333 1313 1359 «Τὸν
1325 1333 1410 1359 νῶτόν
1427 1341 1477 1368 μου
1494 1332 1598 1360 δέδωκα
1609 1334 1650 1364 εἰς
1666 1333 1813 1368 μάστιγας.»
1826 1330 1848 1356 οὐ

1079 1379 1128 1413 τῆς
1156 1377 1282 1413 θεότητος
1311 1378 1385 1412 λέγει
1408 1379 1508 1405 νῶτον·
1536 1378 1590 1404 οὐδ’
1616 1379 1680 1405 ὅταν
1699 1377 1781 1414 λέγῃ·
1798 1375 1848 1406 Πώς

1079 1423 1134 1458 γὰρ
1145 1424 1192 1458 τῆς
1209 1423 1334 1459 θεότητος
1349 1423 1437 1458 ἣψατό
1455 1432 1514 1457 τις;
1539 1424 1608 1451 ἀλλὰ
1635 1423 1681 1450 τοῦ
1707 1423 1820 1458 σώματος
1839 1421 1849 1446 ὁ

1081 1469 1220 1504 ἁψάμενος
1238 1470 1306 1504 μετὰ
1325 1470 1454 1502 πίστεως,
1481 1471 1529 1497 τοῦ
1550 1471 1753 1506 συναμφοτέρου
1767 1469 1848 1504 ἥψατο,

1043 1535 1066 1565 C
1081 1517 1114 1551 τῇ
1134 1516 1182 1550 μὲν
1190 1516 1262 1551 χειρὶ
1273 1516 1312 1549 (4)
1321 1516 1368 1542 τοῦ
1381 1516 1515 1552 σώματος,
1531 1518 1564 1552 τῇ
1583 1516 1612 1543 δὲ
1630 1517 1717 1544 πίστει
1746 1516 1790 1551 τῆς
1802 1514 1849 1540 θεό-

1083 1569 1173 1595 τητος,
1194 1561 1287 1596 ἐπειδὴ
1306 1561 1336 1588 τὸ
1361 1562 1564 1597 συναμφότερον
1576 1562 1605 1588 ἓν
1622 1564 1680 1589 ἐστι
1696 1561 1848 1598 πρόσωπονό

1084 1607 1210 1642 Χριστὸς,
1226 1617 1235 1632 ι
1253 1607 1267 1632 ὁ
1289 1607 1375 1633 πάντα
1390 1608 1455 1634 πᾶσι
1469 1608 1621 1642 γινόμενος,
1640 1609 1682 1635 ἵνα
1693 1609 1752 1639 τοὺς
1763 1607 1848 1635 πάντας

1084 1652 1192 1688 ἐλεήσῃ.
1217 1663 1226 1678 ι
1243 1654 1323 1680 Ὥστε
1341 1654 1370 1679 οὐ
1393 1655 1458 1680 ποτὲ
1482 1654 1530 1689 μὲν
1543 1655 1558 1680 ὁ
1574 1654 1643 1687 Θεὸς
1661 1655 1742 1687 λαλεῖ,
1758 1653 1814 1680 ποτὲ
1826 1651 1848 1678 δὲ

1084 1698 1226 1734 ἄνθρωπος
1235 1707 1241 1712 ·
1260 1699 1417 1735 ἐπειδήπερ,
1434 1700 1472 1731 ὡς
1484 1701 1656 1736 προείρηται,
1671 1701 1728 1728 οὐδὲ
1740 1700 1798 1727 ποτὲ
1809 1698 1848 1734 μὲν

1084 1744 1114 1770 τὸ
1128 1743 1196 1775 ζῶον
1208 1744 1282 1770 λαλεί
1300 1745 1500 1780 κεχωρισμένον
1513 1745 1558 1772 τοῦ
1573 1746 1694 1780 λογικοῦ,
1709 1746 1768 1772 ποτὲ
1787 1744 1811 1770 δὲ
1825 1743 1848 1769 τὸ

1084 1788 1191 1823 λογικὸν
1203 1791 1405 1826 κεχωρισμένον
1419 1791 1466 1818 τοῦ
1479 1791 1549 1823 ζώου
1560 1801 1567 1807 ·
1585 1793 1655 1820 ἀλλὰ
1664 1793 1693 1819 τὸ
1711 1792 1806 1826 λογικὸν
1826 1790 1848 1815 ὲν

1084 1835 1124 1869 τῷ
1137 1835 1209 1870 ζὼῳ,
1227 1837 1272 1862 καὶ
1287 1836 1332 1863 διὰ
1344 1837 1390 1863 τοῦ
1407 1837 1477 1869 ζώου
1491 1838 1567 1864 λαλεί
1577 1846 1584 1852 ·
1597 1840 1632 1865 ὲκ
1647 1837 1806 1874 παραλλήλου
1825 1835 1848 1860 τὸ

1084 1881 1150 1907 αὐτὸ
1162 1881 1244 1916 λέγω.
1261 1882 1304 1908 ἴνα
1318 1883 1486 1918 πανταχόθεν
1495 1883 1566 1918 γνῷς
1574 1884 1623 1919 τὴν
1637 1884 1738 1911 ἕνωσιν.
1754 1887 1758 1917 l

243 1925 308 1951 dum
323 1924 406 1952 homo
421 1934 428 1951 :
447 1933 520 1959 nam,
537 1930 566 1953 nt
584 1931 662 1954 antea
675 1927 742 1960 dixi,
756 1934 790 1954 ne
803 1926 830 1953 id
845 1927 954 1961 quidem
969 1926 1023 1954 dici
1043 1931 1143 1961 potest,
1156 1928 1236 1955 modo
1247 1929 1356 1963 quidem
1378 1929 1479 1956 animal
1495 1937 1510 1956 a
1528 1935 1605 1964 parte
1626 1929 1747 1957 rationali
1772 1926 1848 1961 sejun-

244 1975 335 2001 ctum,
354 1971 434 1997 modo
464 1979 528 1999 vero
556 1973 638 2008 57o
666 1977 769 2008 partem
799 1973 960 2001 rationalem
983 1974 1017 2000 ab
1041 1974 1152 2001 animali
1176 1979 1330 2010 separatam
1342 1975 1435 2010 loqui:
1452 1976 1497 2003 scd
1517 1983 1581 2011 pars
1602 1977 1741 2004 rationalis
1758 1975 1781 2001 in
1801 1971 1849 1998 ani-

245 2018 307 2045 mali
323 2023 349 2045 et
362 2026 409 2053 per
420 2019 520 2046 animal
534 2020 665 2055 loquitur.
678 2021 749 2048 Idem
775 2021 857 2048 etiam
872 2021 934 2048 dico
948 2021 982 2048 de
1013 2028 1058 2053 eo,
1076 2021 1150 2057 quod
1170 2030 1232 2048 cum
1258 2022 1309 2049 hoc
1325 2024 1492 2057 comparavi,
1513 2028 1543 2050 ut
1572 2024 1749 2060 undequaque
1765 2019 1848 2048 unitio-

245 2071 306 2091 nem
320 2071 404 2091 IIOTIS.

279 2111 322 2138 27.
342 2112 429 2146 Αροιι.
454 2111 588 2139 Przeterea
601 2119 667 2139 vero
679 2113 719 2139 vel
737 2113 795 2147 ipse
825 2114 957 2148 prodigia
975 2114 1026 2141 ede

245 2157 302 2188 bat.
314 2163 360 2184 aut
371 2166 425 2184 non
443 2158 549 2184 edebat.
570 2158 598 2185 Si
614 2158 723 2189 edebat.
739 2167 793 2186 non
809 2165 868 2186 erat
884 2160 968 2187 homo
984 2169 991 2187 :
1009 2161 1031 2188 si

248 2210 303 2229 non
320 2203 426 2234 edebat.
447 2203 586 2237 quomodo
598 2203 666 2230 dicit
679 2211 710 2230 se
723 2202 822 2230 edere?
843 2207 870 2230 et
895 2203 1033 2238 quomodo

247 2248 320 2276 idem
334 2255 396 2275 esse
412 2253 500 2283 potest
511 2253 593 2283 atque
607 2249 630 2276 is
647 2249 692 2283 qui
706 2249 820 2276 edebat?
850 2249 928 2277 Orth.
956 2249 1033 2276 Sicut

247 2301 311 2328 pars
328 2294 471 2321 rationalis
484 2301 532 2321 sua
546 2294 632 2328 ipsius
650 2302 732 2329 opera
747 2295 787 2322 sic
799 2295 855 2322 edit
870 2295 897 2321 in
911 2295 1033 2325 animali,

248 2344 277 2366 ut
294 2347 347 2366 non
362 2339 397 2366 sit
418 2343 545 2374 separata
568 2340 602 2366 ab
626 2340 737 2366 animali
755 2348 762 2365 :
779 2340 815 2367 ita
840 2340 887 2368 Dei
914 2339 1032 2367 Verbum

247 2385 354 2412 unitum
369 2385 483 2414 homini.
493 2385 549 2412 cdit
564 2385 686 2420 prodigia
700 2386 812 2413 minime
830 2391 1000 2421 segregatum
1020 2394 1035 2413 a

247 2435 347 2459 natura
363 2431 492 2463 humana,
505 2431 577 2466 quod
594 2432 619 2459 ei
639 2440 688 2467 pro
708 2440 757 2459 sua
782 2433 883 2467 pietate
903 2433 1037 2467 placuerit

247 2477 301 2503 vim
317 2484 394 2503 suam
407 2477 526 2504 divinam
542 2485 590 2512 per
603 2485 675 2509 eam,
689 2481 716 2504 et
744 2478 771 2504 in
796 2486 839 2509 ea.
868 2482 896 2505 et
917 2486 978 2505 cum
1003 2486 1034 2505 ea

248 2523 368 2557 operari.
387 2522 420 2549 Et
447 2523 530 2550 veluti
547 2523 570 2550 si
593 2522 656 2558 quis
677 2524 844 2558 cogitatione
869 2525 1036 2552 concesserit

248 2569 345 2599 solent.
360 2576 488 2604 magnum
508 2568 580 2597 istud
596 2569 683 2600 sidus.
695 2577 742 2604 per
757 2569 897 2597 lucernam
911 2574 937 2597 et
953 2572 979 2597 in
992 2571 1034 2597 lu-

248 2622 331 2642 cerua
350 2623 427 2642 suam
444 2615 532 2643 lucem
550 2616 691 2649 emittere;
710 2623 820 2643 rursum
833 2617 906 2651 enim
918 2616 990 2644 idem
1001 2624 1033 2644 ex

302 2695 312 2709 ‘
332 2693 419 2721 Galat.
437 2702 456 2726 I,
479 2694 523 2722 16.

575 2695 587 2711 ³
606 2693 700 2721 Matth.
720 2702 748 2728 ν,
773 2693 823 2727 20,
841 2693 886 2721 22.

249 2728 260 2744 ⁸
281 2728 289 2755 1
307 2729 370 2755 Cor.
391 2736 435 2762 ιι,
447 2729 497 2760 22.

935 2697 946 2713 ι
965 2692 1044 2721 Joan.

287 2807 325 2838 (ὃ)
344 2804 397 2832 (13v
412 2807 488 2837 abest
502 2814 517 2832 ιι
531 2814 597 2836 mss.
610 2805 697 2837 Paulo
705 2806 991 2839 msuciysstvov'bc
999 2806 1045 2834 ἆν-

253 2842 358 2876 θρωπος
374 2841 519 2877 ἄφθαρτος.

1117 2111 1163 2138 27.
1189 2112 1373 2138 Ἀπο.ῑλ.Ἐτι
1383 2112 1410 2139 δὲ
1421 2113 1435 2148 ἢ
1448 2113 1528 2145 αὐτὸς
1542 2114 1579 2149 (5)
1591 2115 1676 2141 ἐτέλει
1685 2114 1716 2141 τὰ.
1728 2113 1846 2149 τεράστια.

1085 2157 1157 2192 ἤοῦ.
1180 2158 1250 2184 Ἀλλ’
1266 2159 1291 2184 εἰ
1310 2158 1358 2193 μὲν
1377 2159 1473 2190 ἐτέλει,
1499 2160 1548 2186 οὐκ
1569 2158 1602 2195 ἦν
1617 2160 1768 2196 ἄνθρωπος·
1789 2159 1808 2184 εἰ
1825 2157 1847 2183 δὲ

1087 2203 1135 2239 μὴ,
1154 2203 1213 2235 πῶς
1226 2203 1300 2237 λέγει
1314 2204 1418 2235 τελεῖν;
1436 2205 1452 2240 ἢ
1471 2205 1529 2238 πῶς
1547 2206 1562 2231 ό
1579 2207 1660 2238 αὐτὸς
1674 2206 1711 2241 τῷ
1729 2204 1846 2233 τελοῦντι;

1085 2249 1162 2283 Ὀρθ.
1174 2250 1280 2285 Ὥσπερ
1296 2251 1327 2276 τὺ
1338 2250 1444 2285 λογικὸν
1461 2251 1489 2277 ὲν
1503 2251 1541 2287 τῷ
1553 2252 1616 2287 ζὼῳ
1633 2253 1703 2279 τελεί
1716 2251 1747 2278 τὰ
1757 2248 1846 2278 ὲαυτῦῦι

1086 2295 1116 2320 οὐ
1131 2295 1334 2330 κεχωρισμένον
1345 2295 1374 2321 ὂν
1387 2295 1434 2322 τοῦ
1448 2295 1532 2328 ζὼου·
1544 2296 1614 2322 οὕτω
1628 2297 1784 2329 ΘεδςΛόγος.
1795 2295 1847 2320 ἑνω-

1088 2341 1144 2373 Θεὶς
1160 2340 1308 2376 ἀνθρώπῳ,
1320 2341 1394 2368 τελεῖ
1407 2341 1440 2368 τὰ
1456 2343 1596 2377 τεράστια,
1620 2343 1649 2369 οὐ
1672 2339 1846 2376 κεχωρισμένθς

1087 2388 1137 2422 τῆς
1150 2387 1369 2422 ἀνθρωπότητος,
1387 2387 1421 2413 δι’
1435 2387 1530 2422 αὐτῆς,
1546 2389 1593 2416 καὶ
1609 2390 1637 2415 ὲν
1652 2389 1727 2423 αὐτῇ,
1743 2386 1785 2412 καὶ
1800 2383 1845 2420 μετ’

1088 2434 1183 2469 αὐτῆς,
1200 2434 1350 2468 εὐδοκήσας
1363 2433 1411 2469 τὴν
1419 2434 1517 2460 ἑαυτοῦ
1533 2434 1608 2461 θείαν
1618 2434 1726 2469 δύναμιν
1737 2430 1845 2466 ἐνεργεῖν-

1088 2481 1143 2507 Καὶ
1155 2480 1250 2516 ὥσπερ
1267 2481 1290 2506 ει
1302 2479 1358 2515 δοίη
1367 2489 1409 2512 τις
1424 2480 1463 2515 τῷ
1477 2480 1549 2515 λόγῳ
1559 2480 1645 2515 ἥλιον,
1654 2480 1697 2506 τὸν
1710 2478 1786 2514 μέγαν
1799 2473 1846 2501 τοῦ-

1087 2533 1133 2551 τον
1149 2524 1263 2560 ἀστέρα,
1274 2524 1318 2551 διὰ
1335 2524 1442 2559 λύχνου,
1456 2525 1504 2551 καὶ
1519 2526 1547 2551 ὲν
1561 2525 1648 2561 λύχνῳ
1671 2523 1808 2559 ἐκπέμπειν
1823 2517 1846 2542 τδ

1089 2570 1185 2597 ἑαυτοῦ
1214 2570 1289 2604 φῶς·
1316 2571 1348 2596 ἐκ
1375 2570 1546 2606 παραλλήλου
1575 2571 1629 2606 γὰρ
1655 2569 1732 2596 πάλιν
1749 2566 1776 2594 τδ
1794 2562 1847 2591 αῧτδ

1087 2616 1170 2643 ἄκουε
1181 2625 1187 2632 ·
1201 2617 1232 2643 οὺ
1243 2616 1289 2642 δύο
1305 2616 1382 2650 φῶτά
1395 2617 1474 2642 εἰσιν.
1491 2617 1528 2644 05
1538 2617 1591 2652 γὰρ
1603 2616 1688 2651 φαίνει
1702 2613 1787 2648 λύχνος
1793 2616 1847 2637 κατ’

1069 2701 1123 2722 xw.
1141 2693 1168 2721 6.
1206 2693 1216 2709 ⁸
1237 2692 1302 2720 ibid.
1320 2692 1346 2719 9.
1404 2692 1414 2708 ‘
1433 2691 1485 2719 lsa.
1507 2701 1540 2726 L,
1558 2693 1585 2721 6.
1631 2693 1641 2709 ⁷
1660 2691 1721 2719 Luc.
1738 2683 1845 2720 πωμ-

1135 2805 1173 2836 (41
1189 2804 1265 2837 Mss.,
1277 2806 1309 2839 τῇ
1328 2806 1376 2839 μὲν
1391 2805 1490 2840 χάριτι.

1136 2839 1173 2874 (5)
1191 2839 1245 2868 Mss
1261 2860 1267 2873 ,
1285 2841 1344 2867 Ἔτι
1356 2839 1448 2867 δὲκαὶ
1466 2842 1489 2867 εἰ
1501 2841 1587 2872 αὐτὸς.
