1926 3068
186 100 255 128 1285

751 99 780 127 S.
799 98 1028 126 ATIIANASlUS.
1049 114 1083 119 -—-
1106 99 1230 127 SPURIA

1732 100 1816 128 1284

218 160 263 187 29.
284 159 370 194 Apoll.
390 159 418 186 Si
436 160 517 187 homo
530 159 676 193 adjunctus
691 163 733 186 est
747 159 802 186 Deo
812 179 819 189 ,
836 159 905 186 alius
920 163 956 186 est

1045 158 1089 185 29.
1109 159 1230 186 Ἀπολλ.
1242 158 1401 193 Ἀνθρωπος
1417 157 1476 193 Θεῷ
1485 158 1692 195 παραζευχθεὶς,
1708 158 1816 194 ἔτερος

184 213 264 239 quam
288 205 368 236 Dens,
387 206 409 232 si
426 209 482 231 tum
499 208 590 231 motus
603 205 734 232 animales
749 205 890 239 respicias,
905 208 961 230 tum

183 249 369 280 rationabiles,
392 254 448 276 tum
467 250 613 283 patibiles;
629 253 655 276 et
672 249 789 284 patiens.
814 249 915 283 patitur
934 253 963 275 ut

149 323 151 326 ,
183 296 262 327 alius,
280 299 307 322 et
323 296 464 325 adoratus,
480 295 612 322 aduratur
630 299 660 321 ut
674 296 754 322 alius.
774 295 809 322 At
826 295 871 321 Dei
886 303 961 327 caro,

182 345 244 367 \‘Ila‘.
263 344 305 367 est
328 340 539 367 instrumentum
561 341 597 366 ita
618 340 792 375 passionibus
810 341 868 367 suis
885 348 963 367 com-

182 388 300 422 positum
312 407 319 418 ,
338 391 366 414 ut
382 387 485 414 divinis
504 388 628 414 consiliis
641 387 765 422 quadret,
785 395 872 421 neque
889 387 962 421 cogi-

182 433 300 459 tationes
326 432 427 458 fuerint
449 433 541 459 carnis
565 435 690 467 proprias,
715 440 802 467 neque
818 433 961 464 actiones;

181 483 208 504 et
231 485 296 504 caro
323 478 381 512 ipsa
410 478 586 513 passonibus
620 482 701 512 prout
728 478 804 504 carni
836 478 962 504 conVeuit

181 525 314 559 subjecta,
343 525 402 554 illis
425 525 548 558 superior
571 524 672 553 evadit.
697 524 826 558 quoniam
849 528 892 551 est
915 523 961 550 Dei

181 578 257 601 caro,
274 570 341 597 adeo
355 574 384 596 ut
401 570 427 596 in
443 569 606 604 corporibus
624 578 676 596 non
695 570 820 596 similiter
833 569 955 604 quidem,

179 621 207 643 at
228 617 392 643 animalibus
415 619 516 645 tamen,
531 616 571 641 sit
591 615 799 649 impalibilitatis
818 619 913 641 auctor
929 622 961 641 ac

180 662 343 696 principium
372 670 378 687 :
404 664 431 688 et
456 661 586 687 adoratnr
610 665 638 686 ut
663 659 709 686 Dei
732 662 814 692 caro,‘
833 661 959 694 quoniam

180 707 230 734 hac
245 707 350 733 ratione
366 707 388 733 is
404 706 450 740 qui
465 706 593 732 aduratur
607 709 648 732 est
665 705 746 736 Deus.
760 710 786 732 et
802 705 880 732 nobis
894 713 961 732 con-

176 754 345 786 junctionem
363 760 426 778 cum
447 759 479 778 eo
504 752 615 786 priebet,
632 751 711 784 cujus
729 755 769 777 est
787 758 887 785 corpus
911 759 917 777 :
933 754 961 777 et

178 799 318 830 adoratur,
333 806 387 824 non
404 802 492 824 tamen
510 802 537 822 ut
554 806 596 823 res
611 801 720 827 creata,
736 797 865 831 quoniam
891 796 959 822 nihil

1014 205 1088 240 παρὰ
1102 204 1147 231 τὸν
1163 204 1229 230 Θεον
1241 205 1298 230 ἐστι
1311 206 1371 236 ταῖς
1382 204 1511 236 ζωτικαῖς
1532 205 1664 240 κινήσεσι,
1682 205 1815 238 λογιστι-

1013 252 1074 282 καῐς
1098 259 1127 277 τε
1151 250 1197 277 καὶ
1222 249 1402 284 παθητικαῖς’
1432 251 1478 276 καὶ
1506 250 1627 285 πάσχων,
1645 250 1682 281 ὡς
1707 250 1815 286 ἕτερος

1013 296 1122 330 πάσχει,
1138 295 1184 321 καὶ
1200 295 1445 330 προσκυνούμενος,
1467 294 1503 326 ὡς
1528 295 1621 329 ἔτερος
1639 296 1813 330 προσκυνεῖ-

1012 350 1066 369 ται.
1089 341 1161 377 Σὰρξ
1177 341 1205 367 δὲ
1226 341 1293 367 Θεοῦ
1317 341 1390 376 ζωῆς
1406 341 1520 376 ὄργανον
1540 341 1727 376 ἁρμοζόμενον
1745 342 1813 372 τοῖς

1012 387 1110 414 πάθεσι
1136 387 1204 422 πρὸς
1229 387 1278 418 τὰς
1302 386 1376 417 θείας
1401 386 1506 421 βουλὰς,
1522 387 1568 413 καὶ
1588 385 1700 422 (Silain:
1728 386 1811 420 λόγοι

1013 432 1113 466 σαρκὸς
1127 432 1197 462 ἴδιοι,
1221 431 1283 458 οὔτε
1308 432 1430 467 πράξεις,
1458 433 1577 463 καὶτοῖς
1595 432 1707 458 πάθεσιν
1733 433 1810 458 ὑπο-

1013 477 1181 511 ϐαλλομένη-
1207 477 1277 503 κατὰ
1299 477 1328 502 τὸ
1351 478 1432 511 σαρκὶ
1447 478 1594 512 προσῆκον,
1613 477 1698 512 ἰσχύει
1722 477 1802 504 κατὰ

1011 522 1064 548 τῶν
1084 522 1188 553 παθῶν,
1202 522 1246 547 διὰ
1267 522 1297 547 τὸ
1308 521 1380 548 ’Θεοῦ
1402 520 1469 548 εἶναι
1489 522 1566 557 σὰρξ,
1581 522 1650 548 ὥστε
1667 523 1712 548 καὶ
1726 530 1801 548 κατ-

1012 567 1091 602 άρξαι
1115 568 1164 602 τῆς
1189 567 1322 598 ἀπαθείας
1337 568 1392 598 τοῖς
1406 567 1454 601 οὐχ
1474 567 1574 601 ὁμοίως
1591 566 1650 601 μὲν,
1667 566 1808 601 ὁμοζώοις

1010 613 1038 639 δὲ
1063 613 1168 648 σώμασι
1184 613 1258 648 (10)·
1281 614 1328 639 καὶ
1350 614 1541 648 προσκυνεῖται
1562 613 1600 644 ὡς
1623 612 1691 639 Θεοῦ
1718 612 1805 648 σὰρξ,

1011 659 1078 685 Θεοῦ
1092 659 1167 691 ὖντος
1181 659 1250 685 οὕτω
1263 658 1311 684 τοῦ
1328 658 1564 694 προσκυνουμένου
1573 667 1580 673 ·
1594 658 1641 684 καὶ
1650 658 1807 692 συνάφειαν

1011 707 1076 741 ἡμῖν
1094 705 1210 736 δίδωσιν,
1223 701 1255 731 οὗ
1278 706 1335 731 ἐστι
1351 705 1443 740 σῶμα·
1461 705 1507 731 καὶ
1523 706 1727 741 προσκυνεῖται,
1746 705 1803 739 οὐχ

1010 751 1048 782 ὡς
1064 751 1176 785 κτίσμα,
1194 751 1234 776 ὅτι
1256 750 1337 785 μηδὲν
1359 750 1462 784 κτίσμα
1480 750 1561 785 μέρος
1583 749 1660 776 Θεοῦ.
1685 749 1718 776 Οἱ
1742 750 1804 784 ἆρα

1012 798 1100 831 σάρκα
1117 796 1209 822 λαϐεῖν
1229 796 1274 822 τὸν
1287 796 1352 822 Θεὸν
1365 795 1568 828 πιστεύσαντες,
1583 797 1631 822 καὶ
1647 794 1700 822 τῶν
1717 796 1804 831 εὐερ-

177 844 249 877 quod
266 848 386 870 creamm
406 843 441 869 sit
456 847 497 869 est
515 842 560 868 Dei
576 842 675 876 portio.
699 841 791 876 Itaque
811 842 857 876 qui
877 841 956 868 Deum

1011 842 1109 876 γεσιῶν
1123 842 1295 877 τυγχάνουσι,
1315 842 1363 868 καὶ
1383 842 1433 868 οὐκ
1448 843 1488 874 εἰς
1505 842 1596 876 ἕτερον
1613 841 1804 876 μεταπίπτου-

178 889 294 915 credunt
316 888 501 922 assumpsisse
527 896 653 917 carnem.
680 888 740 921 ejus
767 888 958 915 beneﬁciorum

178 935 247 961 ﬁunt
262 940 410 969 compotes,
428 942 478 960 nec
491 942 523 960 eo
540 934 712 965 delabuntur,
730 938 759 960 ut
772 934 854 960 alium
871 934 959 969 ipsum

177 981 269 1007 dicant
297 990 303 1007 :
330 981 497 1006 contrarium
528 987 592 1006 vero
624 979 656 1006 iis
679 980 778 1008 evenit.
798 980 843 1014 qui
866 981 959 1006 volunt

176 1026 314 1053 hominem
339 1025 426 1052 fuisse
449 1025 503 1052 Deo
527 1025 716 1058 coniunctum.
746 1024 822 1051 Ortli.
853 1024 960 1052 Disces-

177 1071 237 1098 sisti
259 1078 274 1097 a
297 1071 438 1105 Striptura
468 1070 600 1096 divinitus
626 1070 769 1104 inspirata,
801 1070 915 1105 ideoque
943 1078 957 1097 ιι

176 1117 262 1149 gratia
291 1116 426 1146 excidisti,
458 1120 488 1141 ut
512 1115 557 1150 qui
581 1123 644 1141 cum
678 1116 818 1149 Scriptura
845 1115 920 1142 dwat
949 1125 956 1142 :

179 1172 188 1186 ι
201 1162 383 1196 Αεςιιιιιρςίι.»
403 1166 430 1188 et
448 1171 457 1186 ι
474 1160 584 1187 Factum
609 1164 661 1191 est,
678 1170 687 1185 ι
702 1160 784 1191 istud,
798 1161 956 1195 adjunctum

175 1213 227 1236 est.
247 1207 304 1241 ipse
325 1207 373 1233 tibi
394 1206 471 1240 quasi
495 1206 642 1232 cisternam
666 1205 833 1232 confractam
856 1205 955 1237 fecisti,

175 1260 236 1287 qua:
256 1260 309 1279 non
333 1252 419 1286 possit
443 1258 528 1285 aquas
552 1252 703 1278 continere.
727 1251 868 1283 Quomodo
893 1259 957 1279 vero

177 1307 231 1325 non
249 1299 289 1325 vis
311 1298 427 1324 Verbum
450 1297 484 1324 ab
504 1297 621 1323 humana
641 1302 737 1324 natura
756 1299 813 1325 suis
834 1298 957 1324 animali-

176 1344 238 1376 bus,
269 1342 479 1370 rationabilibus
512 1345 539 1368 et
572 1342 731 1376 patibilibus
755 1343 874 1369 motibus
901 1351 956 1370 nou

175 1388 299 1417 secerni?
315 1387 383 1415 Num
395 1388 468 1414 enim
483 1388 576 1414 divino
591 1388 709 1422 qumlam
727 1393 799 1415 motu
816 1396 955 1420 crescens,

174 1443 190 1461 ιι
205 1439 307 1461 statura
323 1433 355 1459 ad
375 1437 506 1459 staturam
525 1432 616 1459 divine
627 1433 765 1459 excrevit?
778 1436 805 1459 et
823 1433 956 1466 sapientia

174 1478 332 1512 proticiens.
357 1477 473 1511 profecit.
493 1481 522 1502 ut.
544 1475 636 1503 Deus?
659 1480 686 1503 et
708 1484 770 1503 cum
795 1477 905 1503 tristitia
929 1481 956 1503 et

174 1531 275 1558 angore
303 1522 385 1548 animi
418 1521 583 1552 afﬁceretur,
603 1529 664 1548 cum
695 1521 861 1552 turbaretur,
891 1529 954 1547 num

174 1569 283 1595 tristitia
298 1572 324 1595 et
339 1575 440 1603 angore
463 1567 644 1600 afficiebatur,
665 1570 691 1593 et
710 1566 871 1593 tuibahatur
894 1571 954 1593 tan-

172 1621 254 1648 quam
273 1613 342 1640 Deus
362 1617 388 1640 et
404 1613 545 1640 laborabat
562 1616 588 1639 et
608 1612 780 1646 patiebatur?
795 1611 882 1638 Absit.
900 1611 955 1638 Iino

173 1661 245 1686 sicut
269 1666 368 1693 corpus
389 1665 421 1685 ex
442 1658 526 1684 Maria
547 1658 732 1692 desumptuni,
751 1657 821 1684 Deus
838 1657 954 1684 Verbum

173 1713 252 1732 suum
268 1712 329 1731 esse
343 1712 445 1738 corpus
461 1705 540 1735 dixit,
563 1703 634 1738 quod
649 1707 740 1729 tamen
758 1710 811 1730 non
828 1707 870 1730 est
882 1703 956 1737 ejus-

172 1751 233 1777 dem
250 1755 330 1785 atque
345 1750 432 1777 deitas
445 1750 501 1784 ipsa
519 1755 623 1776 natura:
639 1759 645 1776 :
663 1750 699 1775 ita
713 1749 795 1775 etiam
811 1756 876 1775 suas
890 1749 956 1775 dicit

175 1796 336 1830 passiones,
353 1799 380 1822 et
398 1799 454 1821 tum
474 1795 617 1825 animalis,
632 1798 688 1820 tum
707 1794 793 1828 ipsius
814 1794 955 1820 rationalis

174 1841 312 1867 taculiatis
340 1840 547 1870 incrementum.
577 1847 745 1874 quaecunque
772 1843 877 1865 natune
905 1839 956 1865 bu-

173 1894 260 1913 mana:
271 1892 333 1914 sunt
344 1891 371 1913 ut
380 1887 429 1913 sibi
442 1887 550 1920 propria
561 1886 712 1918 vindicans,
722 1894 771 1920 pro
779 1886 847 1912 bona
859 1886 954 1920 gratia:

172 1941 230 1960 suae
245 1933 392 1959 voluntate.
413 1931 458 1958 Sic
481 1933 552 1958 enim
577 1939 654 1958 suam
669 1931 735 1958 dicit
755 1939 875 1959 carnem.
894 1932 956 1957 vita:

173 1981 395 2012 instrumentum,
409 1979 552 2009 idoneum,
571 1983 599 2005 ut
612 1979 712 2005 divinis
729 1978 852 2005 consiliis
867 1986 952 2013 coap-

174 2031 258 2053 tetur.
279 2024 346 2051 Nam
360 2030 389 2051 ut
410 2019 529 2059 spueret,
552 2032 619 2051 usus
640 2028 683 2051 est
705 2025 828 2058 corporis
850 2024 953 2050 instru-

172 2077 274 2103 mento,
301 2071 446 2105 itidemque
471 2078 600 2105 corpore,
628 2075 657 2096 ut
678 2070 850 2104 sepeliretur,
873 2073 900 2096 et
927 2074 955 2096 ut

172 2117 326 2143 voluntarie
342 2121 455 2142 mortem
475 2115 598 2148 subiret;
619 2123 652 2142 ac
674 2119 702 2142 ut
721 2115 823 2142 inferos
848 2115 953 2149 prmda-

1011 897 1053 914 σιν
1062 897 1068 902 ·
1080 885 1117 914 ὧν
1130 888 1164 914 τὰ
1175 888 1283 914 ἐναντία
1297 888 1403 922 ἔχουσιν
1419 889 1443 914 οἱ
1461 887 1601 923 ἄνθρωπον
1611 887 1802 923 παρεζεῦχθαι

1009 933 1132 967 λέγοντες
1160 933 1219 968 Θεῷ
1245 933 1311 968 (Η).
1344 934 1420 966 Ὀρθ.
1453 932 1641 968 Ἀνεχώρησας
1665 934 1714 968 τῆς
1737 933 1802 960 θεο-

1010 978 1140 1005 πνεύστου
1157 979 1277 1013 Γραφῆς,
1294 979 1340 1004 καὶ
1356 978 1399 1005 διὰ
1413 978 1492 1005 τοῦτο
1505 979 1554 1013 τῆς
1568 979 1677 1013 χάριτος
1697 979 1800 1011 ἐξέπε-

1010 1032 1064 1055 σες,
1073 1024 1122 1058 τῆς
1133 1023 1242 1058 Γραφῆς
1256 1022 1386 1059 λεγούσης
1400 1023 1440 1056 τὸ,
1453 1033 1462 1048 ι
1477 1023 1586 1054 Ἔλαῦε,
1599 1033 1608 1048 ι
1620 1024 1676 1055 καὶ,
1689 1032 1698 1048 ι
1719 1024 1801 1056 Ἐγέ-

1009 1078 1068 1096 νετο
1077 1078 1083 1084 ·
1100 1079 1109 1094 ι
1128 1069 1157 1095 τὸ
1171 1069 1353 1105 παρεζεῦχθαι
1367 1070 1458 1104 σαυτῷ
1469 1068 1575 1104 ὥρυξας
1590 1069 1714 1106 καθάπερ
1727 1069 1800 1096 λάκ-

1008 1124 1054 1142 κον
1077 1116 1313 1150 συντετριμμένον,
1343 1115 1380 1150 μὴ
1401 1115 1549 1151 δυνάμενον
1566 1115 1639 1151 ὕδωρ
1660 1116 1796 1151 συνέχειν.

1009 1160 1070 1192 Πῶς
1086 1161 1114 1186 δὲ
1133 1162 1165 1187 οὐ
1182 1161 1269 1193 θέλεις
1285 1164 1345 1194 ταῖς
1360 1161 1487 1193 ζωτικαῖς
1503 1162 1548 1188 καὶ
1565 1161 1731 1196 λογιστικαίς
1747 1163 1798 1190 καὶ

1008 1207 1171 1241 παθητικαῖς
1185 1209 1307 1243 κινήσεσι.
1323 1207 1487 1243 χωρίζεσθαι
1510 1208 1555 1234 τὸν
1580 1208 1665 1241 Λόγον
1679 1210 1729 1243 τῆς
1744 1209 1796 1235 ἀν-

1009 1251 1200 1287 θρωπότητος;
1217 1251 1290 1287 Ἀρ..
1312 1252 1366 1288 γὰρ
1388 1253 1434 1278 καὶ
1447 1251 1579 1285 αὐξάνων,
1593 1252 1669 1288 θεῖκῇ
1685 1254 1795 1288 κινήσει

1007 1296 1060 1322 ἀπὸ
1072 1297 1179 1331 ἡλικίας
1201 1298 1239 1328 είς
1253 1298 1360 1332 ἡλικίαν
1375 1297 1474 1329 θεϊκῶς
1486 1297 1620 1332 ηῡξανενς
1637 1298 1692 1324 Καὶ
1712 1299 1796 1334 σοφίᾳ

1007 1341 1182 1376 προκόπτων,
1208 1341 1305 1372 θεῖκῶς
1329 1342 1530 1376 προσέκοπτεν;
1549 1342 1602 1369 Καὶ
1625 1342 1795 1378 λυπούμενος

1007 1389 1053 1414 καὶ
1064 1387 1198 1421 ἀγωνιῶν,
1210 1387 1257 1413 καὶ
1273 1388 1480 1423 ταραττόμενος,
1496 1387 1594 1419 θεῖκῶς
1610 1388 1735 1415 ἐλυπεῖτο
1746 1390 1795 1415 καὶ

1007 1434 1119 1468 ἠγωνία,
1133 1433 1178 1459 καὶ⁴
1190 1433 1359 1469 ἐταράττετο,
1373 1433 1419 1460 καὶ
1432 1433 1529 1460 ἐκοπία
1543 1434 1590 1460 καὶ
1603 1433 1718 1469 ἔπασχεν
1729 1443 1736 1467 ;
1746 1435 1793 1461 Mi‘

969 1495 990 1523 Ο
1007 1479 1124 1513 γένοιτοί
1143 1479 1211 1505 Ἀλλ’
1222 1479 1315 1514 ὥσπερ
1329 1479 1359 1505 τὸ
1377 1479 1457 1514 σῶμα
1471 1479 1500 1505 τὸ
1514 1480 1546 1506 ὲκ
1562 1480 1679 1515 Μαρίας,
1694 1481 1791 1507 ἑαυτοῦ

1008 1525 1088 1555 σῶμα
1108 1524 1198 1558 ἔλεγεν
1219 1526 1233 1550 ὀ
1249 1524 1313 1555 Θεὸς
1329 1524 1423 1558 Λόγος,
1442 1525 1471 1550 οὐ
1486 1525 1535 1559 τῆς
1552 1525 1634 1560 αὐτῆς
1656 1525 1749 1557 οὐσίας
1762 1526 1792 1552 ὃν

1006 1572 1037 1605 τῇ
1055 1570 1176 1604 θεότητι·
1195 1569 1266 1596 οὕτω
1281 1570 1327 1596 καὶ
1344 1569 1377 1596 τὰ
1393 1570 1466 1604 πάθη
1482 1570 1528 1596 καὶ
1543 1569 1591 1605 τὴν
1608 1568 1720 1606 αὔξησιν
1742 1571 1791 1606 τὴν

1006 1614 1122 1650 ζωτικὴν
1135 1616 1181 1641 καὶ
1197 1615 1351 1650 λογιστικὴν
1366 1615 1463 1641 ἑαυτοῦ
1480 1615 1564 1649 λέγει,
1583 1616 1792 1651 ἰδιοποιούμενος

1006 1662 1095 1687 πάντα
1116 1661 1165 1696 τῆς
1188 1661 1394 1697 ἁνθρωπὸτητος
1418 1663 1450 1696 τῇ
1472 1661 1580 1697 εὐδοκία
1597 1662 1647 1696 τῆς
1663 1663 1790 1698 χάριτος·

1005 1706 1136 1737 ὡσαύτως
1152 1707 1198 1732 καὶ
1215 1706 1270 1740 (12)
1281 1707 1330 1741 τὴν
1348 1707 1436 1742 σάρκα
1456 1707 1530 1742 ζωῆς
1545 1707 1659 1742 ὄργανον
1673 1708 1792 1744 ἁρμοζό-

1006 1759 1085 1786 μενον
1100 1751 1168 1786 apo;
1182 1752 1230 1783 τὰς
1252 1751 1326 1783 θείας
1347 1752 1454 1786 βουλάς.
1474 1753 1530 1778 Ἵνα
1552 1753 1606 1788 γὰρ
1621 1753 1720 1790 πτύσῃ,
1737 1753 1791 1780 σώ-

1007 1805 1072 1832 ματι
1089 1797 1220 1832 κέχρηται
1240 1797 1363 1832 ὀργάνῳ·
1390 1798 1432 1823 ἵνα
1454 1799 1538 1833 ταφῇ,
1556 1799 1655 1833 ὁμοίως
1677 1799 1715 1834 τῷ
1737 1799 1790 1825 σώ-

1007 1851 1088 1876 ματι’
1105 1843 1148 1869 ἵνα
1163 1843 1190 1869 δὲ
1208 1843 1280 1879 πάθῃ
1296 1844 1434 1875 ἑκουσίως,
1452 1844 1498 1870 καὶ
1521 1844 1563 1870 ἵνα
1582 1844 1626 1870 τὸν
1643 1844 1710 1879 ᾅδην
1726 1853 1791 1870 σκυ-

1004 1887 1098 1922 λεύσῃ,
1107 1888 1139 1922 τῇ
1150 1887 1234 1922 ψυχῇ,
1243 1887 1276 1922 ἦν
1292 1887 1366 1921 ἔλεγε
1383 1888 1484 1914 τιθέναι
1493 1888 1562 1924 ὑπὲρ
1573 1889 1626 1914 τῶν
1635 1888 1789 1923 προϐάτων.

1004 1931 1059 1957 Καὶ
1079 1930 1140 1956 οὒτε
1163 1931 1307 1966 ἀνθρώπου
1331 1931 1403 1965 λόγοι
1430 1932 1500 1965 ἴδιοι,
1527 1932 1589 1958 οὔτε
1612 1933 1640 1958 at
1659 1933 1788 1968 πράξεις·

1005 1974 1073 2010 σὰρξ
1095 1975 1122 2002 δὲ
1143 1977 1199 2007 τοῖς
1224 1977 1336 2002 πάθεσιν
1356 1976 1422 2012 (15),
1439 1977 1644 2012 ὑποϐαλλομένη
1670 1979 1740 2004 κατὰ
1760 1977 1791 2004 τδ

1004 2021 1137 2057 ἀνθρώπῳ
1154 2022 1301 2057 προσῆκον,
1319 2022 1404 2056 ίσχύει
1419 2022 1488 2048 κατὰ
1504 2023 1558 2048 τῶν
1572 2023 1664 2049 παθῶν
1680 2023 1724 2050 διὰ
1741 2023 1790 2059 τὴν

1004 2067 1072 2102 πρὸς
1087 2067 1132 2093 τὸν
1148 2067 1214 2093 Θεὸν
1228 2068 1335 2094 ἕνωσιν.
1356 2077 1365 2092 ι
1388 2068 1538 2104 Ἀμαρτίαν
1555 2069 1608 2103 γὰρ
1627 2069 1676 2095 οὐκ
1697 2069 1790 2105 ἐποίη-

1005 2123 1061 2145 σεν,
1074 2114 1134 2140 οὐδὲ
1149 2114 1247 2149 εύρέοη
1259 2114 1333 2145 δόλος
1349 2115 1378 2140 ὲν
1393 2123 1431 2148 τῳ
1447 2115 1560 2150 στόματι
1580 2115 1673 2143 αὑτοῦ.
1694 2124 1703 2140 ι
1720 2114 1789 2141 ὥστε

171 2167 257 2193 retur,
283 2162 401 2188 animam
426 2161 560 2191 adhibuit,
579 2168 659 2194 quam
680 2169 739 2188 sese
751 2161 819 2187 dixit
831 2168 880 2194 pro
895 2161 952 2186 suis

1008 2159 1137 2194 κατάρξαι
1158 2160 1208 2194 τῆς
1224 2159 1356 2190 ἀπαθείας
1372 2161 1428 2191 τοῖς
1447 2160 1557 2194 ὁμοίοις.
1581 2170 1590 2185 ‹
1613 2160 1757 2195 Ὠμοίωται
1777 2170 1786 2186 ι

171 2208 269 2234 ovibus
293 2207 439 2242 deponere.
466 2207 558 2242 Neque
583 2215 724 2234 sermones
748 2212 812 2235 sunt
836 2208 953 2234 hominis

171 2254 285 2289 proprii,
307 2262 394 2287 neque
409 2254 541 2280 actiones.
557 2252 628 2279 Caro
649 2261 723 2284 vero,
745 2256 827 2287 prout
850 2252 953 2278 homini

171 2299 309 2330 convenit,
341 2298 566 2333 perpessionibus
596 2298 718 2332 subjecta
745 2298 870 2332 superior
898 2298 953 2325 ilis

171 2343 262 2371 evadit
282 2347 392 2378 propter
413 2343 484 2368 illam
508 2351 569 2369 cum
588 2341 641 2369 Deo
666 2343 825 2369 unitionem.
848 2352 856 2367 (
884 2342 952 2370 Nam

171 2393 310 2424 peccatum
332 2397 384 2415 non
405 2388 478 2419 fecit,
501 2396 589 2422 neque
606 2389 631 2414 in
650 2396 696 2415 ore
716 2389 802 2424 ipsius
826 2390 952 2416 inventus

145 2449 147 2452 ‹
170 2440 212 2462 est
228 2435 306 2462 dolus
321 2435 354 2465 “,
372 2444 380 2459 ι
397 2438 424 2460 ιιι
436 2434 470 2460 sit
488 2434 528 2460 sui
542 2434 675 2461 similibus
690 2438 786 2460 auctor
801 2442 833 2461 ac
851 2435 952 2469 princi-

170 2483 244 2516 pium
259 2481 425 2509 indolcntia‘..
444 2489 452 2504 ι
468 2479 514 2506 Est
533 2489 541 2504 ι
561 2480 633 2507 enim
655 2480 724 2507 Deus
740 2479 857 2507 Verbum
875 2491 884 2506 ι
902 2489 951 2516 per

169 2527 260 2554 omnia
275 2526 404 2553 fratribus
415 2525 472 2552 suis
485 2525 582 2552 similis
594 2526 682 2553 factus
694 2527 725 2557 ",
745 2535 754 2551 ι
772 2533 832 2553 cum
846 2531 951 2554 natura:

205 2603 226 2618 ¹¹
247 2604 298 2630 lsa.
318 2612 380 2635 Lm.
399 2604 433 2637 9;
452 2603 460 2630 l
478 2603 548 2630 Petr.
569 2611 604 2634 ιι,
621 2603 666 2629 ‘22.
707 2603 727 2618 ”
748 2603 829 2630 Hebr.
851 2611 887 2635 ιι,
908 2604 950 2630 Π,

205 2682 244 2713 (9i
263 2683 307 2709 Sic
321 2691 385 2710 mss.
402 2683 430 2709 In
445 2683 527 2710 iditis
540 2690 613 2711 vero.
630 2681 676 2708 καί
692 2681 779 2709 deest.

206 2717 261 2752 (10)
276 2717 350 2746 Mss.
368 2720 422 2744 τοῖς
434 2719 533 2752 ὁμοίως
550 2719 609 2753 μὲν,
627 2718 675 2752 οὐχ
692 2717 823 2752 ὁμοζὼοις
837 2717 864 2742 δὲ
882 2715 953 2751 σώμ.

170 2750 229 2788 llos
246 2753 389 2784 l’alat..r'u;
402 2750 466 2783 Θεὸς
483 2750 560 2788 σάρξ.

203 2787 262 2822 (il)
279 2789 374 2820 l’alat.,
394 2789 417 2814 οἱ
435 2785 572 2823 ἅνθρωποι
588 2787 616 2814 τὸ
629 2785 813 2822 παρεζεῦχθαι
829 2786 955 2820 λέγοντες

1007 2206 1060 2241 γὰρ
1073 2215 1081 2230 ι
1097 2205 1167 2231 κατὰ
1183 2206 1269 2232 πάντα
1283 2207 1337 2236 τοῖς
1352 2205 1475 2240 ἀδελφοῖς
1490 2208 1503 2232 ὀ
1517 2206 1581 2236 Θεὸς
1593 2206 1687 2240 Λόγος,
1703 2217 1711 2231 ι
1725 2208 1789 2233 ἑνω-

1007 2252 1063 2283 θεὶς
1084 2251 1282 2286 ἁνθρωπότητι,
1299 2252 1346 2278 καὶ
1363 2254 1554 2287 προσκυνεῖται
1570 2252 1635 2283 Θεὸς
1657 2252 1790 2287 ἐνανθρω-

1007 2299 1094 2334 πήσας
1105 2306 1111 2313 ·
1133 2299 1179 2324 καὶ
1196 2298 1342 2332 συνάφειαι)
1355 2299 1419 2333 ἡμῖν
1435 2298 1504 2332 πρὸς
1520 2298 1600 2324 αὑτὸν
1620 2297 1722 2329 δίδωσι,
1741 2307 1788 2333 με-

1005 2344 1109 2378 τασχὼν
1123 2343 1236 2378 αἵματος
1253 2344 1299 2369 καὶ
1314 2343 1424 2379 σαρκὸς,
1442 2344 1489 2370 καὶ
1508 2345 1700 2379 προσκυνεῖται
1714 2345 1729 2369 ό
1743 2345 1790 2370 αὐ-

1003 2390 1058 2422 τὸς,
1067 2389 1162 2416 ἑνώσει
1175 2391 1207 2425 τῇ
1224 2390 1372 2425 πῴςὴμᾶς
1385 2389 1422 2421 ὡς
1434 2389 1584 2425 ἄνθρωπος,
1602 2388 1681 2423 φύσει
1704 2389 1732 2414 δὲ
1745 2390 1789 2416 καὶ

1004 2436 1082 2471 οὐσίᾳ
1094 2435 1131 2461 ὢν
1138 2435 1214 2467 Θεός.
1223 2436 1254 2462 Τί
1262 2436 1290 2461 δὲ
1303 2437 1350 2462 καὶ
1364 2435 1452 2469 λέγειν
1468 2435 1619 2470 ἐτόλμησας
1635 2435 1716 2470 μέρος
1724 2435 1787 2462 Θεοῦ

1004 2482 1052 2516 τὴν
1065 2481 1153 2516 σάρκα
1164 2482 1213 2516 τὴν
1221 2482 1252 2507 ὲκ
1261 2481 1416 2516 σπέρματος
1423 2481 1513 2512 Δαϐὶδ,
1522 2481 1572 2516 τὴν
1586 2483 1618 2508 ὲκ
1629 2481 1736 2516 Μαρίας
1743 2481 1789 2515 τῆς

1005 2527 1143 2563 Παρθένου
1155 2548 1161 2559 ,
1173 2527 1222 2562 τὴν
1236 2527 1265 2553 οὐ
1279 2527 1413 2562 φαντασίᾳ
1431 2527 1530 2563 σάρκα,
1540 2527 1595 2554 ἀλλ’
1610 2526 1734 2562 ἀληθείᾳ,
1745 2527 1788 2554 καὶ

1010 2679 1085 2706 Θεᾶν.

1044 2715 1098 2747 (ιιι
1117 2714 1170 2740 Καί
1187 2714 1263 2741 abest
1277 2721 1292 2740 ιι
1313 2721 1379 2741 mss.

1044 2751 1099 2784 (t3)
1110 2749 1186 2779 .\lss.,
1196 2748 1258 2785 offira
1272 2750 1288 2784 ἡ
1305 2750 1401 2784 πρᾶξις
1415 2750 1470 2779 τιῖς
1489 2749 1610 2775 πάθεσιν.
1630 2748 1714 2776 Ριιιιῖο
1727 2751 1785 2785 post

1009 2793 1088 2813 mss.
1105 2785 1190 2819 ἰσχύει
1207 2784 1234 2810 δὲ
1247 2785 1327 2811 κατά.
