1926 3068
219 101 294 131 ηδτ
796 99 825 127 s.
845 97 1076 126 ATIIANASIUS.
1098 114 1132 118 _
1153 97 1288 126 svum.
1766 97 1836 126 ηαδ
1880 92 1884 111 ⁴

218 161 385 196 dialogorum
407 159 470 186 locis
494 159 605 185 multant
641 158 734 184 habent
767 158 902 192 affinitatis
930 157 1045 184 calidum
1066 166 1093 184 se
1118 165 1163 191 pro
1187 157 1347 184 Tlieidorcto
1364 159 1547 191 argumentum
1568 154 1657 182 sisere
1680 156 1838 183 arbitratur.

223 208 328 238 Verum.
341 213 368 234 ut
381 207 543 240 exploratum
557 211 605 237 est.
623 205 809 232 Theodoretum
821 211 872 231 tres
888 205 1074 239 conscripsisse
1089 205 1170 231 libros
1182 205 1306 231 adversus
1322 203 1537 233 Macedonimms.
1549 204 1586 230 ita
1606 204 1710 229 minime
1725 208 1839 234 conxtat,

218 254 273 280 [nec
294 255 344 280 tria
364 252 488 286 opuscula
506 259 549 278 eos
572 251 642 285 ipsos
663 259 719 278 esse
740 251 832 277 libros.
850 250 942 276 Primo
960 250 1028 276 enim
1048 258 1065 276 a
1078 250 1156 276 veteri
1178 250 1279 276 nemine
1297 250 1458 276 Theodoreto
1484 249 1660 279 ascribuntur,
1677 257 1708 274 ac
1724 250 1750 274 in
1766 250 1840 276 nullo

218 299 286 332 quod
300 298 413 324 sciamus
429 296 516 322 codice
530 295 683 322 Theodoreti
696 296 800 321 nomine
815 302 975 329 comparent.
992 295 1019 320 5°
1037 293 1069 320 In
1087 294 1160 321 nullo
1181 295 1270 320 itidem
1290 295 1379 320 codice
1397 293 1449 320 duo
1469 294 1567 328 dialogi
1587 294 1765 328 subsequentes
1781 303 1841 320 cum

217 343 372 374 pra-cedenti
390 342 550 377 junguntur,
573 349 617 367 nec
634 345 738 367 constat
754 340 870 375 ejusdem
886 349 941 367 esse
963 341 1110 374 scriptoris,
1128 341 1186 367 licet
1211 340 1237 366 id
1257 341 1363 367 minime
1378 345 1509 374 repugnet.
1526 339 1595 366 Nam
1614 340 1682 374 quod
1698 342 1789 367 attinet
1806 340 1841 366 ad

218 389 293 414 illam
308 388 425 414 locorum
446 388 598 422 afﬁnitatem
623 395 639 413 a
661 385 788 413 Camerio
809 386 973 414 observatum
995 387 1064 420 (qua:
1084 391 1170 412 tamen
1189 386 1246 412 loca
1267 385 1401 412 brevitatis
1421 393 1503 411 causa
1523 385 1616 419 a/ferre
1634 386 1840 418 supersedemus)

219 435 285 462 inter
301 435 378 461 hosce
390 434 510 468 dialogos
527 438 617 460 mutuo
630 434 754 464 collatos,
770 435 831 460 item
847 434 950 461 eosdem
965 435 1043 464 inter.
1055 438 1080 460 et
1094 434 1150 460 alia
1168 433 1321 460 Theodoreti
1335 441 1423 466 opera,
1439 442 1489 459 non
1500 437 1539 459 est
1555 433 1604 459 illa
1621 433 1688 458 tanti
1704 433 1840 464 momenti,

216 487 245 509 ut
263 488 347 509 tutum
363 490 396 510 ea:
413 484 460 510 illa
476 484 607 518 judicium
627 483 677 509 hac
699 484 726 509 in
739 489 814 517 parte
830 484 894 517 ferri
909 484 1002 517 possit.
1018 482 1089 509 Nam
1106 483 1129 509 si
1145 483 1204 518 quis
1226 483 1389 510 diversorum
1411 481 1523 508 Patrum
1548 490 1636 516 opera,
1653 481 1684 508 de
1706 490 1733 508 re
1750 483 1841 507 eadem

216 535 241 555 et
265 529 390 557 adversus
409 529 513 557 eosdem
533 530 669 556 haereticos
689 531 847 563 conscripta,
872 535 963 556 mutuo
988 529 1118 563 conferat.
1135 529 1158 555 is
1173 529 1258 555 multa
1278 528 1348 554 haud
1368 527 1446 554 dubie
1469 528 1567 562 aﬂinia.
1598 527 1682 553 multa
1702 527 1841 553 simillima

217 581 371 610 argumenta
399 576 580 610 deprehendet.
605 576 672 603 Sunt
695 577 764 603 enim
790 577 910 611 quendam
939 585 985 603 ceu
1006 576 1157 603 communia
1182 576 1257 606 loca.
1282 576 1375 610 cuique
1397 575 1491 606 obvia,
1514 582 1573 609 qua:
1600 582 1615 600 a
1644 574 1734 600 multis
1763 581 1842 600 usur-

217 629 323 657 paiuur,
348 629 425 659 atque
442 625 540 658 passim
559 629 650 650 nostro
672 632 725 650 izvo
742 624 866 655 ridemus,
879 625 923 659 qui
939 624 1043 650 easdem
1062 628 1224 658 pertractant
1239 623 1406 656 quazstiones,
1421 624 1512 648 eadem
1533 628 1660 654 usurpare
1675 625 1840 655 argumenta,

217 669 276 696 licet
301 670 334 694 ab
360 668 420 695 aliis
444 668 550 694 minime
576 673 708 694 mutuata.
737 667 810 696 Unde
838 668 908 695 haud
942 670 1008 696 satis
1047 669 1125 702 ﬁrma
1157 668 1213 694 hau:
1247 667 1316 694 ratio
1343 671 1398 698 est,
1417 674 1477 692 cum
1504 666 1648 699 priestrtim
1677 674 1707 692 ne
1731 663 1843 693 minima

217 713 320 748 quidem
341 717 454 738 ceterum
476 713 607 739 innitatur
622 712 791 739 auctoritate.
809 712 858 739 liis
884 712 1006 739 addimus
1031 712 1172 740 secundant
1191 711 1335 746 dialogum,
1351 711 1492 745 [ragmenti
1508 711 1630 737 alicunde
1648 711 1742 738 divulsi
1755 712 1843 745 potius

217 759 326 793 speciem
345 759 484 793 pra’ferre,
500 767 579 793 quant
600 757 716 785 absoluti
735 757 873 793 cujusdam
892 759 987 792 operis.
1003 758 1092 790 Quare
1110 758 1191 786 donec
1210 754 1306 785 certius
1322 757 1457 792 quidpiam
1477 757 1621 788 emerserit,
1642 757 1688 784 sub
1699 757 1789 791 judice
1809 758 1842 784 lis

218 805 339 841 pendeat.

252 851 295 878 Ill.
316 850 392 885 Quod
411 855 510 884 spectat
529 854 615 877 autem
634 850 772 885 epistolam
792 849 988 884 subsequentem
1012 849 1046 876 ad
1067 849 1247 882 Enetus/tium,
1272 858 1318 877 nec
1340 857 1392 876 non
1414 849 1555 884 adjunctus
1574 850 1642 877 alias
1662 851 1844 884 septemdecim

217 898 373 933 qua’stiones
389 897 480 931 aﬂ'ert.
496 895 631 924 Mercator
646 897 715 924 haud
732 897 862 923 modicum
878 897 1053 932 fragmentum
1074 897 1194 924 Eutherii
1209 897 1355 932 Tyanensis
1368 898 1482 929 nomine,
1499 897 1537 924 sic
1551 897 1648 924 habens
1663 905 1672 924 .'
1685 897 1707 925 Ο
1722 898 1845 926 inconsi-

217 944 311 971 derata
333 943 482 978 sapientia!
506 950 523 970 ο
551 943 653 970 lusoria
683 944 829 978 disciplina
856 943 994 970 signiﬁcans
1019 944 1102 970 simul
1128 947 1156 970 et
1180 943 1337 974 destructis,
1361 944 1434 970 sicut
1455 943 1573 970 infantes
1590 943 1683 971 ludere
1706 944 1733 970 in
1760 951 1845 971 arens

217 990 413 1024 conspicimus,
440 995 492 1016 etc.
525 989 598 1016 Unde
626 990 809 1016 incunctanter
836 998 881 1016 eas
908 991 1064 1024 quccstiones
1085 989 1211 1016 Eutherio
1237 991 1346 1016 ascribit
1365 989 1509 1017 Gamerius
1531 990 1681 1025 Tyanorum
1706 991 1844 1030 episcopo,

218 1036 388 1070 Nestorisque
407 1036 524 1063 asseclw.
543 1036 578 1062 Et
597 1045 660 1064 sane
681 1046 732 1063 non
756 1037 873 1063 invalido
890 1043 976 1064 motus
997 1043 1169 1073 argumento;
1191 1038 1249 1064 licet
1270 1039 1384 1072 fortasse
1403 1047 1454 1065 non
1472 1038 1635 1073 hujusmodi,
1652 1044 1679 1065 ut
1697 1047 1799 1065 onmem
1817 1039 1845 1064 in

218 1084 354 1110 adversum
371 1084 433 1110 leuet
447 1084 630 1118 suspicionem.
648 1084 756 1111 Photius
770 1093 879 1120 namque
893 1085 982 1112 codice
1001 1093 1073 1116 sm.
1091 1085 1138 1112 hoc
1150 1093 1217 1119 opus
1236 1085 1396 1112 Theodoreto
1411 1085 1506 1112 diserte
1521 1086 1638 1112 asc‘ribit.
1661 1085 1842 1119 Ἀνεγνώσθη,

218 1130 271 1160 nil,
292 1130 462 1165 Θεοδωρήτου
481 1131 630 1156 ἐπισκόπου
648 1131 739 1166 Κύρου
759 1130 833 1164 λόγοι
854 1130 906 1163 κζ’,
927 1131 993 1166 πρὸς
1012 1131 1157 1166 διαφόρους
1181 1130 1277 1162 θέσεις.
1299 1129 1348 1157 Ὧν
1365 1132 1378 1157 ὁ
1402 1131 1451 1166 μὲν
1466 1131 1572 1166 πρῶτος
1596 1131 1674 1164 λόγος
1694 1131 1761 1165 πρὸς
1780 1131 1845 1161 τοὺς

217 1175 355 1209 λέγοντας,
372 1180 421 1202 etc.
438 1176 480 1202 Ibi
495 1177 602 1210 septimo
619 1176 675 1203 loco
690 1177 762 1211 ponit
779 1177 928 1210 epistolam,
944 1186 1002 1212 qua!
1018 1178 1059 1204 hic
1090 1179 1174 1212 primo
1190 1179 1316 1212 ponitur;
1338 1186 1369 1204 ac
1386 1177 1479 1204 deinde
1498 1178 1589 1204 ordine
1601 1183 1736 1204 enumerat
1755 1185 1844 1203 omnes
1889 1208 1891 1217 Χ

216 1222 404 1255 propositiones
418 1230 476 1256 qum
488 1222 530 1248 hic
547 1222 728 1253 septemdecim
743 1232 850 1251 numero
864 1224 1003 1257 habentur,
1017 1233 1126 1260 quaeque
1141 1224 1265 1251 desinunt
1277 1224 1312 1251 ad
1329 1225 1479 1252 vicesimum
1491 1229 1615 1260 quartum
1631 1224 1736 1251 titulum
1757 1223 1843 1251 Thec-

216 1265 312 1294 doreti.
330 1267 426 1294 Postea
441 1269 608 1304 subsequitur
622 1273 691 1303 apud
709 1270 842 1303 Photium,
860 1271 874 1297 ὁ
896 1272 976 1298 aluos"

1097 1281 1167 1303 πτας,
1183 1272 1417 1307 ἀνακεφαλαίωσις
1431 1273 1484 1298 τῶν
1506 1272 1576 1299 κατὰ
1590 1272 1672 1308 μέρος
1695 1271 1857 1310 ρηθέντωνη

216 1313 232 1338 ὁ
251 1313 375 1345 simcui);
394 1314 472 1353 ἕκτος
494 1316 558 1350 περὶ
575 1316 623 1351 τῆς
649 1317 761 1352 ὕστερον
782 1317 948 1353 μηνυθείσης
975 1318 1136 1350 συνθέσεως,
1157 1319 1216 1354 ἦτοι
1238 1319 1457 1350 πνουπιιῦσεως’
1474 1319 1489 1345 6
1508 1319 1627 1350 εἰκοστὸς
1647 1317 1759 1353 ἕϐδομος
1779 1318 1844 1353 περὶ

217 1360 263 1386 τοῦ
289 1361 358 1387 κατὰ
385 1360 430 1388 ἐὸν
451 1363 539 1388 κοινὶν
565 1363 707 1398 ἄνθρωπον
731 1364 940 1400 ὑποδείγματος.
969 1365 1053 1400 Δῆλον
1072 1365 1101 1392 δὲ
1124 1367 1170 1393 καὶ
1189 1368 1221 1392 ἐκ
1242 1366 1325 1402 μόνης
1343 1366 1432 1393 αὐτῶν
1449 1366 1499 1401 τῆς
1517 1366 1681 1398 ὑπθθὲσεως,
1701 1367 1772 1392 ποῖοι
1789 1366 1845 1392 τῶν

219 1406 369 1441 εἰρημένων
387 1407 472 1442 λόγων
490 1408 520 1434 τὸ
539 1408 677 1444 ὀροὸδοξον
697 1411 860 1446 κρατύνοντι
880 1411 979 1446 φρόνηι

1105 1412 1176 1444 τίνες
1196 1412 1374 1439 ἐκκλίνουπιν.
1394 1412 1456 1439 ΙΙανε
1481 1412 1593 1439 Photius
1619 1412 1713 1447 quibus
1741 1413 1844 1446 reponit

218 1451 407 1488 Garnerius,p.
420 1454 471 1482 687
490 1465 497 1483 :
511 1455 616 1484 Fefellit
632 1456 759 1484 Photium
775 1466 842 1485 suus
858 1458 944 1485 cndex
964 1459 1052 1486 tribus
1064 1465 1198 1487 constans
1214 1461 1337 1494 partibus
1355 1470 1361 1487 :
1378 1469 1493 1495 quarum
1509 1461 1596 1496 prima
1613 1460 1846 1495 cornplectelmlur

219 1508 266 1528 sex
283 1503 388 1536 priores
404 1503 488 1531 libros
504 1512 511 1537 ;
534 1506 665 1537 secunda,
689 1513 772 1532 unum
788 1510 814 1532 cl.
831 1507 924 1541 viginti
945 1515 1107 1540 sermones;
1125 1512 1274 1542 postrema.
1291 1508 1445 1539 Ernnisten.
1465 1515 1512 1536 seu
1530 1508 1753 1543 Polymurphum.
1772 1506 1843 1534 Cum

217 1547 291 1574 enim
316 1548 402 1582 prima
424 1553 451 1576 et
468 1551 547 1577 tertia
573 1550 606 1577 ad
623 1551 824 1579 Theodoretum
845 1553 941 1586 procul
963 1553 1045 1581 dubio
1066 1556 1229 1589 pertineant,
1249 1556 1364 1584 Pbotius
1385 1557 1629 1591 medimnuquoque
1649 1555 1699 1590 ipsi
1719 1554 1817 1580 tribuit
1837 1564 1843 1581 :

219 1594 309 1641 {eipsa
330 1600 419 1623 tamen
445 1601 487 1624 est
510 1597 633 1626 Eutherii
651 1598 802 1635 Tyaneusis
821 1601 953 1637 episcopi,
967 1602 1038 1637 quod
1054 1603 1198 1630 manifesta
1214 1604 1310 1638 probat
1325 1605 1474 1632 auctoritas
1489 1604 1564 1632 Marii
1584 1603 1753 1634 MJ‘catotis,
1771 1603 1846 1641 iit_ji_l

219 1639 349 1668 Eutherio
364 1642 625 1673 demonstrabimus.

253 1688 334 1724 473
353 1689 396 1718 Ν.
416 1689 480 1718 ch
495 1691 650 1726 Carnerius,
668 1695 773 1729 quicum
799 1703 847 1722 nos
860 1695 1055 1728 existimamus,
1073 1703 1119 1724 sex
1134 1697 1235 1731 priores
1264 1697 1326 1724 illas
1350 1706 1366 1724 a
1396 1697 1493 1724 Photio
1511 1703 1669 1725 memoratas
1686 1699 1846 1726 Theodoreti

218 1737 386 1770 qumstiones,
399 1745 450 1764 non
464 1746 545 1765 unum
560 1747 623 1773 opus
636 1748 692 1766 cum
706 1741 817 1774 epistola
833 1740 867 1767 ad
883 1740 1053 1768 Eustathium
1070 1747 1095 1769 et
1108 1742 1322 1778 subsequentibus
1344 1744 1568 1778 propositionibus
1585 1746 1722 1780 conﬁcere.
1742 1746 1840 1774 Palam

218 1782 288 1825 cnim
312 1787 351 1809 est
365 1791 397 1809 e1:
413 1783 489 1810 modo
502 1785 586 1819 ipsius
603 1786 722 1820 epistola:
739 1786 882 1818 ordiendae,
895 1788 928 1813 ibi
942 1788 1045 1814 initium
1060 1789 1121 1815 duci
1138 1789 1217 1816 totius
1245 1791 1340 1824 operis.
1357 1793 1390 1817 At
1404 1790 1472 1825 quod
1497 1791 1534 1817 ait
1552 1791 1591 1818 vir
1608 1791 1700 1819 doctus
1727 1792 1846 1820 codicem

219 1824 301 1858 fuisse
319 1825 411 1853 Photio
429 1828 527 1855 erroris
543 1836 665 1861 causam,
678 1828 704 1855 id
722 1838 785 1856 sane
797 1839 848 1858 non
863 1837 1001 1866 conspecto
1020 1833 1109 1859 codice
1126 1834 1254 1868 offirmari
1270 1836 1367 1870 nequit.
1388 1835 1450 1862 Non
1465 1841 1555 1870 peccat
1568 1837 1636 1863 enim
1653 1837 1746 1870 eodem,
1774 1839 1845 1874 quod

220 1878 307 1896 rerum
318 1871 516 1906 disparatarum
532 1874 621 1901 titulos
637 1883 805 1903 numerorum
816 1879 907 1904 ordine
920 1878 1072 1913 conjungat,
1089 1887 1148 1905 cum
1168 1880 1190 1906 is
1205 1889 1259 1907 mos
1274 1882 1308 1907 sit
1325 1881 1477 1909 ercorum
1502 1882 1684 1915 librariorum.
1700 1889 1729 1910 ut
1753 1871 1844 1913 omnes

220 1918 336 1944 auctoris
347 1918 472 1954 cujusque
485 1924 615 1947 tractatus
627 1924 792 1956 quantumuis
805 1923 921 1952 diversos
939 1926 1105 1960 consequenti
1120 1934 1289 1954 numerorum
1303 1928 1370 1955 serie
1385 1932 1485 1961 notent,
1499 1933 1528 1955 ut
1539 1937 1620 1964 supra
1637 1931 1668 1956 de
1680 1930 1844 1958 Athanasiu-

220 1967 261 1992 nis
282 1965 414 1993 codicibus
431 1967 563 2002 loquentes
574 1969 817 2000 animadvertimus.
843 1972 891 1999 Vix
904 1973 992 2008 itaquc
1002 1973 1139 2002 credamus
1158 1975 1292 2005 Photium.
1313 1976 1340 2002 in
1365 1977 1497 2003 codicibus
1523 1978 1728 2012 pertractandis,
1745 1979 1768 2006 si
1783 1980 1842 2014 quis

219 2020 335 2047 unquant
355 2012 435 2044 alius,
455 2015 674 2046 versutissimum.
689 2016 730 2043 hic
746 2025 834 2044 errore
856 2018 976 2052 lapsum:
992 2019 1036 2046 sed
1055 2021 1112 2054 ejus
1133 2028 1222 2048 rei-era
1244 2021 1369 2053 codicem.
1397 2022 1557 2050 Theodoreto
1584 2024 1639 2051 hwc
1661 2025 1839 2059 iuscripsisse,

220 2057 324 2089 addita,
336 2058 375 2084 uti
388 2059 454 2086 solet
469 2060 536 2094 ﬁeri,
550 2069 609 2087 voce
624 2061 670 2087 τοῦ
682 2061 763 2088 αὑτοῦ
782 2069 840 2096 post
854 2065 967 2098 priorem
986 2071 1130 2092 tractatum
1142 2075 1150 2095 :
1164 2066 1233 2101 quod
1247 2068 1327 2094 etiam
1337 2067 1423 2095 videre
1437 2074 1475 2095 est
1491 2069 1518 2095 in
1531 2069 1662 2097 codicibus
1677 2071 1722 2105 qui
1734 2057 1764 2097 ea
1777 2080 1844 2106 opu-

220 2103 294 2130 scula
311 2105 454 2132 Athanasio
466 2106 611 2134 ascribunt.
629 2107 693 2134 Haec
702 2116 782 2143 porro
795 2118 847 2136 non
861 2118 891 2137 eo
915 2110 1027 2138 dicimus
1043 2111 1113 2146 quod
1138 2118 1236 2139 certum
1260 2118 1380 2147 putemus
1401 2123 1458 2141 esse
1479 2115 1527 2142 has
1549 2103 1705 2151 quwstiones
1728 2103 1843 2144 Theodo—

220 2149 286 2179 reti;
301 2149 409 2175 necdum
424 2150 492 2176 enim
510 2151 548 2178 vel
567 2150 702 2185 Eutherio,
720 2155 758 2180 vel
782 2154 942 2182 Theodoreto
967 2156 1046 2190 probe
1077 2157 1272 2190 adjudicandas
1301 2159 1474 2192 arbitramur,
1502 2149 1583 2188 donec
1612 2162 1676 2196 quid
1697 2163 1842 2190 evidentius

220 2199 384 2226 cuntpareat.

256 2239 385 2266 Cmterum
417 2240 486 2275 quod
509 2242 584 2268 aiunt
605 2243 725 2269 nonnulli
752 2243 820 2270 hunc
844 2246 999 2286 scriptorem
1022 2255 1078 2274 esse
1103 2246 1303 2280 Nestorianum,
1326 2248 1355 2275 id
1376 2257 1427 2276 non
1441 2250 1506 2276 mihi
1521 2250 1599 2285 plane
1611 2258 1771 2286 perspectum
1785 2263 1842 2283 esse

221 2286 316 2320 fateor.
336 2286 412 2313 Nihil
435 2288 503 2314 enim
532 2289 597 2314 mihi
624 2288 780 2317 Nestoriani
804 2291 936 2326 dogmatis
960 2295 1001 2320 hic
1027 2301 1082 2320 esse
1109 2294 1221 2326 videtur,
1251 2303 1338 2321 verum
1361 2296 1419 2322 licet
1435 2297 1470 2323 sit
1485 2298 1615 2331 quasdam
1638 2298 1679 2325 hic
1694 2304 1840 2336 oppugnari

220 2332 410 2366 propositiones
424 2333 517 2381 qureﬂsi
535 2333 613 2367 probe
638 2336 803 2368 accipiantur
823 2337 960 2365 catholica:
982 2344 1053 2370 sunt,
1067 2344 1096 2365 ut
1112 2344 1150 2365 est
1179 2339 1246 2366 illud
1274 2349 1283 2367 :
1304 2340 1417 2368 Passum
1427 2346 1469 2369 est
1486 2342 1603 2371 Verbum
1622 2332 1838 2381 impassibiiiter,

220 2382 247 2404 et.
270 2385 379 2412 passum
412 2382 454 2405 est
477 2377 595 2406 Verbum
613 2387 707 2412 carne,
735 2390 793 2415 qua:
823 2388 889 2410 recte
913 2385 1057 2418 e.rplicanti
1082 2386 1231 2413 orthodoxa
1259 2387 1336 2419 plane
1360 2387 1525 2417 uidebuntur.
1546 2389 1639 2418 Verum
1661 2377 1705 2419 hic
1728 2377 1841 2429 scriptor

219 2425 257 2451 ita
269 2425 322 2452 ha'c
341 2426 461 2460 loquendi
472 2435 564 2462 genera
583 2427 712 2462 confluat,
733 2433 761 2454 ut
776 2437 826 2455 non
847 2430 969 2458 videatur
988 2431 1177 2459 Nestorinna-n
1193 2434 1350 2460 sententiam
1376 2434 1417 2460 his
1433 2435 1511 2463 dictis
1529 2436 1665 2465 adversam
1709 2425 1836 2470 t'idirare.
