1926 3068
248 165 314 194 1101

437 222 558 251 SANCTI
574 222 699 250 PATRIS
714 222 842 251 NOSTRI

544 268 730 295 ATH.\NASll

245 314 324 342 Liber
336 314 422 348 {arma
434 313 538 348 Dialogi
552 315 726 349 conscriptus,
739 315 766 341 in
783 323 833 346 quo
845 315 1029 349 colloquuntur

288 349 455 376 (lu/todoxus
466 355 491 375 ει
503 348 707 376 Macedoniam;
722 349 986 376 Pneumalomachus.

280 426 467 453 Huuclibrum
482 426 515 452 ad
533 425 705 459 prudentiam
735 430 810 453 tuam
832 426 968 457 misimus.
999 430 1030 453 ut

244 479 278 498 eo
292 473 422 506 perlecto,
447 471 582 506 judicium
607 471 679 498 ferre
707 473 796 505 possis
816 471 849 498 de
865 472 898 498 iis
914 479 974 506 qua:
995 473 1029 498 ab

243 517 379 544 haereticis
396 516 548 544 Macedonii
567 516 693 543 sectariis
709 515 782 542 dicta
795 520 870 546 sunt,
888 516 976 550 deque
993 516 1027 542 iis

244 571 304 597 quae
316 571 366 590 nos
382 563 436 590 illis
453 562 642 597 opposuimus.
663 561 726 588 "asc
740 563 822 598 igitur
843 562 870 589 in
898 561 1029 589 schedula

243 609 282 636 illi
299 612 502 644 proposuerunt
522 619 528 636 :

279 657 305 684 1,
320 656 348 683 Si
363 657 480 690 Spiritus
497 660 608 684 sanctus
619 661 661 684 est
671 657 753 689 Deus,
763 661 810 683 aut
823 656 904 683 Pater
916 659 969 687 est,
982 659 1028 682 aut

243 701 330 729 Filius
348 710 354 727 :
376 702 399 729 si
426 707 534 734 neuter,
551 703 645 737 utique
662 711 713 730 nec
739 703 821 731 Deus.
841 702 895 729 Nos
907 707 1003 729 contra
1019 710 1026 728 :

243 747 271 774 Id
293 747 340 774 tibi
356 749 484 776 assumis.
503 748 525 775 si
540 747 659 782 Spiritus
675 752 787 775 sanctus
812 747 884 775 Deus
897 751 951 779 est,
981 750 1028 773 aut

242 793 323 820 Pater
339 797 390 825 est.
400 798 447 820 aut
457 793 542 820 Filius
553 802 559 827 ;
570 794 682 828 perinde
695 802 726 821 ac
739 794 761 821 si
773 794 834 821 ideo
845 793 928 821 Pater
944 793 1025 824 Deus,

241 840 305 874 quia
322 839 402 866 Pater
417 847 423 864 :
438 840 478 865 vel
497 837 677 871 FiliusDeus,
702 840 766 874 quia
792 839 890 867 Filius.
920 839 1023 872 Quodsi

241 890 384 920 propterea
400 885 480 912 Pater
491 890 532 912 est
547 884 630 916 Deus,
647 887 712 920 quia
738 885 837 919 Pater;
863 885 950 913 Filius
975 886 1026 921 igi-

242 935 297 961 tur.
314 931 377 966 quia
393 930 471 957 Pater
486 939 540 957 non
555 935 608 961 est.
622 939 672 957 nec
691 930 763 958 Deus
780 932 843 958 erit.
862 931 894 957 Et
913 932 934 958 si
959 939 1025 966 pro-

241 982 333 1011 pterea
351 976 436 1004 Filius
457 981 498 1004 est
514 976 596 1008 Deus,
615 977 679 1011 quia
706 977 792 1005 Filius
816 987 822 1005 :
840 977 929 1005 Pater.
945 978 1028 1013 igitur

241 1024 304 1058 quia
321 1022 404 1050 Filius
418 1030 471 1049 non
483 1027 535 1054 est,
547 1030 599 1049 nec
610 1022 682 1050 Deus
696 1024 759 1050 erit.
790 1023 963 1058 Quapropter
994 1023 1027 1049 li-

240 1073 283 1096 cet
295 1067 366 1096 Deus
381 1069 416 1095 sit
430 1069 561 1102 Spiritus,
577 1077 630 1096 non
645 1070 771 1104 protinus
784 1070 837 1096 crit
862 1069 906 1096 vel
935 1069 1024 1101 Pater,

239 1116 282 1142 vel
298 1114 393 1142 Filius.
403 1114 510 1142 Etenim
521 1116 694 1147 vocabulum,
707 1125 716 1140 1
730 1115 811 1147 Deus,
830 1124 840 1140 ι
850 1118 975 1142 naturam
986 1115 1024 1142 si-

238 1161 348 1195 gniﬁcat
360 1161 450 1187 omnia
466 1162 691 1195 contemplantem
699 1166 744 1188 aut
753 1160 1024 1196 pervadentemJllud

239 1211 340 1238 autem,
358 1217 366 1232 1
380 1207 469 1239 Pater,
484 1217 493 1232 ι
506 1208 647 1234 relativum
663 1211 714 1239 est,
727 1211 757 1233 ut
769 1205 869 1233 etillud
881 1215 890 1231 ε
903 1205 998 1233 Filius.
1012 1215 1021 1232 ›

238 1252 273 1279 At
289 1261 339 1280 nec
353 1253 494 1279 relativum
520 1260 618 1280 nomen
634 1257 758 1279 naturam
771 1251 962 1286 pervadentem
977 1255 1023 1278 aut

238 1301 467 1334 contemplantem
484 1298 586 1334 aliquid
609 1298 734 1332 designat
750 1307 756 1325 :
770 1305 820 1325 nec
835 1298 1024 1332 contemplan-

237 1345 273 1372 tis
286 1349 310 1372 et
330 1354 345 1379 ν
356 1345 504 1372 -ικνιλύειιιίε
519 1344 622 1378 aliquid
639 1348 744 1371 natura:
760 1351 870 1375 nomen,
884 1343 975 1371 Patris
988 1343 1022 1370 ad

237 1389 335 1417 Fllltllil
358 1391 516 1416 l't‘lalluil"m
535 1389 648 1416 inducit.
668 1389 737 1416 Tum
763 1389 914 1416 Ortlioduxi
928 1397 1023 1424 perso-

237 1437 300 1462 nai'n
319 1444 461 1462 assum-em
478 1435 698 1466 Ellarmlonianus,
722 1443 782 1462 sese
809 1435 993 1470 interrogabat
1012 1443 1018 1462 :

236 1481 296 1508 Non
306 1481 462 1508 adorandus
476 1489 539 1516 ergo
552 1480 683 1516 (Spiritus
698 1480 842 1516 sanctus)?
855 1481 887 1507 Et
905 1489 1019 1516 respon-

804 166 833 194 S.
854 165 1085 194 ATHA‘NASIUS.
1105 179 1139 185 —
1161 163 1298 193 SPURlA.

1789 166 1852 194 1293

1043 226 1067 253 Α
1210 222 1288 248 -ΤΟΥ
1303 222 1348 248 ΕΝ
1362 222 1472 249 ΑΓΙΟΙΣ
1489 222 1624 249 ΠΛἸῬΟΣ
1635 223 1731 250 ΗΜΩΝ

1378 268 1573 295 ΑΘΑΝΑΣΙυΥ

1079 314 1175 352 Λόγος
1201 313 1236 340 ἐν
1258 313 1329 340 εῖδει
1344 313 1506 352 ῥιαλέξεως
1527 313 1611 352 ,μετὰ
1639 313 1851 341 Μακεδονιαγοῦ

1340 350 1398 375 [Ire
1403 357 1459 382 υμα
1463 347 1533 382 τομά
1534 357 1570 382 χο
1576 357 1601 375 υ.

1122 427 1334 462 ’Λπεστείλαμεν
1350 429 1383 463 τῇ
1397 429 1430 463 σῇ
1450 430 1554 454 συνέσει
1572 428 1602 454 τὸ
1618 427 1704 463 παρὸν
1720 428 1852 463 σύνταγμα

1080 470 1150 506 ὑπὲρ
1164 470 1211 497 τοῦ
1228 471 1377 505 ἀναγνόντα
1394 479 1422 497 σε
1435 472 1580 506 δοκιμάσαι
1596 473 1642 498 καὶ
1659 473 1694 499 τὰ
1717 473 1789 507 παρὰ
1803 472 1852 498 τῶν

1079 517 1234 553 αἱρετικῶν,
1247 517 1300 543 τῶν
1314 517 1348 544 τὰ
1357 518 1521 544 Μακεδονίου
1536 518 1705 553 φρονούντων
1719 518 1851 554 εἰρημένα,

1079 564 1124 590 καὶ
1143 563 1176 590 τὰ
1193 564 1257 599 παρ’
1277 563 1355 599 ἡμῶν
1385 564 1568 592 ἁντιτεθέντα.
1600 565 1640 591 Τὰ
1670 565 1719 600 μὲν
1743 563 1786 592 οὖν
1811 565 1851 592 ὑπ’

1078 610 1189 636 ἐκείνων
1206 610 1326 642 τεθέντα,
1338 611 1366 636 ὲν
1376 610 1414 646 τῷ
1433 611 1659 647 σχεδαρίῳταῦτὰ
1674 612 1753 638 εἰσιν·

1116 657 1141 682 1.
1157 657 1188 682 Et
1201 656 1258 682 ἐστι
1271 656 1336 688 Θεὸς
1345 657 1375 683 τὸ
1390 657 1501 692 Πνεῦμα
1513 657 1543 683 τὸ
1553 657 1638 692 ἅγιον,
1651 658 1708 684 ἐστι
1726 658 1815 693 Πατὴρ
1835 657 1850 693 ἢ

1078 702 1152 734 Υἱός·
1167 704 1190 729 εἰ
1198 703 1226 728 δὲ
1239 703 1287 738 μὴ,
1298 703 1327 729 οὐ
1339 703 1415 734 Θεός.
1424 703 1478 729 Kal.
1488 704 1567 738 ἡμεῖς
1581 703 1648 738 πρὸς
1659 703 1748 730 αὐτόν·
1762 704 1851 736 Ἐδέξω

1079 749 1168 784 σαυτῷ
1181 750 1210 776 τό
1221 758 1227 764 ·
1244 750 1275 775 Εἰ
1292 750 1348 775 ἐστι
1367 750 1432 781 Θεὸς
1452 750 1483 776 τὸ
1498 749 1620 784 Πνεῦμα,
1645 750 1704 776 ἐστι
1732 750 1820 785 Πατὴρ
1834 749 1849 785 ἢ

1077 794 1149 826 Υἱὸς,
1162 795 1200 826 ὡς
1211 794 1258 820 τοῦ
1285 795 1391 830 Ila-:96;
1416 794 1459 821 διὰ
1475 795 1554 821 τοῦτο
1572 795 1648 825 ὄντος
1672 795 1749 825 Θεοῦ,
1767 795 1849 830 ἐπειδὴ

1077 840 1170 874 Πατήρ
1187 841 1255 869 ἐστι.
1271 840 1318 866 καὶ
1330 841 1368 871 ὡς
1384 840 1430 866 τοῦ
1442 839 1507 866 Υἱοῦ
1519 839 1562 866 διὰ
1581 840 1662 867 τοῦτο
1687 841 1760 872 ὄντος
1779 840 1849 872 Θεοῦ,

1040 897 1063 926 Β
1077 886 1169 919 ἐπειδὴ
1185 887 1199 912 ὁ
1211 886 1274 916 Υἱός
1291 886 1374 912 ἐστιν.
1397 886 1428 912 Εἰ
1449 884 1494 913 οὖν
1513 886 1557 913 διὰ
1575 886 1656 913 τοῦτο
1677 886 1742 918 Θεός
1754 888 1822 913 ἐστιν
1837 887 1850 912 ὁ

1077 931 1180 966 Πατὴρ,
1194 931 1286 966 ἐπειδὴ
1307 931 1410 966 Πατὴρ.
1424 930 1454 958 οὐ
1467 932 1553 963 Θεὸςὸ
1561 932 1634 963 Υἱὸς,
1649 932 1741 967 ἐπειδὴ
1755 932 1783 958 οὐ
1800 933 1848 959 Πα-

1076 978 1138 1013 τήρ.
1157 977 1210 1004 Καὶ
1222 978 1245 1003 εἰ
1259 977 1302 1004 διὰ
1318 978 1395 1004 τοῦτό
1407 979 1465 1004 ἐστι
1477 978 1543 1010 Θεὸς
1557 979 1571 1004 ὁ
1588 978 1663 1010 Υἱὸς,
1678 978 1768 1014 ἐπειδὴ
1784 978 1849 1011 Υἱὸς,

1075 1023 1106 1050 οὐ
1119 1023 1184 1055 Θεὸς
1197 1025 1211 1050 ὁ
1228 1024 1332 1059 Πατὴρ,
1347 1024 1440 1059 ἐπειδὴ
1456 1024 1504 1059 οὐχ
1520 1024 1583 1056 Υἱός
1598 1033 1604 1039 ·
1632 1025 1683 1051 οὐκ
1702 1025 1764 1060 ἄρα,
1777 1024 1819 1051 ἐὰν

1075 1069 1140 1101 Θεὸς
1158 1069 1188 1096 τδ
1214 1069 1335 1105 Πνεῦμα,
1352 1070 1461 1102 πάντως
1491 1071 1550 1097 ἐστὶ
1569 1071 1675 1107 Πατὴρ,
1694 1071 1710 1106 ἢ
1727 1071 1797 1102 Υἱός.
1818 1070 1848 1096 Τὸ

1074 1117 1129 1152 γὰρ
1144 1126 1153 1142 1
1168 1116 1234 1148 Θεὸς
1247 1126 1255 1142 ι
1268 1117 1364 1152 ὄνομα,
1374 1117 1480 1151 φύσεώς
1491 1118 1549 1144 ἐστι
1564 1117 1763 1153 θεωρουμένης,
1771 1117 1849 1144 εἴτουν

1074 1162 1232 1197 διαθεούσης
1240 1162 1275 1189 τὰ
1283 1162 1370 1189 πάντα
1377 1163 1534 1199 δηλωτικόν·
1543 1163 1574 1190 τὸ
1581 1164 1609 1190 δὲ
1619 1174 1628 1189 1
1640 1164 1734 1199 Πατὴρ
1749 1173 1757 1188 ι
1769 1171 1848 1198 σχετι-

1074 1208 1131 1239 κὸν,
1146 1208 1192 1234 καὶ
1206 1207 1236 1233 τὸ
1252 1217 1262 1233 ‹
1276 1207 1339 1239 Υἱὸς
1358 1218 1366 1233 ι
1383 1209 1491 1243 ὁμοίως.
1509 1207 1576 1234 Οὔτε
1591 1208 1621 1234 δὲ
1631 1208 1661 1234 τὸ
1677 1209 1725 1243 τῆς
1741 1207 1848 1242 σχέσεως

1074 1255 1159 1289 δνομα
1168 1254 1217 1289 τὴν
1227 1253 1398 1286 διαθέουσαν,
1407 1254 1423 1290 ἦ
1431 1253 1479 1290 τὴν
1488 1253 1681 1290 θεωρουμένην
1689 1254 1796 1288 τιφύσιν
1807 1260 1848 1287 ση-

1075 1301 1179 1336 μαίνει·
1201 1300 1262 1327 οὔτε
1286 1301 1317 1327 τὸ
1333 1301 1382 1336 τῆς
1403 1309 1429 1327 τι
1453 1301 1642 1336 θεωρουμένης
1664 1301 1680 1336 ἢ
1705 1299 1848 1334 διαθεούσης

1073 1334 1182 1381 ᾡύσεως
1193 1346 1288 1382 δνομα,
1305 1334 1437 1382 τὴν-πρὸς
1453 1334 1516 1373 Υιδν
1532 1334 1625 1382 σχέσιν
1647 1334 1758 1380 εξοάγει.
1785 1334 1864 1381 Πρὸς⁸

1072 1394 1185 1425 τούτοις,
1225 1392 1479 1428 προσποιησάμενος
1508 1392 1666 1427 Ὀρθοδόξηυ
1703 1392 1846 1428 πρόσωπον.

1072 1439 1166 1466 ἑαυτὸν
1182 1439 1291 1475 ἠρώτα·
1307 1439 1344 1465 Οὐ
1358 1437 1543 1474 προσκυνητδί
1556 1436 1616 1470 οὖν;
1637 1438 1684 1464 καὶ
1699 1438 1787 1464 ἔπειτα
1801 1435 1846 1462 πά-

1071 1485 1111 1512 λιν
1125 1485 1205 1516 αὐτὸς
1221 1485 1323 1520 ἑαυτῷ·
1347 1483 1535 1510 ’Δπολείπεται
1563 1484 1613 1519 τῆς
1642 1485 1766 1518 τοιαύτης
1779 1482 1846 1516 ἀξίας

236 1527 304 1555 deus
317 1527 369 1555 sibi
386 1528 444 1562 ipse
457 1535 464 1553 :
481 1527 598 1562 Spiritus
607 1530 730 1558 sanctus,
741 1527 840 1561 inquit,
852 1526 931 1561 longe
943 1526 1020 1553 abest

1075 1531 1101 1557 τὸ
1114 1530 1226 1565 Πνεῦμα.
1237 1530 1267 1556 τὸ
1283 1530 1369 1564 ἅγιον.
1388 1528 1450 1560 Πῶς
1463 1529 1517 1565 γὰρ
1533 1529 1735 1565 προσκυνητὲον
1745 1529 1773 1555 τὸ
1786 1527 1844 1563 μήτε

237 1575 271 1602 ab
286 1575 337 1601 hac
363 1574 504 1609 dignitate.
535 1573 677 1606 Quomodo
701 1573 775 1601 enim
794 1573 838 1600 ille
853 1573 1018 1604 adorandus,

1075 1575 1176 1611 Πατὴρ,
1196 1576 1265 1610 μήτε
1281 1574 1362 1607 Υἱὸς;

235 1621 282 1656 qui
299 1629 349 1648 nec
363 1621 442 1648 Pater
459 1624 512 1651 est,
525 1628 574 1647 nec
586 1619 672 1647 Filius
687 1620 697 1646 *ἱ

271 1667 298 1695 2.
326 1667 381 1695 Nos
411 1665 574 1694 contra:Si
602 1667 662 1693 ideo
680 1666 779 1694 adoras
808 1665 927 1697 Patrem,
956 1665 1020 1700 quia

234 1714 316 1742 Pater
327 1719 368 1741 est
380 1734 386 1746 ,
401 1717 428 1741 et
442 1713 553 1744 Filium,
570 1713 633 1747 quia
648 1711 735 1740 Filius
751 1716 793 1740 est
807 1721 812 1738 :
827 1720 922 1739 omnes
939 1711 1021 1746 igitur

235 1765 338 1795 patres.
353 1768 449 1787 omnes
464 1759 533 1786 iilios
545 1759 654 1786 adoras.
670 1758 717 1786 Sin
734 1766 797 1786 vero
810 1766 864 1785 non
879 1758 940 1785 ideo
954 1758 1021 1784 ado-

236 1808 340 1834 randus
357 1806 448 1839 Pater,
466 1807 529 1841 quia
546 1805 646 1838 Pater;
665 1813 715 1833 nec
730 1804 900 1840 Filius.quia
915 1803 1019 1836 Filius;

235 1853 283 1880 sed
300 1856 410 1887 propter
433 1852 518 1886 ipsam
550 1855 686 1883 naturam,
716 1849 904 1884 investiganda
939 1849 1019 1875 nobis

237 1899 282 1924 illa
299 1903 397 1925 natura
410 1902 462 1925 est.
476 1898 513 1924 Ac
530 1897 552 1924 si
568 1900 738 1932 compertum
771 1895 864 1928 fuerit,
895 1895 1019 1930 ejusdem

236 1948 340 1971 natur-.2
350 1943 480 1978 Spiritum
491 1950 600 1978 quoque
610 1950 671 1969 esse
681 1932 817 1973 sanetum,
832 1941 916 1968 adora
927 1941 1017 1967 illiilli:

235 1989 280 2015 sin
295 1989 396 2019 minus,
415 1996 448 2016 ne
464 1989 587 2015 adorato.
607 1987 699 2022 Neque
714 1987 786 2014 enim
814 1987 956 2022 quaeritur,
985 1993 1019 2012 an

236 2036 355 2071 Spiritus
372 2039 483 2063 sanctus
503 2036 538 2062 sit
562 2035 603 2062 vel
630 2033 710 2061 Pater
738 2034 780 2060 vel
797 2032 903 2060 Filius:
922 2032 968 2060 sed
985 2041 1019 2059 an

235 2081 357 2115 ejusdem
374 2088 405 2108 ac
419 2080 497 2108 Pater
513 2084 540 2108 et
554 2079 641 2106 Filius
652 2080 689 2106 sit
704 2082 818 2106 naturae.
832 2077 881 2105 [lic
899 2078 944 2105 ille
968 2078 1020 2105 sibi

234 2135 342 2155 rursum
359 2127 453 2160 objicit
469 2125 618 2154 Ortliodoxi
634 2125 744 2152 nomine
757 2134 764 2152 :
779 2125 877 2151 Annon
887 2124 1018 2158 scriptum

233 2179 275 2200 est
291 2183 297 2200 :
313 2182 322 2198 1
340 2172 459 2207 Spiritus
487 2176 530 2199 est
546 2171 618 2199 Deus
638 2170 679 2197 “‘i
703 2180 712 2196 ι
729 2171 774 2197 Ille
796 2177 905 2197 rursum
923 2177 930 2195 :
947 2169 1019 2196 Deus

233 2225 275 2247 est
296 2219 416 2255 Spiritus
430 2227 436 2244 :
453 2223 480 2245 at
496 2226 550 2246 non
568 2218 688 2253 Spiritus
703 2217 749 2244 ille
763 2221 805 2244 est
821 2215 893 2243 Deus
912 2225 918 2242 :
937 2215 1015 2250 quid-

231 2265 297 2300 quid
313 2266 385 2293 enim
411 2263 482 2292 Deus
506 2268 558 2296 est,
581 2264 647 2291 illud
670 2267 712 2291 est
735 2262 876 2298 Spiritus:
898 2266 926 2288 at
961 2270 1015 2289 non

233 2311 366 2346 quidquid
381 2315 423 2339 est
443 2312 573 2346 Spiritus,
590 2310 656 2337 illud
678 2314 720 2337 est
735 2309 815 2336 Deus.
832 2308 882 2335 Cui
896 2315 945 2335 nos
965 2317 971 2334 :
987 2307 1017 2334 Si

232 2359 318 2385 scires
330 2359 430 2385 donqu
447 2357 504 2388 Dei,
522 2361 549 2385 et
570 2356 776 2391 Scripturarum
795 2354 954 2382 memoriam
968 2353 1016 2380 lia-

231 2404 321 2435 heres,
346 2404 373 2430 id
386 2403 478 2438 utique
505 2411 560 2430 non
574 2403 689 2429 diceres.
706 2401 765 2428 Non
781 2401 854 2428 enim
882 2399 1016 2434 quidquid

231 2456 273 2477 est
289 2449 371 2481 Deus,
388 2449 506 2485 Spiritus
521 2453 573 2476 est.
589 2448 657 2474 Nam
671 2451 698 2474 et
728 2447 836 2481 Moyses
850 2446 918 2473 deus
934 2453 1016 2472 voea-

230 2501 276 2523 tus
290 2500 333 2524 est
349 2504 355 2522 :
369 2505 379 2522 1
396 2495 466 2522 Ecce
481 2499 508 2521 te
521 2494 652 2521 constitui
676 2493 756 2520 deum
775 2492 925 2518 Pharaonis
941 2492 962 2507 "
977 2500 984 2523 ;
1004 2500 1013 2516 ι

230 2543 278 2570 sed
298 2542 380 2570 etiam
397 2541 514 2568 Aaronis
529 2539 622 2567 fratris
636 2539 678 2566 ευὶ
693 2546 722 2564 :1
738 2538 799 2565 Eris
816 2537 855 2564 illi
872 2538 900 2564 in
923 2536 1016 2568 deum,

229 2593 257 2616 et
271 2587 355 2616 frater
368 2593 431 2615 tuus
443 2587 495 2614 erit
508 2586 642 2621 propheta
658 2588 722 2612 tuus
743 2585 774 2611 ".
796 2594 804 2610 ι
826 2583 859 2610 Ει
878 2582 967 2610 Filius
989 2582 1016 2609 in

230 2635 383 2671 Evangeliis
409 2635 446 2661 ait
470 2633 504 2661 de
527 2633 656 2661 sanctis:
675 2641 683 2657 1
706 2630 735 2658 Si
753 2631 837 2666 igitur
861 2630 922 2656 illos
947 2629 1016 2655 dixit

230 2681 296 2709 deos
308 2681 340 2708 ad
354 2688 423 2716 quos
451 2687 542 2707 seruio
568 2678 616 2706 Dei
632 2677 721 2705 factus
737 2681 789 2707 est.
806 2681 833 2703 et
848 2684 902 2702 non
928 2677 1017 2710 potest

230 2727 298 2755 solvi
318 2726 459 2761 Scriptura
480 2726 520 2758 ";
539 2734 548 2750 ι
565 2729 603 2756 et,
622 2733 631 2749 1
648 2723 720 2751 Deus
742 2723 855 2750 deorum
884 2721 1016 2748 Dominus

230 2775 338 2802 locutus
356 2777 408 2804 est.
422 2776 449 2800 et
464 2771 571 2799 vocavit
593 2775 695 2798 terram
711 2769 743 2797 ⁵⁸.
763 2779 773 2795 ι
793 2767 827 2794 Ει
856 2767 920 2794 alibi
947 2767 1016 2794 scri-

265 2831 288 2848 "
305 2830 383 2858 Joan.
402 2838 440 2862 Iv,
457 2829 502 2857 24.
560 2830 580 2846 ⁸⁸
600 2829 685 2856 Exod.
705 2836 753 2860 vn,
775 2828 799 2854 1.

267 2878 335 2913 (16³)
349 2876 439 2908 Forte,
452 2876 547 2910 αὐτῆς.
565 2875 643 2902 Enn.

839 2828 861 2844 ³⁸
879 2827 946 2854 ibid.
987 2826 1007 2841 ”
1027 2824 1104 2851 Junn.
1126 2831 1151 2855 χ,
1170 2822 1213 2849 55.

1105 1666 1131 1692 2.
1153 1665 1248 1701 Ἡμεῖς
1264 1665 1291 1692 δὲ
1306 1665 1373 1698 πγὸς
1394 1664 1488 1692 αὐτόν·
1508 1664 1538 1691 Εἰ
1557 1663 1604 1699 μὲν
1621 1664 1666 1691 διὰ
1681 1663 1758 1690 τοῦτο
1770 1669 1844 1697 προσ-

1070 1714 1161 1742 κυνεῖς
1184 1712 1230 1738 τὸν
1257 1711 1384 1746 Πατέρα,
1411 1711 1504 1746 ἐπειδὴ
1535 1711 1634 1745 Πατήρ
1654 1711 1721 1740 ἐστι,
1741 1708 1786 1735 καὶ
1806 1706 1844 1732 τὸν

1071 1759 1145 1791 Υἱὸν,
1162 1758 1254 1793 ἐπειδὴ
1281 1757 1343 1789 Υἱός
1359 1759 1433 1784 ἐστι·
1448 1757 1609 1792 προσκυνεῖς
1627 1756 1671 1782 καὶ
1690 1755 1774 1782 πάντα
1798 1760 1843 1778 πι-

1069 1806 1147 1840 τέρα,
1164 1805 1210 1831 καὶ
1227 1804 1314 1830 πάντα
1334 1803 1390 1829 υἱόν
1404 1810 1410 1817 ·
1428 1803 1491 1829 εἰδὲ
1505 1802 1535 1828 οὐ
1547 1802 1591 1828 διὰ
1609 1801 1690 1828 τοῦτο
1705 1805 1845 1836 προσκυνη-

1070 1851 1247 1886 τὸςὸῐΙατὴρ,
1263 1849 1355 1885 ἐπειδὴ
1368 1849 1473 1884 Πατὴρ.
1486 1848 1547 1874 οὐδὲ
1562 1848 1605 1874 διὰ
1617 1848 1696 1874 τοῦτο
1703 1851 1844 1882 προσκυνη-

1070 1899 1114 1930 τὺς
1130 1900 1144 1924 ὁ
1164 1898 1237 1929 Υἱὸς,
1256 1896 1349 1932 ἐπειδὴ
1367 1896 1440 1928 Υἱὸς.
1459 1895 1526 1922 ἀλλὰ
1540 1894 1572 1921 δι’
1586 1895 1672 1930 αὐτὴν
1691 1894 1740 1928 τὴν
1751 1892 1841 1926 φύσιν·

1070 1944 1169 1979 ταύτην
1181 1943 1318 1979 ζητητέον.
1334 1943 1388 1969 Καὶ
1403 1943 1426 1968 εἰ
1445 1942 1492 1977 μὲν
1505 1940 1631 1976 εὑρεθείη
1646 1941 1691 1967 καὶ
1705 1940 1733 1966 τὺ
1745 1936 1843 1971 Πνεῦμα

1069 1990 1117 2024 τῆς
1125 1987 1207 2015 αὑτοῦ
1220 1988 1287 2023 (16⁸)
1301 1987 1418 2022 φύσεως,
1429 1984 1575 2022 προσκύνει
1583 1993 1590 1999 ·
1600 1984 1661 2010 εἰδὲ
1672 1983 1708 2019 μὴ
1720 1979 1841 2017 εὑρεθείη,

1069 2035 1162 2070 χωρίς.
1179 2033 1368 2069 Ζητεῖταιγὰρ
1379 2033 1449 2068 οὐχὶ,
1468 2033 1491 2059 εἱ
1505 2032 1601 2067 Πατήρ
1618 2033 1674 2058 ἐστι
1685 2031 1715 2057 τὸ
1732 2027 1841 2061 Πνεῦμα,

1069 2080 1122 2106 οὐδ’
1135 2081 1158 2106 εἰ
1175 2080 1238 2111 Υἱός
1250 2088 1257 2095 -
1274 2079 1330 2105 ἀλλ’
1349 2080 1373 2105 εἱ
1387 2079 1435 2113 τῆς
1448 2078 1531 2112 αὐτῆς
1560 2077 1668 2111 φύσεώς
1695 2078 1749 2103 ἐστι
1767 2072 1841 2107 lla-rp!

1069 2126 1116 2152 καὶ
1126 2124 1192 2160 Υιῴ.
1210 2125 1282 2160 Πρὸς
1305 2123 1384 2150 τοῦτο
1405 2122 1485 2149 πάλιν
1509 2122 1597 2157 ἐαυτῷ
1620 2121 1790 2155 ἁντιτίθησιν,
1809 2116 1841 2146 ὡς

1069 2170 1145 2206 παρὰ
1172 2170 1328 2206 Ὀρθοὸοξου
1363 2169 1516 2206 εἰρημένον·
1548 2168 1585 2194 Οὐ
1615 2167 1778 2202 γέγραπται.
1806 2163 1841 2188 ὅτι

1072 2225 1082 2241 1
1101 2215 1213 2250 Πνεῦμα
1241 2216 1254 2241 ὁ
1282 2215 1364 2246 Θεός;
1387 2224 1396 2240 ι
1423 2213 1490 2241 Εἶτά
1511 2222 1594 2248 φησιν
1622 2212 1720 2244 αὑτός·
1743 2206 1841 2242 Πνεῦμά

1070 2262 1142 2287 ἐστιν
1157 2263 1170 2288 ὁ
1184 2261 1259 2292 Θεὸς,
1273 2261 1318 2287 καὶ
1345 2260 1405 2295 οὐχὶ
1425 2260 1456 2286 τὸ
1487 2259 1599 2294 Πνεῦμα
1618 2259 1694 2290 Θεὸς.
1718 2257 1772 2284 Πᾶν
1795 2253 1841 2287 γὰρ

1070 2307 1097 2333 εἴ
1115 2315 1141 2333 τι
1164 2306 1240 2338 Θεὸς,
1268 2305 1347 2332 τοῦτο
1363 2306 1409 2331 καὶ
1425 2304 1536 2339 Πνεῦμα
1550 2313 1556 2319 ·
1572 2304 1622 2330 οὐκ
1639 2303 1664 2329 εἰ
1691 2311 1715 2328 τι
1731 2299 1839 2333 Πνεῦμα.

1070 2351 1148 2378 τοῦτο
1169 2351 1200 2386 δὴ
1215 2351 1261 2377 καὶ
1275 2350 1351 2381 Θεός.
1375 2350 1469 2384 Ἡμεῖς
1483 2349 1512 2375 δὲ
1526 2349 1593 2384 πρὸς
1615 2348 1711 2374 αὑτὸν·
1728 2346 1757 2372 Εἰ
1777 2344 1839 2378 ᾔδεις

1069 2397 1119 2432 τὴν
1132 2396 1235 2430 δωρεὰν
1245 2394 1291 2421 τοῦ
1305 2393 1384 2425 Θεοῦ,
1405 2394 1451 2420 καὶ
1465 2393 1513 2428 τὴν
1528 2392 1582 2419 τῶν
1598 2391 1713 2428 Γραψὼν
1730 2390 1840 2422 κατεῖχες

1073 2444 1191 2478 μνήμην,
1216 2441 1266 2467 οὐκ
1288 2441 1321 2467 ἂν
1336 2441 1468 2475 ἁπεφήνω
1489 2439 1576 2466 τοῦτο.
1593 2439 1630 2464 Οὐ
1655 2439 1707 2464 πᾶν
1721 2436 1771 2470 γὰρ
1786 2434 1808 2460 εἴ
1818 2440 1840 2457 τι

1070 2489 1144 2520 Θεὸς,
1159 2487 1238 2514 τοῦτο
1250 2487 1297 2514 καὶ
1309 2488 1338 2513 τὺ
1361 2486 1484 2522 Πνεῦμα.
1502 2486 1558 2511 Καὶ
1573 2484 1626 2519 γὰρ
1645 2485 1659 2509 ὁ
1675 2481 1772 2516 Μωσῆς
1788 2478 1840 2507 θεὸς

1070 2532 1186 2568 ἐκλήθη·
1205 2542 1213 2558 1
1236 2533 1301 2559 Ἰδοὺ
1325 2531 1381 2567 γὰρ
1403 2531 1498 2566 τίθημί
1516 2538 1545 2556 σε
1566 2529 1625 2556 θεὸν
1641 2528 1687 2554 τοῦ
1704 2524 1808 2561 Φαραώ·
1829 2531 1837 2547 ι

1071 2567 1137 2605 ἀλλᾶ
1153 2567 1199 2605 ἦα).
1224 2577 1329 2612 Ἀαρὼν
1358 2576 1404 2603 τοῦ
1429 2575 1511 2603 αὑτοῦ
1541 2573 1652 2609 ἀδελφοῦ
1668 2582 1674 2588 ·
1691 2582 1700 2597 1
1717 2572 1781 2606 Ἔσῃ
1793 2567 1839 2602 γὰρ

1070 2623 1154 2659 αὐτῷ,
1178 2624 1271 2658 φησιν,
1301 2624 1340 2654 εἰς
1363 2622 1431 2651 Θεὸν,
1459 2621 1507 2648 καὶ
1531 2619 1660 2656 Ἀαρὼνό
1678 2616 1784 2651 ἀδελφός
1799 2621 1838 2640 σου

1070 2671 1146 2697 ἔσται
1161 2679 1201 2696 σοι
1213 2670 1253 2700 εἰς
1269 2669 1422 2704 προφήτην,
1442 2677 1451 2693 ›
1468 2668 1521 2694 Καὶ
1534 2668 1548 2694 ὁ
1563 2666 1626 2698 Υιδς
1633 2667 1662 2692 ὲν
1670 2666 1723 2696 τοῖς
1732 2663 1839 2704 E04775-

1068 2716 1135 2747 λίοις
1154 2715 1228 2749 λέγει
1250 2703 1314 2748 περὶ
1330 2713 1385 2740 τῶν
1400 2713 1484 2747 ἁγίων
1499 2721 1506 2728 ”
1524 2723 1533 2738 1
1551 2713 1580 2739 Et
1595 2710 1640 2740 οὖν
1657 2710 1770 2739 ἐκείνους
1785 2703 1840 2749 εἷπε

1070 2762 1157 2793 Θεοὺς,
1187 2748 1254 2796 τερος
1280 2760 1326 2792 οὓς
1342 2760 1357 2786 ὁ
1382 2759 1461 2793 λόγος
1474 2758 1521 2785 τοῦ
1537 2758 1603 2786 Θεοῦ
1618 2757 1739 2792 ἐγένετο,
1754 2752 1798 2779 καὶ
1808 2748 1837 2776 οὗ

1033 2237 1055 2264 1)

1255 2820 1276 2836 ¹⁵
1294 2819 1366 2847 Psal.
1386 2827 1460 2851 xux,
1477 2819 1503 2845 1.
