1926 3068
114 2657 123 2683 t'

114 2772 120 2790 l

129 112 147 142 1
152 113 206 142 295

661 112 800 140 CONTRA
820 112 994 141 MACEDON.
1015 111 1189 140 DIALOGUS
1205 113 1226 140 Ι.

1686 113 1755 143 1298

129 171 247 199 δύναται
264 172 280 203 ἡ
293 171 387 208 Γραφὴ
409 171 522 208 λυθῆναι
535 180 542 188 ’
556 182 565 198 ι
584 172 642 204 καὶ,
661 181 669 197 1
692 171 757 204 Θεὸς
775 171 844 198 θεῶν
866 172 916 198 Κύ-

971 175 1046 206 ptum
1060 175 1102 200 est
1120 180 1126 197 :
1145 181 1154 197 1
1170 171 1318 200 Videbitur
1336 171 1408 200 Deus
1424 171 1537 200 deorum
1553 172 1580 199 in
1596 171 1662 200 Sion
1679 174 1721 206 I';
1742 183 1751 200 ι

131 227 194 255 ριος
208 218 331 254 ὲλάλησε,
347 219 392 245 καὶ
405 219 515 246 ἐκάλεσε
529 218 577 254 τὴν
596 219 647 253 γῆν
658 226 665 234 ο
683 227 692 243 ι
709 218 756 244 καὶ
767 219 794 244 ὲν
807 218 918 253 ἑτέροις·

134 273 146 290 ι
165 264 328 300 Ὀφθήσεται
345 265 359 290 ὁ
370 265 435 296 Θεὸς
447 264 501 291 τῶν
514 264 582 290 θεῶν
597 264 677 299 (16””)
690 264 718 290 ὲν
729 263 796 290 Σιών
806 271 813 278 ·
834 274 843 289 ι
864 265 920 294 καὶ,

134 320 145 336 1
167 311 197 337 '0
210 311 274 342 Θεὸς
288 309 350 345 ἔστη
374 311 402 336 ἐν
419 311 564 344 συναγωγῇ
583 309 664 340 θεῶν,
683 309 729 336 καὶ
745 309 773 335 ὲν
797 309 871 344 μέσῳ
893 309 922 335 δὲ

131 356 213 387 θεοὺς
225 356 376 391 διακρινεῖ·
396 365 405 380 ι
425 355 484 386 καὶ,
501 365 509 378 1
527 355 610 386 Θεοὺς
632 355 663 381 οὺ
691 354 894 390 κακολογήσεις,
910 364 919 380 δ

130 402 298 438 γέγραπται.
317 401 395 428 Κατὰ
416 400 481 435 γοῦν
495 401 545 436 τὴν
556 401 604 436 σὴν
620 401 724 435 σοφίαν,
736 401 760 427 εἰ
775 401 828 427 πᾶν
847 400 874 426 εἴ
895 409 921 427 τι

131 447 211 479 Θεὸς,
230 446 308 473 τοῦτο
320 447 366 473 καὶ
381 446 503 481 Πνεῦμα,
520 446 618 478 πάντες
629 447 653 472 οἱ
666 446 858 482 προειρημένοι
877 446 923 472 ἅν-

132 491 238 527 θρωποι
253 492 299 518 καὶ
314 491 380 522 Θεοὶ,
393 491 538 526 Πνεῦματά
550 492 628 517 εἰσιν.
639 492 669 517 El
688 491 716 517 δὲ
730 491 789 522 θεὸς
809 492 919 526 Μωσῆς,

132 538 183 564 καὶ
195 537 308 569 ἕκαστος
316 538 370 563 τῶν
383 537 599 573 προειρημένων,
611 537 658 563 καὶ
666 537 696 563 ού
707 536 860 572 Πνεύματα,
872 538 922 563 οὐκ

132 582 190 617 ἄρα
204 583 257 608 πᾶν
275 583 299 608 εἰ
316 591 342 609 τι
358 582 433 614 Θεὸς,
450 582 528 608 τοῦτο
546 583 593 608 καὶ
612 583 724 618 Πνεῦμα
735 591 741 598 ·
757 583 816 609 οὐδὲ
831 584 884 609 πᾶν
897 583 924 609 εἴ

132 637 161 654 τι
182 628 306 663 Πνεῦμα,
331 627 410 654 τοῦτο
432 629 477 655 καὶ
497 628 571 660 Θεὸς.
596 629 651 655 Καὶ
667 628 720 664 γὰρ
741 628 774 656 τὰ
797 629 921 663 δαιμόνια

133 675 212 710 ὑμῶν
232 674 286 701 τῶν
302 674 447 710 αἱρετικῶν
471 675 613 711 πνεύματά
643 676 714 707 εισι,
740 675 787 702 καὶ
802 675 852 702 οὐκ
868 675 922 701 εἰσὶ

133 719 202 746 θεοί.

168 764 196 791 5.
213 765 271 791 Ἔτι
289 765 432 801 πρόσωπον
456 765 608 800 εἰσαγαγὼν
630 764 795 800 Ὀροοδόξου,
817 765 920 800 Δῶμεν,

131 811 226 846 φησὶν,
239 810 277 842 ὡς
292 811 323 837 οὺ
348 810 511 845 θεολογεῖται
528 811 558 838 τὸ
574 811 696 846 Πνεῦμα,
712 812 786 846 ὅμως
800 811 920 846 κυριολο-

972 221 1014 249 et,
1039 224 1051 243 1‘
1070 217 1143 245 Deus
1160 217 1235 245 stetit
1252 218 1279 245 in
1304 225 1441 254 synagoga
1457 217 1581 252 dedrum,
1612 218 1640 245 in
1664 218 1755 246 medio

972 267 1060 291 autem
1089 265 1155 291 deos
1171 264 1304 298 diiudicat
1320 265 1360 298 In;
1378 273 1387 290 ι
1406 269 1443 297 et,
1459 273 1468 290 1
1491 264 1547 291 Diis
1569 272 1624 292 non
1642 265 1757 292 maledi»

971 318 1018 337 ces
1028 312 1060 337 ἰ.
1073 320 1082 336 ι
1093 310 1174 346 475
1189 310 1216 338 Si
1233 318 1298 346 ergo
1310 310 1388 345 juxta
1405 311 1566 345 sapientiam
1581 311 1654 337 illam
1668 315 1755 340 tuam.

974 357 1108 391 quidquid
1127 361 1168 383 est
1184 356 1265 390 Deus,
1278 356 1343 384 illud
1359 361 1399 384 est
1411 356 1542 392 Spiritus,
1553 364 1618 384 sane
1631 357 1754 392 prazdicti

971 402 1009 428 illi
1021 402 1145 429 homines
1161 410 1192 429 ac
1208 403 1257 433 dii.
1283 402 1401 437 Spiritus
1412 406 1487 429 sunt.
1501 402 1578 434 Quod
1595 402 1617 429 si
1632 403 1699 429 deus
1713 406 1756 429 est

972 447 1090 483 Moyses.
1114 455 1221 475 necnon
1240 447 1341 482 singuli
1353 455 1385 474 ex
1405 455 1487 482 supra
1503 447 1584 475 dictis
1598 447 1754 474 hominibus

972 494 1019 527 (dii
1035 493 1108 529 sunt)
1121 499 1146 521 et
1165 501 1219 520 non
1235 493 1362 528 Spiritus,
1375 494 1468 528 utique
1484 501 1538 520 non
1559 493 1691 528 quidquid
1713 497 1754 520 est

971 540 1053 572 Deus,
1071 539 1137 566 illud
1148 543 1190 567 est
1203 538 1333 573 Spiritus,
1347 547 1435 574 neque
1447 539 1579 574 quidquid
1599 543 1641 567 est
1666 538 1754 574 Spiri-t

972 591 1027 617 tus,
1045 586 1111 613 illud
1128 589 1171 613 est
1188 585 1267 612 Deus.
1284 584 1352 612 Nam
1369 585 1503 612 dat-monia
1518 589 1638 613 vestrum
1649 585 1755 613 haereti-

972 640 1065 659 corum
1081 633 1194 667 spiritus
1211 635 1284 664 sunt,
1298 639 1347 659 nec
1363 636 1452 659 tamen
1470 635 1533 659 sunt
1547 631 1595 658 dii.

1005 763 1033 789 5.
1058 761 1170 789 Inducta
1188 761 1285 788 iterum
1310 761 1355 788 ille
1371 760 1520 788 Orthodoxi
1539 767 1663 795 persona,
1681 760 1754 787 Con-

972 807 1112 837 ccdamus,
1126 807 1174 839 ait,
1191 806 1466 841 Spiritumsanctum
1482 814 1535 832 non
1551 806 1641 833 vocari
1657 805 1754 838 Deum,

131 856 234 889 ¹χεῖται·
261 856 413 891 γέγραπται
430 856 499 891 γάρ·
518 865 527 881 1
553 857 580 882 '0
593 856 622 882 δὲ
638 856 739 891 Κύριος
759 857 788 882 τὺ
810 855 916 890 Πνεῦμά

970 856 997 879 at
1019 852 1149 879 Dominus
1172 852 1266 879 saltem
1287 855 1418 884 vocatur;
1436 851 1567 886 scriptum
1593 855 1635 879 est
1655 851 1726 878 enim
1745 856 1755 878 εἰ

131 901 217 927 ἐστιν.
235 910 244 926 ι
264 901 324 927 Ἔτι
350 901 448 936 φησιν·
479 901 545 928 Εἰπὲ
572 902 651 933 αὐτὸς
678 902 709 928 τὸ
735 902 916 936 ἐπαγόμενον·

135 955 144 972 1
162 944 200 974 Οῦ
216 947 244 972 δὲ
260 947 290 972 τὸ
313 947 424 982 Πνεῦμα
445 948 558 983 Κυρίου,
580 949 638 974 ἐκεῖ
660 948 809 983 ἐλευθερία.
827 958 836 974 ι
852 948 919 984 Περ)⁴

130 991 180 1018 τοῦ
203 992 304 1028 Κυρίου
325 992 407 1027 λέγει,
428 993 518 1027 φησὶν,
544 994 583 1020 ὅτι
607 995 621 1020 ὁ
642 994 743 1029 Κύριος
759 994 788 1021 τὸ
809 994 920 1029 Πνεῦμα

131 1037 216 1063 ἐστιν.
239 1037 332 1071 Ἡμεῖς
346 1037 374 1063 δὲ
389 1037 456 1073 πρὸς
470 1037 547 1063 αὐτόν
559 1046 565 1052 ·
588 1038 705 1073 Ἀληθῶς
720 1039 758 1070 τὸ,
776 1048 785 1064 1
801 1039 920 1065 Φάσκον-

131 1090 177 1113 τες
193 1080 261 1108 εἶναι
277 1083 352 1117 σοφοὶ
369 1083 576 1118 ἐμωράνθησαν,
594 1093 602 1109 ι
623 1085 687 1119 περὶ
709 1085 784 1119 ὑμῶν
801 1085 917 1120 εἴρηται.

132 1127 186 1153 Τοῦ
210 1127 264 1163 γὰρ
291 1128 458 1163 ἐπαγομένου
485 1129 608 1164 φανερῶς
638 1129 799 1162 δεικνύντος,
823 1130 864 1156 ὃτι
890 1129 920 1156 τὸ

132 1171 331 1207 Πνεῦμάὲστιν,
341 1172 430 1208 (16““)
439 1169 468 1198 0'5
478 1173 608 1207 εἴρηται,‹
620 1173 649 1199 Ὀ
656 1173 683 1199 δὲ
692 1173 792 1209 Κύριος
799 1173 829 1199 τὸ
836 1173 905 1200 Πνεῦ
914 1187 920 1192 -

134 1217 173 1252 μά
185 1217 268 1248 ἐστιν,
282 1227 291 1242 ι
301 1217 445 1252 ἡπάτησας
453 1218 532 1249 αὐτὸς
543 1219 649 1250 ἑαυτὸν,
660 1219 703 1245 ἵνα
717 1220 748 1245 ὲκ
762 1219 808 1245 τοῦ
819 1219 904 1254 στόμα
912 1234 920 1239 -

131 1261 176 1291 τός
192 1270 237 1287 σιυ
252 1261 360 1296 ἔλεγχος
372 1261 490 1298 προέλθῃ
501 1282 508 1295 ,
522 1263 569 1289 καὶ
581 1262 711 1299 ἀκούσῃς,
722 1264 761 1290 ὅτι
777 1273 786 1289 ι
808 1264 855 1291 Ἐκ
872 1263 919 1291 τοῦ

75 1305 84 1312 ’
133 1307 265 1343 στόματός
291 1315 336 1334 σου
363 1308 447 1343 κρινῶ
471 1317 518 1339 σε,
550 1310 652 1345 πονηρὲ
673 1310 759 1338 δοῦλε.
782 1320 791 1336 ›
806 1311 843 1337 Τὸ
865 1310 920 1347 γὰρ

131 1353 298 1389 ἐπαγόμενον
313 1355 402 1380 ἐστιν·
422 1363 431 1379 1
452 1353 488 1381 Οῦ
502 1355 530 1380 δὲ
553 1355 582 1381 τὸ
599 1355 710 1391 Πνεῦμα
729 1356 845 1392 Κυρίου,
863 1358 919 1384 ἐκεῖ

132 1398 281 1434 ἐλευθερία.
303 1409 311 1424 ι
331 1400 367 1425 Τὸ
386 1399 414 1425 δὲ
433 1399 462 1426 ὃν
485 1400 596 1435 Πνεῦμα
611 1401 723 1436 Κυρίου,
747 1402 848 1438 Κυρίου
862 1402 920 1428 ἐστὶ

132 1444 255 1479 Πνεῦμα,
272 1445 339 1480 ὅπερ
355 1445 462 1480 εἴρηται
477 1445 588 1482 Κύριος.
609 1447 651 1478 Ὡς
666 1447 719 1483 γὰρ
735 1448 799 1479 Υἱὸς
818 1448 919 1483 Κύριής

131 1489 178 1523 ὢν,
195 1491 295 1527 Κύριός
307 1492 392 1517 ἐστιν·
411 1491 495 1524 οὕτως
513 1493 543 1518 τὸ
556 1492 676 1527 Πνεῦμα,
693 1492 792 1528 Κύριος
805 1492 844 1525 ὃν,
862 1493 919 1519 Κύ-
930 1525 950 1553 Γ

135 1537 190 1553 ’πέμ
204 1537 276 1553 ἔρα-,υ
942 1543 950 1552 Α

133 1545 190 1572 ριος
203 1544 286 1564 εστιν.
931 1543 950 1553 ν

168 1625 193 1652 4.
209 1626 264 1652 Καὶ
280 1626 359 1653 πάλιν
376 1625 463 1661 ἑαυτῴ
477 1626 620 1662 πρόσωπον
642 1626 835 1662 ποιησάμενος,
854 1628 916 1654 ἑαυ-

132 1671 177 1697 τὸν
191 1671 284 1707 ἠρώτα
295 1680 302 1687 ”
318 1672 385 1698 Οὐδὲ
410 1672 595 1707 προσκυνητόν
612 1672 701 1705 tactv;
722 1672 816 1699 ἔπειτα
837 1674 916 1706 αὐτὸς

132 1717 219 1752 ἑαυτῷ
229 1726 236 1732 ·
254 1718 310 1744 Οὐκ
326 1717 398 1744 ἐστιν
409 1727 416 1733 ·
433 1718 492 1744 οὐδὲ
507 1717 561 1753 γὰρ
576 1717 741 1753 γέγραπται.
757 1717 822 1745 Εἶτα
836 1719 916 1746 πάλιν

132 1762 220 1790 λαϐὼν
238 1763 392 1799 Ὀρθοδόξου
417 1765 571 1800 πρόσωπον,
595 1764 681 1798 λέγει’
708 1766 739 1792 Et
764 1766 917 1802 ἀνθρώποις

131 1809 335 1845 προσεκύνησαν
359 1810 507 1846 ἄνθρωποι,
530 1811 596 1847 φέρε
617 1812 715 1843 εἰπεῖν,
737 1812 774 1844 ὡς
796 1813 916 1840 Ναϐὰνὸ

132 1855 271 1891 προφήτης
298 1855 335 1891 τῷ
365 1857 461 1883 Δαὸίδ’
489 1857 641 1892 γέγραπται
669 1859 739 1893 γάρ·
765 1868 775 1884 ι
801 1859 915 1895 Eis-7‘1}th

131 1900 201 1926 κατὰ
223 1902 366 1936 πρόσωπον
386 1902 433 1928 τοῦ
454 1903 584 1937 βασιλέως
610 1903 703 1930 Ναϐὰν
725 1903 739 1928 ὀ
764 1905 914 1940 προφήτης,

131 1947 176 1972 καὶ
190 1948 390 1984 προσεκύνησεν
403 1949 482 1976 αὑτὸν
493 1950 538 1975 ἐπὶ
548 1950 596 1985 τὴν
611 1951 661 1986 γῆν
673 1959 678 1965 ·
697 1960 706 1975 ι
719 1950 761 1977 διὰ
777 1951 802 1976 τί
817 1951 853 1986 μὴ
870 1953 916 1978 καὶ

129 1992 168 2028 τῷ
179 1994 316 2028 Πνεύματι
329 1996 550 2031 προσκυνήσομεν
565 1996 617 2032 πρὸ
629 1997 736 2023 πάντων
750 1996 797 2023 ἀνθ
803 1996 913 2032 ρώπωνς

130 2039 183 2066 Καὶ
206 2040 285 2072 αὐτὸς
311 2041 398 2077 ἐαυτῷ
421 2043 501 2069 πάλιν
523 2043 636 2077 ἐπάγει·
656 2052 664 2068 1
684 2043 779 2078 Κυρίῳ
794 2043 832 2078 τῷ
856 2043 915 2078 Θεῷ

132 2092 175 2110 σου
203 2087 415 2121 προσκυνήσεις”
438 2096 446 2112 ι
469 2087 505 2122 μὴ
538 2087 584 2113 καὶ
618 2086 656 2121 τῷ
693 2081 846 2121 Πνεύματι’;
879 2087 915 2113 Τὸ

130 2130 240 2166 Πνεῦμα
267 2132 367 2168 Κύριος
392 2133 442 2159 οὑκ
473 2133 562 2159 ἐστιν’
589 2133 644 2159 ἀλλ’
669 2132 731 2159 οὕτε
757 2133 840 2165 Θεὸς·
858 2133 915 2164 πῶς

129 2175 174 2203 οῦν
193 2177 269 2204 ἔσται
291 2178 485 2214 προσκυνητὸν,
504 2179 540 2214 μὴ
552 2178 581 2205 ὃν
603 2180 631 2205 ὲν
644 2178 682 2214 τῷ
695 2179 743 2214 τῆς
762 2179 914 2214 προσκυνή-
929 2196 951 2223 D

131 2231 197 2255 σεως
219 2224 290 2259 ὃρῳ;
310 2234 320 2249 ‹
338 2224 432 2256 Οὐδεὶς
463 2225 517 2260 γὰρ
552 2225 662 2251 δύναται
695 2226 780 2251 εἰπεῖν
813 2225 914 2260 Κύριον

136 2269 248 2304 Ἰησοῦν,
263 2271 286 2296 ει
305 2269 341 2305 μὴ
358 2271 386 2296 ὲν
403 2270 540 2306 Πνεύματι
558 2271 637 2306 ἁγίῳ.
658 2279 669 2297 ι
684 2272 727 2297 Δεῖ
739 2270 793 2306 γὰρ
806 2270 912 2306 ἀληθῶς

130 2315 173 2341 τὸν
189 2316 390 2351 προσαγόμενον
403 2316 472 2352 Θεῷ,
483 2317 516 2343 δι’
529 2317 621 2352 ἑτέρου
637 2316 675 2352 τῷ
691 2316 762 2351 ἁγίῳ
775 2316 912 2351 Πνεύματι

130 2361 323 2396 προσάγεσθαι.
342 2362 371 2388 ΕΙ
387 2363 565 2399 προσκυνήσω
582 2362 673 2388 λοιπὸν
691 2362 729 2397 τῷ
744 2362 814 2397 ἁγίῳ
826 2362 911 2388 Πνεύ-

131 2415 205 2441 ματι,
228 2407 271 2433 διὰ
289 2407 362 2439 τίνος
382 2407 398 2443 ἢ
424 2408 452 2434 ὲν
475 2408 526 2434 τίνι
550 2409 731 2444 προσκυνήσω
750 2408 912 2443 προσαχθεὶς

129 2452 219 2488 αύτῷ;
234 2453 266 2479 Τί
285 2451 330 2480 οὖν
351 2454 429 2489 ὑμεῖς
453 2454 519 2490 πρὸς
537 2454 640 2487 ταῦτα;
664 2454 807 2481 Δικάσεται
832 2462 862 2480 σε
883 2455 911 2480 ὲν

129 2494 219 2534 ἡμέρᾳ
233 2498 347 2535 κρίσεως
364 2499 457 2525 Ναϐὰν
473 2500 487 2526 ὁ
507 2500 659 2535 προφήτης,
673 2499 711 2531 ὼς
725 2499 756 2525 οὐ
776 2499 851 2534 παρὰ
866 2499 911 2526 τὸν

130 2543 208 2578 νόμον
222 2544 376 2580 πεποιηκὼς
396 2545 442 2572 καὶ
459 2546 649 2581 προσκυνήσας
662 2545 699 2580 τῷ
718 2545 809 2572 Δαϐίδ.
825 2546 910 2580 Προσ-

129 2588 228 2624 ἠγαγες
239 2589 293 2625 γὰρ
305 2590 336 2617 τὸ
347 2590 438 2626 ῥητὸν,
451 2591 489 2623 ὡς
501 2591 617 2626 ὀφείλων
630 2591 808 2618 καταδικάσαι
829 2590 909 2617 αὑτὸν

513 2701 536 2716 ’⁸
556 2699 628 2729 Paal.
645 2709 744 2732 Lxxxl.
764 2701 789 2728 4.

415 2735 438 2751 ’⁸
457 2734 490 2762 ill
505 2734 571 2770 Reg.
589 2744 616 2768 ι,
633 2736 678 2764 24.

166 2698 187 2714 "
208 2697 278 2726 Psal.
296 2707 414 2732 unm,
436 2699 461 2727 8.

130 2732 152 2749 “
169 2735 235 2761 Luc.
254 2742 310 2767 xu,
327 2735 372 2762 Si.

164 2810 242 2847 (t6")
263 2810 307 2839 Sic
327 2810 413 2839 Palat.
429 2811 457 2840 in
476 2812 551 2847 prius
566 2813 645 2842 editis
659 2813 780 2849 qucrdam
795 2814 902 2842 desunt.

845 2701 868 2718 ¹¹
887 2697 974 2730 Exod.
994 2710 1067 2732 xxu.
1085 2702 1130 2729 28.

724 2737 747 2752 ¹⁶
767 2737 860 2764 Matth.
879 2745 916 2771 Iv,
933 2739 976 2765 10.

973 907 981 923 1
1004 897 1133 924 Dominus
1161 901 1251 923 autem
1280 895 1399 932 Spiritus
1423 899 1476 924 est.
1496 906 1505 921 ι
1523 896 1591 923 Τιιῐιι
1610 896 1754 932 subsequi-

969 947 1014 970 t-ur
1030 953 1036 970 :
1052 943 1098 970 Dic
1114 943 1186 978 quod
1201 942 1335 976 adjectum
1352 946 1394 970 est
1410 952 1417 969 :
1434 952 1442 968 1
1461 941 1510 969 Ubi
1529 948 1617 970 autem
1634 942 1752 978 Spiritus

969 990 1087 1022 Domini,
1105 989 1142 1016 ibi
1162 989 1274 1015 libertas
1287 989 1320 1015 ".
1339 997 1348 1014 ι
1364 987 1402 1015 De
1418 988 1533 1015 Domino
1557 989 1688 1024 loquitur,
1710 989 1752 1016 in-

969 1036 1043 1070 quit,
1069 1035 1130 1070 quia
1162 1034 1295 1062 Dominus
1319 1038 1361 1061 est
1389 1033 1517 1069 Spiritus.
1547 1034 1602 1061 Nos
1631 1039 1750 1063 contra:

970 1079 1038 1108 Vere
1048 1081 1080 1108 de
1095 1079 1173 1107 vobis
1185 1079 1288 1107 dictum
1303 1083 1346 1106 est
1359 1089 1366 1106 :
1379 1088 1388 1104 1
1402 1078 1527 1106 Dicenles
1535 1087 1564 1106 se
1576 1085 1637 1107 esse
1645 1079 1753 1114 sapien-

971 1131 1023 1159 tes,
1047 1126 1122 1153 stulti
1141 1125 1205 1152 facti
1228 1129 1292 1153 sunt
1304 1125 1337 1152 ".
1356 1134 1366 1151 ι
1383 1124 1450 1151 Cum
1474 1125 1546 1152 enim
1560 1124 1752 1160 subsequentia

971 1176 1063 1207 aperte
1078 1172 1198 1199 indicent
1212 1179 1273 1199 esse
1289 1171 1419 1206 Spiritum
1443 1179 1503 1198 eum
1527 1171 1560 1199 de
1579 1179 1632 1206 quo
1650 1172 1752 1198 dictum

969 1222 1021 1251 est,
1040 1228 1048 1244 1
1067 1218 1197 1246 Dominus
1224 1221 1313 1245 autem
1340 1217 1458 1253 Spiritus
1476 1221 1528 1248 est.
1554 1228 1562 1244 ι
1590 1223 1619 1244 ιιι
1644 1222 1669 1245 te
1695 1218 1753 1252 ipse

969 1264 1110 1300 decepisti,
1126 1268 1155 1291 ut
1170 1272 1203 1292 ex
1219 1272 1267 1292 ore
1290 1268 1336 1291 tuo
1359 1268 1385 1291 te
1405 1264 1462 1298 ipse
1474 1262 1647 1299 coarg‘ueres,
1661 1267 1688 1290 et
1704 1272 1755 1290 au-

970 1308 1062 1336 dires:
1081 1318 1089 1334 1
1107 1307 1145 1336 De
1160 1316 1207 1336 ore
1223 1313 1270 1336 tuo
1290 1313 1315 1336 te
1329 1308 1433 1343 judico,
1450 1315 1528 1336 serve
1550 1316 1666 1343 nequam
1682 1309 1716 1336 “.
1742 1319 1751 1335 ι

969 1354 1036 1381 Nam
1053 1354 1117 1381 illud
1139 1355 1335 1389 subsequitur:
1354 1364 1363 1380 1
1383 1353 1434 1381 Ubi
1455 1359 1546 1382 autem
1565 1354 1684 1390 Spiritus
1699 1355 1753 1382 Do-

970 1400 1047 1432 mini,
1066 1399 1102 1426 ibi
1118 1400 1239 1427 libertas.
1262 1410 1271 1426 ι
1291 1400 1342 1434 Qui
1358 1408 1422 1428 vero
1439 1400 1558 1436 Spiritus
1573 1400 1679 1428 Domini
1699 1406 1751 1433 est,

971 1442 1015 1470 ille
1032 1448 1073 1470 est
1091 1443 1196 1470 Domini
1224 1443 1353 1479 Spiritus,
1369 1446 1414 1480 qui
1440 1446 1529 1473 dictus
1552 1450 1594 1474 est
1610 1445 1752 1474 Dominus.

970 1488 1202 1521 Quemadmodum
1222 1490 1293 1517 enim
1313 1490 1399 1518 Filius
1410 1499 1471 1518 cum
1494 1492 1529 1518 sit
1543 1491 1685 1524 Dominus,
1700 1492 1753 1519 Do—

968 1536 1058 1563 minus
1071 1540 1131 1564 est:
1149 1537 1184 1563 ita
1198 1540 1224 1563 et
1242 1536 1359 1571 Spiritus
1372 1545 1434 1564 eum
1452 1539 1486 1566 sit
1505 1538 1646 1570 Dominus,
1661 1538 1753 1566 Domi-

967 1587 1019 1607 IIUS
1035 1585 1086 1608 est.

1000 1626 1027 1652 4.
1042 1626 1076 1652 At
1092 1627 1137 1654 ille
1160 1627 1257 1654 iterum
1280 1631 1421 1663 assumpta
1439 1627 1489 1655 sibi
1507 1636 1635 1663 persona,
1651 1636 1681 1656 sc
1693 1628 1751 1664 ipse

967 1673 1150 1707 interrogabat
1164 1683 1171 1701 :
1187 1673 1286 1700 Annon
1299 1673 1474 1702 adorandus?
1496 1675 1554 1709 ipse
1571 1674 1622 1702 sibi
1638 1681 1752 1709 respon-

966 1718 1023 1747 dit:
1043 1719 1241 1755 Nequaquam;
1262 1720 1289 1748 id
1309 1720 1380 1748 enim
1397 1720 1527 1755 scriptum
1547 1728 1601 1748 non
1615 1724 1666 1749 est.
1681 1721 1749 1748 Rur-

966 1772 1026 1792 sum
1060 1771 1190 1801 usurpata
1220 1765 1369 1794 Orthodoxi
1398 1774 1514 1801 persona
1537 1776 1548 1794 τ
1572 1766 1600 1794 Si
1627 1767 1751 1795 homines

966 1810 1041 1845 ipsos
1063 1810 1212 1838 adorarunt
1241 1811 1374 1844 homines,
1401 1816 1464 1847 puta
1490 1812 1595 1839 Nathan
1621 1813 1751 1848 propheta

966 1856 1094 1884 Davidem
1109 1865 1115 1890 ;
1131 1857 1263 1893 scriptum
1289 1858 1360 1885 enim
1375 1861 1437 1885 est:
1457 1867 1465 1883 1
1485 1857 1607 1886 Introivit
1635 1859 1662 1886 in
1685 1865 1752 1886 cou-

966 1906 1088 1937 spectum
1112 1903 1185 1938 regis
1208 1902 1314 1930 Nathan
1342 1904 1482 1939 propheta,
1501 1907 1528 1931 et
1549 1904 1673 1931 adoravit
1689 1912 1751 1931 eum

965 1957 1068 1984 pronus
1084 1949 1111 1976 in
1124 1953 1223 1977 terram
1234 1951 1276 1981 '5;
1295 1960 1304 1976 ι
1321 1958 1405 1986 quare
1424 1958 1478 1978 non
1494 1957 1549 1986 pne
1563 1950 1690 1978 omnibus
1701 1950 1753 1978 ho-

965 1995 1084 2022 minibus
1096 1995 1227 2030 Spiritum
1244 1999 1369 2023 sanctum
1380 1996 1643 2032 adorabimus‘Hpse
1654 1997 1751 2025 iterum

966 2042 1017 2069 sibi
1031 2042 1139 2076 reponit
1153 2052 1159 2070 :
1179 2051 1188 2068 1
1207 2041 1351 2069 Dominum
1364 2042 1447 2070 Deum
1461 2046 1537 2070 tuum
1553 2043 1680 2070 adorabis
1692 2044 1729 2075 ’⁵,
1740 2054 1749 2068 ι

965 2091 991 2115 et
1008 2096 1062 2114 non
1087 2087 1228 2122 Spiritum.
1249 2088 1367 2123 Spiritus
1393 2096 1447 2115 non
1474 2092 1517 2116 est
1538 2088 1686 2118 Dominus;
1703 2089 1751 2116 sed

965 2140 1054 2168 neque
1070 2132 1161 2161 Deus:
1177 2133 1314 2168 quomodo
1339 2133 1421 2168 igitur
1445 2133 1603 2160 adorandus
1627 2133 1689 2165 erit,
1703 2135 1750 2169 qui

965 2186 1020 2205 non
1047 2178 1117 2205 intra
1137 2177 1338 2205 adorandorum
1365 2178 1464 2206 limites
1489 2178 1751 2213 comprehendatur?

966 2223 1045 2255 Nam,
1061 2233 1071 2247 1
1088 2223 1173 2251 Nemo
1193 2227 1282 2258 potest
1298 2223 1388 2251 dicere
1410 2223 1554 2251 Dominum
1569 2223 1673 2256 Jesum,
1696 2224 1748 2252 nisi

966 2271 993 2297 in
1021 2269 1127 2305 Spiritu
1144 2271 1278 2297 sancto."
1293 2280 1302 2296 ι
1322 2270 1435 2305 Oportet
1457 2271 1529 2298 enim
1560 2278 1622 2298 eum
1644 2271 1690 2305 qui
1716 2272 1748 2298 ad

966 2315 1050 2342 Deum
1074 2315 1189 2346 accedit,
1216 2323 1264 2350 per
1293 2315 1376 2342 alium
1405 2315 1536 2343 accedere
1558 2315 1592 2342 ad
1619 2315 1748 2350 Spiritum

964 2365 1098 2389 sanctum.
1123 2360 1152 2387 Si
1178 2361 1260 2396 igitur
1285 2360 1415 2395 Spiritum
1439 2365 1562 2389 sanctum
1588 2361 1746 2390 adoravero.

964 2415 1012 2442 per
1026 2415 1105 2442 quem
1125 2411 1152 2434 et
1166 2414 1181 2434 a
1198 2415 1252 2442 quo
1267 2408 1400 2435 adductus
1426 2408 1550 2435 accedam
1565 2408 1752 2435 adoraturus?

964 2451 1033 2485 Quid
1049 2460 1097 2480 vos
1114 2452 1148 2480 ad
1169 2453 1245 2480 haec?
1266 2453 1296 2480 In
1319 2453 1365 2488 jus
1390 2456 1416 2480 te
1437 2452 1544 2480 vocabit
1560 2451 1665 2479 Nathan
1684 2460 1749 2487 pro-

963 2499 1044 2534 pheta
1058 2499 1084 2525 in
1101 2498 1145 2526 die
1157 2498 1264 2533 judicii,
1286 2503 1315 2526 ut
1328 2498 1374 2533 qui
1391 2502 1486 2525 contra
1500 2498 1585 2533 legem
1606 2505 1661 2525 non
1677 2496 1749 2525 fece~

962 2544 1009 2575 rit,
1025 2551 1087 2570 cum
1102 2543 1230 2571 Davidem
1245 2543 1380 2571 adoraret.
1394 2543 1499 2571 Dictum
1510 2543 1585 2571 enim
1595 2543 1661 2570 illud
1675 2546 1749 2570 attu-

963 2590 1031 2622 listi,
1045 2593 1074 2616 ut
1088 2590 1176 2625 ipsum
1192 2589 1302 2617 videare
1322 2589 1556 2624 transgressionis
1564 2596 1641 2617 reum
1656 2595 1746 2624 agere.

1191 2703 1213 2719 ”
1234 2703 1254 2729 Η
1271 2702 1334 2730 Cor.
1355 2710 1401 2733 Ill,
1421 2701 1463 2729 l7.

1025 2739 1046 2753 ’τ
1067 2737 1075 2763 Ι
1092 2738 1154 2764 Cor.
1173 2745 1229 2770 xu,
1245 2737 1270 2764 5.

1517 2702 1540 2717 ’³
1559 2701 1639 2730 Rom.
1656 2709 1680 2733 ι,
1699 2700 1748 2728 εει,

995 2814 1084 2850 (1ν6’¹¹)
1106 2814 1244 2843 Ercidisse
1258 2814 1364 2843 videtur
1378 2814 1451 2850 περί.
1469 2814 1550 2842 Ειιιτ.
