1926 3068
207 167 275 194 1295

755 166 784 193 5.
805 166 1035 194 ATHA‘NASIUS.
1058 181 1089 188 —
1109 165 1244 195 SPURIA.

1755 170 1766 196 Ι
1771 169 1826 197 296

204 225 271 252 Nam
286 225 308 253 si
323 225 367 252 ille
380 224 507 252 Davidem
523 224 685 257 adoraverit,
702 232 764 252 cum
781 226 915 261 scriptum
932 227 967 254 sit
980 236 983 254 :

1038 228 1277 262 παρανομήσαντα.
1296 227 1327 254 El
1343 227 1397 262 γὰρ
1411 228 1515 259 ἐκεῖνος
1528 228 1567 263 τῷ
1586 228 1667 255 Δασιδ
1689 229 1827 263 προσεκὺ-

205 280 216 298 ι
234 271 378 298 Dominum
394 270 477 298 Deum
498 274 574 297 tuum
593 271 729 303 adorabis,
752 276 779 298 et
802 272 840 299 illi
861 272 911 300 soli
928 280 986 300 ser-

204 317 262 344 vies
275 316 297 333 ⁵⁸
312 326 318 343 ;
338 325 347 341 ι
364 320 390 343 te
404 319 551 343 accusante
574 323 636 343 reus
652 320 694 344 est
712 317 817 344 violata:
833 317 909 352 legis.
930 318 986 346 Nos

204 369 285 397 porro
297 361 455 397 prophetam
483 361 593 389 minime
619 362 787 395 incusamus,
804 363 888 390 absit!
907 363 986 398 quin-

203 408 258 435 imo
279 415 312 435 ea
336 407 507 442 potissimum
533 407 566 434 de
594 415 677 434 causa
703 407 833 442 Spiritum
862 412 985 436 sanctum

203 453 320 480 dicimus
333 452 509 480 adorandum.
522 451 614 487 Neque
638 452 709 479 enim
727 452 854 480 Davidcm
871 452 984 480 adoras-

203 503 245 528 set
272 500 412 535 propheta,
440 499 463 527 si
486 498 588 526 nudum
611 499 748 526 hominem
773 500 937 535 agnovisset.
951 501 986 528 At

201 546 316 574 edoctus
336 547 411 573 illum
434 553 495 573 esse
515 545 653 573 Christum
670 545 788 578 Domini,
808 547 868 574 oleo
889 550 985 575 sancto

203 592 344 620 inunctum
366 591 497 619 adorabat
522 592 596 619 illum
610 610 618 624 ,
641 591 676 619 ob
701 591 819 627 Spiritus
845 593 932 620 sancti
956 593 984 620 in

202 641 262 670 oleo
277 641 432 669 eilicaciam.

237 730 262 757 5.
285 729 354 762 Quid
375 736 456 764 porro
478 736 567 756 causa:
586 732 628 755 est
650 728 733 763 quod,
757 738 766 754 ι
787 728 858 756 sicut
882 728 984 763 aspidis

202 775 291 802 surdm
304 779 331 802 ct
345 774 502 801 obturantis
522 782 603 801 aures
618 781 693 807 suas,
710 781 770 809 qua:
791 782 844 800 non
860 774 984 801 exaudiet

202 829 294 848 vocem
320 821 516 848 incantantium
536 821 568 851 ".
602 830 611 846 ›
638 828 698 847 cuin
731 820 848 847 audieris
888 820 952 847 illud
976 829 982 847 :

205 876 214 892 ι
232 867 376 894 Dominum
392 866 474 894 Deum
490 871 565 893 tuum
578 866 724 899 adorabis;
744 875 752 891 ι
772 866 841 901 quod
863 868 984 902 sequitur

1036 281 1099 308 νησε
1117 272 1328 308 (γέγραπται’δὲ
1341 281 1348 288 ·
1364 283 1373 299 ε
1393 274 1488 309 Κυρίῳ
1502 274 1540 310 τῷ
1559 273 1618 309 Θεῷ
1639 282 1685 300 σου
1704 283 1826 310 προσκυ-

1038 319 1139 354 νήσεις,
1156 319 1202 345 καὶ¹
1219 319 1291 354 αὐτῷ
1309 319 1382 354 μόνῳ
1395 319 1553 355 λατρεύσεις
1573 321 1606 354 ι),
1624 319 1698 354 παρὰ
1714 320 1760 346 τὸν
1778 320 1826 346 νό-

1038 373 1086 399 μον
1106 364 1236 399 πεποὶηκε
1252 365 1322 391 κατὰ
1339 365 1388 401 τὴν
1412 365 1460 400 σὴν
1485 365 1660 400 κατηγορίαν.
1678 366 1773 400 Ἡμεῖς
1794 365 1826 392 δὲ

1035 411 1065 436 οὐ
1089 410 1295 446 κατηγοροῦμεν
1317 411 1363 437 τοῦ
1389 413 1528 448 προφήτου
1541 421 1547 427 ·
1566 413 1604 448 μὴ
1621 413 1738 446 γένοιτοί
1754 412 1826 439 ἀλλὰ

1035 455 1078 482 διὰ
1098 455 1176 482 τοῦτο
1204 457 1320 490 μάλιστα
1343 457 1458 492 λέγομεν
1484 459 1669 493 προσκυνητὺν
1689 458 1719 484 τὸ
1743 459 1825 492 ἆγιον

1036 502 1155 537 Πνεῦμα.
1168 503 1224 529 Οὐκ
1240 503 1273 529 ἂν
1286 503 1339 538 γὰρ
1352 503 1390 538 τῷ
1412 503 1492 530 Δαῆὶδ
1513 504 1712 540 προσεκύνησεν
1725 505 1740 530 ό
1753 512 1824 540 προ-

1035 549 1132 584 φήτης,
1147 550 1171 574 εἰ
1188 549 1264 583 ψιλὸν
1286 548 1427 584 ἄνθρωπον
1442 549 1604 583 ἐγίνωσκεν·
1620 549 1687 576 ἀλλὰ
1704 549 1824 585 Χριστὸν

1035 594 1136 628 Κυρίου
1157 594 1289 629 διδαχθεὶς
1313 595 1392 621 αὐτὸν
1416 593 1495 627 εἶναι,
1518 596 1547 621 ἐν
1572 595 1652 630 ἐλαίῳ
1672 595 1739 630 ἁγίῳ
1760 604 1823 630 χρι⁹

1036 638 1142 670 σθέντα,
1156 638 1317 674 προσεκύνει
1340 639 1420 666 αὑτὸν
1440 640 1484 666 διὰ
1500 640 1548 675 τὴν
1565 640 1593 666 ὲν
1616 640 1654 676 τῷ
1675 639 1757 675 ἐλαίῳ
1772 640 1822 667 τοῦ

1035 683 1190 718 Πνεύματος
1207 683 1346 719 ἐνέργειαν

1068 729 1095 756 5.
1113 729 1174 760 Πῶς
1187 730 1224 759 δὲ,
1243 739 1251 754 ι
1272 729 1336 755 ὡσεὶ
1353 730 1463 761 ἀσπίδος
1476 729 1570 764 κωφῆς
1592 730 1637 756 καὶ
1655 729 1769 765 βυούσης
1784 728 1821 755 τὰ

1034 773 1091 802 ὦτα
1103 776 1196 810 αὐτῆς,
1208 776 1267 811 ἥτις
1278 776 1327 802 οὐκ
1338 777 1525 802 εἰσακούσεται
1536 777 1626 811 φωνῆς
1641 776 1794 811 ὲπᾲδοντος,
1809 786 1818 801 ι

1035 822 1074 853 τὸ,
1088 831 1097 847 ι
1114 822 1208 857 Κυρίῳ
1222 822 1260 857 τῷ
1283 821 1342 857 Θεῴ
1370 830 1416 848 σου
1437 823 1647 858 προσκυνήσεις,
1663 832 1672 847 ι
1689 822 1820 854 ἀκούσας,

1035 867 1080 894 τοῦ
1094 867 1156 903 ἑξῆς
1171 869 1219 894 οὐκ
1236 868 1400 903 ὲπήκουσας,
1416 868 1472 899 τοῦ,
1490 878 1499 893 ι
1518 869 1571 894 Καὶ
1595 868 1668 903 αύτῷ
1688 869 1759 904 μόνῳ
1775 868 1822 894 λα.

203 920 255 940 non
282 913 381 940 audisti
401 922 408 940 :
427 921 435 937 ι
461 911 492 939 Ει
514 912 552 938 illi
578 912 628 939 soli
651 911 772 939 servies?
791 922 799 938 ι
817 911 845 938 ld
861 912 983 939 nimirum

1037 911 1178 948 τρεύσεις;
1199 922 1207 938 ι
1223 913 1306 938 Τοῦτο
1332 913 1360 939 δὲ
1375 915 1475 944 ποιεῖς,
1505 914 1547 939 ἵνα
1569 914 1606 948 μὴ
1623 913 1742 949 ἀκούσῃς
1769 914 1820 946 τὸ,

202 960 260 993 agis
283 963 311 985 ut
335 966 368 985 ne
393 958 507 985 audias:
527 967 535 983 ι
555 957 611 984 Soli
633 959 744 986 servies.
762 968 771 984 ι
785 958 852 984 Cui?
877 958 984 985 Patrinc

203 1011 236 1030 an
250 1002 340 1030 Filio?
355 1003 444 1038 Ecqua
467 1004 571 1029 ratione
593 1003 644 1030 sali
657 1003 749 1030 dices?
769 1002 796 1029 Si
813 1003 983 1031 Christianus

201 1055 249 1079 es,
274 1048 331 1075 aies
358 1048 393 1075 ob
415 1052 519 1074 natura:
534 1047 710 1076 identitatem.
729 1047 806 1080 Quod
832 1049 854 1076 si
870 1048 983 1076 demon-

202 1097 304 1122 stretur
331 1093 460 1128 Spiritum
489 1098 612 1121 sanctum
634 1094 755 1128 ejusdem
780 1101 842 1121 esse
868 1098 982 1125 natum.

201 1140 267 1167 illud
293 1149 299 1166 :
326 1149 336 1165 ι
359 1139 501 1166 Dominum
524 1139 608 1166 Deum
633 1143 708 1166 tuum
733 1138 871 1170 adorabis,
895 1143 922 1166 ct
945 1139 983 1166 illi

202 1185 253 1213 soli
269 1185 382 1216 servies,
403 1194 412 1211 ι
429 1184 462 1212 de
476 1184 567 1216 Patre,
581 1183 650 1211 Filio
663 1188 689 1211 et
709 1184 811 1219 Spiritu
832 1190 926 1211 sancto
939 1184 982 1211 di-

201 1232 282 1262 citur,
299 1230 334 1257 ob
356 1235 461 1257 natura:
477 1230 656 1257 identitatcm.
673 1229 722 1256 Sin
746 1230 847 1260 minus,
865 1231 981 1264 cogeris,

201 1285 263 1304 cum
277 1277 310 1304 de
326 1273 406 1304 unic'a
424 1283 540 1312 persona
563 1276 629 1304 illud
652 1276 771 1310 accipias
786 1285 792 1303 :
812 1285 821 1301 ι
840 1276 981 1303 Dominum

201 1321 286 1349 Deum
305 1325 381 1349 tuum
396 1321 522 1349 adorabis
532 1341 539 1353 ,
554 1326 582 1349 et
598 1322 636 1348 illi
651 1322 701 1349 soli
714 1322 816 1349 servies
829 1330 836 1356 ;
855 1331 864 1348 ι
882 1327 927 1350 aut
939 1321 983 1349 Fi-

202 1368 267 1394 lium
290 1367 434 1401 repudiare
459 1371 506 1393 aut
531 1366 640 1394 Patrem
665 1375 830 1402 expungere.
861 1367 889 1394 Si
919 1375 983 1402 ergo

201 1416 444 1440 conimcnstratum
461 1412 551 1444 fuerit,
568 1412 698 1447 Spiritum
709 1433 717 1445 ,
736 1413 782 1448 qui
794 1420 825 1439 ex
842 1412 922 1440 Patre
936 1421 984 1448 per

202 1457 298 1485 Filium
310 1458 466 1490 eﬂ‘unditur,
482 1458 602 1493 ejusdem
619 1465 679 1485 esse
695 1463 801 1485 natura:
825 1465 856 1485 ac
877 1458 984 1485 deitatis

202 1510 282 1539 atque
297 1503 382 1540 Filius
400 1507 426 1531 et
442 1503 529 1533 Pater,
553 1511 618 1531 sane
632 1503 788 1531 adorandus
809 1511 869 1531 esse
889 1511 921 1530 ac
937 1511 985 1530 co-

202 1551 299 1578 lendus
320 1550 487 1578 ostendetur.
512 1549 594 1585 476
615 1548 742 1583 Ejusdem
763 1556 845 1584 porro
867 1547 983 1584 Spiritus

201 1597 299 1631 gratia,
315 1604 375 1624 eam
395 1597 480 1630 ipsam
498 1599 623 1623 naturam
649 1603 682 1622 ex
703 1595 803 1622 divinis
823 1595 983 1622 conabimur

200 1643 320 1670 oraculis
340 1643 488 1670 declarare.
517 1641 550 1668 Et
574 1649 637 1669 vero
665 1641 731 1668 illud
752 1651 759 1669 :
778 1650 787 1666 ι
803 1641 888 1668 Nemo
912 1641 984 1668 enim

201 1693 290 1724 potest
303 1689 392 1716 dicere
408 1688 551 1715 Dominum
566 1687 670 1720 Jcsum,
688 1687 741 1715 nisi
756 1687 783 1714 in
803 1686 906 1722 Spiritu
921 1695 985 1714 san-

201 1740 255 1766 cto,
281 1745 290 1761 ›
313 1734 380 1762 nihil
402 1733 498 1769 probat
527 1739 622 1761 contra
650 1733 835 1761 adoratiouem
865 1733 984 1768 Spiritus

201 1780 300 1808 sancti.
321 1779 398 1807 Sicut
422 1779 494 1806 enim
520 1787 582 1806 cum
605 1779 694 1814 ipsum
720 1779 803 1806 Deum
828 1778 936 1806 Patrem
956 1779 985 1806 in

201 1826 303 1861 Spiritu
318 1830 345 1852 et
360 1825 473 1852 veritate
488 1825 644 1855 adoramus,
659 1832 712 1852 non
733 1824 903 1852 excludimus
914 1825 984 1852 veri-

200 1871 264 1898 tatis
293 1870 497 1902 adoratiouem,
528 1869 576 1897 sed
606 1870 708 1897 scimus
730 1870 870 1897 veritatem
896 1871 983 1905 ipsum

200 1923 261 1943 esse
277 1915 384 1947 Filium,
400 1919 481 1950 atque
503 1915 529 1942 in
544 1914 646 1950 Spiritu
669 1919 697 1942 et
711 1915 824 1943 veritate
840 1915 984 1943 adorantes

201 1962 296 1993 Deum,
314 1962 459 1989 adoramus
475 1962 561 1996 ipsam
582 1961 722 1988 veritatem
737 1970 744 1995 ;
765 1962 801 1988 ita
813 1965 839 1989 et
854 1961 984 1996 Spiritum

201 2009 360 2040 adoramus,
384 2007 613 2042 quemadmodum
641 2010 668 2034 et
690 2007 841 2034 verilatcm.
859 2007 934 2040 Quod
949 2007 983 2039 si,

201 2057 328 2091 quoniam
342 2055 370 2082 in
383 2053 485 2089 Spiritu
497 2054 653 2086 adoramus,
669 2053 729 2080 ideo
743 2061 796 2080 non
811 2053 908 2080 adoras
927 2053 985 2088 Spi-

201 2103 282 2129 ritum
293 2112 299 2129 :
309 2107 334 2129 et
351 2101 384 2132 si.
395 2101 521 2136 quoniam
531 2100 558 2127 in
570 2100 684 2127 veritate
695 2098 848 2130 adoramus,
859 2106 912 2125 non
921 2099 986 2125 ado-

200 2156 245 2175 ras
258 2148 397 2175 veritatem
410 2169 416 2180 ,
439 2146 633 2180 arbitr-arisque
655 2144 738 2172 minui
761 2143 878 2179 Spiritus
898 2144 986 2171 sancti

200 2195 368 2229 dignitatem,
383 2193 490 2228 quodin
506 2192 565 2227 ipso
576 2191 672 2218 Filium
689 2190 832 2218 Dominum
849 2197 910 2218 esse
919 2198 985 2217 con-

201 2241 335 2271 titeamur,
354 2239 461 2266 minues
475 2242 548 2266 certe
564 2241 591 2265 et
606 2237 694 2265 Patris
714 2237 882 2271 dignitatem.
899 2237 984 2272 siqui-

200 2286 261 2313 dem
286 2295 296 2310 ‹
319 2292 401 2312 nemo
428 2285 501 2311 venit
527 2283 559 2311 ad
586 2282 701 2315 Filium,
724 2283 777 2310 nisi
800 2290 879 2317 quem
902 2281 983 2310 Pater

200 2331 319 2359 ccelestis
332 2331 446 2358 traxerit
461 2331 494 2357 ad
511 2330 600 2365 ipsum
614 2328 648 2356 '°.
667 2338 676 2354 ι
693 2327 750 2356 Hoc
765 2328 837 2355 enim
855 2328 883 2354 in
900 2327 984 2354 Evan-

200 2377 270 2412 gelio
285 2377 416 2411 scriptum
431 2380 492 2402 est:
508 2375 710 2410 Apostolusque
733 2373 832 2400 clamat
848 2383 854 2400 :
873 2383 882 2399 ι
903 2372 983 2401 Fide-

200 2424 234 2450 lis
251 2422 333 2455 Deus,
349 2430 396 2457 per
421 2429 502 2457 quem
524 2420 612 2448 vocati
630 2420 696 2448 estis
719 2419 751 2447 ad
768 2419 984 2447 communionem

199 2467 261 2495 Filii
275 2468 335 2502 ejus
349 2468 382 2495 ".
401 2477 411 2494 I
428 2467 460 2494 Et
476 2466 557 2494 Pater
572 2467 629 2501 ipse
644 2466 671 2493 in
687 2465 827 2500 prophetis
844 2465 878 2492 ad
894 2465 984 2500 ipsum

199 2514 266 2541 dicit
279 2513 377 2541 Filium
395 2523 401 2541 :
423 2522 432 2539 ι
451 2513 521 2541 Ecce
550 2512 678 2548 proselyti
702 2511 735 2538 ad
757 2515 784 2539 te
806 2511 915 2539 venient
937 2519 985 2546 per

199 2569 242 2588 me
257 2560 290 2588 “.
309 2569 317 2586 ν
339 2559 416 2593 Quod
433 2559 457 2587 si
477 2567 526 2594 per
546 2558 654 2585 Patrem
676 2557 708 2584 ad
725 2556 823 2584 Filium
842 2564 982 2590 vocamur,

199 2613 254 2633 non
271 2605 375 2632 idcirco
391 2605 522 2640 dignitate
545 2603 634 2630 minor
656 2606 698 2630 est
719 2602 837 2637 Spiritus
859 2608 982 2630 sanctus.

198 2651 416 2682 lntroducimur,
444 2650 504 2681 ais.
533 2648 661 2684 Spiritu:
680 2648 737 2683 lege
769 2647 925 2683 Scripturas
957 2653 984 2676 et

198 2697 272 2725 disce
286 2697 368 2732 quod,
386 2696 612 2732 quemadmodum
628 2701 675 2729 per
695 2693 802 2722 Patrem
822 2694 855 2721 ad
871 2693 981 2727 Filium,

199 2743 234 2769 ita
250 2750 297 2777 per
309 2741 406 2770 Filium
429 2741 462 2768 ad
481 2741 599 2768 Patrem.
618 2740 688 2768 Sunt
703 2740 775 2768 enim
796 2741 863 2772 hac,
878 2740 918 2766 uti
935 2748 981 2767 su-

198 2794 246 2821 pra
261 2787 362 2814 dictum
389 2791 441 2819 est,
460 2787 609 2821 reciproca.
637 2785 870 2819 Quemadmodum
889 2785 981 2820 itaque

1037 967 1045 982 ε
1063 958 1142 993 Mdv/1p
1155 958 1321 994 λατρεύσεις.
1336 969 1345 984 ι
1360 959 1418 985 Τίνι
1429 968 1436 991 ;
1448 959 1487 993 τῷ
1499 959 1620 994 “cupidi
1635 959 1673 994 τῷ
1682 959 1752 994 Tia};
1764 960 1822 986 Kal.

1034 1003 1196 1038 πῶς’μόνῳ
1217 1005 1387 1039 ἑρεῖςῗἘὰν
1410 1003 1442 1041 ᾗς
1466 1005 1637 1040 Χριστιανὸς,
1661 1007 1700 1032 ὅτι
1721 1006 1765 1032 διὰ
1789 1006 1822 1032 τὸ

1033 1049 1129 1075 ταυτὸν
1146 1049 1195 1084 τῆς
1218 1049 1333 1083 φύσεως.
1355 1050 1417 1076 Ἐὰν
1429 1051 1520 1085 δειχθῇ
1540 1048 1586 1076 οὖν
1602 1051 1648 1078 καὶ
1663 1051 1693 1078 τὸ
1708 1051 1822 1087 Πνεῦμα

1033 1095 1081 1130 τῆς
1104 1095 1187 1130 αὐτῆς
1210 1095 1324 1130 φύσεως,
1350 1097 1388 1129 τὸ,
1408 1106 1416 1122 ι
1436 1097 1530 1134 Κυρίῳ
1544 1098 1583 1132 τῷ
1598 1097 1657 1133 Θεῷ
1672 1107 1718 1124 σου
1733 1107 1821 1134 προσ-

1033 1141 1168 1175 κυνήσεις,
1183 1142 1228 1167 καὶ
1247 1141 1321 1177 αὐτῷ
1340 1142 1411 1178 μόνῳ
1426 1143 1593 1178 λατρεύσεις,
1615 1154 1623 1169 ι
1640 1144 1746 1180 Πατέρα
1771 1146 1822 1172 καὶ

1034 1185 1108 1216 Υἰὺν,
1128 1187 1175 1212 καὶ
1195 1187 1270 1220 ἄτιον
1289 1187 1400 1223 Πνεῦμα
1423 1188 1507 1222 λέγει,
1527 1189 1570 1216 διὰ
1595 1189 1627 1216 τὸ
1650 1190 1747 1217 ταυτὸν
1768 1191 1821 1226 τῆς

1035 1230 1149 1264 φύσεως.
1165 1231 1196 1256 Εἰ
1212 1231 1239 1257 δὲ
1254 1231 1302 1267 μὴ,
1315 1233 1509 1270 ἀναγκασθήσῃ
1527 1235 1573 1261 ἐπὶ
1595 1235 1653 1266 ἑνὸς
1672 1235 1820 1271 προσώπου

1032 1275 1182 1312 δεχόμενος,
1192 1277 1290 1314 τῷῌτ)
1302 1289 1310 1304 ‹
1321 1279 1415 1315 Κυρίῳ
1429 1279 1468 1315 τῷ
1479 1280 1539 1316 Θεῷ
1551 1290 1596 1307 σου
1610 1282 1818 1317 προσκυνήσεις,

1033 1322 1079 1348 καὶ
1101 1323 1174 1358 αὐτῷ
1198 1325 1270 1360 μόνῳ
1284 1324 1452 1361 λατρεύσεις,
1469 1336 1478 1352 ι
1497 1327 1512 1362 ἢ
1537 1327 1581 1353 τὸν
1603 1327 1664 1354 Υἱὶν
1681 1328 1821 1364 παρακού-

1034 1368 1140 1400 σασθαι,
1152 1369 1168 1404 ἢ
1181 1370 1226 1396 τὸν
1238 1371 1347 1407 Πατέρα
1368 1373 1608 1408 παραγράψασθαι.
1630 1374 1691 1401 Ἐὰν
1704 1366 1751 1401 οὖν
1766 1375 1821 1401 δει-

1033 1414 1084 1449 χθῇ
1103 1415 1151 1449 τῆς
1175 1417 1259 1451 αὐτῆς
1282 1414 1351 1444 εἶναι
1369 1417 1475 1452 φύσεως
1499 1420 1546 1445 καὶ
1564 1419 1688 1455 θεότητος
1706 1420 1744 1456 τῷ
1762 1421 1820 1457 Υἰῷ

1034 1460 1081 1486 καὶ
1096 1459 1134 1495 τῷ
1150 1461 1247 1496 Πατρὶ,
1263 1462 1310 1488 καὶ
1330 1462 1360 1488 τὸ
1377 1463 1486 1498 Πνεῦμα
1501 1464 1531 1490 τὸ
1552 1465 1581 1497 ἐξ
1602 1465 1683 1491 αὑτοῦ
1701 1465 1747 1492 τοῦ
1763 1466 1820 1492 Πα-

1033 1506 1096 1541 τρδς
1114 1507 1158 1533 διὰ
1179 1507 1225 1534 τοῦ
1251 1508 1316 1534 Υἱοῦ
1343 1509 1466 1543 ἐκχυθὲν,
1493 1510 1540 1536 καὶ
1566 1512 1752 1546 προσκυνητὸν
1771 1512 1820 1539 καὶ

1033 1551 1177 1587 λατρευτδν
1197 1553 1428 1590 ἀποδειχθήσεται.
1451 1556 1640 1591 Πειρασόμεθα
1660 1557 1688 1583 δὲ
1707 1557 1754 1583 σὺν
1778 1559 1821 1584 εὑ-

997 1587 1018 1615 C
1036 1598 1129 1631 μενείᾳ
1159 1597 1240 1623 αὑτοῦ
1274 1597 1319 1624 τοῦ
1357 1599 1512 1634 Πνεύματος
1536 1600 1620 1633 δεῖξαι
1645 1601 1744 1636 ταυτὴν
1769 1603 1820 1638 τὴν

1035 1641 1114 1675 φύσιν
1127 1642 1158 1668 ὲκ
1170 1642 1223 1668 τῶν
1236 1643 1314 1670 θείων
1330 1643 1436 1678 λογίων.
1456 1646 1510 1672 Καὶ
1521 1646 1559 1678 τὸ,
1575 1657 1583 1672 ‹
1605 1647 1696 1678 Οὐδεὶς
1709 1648 1763 1683 γὰρ
1774 1648 1821 1675 δύ-

1034 1697 1111 1715 ναται
1122 1690 1207 1716 εἰπεῖν
1221 1690 1320 1725 Κύριον
1329 1690 1431 1726 Ἰησοῦν
1441 1692 1465 1717 εἰ
1476 1692 1512 1727 μὴ
1524 1693 1552 1718 ὲν
1564 1693 1700 1728 Πνεύματι
1712 1694 1791 1729 ἁγίῳ,
1807 1703 1816 1720 ι

1033 1735 1063 1761 οὺ
1076 1734 1144 1762 κατὰ
1157 1735 1207 1770 τῆς
1220 1735 1267 1762 τοῦ
1279 1736 1435 1772 Πνεύματός
1453 1738 1508 1764 ἐστι
1534 1740 1753 1774 προσκυνήσεως.
1775 1740 1821 1771 Ὡς

1034 1780 1087 1815 γὰρ
1102 1780 1182 1807 αὐτὸν
1198 1780 1243 1806 τὸν
1269 1781 1333 1807 Θεὸν
1356 1782 1462 1818 Πατέρα
1476 1784 1505 1809 ὲν
1527 1783 1664 1818 Πνεύματι
1687 1785 1819 1820 καὶ-ἀλη-

1034 1825 1094 1861 θείᾳ
1120 1826 1352 1861 προσκυνοῦντες,
1377 1827 1426 1854 οὐκ
1455 1828 1656 1864 ἀποστεροῦμεν
1680 1829 1730 1864 τῆς
1757 1830 1821 1866 ἁλη-

1035 1871 1108 1903 θείας
1122 1873 1170 1907 τὴν
1187 1872 1380 1908 προσκύνησιν,
1398 1872 1453 1899 ἀλλ’
1479 1873 1568 1908 ἴσμεν,
1591 1874 1630 1900 ὅτι
1647 1874 1727 1906 αὐτὸς
1745 1876 1820 1902 ἐστιν

1034 1919 1048 1944 ὁ
1065 1917 1126 1949 Υἱὸς
1148 1919 1164 1952 ή
1191 1918 1314 1954 ἀλήθεια,
1341 1920 1387 1946 καὶ
1414 1920 1442 1945 ἐν
1469 1918 1606 1954 Πνεύματι
1632 1921 1677 1946 καὶ
1706 1920 1820 1957 ἀληθείᾳ

1036 1963 1250 1998 προσκυνοῦντες
1261 1965 1305 1991 τὸν
1315 1964 1391 1995 Θεὸν,
1402 1964 1605 2000 προσκυνοῦμεν
1615 1965 1662 2001 τὴν
1674 1966 1817 2001 ἀλήθειαν·

1035 2008 1105 2034 οὕτω
1121 2009 1152 2044 δὴ
1169 2010 1215 2035 καὶ
1229 2009 1259 2036 τὸ
1274 2010 1385 2045 Πνεῦμα
1403 2009 1617 2045 προσκυνοῦμεν,
1638 2011 1675 2043 ὼς
1690 2011 1738 2047 τὴν
1753 2012 1818 2047 ἀλή-

1035 2054 1119 2082 θειαν.
1139 2055 1171 2081 Εἰ
1191 2054 1229 2086 δὲ,
1246 2056 1338 2091 ἐπειδὴ
1359 2057 1387 2083 ὲν
1402 2057 1540 2092 Πνεύματι
1555 2057 1770 2093 προσκυνοῦμεν,
1788 2058 1817 2084 οὐ

1036 2102 1196 2135 προσκυνεῖς
1209 2101 1239 2127 τὸ
1254 2101 1373 2136 Πνεῦμα,
1392 2102 1438 2128 καὶ
1454 2103 1546 2138 ἐπειδὴ
1559 2103 1587 2128 ὲν
1602 2102 1714 2138 ἀληθείᾳ
1728 2111 1819 2138 προσ-

1036 2145 1179 2181 κυνοῦμεν,
1197 2147 1227 2172 οὺ
1248 2148 1407 2182 προσκυνεῖς
1422 2147 1471 2183 τὴν
1484 2148 1619 2183 ἀλήθειαν,
1638 2148 1684 2174 καὶ
1699 2148 1818 2184 νομίζεις

1035 2192 1062 2218 δὲ
1079 2192 1252 2219 ἐλαττοῦσθαι
1271 2192 1320 2228 τὴν
1339 2193 1385 2220 τοῦ
1404 2194 1559 2229 Πνεύματος
1579 2194 1665 2227 ἀξίαν,
1683 2195 1776 2230 ἐπειδὴ
1791 2196 1818 2222 ἐν

1036 2237 1108 2273 αὐτῷ
1121 2238 1166 2264 τὸν
1181 2238 1244 2264 Υἱὺν
1258 2237 1359 2274 Κύριον
1372 2238 1571 2274 ὁμολογοῦμεν·
1589 2239 1750 2271 ἐλαττώσεις
1765 2240 1818 2275 ἄρα

1035 2285 1081 2311 καὶ
1094 2284 1142 2319 τὴν
1162 2285 1208 2312 τοῦ
1229 2284 1333 2320 Πατρος
1357 2284 1448 2318 ἀξίαν,
1470 2285 1562 2321 ἐπειδὴ
1579 2295 1588 2311 ι
1604 2286 1690 2318 οὐδεὶς
1711 2286 1817 2322 ἔρχεται

1035 2330 1102 2366 πρὸς
1119 2330 1164 2356 τὸν
1175 2330 1249 2362 Υἱὸν,
1262 2330 1310 2357 ἐὰν
1334 2331 1370 2365 μὴ
1392 2331 1406 2357 ὁ
1426 2330 1519 2366 Πατὴρ
1537 2331 1551 2356 ὁ
1573 2331 1695 2366 οὐράνιος
1717 2331 1819 2368 ἐλκύσῃ

1035 2375 1115 2402 αὑτὸν
1130 2375 1197 2411 πρὸς
1208 2375 1298 2403 αὐτόν.
1317 2385 1326 2402 ›
1344 2375 1428 2402 Τοῦτο
1441 2376 1494 2411 γὰρ
1507 2378 1535 2403 ὲν
1548 2376 1586 2412 τῷ
1601 2377 1758 2413 Εὑαγγελίῳ
1772 2378 1818 2411 γέ-

1035 2429 1170 2456 γραπται’
1196 2421 1243 2447 καὶ
1262 2422 1277 2448 ὁ
1303 2421 1461 2453 Ἀπόστολος
1487 2422 1548 2457 βοᾷ.-
1572 2431 1580 2447 ι
1601 2422 1697 2454 Πιστὸς
1710 2423 1724 2448 ὁ
1741 2422 1818 2455 Θεὸς,

1035 2466 1068 2492 δι’
1084 2464 1114 2493 οὗ
1130 2466 1261 2502 ἐκλήθητε
1277 2467 1316 2499 εἰς
1333 2467 1472 2494 κοινωνίαν
1485 2467 1532 2493 τοῦ
1547 2466 1611 2493 Υἱοῦ
1625 2467 1716 2494 αὑτοῦ.
1736 2478 1746 2493 ι
1766 2469 1820 2495 Καὶ

1034 2512 1114 2543 αὐτὸς
1128 2512 1143 2538 ὁ
1165 2513 1259 2548 Πατὴρ
1275 2513 1304 2540 ὲν
1325 2514 1382 2544 τοῖς
1405 2513 1567 2548 προφήταις,
1586 2513 1653 2548 προς
1672 2513 1754 2540 αὑτὸν
1775 2514 1820 2541 τὸν

1034 2557 1098 2584 Υἰδν
1126 2557 1217 2592 λέγει·
1237 2568 1246 2584 ι
1272 2559 1337 2585 Ἰδοὺ
1370 2559 1534 2594 προσήλυτοι
1565 2558 1744 2585 διελεύσονταί
1779 2567 1819 2586 σοι

1032 2602 1065 2629 δι’
1081 2603 1159 2638 ἐμοῦ.
1178 2613 1187 2629 ι
1204 2604 1235 2630 Εἰ
1249 2604 1277 2630 δὲ
1294 2604 1341 2630 καὶ
1359 2603 1403 2631 διὰ
1425 2604 1472 2631 τοῦ
1488 2603 1593 2639 Πατρὸς
1610 2603 1677 2639 πρὸς
1693 2603 1738 2630 τὸν
1755 2604 1819 2630 Υίδν

1033 2648 1201 2684 καλούμεθα,
1222 2649 1271 2675 οὐκ
1285 2649 1458 2676 ἐλαττοῦσθαι
1473 2649 1497 2685 (1
1503 2649 1541 2684 τ)
1553 2649 1607 2685 ἄρα
1620 2649 1713 2675 τούτου
1727 2648 1819 2675 ἕνεκεν

1031 2693 1081 2729 τῆς
1087 2694 1164 2727 ἀξίας
1171 2694 1201 2720 τὺ
1209 2694 1526 2731 Πνεῦμα-Προσαγόμεθα
1533 2695 1571 2731 τῷ
1579 2694 1725 2723 Πνεύιιστι.
1742 2694 1820 2721 Ἀνά-

1034 2739 1116 2773 γνωθι
1135 2739 1184 2772 τὰς
1208 2740 1319 2775 Γραφὰς
1341 2741 1388 2767 καὶ
1411 2741 1489 2777 μάθε,
1513 2741 1572 2773 ὅτι,
1593 2740 1686 2776 ὥσπερ
1705 2739 1751 2766 διὰ
1771 2740 1818 2766 τοῦ

1034 2785 1138 2821 Πατρὺς
1156 2785 1223 2821 πρὸς
1245 2785 1291 2812 τὸν
1310 2785 1384 2818 Υἱὺν,
1409 2786 1456 2813 καὶ
1469 2786 1514 2813 διὰ
1532 2785 1580 2812 τοῦ
1600 2785 1664 2812 Υῐοῦ
1690 2785 1759 2820 πρὸς
1774 2785 1818 2812 τὸν

231 2843 254 2859 ³⁸
274 2842 351 2869 Deut.
368 2848 411 2875 vi,
431 2843 473 2870 15.
511 2843 533 2858 "
552 2842 624 2870 Psal.
641 2848 714 2875 Lvn,
733 2843 766 2873 5,
783 2842 810 2869 6.
849 2842 870 2858 ¹⁶
889 2841 967 2869 Joan.

1049 2843 1092 2869 Η.
1132 2842 1152 2858 ³¹
1173 2841 1260 2870 lCor.
1280 2851 1307 2876 ι,
1325 2842 1352 2870 9.
1391 2843 1414 2859 ⁸¹
1435 2842 1487 2871 lsa.
1504 2851 1560 2876 LIV,
1577 2842 1619 2870 i5.

232 2901 286 2936 (Π)
297 2899 375 2927 Forte
386 2900 434 2935 leg.
444 2900 586 2934 δεχόμενος
594 2899 647 2932 τὺ,‹
655 2899 758 2934 Κυρίῳ,
768 2903 819 2927 etc.
830 2899 877 2927 En.
888 2899 977 2927 Pun.

1065 2900 1132 2935 (17')
1149 2899 1216 2935 Lege
1231 2899 1397 2928 ἐλαττοῦται.
1418 2899 1493 2928 lusu.
