  <div class='ocr_page' id='page_1' title='image "/cluster/home/n/w/nwhite01/storage/ocr_20150623/28/njp.32101007506148/667.png"; bbox 0 0 1926 3068; ppageno 0'>
   <div class='ocr_carea' id='block_1_1' title="bbox 196 159 262 187">
    <p class='ocr_par' dir='ltr' id='par_1_1' title="bbox 196 159 262 187">
     <span class='ocr_line' id='line_1_1' title="bbox 196 159 262 187; baseline 0.03 -2"><span class='ocrx_word' id='word_1_1' title='bbox 196 159 262 187; x_wconf 67' lang='grc'><strong>1399</strong></span> 
     </span>
    </p>
   </div>
   <div class='ocr_carea' id='block_1_2' title="bbox 755 157 1245 188">
    <p class='ocr_par' dir='ltr' id='par_1_2' title="bbox 755 157 1245 188">
     <span class='ocr_line' id='line_1_2' title="bbox 755 157 1245 188; baseline 0.006 -3"><span class='ocrx_word' id='word_1_2' title='bbox 755 159 785 186; x_wconf 88' lang='lat' dir='ltr'><strong>S.</strong></span> <span class='ocrx_word' id='word_1_3' title='bbox 805 157 1036 187; x_wconf 73' lang='lat' dir='ltr'><strong>ATHANASIUS.</strong></span> <span class='ocrx_word' id='word_1_4' title='bbox 1058 175 1092 180; x_wconf 98' lang='lat'><strong>—</strong></span> <span class='ocrx_word' id='word_1_5' title='bbox 1108 159 1245 188; x_wconf 77' lang='lat' dir='ltr'><strong>SPUBIA.</strong></span> 
     </span>
    </p>
   </div>
   <div class='ocr_carea' id='block_1_3' title="bbox 1745 161 1819 194">
    <p class='ocr_par' dir='ltr' id='par_1_3' title="bbox 1745 161 1819 194">
     <span class='ocr_line' id='line_1_3' title="bbox 1745 161 1819 194; baseline 0.014 -5"><span class='ocrx_word' id='word_1_6' title='bbox 1745 161 1819 194; x_wconf 70' lang='grc'><strong>1500</strong></span> 
     </span>
    </p>
   </div>
   <div class='ocr_carea' id='block_1_4' title="bbox 194 214 985 253">
    <p class='ocr_par' dir='ltr' id='par_1_4' title="bbox 194 215 977 251">
     <span class='ocr_line' id='line_1_4' title="bbox 194 215 977 251; baseline -0.003 -7"><span class='ocrx_word' id='word_1_7' title='bbox 194 218 266 245; x_wconf 75' lang='lat' dir='ltr'><strong>Patri</strong></span> <span class='ocrx_word' id='word_1_8' title='bbox 283 221 328 244; x_wconf 86' lang='lat' dir='ltr'><strong>aut</strong></span> <span class='ocrx_word' id='word_1_9' title='bbox 352 217 420 244; x_wconf 83' lang='lat' dir='ltr'><strong>Filio</strong></span> <span class='ocrx_word' id='word_1_10' title='bbox 446 216 549 251; x_wconf 77' lang='lat' dir='ltr'><strong>aliquid</strong></span> <span class='ocrx_word' id='word_1_11' title='bbox 579 215 680 243; x_wconf 83' lang='lat' dir='ltr'><strong>addere</strong></span> <span class='ocrx_word' id='word_1_12' title='bbox 699 219 787 251; x_wconf 80' lang='lat' dir='ltr'><strong>potes.</strong></span> <span class='ocrx_word' id='word_1_13' title='bbox 805 220 852 243; x_wconf 88' lang='lat' dir='ltr'><strong>aut</strong></span> <span class='ocrx_word' id='word_1_14' title='bbox 875 215 977 251; x_wconf 84' lang='lat' dir='ltr'><strong>aliquid</strong></span> 
     </span>
    </p>
   </div>
   <div class='ocr_carea' id='block_1_5' title="bbox 1037 214 1818 253">
    <p class='ocr_par' dir='ltr' id='par_1_5' title="bbox 1037 214 1818 253">
     <span class='ocr_line' id='line_1_5' title="bbox 1037 214 1818 253; baseline 0.004 -11"><span class='ocrx_word' id='word_1_15' title='bbox 1037 216 1173 251; x_wconf 74' lang='grc' dir='ltr'>ὶξιὼματι,</span> <span class='ocrx_word' id='word_1_16' title='bbox 1190 218 1267 253; x_wconf 77' lang='grc' dir='ltr'>εῐπὲρ</span> <span class='ocrx_word' id='word_1_17' title='bbox 1278 217 1350 244; x_wconf 77' lang='grc' dir='ltr'>ἔστιν</span> <span class='ocrx_word' id='word_1_18' title='bbox 1366 217 1412 243; x_wconf 67' lang='grc' dir='ltr'><strong>ἐπὶ</strong></span> <span class='ocrx_word' id='word_1_19' title='bbox 1429 216 1586 252; x_wconf 83' lang='grc' dir='ltr'>Πνεύματος</span> <span class='ocrx_word' id='word_1_20' title='bbox 1596 214 1704 252; x_wconf 62' lang='grc' dir='ltr'>ἀξίωμα</span> <span class='ocrx_word' id='word_1_21' title='bbox 1714 217 1818 251; x_wconf 81' lang='grc' dir='ltr'>λέγειν.</span> 
     </span>
    </p>
   </div>
   <div class='ocr_carea' id='block_1_6' title="bbox 195 261 980 298">
    <p class='ocr_par' dir='ltr' id='par_1_6' title="bbox 195 261 980 298">
     <span class='ocr_line' id='line_1_6' title="bbox 195 261 980 298; baseline -0.001 -9"><span class='ocrx_word' id='word_1_22' title='bbox 195 264 260 298; x_wconf 84' lang='lat' dir='ltr'><strong>ipsis</strong></span> <span class='ocrx_word' id='word_1_23' title='bbox 276 264 395 294; x_wconf 81' lang='lat' dir='ltr'><strong>demere,</strong></span> <span class='ocrx_word' id='word_1_24' title='bbox 413 262 464 290; x_wconf 88' lang='lat' dir='ltr'><strong>etsi</strong></span> <span class='ocrx_word' id='word_1_25' title='bbox 481 263 591 290; x_wconf 87' lang='lat' dir='ltr'><strong>demere</strong></span> <span class='ocrx_word' id='word_1_26' title='bbox 607 262 695 289; x_wconf 86' lang='lat' dir='ltr'><strong>velis:</strong></span> <span class='ocrx_word' id='word_1_27' title='bbox 714 266 740 288; x_wconf 89' lang='lat' dir='ltr'><strong>te</strong></span> <span class='ocrx_word' id='word_1_28' title='bbox 761 262 833 289; x_wconf 89' lang='lat' dir='ltr'><strong>enim</strong></span> <span class='ocrx_word' id='word_1_29' title='bbox 856 261 915 296; x_wconf 84' lang='lat' dir='ltr'><strong>ipse</strong></span> <span class='ocrx_word' id='word_1_30' title='bbox 935 262 980 288; x_wconf 66' lang='lat' dir='ltr'><strong>lae-</strong></span> 
     </span>
    </p>
   </div>
   <div class='ocr_carea' id='block_1_7' title="bbox 193 307 980 343">
    <p class='ocr_par' dir='ltr' id='par_1_7' title="bbox 193 307 980 343">
     <span class='ocr_line' id='line_1_7' title="bbox 193 307 980 343; baseline -0.004 -7"><span class='ocrx_word' id='word_1_31' title='bbox 193 310 247 336; x_wconf 83' lang='lat' dir='ltr'><strong>dis.</strong></span> <span class='ocrx_word' id='word_1_32' title='bbox 261 308 356 337; x_wconf 84' lang='lat' dir='ltr'><strong>Omnia</strong></span> <span class='ocrx_word' id='word_1_33' title='bbox 371 308 505 343; x_wconf 84' lang='lat' dir='ltr'><strong>siquidem</strong></span> <span class='ocrx_word' id='word_1_34' title='bbox 528 307 647 343; x_wconf 79' lang='lat' dir='ltr'><strong>perfecta</strong></span> <span class='ocrx_word' id='word_1_35' title='bbox 672 308 699 334; x_wconf 91' lang='lat' dir='ltr'><strong>in</strong></span> <span class='ocrx_word' id='word_1_36' title='bbox 721 307 801 334; x_wconf 84' lang='lat' dir='ltr'><strong>Patre</strong></span> <span class='ocrx_word' id='word_1_37' title='bbox 821 313 848 334; x_wconf 89' lang='lat' dir='ltr'><strong>et</strong></span> <span class='ocrx_word' id='word_1_38' title='bbox 872 307 939 334; x_wconf 88' lang='lat' dir='ltr'><strong>Filio</strong></span> <span class='ocrx_word' id='word_1_39' title='bbox 953 310 980 334; x_wconf 90' lang='lat' dir='ltr'><strong>ct</strong></span> 
     </span>
    </p>
   </div>
   <div class='ocr_carea' id='block_1_8' title="bbox 195 352 981 390">
    <p class='ocr_par' dir='ltr' id='par_1_8' title="bbox 195 352 981 390">
     <span class='ocr_line' id='line_1_8' title="bbox 195 352 981 390; baseline -0.004 -8"><span class='ocrx_word' id='word_1_40' title='bbox 195 355 296 390; x_wconf 78' lang='lat' dir='ltr'><strong>Spiritu</strong></span> <span class='ocrx_word' id='word_1_41' title='bbox 313 358 420 386; x_wconf 87' lang='lat' dir='ltr'><strong>sancto,</strong></span> <span class='ocrx_word' id='word_1_42' title='bbox 439 354 562 388; x_wconf 83' lang='lat' dir='ltr'><strong>nihilque</strong></span> <span class='ocrx_word' id='word_1_43' title='bbox 583 353 784 388; x_wconf 79' lang='lat' dir='ltr'><strong>imperfectum,</strong></span> <span class='ocrx_word' id='word_1_44' title='bbox 800 358 828 380; x_wconf 85' lang='grc' dir='ltr'><strong>ιιι</strong></span> <span class='ocrx_word' id='word_1_45' title='bbox 849 352 914 388; x_wconf 90' lang='lat' dir='ltr'><strong>quid</strong></span> <span class='ocrx_word' id='word_1_46' title='bbox 933 360 981 379; x_wconf 76' lang='lat' dir='ltr'><strong>ex-</strong></span> 
     </span>
    </p>
   </div>
   <div class='ocr_carea' id='block_1_9' title="bbox 194 398 980 434">
    <p class='ocr_par' dir='ltr' id='par_1_9' title="bbox 194 398 980 434">
     <span class='ocr_line' id='line_1_9' title="bbox 194 398 980 434; baseline -0.003 -8"><span class='ocrx_word' id='word_1_47' title='bbox 194 400 328 427; x_wconf 83' lang='lat' dir='ltr'><strong>trinsecus</strong></span> <span class='ocrx_word' id='word_1_48' title='bbox 341 403 517 431; x_wconf 73' lang='lat' dir='ltr'><strong>assumatur;</strong></span> <span class='ocrx_word' id='word_1_49' title='bbox 535 407 567 426; x_wconf 81' lang='lat' dir='ltr'><strong>ex</strong></span> <span class='ocrx_word' id='word_1_50' title='bbox 583 399 740 434; x_wconf 73' lang='lat' dir='ltr'><strong>prmscripto</strong></span> <span class='ocrx_word' id='word_1_51' title='bbox 759 399 831 426; x_wconf 89' lang='lat' dir='ltr'><strong>enim</strong></span> <span class='ocrx_word' id='word_1_52' title='bbox 854 398 914 432; x_wconf 84' lang='lat' dir='ltr'><strong>ejus</strong></span> <span class='ocrx_word' id='word_1_53' title='bbox 933 398 980 432; x_wconf 85' lang='lat' dir='ltr'><strong>qui</strong></span> 
     </span>
    </p>
   </div>
   <div class='ocr_carea' id='block_1_10' title="bbox 193 444 980 479">
    <p class='ocr_par' dir='ltr' id='par_1_10' title="bbox 193 444 980 479">
     <span class='ocr_line' id='line_1_10' title="bbox 193 444 980 479; baseline -0.003 -7"><span class='ocrx_word' id='word_1_54' title='bbox 193 451 256 473; x_wconf 78' lang='lat' dir='ltr'><strong>ante</strong></span> <span class='ocrx_word' id='word_1_55' title='bbox 269 453 365 472; x_wconf 89' lang='lat' dir='ltr'><strong>omnes</strong></span> <span class='ocrx_word' id='word_1_56' title='bbox 389 449 530 472; x_wconf 87' lang='lat' dir='ltr'><strong>creaturas</strong></span> <span class='ocrx_word' id='word_1_57' title='bbox 546 449 588 472; x_wconf 92' lang='lat' dir='ltr'><strong>cst</strong></span> <span class='ocrx_word' id='word_1_58' title='bbox 603 445 764 476; x_wconf 84' lang='lat' dir='ltr'><strong>honoratur,</strong></span> <span class='ocrx_word' id='word_1_59' title='bbox 781 448 811 471; x_wconf 91' lang='lat' dir='ltr'><strong>ut</strong></span> <span class='ocrx_word' id='word_1_60' title='bbox 831 444 890 479; x_wconf 90' lang='lat' dir='ltr'><strong>ipse</strong></span> <span class='ocrx_word' id='word_1_61' title='bbox 912 444 980 471; x_wconf 89' lang='lat' dir='ltr'><strong>scri-</strong></span> 
     </span>
    </p>
   </div>
   <div class='ocr_carea' id='block_1_11' title="bbox 193 490 980 527">
    <p class='ocr_par' dir='ltr' id='par_1_11' title="bbox 193 490 980 527">
     <span class='ocr_line' id='line_1_11' title="bbox 193 490 980 527; baseline -0.003 -9"><span class='ocrx_word' id='word_1_62' title='bbox 193 491 281 527; x_wconf 87' lang='lat' dir='ltr'><strong>psisti,</strong></span> <span class='ocrx_word' id='word_1_63' title='bbox 309 499 341 518; x_wconf 85' lang='lat' dir='ltr'><strong>eo</strong></span> <span class='ocrx_word' id='word_1_64' title='bbox 362 491 454 518; x_wconf 86' lang='lat' dir='ltr'><strong>animo</strong></span> <span class='ocrx_word' id='word_1_65' title='bbox 479 495 508 518; x_wconf 88' lang='lat' dir='ltr'><strong>ut</strong></span> <span class='ocrx_word' id='word_1_66' title='bbox 534 491 714 526; x_wconf 79' lang='lat' dir='ltr'><strong>signiﬁcares,</strong></span> <span class='ocrx_word' id='word_1_67' title='bbox 734 499 787 518; x_wconf 92' lang='lat' dir='ltr'><strong>non</strong></span> <span class='ocrx_word' id='word_1_68' title='bbox 805 498 867 517; x_wconf 86' lang='lat' dir='ltr'><strong>esse</strong></span> <span class='ocrx_word' id='word_1_69' title='bbox 891 490 980 524; x_wconf 83' lang='lat' dir='ltr'><strong>ipsum</strong></span> 
     </span>
    </p>
   </div>
   <div class='ocr_carea' id='block_1_12' title="bbox 193 534 980 571">
    <p class='ocr_par' dir='ltr' id='par_1_12' title="bbox 193 534 980 571">
     <span class='ocr_line' id='line_1_12' title="bbox 193 534 980 571; baseline -0.004 -8"><span class='ocrx_word' id='word_1_70' title='bbox 193 536 253 571; x_wconf 81' lang='lat' dir='ltr'><strong>ejus</strong></span> <span class='ocrx_word' id='word_1_71' title='bbox 268 535 398 571; x_wconf 77' lang='lat' dir='ltr'><strong>Spiritum</strong></span> <span class='ocrx_word' id='word_1_72' title='bbox 417 536 444 562; x_wconf 92' lang='lat' dir='ltr'><strong>in</strong></span> <span class='ocrx_word' id='word_1_73' title='bbox 466 536 504 563; x_wconf 88' lang='lat' dir='ltr'><strong>rei</strong></span> <span class='ocrx_word' id='word_1_74' title='bbox 526 536 650 567; x_wconf 77' lang='lat' dir='ltr'><strong>veritate,</strong></span> <span class='ocrx_word' id='word_1_75' title='bbox 664 535 712 562; x_wconf 86' lang='lat' dir='ltr'><strong>sed</strong></span> <span class='ocrx_word' id='word_1_76' title='bbox 726 535 831 570; x_wconf 79' lang='lat' dir='ltr'><strong>gratia;</strong></span> <span class='ocrx_word' id='word_1_77' title='bbox 852 534 980 569; x_wconf 89' lang='lat' dir='ltr'><strong>quemad-</strong></span> 
     </span>
    </p>
   </div>
   <div class='ocr_carea' id='block_1_13' title="bbox 194 580 981 616">
    <p class='ocr_par' dir='ltr' id='par_1_13' title="bbox 194 580 981 616">
     <span class='ocr_line' id='line_1_13' title="bbox 194 580 981 616; baseline -0.001 -8"><span class='ocrx_word' id='word_1_78' title='bbox 194 582 303 609; x_wconf 85' lang='lat' dir='ltr'><strong>modum</strong></span> <span class='ocrx_word' id='word_1_79' title='bbox 318 586 345 609; x_wconf 88' lang='lat' dir='ltr'><strong>et</strong></span> <span class='ocrx_word' id='word_1_80' title='bbox 366 581 410 608; x_wconf 92' lang='lat' dir='ltr'><strong>alii</strong></span> <span class='ocrx_word' id='word_1_81' title='bbox 433 589 528 608; x_wconf 90' lang='lat' dir='ltr'><strong>oumes</strong></span> <span class='ocrx_word' id='word_1_82' title='bbox 550 581 775 608; x_wconf 87' lang='lat' dir='ltr'><strong>administratorii</strong></span> <span class='ocrx_word' id='word_1_83' title='bbox 797 580 917 616; x_wconf 87' lang='lat' dir='ltr'><strong>quidem,</strong></span> <span class='ocrx_word' id='word_1_84' title='bbox 933 581 981 607; x_wconf 88' lang='lat' dir='ltr'><strong>sed</strong></span> 
     </span>
    </p>
   </div>
   <div class='ocr_carea' id='block_1_14' title="bbox 195 627 654 662">
    <p class='ocr_par' dir='ltr' id='par_1_14' title="bbox 195 627 654 662">
     <span class='ocr_line' id='line_1_14' title="bbox 195 627 654 662; baseline -0.004 -7"><span class='ocrx_word' id='word_1_85' title='bbox 195 636 248 655; x_wconf 81' lang='lat' dir='ltr'><strong>nun</strong></span> <span class='ocrx_word' id='word_1_86' title='bbox 263 632 370 659; x_wconf 79' lang='lat' dir='ltr'><strong>natura,</strong></span> <span class='ocrx_word' id='word_1_87' title='bbox 385 628 444 662; x_wconf 88' lang='lat' dir='ltr'><strong>ejus</strong></span> <span class='ocrx_word' id='word_1_88' title='bbox 453 627 564 662; x_wconf 82' lang='lat' dir='ltr'><strong>spiritus</strong></span> <span class='ocrx_word' id='word_1_89' title='bbox 580 630 654 654; x_wconf 90' lang='lat' dir='ltr'><strong>sunt.</strong></span> 
     </span>
    </p>
   </div>
   <div class='ocr_carea' id='block_1_15' title="bbox 231 715 982 750">
    <p class='ocr_par' dir='ltr' id='par_1_15' title="bbox 231 715 982 750">
     <span class='ocr_line' id='line_1_15' title="bbox 231 715 982 750; baseline 0 -8"><span class='ocrx_word' id='word_1_90' title='bbox 231 717 255 743; x_wconf 89' lang='lat'><strong>7.</strong></span> <span class='ocrx_word' id='word_1_91' title='bbox 276 716 341 746; x_wconf 87' lang='lat' dir='ltr'><strong>Post</strong></span> <span class='ocrx_word' id='word_1_92' title='bbox 356 716 413 744; x_wconf 64' lang='lat' dir='ltr'><strong>haec</strong></span> <span class='ocrx_word' id='word_1_93' title='bbox 429 723 537 743; x_wconf 89' lang='lat' dir='ltr'><strong>rursum</strong></span> <span class='ocrx_word' id='word_1_94' title='bbox 560 723 610 743; x_wconf 92' lang='lat' dir='ltr'><strong>nos</strong></span> <span class='ocrx_word' id='word_1_95' title='bbox 630 724 663 743; x_wconf 74' lang='lat' dir='ltr'><strong>ex</strong></span> <span class='ocrx_word' id='word_1_96' title='bbox 680 724 709 743; x_wconf 87' lang='lat' dir='ltr'><strong>se</strong></span> <span class='ocrx_word' id='word_1_97' title='bbox 733 719 886 750; x_wconf 63' lang='lat' dir='ltr'><strong>quaerentes</strong></span> <span class='ocrx_word' id='word_1_98' title='bbox 904 715 982 742; x_wconf 89' lang='lat' dir='ltr'><strong>indu-</strong></span> 
     </span>
    </p>
   </div>
   <div class='ocr_carea' id='block_1_16' title="bbox 194 761 982 798">
    <p class='ocr_par' dir='ltr' id='par_1_16' title="bbox 194 761 982 798">
     <span class='ocr_line' id='line_1_16' title="bbox 194 761 982 798; baseline -0.004 -8"><span class='ocrx_word' id='word_1_99' title='bbox 194 763 231 790; x_wconf 85' lang='lat' dir='ltr'><strong>cit</strong></span> <span class='ocrx_word' id='word_1_100' title='bbox 245 773 250 789; x_wconf 89' lang='lat'>:</span> <span class='ocrx_word' id='word_1_101' title='bbox 267 763 327 790; x_wconf 77' lang='lat' dir='ltr'><strong>Non</strong></span> <span class='ocrx_word' id='word_1_102' title='bbox 347 767 389 793; x_wconf 88' lang='lat' dir='ltr'><strong>est</strong></span> <span class='ocrx_word' id='word_1_103' title='bbox 400 771 465 798; x_wconf 79' lang='lat' dir='ltr'><strong>ergo</strong></span> <span class='ocrx_word' id='word_1_104' title='bbox 476 763 617 798; x_wconf 74' lang='lat' dir='ltr'><strong>aequaliter</strong></span> <span class='ocrx_word' id='word_1_105' title='bbox 632 762 809 790; x_wconf 78' lang='lat' dir='ltr'><strong>honorandus</strong></span> <span class='ocrx_word' id='word_1_106' title='bbox 824 769 885 789; x_wconf 88' lang='lat' dir='ltr'><strong>cum</strong></span> <span class='ocrx_word' id='word_1_107' title='bbox 901 761 982 788; x_wconf 85' lang='lat' dir='ltr'><strong>Patre</strong></span> 
     </span>
    </p>
   </div>
   <div class='ocr_carea' id='block_1_17' title="bbox 193 807 978 844">
    <p class='ocr_par' dir='ltr' id='par_1_17' title="bbox 193 807 978 844">
     <span class='ocr_line' id='line_1_17' title="bbox 193 807 978 844; baseline -0.003 -8"><span class='ocrx_word' id='word_1_108' title='bbox 193 815 220 836; x_wconf 88' lang='lat' dir='ltr'><strong>et</strong></span> <span class='ocrx_word' id='word_1_109' title='bbox 236 808 303 836; x_wconf 84' lang='lat' dir='ltr'><strong>Filio</strong></span> <span class='ocrx_word' id='word_1_110' title='bbox 312 809 431 844; x_wconf 78' lang='lat' dir='ltr'><strong>Spiritus</strong></span> <span class='ocrx_word' id='word_1_111' title='bbox 445 809 579 836; x_wconf 83' lang='lat' dir='ltr'><strong>sanctus?</strong></span> <span class='ocrx_word' id='word_1_112' title='bbox 593 808 768 842; x_wconf 78' lang='lat' dir='ltr'><strong>Rursumque</strong></span> <span class='ocrx_word' id='word_1_113' title='bbox 785 807 836 835; x_wconf 88' lang='lat' dir='ltr'><strong>sibi</strong></span> <span class='ocrx_word' id='word_1_114' title='bbox 853 807 959 842; x_wconf 79' lang='lat' dir='ltr'><strong>reponit</strong></span> <span class='ocrx_word' id='word_1_115' title='bbox 973 816 978 834; x_wconf 89' lang='lat'>:</span> 
     </span>
    </p>
   </div>
   <div class='ocr_carea' id='block_1_18' title="bbox 195 852 979 888">
    <p class='ocr_par' dir='ltr' id='par_1_18' title="bbox 195 852 979 888">
     <span class='ocr_line' id='line_1_18' title="bbox 195 852 979 888; baseline -0.003 -8"><span class='ocrx_word' id='word_1_116' title='bbox 195 853 371 888; x_wconf 76' lang='lat' dir='ltr'><strong>Nequaquam</strong></span> <span class='ocrx_word' id='word_1_117' title='bbox 394 857 446 880; x_wconf 90' lang='lat' dir='ltr'><strong>est.</strong></span> <span class='ocrx_word' id='word_1_118' title='bbox 471 853 565 888; x_wconf 81' lang='lat' dir='ltr'><strong>Neque</strong></span> <span class='ocrx_word' id='word_1_119' title='bbox 591 853 664 880; x_wconf 87' lang='lat' dir='ltr'><strong>enim</strong></span> <span class='ocrx_word' id='word_1_120' title='bbox 690 853 822 888; x_wconf 88' lang='lat' dir='ltr'><strong>scriptum</strong></span> <span class='ocrx_word' id='word_1_121' title='bbox 855 852 905 879; x_wconf 90' lang='lat' dir='ltr'><strong>hoc</strong></span> <span class='ocrx_word' id='word_1_122' title='bbox 928 856 979 879; x_wconf 88' lang='lat' dir='ltr'><strong>est.</strong></span> 
     </span>
    </p>
   </div>
   <div class='ocr_carea' id='block_1_19' title="bbox 194 897 981 934">
    <p class='ocr_par' dir='ltr' id='par_1_19' title="bbox 194 897 981 934">
     <span class='ocr_line' id='line_1_19' title="bbox 194 897 981 934; baseline -0.004 -7"><span class='ocrx_word' id='word_1_123' title='bbox 194 899 262 926; x_wconf 83' lang='lat' dir='ltr'><strong>Nam</strong></span> <span class='ocrx_word' id='word_1_124' title='bbox 280 899 314 927; x_wconf 85' lang='lat' dir='ltr'><strong>de</strong></span> <span class='ocrx_word' id='word_1_125' title='bbox 332 899 413 927; x_wconf 84' lang='lat' dir='ltr'><strong>Patre</strong></span> <span class='ocrx_word' id='word_1_126' title='bbox 433 899 544 934; x_wconf 83' lang='lat' dir='ltr'><strong>quidem</strong></span> <span class='ocrx_word' id='word_1_127' title='bbox 561 904 587 927; x_wconf 86' lang='lat' dir='ltr'><strong>et</strong></span> <span class='ocrx_word' id='word_1_128' title='bbox 601 898 672 927; x_wconf 85' lang='lat' dir='ltr'><strong>Filio</strong></span> <span class='ocrx_word' id='word_1_129' title='bbox 695 900 827 934; x_wconf 72' lang='lat' dir='ltr'><strong>Scriptum</strong></span> <span class='ocrx_word' id='word_1_130' title='bbox 843 902 886 926; x_wconf 86' lang='lat' dir='ltr'><strong>est</strong></span> <span class='ocrx_word' id='word_1_131' title='bbox 899 908 905 925; x_wconf 90' lang='lat'>:</span> <span class='ocrx_word' id='word_1_132' title='bbox 920 907 928 923; x_wconf 74' lang='grc' dir='ltr'><strong>ι</strong></span> <span class='ocrx_word' id='word_1_133' title='bbox 946 897 981 924; x_wconf 88' lang='lat' dir='ltr'><strong>Ut</strong></span> 
     </span>
    </p>
   </div>
   <div class='ocr_carea' id='block_1_20' title="bbox 195 944 979 980">
    <p class='ocr_par' dir='ltr' id='par_1_20' title="bbox 195 944 979 980">
     <span class='ocr_line' id='line_1_20' title="bbox 195 944 979 980; baseline -0.003 -9"><span class='ocrx_word' id='word_1_134' title='bbox 195 946 379 980; x_wconf 76' lang='lat' dir='ltr'><strong>honoriﬁcent</strong></span> <span class='ocrx_word' id='word_1_135' title='bbox 393 945 503 978; x_wconf 84' lang='lat' dir='ltr'><strong>Filium,</strong></span> <span class='ocrx_word' id='word_1_136' title='bbox 519 947 591 973; x_wconf 87' lang='lat' dir='ltr'><strong>sicut</strong></span> <span class='ocrx_word' id='word_1_137' title='bbox 607 946 789 973; x_wconf 81' lang='lat' dir='ltr'><strong>honoriﬁcam</strong></span> <span class='ocrx_word' id='word_1_138' title='bbox 804 944 911 972; x_wconf 86' lang='lat' dir='ltr'><strong>Patrem</strong></span> <span class='ocrx_word' id='word_1_139' title='bbox 924 944 955 969; x_wconf 83' lang='grc'><strong>⁸³.</strong></span> <span class='ocrx_word' id='word_1_140' title='bbox 969 954 979 970; x_wconf 71' lang='grc' dir='ltr'><strong>ι</strong></span> 
     </span>
    </p>
   </div>
   <div class='ocr_carea' id='block_1_21' title="bbox 196 990 979 1026">
    <p class='ocr_par' dir='ltr' id='par_1_21' title="bbox 196 990 979 1026">
     <span class='ocr_line' id='line_1_21' title="bbox 196 990 979 1026; baseline -0.004 -8"><span class='ocrx_word' id='word_1_141' title='bbox 196 991 288 1026; x_wconf 82' lang='lat' dir='ltr'><strong>Neque</strong></span> <span class='ocrx_word' id='word_1_142' title='bbox 308 991 418 1021; x_wconf 87' lang='lat' dir='ltr'><strong>dicitur,</strong></span> <span class='ocrx_word' id='word_1_143' title='bbox 439 995 466 1018; x_wconf 89' lang='lat' dir='ltr'><strong>et</strong></span> <span class='ocrx_word' id='word_1_144' title='bbox 493 990 635 1026; x_wconf 86' lang='lat' dir='ltr'><strong>Spiritum.</strong></span> <span class='ocrx_word' id='word_1_145' title='bbox 654 990 724 1017; x_wconf 93' lang='lat' dir='ltr'><strong>Tum</strong></span> <span class='ocrx_word' id='word_1_146' title='bbox 751 998 800 1018; x_wconf 89' lang='lat' dir='ltr'><strong>nos</strong></span> <span class='ocrx_word' id='word_1_147' title='bbox 827 990 860 1017; x_wconf 80' lang='lat' dir='ltr'><strong>ad</strong></span> <span class='ocrx_word' id='word_1_148' title='bbox 882 990 979 1016; x_wconf 89' lang='lat' dir='ltr'><strong>illum:</strong></span> 
     </span>
    </p>
   </div>
   <div class='ocr_carea' id='block_1_22' title="bbox 196 1035 982 1070">
    <p class='ocr_par' dir='ltr' id='par_1_22' title="bbox 196 1035 982 1070">
     <span class='ocr_line' id='line_1_22' title="bbox 196 1035 982 1070; baseline -0.003 -7"><span class='ocrx_word' id='word_1_149' title='bbox 196 1035 285 1063; x_wconf 65' lang='lat' dir='ltr'><strong>Beata:</strong></span> <span class='ocrx_word' id='word_1_150' title='bbox 303 1044 384 1064; x_wconf 85' lang='lat' dir='ltr'><strong>aures</strong></span> <span class='ocrx_word' id='word_1_151' title='bbox 401 1044 460 1070; x_wconf 66' lang='lat' dir='ltr'><strong>quae</strong></span> <span class='ocrx_word' id='word_1_152' title='bbox 484 1043 532 1063; x_wconf 80' lang='lat' dir='ltr'><strong>vos</strong></span> <span class='ocrx_word' id='word_1_153' title='bbox 553 1044 606 1063; x_wconf 85' lang='lat' dir='ltr'><strong>non</strong></span> <span class='ocrx_word' id='word_1_154' title='bbox 625 1036 747 1065; x_wconf 77' lang='lat' dir='ltr'><strong>audiere.</strong></span> <span class='ocrx_word' id='word_1_155' title='bbox 768 1042 794 1063; x_wconf 89' lang='lat' dir='ltr'><strong>et</strong></span> <span class='ocrx_word' id='word_1_156' title='bbox 811 1036 908 1062; x_wconf 72' lang='lat' dir='ltr'><strong>anima:</strong></span> <span class='ocrx_word' id='word_1_157' title='bbox 922 1042 982 1070; x_wconf 76' lang='lat' dir='ltr'><strong>qua:</strong></span> 
     </span>
    </p>
   </div>
   <div class='ocr_carea' id='block_1_23' title="bbox 196 1081 981 1116">
    <p class='ocr_par' dir='ltr' id='par_1_23' title="bbox 196 1081 981 1116">
     <span class='ocr_line' id='line_1_23' title="bbox 196 1081 981 1116; baseline -0.003 -6"><span class='ocrx_word' id='word_1_158' title='bbox 196 1090 211 1109; x_wconf 65' lang='grc' dir='ltr'><strong>α</strong></span> <span class='ocrx_word' id='word_1_159' title='bbox 234 1082 333 1110; x_wconf 85' lang='lat' dir='ltr'><strong>vestris</strong></span> <span class='ocrx_word' id='word_1_160' title='bbox 358 1082 531 1110; x_wconf 83' lang='lat' dir='ltr'><strong>sermonibus</strong></span> <span class='ocrx_word' id='word_1_161' title='bbox 545 1083 695 1109; x_wconf 68' lang='lat' dir='ltr'><strong>vulnerata:</strong></span> <span class='ocrx_word' id='word_1_162' title='bbox 711 1090 765 1109; x_wconf 94' lang='lat' dir='ltr'><strong>non</strong></span> <span class='ocrx_word' id='word_1_163' title='bbox 789 1082 873 1109; x_wconf 79' lang='lat' dir='ltr'><strong>fuere.</strong></span> <span class='ocrx_word' id='word_1_164' title='bbox 890 1081 981 1116; x_wconf 86' lang='lat' dir='ltr'><strong>Ecqua</strong></span> 
     </span>
    </p>
   </div>
   <div class='ocr_carea' id='block_1_24' title="bbox 195 1127 983 1162">
    <p class='ocr_par' dir='ltr' id='par_1_24' title="bbox 195 1127 983 1162">
     <span class='ocr_line' id='line_1_24' title="bbox 195 1127 983 1162; baseline -0.003 -7"><span class='ocrx_word' id='word_1_165' title='bbox 195 1136 261 1155; x_wconf 80' lang='lat' dir='ltr'><strong>vero</strong></span> <span class='ocrx_word' id='word_1_166' title='bbox 275 1129 392 1158; x_wconf 84' lang='lat' dir='ltr'><strong>ratione,</strong></span> <span class='ocrx_word' id='word_1_167' title='bbox 408 1128 431 1154; x_wconf 94' lang='lat' dir='ltr'><strong>si</strong></span> <span class='ocrx_word' id='word_1_168' title='bbox 447 1135 502 1154; x_wconf 90' lang='lat' dir='ltr'><strong>non</strong></span> <span class='ocrx_word' id='word_1_169' title='bbox 517 1128 642 1155; x_wconf 89' lang='lat' dir='ltr'><strong>eumdem</strong></span> <span class='ocrx_word' id='word_1_170' title='bbox 662 1132 741 1162; x_wconf 87' lang='lat' dir='ltr'><strong>putas</strong></span> <span class='ocrx_word' id='word_1_171' title='bbox 760 1127 913 1154; x_wconf 88' lang='lat' dir='ltr'><strong>habendum</strong></span> <span class='ocrx_word' id='word_1_172' title='bbox 933 1127 983 1154; x_wconf 89' lang='lat' dir='ltr'><strong>bo-</strong></span> 
     </span>
    </p>
   </div>
   <div class='ocr_carea' id='block_1_25' title="bbox 196 1173 982 1209">
    <p class='ocr_par' dir='ltr' id='par_1_25' title="bbox 196 1173 982 1209">
     <span class='ocr_line' id='line_1_25' title="bbox 196 1173 982 1209; baseline -0.003 -7"><span class='ocrx_word' id='word_1_173' title='bbox 196 1182 290 1202; x_wconf 86' lang='lat' dir='ltr'><strong>uorem</strong></span> <span class='ocrx_word' id='word_1_174' title='bbox 305 1174 418 1209; x_wconf 87' lang='lat' dir='ltr'><strong>Spiritui</strong></span> <span class='ocrx_word' id='word_1_175' title='bbox 431 1177 537 1205; x_wconf 81' lang='lat' dir='ltr'><strong>sancto,</strong></span> <span class='ocrx_word' id='word_1_176' title='bbox 552 1182 632 1208; x_wconf 91' lang='lat' dir='ltr'><strong>quem</strong></span> <span class='ocrx_word' id='word_1_177' title='bbox 650 1173 724 1201; x_wconf 83' lang='lat' dir='ltr'><strong>Patri</strong></span> <span class='ocrx_word' id='word_1_178' title='bbox 737 1178 818 1208; x_wconf 86' lang='lat' dir='ltr'><strong>atque</strong></span> <span class='ocrx_word' id='word_1_179' title='bbox 829 1173 910 1204; x_wconf 83' lang='lat' dir='ltr'><strong>Filio,</strong></span> <span class='ocrx_word' id='word_1_180' title='bbox 922 1174 982 1208; x_wconf 85' lang='lat' dir='ltr'><strong>pari</strong></span> 
     </span>
    </p>
   </div>
   <div class='ocr_carea' id='block_1_26' title="bbox 197 1219 982 1255">
    <p class='ocr_par' dir='ltr' id='par_1_26' title="bbox 197 1219 982 1255">
     <span class='ocr_line' id='line_1_26' title="bbox 197 1219 982 1255; baseline 0 -8"><span class='ocrx_word' id='word_1_181' title='bbox 197 1228 259 1248; x_wconf 89' lang='lat' dir='ltr'><strong>cum</strong></span> <span class='ocrx_word' id='word_1_182' title='bbox 272 1219 402 1255; x_wconf 87' lang='lat' dir='ltr'><strong>(Spiritus</strong></span> <span class='ocrx_word' id='word_1_183' title='bbox 425 1220 525 1255; x_wconf 82' lang='lat' dir='ltr'><strong>sancti)</strong></span> <span class='ocrx_word' id='word_1_184' title='bbox 544 1220 659 1252; x_wconf 82' lang='lat' dir='ltr'><strong>honore,</strong></span> <span class='ocrx_word' id='word_1_185' title='bbox 683 1221 710 1247; x_wconf 93' lang='lat' dir='ltr'><strong>in</strong></span> <span class='ocrx_word' id='word_1_186' title='bbox 729 1221 804 1247; x_wconf 86' lang='lat' dir='ltr'><strong>illum</strong></span> <span class='ocrx_word' id='word_1_187' title='bbox 827 1220 982 1254; x_wconf 86' lang='lat' dir='ltr'><strong>baptizatus</strong></span> 
     </span>
    </p>
   </div>
   <div class='ocr_carea' id='block_1_27' title="bbox 196 1264 984 1299">
    <p class='ocr_par' dir='ltr' id='par_1_27' title="bbox 196 1264 984 1299">
     <span class='ocr_line' id='line_1_27' title="bbox 196 1264 984 1299; baseline -0.004 -6"><span class='ocrx_word' id='word_1_188' title='bbox 196 1266 245 1294; x_wconf 81' lang='lat' dir='ltr'><strong>es?</strong></span> <span class='ocrx_word' id='word_1_189' title='bbox 259 1265 355 1292; x_wconf 85' lang='lat' dir='ltr'><strong>Annon</strong></span> <span class='ocrx_word' id='word_1_190' title='bbox 376 1265 424 1292; x_wconf 86' lang='lat' dir='ltr'><strong>tibi</strong></span> <span class='ocrx_word' id='word_1_191' title='bbox 436 1264 516 1291; x_wconf 85' lang='lat' dir='ltr'><strong>Pater</strong></span> <span class='ocrx_word' id='word_1_192' title='bbox 533 1269 615 1299; x_wconf 88' lang='lat' dir='ltr'><strong>atque</strong></span> <span class='ocrx_word' id='word_1_193' title='bbox 629 1264 714 1291; x_wconf 78' lang='lat' dir='ltr'><strong>Filius</strong></span> <span class='ocrx_word' id='word_1_194' title='bbox 731 1264 902 1299; x_wconf 84' lang='lat' dir='ltr'><strong>baptismatis</strong></span> <span class='ocrx_word' id='word_1_195' title='bbox 917 1272 984 1291; x_wconf 93' lang='lat' dir='ltr'><strong>con-</strong></span> 
     </span>
    </p>
   </div>
   <div class='ocr_carea' id='block_1_28' title="bbox 197 1309 983 1338">
    <p class='ocr_par' dir='ltr' id='par_1_28' title="bbox 197 1309 983 1338">
     <span class='ocr_line' id='line_1_28' title="bbox 197 1309 983 1338; baseline -0.003 0"><span class='ocrx_word' id='word_1_196' title='bbox 197 1311 317 1338; x_wconf 79' lang='lat' dir='ltr'><strong>fessione</strong></span> <span class='ocrx_word' id='word_1_197' title='bbox 333 1311 459 1338; x_wconf 89' lang='lat' dir='ltr'><strong>videntur</strong></span> <span class='ocrx_word' id='word_1_198' title='bbox 473 1310 621 1337; x_wconf 86' lang='lat' dir='ltr'><strong>honorari?</strong></span> <span class='ocrx_word' id='word_1_199' title='bbox 636 1309 664 1336; x_wconf 88' lang='lat' dir='ltr'><strong>Si</strong></span> <span class='ocrx_word' id='word_1_200' title='bbox 684 1310 771 1336; x_wconf 84' lang='lat' dir='ltr'><strong>honor</strong></span> <span class='ocrx_word' id='word_1_201' title='bbox 785 1318 816 1336; x_wconf 88' lang='lat' dir='ltr'><strong>ea</strong></span> <span class='ocrx_word' id='word_1_202' title='bbox 835 1310 862 1336; x_wconf 92' lang='lat' dir='ltr'><strong>in</strong></span> <span class='ocrx_word' id='word_1_203' title='bbox 878 1318 907 1337; x_wconf 89' lang='lat' dir='ltr'><strong>re</strong></span> <span class='ocrx_word' id='word_1_204' title='bbox 923 1310 983 1336; x_wconf 90' lang='lat' dir='ltr'><strong>nul-</strong></span> 
     </span>
    </p>
   </div>
   <div class='ocr_carea' id='block_1_29' title="bbox 198 1355 984 1394">
    <p class='ocr_par' dir='ltr' id='par_1_29' title="bbox 198 1355 984 1394">
     <span class='ocr_line' id='line_1_29' title="bbox 198 1355 984 1394; baseline -0.003 -10"><span class='ocrx_word' id='word_1_205' title='bbox 198 1357 251 1394; x_wconf 59' lang='lat' dir='ltr'><strong>lus,</strong></span> <span class='ocrx_word' id='word_1_206' title='bbox 263 1364 394 1391; x_wconf 88' lang='lat' dir='ltr'><strong>quorsum</strong></span> <span class='ocrx_word' id='word_1_207' title='bbox 407 1355 597 1390; x_wconf 81' lang='lat' dir='ltr'><strong>baptizamur?</strong></span> <span class='ocrx_word' id='word_1_208' title='bbox 611 1355 701 1388; x_wconf 86' lang='lat' dir='ltr'><strong>Quare</strong></span> <span class='ocrx_word' id='word_1_209' title='bbox 717 1355 832 1390; x_wconf 80' lang='lat' dir='ltr'><strong>singulis</strong></span> <span class='ocrx_word' id='word_1_210' title='bbox 848 1355 922 1382; x_wconf 91' lang='lat' dir='ltr'><strong>horis</strong></span> <span class='ocrx_word' id='word_1_211' title='bbox 939 1363 984 1390; x_wconf 78' lang='lat' dir='ltr'><strong>pe-</strong></span> 
     </span>
    </p>
   </div>
   <div class='ocr_carea' id='block_1_30' title="bbox 198 1399 982 1436">
    <p class='ocr_par' dir='ltr' id='par_1_30' title="bbox 198 1399 982 1436">
     <span class='ocr_line' id='line_1_30' title="bbox 198 1399 982 1436; baseline -0.005 -7"><span class='ocrx_word' id='word_1_212' title='bbox 198 1402 361 1436; x_wconf 67' lang='lat' dir='ltr'><strong>riclitamur.</strong></span> <span class='ocrx_word' id='word_1_213' title='bbox 378 1406 408 1428; x_wconf 89' lang='lat' dir='ltr'><strong>ut</strong></span> <span class='ocrx_word' id='word_1_214' title='bbox 422 1401 587 1436; x_wconf 85' lang='lat' dir='ltr'><strong>baptismum</strong></span> <span class='ocrx_word' id='word_1_215' title='bbox 611 1407 752 1427; x_wconf 81' lang='lat' dir='ltr'><strong>servemus</strong></span> <span class='ocrx_word' id='word_1_216' title='bbox 768 1399 982 1429; x_wconf 82' lang='lat' dir='ltr'><strong>immaculatum,</strong></span> 
     </span>
    </p>
   </div>
   <div class='ocr_carea' id='block_1_31' title="bbox 199 1443 984 1483">
    <p class='ocr_par' dir='ltr' id='par_1_31' title="bbox 199 1443 984 1483">
     <span class='ocr_line' id='line_1_31' title="bbox 199 1443 984 1483; baseline -0.006 -9"><span class='ocrx_word' id='word_1_217' title='bbox 199 1447 343 1475; x_wconf 82' lang='lat' dir='ltr'><strong>adversum</strong></span> <span class='ocrx_word' id='word_1_218' title='bbox 357 1446 459 1483; x_wconf 83' lang='lat' dir='ltr'><strong>diaboli</strong></span> <span class='ocrx_word' id='word_1_219' title='bbox 475 1445 589 1473; x_wconf 88' lang='lat' dir='ltr'><strong>insidias</strong></span> <span class='ocrx_word' id='word_1_220' title='bbox 603 1445 784 1472; x_wconf 81' lang='lat' dir='ltr'><strong>dimicantes?</strong></span> <span class='ocrx_word' id='word_1_221' title='bbox 798 1444 853 1471; x_wconf 91' lang='lat' dir='ltr'><strong>Cur</strong></span> <span class='ocrx_word' id='word_1_222' title='bbox 870 1451 922 1471; x_wconf 92' lang='lat' dir='ltr'><strong>non</strong></span> <span class='ocrx_word' id='word_1_223' title='bbox 937 1443 984 1470; x_wconf 89' lang='lat' dir='ltr'><strong>tibi</strong></span> 
     </span>
    </p>
   </div>
   <div class='ocr_carea' id='block_1_32' title="bbox 199 1490 984 1528">
    <p class='ocr_par' dir='ltr' id='par_1_32' title="bbox 199 1490 984 1528">
     <span class='ocr_line' id='line_1_32' title="bbox 199 1490 984 1528; baseline -0.006 -8"><span class='ocrx_word' id='word_1_224' title='bbox 199 1493 306 1520; x_wconf 86' lang='lat' dir='ltr'><strong>videtur</strong></span> <span class='ocrx_word' id='word_1_225' title='bbox 327 1500 490 1528; x_wconf 84' lang='lat' dir='ltr'><strong>quacunque</strong></span> <span class='ocrx_word' id='word_1_226' title='bbox 510 1492 598 1527; x_wconf 83' lang='lat' dir='ltr'><strong>hostia</strong></span> <span class='ocrx_word' id='word_1_227' title='bbox 622 1491 796 1526; x_wconf 69' lang='lat' dir='ltr'><strong>praestantior</strong></span> <span class='ocrx_word' id='word_1_228' title='bbox 816 1490 861 1516; x_wconf 91' lang='lat' dir='ltr'><strong>illa</strong></span> <span class='ocrx_word' id='word_1_229' title='bbox 885 1497 984 1524; x_wconf 88' lang='lat' dir='ltr'><strong>corpo-</strong></span> 
     </span>
    </p>
   </div>
   <div class='ocr_carea' id='block_1_33' title="bbox 200 1534 985 1571">
    <p class='ocr_par' dir='ltr' id='par_1_33' title="bbox 200 1534 985 1571">
     <span class='ocr_line' id='line_1_33' title="bbox 200 1534 985 1571; baseline -0.008 -4"><span class='ocrx_word' id='word_1_230' title='bbox 200 1547 260 1566; x_wconf 92' lang='lat' dir='ltr'><strong>rum</strong></span> <span class='ocrx_word' id='word_1_231' title='bbox 284 1543 443 1567; x_wconf 89' lang='lat' dir='ltr'><strong>nostrorum</strong></span> <span class='ocrx_word' id='word_1_232' title='bbox 469 1538 611 1570; x_wconf 80' lang='lat' dir='ltr'><strong>exhibitio,</strong></span> <span class='ocrx_word' id='word_1_233' title='bbox 635 1537 742 1564; x_wconf 87' lang='lat' dir='ltr'><strong>dicente</strong></span> <span class='ocrx_word' id='word_1_234' title='bbox 757 1535 888 1571; x_wconf 86' lang='lat' dir='ltr'><strong>Apostolo</strong></span> <span class='ocrx_word' id='word_1_235' title='bbox 903 1545 909 1562; x_wconf 89' lang='lat'>:</span> <span class='ocrx_word' id='word_1_236' title='bbox 924 1543 934 1560; x_wconf 73' lang='grc' dir='ltr'><strong>ι</strong></span> <span class='ocrx_word' id='word_1_237' title='bbox 951 1534 985 1562; x_wconf 88' lang='lat' dir='ltr'><strong>Ut</strong></span> 
     </span>
    </p>
   </div>
   <div class='ocr_carea' id='block_1_34' title="bbox 199 1583 985 1621">
    <p class='ocr_par' dir='ltr' id='par_1_34' title="bbox 199 1583 985 1621">
     <span class='ocr_line' id='line_1_34' title="bbox 199 1583 985 1621; baseline -0.008 -7"><span class='ocrx_word' id='word_1_238' title='bbox 199 1586 350 1614; x_wconf 79' lang='lat' dir='ltr'><strong>exhibeatis</strong></span> <span class='ocrx_word' id='word_1_239' title='bbox 374 1594 489 1621; x_wconf 91' lang='lat' dir='ltr'><strong>corpora</strong></span> <span class='ocrx_word' id='word_1_240' title='bbox 511 1589 600 1612; x_wconf 77' lang='lat' dir='ltr'><strong>vestra</strong></span> <span class='ocrx_word' id='word_1_241' title='bbox 616 1584 733 1611; x_wconf 81' lang='lat' dir='ltr'><strong>hostiam</strong></span> <span class='ocrx_word' id='word_1_242' title='bbox 751 1583 896 1614; x_wconf 89' lang='lat' dir='ltr'><strong>viventem,</strong></span> <span class='ocrx_word' id='word_1_243' title='bbox 920 1589 985 1609; x_wconf 90' lang='lat' dir='ltr'><strong>san-</strong></span> 
     </span>
    </p>
   </div>
   <div class='ocr_carea' id='block_1_35' title="bbox 200 1626 986 1666">
    <p class='ocr_par' dir='ltr' id='par_1_35' title="bbox 200 1626 986 1666">
     <span class='ocr_line' id='line_1_35' title="bbox 200 1626 986 1666; baseline -0.006 -8"><span class='ocrx_word' id='word_1_244' title='bbox 200 1636 284 1662; x_wconf 65' lang='lat' dir='ltr'><strong>ctam.</strong></span> <span class='ocrx_word' id='word_1_245' title='bbox 306 1632 360 1658; x_wconf 80' lang='lat' dir='ltr'><strong>Deo</strong></span> <span class='ocrx_word' id='word_1_246' title='bbox 387 1630 585 1666; x_wconf 74' lang='lat' dir='ltr'><strong>placentem&quot;?</strong></span> <span class='ocrx_word' id='word_1_247' title='bbox 600 1639 608 1654; x_wconf 75' lang='grc' dir='ltr'><strong>ι</strong></span> <span class='ocrx_word' id='word_1_248' title='bbox 628 1628 724 1656; x_wconf 85' lang='lat' dir='ltr'><strong>Omnis</strong></span> <span class='ocrx_word' id='word_1_249' title='bbox 747 1635 828 1665; x_wconf 90' lang='lat' dir='ltr'><strong>porro</strong></span> <span class='ocrx_word' id='word_1_250' title='bbox 848 1627 937 1654; x_wconf 84' lang='lat' dir='ltr'><strong>hostia</strong></span> <span class='ocrx_word' id='word_1_251' title='bbox 959 1626 986 1653; x_wconf 93' lang='lat' dir='ltr'><strong>in</strong></span> 
     </span>
    </p>
   </div>
   <div class='ocr_carea' id='block_1_36' title="bbox 203 1672 987 1705">
    <p class='ocr_par' dir='ltr' id='par_1_36' title="bbox 203 1672 987 1705">
     <span class='ocr_line' id='line_1_36' title="bbox 203 1672 987 1705; baseline -0.006 -2"><span class='ocrx_word' id='word_1_252' title='bbox 203 1678 248 1705; x_wconf 74' lang='lat' dir='ltr'><strong>Itei</strong></span> <span class='ocrx_word' id='word_1_253' title='bbox 266 1678 397 1704; x_wconf 83' lang='lat' dir='ltr'><strong>honorem</strong></span> <span class='ocrx_word' id='word_1_254' title='bbox 420 1677 544 1704; x_wconf 76' lang='lat' dir='ltr'><strong>otTertur.</strong></span> <span class='ocrx_word' id='word_1_255' title='bbox 561 1675 637 1702; x_wconf 86' lang='lat' dir='ltr'><strong>Hanc</strong></span> <span class='ocrx_word' id='word_1_256' title='bbox 659 1683 723 1702; x_wconf 82' lang='lat' dir='ltr'><strong>vero</strong></span> <span class='ocrx_word' id='word_1_257' title='bbox 738 1673 811 1700; x_wconf 85' lang='lat' dir='ltr'><strong>Patri</strong></span> <span class='ocrx_word' id='word_1_258' title='bbox 827 1677 853 1701; x_wconf 86' lang='lat' dir='ltr'><strong>et</strong></span> <span class='ocrx_word' id='word_1_259' title='bbox 871 1672 942 1699; x_wconf 85' lang='lat' dir='ltr'><strong>Filio</strong></span> <span class='ocrx_word' id='word_1_260' title='bbox 960 1677 987 1699; x_wconf 86' lang='lat' dir='ltr'><strong>et</strong></span> 
     </span>
    </p>
   </div>
   <div class='ocr_carea' id='block_1_37' title="bbox 202 1719 987 1760">
    <p class='ocr_par' dir='ltr' id='par_1_37' title="bbox 202 1719 987 1760">
     <span class='ocr_line' id='line_1_37' title="bbox 202 1719 987 1760; baseline -0.009 -8"><span class='ocrx_word' id='word_1_261' title='bbox 202 1725 314 1760; x_wconf 84' lang='lat' dir='ltr'><strong>Spiritui</strong></span> <span class='ocrx_word' id='word_1_262' title='bbox 337 1727 432 1752; x_wconf 85' lang='lat' dir='ltr'><strong>sancto</strong></span> <span class='ocrx_word' id='word_1_263' title='bbox 455 1723 482 1750; x_wconf 94' lang='lat' dir='ltr'><strong>in</strong></span> <span class='ocrx_word' id='word_1_264' title='bbox 508 1722 644 1757; x_wconf 84' lang='lat' dir='ltr'><strong>baptismo</strong></span> <span class='ocrx_word' id='word_1_265' title='bbox 660 1721 741 1748; x_wconf 83' lang='lat' dir='ltr'><strong>etiam</strong></span> <span class='ocrx_word' id='word_1_266' title='bbox 765 1720 914 1747; x_wconf 87' lang='lat' dir='ltr'><strong>obtulimus</strong></span> <span class='ocrx_word' id='word_1_267' title='bbox 938 1719 987 1746; x_wconf 88' lang='lat' dir='ltr'><strong>ho-</strong></span> 
     </span>
    </p>
   </div>
   <div class='ocr_carea' id='block_1_38' title="bbox 203 1765 988 1802">
    <p class='ocr_par' dir='ltr' id='par_1_38' title="bbox 203 1765 988 1802">
     <span class='ocr_line' id='line_1_38' title="bbox 203 1765 988 1802; baseline -0.008 -4"><span class='ocrx_word' id='word_1_268' title='bbox 203 1771 294 1802; x_wconf 69' lang='lat' dir='ltr'><strong>stiam.</strong></span> <span class='ocrx_word' id='word_1_269' title='bbox 310 1778 364 1797; x_wconf 92' lang='lat' dir='ltr'><strong>non</strong></span> <span class='ocrx_word' id='word_1_270' title='bbox 382 1769 492 1797; x_wconf 86' lang='lat' dir='ltr'><strong>diverso</strong></span> <span class='ocrx_word' id='word_1_271' title='bbox 507 1769 578 1800; x_wconf 89' lang='lat' dir='ltr'><strong>loco,</strong></span> <span class='ocrx_word' id='word_1_272' title='bbox 598 1776 652 1795; x_wconf 92' lang='lat' dir='ltr'><strong>non</strong></span> <span class='ocrx_word' id='word_1_273' title='bbox 669 1767 724 1794; x_wconf 87' lang='lat' dir='ltr'><strong>alio</strong></span> <span class='ocrx_word' id='word_1_274' title='bbox 745 1767 825 1794; x_wconf 86' lang='lat' dir='ltr'><strong>modo</strong></span> <span class='ocrx_word' id='word_1_275' title='bbox 841 1765 988 1793; x_wconf 79' lang='lat' dir='ltr'><strong>honoravi-</strong></span> 
     </span>
    </p>
   </div>
   <div class='ocr_carea' id='block_1_39' title="bbox 202 1814 883 1849">
    <p class='ocr_par' dir='ltr' id='par_1_39' title="bbox 202 1814 883 1849">
     <span class='ocr_line' id='line_1_39' title="bbox 202 1814 883 1849; baseline -0.009 -4"><span class='ocrx_word' id='word_1_276' title='bbox 202 1825 264 1846; x_wconf 89' lang='lat' dir='ltr'><strong>mus</strong></span> <span class='ocrx_word' id='word_1_277' title='bbox 281 1816 389 1843; x_wconf 82' lang='lat' dir='ltr'><strong>Patrem</strong></span> <span class='ocrx_word' id='word_1_278' title='bbox 403 1819 430 1843; x_wconf 89' lang='lat' dir='ltr'><strong>et</strong></span> <span class='ocrx_word' id='word_1_279' title='bbox 448 1814 547 1841; x_wconf 88' lang='lat' dir='ltr'><strong>Filium</strong></span> <span class='ocrx_word' id='word_1_280' title='bbox 563 1819 590 1842; x_wconf 92' lang='lat' dir='ltr'><strong>et</strong></span> <span class='ocrx_word' id='word_1_281' title='bbox 602 1814 733 1849; x_wconf 85' lang='lat' dir='ltr'><strong>Spiritum</strong></span> <span class='ocrx_word' id='word_1_282' title='bbox 746 1817 883 1840; x_wconf 83' lang='lat' dir='ltr'><strong>sanctum.</strong></span> 
     </span>
    </p>
   </div>
   <div class='ocr_carea' id='block_1_40' title="bbox 238 1858 988 1894">
    <p class='ocr_par' dir='ltr' id='par_1_40' title="bbox 238 1858 988 1894">
     <span class='ocr_line' id='line_1_40' title="bbox 238 1858 988 1894; baseline -0.005 -6"><span class='ocrx_word' id='word_1_283' title='bbox 238 1861 264 1894; x_wconf 82' lang='lat'><strong>8.</strong></span> <span class='ocrx_word' id='word_1_284' title='bbox 284 1860 400 1888; x_wconf 86' lang='lat' dir='ltr'><strong>Perimle</strong></span> <span class='ocrx_word' id='word_1_285' title='bbox 422 1869 487 1888; x_wconf 89' lang='lat' dir='ltr'><strong>vero</strong></span> <span class='ocrx_word' id='word_1_286' title='bbox 499 1868 529 1886; x_wconf 92' lang='lat' dir='ltr'><strong>ac</strong></span> <span class='ocrx_word' id='word_1_287' title='bbox 542 1860 566 1887; x_wconf 90' lang='lat' dir='ltr'><strong>si</strong></span> <span class='ocrx_word' id='word_1_288' title='bbox 581 1858 678 1886; x_wconf 79' lang='lat' dir='ltr'><strong>fuisset</strong></span> <span class='ocrx_word' id='word_1_289' title='bbox 698 1867 713 1885; x_wconf 87' lang='lat' dir='ltr'><strong>a</strong></span> <span class='ocrx_word' id='word_1_290' title='bbox 737 1859 818 1885; x_wconf 84' lang='lat' dir='ltr'><strong>nobis</strong></span> <span class='ocrx_word' id='word_1_291' title='bbox 836 1858 988 1892; x_wconf 78' lang='lat' dir='ltr'><strong>interroga-</strong></span> 
     </span>
    </p>
   </div>
   <div class='ocr_carea' id='block_1_41' title="bbox 203 1903 990 1941">
    <p class='ocr_par' dir='ltr' id='par_1_41' title="bbox 203 1903 990 1941">
     <span class='ocr_line' id='line_1_41' title="bbox 203 1903 990 1941; baseline -0.008 -6"><span class='ocrx_word' id='word_1_292' title='bbox 203 1913 257 1941; x_wconf 79' lang='lat' dir='ltr'><strong>tus,</strong></span> <span class='ocrx_word' id='word_1_293' title='bbox 271 1914 301 1934; x_wconf 86' lang='lat' dir='ltr'><strong>se</strong></span> <span class='ocrx_word' id='word_1_294' title='bbox 317 1907 375 1941; x_wconf 89' lang='lat' dir='ltr'><strong>ipse</strong></span> <span class='ocrx_word' id='word_1_295' title='bbox 390 1905 480 1933; x_wconf 89' lang='lat' dir='ltr'><strong>denuo</strong></span> <span class='ocrx_word' id='word_1_296' title='bbox 505 1905 671 1939; x_wconf 79' lang='lat' dir='ltr'><strong>interrogat:</strong></span> <span class='ocrx_word' id='word_1_297' title='bbox 690 1903 764 1937; x_wconf 76' lang='lat' dir='ltr'><strong>Quid</strong></span> <span class='ocrx_word' id='word_1_298' title='bbox 779 1903 863 1938; x_wconf 79' lang='lat' dir='ltr'><strong>ergo?</strong></span> <span class='ocrx_word' id='word_1_299' title='bbox 878 1906 990 1930; x_wconf 69' lang='lat' dir='ltr'><strong>creatuo</strong></span> 
     </span>
    </p>
   </div>
   <div class='ocr_carea' id='block_1_42' title="bbox 203 1949 988 1988">
    <p class='ocr_par' dir='ltr' id='par_1_42' title="bbox 203 1949 988 1988">
     <span class='ocr_line' id='line_1_42' title="bbox 203 1949 988 1988; baseline -0.005 -8"><span class='ocrx_word' id='word_1_300' title='bbox 203 1960 297 1988; x_wconf 82' lang='lat' dir='ltr'><strong>ramne</strong></span> <span class='ocrx_word' id='word_1_301' title='bbox 312 1952 381 1980; x_wconf 89' lang='lat' dir='ltr'><strong>dicis</strong></span> <span class='ocrx_word' id='word_1_302' title='bbox 396 1951 528 1986; x_wconf 84' lang='lat' dir='ltr'><strong>Spiritum</strong></span> <span class='ocrx_word' id='word_1_303' title='bbox 540 1951 687 1978; x_wconf 84' lang='lat' dir='ltr'><strong>sanetum?</strong></span> <span class='ocrx_word' id='word_1_304' title='bbox 702 1950 760 1977; x_wconf 86' lang='lat' dir='ltr'><strong>Erit</strong></span> <span class='ocrx_word' id='word_1_305' title='bbox 777 1950 859 1985; x_wconf 74' lang='lat' dir='ltr'><strong>igitur</strong></span> <span class='ocrx_word' id='word_1_306' title='bbox 874 1949 919 1977; x_wconf 90' lang='lat' dir='ltr'><strong>ille</strong></span> <span class='ocrx_word' id='word_1_307' title='bbox 935 1956 988 1976; x_wconf 90' lang='lat' dir='ltr'><strong>una</strong></span> 
     </span>
    </p>
   </div>
   <div class='ocr_carea' id='block_1_43' title="bbox 203 1995 990 2032">
    <p class='ocr_par' dir='ltr' id='par_1_43' title="bbox 203 1995 990 2032">
     <span class='ocr_line' id='line_1_43' title="bbox 203 1995 990 2032; baseline -0.005 -6"><span class='ocrx_word' id='word_1_308' title='bbox 203 2007 236 2027; x_wconf 76' lang='lat' dir='ltr'><strong>ex</strong></span> <span class='ocrx_word' id='word_1_309' title='bbox 256 1998 411 2026; x_wconf 87' lang='lat' dir='ltr'><strong>creaturis?</strong></span> <span class='ocrx_word' id='word_1_310' title='bbox 427 1997 496 2025; x_wconf 88' lang='lat' dir='ltr'><strong>Tum</strong></span> <span class='ocrx_word' id='word_1_311' title='bbox 526 1997 578 2024; x_wconf 85' lang='lat' dir='ltr'><strong>sibi</strong></span> <span class='ocrx_word' id='word_1_312' title='bbox 601 1997 658 2032; x_wconf 85' lang='lat' dir='ltr'><strong>ipse</strong></span> <span class='ocrx_word' id='word_1_313' title='bbox 688 1995 896 2031; x_wconf 87' lang='lat' dir='ltr'><strong>respondet:Si</strong></span> <span class='ocrx_word' id='word_1_314' title='bbox 920 1995 990 2023; x_wconf 80' lang='lat' dir='ltr'><strong>scri-</strong></span> 
     </span>
    </p>
   </div>
   <div class='ocr_carea' id='block_1_44' title="bbox 205 2042 987 2081">
    <p class='ocr_par' dir='ltr' id='par_1_44' title="bbox 205 2042 987 2081">
     <span class='ocr_line' id='line_1_44' title="bbox 205 2042 987 2081; baseline -0.005 -9"><span class='ocrx_word' id='word_1_315' title='bbox 205 2050 281 2081; x_wconf 91' lang='lat' dir='ltr'><strong>ptum</strong></span> <span class='ocrx_word' id='word_1_316' title='bbox 303 2049 357 2079; x_wconf 75' lang='lat' dir='ltr'><strong>est,</strong></span> <span class='ocrx_word' id='word_1_317' title='bbox 373 2045 452 2076; x_wconf 82' lang='lat' dir='ltr'><strong>dico;</strong></span> <span class='ocrx_word' id='word_1_318' title='bbox 479 2045 502 2072; x_wconf 91' lang='lat' dir='ltr'><strong>si</strong></span> <span class='ocrx_word' id='word_1_319' title='bbox 522 2052 577 2072; x_wconf 90' lang='lat' dir='ltr'><strong>non</strong></span> <span class='ocrx_word' id='word_1_320' title='bbox 601 2048 644 2070; x_wconf 87' lang='lat' dir='ltr'><strong>est</strong></span> <span class='ocrx_word' id='word_1_321' title='bbox 669 2043 814 2078; x_wconf 87' lang='lat' dir='ltr'><strong>scriptum,</strong></span> <span class='ocrx_word' id='word_1_322' title='bbox 838 2050 892 2069; x_wconf 89' lang='lat' dir='ltr'><strong>non</strong></span> <span class='ocrx_word' id='word_1_323' title='bbox 916 2042 987 2069; x_wconf 86' lang='lat' dir='ltr'><strong>dico.</strong></span> 
     </span>
    </p>
   </div>
   <div class='ocr_carea' id='block_1_45' title="bbox 205 2088 990 2124">
    <p class='ocr_par' dir='ltr' id='par_1_45' title="bbox 205 2088 990 2124">
     <span class='ocr_line' id='line_1_45' title="bbox 205 2088 990 2124; baseline -0.006 -5"><span class='ocrx_word' id='word_1_324' title='bbox 205 2094 302 2120; x_wconf 86' lang='lat' dir='ltr'><strong>lterum</strong></span> <span class='ocrx_word' id='word_1_325' title='bbox 329 2095 419 2120; x_wconf 84' lang='lat' dir='ltr'><strong>autem</strong></span> <span class='ocrx_word' id='word_1_326' title='bbox 442 2091 468 2118; x_wconf 92' lang='lat' dir='ltr'><strong>id</strong></span> <span class='ocrx_word' id='word_1_327' title='bbox 486 2091 537 2122; x_wconf 89' lang='lat' dir='ltr'><strong>sibi</strong></span> <span class='ocrx_word' id='word_1_328' title='bbox 559 2090 664 2124; x_wconf 84' lang='lat' dir='ltr'><strong>objicit.</strong></span> <span class='ocrx_word' id='word_1_329' title='bbox 681 2089 760 2124; x_wconf 77' lang='lat' dir='ltr'><strong>quasi</strong></span> <span class='ocrx_word' id='word_1_330' title='bbox 786 2097 800 2116; x_wconf 85' lang='lat' dir='ltr'><strong>a</strong></span> <span class='ocrx_word' id='word_1_331' title='bbox 821 2089 900 2116; x_wconf 88' lang='lat' dir='ltr'><strong>nobis</strong></span> <span class='ocrx_word' id='word_1_332' title='bbox 923 2088 990 2115; x_wconf 84' lang='lat' dir='ltr'><strong>alla-</strong></span> 
     </span>
    </p>
   </div>
   <div class='ocr_carea' id='block_1_46' title="bbox 205 2135 990 2172">
    <p class='ocr_par' dir='ltr' id='par_1_46' title="bbox 205 2135 990 2172">
     <span class='ocr_line' id='line_1_46' title="bbox 205 2135 990 2172; baseline -0.008 -7"><span class='ocrx_word' id='word_1_333' title='bbox 205 2143 263 2170; x_wconf 81' lang='lat' dir='ltr'><strong>tum</strong></span> <span class='ocrx_word' id='word_1_334' title='bbox 281 2148 288 2165; x_wconf 85' lang='lat'><strong>:</strong></span> <span class='ocrx_word' id='word_1_335' title='bbox 304 2138 442 2172; x_wconf 84' lang='lat' dir='ltr'><strong>Scriptum</strong></span> <span class='ocrx_word' id='word_1_336' title='bbox 463 2141 515 2168; x_wconf 82' lang='lat' dir='ltr'><strong>est,</strong></span> <span class='ocrx_word' id='word_1_337' title='bbox 536 2136 634 2171; x_wconf 81' lang='lat' dir='ltr'><strong>inquit,</strong></span> <span class='ocrx_word' id='word_1_338' title='bbox 655 2145 663 2161; x_wconf 74' lang='grc' dir='ltr'><strong>ε</strong></span> <span class='ocrx_word' id='word_1_339' title='bbox 681 2135 710 2162; x_wconf 84' lang='grc' dir='ltr'>1η</span> <span class='ocrx_word' id='word_1_340' title='bbox 729 2135 789 2169; x_wconf 90' lang='lat' dir='ltr'><strong>ipso</strong></span> <span class='ocrx_word' id='word_1_341' title='bbox 810 2138 902 2161; x_wconf 82' lang='lat' dir='ltr'><strong>creata</strong></span> <span class='ocrx_word' id='word_1_342' title='bbox 925 2136 990 2160; x_wconf 83' lang='lat' dir='ltr'><strong>sunt</strong></span> 
     </span>
    </p>
   </div>
   <div class='ocr_carea' id='block_1_47' title="bbox 205 2179 990 2219">
    <p class='ocr_par' dir='ltr' id='par_1_47' title="bbox 205 2179 990 2219">
     <span class='ocr_line' id='line_1_47' title="bbox 205 2179 990 2219; baseline -0.008 -9"><span class='ocrx_word' id='word_1_343' title='bbox 205 2184 306 2218; x_wconf 78' lang='lat' dir='ltr'><strong>omnia.</strong></span> <span class='ocrx_word' id='word_1_344' title='bbox 325 2192 333 2208; x_wconf 85' lang='lat' dir='ltr'><strong>I</strong></span> <span class='ocrx_word' id='word_1_345' title='bbox 359 2182 428 2209; x_wconf 89' lang='lat' dir='ltr'><strong>Tum</strong></span> <span class='ocrx_word' id='word_1_346' title='bbox 456 2182 506 2209; x_wconf 86' lang='lat' dir='ltr'><strong>sibi</strong></span> <span class='ocrx_word' id='word_1_347' title='bbox 526 2182 583 2219; x_wconf 83' lang='lat' dir='ltr'><strong>ipse.</strong></span> <span class='ocrx_word' id='word_1_348' title='bbox 604 2180 768 2215; x_wconf 85' lang='lat' dir='ltr'><strong>respondet:</strong></span> <span class='ocrx_word' id='word_1_349' title='bbox 785 2179 819 2206; x_wconf 87' lang='lat' dir='ltr'><strong>At</strong></span> <span class='ocrx_word' id='word_1_350' title='bbox 842 2186 895 2205; x_wconf 91' lang='lat' dir='ltr'><strong>non</strong></span> <span class='ocrx_word' id='word_1_351' title='bbox 915 2185 990 2204; x_wconf 83' lang='lat' dir='ltr'><strong>com-</strong></span> 
     </span>
    </p>
   </div>
   <div class='ocr_carea' id='block_1_48' title="bbox 1031 261 1820 298">
    <p class='ocr_par' dir='ltr' id='par_1_48' title="bbox 1031 261 1820 298">
     <span class='ocr_line' id='line_1_48' title="bbox 1031 261 1820 298; baseline 0.003 -10"><span class='ocrx_word' id='word_1_352' title='bbox 1031 261 1115 288; x_wconf 80' lang='grc' dir='ltr'>Τοῦτο</span> <span class='ocrx_word' id='word_1_353' title='bbox 1126 263 1154 289; x_wconf 81' lang='grc' dir='ltr'><strong>δὲ</strong></span> <span class='ocrx_word' id='word_1_354' title='bbox 1169 263 1216 289; x_wconf 79' lang='grc' dir='ltr'>καὶ</span> <span class='ocrx_word' id='word_1_355' title='bbox 1232 263 1277 289; x_wconf 75' lang='grc' dir='ltr'>ἐπὶ</span> <span class='ocrx_word' id='word_1_356' title='bbox 1295 263 1341 290; x_wconf 83' lang='grc' dir='ltr'>τοῦ</span> <span class='ocrx_word' id='word_1_357' title='bbox 1357 263 1463 298; x_wconf 78' lang='grc' dir='ltr'>Πατρὺς</span> <span class='ocrx_word' id='word_1_358' title='bbox 1477 263 1524 290; x_wconf 77' lang='grc' dir='ltr'>καὶ</span> <span class='ocrx_word' id='word_1_359' title='bbox 1539 263 1583 289; x_wconf 73' lang='grc' dir='ltr'><strong>ἐπὶ</strong></span> <span class='ocrx_word' id='word_1_360' title='bbox 1599 262 1646 288; x_wconf 82' lang='grc' dir='ltr'>τοῦ</span> <span class='ocrx_word' id='word_1_361' title='bbox 1660 261 1734 288; x_wconf 80' lang='grc' dir='ltr'><strong>Υίοῦ.</strong></span> <span class='ocrx_word' id='word_1_362' title='bbox 1747 261 1820 290; x_wconf 72' lang='grc' dir='ltr'><strong>Οὗτι</strong></span> 
     </span>
    </p>
   </div>
   <div class='ocr_carea' id='block_1_49' title="bbox 1029 307 1821 344">
    <p class='ocr_par' dir='ltr' id='par_1_49' title="bbox 1029 307 1821 344">
     <span class='ocr_line' id='line_1_49' title="bbox 1029 307 1821 344; baseline 0.003 -11"><span class='ocrx_word' id='word_1_363' title='bbox 1029 307 1083 343; x_wconf 78' lang='grc' dir='ltr'><strong>γὰρ</strong></span> <span class='ocrx_word' id='word_1_364' title='bbox 1100 308 1255 343; x_wconf 81' lang='grc' dir='ltr'>προσθεῖναί</span> <span class='ocrx_word' id='word_1_365' title='bbox 1271 317 1297 334; x_wconf 88' lang='grc' dir='ltr'><strong>τι</strong></span> <span class='ocrx_word' id='word_1_366' title='bbox 1310 308 1377 344; x_wconf 84' lang='grc' dir='ltr'><strong>δύνῃ</strong></span> <span class='ocrx_word' id='word_1_367' title='bbox 1389 308 1429 343; x_wconf 79' lang='grc' dir='ltr'>τῷ</span> <span class='ocrx_word' id='word_1_368' title='bbox 1444 309 1530 343; x_wconf 65' lang='lat' dir='ltr'><strong>[largi</strong></span> <span class='ocrx_word' id='word_1_369' title='bbox 1550 307 1596 334; x_wconf 74' lang='grc' dir='ltr'>καὶ</span> <span class='ocrx_word' id='word_1_370' title='bbox 1621 307 1658 342; x_wconf 85' lang='grc' dir='ltr'>τῷ</span> <span class='ocrx_word' id='word_1_371' title='bbox 1670 308 1737 343; x_wconf 59' lang='lat' dir='ltr'><strong>Titii,</strong></span> <span class='ocrx_word' id='word_1_372' title='bbox 1754 307 1821 335; x_wconf 72' lang='grc' dir='ltr'>οὔτε</span> 
     </span>
    </p>
   </div>
   <div class='ocr_carea' id='block_1_50' title="bbox 1031 353 1819 388">
    <p class='ocr_par' dir='ltr' id='par_1_50' title="bbox 1031 353 1819 388">
     <span class='ocr_line' id='line_1_50' title="bbox 1031 353 1819 388; baseline 0 -9"><span class='ocrx_word' id='word_1_373' title='bbox 1031 353 1137 387; x_wconf 66' lang='grc' dir='ltr'>ὑφελεῖν</span> <span class='ocrx_word' id='word_1_374' title='bbox 1148 362 1185 384; x_wconf 89' lang='grc' dir='ltr'><strong>τι,</strong></span> <span class='ocrx_word' id='word_1_375' title='bbox 1198 353 1250 380; x_wconf 74' lang='grc' dir='ltr'>κᾶν</span> <span class='ocrx_word' id='word_1_376' title='bbox 1272 353 1352 388; x_wconf 74' lang='grc' dir='ltr'>θέλῃς</span> <span class='ocrx_word' id='word_1_377' title='bbox 1365 353 1470 387; x_wconf 54' lang='lat' dir='ltr'><strong>bss).st</strong></span> <span class='ocrx_word' id='word_1_378' title='bbox 1481 362 1487 368; x_wconf 91' lang='grc'>·</span> <span class='ocrx_word' id='word_1_379' title='bbox 1505 354 1616 380; x_wconf 64' lang='grc' dir='ltr'>σεαυτὸν</span> <span class='ocrx_word' id='word_1_380' title='bbox 1629 353 1683 388; x_wconf 82' lang='grc' dir='ltr'><strong>γὰρ</strong></span> <span class='ocrx_word' id='word_1_381' title='bbox 1696 353 1801 384; x_wconf 79' lang='grc' dir='ltr'><strong>ἀδικεῖς</strong></span> <span class='ocrx_word' id='word_1_382' title='bbox 1810 362 1819 369; x_wconf 77' lang='grc' dir='ltr'><strong>ο</strong></span> 
     </span>
    </p>
   </div>
   <div class='ocr_carea' id='block_1_51' title="bbox 1030 398 1820 434">
    <p class='ocr_par' dir='ltr' id='par_1_51' title="bbox 1030 398 1820 434">
     <span class='ocr_line' id='line_1_51' title="bbox 1030 398 1820 434; baseline 0 -10"><span class='ocrx_word' id='word_1_383' title='bbox 1030 399 1090 424; x_wconf 76' lang='grc' dir='ltr'><strong>ἐπεὶ</strong></span> <span class='ocrx_word' id='word_1_384' title='bbox 1107 398 1194 425; x_wconf 78' lang='grc' dir='ltr'>πάντα</span> <span class='ocrx_word' id='word_1_385' title='bbox 1209 399 1300 425; x_wconf 87' lang='grc' dir='ltr'>τέλεια</span> <span class='ocrx_word' id='word_1_386' title='bbox 1316 399 1361 425; x_wconf 74' lang='grc' dir='ltr'><strong>ἐπὶ</strong></span> <span class='ocrx_word' id='word_1_387' title='bbox 1376 399 1491 434; x_wconf 77' lang='grc' dir='ltr'>Πατρδς,</span> <span class='ocrx_word' id='word_1_388' title='bbox 1513 399 1559 425; x_wconf 71' lang='grc' dir='ltr'>καὶ</span> <span class='ocrx_word' id='word_1_389' title='bbox 1574 399 1649 429; x_wconf 81' lang='grc' dir='ltr'><strong>Υἱοῦ,</strong></span> <span class='ocrx_word' id='word_1_390' title='bbox 1668 399 1714 425; x_wconf 72' lang='grc' dir='ltr'><strong>καὶ</strong></span> <span class='ocrx_word' id='word_1_391' title='bbox 1738 399 1820 432; x_wconf 83' lang='grc' dir='ltr'><strong>ἁγίου</strong></span> 
     </span>
    </p>
   </div>
   <div class='ocr_carea' id='block_1_52' title="bbox 1031 443 1821 480">
    <p class='ocr_par' dir='ltr' id='par_1_52' title="bbox 1031 443 1821 480">
     <span class='ocr_line' id='line_1_52' title="bbox 1031 443 1821 480; baseline 0.001 -10"><span class='ocrx_word' id='word_1_392' title='bbox 1031 443 1197 478; x_wconf 77' lang='grc' dir='ltr'>Πνεύματος,</span> <span class='ocrx_word' id='word_1_393' title='bbox 1215 444 1261 470; x_wconf 75' lang='grc' dir='ltr'>καὶ</span> <span class='ocrx_word' id='word_1_394' title='bbox 1276 445 1350 470; x_wconf 76' lang='grc' dir='ltr'>οὐδὲν</span> <span class='ocrx_word' id='word_1_395' title='bbox 1365 445 1468 476; x_wconf 76' lang='grc' dir='ltr'>ἀτελὲς,</span> <span class='ocrx_word' id='word_1_396' title='bbox 1491 445 1534 471; x_wconf 75' lang='grc' dir='ltr'>ἴνα</span> <span class='ocrx_word' id='word_1_397' title='bbox 1559 445 1607 471; x_wconf 72' lang='grc' dir='ltr'><strong>καὶ</strong></span> <span class='ocrx_word' id='word_1_398' title='bbox 1632 445 1821 480; x_wconf 73' lang='grc' dir='ltr'>προσλάῦηται</span> 
     </span>
    </p>
   </div>
   <div class='ocr_carea' id='block_1_53' title="bbox 1031 488 1820 524">
    <p class='ocr_par' dir='ltr' id='par_1_53' title="bbox 1031 488 1820 524">
     <span class='ocr_line' id='line_1_53' title="bbox 1031 488 1820 524; baseline 0 -9"><span class='ocrx_word' id='word_1_399' title='bbox 1031 488 1138 520; x_wconf 79' lang='grc' dir='ltr'>ἔξωθεν.</span> <span class='ocrx_word' id='word_1_400' title='bbox 1149 489 1223 524; x_wconf 82' lang='grc' dir='ltr'><strong>Ὄρῳ</strong></span> <span class='ocrx_word' id='word_1_401' title='bbox 1237 489 1290 524; x_wconf 72' lang='grc' dir='ltr'><strong>γὰρ</strong></span> <span class='ocrx_word' id='word_1_402' title='bbox 1301 489 1348 515; x_wconf 84' lang='grc' dir='ltr'>τοῦ</span> <span class='ocrx_word' id='word_1_403' title='bbox 1366 489 1418 524; x_wconf 81' lang='grc' dir='ltr'>πρὸ</span> <span class='ocrx_word' id='word_1_404' title='bbox 1432 489 1522 524; x_wconf 75' lang='grc' dir='ltr'>πάσης</span> <span class='ocrx_word' id='word_1_405' title='bbox 1536 490 1649 521; x_wconf 76' lang='grc' dir='ltr'>κτίσεως</span> <span class='ocrx_word' id='word_1_406' title='bbox 1661 489 1820 524; x_wconf 73' lang='grc' dir='ltr'>τετίμηται,</span> 
     </span>
    </p>
   </div>
   <div class='ocr_carea' id='block_1_54' title="bbox 1029 533 1820 570">
    <p class='ocr_par' dir='ltr' id='par_1_54' title="bbox 1029 533 1820 570">
     <span class='ocr_line' id='line_1_54' title="bbox 1029 533 1820 570; baseline 0.003 -11"><span class='ocrx_word' id='word_1_407' title='bbox 1029 533 1067 564; x_wconf 82' lang='grc' dir='ltr'><strong>ὡς</strong></span> <span class='ocrx_word' id='word_1_408' title='bbox 1087 533 1167 565; x_wconf 75' lang='grc' dir='ltr'>αὐτὸς</span> <span class='ocrx_word' id='word_1_409' title='bbox 1193 534 1343 569; x_wconf 65' lang='grc' dir='ltr'>γέγραφας,</span> <span class='ocrx_word' id='word_1_410' title='bbox 1358 534 1402 561; x_wconf 79' lang='grc' dir='ltr'>διὰ</span> <span class='ocrx_word' id='word_1_411' title='bbox 1427 534 1520 560; x_wconf 79' lang='grc' dir='ltr'>τούτου</span> <span class='ocrx_word' id='word_1_412' title='bbox 1542 535 1716 570; x_wconf 70' lang='grc' dir='ltr'>παραστῆσαι</span> <span class='ocrx_word' id='word_1_413' title='bbox 1732 534 1820 561; x_wconf 80' lang='grc' dir='ltr'>θέλων</span> 
     </span>
    </p>
   </div>
   <div class='ocr_carea' id='block_1_55' title="bbox 1032 579 1819 616">
    <p class='ocr_par' dir='ltr' id='par_1_55' title="bbox 1032 579 1819 616">
     <span class='ocr_line' id='line_1_55' title="bbox 1032 579 1819 616; baseline 0 -10"><span class='ocrx_word' id='word_1_414' title='bbox 1032 580 1070 615; x_wconf 79' lang='grc' dir='ltr'>μὴ</span> <span class='ocrx_word' id='word_1_415' title='bbox 1083 579 1150 607; x_wconf 71' lang='grc' dir='ltr'>εἶναι</span> <span class='ocrx_word' id='word_1_416' title='bbox 1174 581 1238 607; x_wconf 67' lang='grc' dir='ltr'>αὐτὸ</span> <span class='ocrx_word' id='word_1_417' title='bbox 1263 580 1344 607; x_wconf 67' lang='grc' dir='ltr'>αὑτοῦ</span> <span class='ocrx_word' id='word_1_418' title='bbox 1370 580 1481 615; x_wconf 73' lang='grc' dir='ltr'>Πνεῦμα</span> <span class='ocrx_word' id='word_1_419' title='bbox 1500 582 1532 616; x_wconf 83' lang='grc' dir='ltr'>τῇ</span> <span class='ocrx_word' id='word_1_420' title='bbox 1558 581 1680 616; x_wconf 67' lang='grc' dir='ltr'>ἀληθεία,</span> <span class='ocrx_word' id='word_1_421' title='bbox 1696 580 1764 607; x_wconf 77' lang='grc' dir='ltr'>ἀλλὰ</span> 
     </span>
    </p>
   </div>
   <div class='ocr_carea' id='block_1_56' title="bbox 1031 625 1819 661">
    <p class='ocr_par' dir='ltr' id='par_1_56' title="bbox 1031 625 1819 661">
     <span class='ocr_line' id='line_1_56' title="bbox 1031 625 1819 661; baseline 0.001 -10"><span class='ocrx_word' id='word_1_422' title='bbox 1031 626 1131 661; x_wconf 74' lang='grc' dir='ltr'>χάριτι.</span> <span class='ocrx_word' id='word_1_423' title='bbox 1151 626 1274 661; x_wconf 76' lang='grc' dir='ltr'>καθάπερ</span> <span class='ocrx_word' id='word_1_424' title='bbox 1298 627 1344 653; x_wconf 75' lang='grc' dir='ltr'>καὶ</span> <span class='ocrx_word' id='word_1_425' title='bbox 1371 626 1405 652; x_wconf 76' lang='grc' dir='ltr'>τὰ</span> <span class='ocrx_word' id='word_1_426' title='bbox 1430 626 1498 653; x_wconf 78' lang='grc' dir='ltr'>ἄλλα</span> <span class='ocrx_word' id='word_1_427' title='bbox 1524 626 1613 653; x_wconf 77' lang='grc' dir='ltr'>πάντα</span> <span class='ocrx_word' id='word_1_428' title='bbox 1632 625 1819 661; x_wconf 77' lang='grc' dir='ltr'>λειτουργικὰ,</span> 
     </span>
    </p>
   </div>
   <div class='ocr_carea' id='block_1_57' title="bbox 1031 671 1566 706">
    <p class='ocr_par' dir='ltr' id='par_1_57' title="bbox 1031 671 1566 706">
     <span class='ocr_line' id='line_1_57' title="bbox 1031 671 1566 706; baseline 0.002 -9"><span class='ocrx_word' id='word_1_429' title='bbox 1031 672 1077 698; x_wconf 76' lang='grc' dir='ltr'><strong>καὶ</strong></span> <span class='ocrx_word' id='word_1_430' title='bbox 1093 672 1122 697; x_wconf 70' lang='grc' dir='ltr'>οὐ</span> <span class='ocrx_word' id='word_1_431' title='bbox 1140 671 1219 705; x_wconf 43' lang='grc' dir='ltr'>μύσει</span> <span class='ocrx_word' id='word_1_432' title='bbox 1236 672 1303 697; x_wconf 77' lang='grc' dir='ltr'>εἰσὶν</span> <span class='ocrx_word' id='word_1_433' title='bbox 1320 671 1403 698; x_wconf 77' lang='grc' dir='ltr'>αὑτοῦ</span> <span class='ocrx_word' id='word_1_434' title='bbox 1415 671 1566 706; x_wconf 76' lang='grc' dir='ltr'>πνεύματα.</span> 
     </span>
    </p>
   </div>
   <div class='ocr_carea' id='block_1_58' title="bbox 1067 716 1820 752">
    <p class='ocr_par' dir='ltr' id='par_1_58' title="bbox 1067 716 1820 752">
     <span class='ocr_line' id='line_1_58' title="bbox 1067 716 1820 752; baseline -0.001 -9"><span class='ocrx_word' id='word_1_435' title='bbox 1067 717 1091 743; x_wconf 89' lang='lat'><strong>7.</strong></span> <span class='ocrx_word' id='word_1_436' title='bbox 1110 717 1181 751; x_wconf 68' lang='grc' dir='ltr'>Πρὸς</span> <span class='ocrx_word' id='word_1_437' title='bbox 1192 717 1294 748; x_wconf 73' lang='grc' dir='ltr'>τούτοις</span> <span class='ocrx_word' id='word_1_438' title='bbox 1311 716 1391 744; x_wconf 79' lang='grc' dir='ltr'>πάλιν</span> <span class='ocrx_word' id='word_1_439' title='bbox 1412 717 1500 752; x_wconf 79' lang='grc' dir='ltr'>ὲαυτῴ</span> <span class='ocrx_word' id='word_1_440' title='bbox 1521 717 1668 752; x_wconf 76' lang='grc' dir='ltr'>ἐπήγαγεν,</span> <span class='ocrx_word' id='word_1_441' title='bbox 1687 716 1724 748; x_wconf 77' lang='grc' dir='ltr'><strong>ὡς</strong></span> <span class='ocrx_word' id='word_1_442' title='bbox 1752 716 1820 751; x_wconf 78' lang='grc' dir='ltr'>παρ’</span> 
     </span>
    </p>
   </div>
   <div class='ocr_carea' id='block_1_59' title="bbox 1031 761 1822 799">
    <p class='ocr_par' dir='ltr' id='par_1_59' title="bbox 1031 761 1822 799">
     <span class='ocr_line' id='line_1_59' title="bbox 1031 761 1822 799; baseline -0.003 -9"><span class='ocrx_word' id='word_1_443' title='bbox 1031 765 1110 798; x_wconf 71' lang='grc' dir='ltr'>ἡμῶν</span> <span class='ocrx_word' id='word_1_444' title='bbox 1129 763 1202 799; x_wconf 81' lang='grc' dir='ltr'>αὑτῴ</span> <span class='ocrx_word' id='word_1_445' title='bbox 1222 764 1380 799; x_wconf 66' lang='grc' dir='ltr'>εἰρημένον·</span> <span class='ocrx_word' id='word_1_446' title='bbox 1401 764 1458 791; x_wconf 73' lang='grc' dir='ltr'><strong>Οὐκ</strong></span> <span class='ocrx_word' id='word_1_447' title='bbox 1476 764 1550 798; x_wconf 67' lang='grc' dir='ltr'>ἐστιν</span> <span class='ocrx_word' id='word_1_448' title='bbox 1571 762 1618 790; x_wconf 78' lang='grc' dir='ltr'>οὖν</span> <span class='ocrx_word' id='word_1_449' title='bbox 1637 763 1765 798; x_wconf 73' lang='grc' dir='ltr'><strong>ὁμότιμον</strong></span> <span class='ocrx_word' id='word_1_450' title='bbox 1780 761 1822 798; x_wconf 82' lang='grc' dir='ltr'>τῷ</span> 
     </span>
    </p>
   </div>
   <div class='ocr_carea' id='block_1_60' title="bbox 1032 808 1821 845">
    <p class='ocr_par' dir='ltr' id='par_1_60' title="bbox 1032 808 1821 845">
     <span class='ocr_line' id='line_1_60' title="bbox 1032 808 1821 845; baseline -0.004 -9"><span class='ocrx_word' id='word_1_451' title='bbox 1032 810 1119 845; x_wconf 75' lang='grc' dir='ltr'>Πατρὶ</span> <span class='ocrx_word' id='word_1_452' title='bbox 1135 810 1181 836; x_wconf 78' lang='grc' dir='ltr'>καὶ</span> <span class='ocrx_word' id='word_1_453' title='bbox 1194 809 1232 844; x_wconf 82' lang='grc' dir='ltr'>τῷ</span> <span class='ocrx_word' id='word_1_454' title='bbox 1247 809 1304 844; x_wconf 84' lang='grc' dir='ltr'>Υἱῷ</span> <span class='ocrx_word' id='word_1_455' title='bbox 1323 810 1352 836; x_wconf 80' lang='grc' dir='ltr'><strong>τὺ</strong></span> <span class='ocrx_word' id='word_1_456' title='bbox 1370 809 1479 844; x_wconf 80' lang='grc' dir='ltr'><strong>Πνεῦμα</strong></span> <span class='ocrx_word' id='word_1_457' title='bbox 1505 809 1534 836; x_wconf 77' lang='grc' dir='ltr'>τὸ</span> <span class='ocrx_word' id='word_1_458' title='bbox 1552 809 1644 843; x_wconf 76' lang='grc' dir='ltr'>ἂγιον;</span> <span class='ocrx_word' id='word_1_459' title='bbox 1662 809 1715 835; x_wconf 71' lang='grc' dir='ltr'><strong>Καὶ</strong></span> <span class='ocrx_word' id='word_1_460' title='bbox 1737 808 1821 834; x_wconf 73' lang='grc' dir='ltr'>πάλιν</span> 
     </span>
    </p>
   </div>
   <div class='ocr_carea' id='block_1_61' title="bbox 1032 854 1821 890">
    <p class='ocr_par' dir='ltr' id='par_1_61' title="bbox 1032 854 1821 890">
     <span class='ocr_line' id='line_1_61' title="bbox 1032 854 1821 890; baseline -0.003 -8"><span class='ocrx_word' id='word_1_461' title='bbox 1032 855 1324 890; x_wconf 67' lang='grc' dir='ltr'>ὲαυτῷάποφαίνεταιι</span> <span class='ocrx_word' id='word_1_462' title='bbox 1337 856 1393 882; x_wconf 74' lang='grc' dir='ltr'><strong>Οὐκ</strong></span> <span class='ocrx_word' id='word_1_463' title='bbox 1411 855 1500 882; x_wconf 78' lang='grc' dir='ltr'>ἐστιν·</span> <span class='ocrx_word' id='word_1_464' title='bbox 1521 855 1614 890; x_wconf 76' lang='grc' dir='ltr'>ἐπειδὴ</span> <span class='ocrx_word' id='word_1_465' title='bbox 1636 854 1695 881; x_wconf 70' lang='grc' dir='ltr'>οὐδὲ</span> <span class='ocrx_word' id='word_1_466' title='bbox 1716 855 1821 889; x_wconf 79' lang='grc' dir='ltr'>γέγρα-</span> 
     </span>
    </p>
   </div>
   <div class='ocr_carea' id='block_1_62' title="bbox 1033 900 1823 937">
    <p class='ocr_par' dir='ltr' id='par_1_62' title="bbox 1033 900 1823 937">
     <span class='ocr_line' id='line_1_62' title="bbox 1033 900 1823 937; baseline -0.003 -9"><span class='ocrx_word' id='word_1_467' title='bbox 1033 911 1107 929; x_wconf 74' lang='grc' dir='ltr'>πται.</span> <span class='ocrx_word' id='word_1_468' title='bbox 1124 902 1192 936; x_wconf 74' lang='grc' dir='ltr'>Περὶ</span> <span class='ocrx_word' id='word_1_469' title='bbox 1207 901 1256 936; x_wconf 75' lang='grc' dir='ltr'>μὲν</span> <span class='ocrx_word' id='word_1_470' title='bbox 1271 901 1324 937; x_wconf 81' lang='grc' dir='ltr'><strong>γὰρ</strong></span> <span class='ocrx_word' id='word_1_471' title='bbox 1338 901 1384 927; x_wconf 84' lang='grc' dir='ltr'>τοῦ</span> <span class='ocrx_word' id='word_1_472' title='bbox 1400 901 1505 936; x_wconf 73' lang='grc' dir='ltr'>Πατρὸς</span> <span class='ocrx_word' id='word_1_473' title='bbox 1519 902 1565 927; x_wconf 76' lang='grc' dir='ltr'>καὶ</span> <span class='ocrx_word' id='word_1_474' title='bbox 1580 900 1626 927; x_wconf 73' lang='grc' dir='ltr'>τοῦ</span> <span class='ocrx_word' id='word_1_475' title='bbox 1641 900 1705 927; x_wconf 82' lang='grc' dir='ltr'><strong>Υἱοῦ</strong></span> <span class='ocrx_word' id='word_1_476' title='bbox 1721 901 1823 935; x_wconf 71' lang='grc' dir='ltr'>γέγρα-</span> 
     </span>
    </p>
   </div>
   <div class='ocr_carea' id='block_1_63' title="bbox 1033 945 1821 982">
    <p class='ocr_par' dir='ltr' id='par_1_63' title="bbox 1033 945 1821 982">
     <span class='ocr_line' id='line_1_63' title="bbox 1033 945 1821 982; baseline -0.004 -8"><span class='ocrx_word' id='word_1_477' title='bbox 1033 956 1113 974; x_wconf 83' lang='grc' dir='ltr'>πται·</span> <span class='ocrx_word' id='word_1_478' title='bbox 1130 957 1139 972; x_wconf 79' lang='lat' dir='ltr'><strong>l</strong></span> <span class='ocrx_word' id='word_1_479' title='bbox 1157 948 1213 973; x_wconf 84' lang='grc' dir='ltr'><strong>Ἰνα</strong></span> <span class='ocrx_word' id='word_1_480' title='bbox 1239 947 1338 982; x_wconf 81' lang='grc' dir='ltr'>τιμῶσι</span> <span class='ocrx_word' id='word_1_481' title='bbox 1365 947 1410 972; x_wconf 80' lang='grc' dir='ltr'><strong>τὸν</strong></span> <span class='ocrx_word' id='word_1_482' title='bbox 1427 946 1509 977; x_wconf 78' lang='grc' dir='ltr'>Υἱὸν,</span> <span class='ocrx_word' id='word_1_483' title='bbox 1531 945 1622 977; x_wconf 83' lang='grc' dir='ltr'>καθὼς</span> <span class='ocrx_word' id='word_1_484' title='bbox 1651 945 1750 980; x_wconf 84' lang='grc' dir='ltr'>τιμῶσι</span> <span class='ocrx_word' id='word_1_485' title='bbox 1772 945 1821 972; x_wconf 77' lang='grc' dir='ltr'>τὸν</span> 
     </span>
    </p>
   </div>
   <div class='ocr_carea' id='block_1_64' title="bbox 1033 991 1822 1029">
    <p class='ocr_par' dir='ltr' id='par_1_64' title="bbox 1033 991 1822 1029">
     <span class='ocr_line' id='line_1_64' title="bbox 1033 991 1822 1029; baseline -0.004 -9"><span class='ocrx_word' id='word_1_486' title='bbox 1033 994 1150 1029; x_wconf 75' lang='grc' dir='ltr'>Πατέρα.</span> <span class='ocrx_word' id='word_1_487' title='bbox 1163 1003 1172 1018; x_wconf 77' lang='grc' dir='ltr'><strong>ι</strong></span> <span class='ocrx_word' id='word_1_488' title='bbox 1184 994 1227 1027; x_wconf 64' lang='grc' dir='ltr'><strong>Μὴ</strong></span> <span class='ocrx_word' id='word_1_489' title='bbox 1239 991 1309 1024; x_wconf 78' lang='grc' dir='ltr'>εἷπε,</span> <span class='ocrx_word' id='word_1_490' title='bbox 1322 993 1367 1019; x_wconf 74' lang='grc' dir='ltr'>καὶ</span> <span class='ocrx_word' id='word_1_491' title='bbox 1382 992 1412 1018; x_wconf 68' lang='grc' dir='ltr'>τὸ</span> <span class='ocrx_word' id='word_1_492' title='bbox 1423 991 1544 1026; x_wconf 81' lang='grc' dir='ltr'>Πνεῦμα.</span> <span class='ocrx_word' id='word_1_493' title='bbox 1560 991 1632 1026; x_wconf 73' lang='grc' dir='ltr'>Πρὺς</span> <span class='ocrx_word' id='word_1_494' title='bbox 1642 991 1727 1017; x_wconf 74' lang='grc' dir='ltr'>ταῦτα</span> <span class='ocrx_word' id='word_1_495' title='bbox 1738 991 1822 1026; x_wconf 72' lang='grc' dir='ltr'>ἡμεῖς</span> 
     </span>
    </p>
   </div>
   <div class='ocr_carea' id='block_1_65' title="bbox 1033 1035 1822 1075">
    <p class='ocr_par' dir='ltr' id='par_1_65' title="bbox 1033 1035 1822 1075">
     <span class='ocr_line' id='line_1_65' title="bbox 1033 1035 1822 1075; baseline -0.005 -9"><span class='ocrx_word' id='word_1_496' title='bbox 1033 1040 1100 1075; x_wconf 82' lang='grc' dir='ltr'>πρὸς</span> <span class='ocrx_word' id='word_1_497' title='bbox 1110 1040 1203 1065; x_wconf 65' lang='grc' dir='ltr'>αὐτόν’</span> <span class='ocrx_word' id='word_1_498' title='bbox 1219 1039 1348 1074; x_wconf 83' lang='grc' dir='ltr'>Μακάρια</span> <span class='ocrx_word' id='word_1_499' title='bbox 1360 1039 1393 1065; x_wconf 79' lang='grc' dir='ltr'>τὰ</span> <span class='ocrx_word' id='word_1_500' title='bbox 1404 1035 1460 1064; x_wconf 81' lang='grc' dir='ltr'><strong>ὦτα</strong></span> <span class='ocrx_word' id='word_1_501' title='bbox 1471 1037 1505 1063; x_wconf 73' lang='grc' dir='ltr'>τὰ</span> <span class='ocrx_word' id='word_1_502' title='bbox 1515 1037 1551 1072; x_wconf 85' lang='grc' dir='ltr'>μὴ</span> <span class='ocrx_word' id='word_1_503' title='bbox 1565 1037 1717 1063; x_wconf 71' lang='grc' dir='ltr'>ἀκούσαντα</span> <span class='ocrx_word' id='word_1_504' title='bbox 1730 1036 1822 1071; x_wconf 79' lang='grc' dir='ltr'>ὑμῶν,</span> 
     </span>
    </p>
   </div>
   <div class='ocr_carea' id='block_1_66' title="bbox 1033 1083 1822 1120">
    <p class='ocr_par' dir='ltr' id='par_1_66' title="bbox 1033 1083 1822 1120">
     <span class='ocr_line' id='line_1_66' title="bbox 1033 1083 1822 1120; baseline -0.005 -8"><span class='ocrx_word' id='word_1_505' title='bbox 1033 1086 1078 1112; x_wconf 72' lang='grc' dir='ltr'><strong>καὶ</strong></span> <span class='ocrx_word' id='word_1_506' title='bbox 1091 1085 1176 1120; x_wconf 71' lang='grc' dir='ltr'>ψυχαὶ</span> <span class='ocrx_word' id='word_1_507' title='bbox 1186 1086 1214 1112; x_wconf 87' lang='grc' dir='ltr'><strong>αἱ</strong></span> <span class='ocrx_word' id='word_1_508' title='bbox 1227 1084 1404 1120; x_wconf 76' lang='grc' dir='ltr'>φυλαχθεῖσαι</span> <span class='ocrx_word' id='word_1_509' title='bbox 1415 1084 1530 1119; x_wconf 84' lang='grc' dir='ltr'>ἄτρωτοι</span> <span class='ocrx_word' id='word_1_510' title='bbox 1545 1083 1598 1110; x_wconf 80' lang='grc' dir='ltr'><strong>ἀπὸ</strong></span> <span class='ocrx_word' id='word_1_511' title='bbox 1612 1083 1666 1110; x_wconf 83' lang='grc' dir='ltr'><strong>τῶν</strong></span> <span class='ocrx_word' id='word_1_512' title='bbox 1679 1083 1822 1118; x_wconf 81' lang='grc' dir='ltr'>ὑμετέρων</span> 
     </span>
    </p>
   </div>
   <div class='ocr_carea' id='block_1_67' title="bbox 1033 1126 1822 1165">
    <p class='ocr_par' dir='ltr' id='par_1_67' title="bbox 1033 1126 1822 1165">
     <span class='ocr_line' id='line_1_67' title="bbox 1033 1126 1822 1165; baseline -0.005 -7"><span class='ocrx_word' id='word_1_513' title='bbox 1033 1131 1127 1165; x_wconf 76' lang='grc' dir='ltr'>λόγων.</span> <span class='ocrx_word' id='word_1_514' title='bbox 1146 1131 1199 1158; x_wconf 76' lang='grc' dir='ltr'><strong>Καὶ</strong></span> <span class='ocrx_word' id='word_1_515' title='bbox 1215 1132 1290 1162; x_wconf 81' lang='grc' dir='ltr'>πῶς,</span> <span class='ocrx_word' id='word_1_516' title='bbox 1305 1131 1334 1157; x_wconf 82' lang='grc' dir='ltr'>οὐ</span> <span class='ocrx_word' id='word_1_517' title='bbox 1359 1130 1532 1164; x_wconf 74' lang='grc' dir='ltr'><strong>λογιζόμενος</strong></span> <span class='ocrx_word' id='word_1_518' title='bbox 1549 1129 1677 1164; x_wconf 78' lang='grc' dir='ltr'><strong>ὁμότιμον</strong></span> <span class='ocrx_word' id='word_1_519' title='bbox 1695 1126 1764 1154; x_wconf 68' lang='grc' dir='ltr'>εἶναι</span> <span class='ocrx_word' id='word_1_520' title='bbox 1789 1127 1822 1154; x_wconf 81' lang='grc' dir='ltr'>τὸ</span> 
     </span>
    </p>
   </div>
   <div class='ocr_carea' id='block_1_68' title="bbox 1034 1174 1822 1212">
    <p class='ocr_par' dir='ltr' id='par_1_68' title="bbox 1034 1174 1822 1212">
     <span class='ocr_line' id='line_1_68' title="bbox 1034 1174 1822 1212; baseline -0.006 -8"><span class='ocrx_word' id='word_1_521' title='bbox 1034 1177 1144 1212; x_wconf 81' lang='grc' dir='ltr'>Πνεῦμα</span> <span class='ocrx_word' id='word_1_522' title='bbox 1160 1177 1198 1212; x_wconf 83' lang='grc' dir='ltr'>τῷ</span> <span class='ocrx_word' id='word_1_523' title='bbox 1212 1177 1299 1212; x_wconf 81' lang='grc' dir='ltr'>Πατρὶ</span> <span class='ocrx_word' id='word_1_524' title='bbox 1315 1177 1362 1203; x_wconf 75' lang='grc' dir='ltr'><strong>καὶ</strong></span> <span class='ocrx_word' id='word_1_525' title='bbox 1379 1176 1418 1211; x_wconf 84' lang='grc' dir='ltr'>τῷ</span> <span class='ocrx_word' id='word_1_526' title='bbox 1445 1175 1511 1210; x_wconf 84' lang='grc' dir='ltr'><strong>Υἱῷ,</strong></span> <span class='ocrx_word' id='word_1_527' title='bbox 1538 1175 1674 1210; x_wconf 82' lang='grc' dir='ltr'>ὁμοτίμως</span> <span class='ocrx_word' id='word_1_528' title='bbox 1697 1175 1736 1206; x_wconf 81' lang='grc' dir='ltr'>εἰς</span> <span class='ocrx_word' id='word_1_529' title='bbox 1752 1174 1822 1200; x_wconf 81' lang='grc' dir='ltr'><strong>αὺτδ</strong></span> 
     </span>
    </p>
   </div>
   <div class='ocr_carea' id='block_1_69' title="bbox 1035 1220 1822 1260">
    <p class='ocr_par' dir='ltr' id='par_1_69' title="bbox 1035 1220 1822 1260">
     <span class='ocr_line' id='line_1_69' title="bbox 1035 1220 1822 1260; baseline -0.005 -10"><span class='ocrx_word' id='word_1_530' title='bbox 1035 1224 1169 1260; x_wconf 52' lang='lat' dir='ltr'><strong>partim;</strong></span> <span class='ocrx_word' id='word_1_531' title='bbox 1191 1224 1226 1250; x_wconf 84' lang='grc' dir='ltr'><strong>Ἢ</strong></span> <span class='ocrx_word' id='word_1_532' title='bbox 1245 1223 1275 1249; x_wconf 68' lang='grc' dir='ltr'>οὗ</span> <span class='ocrx_word' id='word_1_533' title='bbox 1294 1223 1367 1250; x_wconf 84' lang='grc' dir='ltr'>δοκεῖ</span> <span class='ocrx_word' id='word_1_534' title='bbox 1382 1231 1422 1249; x_wconf 84' lang='grc' dir='ltr'><strong>σοι</strong></span> <span class='ocrx_word' id='word_1_535' title='bbox 1438 1222 1568 1258; x_wconf 76' lang='grc' dir='ltr'>τιμᾶσθαι</span> <span class='ocrx_word' id='word_1_536' title='bbox 1586 1222 1630 1248; x_wconf 77' lang='grc' dir='ltr'><strong>τὸν</strong></span> <span class='ocrx_word' id='word_1_537' title='bbox 1646 1221 1755 1255; x_wconf 81' lang='grc' dir='ltr'>Πατέρα</span> <span class='ocrx_word' id='word_1_538' title='bbox 1772 1220 1822 1247; x_wconf 67' lang='grc' dir='ltr'>καὶ</span> 
     </span>
    </p>
   </div>
   <div class='ocr_carea' id='block_1_70' title="bbox 1033 1266 1823 1305">
    <p class='ocr_par' dir='ltr' id='par_1_70' title="bbox 1033 1266 1823 1305">
     <span class='ocr_line' id='line_1_70' title="bbox 1033 1266 1823 1305; baseline -0.006 -9"><span class='ocrx_word' id='word_1_539' title='bbox 1033 1270 1078 1296; x_wconf 77' lang='grc' dir='ltr'>τὸν</span> <span class='ocrx_word' id='word_1_540' title='bbox 1092 1269 1155 1296; x_wconf 77' lang='grc' dir='ltr'><strong>Υἱδν</strong></span> <span class='ocrx_word' id='word_1_541' title='bbox 1173 1271 1205 1305; x_wconf 85' lang='grc' dir='ltr'><strong>τῇ</strong></span> <span class='ocrx_word' id='word_1_542' title='bbox 1227 1269 1273 1296; x_wconf 76' lang='grc' dir='ltr'>τοῦ</span> <span class='ocrx_word' id='word_1_543' title='bbox 1294 1269 1480 1304; x_wconf 79' lang='grc' dir='ltr'><strong>βαπτίσματος</strong></span> <span class='ocrx_word' id='word_1_544' title='bbox 1502 1267 1649 1303; x_wconf 68' lang='grc' dir='ltr'>ὁμολογίας</span> <span class='ocrx_word' id='word_1_545' title='bbox 1664 1267 1718 1293; x_wconf 73' lang='grc' dir='ltr'><strong>Καὶ</strong></span> <span class='ocrx_word' id='word_1_546' title='bbox 1735 1266 1758 1292; x_wconf 84' lang='grc' dir='ltr'><strong>εί</strong></span> <span class='ocrx_word' id='word_1_547' title='bbox 1783 1266 1823 1302; x_wconf 80' lang='grc' dir='ltr'>μὴ</span> 
     </span>
    </p>
   </div>
   <div class='ocr_carea' id='block_1_71' title="bbox 1034 1312 1824 1350">
    <p class='ocr_par' dir='ltr' id='par_1_71' title="bbox 1034 1312 1824 1350">
     <span class='ocr_line' id='line_1_71' title="bbox 1034 1312 1824 1350; baseline -0.008 -7"><span class='ocrx_word' id='word_1_548' title='bbox 1034 1316 1111 1343; x_wconf 75' lang='grc' dir='ltr'>τοῦτό</span> <span class='ocrx_word' id='word_1_549' title='bbox 1128 1317 1200 1342; x_wconf 76' lang='grc' dir='ltr'>ἐστιν</span> <span class='ocrx_word' id='word_1_550' title='bbox 1225 1317 1241 1350; x_wconf 82' lang='grc' dir='ltr'>ἡ</span> <span class='ocrx_word' id='word_1_551' title='bbox 1271 1315 1348 1350; x_wconf 79' lang='grc' dir='ltr'>τιμὴ,</span> <span class='ocrx_word' id='word_1_552' title='bbox 1377 1315 1403 1341; x_wconf 83' lang='grc' dir='ltr'><strong>τί</strong></span> <span class='ocrx_word' id='word_1_553' title='bbox 1428 1314 1475 1341; x_wconf 77' lang='grc' dir='ltr'>καὶ</span> <span class='ocrx_word' id='word_1_554' title='bbox 1499 1312 1700 1348; x_wconf 70' lang='grc' dir='ltr'>βαπτιζόμεθα;</span> <span class='ocrx_word' id='word_1_555' title='bbox 1718 1312 1750 1338; x_wconf 84' lang='grc' dir='ltr'>Τί</span> <span class='ocrx_word' id='word_1_556' title='bbox 1774 1312 1824 1338; x_wconf 73' lang='grc' dir='ltr'>καὶ</span> 
     </span>
    </p>
   </div>
   <div class='ocr_carea' id='block_1_72' title="bbox 1035 1359 1824 1397">
    <p class='ocr_par' dir='ltr' id='par_1_72' title="bbox 1035 1359 1824 1397">
     <span class='ocr_line' id='line_1_72' title="bbox 1035 1359 1824 1397; baseline -0.003 -9"><span class='ocrx_word' id='word_1_557' title='bbox 1035 1361 1223 1397; x_wconf 78' lang='grc' dir='ltr'>κινδυνεύομεν</span> <span class='ocrx_word' id='word_1_558' title='bbox 1245 1362 1333 1388; x_wconf 76' lang='grc' dir='ltr'>πᾶσαν</span> <span class='ocrx_word' id='word_1_559' title='bbox 1348 1360 1422 1397; x_wconf 82' lang='grc' dir='ltr'>ὥραν</span> <span class='ocrx_word' id='word_1_560' title='bbox 1435 1361 1480 1387; x_wconf 75' lang='grc' dir='ltr'><strong>ἐπὶ</strong></span> <span class='ocrx_word' id='word_1_561' title='bbox 1495 1360 1533 1395; x_wconf 82' lang='grc' dir='ltr'>τῷ</span> <span class='ocrx_word' id='word_1_562' title='bbox 1549 1360 1663 1394; x_wconf 75' lang='grc' dir='ltr'>φυλάξαι</span> <span class='ocrx_word' id='word_1_563' title='bbox 1677 1359 1706 1386; x_wconf 81' lang='grc' dir='ltr'><strong>τὺ</strong></span> <span class='ocrx_word' id='word_1_564' title='bbox 1728 1359 1824 1394; x_wconf 67' lang='grc' dir='ltr'>βάπτι-</span> 
     </span>
    </p>
   </div>
   <div class='ocr_carea' id='block_1_73' title="bbox 1036 1404 1823 1443">
    <p class='ocr_par' dir='ltr' id='par_1_73' title="bbox 1036 1404 1823 1443">
     <span class='ocr_line' id='line_1_73' title="bbox 1036 1404 1823 1443; baseline -0.004 -9"><span class='ocrx_word' id='word_1_565' title='bbox 1036 1416 1091 1443; x_wconf 80' lang='grc' dir='ltr'><strong>σμα</strong></span> <span class='ocrx_word' id='word_1_566' title='bbox 1107 1407 1234 1439; x_wconf 77' lang='grc' dir='ltr'><strong>ἄσπιλον,</strong></span> <span class='ocrx_word' id='word_1_567' title='bbox 1249 1407 1442 1442; x_wconf 77' lang='grc' dir='ltr'>ἀγωνιζόμενοι</span> <span class='ocrx_word' id='word_1_568' title='bbox 1461 1406 1529 1442; x_wconf 72' lang='grc' dir='ltr'>πρὸς</span> <span class='ocrx_word' id='word_1_569' title='bbox 1549 1406 1599 1437; x_wconf 82' lang='grc' dir='ltr'><strong>τὰς</strong></span> <span class='ocrx_word' id='word_1_570' title='bbox 1627 1405 1752 1441; x_wconf 68' lang='grc' dir='ltr'>μεθόδους</span> <span class='ocrx_word' id='word_1_571' title='bbox 1774 1404 1823 1431; x_wconf 74' lang='grc' dir='ltr'><strong>τοῦ</strong></span> 
     </span>
    </p>
   </div>
   <div class='ocr_carea' id='block_1_74' title="bbox 1034 1450 1825 1487">
    <p class='ocr_par' dir='ltr' id='par_1_74' title="bbox 1034 1450 1825 1487">
     <span class='ocr_line' id='line_1_74' title="bbox 1034 1450 1825 1487; baseline -0.005 -7"><span class='ocrx_word' id='word_1_572' title='bbox 1034 1453 1173 1485; x_wconf 51' lang='grc' dir='ltr'>διαϐόλου</span> <span class='ocrx_word' id='word_1_573' title='bbox 1189 1454 1250 1485; x_wconf 82' lang='grc' dir='ltr'><strong>Πῶς</strong></span> <span class='ocrx_word' id='word_1_574' title='bbox 1264 1454 1291 1480; x_wconf 81' lang='grc' dir='ltr'><strong>δὲ</strong></span> <span class='ocrx_word' id='word_1_575' title='bbox 1307 1454 1336 1480; x_wconf 73' lang='grc' dir='ltr'>οὐ</span> <span class='ocrx_word' id='word_1_576' title='bbox 1348 1454 1421 1480; x_wconf 80' lang='grc' dir='ltr'>δοκεῖ</span> <span class='ocrx_word' id='word_1_577' title='bbox 1433 1462 1474 1479; x_wconf 87' lang='grc' dir='ltr'><strong>σοι</strong></span> <span class='ocrx_word' id='word_1_578' title='bbox 1485 1452 1575 1487; x_wconf 76' lang='grc' dir='ltr'>πάσης</span> <span class='ocrx_word' id='word_1_579' title='bbox 1587 1451 1682 1482; x_wconf 77' lang='grc' dir='ltr'>θυσίας</span> <span class='ocrx_word' id='word_1_580' title='bbox 1697 1450 1825 1484; x_wconf 82' lang='grc' dir='ltr'>ἀνωτέρα</span> 
     </span>
    </p>
   </div>
   <div class='ocr_carea' id='block_1_75' title="bbox 1036 1496 1826 1534">
    <p class='ocr_par' dir='ltr' id='par_1_75' title="bbox 1036 1496 1826 1534">
     <span class='ocr_line' id='line_1_75' title="bbox 1036 1496 1826 1534; baseline -0.005 -8"><span class='ocrx_word' id='word_1_581' title='bbox 1036 1496 1133 1534; x_wconf 78' lang='grc' dir='ltr'>εἷναιὴ</span> <span class='ocrx_word' id='word_1_582' title='bbox 1151 1499 1205 1526; x_wconf 87' lang='grc' dir='ltr'>τῶν</span> <span class='ocrx_word' id='word_1_583' title='bbox 1219 1499 1352 1534; x_wconf 81' lang='grc' dir='ltr'>σωμάτων</span> <span class='ocrx_word' id='word_1_584' title='bbox 1373 1498 1451 1534; x_wconf 80' lang='grc' dir='ltr'>ἡμῶν</span> <span class='ocrx_word' id='word_1_585' title='bbox 1470 1499 1656 1534; x_wconf 78' lang='grc' dir='ltr'><strong>παράστασις,</strong></span> <span class='ocrx_word' id='word_1_586' title='bbox 1674 1496 1720 1523; x_wconf 79' lang='grc' dir='ltr'>τοῦ</span> <span class='ocrx_word' id='word_1_587' title='bbox 1743 1497 1826 1522; x_wconf 65' lang='grc' dir='ltr'><strong>Ἀπο-</strong></span> 
     </span>
    </p>
   </div>
   <div class='ocr_carea' id='block_1_76' title="bbox 999 1541 1825 1580">
    <p class='ocr_par' dir='ltr' id='par_1_76' title="bbox 999 1541 1825 1580">
     <span class='ocr_line' id='line_1_76' title="bbox 999 1541 1825 1580; baseline -0.006 -7"><span class='ocrx_word' id='word_1_588' title='bbox 999 1551 1019 1580; x_wconf 83' lang='lat' dir='ltr'>C</span> <span class='ocrx_word' id='word_1_589' title='bbox 1037 1546 1128 1572; x_wconf 81' lang='grc' dir='ltr'>στόλου</span> <span class='ocrx_word' id='word_1_590' title='bbox 1149 1545 1281 1579; x_wconf 76' lang='grc' dir='ltr'>λέγοντος·</span> <span class='ocrx_word' id='word_1_591' title='bbox 1302 1555 1311 1570; x_wconf 74' lang='grc' dir='ltr'>ι</span> <span class='ocrx_word' id='word_1_592' title='bbox 1338 1546 1429 1576; x_wconf 82' lang='grc' dir='ltr'><strong>Ὅπως</strong></span> <span class='ocrx_word' id='word_1_593' title='bbox 1446 1545 1638 1580; x_wconf 78' lang='grc' dir='ltr'>παραστήσητε</span> <span class='ocrx_word' id='word_1_594' title='bbox 1654 1543 1687 1569; x_wconf 80' lang='grc' dir='ltr'><strong>τὰ</strong></span> <span class='ocrx_word' id='word_1_595' title='bbox 1709 1541 1825 1577; x_wconf 83' lang='grc' dir='ltr'>σώματα</span> 
     </span>
    </p>
   </div>
   <div class='ocr_carea' id='block_1_77' title="bbox 1038 1587 1821 1627">
    <p class='ocr_par' dir='ltr' id='par_1_77' title="bbox 1038 1587 1821 1627">
     <span class='ocr_line' id='line_1_77' title="bbox 1038 1587 1821 1627; baseline -0.006 -9"><span class='ocrx_word' id='word_1_596' title='bbox 1038 1593 1113 1627; x_wconf 69' lang='grc' dir='ltr'>ὑμῶν</span> <span class='ocrx_word' id='word_1_597' title='bbox 1132 1591 1226 1618; x_wconf 76' lang='grc' dir='ltr'>θυσίαν</span> <span class='ocrx_word' id='word_1_598' title='bbox 1254 1591 1359 1624; x_wconf 80' lang='grc' dir='ltr'>ζῶσαν,</span> <span class='ocrx_word' id='word_1_599' title='bbox 1375 1591 1469 1625; x_wconf 78' lang='grc' dir='ltr'>ἁγίαν.</span> <span class='ocrx_word' id='word_1_600' title='bbox 1497 1591 1641 1625; x_wconf 78' lang='grc' dir='ltr'>εὐάρεστον</span> <span class='ocrx_word' id='word_1_601' title='bbox 1663 1587 1702 1623; x_wconf 82' lang='grc' dir='ltr'>τῷ</span> <span class='ocrx_word' id='word_1_602' title='bbox 1717 1587 1794 1623; x_wconf 72' lang='grc' dir='ltr'><strong>Θεῷι</strong></span> <span class='ocrx_word' id='word_1_603' title='bbox 1810 1597 1821 1613; x_wconf 80' lang='grc'><strong>»</strong></span> 
     </span>
    </p>
   </div>
   <div class='ocr_carea' id='block_1_78' title="bbox 1037 1632 1825 1671">
    <p class='ocr_par' dir='ltr' id='par_1_78' title="bbox 1037 1632 1825 1671">
     <span class='ocr_line' id='line_1_78' title="bbox 1037 1632 1825 1671; baseline -0.008 -7"><span class='ocrx_word' id='word_1_604' title='bbox 1037 1636 1114 1664; x_wconf 77' lang='grc' dir='ltr'>Πᾶσα</span> <span class='ocrx_word' id='word_1_605' title='bbox 1128 1637 1156 1663; x_wconf 84' lang='grc' dir='ltr'><strong>δὲ</strong></span> <span class='ocrx_word' id='word_1_606' title='bbox 1179 1637 1258 1663; x_wconf 83' lang='grc' dir='ltr'>θυσία</span> <span class='ocrx_word' id='word_1_607' title='bbox 1284 1638 1324 1667; x_wconf 85' lang='grc' dir='ltr'><strong>είς</strong></span> <span class='ocrx_word' id='word_1_608' title='bbox 1346 1637 1427 1671; x_wconf 76' lang='grc' dir='ltr'>τιμὴν</span> <span class='ocrx_word' id='word_1_609' title='bbox 1449 1635 1516 1662; x_wconf 77' lang='grc' dir='ltr'>Θεοῦ</span> <span class='ocrx_word' id='word_1_610' title='bbox 1529 1635 1643 1669; x_wconf 84' lang='grc' dir='ltr'>γίνεται.</span> <span class='ocrx_word' id='word_1_611' title='bbox 1663 1633 1769 1668; x_wconf 83' lang='grc' dir='ltr'><strong>Ταύτην</strong></span> <span class='ocrx_word' id='word_1_612' title='bbox 1793 1632 1825 1658; x_wconf 75' lang='grc' dir='ltr'><strong>δὲ</strong></span> 
     </span>
    </p>
   </div>
   <div class='ocr_carea' id='block_1_79' title="bbox 1037 1679 1825 1718">
    <p class='ocr_par' dir='ltr' id='par_1_79' title="bbox 1037 1679 1825 1718">
     <span class='ocr_line' id='line_1_79' title="bbox 1037 1679 1825 1718; baseline -0.005 -10"><span class='ocrx_word' id='word_1_613' title='bbox 1037 1682 1133 1718; x_wconf 64' lang='lat' dir='ltr'><strong>lia-.91.</strong></span> <span class='ocrx_word' id='word_1_614' title='bbox 1150 1683 1197 1709; x_wconf 72' lang='grc' dir='ltr'><strong>καὶ</strong></span> <span class='ocrx_word' id='word_1_615' title='bbox 1212 1682 1268 1716; x_wconf 81' lang='grc' dir='ltr'>Υίῷ</span> <span class='ocrx_word' id='word_1_616' title='bbox 1279 1702 1286 1713; x_wconf 83' lang='lat'><strong>,</strong></span> <span class='ocrx_word' id='word_1_617' title='bbox 1304 1682 1350 1709; x_wconf 71' lang='grc' dir='ltr'>καὶ</span> <span class='ocrx_word' id='word_1_618' title='bbox 1371 1682 1440 1716; x_wconf 80' lang='grc' dir='ltr'>ἁγίῳ</span> <span class='ocrx_word' id='word_1_619' title='bbox 1455 1681 1591 1716; x_wconf 75' lang='grc' dir='ltr'>Πνεύματι</span> <span class='ocrx_word' id='word_1_620' title='bbox 1612 1679 1825 1714; x_wconf 79' lang='grc' dir='ltr'>προσηγάγομεν</span> 
     </span>
    </p>
   </div>
   <div class='ocr_carea' id='block_1_80' title="bbox 1038 1722 1826 1762">
    <p class='ocr_par' dir='ltr' id='par_1_80' title="bbox 1038 1722 1826 1762">
     <span class='ocr_line' id='line_1_80' title="bbox 1038 1722 1826 1762; baseline -0.006 -9"><span class='ocrx_word' id='word_1_621' title='bbox 1038 1727 1087 1753; x_wconf 71' lang='grc' dir='ltr'>κὰν</span> <span class='ocrx_word' id='word_1_622' title='bbox 1102 1727 1140 1762; x_wconf 77' lang='grc' dir='ltr'>τῷ</span> <span class='ocrx_word' id='word_1_623' title='bbox 1165 1726 1340 1761; x_wconf 71' lang='grc' dir='ltr'><strong>βαπτίσματι,</strong></span> <span class='ocrx_word' id='word_1_624' title='bbox 1359 1726 1408 1752; x_wconf 81' lang='grc' dir='ltr'>οὐκ</span> <span class='ocrx_word' id='word_1_625' title='bbox 1433 1726 1460 1751; x_wconf 80' lang='grc' dir='ltr'>ἐν</span> <span class='ocrx_word' id='word_1_626' title='bbox 1479 1725 1600 1759; x_wconf 59' lang='grc' dir='ltr'>διαφόρῳ</span> <span class='ocrx_word' id='word_1_627' title='bbox 1613 1724 1698 1757; x_wconf 85' lang='grc' dir='ltr'>τόπῳ,</span> <span class='ocrx_word' id='word_1_628' title='bbox 1718 1723 1780 1750; x_wconf 74' lang='grc' dir='ltr'>οὐδὲ</span> <span class='ocrx_word' id='word_1_629' title='bbox 1795 1722 1826 1748; x_wconf 79' lang='grc' dir='ltr'>ὲν</span> 
     </span>
    </p>
   </div>
   <div class='ocr_carea' id='block_1_81' title="bbox 1037 1769 1825 1808">
    <p class='ocr_par' dir='ltr' id='par_1_81' title="bbox 1037 1769 1825 1808">
     <span class='ocr_line' id='line_1_81' title="bbox 1037 1769 1825 1808; baseline -0.006 -9"><span class='ocrx_word' id='word_1_630' title='bbox 1037 1772 1109 1807; x_wconf 74' lang='grc' dir='ltr'>ἄλλῳ</span> <span class='ocrx_word' id='word_1_631' title='bbox 1125 1772 1217 1808; x_wconf 73' lang='grc' dir='ltr'>τρόπῳ</span> <span class='ocrx_word' id='word_1_632' title='bbox 1233 1772 1397 1807; x_wconf 75' lang='grc' dir='ltr'>τιμήσαντες</span> <span class='ocrx_word' id='word_1_633' title='bbox 1407 1770 1526 1806; x_wconf 80' lang='grc' dir='ltr'>Πατέρα,</span> <span class='ocrx_word' id='word_1_634' title='bbox 1535 1770 1584 1797; x_wconf 70' lang='grc' dir='ltr'>καὶ</span> <span class='ocrx_word' id='word_1_635' title='bbox 1598 1769 1672 1801; x_wconf 74' lang='grc' dir='ltr'>Υἱὺν,</span> <span class='ocrx_word' id='word_1_636' title='bbox 1687 1769 1732 1795; x_wconf 72' lang='grc' dir='ltr'>καὶ</span> <span class='ocrx_word' id='word_1_637' title='bbox 1748 1769 1825 1802; x_wconf 72' lang='grc' dir='ltr'>ἆγιον</span> 
     </span>
    </p>
   </div>
   <div class='ocr_carea' id='block_1_82' title="bbox 1041 1818 1159 1853">
    <p class='ocr_par' dir='ltr' id='par_1_82' title="bbox 1041 1818 1159 1853">
     <span class='ocr_line' id='line_1_82' title="bbox 1041 1818 1159 1853; baseline -0.008 -7"><span class='ocrx_word' id='word_1_638' title='bbox 1041 1818 1159 1853; x_wconf 84' lang='grc' dir='ltr'>Πνεῦμα.</span> 
     </span>
    </p>
   </div>
   <div class='ocr_carea' id='block_1_83' title="bbox 1073 1859 1826 1898">
    <p class='ocr_par' dir='ltr' id='par_1_83' title="bbox 1073 1859 1826 1898">
     <span class='ocr_line' id='line_1_83' title="bbox 1073 1859 1826 1898; baseline -0.007 -8"><span class='ocrx_word' id='word_1_639' title='bbox 1073 1864 1098 1891; x_wconf 90' lang='lat'><strong>8.</strong></span> <span class='ocrx_word' id='word_1_640' title='bbox 1115 1865 1168 1891; x_wconf 71' lang='grc' dir='ltr'><strong>Καὶ</strong></span> <span class='ocrx_word' id='word_1_641' title='bbox 1185 1863 1224 1890; x_wconf 79' lang='grc' dir='ltr'><strong>ἔτι</strong></span> <span class='ocrx_word' id='word_1_642' title='bbox 1242 1863 1337 1890; x_wconf 73' lang='grc' dir='ltr'>ἑαυτὸν</span> <span class='ocrx_word' id='word_1_643' title='bbox 1349 1864 1447 1898; x_wconf 72' lang='grc' dir='ltr'>ἐρωτᾷ,</span> <span class='ocrx_word' id='word_1_644' title='bbox 1464 1863 1502 1894; x_wconf 85' lang='grc' dir='ltr'><strong>ὡς</strong></span> <span class='ocrx_word' id='word_1_645' title='bbox 1518 1863 1582 1896; x_wconf 79' lang='grc' dir='ltr'>παρ’</span> <span class='ocrx_word' id='word_1_646' title='bbox 1593 1861 1671 1897; x_wconf 80' lang='grc' dir='ltr'>ἡμῶν</span> <span class='ocrx_word' id='word_1_647' title='bbox 1682 1859 1826 1895; x_wconf 76' lang='grc' dir='ltr'>ἐπερωτώ-</span> 
     </span>
    </p>
   </div>
   <div class='ocr_carea' id='block_1_84' title="bbox 1041 1904 1826 1945">
    <p class='ocr_par' dir='ltr' id='par_1_84' title="bbox 1041 1904 1826 1945">
     <span class='ocr_line' id='line_1_84' title="bbox 1041 1904 1826 1945; baseline -0.008 -8"><span class='ocrx_word' id='word_1_648' title='bbox 1041 1919 1136 1945; x_wconf 82' lang='grc' dir='ltr'>μενος·</span> <span class='ocrx_word' id='word_1_649' title='bbox 1154 1911 1186 1936; x_wconf 84' lang='grc' dir='ltr'>Τί</span> <span class='ocrx_word' id='word_1_650' title='bbox 1199 1909 1244 1936; x_wconf 73' lang='grc' dir='ltr'>οὖν</span> <span class='ocrx_word' id='word_1_651' title='bbox 1258 1919 1265 1942; x_wconf 93' lang='lat'><strong>;</strong></span> <span class='ocrx_word' id='word_1_652' title='bbox 1283 1910 1372 1944; x_wconf 81' lang='grc' dir='ltr'>λέγεις</span> <span class='ocrx_word' id='word_1_653' title='bbox 1387 1909 1416 1936; x_wconf 80' lang='grc' dir='ltr'>τὸ</span> <span class='ocrx_word' id='word_1_654' title='bbox 1440 1908 1550 1944; x_wconf 74' lang='grc' dir='ltr'>Πνεῦμα</span> <span class='ocrx_word' id='word_1_655' title='bbox 1575 1908 1696 1942; x_wconf 77' lang='grc' dir='ltr'>κτίσμας</span> <span class='ocrx_word' id='word_1_656' title='bbox 1719 1904 1826 1932; x_wconf 72' lang='grc' dir='ltr'>Οὐκοῦν</span> 
     </span>
    </p>
   </div>
   <div class='ocr_carea' id='block_1_85' title="bbox 1039 1950 1826 1989">
    <p class='ocr_par' dir='ltr' id='par_1_85' title="bbox 1039 1950 1826 1989">
     <span class='ocr_line' id='line_1_85' title="bbox 1039 1950 1826 1989; baseline -0.004 -10"><span class='ocrx_word' id='word_1_657' title='bbox 1039 1953 1115 1981; x_wconf 80' lang='grc' dir='ltr'>ἔσται</span> <span class='ocrx_word' id='word_1_658' title='bbox 1133 1953 1186 1981; x_wconf 84' lang='grc' dir='ltr'>τῶν</span> <span class='ocrx_word' id='word_1_659' title='bbox 1200 1954 1355 1989; x_wconf 78' lang='grc' dir='ltr'><strong>κτισμάτων</strong></span> <span class='ocrx_word' id='word_1_660' title='bbox 1376 1953 1415 1979; x_wconf 74' lang='grc' dir='ltr'><strong>ἓν.</strong></span> <span class='ocrx_word' id='word_1_661' title='bbox 1433 1951 1499 1979; x_wconf 73' lang='grc' dir='ltr'>Εἶτα</span> <span class='ocrx_word' id='word_1_662' title='bbox 1511 1953 1590 1984; x_wconf 77' lang='grc' dir='ltr'>αὐτὸς</span> <span class='ocrx_word' id='word_1_663' title='bbox 1604 1951 1692 1985; x_wconf 79' lang='grc' dir='ltr'><strong>ἑαυτῷ</strong></span> <span class='ocrx_word' id='word_1_664' title='bbox 1702 1960 1709 1966; x_wconf 73' lang='grc'><strong><em>⁸</em></strong></span> <span class='ocrx_word' id='word_1_665' title='bbox 1732 1951 1764 1977; x_wconf 73' lang='lat' dir='ltr'><strong>Et</strong></span> <span class='ocrx_word' id='word_1_666' title='bbox 1778 1950 1826 1984; x_wconf 77' lang='grc' dir='ltr'><strong>γέ-</strong></span> 
     </span>
    </p>
   </div>
   <div class='ocr_carea' id='block_1_86' title="bbox 1039 1995 1827 2036">
    <p class='ocr_par' dir='ltr' id='par_1_86' title="bbox 1039 1995 1827 2036">
     <span class='ocr_line' id='line_1_86' title="bbox 1039 1995 1827 2036; baseline -0.006 -10"><span class='ocrx_word' id='word_1_667' title='bbox 1039 2008 1178 2036; x_wconf 82' lang='grc' dir='ltr'>γραπται,</span> <span class='ocrx_word' id='word_1_668' title='bbox 1196 1999 1266 2034; x_wconf 78' lang='grc' dir='ltr'>λέγω</span> <span class='ocrx_word' id='word_1_669' title='bbox 1277 2008 1284 2015; x_wconf 72' lang='grc'><strong><em>⁸</em></strong></span> <span class='ocrx_word' id='word_1_670' title='bbox 1309 2000 1333 2025; x_wconf 86' lang='grc' dir='ltr'><strong>εί</strong></span> <span class='ocrx_word' id='word_1_671' title='bbox 1350 1998 1377 2025; x_wconf 76' lang='grc' dir='ltr'>δὲ</span> <span class='ocrx_word' id='word_1_672' title='bbox 1394 1999 1423 2024; x_wconf 75' lang='grc' dir='ltr'>οὐ</span> <span class='ocrx_word' id='word_1_673' title='bbox 1443 1998 1606 2033; x_wconf 79' lang='grc' dir='ltr'>γέγραπται,</span> <span class='ocrx_word' id='word_1_674' title='bbox 1622 1997 1652 2023; x_wconf 80' lang='grc' dir='ltr'>οὺ</span> <span class='ocrx_word' id='word_1_675' title='bbox 1667 1996 1748 2030; x_wconf 82' lang='grc' dir='ltr'>λέγω.</span> <span class='ocrx_word' id='word_1_676' title='bbox 1770 1995 1827 2022; x_wconf 80' lang='grc' dir='ltr'><strong>Καὶ</strong></span> 
     </span>
    </p>
   </div>
   <div class='ocr_carea' id='block_1_87' title="bbox 1041 2042 1826 2081">
    <p class='ocr_par' dir='ltr' id='par_1_87' title="bbox 1041 2042 1826 2081">
     <span class='ocr_line' id='line_1_87' title="bbox 1041 2042 1826 2081; baseline -0.008 -8"><span class='ocrx_word' id='word_1_677' title='bbox 1041 2047 1120 2073; x_wconf 80' lang='grc' dir='ltr'>πάλιν</span> <span class='ocrx_word' id='word_1_678' title='bbox 1132 2045 1220 2081; x_wconf 80' lang='grc' dir='ltr'>ἑαυτῷ</span> <span class='ocrx_word' id='word_1_679' title='bbox 1235 2045 1425 2081; x_wconf 61' lang='grc' dir='ltr'>ἀνθυποφέρει,</span> <span class='ocrx_word' id='word_1_680' title='bbox 1443 2044 1480 2076; x_wconf 71' lang='grc' dir='ltr'>ὡς</span> <span class='ocrx_word' id='word_1_681' title='bbox 1497 2045 1561 2079; x_wconf 77' lang='grc' dir='ltr'>παρ’</span> <span class='ocrx_word' id='word_1_682' title='bbox 1581 2044 1658 2079; x_wconf 80' lang='grc' dir='ltr'>ἡμῶν</span> <span class='ocrx_word' id='word_1_683' title='bbox 1681 2042 1826 2076; x_wconf 79' lang='grc' dir='ltr'>ἐπενεχθὲν</span> 
     </span>
    </p>
   </div>
   <div class='ocr_carea' id='block_1_88' title="bbox 1041 2088 1826 2128">
    <p class='ocr_par' dir='ltr' id='par_1_88' title="bbox 1041 2088 1826 2128">
     <span class='ocr_line' id='line_1_88' title="bbox 1041 2088 1826 2128; baseline -0.008 -8"><span class='ocrx_word' id='word_1_684' title='bbox 1041 2093 1124 2128; x_wconf 74' lang='grc' dir='ltr'>αὐτῷ,</span> <span class='ocrx_word' id='word_1_685' title='bbox 1138 2093 1184 2120; x_wconf 85' lang='grc' dir='ltr'><strong>καί</strong></span> <span class='ocrx_word' id='word_1_686' title='bbox 1195 2101 1261 2128; x_wconf 77' lang='grc' dir='ltr'>φησι</span> <span class='ocrx_word' id='word_1_687' title='bbox 1271 2099 1278 2106; x_wconf 85' lang='grc'><strong><em>⁸</em></strong></span> <span class='ocrx_word' id='word_1_688' title='bbox 1294 2091 1462 2127; x_wconf 80' lang='grc' dir='ltr'>Γέγραπται,</span> <span class='ocrx_word' id='word_1_689' title='bbox 1480 2091 1521 2116; x_wconf 77' lang='grc' dir='ltr'>ὅτι</span> <span class='ocrx_word' id='word_1_690' title='bbox 1535 2100 1544 2115; x_wconf 72' lang='grc' dir='ltr'><strong>ε</strong></span> <span class='ocrx_word' id='word_1_691' title='bbox 1570 2091 1612 2116; x_wconf 85' lang='grc' dir='ltr'>Ἐν</span> <span class='ocrx_word' id='word_1_692' title='bbox 1629 2088 1702 2124; x_wconf 75' lang='grc' dir='ltr'>αὐτῷ</span> <span class='ocrx_word' id='word_1_693' title='bbox 1713 2088 1826 2124; x_wconf 81' lang='grc' dir='ltr'>ἐκτίσθη</span> 
     </span>
    </p>
   </div>
   <div class='ocr_carea' id='block_1_89' title="bbox 1039 2136 1827 2171">
    <p class='ocr_par' dir='ltr' id='par_1_89' title="bbox 1039 2136 1827 2171">
     <span class='ocr_line' id='line_1_89' title="bbox 1039 2136 1827 2171; baseline -0.008 -5"><span class='ocrx_word' id='word_1_694' title='bbox 1039 2140 1074 2166; x_wconf 77' lang='grc' dir='ltr'><strong>τὰ</strong></span> <span class='ocrx_word' id='word_1_695' title='bbox 1090 2140 1188 2167; x_wconf 82' lang='grc' dir='ltr'>πάντα,</span> <span class='ocrx_word' id='word_1_696' title='bbox 1210 2149 1220 2164; x_wconf 73' lang='grc' dir='ltr'><strong>ι</strong></span> <span class='ocrx_word' id='word_1_697' title='bbox 1235 2139 1290 2165; x_wconf 83' lang='grc' dir='ltr'><strong>Καὶ</strong></span> <span class='ocrx_word' id='word_1_698' title='bbox 1303 2138 1382 2169; x_wconf 77' lang='grc' dir='ltr'>αὐτὸς</span> <span class='ocrx_word' id='word_1_699' title='bbox 1397 2136 1485 2171; x_wconf 78' lang='grc' dir='ltr'><strong>ἑαυτῷ</strong></span> <span class='ocrx_word' id='word_1_700' title='bbox 1495 2145 1501 2152; x_wconf 91' lang='grc'><strong>·</strong></span> <span class='ocrx_word' id='word_1_701' title='bbox 1516 2136 1622 2163; x_wconf 71' lang='grc' dir='ltr'>Ἀλλόὒ</span> <span class='ocrx_word' id='word_1_702' title='bbox 1636 2136 1827 2162; x_wconf 81' lang='grc' dir='ltr'>κοινοποιεῐται</span> 
     </span>
    </p>
   </div>
   <div class='ocr_carea' id='block_1_90' title="bbox 1041 2180 1828 2218">
    <p class='ocr_par' dir='ltr' id='par_1_90' title="bbox 1041 2180 1828 2218">
     <span class='ocr_line' id='line_1_90' title="bbox 1041 2180 1828 2218; baseline -0.008 -7"><span class='ocrx_word' id='word_1_703' title='bbox 1041 2186 1096 2216; x_wconf 80' lang='grc' dir='ltr'>τοῖς</span> <span class='ocrx_word' id='word_1_704' title='bbox 1122 2185 1187 2210; x_wconf 80' lang='grc' dir='ltr'>πᾶσι</span> <span class='ocrx_word' id='word_1_705' title='bbox 1203 2182 1342 2218; x_wconf 78' lang='grc' dir='ltr'>μοναδικὸν</span> <span class='ocrx_word' id='word_1_706' title='bbox 1358 2183 1387 2209; x_wconf 84' lang='grc' dir='ltr'>ὃν</span> <span class='ocrx_word' id='word_1_707' title='bbox 1399 2182 1429 2209; x_wconf 84' lang='grc' dir='ltr'>τὸ</span> <span class='ocrx_word' id='word_1_708' title='bbox 1446 2182 1522 2216; x_wconf 75' lang='grc' dir='ltr'>ἅγιον</span> <span class='ocrx_word' id='word_1_709' title='bbox 1547 2181 1667 2216; x_wconf 73' lang='grc' dir='ltr'>Πνεῦμα.</span> <span class='ocrx_word' id='word_1_710' title='bbox 1684 2180 1720 2206; x_wconf 86' lang='grc' dir='ltr'><strong>Οὺ</strong></span> <span class='ocrx_word' id='word_1_711' title='bbox 1739 2180 1793 2215; x_wconf 78' lang='grc' dir='ltr'><strong>γὰρ</strong></span> <span class='ocrx_word' id='word_1_712' title='bbox 1811 2181 1828 2214; x_wconf 82' lang='grc' dir='ltr'>ἡ</span> 
     </span>
    </p>
   </div>
   <div class='ocr_carea' id='block_1_91' title="bbox 206 2223 985 2266">
    <p class='ocr_par' dir='ltr' id='par_1_91' title="bbox 206 2226 985 2262">
     <span class='ocr_line' id='line_1_91' title="bbox 206 2226 985 2262; baseline -0.009 -5"><span class='ocrx_word' id='word_1_713' title='bbox 206 2229 363 2259; x_wconf 88' lang='lat' dir='ltr'><strong>munionem</strong></span> <span class='ocrx_word' id='word_1_714' title='bbox 386 2229 467 2256; x_wconf 67' lang='lat' dir='ltr'><strong>habet</strong></span> <span class='ocrx_word' id='word_1_715' title='bbox 491 2236 554 2255; x_wconf 82' lang='lat' dir='ltr'><strong>eum</strong></span> <span class='ocrx_word' id='word_1_716' title='bbox 574 2227 702 2262; x_wconf 87' lang='lat' dir='ltr'><strong>omnibus</strong></span> <span class='ocrx_word' id='word_1_717' title='bbox 723 2226 843 2260; x_wconf 85' lang='lat' dir='ltr'><strong>Spiritus</strong></span> <span class='ocrx_word' id='word_1_718' title='bbox 863 2228 985 2254; x_wconf 79' lang='lat' dir='ltr'><strong>sanctus,</strong></span> 
     </span>
    </p>
   </div>
   <div class='ocr_carea' id='block_1_92' title="bbox 1037 2223 1829 2266">
    <p class='ocr_par' dir='ltr' id='par_1_92' title="bbox 1042 2225 1829 2266">
     <span class='ocr_line' id='line_1_92' title="bbox 1042 2225 1829 2266; baseline -0.009 -8"><span class='ocrx_word' id='word_1_719' title='bbox 1042 2231 1164 2266; x_wconf 82' lang='grc' dir='ltr'>κοινότης</span> <span class='ocrx_word' id='word_1_720' title='bbox 1178 2230 1231 2256; x_wconf 77' lang='grc' dir='ltr'>τῶν</span> <span class='ocrx_word' id='word_1_721' title='bbox 1250 2229 1348 2262; x_wconf 79' lang='grc' dir='ltr'>λέξεων</span> <span class='ocrx_word' id='word_1_722' title='bbox 1365 2229 1555 2256; x_wconf 84' lang='grc' dir='ltr'>κοινοποιεῖται</span> <span class='ocrx_word' id='word_1_723' title='bbox 1569 2227 1618 2257; x_wconf 79' lang='grc' dir='ltr'><strong>τὰς</strong></span> <span class='ocrx_word' id='word_1_724' title='bbox 1638 2226 1732 2261; x_wconf 65' lang='grc' dir='ltr'>φᾶσεις</span> <span class='ocrx_word' id='word_1_725' title='bbox 1743 2235 1749 2240; x_wconf 82' lang='grc'><strong>·</strong></span> <span class='ocrx_word' id='word_1_726' title='bbox 1767 2225 1829 2251; x_wconf 75' lang='grc' dir='ltr'><strong>ἐπεὶ</strong></span> 
     </span>
    </p>
   </div>
   <div class='ocr_carea' id='block_1_93' title="bbox 206 2271 990 2309">
    <p class='ocr_par' dir='ltr' id='par_1_93' title="bbox 206 2271 990 2309">
     <span class='ocr_line' id='line_1_93' title="bbox 206 2271 990 2309; baseline -0.011 -4"><span class='ocrx_word' id='word_1_727' title='bbox 206 2284 267 2305; x_wconf 82' lang='lat' dir='ltr'><strong>cum</strong></span> <span class='ocrx_word' id='word_1_728' title='bbox 286 2275 323 2303; x_wconf 86' lang='lat' dir='ltr'><strong>sit</strong></span> <span class='ocrx_word' id='word_1_729' title='bbox 340 2275 448 2302; x_wconf 88' lang='lat' dir='ltr'><strong>unicus.</strong></span> <span class='ocrx_word' id='word_1_730' title='bbox 469 2273 561 2309; x_wconf 82' lang='lat' dir='ltr'><strong>Neque</strong></span> <span class='ocrx_word' id='word_1_731' title='bbox 581 2274 653 2301; x_wconf 90' lang='lat' dir='ltr'><strong>enim</strong></span> <span class='ocrx_word' id='word_1_732' title='bbox 671 2273 812 2300; x_wconf 89' lang='lat' dir='ltr'><strong>nominum</strong></span> <span class='ocrx_word' id='word_1_733' title='bbox 835 2271 990 2298; x_wconf 89' lang='lat' dir='ltr'><strong>communio</strong></span> 
     </span>
    </p>
   </div>
   <div class='ocr_carea' id='block_1_94' title="bbox 206 2318 990 2358">
    <p class='ocr_par' dir='ltr' id='par_1_94' title="bbox 206 2318 990 2358">
     <span class='ocr_line' id='line_1_94' title="bbox 206 2318 990 2358; baseline -0.008 -9"><span class='ocrx_word' id='word_1_734' title='bbox 206 2323 425 2350; x_wconf 89' lang='lat' dir='ltr'><strong>communionem</strong></span> <span class='ocrx_word' id='word_1_735' title='bbox 450 2320 528 2348; x_wconf 73' lang='lat' dir='ltr'><strong>aiiert</strong></span> <span class='ocrx_word' id='word_1_736' title='bbox 548 2324 728 2358; x_wconf 73' lang='lat' dir='ltr'><strong>naturarum;</strong></span> <span class='ocrx_word' id='word_1_737' title='bbox 749 2318 870 2353; x_wconf 81' lang='lat' dir='ltr'><strong>alioquin</strong></span> <span class='ocrx_word' id='word_1_738' title='bbox 895 2324 990 2345; x_wconf 83' lang='lat' dir='ltr'><strong>omnes</strong></span> 
     </span>
    </p>
   </div>
   <div class='ocr_carea' id='block_1_95' title="bbox 205 2364 991 2403">
    <p class='ocr_par' dir='ltr' id='par_1_95' title="bbox 205 2364 991 2403">
     <span class='ocr_line' id='line_1_95' title="bbox 205 2364 991 2403; baseline -0.009 -7"><span class='ocrx_word' id='word_1_739' title='bbox 205 2373 340 2396; x_wconf 73' lang='lat' dir='ltr'><strong>creatura:</strong></span> <span class='ocrx_word' id='word_1_740' title='bbox 361 2367 483 2403; x_wconf 82' lang='lat' dir='ltr'><strong>ejusdem</strong></span> <span class='ocrx_word' id='word_1_741' title='bbox 509 2371 602 2395; x_wconf 83' lang='lat' dir='ltr'><strong>essent</strong></span> <span class='ocrx_word' id='word_1_742' title='bbox 622 2366 775 2400; x_wconf 67' lang='lat' dir='ltr'><strong>dignitatis.</strong></span> <span class='ocrx_word' id='word_1_743' title='bbox 799 2364 840 2391; x_wconf 81' lang='lat' dir='ltr'><strong>Ad</strong></span> <span class='ocrx_word' id='word_1_744' title='bbox 861 2364 918 2391; x_wconf 62' lang='lat' dir='ltr'><strong>han:</strong></span> <span class='ocrx_word' id='word_1_745' title='bbox 941 2370 991 2390; x_wconf 86' lang='lat' dir='ltr'><strong>nos</strong></span> 
     </span>
    </p>
   </div>
   <div class='ocr_carea' id='block_1_96' title="bbox 207 2411 992 2448">
    <p class='ocr_par' dir='ltr' id='par_1_96' title="bbox 207 2411 992 2448">
     <span class='ocr_line' id='line_1_96' title="bbox 207 2411 992 2448; baseline -0.01 -5"><span class='ocrx_word' id='word_1_746' title='bbox 207 2416 304 2444; x_wconf 89' lang='lat' dir='ltr'><strong>iterum</strong></span> <span class='ocrx_word' id='word_1_747' title='bbox 320 2415 366 2442; x_wconf 87' lang='lat' dir='ltr'><strong>:Si</strong></span> <span class='ocrx_word' id='word_1_748' title='bbox 383 2415 508 2442; x_wconf 89' lang='lat' dir='ltr'><strong>timorem</strong></span> <span class='ocrx_word' id='word_1_749' title='bbox 524 2413 570 2440; x_wconf 87' lang='lat' dir='ltr'><strong>Dei</strong></span> <span class='ocrx_word' id='word_1_750' title='bbox 587 2420 634 2440; x_wconf 90' lang='lat' dir='ltr'><strong>cor</strong></span> <span class='ocrx_word' id='word_1_751' title='bbox 653 2417 728 2448; x_wconf 87' lang='lat' dir='ltr'><strong>tuum</strong></span> <span class='ocrx_word' id='word_1_752' title='bbox 744 2411 867 2444; x_wconf 78' lang='lat' dir='ltr'><strong>haberet,</strong></span> <span class='ocrx_word' id='word_1_753' title='bbox 888 2417 992 2447; x_wconf 84' lang='lat' dir='ltr'><strong>nequa-</strong></span> 
     </span>
    </p>
   </div>
   <div class='ocr_carea' id='block_1_97' title="bbox 207 2455 991 2498">
    <p class='ocr_par' dir='ltr' id='par_1_97' title="bbox 207 2455 991 2498">
     <span class='ocr_line' id='line_1_97' title="bbox 207 2455 991 2498; baseline -0.006 -11"><span class='ocrx_word' id='word_1_754' title='bbox 207 2470 288 2498; x_wconf 83' lang='lat' dir='ltr'><strong>quam</strong></span> <span class='ocrx_word' id='word_1_755' title='bbox 305 2461 462 2496; x_wconf 88' lang='lat' dir='ltr'><strong>scripsisset</strong></span> <span class='ocrx_word' id='word_1_756' title='bbox 487 2459 630 2490; x_wconf 79' lang='lat' dir='ltr'><strong>malitiam.</strong></span> <span class='ocrx_word' id='word_1_757' title='bbox 648 2457 694 2485; x_wconf 85' lang='lat' dir='ltr'><strong>sed</strong></span> <span class='ocrx_word' id='word_1_758' title='bbox 717 2457 824 2485; x_wconf 89' lang='lat' dir='ltr'><strong>sincere</strong></span> <span class='ocrx_word' id='word_1_759' title='bbox 838 2455 904 2492; x_wconf 88' lang='lat' dir='ltr'><strong>quid</strong></span> <span class='ocrx_word' id='word_1_760' title='bbox 929 2463 991 2484; x_wconf 84' lang='lat' dir='ltr'><strong>scn-</strong></span> 
     </span>
    </p>
   </div>
   <div class='ocr_carea' id='block_1_98' title="bbox 207 2501 992 2540">
    <p class='ocr_par' dir='ltr' id='par_1_98' title="bbox 207 2501 992 2540">
     <span class='ocr_line' id='line_1_98' title="bbox 207 2501 992 2540; baseline -0.014 -2"><span class='ocrx_word' id='word_1_761' title='bbox 207 2510 259 2538; x_wconf 85' lang='lat' dir='ltr'><strong>tias</strong></span> <span class='ocrx_word' id='word_1_762' title='bbox 281 2507 395 2535; x_wconf 82' lang='lat' dir='ltr'><strong>diceres.</strong></span> <span class='ocrx_word' id='word_1_763' title='bbox 420 2506 479 2533; x_wconf 83' lang='lat' dir='ltr'><strong>Non</strong></span> <span class='ocrx_word' id='word_1_764' title='bbox 506 2505 591 2533; x_wconf 85' lang='lat' dir='ltr'><strong>audes</strong></span> <span class='ocrx_word' id='word_1_765' title='bbox 613 2511 694 2540; x_wconf 90' lang='lat' dir='ltr'><strong>porro</strong></span> <span class='ocrx_word' id='word_1_766' title='bbox 716 2504 818 2535; x_wconf 87' lang='lat' dir='ltr'><strong>dicere,</strong></span> <span class='ocrx_word' id='word_1_767' title='bbox 843 2511 896 2529; x_wconf 92' lang='lat' dir='ltr'><strong>non</strong></span> <span class='ocrx_word' id='word_1_768' title='bbox 920 2501 992 2539; x_wconf 85' lang='lat' dir='ltr'><strong>quod</strong></span> 
     </span>
    </p>
   </div>
   <div class='ocr_carea' id='block_1_99' title="bbox 207 2547 992 2587">
    <p class='ocr_par' dir='ltr' id='par_1_99' title="bbox 207 2547 992 2587">
     <span class='ocr_line' id='line_1_99' title="bbox 207 2547 992 2587; baseline -0.011 -6"><span class='ocrx_word' id='word_1_769' title='bbox 207 2553 304 2585; x_wconf 87' lang='lat' dir='ltr'><strong>Deum,</strong></span> <span class='ocrx_word' id='word_1_770' title='bbox 325 2553 371 2580; x_wconf 80' lang='lat' dir='ltr'><strong>sed</strong></span> <span class='ocrx_word' id='word_1_771' title='bbox 394 2552 466 2587; x_wconf 90' lang='lat' dir='ltr'><strong>quod</strong></span> <span class='ocrx_word' id='word_1_772' title='bbox 490 2551 598 2579; x_wconf 87' lang='lat' dir='ltr'><strong>turbam</strong></span> <span class='ocrx_word' id='word_1_773' title='bbox 622 2556 737 2579; x_wconf 87' lang='lat' dir='ltr'><strong>metuas.</strong></span> <span class='ocrx_word' id='word_1_774' title='bbox 765 2547 992 2584; x_wconf 86' lang='lat' dir='ltr'><strong>quemadmodum</strong></span> 
     </span>
    </p>
   </div>
   <div class='ocr_carea' id='block_1_100' title="bbox 208 2593 994 2633">
    <p class='ocr_par' dir='ltr' id='par_1_100' title="bbox 208 2593 994 2633">
     <span class='ocr_line' id='line_1_100' title="bbox 208 2593 994 2633; baseline -0.009 -7"><span class='ocrx_word' id='word_1_775' title='bbox 208 2599 348 2632; x_wconf 69' lang='lat' dir='ltr'><strong>Pharisaﬁ.</strong></span> <span class='ocrx_word' id='word_1_776' title='bbox 365 2599 411 2633; x_wconf 88' lang='lat' dir='ltr'><strong>qui</strong></span> <span class='ocrx_word' id='word_1_777' title='bbox 429 2597 563 2632; x_wconf 82' lang='lat' dir='ltr'><strong>baptisma</strong></span> <span class='ocrx_word' id='word_1_778' title='bbox 573 2596 688 2625; x_wconf 75' lang='lat' dir='ltr'><strong>Joannis</strong></span> <span class='ocrx_word' id='word_1_779' title='bbox 707 2595 843 2622; x_wconf 89' lang='lat' dir='ltr'><strong>undenam</strong></span> <span class='ocrx_word' id='word_1_780' title='bbox 866 2597 938 2621; x_wconf 84' lang='lat' dir='ltr'><strong>esset</strong></span> <span class='ocrx_word' id='word_1_781' title='bbox 952 2593 994 2625; x_wconf 83' lang='lat' dir='ltr'><strong>di-</strong></span> 
     </span>
    </p>
   </div>
   <div class='ocr_carea' id='block_1_101' title="bbox 208 2638 994 2679">
    <p class='ocr_par' dir='ltr' id='par_1_101' title="bbox 208 2638 994 2679">
     <span class='ocr_line' id='line_1_101' title="bbox 208 2638 994 2679; baseline -0.01 -5"><span class='ocrx_word' id='word_1_782' title='bbox 208 2654 271 2674; x_wconf 83' lang='lat' dir='ltr'><strong>cere</strong></span> <span class='ocrx_word' id='word_1_783' title='bbox 284 2653 337 2673; x_wconf 90' lang='lat' dir='ltr'><strong>nou</strong></span> <span class='ocrx_word' id='word_1_784' title='bbox 353 2645 499 2673; x_wconf 85' lang='lat' dir='ltr'><strong>audebant.</strong></span> <span class='ocrx_word' id='word_1_785' title='bbox 513 2642 553 2670; x_wconf 88' lang='lat' dir='ltr'><strong>Tu</strong></span> <span class='ocrx_word' id='word_1_786' title='bbox 570 2650 634 2670; x_wconf 91' lang='lat' dir='ltr'><strong>vero</strong></span> <span class='ocrx_word' id='word_1_787' title='bbox 649 2647 773 2679; x_wconf 83' lang='lat' dir='ltr'><strong>metuens</strong></span> <span class='ocrx_word' id='word_1_788' title='bbox 786 2648 840 2668; x_wconf 88' lang='lat' dir='ltr'><strong>non</strong></span> <span class='ocrx_word' id='word_1_789' title='bbox 854 2640 929 2669; x_wconf 84' lang='lat' dir='ltr'><strong>siles.</strong></span> <span class='ocrx_word' id='word_1_790' title='bbox 946 2638 994 2666; x_wconf 79' lang='lat' dir='ltr'><strong>sed</strong></span> 
     </span>
    </p>
   </div>
   <div class='ocr_carea' id='block_1_102' title="bbox 208 2687 993 2726">
    <p class='ocr_par' dir='ltr' id='par_1_102' title="bbox 208 2687 993 2726">
     <span class='ocr_line' id='line_1_102' title="bbox 208 2687 993 2726; baseline -0.01 -7"><span class='ocrx_word' id='word_1_791' title='bbox 208 2693 311 2726; x_wconf 70' lang='lat' dir='ltr'><strong>clamas</strong></span> <span class='ocrx_word' id='word_1_792' title='bbox 331 2691 387 2718; x_wconf 86' lang='lat' dir='ltr'><strong>:ad</strong></span> <span class='ocrx_word' id='word_1_793' title='bbox 409 2698 456 2718; x_wconf 86' lang='lat' dir='ltr'><strong>eos</strong></span> <span class='ocrx_word' id='word_1_794' title='bbox 480 2696 562 2725; x_wconf 88' lang='lat' dir='ltr'><strong>porro</strong></span> <span class='ocrx_word' id='word_1_795' title='bbox 585 2688 688 2715; x_wconf 88' lang='lat' dir='ltr'><strong>clamas</strong></span> <span class='ocrx_word' id='word_1_796' title='bbox 706 2687 752 2722; x_wconf 91' lang='lat' dir='ltr'><strong>qui</strong></span> <span class='ocrx_word' id='word_1_797' title='bbox 777 2687 860 2722; x_wconf 90' lang='lat' dir='ltr'><strong>probe</strong></span> <span class='ocrx_word' id='word_1_798' title='bbox 883 2688 993 2716; x_wconf 87' lang='lat' dir='ltr'><strong>norunt,</strong></span> 
     </span>
    </p>
   </div>
   <div class='ocr_carea' id='block_1_103' title="bbox 210 2734 995 2773">
    <p class='ocr_par' dir='ltr' id='par_1_103' title="bbox 210 2734 995 2773">
     <span class='ocr_line' id='line_1_103' title="bbox 210 2734 995 2773; baseline -0.006 -8"><span class='ocrx_word' id='word_1_799' title='bbox 210 2739 276 2773; x_wconf 83' lang='lat' dir='ltr'><strong>quid</strong></span> <span class='ocrx_word' id='word_1_800' title='bbox 302 2739 338 2766; x_wconf 86' lang='lat' dir='ltr'><strong>sit</strong></span> <span class='ocrx_word' id='word_1_801' title='bbox 369 2747 379 2764; x_wconf 75' lang='grc' dir='ltr'><strong>ι</strong></span> <span class='ocrx_word' id='word_1_802' title='bbox 410 2744 544 2765; x_wconf 82' lang='lat' dir='ltr'><strong>venenum</strong></span> <span class='ocrx_word' id='word_1_803' title='bbox 580 2736 705 2768; x_wconf 87' lang='lat' dir='ltr'><strong>aspidum</strong></span> <span class='ocrx_word' id='word_1_804' title='bbox 745 2735 797 2763; x_wconf 87' lang='lat' dir='ltr'><strong>sub</strong></span> <span class='ocrx_word' id='word_1_805' title='bbox 827 2734 906 2761; x_wconf 88' lang='lat' dir='ltr'><strong>labiis</strong></span> <span class='ocrx_word' id='word_1_806' title='bbox 947 2741 995 2761; x_wconf 87' lang='lat' dir='ltr'><strong>eo-</strong></span> 
     </span>
    </p>
   </div>
   <div class='ocr_carea' id='block_1_104' title="bbox 211 2780 997 2817">
    <p class='ocr_par' dir='ltr' id='par_1_104' title="bbox 211 2780 997 2817">
     <span class='ocr_line' id='line_1_104' title="bbox 211 2780 997 2817; baseline -0.006 -5"><span class='ocrx_word' id='word_1_807' title='bbox 211 2792 272 2812; x_wconf 87' lang='lat' dir='ltr'><strong>rum</strong></span> <span class='ocrx_word' id='word_1_808' title='bbox 282 2784 315 2811; x_wconf 83' lang='grc'><strong>³⁷.</strong></span> <span class='ocrx_word' id='word_1_809' title='bbox 332 2795 341 2810; x_wconf 75' lang='grc'><strong>›</strong></span> <span class='ocrx_word' id='word_1_810' title='bbox 362 2783 489 2811; x_wconf 61' lang='lat' dir='ltr'><strong>Pharisaei</strong></span> <span class='ocrx_word' id='word_1_811' title='bbox 504 2787 593 2810; x_wconf 89' lang='lat' dir='ltr'><strong>autem</strong></span> <span class='ocrx_word' id='word_1_812' title='bbox 610 2782 651 2810; x_wconf 89' lang='lat' dir='ltr'><strong>sic</strong></span> <span class='ocrx_word' id='word_1_813' title='bbox 665 2781 737 2817; x_wconf 88' lang='lat' dir='ltr'><strong>apud</strong></span> <span class='ocrx_word' id='word_1_814' title='bbox 753 2789 783 2809; x_wconf 82' lang='lat' dir='ltr'><strong>se</strong></span> <span class='ocrx_word' id='word_1_815' title='bbox 795 2780 997 2808; x_wconf 83' lang='lat' dir='ltr'><strong>ratiocinaban-</strong></span> 
     </span>
    </p>
   </div>
   <div class='ocr_carea' id='block_1_105' title="bbox 249 2855 993 2899">
    <p class='ocr_par' dir='ltr' id='par_1_105' title="bbox 249 2855 993 2899">
     <span class='ocr_line' id='line_1_105' title="bbox 249 2855 993 2899; baseline -0.004 -13"><span class='ocrx_word' id='word_1_816' title='bbox 249 2861 270 2876; x_wconf 81' lang='grc'><strong>³⁵</strong></span> <span class='ocrx_word' id='word_1_817' title='bbox 288 2859 356 2899; x_wconf 54' lang='grc' dir='ltr'>τίω-ι</span> <span class='ocrx_word' id='word_1_818' title='bbox 385 2868 409 2893; x_wconf 64' lang='lat' dir='ltr'><strong>v,</strong></span> <span class='ocrx_word' id='word_1_819' title='bbox 427 2859 471 2886; x_wconf 71' lang='lat'><strong>23.</strong></span> <span class='ocrx_word' id='word_1_820' title='bbox 511 2857 618 2896; x_wconf 68' lang='lat' dir='ltr'><strong>“itum.</strong></span> <span class='ocrx_word' id='word_1_821' title='bbox 636 2866 683 2889; x_wconf 75' lang='lat' dir='ltr'><strong>xu,</strong></span> <span class='ocrx_word' id='word_1_822' title='bbox 699 2858 720 2884; x_wconf 96' lang='lat' dir='ltr'><strong>l.</strong></span> <span class='ocrx_word' id='word_1_823' title='bbox 761 2857 782 2873; x_wconf 87' lang='grc'><strong>³⁷</strong></span> <span class='ocrx_word' id='word_1_824' title='bbox 802 2855 877 2884; x_wconf 81' lang='lat' dir='ltr'><strong>Psal.</strong></span> <span class='ocrx_word' id='word_1_825' title='bbox 897 2856 993 2892; x_wconf 60' lang='lat'><strong>“11,5.</strong></span> 
     </span>
    </p>
   </div>
   <div class='ocr_carea' id='block_1_106' title="bbox 1041 2271 1830 2312">
    <p class='ocr_par' dir='ltr' id='par_1_106' title="bbox 1041 2271 1830 2312">
     <span class='ocr_line' id='line_1_106' title="bbox 1041 2271 1830 2312; baseline -0.01 -8"><span class='ocrx_word' id='word_1_826' title='bbox 1041 2278 1094 2312; x_wconf 77' lang='grc' dir='ltr'>ἄρα</span> <span class='ocrx_word' id='word_1_827' title='bbox 1115 2276 1244 2312; x_wconf 81' lang='grc' dir='ltr'>ὁμοτιμία</span> <span class='ocrx_word' id='word_1_828' title='bbox 1267 2277 1295 2302; x_wconf 76' lang='grc' dir='ltr'>ὲν</span> <span class='ocrx_word' id='word_1_829' title='bbox 1317 2277 1373 2307; x_wconf 80' lang='grc' dir='ltr'>τοῖς</span> <span class='ocrx_word' id='word_1_830' title='bbox 1401 2275 1556 2309; x_wconf 82' lang='grc' dir='ltr'>κτίσμασιν.</span> <span class='ocrx_word' id='word_1_831' title='bbox 1583 2273 1678 2308; x_wconf 80' lang='grc' dir='ltr'>Ἡμεῖς</span> <span class='ocrx_word' id='word_1_832' title='bbox 1703 2272 1730 2298; x_wconf 84' lang='grc' dir='ltr'><strong>δὲ</strong></span> <span class='ocrx_word' id='word_1_833' title='bbox 1748 2271 1830 2298; x_wconf 82' lang='grc' dir='ltr'>πάλιν</span> 
     </span>
    </p>
   </div>
   <div class='ocr_carea' id='block_1_107' title="bbox 1042 2316 1829 2359">
    <p class='ocr_par' dir='ltr' id='par_1_107' title="bbox 1042 2316 1829 2359">
     <span class='ocr_line' id='line_1_107' title="bbox 1042 2316 1829 2359; baseline -0.01 -9"><span class='ocrx_word' id='word_1_834' title='bbox 1042 2323 1109 2359; x_wconf 52' lang='lat' dir='ltr'><strong>«pb;</strong></span> <span class='ocrx_word' id='word_1_835' title='bbox 1121 2322 1224 2349; x_wconf 81' lang='grc' dir='ltr'>ταῦτα·</span> <span class='ocrx_word' id='word_1_836' title='bbox 1243 2322 1274 2347; x_wconf 87' lang='grc' dir='ltr'>Εί</span> <span class='ocrx_word' id='word_1_837' title='bbox 1288 2320 1370 2355; x_wconf 75' lang='grc' dir='ltr'>φόϐον</span> <span class='ocrx_word' id='word_1_838' title='bbox 1389 2319 1456 2346; x_wconf 82' lang='grc' dir='ltr'>Θεοῦ</span> <span class='ocrx_word' id='word_1_839' title='bbox 1482 2317 1552 2354; x_wconf 72' lang='grc' dir='ltr'>εἶχεν</span> <span class='ocrx_word' id='word_1_840' title='bbox 1569 2319 1586 2353; x_wconf 83' lang='grc' dir='ltr'>ὴ</span> <span class='ocrx_word' id='word_1_841' title='bbox 1602 2317 1699 2352; x_wconf 80' lang='grc' dir='ltr'>καρδία</span> <span class='ocrx_word' id='word_1_842' title='bbox 1720 2325 1766 2342; x_wconf 82' lang='grc' dir='ltr'>σου</span> <span class='ocrx_word' id='word_1_843' title='bbox 1777 2337 1785 2347; x_wconf 83' lang='grc'><strong>,</strong></span> <span class='ocrx_word' id='word_1_844' title='bbox 1797 2316 1829 2343; x_wconf 74' lang='grc' dir='ltr'>οὐ</span> 
     </span>
    </p>
   </div>
   <div class='ocr_carea' id='block_1_108' title="bbox 1042 2362 1827 2404">
    <p class='ocr_par' dir='ltr' id='par_1_108' title="bbox 1042 2362 1827 2404">
     <span class='ocr_line' id='line_1_108' title="bbox 1042 2362 1827 2404; baseline -0.009 -9"><span class='ocrx_word' id='word_1_845' title='bbox 1042 2369 1163 2404; x_wconf 84' lang='grc' dir='ltr'>γέγραφε</span> <span class='ocrx_word' id='word_1_846' title='bbox 1175 2366 1316 2402; x_wconf 78' lang='grc' dir='ltr'>πονηρίαν,</span> <span class='ocrx_word' id='word_1_847' title='bbox 1329 2365 1385 2393; x_wconf 81' lang='grc' dir='ltr'>ἀλλ’</span> <span class='ocrx_word' id='word_1_848' title='bbox 1397 2365 1425 2398; x_wconf 78' lang='grc' dir='ltr'><strong>ἐξ</strong></span> <span class='ocrx_word' id='word_1_849' title='bbox 1437 2362 1542 2395; x_wconf 69' lang='grc' dir='ltr'>εὐθείας</span> <span class='ocrx_word' id='word_1_850' title='bbox 1554 2364 1655 2394; x_wconf 75' lang='grc' dir='ltr'>ἔλεγες,</span> <span class='ocrx_word' id='word_1_851' title='bbox 1667 2363 1681 2389; x_wconf 80' lang='grc' dir='ltr'><strong>ὃ</strong></span> <span class='ocrx_word' id='word_1_852' title='bbox 1694 2362 1827 2398; x_wconf 77' lang='grc' dir='ltr'>ἐφρόνεις.</span> 
     </span>
    </p>
   </div>
   <div class='ocr_carea' id='block_1_109' title="bbox 1041 2407 1828 2449">
    <p class='ocr_par' dir='ltr' id='par_1_109' title="bbox 1041 2407 1828 2449">
     <span class='ocr_line' id='line_1_109' title="bbox 1041 2407 1828 2449; baseline -0.009 -9"><span class='ocrx_word' id='word_1_853' title='bbox 1041 2414 1112 2449; x_wconf 72' lang='grc' dir='ltr'><strong>ψοὸῇ</strong></span> <span class='ocrx_word' id='word_1_854' title='bbox 1127 2413 1155 2439; x_wconf 79' lang='grc' dir='ltr'><strong>δὲ</strong></span> <span class='ocrx_word' id='word_1_855' title='bbox 1174 2413 1278 2443; x_wconf 78' lang='grc' dir='ltr'>εἰπεῖν,</span> <span class='ocrx_word' id='word_1_856' title='bbox 1297 2412 1326 2438; x_wconf 76' lang='grc' dir='ltr'>οὐ</span> <span class='ocrx_word' id='word_1_857' title='bbox 1347 2411 1392 2438; x_wconf 84' lang='grc' dir='ltr'>τὸν</span> <span class='ocrx_word' id='word_1_858' title='bbox 1406 2410 1471 2437; x_wconf 78' lang='grc' dir='ltr'>Θεὸν</span> <span class='ocrx_word' id='word_1_859' title='bbox 1491 2410 1669 2445; x_wconf 72' lang='grc' dir='ltr'>φοϐούμενος,</span> <span class='ocrx_word' id='word_1_860' title='bbox 1692 2408 1760 2435; x_wconf 78' lang='grc' dir='ltr'>ἀλλὰ</span> <span class='ocrx_word' id='word_1_861' title='bbox 1782 2407 1828 2449; x_wconf 49' lang='grc' dir='ltr'><strong>τόν</strong></span> 
     </span>
    </p>
   </div>
   <div class='ocr_carea' id='block_1_110' title="bbox 1043 2442 1829 2495">
    <p class='ocr_par' dir='ltr' id='par_1_110' title="bbox 1043 2442 1829 2495">
     <span class='ocr_line' id='line_1_110' title="bbox 1043 2442 1829 2495; baseline -0.009 -9"><span class='ocrx_word' id='word_1_862' title='bbox 1043 2442 1130 2495; x_wconf 70' lang='grc' dir='ltr'>ὗχλον,</span> <span class='ocrx_word' id='word_1_863' title='bbox 1147 2459 1185 2490; x_wconf 76' lang='grc' dir='ltr'><strong>ὡς</strong></span> <span class='ocrx_word' id='word_1_864' title='bbox 1197 2460 1220 2485; x_wconf 87' lang='grc' dir='ltr'>οἰ</span> <span class='ocrx_word' id='word_1_865' title='bbox 1232 2442 1370 2494; x_wconf 81' lang='grc' dir='ltr'>Φαρισαῖοι</span> <span class='ocrx_word' id='word_1_866' title='bbox 1395 2457 1425 2483; x_wconf 80' lang='grc' dir='ltr'>τὸ</span> <span class='ocrx_word' id='word_1_867' title='bbox 1441 2442 1582 2491; x_wconf 71' lang='grc' dir='ltr'>βάπτισμα</span> <span class='ocrx_word' id='word_1_868' title='bbox 1601 2455 1724 2482; x_wconf 76' lang='grc' dir='ltr'>Ἰωάννου</span> <span class='ocrx_word' id='word_1_869' title='bbox 1743 2442 1829 2488; x_wconf 60' lang='grc' dir='ltr'>φοϐη-</span> 
     </span>
    </p>
   </div>
   <div class='ocr_carea' id='block_1_111' title="bbox 1044 2500 1830 2536">
    <p class='ocr_par' dir='ltr' id='par_1_111' title="bbox 1044 2500 1830 2536">
     <span class='ocr_line' id='line_1_111' title="bbox 1044 2500 1830 2536; baseline -0.009 -5"><span class='ocrx_word' id='word_1_870' title='bbox 1044 2504 1135 2536; x_wconf 78' lang='grc' dir='ltr'>θέντες</span> <span class='ocrx_word' id='word_1_871' title='bbox 1147 2505 1242 2535; x_wconf 81' lang='grc' dir='ltr'>εῑπεῖν,</span> <span class='ocrx_word' id='word_1_872' title='bbox 1259 2503 1338 2529; x_wconf 69' lang='grc' dir='ltr'>πόθεν</span> <span class='ocrx_word' id='word_1_873' title='bbox 1353 2500 1396 2536; x_wconf 82' lang='grc' dir='ltr'><strong>ἦν.</strong></span> <span class='ocrx_word' id='word_1_874' title='bbox 1415 2502 1468 2527; x_wconf 73' lang='grc' dir='ltr'><strong>Καὶ</strong></span> <span class='ocrx_word' id='word_1_875' title='bbox 1485 2501 1648 2535; x_wconf 75' lang='grc' dir='ltr'>φοϐούμενος</span> <span class='ocrx_word' id='word_1_876' title='bbox 1666 2500 1695 2526; x_wconf 81' lang='grc' dir='ltr'>οὐ</span> <span class='ocrx_word' id='word_1_877' title='bbox 1714 2500 1830 2534; x_wconf 74' lang='grc' dir='ltr'>σιωπᾷς,</span> 
     </span>
    </p>
   </div>
   <div class='ocr_carea' id='block_1_112' title="bbox 1044 2545 1831 2586">
    <p class='ocr_par' dir='ltr' id='par_1_112' title="bbox 1044 2545 1831 2586">
     <span class='ocr_line' id='line_1_112' title="bbox 1044 2545 1831 2586; baseline -0.009 -9"><span class='ocrx_word' id='word_1_878' title='bbox 1044 2551 1111 2577; x_wconf 69' lang='grc' dir='ltr'>ἀλλὰ</span> <span class='ocrx_word' id='word_1_879' title='bbox 1130 2550 1206 2586; x_wconf 82' lang='grc' dir='ltr'>βοᾷς·</span> <span class='ocrx_word' id='word_1_880' title='bbox 1226 2549 1290 2584; x_wconf 81' lang='grc' dir='ltr'>βοᾷς</span> <span class='ocrx_word' id='word_1_881' title='bbox 1308 2549 1336 2575; x_wconf 83' lang='grc' dir='ltr'><strong>δὲ</strong></span> <span class='ocrx_word' id='word_1_882' title='bbox 1350 2549 1405 2579; x_wconf 81' lang='grc' dir='ltr'>τοῖς</span> <span class='ocrx_word' id='word_1_883' title='bbox 1417 2547 1509 2578; x_wconf 80' lang='grc' dir='ltr'>εἰδόσι,</span> <span class='ocrx_word' id='word_1_884' title='bbox 1527 2547 1552 2573; x_wconf 87' lang='grc' dir='ltr'><strong>τί</strong></span> <span class='ocrx_word' id='word_1_885' title='bbox 1562 2548 1645 2575; x_wconf 80' lang='grc' dir='ltr'>ἐστιν,</span> <span class='ocrx_word' id='word_1_886' title='bbox 1663 2555 1673 2571; x_wconf 83' lang='grc'><strong><em>‹</em></strong></span> <span class='ocrx_word' id='word_1_887' title='bbox 1693 2545 1732 2576; x_wconf 72' lang='lat' dir='ltr'><strong>ib;</strong></span> <span class='ocrx_word' id='word_1_888' title='bbox 1748 2545 1831 2571; x_wconf 77' lang='grc' dir='ltr'>ἀσπί-</span> 
     </span>
    </p>
   </div>
   <div class='ocr_carea' id='block_1_113' title="bbox 1044 2590 1834 2630">
    <p class='ocr_par' dir='ltr' id='par_1_113' title="bbox 1044 2590 1834 2630">
     <span class='ocr_line' id='line_1_113' title="bbox 1044 2590 1834 2630; baseline -0.008 -8"><span class='ocrx_word' id='word_1_889' title='bbox 1044 2597 1097 2629; x_wconf 69' lang='grc' dir='ltr'><strong>δων</strong></span> <span class='ocrx_word' id='word_1_890' title='bbox 1119 2596 1171 2622; x_wconf 72' lang='grc' dir='ltr'>ὑπὸ</span> <span class='ocrx_word' id='word_1_891' title='bbox 1183 2595 1216 2622; x_wconf 79' lang='grc' dir='ltr'>τὰ</span> <span class='ocrx_word' id='word_1_892' title='bbox 1229 2594 1304 2630; x_wconf 84' lang='grc' dir='ltr'>χείλη</span> <span class='ocrx_word' id='word_1_893' title='bbox 1329 2593 1427 2620; x_wconf 72' lang='grc' dir='ltr'>αὐτῶν.</span> <span class='ocrx_word' id='word_1_894' title='bbox 1451 2602 1458 2618; x_wconf 77' lang='grc' dir='ltr'><strong>ι</strong></span> <span class='ocrx_word' id='word_1_895' title='bbox 1474 2593 1529 2618; x_wconf 79' lang='grc' dir='ltr'><strong>Καὶ</strong></span> <span class='ocrx_word' id='word_1_896' title='bbox 1545 2591 1599 2626; x_wconf 75' lang='grc' dir='ltr'><strong>γὰρ</strong></span> <span class='ocrx_word' id='word_1_897' title='bbox 1611 2590 1794 2624; x_wconf 82' lang='grc' dir='ltr'>διελογίσαντο</span> <span class='ocrx_word' id='word_1_898' title='bbox 1808 2590 1834 2616; x_wconf 77' lang='grc' dir='ltr'>οἱ</span> 
     </span>
    </p>
   </div>
   <div class='ocr_carea' id='block_1_114' title="bbox 1043 2635 1835 2678">
    <p class='ocr_par' dir='ltr' id='par_1_114' title="bbox 1043 2635 1835 2678">
     <span class='ocr_line' id='line_1_114' title="bbox 1043 2635 1835 2678; baseline -0.01 -9"><span class='ocrx_word' id='word_1_899' title='bbox 1043 2643 1183 2678; x_wconf 58' lang='grc' dir='ltr'>φαρισαῖοι</span> <span class='ocrx_word' id='word_1_900' title='bbox 1195 2650 1201 2656; x_wconf 89' lang='grc'><strong>·</strong></span> <span class='ocrx_word' id='word_1_901' title='bbox 1218 2651 1226 2666; x_wconf 72' lang='grc' dir='ltr'><strong>ι</strong></span> <span class='ocrx_word' id='word_1_902' title='bbox 1249 2639 1311 2667; x_wconf 75' lang='grc' dir='ltr'>Ἐὰν</span> <span class='ocrx_word' id='word_1_903' title='bbox 1325 2637 1509 2674; x_wconf 80' lang='grc' dir='ltr'>εἱ’πωμεν,Ἐξ</span> <span class='ocrx_word' id='word_1_904' title='bbox 1519 2636 1643 2673; x_wconf 75' lang='grc' dir='ltr'>οὐρανοῦ,</span> <span class='ocrx_word' id='word_1_905' title='bbox 1658 2637 1724 2671; x_wconf 80' lang='grc' dir='ltr'>ἐρεῖ’</span> <span class='ocrx_word' id='word_1_906' title='bbox 1738 2635 1789 2661; x_wconf 77' lang='grc' dir='ltr'><strong>Διὰ</strong></span> <span class='ocrx_word' id='word_1_907' title='bbox 1807 2635 1835 2662; x_wconf 88' lang='grc' dir='ltr'><strong>τί</strong></span> 
     </span>
    </p>
   </div>
   <div class='ocr_carea' id='block_1_115' title="bbox 1045 2679 1835 2719">
    <p class='ocr_par' dir='ltr' id='par_1_115' title="bbox 1045 2679 1835 2719">
     <span class='ocr_line' id='line_1_115' title="bbox 1045 2679 1835 2719; baseline -0.01 -5"><span class='ocrx_word' id='word_1_908' title='bbox 1045 2686 1091 2714; x_wconf 76' lang='grc' dir='ltr'>οὖν</span> <span class='ocrx_word' id='word_1_909' title='bbox 1105 2687 1154 2716; x_wconf 73' lang='grc' dir='ltr'>οὐκ</span> <span class='ocrx_word' id='word_1_910' title='bbox 1165 2685 1339 2713; x_wconf 71' lang='grc' dir='ltr'>ἐπιστεύσατε</span> <span class='ocrx_word' id='word_1_911' title='bbox 1351 2684 1438 2719; x_wconf 72' lang='grc' dir='ltr'>αὐτῷς</span> <span class='ocrx_word' id='word_1_912' title='bbox 1452 2684 1498 2710; x_wconf 79' lang='grc' dir='ltr'>καὶ</span> <span class='ocrx_word' id='word_1_913' title='bbox 1516 2684 1563 2710; x_wconf 74' lang='grc' dir='ltr'><strong>ἐὰν</strong></span> <span class='ocrx_word' id='word_1_914' title='bbox 1583 2683 1713 2715; x_wconf 74' lang='grc' dir='ltr'>εἴπωμεν,</span> <span class='ocrx_word' id='word_1_915' title='bbox 1728 2681 1774 2714; x_wconf 82' lang='grc' dir='ltr'><strong>Ἐξ</strong></span> <span class='ocrx_word' id='word_1_916' title='bbox 1788 2679 1835 2706; x_wconf 82' lang='grc' dir='ltr'><strong>ἀν-</strong></span> 
     </span>
    </p>
   </div>
   <div class='ocr_carea' id='block_1_116' title="bbox 1047 2725 1835 2769">
    <p class='ocr_par' dir='ltr' id='par_1_116' title="bbox 1047 2725 1835 2769">
     <span class='ocr_line' id='line_1_116' title="bbox 1047 2725 1835 2769; baseline -0.01 -9"><span class='ocrx_word' id='word_1_917' title='bbox 1047 2733 1173 2769; x_wconf 67' lang='grc' dir='ltr'>Θρώπιυν,</span> <span class='ocrx_word' id='word_1_918' title='bbox 1186 2731 1340 2767; x_wconf 75' lang='grc' dir='ltr'>φοϐούμεθα</span> <span class='ocrx_word' id='word_1_919' title='bbox 1350 2730 1395 2757; x_wconf 81' lang='grc' dir='ltr'>τὸν</span> <span class='ocrx_word' id='word_1_920' title='bbox 1410 2729 1497 2764; x_wconf 73' lang='grc' dir='ltr'>ὖχλον.</span> <span class='ocrx_word' id='word_1_921' title='bbox 1515 2739 1523 2754; x_wconf 69' lang='grc' dir='ltr'><strong>ι</strong></span> <span class='ocrx_word' id='word_1_922' title='bbox 1535 2728 1618 2755; x_wconf 79' lang='grc' dir='ltr'>Τοῦτο</span> <span class='ocrx_word' id='word_1_923' title='bbox 1627 2728 1674 2754; x_wconf 72' lang='grc' dir='ltr'><strong>καὶ</strong></span> <span class='ocrx_word' id='word_1_924' title='bbox 1687 2726 1769 2758; x_wconf 79' lang='grc' dir='ltr'>αὐτὸς</span> <span class='ocrx_word' id='word_1_925' title='bbox 1779 2725 1835 2753; x_wconf 84' lang='grc' dir='ltr'>δια-</span> 
     </span>
    </p>
   </div>
   <div class='ocr_carea' id='block_1_117' title="bbox 1046 2771 1832 2815">
    <p class='ocr_par' dir='ltr' id='par_1_117' title="bbox 1046 2771 1832 2815">
     <span class='ocr_line' id='line_1_117' title="bbox 1046 2771 1832 2815; baseline -0.009 -9"><span class='ocrx_word' id='word_1_926' title='bbox 1046 2779 1157 2815; x_wconf 71' lang='grc' dir='ltr'>λογίζῃ·</span> <span class='ocrx_word' id='word_1_927' title='bbox 1181 2778 1242 2806; x_wconf 77' lang='grc' dir='ltr'>Ἐὰν</span> <span class='ocrx_word' id='word_1_928' title='bbox 1264 2777 1403 2812; x_wconf 78' lang='grc' dir='ltr'>εἴπωμεν,</span> <span class='ocrx_word' id='word_1_929' title='bbox 1427 2776 1482 2803; x_wconf 74' lang='grc' dir='ltr'>οὐκ</span> <span class='ocrx_word' id='word_1_930' title='bbox 1508 2775 1564 2802; x_wconf 75' lang='grc' dir='ltr'>ἔστι</span> <span class='ocrx_word' id='word_1_931' title='bbox 1584 2773 1701 2809; x_wconf 81' lang='grc' dir='ltr'>κτίσμα,</span> <span class='ocrx_word' id='word_1_932' title='bbox 1721 2771 1832 2809; x_wconf 76' lang='grc' dir='ltr'>ὲροῦσιο</span> 
     </span>
    </p>
   </div>
  </div>
