  <div class='ocr_page' id='page_1' title='image "/cluster/home/n/w/nwhite01/storage/ocr_20150623/28/njp.32101007506148/669.png"; bbox 0 0 1926 3068; ppageno 0'>
   <div class='ocr_carea' id='block_1_1' title="bbox 186 93 255 122">
    <p class='ocr_par' dir='ltr' id='par_1_1' title="bbox 186 93 255 122">
     <span class='ocr_line' id='line_1_1' title="bbox 186 93 255 122; baseline 0 -1"><span class='ocrx_word' id='word_1_1' title='bbox 186 93 255 122; x_wconf 68' lang='lat'><strong>{505</strong></span> 
     </span>
    </p>
   </div>
   <div class='ocr_carea' id='block_1_2' title="bbox 745 89 1228 118">
    <p class='ocr_par' dir='ltr' id='par_1_2' title="bbox 745 89 1228 118">
     <span class='ocr_line' id='line_1_2' title="bbox 745 89 1228 118; baseline -0.002 0"><span class='ocrx_word' id='word_1_2' title='bbox 745 91 774 118; x_wconf 87' lang='lat' dir='ltr'><strong>S.</strong></span> <span class='ocrx_word' id='word_1_3' title='bbox 792 89 1022 118; x_wconf 76' lang='lat' dir='ltr'><strong>ATHANASIUS.</strong></span> <span class='ocrx_word' id='word_1_4' title='bbox 1042 106 1077 111; x_wconf 85' lang='lat'><strong>—</strong></span> <span class='ocrx_word' id='word_1_5' title='bbox 1093 89 1228 118; x_wconf 68' lang='lat' dir='ltr'><strong>SPUlllA.</strong></span> 
     </span>
    </p>
   </div>
   <div class='ocr_carea' id='block_1_3' title="bbox 1736 87 1822 115">
    <p class='ocr_par' dir='ltr' id='par_1_3' title="bbox 1736 87 1822 115">
     <span class='ocr_line' id='line_1_3' title="bbox 1736 87 1822 115; baseline 0.012 -1"><span class='ocrx_word' id='word_1_6' title='bbox 1736 87 1822 115; x_wconf 67' lang='grc'><strong>1504</strong></span> 
     </span>
    </p>
   </div>
   <div class='ocr_carea' id='block_1_4' title="bbox 185 147 970 186">
    <p class='ocr_par' dir='ltr' id='par_1_4' title="bbox 185 149 963 185">
     <span class='ocr_line' id='line_1_4' title="bbox 185 149 963 185; baseline -0.003 -7"><span class='ocrx_word' id='word_1_7' title='bbox 185 152 287 178; x_wconf 83' lang='lat' dir='ltr'><strong>litatem</strong></span> <span class='ocrx_word' id='word_1_8' title='bbox 300 150 400 180; x_wconf 82' lang='lat' dir='ltr'><strong>habere</strong></span> <span class='ocrx_word' id='word_1_9' title='bbox 415 150 449 177; x_wconf 87' lang='lat' dir='ltr'><strong>ab</strong></span> <span class='ocrx_word' id='word_1_10' title='bbox 459 150 590 185; x_wconf 82' lang='lat' dir='ltr'><strong>Apostolo</strong></span> <span class='ocrx_word' id='word_1_11' title='bbox 605 149 724 177; x_wconf 84' lang='lat' dir='ltr'><strong>dicitur:</strong></span> <span class='ocrx_word' id='word_1_12' title='bbox 739 160 749 175; x_wconf 73' lang='grc' dir='ltr'><strong>ι</strong></span> <span class='ocrx_word' id='word_1_13' title='bbox 763 149 845 178; x_wconf 89' lang='lat' dir='ltr'><strong>Solus</strong></span> <span class='ocrx_word' id='word_1_14' title='bbox 859 151 943 180; x_wconf 83' lang='lat' dir='ltr'><strong>enim,</strong></span> <span class='ocrx_word' id='word_1_15' title='bbox 955 160 963 176; x_wconf 71' lang='grc' dir='ltr'><strong>ν</strong></span> 
     </span>
    </p>
   </div>
   <div class='ocr_carea' id='block_1_5' title="bbox 1024 147 1824 186">
    <p class='ocr_par' dir='ltr' id='par_1_5' title="bbox 1024 147 1824 186">
     <span class='ocr_line' id='line_1_5' title="bbox 1024 147 1824 186; baseline -0.004 -10"><span class='ocrx_word' id='word_1_16' title='bbox 1024 150 1098 177; x_wconf 65' lang='grc' dir='ltr'><strong>ἠχῶν</strong></span> <span class='ocrx_word' id='word_1_17' title='bbox 1121 150 1277 186; x_wconf 80' lang='grc' dir='ltr'>ἀπρόσιτον.</span> <span class='ocrx_word' id='word_1_18' title='bbox 1306 159 1315 176; x_wconf 72' lang='grc' dir='ltr'><strong>ι</strong></span> <span class='ocrx_word' id='word_1_19' title='bbox 1335 149 1444 177; x_wconf 75' lang='grc' dir='ltr'><strong>Μακεό.</strong></span> <span class='ocrx_word' id='word_1_20' title='bbox 1463 148 1525 175; x_wconf 75' lang='grc' dir='ltr'>Ναί.</span> <span class='ocrx_word' id='word_1_21' title='bbox 1543 149 1620 182; x_wconf 80' lang='grc' dir='ltr'>Ὀρθ.</span> <span class='ocrx_word' id='word_1_22' title='bbox 1638 147 1754 182; x_wconf 81' lang='grc' dir='ltr'>Ἔχουσι</span> <span class='ocrx_word' id='word_1_23' title='bbox 1783 147 1824 174; x_wconf 78' lang='grc' dir='ltr'><strong>δὲ</strong></span> 
     </span>
    </p>
   </div>
   <div class='ocr_carea' id='block_1_6' title="bbox 186 196 966 232">
    <p class='ocr_par' dir='ltr' id='par_1_6' title="bbox 186 196 966 232">
     <span class='ocr_line' id='line_1_6' title="bbox 186 196 966 232; baseline -0.001 -7"><span class='ocrx_word' id='word_1_24' title='bbox 186 198 291 232; x_wconf 91' lang='lat' dir='ltr'><strong>inquit,</strong></span> <span class='ocrx_word' id='word_1_25' title='bbox 322 197 425 225; x_wconf 69' lang='lat' dir='ltr'><strong>chabet</strong></span> <span class='ocrx_word' id='word_1_26' title='bbox 449 196 695 230; x_wconf 85' lang='lat' dir='ltr'><strong>immortalitatem,</strong></span> <span class='ocrx_word' id='word_1_27' title='bbox 724 197 812 224; x_wconf 87' lang='lat' dir='ltr'><strong>lucem</strong></span> <span class='ocrx_word' id='word_1_28' title='bbox 841 197 966 224; x_wconf 78' lang='lat' dir='ltr'><strong>habitans</strong></span> 
     </span>
    </p>
   </div>
   <div class='ocr_carea' id='block_1_7' title="bbox 185 241 967 271">
    <p class='ocr_par' dir='ltr' id='par_1_7' title="bbox 185 241 967 271">
     <span class='ocr_line' id='line_1_7' title="bbox 185 241 967 271; baseline -0.003 -1"><span class='ocrx_word' id='word_1_29' title='bbox 185 242 443 271; x_wconf 79' lang='lat' dir='ltr'><strong>inaccessibilem&quot;.</strong></span> <span class='ocrx_word' id='word_1_30' title='bbox 460 251 470 268; x_wconf 72' lang='grc' dir='ltr'><strong>ι</strong></span> <span class='ocrx_word' id='word_1_31' title='bbox 501 241 603 269; x_wconf 85' lang='lat' dir='ltr'><strong>Maced.</strong></span> <span class='ocrx_word' id='word_1_32' title='bbox 632 241 730 269; x_wconf 86' lang='lat' dir='ltr'><strong>Etiam.</strong></span> <span class='ocrx_word' id='word_1_33' title='bbox 757 241 834 269; x_wconf 83' lang='lat' dir='ltr'><strong>Orth.</strong></span> <span class='ocrx_word' id='word_1_34' title='bbox 863 241 967 268; x_wconf 77' lang='lat' dir='ltr'><strong>Habent</strong></span> 
     </span>
    </p>
   </div>
   <div class='ocr_carea' id='block_1_8' title="bbox 184 287 967 322">
    <p class='ocr_par' dir='ltr' id='par_1_8' title="bbox 184 287 967 322">
     <span class='ocr_line' id='line_1_8' title="bbox 184 287 967 322; baseline -0.004 -6"><span class='ocrx_word' id='word_1_35' title='bbox 184 289 307 316; x_wconf 81' lang='lat' dir='ltr'><strong>eamdem</strong></span> <span class='ocrx_word' id='word_1_36' title='bbox 324 291 351 315; x_wconf 90' lang='lat' dir='ltr'><strong>et</strong></span> <span class='ocrx_word' id='word_1_37' title='bbox 367 288 512 322; x_wconf 49' lang='lat' dir='ltr'><strong>angeliyet</strong></span> <span class='ocrx_word' id='word_1_38' title='bbox 526 287 710 322; x_wconf 85' lang='lat' dir='ltr'><strong>principatus.</strong></span> <span class='ocrx_word' id='word_1_39' title='bbox 724 291 752 314; x_wconf 86' lang='lat' dir='ltr'><strong>et</strong></span> <span class='ocrx_word' id='word_1_40' title='bbox 766 290 926 322; x_wconf 84' lang='lat' dir='ltr'><strong>potestates,</strong></span> <span class='ocrx_word' id='word_1_41' title='bbox 940 291 967 313; x_wconf 85' lang='lat' dir='ltr'><strong>et</strong></span> 
     </span>
    </p>
   </div>
   <div class='ocr_carea' id='block_1_9' title="bbox 185 333 967 367">
    <p class='ocr_par' dir='ltr' id='par_1_9' title="bbox 185 333 967 367">
     <span class='ocr_line' id='line_1_9' title="bbox 185 333 967 367; baseline -0.004 -5"><span class='ocrx_word' id='word_1_42' title='bbox 185 335 294 367; x_wconf 84' lang='lat' dir='ltr'><strong>throni,</strong></span> <span class='ocrx_word' id='word_1_43' title='bbox 323 338 351 362; x_wconf 88' lang='lat' dir='ltr'><strong>et</strong></span> <span class='ocrx_word' id='word_1_44' title='bbox 374 333 594 361; x_wconf 76' lang='lat' dir='ltr'><strong>dominationes?</strong></span> <span class='ocrx_word' id='word_1_45' title='bbox 613 333 717 361; x_wconf 80' lang='lat' dir='ltr'><strong>Maced.</strong></span> <span class='ocrx_word' id='word_1_46' title='bbox 746 333 863 360; x_wconf 87' lang='lat' dir='ltr'><strong>Habent.</strong></span> <span class='ocrx_word' id='word_1_47' title='bbox 890 333 967 362; x_wconf 78' lang='lat' dir='ltr'><strong>Ortlz.</strong></span> 
     </span>
    </p>
   </div>
   <div class='ocr_carea' id='block_1_10' title="bbox 185 379 969 414">
    <p class='ocr_par' dir='ltr' id='par_1_10' title="bbox 185 379 969 414">
     <span class='ocr_line' id='line_1_10' title="bbox 185 379 969 414; baseline -0.001 -8"><span class='ocrx_word' id='word_1_48' title='bbox 185 380 326 413; x_wconf 82' lang='lat' dir='ltr'><strong>Quomodo</strong></span> <span class='ocrx_word' id='word_1_49' title='bbox 345 380 428 414; x_wconf 84' lang='lat' dir='ltr'><strong>igitur</strong></span> <span class='ocrx_word' id='word_1_50' title='bbox 446 380 521 407; x_wconf 91' lang='lat' dir='ltr'><strong>solus</strong></span> <span class='ocrx_word' id='word_1_51' title='bbox 535 379 606 407; x_wconf 89' lang='lat' dir='ltr'><strong>Deus</strong></span> <span class='ocrx_word' id='word_1_52' title='bbox 621 379 855 406; x_wconf 85' lang='lat' dir='ltr'><strong>immortalitatem</strong></span> <span class='ocrx_word' id='word_1_53' title='bbox 869 379 969 406; x_wconf 84' lang='lat' dir='ltr'><strong>habet?</strong></span> 
     </span>
    </p>
   </div>
   <div class='ocr_carea' id='block_1_11' title="bbox 187 424 968 460">
    <p class='ocr_par' dir='ltr' id='par_1_11' title="bbox 187 424 968 460">
     <span class='ocr_line' id='line_1_11' title="bbox 187 424 968 460; baseline 0 -9"><span class='ocrx_word' id='word_1_54' title='bbox 187 425 289 452; x_wconf 81' lang='lat' dir='ltr'><strong>Maced.</strong></span> <span class='ocrx_word' id='word_1_55' title='bbox 312 424 380 458; x_wconf 85' lang='lat' dir='ltr'><strong>Quia</strong></span> <span class='ocrx_word' id='word_1_56' title='bbox 404 424 475 452; x_wconf 92' lang='lat' dir='ltr'><strong>Deus</strong></span> <span class='ocrx_word' id='word_1_57' title='bbox 497 425 555 460; x_wconf 88' lang='lat' dir='ltr'><strong>ipse</strong></span> <span class='ocrx_word' id='word_1_58' title='bbox 577 430 620 452; x_wconf 88' lang='lat' dir='ltr'><strong>est</strong></span> <span class='ocrx_word' id='word_1_59' title='bbox 643 424 854 457; x_wconf 79' lang='lat' dir='ltr'><strong>immortalitas;</strong></span> <span class='ocrx_word' id='word_1_60' title='bbox 879 425 968 459; x_wconf 80' lang='lat' dir='ltr'><strong>angeli</strong></span> 
     </span>
    </p>
   </div>
   <div class='ocr_carea' id='block_1_12' title="bbox 185 469 968 505">
    <p class='ocr_par' dir='ltr' id='par_1_12' title="bbox 185 469 968 505">
     <span class='ocr_line' id='line_1_12' title="bbox 185 469 968 505; baseline -0.001 -8"><span class='ocrx_word' id='word_1_61' title='bbox 185 478 260 503; x_wconf 83' lang='lat' dir='ltr'><strong>vero,</strong></span> <span class='ocrx_word' id='word_1_62' title='bbox 270 470 426 505; x_wconf 70' lang='lat' dir='ltr'><strong>archangeli</strong></span> <span class='ocrx_word' id='word_1_63' title='bbox 447 473 474 497; x_wconf 91' lang='lat' dir='ltr'><strong>ct</strong></span> <span class='ocrx_word' id='word_1_64' title='bbox 489 470 613 497; x_wconf 74' lang='lat' dir='ltr'><strong>cmlestia</strong></span> <span class='ocrx_word' id='word_1_65' title='bbox 634 469 736 500; x_wconf 82' lang='lat' dir='ltr'><strong>omnia,</strong></span> <span class='ocrx_word' id='word_1_66' title='bbox 757 469 968 496; x_wconf 85' lang='lat' dir='ltr'><strong>immortalitatis</strong></span> 
     </span>
    </p>
   </div>
   <div class='ocr_carea' id='block_1_13' title="bbox 186 513 969 550">
    <p class='ocr_par' dir='ltr' id='par_1_13' title="bbox 186 513 969 550">
     <span class='ocr_line' id='line_1_13' title="bbox 186 513 969 550; baseline -0.001 -9"><span class='ocrx_word' id='word_1_67' title='bbox 186 514 405 550; x_wconf 85' lang='lat' dir='ltr'><strong>participatione,</strong></span> <span class='ocrx_word' id='word_1_68' title='bbox 421 514 584 541; x_wconf 88' lang='lat' dir='ltr'><strong>immortalia</strong></span> <span class='ocrx_word' id='word_1_69' title='bbox 611 517 683 540; x_wconf 81' lang='lat' dir='ltr'><strong>sunt.</strong></span> <span class='ocrx_word' id='word_1_70' title='bbox 709 513 784 540; x_wconf 81' lang='lat' dir='ltr'><strong>Ortlt.</strong></span> <span class='ocrx_word' id='word_1_71' title='bbox 810 513 895 541; x_wconf 85' lang='lat' dir='ltr'><strong>Filius</strong></span> <span class='ocrx_word' id='word_1_72' title='bbox 922 513 969 540; x_wconf 87' lang='lat' dir='ltr'><strong>Dei</strong></span> 
     </span>
    </p>
   </div>
   <div class='ocr_carea' id='block_1_14' title="bbox 185 559 967 588">
    <p class='ocr_par' dir='ltr' id='par_1_14' title="bbox 185 559 967 588">
     <span class='ocr_line' id='line_1_14' title="bbox 185 559 967 588; baseline -0.001 -1"><span class='ocrx_word' id='word_1_73' title='bbox 185 560 302 588; x_wconf 85' lang='lat' dir='ltr'><strong>habetne</strong></span> <span class='ocrx_word' id='word_1_74' title='bbox 314 560 562 587; x_wconf 84' lang='lat' dir='ltr'><strong>immortalitatem?</strong></span> <span class='ocrx_word' id='word_1_75' title='bbox 573 559 676 587; x_wconf 79' lang='lat' dir='ltr'><strong>Maced.</strong></span> <span class='ocrx_word' id='word_1_76' title='bbox 689 559 772 586; x_wconf 89' lang='lat' dir='ltr'><strong>Plane</strong></span> <span class='ocrx_word' id='word_1_77' title='bbox 787 559 876 586; x_wconf 80' lang='lat' dir='ltr'><strong>habet.</strong></span> <span class='ocrx_word' id='word_1_78' title='bbox 891 559 967 586; x_wconf 80' lang='lat' dir='ltr'><strong>Ortlt.</strong></span> 
     </span>
    </p>
   </div>
   <div class='ocr_carea' id='block_1_15' title="bbox 185 604 970 641">
    <p class='ocr_par' dir='ltr' id='par_1_15' title="bbox 185 604 970 641">
     <span class='ocr_line' id='line_1_15' title="bbox 185 604 970 641; baseline -0.001 -9"><span class='ocrx_word' id='word_1_79' title='bbox 185 605 313 641; x_wconf 86' lang='lat' dir='ltr'><strong>Nunquid</strong></span> <span class='ocrx_word' id='word_1_80' title='bbox 334 609 363 633; x_wconf 86' lang='lat' dir='ltr'><strong>ut</strong></span> <span class='ocrx_word' id='word_1_81' title='bbox 380 605 469 637; x_wconf 80' lang='lat' dir='ltr'><strong>Pater,</strong></span> <span class='ocrx_word' id='word_1_82' title='bbox 488 613 522 632; x_wconf 92' lang='lat' dir='ltr'><strong>an</strong></span> <span class='ocrx_word' id='word_1_83' title='bbox 542 609 573 632; x_wconf 92' lang='lat' dir='ltr'><strong>ut</strong></span> <span class='ocrx_word' id='word_1_84' title='bbox 587 605 727 633; x_wconf 70' lang='lat' dir='ltr'><strong>cmlestia?</strong></span> <span class='ocrx_word' id='word_1_85' title='bbox 744 604 846 631; x_wconf 79' lang='lat' dir='ltr'><strong>Maced.</strong></span> <span class='ocrx_word' id='word_1_86' title='bbox 866 604 900 631; x_wconf 89' lang='lat' dir='ltr'><strong>Ut</strong></span> <span class='ocrx_word' id='word_1_87' title='bbox 917 604 970 631; x_wconf 84' lang='lat' dir='ltr'><strong>Pa-</strong></span> 
     </span>
    </p>
   </div>
   <div class='ocr_carea' id='block_1_16' title="bbox 186 649 970 686">
    <p class='ocr_par' dir='ltr' id='par_1_16' title="bbox 186 649 970 686">
     <span class='ocr_line' id='line_1_16' title="bbox 186 649 970 686; baseline -0.004 -6"><span class='ocrx_word' id='word_1_88' title='bbox 186 656 236 680; x_wconf 87' lang='lat' dir='ltr'><strong>ter.</strong></span> <span class='ocrx_word' id='word_1_89' title='bbox 255 652 331 680; x_wconf 83' lang='lat' dir='ltr'><strong>Orth.</strong></span> <span class='ocrx_word' id='word_1_90' title='bbox 358 651 499 685; x_wconf 87' lang='lat' dir='ltr'><strong>Quomodo</strong></span> <span class='ocrx_word' id='word_1_91' title='bbox 515 651 608 686; x_wconf 83' lang='lat' dir='ltr'><strong>&#39;igitur</strong></span> <span class='ocrx_word' id='word_1_92' title='bbox 629 651 703 678; x_wconf 91' lang='lat' dir='ltr'><strong>solus</strong></span> <span class='ocrx_word' id='word_1_93' title='bbox 725 649 806 677; x_wconf 85' lang='lat' dir='ltr'><strong>Pater</strong></span> <span class='ocrx_word' id='word_1_94' title='bbox 823 651 903 678; x_wconf 82' lang='lat' dir='ltr'><strong>habet</strong></span> <span class='ocrx_word' id='word_1_95' title='bbox 919 651 970 677; x_wconf 91' lang='lat' dir='ltr'><strong>im-</strong></span> 
     </span>
    </p>
   </div>
   <div class='ocr_carea' id='block_1_17' title="bbox 187 695 970 737">
    <p class='ocr_par' dir='ltr' id='par_1_17' title="bbox 187 695 970 737">
     <span class='ocr_line' id='line_1_17' title="bbox 187 695 970 737; baseline -0.004 -12"><span class='ocrx_word' id='word_1_96' title='bbox 187 698 399 737; x_wconf 64' lang='lat' dir='ltr'><strong>mortalitatem}</strong></span> <span class='ocrx_word' id='word_1_97' title='bbox 424 697 527 724; x_wconf 75' lang='lat' dir='ltr'><strong>Maced.</strong></span> <span class='ocrx_word' id='word_1_98' title='bbox 553 697 623 730; x_wconf 86' lang='lat' dir='ltr'><strong>Quia</strong></span> <span class='ocrx_word' id='word_1_99' title='bbox 648 697 800 724; x_wconf 86' lang='lat' dir='ltr'><strong>substantia</strong></span> <span class='ocrx_word' id='word_1_100' title='bbox 817 695 877 723; x_wconf 87' lang='lat' dir='ltr'><strong>Filii</strong></span> <span class='ocrx_word' id='word_1_101' title='bbox 903 696 970 723; x_wconf 89' lang='lat' dir='ltr'><strong>nihil</strong></span> 
     </span>
    </p>
   </div>
   <div class='ocr_carea' id='block_1_18' title="bbox 186 741 970 778">
    <p class='ocr_par' dir='ltr' id='par_1_18' title="bbox 186 741 970 778">
     <span class='ocr_line' id='line_1_18' title="bbox 186 741 970 778; baseline -0.001 -7"><span class='ocrx_word' id='word_1_102' title='bbox 186 751 299 778; x_wconf 86' lang='lat' dir='ltr'><strong>prorsus</strong></span> <span class='ocrx_word' id='word_1_103' title='bbox 325 744 411 771; x_wconf 83' lang='lat' dir='ltr'><strong>variat</strong></span> <span class='ocrx_word' id='word_1_104' title='bbox 432 750 447 769; x_wconf 88' lang='lat' dir='ltr'><strong>a</strong></span> <span class='ocrx_word' id='word_1_105' title='bbox 474 743 629 770; x_wconf 85' lang='lat' dir='ltr'><strong>substantia</strong></span> <span class='ocrx_word' id='word_1_106' title='bbox 652 742 751 771; x_wconf 84' lang='lat' dir='ltr'><strong>Patris.</strong></span> <span class='ocrx_word' id='word_1_107' title='bbox 780 742 857 770; x_wconf 77' lang='lat' dir='ltr'><strong>Ortlt.</strong></span> <span class='ocrx_word' id='word_1_108' title='bbox 885 741 970 770; x_wconf 87' lang='lat' dir='ltr'><strong>Filius</strong></span> 
     </span>
    </p>
   </div>
   <div class='ocr_carea' id='block_1_19' title="bbox 187 786 971 823">
    <p class='ocr_par' dir='ltr' id='par_1_19' title="bbox 187 786 971 823">
     <span class='ocr_line' id='line_1_19' title="bbox 187 786 971 823; baseline -0.003 -8"><span class='ocrx_word' id='word_1_109' title='bbox 187 796 262 823; x_wconf 78' lang='lat' dir='ltr'><strong>ergo,</strong></span> <span class='ocrx_word' id='word_1_110' title='bbox 279 787 392 823; x_wconf 84' lang='lat' dir='ltr'><strong>perinde</strong></span> <span class='ocrx_word' id='word_1_111' title='bbox 410 791 438 814; x_wconf 91' lang='lat' dir='ltr'><strong>ut</strong></span> <span class='ocrx_word' id='word_1_112' title='bbox 455 786 545 819; x_wconf 86' lang='lat' dir='ltr'><strong>Pater,</strong></span> <span class='ocrx_word' id='word_1_113' title='bbox 569 787 645 814; x_wconf 79' lang='lat' dir='ltr'><strong>solus</strong></span> <span class='ocrx_word' id='word_1_114' title='bbox 661 786 732 815; x_wconf 83' lang='lat' dir='ltr'><strong>Deus</strong></span> <span class='ocrx_word' id='word_1_115' title='bbox 749 786 849 814; x_wconf 88' lang='lat' dir='ltr'><strong>dicitur</strong></span> <span class='ocrx_word' id='word_1_116' title='bbox 860 791 971 822; x_wconf 81' lang='lat' dir='ltr'><strong>propter</strong></span> 
     </span>
    </p>
   </div>
   <div class='ocr_carea' id='block_1_20' title="bbox 1019 193 1826 231">
    <p class='ocr_par' dir='ltr' id='par_1_20' title="bbox 1019 193 1826 231">
     <span class='ocr_line' id='line_1_20' title="bbox 1019 193 1826 231; baseline -0.004 -9"><span class='ocrx_word' id='word_1_117' title='bbox 1019 196 1064 222; x_wconf 69' lang='grc' dir='ltr'>καὶ</span> <span class='ocrx_word' id='word_1_118' title='bbox 1081 197 1105 222; x_wconf 83' lang='grc' dir='ltr'>οἱ</span> <span class='ocrx_word' id='word_1_119' title='bbox 1121 195 1240 230; x_wconf 79' lang='grc' dir='ltr'>ἄγγελοι,</span> <span class='ocrx_word' id='word_1_120' title='bbox 1263 196 1310 222; x_wconf 74' lang='grc' dir='ltr'><strong>καὶ</strong></span> <span class='ocrx_word' id='word_1_121' title='bbox 1328 195 1420 231; x_wconf 71' lang='grc' dir='ltr'><strong>ἀρχαὶ,</strong></span> <span class='ocrx_word' id='word_1_122' title='bbox 1436 194 1482 221; x_wconf 79' lang='grc' dir='ltr'><strong>καὶ</strong></span> <span class='ocrx_word' id='word_1_123' title='bbox 1506 193 1633 226; x_wconf 77' lang='grc' dir='ltr'><strong>ἐξουσίαι,</strong></span> <span class='ocrx_word' id='word_1_124' title='bbox 1653 193 1746 228; x_wconf 79' lang='grc' dir='ltr'>θρόνοι</span> <span class='ocrx_word' id='word_1_125' title='bbox 1763 193 1826 220; x_wconf 74' lang='grc' dir='ltr'>καὶ</span> 
     </span>
    </p>
   </div>
   <div class='ocr_carea' id='block_1_21' title="bbox 1018 237 1825 278">
    <p class='ocr_par' dir='ltr' id='par_1_21' title="bbox 1018 237 1825 278">
     <span class='ocr_line' id='line_1_21' title="bbox 1018 237 1825 278; baseline -0.004 -10"><span class='ocrx_word' id='word_1_126' title='bbox 1018 242 1191 278; x_wconf 81' lang='grc' dir='ltr'>κυριότητες;</span> <span class='ocrx_word' id='word_1_127' title='bbox 1203 241 1314 269; x_wconf 79' lang='grc' dir='ltr'><strong>Μακεδ.</strong></span> <span class='ocrx_word' id='word_1_128' title='bbox 1327 241 1390 268; x_wconf 84' lang='grc' dir='ltr'>Ναί.</span> <span class='ocrx_word' id='word_1_129' title='bbox 1404 242 1481 275; x_wconf 80' lang='grc' dir='ltr'><strong>Ὀρθ.</strong></span> <span class='ocrx_word' id='word_1_130' title='bbox 1495 240 1556 271; x_wconf 82' lang='grc' dir='ltr'>Πῶς</span> <span class='ocrx_word' id='word_1_131' title='bbox 1568 237 1613 266; x_wconf 75' lang='grc' dir='ltr'>οὖν</span> <span class='ocrx_word' id='word_1_132' title='bbox 1622 239 1700 274; x_wconf 80' lang='grc' dir='ltr'>μόνος</span> <span class='ocrx_word' id='word_1_133' title='bbox 1713 240 1728 265; x_wconf 83' lang='grc' dir='ltr'>ὁ</span> <span class='ocrx_word' id='word_1_134' title='bbox 1741 238 1825 270; x_wconf 68' lang='grc' dir='ltr'>Θεὸς</span> 
     </span>
    </p>
   </div>
   <div class='ocr_carea' id='block_1_22' title="bbox 1018 285 1824 324">
    <p class='ocr_par' dir='ltr' id='par_1_22' title="bbox 1018 285 1824 324">
     <span class='ocr_line' id='line_1_22' title="bbox 1018 285 1824 324; baseline -0.004 -10"><span class='ocrx_word' id='word_1_135' title='bbox 1018 288 1072 324; x_wconf 78' lang='grc' dir='ltr'>ἔχει</span> <span class='ocrx_word' id='word_1_136' title='bbox 1090 289 1137 324; x_wconf 77' lang='grc' dir='ltr'>τὴν</span> <span class='ocrx_word' id='word_1_137' title='bbox 1152 288 1318 319; x_wconf 75' lang='grc' dir='ltr'>ἀΟανασίανς</span> <span class='ocrx_word' id='word_1_138' title='bbox 1335 287 1445 314; x_wconf 78' lang='grc' dir='ltr'><strong>Μακεδ.</strong></span> <span class='ocrx_word' id='word_1_139' title='bbox 1465 288 1525 313; x_wconf 74' lang='grc' dir='ltr'>’Ὁτι</span> <span class='ocrx_word' id='word_1_140' title='bbox 1540 288 1554 313; x_wconf 85' lang='lat'><strong>6</strong></span> <span class='ocrx_word' id='word_1_141' title='bbox 1566 286 1630 318; x_wconf 75' lang='grc' dir='ltr'>Θεὸς</span> <span class='ocrx_word' id='word_1_142' title='bbox 1641 285 1721 317; x_wconf 75' lang='grc' dir='ltr'>αὐτός</span> <span class='ocrx_word' id='word_1_143' title='bbox 1732 287 1824 312; x_wconf 78' lang='grc' dir='ltr'>ἐστιν</span> 
     </span>
    </p>
   </div>
   <div class='ocr_carea' id='block_1_23' title="bbox 1018 331 1825 370">
    <p class='ocr_par' dir='ltr' id='par_1_23' title="bbox 1018 331 1825 370">
     <span class='ocr_line' id='line_1_23' title="bbox 1018 331 1825 370; baseline -0.005 -9"><span class='ocrx_word' id='word_1_144' title='bbox 1018 335 1035 370; x_wconf 83' lang='grc' dir='ltr'>ἡ</span> <span class='ocrx_word' id='word_1_145' title='bbox 1049 334 1198 361; x_wconf 76' lang='grc' dir='ltr'>ἀθανασία·</span> <span class='ocrx_word' id='word_1_146' title='bbox 1213 335 1237 360; x_wconf 73' lang='lat' dir='ltr'><strong>oi</strong></span> <span class='ocrx_word' id='word_1_147' title='bbox 1259 334 1287 360; x_wconf 84' lang='grc' dir='ltr'><strong>δὲ</strong></span> <span class='ocrx_word' id='word_1_148' title='bbox 1305 334 1413 368; x_wconf 78' lang='grc' dir='ltr'>ἄγγελοι</span> <span class='ocrx_word' id='word_1_149' title='bbox 1441 335 1540 368; x_wconf 84' lang='grc' dir='ltr'>μετοχῇ</span> <span class='ocrx_word' id='word_1_150' title='bbox 1565 334 1633 359; x_wconf 82' lang='grc' dir='ltr'>εἰσιν</span> <span class='ocrx_word' id='word_1_151' title='bbox 1658 331 1825 362; x_wconf 78' lang='grc' dir='ltr'>ἀθανασῖας</span> 
     </span>
    </p>
   </div>
   <div class='ocr_carea' id='block_1_24' title="bbox 1018 378 1823 415">
    <p class='ocr_par' dir='ltr' id='par_1_24' title="bbox 1018 378 1823 415">
     <span class='ocr_line' id='line_1_24' title="bbox 1018 378 1823 415; baseline -0.005 -8"><span class='ocrx_word' id='word_1_152' title='bbox 1018 380 1156 411; x_wconf 78' lang='grc' dir='ltr'>ἀθάνατοι,</span> <span class='ocrx_word' id='word_1_153' title='bbox 1176 381 1223 407; x_wconf 67' lang='grc' dir='ltr'><strong>καὶ</strong></span> <span class='ocrx_word' id='word_1_154' title='bbox 1241 381 1264 406; x_wconf 84' lang='grc' dir='ltr'>οἱ</span> <span class='ocrx_word' id='word_1_155' title='bbox 1279 380 1453 415; x_wconf 76' lang='grc' dir='ltr'>ἀρχάγγελοι,</span> <span class='ocrx_word' id='word_1_156' title='bbox 1471 380 1519 406; x_wconf 66' lang='grc' dir='ltr'><strong>καὶ</strong></span> <span class='ocrx_word' id='word_1_157' title='bbox 1535 379 1624 405; x_wconf 80' lang='grc' dir='ltr'>πάντα</span> <span class='ocrx_word' id='word_1_158' title='bbox 1640 378 1674 404; x_wconf 83' lang='grc' dir='ltr'><strong>τὰ</strong></span> <span class='ocrx_word' id='word_1_159' title='bbox 1688 378 1823 412; x_wconf 69' lang='grc' dir='ltr'><strong>ὲπουράο</strong></span> 
     </span>
    </p>
   </div>
   <div class='ocr_carea' id='block_1_25' title="bbox 1018 422 1821 459">
    <p class='ocr_par' dir='ltr' id='par_1_25' title="bbox 1018 422 1821 459">
     <span class='ocr_line' id='line_1_25' title="bbox 1018 422 1821 459; baseline -0.005 -8"><span class='ocrx_word' id='word_1_160' title='bbox 1018 433 1072 451; x_wconf 85' lang='grc' dir='ltr'>νια.</span> <span class='ocrx_word' id='word_1_161' title='bbox 1085 426 1164 459; x_wconf 84' lang='grc' dir='ltr'><strong>Ὀρθ.</strong></span> <span class='ocrx_word' id='word_1_162' title='bbox 1175 425 1229 451; x_wconf 73' lang='grc' dir='ltr'><strong>Καὶ</strong></span> <span class='ocrx_word' id='word_1_163' title='bbox 1239 425 1253 450; x_wconf 83' lang='lat'><strong>6</strong></span> <span class='ocrx_word' id='word_1_164' title='bbox 1264 425 1327 456; x_wconf 75' lang='grc' dir='ltr'><strong>Υἱὸς</strong></span> <span class='ocrx_word' id='word_1_165' title='bbox 1341 425 1387 451; x_wconf 87' lang='grc' dir='ltr'><strong>τοῦ</strong></span> <span class='ocrx_word' id='word_1_166' title='bbox 1403 424 1469 450; x_wconf 85' lang='grc' dir='ltr'><strong>Θεοῦ</strong></span> <span class='ocrx_word' id='word_1_167' title='bbox 1487 424 1544 459; x_wconf 79' lang='grc' dir='ltr'>ἔχει</span> <span class='ocrx_word' id='word_1_168' title='bbox 1556 423 1714 453; x_wconf 80' lang='grc' dir='ltr'>ἀθανασίαν,</span> <span class='ocrx_word' id='word_1_169' title='bbox 1733 422 1750 457; x_wconf 79' lang='grc' dir='ltr'>ἦ</span> <span class='ocrx_word' id='word_1_170' title='bbox 1761 422 1799 448; x_wconf 75' lang='grc' dir='ltr'>οὗ</span> <span class='ocrx_word' id='word_1_171' title='bbox 1812 431 1821 454; x_wconf 89' lang='grc'><strong>;</strong></span> 
     </span>
    </p>
   </div>
   <div class='ocr_carea' id='block_1_26' title="bbox 1017 467 1822 504">
    <p class='ocr_par' dir='ltr' id='par_1_26' title="bbox 1017 467 1822 504">
     <span class='ocr_line' id='line_1_26' title="bbox 1017 467 1822 504; baseline -0.005 -6"><span class='ocrx_word' id='word_1_172' title='bbox 1017 471 1129 498; x_wconf 76' lang='grc' dir='ltr'>Μακεδ.</span> <span class='ocrx_word' id='word_1_173' title='bbox 1149 471 1202 497; x_wconf 78' lang='grc' dir='ltr'><strong>Καὶ</strong></span> <span class='ocrx_word' id='word_1_174' title='bbox 1219 471 1300 497; x_wconf 73' lang='grc' dir='ltr'>πάνυ.</span> <span class='ocrx_word' id='word_1_175' title='bbox 1319 471 1396 504; x_wconf 76' lang='grc' dir='ltr'><strong>Ὀρθ.</strong></span> <span class='ocrx_word' id='word_1_176' title='bbox 1420 470 1513 500; x_wconf 78' lang='grc' dir='ltr'>Οὕτως</span> <span class='ocrx_word' id='word_1_177' title='bbox 1533 469 1569 501; x_wconf 81' lang='grc' dir='ltr'>ὡς</span> <span class='ocrx_word' id='word_1_178' title='bbox 1586 471 1599 495; x_wconf 85' lang='grc' dir='ltr'>ὁ</span> <span class='ocrx_word' id='word_1_179' title='bbox 1621 469 1725 503; x_wconf 71' lang='grc' dir='ltr'>Πατὴρ,</span> <span class='ocrx_word' id='word_1_180' title='bbox 1740 468 1758 504; x_wconf 80' lang='grc' dir='ltr'>ἦ</span> <span class='ocrx_word' id='word_1_181' title='bbox 1776 467 1822 500; x_wconf 86' lang='grc' dir='ltr'>ὡς</span> 
     </span>
    </p>
   </div>
   <div class='ocr_carea' id='block_1_27' title="bbox 1017 512 1821 551">
    <p class='ocr_par' dir='ltr' id='par_1_27' title="bbox 1017 512 1821 551">
     <span class='ocr_line' id='line_1_27' title="bbox 1017 512 1821 551; baseline -0.002 -9"><span class='ocrx_word' id='word_1_182' title='bbox 1017 516 1052 543; x_wconf 76' lang='grc' dir='ltr'><strong>τὰ</strong></span> <span class='ocrx_word' id='word_1_183' title='bbox 1068 516 1233 551; x_wconf 81' lang='grc' dir='ltr'>ὲπουράνια;</span> <span class='ocrx_word' id='word_1_184' title='bbox 1249 516 1361 542; x_wconf 59' lang='lat' dir='ltr'><strong>Malea.</strong></span> <span class='ocrx_word' id='word_1_185' title='bbox 1390 516 1432 548; x_wconf 81' lang='grc' dir='ltr'>Ὡς</span> <span class='ocrx_word' id='word_1_186' title='bbox 1448 517 1461 542; x_wconf 87' lang='grc' dir='ltr'>ὁ</span> <span class='ocrx_word' id='word_1_187' title='bbox 1474 516 1579 551; x_wconf 84' lang='grc' dir='ltr'>Πατήρ.</span> <span class='ocrx_word' id='word_1_188' title='bbox 1593 516 1670 549; x_wconf 82' lang='grc' dir='ltr'><strong>Ὀρθ.</strong></span> <span class='ocrx_word' id='word_1_189' title='bbox 1686 514 1750 546; x_wconf 78' lang='grc' dir='ltr'>Πῶς</span> <span class='ocrx_word' id='word_1_190' title='bbox 1764 512 1821 541; x_wconf 78' lang='grc' dir='ltr'><strong>οὖν</strong></span> 
     </span>
    </p>
   </div>
   <div class='ocr_carea' id='block_1_28' title="bbox 1020 561 1823 598">
    <p class='ocr_par' dir='ltr' id='par_1_28' title="bbox 1020 561 1823 598">
     <span class='ocr_line' id='line_1_28' title="bbox 1020 561 1823 598; baseline -0.002 -10"><span class='ocrx_word' id='word_1_191' title='bbox 1020 562 1099 598; x_wconf 85' lang='grc' dir='ltr'>μόνος</span> <span class='ocrx_word' id='word_1_192' title='bbox 1113 563 1127 588; x_wconf 89' lang='lat'><strong>6</strong></span> <span class='ocrx_word' id='word_1_193' title='bbox 1143 562 1236 597; x_wconf 84' lang='grc' dir='ltr'>Πατὴρ</span> <span class='ocrx_word' id='word_1_194' title='bbox 1256 562 1312 597; x_wconf 71' lang='grc' dir='ltr'>ἔχει</span> <span class='ocrx_word' id='word_1_195' title='bbox 1332 562 1380 598; x_wconf 86' lang='grc' dir='ltr'>τὴν</span> <span class='ocrx_word' id='word_1_196' title='bbox 1391 562 1552 594; x_wconf 74' lang='grc' dir='ltr'>ἁθανασίανς</span> <span class='ocrx_word' id='word_1_197' title='bbox 1564 561 1675 588; x_wconf 81' lang='grc' dir='ltr'><strong>Μακεδ.</strong></span> <span class='ocrx_word' id='word_1_198' title='bbox 1692 561 1756 587; x_wconf 81' lang='grc' dir='ltr'><strong>Ὅτι</strong></span> <span class='ocrx_word' id='word_1_199' title='bbox 1788 561 1823 587; x_wconf 85' lang='grc' dir='ltr'><strong>ἀ-</strong></span> 
     </span>
    </p>
   </div>
   <div class='ocr_carea' id='block_1_29' title="bbox 1019 607 1820 644">
    <p class='ocr_par' dir='ltr' id='par_1_29' title="bbox 1019 607 1820 644">
     <span class='ocr_line' id='line_1_29' title="bbox 1019 607 1820 644; baseline 0 -10"><span class='ocrx_word' id='word_1_200' title='bbox 1019 608 1207 644; x_wconf 79' lang='grc' dir='ltr'>παράλλακτός</span> <span class='ocrx_word' id='word_1_201' title='bbox 1219 610 1275 634; x_wconf 74' lang='grc' dir='ltr'>ἐστι</span> <span class='ocrx_word' id='word_1_202' title='bbox 1291 609 1351 634; x_wconf 76' lang='grc' dir='ltr'>κατ’</span> <span class='ocrx_word' id='word_1_203' title='bbox 1368 608 1460 634; x_wconf 75' lang='grc' dir='ltr'>οὐσίαν</span> <span class='ocrx_word' id='word_1_204' title='bbox 1476 608 1490 633; x_wconf 88' lang='lat'><strong>6</strong></span> <span class='ocrx_word' id='word_1_205' title='bbox 1502 607 1564 638; x_wconf 68' lang='grc' dir='ltr'>Υἰὺς</span> <span class='ocrx_word' id='word_1_206' title='bbox 1575 607 1612 642; x_wconf 80' lang='grc' dir='ltr'>τῷ</span> <span class='ocrx_word' id='word_1_207' title='bbox 1622 607 1718 642; x_wconf 86' lang='grc' dir='ltr'>Πατρί,</span> <span class='ocrx_word' id='word_1_208' title='bbox 1728 608 1820 640; x_wconf 78' lang='grc' dir='ltr'>Ὀρθ.</span> 
     </span>
    </p>
   </div>
   <div class='ocr_carea' id='block_1_30' title="bbox 1019 651 1822 688">
    <p class='ocr_par' dir='ltr' id='par_1_30' title="bbox 1019 651 1822 688">
     <span class='ocr_line' id='line_1_30' title="bbox 1019 651 1822 688; baseline -0.002 -8"><span class='ocrx_word' id='word_1_209' title='bbox 1019 654 1107 686; x_wconf 84' lang='grc' dir='ltr'>Μόνος</span> <span class='ocrx_word' id='word_1_210' title='bbox 1118 653 1164 680; x_wconf 75' lang='grc' dir='ltr'>οὖν</span> <span class='ocrx_word' id='word_1_211' title='bbox 1176 653 1242 686; x_wconf 81' lang='grc' dir='ltr'>Θεὸς</span> <span class='ocrx_word' id='word_1_212' title='bbox 1256 655 1270 680; x_wconf 84' lang='grc' dir='ltr'>ὁ</span> <span class='ocrx_word' id='word_1_213' title='bbox 1285 654 1358 686; x_wconf 81' lang='grc' dir='ltr'>Υἱὸς,</span> <span class='ocrx_word' id='word_1_214' title='bbox 1372 653 1410 684; x_wconf 83' lang='grc' dir='ltr'>ὡς</span> <span class='ocrx_word' id='word_1_215' title='bbox 1428 654 1474 679; x_wconf 74' lang='grc' dir='ltr'><strong>καὶ</strong></span> <span class='ocrx_word' id='word_1_216' title='bbox 1496 654 1509 679; x_wconf 82' lang='grc' dir='ltr'>ὁ</span> <span class='ocrx_word' id='word_1_217' title='bbox 1522 653 1625 688; x_wconf 81' lang='grc' dir='ltr'>Πατὴρ,</span> <span class='ocrx_word' id='word_1_218' title='bbox 1642 653 1753 686; x_wconf 78' lang='grc' dir='ltr'>λέγεται</span> <span class='ocrx_word' id='word_1_219' title='bbox 1768 651 1822 678; x_wconf 78' lang='grc' dir='ltr'><strong>διὰ</strong></span> 
     </span>
    </p>
   </div>
   <div class='ocr_carea' id='block_1_31' title="bbox 1018 699 1820 736">
    <p class='ocr_par' dir='ltr' id='par_1_31' title="bbox 1018 699 1820 736">
     <span class='ocr_line' id='line_1_31' title="bbox 1018 699 1820 736; baseline -0.004 -9"><span class='ocrx_word' id='word_1_220' title='bbox 1018 701 1050 728; x_wconf 85' lang='grc' dir='ltr'>τὸ</span> <span class='ocrx_word' id='word_1_221' title='bbox 1065 701 1271 736; x_wconf 77' lang='grc' dir='ltr'><strong>ἀπαράλλακτον</strong></span> <span class='ocrx_word' id='word_1_222' title='bbox 1296 700 1345 735; x_wconf 85' lang='grc' dir='ltr'>τῆς</span> <span class='ocrx_word' id='word_1_223' title='bbox 1361 701 1471 733; x_wconf 80' lang='grc' dir='ltr'>οὐσίας;</span> <span class='ocrx_word' id='word_1_224' title='bbox 1497 699 1608 726; x_wconf 73' lang='lat' dir='ltr'><strong>Mam-:6.</strong></span> <span class='ocrx_word' id='word_1_225' title='bbox 1624 699 1716 730; x_wconf 76' lang='grc' dir='ltr'>Οὕτως</span> <span class='ocrx_word' id='word_1_226' title='bbox 1738 699 1820 733; x_wconf 77' lang='grc' dir='ltr'>ἔχειν</span> 
     </span>
    </p>
   </div>
   <div class='ocr_carea' id='block_1_32' title="bbox 1018 744 1817 782">
    <p class='ocr_par' dir='ltr' id='par_1_32' title="bbox 1018 744 1817 782">
     <span class='ocr_line' id='line_1_32' title="bbox 1018 744 1817 782; baseline -0.001 -10"><span class='ocrx_word' id='word_1_227' title='bbox 1018 747 1068 782; x_wconf 82' lang='grc' dir='ltr'>τὴν</span> <span class='ocrx_word' id='word_1_228' title='bbox 1079 745 1226 772; x_wconf 80' lang='grc' dir='ltr'>ἀθανασίαν</span> <span class='ocrx_word' id='word_1_229' title='bbox 1239 745 1284 772; x_wconf 72' lang='grc' dir='ltr'><strong>τον</strong></span> <span class='ocrx_word' id='word_1_230' title='bbox 1299 745 1362 772; x_wconf 77' lang='grc' dir='ltr'><strong>Υἱὸν</strong></span> <span class='ocrx_word' id='word_1_231' title='bbox 1377 746 1477 781; x_wconf 80' lang='grc' dir='ltr'>ὁμοίως</span> <span class='ocrx_word' id='word_1_232' title='bbox 1490 745 1528 780; x_wconf 83' lang='grc' dir='ltr'>τῷ</span> <span class='ocrx_word' id='word_1_233' title='bbox 1541 745 1628 780; x_wconf 75' lang='grc' dir='ltr'>Πατρὶ</span> <span class='ocrx_word' id='word_1_234' title='bbox 1638 744 1718 778; x_wconf 76' lang='grc' dir='ltr'>λέγω.</span> <span class='ocrx_word' id='word_1_235' title='bbox 1729 745 1817 777; x_wconf 84' lang='grc' dir='ltr'><strong>Ὀρθ.</strong></span> 
     </span>
    </p>
   </div>
   <div class='ocr_carea' id='block_1_33' title="bbox 1022 788 1818 825">
    <p class='ocr_par' dir='ltr' id='par_1_33' title="bbox 1022 788 1818 825">
     <span class='ocr_line' id='line_1_33' title="bbox 1022 788 1818 825; baseline -0.004 -8"><span class='ocrx_word' id='word_1_236' title='bbox 1022 792 1098 825; x_wconf 78' lang='grc' dir='ltr'>Ἔχει</span> <span class='ocrx_word' id='word_1_237' title='bbox 1112 800 1140 817; x_wconf 90' lang='grc' dir='ltr'><strong>τε</strong></span> <span class='ocrx_word' id='word_1_238' title='bbox 1156 792 1200 817; x_wconf 72' lang='grc' dir='ltr'>καὶ</span> <span class='ocrx_word' id='word_1_239' title='bbox 1213 791 1243 817; x_wconf 85' lang='grc' dir='ltr'>τὸ</span> <span class='ocrx_word' id='word_1_240' title='bbox 1258 790 1368 825; x_wconf 78' lang='grc' dir='ltr'>Πνεῦμα</span> <span class='ocrx_word' id='word_1_241' title='bbox 1384 791 1414 816; x_wconf 78' lang='grc' dir='ltr'>τὸ</span> <span class='ocrx_word' id='word_1_242' title='bbox 1429 790 1505 823; x_wconf 81' lang='grc' dir='ltr'>ἆγιον</span> <span class='ocrx_word' id='word_1_243' title='bbox 1521 791 1568 816; x_wconf 79' lang='grc' dir='ltr'>καὶ</span> <span class='ocrx_word' id='word_1_244' title='bbox 1579 789 1628 825; x_wconf 80' lang='grc' dir='ltr'>τὴν</span> <span class='ocrx_word' id='word_1_245' title='bbox 1642 788 1818 821; x_wconf 73' lang='grc' dir='ltr'>ἀθανασίανς</span> 
     </span>
    </p>
   </div>
   <div class='ocr_carea' id='block_1_34' title="bbox 186 832 970 872">
    <p class='ocr_par' dir='ltr' id='par_1_34' title="bbox 186 832 968 861">
     <span class='ocr_line' id='line_1_34' title="bbox 186 832 968 861; baseline 0 -1"><span class='ocrx_word' id='word_1_246' title='bbox 186 834 347 860; x_wconf 91' lang='lat' dir='ltr'><strong>invariatam</strong></span> <span class='ocrx_word' id='word_1_247' title='bbox 372 833 564 861; x_wconf 84' lang='lat' dir='ltr'><strong>substantiam.</strong></span> <span class='ocrx_word' id='word_1_248' title='bbox 582 832 686 860; x_wconf 78' lang='lat' dir='ltr'><strong>Maced.</strong></span> <span class='ocrx_word' id='word_1_249' title='bbox 701 832 801 860; x_wconf 88' lang='lat' dir='ltr'><strong>Eodem</strong></span> <span class='ocrx_word' id='word_1_250' title='bbox 823 833 903 860; x_wconf 91' lang='lat' dir='ltr'><strong>modo</strong></span> <span class='ocrx_word' id='word_1_251' title='bbox 924 832 968 860; x_wconf 85' lang='lat' dir='ltr'><strong>Fi-</strong></span> 
     </span>
    </p>
   </div>
   <div class='ocr_carea' id='block_1_35' title="bbox 1024 832 1819 872">
    <p class='ocr_par' dir='ltr' id='par_1_35' title="bbox 1024 834 1819 872">
     <span class='ocr_line' id='line_1_35' title="bbox 1024 834 1819 872; baseline -0.006 -8"><span class='ocrx_word' id='word_1_252' title='bbox 1024 837 1129 864; x_wconf 76' lang='grc' dir='ltr'>Μακεδ.</span> <span class='ocrx_word' id='word_1_253' title='bbox 1147 838 1233 872; x_wconf 85' lang='grc' dir='ltr'>Ἔχει.</span> <span class='ocrx_word' id='word_1_254' title='bbox 1250 838 1327 870; x_wconf 76' lang='grc' dir='ltr'><strong>Ὀρθ.</strong></span> <span class='ocrx_word' id='word_1_255' title='bbox 1350 837 1442 867; x_wconf 70' lang='grc' dir='ltr'>Οὕτως</span> <span class='ocrx_word' id='word_1_256' title='bbox 1456 836 1511 871; x_wconf 78' lang='grc' dir='ltr'>ἔχει</span> <span class='ocrx_word' id='word_1_257' title='bbox 1532 836 1569 868; x_wconf 87' lang='grc' dir='ltr'>ὼς</span> <span class='ocrx_word' id='word_1_258' title='bbox 1589 837 1603 862; x_wconf 85' lang='grc' dir='ltr'>ὁ</span> <span class='ocrx_word' id='word_1_259' title='bbox 1621 835 1714 870; x_wconf 86' lang='grc' dir='ltr'>Πατὴρ</span> <span class='ocrx_word' id='word_1_260' title='bbox 1734 834 1786 860; x_wconf 71' lang='grc' dir='ltr'>καὶ</span> <span class='ocrx_word' id='word_1_261' title='bbox 1801 834 1819 859; x_wconf 83' lang='lat'><strong>6</strong></span> 
     </span>
    </p>
   </div>
   <div class='ocr_carea' id='block_1_36' title="bbox 186 879 965 907">
    <p class='ocr_par' dir='ltr' id='par_1_36' title="bbox 186 879 965 907">
     <span class='ocr_line' id='line_1_36' title="bbox 186 879 965 907; baseline 0 0"><span class='ocrx_word' id='word_1_262' title='bbox 186 879 251 907; x_wconf 90' lang='lat' dir='ltr'><strong>lium</strong></span> <span class='ocrx_word' id='word_1_263' title='bbox 271 884 299 907; x_wconf 90' lang='lat' dir='ltr'><strong>et</strong></span> <span class='ocrx_word' id='word_1_264' title='bbox 312 879 420 907; x_wconf 86' lang='lat' dir='ltr'><strong>Patrem</strong></span> <span class='ocrx_word' id='word_1_265' title='bbox 437 879 669 907; x_wconf 90' lang='lat' dir='ltr'><strong>immortalitatem</strong></span> <span class='ocrx_word' id='word_1_266' title='bbox 683 879 784 906; x_wconf 89' lang='lat' dir='ltr'><strong>habere</strong></span> <span class='ocrx_word' id='word_1_267' title='bbox 796 879 867 906; x_wconf 91' lang='lat' dir='ltr'><strong>dico.</strong></span> <span class='ocrx_word' id='word_1_268' title='bbox 890 879 965 907; x_wconf 77' lang='lat' dir='ltr'><strong>Ortlt.</strong></span> 
     </span>
    </p>
   </div>
   <div class='ocr_carea' id='block_1_37' title="bbox 185 925 969 960">
    <p class='ocr_par' dir='ltr' id='par_1_37' title="bbox 185 925 969 960">
     <span class='ocr_line' id='line_1_37' title="bbox 185 925 969 960; baseline 0.001 -8"><span class='ocrx_word' id='word_1_269' title='bbox 185 925 306 953; x_wconf 80' lang='lat' dir='ltr'><strong>Habetne</strong></span> <span class='ocrx_word' id='word_1_270' title='bbox 322 934 386 953; x_wconf 81' lang='lat' dir='ltr'><strong>vero</strong></span> <span class='ocrx_word' id='word_1_271' title='bbox 401 929 428 952; x_wconf 80' lang='lat' dir='ltr'><strong>et</strong></span> <span class='ocrx_word' id='word_1_272' title='bbox 445 925 563 960; x_wconf 89' lang='lat' dir='ltr'><strong>Spiritus</strong></span> <span class='ocrx_word' id='word_1_273' title='bbox 586 929 699 953; x_wconf 88' lang='lat' dir='ltr'><strong>sanctus</strong></span> <span class='ocrx_word' id='word_1_274' title='bbox 719 926 969 953; x_wconf 83' lang='lat' dir='ltr'><strong>immOrtalilatcm?</strong></span> 
     </span>
    </p>
   </div>
   <div class='ocr_carea' id='block_1_38' title="bbox 185 970 970 1004">
    <p class='ocr_par' dir='ltr' id='par_1_38' title="bbox 185 970 970 1004">
     <span class='ocr_line' id='line_1_38' title="bbox 185 970 970 1004; baseline 0 -6"><span class='ocrx_word' id='word_1_275' title='bbox 185 970 289 998; x_wconf 73' lang='lat' dir='ltr'><strong>Maced.</strong></span> <span class='ocrx_word' id='word_1_276' title='bbox 306 971 401 999; x_wconf 84' lang='lat' dir='ltr'><strong>llabet.</strong></span> <span class='ocrx_word' id='word_1_277' title='bbox 419 971 494 998; x_wconf 74' lang='lat' dir='ltr'><strong>Orth.</strong></span> <span class='ocrx_word' id='word_1_278' title='bbox 513 970 622 998; x_wconf 82' lang='lat' dir='ltr'><strong>Siccine</strong></span> <span class='ocrx_word' id='word_1_279' title='bbox 636 971 727 1004; x_wconf 88' lang='lat' dir='ltr'><strong>habet,</strong></span> <span class='ocrx_word' id='word_1_280' title='bbox 746 976 774 998; x_wconf 94' lang='lat' dir='ltr'><strong>ut</strong></span> <span class='ocrx_word' id='word_1_281' title='bbox 789 971 869 998; x_wconf 86' lang='lat' dir='ltr'><strong>Pater</strong></span> <span class='ocrx_word' id='word_1_282' title='bbox 885 975 912 998; x_wconf 89' lang='lat' dir='ltr'><strong>et</strong></span> <span class='ocrx_word' id='word_1_283' title='bbox 926 971 970 998; x_wconf 75' lang='lat' dir='ltr'><strong>Fi~</strong></span> 
     </span>
    </p>
   </div>
   <div class='ocr_carea' id='block_1_39' title="bbox 185 1016 970 1051">
    <p class='ocr_par' dir='ltr' id='par_1_39' title="bbox 185 1016 970 1051">
     <span class='ocr_line' id='line_1_39' title="bbox 185 1016 970 1051; baseline 0 -9"><span class='ocrx_word' id='word_1_284' title='bbox 185 1016 248 1048; x_wconf 89' lang='lat' dir='ltr'><strong>lius,</strong></span> <span class='ocrx_word' id='word_1_285' title='bbox 263 1024 297 1043; x_wconf 88' lang='lat' dir='ltr'><strong>an</strong></span> <span class='ocrx_word' id='word_1_286' title='bbox 312 1019 342 1043; x_wconf 91' lang='lat' dir='ltr'><strong>ut</strong></span> <span class='ocrx_word' id='word_1_287' title='bbox 352 1016 440 1051; x_wconf 75' lang='lat' dir='ltr'><strong>angeli</strong></span> <span class='ocrx_word' id='word_1_288' title='bbox 456 1020 483 1043; x_wconf 86' lang='lat' dir='ltr'><strong>et</strong></span> <span class='ocrx_word' id='word_1_289' title='bbox 503 1016 673 1050; x_wconf 87' lang='lat' dir='ltr'><strong>principatus</strong></span> <span class='ocrx_word' id='word_1_290' title='bbox 690 1020 716 1042; x_wconf 91' lang='lat' dir='ltr'><strong>et</strong></span> <span class='ocrx_word' id='word_1_291' title='bbox 732 1020 889 1050; x_wconf 81' lang='lat' dir='ltr'><strong>potestates,</strong></span> <span class='ocrx_word' id='word_1_292' title='bbox 907 1023 970 1050; x_wconf 89' lang='lat' dir='ltr'><strong>par-</strong></span> 
     </span>
    </p>
   </div>
   <div class='ocr_carea' id='block_1_40' title="bbox 185 1060 966 1096">
    <p class='ocr_par' dir='ltr' id='par_1_40' title="bbox 185 1060 966 1096">
     <span class='ocr_line' id='line_1_40' title="bbox 185 1060 966 1096; baseline 0.003 -9"><span class='ocrx_word' id='word_1_293' title='bbox 185 1061 342 1096; x_wconf 85' lang='lat' dir='ltr'><strong>ticipatione</strong></span> <span class='ocrx_word' id='word_1_294' title='bbox 364 1065 392 1089; x_wconf 86' lang='lat' dir='ltr'><strong>et</strong></span> <span class='ocrx_word' id='word_1_295' title='bbox 416 1061 524 1096; x_wconf 84' lang='lat' dir='ltr'><strong>gratia?</strong></span> <span class='ocrx_word' id='word_1_296' title='bbox 541 1060 645 1088; x_wconf 78' lang='lat' dir='ltr'><strong>Haced.</strong></span> <span class='ocrx_word' id='word_1_297' title='bbox 672 1060 706 1088; x_wconf 89' lang='lat' dir='ltr'><strong>Ut</strong></span> <span class='ocrx_word' id='word_1_298' title='bbox 730 1060 809 1088; x_wconf 88' lang='lat' dir='ltr'><strong>Pater</strong></span> <span class='ocrx_word' id='word_1_299' title='bbox 823 1065 849 1088; x_wconf 88' lang='lat' dir='ltr'><strong>et</strong></span> <span class='ocrx_word' id='word_1_300' title='bbox 871 1060 966 1089; x_wconf 84' lang='lat' dir='ltr'><strong>Filius.</strong></span> 
     </span>
    </p>
   </div>
   <div class='ocr_carea' id='block_1_41' title="bbox 185 1106 968 1142">
    <p class='ocr_par' dir='ltr' id='par_1_41' title="bbox 185 1106 968 1142">
     <span class='ocr_line' id='line_1_41' title="bbox 185 1106 968 1142; baseline 0.003 -8"><span class='ocrx_word' id='word_1_301' title='bbox 185 1106 261 1134; x_wconf 81' lang='lat' dir='ltr'><strong>Orth.</strong></span> <span class='ocrx_word' id='word_1_302' title='bbox 285 1106 412 1142; x_wconf 80' lang='lat' dir='ltr'><strong>Ejusdem</strong></span> <span class='ocrx_word' id='word_1_303' title='bbox 435 1115 499 1142; x_wconf 77' lang='lat' dir='ltr'><strong>ergo</strong></span> <span class='ocrx_word' id='word_1_304' title='bbox 515 1115 546 1133; x_wconf 88' lang='lat' dir='ltr'><strong>ac</strong></span> <span class='ocrx_word' id='word_1_305' title='bbox 560 1106 640 1134; x_wconf 82' lang='lat' dir='ltr'><strong>Pater</strong></span> <span class='ocrx_word' id='word_1_306' title='bbox 660 1110 686 1134; x_wconf 90' lang='lat' dir='ltr'><strong>et</strong></span> <span class='ocrx_word' id='word_1_307' title='bbox 701 1106 788 1135; x_wconf 83' lang='lat' dir='ltr'><strong>Filius</strong></span> <span class='ocrx_word' id='word_1_308' title='bbox 804 1112 907 1135; x_wconf 71' lang='lat' dir='ltr'><strong>natura:</strong></span> <span class='ocrx_word' id='word_1_309' title='bbox 925 1113 968 1136; x_wconf 85' lang='lat' dir='ltr'><strong>est</strong></span> 
     </span>
    </p>
   </div>
   <div class='ocr_carea' id='block_1_42' title="bbox 1022 881 1817 918">
    <p class='ocr_par' dir='ltr' id='par_1_42' title="bbox 1022 881 1817 918">
     <span class='ocr_line' id='line_1_42' title="bbox 1022 881 1817 918; baseline -0.004 -9"><span class='ocrx_word' id='word_1_310' title='bbox 1022 883 1095 915; x_wconf 77' lang='grc' dir='ltr'>Υἱὸς,</span> <span class='ocrx_word' id='word_1_311' title='bbox 1108 884 1123 918; x_wconf 84' lang='grc' dir='ltr'>ἢ</span> <span class='ocrx_word' id='word_1_312' title='bbox 1139 883 1176 915; x_wconf 84' lang='grc' dir='ltr'>ὡς</span> <span class='ocrx_word' id='word_1_313' title='bbox 1192 883 1312 917; x_wconf 77' lang='grc' dir='ltr'>ἄγγελοι,</span> <span class='ocrx_word' id='word_1_314' title='bbox 1325 884 1372 909; x_wconf 82' lang='grc' dir='ltr'>καὶ</span> <span class='ocrx_word' id='word_1_315' title='bbox 1386 883 1479 918; x_wconf 77' lang='grc' dir='ltr'>ἁρχαὶ,</span> <span class='ocrx_word' id='word_1_316' title='bbox 1497 882 1544 909; x_wconf 72' lang='grc' dir='ltr'><strong>καὶ</strong></span> <span class='ocrx_word' id='word_1_317' title='bbox 1560 881 1690 914; x_wconf 78' lang='grc' dir='ltr'>ἐξουσίαι,</span> <span class='ocrx_word' id='word_1_318' title='bbox 1707 881 1817 916; x_wconf 82' lang='grc' dir='ltr'><strong>μετοχῇ</strong></span> 
     </span>
    </p>
   </div>
   <div class='ocr_carea' id='block_1_43' title="bbox 1022 926 1817 964">
    <p class='ocr_par' dir='ltr' id='par_1_43' title="bbox 1022 926 1817 964">
     <span class='ocr_line' id='line_1_43' title="bbox 1022 926 1817 964; baseline -0.004 -9"><span class='ocrx_word' id='word_1_319' title='bbox 1022 929 1068 955; x_wconf 80' lang='grc' dir='ltr'><strong>καὶ</strong></span> <span class='ocrx_word' id='word_1_320' title='bbox 1086 930 1192 964; x_wconf 82' lang='grc' dir='ltr'>χάριτι;</span> <span class='ocrx_word' id='word_1_321' title='bbox 1210 929 1318 956; x_wconf 79' lang='grc' dir='ltr'><strong>Μακεδ.</strong></span> <span class='ocrx_word' id='word_1_322' title='bbox 1342 929 1384 960; x_wconf 87' lang='grc' dir='ltr'>Ὠς</span> <span class='ocrx_word' id='word_1_323' title='bbox 1397 929 1410 955; x_wconf 86' lang='grc' dir='ltr'><strong><em>ὁ</em></strong></span> <span class='ocrx_word' id='word_1_324' title='bbox 1431 929 1536 964; x_wconf 80' lang='grc' dir='ltr'>Πατὴρ,</span> <span class='ocrx_word' id='word_1_325' title='bbox 1551 928 1598 954; x_wconf 72' lang='grc' dir='ltr'>καὶ</span> <span class='ocrx_word' id='word_1_326' title='bbox 1611 927 1625 953; x_wconf 85' lang='grc' dir='ltr'><strong>ὁ</strong></span> <span class='ocrx_word' id='word_1_327' title='bbox 1639 927 1713 958; x_wconf 86' lang='grc' dir='ltr'><strong>Υἱός.</strong></span> <span class='ocrx_word' id='word_1_328' title='bbox 1730 926 1817 959; x_wconf 76' lang='grc' dir='ltr'><strong>ὀρθ.</strong></span> 
     </span>
    </p>
   </div>
   <div class='ocr_carea' id='block_1_44' title="bbox 1022 970 1818 1008">
    <p class='ocr_par' dir='ltr' id='par_1_44' title="bbox 1022 970 1818 1008">
     <span class='ocr_line' id='line_1_44' title="bbox 1022 970 1818 1008; baseline -0.005 -8"><span class='ocrx_word' id='word_1_329' title='bbox 1022 973 1078 1008; x_wconf 86' lang='grc' dir='ltr'><strong>Τῆς</strong></span> <span class='ocrx_word' id='word_1_330' title='bbox 1089 973 1174 1008; x_wconf 81' lang='grc' dir='ltr'>αὐτῆς</span> <span class='ocrx_word' id='word_1_331' title='bbox 1188 973 1242 1008; x_wconf 83' lang='grc' dir='ltr'><strong>ἄρα</strong></span> <span class='ocrx_word' id='word_1_332' title='bbox 1256 972 1360 1007; x_wconf 77' lang='grc' dir='ltr'>φύσεώς</span> <span class='ocrx_word' id='word_1_333' title='bbox 1373 974 1430 999; x_wconf 70' lang='grc' dir='ltr'>ἐστι</span> <span class='ocrx_word' id='word_1_334' title='bbox 1447 972 1534 1008; x_wconf 70' lang='lat' dir='ltr'><strong>Ila-cpi</strong></span> <span class='ocrx_word' id='word_1_335' title='bbox 1551 972 1597 998; x_wconf 77' lang='grc' dir='ltr'>καὶ</span> <span class='ocrx_word' id='word_1_336' title='bbox 1611 971 1668 1006; x_wconf 79' lang='grc' dir='ltr'><strong>Υῐῷ</strong></span> <span class='ocrx_word' id='word_1_337' title='bbox 1677 971 1707 997; x_wconf 82' lang='grc' dir='ltr'>τὸ</span> <span class='ocrx_word' id='word_1_338' title='bbox 1731 970 1818 1004; x_wconf 82' lang='grc' dir='ltr'>ἆγιον</span> 
     </span>
    </p>
   </div>
   <div class='ocr_carea' id='block_1_45' title="bbox 1022 1013 1818 1054">
    <p class='ocr_par' dir='ltr' id='par_1_45' title="bbox 1022 1013 1818 1054">
     <span class='ocr_line' id='line_1_45' title="bbox 1022 1013 1818 1054; baseline -0.004 -9"><span class='ocrx_word' id='word_1_339' title='bbox 1022 1019 1151 1054; x_wconf 72' lang='grc' dir='ltr'>Πνεῦμας</span> <span class='ocrx_word' id='word_1_340' title='bbox 1179 1019 1291 1046; x_wconf 64' lang='lat' dir='ltr'><strong>Maneo.</strong></span> <span class='ocrx_word' id='word_1_341' title='bbox 1316 1018 1362 1054; x_wconf 80' lang='grc' dir='ltr'><strong>Μὴ</strong></span> <span class='ocrx_word' id='word_1_342' title='bbox 1385 1018 1507 1052; x_wconf 75' lang='grc' dir='ltr'>γένοιτοι</span> <span class='ocrx_word' id='word_1_343' title='bbox 1528 1018 1605 1051; x_wconf 85' lang='grc' dir='ltr'><strong>Ὀρθ.</strong></span> <span class='ocrx_word' id='word_1_344' title='bbox 1623 1017 1679 1043; x_wconf 79' lang='grc' dir='ltr'>Οὐκ</span> <span class='ocrx_word' id='word_1_345' title='bbox 1700 1016 1740 1042; x_wconf 80' lang='grc' dir='ltr'><strong>ἐτι</strong></span> <span class='ocrx_word' id='word_1_346' title='bbox 1764 1013 1818 1042; x_wconf 80' lang='grc' dir='ltr'><strong>οῦν</strong></span> 
     </span>
    </p>
   </div>
   <div class='ocr_carea' id='block_1_46' title="bbox 1022 1061 1818 1099">
    <p class='ocr_par' dir='ltr' id='par_1_46' title="bbox 1022 1061 1818 1099">
     <span class='ocr_line' id='line_1_46' title="bbox 1022 1061 1818 1099; baseline -0.004 -9"><span class='ocrx_word' id='word_1_347' title='bbox 1022 1063 1100 1098; x_wconf 83' lang='grc' dir='ltr'>μόνος</span> <span class='ocrx_word' id='word_1_348' title='bbox 1121 1065 1135 1090; x_wconf 87' lang='grc' dir='ltr'>ὁ</span> <span class='ocrx_word' id='word_1_349' title='bbox 1151 1064 1216 1096; x_wconf 79' lang='grc' dir='ltr'>Θεὸς</span> <span class='ocrx_word' id='word_1_350' title='bbox 1241 1064 1297 1099; x_wconf 74' lang='grc' dir='ltr'>ἔχει</span> <span class='ocrx_word' id='word_1_351' title='bbox 1319 1063 1368 1098; x_wconf 85' lang='grc' dir='ltr'>τὴν</span> <span class='ocrx_word' id='word_1_352' title='bbox 1387 1063 1545 1090; x_wconf 83' lang='grc' dir='ltr'>ἀθανασίαν.</span> <span class='ocrx_word' id='word_1_353' title='bbox 1563 1063 1669 1098; x_wconf 79' lang='grc' dir='ltr'><strong>Εὑρέϐη</strong></span> <span class='ocrx_word' id='word_1_354' title='bbox 1689 1061 1744 1096; x_wconf 79' lang='grc' dir='ltr'><strong>γὰρ</strong></span> <span class='ocrx_word' id='word_1_355' title='bbox 1764 1063 1818 1088; x_wconf 83' lang='grc' dir='ltr'><strong>καὶ</strong></span> 
     </span>
    </p>
   </div>
   <div class='ocr_carea' id='block_1_47' title="bbox 1020 1107 1754 1145">
    <p class='ocr_par' dir='ltr' id='par_1_47' title="bbox 1020 1107 1754 1145">
     <span class='ocr_line' id='line_1_47' title="bbox 1020 1107 1754 1145; baseline -0.004 -9"><span class='ocrx_word' id='word_1_356' title='bbox 1020 1110 1086 1145; x_wconf 79' lang='grc' dir='ltr'>ἄλλη</span> <span class='ocrx_word' id='word_1_357' title='bbox 1101 1109 1181 1144; x_wconf 76' lang='grc' dir='ltr'>φύσις</span> <span class='ocrx_word' id='word_1_358' title='bbox 1196 1110 1282 1141; x_wconf 74' lang='grc' dir='ltr'>οὕτως</span> <span class='ocrx_word' id='word_1_359' title='bbox 1294 1109 1377 1144; x_wconf 75' lang='grc' dir='ltr'>αὐτὴν</span> <span class='ocrx_word' id='word_1_360' title='bbox 1392 1109 1502 1144; x_wconf 76' lang='grc' dir='ltr'>ἔχουσα,</span> <span class='ocrx_word' id='word_1_361' title='bbox 1515 1108 1552 1140; x_wconf 80' lang='grc' dir='ltr'>ὡς</span> <span class='ocrx_word' id='word_1_362' title='bbox 1566 1108 1648 1140; x_wconf 81' lang='grc' dir='ltr'>αὐτὸς</span> <span class='ocrx_word' id='word_1_363' title='bbox 1662 1108 1676 1134; x_wconf 88' lang='lat'><strong>6</strong></span> <span class='ocrx_word' id='word_1_364' title='bbox 1687 1107 1754 1138; x_wconf 85' lang='grc' dir='ltr'>Θεός</span> 
     </span>
    </p>
   </div>
   <div class='ocr_carea' id='block_1_48' title="bbox 186 1152 1814 1191">
    <p class='ocr_par' dir='ltr' id='par_1_48' title="bbox 186 1152 1814 1191">
     <span class='ocr_line' id='line_1_48' title="bbox 186 1152 1814 1191; baseline 0.001 -11"><span class='ocrx_word' id='word_1_365' title='bbox 186 1152 303 1189; x_wconf 89' lang='lat' dir='ltr'><strong>Spiritus</strong></span> <span class='ocrx_word' id='word_1_366' title='bbox 325 1154 453 1183; x_wconf 83' lang='lat' dir='ltr'><strong>sanctus?</strong></span> <span class='ocrx_word' id='word_1_367' title='bbox 485 1152 589 1181; x_wconf 75' lang='lat' dir='ltr'><strong>Maced.</strong></span> <span class='ocrx_word' id='word_1_368' title='bbox 610 1154 704 1181; x_wconf 82' lang='lat' dir='ltr'><strong>Absit!</strong></span> <span class='ocrx_word' id='word_1_369' title='bbox 743 1153 820 1182; x_wconf 84' lang='lat' dir='ltr'><strong>Orlh.</strong></span> <span class='ocrx_word' id='word_1_370' title='bbox 842 1154 901 1182; x_wconf 85' lang='lat' dir='ltr'><strong>Non</strong></span> <span class='ocrx_word' id='word_1_371' title='bbox 922 1155 1005 1191; x_wconf 80' lang='lat' dir='ltr'><strong>igitur</strong></span> <span class='ocrx_word' id='word_1_372' title='bbox 1024 1157 1099 1184; x_wconf 91' lang='lat' dir='ltr'><strong>solus</strong></span> <span class='ocrx_word' id='word_1_373' title='bbox 1128 1157 1198 1185; x_wconf 90' lang='lat' dir='ltr'><strong>Deus</strong></span> <span class='ocrx_word' id='word_1_374' title='bbox 1216 1158 1296 1185; x_wconf 89' lang='lat' dir='ltr'><strong>habet</strong></span> <span class='ocrx_word' id='word_1_375' title='bbox 1320 1157 1561 1189; x_wconf 85' lang='lat' dir='ltr'><strong>immortalitatem.</strong></span> <span class='ocrx_word' id='word_1_376' title='bbox 1585 1155 1633 1183; x_wconf 86' lang='lat' dir='ltr'><strong>Est</strong></span> <span class='ocrx_word' id='word_1_377' title='bbox 1647 1162 1765 1190; x_wconf 87' lang='lat' dir='ltr'><strong>namque</strong></span> <span class='ocrx_word' id='word_1_378' title='bbox 1785 1158 1814 1182; x_wconf 83' lang='lat' dir='ltr'><strong>et</strong></span> 
     </span>
    </p>
   </div>
   <div class='ocr_carea' id='block_1_49' title="bbox 184 1201 1192 1237">
    <p class='ocr_par' dir='ltr' id='par_1_49' title="bbox 184 1201 1192 1237">
     <span class='ocr_line' id='line_1_49' title="bbox 184 1201 1192 1237; baseline 0.004 -9"><span class='ocrx_word' id='word_1_379' title='bbox 184 1201 237 1228; x_wconf 90' lang='lat' dir='ltr'><strong>alia</strong></span> <span class='ocrx_word' id='word_1_380' title='bbox 267 1201 376 1228; x_wconf 86' lang='lat' dir='ltr'><strong>inventa</strong></span> <span class='ocrx_word' id='word_1_381' title='bbox 400 1205 508 1233; x_wconf 86' lang='lat' dir='ltr'><strong>natura,</strong></span> <span class='ocrx_word' id='word_1_382' title='bbox 533 1201 593 1236; x_wconf 92' lang='lat' dir='ltr'><strong>pari</strong></span> <span class='ocrx_word' id='word_1_383' title='bbox 619 1201 705 1234; x_wconf 86' lang='lat' dir='ltr'><strong>illam,</strong></span> <span class='ocrx_word' id='word_1_384' title='bbox 731 1209 785 1236; x_wconf 92' lang='lat' dir='ltr'><strong>quo</strong></span> <span class='ocrx_word' id='word_1_385' title='bbox 807 1201 879 1229; x_wconf 88' lang='lat' dir='ltr'><strong>Deus</strong></span> <span class='ocrx_word' id='word_1_386' title='bbox 899 1203 967 1237; x_wconf 86' lang='lat' dir='ltr'><strong>ipse,</strong></span> <span class='ocrx_word' id='word_1_387' title='bbox 987 1204 1068 1231; x_wconf 90' lang='lat' dir='ltr'><strong>modo</strong></span> <span class='ocrx_word' id='word_1_388' title='bbox 1080 1205 1192 1232; x_wconf 88' lang='lat' dir='ltr'><strong>habens.</strong></span> 
     </span>
    </p>
   </div>
   <div class='ocr_carea' id='block_1_50' title="bbox 222 1246 966 1282">
    <p class='ocr_par' dir='ltr' id='par_1_50' title="bbox 222 1246 966 1282">
     <span class='ocr_line' id='line_1_50' title="bbox 222 1246 966 1282; baseline 0 -7"><span class='ocrx_word' id='word_1_389' title='bbox 222 1247 264 1276; x_wconf 85' lang='grc'><strong>10.</strong></span> <span class='ocrx_word' id='word_1_390' title='bbox 285 1246 387 1274; x_wconf 79' lang='lat' dir='ltr'><strong>Maced.</strong></span> <span class='ocrx_word' id='word_1_391' title='bbox 407 1246 526 1274; x_wconf 77' lang='lat' dir='ltr'><strong>Rursum</strong></span> <span class='ocrx_word' id='word_1_392' title='bbox 542 1247 624 1282; x_wconf 80' lang='lat' dir='ltr'><strong>igitur</strong></span> <span class='ocrx_word' id='word_1_393' title='bbox 638 1247 689 1274; x_wconf 89' lang='lat' dir='ltr'><strong>tria</strong></span> <span class='ocrx_word' id='word_1_394' title='bbox 704 1255 787 1274; x_wconf 92' lang='lat' dir='ltr'><strong>unum</strong></span> <span class='ocrx_word' id='word_1_395' title='bbox 804 1247 876 1275; x_wconf 83' lang='lat' dir='ltr'><strong>dico.</strong></span> <span class='ocrx_word' id='word_1_396' title='bbox 892 1248 966 1275; x_wconf 84' lang='lat' dir='ltr'><strong>OrtII.</strong></span> 
     </span>
    </p>
   </div>
   <div class='ocr_carea' id='block_1_51' title="bbox 186 1292 967 1329">
    <p class='ocr_par' dir='ltr' id='par_1_51' title="bbox 186 1292 967 1329">
     <span class='ocr_line' id='line_1_51' title="bbox 186 1292 967 1329; baseline 0 -9"><span class='ocrx_word' id='word_1_397' title='bbox 186 1293 395 1329; x_wconf 84' lang='lat' dir='ltr'><strong>Hypostasibus,</strong></span> <span class='ocrx_word' id='word_1_398' title='bbox 421 1299 476 1319; x_wconf 92' lang='lat' dir='ltr'><strong>non</strong></span> <span class='ocrx_word' id='word_1_399' title='bbox 497 1300 593 1324; x_wconf 92' lang='lat' dir='ltr'><strong>unum,</strong></span> <span class='ocrx_word' id='word_1_400' title='bbox 620 1293 668 1320; x_wconf 88' lang='lat' dir='ltr'><strong>sed</strong></span> <span class='ocrx_word' id='word_1_401' title='bbox 686 1293 738 1319; x_wconf 85' lang='lat' dir='ltr'><strong>tria</strong></span> <span class='ocrx_word' id='word_1_402' title='bbox 765 1296 840 1320; x_wconf 87' lang='lat' dir='ltr'><strong>sunt.</strong></span> <span class='ocrx_word' id='word_1_403' title='bbox 866 1292 967 1320; x_wconf 69' lang='lat' dir='ltr'><strong>Maced.</strong></span> 
     </span>
    </p>
   </div>
   <div class='ocr_carea' id='block_1_52' title="bbox 185 1338 970 1374">
    <p class='ocr_par' dir='ltr' id='par_1_52' title="bbox 185 1338 970 1374">
     <span class='ocr_line' id='line_1_52' title="bbox 185 1338 970 1374; baseline -0.005 -6"><span class='ocrx_word' id='word_1_404' title='bbox 185 1339 329 1374; x_wconf 87' lang='lat' dir='ltr'><strong>Quomodo</strong></span> <span class='ocrx_word' id='word_1_405' title='bbox 350 1338 434 1374; x_wconf 79' lang='lat' dir='ltr'><strong>igitur</strong></span> <span class='ocrx_word' id='word_1_406' title='bbox 451 1346 532 1366; x_wconf 88' lang='lat' dir='ltr'><strong>unam</strong></span> <span class='ocrx_word' id='word_1_407' title='bbox 555 1338 617 1366; x_wconf 89' lang='lat' dir='ltr'><strong>dico</strong></span> <span class='ocrx_word' id='word_1_408' title='bbox 639 1339 786 1365; x_wconf 84' lang='lat' dir='ltr'><strong>naturam?</strong></span> <span class='ocrx_word' id='word_1_409' title='bbox 806 1338 882 1366; x_wconf 84' lang='lat' dir='ltr'><strong>Orlh.</strong></span> <span class='ocrx_word' id='word_1_410' title='bbox 901 1338 970 1372; x_wconf 77' lang='lat' dir='ltr'><strong>Qui:</strong></span> 
     </span>
    </p>
   </div>
   <div class='ocr_carea' id='block_1_53' title="bbox 185 1384 969 1420">
    <p class='ocr_par' dir='ltr' id='par_1_53' title="bbox 185 1384 969 1420">
     <span class='ocr_line' id='line_1_53' title="bbox 185 1384 969 1420; baseline -0.003 -7"><span class='ocrx_word' id='word_1_411' title='bbox 185 1385 277 1417; x_wconf 86' lang='lat' dir='ltr'><strong>Pater,</strong></span> <span class='ocrx_word' id='word_1_412' title='bbox 285 1385 405 1420; x_wconf 54' lang='lat' dir='ltr'><strong>et,Filius</strong></span> <span class='ocrx_word' id='word_1_413' title='bbox 413 1389 440 1412; x_wconf 89' lang='lat' dir='ltr'><strong>et</strong></span> <span class='ocrx_word' id='word_1_414' title='bbox 448 1384 567 1420; x_wconf 84' lang='lat' dir='ltr'><strong>Spiritus</strong></span> <span class='ocrx_word' id='word_1_415' title='bbox 575 1389 687 1412; x_wconf 86' lang='lat' dir='ltr'><strong>sanctus</strong></span> <span class='ocrx_word' id='word_1_416' title='bbox 695 1384 789 1412; x_wconf 81' lang='lat' dir='ltr'><strong>eodem</strong></span> <span class='ocrx_word' id='word_1_417' title='bbox 799 1384 879 1419; x_wconf 87' lang='lat' dir='ltr'><strong>plane</strong></span> <span class='ocrx_word' id='word_1_418' title='bbox 890 1385 969 1411; x_wconf 87' lang='lat' dir='ltr'><strong>modo</strong></span> 
     </span>
    </p>
   </div>
   <div class='ocr_carea' id='block_1_54' title="bbox 186 1430 969 1465">
    <p class='ocr_par' dir='ltr' id='par_1_54' title="bbox 186 1430 969 1465">
     <span class='ocr_line' id='line_1_54' title="bbox 186 1430 969 1465; baseline -0.004 -6"><span class='ocrx_word' id='word_1_419' title='bbox 186 1431 418 1459; x_wconf 86' lang='lat' dir='ltr'><strong>immortalitatem</strong></span> <span class='ocrx_word' id='word_1_420' title='bbox 446 1431 534 1459; x_wconf 82' lang='lat' dir='ltr'><strong>Patris</strong></span> <span class='ocrx_word' id='word_1_421' title='bbox 564 1431 673 1458; x_wconf 88' lang='lat' dir='ltr'><strong>habent.</strong></span> <span class='ocrx_word' id='word_1_422' title='bbox 695 1430 783 1465; x_wconf 86' lang='lat' dir='ltr'><strong>Atque</strong></span> <span class='ocrx_word' id='word_1_423' title='bbox 802 1434 831 1457; x_wconf 95' lang='lat' dir='ltr'><strong>ut</strong></span> <span class='ocrx_word' id='word_1_424' title='bbox 857 1430 969 1461; x_wconf 83' lang='lat' dir='ltr'><strong>Paulus,</strong></span> 
     </span>
    </p>
   </div>
   <div class='ocr_carea' id='block_1_55' title="bbox 185 1473 1005 1504">
    <p class='ocr_par' dir='ltr' id='par_1_55' title="bbox 185 1473 1005 1504">
     <span class='ocr_line' id='line_1_55' title="bbox 185 1473 1005 1504; baseline -0.002 0"><span class='ocrx_word' id='word_1_425' title='bbox 185 1475 283 1504; x_wconf 78' lang='lat' dir='ltr'><strong>Petrus</strong></span> <span class='ocrx_word' id='word_1_426' title='bbox 307 1484 339 1503; x_wconf 90' lang='lat' dir='ltr'><strong>ac</strong></span> <span class='ocrx_word' id='word_1_427' title='bbox 361 1476 521 1504; x_wconf 84' lang='lat' dir='ltr'><strong>Timotheus</strong></span> <span class='ocrx_word' id='word_1_428' title='bbox 543 1475 625 1502; x_wconf 90' lang='lat' dir='ltr'><strong>unius</strong></span> <span class='ocrx_word' id='word_1_429' title='bbox 646 1479 750 1502; x_wconf 73' lang='lat' dir='ltr'><strong>natum</strong></span> <span class='ocrx_word' id='word_1_430' title='bbox 773 1480 838 1502; x_wconf 78' lang='lat' dir='ltr'><strong>sunt</strong></span> <span class='ocrx_word' id='word_1_431' title='bbox 863 1481 889 1502; x_wconf 88' lang='lat' dir='ltr'><strong>et</strong></span> <span class='ocrx_word' id='word_1_432' title='bbox 914 1480 970 1503; x_wconf 80' lang='lat' dir='ltr'><strong>tres</strong></span> <span class='ocrx_word' id='word_1_433' title='bbox 984 1473 1005 1502; x_wconf 75' lang='grc' dir='ltr'><strong>(Ξ</strong></span> 
     </span>
    </p>
   </div>
   <div class='ocr_carea' id='block_1_56' title="bbox 186 1521 970 1560">
    <p class='ocr_par' dir='ltr' id='par_1_56' title="bbox 186 1521 970 1560">
     <span class='ocr_line' id='line_1_56' title="bbox 186 1521 970 1560; baseline -0.004 -9"><span class='ocrx_word' id='word_1_434' title='bbox 186 1525 348 1560; x_wconf 81' lang='lat' dir='ltr'><strong>hyposlases</strong></span> <span class='ocrx_word' id='word_1_435' title='bbox 363 1532 370 1550; x_wconf 89' lang='lat'>:</span> <span class='ocrx_word' id='word_1_436' title='bbox 388 1523 424 1550; x_wconf 90' lang='lat' dir='ltr'><strong>ita</strong></span> <span class='ocrx_word' id='word_1_437' title='bbox 442 1523 548 1550; x_wconf 84' lang='lat' dir='ltr'><strong>Patrem</strong></span> <span class='ocrx_word' id='word_1_438' title='bbox 564 1526 591 1550; x_wconf 91' lang='lat' dir='ltr'><strong>et</strong></span> <span class='ocrx_word' id='word_1_439' title='bbox 605 1521 704 1549; x_wconf 81' lang='lat' dir='ltr'><strong>Filium</strong></span> <span class='ocrx_word' id='word_1_440' title='bbox 719 1527 746 1549; x_wconf 89' lang='lat' dir='ltr'><strong>et</strong></span> <span class='ocrx_word' id='word_1_441' title='bbox 761 1521 893 1556; x_wconf 90' lang='lat' dir='ltr'><strong>Spiritum</strong></span> <span class='ocrx_word' id='word_1_442' title='bbox 906 1529 970 1549; x_wconf 69' lang='lat' dir='ltr'><strong>sau—</strong></span> 
     </span>
    </p>
   </div>
   <div class='ocr_carea' id='block_1_57' title="bbox 187 1567 971 1605">
    <p class='ocr_par' dir='ltr' id='par_1_57' title="bbox 187 1567 971 1605">
     <span class='ocr_line' id='line_1_57' title="bbox 187 1567 971 1605; baseline -0.004 -8"><span class='ocrx_word' id='word_1_443' title='bbox 187 1575 260 1599; x_wconf 83' lang='lat' dir='ltr'><strong>ctum</strong></span> <span class='ocrx_word' id='word_1_444' title='bbox 278 1575 333 1597; x_wconf 89' lang='lat' dir='ltr'><strong>tres</strong></span> <span class='ocrx_word' id='word_1_445' title='bbox 349 1570 511 1605; x_wconf 74' lang='lat' dir='ltr'><strong>hypostases</strong></span> <span class='ocrx_word' id='word_1_446' title='bbox 525 1569 597 1600; x_wconf 87' lang='lat' dir='ltr'><strong>dico,</strong></span> <span class='ocrx_word' id='word_1_447' title='bbox 615 1573 642 1595; x_wconf 92' lang='lat' dir='ltr'><strong>et</strong></span> <span class='ocrx_word' id='word_1_448' title='bbox 656 1576 737 1595; x_wconf 90' lang='lat' dir='ltr'><strong>unam</strong></span> <span class='ocrx_word' id='word_1_449' title='bbox 756 1572 892 1595; x_wconf 88' lang='lat' dir='ltr'><strong>naturam.</strong></span> <span class='ocrx_word' id='word_1_450' title='bbox 911 1567 971 1594; x_wconf 78' lang='lat' dir='ltr'><strong>Ma-</strong></span> 
     </span>
    </p>
   </div>
   <div class='ocr_carea' id='block_1_58' title="bbox 187 1614 971 1650">
    <p class='ocr_par' dir='ltr' id='par_1_58' title="bbox 187 1614 971 1650">
     <span class='ocr_line' id='line_1_58' title="bbox 187 1614 971 1650; baseline -0.003 -7"><span class='ocrx_word' id='word_1_451' title='bbox 187 1616 232 1643; x_wconf 79' lang='lat' dir='ltr'><strong>ced</strong></span> <span class='ocrx_word' id='word_1_452' title='bbox 262 1615 314 1644; x_wconf 91' lang='lat' dir='ltr'><strong>Sed</strong></span> <span class='ocrx_word' id='word_1_453' title='bbox 337 1621 400 1643; x_wconf 87' lang='lat' dir='ltr'><strong>ante</strong></span> <span class='ocrx_word' id='word_1_454' title='bbox 420 1616 546 1644; x_wconf 82' lang='lat' dir='ltr'><strong>homines</strong></span> <span class='ocrx_word' id='word_1_455' title='bbox 569 1615 706 1643; x_wconf 73' lang='lat' dir='ltr'><strong>exsistunt</strong></span> <span class='ocrx_word' id='word_1_456' title='bbox 728 1615 773 1642; x_wconf 90' lang='lat' dir='ltr'><strong>alii</strong></span> <span class='ocrx_word' id='word_1_457' title='bbox 792 1614 971 1650; x_wconf 64' lang='grc' dir='ltr'><strong>479110ιηὶ-</strong></span> 
     </span>
    </p>
   </div>
   <div class='ocr_carea' id='block_1_59' title="bbox 187 1659 972 1697">
    <p class='ocr_par' dir='ltr' id='par_1_59' title="bbox 187 1659 972 1697">
     <span class='ocr_line' id='line_1_59' title="bbox 187 1659 972 1697; baseline -0.004 -7"><span class='ocrx_word' id='word_1_458' title='bbox 187 1670 257 1690; x_wconf 86' lang='lat' dir='ltr'><strong>nes:</strong></span> <span class='ocrx_word' id='word_1_459' title='bbox 275 1663 328 1689; x_wconf 90' lang='lat' dir='ltr'><strong>alia</strong></span> <span class='ocrx_word' id='word_1_460' title='bbox 344 1662 427 1697; x_wconf 80' lang='lat' dir='ltr'><strong>igitur</strong></span> <span class='ocrx_word' id='word_1_461' title='bbox 443 1665 540 1688; x_wconf 90' lang='lat' dir='ltr'><strong>natura</strong></span> <span class='ocrx_word' id='word_1_462' title='bbox 565 1665 629 1688; x_wconf 86' lang='lat' dir='ltr'><strong>ante</strong></span> <span class='ocrx_word' id='word_1_463' title='bbox 652 1660 759 1687; x_wconf 84' lang='lat' dir='ltr'><strong>Patrem</strong></span> <span class='ocrx_word' id='word_1_464' title='bbox 783 1661 864 1687; x_wconf 87' lang='lat' dir='ltr'><strong>etiam</strong></span> <span class='ocrx_word' id='word_1_465' title='bbox 885 1665 911 1687; x_wconf 88' lang='lat' dir='ltr'><strong>et</strong></span> <span class='ocrx_word' id='word_1_466' title='bbox 927 1659 972 1687; x_wconf 86' lang='lat' dir='ltr'><strong>Fi-</strong></span> 
     </span>
    </p>
   </div>
   <div class='ocr_carea' id='block_1_60' title="bbox 188 1705 969 1742">
    <p class='ocr_par' dir='ltr' id='par_1_60' title="bbox 188 1705 969 1742">
     <span class='ocr_line' id='line_1_60' title="bbox 188 1705 969 1742; baseline -0.003 -8"><span class='ocrx_word' id='word_1_467' title='bbox 188 1708 253 1734; x_wconf 90' lang='lat' dir='ltr'><strong>lium</strong></span> <span class='ocrx_word' id='word_1_468' title='bbox 276 1711 303 1734; x_wconf 86' lang='lat' dir='ltr'><strong>et</strong></span> <span class='ocrx_word' id='word_1_469' title='bbox 328 1707 459 1742; x_wconf 87' lang='lat' dir='ltr'><strong>Spiritum</strong></span> <span class='ocrx_word' id='word_1_470' title='bbox 484 1710 608 1734; x_wconf 80' lang='lat' dir='ltr'><strong>sanctum</strong></span> <span class='ocrx_word' id='word_1_471' title='bbox 633 1707 750 1733; x_wconf 83' lang='lat' dir='ltr'><strong>exsistit.</strong></span> <span class='ocrx_word' id='word_1_472' title='bbox 779 1705 855 1732; x_wconf 74' lang='lat' dir='ltr'><strong>Ortli,</strong></span> <span class='ocrx_word' id='word_1_473' title='bbox 879 1706 969 1733; x_wconf 81' lang='lat' dir='ltr'><strong>Absit!</strong></span> 
     </span>
    </p>
   </div>
   <div class='ocr_carea' id='block_1_61' title="bbox 188 1751 972 1788">
    <p class='ocr_par' dir='ltr' id='par_1_61' title="bbox 188 1751 972 1788">
     <span class='ocr_line' id='line_1_61' title="bbox 188 1751 972 1788; baseline -0.001 -9"><span class='ocrx_word' id='word_1_474' title='bbox 188 1752 294 1784; x_wconf 66' lang='grc' dir='ltr'><strong>Μαρια.</strong></span> <span class='ocrx_word' id='word_1_475' title='bbox 326 1752 382 1779; x_wconf 88' lang='lat' dir='ltr'><strong>Ctlr</strong></span> <span class='ocrx_word' id='word_1_476' title='bbox 408 1752 490 1788; x_wconf 78' lang='lat' dir='ltr'><strong>igitur</strong></span> <span class='ocrx_word' id='word_1_477' title='bbox 518 1752 587 1778; x_wconf 91' lang='lat' dir='ltr'><strong>dicis</strong></span> <span class='ocrx_word' id='word_1_478' title='bbox 612 1771 618 1778; x_wconf 91' lang='lat'><strong>.</strong></span> <span class='ocrx_word' id='word_1_479' title='bbox 642 1751 743 1779; x_wconf 82' lang='lat' dir='ltr'><strong>Eodem</strong></span> <span class='ocrx_word' id='word_1_480' title='bbox 765 1759 819 1785; x_wconf 82' lang='lat' dir='ltr'><strong>quo</strong></span> <span class='ocrx_word' id='word_1_481' title='bbox 849 1751 972 1778; x_wconf 83' lang='lat' dir='ltr'><strong>homines</strong></span> 
     </span>
    </p>
   </div>
   <div class='ocr_carea' id='block_1_62' title="bbox 188 1796 972 1831">
    <p class='ocr_par' dir='ltr' id='par_1_62' title="bbox 188 1796 972 1831">
     <span class='ocr_line' id='line_1_62' title="bbox 188 1796 972 1831; baseline -0.001 -6"><span class='ocrx_word' id='word_1_482' title='bbox 188 1798 287 1825; x_wconf 82' lang='lat' dir='ltr'><strong>modo?</strong></span> <span class='ocrx_word' id='word_1_483' title='bbox 301 1797 376 1824; x_wconf 80' lang='lat' dir='ltr'><strong>Ortlt.</strong></span> <span class='ocrx_word' id='word_1_484' title='bbox 392 1798 462 1824; x_wconf 86' lang='lat' dir='ltr'><strong>Aule</strong></span> <span class='ocrx_word' id='word_1_485' title='bbox 474 1797 598 1824; x_wconf 90' lang='lat' dir='ltr'><strong>homines</strong></span> <span class='ocrx_word' id='word_1_486' title='bbox 614 1797 734 1831; x_wconf 85' lang='lat' dir='ltr'><strong>quidem,</strong></span> <span class='ocrx_word' id='word_1_487' title='bbox 750 1796 863 1824; x_wconf 84' lang='lat' dir='ltr'><strong>Paulum</strong></span> <span class='ocrx_word' id='word_1_488' title='bbox 881 1802 907 1824; x_wconf 80' lang='lat' dir='ltr'><strong>et</strong></span> <span class='ocrx_word' id='word_1_489' title='bbox 923 1797 972 1825; x_wconf 80' lang='lat' dir='ltr'><strong>Pe-</strong></span> 
     </span>
    </p>
   </div>
   <div class='ocr_carea' id='block_1_63' title="bbox 187 1843 973 1875">
    <p class='ocr_par' dir='ltr' id='par_1_63' title="bbox 187 1843 973 1875">
     <span class='ocr_line' id='line_1_63' title="bbox 187 1843 973 1875; baseline 0 -4"><span class='ocrx_word' id='word_1_490' title='bbox 187 1847 260 1871; x_wconf 88' lang='lat' dir='ltr'><strong>trum</strong></span> <span class='ocrx_word' id='word_1_491' title='bbox 284 1847 311 1871; x_wconf 90' lang='lat' dir='ltr'><strong>et</strong></span> <span class='ocrx_word' id='word_1_492' title='bbox 328 1843 511 1875; x_wconf 89' lang='lat' dir='ltr'><strong>Timotheum,</strong></span> <span class='ocrx_word' id='word_1_493' title='bbox 535 1843 673 1870; x_wconf 84' lang='lat' dir='ltr'><strong>exsistunt</strong></span> <span class='ocrx_word' id='word_1_494' title='bbox 699 1843 834 1874; x_wconf 87' lang='lat' dir='ltr'><strong>homines,</strong></span> <span class='ocrx_word' id='word_1_495' title='bbox 861 1848 887 1870; x_wconf 89' lang='lat' dir='ltr'><strong>et</strong></span> <span class='ocrx_word' id='word_1_496' title='bbox 911 1848 973 1871; x_wconf 89' lang='lat' dir='ltr'><strong>ante</strong></span> 
     </span>
    </p>
   </div>
   <div class='ocr_carea' id='block_1_64' title="bbox 189 1888 972 1918">
    <p class='ocr_par' dir='ltr' id='par_1_64' title="bbox 189 1888 972 1918">
     <span class='ocr_line' id='line_1_64' title="bbox 189 1888 972 1918; baseline -0.001 -2"><span class='ocrx_word' id='word_1_497' title='bbox 189 1890 240 1917; x_wconf 83' lang='lat' dir='ltr'><strong>hos</strong></span> <span class='ocrx_word' id='word_1_498' title='bbox 254 1896 364 1915; x_wconf 85' lang='lat' dir='ltr'><strong>rursum</strong></span> <span class='ocrx_word' id='word_1_499' title='bbox 379 1888 444 1918; x_wconf 87' lang='lat' dir='ltr'><strong>alii;</strong></span> <span class='ocrx_word' id='word_1_500' title='bbox 460 1891 524 1915; x_wconf 90' lang='lat' dir='ltr'><strong>ante</strong></span> <span class='ocrx_word' id='word_1_501' title='bbox 538 1888 672 1914; x_wconf 85' lang='lat' dir='ltr'><strong>Adamum</strong></span> <span class='ocrx_word' id='word_1_502' title='bbox 690 1891 781 1914; x_wconf 90' lang='lat' dir='ltr'><strong>autem</strong></span> <span class='ocrx_word' id='word_1_503' title='bbox 806 1895 886 1914; x_wconf 88' lang='lat' dir='ltr'><strong>nemo</strong></span> <span class='ocrx_word' id='word_1_504' title='bbox 903 1888 972 1916; x_wconf 87' lang='lat' dir='ltr'><strong>alius</strong></span> 
     </span>
    </p>
   </div>
   <div class='ocr_carea' id='block_1_65' title="bbox 188 1932 970 1968">
    <p class='ocr_par' dir='ltr' id='par_1_65' title="bbox 188 1932 970 1968">
     <span class='ocr_line' id='line_1_65' title="bbox 188 1932 970 1968; baseline -0.004 -6"><span class='ocrx_word' id='word_1_505' title='bbox 188 1934 306 1965; x_wconf 77' lang='lat' dir='ltr'><strong>exsistit,</strong></span> <span class='ocrx_word' id='word_1_506' title='bbox 323 1934 370 1961; x_wconf 83' lang='lat' dir='ltr'><strong>sed</strong></span> <span class='ocrx_word' id='word_1_507' title='bbox 389 1933 459 1960; x_wconf 90' lang='lat' dir='ltr'><strong>Deus</strong></span> <span class='ocrx_word' id='word_1_508' title='bbox 476 1934 543 1968; x_wconf 88' lang='lat' dir='ltr'><strong>ipse.</strong></span> <span class='ocrx_word' id='word_1_509' title='bbox 567 1933 637 1960; x_wconf 82' lang='lat' dir='ltr'><strong>Ante</strong></span> <span class='ocrx_word' id='word_1_510' title='bbox 650 1932 759 1960; x_wconf 84' lang='lat' dir='ltr'><strong>Patrem</strong></span> <span class='ocrx_word' id='word_1_511' title='bbox 775 1941 850 1964; x_wconf 89' lang='lat' dir='ltr'><strong>vero,</strong></span> <span class='ocrx_word' id='word_1_512' title='bbox 874 1933 970 1960; x_wconf 86' lang='lat' dir='ltr'><strong>Filium</strong></span> 
     </span>
    </p>
   </div>
   <div class='ocr_carea' id='block_1_66' title="bbox 188 1978 973 2014">
    <p class='ocr_par' dir='ltr' id='par_1_66' title="bbox 188 1978 973 2014">
     <span class='ocr_line' id='line_1_66' title="bbox 188 1978 973 2014; baseline -0.004 -6"><span class='ocrx_word' id='word_1_513' title='bbox 188 1985 215 2008; x_wconf 92' lang='lat' dir='ltr'><strong>et</strong></span> <span class='ocrx_word' id='word_1_514' title='bbox 230 1979 363 2014; x_wconf 86' lang='lat' dir='ltr'><strong>Spiritum</strong></span> <span class='ocrx_word' id='word_1_515' title='bbox 387 1984 513 2007; x_wconf 83' lang='lat' dir='ltr'><strong>sanctum</strong></span> <span class='ocrx_word' id='word_1_516' title='bbox 539 1978 606 2005; x_wconf 88' lang='lat' dir='ltr'><strong>nihil</strong></span> <span class='ocrx_word' id='word_1_517' title='bbox 624 1979 750 2005; x_wconf 71' lang='lat' dir='ltr'><strong>exsistit:</strong></span> <span class='ocrx_word' id='word_1_518' title='bbox 769 1979 816 2006; x_wconf 83' lang='lat' dir='ltr'><strong>sed</strong></span> <span class='ocrx_word' id='word_1_519' title='bbox 839 1987 870 2006; x_wconf 80' lang='lat' dir='ltr'><strong>ex</strong></span> <span class='ocrx_word' id='word_1_520' title='bbox 893 1978 973 2006; x_wconf 83' lang='lat' dir='ltr'><strong>Patre</strong></span> 
     </span>
    </p>
   </div>
   <div class='ocr_carea' id='block_1_67' title="bbox 189 2023 974 2059">
    <p class='ocr_par' dir='ltr' id='par_1_67' title="bbox 189 2023 974 2059">
     <span class='ocr_line' id='line_1_67' title="bbox 189 2023 974 2059; baseline -0.003 -6"><span class='ocrx_word' id='word_1_521' title='bbox 189 2025 274 2057; x_wconf 83' lang='lat' dir='ltr'><strong>Filius</strong></span> <span class='ocrx_word' id='word_1_522' title='bbox 297 2030 378 2053; x_wconf 87' lang='lat' dir='ltr'><strong>natus</strong></span> <span class='ocrx_word' id='word_1_523' title='bbox 393 2031 446 2057; x_wconf 88' lang='lat' dir='ltr'><strong>est,</strong></span> <span class='ocrx_word' id='word_1_524' title='bbox 457 2027 492 2052; x_wconf 70' lang='grc' dir='ltr'><strong>ἐι</strong></span> <span class='ocrx_word' id='word_1_525' title='bbox 509 2024 628 2059; x_wconf 87' lang='lat' dir='ltr'><strong>Spiritus</strong></span> <span class='ocrx_word' id='word_1_526' title='bbox 643 2024 775 2058; x_wconf 88' lang='lat' dir='ltr'><strong>procedit.</strong></span> <span class='ocrx_word' id='word_1_527' title='bbox 794 2023 896 2051; x_wconf 80' lang='lat' dir='ltr'><strong>Maced.</strong></span> <span class='ocrx_word' id='word_1_528' title='bbox 916 2023 974 2059; x_wconf 86' lang='lat' dir='ltr'><strong>Spi-</strong></span> 
     </span>
    </p>
   </div>
   <div class='ocr_carea' id='block_1_68' title="bbox 189 2068 973 2106">
    <p class='ocr_par' dir='ltr' id='par_1_68' title="bbox 189 2068 973 2106">
     <span class='ocr_line' id='line_1_68' title="bbox 189 2068 973 2106; baseline -0.003 -8"><span class='ocrx_word' id='word_1_529' title='bbox 189 2071 257 2098; x_wconf 91' lang='lat' dir='ltr'><strong>ritus</strong></span> <span class='ocrx_word' id='word_1_530' title='bbox 277 2070 359 2106; x_wconf 80' lang='lat' dir='ltr'><strong>igitur</strong></span> <span class='ocrx_word' id='word_1_531' title='bbox 373 2078 427 2096; x_wconf 93' lang='lat' dir='ltr'><strong>non</strong></span> <span class='ocrx_word' id='word_1_532' title='bbox 442 2073 484 2097; x_wconf 84' lang='lat' dir='ltr'><strong>est</strong></span> <span class='ocrx_word' id='word_1_533' title='bbox 509 2069 587 2097; x_wconf 83' lang='lat' dir='ltr'><strong>Filii?</strong></span> <span class='ocrx_word' id='word_1_534' title='bbox 615 2068 691 2096; x_wconf 80' lang='lat' dir='ltr'><strong>Ortli.</strong></span> <span class='ocrx_word' id='word_1_535' title='bbox 710 2068 808 2095; x_wconf 89' lang='lat' dir='ltr'><strong>Omnia</strong></span> <span class='ocrx_word' id='word_1_536' title='bbox 830 2077 890 2103; x_wconf 71' lang='lat' dir='ltr'><strong>quae</strong></span> <span class='ocrx_word' id='word_1_537' title='bbox 909 2073 973 2096; x_wconf 91' lang='lat' dir='ltr'><strong>sunt</strong></span> 
     </span>
    </p>
   </div>
   <div class='ocr_carea' id='block_1_69' title="bbox 189 2114 972 2152">
    <p class='ocr_par' dir='ltr' id='par_1_69' title="bbox 189 2114 972 2152">
     <span class='ocr_line' id='line_1_69' title="bbox 189 2114 972 2152; baseline 0 -10"><span class='ocrx_word' id='word_1_538' title='bbox 189 2116 289 2149; x_wconf 82' lang='lat' dir='ltr'><strong>Patris,</strong></span> <span class='ocrx_word' id='word_1_539' title='bbox 317 2119 381 2143; x_wconf 90' lang='lat' dir='ltr'><strong>sunt</strong></span> <span class='ocrx_word' id='word_1_540' title='bbox 407 2115 488 2142; x_wconf 87' lang='lat' dir='ltr'><strong>etiam</strong></span> <span class='ocrx_word' id='word_1_541' title='bbox 505 2114 565 2152; x_wconf 76' lang='lat' dir='ltr'><strong>Filii</strong></span> <span class='ocrx_word' id='word_1_542' title='bbox 581 2124 586 2141; x_wconf 90' lang='lat'>:</span> <span class='ocrx_word' id='word_1_543' title='bbox 600 2123 663 2141; x_wconf 89' lang='lat' dir='ltr'><strong>nam</strong></span> <span class='ocrx_word' id='word_1_544' title='bbox 690 2118 806 2142; x_wconf 82' lang='lat' dir='ltr'><strong>testatur</strong></span> <span class='ocrx_word' id='word_1_545' title='bbox 827 2115 972 2149; x_wconf 86' lang='lat' dir='ltr'><strong>Apostolus</strong></span> 
     </span>
    </p>
   </div>
   <div class='ocr_carea' id='block_1_70' title="bbox 189 2159 972 2197">
    <p class='ocr_par' dir='ltr' id='par_1_70' title="bbox 189 2159 972 2197">
     <span class='ocr_line' id='line_1_70' title="bbox 189 2159 972 2197; baseline -0.004 -8"><span class='ocrx_word' id='word_1_546' title='bbox 189 2169 308 2197; x_wconf 89' lang='lat' dir='ltr'><strong>quoque,</strong></span> <span class='ocrx_word' id='word_1_547' title='bbox 323 2161 456 2196; x_wconf 89' lang='lat' dir='ltr'><strong>Spiritum</strong></span> <span class='ocrx_word' id='word_1_548' title='bbox 472 2168 535 2188; x_wconf 84' lang='lat' dir='ltr'><strong>esse</strong></span> <span class='ocrx_word' id='word_1_549' title='bbox 552 2164 579 2188; x_wconf 91' lang='lat' dir='ltr'><strong>et</strong></span> <span class='ocrx_word' id='word_1_550' title='bbox 593 2160 683 2188; x_wconf 87' lang='lat' dir='ltr'><strong>Patris</strong></span> <span class='ocrx_word' id='word_1_551' title='bbox 697 2164 724 2187; x_wconf 89' lang='lat' dir='ltr'><strong>et</strong></span> <span class='ocrx_word' id='word_1_552' title='bbox 740 2159 813 2187; x_wconf 85' lang='lat' dir='ltr'><strong>Filii.</strong></span> <span class='ocrx_word' id='word_1_553' title='bbox 836 2159 882 2187; x_wconf 90' lang='lat' dir='ltr'><strong>Sic</strong></span> <span class='ocrx_word' id='word_1_554' title='bbox 900 2161 972 2188; x_wconf 88' lang='lat' dir='ltr'><strong>enim</strong></span> 
     </span>
    </p>
   </div>
   <div class='ocr_carea' id='block_1_71' title="bbox 191 2206 973 2243">
    <p class='ocr_par' dir='ltr' id='par_1_71' title="bbox 191 2206 973 2243">
     <span class='ocr_line' id='line_1_71' title="bbox 191 2206 973 2243; baseline -0.001 -9"><span class='ocrx_word' id='word_1_555' title='bbox 191 2208 329 2243; x_wconf 89' lang='lat' dir='ltr'><strong>loquitur:</strong></span> <span class='ocrx_word' id='word_1_556' title='bbox 348 2217 357 2232; x_wconf 80' lang='grc' dir='ltr'><strong>ι</strong></span> <span class='ocrx_word' id='word_1_557' title='bbox 374 2206 428 2234; x_wconf 85' lang='lat' dir='ltr'><strong>Vos</strong></span> <span class='ocrx_word' id='word_1_558' title='bbox 444 2211 533 2234; x_wconf 89' lang='lat' dir='ltr'><strong>autem</strong></span> <span class='ocrx_word' id='word_1_559' title='bbox 555 2207 581 2234; x_wconf 93' lang='lat' dir='ltr'><strong>in</strong></span> <span class='ocrx_word' id='word_1_560' title='bbox 599 2215 682 2234; x_wconf 88' lang='lat' dir='ltr'><strong>carne</strong></span> <span class='ocrx_word' id='word_1_561' title='bbox 707 2215 763 2234; x_wconf 85' lang='lat' dir='ltr'><strong>non</strong></span> <span class='ocrx_word' id='word_1_562' title='bbox 788 2207 866 2239; x_wconf 84' lang='lat' dir='ltr'><strong>estis,</strong></span> <span class='ocrx_word' id='word_1_563' title='bbox 881 2207 927 2234; x_wconf 86' lang='lat' dir='ltr'><strong>sed</strong></span> <span class='ocrx_word' id='word_1_564' title='bbox 945 2207 973 2234; x_wconf 89' lang='lat' dir='ltr'><strong>in</strong></span> 
     </span>
    </p>
   </div>
   <div class='ocr_carea' id='block_1_72' title="bbox 190 2252 971 2290">
    <p class='ocr_par' dir='ltr' id='par_1_72' title="bbox 190 2252 971 2290">
     <span class='ocr_line' id='line_1_72' title="bbox 190 2252 971 2290; baseline -0.003 -8"><span class='ocrx_word' id='word_1_565' title='bbox 190 2254 345 2290; x_wconf 88' lang='lat' dir='ltr'><strong>spiritu:si</strong></span> <span class='ocrx_word' id='word_1_566' title='bbox 368 2257 458 2282; x_wconf 91' lang='lat' dir='ltr'><strong>tamen</strong></span> <span class='ocrx_word' id='word_1_567' title='bbox 484 2252 602 2288; x_wconf 90' lang='lat' dir='ltr'><strong>Spiritus</strong></span> <span class='ocrx_word' id='word_1_568' title='bbox 628 2253 676 2280; x_wconf 88' lang='lat' dir='ltr'><strong>Dei</strong></span> <span class='ocrx_word' id='word_1_569' title='bbox 700 2253 804 2280; x_wconf 87' lang='lat' dir='ltr'><strong>habitat</strong></span> <span class='ocrx_word' id='word_1_570' title='bbox 830 2253 858 2281; x_wconf 93' lang='lat' dir='ltr'><strong>in</strong></span> <span class='ocrx_word' id='word_1_571' title='bbox 884 2253 971 2280; x_wconf 88' lang='lat' dir='ltr'><strong>vobis.</strong></span> 
     </span>
    </p>
   </div>
   <div class='ocr_carea' id='block_1_73' title="bbox 190 2299 974 2335">
    <p class='ocr_par' dir='ltr' id='par_1_73' title="bbox 190 2299 974 2335">
     <span class='ocr_line' id='line_1_73' title="bbox 190 2299 974 2335; baseline -0.003 -7"><span class='ocrx_word' id='word_1_572' title='bbox 190 2301 268 2334; x_wconf 84' lang='lat' dir='ltr'><strong>Quod</strong></span> <span class='ocrx_word' id='word_1_573' title='bbox 280 2301 303 2328; x_wconf 89' lang='lat' dir='ltr'><strong>si</strong></span> <span class='ocrx_word' id='word_1_574' title='bbox 318 2300 380 2335; x_wconf 89' lang='lat' dir='ltr'><strong>quis</strong></span> <span class='ocrx_word' id='word_1_575' title='bbox 401 2299 531 2334; x_wconf 91' lang='lat' dir='ltr'><strong>Spiritum</strong></span> <span class='ocrx_word' id='word_1_576' title='bbox 556 2299 658 2327; x_wconf 87' lang='lat' dir='ltr'><strong>Christi</strong></span> <span class='ocrx_word' id='word_1_577' title='bbox 691 2307 745 2326; x_wconf 93' lang='lat' dir='ltr'><strong>non</strong></span> <span class='ocrx_word' id='word_1_578' title='bbox 770 2299 860 2330; x_wconf 89' lang='lat' dir='ltr'><strong>habet,</strong></span> <span class='ocrx_word' id='word_1_579' title='bbox 879 2299 902 2326; x_wconf 92' lang='lat' dir='ltr'><strong>is</strong></span> <span class='ocrx_word' id='word_1_580' title='bbox 919 2307 974 2326; x_wconf 91' lang='lat' dir='ltr'><strong>non</strong></span> 
     </span>
    </p>
   </div>
   <div class='ocr_carea' id='block_1_74' title="bbox 191 2344 974 2380">
    <p class='ocr_par' dir='ltr' id='par_1_74' title="bbox 191 2344 974 2380">
     <span class='ocr_line' id='line_1_74' title="bbox 191 2344 974 2380; baseline -0.003 -7"><span class='ocrx_word' id='word_1_581' title='bbox 191 2351 232 2373; x_wconf 87' lang='lat' dir='ltr'><strong>est</strong></span> <span class='ocrx_word' id='word_1_582' title='bbox 252 2345 322 2380; x_wconf 84' lang='lat' dir='ltr'><strong>ejus.</strong></span> <span class='ocrx_word' id='word_1_583' title='bbox 341 2345 369 2372; x_wconf 91' lang='lat' dir='ltr'><strong>Si</strong></span> <span class='ocrx_word' id='word_1_584' title='bbox 385 2349 475 2372; x_wconf 90' lang='lat' dir='ltr'><strong>autem</strong></span> <span class='ocrx_word' id='word_1_585' title='bbox 492 2344 619 2372; x_wconf 85' lang='lat' dir='ltr'><strong>Christus</strong></span> <span class='ocrx_word' id='word_1_586' title='bbox 644 2344 672 2371; x_wconf 93' lang='lat' dir='ltr'><strong>in</strong></span> <span class='ocrx_word' id='word_1_587' title='bbox 695 2344 772 2372; x_wconf 88' lang='lat' dir='ltr'><strong>vobis</strong></span> <span class='ocrx_word' id='word_1_588' title='bbox 798 2348 850 2376; x_wconf 89' lang='lat' dir='ltr'><strong>est,</strong></span> <span class='ocrx_word' id='word_1_589' title='bbox 874 2351 974 2380; x_wconf 87' lang='lat' dir='ltr'><strong>corpus</strong></span> 
     </span>
    </p>
   </div>
   <div class='ocr_carea' id='block_1_75' title="bbox 192 2391 974 2427">
    <p class='ocr_par' dir='ltr' id='par_1_75' title="bbox 192 2391 974 2427">
     <span class='ocr_line' id='line_1_75' title="bbox 192 2391 974 2427; baseline -0.001 -8"><span class='ocrx_word' id='word_1_590' title='bbox 192 2392 302 2427; x_wconf 88' lang='lat' dir='ltr'><strong>quidem</strong></span> <span class='ocrx_word' id='word_1_591' title='bbox 321 2396 460 2418; x_wconf 88' lang='lat' dir='ltr'><strong>mortuum</strong></span> <span class='ocrx_word' id='word_1_592' title='bbox 481 2395 523 2418; x_wconf 92' lang='lat' dir='ltr'><strong>est</strong></span> <span class='ocrx_word' id='word_1_593' title='bbox 546 2395 659 2425; x_wconf 88' lang='lat' dir='ltr'><strong>propter</strong></span> <span class='ocrx_word' id='word_1_594' title='bbox 683 2396 834 2425; x_wconf 85' lang='lat' dir='ltr'><strong>peccatum,</strong></span> <span class='ocrx_word' id='word_1_595' title='bbox 862 2391 974 2425; x_wconf 87' lang='lat' dir='ltr'><strong>spiritus</strong></span> 
     </span>
    </p>
   </div>
   <div class='ocr_carea' id='block_1_76' title="bbox 194 2436 975 2472">
    <p class='ocr_par' dir='ltr' id='par_1_76' title="bbox 194 2436 975 2472">
     <span class='ocr_line' id='line_1_76' title="bbox 194 2436 975 2472; baseline 0 -9"><span class='ocrx_word' id='word_1_596' title='bbox 194 2445 257 2465; x_wconf 76' lang='lat' dir='ltr'><strong>vero</strong></span> <span class='ocrx_word' id='word_1_597' title='bbox 274 2437 339 2464; x_wconf 83' lang='lat' dir='ltr'><strong>vivit</strong></span> <span class='ocrx_word' id='word_1_598' title='bbox 357 2440 468 2472; x_wconf 90' lang='lat' dir='ltr'><strong>propter</strong></span> <span class='ocrx_word' id='word_1_599' title='bbox 483 2436 718 2472; x_wconf 83' lang='lat' dir='ltr'><strong>justiﬁcationem.</strong></span> <span class='ocrx_word' id='word_1_600' title='bbox 744 2436 822 2469; x_wconf 91' lang='lat' dir='ltr'><strong>Quod</strong></span> <span class='ocrx_word' id='word_1_601' title='bbox 846 2437 867 2464; x_wconf 90' lang='lat' dir='ltr'><strong>si</strong></span> <span class='ocrx_word' id='word_1_602' title='bbox 886 2436 975 2472; x_wconf 89' lang='lat' dir='ltr'><strong>Spiri-</strong></span> 
     </span>
    </p>
   </div>
   <div class='ocr_carea' id='block_1_77' title="bbox 194 2481 975 2518">
    <p class='ocr_par' dir='ltr' id='par_1_77' title="bbox 194 2481 975 2518">
     <span class='ocr_line' id='line_1_77' title="bbox 194 2481 975 2518; baseline -0.003 -8"><span class='ocrx_word' id='word_1_603' title='bbox 194 2488 239 2511; x_wconf 88' lang='lat' dir='ltr'><strong>tus</strong></span> <span class='ocrx_word' id='word_1_604' title='bbox 258 2483 319 2517; x_wconf 88' lang='lat' dir='ltr'><strong>ejus</strong></span> <span class='ocrx_word' id='word_1_605' title='bbox 337 2483 384 2518; x_wconf 89' lang='lat' dir='ltr'><strong>qui</strong></span> <span class='ocrx_word' id='word_1_606' title='bbox 403 2482 546 2510; x_wconf 87' lang='lat' dir='ltr'><strong>suscitavit</strong></span> <span class='ocrx_word' id='word_1_607' title='bbox 559 2482 652 2511; x_wconf 79' lang='lat' dir='ltr'><strong>Jesum</strong></span> <span class='ocrx_word' id='word_1_608' title='bbox 669 2481 808 2509; x_wconf 89' lang='lat' dir='ltr'><strong>Christum</strong></span> <span class='ocrx_word' id='word_1_609' title='bbox 825 2489 840 2508; x_wconf 93' lang='lat' dir='ltr'><strong>a</strong></span> <span class='ocrx_word' id='word_1_610' title='bbox 860 2482 975 2509; x_wconf 85' lang='lat' dir='ltr'><strong>mortuis</strong></span> 
     </span>
    </p>
   </div>
   <div class='ocr_carea' id='block_1_78' title="bbox 197 2528 976 2563">
    <p class='ocr_par' dir='ltr' id='par_1_78' title="bbox 197 2528 976 2563">
     <span class='ocr_line' id='line_1_78' title="bbox 197 2528 976 2563; baseline -0.003 -7"><span class='ocrx_word' id='word_1_611' title='bbox 197 2529 301 2556; x_wconf 87' lang='lat' dir='ltr'><strong>habitat</strong></span> <span class='ocrx_word' id='word_1_612' title='bbox 319 2530 348 2556; x_wconf 89' lang='lat' dir='ltr'><strong>in</strong></span> <span class='ocrx_word' id='word_1_613' title='bbox 371 2529 460 2560; x_wconf 88' lang='lat' dir='ltr'><strong>vobis,</strong></span> <span class='ocrx_word' id='word_1_614' title='bbox 477 2528 626 2556; x_wconf 80' lang='lat' dir='ltr'><strong>viviﬁcabit</strong></span> <span class='ocrx_word' id='word_1_615' title='bbox 655 2533 681 2555; x_wconf 89' lang='lat' dir='ltr'><strong>et</strong></span> <span class='ocrx_word' id='word_1_616' title='bbox 706 2529 831 2555; x_wconf 88' lang='lat' dir='ltr'><strong>mortalia</strong></span> <span class='ocrx_word' id='word_1_617' title='bbox 860 2536 976 2563; x_wconf 89' lang='lat' dir='ltr'><strong>corpora</strong></span> 
     </span>
    </p>
   </div>
   <div class='ocr_carea' id='block_1_79' title="bbox 194 2573 977 2610">
    <p class='ocr_par' dir='ltr' id='par_1_79' title="bbox 194 2573 977 2610">
     <span class='ocr_line' id='line_1_79' title="bbox 194 2573 977 2610; baseline -0.001 -9"><span class='ocrx_word' id='word_1_618' title='bbox 194 2580 302 2608; x_wconf 76' lang='lat' dir='ltr'><strong>vestra,</strong></span> <span class='ocrx_word' id='word_1_619' title='bbox 329 2582 378 2610; x_wconf 90' lang='lat' dir='ltr'><strong>per</strong></span> <span class='ocrx_word' id='word_1_620' title='bbox 405 2574 602 2602; x_wconf 88' lang='lat' dir='ltr'><strong>inhabitantem</strong></span> <span class='ocrx_word' id='word_1_621' title='bbox 635 2573 766 2609; x_wconf 90' lang='lat' dir='ltr'><strong>Spiritum</strong></span> <span class='ocrx_word' id='word_1_622' title='bbox 791 2573 851 2608; x_wconf 86' lang='lat' dir='ltr'><strong>ejus</strong></span> <span class='ocrx_word' id='word_1_623' title='bbox 878 2574 907 2600; x_wconf 88' lang='lat' dir='ltr'><strong>in</strong></span> <span class='ocrx_word' id='word_1_624' title='bbox 928 2581 977 2600; x_wconf 92' lang='lat' dir='ltr'><strong>vo-</strong></span> 
     </span>
    </p>
   </div>
   <div class='ocr_carea' id='block_1_80' title="bbox 194 2618 976 2655">
    <p class='ocr_par' dir='ltr' id='par_1_80' title="bbox 194 2618 976 2655">
     <span class='ocr_line' id='line_1_80' title="bbox 194 2618 976 2655; baseline -0.003 -8"><span class='ocrx_word' id='word_1_625' title='bbox 194 2621 236 2648; x_wconf 87' lang='lat' dir='ltr'><strong>bis</strong></span> <span class='ocrx_word' id='word_1_626' title='bbox 245 2621 278 2648; x_wconf 76' lang='lat'><strong>&quot;.</strong></span> <span class='ocrx_word' id='word_1_627' title='bbox 297 2630 307 2647; x_wconf 71' lang='grc' dir='ltr'><strong>ι</strong></span> <span class='ocrx_word' id='word_1_628' title='bbox 320 2620 353 2647; x_wconf 84' lang='grc' dir='ltr'>Ει</span> <span class='ocrx_word' id='word_1_629' title='bbox 369 2619 454 2648; x_wconf 84' lang='lat' dir='ltr'><strong>Filius</strong></span> <span class='ocrx_word' id='word_1_630' title='bbox 471 2621 530 2655; x_wconf 84' lang='lat' dir='ltr'><strong>ipse</strong></span> <span class='ocrx_word' id='word_1_631' title='bbox 553 2620 676 2647; x_wconf 91' lang='lat' dir='ltr'><strong>nominat</strong></span> <span class='ocrx_word' id='word_1_632' title='bbox 699 2627 760 2646; x_wconf 88' lang='lat' dir='ltr'><strong>eum</strong></span> <span class='ocrx_word' id='word_1_633' title='bbox 777 2619 909 2654; x_wconf 89' lang='lat' dir='ltr'><strong>Spiritum</strong></span> <span class='ocrx_word' id='word_1_634' title='bbox 926 2618 976 2645; x_wconf 88' lang='lat' dir='ltr'><strong>Pa-</strong></span> 
     </span>
    </p>
   </div>
   <div class='ocr_carea' id='block_1_81' title="bbox 194 2664 978 2699">
    <p class='ocr_par' dir='ltr' id='par_1_81' title="bbox 194 2664 978 2699">
     <span class='ocr_line' id='line_1_81' title="bbox 194 2664 978 2699; baseline 0.001 -8"><span class='ocrx_word' id='word_1_635' title='bbox 194 2666 244 2693; x_wconf 85' lang='lat' dir='ltr'><strong>tris</strong></span> <span class='ocrx_word' id='word_1_636' title='bbox 260 2665 312 2692; x_wconf 88' lang='lat' dir='ltr'><strong>sui.</strong></span> <span class='ocrx_word' id='word_1_637' title='bbox 331 2665 434 2693; x_wconf 83' lang='lat' dir='ltr'><strong>Maced.</strong></span> <span class='ocrx_word' id='word_1_638' title='bbox 450 2665 612 2699; x_wconf 82' lang='lat' dir='ltr'><strong>Quomodo?</strong></span> <span class='ocrx_word' id='word_1_639' title='bbox 629 2664 706 2692; x_wconf 80' lang='lat' dir='ltr'><strong>Orth.</strong></span> <span class='ocrx_word' id='word_1_640' title='bbox 727 2674 737 2690; x_wconf 75' lang='grc' dir='ltr'>ί</span> <span class='ocrx_word' id='word_1_641' title='bbox 752 2664 811 2691; x_wconf 82' lang='grc' dir='ltr'><strong>Νοη</strong></span> <span class='ocrx_word' id='word_1_642' title='bbox 835 2664 907 2691; x_wconf 86' lang='lat' dir='ltr'><strong>enim</strong></span> <span class='ocrx_word' id='word_1_643' title='bbox 928 2672 978 2692; x_wconf 76' lang='lat' dir='ltr'><strong>vos</strong></span> 
     </span>
    </p>
   </div>
   <div class='ocr_carea' id='block_1_82' title="bbox 194 2710 978 2748">
    <p class='ocr_par' dir='ltr' id='par_1_82' title="bbox 194 2710 978 2748">
     <span class='ocr_line' id='line_1_82' title="bbox 194 2710 978 2748; baseline -0.004 -8"><span class='ocrx_word' id='word_1_644' title='bbox 194 2712 273 2743; x_wconf 77' lang='lat' dir='ltr'><strong>estis.</strong></span> <span class='ocrx_word' id='word_1_645' title='bbox 288 2712 335 2747; x_wconf 80' lang='lat' dir='ltr'><strong>qui</strong></span> <span class='ocrx_word' id='word_1_646' title='bbox 349 2712 501 2748; x_wconf 80' lang='lat' dir='ltr'><strong>loquimini,</strong></span> <span class='ocrx_word' id='word_1_647' title='bbox 524 2712 573 2740; x_wconf 88' lang='lat' dir='ltr'><strong>sed</strong></span> <span class='ocrx_word' id='word_1_648' title='bbox 588 2711 709 2746; x_wconf 85' lang='lat' dir='ltr'><strong>Spiritus</strong></span> <span class='ocrx_word' id='word_1_649' title='bbox 724 2710 814 2738; x_wconf 81' lang='lat' dir='ltr'><strong>Patris</strong></span> <span class='ocrx_word' id='word_1_650' title='bbox 830 2710 877 2746; x_wconf 93' lang='lat' dir='ltr'><strong>qui</strong></span> <span class='ocrx_word' id='word_1_651' title='bbox 892 2711 978 2746; x_wconf 88' lang='lat' dir='ltr'><strong>loqui-</strong></span> 
     </span>
    </p>
   </div>
   <div class='ocr_carea' id='block_1_83' title="bbox 228 2788 822 2828">
    <p class='ocr_par' dir='ltr' id='par_1_83' title="bbox 228 2788 822 2828">
     <span class='ocr_line' id='line_1_83' title="bbox 228 2788 822 2828; baseline -0.003 -10"><span class='ocrx_word' id='word_1_652' title='bbox 228 2790 251 2818; x_wconf 56' lang='grc' dir='ltr'><strong>θ’</strong></span> <span class='ocrx_word' id='word_1_653' title='bbox 295 2789 364 2828; x_wconf 68' lang='lat' dir='ltr'><strong>Tim.</strong></span> <span class='ocrx_word' id='word_1_654' title='bbox 383 2799 424 2823; x_wconf 69' lang='grc' dir='ltr'><strong>γι,</strong></span> <span class='ocrx_word' id='word_1_655' title='bbox 443 2790 484 2817; x_wconf 80' lang='grc'><strong>16.</strong></span> <span class='ocrx_word' id='word_1_656' title='bbox 525 2790 544 2805; x_wconf 74' lang='grc'><strong>⁸⁷</strong></span> <span class='ocrx_word' id='word_1_657' title='bbox 564 2788 643 2816; x_wconf 76' lang='lat' dir='ltr'><strong>Rom.</strong></span> <span class='ocrx_word' id='word_1_658' title='bbox 665 2796 728 2822; x_wconf 78' lang='lat' dir='ltr'><strong>rm,</strong></span> <span class='ocrx_word' id='word_1_659' title='bbox 746 2789 822 2822; x_wconf 48' lang='lat'><strong>911.</strong></span> 
     </span>
    </p>
   </div>
   <div class='ocr_carea' id='block_1_84' title="bbox 1058 1247 1814 1285">
    <p class='ocr_par' dir='ltr' id='par_1_84' title="bbox 1058 1247 1814 1285">
     <span class='ocr_line' id='line_1_84' title="bbox 1058 1247 1814 1285; baseline -0.007 -6"><span class='ocrx_word' id='word_1_660' title='bbox 1058 1252 1101 1279; x_wconf 74' lang='grc'><strong>10.</strong></span> <span class='ocrx_word' id='word_1_661' title='bbox 1117 1250 1226 1278; x_wconf 78' lang='grc' dir='ltr'><em>Μακεὸ.</em></span> <span class='ocrx_word' id='word_1_662' title='bbox 1239 1250 1322 1276; x_wconf 78' lang='grc' dir='ltr'>Πάλιν</span> <span class='ocrx_word' id='word_1_663' title='bbox 1335 1247 1381 1276; x_wconf 72' lang='grc' dir='ltr'><strong>οὖν</strong></span> <span class='ocrx_word' id='word_1_664' title='bbox 1395 1249 1429 1276; x_wconf 76' lang='grc' dir='ltr'><strong>τὰ</strong></span> <span class='ocrx_word' id='word_1_665' title='bbox 1443 1249 1505 1285; x_wconf 83' lang='grc' dir='ltr'>τρία</span> <span class='ocrx_word' id='word_1_666' title='bbox 1520 1248 1548 1274; x_wconf 87' lang='grc' dir='ltr'>ἓν</span> <span class='ocrx_word' id='word_1_667' title='bbox 1561 1248 1641 1282; x_wconf 84' lang='grc' dir='ltr'>λέγω.</span> <span class='ocrx_word' id='word_1_668' title='bbox 1653 1247 1730 1282; x_wconf 86' lang='grc' dir='ltr'>Ὀρθ.</span> <span class='ocrx_word' id='word_1_669' title='bbox 1743 1248 1814 1280; x_wconf 85' lang='grc' dir='ltr'>Ταῖς</span> 
     </span>
    </p>
   </div>
   <div class='ocr_carea' id='block_1_85' title="bbox 1022 1292 1812 1332">
    <p class='ocr_par' dir='ltr' id='par_1_85' title="bbox 1022 1292 1812 1332">
     <span class='ocr_line' id='line_1_85' title="bbox 1022 1292 1812 1332; baseline -0.006 -8"><span class='ocrx_word' id='word_1_670' title='bbox 1022 1298 1201 1324; x_wconf 76' lang='grc' dir='ltr'>ὑποστάσεσιν</span> <span class='ocrx_word' id='word_1_671' title='bbox 1229 1297 1278 1331; x_wconf 84' lang='grc' dir='ltr'><strong>οὐχ</strong></span> <span class='ocrx_word' id='word_1_672' title='bbox 1296 1295 1336 1327; x_wconf 81' lang='grc' dir='ltr'><strong>ἓν,</strong></span> <span class='ocrx_word' id='word_1_673' title='bbox 1361 1296 1427 1322; x_wconf 78' lang='grc' dir='ltr'>ἀλλὰ</span> <span class='ocrx_word' id='word_1_674' title='bbox 1451 1295 1523 1332; x_wconf 72' lang='grc' dir='ltr'>τρία.</span> <span class='ocrx_word' id='word_1_675' title='bbox 1544 1293 1652 1320; x_wconf 74' lang='grc' dir='ltr'>Μακεδ.</span> <span class='ocrx_word' id='word_1_676' title='bbox 1677 1293 1740 1325; x_wconf 83' lang='grc' dir='ltr'>Πῶς</span> <span class='ocrx_word' id='word_1_677' title='bbox 1763 1292 1812 1320; x_wconf 77' lang='grc' dir='ltr'>οὖν</span> 
     </span>
    </p>
   </div>
   <div class='ocr_carea' id='block_1_86' title="bbox 1020 1338 1813 1378">
    <p class='ocr_par' dir='ltr' id='par_1_86' title="bbox 1020 1338 1813 1378">
     <span class='ocr_line' id='line_1_86' title="bbox 1020 1338 1813 1378; baseline -0.008 -8"><span class='ocrx_word' id='word_1_678' title='bbox 1020 1344 1092 1378; x_wconf 82' lang='grc' dir='ltr'>λέγω</span> <span class='ocrx_word' id='word_1_679' title='bbox 1117 1343 1180 1378; x_wconf 87' lang='grc' dir='ltr'>μίαν</span> <span class='ocrx_word' id='word_1_680' title='bbox 1200 1342 1296 1377; x_wconf 73' lang='grc' dir='ltr'>φύσινς</span> <span class='ocrx_word' id='word_1_681' title='bbox 1314 1342 1391 1375; x_wconf 63' lang='grc' dir='ltr'><strong>Ὀρθ.</strong></span> <span class='ocrx_word' id='word_1_682' title='bbox 1408 1341 1468 1367; x_wconf 86' lang='grc' dir='ltr'>Ὅτι</span> <span class='ocrx_word' id='word_1_683' title='bbox 1491 1340 1590 1375; x_wconf 79' lang='grc' dir='ltr'>ὁμοίως</span> <span class='ocrx_word' id='word_1_684' title='bbox 1609 1340 1624 1365; x_wconf 97' lang='lat'><strong>6</strong></span> <span class='ocrx_word' id='word_1_685' title='bbox 1640 1338 1745 1374; x_wconf 83' lang='grc' dir='ltr'>Πατὴρ,</span> <span class='ocrx_word' id='word_1_686' title='bbox 1762 1339 1813 1365; x_wconf 75' lang='grc' dir='ltr'>καὶ</span> 
     </span>
    </p>
   </div>
   <div class='ocr_carea' id='block_1_87' title="bbox 1020 1383 1810 1421">
    <p class='ocr_par' dir='ltr' id='par_1_87' title="bbox 1020 1383 1810 1421">
     <span class='ocr_line' id='line_1_87' title="bbox 1020 1383 1810 1421; baseline -0.008 -6"><span class='ocrx_word' id='word_1_687' title='bbox 1020 1390 1033 1415; x_wconf 83' lang='grc' dir='ltr'>ὁ</span> <span class='ocrx_word' id='word_1_688' title='bbox 1042 1388 1114 1418; x_wconf 77' lang='grc' dir='ltr'><strong>Υἱὸς.</strong></span> <span class='ocrx_word' id='word_1_689' title='bbox 1123 1389 1169 1414; x_wconf 72' lang='grc' dir='ltr'><strong>καὶ</strong></span> <span class='ocrx_word' id='word_1_690' title='bbox 1180 1388 1210 1413; x_wconf 72' lang='grc' dir='ltr'>τὸ</span> <span class='ocrx_word' id='word_1_691' title='bbox 1220 1386 1339 1421; x_wconf 79' lang='grc' dir='ltr'>Πνεῦμα,</span> <span class='ocrx_word' id='word_1_692' title='bbox 1351 1386 1399 1421; x_wconf 79' lang='grc' dir='ltr'>τὴν</span> <span class='ocrx_word' id='word_1_693' title='bbox 1412 1385 1457 1412; x_wconf 78' lang='grc' dir='ltr'><strong>τοῦ</strong></span> <span class='ocrx_word' id='word_1_694' title='bbox 1468 1385 1572 1420; x_wconf 77' lang='grc' dir='ltr'>Πατρὸς</span> <span class='ocrx_word' id='word_1_695' title='bbox 1582 1384 1729 1411; x_wconf 78' lang='grc' dir='ltr'>ὰῡανασίαν</span> <span class='ocrx_word' id='word_1_696' title='bbox 1740 1383 1810 1418; x_wconf 76' lang='grc' dir='ltr'>ἔχει.</span> 
     </span>
    </p>
   </div>
   <div class='ocr_carea' id='block_1_88' title="bbox 1021 1428 1812 1468">
    <p class='ocr_par' dir='ltr' id='par_1_88' title="bbox 1021 1428 1812 1468">
     <span class='ocr_line' id='line_1_88' title="bbox 1021 1428 1812 1468; baseline -0.008 -8"><span class='ocrx_word' id='word_1_697' title='bbox 1021 1435 1075 1461; x_wconf 75' lang='grc' dir='ltr'><strong>Καὶ</strong></span> <span class='ocrx_word' id='word_1_698' title='bbox 1085 1433 1179 1468; x_wconf 74' lang='grc' dir='ltr'>ὥσπερ</span> <span class='ocrx_word' id='word_1_699' title='bbox 1190 1432 1304 1463; x_wconf 78' lang='grc' dir='ltr'>Παῦλος,</span> <span class='ocrx_word' id='word_1_700' title='bbox 1315 1432 1360 1458; x_wconf 75' lang='grc' dir='ltr'><strong>καὶ</strong></span> <span class='ocrx_word' id='word_1_701' title='bbox 1372 1431 1484 1467; x_wconf 76' lang='grc' dir='ltr'>Πέτρος,</span> <span class='ocrx_word' id='word_1_702' title='bbox 1493 1431 1540 1456; x_wconf 71' lang='grc' dir='ltr'><strong>καὶ</strong></span> <span class='ocrx_word' id='word_1_703' title='bbox 1551 1430 1691 1465; x_wconf 74' lang='grc' dir='ltr'>Τιμόθεος,</span> <span class='ocrx_word' id='word_1_704' title='bbox 1701 1428 1812 1463; x_wconf 76' lang='grc' dir='ltr'>φύσεως</span> 
     </span>
    </p>
   </div>
   <div class='ocr_carea' id='block_1_89' title="bbox 1023 1474 1809 1515">
    <p class='ocr_par' dir='ltr' id='par_1_89' title="bbox 1023 1474 1809 1515">
     <span class='ocr_line' id='line_1_89' title="bbox 1023 1474 1809 1515; baseline -0.008 -9"><span class='ocrx_word' id='word_1_705' title='bbox 1023 1481 1087 1515; x_wconf 77' lang='grc' dir='ltr'>μιᾶς</span> <span class='ocrx_word' id='word_1_706' title='bbox 1100 1481 1162 1512; x_wconf 85' lang='grc' dir='ltr'>εἱσι,</span> <span class='ocrx_word' id='word_1_707' title='bbox 1177 1479 1224 1505; x_wconf 78' lang='grc' dir='ltr'><strong>καὶ</strong></span> <span class='ocrx_word' id='word_1_708' title='bbox 1237 1479 1311 1514; x_wconf 81' lang='grc' dir='ltr'>τρεῖς</span> <span class='ocrx_word' id='word_1_709' title='bbox 1323 1478 1494 1508; x_wconf 76' lang='grc' dir='ltr'>ὑποστάσεις·</span> <span class='ocrx_word' id='word_1_710' title='bbox 1512 1476 1597 1506; x_wconf 64' lang='grc' dir='ltr'>οὕτως</span> <span class='ocrx_word' id='word_1_711' title='bbox 1609 1475 1728 1510; x_wconf 78' lang='grc' dir='ltr'>Πατέρα,</span> <span class='ocrx_word' id='word_1_712' title='bbox 1759 1474 1809 1500; x_wconf 73' lang='grc' dir='ltr'><strong>καὶ</strong></span> 
     </span>
    </p>
   </div>
   <div class='ocr_carea' id='block_1_90' title="bbox 1021 1520 1810 1558">
    <p class='ocr_par' dir='ltr' id='par_1_90' title="bbox 1021 1520 1810 1558">
     <span class='ocr_line' id='line_1_90' title="bbox 1021 1520 1810 1558; baseline -0.009 -6"><span class='ocrx_word' id='word_1_713' title='bbox 1021 1526 1097 1557; x_wconf 73' lang='grc' dir='ltr'><strong>Υἱὸν,</strong></span> <span class='ocrx_word' id='word_1_714' title='bbox 1112 1524 1159 1552; x_wconf 72' lang='grc' dir='ltr'><strong>καὶ</strong></span> <span class='ocrx_word' id='word_1_715' title='bbox 1175 1525 1250 1558; x_wconf 78' lang='grc' dir='ltr'>ἆγιον</span> <span class='ocrx_word' id='word_1_716' title='bbox 1263 1523 1384 1558; x_wconf 78' lang='grc' dir='ltr'>Πνεῦμα,</span> <span class='ocrx_word' id='word_1_717' title='bbox 1396 1524 1469 1558; x_wconf 84' lang='grc' dir='ltr'>τρεῖς</span> <span class='ocrx_word' id='word_1_718' title='bbox 1488 1522 1649 1552; x_wconf 77' lang='grc' dir='ltr'>ὑποστάσεις</span> <span class='ocrx_word' id='word_1_719' title='bbox 1664 1520 1745 1553; x_wconf 76' lang='grc' dir='ltr'>λέγω,</span> <span class='ocrx_word' id='word_1_720' title='bbox 1761 1520 1810 1546; x_wconf 75' lang='grc' dir='ltr'><strong>καὶ</strong></span> 
     </span>
    </p>
   </div>
   <div class='ocr_carea' id='block_1_91' title="bbox 1022 1566 1811 1607">
    <p class='ocr_par' dir='ltr' id='par_1_91' title="bbox 1022 1566 1811 1607">
     <span class='ocr_line' id='line_1_91' title="bbox 1022 1566 1811 1607; baseline -0.008 -10"><span class='ocrx_word' id='word_1_721' title='bbox 1022 1571 1085 1607; x_wconf 87' lang='grc' dir='ltr'>μίαν</span> <span class='ocrx_word' id='word_1_722' title='bbox 1095 1570 1184 1605; x_wconf 82' lang='grc' dir='ltr'>φύσιν.</span> <span class='ocrx_word' id='word_1_723' title='bbox 1193 1569 1302 1596; x_wconf 84' lang='grc' dir='ltr'><strong>Μακεδ.</strong></span> <span class='ocrx_word' id='word_1_724' title='bbox 1310 1568 1391 1595; x_wconf 77' lang='grc' dir='ltr'>Ἀλλὰ</span> <span class='ocrx_word' id='word_1_725' title='bbox 1401 1568 1454 1595; x_wconf 81' lang='grc' dir='ltr'>τῶν</span> <span class='ocrx_word' id='word_1_726' title='bbox 1463 1567 1612 1602; x_wconf 79' lang='grc' dir='ltr'>ἀνθρώπων</span> <span class='ocrx_word' id='word_1_727' title='bbox 1621 1566 1811 1607; x_wconf 51' lang='grc' dir='ltr'>προῦπάρχουῖ</span> 
     </span>
    </p>
   </div>
   <div class='ocr_carea' id='block_1_92' title="bbox 1022 1603 1808 1652">
    <p class='ocr_par' dir='ltr' id='par_1_92' title="bbox 1022 1603 1808 1652">
     <span class='ocr_line' id='line_1_92' title="bbox 1022 1603 1808 1652; baseline -0.009 -8"><span class='ocrx_word' id='word_1_728' title='bbox 1022 1603 1062 1643; x_wconf 71' lang='grc' dir='ltr'><strong>σιν</strong></span> <span class='ocrx_word' id='word_1_729' title='bbox 1067 1603 1140 1644; x_wconf 79' lang='grc' dir='ltr'>ἄλλοι</span> <span class='ocrx_word' id='word_1_730' title='bbox 1148 1616 1294 1652; x_wconf 79' lang='grc' dir='ltr'>ἄνθρωποι·</span> <span class='ocrx_word' id='word_1_731' title='bbox 1302 1615 1356 1651; x_wconf 75' lang='grc' dir='ltr'><strong>ἄρα</strong></span> <span class='ocrx_word' id='word_1_732' title='bbox 1365 1615 1411 1641; x_wconf 73' lang='grc' dir='ltr'><strong>καὶ</strong></span> <span class='ocrx_word' id='word_1_733' title='bbox 1418 1615 1474 1640; x_wconf 88' lang='grc' dir='ltr'><strong>Πατ</strong></span> <span class='ocrx_word' id='word_1_734' title='bbox 1479 1613 1532 1648; x_wconf 81' lang='grc' dir='ltr'>ρδς,</span> <span class='ocrx_word' id='word_1_735' title='bbox 1541 1613 1587 1639; x_wconf 72' lang='grc' dir='ltr'><strong>καὶ</strong></span> <span class='ocrx_word' id='word_1_736' title='bbox 1594 1612 1668 1643; x_wconf 84' lang='grc' dir='ltr'>Υἰοῦ,</span> <span class='ocrx_word' id='word_1_737' title='bbox 1676 1613 1722 1639; x_wconf 75' lang='grc' dir='ltr'><strong>καὶ</strong></span> <span class='ocrx_word' id='word_1_738' title='bbox 1730 1603 1808 1646; x_wconf 71' lang='grc' dir='ltr'>ἁγίοῦ</span> 
     </span>
    </p>
   </div>
   <div class='ocr_carea' id='block_1_93' title="bbox 1020 1658 1807 1699">
    <p class='ocr_par' dir='ltr' id='par_1_93' title="bbox 1020 1658 1807 1699">
     <span class='ocr_line' id='line_1_93' title="bbox 1020 1658 1807 1699; baseline -0.005 -9"><span class='ocrx_word' id='word_1_739' title='bbox 1020 1664 1177 1699; x_wconf 81' lang='grc' dir='ltr'>Πνεύματος</span> <span class='ocrx_word' id='word_1_740' title='bbox 1186 1663 1356 1698; x_wconf 79' lang='grc' dir='ltr'>προϋπάρχει</span> <span class='ocrx_word' id='word_1_741' title='bbox 1371 1661 1437 1695; x_wconf 82' lang='grc' dir='ltr'>ἄλλη</span> <span class='ocrx_word' id='word_1_742' title='bbox 1451 1660 1539 1694; x_wconf 70' lang='grc' dir='ltr'>φύσις.</span> <span class='ocrx_word' id='word_1_743' title='bbox 1550 1660 1622 1693; x_wconf 74' lang='grc' dir='ltr'><strong>Ὁρθ.</strong></span> <span class='ocrx_word' id='word_1_744' title='bbox 1635 1659 1679 1694; x_wconf 78' lang='grc' dir='ltr'><strong>Μὴ</strong></span> <span class='ocrx_word' id='word_1_745' title='bbox 1686 1658 1807 1692; x_wconf 77' lang='grc' dir='ltr'>γένοιτοι</span> 
     </span>
    </p>
   </div>
   <div class='ocr_carea' id='block_1_94' title="bbox 1021 1704 1807 1742">
    <p class='ocr_par' dir='ltr' id='par_1_94' title="bbox 1021 1704 1807 1742">
     <span class='ocr_line' id='line_1_94' title="bbox 1021 1704 1807 1742; baseline -0.009 -6"><span class='ocrx_word' id='word_1_746' title='bbox 1021 1709 1131 1736; x_wconf 72' lang='grc' dir='ltr'><strong>Μακεδ.</strong></span> <span class='ocrx_word' id='word_1_747' title='bbox 1152 1709 1213 1741; x_wconf 84' lang='grc' dir='ltr'>Πῶς</span> <span class='ocrx_word' id='word_1_748' title='bbox 1227 1707 1272 1735; x_wconf 84' lang='grc' dir='ltr'><strong>οὖν</strong></span> <span class='ocrx_word' id='word_1_749' title='bbox 1286 1708 1389 1742; x_wconf 79' lang='grc' dir='ltr'>λέγεις·</span> <span class='ocrx_word' id='word_1_750' title='bbox 1403 1706 1507 1737; x_wconf 73' lang='grc' dir='ltr'>Οὕτως,</span> <span class='ocrx_word' id='word_1_751' title='bbox 1520 1706 1556 1737; x_wconf 82' lang='grc' dir='ltr'>ὡς</span> <span class='ocrx_word' id='word_1_752' title='bbox 1574 1706 1620 1732; x_wconf 71' lang='grc' dir='ltr'><strong>ἐπὶ</strong></span> <span class='ocrx_word' id='word_1_753' title='bbox 1641 1704 1807 1740; x_wconf 83' lang='grc' dir='ltr'>ἀνθρώπων;</span> 
     </span>
    </p>
   </div>
   <div class='ocr_carea' id='block_1_95' title="bbox 1027 1750 1808 1790">
    <p class='ocr_par' dir='ltr' id='par_1_95' title="bbox 1027 1750 1808 1790">
     <span class='ocr_line' id='line_1_95' title="bbox 1027 1750 1808 1790; baseline -0.008 -9"><span class='ocrx_word' id='word_1_754' title='bbox 1027 1755 1102 1789; x_wconf 73' lang='lat' dir='ltr'><strong>&#39;0p0.</strong></span> <span class='ocrx_word' id='word_1_755' title='bbox 1119 1755 1178 1781; x_wconf 81' lang='grc' dir='ltr'><strong>Τῶν</strong></span> <span class='ocrx_word' id='word_1_756' title='bbox 1192 1754 1241 1790; x_wconf 81' lang='grc' dir='ltr'>μὲν</span> <span class='ocrx_word' id='word_1_757' title='bbox 1255 1753 1414 1790; x_wconf 72' lang='grc' dir='ltr'>ἀνθρώπων.</span> <span class='ocrx_word' id='word_1_758' title='bbox 1428 1752 1545 1781; x_wconf 77' lang='grc' dir='ltr'>Παύλου,</span> <span class='ocrx_word' id='word_1_759' title='bbox 1566 1751 1611 1776; x_wconf 79' lang='grc' dir='ltr'><strong>καὶ</strong></span> <span class='ocrx_word' id='word_1_760' title='bbox 1631 1750 1746 1785; x_wconf 74' lang='grc' dir='ltr'>Πέτρου,</span> <span class='ocrx_word' id='word_1_761' title='bbox 1761 1750 1808 1776; x_wconf 75' lang='grc' dir='ltr'><strong>καὶ</strong></span> 
     </span>
    </p>
   </div>
   <div class='ocr_carea' id='block_1_96' title="bbox 1022 1795 1808 1836">
    <p class='ocr_par' dir='ltr' id='par_1_96' title="bbox 1022 1795 1808 1836">
     <span class='ocr_line' id='line_1_96' title="bbox 1022 1795 1808 1836; baseline -0.009 -9"><span class='ocrx_word' id='word_1_762' title='bbox 1022 1801 1165 1836; x_wconf 78' lang='grc' dir='ltr'><strong>Τιμοθέου,</strong></span> <span class='ocrx_word' id='word_1_763' title='bbox 1183 1800 1404 1836; x_wconf 80' lang='grc' dir='ltr'>προῦπάρχουσιν</span> <span class='ocrx_word' id='word_1_764' title='bbox 1432 1797 1578 1833; x_wconf 75' lang='grc' dir='ltr'>ἅνθρωποι,</span> <span class='ocrx_word' id='word_1_765' title='bbox 1605 1796 1652 1823; x_wconf 78' lang='grc' dir='ltr'><strong>καὶ</strong></span> <span class='ocrx_word' id='word_1_766' title='bbox 1680 1796 1732 1822; x_wconf 78' lang='grc' dir='ltr'>τῶν</span> <span class='ocrx_word' id='word_1_767' title='bbox 1757 1795 1808 1830; x_wconf 82' lang='grc' dir='ltr'><strong>πρὸ</strong></span> 
     </span>
    </p>
   </div>
   <div class='ocr_carea' id='block_1_97' title="bbox 1022 1840 1806 1879">
    <p class='ocr_par' dir='ltr' id='par_1_97' title="bbox 1022 1840 1806 1879">
     <span class='ocr_line' id='line_1_97' title="bbox 1022 1840 1806 1879; baseline -0.009 -6"><span class='ocrx_word' id='word_1_768' title='bbox 1022 1846 1110 1873; x_wconf 69' lang='grc' dir='ltr'>αὐτῶν</span> <span class='ocrx_word' id='word_1_769' title='bbox 1136 1846 1226 1873; x_wconf 83' lang='grc' dir='ltr'>ἄλλοι·</span> <span class='ocrx_word' id='word_1_770' title='bbox 1242 1845 1288 1872; x_wconf 87' lang='grc' dir='ltr'><strong>τοῦ</strong></span> <span class='ocrx_word' id='word_1_771' title='bbox 1313 1845 1340 1871; x_wconf 85' lang='grc' dir='ltr'><strong>δὲ</strong></span> <span class='ocrx_word' id='word_1_772' title='bbox 1368 1844 1453 1879; x_wconf 77' lang='grc' dir='ltr'>Ἀδὰμ</span> <span class='ocrx_word' id='word_1_773' title='bbox 1471 1844 1501 1869; x_wconf 89' lang='grc' dir='ltr'>οὺ</span> <span class='ocrx_word' id='word_1_774' title='bbox 1525 1842 1696 1878; x_wconf 71' lang='grc' dir='ltr'>προῦπάρχει</span> <span class='ocrx_word' id='word_1_775' title='bbox 1719 1840 1806 1872; x_wconf 79' lang='grc' dir='ltr'>ἄλλος,</span> 
     </span>
    </p>
   </div>
   <div class='ocr_carea' id='block_1_98' title="bbox 1022 1886 1807 1925">
    <p class='ocr_par' dir='ltr' id='par_1_98' title="bbox 1022 1886 1807 1925">
     <span class='ocr_line' id='line_1_98' title="bbox 1022 1886 1807 1925; baseline -0.01 -6"><span class='ocrx_word' id='word_1_776' title='bbox 1022 1893 1078 1920; x_wconf 81' lang='grc' dir='ltr'>ἀλλ’</span> <span class='ocrx_word' id='word_1_777' title='bbox 1100 1892 1180 1924; x_wconf 80' lang='grc' dir='ltr'>αὐτὸς</span> <span class='ocrx_word' id='word_1_778' title='bbox 1206 1893 1220 1918; x_wconf 91' lang='lat'><strong>6</strong></span> <span class='ocrx_word' id='word_1_779' title='bbox 1246 1891 1319 1922; x_wconf 82' lang='grc' dir='ltr'>Θεός.</span> <span class='ocrx_word' id='word_1_780' title='bbox 1339 1889 1444 1925; x_wconf 72' lang='grc' dir='ltr'>Πατρὸς</span> <span class='ocrx_word' id='word_1_781' title='bbox 1466 1889 1493 1915; x_wconf 74' lang='grc' dir='ltr'><strong>δὲ</strong></span> <span class='ocrx_word' id='word_1_782' title='bbox 1521 1889 1567 1915; x_wconf 74' lang='grc' dir='ltr'>καὶ</span> <span class='ocrx_word' id='word_1_783' title='bbox 1586 1887 1662 1919; x_wconf 83' lang='grc' dir='ltr'>Υἱοῦ,</span> <span class='ocrx_word' id='word_1_784' title='bbox 1677 1886 1807 1920; x_wconf 72' lang='grc' dir='ltr'>καὶὰγίου</span> 
     </span>
    </p>
   </div>
   <div class='ocr_carea' id='block_1_99' title="bbox 1022 1931 1807 1972">
    <p class='ocr_par' dir='ltr' id='par_1_99' title="bbox 1022 1931 1807 1972">
     <span class='ocr_line' id='line_1_99' title="bbox 1022 1931 1807 1972; baseline -0.009 -9"><span class='ocrx_word' id='word_1_785' title='bbox 1022 1937 1178 1972; x_wconf 80' lang='grc' dir='ltr'>Πνεύματος</span> <span class='ocrx_word' id='word_1_786' title='bbox 1199 1935 1273 1962; x_wconf 77' lang='grc' dir='ltr'>οὐδὲν</span> <span class='ocrx_word' id='word_1_787' title='bbox 1288 1935 1458 1970; x_wconf 80' lang='grc' dir='ltr'>προῦπὰρχει</span> <span class='ocrx_word' id='word_1_788' title='bbox 1468 1942 1475 1948; x_wconf 71' lang='grc' dir='ltr'><strong>ο</strong></span> <span class='ocrx_word' id='word_1_789' title='bbox 1489 1933 1546 1959; x_wconf 79' lang='grc' dir='ltr'>ἀλλ’</span> <span class='ocrx_word' id='word_1_790' title='bbox 1566 1933 1597 1958; x_wconf 81' lang='grc' dir='ltr'>ὲκ</span> <span class='ocrx_word' id='word_1_791' title='bbox 1616 1931 1662 1958; x_wconf 83' lang='grc' dir='ltr'><strong>τοῦ</strong></span> <span class='ocrx_word' id='word_1_792' title='bbox 1676 1931 1779 1966; x_wconf 81' lang='grc' dir='ltr'>Πατρὺς</span> <span class='ocrx_word' id='word_1_793' title='bbox 1793 1931 1807 1957; x_wconf 85' lang='lat'><strong>6</strong></span> 
     </span>
    </p>
   </div>
   <div class='ocr_carea' id='block_1_100' title="bbox 1023 1976 1806 2018">
    <p class='ocr_par' dir='ltr' id='par_1_100' title="bbox 1023 1976 1806 2018">
     <span class='ocr_line' id='line_1_100' title="bbox 1023 1976 1806 2018; baseline -0.006 -9"><span class='ocrx_word' id='word_1_794' title='bbox 1023 1983 1085 2015; x_wconf 82' lang='grc' dir='ltr'><strong>Υἱὸς</strong></span> <span class='ocrx_word' id='word_1_795' title='bbox 1096 1982 1266 2018; x_wconf 75' lang='grc' dir='ltr'>γεγέννηται,</span> <span class='ocrx_word' id='word_1_796' title='bbox 1278 1982 1324 2007; x_wconf 76' lang='grc' dir='ltr'>καὶ</span> <span class='ocrx_word' id='word_1_797' title='bbox 1332 1981 1362 2006; x_wconf 73' lang='grc' dir='ltr'>τὸ</span> <span class='ocrx_word' id='word_1_798' title='bbox 1375 1979 1484 2014; x_wconf 81' lang='grc' dir='ltr'>Πνεῦμα</span> <span class='ocrx_word' id='word_1_799' title='bbox 1497 1978 1683 2013; x_wconf 69' lang='grc' dir='ltr'>ἐκπορεύεται.</span> <span class='ocrx_word' id='word_1_800' title='bbox 1697 1976 1806 2004; x_wconf 78' lang='grc' dir='ltr'><strong>Μακεὸ.</strong></span> 
     </span>
    </p>
   </div>
   <div class='ocr_carea' id='block_1_101' title="bbox 1023 2023 1806 2059">
    <p class='ocr_par' dir='ltr' id='par_1_101' title="bbox 1023 2023 1806 2059">
     <span class='ocr_line' id='line_1_101' title="bbox 1023 2023 1806 2059; baseline -0.009 -3"><span class='ocrx_word' id='word_1_801' title='bbox 1023 2030 1079 2056; x_wconf 77' lang='grc' dir='ltr'><strong>Οὐκ</strong></span> <span class='ocrx_word' id='word_1_802' title='bbox 1108 2029 1180 2055; x_wconf 74' lang='grc' dir='ltr'>ἐστιν</span> <span class='ocrx_word' id='word_1_803' title='bbox 1204 2026 1249 2054; x_wconf 73' lang='grc' dir='ltr'><strong>οὖν</strong></span> <span class='ocrx_word' id='word_1_804' title='bbox 1277 2027 1323 2054; x_wconf 81' lang='grc' dir='ltr'><strong>τοῦ</strong></span> <span class='ocrx_word' id='word_1_805' title='bbox 1350 2026 1415 2053; x_wconf 83' lang='grc' dir='ltr'><strong>Υἱοῦ</strong></span> <span class='ocrx_word' id='word_1_806' title='bbox 1428 2026 1458 2052; x_wconf 81' lang='grc' dir='ltr'>τὸ</span> <span class='ocrx_word' id='word_1_807' title='bbox 1477 2025 1603 2059; x_wconf 82' lang='grc' dir='ltr'>Πνεῦμα;</span> <span class='ocrx_word' id='word_1_808' title='bbox 1629 2023 1806 2058; x_wconf 72' lang='grc' dir='ltr'>Ὀρθ.Πέιντα</span> 
     </span>
    </p>
   </div>
   <div class='ocr_carea' id='block_1_102' title="bbox 1025 2068 1806 2109">
    <p class='ocr_par' dir='ltr' id='par_1_102' title="bbox 1025 2068 1806 2109">
     <span class='ocr_line' id='line_1_102' title="bbox 1025 2068 1806 2109; baseline -0.009 -8"><span class='ocrx_word' id='word_1_809' title='bbox 1025 2074 1074 2109; x_wconf 72' lang='grc' dir='ltr'>μὲν</span> <span class='ocrx_word' id='word_1_810' title='bbox 1098 2075 1133 2101; x_wconf 79' lang='grc' dir='ltr'><strong>τὰ</strong></span> <span class='ocrx_word' id='word_1_811' title='bbox 1148 2074 1195 2101; x_wconf 79' lang='grc' dir='ltr'><strong>τοῦ</strong></span> <span class='ocrx_word' id='word_1_812' title='bbox 1229 2073 1344 2108; x_wconf 78' lang='grc' dir='ltr'>Πατρὸς,</span> <span class='ocrx_word' id='word_1_813' title='bbox 1365 2073 1417 2099; x_wconf 72' lang='grc' dir='ltr'>εἰσὶ</span> <span class='ocrx_word' id='word_1_814' title='bbox 1442 2071 1489 2098; x_wconf 72' lang='grc' dir='ltr'>καὶ</span> <span class='ocrx_word' id='word_1_815' title='bbox 1503 2071 1549 2098; x_wconf 90' lang='grc' dir='ltr'><strong>τοῦ</strong></span> <span class='ocrx_word' id='word_1_816' title='bbox 1562 2070 1636 2096; x_wconf 81' lang='grc' dir='ltr'>Υἱοῦ.</span> <span class='ocrx_word' id='word_1_817' title='bbox 1656 2069 1710 2096; x_wconf 74' lang='grc' dir='ltr'>Καὶ</span> <span class='ocrx_word' id='word_1_818' title='bbox 1729 2068 1781 2104; x_wconf 77' lang='grc' dir='ltr'>γὰρ</span> <span class='ocrx_word' id='word_1_819' title='bbox 1793 2069 1806 2094; x_wconf 87' lang='lat'><strong>6</strong></span> 
     </span>
    </p>
   </div>
   <div class='ocr_carea' id='block_1_103' title="bbox 1030 2114 1806 2153">
    <p class='ocr_par' dir='ltr' id='par_1_103' title="bbox 1030 2114 1806 2153">
     <span class='ocr_line' id='line_1_103' title="bbox 1030 2114 1806 2153; baseline -0.009 -6"><span class='ocrx_word' id='word_1_820' title='bbox 1030 2120 1187 2151; x_wconf 80' lang='grc' dir='ltr'>Ἀπόστολος</span> <span class='ocrx_word' id='word_1_821' title='bbox 1215 2120 1288 2153; x_wconf 79' lang='grc' dir='ltr'>λέγει</span> <span class='ocrx_word' id='word_1_822' title='bbox 1317 2119 1363 2145; x_wconf 65' lang='grc' dir='ltr'><strong>κα)⁴</strong></span> <span class='ocrx_word' id='word_1_823' title='bbox 1392 2117 1439 2144; x_wconf 84' lang='grc' dir='ltr'><strong>τοῦ</strong></span> <span class='ocrx_word' id='word_1_824' title='bbox 1465 2117 1580 2152; x_wconf 80' lang='grc' dir='ltr'>Πατρδς,</span> <span class='ocrx_word' id='word_1_825' title='bbox 1607 2115 1652 2142; x_wconf 67' lang='grc' dir='ltr'>καὶ</span> <span class='ocrx_word' id='word_1_826' title='bbox 1671 2114 1717 2141; x_wconf 83' lang='grc' dir='ltr'><strong>τοῦ</strong></span> <span class='ocrx_word' id='word_1_827' title='bbox 1743 2114 1806 2140; x_wconf 79' lang='grc' dir='ltr'>Υἱοῦ</span> 
     </span>
    </p>
   </div>
   <div class='ocr_carea' id='block_1_104' title="bbox 1024 2157 1826 2201">
    <p class='ocr_par' dir='ltr' id='par_1_104' title="bbox 1024 2157 1826 2201">
     <span class='ocr_line' id='line_1_104' title="bbox 1024 2157 1826 2201; baseline -0.01 -8"><span class='ocrx_word' id='word_1_828' title='bbox 1024 2165 1091 2193; x_wconf 78' lang='grc' dir='ltr'>εἶναι</span> <span class='ocrx_word' id='word_1_829' title='bbox 1108 2166 1137 2192; x_wconf 77' lang='grc' dir='ltr'><strong>τὺ</strong></span> <span class='ocrx_word' id='word_1_830' title='bbox 1153 2166 1274 2201; x_wconf 84' lang='grc' dir='ltr'>Πνεῦμα,</span> <span class='ocrx_word' id='word_1_831' title='bbox 1290 2164 1375 2195; x_wconf 73' lang='grc' dir='ltr'>οὕτως</span> <span class='ocrx_word' id='word_1_832' title='bbox 1387 2164 1485 2197; x_wconf 78' lang='grc' dir='ltr'>λέγων·</span> <span class='ocrx_word' id='word_1_833' title='bbox 1507 2173 1515 2188; x_wconf 87' lang='grc'><strong>‹</strong></span> <span class='ocrx_word' id='word_1_834' title='bbox 1534 2163 1627 2197; x_wconf 80' lang='grc' dir='ltr'>Ὑμεῖς</span> <span class='ocrx_word' id='word_1_835' title='bbox 1643 2161 1670 2187; x_wconf 82' lang='grc' dir='ltr'><strong>δὲ</strong></span> <span class='ocrx_word' id='word_1_836' title='bbox 1684 2161 1733 2187; x_wconf 81' lang='grc' dir='ltr'><strong>οὐκ</strong></span> <span class='ocrx_word' id='word_1_837' title='bbox 1748 2160 1806 2186; x_wconf 75' lang='grc' dir='ltr'>ἐστὲ</span> <span class='ocrx_word' id='word_1_838' title='bbox 1823 2157 1826 2160; x_wconf 77' lang='grc'><strong>’</strong></span> 
     </span>
    </p>
   </div>
   <div class='ocr_carea' id='block_1_105' title="bbox 1024 2206 1807 2248">
    <p class='ocr_par' dir='ltr' id='par_1_105' title="bbox 1024 2206 1807 2248">
     <span class='ocr_line' id='line_1_105' title="bbox 1024 2206 1807 2248; baseline -0.01 -9"><span class='ocrx_word' id='word_1_839' title='bbox 1024 2214 1052 2239; x_wconf 83' lang='grc' dir='ltr'>ὲν</span> <span class='ocrx_word' id='word_1_840' title='bbox 1066 2213 1156 2248; x_wconf 77' lang='grc' dir='ltr'>σαρκὶ,</span> <span class='ocrx_word' id='word_1_841' title='bbox 1172 2211 1228 2238; x_wconf 80' lang='grc' dir='ltr'>ἀλλ’</span> <span class='ocrx_word' id='word_1_842' title='bbox 1245 2213 1272 2238; x_wconf 81' lang='grc' dir='ltr'>ἐν</span> <span class='ocrx_word' id='word_1_843' title='bbox 1286 2212 1429 2246; x_wconf 76' lang='grc' dir='ltr'>πνεύματι,</span> <span class='ocrx_word' id='word_1_844' title='bbox 1443 2210 1521 2244; x_wconf 76' lang='grc' dir='ltr'>εἴπερ</span> <span class='ocrx_word' id='word_1_845' title='bbox 1534 2208 1645 2242; x_wconf 79' lang='grc' dir='ltr'>Πνεῦμα</span> <span class='ocrx_word' id='word_1_846' title='bbox 1661 2206 1728 2233; x_wconf 84' lang='grc' dir='ltr'>Θεοῦ</span> <span class='ocrx_word' id='word_1_847' title='bbox 1741 2207 1807 2232; x_wconf 73' lang='grc' dir='ltr'>οἰκεῖ</span> 
     </span>
    </p>
   </div>
   <div class='ocr_carea' id='block_1_106' title="bbox 1024 2250 1806 2294">
    <p class='ocr_par' dir='ltr' id='par_1_106' title="bbox 1024 2250 1806 2294">
     <span class='ocr_line' id='line_1_106' title="bbox 1024 2250 1806 2294; baseline -0.012 -9"><span class='ocrx_word' id='word_1_848' title='bbox 1024 2259 1052 2284; x_wconf 79' lang='grc' dir='ltr'>ἐν</span> <span class='ocrx_word' id='word_1_849' title='bbox 1069 2259 1142 2294; x_wconf 75' lang='grc' dir='ltr'>ὑμῖν.</span> <span class='ocrx_word' id='word_1_850' title='bbox 1158 2259 1188 2284; x_wconf 84' lang='grc' dir='ltr'><strong>Εἰ</strong></span> <span class='ocrx_word' id='word_1_851' title='bbox 1217 2257 1246 2284; x_wconf 82' lang='grc' dir='ltr'><strong>δέ</strong></span> <span class='ocrx_word' id='word_1_852' title='bbox 1260 2266 1302 2288; x_wconf 81' lang='grc' dir='ltr'><strong>τις</strong></span> <span class='ocrx_word' id='word_1_853' title='bbox 1323 2256 1435 2292; x_wconf 86' lang='grc' dir='ltr'>Πνεῦμα</span> <span class='ocrx_word' id='word_1_854' title='bbox 1457 2253 1574 2290; x_wconf 81' lang='grc' dir='ltr'>Χριστοῦ</span> <span class='ocrx_word' id='word_1_855' title='bbox 1593 2253 1641 2280; x_wconf 76' lang='grc' dir='ltr'><strong>οὐκ</strong></span> <span class='ocrx_word' id='word_1_856' title='bbox 1653 2252 1720 2287; x_wconf 76' lang='grc' dir='ltr'>ἔχει,</span> <span class='ocrx_word' id='word_1_857' title='bbox 1735 2250 1806 2282; x_wconf 79' lang='grc' dir='ltr'>οὗτος</span> 
     </span>
    </p>
   </div>
   <div class='ocr_carea' id='block_1_107' title="bbox 1024 2297 1806 2338">
    <p class='ocr_par' dir='ltr' id='par_1_107' title="bbox 1024 2297 1806 2338">
     <span class='ocr_line' id='line_1_107' title="bbox 1024 2297 1806 2338; baseline -0.01 -7"><span class='ocrx_word' id='word_1_858' title='bbox 1024 2305 1073 2331; x_wconf 68' lang='grc' dir='ltr'>οὐκ</span> <span class='ocrx_word' id='word_1_859' title='bbox 1085 2304 1156 2330; x_wconf 78' lang='grc' dir='ltr'>ἔστιν</span> <span class='ocrx_word' id='word_1_860' title='bbox 1171 2304 1263 2331; x_wconf 80' lang='grc' dir='ltr'>αὐτοῦ.</span> <span class='ocrx_word' id='word_1_861' title='bbox 1280 2304 1311 2329; x_wconf 86' lang='lat' dir='ltr'><strong>Ei</strong></span> <span class='ocrx_word' id='word_1_862' title='bbox 1326 2301 1475 2338; x_wconf 82' lang='grc' dir='ltr'>δὲΧριστὺς</span> <span class='ocrx_word' id='word_1_863' title='bbox 1488 2302 1517 2327; x_wconf 80' lang='grc' dir='ltr'>ἐν</span> <span class='ocrx_word' id='word_1_864' title='bbox 1532 2301 1605 2335; x_wconf 81' lang='grc' dir='ltr'>ὑμῖν,</span> <span class='ocrx_word' id='word_1_865' title='bbox 1623 2299 1652 2325; x_wconf 78' lang='grc' dir='ltr'>τὸ</span> <span class='ocrx_word' id='word_1_866' title='bbox 1669 2299 1717 2333; x_wconf 79' lang='grc' dir='ltr'>μὲν</span> <span class='ocrx_word' id='word_1_867' title='bbox 1731 2297 1806 2332; x_wconf 82' lang='grc' dir='ltr'>σῶμα</span> 
     </span>
    </p>
   </div>
   <div class='ocr_carea' id='block_1_108' title="bbox 1024 2344 1806 2386">
    <p class='ocr_par' dir='ltr' id='par_1_108' title="bbox 1024 2344 1806 2386">
     <span class='ocr_line' id='line_1_108' title="bbox 1024 2344 1806 2386; baseline -0.012 -8"><span class='ocrx_word' id='word_1_868' title='bbox 1024 2351 1119 2386; x_wconf 76' lang='grc' dir='ltr'>νεκρὸν</span> <span class='ocrx_word' id='word_1_869' title='bbox 1133 2351 1166 2377; x_wconf 80' lang='grc' dir='ltr'>δι’</span> <span class='ocrx_word' id='word_1_870' title='bbox 1185 2351 1330 2386; x_wconf 80' lang='grc' dir='ltr'>ἁμαρτίαν,</span> <span class='ocrx_word' id='word_1_871' title='bbox 1359 2349 1390 2375; x_wconf 81' lang='grc' dir='ltr'>τὸ</span> <span class='ocrx_word' id='word_1_872' title='bbox 1414 2348 1443 2374; x_wconf 77' lang='grc' dir='ltr'><strong>δὲ</strong></span> <span class='ocrx_word' id='word_1_873' title='bbox 1463 2347 1570 2382; x_wconf 85' lang='grc' dir='ltr'>πνεῦμα</span> <span class='ocrx_word' id='word_1_874' title='bbox 1587 2345 1642 2381; x_wconf 82' lang='grc' dir='ltr'><strong>ζωὴ</strong></span> <span class='ocrx_word' id='word_1_875' title='bbox 1655 2345 1698 2371; x_wconf 80' lang='grc' dir='ltr'><strong>διὰ</strong></span> <span class='ocrx_word' id='word_1_876' title='bbox 1711 2344 1806 2370; x_wconf 76' lang='grc' dir='ltr'>δικαιο-</span> 
     </span>
    </p>
   </div>
   <div class='ocr_carea' id='block_1_109' title="bbox 1027 2389 1806 2432">
    <p class='ocr_par' dir='ltr' id='par_1_109' title="bbox 1027 2389 1806 2432">
     <span class='ocr_line' id='line_1_109' title="bbox 1027 2389 1806 2432; baseline -0.012 -9"><span class='ocrx_word' id='word_1_877' title='bbox 1027 2397 1117 2432; x_wconf 82' lang='grc' dir='ltr'>σύνην.</span> <span class='ocrx_word' id='word_1_878' title='bbox 1148 2397 1179 2422; x_wconf 81' lang='lat' dir='ltr'><strong>El</strong></span> <span class='ocrx_word' id='word_1_879' title='bbox 1208 2396 1237 2422; x_wconf 81' lang='grc' dir='ltr'><strong>δὲ</strong></span> <span class='ocrx_word' id='word_1_880' title='bbox 1264 2395 1294 2421; x_wconf 79' lang='grc' dir='ltr'>τὸ</span> <span class='ocrx_word' id='word_1_881' title='bbox 1317 2394 1428 2428; x_wconf 81' lang='grc' dir='ltr'>Πνεῦμα</span> <span class='ocrx_word' id='word_1_882' title='bbox 1450 2392 1497 2419; x_wconf 86' lang='grc' dir='ltr'><strong>τοῦ</strong></span> <span class='ocrx_word' id='word_1_883' title='bbox 1516 2391 1666 2427; x_wconf 76' lang='grc' dir='ltr'>ἐγείροντος</span> <span class='ocrx_word' id='word_1_884' title='bbox 1694 2389 1806 2425; x_wconf 80' lang='grc' dir='ltr'>Χριστὸν</span> 
     </span>
    </p>
   </div>
   <div class='ocr_carea' id='block_1_110' title="bbox 1032 2433 1805 2476">
    <p class='ocr_par' dir='ltr' id='par_1_110' title="bbox 1032 2433 1805 2476">
     <span class='ocr_line' id='line_1_110' title="bbox 1032 2433 1805 2476; baseline -0.014 -8"><span class='ocrx_word' id='word_1_885' title='bbox 1032 2440 1133 2476; x_wconf 80' lang='grc' dir='ltr'>Ἰησοῦν</span> <span class='ocrx_word' id='word_1_886' title='bbox 1161 2441 1193 2466; x_wconf 81' lang='grc' dir='ltr'>ὲκ</span> <span class='ocrx_word' id='word_1_887' title='bbox 1211 2439 1265 2465; x_wconf 84' lang='grc' dir='ltr'>τῶν</span> <span class='ocrx_word' id='word_1_888' title='bbox 1291 2437 1394 2473; x_wconf 82' lang='grc' dir='ltr'>νεκρῶν</span> <span class='ocrx_word' id='word_1_889' title='bbox 1419 2437 1488 2463; x_wconf 84' lang='grc' dir='ltr'>οἰκεῖ</span> <span class='ocrx_word' id='word_1_890' title='bbox 1506 2436 1534 2461; x_wconf 82' lang='grc' dir='ltr'>ἐν</span> <span class='ocrx_word' id='word_1_891' title='bbox 1557 2435 1636 2469; x_wconf 83' lang='grc' dir='ltr'>ὑμῖν,</span> <span class='ocrx_word' id='word_1_892' title='bbox 1649 2433 1805 2467; x_wconf 77' lang='grc' dir='ltr'>ζωοποιήσει</span> 
     </span>
    </p>
   </div>
   <div class='ocr_carea' id='block_1_111' title="bbox 1026 2477 1804 2521">
    <p class='ocr_par' dir='ltr' id='par_1_111' title="bbox 1026 2477 1804 2521">
     <span class='ocr_line' id='line_1_111' title="bbox 1026 2477 1804 2521; baseline -0.014 -7"><span class='ocrx_word' id='word_1_893' title='bbox 1026 2488 1072 2514; x_wconf 80' lang='grc' dir='ltr'><strong>καὶ</strong></span> <span class='ocrx_word' id='word_1_894' title='bbox 1086 2487 1120 2513; x_wconf 81' lang='grc' dir='ltr'>τὰ</span> <span class='ocrx_word' id='word_1_895' title='bbox 1127 2486 1212 2521; x_wconf 72' lang='grc' dir='ltr'>θνητὰ</span> <span class='ocrx_word' id='word_1_896' title='bbox 1223 2485 1335 2520; x_wconf 80' lang='grc' dir='ltr'>σώματα</span> <span class='ocrx_word' id='word_1_897' title='bbox 1347 2483 1423 2519; x_wconf 83' lang='grc' dir='ltr'>ὑμῶν</span> <span class='ocrx_word' id='word_1_898' title='bbox 1437 2483 1481 2509; x_wconf 81' lang='grc' dir='ltr'>διὰ</span> <span class='ocrx_word' id='word_1_899' title='bbox 1488 2482 1533 2508; x_wconf 85' lang='grc' dir='ltr'><strong>τοῦ</strong></span> <span class='ocrx_word' id='word_1_900' title='bbox 1550 2479 1714 2510; x_wconf 78' lang='grc' dir='ltr'>ἐνοικοῦντος</span> <span class='ocrx_word' id='word_1_901' title='bbox 1728 2477 1804 2504; x_wconf 84' lang='grc' dir='ltr'>αὐτοῦ</span> 
     </span>
    </p>
   </div>
   <div class='ocr_carea' id='block_1_112' title="bbox 1026 2523 1804 2568">
    <p class='ocr_par' dir='ltr' id='par_1_112' title="bbox 1026 2523 1804 2568">
     <span class='ocr_line' id='line_1_112' title="bbox 1026 2523 1804 2568; baseline -0.013 -8"><span class='ocrx_word' id='word_1_902' title='bbox 1026 2533 1181 2568; x_wconf 66' lang='grc' dir='ltr'>Πνεῦματος</span> <span class='ocrx_word' id='word_1_903' title='bbox 1198 2533 1226 2558; x_wconf 85' lang='grc' dir='ltr'>ὲν</span> <span class='ocrx_word' id='word_1_904' title='bbox 1254 2532 1327 2567; x_wconf 83' lang='grc' dir='ltr'>ὑμῖν.</span> <span class='ocrx_word' id='word_1_905' title='bbox 1342 2541 1352 2556; x_wconf 77' lang='grc' dir='ltr'><strong>ι</strong></span> <span class='ocrx_word' id='word_1_906' title='bbox 1369 2530 1423 2556; x_wconf 69' lang='grc' dir='ltr'><strong>Καὶ</strong></span> <span class='ocrx_word' id='word_1_907' title='bbox 1437 2529 1518 2560; x_wconf 74' lang='grc' dir='ltr'>αὐτὸς</span> <span class='ocrx_word' id='word_1_908' title='bbox 1533 2527 1561 2554; x_wconf 75' lang='grc' dir='ltr'><strong>δὲ</strong></span> <span class='ocrx_word' id='word_1_909' title='bbox 1574 2529 1588 2554; x_wconf 89' lang='lat'><strong>6</strong></span> <span class='ocrx_word' id='word_1_910' title='bbox 1602 2527 1665 2557; x_wconf 77' lang='grc' dir='ltr'>Υἱὸς</span> <span class='ocrx_word' id='word_1_911' title='bbox 1679 2523 1748 2556; x_wconf 78' lang='grc' dir='ltr'>εἷπε,</span> <span class='ocrx_word' id='word_1_912' title='bbox 1763 2524 1804 2551; x_wconf 81' lang='grc' dir='ltr'><strong>τοῦ</strong></span> 
     </span>
    </p>
   </div>
   <div class='ocr_carea' id='block_1_113' title="bbox 1027 2569 1801 2614">
    <p class='ocr_par' dir='ltr' id='par_1_113' title="bbox 1027 2569 1801 2614">
     <span class='ocr_line' id='line_1_113' title="bbox 1027 2569 1801 2614; baseline -0.014 -8"><span class='ocrx_word' id='word_1_913' title='bbox 1027 2580 1133 2614; x_wconf 76' lang='grc' dir='ltr'>Πατρὸς</span> <span class='ocrx_word' id='word_1_914' title='bbox 1146 2579 1226 2605; x_wconf 88' lang='grc' dir='ltr'>αὐτοῦ</span> <span class='ocrx_word' id='word_1_915' title='bbox 1242 2575 1311 2604; x_wconf 76' lang='grc' dir='ltr'>εἶναι</span> <span class='ocrx_word' id='word_1_916' title='bbox 1327 2577 1357 2603; x_wconf 84' lang='grc' dir='ltr'><strong>τὺ</strong></span> <span class='ocrx_word' id='word_1_917' title='bbox 1371 2575 1492 2610; x_wconf 75' lang='grc' dir='ltr'>Πνεῦμα.</span> <span class='ocrx_word' id='word_1_918' title='bbox 1506 2573 1615 2602; x_wconf 81' lang='grc' dir='ltr'>Μακεδ.</span> <span class='ocrx_word' id='word_1_919' title='bbox 1629 2569 1708 2603; x_wconf 83' lang='grc' dir='ltr'>Πῶς;</span> <span class='ocrx_word' id='word_1_920' title='bbox 1732 2571 1801 2603; x_wconf 84' lang='grc' dir='ltr'><strong>Ὀρθ.</strong></span> 
     </span>
    </p>
   </div>
   <div class='ocr_carea' id='block_1_114' title="bbox 1030 2614 1803 2659">
    <p class='ocr_par' dir='ltr' id='par_1_114' title="bbox 1030 2614 1803 2659">
     <span class='ocr_line' id='line_1_114' title="bbox 1030 2614 1803 2659; baseline -0.014 -8"><span class='ocrx_word' id='word_1_921' title='bbox 1030 2634 1040 2650; x_wconf 73' lang='grc' dir='ltr'><strong>ε</strong></span> <span class='ocrx_word' id='word_1_922' title='bbox 1057 2625 1096 2651; x_wconf 86' lang='grc' dir='ltr'>Οὺ</span> <span class='ocrx_word' id='word_1_923' title='bbox 1104 2624 1157 2659; x_wconf 81' lang='grc' dir='ltr'><strong>γάρ</strong></span> <span class='ocrx_word' id='word_1_924' title='bbox 1173 2625 1233 2649; x_wconf 77' lang='grc' dir='ltr'>ἐστε</span> <span class='ocrx_word' id='word_1_925' title='bbox 1246 2623 1323 2658; x_wconf 79' lang='grc' dir='ltr'>ὑμεῖς</span> <span class='ocrx_word' id='word_1_926' title='bbox 1331 2623 1356 2648; x_wconf 78' lang='lat' dir='ltr'><strong>oi</strong></span> <span class='ocrx_word' id='word_1_927' title='bbox 1364 2620 1515 2651; x_wconf 76' lang='grc' dir='ltr'>λαλοῦντες,</span> <span class='ocrx_word' id='word_1_928' title='bbox 1526 2618 1593 2646; x_wconf 84' lang='grc' dir='ltr'>ἀλλὰ</span> <span class='ocrx_word' id='word_1_929' title='bbox 1605 2618 1635 2644; x_wconf 73' lang='grc' dir='ltr'>τὸ</span> <span class='ocrx_word' id='word_1_930' title='bbox 1645 2615 1755 2659; x_wconf 60' lang='grc' dir='ltr'>Πνεῦμα</span> <span class='ocrx_word' id='word_1_931' title='bbox 1761 2614 1803 2659; x_wconf 73' lang='grc' dir='ltr'><strong>τοῦ</strong></span> 
     </span>
    </p>
   </div>
   <div class='ocr_carea' id='block_1_115' title="bbox 1027 2656 1802 2701">
    <p class='ocr_par' dir='ltr' id='par_1_115' title="bbox 1027 2656 1802 2701">
     <span class='ocr_line' id='line_1_115' title="bbox 1027 2656 1802 2701; baseline -0.015 -7"><span class='ocrx_word' id='word_1_932' title='bbox 1027 2656 1133 2701; x_wconf 60' lang='lat' dir='ltr'><strong>[la-.96;</strong></span> <span class='ocrx_word' id='word_1_933' title='bbox 1143 2656 1148 2659; x_wconf 45' lang='grc'><em>’</em></span> <span class='ocrx_word' id='word_1_934' title='bbox 1160 2665 1190 2692; x_wconf 81' lang='grc' dir='ltr'>τὸ</span> <span class='ocrx_word' id='word_1_935' title='bbox 1204 2656 1299 2691; x_wconf 80' lang='grc' dir='ltr'>λαλοῦν</span> <span class='ocrx_word' id='word_1_936' title='bbox 1314 2665 1342 2690; x_wconf 76' lang='grc' dir='ltr'>ὲν</span> <span class='ocrx_word' id='word_1_937' title='bbox 1358 2663 1432 2698; x_wconf 81' lang='grc' dir='ltr'>ὑμῖν.</span> <span class='ocrx_word' id='word_1_938' title='bbox 1451 2672 1459 2688; x_wconf 75' lang='grc' dir='ltr'><strong>ι</strong></span> <span class='ocrx_word' id='word_1_939' title='bbox 1475 2661 1530 2688; x_wconf 70' lang='grc' dir='ltr'>Καὶ</span> <span class='ocrx_word' id='word_1_940' title='bbox 1548 2660 1627 2690; x_wconf 73' lang='grc' dir='ltr'>αὐτὸς</span> <span class='ocrx_word' id='word_1_941' title='bbox 1646 2659 1673 2684; x_wconf 80' lang='grc' dir='ltr'><strong>δὲ</strong></span> <span class='ocrx_word' id='word_1_942' title='bbox 1690 2657 1704 2683; x_wconf 88' lang='lat'><strong>6</strong></span> <span class='ocrx_word' id='word_1_943' title='bbox 1718 2656 1802 2692; x_wconf 72' lang='grc' dir='ltr'>Πατὴρ</span> 
     </span>
    </p>
   </div>
   <div class='ocr_carea' id='block_1_116' title="bbox 1029 2701 1800 2743">
    <p class='ocr_par' dir='ltr' id='par_1_116' title="bbox 1029 2701 1800 2743">
     <span class='ocr_line' id='line_1_116' title="bbox 1029 2701 1800 2743; baseline -0.016 -5"><span class='ocrx_word' id='word_1_944' title='bbox 1029 2711 1123 2738; x_wconf 80' lang='grc' dir='ltr'>ἑαυτοῦ</span> <span class='ocrx_word' id='word_1_945' title='bbox 1139 2710 1212 2743; x_wconf 83' lang='grc' dir='ltr'>λέγει</span> <span class='ocrx_word' id='word_1_946' title='bbox 1230 2709 1258 2735; x_wconf 79' lang='grc' dir='ltr'>τὸ</span> <span class='ocrx_word' id='word_1_947' title='bbox 1274 2707 1386 2743; x_wconf 83' lang='grc' dir='ltr'>Πνεῦμα</span> <span class='ocrx_word' id='word_1_948' title='bbox 1397 2707 1441 2733; x_wconf 73' lang='grc' dir='ltr'><strong>διὰ</strong></span> <span class='ocrx_word' id='word_1_949' title='bbox 1453 2705 1500 2734; x_wconf 84' lang='grc' dir='ltr'><strong>τοῦ</strong></span> <span class='ocrx_word' id='word_1_950' title='bbox 1517 2704 1655 2739; x_wconf 63' lang='grc' dir='ltr'>προφήτου</span> <span class='ocrx_word' id='word_1_951' title='bbox 1666 2701 1782 2736; x_wconf 78' lang='grc' dir='ltr'>λέγοντος</span> <span class='ocrx_word' id='word_1_952' title='bbox 1793 2707 1800 2714; x_wconf 85' lang='grc'><strong>·</strong></span> 
     </span>
    </p>
   </div>
  </div>
