1926 3068
120 134 191 165 £305

647 134 788 162 CONTRA
804 130 980 161 MACEDON.
1000 131 1173 159 DIALOGUS
1189 131 1210 159 Ι.

1669 129 1737 157 [503

122 204 136 223 σ
155 196 199 222 Ἐν
208 196 268 227 ταῖς
281 194 408 230 ἐσχάταις
423 195 538 231 ἡμέραις
553 194 639 230 ὲκχεῶ
654 196 708 222 ἀπὸ
720 195 766 221 τοῦ
783 194 907 229 Πνεῦμα-

960 197 1003 220 tur
1014 194 1042 221 in
1060 194 1138 221 vobis
1149 193 1183 220 ⁸⁸.
1200 202 1209 218 ι
1230 192 1301 225 Quin
1314 190 1396 219 Pater
1411 191 1470 226 ipse
1485 197 1564 218 suum
1579 195 1639 216 esse
1653 186 1739 223 Spiri-

120 241 167 272 τός
184 249 234 276 μου
263 240 309 266 ἐπὶ
336 241 424 268 πᾶσαν
439 241 536 277 σάρκα.
551 251 561 267 ι
580 240 689 269 Μακεδ.
710 241 740 268 '0
756 240 818 272 Υίός
831 241 903 267 ἐστιν

121 288 136 315 6
149 287 246 321 λέγων.

159 377 202 404 Η.
216 377 293 411 ὀρθ.
316 375 463 410 ’Δνάγνωθι
480 376 525 403 τὸν
545 375 714 406 Ἃπόστολον,
730 376 774 402 ἴνα
786 376 905 412 ἀκούσῃς

122 422 214 450 αὐτοῦ.
229 423 308 457 Λέγει
320 422 374 457 γὰρ
385 421 479 453 οὕτως,
491 422 602 457 γράφων
616 421 654 456 τῷ
669 421 763 448 ἑαυτοῦ
779 421 902 457 μαθητῇ·

125 478 135 496 ‹
151 470 214 496 Ὅτε
230 469 257 495 δὲ
273 469 420 503 ὲπεφάνηὴ
436 468 514 504 χάρις
527 467 574 494 τοῦ
594 467 717 502 Σωτῆρος
735 467 813 502 ήμῶν
824 466 902 499 Θεοῦ,

122 515 172 542 οὐκ
195 515 224 547 ἐξ
243 515 331 550 ἔργων
357 513 410 540 τῶν
435 515 463 540 ὲν
495 513 664 549 δικαιοσύνῃ,
682 510 719 539 ὧν
739 513 905 548 ἐποιήσαμεν

121 561 214 597 ἡμεῖς,
234 560 301 587 ἀλλὰ
322 560 391 587 κατὰ
410 560 440 587 τὸ
455 559 535 586 αὐτοῦ
554 559 627 591 ἕλεος
641 559 740 586 ἔσωσεν
759 559 842 594 ἡμᾶς,
862 558 905 586 διὰ

122 606 234 642 λουτροῦ
248 605 455 640 παλιγγενεσίας
471 605 517 631 καὶ
531 603 735 635 ἀνακαινώσεως
749 603 904 639 Πνεύματος

122 652 211 687 ἁγίου,
224 647 254 678 οῦ
273 652 377 686 ἐξέχεεν
389 652 429 685 ἐφ’
441 652 514 686 ἡμᾶς
527 650 670 682 πλουσίως,
682 649 725 676 διὰ
741 649 827 684 Ἰησοῦ
839 650 905 685 Χρι-

123 697 187 723 στοῦ
212 697 259 723 τοῦ
283 696 384 731 Κυρίου
413 696 459 722 καὶ
482 695 606 730 Σωτῆρος
637 693 725 729 ήμῶν.
756 703 765 719 ι
792 692 903 720 Μακεδ.

129 744 224 778 Ἡμεῖς
238 742 267 769 οὐ
282 741 417 777 δυνάμεθα
436 741 520 767 εἰπεῖν
540 739 603 774 μίαν
619 739 699 774 φύσιν
728 739 842 774 Πατρὸς,
858 739 905 765 καὶ

124 789 200 822 rio-3,
217 789 264 815 καὶ
288 787 365 822 ἁγίου
392 785 558 821 Πνεύματος.
578 786 656 820 Ὀρθ.
679 785 834 820 Ὀμολογεῖς
858 784 905 810 καὶ

123 827 205 866 αὑτὸς
225 834 270 860 τὸν
290 833 400 868 Πατέρα
428 830 496 859 εἶναι
523 831 610 866 ἅγιον,
642 831 706 867 περὶ
728 828 758 858 οὗ
782 831 903 865 εῐρηται·

126 891 136 906 ‹
158 880 252 914 ’Ἀγιος
265 879 279 904 6
291 879 319 905 ὲν
332 867 418 911 ἁγίοις
437 877 650 912 ἀναπαυόμενος.
678 887 686 902 ι
709 876 819 903 Μακεδ.
841 875 903 903 Ναί.
921 867 942 895 Β

124 927 201 960 ὀρθσ
220 924 312 955 οὕτως
329 923 418 956 λέγεις
438 922 532 957 ἁγίους
552 922 615 954 τοὺς
634 921 776 956 ἀγγέλους,
801 920 838 952 ὡς
860 921 905 947 τὸν

123 971 247 1007 Πατέρα;
262 969 371 997 Μακεδ.
385 970 416 996 οι
430 969 538 1003 ἄγγελοι
557 969 655 1004 μετοχῇ
681 967 816 1002 ἁγιασμοῦ
838 968 905 993 εἰσιν

125 1017 213 1050 ἃγιοι·
228 1015 281 1042 ὁδὲ
294 1015 388 1050 Πατὴρ
408 1014 487 1048 φύσει
506 1013 580 1040 ἐστὶν
595 1014 680 1048 ἅγιος.
699 1013 775 1046 Ὀρο.
802 1012 904 1044 Οὕτως,

124 1062 162 1093 ὡς
176 1062 200 1088 οί
213 1061 320 1095 ἄγγελοι
337 1060 434 1095 μετοχῇ
448 1060 516 1086 εἰσιν
527 1059 608 1094 ἅγιοι,
618 1058 694 1092 ἆγιος
706 1059 719 1084 6
733 1058 805 1089 Υἱὸς,
819 1057 836 1093 ἦ
849 1058 907 1089 ὼςό

125 1107 233 1142 Πατήρ;
248 1105 358 1133 Μακεδ.
372 1105 416 1136 Ὠς
432 1105 446 1131 6
456 1105 551 1140 Πατήρ
561 1113 568 1120 ’
581 1104 651 1131 κατὰ
664 1103 751 1129 πάντα
766 1102 817 1137 γὰρ
828 1103 906 1129 αὑτὸν

124 1151 216 1186 ὅμοιον
231 1150 311 1184 λέγω.
321 1150 392 1184 Ὀρθ.
402 1150 437 1176 Τὸ
447 1148 558 1184 Πνεῦμα
570 1148 600 1175 τὸ
619 1148 694 1183 ἅγιον
719 1147 804 1179 οὕτως
819 1148 907 1182 λέγεις

125 1196 212 1230 ἀγιον,
231 1195 268 1227 ὡς
283 1195 345 1226 τοὺς
359 1194 500 1229 ἀγγέλους,
516 1193 533 1230 ἦ
549 1194 586 1226 ὡς
604 1194 649 1220 τὸν
666 1193 776 1228 Πατέρα
795 1194 841 1220 καὶ
863 1193 907 1220 τὸν

126 1243 206 1275 Υίόν;
221 1241 332 1270 Μακεδ.
349 1242 392 1272 Ὠς
407 1241 452 1267 τὸν
466 1240 573 1275 Πατέρα
598 1240 644 1266 καὶ
667 1239 712 1266 τὸν
736 1240 807 1266 Υίόν.
829 1239 906 1272 Ὀρθ.

126 1289 182 1324 Τῆς
193 1288 276 1324 αὐτῆς
286 1288 340 1323 ἄρα
356 1286 462 1322 φύσεώς
474 1288 531 1314 ἐστι
548 1286 634 1321 Πατρὶ
648 1286 696 1312 καὶ
711 1285 784 1320 Υῑῷ;
797 1285 907 1313 Μακεδ.

126 1335 181 1361 Καὶ
198 1334 221 1360 εἰ
233 1333 350 1368 ἀληθῶς,
366 1333 403 1363 ὡς
418 1332 520 1365 λέγετε,
535 1331 583 1366 μία
600 1330 679 1365 φύσις
699 1331 756 1357 ὲστί
768 1339 775 1345 ·
799 1330 909 1362 καθέζε-

127 1390 171 1408 ται
179 1381 207 1408 δὲ
226 1382 240 1407 6
253 1381 316 1412 Υἱὸς
331 1381 362 1406 ὲκ
375 1378 469 1411 δεξιῶν
481 1378 528 1404 τοῦ
545 1378 650 1413 Πατρός
662 1386 668 1393 ’
693 1377 744 1404 ποῦ
766 1376 909 1408 καθέζεται

126 1427 157 1455 τὸ
173 1427 284 1462 Πνεῦμα
294 1436 301 1459 ;
314 1427 390 1459 Ὀρθ.
405 1426 456 1452 Σὺν
463 1424 536 1459 αὑτῷ
543 1423 581 1459 τῷ
589 1422 708 1459 Χριστῷ.
718 1423 749 1449 El
757 1423 809 1458 γὰρ
819 1423 908 1458 ἡμεῖς,

126 1474 164 1505 ὡς
177 1473 250 1507 λέγει
264 1472 378 1504 Παῦλος,
393 1469 624 1505 συγκαθεζόμεθα,
636 1469 713 1504 δῆλον
726 1470 765 1495 ὅτι
775 1468 853 1503 (17”·)
864 1468 910 1494 καὶ

126 1520 157 1548 τὸ
165 1519 276 1554 Πνεῦμα
285 1527 294 1534 -
310 1518 353 1545 διὰ
365 1517 418 1553 γὰρ
430 1516 494 1544 αὐτὸ
509 1516 555 1542 καὶ
570 1516 660 1550 ἡμεῖς.
674 1514 785 1541 Μακεδ.
798 1513 852 1540 Ποῦ
863 1514 909 1547 γέ-

127 1574 257 1602 γραπται,
276 1565 316 1591 ὅτι
332 1565 378 1590 και
402 1564 480 1598 ἡμεῖς
504 1560 740 1596 συγκαθεζόμεθα;
762 1561 838 1593 Ὀρθ.
864 1560 907 1586 Ἐν

127 1612 161 1646 τῇ
183 1610 250 1645 πρὸς
271 1609 408 1643 Ἐφεσίους
427 1607 569 1642 Ἐπιστολῇ
585 1607 737 1642 γέγραπται
749 1614 755 1620 ·
774 1615 783 1630 ι
795 1606 850 1631 Kal.
864 1604 908 1631 6v-

127 1665 177 1688 τας
190 1656 264 1692 ἡμᾶς
276 1655 388 1690 νεκροὺς
400 1655 455 1685 τοῖς
467 1652 680 1689 παρα-πτώμασι,
694 1651 909 1686 συνεζωοποίηεε

126 1702 166 1738 τῷ
177 1701 296 1738 Χριστῷ,
316 1702 363 1728 καὶ
379 1701 530 1736 συνήγειρε,
546 1699 592 1725 καὶ
609 1697 782 1725 συνεκάθισεν
804 1698 832 1723 ὲν
854 1698 909 1728 τοῖς

128 1749 260 1785 οὐρανοῖς.
274 1757 283 1773 ι
293 1747 433 1774 Ἀδύνατον
441 1746 468 1772 δὲ
477 1745 636 1779 συγκαθίσαι
644 1743 703 1770 τινὰ
709 1743 747 1778 τῷ
755 1742 864 1778 Χριστῷ
874 1742 910 1777 μὴ

128 1795 271 1830 γενόμενον
287 1793 349 1820 ναὸν
358 1792 404 1819 τοῦ
418 1792 582 1827 Πνεῦματος.
592 1791 622 1817 El
636 1790 663 1816 δὲ
678 1790 692 1815 ὁ
705 1789 768 1820 ναὸς
780 1787 911 1822 συγκαθέ-

131 1840 216 1872 Cant,
234 1839 259 1866 τί
270 1839 303 1866 ἂν
318 1839 404 1869 εἴποις
417 1837 480 1873 περὶ
494 1837 542 1864 τοῦ
559 1835 724 1866 ἐνοικοῦντος
738 1833 910 1869 Πνεύματος;

130 1886 239 1914 Μακεδ.
260 1885 447 1912 Ἀποστολικὸν
455 1884 485 1910 τὸ
495 1883 605 1918 Πνεῦμά
618 1883 690 1909 ἐστιν
702 1890 708 1896 ·
722 1879 911 1908 ἀποστέλλεται

129 1933 192 1968 γάρ.
211 1932 287 1966 ὀρθ.
309 1932 337 1958 '0
351 1931 403 1967 γὰρ
425 1930 488 1962 Υἱὸς
509 1930 557 1956 οὑκ
574 1928 779 1959 ἀποστέλλεται;
801 1925 910 1953 Μαλιεδ.

130 1979 194 2006 Ναί.
204 1979 280 2012 ’ορθ.
289 1978 335 2012 Μὴ
348 1978 401 2004 ἀπὸ
408 1977 489 2003 τόπου
501 1977 540 2007 εις
551 1975 631 2001 τόπον
641 1972 789 2007 ἀπεστάλης
802 1971 910 1999 Haud.

922 1546 943 1574 C

132 2023 180 2051 Οῦ·
195 2024 332 2059 πανταχοῦ
349 2023 403 2058 γὰρ
418 2022 489 2056 λέγω
500 2019 569 2048 εἶναι
592 2021 637 2047 τὸν
651 2020 713 2046 Υἱὺν
724 2018 771 2045 καὶ
789 2018 835 2044 τὸν
856 2017 914 2043 Πα-

130 2069 206 2104 τέρα.
221 2059 298 2104 ἶΟρθξ
316 2068 352 2094 Τὸ
363 2067 391 2094 δὲ
405 2066 516 2101 Πνεῦμα
529 2065 559 2092 τὸ
571 2065 647 2099 ἅγιον
663 2063 693 2090 οὐ
714 2062 851 2096 πανταχοῦ
871 2061 914 2087 λέ-

130 2123 207 2149 γεις;
225 2113 335 2141 Μίικεδ.
353 2112 416 2140 Ναί.
432 2113 508 2146 Ὀρθ.
526 2112 557 2138 Εἰ
585 2109 721 2144 πανταχοῦ
743 2109 816 2134 ἐστιν
832 2108 846 2133 ὁ
860 2108 915 2134 Πα-

130 2161 194 2196 τὴρ,
207 2161 254 2187 καὶ
267 2158 404 2194 πανταχοῦ
420 2159 493 2185 ἐστιν
509 2159 523 2184 6
549 2157 612 2188 Υἱὸς
624 2177 631 2188 ,
654 2156 701 2182 καὶ
724 2154 861 2189 πανταχοῦ
885 2153 914 2179 τὸ

132 2206 258 2241 Πνεῦμα·
273 2206 321 2240 τῆς
337 2205 422 2240 αὐτῆς
435 2203 541 2239 φύσεώς
557 2204 614 2229 ἐστι
633 2202 670 2237 τῷ
694 2201 782 2236 Πατρὶ
805 2200 852 2227 καὶ
875 2199 914 2234 τῷ

134 2252 190 2288 Υῖῷ
204 2252 234 2278 τὸ
251 2251 372 2286 Πνεῦμα.
385 2250 494 2277 Μακεδ.
510 2249 618 2283 Ἐπειδὴ
630 2248 677 2274 καὶ
689 2248 703 2274 6
716 2246 836 2277 διάϐολος
849 2253 916 2272 παν-

131 2297 213 2333 ταχοῦ
225 2298 291 2329 ὲστι,
308 2298 355 2332 τῆς
367 2297 450 2331 αὐτῆς
463 2294 569 2330 φύσεώς
593 2295 649 2320 ὲστι
672 2293 759 2328 Πατρὶ
775 2291 821 2318 καὶ
837 2290 913 2326 Υἰῴς

132 2344 211 2378 Ὀρθ.
226 2343 282 2370 υὺκ
297 2343 354 2369 ἔστι
367 2340 504 2376 πανταχοῦ
526 2341 540 2367 6
562 2338 683 2369 διάϐολος
696 2347 703 2354 ·
726 2337 787 2364 οὔτε
809 2337 863 2372 γὰρ
887 2337 915 2362 ὲν

132 2389 172 2425 τῷ
185 2388 290 2424 οὐρανῷ
304 2389 389 2419 ἐστιν,
410 2386 471 2413 οὔτε
485 2387 513 2413 ὲν
527 2385 599 2421 πάσῃ
620 2386 652 2420 τῇ
673 2385 707 2420 γῇ
718 2392 725 2399 ⁸
742 2383 799 2410 ἀλλ’
822 2383 916 2417 ὥσπερ

132 2443 174 2465 τις
184 2433 314 2469 τύραννος
326 2434 354 2460 ὲν
366 2433 441 2467 τόπῳ
452 2432 504 2458 τινὶ
517 2430 565 2462 ὢν,
579 2430 622 2457 διὰ
631 2430 684 2456 τῶν
700 2428 916 2464 προσταγμάτων

133 2479 229 2506 ἑαυτοῦ
243 2478 413 2505 ἀποστέλλων
428 2477 574 2513 ὑπηκόους,
594 2474 731 2510 πανταχοῦ
749 2475 859 2510 κρατεῖν
872 2473 916 2500 λέ-

133 2533 221 2559 γεται,
235 2524 298 2552 ἔνθα
311 2525 380 2552 εἰσιν
394 2525 422 2551 αἱ
447 2523 665 2560 ὑπηρετούμεναι
678 2521 752 2556 αὐτῷ
771 2521 899 2555 δυνάμεις
909 2528 916 2535 ·

133 2571 180 2597 καὶ
193 2572 226 2606 τῇ
245 2571 293 2605 μὲν
308 2570 454 2597 ὑποστάσει
467 2571 495 2596 ἐν
508 2570 548 2596 ἐνὶ
562 2569 636 2603 τόπῳ
654 2567 712 2594 ἐστί
722 2575 729 2582 ·
745 2567 778 2602 τῇ
796 2566 825 2593 δὲ
848 2567 920 2601 ἐνερ-

133 2616 195 2652 γείᾳ
206 2616 254 2644 τοῦ
267 2616 417 2653 θελήματος
431 2615 569 2651 πανταχοῦ
579 2623 583 2628 ’
594 2615 659 2641 ὅπου
668 2613 688 2640 δ’
697 2613 730 2640 ἂν
742 2613 840 2648 κρατῇ,
851 2610 920 2639 εἶναι

134 2661 243 2689 λὲνεται
251 2670 258 2678 ’
272 2661 357 2694 οὕτως
369 2662 416 2688 και
429 2663 443 2688 6
454 2660 575 2692 διάὖολος
583 2661 616 2694 τῇ
630 2658 678 2694 μὲν
690 2657 836 2684 ὑποστάσει
844 2664 920 2691 περι-

170 2731 195 2749 ⁸⁸
212 2731 307 2760 Matth.
325 2739 360 2764 ι,
375 2730 421 2759 20.
458 2731 481 2747 ⁸⁸
499 2729 558 2758 Joel
574 2737 605 2762 ιι,
623 2728 670 2756 28.
709 2727 732 2744 ’⁸
749 2725 804 2754 Tit.
821 2733 862 2758 ιιι,
879 2724 937 2752 4-6.

187 2801 254 2836 l7“)
269 2799 507 2836 Vfulgqonlovdyt.
526 2797 606 2836 Eutr.

955 242 1012 266 tum
1029 244 1145 268 testatur
1167 247 1215 274 per
1231 238 1392 274 prophetam
1406 238 1541 265 dicentem
1555 245 1562 264 :
1577 245 1586 262 ι
1603 235 1631 262 ln
1647 235 1739 263 novis-

954 285 1032 313 simis
1045 285 1141 312 diebus
1156 285 1293 312 eﬂ'undam
1306 284 1340 312 de
1352 283 1449 319 spiritu
1466 290 1527 310 meo
1540 289 1620 316 super
1632 287 1739 309 omnem

953 337 1065 358 carnem
1075 331 1108 357 δ’.
1127 340 1137 356 ι
1153 330 1256 357 Macati.
1276 329 1363 357 Filius
1378 332 1420 357 est
1433 328 1480 363 qui
1497 328 1619 363 loquitur

989 377 1032 404 Η.
1057 376 1133 405 Οι-ιΙι.
1154 376 1313 411 Apostolum
1335 376 1404 410 lege,
1420 378 1450 401 ut
1469 374 1557 409 ipsum
1573 373 1677 401 audias.
1694 373 1740 401 Sic

953 423 1025 450 enim
1041 423 1085 450 ille
1104 422 1137 449 ad
1154 422 1318 457 discipulum
1334 429 1412 449 suum
1430 421 1554 448 scribens
1567 420 1621 447 ait:
1637 429 1646 445 ι
1662 419 1740 447 Post-

953 477 1034 504 quam
1050 468 1175 503 apparuit
1191 469 1276 503 gratia
1293 467 1443 494 Salvatoris
1458 466 1544 493 nostri
1561 465 1618 497 Dei,
1637 473 1692 493 non
1706 473 1740 493 ex

954 514 1082 549 operibus
1097 513 1218 547 justitiac.
1235 521 1295 548 qua:
1310 512 1422 540 fecimus
1442 519 1504 543 nos,
1529 511 1575 538 sed
1589 510 1738 538 secundum

955 567 1032 587 suam
1046 558 1264 586 misericordiam
1280 558 1368 585 salvos
1382 565 1432 584 nos
1449 556 1522 588 fecit,
1541 564 1588 591 per
1603 556 1739 584 lavacrum

955 603 1168 639 regenerationis
1180 607 1207 629 et
1222 603 1404 631 renovationis
1418 602 1536 637 Spiritus
1547 601 1645 631 sancti,
1660 608 1739 635 quem

954 650 1048 677 etfudit
1068 650 1094 676 in
1120 657 1170 676 uos
1184 649 1291 676 abunde
1308 656 1356 683 per
1384 647 1476 675 Iesum
1493 647 1630 675 Christum
1647 646 1739 674 Domi-

954 703 1020 722 num
1043 694 1211 721 Salvatorem
1234 698 1358 721 nostrum
1384 693 1418 720 δο.
1444 702 1453 718 ι
1483 691 1586 719 Maced.
1612 691 1667 718 Nos
1685 699 1739 718 non

955 749 1100 777 possumus
1125 748 1207 768 unam
1228 739 1318 767 Patris
1339 743 1366 766 et
1387 738 1447 765 Filii
1471 743 1498 764 et
1515 737 1632 772 Spiritus
1652 738 1739 764 sancti

954 792 1081 814 naturam
1094 786 1225 821 proﬁteri.
1244 785 1319 813 ΟνιΙι.
1335 785 1417 819 Atqui
1432 784 1539 810 Patrem
1555 783 1612 817 ipse
1633 789 1741 816 quoque

956 837 1080 861 sanctum
1102 832 1252 863 conﬁteris,
1273 831 1307 858 de
1328 838 1382 865 quo
1397 829 1498 856 dictum
1514 831 1574 855 est:
1594 837 1603 853 ι
1625 827 1742 854 Sanctus

956 883 984 906 et
998 879 1024 905 in
1039 878 1141 905 sanctis
1155 878 1328 912 requiescens
1340 876 1374 903 δι.
1391 885 1400 902 ι
1416 874 1521 903 Maced.
1545 874 1642 901 Etiam.
1665 872 1740 901 Orth.

956 924 1063 952 Siccine
1081 928 1192 950 sanctos
1212 923 1280 950 dicis
1305 921 1425 956 angelos,
1441 919 1669 955 quemadmodum
1691 917 1743 944 Pa-

954 973 1023 997 trem
1031 969 1042 995 ?
1050 967 1152 995 Maccd.
1164 967 1257 1002 Augeli
1267 967 1418 994 sanctitatis
1434 966 1641 999 participatione
1655 963 1742 990 sancti

955 1018 1019 1042 sunt
1031 1024 1037 1041 :
1057 1013 1137 1041 Pater
1147 1017 1237 1040 autem
1247 1017 1344 1039 natura
1358 1015 1469 1038 sanctus
1479 1015 1530 1037 est.
1550 1009 1654 1045 ([-l7“'}
1665 1009 1742 1036 Orth.

955 1059 1052 1087 Filium
1075 1066 1140 1086 vero
1163 1066 1217 1085 non
1243 1058 1312 1084 dicis
1334 1056 1482 1084 sanctum?
1504 1054 1607 1083 Maced.
1633 1054 1743 1088 Etiam.)

957 1105 1034 1134 Orlh.
1049 1104 1165 1136 Siccine,
1181 1107 1211 1131 ut
1223 1102 1310 1138 angeli
1329 1102 1414 1129 sancti
1435 1107 1498 1128 sunt
1523 1099 1741 1135 participatione,

956 1151 1040 1178 Filius
1055 1154 1166 1178 sanctus
1182 1153 1234 1181 est.
1250 1155 1284 1175 an
1308 1151 1337 1175 ut
1359 1146 1457 1174 Pater?
1473 1145 1576 1173 Maced.
1601 1145 1637 1173 Ut
1652 1144 1743 1175 Pater.

957 1198 1002 1224 cui
1019 1205 1081 1223 etim
1095 1196 1122 1223 in
1145 1195 1273 1223 omnibus
1289 1193 1405 1222 similem
1427 1192 1566 1228 proﬁteor.
1585 1191 1662 1219 Orth.
1681 1190 1744 1225 Spi-

957 1244 1038 1271 ritum
1061 1246 1185 1270 sanctum
1209 1241 1340 1268 eademne
1361 1239 1475 1271 ratione,
1496 1245 1550 1272 qua
1574 1236 1694 1271 angelos,
1711 1243 1744 1262 an

957 1295 1011 1322 qua
1028 1286 1135 1314 Patrem
1155 1290 1182 1314 et
1198 1285 1307 1317 Filium,
1322 1288 1447 1311 sanctum
1469 1282 1625 1310 conﬁteris?
1640 1280 1744 1307 Haud.

958 1333 1059 1360 Eadem
1076 1340 1129 1367 qua
1145 1332 1251 1359 Patrem
1272 1335 1299 1358 et
1315 1329 1423 1357 Filium.
1450 1328 1526 1357 Ort/t.
1549 1327 1675 1361 Ejusdem
1694 1327 1745 1361 igi-

958 1383 1003 1407 tur
1018 1379 1096 1413 cujus
1107 1378 1185 1405 Pater
1197 1383 1223 1405 et
1239 1376 1322 1404 Filius
1337 1380 1379 1403 est
1395 1375 1524 1402 natura}?
1539 1373 1643 1400 Maced.
1659 1372 1686 1399 Si
1702 1380 1746 1400 re-

958 1433 1033 1457 vera,
1054 1430 1082 1452 ut
1097 1424 1246 1455 afﬁrmatis,
1261 1430 1315 1449 una
1332 1425 1429 1448 natura
1445 1425 1504 1448 est:
1526 1424 1552 1446 et
1573 1426 1638 1445 vero
1661 1417 1747 1444 Filius

960 1471 994 1498 ad
1009 1471 1132 1498 dextram
1148 1469 1237 1496 Patris
1252 1467 1341 1495 sedet:
1356 1467 1401 1494 ubi
1425 1466 1500 1493 sedet
1517 1463 1652 1499 Spiritus?
1669 1462 1745 1490 Ort/t.

960 1516 1037 1552 Apud
1059 1516 1197 1544 Christum
1210 1515 1309 1549 ipsum.
1325 1512 1353 1539 Si
1371 1512 1453 1542 enim,
1469 1515 1496 1537 ut
1515 1511 1553 1536 ait
1570 1509 1680 1539 Paulus,
1697 1515 1746 1534 nos

960 1568 1066 1596 quoque
1079 1567 1173 1587 sumus
1187 1557 1342 1585 consessuri
1356 1566 1362 1583 :
1378 1564 1430 1583 non
1443 1556 1554 1582 dubium
1565 1558 1607 1581 est
1617 1557 1644 1580 et
1661 1552 1747 1587 Spiri-

958 1610 1016 1634 tum
1033 1609 1168 1636 sanclum,
1183 1604 1283 1639 quippe
1297 1610 1344 1637 per
1359 1609 1440 1637 quem
1454 1606 1482 1628 et.
1493 1608 1555 1627 nos.
1572 1598 1676 1626 Haud.
1693 1597 1746 1626 Ubi

959 1652 1089 1686 scriptum
1112 1657 1164 1682 est,
1184 1657 1234 1676 nos
1256 1655 1364 1683 quoque
1386 1654 1440 1673 una
1464 1645 1611 1674 scssuros?
1627 1643 1703 1671 Ort/t.
1717 1643 1746 1670 in

961 1697 1082 1733 Epistula
1099 1696 1133 1723 ad
1149 1694 1280 1730 Ephesios
1293 1694 1422 1728 scriptum
1437 1697 1495 1720 est:
1514 1701 1523 1716 ι
1538 1691 1605 1718 Cum
1624 1697 1747 1718 essemus

959 1743 1058 1771 mortui
1075 1742 1204 1777 peccatis,
1231 1739 1429 1767 convhiﬁcavit
1445 1745 1495 1766 nos
1520 1737 1547 1764 in
1573 1737 1693 1768 Christo,
1719 1740 1747 1764 et

961 1787 1198 1820 conresuscitavit,
1212 1790 1239 1813 ct
1253 1786 1279 1812 in
1290 1784 1446 1812 cmlestihus
1458 1783 1605 1810 consedere
1619 1782 1683 1810 fecit
1695 1782 1727 1809 ".
1736 1792 1746 1808 ι

960 1835 1019 1862 Non
1034 1837 1122 1869 potest
1145 1833 1217 1860 enim
1241 1839 1293 1858 una
1308 1839 1369 1858 cum
1386 1829 1496 1857 Christo
1511 1829 1616 1860 sedere,
1632 1829 1687 1855 nisi
1701 1828 1747 1863 qui

961 1881 1091 1915 templum
1116 1878 1235 1914 Spiritus
1252 1878 1341 1905 factus
1353 1882 1403 1904 est.
1422 1875 1499 1908 Quod
1515 1875 1536 1902 si
1552 1875 1680 1909 templum
1694 1882 1748 1901 una

963 1927 1049 1959 sedet,
1065 1925 1130 1960 quid
1149 1925 1182 1952 de
1196 1923 1363 1951 inhabitante
1387 1922 1489 1956 Spiritu
1509 1921 1629 1948 dixeris?
1643 1920 1747 1948 Haced.

963 1972 1081 2008 Spiritus
1101 1976 1143 1999 est
1167 1971 1289 1997 missus:
1314 1969 1433 1995 mittitur
1457 1967 1540 1994 enim.
1558 1967 1633 1994 ΟνιΙι.
1652 1967 1748 1994 Annon

963 2019 1079 2047 mittitur
1103 2022 1130 2045 et
1153 2017 1260 2044 Filius?
1281 2014 1384 2042 Maced.
1410 2014 1507 2041 Etiam.
1531 2013 1607 2041 ΟνιΙι.
1630 2012 1699 2039 Num
1716 2013 1749 2040 de

963 2065 1023 2093 loco
1039 2065 1066 2091 in
1081 2064 1171 2091 locum
1189 2063 1290 2090 missus
1304 2061 1364 2089 est?
1386 2059 1490 2087 Maced.
1507 2059 1632 2086 Minime:
1649 2058 1749 2085 Filium

963 2111 1035 2138 enim
1052 2113 1078 2137 et
1096 2109 1204 2136 Patrem
1229 2108 1330 2142 ubique
1354 2114 1415 2134 esse
1438 2105 1508 2133 (lico.
1526 2104 1601 2131 Orth.
1618 2103 1750 2138 Spiritum

965 2165 1018 2184 non
1034 2156 1102 2183 dicis
1117 2163 1178 2183 esse
1194 2154 1312 2189 ubique?
1327 2152 1430 2179 Μαῖρά.
1446 2151 1543 2178 Etiam.
1561 2149 1636 2177 Orth.
1652 2149 1679 2176 Si
1694 2149 1752 2182 ubi-

932 2218 952 2244 D
965 2211 1017 2238 que
1033 2205 1075 2230 est
1092 2200 1182 2234 Pater,
1200 2205 1227 2228 et
1240 2199 1340 2233 ubique
1360 2202 1401 2225 est
1418 2197 1513 2228 Filius,
1529 2199 1555 2223 et
1570 2195 1669 2229 ubique
1685 2194 1752 2229 Sp'-

960 2250 1036 2280 ritus
1051 2251 1182 2275 sanctus:
1207 2245 1328 2280 ejusdem
1347 2244 1429 2279 igitur
1453 2251 1485 2270 ac
1511 2241 1590 2269 Pater
1615 2245 1642 2268 et
1667 2240 1751 2268 Filius

965 2299 1070 2322 natum
1086 2297 1128 2321 est
1147 2291 1266 2327 Spiritus
1289 2293 1411 2318 sanctus.
1426 2288 1529 2315 Maced.
1551 2287 1618 2314 Cum
1639 2293 1702 2313 vero
1724 2289 1752 2312 et

966 2339 1090 2367 diabolus
1104 2338 1205 2372 ubique
1220 2337 1266 2368 sit,
1283 2337 1335 2364 erit
1351 2340 1378 2363 et
1391 2336 1435 2363 ille
1447 2333 1569 2369 ejusdem
1585 2340 1616 2360 ac
1629 2331 1709 2358 Pater
1724 2335 1751 2361 et

966 2385 1052 2412 Filius
1068 2384 1194 2412 natura}?
1212 2382 1287 2410 Orth.
1301 2381 1431 2408 Diabolus
1444 2387 1499 2407 non
1516 2379 1617 2412 ubique
1634 2379 1685 2404 est.
1701 2375 1752 2404 N8?

966 2438 1019 2465 que
1037 2429 1110 2456 enim
1132 2429 1160 2456 in
1187 2428 1258 2455 cmlo
1275 2430 1328 2458 est,
1353 2433 1442 2460 neque
1459 2425 1487 2451 in
1510 2423 1641 2450 universa
1661 2424 1752 2453 terra;

967 2473 1015 2502 sed
1032 2477 1062 2500 ut
1073 2478 1213 2509 tyrannus
1229 2472 1328 2507 aliquis
1343 2471 1369 2498 in
1385 2469 1502 2505 quodam
1515 2468 1574 2494 loco
1590 2466 1753 2497 consistens,

969 2519 1110 2546 ministros
1130 2518 1266 2545 mandatis
1283 2517 1433 2544 instructos
1456 2514 1579 2544 mittens,
1599 2511 1755 2544 ubicunque

970 2565 1096 2600 potentiae
1111 2571 1168 2592 sum
1184 2563 1325 2591 ministros
1341 2562 1433 2592 habet,
1447 2559 1549 2587 ibidem
1565 2556 1699 2585 dominari
1710 2556 1754 2583 di-

970 2611 1061 2638 citur:
1086 2614 1113 2638 et
1130 2609 1270 2645 bypostasi
1296 2608 1404 2642 quidem
1425 2613 1481 2634 uno
1500 2605 1528 2632 in
1554 2604 1614 2632 loco
1637 2605 1690 2634 est,
1707 2600 1755 2629 sed

973 2657 1132 2692 operatione
1148 2655 1231 2692 480
1247 2654 1396 2682 voluntatis
1414 2652 1569 2686 ubicunque
1588 2647 1755 2679 dominatur,

975 2725 997 2741 "
1018 2725 1070 2753 lsa.
1087 2732 1158 2756 LVII,
1177 2724 1223 2752 ‘15.
1261 2723 1285 2738 "
1309 2721 1410 2757 Ephes.
1431 2727 1462 2752 ιι,
1479 2719 1511 2752 5,
1529 2719 1555 2745 6.

187 2824 267 2871 ii“)
280 2824 506 2863 uétbéis'uia'ui'
522 2824 624 2863 Graeco.
639 2831 685 2860 sed
702 2833 835 2860 hauentur
855 2829 881 2857 in
905 2828 986 2857 veteri
1003 2826 1222 2862 interpretatione
1238 2824 1343 2852 Latina.
