1926 3068
202 122 271 150 1507

764 125 793 154 S.
813 126 1046 155 ATHANASIUS.
1064 142 1100 148 —-
1118 127 1254 156 SPURIA.

1756 127 1767 154 ί
1772 125 1829 155 308

202 180 302 209 ibidem
324 188 386 210 esse
401 181 520 209 dicitur:
546 183 605 218 pari
630 180 711 211 modo
737 183 862 212 diabolus
883 193 990 220 quoque

1044 186 1154 221 ἔρχεται
1178 186 1232 212 ἀπὺ
1247 185 1330 212 τόπου
1351 185 1391 216 είς
1413 185 1504 217 τόπον,
1525 185 1558 219 τῇ
1579 184 1606 210 δὲ
1630 184 1753 220 ἐνεργείᾳ
1775 183 1827 210 τοῦ

203 227 342 262 bypostasi
365 228 475 262 quidem
500 235 550 256 sua
576 228 610 256 de
629 230 690 256 loco
713 230 740 257 in
765 230 854 258 locum
874 231 989 266 transit;

201 274 361 308 operatione
375 279 465 301 autem
489 275 636 303 voluntatis
659 275 760 310 ubique
781 282 916 304 terrarum
936 281 998 309 est.

203 319 344 346 voluntate
367 320 428 354 ejus
448 324 578 354 operante
603 321 630 348 in
656 331 665 346 ι
687 321 750 350 ﬁliis
768 322 922 350 dilﬁdentia:
944 331 992 358 per

202 366 340 400 principes
357 371 384 392 ct
400 370 561 400 potestates,
577 371 603 394 et
619 368 713 394 mundi
731 371 852 396 rectores
867 369 992 396 tenebra-

202 419 263 438 rum
277 411 312 438 ⁸⁸.
331 421 340 436 ι
362 410 443 438 Pater
457 418 559 445 autem,
579 417 606 440 et
624 412 709 440 Filius
734 417 761 441 et
786 413 905 449 Spiritus
926 423 991 442 san-

201 460 262 483 ctus
278 457 440 488 substantia,
457 459 577 492 potentia
592 462 618 485 et
633 459 719 492 gloria
741 460 842 494 ubique
861 461 889 488 in
905 461 991 488 omni-

201 501 253 528 bus
271 505 298 528 et
311 509 358 535 per
367 502 458 528 omnia
476 506 550 529 sunt.
572 502 651 535 Quod
665 503 689 530 si
706 503 742 530 ita
759 510 818 531 est:
837 513 891 532 una
908 506 991 541 igitur

201 551 243 574 est
256 546 356 578 Patris.
373 547 433 574 Filii
455 554 480 575 et
501 548 620 583 Spiritus
638 550 726 576 sancti
748 550 911 578 substantia.
929 551 989 578 Ma-

201 593 258 619 ced.
282 593 362 620 Pater
383 593 492 627 quidem
512 598 539 620 et
556 593 640 621 Filius
664 595 819 622 substantia
845 601 871 623 et
894 597 989 625 volun-

203 643 258 666 tate
283 643 311 666 et
332 639 452 674 potentia
474 644 501 666 et
521 640 606 674 gloria
623 640 725 675 ubique
745 646 772 668 et
793 642 818 668 in
839 643 987 671 omnibus:

203 683 322 720 Spiritus
338 691 426 712 autem
442 685 479 713 ibi
494 689 546 717 est,
569 694 623 721 quo
641 687 767 714 mittitur.
785 687 859 715 Orth.
875 689 989 722 Quamlo

203 731 285 765 igitur
303 731 330 758 in
355 731 526 758 caanaculum
547 733 630 763 venit.
648 733 675 759 in
690 741 744 767 quo
760 739 838 760 erant
851 734 988 769 discipuli.

202 777 326 812 seditque
343 785 424 812 supra
451 777 574 812 singulos
599 786 705 808 eorum.
727 787 781 806 non
805 784 936 807 erattqu
961 781 987 808 iu

203 823 272 850 cmlo
287 824 413 858 quoque?
434 822 538 850 Maced.
558 823 669 851 Gabriel
688 825 796 860 quando
819 826 853 853 ad
875 825 986 854 Mariam

203 869 304 896 missus
321 872 372 899 est,
386 876 439 895 non
461 874 519 896 erat
544 873 600 896 tum
621 871 647 897 iu
670 872 739 898 cmlo
764 873 889 906 quoque?
909 872 984 900 Orl/t.

202 913 262 941 Non
286 914 449 945 Substantia,
471 915 518 942 sed
539 916 713 950 cogitatione.
736 916 839 946 Macati.
861 918 932 945 ldeiu
953 919 986 946 de

204 959 306 994 Spiritu
323 960 394 987 dico.
413 959 488 987 Orllt.
506 959 535 987 Et
555 961 693 996 quomodo
710 962 788 989 audis
803 971 865 989 eum
883 964 928 998 qui
946 964 986 991 di-

203 1005 262 1032 cit:
287 1014 296 1030 ι
315 1004 433 1040 Spiritus
458 1005 566 1033 Domini
589 1007 702 1041 replevit
720 1007 814 1034 orbem
835 999 985 1041 terrarum;

202 1056 230 1079 et
244 1052 296 1078 hoc
320 1052 393 1087 quod
413 1055 535 1080 continet
557 1054 648 1080 omnia
674 1055 816 1081 scientiam
840 1055 920 1082 habet
940 1063 988 1083 vo-

203 1099 244 1125 cis
256 1098 296 1124 "1
314 1107 323 1123 ι
341 1099 411 1131 Quid
431 1104 471 1125 est
488 1103 577 1125 autem
599 1099 683 1131 aliud,
698 1099 770 1134 quod
789 1099 836 1127 Dei
853 1101 987 1136 cognitio-

203 1150 264 1170 nem
276 1142 384 1173 habeat,
401 1150 481 1177 quam
497 1142 625 1176 Spiritus.
641 1143 674 1170 de
697 1150 751 1177 quo
774 1143 884 1175 dicitur,
903 1153 912 1169 ‹
928 1143 987 1178 Spi-

203 1189 272 1215 ritus
292 1188 412 1215 scientia:
427 1191 454 1214 et
477 1188 585 1222 pietatis
607 1189 649 1214 "?
667 1199 676 1214 ι
702 1188 806 1216 Maced.
829 1188 988 1216 Sanctiﬁca-

203 1234 286 1262 tionis
309 1233 428 1268 Spiritus
444 1233 489 1261 ille
510 1238 561 1261 est.
583 1233 660 1261 Orth.
676 1235 773 1261 Annon
789 1235 940 1262 sanctiﬁcat
961 1240 988 1262 et

203 1279 302 1306 Pater?
314 1279 366 1306 Aut
381 1287 433 1306 non
447 1280 578 1314 scriptum
590 1284 631 1306 est
644 1281 670 1306 iu
685 1280 859 1314 Evangeliis:
878 1280 985 1311 «Pater.

203 1324 340 1351 sanctiﬁca
357 1325 417 1351 illos
431 1325 458 1351 iu
475 1325 589 1352 veritate
605 1329 652 1352 tua
665 1325 712 1352 “‘I
729 1336 737 1350 ι
755 1325 786 1351 Et
802 1333 851 1360 per
869 1326 987 1361 prophe-

205 1374 258 1396 tam
285 1370 323 1396 ait
344 1379 351 1396 :
379 1379 388 1395 ι
408 1369 465 1405 Ego
493 1369 624 1398 Dominus
651 1371 826 1398 sanctiﬁcans
851 1371 911 1399 illos
925 1372 958 1400 ".
975 1382 984 1398 I

205 1415 308 1443 Maced.
331 1415 488 1443 Sauctiﬁcat
507 1417 586 1452 plane
601 1422 628 1444 et
649 1417 730 1445 Pater
748 1422 775 1444 ct
792 1417 887 1446 Filius.
909 1417 985 1446 Orth.

205 1461 233 1489 Si
251 1462 400 1489 sanctiﬁcat
416 1462 503 1495 Pater,
518 1462 672 1490 sanctiﬁcat
685 1466 712 1489 et
732 1462 828 1494 Filius,
843 1466 869 1490 et
883 1464 988 1491 sancti-

1042 230 1192 265 θελήματος
1206 230 1342 265 πανταχοῦ
1355 230 1417 265 γῆς,
1435 229 1627 265 ὲνεργουμένου
1641 229 1686 256 τοῦ
1703 230 1828 265 θελήμα-

1040 285 1085 308 τος
1098 275 1179 302 αὑτοῦ
1195 277 1223 302 ἐν
1243 285 1252 301 t
1270 278 1325 308 τοῖς
1338 277 1405 306 υἱοῖς
1421 276 1470 311 τῆς
1484 275 1632 308 ἀπειθείας,
1650 275 1694 302 διὰ
1708 276 1762 302 τῶν
1776 276 1830 312 ἁρ-

1041 321 1095 357 χῶν
1107 322 1153 347 καὶ
1167 322 1220 347 τῶν
1233 321 1370 353 ἐξουσιῶν,
1388 321 1434 347 καὶ
1457 321 1510 347 τῶν
1531 320 1759 355 κοσμοκρατόρων
1776 320 1828 347 τοῦ

1041 370 1162 397 σκότους.
1187 379 1196 395 ι
1213 369 1306 404 Πατὴρ
1320 369 1357 399 δὲ,
1376 369 1423 395 καὶ
1447 369 1520 400 Υἱὸς,
1541 369 1588 395 καὶ
1600 368 1685 402 ἅγιον.
1701 369 1828 404 Πνεῦμα,

1040 414 1129 449 οὐσίᾳ,
1146 414 1191 440 καὶ
1206 414 1328 448 δυνάμει,
1346 414 1392 440 καὶ
1407 413 1469 449 δόξῃ
1484 413 1630 448 πανταχοῦ,
1646 414 1692 440 καὶ
1704 414 1731 439 ὲν
1744 414 1826 446 πᾶσι,

1040 460 1088 486 καὶ
1106 459 1151 485 διὰ
1166 460 1273 486 πάντων
1295 459 1372 485 εἰσίν.
1397 459 1428 485 El.
1451 458 1479 484 δὲ
1496 458 1585 489 τοῦτο,
1604 458 1652 493 μία
1676 458 1729 494 ἄρα
1745 458 1828 485 οὐσία

1040 506 1155 540 Πατρὸς,
1172 506 1218 531 καὶ
1239 505 1313 536 Tim"),
1341 505 1387 531 καὶ
1412 505 1488 538 ἁγίου
1514 504 1680 538 Πνεύματος.
1710 503 1825 530 Μακεδ.

1039 543 1134 586 Πατὴρ
1149 551 1197 586 μὲν
1210 551 1256 577 καὶ
1271 551 1333 582 Υἱὸς
1345 551 1423 585 οὐσία
1438 550 1484 576 καὶ
1501 550 1580 585 βουλῇ
1593 551 1638 576 καὶ
1655 550 1766 585 δυνάμει
1777 550 1828 576 καὶ

1039 597 1102 632 δόξῃ
1116 596 1253 631 πανταχοῦ
1268 597 1313 622 καὶ
1326 597 1354 622 ἐν
1372 597 1452 622 πᾶσι·
1470 595 1500 622 τὸ
1509 595 1537 622 δὲ
1547 595 1659 630 Πνεῦμα
1670 597 1727 622 ἐκεῖ
1737 597 1825 627 ἐστιν,

1039 643 1103 670 ἔνθα
1119 642 1320 669 ἀποστέλλεται.
1337 643 1414 676 Ὀρθ.
1433 643 1496 668 Ὅτε
1512 639 1558 668 οὖν
1577 641 1709 676 κατῆλθεν
1730 643 1759 668 ὲν
1784 642 1826 677 τῷ

1040 689 1155 724 ὑπερῴῳ
1171 688 1233 714 ἔνθα
1246 686 1316 722 ἦσαν
1329 688 1352 714 οἱ
1368 687 1497 722 μαθηταὶ,
1512 687 1559 713 καὶ
1573 687 1698 713 ἐκάθισεν
1713 687 1756 721 ἐφ’
1775 687 1827 714 ἕνα

1039 735 1153 761 ἕκαστον
1170 734 1268 766 αὐτῶν,
1285 734 1334 760 οὐκ
1350 732 1383 768 ἦν
1399 734 1444 760 καὶ
1460 734 1489 760 ἐν
1512 733 1551 768 τῷ
1575 733 1694 768 οὺρανῷς
1711 733 1825 760 Μακεδ.

1046 781 1075 806 Ὀ
1088 779 1142 815 γὰρ
1158 779 1288 815 Γαῆριὴλ,
1309 780 1353 806 ὅτε
1372 779 1510 814 ἀπεστάλη
1536 779 1604 814 πρὸς
1630 778 1678 813 τὴν
1702 779 1824 814 Μαρίαν,

1040 825 1089 851 οὐκ
1101 823 1134 859 ἦν
1145 825 1192 851 καὶ
1205 826 1233 851 ἐν
1245 824 1284 860 τῷ
1297 825 1421 860 οὑρανῷ;
1442 825 1517 858 Ὀρθ.
1536 824 1630 859 Οὑσίᾳ,
1641 823 1671 850 οὗ
1683 832 1690 839 ·
1707 823 1826 859 διανοίᾳ,

1017 858 1024 882 ⁵
1038 871 1090 898 ναί.
1106 858 1214 898 Itidem.
1228 858 1305 897 Οὓεω
1320 858 1395 904 λέγωἾ
1412 871 1458 897 καὶ
1478 870 1508 896 τὺ
1524 858 1644 904 Πνεῦμα.
1666 869 1741 902 Ὀρθ.
1769 858 1828 896 Κᾴι

1039 916 1097 948 πῶς
1110 915 1217 948 ἀκούεις
1230 915 1276 942 τοῦ
1287 915 1420 949 λέγοντος,
1433 915 1474 941 ὅτι
1487 924 1496 940 ι
1514 915 1625 949 Πνεῦμα
1647 913 1748 949 Κυρίου
1773 921 1827 940 πε-

1039 962 1166 998 πλήρωκε
1176 962 1224 997 τὴν
1243 962 1418 997 οἰκουμένην·
1431 961 1478 987 καὶ
1489 961 1519 987 τὸ
1534 960 1644 995 συνέχον
1658 960 1744 986 πάντα
1757 958 1829 992 γνῶ-

1040 1017 1082 1034 σιν
1097 1007 1153 1043 ἔχει
1169 1007 1275 1042 φωνῆςς
1292 1017 1301 1033 ι
1319 1007 1351 1033 Τί
1364 1006 1394 1033 δέ
1412 1007 1469 1032 ἐστι
1484 1005 1514 1032 τὸ
1527 1005 1576 1040 τὴν
1587 1005 1633 1032 τοῦ
1646 1004 1711 1031 Θεοῦ
1724 1004 1829 1039 γνῶσιν

1041 1053 1112 1089 ἔχον,
1124 1053 1207 1088 ἀλλ’ἢ
1223 1054 1252 1079 τὸ
1275 1053 1397 1088 Πνεῦμα,
1412 1051 1476 1087 περὶ
1499 1048 1529 1078 οὗ
1546 1051 1665 1086 εἴρηται·
1685 1060 1694 1076 ι
1712 1050 1828 1086 Πνεῦμα

1041 1099 1166 1133 γνώσεως
1179 1099 1226 1125 καὶ
1242 1098 1399 1130 aliumet“;
1424 1107 1432 1123 ι
1451 1097 1559 1124 Μακεδ.
1581 1097 1749 1131 Ἀγιαστικὸν
1766 1097 1828 1122 ἐστι

1039 1145 1070 1172 τὺ
1086 1145 1207 1181 Πνεῦμα.
1229 1146 1306 1179 Ὀρθ.
1326 1145 1355 1171 Ὀ
1366 1144 1420 1179 γὰρ
1434 1144 1530 1179 Πατὴρ
1543 1144 1592 1178 οὐχ
1608 1143 1728 1177 ἁγιάζεις
1748 1143 1782 1169 Ἦ
1794 1144 1826 1169 οὔ

1040 1192 1192 1226 γέγραπται
1211 1191 1239 1216 ἐν
1262 1191 1318 1222 τοῖς
1340 1189 1532 1223 Εὑαγγελίοις”
1552 1198 1559 1214 ι
1578 1190 1683 1224 Πάτερ,
1713 1189 1828 1222 ἁγίασον

1041 1236 1140 1267 αὐτοὺς
1150 1237 1178 1261 ὲν
1194 1236 1226 1270 τῇ
1241 1234 1352 1270 ἀληθείᾳ
1367 1243 1431 1267 dou;
1459 1243 1468 1260 ι
1488 1234 1543 1260 Καὶ
1556 1234 1599 1261 διὰ
1621 1234 1667 1260 τοῦ
1685 1235 1828 1269 προφήτου

1039 1281 1130 1314 λέγει·
1150 1290 1159 1306 ι
1183 1280 1252 1314 Ἐγὼ
1274 1280 1375 1316 Κύριος
1399 1280 1516 1314 ἁγιάζων
1538 1280 1645 1311 αὐτούς.
1672 1288 1681 1304 ι
1711 1279 1826 1306 Μακεδ.

1040 1328 1103 1360 Ναὶ,
1115 1327 1221 1361 ἁγιάζει
1238 1327 1285 1353 καὶ
1298 1327 1312 1353 6
1324 1327 1418 1363 Πατὴρ
1430 1328 1476 1353 καὶ
1491 1328 1505 1354 ὁ
1520 1327 1594 1358 Υἱός.
1608 1327 1685 1360 Ὀρθ.
1701 1326 1732 1352 Et
1747 1325 1828 1359 ἁγιά-

1041 1373 1081 1405 ζει
1099 1374 1112 1400 ὁ
1123 1373 1216 1409 Πατὴρ
1240 1373 1288 1399 καὶ
1301 1373 1408 1407 ἁγιάζει
1423 1373 1469 1400 καὶ
1481 1374 1494 1399 6
1508 1372 1580 1404 Υἱὸς.
1594 1373 1641 1399 καὶ
1657 1371 1763 1406 ἁγιάζει
1778 1371 1828 1397 καὶ

1040 1419 1071 1445 τὸ
1090 1418 1210 1454 Πνεῦμα·
1228 1419 1278 1453 τῆς
1296 1419 1381 1454 αὐτῆς
1397 1419 1451 1455 ἄρα
1473 1418 1579 1454 φύσεώς
1601 1419 1658 1445 ἐστι
1676 1417 1764 1452 Πατρὶ
1779 1416 1828 1443 καὶ

1042 1464 1098 1499 Υἱῷ
1110 1473 1116 1479 ·
1127 1461 1163 1491 ὧν
1179 1463 1261 1500 γὰρὴ
1277 1465 1346 1500 αὐτὴ
1361 1465 1495 1501 ἐνέργεια,
1510 1465 1557 1491 καὶ
1574 1465 1590 1498 ἡ
1607 1463 1676 1498 αὑτὴ
1691 1463 1783 1497 φύσις.

205 1508 267 1535 licat
280 1515 387 1542 quoque
404 1506 522 1542 Spiritus
536 1517 542 1535 :
555 1508 675 1543 ejusdem
690 1508 771 1544 igitur
799 1509 842 1536 hic
867 1513 909 1536 est
942 1517 974 1537 ac
991 1509 1068 1538 Pater
1098 1514 1124 1538 et
1140 1509 1224 1538 Filius
1242 1515 1364 1538 natum:
1379 1519 1440 1538 nam
1453 1519 1568 1546 quorum
1582 1510 1675 1538 eadem
1690 1509 1826 1544 operatio.

203 1554 296 1582 eadem
317 1557 343 1581 et
357 1560 462 1581 natura.

240 1602 283 1631 12.
301 1601 407 1630 Muell.
422 1601 478 1631 Nos
491 1603 541 1630 vis:
557 1602 652 1631 ducem
671 1601 801 1639 Spiritum
814 1608 938 1632 sanctum
951 1604 988 1632 di-

1076 1603 1116 1629 12.
1130 1602 1240 1630 Μυκεδ.
1262 1603 1356 1637 Ἡμεῖς
1371 1601 1530 1637 ὁδηγητικὸν
1545 1600 1659 1635 λέγομεν
1673 1600 1702 1626 τὸ
1713 1600 1828 1635 Πνεῦμα

203 1649 301 1676 cimus.
319 1649 370 1682 Qui
385 1654 474 1677 autem
491 1650 541 1676 via:
561 1650 616 1676 dux
633 1655 684 1681 est.
701 1650 723 1676 is
741 1650 775 1677 ad
798 1651 879 1677 alium
904 1651 988 1677 ducit.

206 1693 282 1722 Orllt.
304 1694 399 1722 Nonne
421 1696 471 1722 via:
492 1696 547 1722 dux
570 1701 612 1722 est
647 1700 674 1722 et
701 1695 792 1723 Deus?
814 1695 917 1723 Maced.
940 1695 991 1723 Ubi

206 1741 337 1775 scriptum
352 1741 412 1768 est?
430 1740 507 1768 Orth.
521 1741 587 1773 Quis
601 1745 641 1768 est
653 1742 699 1776 qui
711 1742 787 1768 sedet
800 1750 881 1776 super
895 1742 992 1768 cheru-

207 1785 282 1811 bim?
303 1784 405 1812 Maced.
429 1785 509 1812 Deus.
525 1785 601 1813 Orllt.
623 1785 692 1812 Audi
710 1787 791 1820 igizur
809 1785 935 1812 Daridem
951 1786 992 1812 di-

208 1835 330 1858 centem:
350 1841 358 1857 t
377 1831 428 1864 Qui
441 1833 529 1866 pascis
547 1832 640 1861 Israel.
662 1832 793 1859 intende:
819 1832 865 1866 qui
879 1831 992 1858 deducis

207 1876 280 1902 velut
293 1884 370 1903 ovem
385 1876 496 1912 Josepb.
510 1877 560 1910 Qui
572 1877 650 1904 sedes
669 1885 750 1912 super
764 1878 916 1908 cherubim.
933 1884 992 1903 lua-

207 1921 337 1949 nifestare
362 1923 396 1951 ⁵⁸.
416 1933 425 1949 ι
454 1924 539 1950 Audis
563 1923 636 1958 quod
661 1927 688 1950 et
714 1928 807 1958 pascat
827 1927 854 1950 et
877 1924 993 1950 deducat

207 1966 296 1995 Deus?
311 1967 414 1996 Maced.
431 1969 531 2001 Pascit,
550 1970 646 2000 fateor,
664 1974 690 1995 et
706 1969 816 1996 deducit
841 1969 922 1999 Deus,
945 1968 993 1996 sed

208 2011 243 2038 ad
273 2013 392 2048 seipsqu
419 2014 539 2042 deducit.
568 2013 686 2048 Spiritus
711 2018 799 2040 autem
822 2021 874 2040 non
894 2014 926 2039 ad
950 2021 994 2040 se-

208 2061 308 2096 ipsum,
321 2060 368 2088 sed
378 2060 410 2087 ad
420 2068 526 2087 omnem
536 2061 674 2087 veritatem
683 2060 800 2087 deducit.
813 2059 889 2087 Ortlt.
899 2059 994 2087 Nonne

207 2113 235 2135 et
250 2107 318 2134 Deus
334 2107 366 2133 ad
387 2114 496 2134 omnem
521 2106 663 2133 veritatem
684 2105 817 2132 deducit?
839 2104 942 2132 Maced.
959 2105 994 2132 At

209 2152 268 2187 ipse
285 2159 378 2179 revera
393 2156 435 2178 est
451 2151 540 2178 omnis
558 2150 669 2178 veritas.
692 2149 769 2178 οιἰΙι.
785 2149 913 2184 Ejusdem
928 2156 994 2184 ergo

208 2199 259 2225 via:
277 2198 331 2225 dux
359 2201 411 2229 est,
433 2197 512 2231 cujus
535 2197 589 2224 dux
610 2200 651 2224 est
671 2200 697 2223 et
722 2196 849 2231 Spiritus.
874 2195 993 2228 Quorum

210 2251 274 2271 vero
289 2244 381 2271 eadem
396 2247 438 2270 est
451 2234 584 2278 operatio,
598 2242 691 2269 eadem
708 2249 817 2277 quoque
832 2247 927 2268 natura
940 2245 993 2269 est.

1041 1650 1070 1677 τὸ
1082 1650 1166 1684 ἅγιον.
1189 1649 1218 1676 Ὁ
1234 1649 1261 1676 δὲ
1278 1648 1381 1684 ὁδηγῶν
1394 1648 1461 1683 πρὸς
1476 1647 1553 1674 ἄλλον
1566 1647 1752 1681 ὁδηγεῖ,’ορθ,
1769 1647 1827 1682 Οὐχ

1040 1697 1131 1731 ὁδηγεῖ
1154 1694 1199 1722 οὖν
1225 1696 1239 1722 6
1262 1695 1345 1726 ΘεὸςΔ
1363 1695 1472 1722 Μακεδ.
1489 1694 1543 1720 Ποῦ
1560 1695 1728 1729 γέγραπται;
1748 1695 1826 1728 Ὀρθ.

1047 1743 1075 1769 '0
1092 1742 1244 1778 καθήμενος
1261 1741 1307 1768 ἐπὶ
1328 1740 1382 1766 τῶν
1396 1740 1528 1775 χερουΰὶμ
1554 1740 1595 1771 τίς
1619 1740 1694 1773 ἐστι;
1714 1739 1826 1767 Μακεδ.

1047 1789 1076 1814 '0
1094 1788 1168 1820 Θεός.
1195 1788 1272 1821 Ὀρθ.
1306 1787 1404 1813 Ἄκουε
1434 1784 1479 1812 οὖν
1505 1785 1551 1812 τοῦ
1578 1785 1659 1812 Δαὸὶδ
1683 1786 1827 1820 λέγοντος·

1045 1845 1054 1861 ι
1077 1836 1105 1862 '0
1117 1835 1268 1870 ποιμαίνων
1285 1834 1329 1861 τὸν
1346 1833 1462 1869 Ἰσραὴλ.
1475 1833 1602 1868 πρόσχες·
1618 1833 1631 1858 6
1648 1832 1752 1867 ὁδηγῶν
1763 1832 1830 1859 ὡσεὶ

1042 1881 1178 1917 πρόϐατον
1190 1881 1235 1908 τὸν
1249 1880 1357 1915 Ἰωσὴφ,
1367 1880 1380 1906 ὁ
1391 1879 1543 1913 καϐἤμενος
1557 1878 1601 1904 ἐπὶ
1617 1877 1670 1904 τῶν
1684 1877 1828 1912 χερουὸὶμ,

1042 1926 1188 1963 ἑμφάνηθι.
1206 1935 1215 1952 ι
1236 1926 1369 1957 ’Δκούεις,
1385 1926 1426 1952 ὅτι
1444 1925 1492 1952 καὶ⁸
1514 1924 1651 1959 ποιμαίνει
1669 1924 1714 1950 καὶ
1736 1923 1830 1957 ὁδηγεῖ

1043 1974 1057 1999 ὁ
1068 1973 1148 2004 Θεό;;
1161 1970 1271 1999 Μακεδ.
1287 1971 1350 2002 Ναὶ,
1366 1970 1502 2005 ποιμαίνει
1523 1969 1570 1995 καί
1589 1968 1679 2002 ὁδηγεῖ
1704 1968 1718 1993 ὀ
1745 1967 1828 1998 Θεὸςο

1045 2018 1112 2045 ἀλλὰ
1128 2018 1196 2053 πρὸς
1211 2017 1305 2044 ἑαυτὸν
1316 2017 1419 2052 ὁδηγεῖ.
1430 2015 1466 2041 T6
1482 2015 1509 2041 δὲ
1524 2013 1635 2048 Πνεῦμα
1644 2013 1673 2039 οὺ
1686 2013 1753 2048 πρὸς
1766 2013 1831 2038 ὲαυυ

1043 2066 1099 2098 τὸν,
1119 2064 1187 2092 ἀλλὰ
1211 2063 1278 2099 πρὸς
1301 2063 1390 2089 πᾶσαν
1410 2061 1457 2097 τὴν
1480 2061 1606 2096 ἀλήθειαν
1621 2059 1720 2093 ὁδηγεῖ.
1752 2059 1829 2091 Ὀρο.

1051 2112 1078 2138 ’0
1091 2111 1144 2146 γὰρ
1155 2110 1219 2141 Θεὸς
1234 2110 1264 2136 οὐ
1275 2109 1342 2144 πρὸς
1357 2109 1445 2134 πᾶσαν
1459 2107 1585 2141 ἀλήθειαν
1597 2105 1704 2140 ὁδηγεί;
1718 2103 1829 2131 Μαχεδ.

1052 2154 1120 2181 Ἀλλ’
1136 2154 1214 2185 αὺτὸς
1230 2154 1302 2179 ἐστιν
1317 2152 1424 2187 ἀληθῶς
1436 2153 1452 2186 ἡ
1468 2151 1543 2178 πᾶσα
1555 2149 1758 2184 ἁλήθεια.’ορθ.
1775 2149 1832 2183 Τὴν

1046 2199 1129 2234 αὑτὴν
1142 2199 1194 2234 ἄρα
1206 2198 1297 2232 ὁδηγεῖ
1309 2197 1430 2232 ὁδηγίαν,
1442 2197 1474 2232 ἣν
1491 2195 1582 2230 ὁδηγεῖ
1592 2194 1621 2220 τὺ
1643 2193 1764 2228 Πνεῦμα.
1781 2190 1831 2219 *Ων

1046 2245 1074 2271 δὲ
1095 2243 1194 2278 nam
1209 2242 1341 2278 ἐνέργεια,
1364 2241 1411 2268 και
1438 2241 1454 2275 ὴ
1477 2240 1545 2273 αὑτὴ
1565 2239 1655 2272 φύσις.
1681 2238 1750 2265 οὐδὲ
1777 2237 1832 2271 γὰρ

211 2288 270 2315 Non
286 2292 363 2323 potes
383 2288 454 2315 enim
471 2287 571 2319 dicere,
597 2286 728 2322 Spiritum
749 2287 828 2315 aliter
845 2287 990 2320 deducere;

1046 2290 1112 2325 δύνῃ
1124 2290 1221 2318 εἰπεῖν.
1236 2289 1276 2314 ὅτι
1293 2287 1322 2314 τὸ
1336 2287 1385 2322 μὲν
1399 2285 1511 2321 Πνεῦμα
1530 2285 1616 2316 ἄλλως
1641 2284 1742 2319 ὁδηγεῖ,
1766 2283 1781 2309 6
1803 2283 1834 2309 δὲ

213 2335 295 2361 Deum
315 2339 402 2360 autem
424 2333 458 2360 ad
478 2340 584 2360 omnem
601 2333 740 2360 veritatem
761 2332 906 2364 deducere,
932 2340 994 2360 cum

212 2379 342 2408 Dominus
356 2379 435 2407 Iesus
456 2379 565 2410 dixerit.
582 2378 711 2414 Spiritum
728 2378 761 2405 ad
774 2386 880 2406 omnem
895 2379 996 2406 verita-

210 2431 264 2454 tem
280 2434 330 2454 nos
345 2425 489 2453 deducere.
510 2424 612 2452 Haud.
629 2425 663 2451 At
682 2424 748 2456 dixi,
764 2424 848 2452 Deum
862 2432 923 2453 esse
937 2432 996 2452 om-

212 2479 273 2499 nem
295 2472 452 2501 veritatem.
478 2472 621 2506 ipsumque
641 2470 674 2498 ad
699 2472 816 2505 seipsum
842 2470 995 2498 deducere:

214 2518 344 2553 Spiritum
359 2526 423 2544 vero
439 2526 492 2545 non
508 2517 541 2544 ad
555 2518 684 2552 seipsum,
702 2517 749 2544 sed
760 2517 793 2544 ad
806 2525 914 2544 omnem
931 2517 998 2544 veri-

214 2568 307 2595 tatem,
321 2563 373 2591 hoc
387 2569 428 2591 est
441 2564 474 2590 ad
490 2563 583 2591 Deum.
598 2563 674 2591 Orth.
696 2563 724 2590 Si
740 2563 811 2590 Deus
831 2563 865 2590 ad
876 2563 996 2598 seipsum

213 2609 334 2640 deducit.
350 2617 480 2645 quorsum
499 2609 617 2644 Spiritus
637 2609 726 2636 sancti
749 2609 913 2637 deductione
929 2617 998 2644 opus

215 2657 274 2682 est?
286 2654 390 2683 Haced.
406 2655 527 2683 Primum
541 2655 650 2682 deducit
667 2654 795 2690 Spiritus.
808 2655 904 2683 deinde
915 2654 998 2683 Deus.

217 2700 293 2728 Orth.
309 2701 338 2728 Si
350 2701 395 2736 qui
409 2701 457 2728 viae
471 2701 526 2728 dux
540 2705 592 2734 est,
607 2701 640 2729 ad
656 2701 738 2729 alium
756 2701 901 2736 quemdam
915 2701 1000 2729 dedu-

251 2777 274 2812 ‘f
294 2776 392 2812 Ephes.
411 2785 441 2808 ν,
460 2777 494 2808 6;
514 2785 538 2803 vi
552 2798 558 2807 .
581 2779 620 2805 l2.

251 2777 274 2793 "
294 2777 392 2812 Ephes.
411 2785 441 2808 ν,
460 2777 494 2808 6;
514 2785 538 2803 vt
552 2798 558 2807 .
581 2779 620 2805 l2.
677 2779 700 2795 “
721 2777 786 2814 Sap.
820 2785 846 2812 ι,
877 2778 902 2806 7.

219 2812 241 2831 ”
258 2811 328 2840 Psal.
346 2820 442 2840 anx.
464 2813 496 2845 1,
514 2812 541 2838 Ξ.
770 2816 773 2821 ‘

958 2779 981 2796 "
1000 2777 1051 2807 lsa.
1079 2786 1121 2806 ιι.
1149 2778 1176 2805 2.

1048 2336 1114 2367 Θεὸς
1130 2335 1197 2371 πρὸς
1214 2335 1303 2361 πᾶσαν
1324 2334 1373 2368 τὴν
1384 2332 1525 2368 ἀλήθειανο
1552 2331 1597 2358 τοῦ
1622 2331 1724 2365 Κυρίου
1745 2328 1831 2364 Ἰησοῦ

1048 2382 1197 2417 εἰρηκότος,
1213 2381 1254 2407 ὅτι
1273 2380 1338 2406 αὐτὸ
1355 2379 1386 2405 τὸ
1410 2378 1520 2412 Πνεῦμα
1546 2377 1637 2412 ὁδηγεί
1661 2376 1735 2411 ἡμᾶς
1763 2375 1832 2410 πρὸς

1050 2429 1139 2454 πᾶσαν
1155 2428 1203 2462 τὴν
1215 2425 1352 2461 ἀλήθειαν.
1370 2424 1478 2451 Μαχεδ.
1499 2423 1566 2450 Ἀλλ’
1581 2421 1667 2450 εἶπον.
1681 2422 1720 2447 ὅτι
1735 2422 1748 2447 ὁ
1765 2420 1834 2452 Θεὸς

1049 2473 1123 2498 ἐστιν
1137 2473 1154 2506 ἡ
1169 2472 1242 2497 πᾶσα
1254 2469 1376 2505 ἀλήθεια,
1390 2470 1436 2495 καὶ
1451 2469 1530 2499 αὐτὸς
1542 2468 1608 2503 πρὸς
1622 2467 1716 2492 ἑαυτὸν
1729 2465 1833 2500 ὁδηγεῖ,

1050 2517 1081 2544 τὸ
1093 2516 1121 2543 δὲ
1135 2515 1246 2551 Πνεῦμα
1260 2516 1290 2541 οὺ
1303 2514 1371 2550 πρὸς
1386 2514 1483 2545 ἑαυτὸ,⁴
1500 2512 1568 2539 ἀλλὰ
1583 2511 1650 2547 πρὸς
1666 2511 1757 2537 πᾶσαν
1771 2510 1837 2545 ἀπή-

1050 2563 1135 2594 οειαν,
1149 2562 1163 2588 ὅ
1182 2563 1239 2588 ἐστι
1258 2561 1326 2596 πρὸς
1343 2560 1388 2586 τὸν
1411 2559 1487 2585 Θεόν.
1509 2559 1585 2592 'Opl}.
1606 2558 1660 2583 Καὶ
1678 2557 1702 2582 εί
1728 2557 1743 2582 ὁ
1768 2556 1835 2587 Θεὸς

1051 2609 1119 2645 πρὸς
1132 2608 1226 2635 ἑαυτὸν
1240 2607 1340 2642 ὁδηγεῖ,
1356 2606 1398 2637 τίς
1413 2607 1429 2641 ἡ
1445 2605 1524 2640 χρεία
1540 2604 1588 2639 τῆς
1607 2603 1652 2630 τοῦ
1675 2603 1835 2637 Πνεύματος

1051 2654 1160 2688 ὁδηγίας
1171 2662 1178 2686 ;
1194 2651 1304 2683 Magaw.
1315 2651 1426 2687 Πρῶτον
1438 2650 1529 2684 ὁδηγεῖ
1536 2649 1565 2676 τὺ
1575 2648 1696 2683 Πνεῦμα,
1710 2647 1758 2674 καὶ
1772 2647 1835 2674 τότε

1051 2699 1151 2731 ὁΘεός.
1174 2699 1250 2733 Ὀρθ.
1264 2698 1296 2725 Et
1313 2698 1327 2724 ὁ
1347 2696 1450 2732 ὁδηγῶν
1469 2695 1536 2731 πρὸς
1556 2695 1634 2722 ἄλλον
1650 2694 1710 2721 τινὰ
1730 2693 1835 2728 ὁδηγεῖ,

1228 2777 1251 2793 ⁸⁸
1269 2774 1348 2803 Joan.
1367 2781 1421 2802 svn
1437 2793 1444 2806 ,
1465 2773 1506 2802 l7.
1559 2773 1580 2789 "
1601 2771 1697 2799 Ezerh.
1716 2779 1769 2805 xx,
1790 2770 1832 2799 ιε.
