1926 3068
121 123 132 149 1
139 123 192 150 309

648 127 790 155 CONTRA
809 128 981 157 MACEDON.
1001 128 1174 157 DlALOGUS
1195 129 1213 157 Ι.

1680 127 1747 154 ιειο

120 180 213 214 ὁδηγεῖ
226 180 253 207 δὲ
269 180 299 207 τδ
313 181 424 218 Πνεῦμα
444 183 512 219 πρὸς
524 184 569 211 τὸν
579 184 660 211 Θεὸν·
676 186 722 211 καὶ
737 186 750 212 6
761 186 837 218 θεὸς,
852 186 911 222 ὁδη-

963 186 1010 218 cit.
1030 187 1140 214 deducit
1155 193 1243 214 autent
1262 185 1378 222 Spit'ilTls
1394 188 1430 212 ad
1439 181 1537 217 uarii;
1555 184 1624 211 Deus
1640 191 1748 219 quoque

119 225 189 259 γῶν,
210 227 278 262 πρὸς
302 227 379 254 ἄλλον
404 230 464 257 τινὰ
489 230 588 266 ὁδηγεῖ.
614 232 725 260 Μακεδ.
753 230 846 263 Εἶπον,
870 233 910 259 ὅτι

121 271 191 307 πρῦς
208 273 312 300 ἑαυτόν.
334 274 410 308 Ὀρθ.
435 275 491 302 Οὐκ
512 276 565 312 ἄρα
585 277 598 303 6
619 276 734 312 ὁδηγῶν,
752 278 819 313 πρὸς
834 277 910 304 ἄλλον

120 316 182 342 τινὰ
201 317 303 351 ὁδηγεῖ,
321 318 388 345 ἀλλὰ
410 320 477 355 πρὸς
495 321 600 348 ἑαυτόν.
621 322 651 348 Εἰ
672 321 699 348 δὲ
715 321 804 354 τοῦτο,
821 323 868 349 καὶ
881 323 911 349 τὸ

120 361 234 396 Πνεῦμα
249 362 370 397 ὁδηγῶν,
383 365 429 391 καὶ
442 365 509 400 πρὸς
524 366 602 392 ἑαυτὸ
615 367 715 401 ὁδηγεῖ,
729 367 775 393 καὶ
787 367 853 402 πρὸς
865 367 910 394 τὸν

120 405 242 440 Πατέρα,
256 408 303 433 καὶ
320 408 388 442 πρὸς
411 409 454 435 τὸν
475 409 547 436 Υίόν.
575 410 606 436 Ἦ
625 410 679 446 γὰρ
702 412 775 438 πᾶσα
788 411 909 447 ἀλήθεια,

121 451 191 485 πρὸς
211 452 243 487 ἢν
266 452 453 489 ὁδηγούμεοα,
473 456 489 490 ή
512 456 550 487 εἰς
570 456 678 492 Πατέρα
705 458 751 483 καὶ
778 457 841 484 Υίὸν
864 459 911 484 καὶ

119 496 199 530 ἆγιον
222 498 335 534 Πνεῦμά
360 501 432 526 ἐστιν
454 501 564 534 ὀδηγία·
593 501 642 528 κᾶν
663 502 745 537 ὁδηγῇ
767 503 780 528 6
805 503 909 538 Πατὴρ,

121 541 192 576 πρὸς
210 542 304 569 ἑαυτὸν
331 544 438 578 ὁδηγεῖ·
458 545 510 572 -κᾶν
531 546 613 581 ὁδηγῇ
642 547 672 573 τὸ
695 547 815 582 Πνεῦμα,
842 548 909 583 πρὸς

120 588 203 614 ’ἑαυτὸ
218 589 319 624 ὁδηγεῖ.
335 590 445 617 Μακεδ.
465 592 533 618 Ἀλλ’
548 590 631 624 εἷπον,
645 594 685 619 ὅτι
701 593 806 628 πρῶτον
820 593 911 630 ὁδηγεῖ

121 632 154 659 τὺ
171 633 292 669 Πνεῦμα,
308 635 355 661 καὶ
372 636 432 662 τότε
451 638 465 662 6
479 637 553 668 Θεός.
576 638 652 671 Ὄρθ.
676 639 745 664 Ἀλλ’
760 639 783 665 εί
798 640 847 674 τὴν
860 640 910 665 αὒ-

121 679 172 714 τὴν
187 680 297 715 ὁδηγίαν
316 681 407 716 ὁδηγεῖ
423 683 462 718 τῷ
477 682 536 718 θεῷ
549 684 577 709 τὸ
592 684 703 719 Πνεῦμα
720 685 749 711 τὸ
765 684 851 718 ἅγιον,
873 682 911 712 ὧν

121 725 140 760 ἡ
157 725 224 760 αὑτὴ
237 726 370 761 ἐνέργεια,
385 728 401 762 ἡ
415 728 482 763 αὐτὴ
500 728 589 763 φύσις,
607 730 717 757 Μακεδ.
738 730 818 757 Ἀλλὰ
832 730 910 757 τοῦτο

123 770 255 804 ζητεῖται,
276 772 299 797 εὶ
322 772 428 807 πρῶτον
451 773 481 800 τὸ
502 774 612 810 Πνεῦμα
631 775 732 811 ὁδηγεῖ,
750 776 797 803 καὶ
817 777 876 803 τότε
897 778 910 802 6

122 816 199 847 Θεός.
222 817 298 851 Ὀρθ.
312 816 404 850 Εἶπον,
424 819 463 845 ὅτι
485 820 560 846 οὐδὲν
582 822 662 851 ποιεῖ,
683 821 734 847 κᾶν
751 821 858 858 πρῶτον
880 822 910 848 τὸ

123 862 237 898 Πνεῦμα
261 866 335 899 ποιῇ,
360 865 410 892 κᾶν
437 866 543 901 πρῶτον
567 868 581 893 ὁ
601 867 676 898 Θεὸς,
698 868 766 903 ὅπερ
786 868 836 894 οὐκ
853 867 910 894 ἔστι

123 908 212 934 κοινὸν
232 917 238 922 ·
259 909 357 944 μᾶλλον
378 910 433 946 γὰρ
454 911 628 946 εὑρεθήσεται
653 913 681 938 ἐν
706 914 762 944 τοῖς
792 913 909 939 πλείοσιν

123 954 138 979 6
152 953 218 985 Θεὸς
241 954 348 989 πρῶτος
365 955 472 990 ὁδηγῶν
487 956 533 982 τοῦ
549 957 705 992 Πνεὺματος
721 957 791 984 κατὰ
805 958 851 984 τὸν
864 958 909 984 σὺν

124 999 213 1033 λόγον.
232 999 329 1035 Ἡμεῖς
348 1001 402 1036 γὰρ
414 1001 528 1036 λέγομεν
543 1002 590 1036 τὴν
605 1001 689 1038 αὐτὴν
705 1003 751 1028 καὶ
764 1002 833 1029 κατὰ
843 1012 909 1029 ταυ-

123 1045 171 1071 τὸν
183 1042 251 1072 εἶναι
267 1045 375 1080 ὀδηγῖαν
392 1046 508 1082 Πατρὺς,
522 1048 568 1073 καὶ
584 1047 659 1079 Υἰοῦ,
675 1048 721 1074 καὶ
734 1048 812 1082 ἁγίου
826 1049 910 1075 Ilvati-

126 1099 221 1125 ματος.
251 1091 325 1118 Ἐπεὶ
342 1092 369 1118 δὲ
392 1093 422 1118 σὺ
455 1093 574 1128 μεριζεις
601 1093 645 1121 τὸν
671 1094 764 1129 καιρῖν
797 1095 842 1121 καὶ
862 1094 910 1130 τὴν

122 1136 249 1172 ὅδηγίαν.
280 1138 339 1164 εἰπὲ
359 1139 434 1174 παρὰ
455 1139 528 1170 τίνος
551 1139 678 1175 ὡδηγήθη
691 1140 797 1176 πρώτου
815 1141 909 1175 ’Λδὰμ,

122 1183 215 1222 μένων
228 1184 257 1210 ὲν
274 1183 311 1219 τῷ
328 1185 482 1220 παραδείσῳ
500 1185 552 1220 πρὸ
569 1186 618 1220 τῆς
634 1185 815 1221 παραϐάσεως
829 1185 912 1221 ἐργά-

122 1229 220 1261 ζεσθαι
245 1230 326 1256 αὐτον
351 1231 398 1257 καὶ
421 1231 581 1266 φυλάττειν’
600 1232 674 1267 παρὰ
688 1232 733 1259 τοῦ
760 1231 877 1267 Πατρὸς,
894 1232 911 1266 ἢ

126 1273 201 1310 παρὰ
218 1273 263 1300 τοῦ
278 1274 377 1310 Tim-3,?“
393 1275 467 1311 παρὰ
476 1276 521 1302 τοῦ
528 1275 604 1309 ἁγίου
613 1276 767 1311 Πνεύματος
782 1276 910 1308 gilanti.

125 1319 205 1355 Παρὰ
219 1319 264 1346 τοῦ
279 1320 444 1356 Πνεύματος.
465 1322 540 1355 Ὀρθ.
552 1321 678 1355 Καίτοιγε
690 1321 798 1357 εἴρηται
809 1329 816 1335 '
833 1331 841 1346 ι
859 1322 913 1348 Καὶ

126 1366 202 1392 ἒοετο
217 1365 297 1392 αὐτὸν
310 1367 323 1393 6
341 1367 406 1398 Θεὸς
420 1367 449 1393 ἐν
464 1366 503 1402 τῷ
520 1367 674 1402 παραδείξειε)
688 1366 851 1402 ἐργάζεσθαι
866 1366 912 1392 καὶ

127 1411 282 1445 φυλάττειν.
300 1421 308 1436 ι
328 1411 431 1437 Οὐκοῦν
447 1412 494 1438 καὶ
518 1411 591 1438 ἄκων
610 1411 748 1446 ὁμολογεῖς
763 1411 828 1437 Θεὸν
843 1409 912 1437 εἶναι

122 1456 156 1482 πὸ
165 1456 284 1492 Πνεῦμα·
295 1457 387 1492 ἐπειδὴ
399 1457 463 1483 αὐτὸ
470 1457 574 1492 πρῶτον
583 1457 688 1492 ὁδηγεῖν
697 1457 794 1491 λέγεις.
802 1456 912 1483 Μιικεδ.

133 1503 161 1529 '0
178 1502 242 1534 θεὸς
260 1503 288 1529 ὲν
303 1503 341 1538 τῷ
356 1503 493 1538 Ilva-Sum.
508 1504 608 1538 ὁδηγεῖ.
636 1505 711 1538 Ὀρο.
727 1504 781 1530 Καὶ
797 1503 854 1535 πῶς
868 1503 914 1537 γέ-

123 1555 263 1582 γραπταν
287 1557 296 1573 1
322 1549 350 1574 '0
370 1548 505 1584 ὁδηγήσας
519 1549 556 1581 ὡς
578 1550 701 1585 πρόϐατα
723 1550 767 1575 τὸν
784 1550 846 1576 λαόν
864 1558 911 1575 σου

125 1594 156 1619 ἓν
176 1593 247 1629 χειρὶ
268 1594 388 1625 Μωσέως
405 1596 451 1621 καὶ
469 1595 498 1621 ἐν
515 1596 635 1631 βραχίονι
655 1595 774 1631 Ἀαρών;
800 1605 808 1620 i
827 1595 872 1630 Μὴ
895 1595 911 1630 ἡ

122 1640 186 1680 ¹χεὶρ
197 1640 315 1670 Μωσέως
323 1640 352 1666 τὸ
360 1641 470 1676 Πνεῦμα
480 1641 510 1667 τὸ
524 1641 598 1675 ἆγιόν
611 1643 682 1673 tam;
697 1642 804 1669 Μακεδ.
820 1642 851 1668 Et
863 1641 912 1676 μία

127 1685 206 1718 φύσις
222 1685 280 1711 ἐστὶ
293 1685 407 1720 Πατρδς,
426 1686 471 1712 καὶ
486 1686 561 1718 Υίοῦ,
580 1687 625 1713 καὶ
647 1687 724 1720 ἁγίου
744 1687 910 1722 ΙΙνεύματος,

124 1730 234 1757 δύναται
254 1731 301 1758 καὶ
318 1732 446 1766 γεννῆσαι
468 1732 514 1759 καὶ
539 1733 629 1759 κτίται
648 1733 678 1758 τὺ
691 1733 811 1767 Πνεῦμα.
834 1734 910 1767 Ὀρθ-

122 1775 198 1810 ¹Μίαν
208 1776 297 1810 λὲγεις
310 1778 389 1818 φιξσιν
397 1777 502 1812 Πατρδς
509 1779 554 1804 καὶ
567 1778 630 1805 Υἱοῦ
645 1780 690 1806 καὶ
705 1779 781 1813 ἁγίου
791 1779 912 1814 Πνεύμαι

123 1829 171 1853 τος
184 1819 262 1853 εἶναι,
274 1821 290 1857 ἢ
303 1822 362 1848 οὐδὲ
375 1822 452 1849 τοῦτο
466 1822 569 1857 λέγεις;
583 1824 693 1851 Μακεδ.
705 1825 777 1852 Μίαν
787 1825 817 1851 οὺ
830 1825 910 1859 λέγω*

126 1867 221 1902 ὁμοίαν
241 1868 270 1894 δὲ
292 1868 372 1902 λέγω.
396 1868 471 1903 Ὀρθ.
494 1869 603 1904 Ὀμοίαν
628 1870 726 1905 λέγεις,
751 1870 788 1902 ὡς
810 1870 911 1906 χρυσοῦ

127 1912 174 1940 καὶ
191 1911 310 1947 χαλκοῦς
323 1913 433 1939 Μακεδ.
449 1913 495 1949 Μὴ
503 1913 623 1948 γένοιτοί
644 1915 721 1948 Ὀρθ.
741 1915 810 1941 Ἀλλ’
822 1915 859 1947 ὡς
869 1916 908 1947 τί;

126 1957 236 1985 Μακεδ.
255 1959 296 1990 Ὡς
307 1958 408 1993 χρυσοῦ
423 1959 470 1985 καὶ
488 1960 598 1995 χρυσοῦ.
608 1961 684 1995 Ὀρθ.
697 1961 782 1987 Τοῦτο
790 1959 836 1995 οὖν
854 1963 911 1988 ἐστι

129 2004 177 2038 μία
192 2004 281 2038 φῦσις.
294 2005 381 2037 ’Όλως
392 2005 419 2032 δὲ
434 2005 519 2037 οὕτως
531 2007 621 2042 ὅμοιον
633 2007 720 2042 λέγεις
735 2008 780 2034 τὸν
795 2008 857 2034 Υίὺν
873 2008 912 2044 τῷ

126 2049 224 2090 Πατρὶ,
242 2050 279 2081 ὡς
301 2052 399 2085 χρυσὸν
415 2052 523 2088 χρυσῷ;
543 2053 652 2081 Μίικεδ.
674 2053 735 2080 Ναί.
758 2054 833 2089 Ὀρθ.
850 2055 912 2082 Ἐὰν

125 2093 172 2121 οὖν
189 2095 288 2131 θελήσῃ
306 2098 319 2122 ὁ
332 2097 404 2129 Υἱὸς,
417 2097 467 2132 τῆς
483 2099 567 2134 αὐτῆς
583 2097 620 2125 ὢν
634 2099 740 2133 φύςεως
757 2100 794 2134 τῷ
813 2100 910 2135 Πατρὶ,

127 2141 238 2168 δῦναται
255 2142 382 2177 γεννῆσαι
401 2143 480 2175 Υἱόν;
500 2143 610 2171 Μακεδ,
634 2145 697 2176 Ναὶ,
710 2144 835 2171 δύναται·
855 2145 911 2172 ἀλλ’

126 2187 172 2213 ἵνα
190 2187 226 2222 μὴ
237 2187 374 2222 θεογονίαν
393 2188 570 2224 amotam,
585 2189 662 2216 τοῦτο
675 2190 705 2216 οὐ
726 2192 805 2216 ποιεῖ.
832 2191 909 2224 Ὀρθ.

127 2232 210 2258 Οὐδὲν
224 2233 277 2268 ἄρα
291 2233 389 2259 κωλύει
399 2219 540 2270 τῆςῐαῦτῆς
554 2219 622 2261 εἶναι
638 2235 744 2270 φύσεως
758 2236 788 2262 τὸ
800 2219 912 2271 Πνεῦμα.
928 2219 951 2250 D

128 2278 158 2304 τὺ
172 2278 248 2312 ἆγιον
267 2279 306 2314 τῷ
328 2280 414 2315 Πατρὶ
439 2281 484 2307 καὶ
505 2280 543 2316 τῷ
563 2281 629 2316 Υίῷ,
648 2281 694 2308 καὶ
718 2283 784 2318 μήτε
806 2283 914 2317 γεννᾷν,

129 2324 198 2358 μήτε
208 2324 322 2356 κτίζειν,
340 2325 383 2352 ἴνα
395 2325 432 2361 μὴ
446 2325 593 2360 θεογονίαν,
608 2327 644 2358 ὡς
659 2327 736 2362 ἔφης,
750 2328 818 2363 μήτε
835 2327 915 2354 πολυ-

129 2368 204 2395 Θεῖαν
220 2370 395 2405 διδαχθῶμεν.
413 2371 445 2397 Ἀ
461 2371 584 2406 μέντοιγε
599 2371 669 2398 θέλει
686 2374 699 2398 6
714 2373 817 2408 Πατὴρ,
830 2372 916 2404 κτίζει

128 2415 144 2441 6
161 2415 234 2448 Υίδς,
250 2416 356 2450 ἁγιάζει
369 2417 399 2443 τὸ
422 2416 541 2450 Πνεῦμα.
557 2418 611 2443 Καὶ
627 2418 705 2444 τοῦτό
720 2419 777 2444 ἐστι
790 2418 829 2450 τὸ,
847 2428 855 2444 ι
871 2418 916 2454 τῷ

127 2461 207 2496 Λόγῳ
221 2462 322 2498 Κυρίου
336 2463 359 2488 ot
373 2462 483 2498 οὐρανοὶ
493 2462 707 2498 ἐστερεώθησαν,
726 2463 770 2489 καὶ
781 2463 820 2498 τῷ
831 2463 916 2489 Ilvati-

130 2515 194 2542 ματι
213 2507 259 2533 τοῦ
280 2508 410 2543 στόματος
428 2508 511 2535 αὑτοῦ
527 2509 601 2535 πᾶσα
619 2509 635 2544 ὴ
651 2508 763 2544 δύναμις
783 2509 881 2536 αὐτῶν.
902 2519 911 2535 ι

127 2552 197 2579 Οὔτε
207 2553 221 2579 6
232 2553 336 2589 Πατὴρ,
350 2553 473 2589 βοηθείας
486 2554 620 2589 δεόμενος,
629 2555 715 2586 κτίζει
727 2555 770 2581 διὰ
780 2555 826 2581 τοῦ
838 2555 913 2587 Υἱοῦ,

127 2598 189 2626 οὗτε
203 2599 217 2624 ὀ
235 2599 308 2631 Υἱὸς,
328 2598 452 2634 βοηθείας
465 2600 582 2635 χρῄζων,
595 2600 682 2633 κτίζει
702 2601 746 2627 διὰ
762 2601 808 2627 τοῦ
831 2601 915 2627 Πνεὺ-

129 2653 230 2679 ματος·
246 2644 303 2671 ἀλλ’
323 2645 366 2672 ἵνα
384 2646 416 2672 ὲκ
436 2645 489 2672 τῶν
509 2646 675 2681 γιγνομένων
695 2646 787 2683 δειχθῇ
809 2647 916 2682 Πατρὸς

127 2690 175 2717 καὶ
192 2690 256 2717 Υιοῦ
276 2691 324 2717 καὶ
350 2691 428 2725 ἁγίου
446 2692 602 2728 Πνεύματος
619 2693 636 2728 ἡ
650 2693 792 2728 ταυτότης.
812 2693 872 2718 ’Ὁτι
886 2694 914 2720 δὲ

130 2734 239 2762 δύναται
261 2736 353 2763 κτίσαι
372 2736 402 2762 τὸ
417 2736 527 2772 Πνεῦμα
548 2737 579 2763 τὸ
592 2737 678 2772 ἅγιον,
698 2737 802 2774 ἐδείχθη
820 2739 852 2764 ἐκ
865 2738 911 2765 τοῦ

963 232 1112 265 deducens,
1143 231 1176 258 ad
1206 231 1289 258 alium
1317 230 1461 266 quemdam
1492 229 1609 257 deducit.
1642 229 1745 256 Maced.

963 275 1034 307 Dixi,
1049 276 1120 311 quod
1138 276 1171 303 ad
1189 276 1319 310 seipsum.
1336 274 1412 302 Oth.
1434 273 1492 300 Non
1509 274 1590 309 igitur
1602 274 1646 308 qui
1663 273 1748 301 dedu-

963 321 1010 354 cit,
1028 322 1060 349 ad
1075 322 1157 348 alium
1183 322 1325 356 quemdam
1351 320 1471 351 deducit,
1490 319 1536 346 sed
1562 319 1594 345 ad
1616 320 1746 354 scipsum.

963 366 1040 400 Quod
1061 368 1083 395 si
1109 368 1146 394 ita
1169 371 1222 398 est.
1247 367 1365 402 Spiritus
1385 374 1492 400 quoque
1515 365 1652 392 deducens
1671 363 1747 392 clad

962 413 1081 447 seipsum
1094 412 1214 445 deducit,
1228 416 1254 439 et
1266 412 1298 439 ad
1314 411 1419 438 Patrem
1435 415 1461 437 et
1476 410 1508 437 ad
1525 409 1631 437 Filium.
1652 409 1747 436 Omnis

962 458 1032 486 enim
1057 458 1102 484 illa
1128 458 1228 484 veritas
1244 457 1276 484 ad
1290 464 1370 490 quam
1394 455 1564 484 deducimur.
1586 455 1649 481 nihil
1672 454 1744 480 aliud

962 507 1014 536 est,
1031 511 1110 538 quam
1126 505 1153 529 in
1169 502 1288 533 Patrem,
1308 501 1404 528 Filium
1429 506 1456 527 et
1473 501 1601 535 b'piiitum
1622 506 1746 527 sanciunt

961 550 1108 577 deductio:
1127 553 1153 576 et
1167 548 1278 582 quando
1294 547 1402 575 deducit
1413 547 1503 577 Pater,
1522 547 1553 572 ad
1569 546 1686 579 scipsum
1700 545 1747 571 de-

961 594 1051 624 ducit;
1065 597 1092 620 ct
1112 593 1221 628 quando
1236 592 1344 618 deducit
1370 591 1498 626 Spiritus.
1519 590 1553 617 ad
1568 590 1686 623 seipsum
1701 590 1748 616 dc-

961 639 1046 666 ducit.
1065 638 1167 665 Maced.
1186 639 1220 664 At
1239 637 1305 668 dixi,
1325 637 1439 671 primum
1457 636 1588 663 deducere
1604 635 1640 670 Sp
1653 635 1746 667 ritum,

961 689 987 712 et
1006 689 1062 711 tum
1085 685 1192 710 demum
1214 682 1307 710 Deum.
1326 681 1402 709 Oi'l/I.
1421 680 1450 708 Si
1473 688 1537 708 vero
1557 680 1676 712 ejusdem
1698 680 1747 706 viae

960 731 1015 758 dux
1030 734 1071 758 est
1085 729 1213 764 Spiritus,
1231 729 1310 762 cujus
1326 732 1352 755 et
1370 727 1451 758 Deus,
1468 734 1581 761 quorum
1597 726 1690 753 eadem
1706 729 1748 752 est

960 777 1091 811 operatio.
1113 783 1205 803 eOrum
1224 774 1318 801 eadem
1338 777 1380 800 est
1399 777 1426 800 et
1442 776 1548 799 natura.
1572 770 1673 798 Maced.
1694 768 1748 796 Sed

961 822 1012 849 hoc
1026 821 1172 856 quaeritur:
1189 824 1281 846 utrum
1304 818 1380 853 prius
1402 817 1530 852 Spiritus,
1547 823 1580 842 an
1598 823 1661 842 vero
1677 814 1749 840 Deus

961 868 1085 895 deducat.
1100 865 1175 893 Ort/t.
1187 865 1256 896 Dixi,
1270 864 1341 898 aliud
1357 863 1423 890 nihil
1436 862 1468 889 ad
1482 870 1549 891 rem.
1562 861 1618 888 sive
1630 859 1748 895 Spiritus

960 915 1076 948 primum
1097 911 1201 942 fecerit,
1218 910 1274 938 sive
1290 909 1360 936 Dens
1375 910 1501 944 primum.
1519 907 1589 942 quod
1604 913 1748 933 commune

959 966 1013 985 nun
1027 962 1077 985 est.
1091 958 1161 990 Quin
1175 957 1276 992 potius.
1287 956 1364 991 juxta
1379 961 1453 982 tuum
1463 961 1615 982 sermonem
1629 954 1655 980 in
1666 952 1749 987 pluri-

960 1005 1010 1031 bus
1025 1003 1103 1040 48],
1117 1003 1188 1031 Deus
1201 1003 1302 1038 Spiritu
1319 1003 1392 1036 prior
1404 1001 1538 1028 deducere
1552 999 1746 1033 comperietnr.

960 1049 1014 1076 No:
1023 1050 1094 1076 enim
1104 1049 1231 1079 dicimus,
1241 1056 1322 1075 unam
1333 1051 1359 1073 et
1370 1046 1489 1073 eamdem
1500 1053 1561 1072 esse
1575 1044 1672 1074 Patris.
1685 1043 1746 1070 Filii

960 1100 986 1122 et
1001 1094 1116 1129 Spiritus
1131 1094 1217 1122 sancti
1233 1093 1433 1120 deductionem.
1460 1091 1499 1118 Tu
1524 1098 1588 1118 vero
1611 1089 1746 1124 siquidem

960 1145 987 1167 et
1005 1144 1113 1174 tempus
1129 1143 1156 1166 et
1173 1139 1362 1166 deductionem
1390 1137 1498 1168 dividis,
1529 1137 1573 1163 dic
1596 1144 1688 1171 quiest)
1702 1155 1710 1165 ς
1730 1142 1747 1162 a

961 1193 1014 1220 quo
1031 1186 1118 1220 primo
1137 1185 1223 1212 Adam
1249 1185 1382 1211 deductus
1402 1183 1483 1210 fuerit
1498 1204 1504 1214 ,
1524 1182 1588 1209 dum
1614 1182 1640 1208 in
1668 1189 1748 1216 para-

961 1231 1020 1258 diso
1049 1234 1111 1257 ante
1137 1230 1381 1264 transgressionem
1410 1227 1511 1254 mansit
1539 1226 1572 1252 ad
1602 1226 1747 1252 colendum

961 1285 1022 1304 eum
1040 1281 1067 1303 et
1082 1275 1290 1303 custodiendum
1301 1274 1313 1301 ?
1324 1282 1338 1300 a
1351 1273 1476 1305 Patrene,
1495 1281 1528 1299 an
1547 1281 1562 1300 a
1579 1271 1663 1303 Filio,
1677 1280 1710 1298 an
1732 1279 1748 1298 ιι

963 1322 1065 1357 Spiritu
1080 1321 1195 1349 sancto?
1210 1320 1313 1348 Maced.
1335 1320 1357 1346 Α
1374 1318 1487 1354 Spiritu.
1511 1318 1587 1346 Orlh.
1605 1319 1687 1353 Atqui
1708 1318 1749 1345 di-

962 1369 1051 1395 citur:
1072 1377 1080 1393 ι
1099 1368 1131 1394 Et
1149 1367 1291 1395 collocavit
1315 1367 1403 1400 ipsum
1421 1365 1492 1393 Deus
1518 1366 1545 1392 in
1569 1365 1696 1400 paradiso
1713 1363 1747 1390 ad

962 1414 1103 1441 colendum
1121 1421 1182 1440 eum
1199 1417 1225 1440 et
1242 1412 1451 1440 custodiendum
1467 1413 1501 1444 η,
1517 1421 1526 1438 ι
1546 1419 1636 1438 annon
1652 1411 1694 1437 vel
1708 1410 1749 1437 in—

962 1459 1036 1486 vitus
1048 1459 1195 1493 proﬁteris,
1213 1457 1342 1493 Spiritum
1359 1465 1420 1484 esse
1450 1457 1533 1484 Deum
1551 1466 1558 1484 :
1576 1455 1749 1491 quandoqui-

964 1504 1024 1531 dem
1055 1505 1170 1539 primum
1201 1504 1289 1538 ipsum
1319 1504 1451 1530 deducere
1475 1502 1610 1529 afﬁrmas?
1641 1501 1746 1529 Μαῖρά.

926 1540 945 1569 C
963 1549 1034 1577 Deus
1057 1550 1084 1576 iu
1103 1549 1204 1584 Spiritu
1235 1549 1354 1576 deducit.
1388 1548 1464 1576 Orth.
1493 1548 1634 1581 Quomodo
1665 1547 1748 1581 igitur

963 1596 1093 1630 scriptum
1106 1599 1147 1622 est
1163 1605 1168 1622 :
1189 1605 1198 1620 r
1218 1594 1357 1622 Deduxiin
1367 1595 1437 1620 sicut
1449 1602 1514 1621 oves
1529 1594 1657 1628 populum
1670 1597 1746 1619 tuum

962 1642 989 1668 in
1007 1649 1088 1668 manu
1105 1640 1187 1668 Mosis
1208 1645 1234 1668 et
1258 1641 1284 1667 in
1311 1640 1424 1667 brachio
1447 1639 1563 1666 Aarnnis
1581 1639 1620 1665 δοῖ
1636 1648 1645 1664 ι
1677 1637 1748 1664 Num

963 1686 1045 1714 Mosis
1066 1695 1163 1714 manus
1177 1690 1220 1714 est
1235 1686 1353 1721 Spiritus
1368 1685 1501 1713 sanctus?
1517 1684 1621 1712 Maced.
1649 1683 1677 1711 Si
1694 1690 1748 1710 una

962 1733 1051 1760 Patris
1065 1738 1092 1760 et
1103 1732 1162 1760 Filii
1177 1737 1203 1760 et
1228 1732 1346 1768 Spiritus
1359 1733 1445 1759 sancti
1459 1736 1554 1758 natura
1567 1735 1618 1762 est,
1628 1729 1748 1765 Spiritus

961 1784 988 1807 et
1002 1780 1112 1815 gignere
1125 1779 1224 1814 poterit
1234 1784 1261 1806 et
1280 1786 1383 1806 creare.
1400 1777 1476 1805 Ortlt.
1491 1780 1543 1803 Aut
1561 1783 1641 1803 unam
1665 1775 1748 1802 conli-

961 1827 1027 1854 tcris
1040 1825 1128 1852 Patris
1147 1829 1173 1853 et
1191 1825 1248 1852 Filii
1263 1829 1290 1852 ct
1305 1825 1424 1861 Spiritus
1439 1823 1526 1850 sancti
1539 1827 1664 1850 naturam
1676 1829 1747 1854 esse,

962 1876 1009 1899 aut
1022 1871 1095 1899 non?
1112 1871 1215 1898 Μαῖρά.
1228 1870 1315 1898 Unam
1333 1879 1386 1898 non
1400 1869 1532 1897 conﬁteor
1548 1878 1554 1896 :
1570 1869 1684 1896 similem
1700 1876 1750 1895 au-

962 1922 1016 1944 tem
1032 1918 1106 1944 dico.
1129 1917 1205 1944 Orth.
1229 1917 1386 1944 Similemne
1401 1919 1535 1942 utaurum
1552 1915 1620 1942 mri?
1644 1913 1748 1940 Maced.

962 1963 1040 1990 Absit
1055 1963 1061 1989 ί
1089 1962 1165 1990 ονιΙι.
1190 1961 1223 1989 Ut
1236 1962 1300 1997 quid
1316 1961 1400 1997 ergo?
1414 1960 1518 1988 Maced.
1535 1959 1569 1987 Ut
1583 1967 1679 1986 aurum
1698 1966 1749 1985 au-

962 2017 1004 2036 ro.
1027 2007 1103 2035 Orili.
1133 2007 1191 2035 Una
1217 2012 1259 2035 est
1283 2008 1364 2043 igitur
1380 2008 1477 2033 horum
1494 2010 1601 2033 natura.
1630 2004 1669 2031 Tu
1684 2011 1749 2031 vero

962 2054 1064 2082 Siccine
1089 2055 1116 2081 in
1132 2053 1290 2081 universum
1316 2053 1432 2081 similem
1456 2051 1530 2078 Patri
1548 2051 1643 2078 Filium
1660 2050 1747 2083 dicis,

962 2105 991 2126 ut
1009 2107 1104 2126 aurum
1121 2101 1209 2127 auro?
1233 2099 1337 2126 Maced.
1361 2098 1458 2125 Etiam.
1481 2097 1556 2125 Orth.
1583 2096 1683 2124 Poterit
1699 2096 1750 2132 igi-

962 2149 1006 2171 tur
1022 2145 1107 2173 Filius
1120 2166 1126 2177 ,
1153 2153 1214 2173 cum
1229 2145 1349 2178 ejusdem
1366 2151 1398 2170 ac
1414 2143 1493 2170 Pater
1511 2146 1614 2169 natura:
1631 2143 1682 2174 sit,
1706 2142 1748 2176 gi-

962 2199 1044 2226 gnere
1059 2191 1167 2224 Filium,
1186 2193 1209 2219 si
1226 2191 1318 2218 volet?
1338 2190 1440 2217 Maced.
1465 2190 1551 2217 Etiam
1565 2194 1672 2225 potest:
1700 2189 1749 2217 sed

964 2245 1017 2264 non
1033 2237 1098 2264 facit
1113 2237 1174 2268 hoc,
1188 2245 1221 2264 ne
1248 2237 1360 2264 deorum
1375 2237 1575 2272 generationem
1591 2236 1748 2262 doceamur.

967 2283 1042 2311 Ortli.
1063 2282 1134 2309 Nihil
1151 2283 1233 2318 igitur
1254 2283 1394 2318 prohibet,
1411 2282 1555 2317 quominus
1575 2280 1695 2315 ejusdem
1717 2287 1749 2306 ac

965 2327 1045 2354 Pater
1062 2331 1088 2354 et
1104 2326 1189 2354 Filius
1216 2333 1319 2354 naturae
1345 2327 1380 2353 sit
1396 2326 1514 2361 Spiritus
1536 2329 1665 2356 sanctus,
1686 2325 1750 2359 licet

965 2380 1016 2400 nec
1027 2372 1130 2407 gignat,
1146 2380 1196 2399 nec
1213 2377 1287 2399 crect
1302 2381 1307 2399 :
1325 2380 1358 2399 ne
1371 2372 1412 2399 vel
1427 2371 1639 2407 generationem,
1653 2374 1683 2397 ut
1696 2370 1747 2402 ais,

965 2418 1006 2445 vel
1020 2418 1219 2445 multitudinem
1235 2417 1349 2445 deorum
1368 2418 1523 2445 doceamur.
1541 2417 1673 2444 Nimirum
1688 2423 1749 2451 quae

965 2465 1023 2492 vult
1040 2464 1130 2497 Pater,
1147 2468 1223 2491 creat
1235 2463 1331 2495 Filius,
1348 2463 1501 2491 sanctiﬁcat
1516 2463 1644 2498 Spiritus.
1659 2462 1748 2496 Atque

966 2510 1017 2537 hoc
1032 2514 1093 2537 est:
1120 2519 1129 2536 ‹
1154 2509 1244 2537 Verbo
1271 2509 1375 2537 Domini
1403 2510 1465 2537 cmli
1489 2509 1587 2536 ﬁrmati
1617 2512 1695 2540 sunt,
1721 2511 1748 2535 et

967 2555 1068 2590 Spiritu
1096 2554 1152 2583 oris
1167 2556 1227 2590 ejus
1242 2555 1330 2582 omnis
1347 2555 1435 2582 virtus
1457 2563 1550 2582 eorum
1569 2555 1601 2582 “.
1621 2564 1631 2580 ι
1656 2553 1750 2589 Neque

966 2603 1057 2633 Pater,
1073 2602 1145 2637 quod
1157 2602 1252 2629 auxtlii
1267 2601 1395 2637 indigeat.
1412 2609 1460 2636 per
1473 2600 1570 2628 Filium
1590 2604 1664 2628 creat
1678 2609 1684 2627 :
1702 2608 1750 2637 ne-

965 2656 1018 2683 que
1030 2647 1126 2680 Filius,
1141 2647 1213 2682 quod
1224 2647 1317 2674 auxilii
1329 2650 1415 2682 egeat,
1437 2654 1485 2681 per
1502 2646 1632 2681 Spiritum
1651 2649 1726 2673 creat
1740 2655 1748 2672 :

967 2693 1014 2721 sed
1033 2699 1062 2720 ut
1075 2701 1108 2721 ex
1122 2693 1204 2721 rebus
1217 2692 1334 2720 conditis
1347 2692 1446 2725 Patris,
1459 2696 1486 2719 et
1499 2691 1571 2724 Filii,
1587 2695 1614 2719 et
1630 2691 1749 2727 Spiritus

967 2739 1054 2766 sancti
1070 2739 1200 2768 identitas
1212 2739 1425 2767 demonstretur.
1444 2738 1577 2766 Caeterum
1591 2738 1664 2782 quod
1688 2735 1750 2780 Spi-

167 2814 189 2829 "
207 2813 304 2843 Genes.
322 2821 359 2847 ιι,
377 2814 419 2842 l5.
457 2815 480 2831 *ο
499 2814 570 2844 Psal.
589 2823 686 2848 turi,
707 2816 752 2844 21.
792 2818 810 2832 “
834 2816 904 2845 Psal.
926 2825 1016 2850 Πλιι,
1035 2817 1062 2845 6.
