1926 3068
228 111 292 139 I311

223 215 361 249 ostendit,
384 219 479 254 angelo
496 220 623 251 dicente:
645 233 655 250 ι
679 225 756 258 Quod
774 228 844 255 enim
869 230 896 257 in
913 239 944 258 ea
967 241 1010 259 na-

223 264 280 288 tum
299 266 350 295 est,
364 271 397 291 ex
410 265 512 300 Spiritu
531 274 627 297 sancto
643 276 685 298 est
705 272 738 299 ⁶².
759 283 769 299 ι
795 273 899 303 Haced.
922 277 1009 306 Etiam

221 305 301 334 Pater
313 306 433 343 Spiritus
450 316 562 341 sanctus
575 318 617 342 est
631 325 637 342 :
662 317 727 344 item
739 317 824 347 Filius
837 329 843 347 :
863 325 890 348 et
901 324 1010 357 quando

221 349 276 380 ait,
301 349 338 378 Ex
354 351 456 387 Spiritu
471 362 567 384 sancto
580 364 632 392 est.
659 360 757 389 Filium
776 349 923 402 intelligit:
954 376 1007 396 non

219 402 291 427 eum,
307 395 341 423 de
352 406 406 432 quo
420 407 470 428 nos
490 402 636 437 loquimur,
656 405 797 442 Spiritum.

257 439 298 467 i5.
319 441 396 471 Orth.
411 444 481 480 Lege
499 447 587 476 locum
611 439 758 487 Evangelii.
776 458 805 481 ut
816 456 911 485 audias
925 466 1007 493 ange-

219 484 273 512 lum
290 487 379 516 Marize
393 491 526 520 dicentem
541 504 547 522 :
579 505 588 520 ι
608 495 727 531 Spiritus
742 505 854 529 sanctus
875 511 1005 538 superve-

218 531 273 558 niet
284 533 310 559 ili
323 537 349 560 te
362 535 404 562 “:
426 546 435 562 ι
449 539 537 572 qualis
554 541 620 568 ille?
636 543 695 570 isne
709 565 715 576 ,
731 545 764 573 de
779 554 833 581 quo
851 531 1002 584 loquimur,

217 584 251 603 an
269 576 375 606 Filius?
393 588 426 608 an
441 583 512 611 alius
525 585 586 619 quis
603 586 722 621 Spiritus
744 576 875 620 salictus?
888 576 956 621 ‘Nam
977 576 1004 623 ei

215 624 303 657 angeli
323 625 436 660 spiritus
450 631 538 656 sancti
562 637 634 659 sunt.
656 633 760 664 Maced.
780 636 911 672 Spiritum
939 649 1001 668 san~

214 672 287 695 ctum
299 671 364 698 dicit
378 673 452 700 illum
465 675 565 709 ipsum,
581 678 606 704 in
621 687 701 713 quem
717 671 899 717 baptiiamur.
924 686 1000 715 Orth.

216 711 254 739 Ex
271 714 322 742 hoc
338 716 420 750 igitur
431 718 533 754 Spiritu
547 729 647 758 corpus
658 726 828 756 Dominicum
837 736 930 758 natum
941 741 1002 761 esse

214 757 252 782 ait
269 756 388 786 Gabriel.
416 761 508 798 Neque
522 767 594 794 enim
610 770 680 796 alius
697 771 723 798 in
739 780 799 799 eam
824 778 998 809 supervenit,

213 801 283 830 alius
303 805 417 838 gratiam
435 815 564 842 operatus
579 816 637 840 est:
655 815 701 841 sed
715 818 786 850 quod
812 818 838 846 in
859 827 890 846 ea
906 825 998 849 natum

212 852 264 878 est,
275 856 307 875 ex
323 849 426 885 Spiritu
449 860 546 883 sancto
571 863 624 890 est,
640 867 671 886 ex
688 849 730 888 eo,
740 863 875 897 videlicet,
893 868 938 902 qui
954 876 999 896 su-
1019 867 1037 894 Β

212 901 261 928 per
281 896 353 923 illam
370 900 451 928 venit.
474 901 578 930 Haud.
595 905 737 938 Quomodo
753 909 836 945 igitur
847 896 883 939 ait
896 896 909 940 ι.
922 925 930 939 ι
950 915 998 941 Sa-

210 941 312 974 pientia
321 944 465 973 aedificavit
482 949 533 976 sibi
546 950 656 979 domum
673 954 695 969 ”
705 954 718 981 ?
739 965 747 980 ι
763 941 843 984 Drth.
857 957 913 985 Hoc
926 961 996 986 enim

208 992 262 1021 est,
278 991 350 1024 quod
367 999 417 1020 nos
431 992 568 1023 dicimus:
599 999 690 1026 omnia
714 999 804 1030 Patris
830 1011 913 1038 opera
936 1005 996 1032 Filii

208 1040 285 1067 esse;
303 1039 329 1062 et
341 1035 401 1064 Filii
419 1046 479 1074 quae
496 1045 575 1074 sunt,
595 1042 713 1078 Spiritus
731 1047 795 1075 dici.
811 1035 915 1085 Itaque.
929 1060 997 1086 quo-

207 1079 280 1106 niam
297 1089 350 1109 una
374 1088 415 1110 est
431 1084 520 1114 Patris
545 1095 576 1116 ac
601 1089 661 1118 Filii
689 1095 812 1127 potentia
840 1079 868 1123 iii
893 1079 996 1133 Spiritu

207 1129 304 1153 sancto
319 1135 446 1162 operans.
463 1130 565 1161 Paulus
581 1134 665 1163 dicit:
693 1147 702 1163 ι
728 1138 761 1165 Et
782 1129 921 1175 quosdam—
932 1145 995 1178 qui-

207 1169 268 1197 dem
286 1174 378 1206 posuit
397 1174 468 1204 Deus
499 1179 525 1204 in
540 1179 672 1214 Ecclesia,
690 1185 808 1219 primum
838 1189 993 1222 apostolos.

206 1218 326 1244 secundo
341 1221 499 1255 prophetas,
516 1226 596 1253 tertio
621 1227 747 1257 doctores
774 1232 807 1258 ⁶⁰.
824 1242 833 1258 ι
852 1218 884 1260 iit
898 1242 994 1263 rursus

204 1261 276 1289 idem
294 1272 300 1290 :
320 1273 329 1289 ε
348 1265 370 1291 Δ
388 1265 479 1295 Mileto
494 1270 605 1299 mittens
628 1272 763 1308 Ephesum
783 1278 889 1305 vocavit
910 1281 994 1314 majo-

204 1313 248 1334 res
264 1312 329 1335 natu
349 1309 486 1345 Ecclesize,
505 1323 514 1340 ι
530 1323 630 1352 eosque
640 1319 680 1345 sic
696 1320 832 1350 allocutus
845 1327 905 1350 est:
921 1334 930 1350 ι
945 1325 993 1352 At-

203 1353 305 1382 tendite
316 1355 403 1389 vobis,
418 1362 445 1385 et
462 1360 590 1389 universo
603 1365 686 1399 gregi,
698 1365 725 1392 in
739 1374 794 1400 quo
810 1375 859 1395 vos
875 1368 992 1403 Spiritus

205 1403 317 1428 sanctus
332 1402 424 1435 posuit
438 1405 592 1440 episcopos,
607 1416 719 1443 pascere
738 1402 990 1441 Ecclesiaerhri-

202 1443 237 1470 sti
253 1445 288 1471 “.
307 1454 316 1470 ι
338 1445 430 1480 Vides,
447 1457 517 1484 quos
527 1451 596 1480 Deus
611 1457 767 1489 praeposuit,
782 1459 890 1486 eosdem
904 1460 974 1495 Spiri
984 1477 991 1482 -

202 1491 258 1514 tum
282 1496 406 1518 sanetum
424 1502 532 1529 quoque
544 1500 734 1532 praeposuisse,
745 1505 772 1528 et
789 1510 858 1537 quos
874 1491 990 1539 Spiritus

773 126 801 154 S.
823 127 1055 160 ATHANASIUS.
1074 146 1110 152 —
1123 133 1258 161 SPUBIA.

225 169 294 196 rltus
321 176 433 200 sanctus
457 181 551 203 creare
576 179 680 213 possit,
708 179 878 210 Dominicum
908 193 989 221 corpu

225 215 339 229 noun-“In
385 219 475 229 _____|_
505 220 522 229 ι-
578 227 583 229 .
683 225 698 229 _
749 227 755 229 _

1042 214 1043 218 η
1059 188 1197 223 Κυριακοῦ
1211 189 1343 225 σώματος,
1356 191 1403 218 τοῦ
1418 192 1534 226 ἀγγέλου
1545 193 1698 229 εἰρηκότος·

1779 139 1852 166 1313

1716 204 1725 220 ι
1742 194 1779 221 T6
1793 196 1851 231 γὰρ

1061 234 1090 259 ἐν
1101 235 1167 270 αὐτῇ
1182 236 1310 271 γεννηθὲν
1318 237 1349 263 ἐκ
1358 237 1514 272 Πνεύματός
1528 239 1600 265 ἐστιν
1620 239 1707 273 ἁγίου.
1721 241 1849 268 ιΜακεδ.

1060 280 1115 306 Καὶ
1129 281 1143 306 6
1164 281 1259 317 Πατὴρ
1276 281 1388 317 Πνεῦμα
1410 283 1487 317 ἅγιόν
1509 284 1577 315 ἐστι,
1603 284 1649 311 καὶ
1671 286 1684 311 6
1702 285 1779 317 Υἱός·
1800 286 1851 312 καὶ

1059 327 1122 354 ὅταν
1142 327 1226 362 λέγει,
1241 329 1289 354 Ἐκ
1303 329 1458 364 Πνεύματός
1470 330 1543 356 ἐστιν
1556 329 1644 364 ἁγίου,
1661 329 1708 357 τοῦ
1723 330 1790 357 Υἱοῦ
1803 330 1851 358 λέ-

1058 381 1111 406 γει,
1129 374 1188 408 οὺχὶ
1204 374 1232 400 δὲ
1250 374 1297 401 τοῦ
1313 375 1481 411 Πνεύματος,
1497 376 1561 410 περὶ
1575 373 1605 402 οὗ
1619 377 1634 403 6
1650 377 1738 411 λόγος.

1092 463 1136 490 15.
1159 463 1236 496 Ὀρθ.
1253 463 1401 498 Ἀνάγνωθι
1423 464 1468 491 τὸν
1486 465 1565 492 τόπον
1588 465 1635 492 τοῦ
1663 466 1845 500 Εὑαγγελιου,

1056 508 1089 534 ἵν’
1100 508 1218 544 ἀκούσῃς
1230 509 1275 535 τοῦ
1286 510 1400 544 ἀγγέλου
1415 510 1538 544 λέγοντος
1548 513 1580 547 τῇ
1598 513 1700 548 Μαρίᾳ·
1708 522 1717 538 ‹
1729 513 1845 548 Πνεῦμα

1055 552 1131 586 ἅγιον
1147 553 1321 580 ἐπελεύσεται
1337 554 1383 580 ὲπὶ
1400 555 1429 581 σέ
1440 564 1446 570 ·
1462 564 1472 580 ι
1490 557 1580 588 ποῖον;
1597 557 1660 591 περὶ
1676 553 1705 584 οὗ
1720 558 1734 583 6
1752 557 1842 592 λόγος,

1053 598 1070 634 ἢ
1082 600 1145 632 περὶ
1156 600 1230 631 Υἰοῦ,
1242 601 1259 636 ἢ
1271 601 1317 627 καὶ
1329 602 1393 637 περὶ
1405 601 1484 628 ἄλλου
1496 603 1568 634 τινὸς
1579 603 1734 639 Πνεῦματος
1747 605 1842 639 ἁγίους

1053 645 1109 671 Καὶ
1122 645 1176 680 γὰρ
1193 647 1217 672 οἱ
1235 646 1307 680 ἅγιοι
1323 647 1432 681 ἄγγελοι
1446 647 1586 683 πνεύματά
1605 650 1671 676 εἰσιν
1687 650 1761 684 ἅγια.
1778 652 1842 677 Ma-

1052 689 1115 716 κεδ.
1132 689 1242 725 Πνεῦμα
1262 690 1338 725 ἅγιον
1355 691 1427 726 λέγει
1444 692 1508 718 αὐτὸ
1526 692 1557 719 τὺ
1572 693 1693 728 Πνεῦμα,
1709 695 1749 726 εἰς
1764 695 1778 720 ὃ
1789 694 1840 729 βα-

1052 735 1212 770 πτιζόμεθα.
1226 737 1302 771 ‘0p0.
1314 737 1362 763 Ἐκ
1376 737 1470 764 τούτου
1490 738 1543 774 ἄρα
1565 739 1611 765 τοῦ
1634 739 1793 775 Πνεύματος
1809 742 1841 768 τὺ

1050 781 1188 816 Κυριακὺν
1201 782 1279 817 σῶμα
1294 782 1367 817 λέγει
1380 784 1394 809 6
1403 784 1520 819 Γαϐριὴλ
1533 785 1718 819 γεγεννῆσθαι.
1733 787 1770 812 Οὐ
1783 786 1840 822 γὰρ

1050 826 1113 853 ἄλλο
1127 827 1195 863 αὐτῇ
1223 828 1332 863 ἐπῆλθε,
1355 830 1402 856 καὶ
1418 829 1480 856 ἄλλο
1501 829 1550 865 τὴν
1571 831 1649 866 χάριν
1671 832 1838 866 εἰργάσατο·

1051 872 1118 898 ἀλλὰ
1135 873 1164 898 τὸ
1180 873 1208 898 ἐν
1225 874 1292 909 αὐτῇ
1311 874 1439 909 γεννηθὲν
1450 875 1481 901 ὲκ
1498 876 1654 910 Πνεύματος
1675 877 1752 911 ἁγίου
1766 878 1837 911 ἐστὶ,

1049 917 1169 952 δηλονότι
1184 918 1229 944 τοῦ
1246 918 1403 951 ἐπελθόντος
1418 920 1495 955 αὐτῇ.
1517 920 1628 948 Μακεδ.
1647 922 1700 948 Καὶ
1719 922 1778 954 πῶς
1791 923 1838 950 λέ-

1048 972 1102 998 γει·
1117 973 1126 989 ι
1149 965 1180 990 'H
1203 965 1287 999 Σοφία
1312 964 1485 1001 ᾠκοδόμησεν
1510 967 1592 1002 ἑαυτῇ
1612 965 1704 1000 οἷκονς
1727 977 1736 994 ι
1755 969 1836 1004 Ὀρθ.

1048 1009 1133 1035 Τοῦτο
1147 1010 1200 1045 γάρ
1216 1011 1300 1042 ἐστιν,
1316 1010 1330 1036 ὂ
1346 1010 1461 1046 λέγομεν
1477 1012 1567 1047 ἡμεῖς,
1582 1012 1622 1039 ὅτι
1635 1012 1726 1041 Πάντα
1738 1014 1773 1040 τὰ
1786 1015 1836 1041 τοῦ

1047 1054 1153 1090 Πατρδς
1166 1055 1244 1090 ἔργα,
1258 1056 1310 1082 εἰσὶ
1317 1055 1363 1082 τοῦ
1375 1056 1450 1088 Υἱοῦ,
1464 1057 1511 1083 καὶ
1523 1057 1557 1084 τὰ
1570 1058 1616 1084 τοῦ
1630 1059 1694 1086 Υἱοῦ
1709 1059 1834 1094 λέγονται

1046 1097 1115 1126 εἶναι
1129 1100 1175 1126 τοῦ
1195 1101 1367 1136 Πνεὺματος·
1390 1102 1482 1138 ἐπειδὴ
1507 1103 1555 1138 μία
1572 1104 1629 1130 ἐστὶ
1650 1104 1764 1141 δύναμις
1785 1107 1834 1133 τοῦ

1046 1145 1152 1181 Πατρδς
1166 1146 1213 1172 καὶ
1225 1146 1271 1172 τοῦ
1284 1147 1348 1173 Υἱοῦ
1362 1148 1390 1174 ἐν
1406 1148 1543 1183 Πνεῦματι
1555 1149 1624 1185 ἁγίῳ
1636 1151 1832 1187 ἐνεργουμένη.

1052 1190 1159 1226 ’Λμέλει
1175 1192 1279 1224 Παῦλος
1304 1193 1395 1227 λέγει·
1415 1203 1425 1219 ι
1448 1194 1559 1226 Ἀλλους
1578 1195 1719 1230 μὲν-ἔθετο
1734 1198 1748 1223 6
1764 1197 1834 1229 Θεὸς

1044 1238 1073 1262 ὲν
1085 1239 1118 1272 τῇ
1140 1238 1294 1274 Ἐκκλησία,
1312 1239 1420 1274 πρῶτον
1437 1240 1609 1273 ἀποστόλους,
1623 1241 1747 1277 δεύτερον
1765 1251 1833 1278 προ-

1044 1284 1141 1318 φήτας,
1168 1285 1258 1320 τρίτον
1282 1284 1473 1317 διδασκάλους“
1495 1295 1504 1312 ι
1521 1288 1568 1313 καὶ
1591 1287 1670 1314 πάλιν
1693 1288 1708 1314 6
1730 1288 1830 1321 αὑτός·

1046 1339 1055 1356 ι
1076 1330 1189 1365 Πέμψας
1213 1330 1267 1357 ἀπὸ
1287 1330 1336 1365 τῆς
1351 1331 1470 1366 Μιλήτου
1492 1333 1531 1364 εἱς
1546 1333 1595 1367 τὴν
1613 1333 1742 1367 Ἔφεσον,
1764 1343 1831 1370 μετ-

1042 1375 1178 1402 εστείλατο
1190 1376 1252 1407 τοὺς
1275 1377 1474 1412 πρεσϐυτέρους
1491 1376 1541 1412 τῆς
1564 1378 1734 1413 Ἐκκλησίας,
1754 1388 1763 1405 ι
1782 1381 1830 1406 καὶ

1042 1418 1113 1452 λέγει
1123 1420 1212 1451 αὐτοῖς
1221 1428 1227 1435 ·
1246 1430 1255 1445 ι
1269 1421 1418 1455 Προσέχετε
1432 1422 1547 1455 ἑαυτοῖς,
1559 1423 1605 1449 καὶ
1622 1423 1703 1449 παντὶ
1716 1424 1754 1459 τῷ
1766 1434 1828 1452 ποι-

1043 1465 1122 1500 μνίῳ,
1133 1466 1162 1491 ἐν
1178 1462 1200 1499 ᾧ
1223 1466 1294 1500 ὑμᾶς
1313 1466 1388 1493 ἔθετο
1406 1467 1435 1493 τὺ
1450 1467 1560 1503 Πνεῦμα
1575 1469 1605 1494 τὸ
1624 1469 1700 1503 ἅγιον
1714 1470 1828 1498 ἐπισκό-

1042 1519 1119 1542 πους,
1149 1511 1301 1546 ποιμαίνειν
1326 1512 1375 1548 τὴν
1401 1513 1562 1548 Ἐκκλησίαν
1587 1514 1634 1540 τοῦ
1666 1516 1796 1551 Χριστοῦ.
1814 1528 1825 1544 ι

201 1536 358 1568 ΡΓΞβοευίι.
368 1539 478 1567 eosdem
486 1541 570 1569 Deum
585 1546 766 1579 praeposuisse
777 1557 783 1574 :
798 1556 847 1575 nec
856 1541 924 1577 alios
932 1549 989 1585 Spi-

201 1581 280 1597 rilum
317 1583 382 1597 an..-
413 1585 493 1597 num.
532 1596 554 1597 ρ
569 1588 575 1597 ι
602 1590 627 1597 ι..
687 1591 692 1597 .

1050 1536 1141 1592 toﬁ;
1389 1558 1403 1583 6
1423 1537 1499 1591 θεὸς,
1515 1559 1589 1586 ἕθετο
1614 1560 1644 1587 τὸ
1664 1536 1775 1597 Πῦεῦμα
1795 1564 1827 1590 τὸ

199 1581 292 1613 ritum,
316 1583 384 1611 alios
413 1585 507 1618 Deum,
529 1588 577 1615 sed
601 1590 662 1617 illos
687 1591 779 1626 ipsos,
797 1603 866 1628 quos
884 1604 988 1632 prmpo-

200 1625 252 1652 suit
266 1626 347 1660 Deus,
361 1631 506 1665 pr:rposuit
517 1637 543 1659 et
552 1632 679 1668 Spiritus.
693 1637 795 1669 Quodsi
806 1625 932 1674 Spiri-tus
940 1625 987 1670 eos

199 1673 355 1706 praeposuit,
368 1682 436 1708 quos
448 1678 594 1711 pratposuit
608 1678 688 1711 Deus,
705 1681 767 1709 hinc
781 1673 906 1718 sequitur
917 1694 987 1712 eam-

199 1716 259 1744 dem
276 1717 322 1746 Dei
334 1723 361 1745 et
374 1719 490 1754 Spiritus
504 1730 564 1750 esse
580 1727 772 1758 operationem.
785 1728 906 1761 Quorum
922 1739 986 1759 vero

198 1761 291 1789 eadem
299 1767 341 1790 est
351 1766 482 1799 operatio,
496 1775 589 1794 eorum
602 1771 695 1797 eadem
709 1780 816 1807 quoque
825 1778 866 1801 est
876 1779 983 1804 natura.

197 1806 278 1842 482
295 1807 398 1835 Maced.
412 1810 494 1845 Atqui
510 1812 581 1840 Deus
605 1819 648 1841 est
671 1817 717 1850 qui
742 1806 833 1845 omnia
853 1820 879 1846 in
896 1822 984 1848 omni—

197 1852 248 1880 bus
275 1859 414 1889 operatur.
442 1857 577 1892 Scriptum
608 1866 649 1888 est
674 1863 771 1891 enim:
803 1873 812 1890 ι
830 1865 983 1895 Divisiones

197 1898 344 1932 gratiarum
360 1905 434 1934 sunt,
446 1902 515 1937 idem
533 1909 623 1932 autem
638 1906 756 1942 Spiritus
769 1919 775 1937 :
789 1915 817 1937 et
832 1912 982 1941 divisiones

197 1944 427 1974 ministrationum
455 1953 536 1982 sunt,
566 1951 636 1979 idem
667 1959 757 1982 autem
781 1956 935 1986 Dominus:
955 1965 982 1987 et

195 1989 343 2019 divisiones
359 1994 546 2027 operationum
561 2002 635 2030 sunt,
652 1999 723 2027 idem
739 2010 803 2029 vero
824 2003 912 2036 Deus,
933 2006 979 2040 qui

195 2040 325 2069 opt-ratur
340 2039 430 2065 omnia
451 2040 476 2066 in
493 2043 618 2071 omnibus
633 2044 665 2071 ⁵⁷.
687 2055 695 2071 ι
718 2046 793 2075 ΟνιΙι.
813 2048 905 2077 Recita
920 2039 980 2086 quae

195 2088 365 2116 sequuntur.
392 2089 420 2112 ut
447 2086 562 2115 audias:
582 2098 591 2114 ι
613 2089 765 2126 Unicuique
793 2098 882 2122 autem
898 2096 980 2124 datur

193 2127 377 2156 manifestatio
393 2130 510 2165 Spiritus
541 2134 575 2161 ad
604 2137 759 2173 utilitatem.
790 2139 843 2167 Alii
869 2143 976 2177 quidem

193 2171 274 2200 datur
297 2182 346 2209 per
374 2175 505 2211 Spiritum
535 2171 625 2210 sermo
643 2184 807 2218 ‘sapientize;
837 2188 883 2215 alii
913 2197 977 2217 vero

190 2225 282 2246 sermo
306 2221 427 2249 scientia:
452 2226 602 2253 secundum
626 2229 750 2257 eumdem
775 2231 920 2266 Spiritum;
941 2236 979 2261 al-
997 2229 1017 2255 ί)

191 2264 242 2291 teri
256 2264 319 2292 lides
336 2266 363 2293 in
378 2268 471 2295 eodem
488 2269 590 2304 Spiritu
605 2281 612 2305 ;
641 2274 687 2300 alii
710 2264 804 2310 gratia
827 2280 976 2308 sanitatum

191 2308 219 2335 in
233 2309 326 2338 eodem
341 2312 444 2347 Spiritu
457 2323 464 2347 ;
479 2316 523 2343 alii
538 2319 661 2350 operatio
675 2308 807 2349 vir-tutum
817 2345 824 2356 ,
845 2325 890 2352 alii
913 2334 976 2358 pro-

191 2354 292 2390 phetia,
307 2357 353 2384 alii
367 2359 496 2388 discretio
511 2363 666 2397 spirituum,
685 2367 730 2394 alii
746 2375 846 2402 genera
871 2372 974 2407 lingua.

191 2407 262 2428 rum.
280 2401 342 2430 Haec
355 2411 444 2432 autem
463 2409 552 2435 omnia
569 2415 697 2444 operatur
709 2421 779 2441 unus
797 2419 878 2450 atque
903 2417 973 2445 idem

192 2443 320 2480 Spiritus,
333 2448 455 2480 dividens
472 2443 595 2489 singulis
605 2461 686 2491 prout
704 2460 759 2486 vult
776 2461 808 2487 ".
827 2443 843 2487 ι.
854 2462 917 2491 Vult
929 2473 974 2491 au-

190 2497 243 2520 tem
276 2495 387 2529 eadem,
408 2506 468 2533 qua:
495 2501 588 2529 volunt
616 2503 696 2532 Pater
721 2509 748 2533 et
779 2506 876 2542 Filius,
892 2514 974 2545 atque

189 2538 250 2567 ideo
267 2541 432 2570 voluntatem
445 2552 540 2573 eorum
552 2555 633 2574 unam
650 2550 778 2579 dicimus.
794 2552 914 2585 Quorum
926 2563 973 2583 au-

188 2589 243 2613 tem
258 2588 383 2617 voluntas
393 2590 486 2619 eadem
498 2597 549 2628 est,
561 2595 709 2632 eademque
726 2601 858 2634 operatio,
873 2606 970 2630 natura

187 2630 251 2658 item
265 2638 307 2661 est
322 2636 426 2663 eadem.

224 2679 264 2705 Η.
285 2679 388 2708 Maced.
412 2681 539 2719 Nunquid
563 2686 646 2722 igitur
672 2689 791 2725 Spiritus
814 2698 855 2720 est
878 2693 970 2722 Deus?

228 2767 246 2781 "
265 2767 465 2815 3121:113qu
486 2773 611 2815 _':_Luc.
630 2785 656 2811 ι,
676 2779 720 2806 δό.
759 2781 781 2796 “
800 2779 879 2808 Prov.
900 2789 943 2815 Ix,
962 2783 988 2812 ί.

188 2808 244 2834 tm,
261 2802 318 2830 ι-δ.
357 2804 379 2821 ⁸³
399 2805 465 2833 ibid.
486 2806 559 2838 7-H.

1040 1602 1126 1636 ἅγιον,
1144 1603 1190 1628 καὶ
1210 1603 1257 1634 οὓς
1278 1603 1353 1629 ἔθετο
1370 1604 1399 1630 τὸ
1414 1604 1535 1639 Πνεῦμα,
1555 1605 1631 1633 ἔθετο
1645 1608 1659 1633 6
1679 1608 1759 1639 Θεός·
1778 1611 1826 1637 καὶ

1039 1648 1088 1674 οὐκ
1101 1648 1195 1680 ἄλλους
1214 1649 1243 1675 τὸ
1260 1649 1381 1683 Πνεῦμα,
1397 1650 1444 1676 καὶ
1466 1651 1561 1683 ἄλλους
1574 1653 1588 1678 6
1610 1652 1684 1685 Θεὸς,
1701 1653 1758 1680 ἀλλ’
1776 1657 1826 1682 a6—

1038 1693 1101 1725 τοὺς
1114 1693 1161 1726 οὒς
1179 1694 1253 1721 ἔθετο
1275 1696 1289 1722 6
1312 1696 1387 1727 Θεὸς,
1403 1697 1476 1723 ἔθετο
1497 1698 1527 1723 τὸ
1540 1698 1668 1734 Πνεῦμα;
1685 1699 1715 1726 Εἰ
1732 1699 1761 1726 δὲ
1777 1700 1825 1733 οὓς

1038 1738 1113 1764 ἔθετο
1124 1740 1137 1765 6
1150 1739 1224 1771 Θεὸς,
1239 1740 1313 1766 ἔθετο
1326 1741 1354 1768 τὸ
1374 1742 1494 1778 Πνεῦμα,
1511 1743 1527 1778 ἡ
1547 1744 1614 1780 αὑτὴ
1632 1745 1685 1780 ἄρα
1698 1745 1824 1780 ἐνέργεια

1037 1783 1083 1810 τοῦ
1094 1784 1160 1810 Θεοῦ
1173 1786 1219 1811 καὶ
1233 1785 1278 1812 τοῦ
1291 1786 1359 1813 Πνεὺ
1364 1795 1457 1821 ματος.
1469 1785 1518 1815 Ὧν
1534 1788 1562 1815 δὲ
1571 1791 1587 1824 ἠ
1600 1790 1667 1826 αὐτὴ
1682 1791 1821 1826 ἐνέργεια,

1037 1831 1053 1865 ἡ
1069 1831 1136 1866 αὑτὴ
1158 1832 1204 1858 καὶ
1226 1832 1314 1866 φύσις.
1330 1833 1440 1860 Μακεδ.
1458 1835 1586 1870 Καίτοιγε
1599 1837 1613 1862 6
1632 1836 1697 1868 Θεός
1717 1838 1792 1864 ἐστιν
1807 1841 1822 1866 6

1036 1877 1153 1913 ἐνεργῶν
1166 1877 1200 1904 τὰ
1214 1878 1301 1905 πάντα
1313 1879 1342 1905 ἐν
1359 1880 1435 1908 πᾶσι.
1450 1881 1605 1917 Γέγραπται
1627 1883 1680 1918 γάρ
1690 1892 1696 1899 ·
1715 1893 1725 1909 ε
1745 1885 1821 1911 Διαι-

1036 1922 1124 1957 ρέσεις
1138 1924 1312 1958 χαρισμάτων
1325 1925 1386 1956 eisi,
1399 1925 1429 1951 τὺ
1443 1925 1470 1952 δὲ
1481 1927 1546 1952 αὐτὸ
1557 1927 1666 1962 Πνεῦμα
1675 1937 1682 1943 ·
1694 1929 1740 1955 καὶ
1750 1929 1822 1955 διαι-

1036 1965 1125 2000 ρέσεις
1143 1966 1284 1993 διακονιῶν
1300 1969 1378 1999 εἰσιν,
1396 1970 1410 1995 6
1423 1969 1451 1995 δὲ
1462 1970 1543 2002 αὐτὸς
1553 1971 1670 2007 Κύριος
1686 1973 1732 1999 καὶ
1747 1974 1820 2000 διαι-

1035 2011 1122 2045 ρέσεις
1143 2012 1334 2048 ἐνεργημάτων
1353 2014 1430 2047 εἰσὶν,
1450 2016 1464 2041 6
1478 2016 1506 2042 δὲ
1526 2017 1605 2048 αὐτὸς
1619 2018 1685 2049 Θεός
1705 2019 1790 2052 ἐστιν,
1803 2021 1818 2047 6

1033 2057 1150 2091 ἐνεργῶν
1169 2059 1201 2084 τὰ
1216 2059 1304 2086 πάντα
1325 2060 1353 2086 ὲν
1366 2062 1456 2087 πᾶσιν.
1479 2071 1488 2087 ι
1514 2063 1589 2097 Ὀρθ.
1611 2064 1677 2090 Εἰπὲ
1690 2064 1724 2091 τὰ
1742 2065 1816 2101 ἑξῆς,

1034 2102 1076 2128 ἴνα
1099 2103 1216 2140 ἀκούσῃς
1229 2113 1234 2119 ·
1252 2114 1261 2130 ι
1284 2105 1405 2141 Ἐκάστῳ
1421 2107 1449 2133 δὲ
1461 2107 1561 2135 δίδοται
1577 2110 1592 2144 ή
1608 2110 1759 2146 φανέρωσις
1769 2113 1816 2140 τοῦ

1031 2149 1187 2183 Ilva-51mm;
1200 2150 1268 2185 πρὸς
1280 2151 1309 2177 τδ
1323 2151 1470 2187 συμφέρον.
1483 2150 1518 2187 τῼ
1532 2154 1580 2187 μὲν
1595 2155 1648 2191 γὰρ
1662 2155 1761 2183 δίδοται
1773 2157 1817 2185 διὰ

1030 2193 1076 2219 τοῦ
1098 2195 1253 2229 Πνεύματος
1275 2196 1352 2230 λόγος
1380 2198 1491 2231 σοφίας·
1509 2199 1580 2234 ἄλλῳ
1602 2200 1630 2226 δὲ
1650 2200 1727 2236 λόγος
1744 2203 1816 2237 γνώ-

1032 2248 1100 2271 σεως
1112 2241 1181 2267 κατὰ
1196 2242 1227 2267 τὸ
1248 2242 1312 2268 αὐτὸ
1331 2243 1457 2278 Πνεῦμα·
1474 2244 1558 2280 ἑτέρῳ
1577 2245 1604 2272 δὲ
1622 2247 1713 2279 πίστις
1725 2249 1754 2274 ἐν
1776 2249 1816 2285 τῷ

1029 2285 1103 2320 αὐτῷ
1121 2287 1273 2322 Πνεύματι·
1293 2288 1364 2324 ἄλλῳ
1379 2289 1407 2316 δὲ
1422 2291 1577 2325 χαρίσματα
1596 2292 1717 2327 ἰαμάτων
1731 2295 1760 2320 ἐν
1776 2295 1815 2331 τῷ

1028 2331 1102 2366 αὺτῷ
1114 2333 1266 2367 Πνεῦματι·
1279 2334 1350 2369 ἄλλῳ
1363 2335 1390 2362 δὲ
1403 2336 1578 2372 ἐνεργήματα
1588 2346 1594 2352 ·
1610 2338 1696 2374 ἑτέρῳ
1710 2339 1739 2366 δὲ
1750 2349 1814 2376 προ-

1028 2378 1138 2412 φητεία·
1156 2378 1227 2414 ἄλλῳ
1248 2379 1276 2406 δὲ
1301 2380 1449 2416 διακρίσεις
1474 2383 1652 2418 πνευμάτων·
1673 2385 1761 2421 ἑτέρῳ
1785 2387 1813 2414 δὲ

1026 2423 1090 2459 γένη
1106 2424 1245 2457 γλωσσῶν.
1267 2426 1357 2453 Πάντα
1368 2427 1494 2455 δὲταῦτα
1510 2429 1616 2465 ἐνεργεῖ
1633 2430 1662 2457 τὸ
1678 2431 1708 2457 ἒν
1723 2433 1769 2459 καὶ
1782 2434 1813 2460 τὸ

1027 2468 1092 2495 αὐτὸ
1106 2469 1227 2505 Πνεῦμα,
1239 2471 1359 2506 διαιροῦν
1374 2472 1425 2508 ἰδίᾳ
1437 2473 1543 2509 ἑκάστῳ
1559 2475 1648 2508 καθὼς
1660 2476 1809 2511 βούλεται.»

1026 2514 1194 2541 Βούλεται-δὲ
1211 2515 1229 2542 ἃ
1245 2516 1367 2551 βούλεται
1381 2519 1395 2544 6
1411 2518 1503 2554 Πατὴρ
1518 2520 1565 2546 καὶ
1580 2521 1594 2547 ὁ
1609 2521 1687 2553 Υἱός·
1701 2524 1749 2550 καὶ
1768 2524 1813 2552 διὰ

1025 2560 1111 2601 τοῦτο,
1124 2561 1237 2597 λέγομεν
1254 2563 1350 2599 βουλὴν
1370 2564 1442 2599 μίαν.
1457 2563 1506 2592 Ὧν
1520 2567 1548 2593 δὲ
1564 2567 1593 2593 τὺ
1607 2569 1672 2595 αὐτὸ
1687 2569 1811 2607 βούλημα

1025 2606 1071 2631 καὶ
1082 2593 1352 2644 ήΙαὺτὴ.ὲνέργεια,Ιὴ
1367 2593 1434 2646 αὐτὴ
1447 2611 1494 2637 καὶ
1509 2613 1526 2647 ἡ
1542 2613 1630 2647 φύσις.

1059 2696 1100 2723 14.
1112 2697 1222 2724 Μακεδ.
1236 2699 1338 2725 Οὐκοῦν
1346 2700 1393 2726 καὶ
1403 2700 1469 2732 Θεός
1481 2703 1538 2728 ὲστι
1547 2703 1576 2729 τὸ
1587 2703 1715 2733 Πνεῦιια;
1728 2706 1806 2739 Ὅρα.

1025 2783 1047 2799 ⁶¹
1067 2782 1076 2810 l
1092 2783 1156 2813 Cor.
1175 2792 1223 2818 xtl,
1242 2785 1286 2814 28.
1326 2787 1348 2803 ³⁸
1367 2786 1428 2815 Aet.
1446 2796 1496 2822 ιι,
1516 2788 1566 2821 17,
1584 2789 1629 2817 28.
1667 2790 1691 2806 θ’
1710 2789 1721 2817 Ι
1738 2790 1804 2820 Cor.
