1926 3068
80 175 150 202 1513

615 178 755 206 CONTRA
775 178 948 206 MACEDON.
971 178 1143 206 DlALOGUS
1158 179 1177 207 Ι.

1632 181 1700 208 1514

79 233 165 259 Τοῦτο
175 233 220 260 καὶ
230 234 309 266 αὐτὸς
319 234 348 268 ἐξ
361 236 444 270 αὐτῆς
452 236 499 271 τῆς
509 237 666 268 ἀκολουθίας
679 237 864 272 ὡμολόγησας.

919 236 994 264 Orlh.
1008 236 1064 265 Hoc
1084 241 1142 265 tute
1159 245 1192 265 ex
1207 237 1266 272 ipsa
1281 237 1415 265 dictorum
1433 238 1627 272 consequentia
1641 244 1703 272 pro-

85 277 190 305 Ἑκείνο
208 278 236 305 δὲ
251 279 377 314 γίνωσκε,
391 282 431 307 ὅτι
446 282 475 308 τὺ
490 282 556 309 Θεὸν
579 281 647 308 εἶναι
665 283 788 319 δεύτερόν
806 285 864 309 ἐστι

80 325 130 360 τῆς
151 319 271 359 φύσεωςί
284 327 338 353 Καὶ
355 327 408 362 γὰρ
423 328 512 363 ἡμεῖς,
530 328 576 355 ἐὰν
591 329 707 364 μιμηταὶ
722 328 863 363 γενώμεθα

80 370 128 397 τοῦ
147 370 224 403 Θεοῦ,
247 371 317 398 κατὰ
338 371 382 398 τὸν
397 373 501 399 Παῦλον
516 373 571 399 θεοὶ
587 374 635 408 μὲν
655 374 797 409 γινόμεθα·
816 375 865 409 τῆς

81 418 110 444 δὲ
125 418 211 452 αὐτῆς
224 418 329 452 φύσεως
343 419 468 452 γενέσθαι
480 420 510 445 οὐ
527 419 672 454 δυνάμεθα.
685 420 795 446 Μακεδ.
811 421 865 446 Καὶ

82 464 148 490 αὐτὸ
166 462 211 490 οὖν
225 464 255 490 τὸ
274 464 385 499 Πνεῦμα
403 464 473 491 κατὰ
495 465 606 500 μίμησιν
623 465 670 492 xal.
681 466 760 501 χάριν
777 466 865 499 λέγεις

82 509 151 537 εἶναι
165 510 245 543 Θεόνς
260 512 335 545 Ὀρθ.
353 511 398 546 Μὴ
410 511 513 545 γένοιτό
528 521 571 547 μοι
585 513 728 548 ἐπίκτητον
738 522 764 540 τι
780 514 865 539 εἰπεῖν

82 556 129 582 ἐπὶ
143 555 188 582 τοῦ
200 556 372 590 Πνεύματοςῑ
387 556 448 583 οὔτε
463 557 517 592 γὰρ
529 557 559 584 τὸ
577 558 663 591 ἆγιον,
679 558 740 584 οὔτε
755 558 784 585 τὸ
798 558 865 585 ἀθά-

81 611 171 633 νατον,
188 601 248 628 οὔτε
269 602 299 628 τὸ
316 603 425 636 ἀγαθὸν,
448 603 508 630 οὕτε
528 603 590 630 ἄλλο
610 613 636 630 τι
657 604 711 631 τῶν
733 605 796 640 περὶ
819 606 865 631 τὸν

82 646 148 673 Θεὸν
177 647 369 682 θεωρουμένων
393 647 463 682 λέγω
480 646 547 675 εἶναι
572 649 716 684 ἐπίκτητον
737 649 775 685 τῷ
797 650 865 685 ἁγίῳ

82 692 237 727 Πνεύματι·
259 692 326 718 ἀλλὰ
350 693 427 727 φύσει
450 694 536 727 ἆγιον,
559 694 636 728 φύσει
657 695 765 729 ἀγαθὸν,
787 695 866 730 φύσει

82 737 230 772 ἄφθαρτον,
247 737 326 771 φύσει
344 737 484 768 ἀθάνατον,
500 738 537 769 ὡς
561 739 671 774 Πνεῦμα
690 740 755 766 Θεοῦ
770 742 814 767 καὶ
836 741 865 774 ἐξ

82 782 165 808 αὐτοῦ
186 781 326 817 πηγάςον,
351 783 409 817 ἢτοι
433 783 655 819 ἐκπορευόμενον.
675 785 784 811 Μακεδ.
811 785 865 811 Ἀεὶ

82 826 129 854 οὖν
141 827 319 863 ἐκπορεύεται
335 828 397 862 παρ’
413 828 509 860 αὐτοῦς
533 830 607 863 Ὀρθ.
621 830 678 856 Ἵνα
691 829 727 865 μὴ
741 830 864 866 νομίσῃς,

82 875 123 901 ὅτι
137 875 237 909 ἤρξατο
248 874 294 900 τοῦ
307 874 501 910 ἐκπορεύεσθαι
512 875 557 901 καὶ
570 875 714 906 πέπαυται,
729 876 772 902 διὰ
789 876 866 903 τοῦτο

916 282 1005 310 fessus
1018 291 1056 310 es.
1077 282 1175 310 Verum
1193 283 1258 310 illud
1274 287 1301 310 te
1315 291 1397 311 nosse
1412 283 1505 315 velim,
1520 283 1604 310 Deum
1620 291 1681 310 esse
1692 304 1700 316 ,

915 329 1049 363 posterius
1064 336 1124 356 esse
1139 333 1246 356 natura.
1257 328 1324 356 Nam
1337 333 1364 356 et
1375 336 1436 361 nos,
1454 329 1476 356 si
1492 329 1643 356 imitatores
1654 329 1701 357 Dei

915 375 1000 403 simus
1011 394 1018 408 ,
1035 375 1184 402 secundum
1195 375 1309 403 Paulum
1325 375 1364 402 dii
1380 375 1531 403 ellicimur:
1547 383 1597 403 nec
1610 380 1700 403 tamen

915 423 1019 447 natura:
1034 420 1156 453 ejusdem
1173 420 1230 447 lieri
1242 428 1400 455 possumus.
1410 420 1513 448 Maccd.
1527 420 1633 455 Ergone
1643 420 1703 456 Spi-

915 465 997 492 ritum
1012 465 1099 500 ipsum
1112 466 1263 493 imitatione
1276 470 1302 493 et
1313 467 1400 501 gratia
1418 466 1501 493 Deum
1524 474 1587 494 esse
1613 467 1703 494 dicis?

917 511 991 538 Orth.
1009 511 1102 542 Absit,
1130 514 1160 538 ut
1186 511 1287 546 aliquid
1312 511 1488 539 advenlitium
1516 510 1629 546 Spirilui
1652 513 1702 539 tri-

916 557 1014 584 buam!
1031 556 1099 583 Nam
1115 564 1201 592 neque
1216 557 1398 590 sanctitatem,
1411 565 1462 584 nec
1486 557 1700 592 incorruptibili-

915 606 1015 634 tatcm,
1043 610 1093 628 nec
1120 602 1362 634 immortalitatem,
1389 610 1440 630 nec
1460 603 1620 634 bonitatem,
1652 611 1703 630 nec

915 646 987 673 aliud
1004 653 1098 673 eorum
1116 653 1176 681 quae
1190 647 1218 673 in
1248 646 1303 674 Deo
1320 647 1489 674 considerari
1506 648 1609 679 solent.
1623 649 1702 683 quid-

916 699 996 726 quam
1013 691 1126 726 Spiritui
1150 697 1245 720 sancto
1262 693 1440 720 adventitium
1465 700 1528 720 esse
1550 693 1633 721 dico:
1654 695 1701 721 sed

915 740 1013 763 natura
1025 741 1162 768 sanctum,
1178 741 1277 764 natura
1293 737 1405 769 bonum,
1420 740 1518 764 natura
1538 739 1703 772 incorrupti-

916 783 1007 815 bilcm,
1035 788 1131 811 natura
1160 784 1356 817 immortalem,
1384 788 1478 820 utpote
1496 785 1628 820 Spiritum
1655 784 1702 811 Dei

916 833 942 855 et
957 837 989 856 cx
1006 837 1038 856 eo
1054 833 1259 864 promanantcm
1288 830 1345 857 sive
1372 831 1574 865 procedentem.
1596 828 1700 857 Maced.

917 875 1030 910 Semper
1044 875 1125 910 igitur
1138 882 1171 902 cx
1185 875 1232 901 illo
1259 874 1400 908 procedit?
1415 873 1490 902 ΟνιΙι.
1508 873 1540 901 Ut
1557 882 1591 902 ne
1608 875 1703 903 existi—

83 921 189 956 εἴρηται
200 929 206 935 ⁸
219 921 251 946 '0
267 921 340 956 παρὰ
351 920 397 946 τοῦ
414 921 518 956 Πατρῦς
529 922 720 956 ἐκπορεύεται·
735 922 777 948 ἵνα
798 923 865 957 μήτε

919 929 1007 948 mares
1022 921 1225 955 processionem
1241 922 1283 948 vel
1306 921 1422 956 ccepisse
1440 921 1483 948 vel
1499 921 1614 948 desiisse
1627 941 1634 952 ,
1660 922 1702 948 id-

83 966 187 1002 ἀρχὴν,
215 968 281 1001 μήτε
303 966 377 998 τέλος
399 967 565 1002 ἐπιζητήσῃς
589 967 638 1000 τῆς
668 968 864 1002 ὲκπορεύσεως.

85 1012 169 1039 Τοῦτο
182 1012 228 1038 καὶ
244 1012 306 1047 περὶ
326 1012 374 1046 τῆς
389 1013 539 1046 γεννήσεως
559 1012 604 1038 τοῦ
620 1013 683 1039 Tim":
703 1013 882 1048 σημαινόμε-·

84 1067 129 1085 νον
143 1059 278 1094 εὑρήσεις.
294 1059 330 1084 Οὺ
346 1058 399 1094 γὰρ
422 1057 491 1089 εἶπε,
510 1058 565 1094 Πρὸ
575 1059 602 1084 δὲ
620 1059 727 1085 πάντων
739 1059 866 1094 ὲγέννησέ

87 1113 131 1140 με,
149 1104 216 1130 ἀλλὰ
230 1105 313 1139 Γεννᾷ
333 1113 383 1138 με’
398 1104 440 1130 ἵνα
452 1104 518 1139 μήτε
537 1104 622 1139 ἀρχὴν
639 1105 688 1140 τῆς
706 1107 865 1140 γεννήσεως,

87 1151 155 1186 μήτε
168 1150 244 1180 τέλος
264 1150 439 1186 ὲπιζητήσῃς.
455 1150 563 1177 Μακεδ.
581 1150 631 1177 Δύο
645 1149 689 1177 οὖν
709 1152 775 1177 εἰσιν
790 1151 864 1183 Tiol;

92 1197 167 1231 '0p9.
185 1196 229 1232 Μὴ
246 1195 365 1231 γένοιτοῐ
382 1196 490 1223 Munus.
508 1197 539 1223 Ei
554 1195 660 1231 ἀληθῶς
674 1197 719 1223 καὶ
730 1197 744 1223 ὁ
758 1197 821 1228 Υἱὸς
836 1198 867 1224 ἐκ

85 1242 131 1268 τοῦ
142 1243 247 1277 IIl-.96;
266 1242 312 1268 καὶ
332 1243 361 1269 τὸ
378 1243 499 1277 Πνεῦμα,
514 1241 559 1268 δύο
573 1243 639 1268 εἰσὶν
651 1242 766 1277 ἀδελφοί.
790 1243 865 1277 Ὀρθ.

92 1287 161 1314 Ἀλλ’
175 1289 189 1314 ὁ
206 1288 254 1323 μὲν
266 1288 328 1320 Υἱὸς
341 1289 507 1324 γενέννηται,
520 1289 550 1315 τὸ
561 1289 587 1315 δὲ
601 1288 711 1324 Πνεῦμα
720 1289 866 1323 ἐκπορεύε-

85 1343 139 1361 ται.
160 1334 270 1362 Μακεδ.
286 1335 340 1361 Καὶ
362 1334 402 1366 τίς
421 1335 562 1370 ήδιαῳορὰ
586 1337 634 1369 τῆς
651 1336 803 1370 γεννήσεως
821 1336 867 1361 καὶ

85 1381 134 1416 τῆς
147 1381 348 1416 ὲκπορεύσεω;;
366 1381 440 1415 Ὀρθ.
456 1382 510 1416 Τὴν
523 1382 653 1418 διαφορὰν
672 1381 708 1417 μὴ
721 1382 868 1417 περιεργά-

86 1427 133 1459 Ceu
144 1435 150 1442 δ
164 1427 194 1453 οὐ
203 1427 256 1462 γὰρ
268 1427 436 1464 καταληπτὴ,
454 1428 510 1454 ἀλλ’
524 1427 542 1454 ὃ.
558 1428 711 1464 προσετάγη
721 1436 771 1459 σοι,
782 1427 867 1454 ταῦτα

86 1473 200 1505 διανοοῦ,
208 1474 254 1500 καὶ
266 1474 418 1509 περαιτέρω
425 1473 525 1501 τούτων
534 1474 569 1510 μὴ
583 1474 701 1506 ἐξέταζε.
709 1474 866 1509 Προσετιῆτη

85 1517 115 1544 δέ
144 1526 182 1544 σοι
196 1517 227 1544 τὺ
255 1518 401 1550 πιστεύειν,
425 1518 466 1544 ὅτι
489 1519 503 1544 ὁ
530 1518 591 1550 Υἱὸς
615 1519 752 1552 γεννᾶται,
771 1519 817 1544 καὶ⁴
837 1520 868 1544 τὸ

86 1563 198 1598 Πνεῦμα
225 1563 417 1599 ἐκπορεύεται·
439 1563 474 1590 τὰ
492 1563 520 1589 δὲ
540 1563 607 1590 ἄλλα
630 1565 728 1595 πάντα,
743 1564 866 1600 οὐρανὸς,

916 965 990 992 circo
1004 965 1087 992 dicit:
1102 965 1153 998 Qui
1168 973 1183 991 a
1198 964 1278 992 Patre
1296 965 1435 999 procedit;
1454 969 1483 992 ut
1503 973 1552 992 nec
1568 965 1676 992 initium
1692 985 1699 997 ,

916 1019 965 1038 nec
977 1010 1056 1038 linem
1068 1010 1253 1045 processionis
1269 1010 1412 1045 requiras:
1430 1011 1481 1038 hoc
1497 1011 1567 1037 idem
1583 1011 1616 1038 de
1640 1010 1701 1038 Filii

915 1057 1088 1092 generatione
1107 1056 1289 1091 signiﬁcatum
1306 1056 1437 1091 reperies.
1455 1055 1547 1091 Neque
1562 1057 1634 1083 enim
1652 1056 1700 1090 ait,

916 1102 1014 1130 Genuit
1034 1110 1077 1129 me
1092 1108 1154 1129 ante
1180 1102 1291 1134 omnia,
1315 1102 1362 1129 sed
1383 1102 1474 1137 Gignit
1498 1111 1564 1136 me;
1593 1106 1622 1129 ut
1651 1111 1702 1130 nec

916 1149 1034 1181 initium,
1057 1156 1106 1175 nec
1123 1148 1202 1175 linem
1222 1148 1405 1182 generationis
1431 1149 1566 1182 requiras.
1596 1148 1699 1175 Haud.

917 1194 974 1222 Duo
989 1195 1069 1230 igitur
1089 1194 1147 1222 Filii
1161 1195 1248 1221 sunt?
1264 1193 1339 1222 ονιΙι.
1356 1194 1448 1222 Absit!
1465 1194 1569 1223 Maced.
1600 1195 1628 1222 Si
1646 1199 1701 1222 tam

916 1239 1002 1268 Filius
1015 1248 1097 1275 quam
1121 1239 1241 1276 Spiritus
1266 1245 1377 1268 sanctus
1404 1249 1468 1268 vere
1482 1249 1515 1269 ex
1542 1241 1624 1269 Patre
1638 1246 1681 1269 est
1694 1262 1700 1273 .

917 1290 980 1314 sunt
998 1287 1052 1314 duo
1068 1287 1175 1313 fratres.
1207 1286 1284 1313 ονιΙι.
1316 1286 1369 1313 Sed
1399 1287 1484 1314 Filius
1512 1289 1619 1323 genitus
1647 1293 1701 1316 est.

918 1332 1037 1367 Spiritus
1047 1340 1112 1359 vero
1124 1333 1257 1367 procedit.
1278 1332 1384 1360 Maced.
1407 1332 1440 1359 Et
1455 1333 1519 1368 quid
1535 1333 1704 1360 discriminis

917 1382 959 1405 est
986 1379 1058 1405 inter
1086 1378 1288 1413 generationem
1319 1385 1351 1405 ac
1377 1379 1601 1414 processionem‘l
1625 1378 1702 1408 Ortlr.

919 1423 1070 1451 Discrimen
1085 1432 1118 1451 ne
1134 1424 1243 1451 curiose
1258 1424 1390 1458 inquirito
1404 1433 1410 1451 :
1427 1432 1516 1459 neque
1533 1425 1605 1452 enim
1629 1433 1704 1453 com-

919 1470 1047 1506 prehendi
1064 1473 1171 1505 potest;
1193 1470 1240 1497 sed
1264 1478 1324 1505 qum
1338 1471 1386 1497 tibi
1403 1475 1536 1505 praecepta
1554 1475 1617 1498 sunt
1630 1491 1637 1502 ,
1658 1471 1702 1498 illa

919 1516 1017 1550 cogita,
1033 1518 1059 1542 et
1076 1515 1145 1542 ultra
1170 1515 1227 1542 haec
1241 1515 1278 1542 nil
1293 1516 1439 1550 exquirito.
1469 1514 1516 1542 Est
1541 1520 1629 1542 autem
1654 1515 1703 1542 tibi

919 1565 1094 1596 praeceptum,
1110 1566 1140 1587 ut
1154 1562 1250 1589 credas
1274 1560 1371 1588 Filium
1390 1561 1474 1596 gigni,
1497 1560 1626 1596 Spiritum
1641 1568 1704 1595 pro-

88 1609 133 1644 γῆ,
151 1609 281 1640 θάλασσα,
305 1609 352 1635 καὶ
369 1609 402 1635 τὰ
421 1610 450 1636 ὲν
474 1609 565 1641 αὐτοῖς
590 1609 686 1643 λογικὰ
702 1610 749 1636 καὶ
771 1609 865 1643 ἄλογα,

919 1607 1024 1634 cedere.
1038 1605 1151 1642 Reliqua
1162 1615 1227 1634 vero
1241 1608 1341 1639 omnia,
1358 1608 1456 1634 malum
1467 1628 1475 1640 ,
1500 1612 1571 1634 terra
1581 1627 1589 1637 ,
1606 1615 1681 1634 mare
1694 1627 1702 1638 ,

88 1655 222 1690 κτίσματά
238 1656 299 1685 εισι,
314 1654 373 1681 κατ’
389 1654 497 1690 ἐντολὴν
512 1654 593 1681 αὑτοῦ
608 1654 653 1680 τοῦ
665 1654 732 1680 Θεοῦ
749 1654 869 1681 κτισθέν-

87 1707 134 1729 τα·
154 1709 163 1724 ι
181 1699 265 1730 Αὐτὸς
282 1699 335 1734 γὰρ
354 1697 424 1731 εἷπε,
446 1699 493 1725 καὶ
509 1698 690 1734 ἐγεννήθησαν
701 1707 707 1713 ·
724 1698 803 1729 αὐτος
829 1700 871 1725 ὲν-

87 1745 216 1777 ετείλατο,
232 1745 278 1772 καὶ
294 1744 466 1779 ἐκτίσθησαν.
483 1754 492 1771 ι
509 1744 617 1771 Mam-:8.
637 1744 703 1771 Οὐδὲ
717 1743 771 1778 ἐγὼ
788 1743 869 1778 λέγω,

88 1791 128 1817 ὅτι
142 1791 172 1817 τὸ
193 1790 304 1826 Πνεῦμα
321 1791 421 1826 κτίσμα
438 1790 526 1816 ἐστιν·
544 1790 600 1817 ἀλλ’
620 1788 665 1816 οὖν
681 1789 711 1815 οὺ
724 1789 789 1816 Θεὸν
806 1789 870 1816 αὐτὸ

89 1836 168 1871 λέγω.
178 1838 253 1871 Ὀρθ.
267 1838 313 1863 ’Ἑν
326 1837 371 1863 ἔσο
381 1836 529 1871 γινώσκων,
547 1837 586 1863 ὅτι
600 1836 643 1863 διὰ
650 1837 727 1863 τοῦτο
740 1837 771 1863 σὺ
790 1836 870 1866 αὐτὸς

88 1882 137 1909 οὐκ
147 1880 172 1909 εἴ
181 1882 246 1914 Θεὸς
259 1884 292 1919 τῇ
308 1883 396 1917 φύσει,
411 1883 503 1918 ἐπειδὴ
524 1882 627 1918 κτίσμα
643 1881 720 1915 Θεοῦ,
737 1883 774 1914 ὡς
791 1883 814 1908 εἰ
833 1881 870 1917 μὴ

88 1925 121 1962 ἧς
137 1927 248 1962 κτίσμα,
262 1928 327 1959 Θεὸς
341 1928 374 1954 ἂν
386 1925 420 1963 ἦς
435 1929 468 1963 τῇ
485 1926 572 1962 φύσει.

124 2059 167 2086 15.
182 2058 292 2086 Μακεδ.
316 2058 384 2085 Ἀλλ’
410 2058 527 2093 οὐδαμοῦ
546 2059 715 2094 γέγραπται,
741 2059 781 2085 ὅτι
804 2057 870 2090 Θεός

88 2106 146 2133 ἐστι
162 2105 192 2132 τὸ
213 2105 332 2140 Πνεῦμα.
354 2105 425 2139 Ὀρθ.
440 2104 545 2140 Δῶμεν,
558 2105 598 2130 ὅτι
620 2105 650 2131 οὺ
667 2104 818 2140 γέγραπται
841 2104 871 2130 τὸ

92 2159 102 2176 ‹
119 2150 194 2182 Θεός.
211 2159 221 2175 ι
237 2150 273 2175 Σὺ
289 2149 317 2175 δὲ
331 2148 380 2184 τὴν
402 2148 480 2183 φύσιν
497 2148 631 2183 ὁμολόγει,
649 2149 696 2175 καὶ
711 2148 760 2180 τὰς
779 2148 871 2179 θεῖκὰς

90 2195 236 2231 ἐνεργείας,
252 2195 299 2222 καὶ
312 2195 392 2230 ἀρκεῖ
403 2203 447 2230 μοι
462 2194 528 2229 πρὸς
535 2194 583 2227 τὴν
596 2194 738 2229 ὁμολογίαν
752 2195 800 2230 τῆς
814 2194 870 2220 θεό-

89 2250 179 2277 τητος.
196 2241 305 2268 Μακεδ.
331 2240 380 2267 Διὰ
404 2240 430 2266 τί
451 2240 465 2266 ὁ
480 2241 509 2266 οὺ
539 2240 699 2275 γέγραπται,
714 2241 745 2266 σὺ
762 2240 869 2274 λέγειςς

920 1657 946 1680 et
960 1661 1020 1688 quae
1034 1653 1061 1680 in
1077 1654 1131 1680 illis
1152 1654 1209 1681 sive
1224 1654 1366 1680 rationalia
1393 1654 1449 1680 sive
1469 1661 1533 1681 vero
1559 1653 1703 1680 irrationa-

920 1699 965 1732 lia,
977 1703 1107 1727 creatura:
1118 1703 1191 1730 sunt.
1205 1700 1354 1727 secundum
1375 1698 1421 1726 Dei
1446 1699 1533 1734 ipsius
1548 1699 1703 1728 mandatum

919 1749 1036 1772 (creatae:
1055 1753 1065 1770 ι
1084 1744 1150 1771 Nam
1162 1745 1218 1780 ipse
1231 1745 1309 1777 dixit,
1322 1748 1349 1772 et
1367 1744 1438 1772 facta
1456 1749 1539 1772 sunt:
1558 1746 1615 1779 ipse
1627 1752 1705 1772 man-

919 1791 1003 1822 davit,
1019 1797 1046 1819 et
1060 1795 1149 1818 creata
1165 1794 1229 1818 sunt
1254 1791 1286 1817 ‘°.
1309 1800 1319 1816 ι
1349 1789 1453 1818 Mat-ed.
1484 1790 1539 1818 Nec
1565 1798 1614 1826 ego
1640 1790 1705 1818 dico

921 1835 1050 1871 Spiritum
1066 1841 1219 1863 creaturam
1239 1843 1319 1864 esse:
1344 1836 1391 1863 sed
1411 1841 1502 1864 tamen
1526 1836 1611 1864 Deum
1629 1837 1704 1864 illum

920 1890 974 1909 non
991 1882 1062 1908 dico.
1087 1881 1163 1909 Ort/t.
1184 1881 1272 1908 Unum
1289 1889 1388 1909 noscas
1414 1881 1505 1915 velim,
1521 1882 1637 1917 teipsum
1665 1882 1705 1910 id-

920 1928 994 1954 circo
1009 1928 1092 1955 Deum
1110 1936 1164 1955 non
1190 1935 1251 1955 esse
1268 1934 1376 1959 natura,
1393 1927 1465 1962 quod
1494 1927 1533 1955 sis
1561 1933 1686 1956 creatura
1697 1949 1703 1958 .

920 1973 1054 2008 adeoque,
1081 1974 1133 2001 nisi
1159 1973 1244 2001 fueris
1263 1973 1504 2006 creatura,Deum
1535 1978 1561 2001 te
1583 1974 1704 2001 futurum

920 2021 1028 2044 natura.

956 2062 1000 2089 15.
1022 2062 1126 2090 Maced.
1145 2062 1198 2090 Sed
1213 2071 1349 2098 nusquam
1360 2063 1492 2098 scriptum
1508 2067 1560 2095 est,
1574 2064 1704 2099 Spiritum

920 2117 981 2137 esse
997 2109 1091 2137 Deum.
1103 2110 1179 2138 Orth.
1197 2111 1297 2138 Demus
1306 2111 1467 2138 vocabulum
1481 2121 1490 2136 ι
1507 2111 1554 2138 Dei
1568 2121 1578 2137 ι
1591 2113 1620 2139 in
1630 2111 1704 2139 Scri-

920 2160 1000 2190 ptura
1017 2155 1130 2190 Spiritui
1155 2164 1209 2183 non
1231 2157 1324 2183 tribui.
1340 2156 1375 2183 At
1392 2160 1419 2183 tu
1443 2160 1568 2183 naturam
1587 2157 1707 2192 itemque

921 2202 1092 2236 operationes
1119 2202 1225 2229 divinas
1254 2202 1287 2229 de
1313 2209 1346 2230 eo
1372 2202 1519 2229 conﬁtere:
1543 2202 1615 2237 quod
1640 2203 1706 2230 mibi

921 2247 1030 2281 quidem
1044 2248 1111 2275 satis
1126 2251 1168 2275 est
1183 2248 1216 2274 ad
1236 2248 1345 2275 deitatis
1360 2247 1572 2275 confessionem.
1601 2247 1705 2276 Macati.

96 2288 168 2322 Ὀρθ.
184 2286 339 2322 Γέγραπται
355 2286 415 2322 μὲν.
432 2286 464 2312 σὺ
476 2285 504 2312 δὲ
517 2285 564 2321 τὴν
579 2286 657 2320 φύσιν
670 2286 808 2321 ὁμολόγει·
826 2288 868 2313 καὶ

925 2292 982 2324 Qua
998 2292 1032 2319 de
1053 2299 1136 2320 causa
1152 2291 1177 2319 id
1192 2292 1279 2323 dicis,
1306 2292 1377 2327 quod
1408 2292 1539 2327 scriptum
1568 2300 1622 2319 non
1644 2292 1708 2319 est?

90 2334 114 2360 εἰ
129 2332 165 2368 μὴ
190 2332 352 2368 γέγραπται,
368 2331 435 2367 αὐτὴ
454 2333 470 2367 ὴ
496 2331 576 2366 φύσις
590 2332 620 2358 τὸ
638 2332 721 2366 ὄνομα
741 2333 872 2368 ἑπόμενον

90 2378 160 2414 ἔχει·
179 2377 216 2409 ὡς
232 2377 286 2412 γὰρ
307 2377 354 2404 ἐὰν
375 2376 526 2413 ὁμολογηθῇ
547 2376 658 2412 Πνεῦμα
681 2378 871 2410 ὲνυπόστατον,

91 2422 258 2458 ἁγιαστικδν,
272 2423 407 2455 ἄκτιστον,
422 2421 487 2453 Θεός
503 2422 571 2453 ἐστι,
585 2421 636 2449 κᾶν
654 2422 691 2458 μὴ
707 2422 795 2458 θέλῃς.
811 2424 873 2450 Μα-

89 2469 152 2497 κεδ.
179 2469 234 2495 Ποῦ
258 2469 421 2505 γέγραπται,
440 2468 480 2495 ὅτι
502 2467 567 2499 Θεὸς
588 2467 618 2494 τὸ
640 2468 753 2503 Πνεῦμα
779 2469 870 2501 conv;

97 2516 173 2550 ὀρθ.
190 2515 274 2542 Ἔνθα
294 2515 446 2552 γέγραπται
462 2515 492 2541 τὸ
507 2515 598 2551 ὅμοιον
618 2516 677 2541 κατ’
694 2514 796 2541 οὐσίαν.
813 2516 874 2541 Μα-

90 2561 154 2588 κεδ.
179 2561 248 2588 Ἀλλ’
263 2562 288 2588 οἱ
311 2563 429 2597 Πατέρες
446 2562 524 2597 ἡμῶν
541 2561 572 2588 τὸ
590 2561 731 2596 ὁμοούσιον
754 2562 814 2588 κατ’
827 2562 873 2588 οὐ-

91 2607 153 2634 σίαν
177 2606 253 2634 εἶπον
272 2607 335 2643 περὶ
356 2607 404 2634 τοῦ
423 2607 498 2635 Υιοῦ.
521 2608 595 2642 ὀρθ.
619 2608 685 2634 Ἀπὸ
700 2608 749 2643 τῆς
769 2608 872 2641 ἑννοίας

90 2653 142 2688 τῆς
158 2653 270 2689 Γραφῆς
284 2653 447 2689 κινούμενοι,
463 2654 479 2689 ἢ
496 2653 548 2680 ἀπὸ
564 2653 630 2685 ιδίας
646 2653 787 2686 αὑθεντίας
802 2655 873 2690 εἰρή-

91 2706 156 2725 κασι
170 2699 200 2725 τὸ
216 2699 253 2734 μὴ
270 2699 475 2735 γεγραμμένους
490 2699 600 2726 Μακεό.
622 2700 687 2726 ’Δπὺ
705 2700 755 2735 τῆς
771 2700 873 2732 ἑννοίας

91 2744 142 2780 τῆς
153 2744 263 2780 Γραφῆς
273 2745 436 2780 κινούμενοι.
451 2746 518 2777 ’0,ρο
539 2746 594 2772 Καὶ
608 2746 625 2781 ὴ
641 2745 728 2772 ἔννοια
743 2745 791 2781 τῆς
804 2745 874 2781 Γρα-

92 2799 147 2825 (mc
159 2791 279 2818 διδάσκει
300 2791 331 2818 τὸ
351 2792 476 2819 ἄκλειστον
490 2789 601 2828 Πνεῦμα
618 2793 650 2819 ἐκ
673 2791 740 2820 Θεοῦ
763 2791 802 2825 δν,
827 2793 874 2818 καὶ

130 2867 152 2883 ⁸ο
169 2865 239 2894 Psal.
257 2873 356 2894 cunni
368 2887 375 2900 ,
393 2867 420 2894 κ.

926 2336 1003 2364 Orth.
1022 2336 1158 2370 Scriptum
1174 2343 1240 2363 sane
1262 2340 1313 2363 est.
1339 2335 1380 2363 Tu
1395 2344 1460 2364 vero
1477 2341 1602 2364 naturam
1622 2337 1707 2364 conli-

923 2385 992 2409 tere.
1008 2381 1121 2408 Etiamsi
1137 2389 1202 2409 vero
1218 2382 1350 2416 scriptum
1373 2389 1427 2409 non
1439 2386 1522 2414 esset,
1534 2387 1631 2410 natura
1648 2382 1707 2417 ipsa

924 2426 977 2453 hoc
990 2426 1042 2453 sibi
1061 2432 1159 2453 nomen
1174 2427 1305 2453 vindicat.
1321 2426 1350 2454 Si
1371 2427 1443 2455 enim
1460 2428 1487 2455 in
1500 2427 1627 2455 confesso
1647 2427 1707 2454 fue-

924 2471 970 2502 rit,
988 2470 1118 2506 Spiritum
1136 2472 1162 2499 in
1177 2479 1208 2499 se
1220 2472 1381 2504 subsistere,
1399 2473 1583 2505 sanctiﬁcare,
1600 2473 1707 2500 increa—

925 2522 983 2545 tum
999 2525 1075 2546 esse:
1094 2517 1164 2545 Deus
1179 2518 1241 2552 erit,
1252 2519 1319 2547 velis
1332 2519 1412 2546 nolis.
1440 2517 1544 2546 Haud.
1569 2518 1617 2546 Ubi
1644 2518 1708 2546 scri-

926 2569 1001 2599 ptum
1013 2568 1065 2596 est,
1081 2563 1211 2599 Spiritum
1227 2572 1289 2592 esse
1305 2564 1411 2592 Deum?
1423 2564 1499 2592 Orth.
1512 2564 1563 2592 Ubi
1576 2564 1706 2598 scriptum

926 2615 978 2641 est.
998 2611 1113 2639 similem
1128 2619 1190 2639 esse
1212 2613 1362 2640 secundum
1385 2612 1578 2640 substantiam.
1602 2611 1706 2638 Maced.

925 2656 1006 2691 Atqui
1017 2655 1112 2684 Patres
1121 2658 1205 2685 nostri
1221 2658 1532 2686 consubstantialitatem
1544 2657 1577 2685 de
1588 2656 1657 2686 Filio
1665 2656 1707 2684 di—

926 2705 1036 2729 xerunt.
1055 2702 1132 2730 Orllt.
1151 2703 1175 2730 Α
1189 2704 1359 2731 sententiane
1376 2703 1533 2739 Scriptum,
1547 2711 1580 2730 an
1597 2703 1707 2738 proprio

926 2751 1001 2774 motu
1011 2748 1077 2776 illud
1084 2749 1188 2780 dixere,
1199 2749 1272 2784 quod
1283 2757 1337 2776 non
1350 2753 1423 2777 esset
1435 2749 1566 2785 scriptum
1577 2749 1589 2776 ‘l
1602 2747 1706 2776 Maced.

927 2792 1010 2822 Movit
1025 2794 1087 2822 illos
1098 2795 1246 2832 Scriptura:
1257 2796 1401 2824 sententia.
1415 2795 1491 2823 Ortlc.
1511 2796 1545 2824 At
1560 2794 1707 2831 Scriptum
