1926 3068
61 156 65 160 ’
111 149 180 177 1517

642 151 782 180 CONTRA
802 151 973 180 MACEDON.
991 151 1164 179 DIALOGUS
1184 151 1203 179 l.

1668 155 1737 182 1513

110 207 178 234 θεοῦ
195 206 231 242 μὴ
249 206 353 240 γένοιτο
363 208 463 235 εἰπεῖνῑ
480 207 592 235 Manes.
614 208 694 235 Ἀλλὰ
705 208 764 240 πῶς
775 208 825 234 οὐκ
837 207 882 243 ἔχε

946 208 980 236 de
995 207 1064 235 Filio
1079 215 1188 243 quoque
1210 207 1280 235 idem
1300 207 1403 235 dictum
1430 212 1472 235 est
1489 216 1496 235 :
1513 209 1734 244 quandoquidem

109 252 215 287 θέλημα
228 252 309 284 ἴδιον;
329 253 405 287 Ὀρθ.
419 254 455 280 Τὸ
479 253 525 280 τοῦ
541 254 606 280 Θεοῦ
617 254 724 288 θέλημα
739 253 786 280 τοῦ
811 254 894 280 Πνεύ-

111 298 195 334 tta-.6;
210 300 266 324 ἐστι
281 298 395 334 θέλημα.
411 300 448 326 Οὐ
457 299 510 335 γὰρ
521 300 614 333 ἀγνοεῖ
623 299 653 325 τὸ
668 298 715 325 τοῦ
734 298 801 325 Θεοῦ
817 298 894 334 θέλη-

112 353 160 380 per
176 345 233 372 ἀλλ’
244 345 258 371 ὃ
273 345 343 371 θέλει
354 346 368 371 6
379 345 483 380 Πατὴρ,
495 345 572 371 τοῦτο
585 345 655 371 θέλει
668 345 755 372 καὶτὸ
768 345 890 380 Πνεῦμα·

110 390 198 416 πάντα
215 389 269 425 γὰρ
284 387 337 416 οἶδε
350 390 384 416 τὰ
396 390 441 416 τοῦ
458 390 536 421 Θεοῦ,
561 389 599 421 ὡς
612 390 643 416 τὸ
659 390 766 425 πνεῦμα
785 389 832 416 τοῦ
847 390 894 416 ἀν-

109 437 219 473 θρώπου
234 437 267 464 τὰ
283 437 328 464 τοῦ
340 437 491 473 ἀνθρώπου.
509 438 619 465 Μακεδ.
648 438 777 472 Karlowa
802 438 849 464 καὶ
879 438 892 464 6

107 482 173 514 Υἱὸς
189 483 278 517 λέγει·
301 493 310 508 ι
328 483 384 517 Οὐκ
404 482 485 518 ἦλθον
499 484 608 519 ποιῆσαι
626 483 656 510 τὸ
673 483 748 518 ὲμδν,
772 483 839 510 ἀλλὰ
862 483 892 509 τὸ

109 527 214 564 θέλημα
229 528 275 555 τοῦ
289 528 443 564 πέμψαντός
459 537 500 564 με.
520 538 528 554 ι
549 530 624 564 Ὀρθ.
636 529 667 556 Τί
680 529 707 555 δὲ
722 527 756 564 ἦν
772 529 801 555 τὸ
818 528 892 564 Θέλη-

109 583 148 609 μα
160 573 206 600 τοῦ
222 573 377 608 πέμψαντος
392 575 488 606 αὑτὸν,
503 575 517 601 ὃ
533 573 596 610 ἦλθε
623 575 750 610 ποιῆσαι;
778 574 889 601 Μακεὸ.

112 619 145 645 Ἦ
160 619 279 654 σωτηρία
290 619 337 645 τοῦ
360 620 472 654 κόσμου.
495 621 572 654 Ὀρθ.
587 621 672 647 Τοῦτο
694 621 741 647 καὶ
756 620 841 647 ποιῶν
859 621 889 647 οὐ

106 664 179 689 ποιεῖ
191 664 219 690 τὸ
227 663 322 690 ἑαυτοῦ
339 664 455 700 Οέλημα,
468 665 535 692 ἀλλὰ
547 666 578 692 τὸ
592 665 696 701 θέλημα
706 665 753 692 τοῦ
768 666 891 700 πέμψαν-

105 717 152 740 τος
175 709 263 736 αὐτόν.
293 710 403 737 Maesti.
439 711 523 742 Αὐτὸς
550 711 632 745 λέγει,
664 712 705 738 ὃτι
730 711 786 737 Οὑκ
810 709 890 746 ἦλθον

106 754 218 789 «etiam
247 755 278 781 τὺ
297 755 401 790 Θέλημα
424 757 454 783 τὸ
480 757 555 791 ἐμὸν,
572 756 638 783 ἀλλὰ
666 757 696 783 τὸ
720 756 825 792 θέλημα
843 756 889 783 τοῦ

105 800 262 834 πέμψαντός
280 810 323 836 με.
355 802 429 836 Ὀρθ.
452 803 570 838 Ἀνάγκη
593 801 639 830 οὖν
667 804 741 829 nisa.
770 804 889 830 ἐναντίον

105 842 176 871 εἶναι
205 845 308 881 θέλημα
334 847 363 872 ὲν
387 848 479 882 αὐτῷ,
505 848 520 874 ὃ
539 847 685 880 ἐκώλυσεν,
715 849 757 875 ἵνα
783 849 814 875 τὸ
840 849 887 875 τοῦ

946 261 1002 280 non
1020 254 1072 280 alia
1096 253 1135 280 illi
1159 253 1232 280 inest
1246 253 1385 285 voluntas,
1415 261 1476 288 quae
1499 253 1590 282 Patris
1607 263 1662 282 non
1686 255 1732 282 sit.

948 297 1051 325 Maced.
1073 297 1133 325 Non
1158 298 1239 325 habet
1264 298 1346 332 igitur
1368 297 1488 333 Spiritus
1506 303 1620 327 Sanctus
1637 299 1735 326 volun-

946 347 1029 370 tatem
1048 343 1204 378 propriam?
1224 343 1300 369 ()rlli.
1317 342 1409 374 Absit,
1431 347 1461 370 ut
1477 343 1549 378 quod
1564 351 1578 370 a
1595 343 1649 371 Deo
1669 344 1736 372 alie-

946 396 1010 415 num
1027 393 1086 420 est,
1107 388 1207 415 dicant.
1226 387 1331 415 Haced.
1350 388 1403 416 Sed
1424 390 1563 423 quomodo
1580 397 1633 416 non
1653 389 1735 417 habet

945 435 1111 462 voluntatem
1127 435 1283 469 propriam?
1306 434 1380 461 Ortli.
1394 434 1527 461 Voluntas
1544 434 1591 461 Dei
1602 434 1734 461 'voluntas

946 479 1066 515 Spiritus
1084 484 1138 507 est.
1152 480 1245 514 Neque
1264 480 1336 508 enim
1357 481 1464 514 ignorat
1479 481 1644 508 voluntatem
1661 480 1707 508 Dei
1725 491 1731 508 :

945 526 992 553 sed
1014 525 1086 560 quod
1102 526 1159 552 vult
1175 525 1266 557 Pater,
1283 526 1352 553 idem
1367 527 1425 553 vult
1441 531 1468 553 et
1489 526 1627 561 Spiritus;
1641 528 1732 554 omnia

944 572 1016 598 enim
1040 572 1115 599 novit
1129 580 1189 606 quae
1205 576 1270 599 sunt
1300 572 1357 603 Dei,
1383 576 1412 599 ut
1429 573 1540 607 spiritus
1561 573 1679 600 hominis
1699 581 1731 600 ea

944 624 1004 652 qua:
1028 623 1091 644 sunt
1117 618 1246 646 hominis.
1270 617 1374 645 Macati.
1400 619 1482 654 Atqui
1503 624 1529 646 et
1548 618 1634 646 Filius
1659 619 1697 646 ait
1722 627 1729 644 ε

949 673 958 688 ι
979 663 1037 690 Non
1055 664 1116 691 veni
1134 668 1163 690 ut
1185 663 1282 690 faciam
1301 665 1468 691 voluntatem
1486 673 1586 697 meam,
1609 665 1656 692 sed
1682 673 1731 692 vo-

943 710 1075 736 luntatem
1100 709 1160 744 ejus
1183 710 1229 745 qui
1256 710 1329 738 misit
1352 718 1393 737 me
1408 710 1440 736 ⁷⁸.
1466 720 1475 736 ι
1502 710 1578 738 Orth.
1602 711 1729 744 Quaenam

942 763 1006 782 vero
1033 755 1084 782 fuit
1111 756 1237 783 voluntas
1260 756 1320 789 ejus
1345 756 1390 791 qui
1417 756 1491 784 misit
1517 757 1623 791 ipsum,
1653 758 1731 792 cujus

943 801 1072 828 facienda:
1081 802 1167 836 gratia
1177 802 1264 829 venit?
1273 801 1376 829 Maced.
1385 802 1465 830 Salus
1474 803 1576 831 mundi.
1590 803 1665 830 Ortlt.
1677 804 1731 831 lloc

943 855 1004 873 cum
1019 848 1093 877 facit,
1105 855 1158 874 non
1175 847 1240 874 facit
1251 856 1326 874 suam
1341 849 1427 882 ipsius
1439 849 1616 880 voluntatem,
1627 849 1673 875 sed
1684 857 1731 876 vo-

106 891 261 925 πέμψαντος
286 893 394 928 ποιήσῃ.
415 894 525 920 Μῑικεδ.
558 894 603 929 Μὴ
625 895 743 928 γένοιτοῐ
767 896 796 922 οὺ
815 895 884 929 λέγω

938 894 1066 920 leuitatem
1076 893 1187 927 ejusqui
1199 893 1286 927 ipsum
1296 893 1378 921 misit.
1389 893 1491 921 Maced.
1504 895 1548 920 Ait
1559 895 1627 928 ipse.
1638 903 1666 922 se
1676 903 1729 922 non

105 937 225 962 ἐναντίον
234 934 300 963 εἶναι
315 934 418 972 θέληιὶα
429 939 475 964 τοῦ
490 939 555 965 Υἱοῦ
570 939 608 974 τῷ
632 940 761 975 Θελήματι
774 939 820 966 τοῦ
833 941 889 966 Πα-

103 982 178 1016 τρός.
199 983 273 1014 Ὀρθ.
299 984 402 1010 Οὐκοῦν
429 985 459 1011 τὸ
488 986 552 1012 αὐτὸ
582 986 686 1021 θέλημα
714 987 819 1022 [Ia-:96;
843 987 889 1013 καὶ

104 1025 180 1052 Υἱοῦ,
196 1027 250 1053 Καὶ
261 1027 314 1062 γὰρ
328 1028 342 1053 6
362 1028 424 1059 Υἱὸς
445 1029 516 1055 θέλει
533 1029 618 1056 σῶσαι
639 1030 684 1056 διὰ
699 1031 815 1066 σταυροῦ
842 1032 889 1057 καὶ

104 1071 218 1098 ϐανάτου
232 1072 262 1098 τὸ
288 1073 364 1107 γένος
389 1074 475 1109 ἡμῶν,
494 1075 540 1101 καὶ
564 1075 578 1101 ὀ
597 1076 690 1111 Πατὴρ
710 1076 790 1102 τοῦτο
808 1076 886 1103 θέλει.

110 1117 172 1144 Ἐὰν
187 1117 214 1143 δὲ
229 1117 304 1154 λέγῃ,
332 1128 341 1144 ‹
362 1119 417 1145 Οὐκ
442 1117 522 1154 ἦλθον
551 1121 660 1156 ποιῆσαι
686 1121 716 1147 τὸ
739 1121 842 1156 Θέλημα
859 1120 889 1146 τὺ

103 1163 180 1197 ἐμὸν.
195 1163 261 1190 ἀλλὰ
276 1164 305 1190 τὸ
329 1164 432 1200 θέλημα
449 1165 495 1192 τοῦ
524 1166 680 1201 πέμψαντός
698 1175 742 1202 με,
767 1176 776 1192 ι
793 1167 831 1198 ὡς
849 1168 888 1198 εἰς

103 1208 212 1244 Πιτὲρα
231 1208 265 1235 τὰ
287 1210 336 1236 ὃλα
353 1211 463 1244 ἀνάγει·
488 1211 539 1237 κᾶν
555 1212 630 1247 λέγῃ,
651 1221 660 1237 ι
681 1212 710 1238 '0
729 1212 837 1247 πέμψας
854 1222 887 1247 με

102 1255 117 1280 ὁ
134 1254 227 1290 Πατὴρ
244 1255 350 1291 ἐντολήν
368 1265 411 1290 μοι
434 1256 543 1289 δέδωκε,
559 1257 585 1284 τί
602 1257 680 1290 εἴπω,
698 1259 744 1284 καὶ
760 1258 787 1284 τί
808 1258 889 1294 λαλή-

104 1308 161 1331 σω;
179 1310 188 1326 ι
206 1301 292 1335 τιμῶν
304 1301 348 1327 τὸν
365 1302 519 1338 Πατέρουὶις
532 1303 641 1339 Πατέρα
653 1303 736 1338 λέγει.
748 1304 778 1330 Εἰ
794 1304 821 1330 δὲ
838 1304 885 1340 μὴ,

103 1345 162 1377 πῶς
174 1347 188 1372 6
200 1346 271 1378 Υἱὸς,
287 1347 315 1373 ἐν
326 1343 348 1381 ᾧ
362 1348 519 1375 ἀπόκεινται
537 1349 636 1381 πάντες
650 1350 674 1376 οἱ
688 1349 819 1385 Θησαυροὶ
838 1350 887 1384 τῆς

104 1393 209 1427 copia;
222 1394 272 1420 οὐκ
285 1391 338 1421 οἶδε
351 1395 376 1421 τί
393 1395 518 1431 λαλήσεις
538 1397 648 1424 Μακεό.
661 1396 747 1423 Τοῦτο
763 1397 884 1432 δέχομαι,

101 1438 143 1464 ὅτι
157 1439 170 1465 6
187 1439 250 1471 Υἱὸς
266 1440 303 1472 ὡς
318 1440 381 1472 Υἱὸς
393 1441 421 1468 ἓν
436 1441 540 1476 Θέλημα
560 1441 615 1477 ἔχει
639 1442 686 1469 τοῦ
705 1442 819 1477 Πατρός.
849 1442 886 1468 Τὸ

101 1483 129 1510 δὲ
143 1484 264 1520 Πνεῦμα,
292 1485 338 1512 ἐὰν
357 1486 393 1522 μὴ
416 1486 520 1524 ἀκούσῃ
543 1488 590 1514 καὶ
616 1487 697 1524 λάϐῃ.
709 1488 738 1514 οὐ
752 1487 827 1514 λαλεῖ
838 1487 886 1521 ἀφ’

101 1529 208 1557 ἑαυτοῦ.
226 1529 296 1563 Ὀρθ.
315 1531 419 1566 ’Ὠσπερ
443 1529 488 1558 οῦν
507 1533 521 1558 ὁ
538 1532 599 1564 Υἱὸς
617 1532 704 1558 πάντα
719 1532 787 1567 ἔχων
805 1533 833 1558 ὲν
849 1533 882 1567 τῇ

101 1573 191 1607 φύσει,
206 1575 243 1606 ὼς
252 1575 314 1606 Υἱὸς
325 1575 409 1610 λέγει,
427 1586 434 1601 ι
447 1576 530 1603 Οὐδὲν
546 1577 614 1603 ποιῶ
626 1577 673 1603 ἀπ’
683 1577 827 1613 ἐμαυιιοῦη
842 1578 885 1604 ἵνα
898 1570 920 1600 C

101 1620 155 1646 τῶν
169 1620 279 1654 ἀγαθῶν
290 1622 338 1654 τὴν
353 1623 439 1658 ἀρχὴν
466 1623 512 1649 ἐπὶ
543 1624 588 1649 τὸν
617 1623 726 1659 Πατέρα
742 1625 882 1659 ἀναγάγῃ-

101 1665 186 1697 οὓτως
201 1667 322 1703 καὶπερὶ
345 1668 392 1694 τοῦ
417 1668 523 1703 Πατρδς
541 1668 622 1695 ἄκουε
639 1668 720 1695 αὑτοῦ
746 1668 882 1703 λέγοντος·

101 1712 189 1738 πάντα
206 1712 260 1747 γὰρ
273 1712 380 1747 ἔχοντος
395 1715 424 1740 ὲν
435 1715 467 1748 τῇ
482 1713 563 1740 αὑτοῦ
583 1713 661 1748 φύσει
678 1714 715 1745 ὡς
728 1714 885 1749 Πνεῦματος

101 1757 179 1787 Θεοῦ,
196 1758 240 1784 ἐπὶ
260 1758 305 1784 τὸν
320 1760 404 1785 αἴτιον
430 1760 526 1793 ἀνάγει
551 1759 655 1794 λέγων·
686 1769 695 1785 ι
715 1760 752 1786 Οὐ
773 1759 885 1795 λαλήσει

101 1802 147 1835 ἀφ’
167 1802 274 1834 ἑαυτοῦ,
292 1803 408 1829 ἀλλ’ὄσα
428 1803 541 1839 ἀκούσῃ,
565 1805 687 1840 λαλήσει,
714 1806 761 1831 καὶ
776 1805 816 1832 ’τὰ
840 1806 885 1840 ἐρ-

101 1847 202 1881 χόμενα
218 1848 359 1882 ἀναγγελεῖ
376 1849 453 1882 ὑμῖν·
470 1859 478 1874 ι
493 1850 539 1875 καὶ
552 1849 592 1879 τὸ,
616 1858 625 1874 ι
648 1850 765 1881 Ἐκεῖνος
781 1851 812 1877 ὲκ
837 1850 883 1877 τοῦ

101 1892 168 1927 ἐμοῦ
196 1892 320 1927 λήψεται,
338 1903 347 1918 ι
374 1893 493 1928 δηλονότι
515 1895 547 1920 ἐκ
564 1894 609 1921 τοῦ
636 1894 751 1931 Πατρός.
771 1895 884 1930 Ἐπάγει

100 1937 164 1972 γάρ*
182 1946 191 1962 ι
205 1936 296 1964 Πάντα
309 1938 358 1964 ὅσα
373 1937 451 1973 ἐχειὸ
465 1938 568 1974 Πατὴρ,
584 1938 639 1973 ὲμᾱι
651 1940 709 1965 ἐστι
722 1948 728 1954 ·
745 1939 789 1966 διὰ
805 1939 884 1966 τοῦτο

100 1980 186 2013 εἷπον,
201 1983 241 2008 ὅτι
254 1983 285 2009 ἐκ
297 1983 343 2009 τοῦ
352 1983 418 2018 ἐμοῦ
435 1984 566 2018 λαμϐάνει
580 1985 626 2010 καὶ
639 1984 781 2018 ἀναγγελεῖ
792 1985 882 2020 ὑμῖν.»

100 2028 256 2064 Λαμῦἁνειν
272 2029 300 2055 δὲ
315 2030 379 2056 αὐτὸ
390 2028 476 2062 εἶπεν,
486 2030 534 2065 οὐχ
544 2030 581 2062 ὼς
592 2030 714 2064 ἀγνοοῦν,
726 2030 783 2057 ἀλλ’
793 2031 830 2062 ὡς
838 2031 884 2056 ἐπὶ

99 2073 144 2100 τὸν
158 2074 242 2100 αἴτιον
254 2075 360 2109 ἀνάγων
370 2075 418 2110 τὴν
427 2075 472 2102 τοῦ
480 2076 549 2102 Πνεύ
553 2084 637 2110 ματος
650 2076 692 2102 ὲνέ
697 2076 788 2110 ργειάν
799 2085 827 2102 τε
837 2077 884 2103 καὶ

100 2119 190 2155 χάριν.
201 2121 312 2148 Mam-:6.
328 2121 390 2148 Ἐὰν
405 2121 501 2153 οὕτως,
511 2122 599 2154 καλῶς
616 2123 663 2148 καὶ
676 2122 753 2148 τοῦτο
761 2122 882 2157 δέχομαι·

98 2165 217 2192 διακονεῖ
229 2167 282 2202 γὰρ
295 2167 360 2202 ἡμῖν
372 2167 420 2202 τὴν
433 2167 480 2193 τοῦ
494 2167 561 2193 Θεοῦ
578 2168 656 2203 χάριν
669 2168 698 2194 τὸ
711 2167 831 2202 Πνεῦμα.

941 939 1049 966 venisse
1074 943 1102 965 ut
1123 938 1225 965 faceret
1248 939 1414 965 voluntatem
1442 947 1538 971 suam,
1563 940 1609 967 sed
1633 941 1730 968 volun-

941 988 1022 1010 tatem
1039 984 1099 1017 ejus
1115 985 1160 1019 qui
1175 992 1204 1011 se
1218 985 1302 1011 misit.
1321 984 1396 1012 0r.lt.
1413 984 1461 1011 Est
1478 985 1559 1020 igitur
1573 987 1729 1014 necassario

939 1029 1076 1055 contraria
1092 1029 1118 1055 in
1133 1037 1165 1056 eo
1181 1029 1308 1056 voluntas
1327 1030 1481 1062 statuenda,
1496 1037 1577 1064 quam
1594 1031 1727 1062 coercuit,

940 1079 968 1100 ut
993 1075 1094 1101 faceret
1122 1075 1287 1102 voluntatem
1311 1075 1381 1109 ejus,
1403 1083 1417 1101 a
1441 1084 1495 1110 quo
1518 1078 1619 1104 missus
1643 1081 1727 1104 esset.

939 1119 1044 1147 Haced.
1067 1120 1144 1147 Absit
1166 1123 1195 1147 ut
1220 1120 1388 1146 voluntatem
1405 1119 1466 1147 Filii
1488 1121 1622 1148 voluntati
1638 1121 1728 1149 Patris

937 1166 1026 1192 (licam
1046 1173 1108 1193 esse
1127 1166 1305 1192 contrariam.
1329 1166 1407 1192 Orth.
1428 1166 1499 1201 Ergo
1518 1168 1612 1194 eadem
1639 1167 1728 1195 P.:tris

937 1217 963 1238 et
983 1210 1043 1237 Filii
1059 1216 1101 1238 est
1113 1212 1252 1238 voluntas.
1271 1211 1354 1247 484
1371 1211 1476 1238 Etenim
1492 1211 1578 1240 Filius
1596 1221 1643 1248 per
1662 1220 1727 1239 cru-

937 1265 994 1284 cem
1007 1261 1032 1284 et
1046 1261 1161 1284 mortem
1183 1265 1294 1285 Servare
1314 1259 1371 1284 vult
1394 1265 1481 1293 genus
1501 1262 1637 1290 nostrum,
1657 1259 1729 1286 vult-

936 1310 989 1336 que
1008 1302 1062 1329 hoc
1087 1301 1178 1329 Pater.
1198 1302 1266 1329 Cum
1295 1308 1386 1330 autem
1417 1303 1466 1335 ait,
1488 1312 1497 1329 ‹
1524 1303 1584 1331 Non
1608 1304 1671 1330 veni
1698 1307 1728 1331 ut

936 1347 1034 1375 faciam
1048 1348 1215 1375 voluntatem
1240 1356 1338 1381 meam,
1357 1348 1404 1376 sed
1421 1349 1587 1376 voluntatem
1603 1350 1663 1383 ejus
1679 1349 1725 1384 qui

935 1393 1010 1420 misit
1034 1401 1087 1425 me,
1113 1403 1122 1419 ι
1140 1394 1167 1420 in
1189 1393 1297 1421 Patrem
1320 1395 1428 1421 videtur
1450 1394 1576 1421 conferre
1602 1394 1694 1421 omnia
1718 1403 1726 1422 :

934 1445 996 1466 cum
1023 1440 1072 1472 ait,
1091 1448 1100 1464 ι
1122 1439 1203 1466 Pater
1218 1440 1263 1474 qui
1278 1440 1349 1467 misit
1370 1448 1424 1472 me,
1440 1441 1568 1475 praecepit
1584 1440 1647 1467 mihi
1662 1440 1727 1476 quid

933 1484 1021 1511 dicam
1038 1488 1065 1512 et
1081 1485 1146 1520 quid
1169 1485 1276 1521 loquar,
1296 1495 1306 1511 ι
1329 1485 1381 1512 hoc
1404 1486 1465 1520 ipso
1479 1486 1553 1513 dicto
1572 1485 1679 1512 Patrem
1697 1489 1726 1512 ut

933 1529 1039 1557 Patrem
1065 1531 1190 1558 honorat.
1218 1531 1297 1564 Quod
1324 1531 1347 1558 si
1373 1538 1403 1558 se
1425 1538 1469 1558 res
1491 1531 1528 1557 ita
1553 1539 1606 1557 non
1631 1531 1724 1561 habet.

936 1575 1071 1610 quomodo
1089 1575 1187 1607 Filius,
1210 1577 1237 1603 in
1255 1584 1310 1611 quo
1327 1584 1422 1603 omnes
1441 1578 1582 1611 sapientia
1601 1577 1724 1604 thesauri

936 1621 1070 1649 reconditi
1085 1626 1166 1652 sunt,
1185 1629 1240 1649 non
1256 1622 1330 1648 novit
1345 1622 1409 1656 quid
1428 1622 1607 1656 lorluerctur‘.’
1619 1621 1721 1648 Macad.

936 1667 1057 1695 Admitto
1083 1667 1161 1701 illud,
1184 1667 1296 1701 Filium,
1315 1672 1450 1703 quatenus
1464 1667 1550 1695 Filius
1573 1671 1624 1699 est.
1642 1675 1723 1694 unam

936 1712 1025 1741 Patris
1046 1715 1212 1741 voluntatem
1229 1714 1338 1741 habere.
1357 1714 1391 1740 At
1405 1713 1523 1748 Spiritus
1540 1713 1592 1740 nisi
1607 1713 1724 1740 audierit.

936 1764 962 1786 et
981 1760 1125 1794 acceperit,
1147 1767 1162 1786 a
1181 1759 1272 1794 seipso
1294 1767 1348 1786 non
1370 1759 1500 1793 loquitur.
1529 1759 1604 1786 Ortlt.
1622 1758 1724 1792 Qucm~

937 1805 1082 1832 admodum
1111 1805 1193 1840 igitur
1226 1804 1312 1832 Filius
1344 1806 1435 1831 onmia
1472 1805 1574 1832 habens
1609 1810 1722 1835 natura.

937 1856 966 1877 ut.
991 1850 1075 1878 Filius
1101 1851 1158 1882 ait,
1177 1859 1186 1875 ι
1204 1850 1275 1877 Nihil
1302 1850 1372 1877 l'acio
1396 1858 1410 1877 a
1435 1859 1478 1878 me
1506 1851 1565 1886 ipso
1586 1851 1625 1883 7’,
1653 1860 1663 1876 ι
1692 1855 1723 1877 ιιι

937 1895 1070 1922 bonorum
1101 1895 1266 1929 principium
1298 1894 1371 1922 Patri
1402 1895 1535 1927 ascribat,
1564 1895 1601 1922 ita
1630 1898 1657 1922 et
1689 1895 1723 1922 de

938 1940 1040 1975 Spiritu
1067 1940 1156 1975 ipsum
1177 1940 1238 1967 audi
1261 1941 1427 1976 loquentem.
1447 1940 1514 1968 Cum
1536 1941 1608 1967 enim
1630 1941 1721 1967 omnia

936 1987 980 2014 ille
998 1987 1024 2013 in
1044 1994 1093 2013 sua
1115 1990 1212 2013 natura
1235 1987 1343 2018 habeat,
1357 1991 1386 2014 ut
1407 1986 1526 2022 Spiritus
1546 1986 1603 2016 Dei.
1629 1995 1661 2014 ea
1687 1988 1720 2013 ad

935 2031 1036 2058 fontem
1057 2032 1145 2066 ipsum
1169 2031 1250 2059 refert
1275 2033 1402 2067 inquiens
1428 2042 1434 2059 ι
1455 2041 1465 2057 ‹
1486 2031 1545 2058 Non
1569 2033 1721 2066 loquetura

935 2076 1081 2111 semetipso
1108 2084 1114 2102 :
1136 2077 1182 2104 sed
1210 2085 1380 2112 quaecunque
1408 2077 1511 2108 audiet,
1533 2078 1668 2112 loquetur,
1693 2082 1720 2104 et

936 2122 1027 2148 futura
1050 2123 1223 2149 annuntiabit
1240 2124 1315 2150 vobis
1331 2123 1366 2149 '°.
1389 2132 1398 2148 ι
1419 2122 1482 2149 Item
1500 2132 1506 2148 ι
1526 2131 1535 2147 ι
1551 2122 1597 2148 Ille
1609 2122 1643 2148 de
1659 2129 1719 2148 meo

936 2168 1062 2203 accipiet,
1083 2178 1092 2194 ι
1107 2177 1214 2204 nempe,
1230 2169 1263 2196 de
1279 2168 1368 2196 Patre.
1387 2169 1450 2195 Haec
1466 2168 1537 2194 enim
1557 2167 1696 2202 subjungit
1711 2175 1718 2193 :

104 2222 115 2238 α
132 2213 228 2240 Omnia
244 2222 304 2249 quae
315 2213 404 2242 Patris
417 2218 491 2242 sunt.
516 2222 575 2242 mea
597 2220 661 2242 sunt
677 2225 682 2242 :
699 2219 841 2250 propterea
856 2214 922 2247 dixi,
941 2215 1012 2249 quod
1038 2215 1071 2242 de
1093 2224 1153 2242 meo
1169 2217 1283 2250 accipiet
1308 2220 1335 2243 et
1359 2215 1532 2243 annuntiabit
1550 2215 1627 2242 vobis
1645 2215 1679 2242 ¹¹.
1705 2224 1717 2241 ι

99 2260 229 2294 Accipere
249 2265 340 2288 autem
366 2261 442 2287 illum
465 2261 551 2293 dixit,
576 2269 630 2288 non
652 2269 683 2288 ex
699 2261 864 2296 ignorantia,
880 2260 927 2287 sed
947 2260 1019 2294 quod
1034 2259 1151 2294 Spiritus
1166 2261 1350 2295 operationem
1365 2264 1391 2287 et
1405 2261 1519 2294 gratiam
1535 2261 1567 2287 ad
1581 2265 1718 2287 auctorem

98 2307 208 2334 referat.
225 2307 328 2334 Maced.
345 2307 372 2334 Si
387 2315 431 2334 res
444 2308 480 2334 ita
494 2315 523 2334 se
541 2308 631 2337 habet.
648 2308 740 2335 ethoc
755 2307 871 2341 accipio.
890 2306 1025 2334 Ministrat
1036 2307 1107 2334 enim
1121 2307 1199 2334 nobis
1215 2307 1335 2342 Spiritus
1348 2307 1462 2341 gratiam
1478 2307 1534 2333 Dei.

135 2355 178 2381 Π.
200 2355 275 2388 Ὀρθ.
290 2355 373 2381 Πάλιν
390 2355 526 2381 διακονίαν
551 2355 649 2388 λέγεις,
674 2355 711 2386 ὡς
733 2354 881 2389 παραιτού-

969 2354 1012 2381 17.
1035 2353 1109 2381 ΟηΙι.
1135 2353 1255 2381 Rursum
1281 2354 1406 2380 nominas
1422 2353 1623 2384 ministerium,
1639 2353 1717 2388 quasi

99 2409 179 2435 μενος
193 2401 278 2426 εἰπεῖν
294 2400 421 2435 συνεργὸν
433 2400 479 2426 τοῦ
497 2401 563 2426 Θεοῦ
576 2401 605 2426 τὸ
620 2400 732 2434 Πνεῦμα
745 2408 751 2432 ;
769 2401 880 2426 Μακεδ.

97 2445 136 2471 Οὺ
153 2445 190 2480 μὴ
205 2445 302 2481 πείσῃς
320 2446 351 2480 μέ
372 2453 436 2472 ποτε
452 2446 538 2471 εἰπεῖν
557 2445 686 2481 συνεργὸν
710 2445 756 2472 τοῦ
771 2445 837 2473 Θεοῦ
853 2446 881 2472 τὺ

97 2489 218 2525 Πνεῦμα.
240 2490 315 2523 ὀρθ.
329 2490 432 2522 Παῦλος
445 2492 459 2517 6
476 2491 622 2523 ἀπόστολος
642 2492 789 2526 συνεργοὺς
817 2492 880 2523 τοὺς

97 2534 262 2565 ἀποστόλους
275 2534 347 2568 λέγει
357 2535 404 2561 τοῦ
419 2535 498 2567 Θεοῦ,
514 2536 561 2562 καὶ
578 2536 610 2562 σὺ
626 2536 656 2562 τὸ
671 2535 783 2571 Πνεῦμα
796 2528 879 2562 uili-:06

98 2580 228 2615 συνεργὸν
244 2579 313 2615 φοϐῇ
326 2581 429 2613 εἰπεῖνς
451 2580 540 2613 ’Ἄξιον
555 2581 598 2607 ἴνα
612 2580 731 2617 ἀκούσῃς
743 2590 749 2596 ·
768 2591 778 2606 ι
808 2582 881 2607 Ἐκεῖ
898 2615 901 2619 ι

95 2625 269 2660 ὲφοσήθησαν
277 2625 366 2659 φόὸον,
383 2623 413 2652 οὗ
429 2626 478 2653 οὐκ
491 2624 524 2662 ἦν
542 2627 632 2666 φῤϐος.
651 2637 659 2652 ι
679 2627 789 2654 Mauri.
820 2627 879 2654 Κᾶν

95 2671 165 2697 εἴπω
181 2670 309 2706 συνεργὸν
321 2671 351 2698 τὺ
365 2671 476 2707 Πνεῦμα
487 2672 524 2707 τῷ
535 2672 603 2708 Θεῷ,
619 2673 674 2699 ἀλλ’
689 2673 719 2700 οὐ
729 2673 879 2706 συνδοξάζω

95 2715 162 2743 αὐτὸ
171 2714 210 2750 τῷ
222 2715 290 2750 Θεῷ.
306 2716 381 2750 ¹ορθ.
404 2716 466 2742 Ἐὰν
479 2715 524 2743 οὖν
538 2717 603 2753 λέγῃ
619 2717 724 2750 Παῦλος
738 2718 801 2753 περὶ
823 2717 877 2744 τῶν

130 2835 154 2851 ⁷⁸
172 2834 249 2863 Joan.
269 2843 306 2868 vr,
322 2835 365 2863 38.

405 2837 426 2852 τ’
445 2835 521 2863 .loan.
541 2845 605 2869 vm,
623 2838 668 2865 28.
707 2839 728 2854 “
748 2837 826 2866 Joan.
848 2847 906 2870 xvt.
929 2840 969 2867 l3.

934 2407 1046 2430 renuas,
1064 2398 1196 2433 Spiritum
1221 2397 1267 2424 Dei
1285 2399 1473 2433 cooperarium
1493 2398 1594 2425 dicere.
1612 2396 1716 2425 Maced.

934 2444 1078 2480 Nunquam
1103 2445 1167 2471 mihi
1182 2445 1349 2479 persuaseris
1361 2448 1390 2471 ut
1405 2443 1535 2479 Spiritum
1551 2443 1597 2471 Dei
1624 2452 1708 2479 coope

934 2493 1036 2517 rarium
1060 2490 1160 2517 dicam.
1188 2490 1264 2518 0rlli.
1279 2490 1429 2525 .Apostolus
1456 2489 1555 2517 Paulus
1579 2490 1716 2525 apostolos

934 2535 982 2562 Dei
998 2536 1174 2570 cooperarios
1190 2540 1268 2563 vocat
1291 2545 1297 2563 :
1318 2540 1345 2563 et
1363 2540 1392 2563 tu
1412 2535 1542 2571 Spiritum
1562 2535 1650 2570 ipsius
1668 2543 1716 2562 co—

935 2582 1089 2616 operarium
1102 2582 1192 2610 dicere
1205 2582 1328 2609 vereris?
1337 2581 1402 2609 Jure
1413 2583 1440 2609 in
1452 2586 1479 2609 te
1489 2582 1554 2608 illud
1567 2581 1714 2616 competit:

937 2636 946 2652 ί
965 2626 1022 2654 lllic
1035 2627 1237 2662 trcpidaverunt
1248 2628 1357 2659 timore,
1368 2627 1412 2654 ubi
1425 2635 1479 2654 non
1491 2631 1549 2654 erat
1563 2627 1644 2654 timor
1654 2626 1687 2653 ".
1703 2635 1713 2652 ι

934 2673 1038 2702 Maced.
1054 2673 1112 2701 Etsi
1128 2675 1221 2701 dixero
1234 2674 1365 2709 Spiritum
1380 2672 1434 2700 Deo
1447 2673 1646 2708 cooperarium,
1662 2679 1714 2699 nou

934 2721 1025 2746 tatnen
1048 2718 1142 2746 eodem
1159 2719 1236 2746 illum
1262 2726 1317 2753 quo
1337 2717 1421 2745 Deum
1444 2718 1526 2746 modo
1536 2717 1714 2754 .gloriﬂcabo.

1015 2840 1035 2856 "
1057 2840 1124 2868 ibid.
1146 2841 1188 2868 i5.
1225 2841 1247 2857 ⁸¹
1270 2840 1341 2868 Psal.
1361 2848 1409 2868 xm
1423 2861 1429 2872 ,
1448 2841 1474 2868 5.
