1926 3068
243 166 312 194 1519

808 162 837 187 S.
860 159 1090 189 ATllANASlUS.
1112 175 1145 179 —
1166 158 1302 186 Sl’L'RlA.

241 225 316 249 Urtn.
335 221 403 249 Gum
421 221 503 256 igitur
523 219 624 247 Paulus
642 218 676 246 de
702 218 827 246 ﬁdelibus
850 219 911 246 ait:
934 228 943 244 ι
964 217 1020 245 Non

1075 217 1286 246 πιστευσάντων,
1299 216 1340 242 ὅτι
1360 225 1368 240 ι
1385 215 1440 242 Οὔκ
1453 215 1491 240 ἔτι
1510 206 1534 240 εἶ
1555 213 1655 246 δοῦλος,
1670 213 1726 240 ἀλλ’
1742 214 1803 247 υῑός
1814 223 1821 229 ’
1838 217 1866 243 ει

239 269 355 303 amplius
373 275 403 294 es
427 274 532 296 servus,
556 265 604 292 sed
628 264 722 297 Filius,
739 265 810 300 quod
833 265 856 291 si
874 263 969 295 Filius,
998 268 1026 290 et

240 314 326 340 liaares
347 313 457 348 quidem
482 311 540 342 Dei,
565 311 667 338 Christi
690 315 780 337 autem
798 311 921 338 cohaeres
939 309 984 336 "z
1014 318 1023 334 ›

239 361 395 393 teipsumne
421 357 533 392 dignum
553 356 708 388 existimas,
734 355 781 390 qui
807 355 833 382 in
860 354 1026 382 hereditatis

239 405 397 431 societatem
413 402 590 434 adsciscaris,
607 401 739 436 Spiritum
757 408 810 428 non
833 400 918 428 item?
930 399 964 426 Et
977 408 1026 426 au—

239 450 281 476 dis
298 453 326 476 tu
344 448 453 484 quidem
471 457 477 474 :
498 457 507 473 ε
527 448 556 474 Si
570 453 661 474 tamen
673 447 864 482 compatimur,
881 451 910 473 ιιι
921 450 948 473 et
961 453 1026 473 con-

237 495 421 531 gloriﬁcemur
438 494 460 510 ⁸⁸
478 504 485 520 :
507 504 517 519 ι
537 493 657 528 Spiritus
675 500 729 520 non
760 491 842 519 item?
862 501 871 517 α
894 490 923 518 Si
943 492 1024 518 simul

239 541 338 568 mortui
351 548 457 571 sumus,
474 540 556 566 simul
569 539 650 565 etiam
665 538 841 572 rcgnabimus
860 537 882 553 “
901 546 907 564 :
931 547 940 563 ι
961 536 1024 572 Spi—

237 586 307 613 ritus
323 593 378 612 non
398 585 486 611 item?
500 583 606 610 Maced.
626 583 750 610 Etiamne
770 582 900 617 Spiritum
916 590 1024 617 quoque

237 639 329 667 regem
363 630 524 665 nuncupas?
547 629 622 656 Ortli.
647 639 671 657 ‹,
688 629 717 656 Si
744 636 818 656 mors
840 629 962 664 regnavit
989 629 1024 656 ab

235 677 341 705 Adamo
355 685 441 712 usque
454 677 487 703 ad
500 676 621 711 Moysen,
635 676 715 702 etiam
730 675 756 702 in
768 683 816 702 eos
827 676 874 710 qui
889 683 943 702 non
960 681 1024 710 pec-

236 729 365 752 caverant
379 723 412 754 ⁸⁸,
430 733 439 749 ι
453 725 500 757 qui
516 731 569 749 non
587 722 705 757 Spiritus
721 723 782 748 vita:
797 721 824 748 in
838 721 916 748 nobis
930 727 1024 754 regna-

237 770 296 797 ret?
312 769 417 797 Maced.
435 769 491 796 Nos
508 768 616 796 Patrem
635 768 744 803 quidem
760 771 787 795 et
802 767 901 794 Filium
918 774 1020 801 regem,

237 815 368 850 Spiritum
386 820 512 844 sanctum
533 823 598 842 vero
622 815 778 842 minislrum
793 814 923 841 dicimus.
943 813 1020 841 Ort/i.

236 861 323 889 Tuam
345 862 432 897 ipsius
448 861 565 888 lurrcsin
580 860 701 888 nondum
721 861 786 887 satis
801 859 940 895 intelligis.
961 858 1022 886 Ete-

1075 264 1104 290 δὲ
1119 264 1186 294 υἱὸς,
1203 264 1250 289 καὶ
1265 262 1428 298 κληρονόμος
1447 262 1494 296 μὲν
1507 260 1585 294 Θεοῦ,
1597 260 1819 296 συγκληρονόμος
1836 261 1868 288 δὲ

1076 309 1192 345 Χριστοῦ
1205 317 1211 323 ·
1234 319 1243 334 ι
1262 309 1314 344 ἄρα
1329 307 1426 334 σαυτὸν
1452 307 1501 342 μὲν
1513 307 1586 340 ἄξιον
1603 306 1652 342 τῆς
1679 306 1868 342 συγκληρονο-

1078 356 1141 390 μὶας
1157 356 1221 390 ὴγῇ,
1234 355 1263 381 τὸ
1278 355 1305 381 δὲ
1320 354 1431 389 Πνεῦμα
1444 353 1493 386 οὓς
1516 354 1571 380 Καὶ
1594 353 1626 380 σὺ
1647 353 1695 388 μὲν
1725 353 1842 384 ἀκούεις
1859 361 1866 367 ·

1078 411 1087 427 ί
1100 402 1184 437 Εἴπερ
1202 401 1407 436 συμπάσχομεν,
1424 401 1466 427 ἴνα
1479 400 1525 426 καὶ
1541 399 1776 434 συνδοξασθῶμενσ
1803 409 1813 426 ι
1834 399 1867 425 ’τὸ

1074 447 1103 474 δὲ
1118 447 1228 482 Πνεῦμα
1241 447 1285 478 of);
1305 457 1313 472 ε
1338 447 1368 473 Εἰ
1392 445 1622 480 συναπεθάνομεν,
1651 445 1697 471 καὶ
1723 444 1866 479 συμϐασι-

1075 493 1204 528 λεύσομεν
1215 501 1222 507 ·
1236 502 1245 518 i
1256 493 1286 518 τὸ
1294 492 1320 518 δὲ
1330 492 1441 527 Πνεῦμα
1448 491 1477 518 οὗ
1490 499 1497 523 ;
1511 491 1621 517 Μακεδ.
1636 492 1689 517 Καὶ
1701 490 1731 516 τὸ
1746 490 1865 525 Πνεῦμα

1075 539 1186 574 βασιλέα
1205 539 1312 573 λέγεις;
1335 539 1411 571 Ὀρθ.
1438 547 1447 562 ι
1466 537 1498 563 Et
1517 538 1531 564 6
1548 537 1659 567 Θάνατος
1683 536 1866 563 ἐῦασὶλευσεν

1074 585 1127 611 ἀπὸ
1146 585 1230 619 ’Δδὰμ
1253 585 1299 611 καὶ
1319 584 1398 620 μέχρι
1425 583 1563 615 Μωσέως,
1586 583 1633 609 καὶ
1662 582 1708 608 ἐπὶ
1735 583 1799 613 τοὺς
1822 582 1864 617 μὴ

1074 631 1294 666 ἁμαρτήσαντας,
1308 639 1317 655 ›
1335 630 1392 661 πῶς
1407 629 1466 664 οὐχὶ
1476 629 1506 655 τὸ
1518 629 1629 664 Πνεῦμα
1638 629 1685 663 τῆς
1698 627 1770 662 ζωῆς
1782 628 1865 662 βασι-

1073 676 1144 702 λεύει
1168 677 1247 711 ἡμῖν;
1265 674 1375 702 Μακεδ.
1394 675 1489 710 Ἡμεῖς
1513 674 1637 709 λέγομεν,
1665 674 1705 700 ὅτι
1729 674 1742 699 ὁ
1761 674 1863 709 Πατήρ

1073 723 1131 748 ἐστι
1146 722 1280 757 βασιλεὺς,
1293 721 1339 747 καὶ
1353 722 1367 747 ὁ
1384 721 1461 752 Υἱός·
1483 721 1513 747 τὸ
1529 720 1556 746 δὲ
1574 720 1685 755 Πνεῦμα
1705 720 1861 755 ὑπηρέτης.

1079 769 1149 803 Ὁρί).
1167 768 1234 795 Οὐδὲ
1246 767 1318 799 οἶδας
1334 768 1430 794 σαυτοῦ
1449 768 1497 802 τὴν
1512 767 1624 802 αἵρεσιν.
1650 768 1671 793 0
1686 766 1740 801 γὰρ
1751 766 1860 801 ὑπηρέ-

1072 823 1130 850 της,
1146 815 1196 841 κᾶν
1303 813 1436 848 βασιλεὺς,
1457 813 1506 848 τῆς
1527 813 1611 848 αὐτῆς
1625 813 1682 838 ἐστι
1697 811 1735 846 τῷ
1752 811 1861 846 βασιλεῖ

1072 861 1174 892 οὐσίας.
1192 861 1287 894 Λέγεις
1299 858 1344 886 οὖν
1355 860 1400 886 καὶ
1412 859 1491 890 αὐτὸς
1504 860 1553 894 τῆς
1564 860 1649 894 αὐτῆς
1665 859 1757 890 οὐσίας
1785 856 1859 884 εἶναι

235 908 290 934 nim
303 908 429 934 minister
445 908 508 934 licet
518 914 563 933 rex
575 913 629 933 non
643 906 689 937 sit.
708 905 829 940 ejusdem
845 910 934 932 tamen
944 905 1020 939 cujus

1074 907 1112 942 τῷ
1124 906 1184 941 Θεῷ
1197 907 1228 933 τὸ
1241 907 1361 942 Πνεῦμα.
1391 906 1501 933 Μακεδ.
1515 905 1562 932 υΰ.
1582 907 1658 939 Ὀρθ.
1672 906 1707 932 Τὸ
1720 905 1748 932 δὲ
1775 905 1813 940 μὴ
1827 904 1858 930 ὂν

236 960 283 980 rex
298 957 340 980 est
357 953 518 980 substantiae
535 961 541 979 :
560 952 653 978 l'atcris
674 952 757 985 igitur
773 951 886 986 ipsemet
899 950 1020 985 ejusdem

235 1006 296 1024 cuin
324 997 379 1025 Deo
403 998 565 1025 substantiae
593 1005 654 1025 esse
679 997 822 1032 Spiritum.
841 995 944 1024 Maccd.
972 996 1022 1023 Mi-

235 1045 317 1071 nime.
333 1043 410 1072 Ol‘lll.
426 1044 478 1071 Sed
496 1044 569 1078 quod
583 1044 709 1078 ejusdem
725 1044 885 1071 substantirc
899 1050 951 1069 non
966 1046 1018 1074 est,

235 1094 359 1117 creatura
375 1094 427 1122 est,
447 1090 586 1117 mutabilis
602 1094 629 1116 et
642 1090 793 1117 variabilis.
814 1089 960 1116 Pt‘ol'esstts
972 1096 1020 1115 au-

235 1140 288 1163 tem
308 1144 338 1163 es
354 1136 435 1170 paulo
450 1139 522 1166 ante,
542 1136 739 1162 immutabilem
755 1135 886 1170 Spiritum
904 1139 930 1162 et
946 1135 1021 1161 inra-

235 1182 371 1213 riabilem,
385 1186 411 1208 et
427 1181 576 1208 inct'eatum
595 1188 667 1208 esse.
686 1180 806 1216 Spiritus
819 1191 825 1206 t
837 1188 883 1213 rgo
897 1180 1018 1214 ejusdem

234 1235 267 1254 ac
283 1227 353 1254 Deus
368 1230 394 1254 et
410 1226 494 1253 Filius
509 1226 570 1261 ejus
583 1231 624 1253 est
639 1227 807 1254 substantim.
823 1226 926 1253 Macati.
944 1225 1020 1253 Unus

235 1273 317 1307 igitur
330 1277 371 1299 est
386 1273 495 1307 ipseque
511 1273 600 1305 Pater,
619 1277 646 1300 et
666 1273 762 1305 Filius,
778 1278 805 1300 et
825 1274 944 1308 Spiritus
961 1281 1021 1300 san-

235 1319 314 1346 ctus?
328 1320 403 1347 Orlh.
417 1320 495 1346 Absit
509 1325 537 1347 nt
552 1321 602 1347 hoc
617 1320 714 1347 dicant.
727 1320 840 1351 Etenim,
854 1321 876 1347 si
893 1327 964 1346 unus
977 1328 1021 1346 cs-

1074 954 1122 988 τῆς
1148 953 1231 988 αὐτῆς
1260 953 1352 984 οὐσίας
1377 953 1479 988 κτίσμα
1509 952 1567 977 ἐστὶ
1592 952 1638 978 καὶ
1662 951 1787 987 τρεπτὸν,
1809 951 1860 977 καὶ

1074 998 1230 1024 ἀλλοιωτὸν·
1252 997 1319 1024 ἀλλὰ
1334 997 1556 1033 προωμολόγηται
1569 997 1701 1032 ἄτρεπτον
1713 996 1760 1023 καὶ
1776 995 1860 1022 ἀναλ-

1073 1045 1183 1070 λοίωτον
1195 1045 1242 1071 καὶ
1254 1045 1378 1070 ἄκτιστον
1400 1041 1486 1069 εἶναι⁸
1505 1043 1554 1078 τῆς
1577 1043 1662 1077 αὐτῆς
1686 1042 1740 1077 ἄρα
1763 1041 1861 1073 οὐςίας

1072 1090 1110 1125 τῷ
1131 1090 1191 1125 Θεῴ
1214 1090 1261 1116 καὶ
1283 1089 1321 1124 τῷ
1349 1088 1404 1123 Υἱῷ
1423 1088 1504 1115 αὐτοῦ
1529 1089 1597 1115 ἐστι.
1619 1088 1730 1115 Μακεδ.
1746 1085 1794 1119 Εἷς
1811 1086 1862 1114 οὖν

1071 1136 1128 1162 ἐστι
1143 1137 1190 1162 καὶ
1205 1137 1219 1162 6
1234 1135 1314 1166 αὐτὸς
1329 1135 1434 1169 Πατὴρ,
1452 1134 1499 1161 καὶ
1514 1134 1586 1165 Υἱὸς,
1608 1134 1655 1160 καὶ
1675 1134 1750 1167 ἅγιον
1770 1133 1861 1160 Πνεῦ-

1073 1189 1128 1215 μα;
1148 1181 1219 1214 Ὀρθ.
1233 1181 1279 1215 Μὴ
1292 1180 1395 1214 γένοιτο
1410 1180 1497 1205 εἰπεῖν
1509 1179 1600 1205 τοῦτοῑ
1614 1181 1637 1205 εἰ
1649 1179 1702 1214 γὰρ
1713 1177 1747 1213 ἦν
1758 1175 1800 1209 εἷς
1810 1179 1861 1204 καὶ

1073 1228 1087 1253 ὁ
1105 1227 1184 1258 αὐτὸς
1198 1226 1302 1262 Πατὴρ,
1317 1227 1363 1252 καὶ
1380 1226 1451 1257 Υἱὸς,
1465 1227 1510 1252 καὶ
1524 1225 1599 1259 ἅγιον
1615 1225 1737 1260 Πνεῦμα,
1748 1226 1801 1251 οὐκ
1827 1225 1861 1251 ἄν

1073 1273 1165 1309 εἴρητο
1181 1273 1245 1308 παρ’
1260 1272 1337 1308 ἡμῶν
1352 1273 1400 1307 τῆς
1415 1272 1499 1307 αὐτῆς
1515 1269 1585 1298 εἶναι
1599 1272 1699 1303 οὐσίας.
1715 1271 1782 1298 Οὐδὲ
1804 1271 1860 1307 γὰρ

1073 1320 1154 1350 αὐτὸς
1165 1319 1253 1354 ἑαυτῷ
1269 1319 1319 1353 τῆς
1336 1319 1419 1354 αὐτῆς
1431 1319 1524 1350 οὐσίας
1541 1317 1610 1345 εἶναι
1626 1318 1741 1352 λέγεται.

234 1373 275 1395 Set
287 1372 314 1394 ιιι
330 1368 398 1394 idem
410 1366 498 1399 Pater,
520 1367 602 1395 Filius
618 1371 644 1394 ct
665 1367 784 1402 Spiritus
801 1373 923 1399 sanctus,
951 1375 1006 1394 non
1026 1366 1182 1395 dicerentur
1196 1366 1316 1400 ejusdem
1335 1374 1395 1393 esse
1411 1366 1578 1394 substantiw.
1591 1365 1682 1401 Neque
1692 1365 1764 1393 enim
1780 1365 1858 1400 ejus-

233 1413 293 1440 dem
306 1420 338 1439 ac
354 1414 466 1447 ipsemet
480 1414 639 1441 substantia:
657 1421 717 1440 esse
734 1413 845 1440 dicitur.

270 1461 303 1488 l8
342 1461 446 1488 Μελεά.
483 1461 533 1488 Uni
567 1463 698 1496 scriptum
726 1467 768 1488 est
800 1461 931 1496 Spiritum
955 1470 1016 1490 esse

234 1503 335 1531 Deum?
352 1503 429 1532 Οι-ιΙι.
451 1505 565 1537 Quando
589 1507 721 1540 propheta
749 1506 787 1532 ait
807 1515 814 1532 :
845 1515 854 1531 ι
882 1506 915 1533 Et
937 1511 1017 1534 erunt

233 1557 327 1576 omnes
363 1557 376 1574 a
416 1549 470 1576 Deo
502 1550 574 1576 ducti
610 1550 651 1581 ⁸⁷,
685 1560 694 1576 ›
725 1550 757 1577 dc
791 1558 846 1585 quo
875 1550 1019 1585 loquitur?

233 1594 337 1622 Maced.
369 1594 406 1623 De
442 1595 521 1623 Filio.
563 1595 639 1623 Ortlt.
675 1596 756 1630 Atqui
793 1596 878 1623 Filitts
914 1597 979 1623 dicit
1011 1606 1016 1623 :

236 1651 246 1667 ι
286 1640 374 1668 Nolite
411 1643 532 1676 cogitare
568 1643 705 1677 quomodo
738 1646 786 1669 aut
824 1643 888 1677 quid
925 1644 1021 1678 loqua-

234 1687 322 1714 mini:
348 1688 405 1722 ipse
431 1689 503 1714 enim
534 1688 653 1722 Spiritus
679 1689 788 1716 docebit
812 1696 860 1716 vos
890 1689 955 1724 qttid
981 1689 1021 1716 fa-

233 1738 279 1760 cto
299 1742 368 1767 opus
387 1735 423 1761 sit
438 1734 470 1760 “.
488 1745 496 1759 ι
512 1734 588 1767 Quod
610 1735 632 1762 si
649 1736 695 1770 qtti
718 1744 733 1762 a
754 1735 856 1771 Sp'ritu
876 1737 1019 1768 docentur,

234 1787 249 1805 a
271 1779 325 1806 Deo
346 1779 418 1806 docti
444 1779 584 1811 dicuntur,
608 1781 673 1814 quid
696 1781 768 1807 aliud
793 1781 872 1808 fuerit
889 1780 1018 1816 Spiritus,

233 1823 315 1859 485
330 1832 362 1851 ex
378 1828 404 1851 te
420 1825 478 1859 ipso
493 1833 593 1859 quaere.
615 1825 718 1853 Maced.
743 1826 795 1859 Qui
818 1835 833 1853 ιι
852 1825 955 1862 Spiritu
971 1827 1020 1854 do-

234 1875 340 1901 centur,
358 1871 430 1897 docti
447 1879 460 1897 a
480 1871 534 1898 Deo
555 1872 685 1899 dicuntur
701 1872 772 1904 ideo,
795 1873 858 1908 quia
880 1873 951 1901 Deus
971 1880 1020 1908 per

235 1916 365 1950 Spiritum
378 1917 451 1951 ipsos
462 1917 551 1944 docet.
564 1917 640 1945 Ortli.
653 1917 711 1946 Non
722 1919 790 1946 dixit
803 1929 809 1946 :
827 1918 911 1946 Erunt
924 1927 1019 1947 omnes

234 1969 249 1988 a
264 1961 318 1989 Deo
334 1963 394 1997 ipso
409 1964 493 1995 docti,
514 1964 562 1991 sed
586 1965 645 1992 sine
668 1966 794 1992 articulo.
819 1965 922 1993 Maced.
948 1965 1019 2001 Ergo

235 2014 289 2036 tres
306 2009 346 2036 Dii
359 2010 440 2036 sunt?
463 2010 541 2038 ονιΙι.
559 2011 656 2038 Absit!
685 2011 759 2039 Unus
776 2016 817 2039 cst
840 2011 911 2040 Dens
927 2011 1017 2045 Pater,

235 2061 305 2081 unus
330 2054 400 2082 Deus
426 2055 522 2085 Filius.
550 2064 621 2084 unus
649 2056 719 2084 Deus
747 2057 866 2092 Spiritus
896 2062 1018 2086 sanctus.

234 2099 338 2128 Maccd.
353 2101 420 2129 Tres
435 2103 516 2136 igitur
528 2102 587 2130 Dii?
599 2103 674 2131 Orth.
690 2103 833 2132 Conﬁteris
844 2104 901 2139 ipse
912 2104 1018 2132 Patrem

236 2147 318 2174 Deum
335 2155 406 2180 esse,
421 2152 448 2175 et
462 2147 559 2174 Filium
582 2147 676 2180 Deum,
700 2153 747 2175 aut
770 2157 804 2176 tte
826 2149 876 2176 hoc
890 2149 1020 2184 quidem?

235 2191 338 2219 Maced.
361 2192 497 2220 Conﬁteor
524 2193 607 2220 Deum
630 2193 748 2225 Patrem,
775 2193 859 2221 Deum
890 2195 954 2222 item
974 2194 1019 2222 Ft-

235 2239 312 2265 lintn.
330 2237 405 2265 Ortlt.
426 2238 498 2266 Dttos
513 2240 594 2274 igitur
611 2239 680 2267 Deos
695 2240 782 2267 dicis?
795 2239 899 2267 Macati.
918 2241 1016 2268 Absit!
1035 2247 1055 2274 ι)

236 2283 311 2311 ονιΙι.
328 2283 560 2316 Quemadmodum
584 2284 664 2319 igitur
678 2293 739 2312 cum
755 2285 863 2312 Patrem
879 2285 974 2317 Deum,
993 2291 1020 2313 et

235 2328 333 2356 Filium
354 2329 438 2356 Deum
464 2331 613 2362 conﬁteris,
635 2339 688 2358 non
710 2331 780 2359 duos
805 2331 874 2359 Deos
898 2333 1018 2360 asseris:

235 2375 284 2407 ita,
303 2375 421 2411 Spiritus
441 2376 568 2404 deitatem
593 2377 738 2408 conﬁtens,
763 2385 796 2404 nc
821 2382 877 2405 tres
896 2377 965 2405 Deos
979 2377 1022 2404 di-

235 2421 299 2449 cito.
320 2431 329 2447 ε
339 2421 426 2454 Audi,
443 2422 528 2453 enim,
538 2422 621 2449 Israel
636 2423 783 2451 :Dominus
797 2422 870 2450 Deus
883 2427 957 2454 tuus,
969 2422 1021 2450 00-

234 2468 327 2495 minus
348 2476 419 2495 unus
436 2473 479 2496 est
489 2468 522 2495 ⁸⁸.
539 2478 548 2494 ›
566 2467 670 2496 Maced.
688 2468 764 2497 Unus
778 2469 859 2504 igitur
877 2469 948 2496 Deus
967 2469 1019 2496 Pa-

235 2519 288 2549 ter,
305 2514 392 2543 Filius
412 2520 440 2543 et
465 2514 582 2550 Spiritus
599 2520 722 2543 sanctus.
743 2514 819 2543 Ortli.
845 2514 920 2543 Unus
936 2515 1018 2548 Deus,

235 2569 290 2588 non
304 2561 413 2596 quidem
426 2564 456 2588 ut
471 2562 637 2593 trinominis,
654 2561 702 2589 sed
718 2565 749 2588 ut
767 2561 796 2592 ii,
810 2562 858 2596 qui
874 2563 901 2589 in
911 2561 1021 2589 Christo

237 2606 349 2640 perfecti
369 2610 444 2638 sunt,
468 2614 540 2634 unus
564 2614 702 2634 consensu
730 2612 756 2634 et
781 2611 889 2635 natura.
915 2606 1018 2634 Maced.

237 2651 327 2680 Unum
341 2660 506 2680 consensum
520 2657 547 2681 et
557 2661 606 2688 ego
617 2653 689 2680 dico.
704 2652 781 2681 Orth.
795 2652 842 2680 Dic
853 2659 881 2681 et
894 2659 1020 2680 naturam

237 2706 355 2735 quoque,
380 2704 409 2727 ut
426 2700 465 2728 sis
482 2700 585 2727 beatus.
606 2698 709 2727 Haud.
727 2699 786 2727 Non
803 2707 913 2734 possum
930 2699 1022 2726 dicere

238 2752 319 2774 unam
333 2749 470 2774 naturam.
490 2745 567 2773 Orth.
582 2745 628 2773 Dic
644 2746 726 2781 igitur
739 2753 787 2774 eos
801 2745 944 2773 diSSimilis
959 2752 1021 2773 esse

273 2821 298 2839 ⁸³
313 2821 392 2850 Bom.
410 2831 474 2852 Hll.
492 2824 544 2857 t7;
563 2823 650 2851 Galat.
668 2831 705 2855 tv,
722 2823 750 2850 'l.

801 2823 825 2839 ³⁸
845 2823 922 2850 Rom.
943 2830 1007 2853 rtn,
1024 2822 1066 2849 Π.
1103 2823 1125 2838 ’⁸³
1147 2821 1167 2850 ll
1184 2821 1253 2849 Tim.
1273 2829 1292 2849 tl
1306 2843 1313 2855 ,
1331 2822 1374 2851 l2.

241 2856 290 2892 1");
304 2857 383 2885 Joan.
402 2866 427 2885 ri
440 2878 448 2891 ,
466 2859 510 2886 45.
548 2859 571 2875 ⁸⁸
589 2858 684 2886 Matth.
701 2867 729 2890 ι,
749 2858 790 2885 l9.
828 2859 850 2876 ⁸ο
868 2859 946 2885 Deut.
964 2865 989 2884 γι
1001 2876 1008 2890 ,
1027 2857 1044 2883 4

1106 1462 1148 1489 18.
1158 1462 1267 1489 Μακεδ.
1278 1461 1333 1489 Ποῦ
1346 1462 1498 1498 γέγραπται
1512 1461 1579 1493 Θεὸς
1591 1461 1621 1487 τὸ
1638 1460 1767 1497 Πνεῦμας
1783 1461 1858 1496 Ὀρθ.

1072 1509 1156 1535 ὀταν
1168 1508 1242 1543 λέγει
1255 1510 1269 1535 6
1287 1509 1441 1544 προφήτης,
1460 1516 1469 1533 ‹
1487 1507 1541 1535 Καὶ
1556 1507 1661 1534 ἔσονται
1674 1508 1773 1539 πάντες
1787 1508 1860 1534 διδα-

1072 1556 1131 1581 κτοὶ
1141 1554 1237 1588 Θεοῦ,ι
1256 1556 1319 1589 περὶ
1337 1555 1409 1586 τίνος
1424 1554 1508 1588 λέγει;
1521 1554 1632 1581 Μακεδ.
1647 1554 1713 1589 Περὶ
1723 1553 1770 1580 τοῦ
1781 1554 1857 1582 Υἰοῦ,

1079 1601 1150 1634 Ὀρθ.
1160 1601 1289 1634 Καίτοιγε
1299 1600 1313 1626 ὁ
1324 1601 1385 1632 Υἱὸς
1395 1601 1483 1635 λέγει’
1498 1611 1506 1625 ι
1520 1600 1565 1635 Μὴ
1578 1600 1762 1636 μεριμνήσητε
1774 1599 1857 1635 πῶςῆ

1071 1648 1096 1674 τι
1114 1647 1258 1683 λαλήσετε-
1274 1647 1338 1674 αὐτὸ
1364 1648 1418 1684 γὰρ
1437 1648 1467 1674 τὸ
1484 1647 1595 1682 Πνεῦμα
1615 1646 1713 1678 διδάξει
1734 1646 1818 1681 ὑμᾶς,
1832 1645 1858 1672 τι

1070 1694 1110 1720 δεῖ
1123 1696 1216 1721 ποιεῖν.
1233 1704 1242 1719 »
1256 1695 1286 1720 Εἰ
1300 1694 1328 1720 δὲ
1343 1695 1368 1720 οἱ
1388 1695 1440 1720 ὑπὸ
1454 1694 1500 1720 τοῦ
1517 1693 1674 1728 Πνεύματος
1697 1692 1858 1728 δὸς-σχόμε-

1071 1748 1110 1766 νοι
1124 1739 1242 1766 διδακτοὶ
1257 1739 1322 1766 Θεοῦ
1339 1740 1477 1771 ἀκούουσι,
1488 1740 1512 1766 τί
1523 1740 1586 1766 ἄλλο
1596 1740 1629 1766 ἂν
1639 1740 1680 1775 εῖη
1694 1740 1724 1766 τὸ
1734 1740 1856 1776 Πνεῦμα,

1072 1785 1168 1810 σαυτὸν
1184 1784 1282 1820 ἐρώτα.
1304 1784 1416 1811 Μακεδ.
1434 1784 1558 1810 Διδοικτο)¹
1579 1783 1645 1810 Θεοῦ
1670 1783 1814 1810 ἀκούουσιν
1833 1785 1857 1810 οἱ

1071 1830 1123 1856 ὑπὸ
1138 1829 1182 1856 τοῦ
1199 1829 1354 1865 Πνεύματος
1375 1829 1572 1864 διδασκόμενοι,
1588 1829 1680 1865 ἐπειδὴ
1703 1830 1717 1855 6
1735 1828 1801 1860 Θεὸς
1815 1829 1856 1855 διὰ

1069 1876 1115 1902 τοῦ
1135 1875 1292 1910 Πνεύματος
1315 1876 1413 1907 αὐτοὺς
1435 1875 1564 1901 διδάσκει.
1595 1875 1666 1908 Ὁρθ.
1691 1875 1748 1901 Οὐκ
1771 1873 1855 1901 εἷπεν-

1072 1922 1198 1949 Ἔσονται
1215 1921 1314 1953 πάντες
1323 1922 1442 1948 διδακτοὶ
1452 1921 1497 1948 τοῦ
1511 1921 1589 1953 Θεοῦ,
1603 1921 1658 1948 ἀλλ’
1674 1920 1736 1946 ἄνευ
1748 1920 1794 1947 τοῦ
1806 1921 1855 1957 ἄρ-

1071 1967 1146 2004 θρου.
1163 1967 1274 1995 Μακεδ.
1286 1968 1365 2003 Τρεῖς
1375 1965 1420 1994 οὖν
1431 1969 1482 1994 εἰσι
1496 1967 1556 1994 Θεοί
1569 1975 1576 2000 ;
1596 1967 1667 2001 Ὀρθ.
1676 1967 1722 2001 Μὴ
1735 1966 1855 2000 γένοιτοῑ

1070 2013 1117 2046 Εἷς
1128 2014 1193 2045 Θεὸς
1206 2015 1219 2040 ὁ
1234 2014 1337 2049 Πατὴρ,
1353 2014 1399 2040 καὶ
1411 2010 1450 2045 εἷς
1462 2013 1527 2044 Θεὸς
1536 2014 1550 2039 6
1561 2012 1632 2044 Υἱὸς,
1649 2013 1694 2039 καὶ
1704 2010 1743 2043 εἷς
1752 2012 1818 2044 Θεὸς
1827 2013 1857 2039 τὸ

1070 2061 1146 2095 ἆγιον
1153 2061 1274 2096 Πνεῦμα.
1284 2059 1394 2087 Μακεδ.
1402 2060 1482 2095 Τρεῖς
1489 2057 1599 2085 οὗνΘεοί
1607 2067 1614 2090 ;
1623 2059 1693 2092 Ὀρθ.
1703 2057 1855 2093 Ὀμολογεῖς

1070 2107 1118 2132 και)⁴
1128 2106 1207 2138 αὐτὸς
1221 2105 1287 2132 Θεὸν
1298 2104 1366 2132 εἶναι
1376 2105 1420 2131 τὸν
1429 2105 1548 2139 Πατέρα.
1561 2104 1606 2130 καὶ
1619 2103 1683 2130 Θεὸν
1695 2103 1740 2129 τὸν
1754 2103 1827 2135 Υἱὸν,
1839 2103 1854 2138 ῆ

1069 2151 1213 2178 οὐδὲτοῦτο
1222 2159 1229 2183 ;
1238 2150 1347 2177 Μακεδ.
1356 2150 1491 2185 Ὀμολογῶ
1502 2150 1566 2176 Θεὸν
1577 2149 1621 2176 τὸν
1628 2149 1748 2184 Πατέρα,
1758 2149 1805 2175 καὶ
1812 2149 1855 2175 τὸν

1071 2194 1144 2221 Υἰόν.
1166 2194 1238 2228 Ὀρθ.
1251 2194 1302 2220 Δύο
1313 2192 1359 2221 οὖν
1372 2194 1454 2225 Θεοῦς
1466 2194 1570 2229 λέγεις;
1585 2193 1695 2221 Μακεδ.
1710 2194 1755 2228 Μὴ
1770 2194 1856 2228 γένοι-

1070 2241 1116 2268 to!
1140 2241 1211 2275 ‘0p0.
1231 2241 1334 2276 ’Ὠσπερ
1356 2238 1401 2266 οὖν
1423 2240 1488 2267 Θεὸν
1511 2239 1598 2274 λέγων
1614 2240 1659 2266 τὸν
1678 2239 1788 2276 Πατέρα
1810 2240 1855 2265 καὶ

1070 2285 1135 2312 Θεὸν
1148 2286 1192 2323 τὸν
1205 2285 1278 2317 Υἱὸν,
1294 2285 1324 2311 οὐ
1338 2285 1385 2311 δύο
1402 2284 1484 2316 Geo-2);
1499 2285 1596 2319 λέγεις·
1614 2284 1699 2316 οὕτως
1717 2284 1855 2320 ὁμολογῶν

1071 2333 1117 2359 καὶ
1127 2332 1176 2368 τὴν
1189 2331 1234 2358 τοῦ
1249 2330 1405 2365 Πνεύματος
1416 2330 1538 2364 θεότητα,
1552 2331 1590 2366 μὴ
1599 2332 1671 2366 τρεῖς
1686 2330 1748 2365 λέγε
1761 2330 1853 2362 Θεοὺ;”

1073 2388 1083 2404 ί
1106 2379 1216 2410 Ἀκουε,
1229 2377 1293 2412 γὰρ,
1309 2377 1426 2412 Ἰσραήλ·
1445 2376 1545 2411 Κύριος
1565 2378 1579 2403 6
1594 2377 1658 2408 Θεὸς
1679 2385 1736 2407 σου.
1756 2377 1856 2412 Κύριος

1071 2420 1111 2454 εἷς
1128 2424 1195 2449 ἐστι.
1216 2433 1225 2448 ι
1247 2422 1355 2450 Μακεδ.
1379 2420 1427 2454 Εἲς
1450 2421 1498 2448 οὖν
1516 2423 1573 2448 ἐστι
1590 2422 1666 2455 Θεὸς,
1684 2422 1791 2458 Πατὴρ.
1811 2424 1857 2449 καὶ

1073 2468 1146 2501 Υἱὸς,
1159 2469 1206 2495 καὶ
1220 2468 1295 2502 ἆγιον
1310 2469 1430 2504 Πνεῦμα.
1449 2469 1521 2503 Ὀρθ.
1535 2467 1582 2500 Εἷς
1595 2468 1669 2500 Θεὸς,
1688 2469 1737 2503 οὐχ
1753 2469 1790 2500 ὡς
1800 2478 1857 2505 τρι⁴

1073 2515 1190 2551 ώνυμος,
1207 2515 1263 2542 ἀλλ’
1280 2515 1318 2547 ὡς
1331 2516 1356 2541 οἱ
1369 2517 1397 2542 ὲν
1408 2515 1516 2551 Χριστῷ
1529 2515 1750 2550 κατηρτισμένοι,
1767 2513 1808 2547 εἷς
1820 2515 1856 2549 τῷ

1073 2560 1143 2597 λόγῳ
1158 2562 1207 2596 τῆς
1223 2561 1381 2596 συμφωνίας
1397 2561 1502 2596 καὶτῆς
1518 2561 1634 2596 φύσεως.
1649 2560 1761 2588 Mrtua.
1773 2561 1856 2594 Κάγὼ

1074 2607 1144 2642 λέγω
1164 2608 1227 2643 μίαν
1248 2606 1417 2641 συμφωνίαν.
1449 2607 1521 2641 Ὀρθ.
1542 2607 1609 2634 Εἰπὲ
1630 2606 1677 2633 καὶ
1700 2606 1792 2640 φύσιν,
1815 2606 1856 2632 ἴνα

1076 2653 1209 2689 μακάριος
1226 2653 1301 2689 γένῃ.
1317 2653 1427 2681 Musa.
1444 2654 1480 2680 Οὺ
1494 2653 1610 2688 δύναμαι
1626 2654 1713 2680 εἰπεῖν
1732 2653 1796 2688 μίαν
1807 2653 1856 2688 φύ-

1075 2708 1128 2726 σινί
1145 2700 1217 2734 Ὀρθ.
1228 2698 1331 2726 Οὐκοῦν
1344 2699 1405 2726 εἰπὲ
1414 2699 1565 2734 ἀνομοίους.
1579 2698 1690 2726 Μακεδ.
1703 2698 1771 2726 Οὐδὲ
1781 2698 1856 2726 τοῦτο

1073 2745 1155 2780 λέγω.
1176 2745 1248 2780 Ὀρθ.
1263 2743 1332 2771 Οὔτε
1346 2743 1394 2771 οὖν
1409 2745 1510 2780 ψυχρὸς
1522 2742 1557 2777 εἴ,
1577 2744 1647 2771 κατὰ
1658 2743 1689 2771 τὸ
1699 2744 1857 2780 γεγραμαέ-

1419 2823 1441 2839 ⁸¹
1461 2822 1538 2850 Rom.
1555 2830 1589 2855 v,
1607 2821 1649 2849 μ.
1687 2821 1709 2838 ⁸’
1729 2828 1783 2851 ιεε.
1802 2828 1854 2855 ω.

1789 157 1867 186 1520
1901 170 1903 172 ·
