  <div class='ocr_page' id='page_1' title='image "/cluster/home/n/w/nwhite01/storage/ocr_20150623/28/njp.32101007506148/678.png"; bbox 0 0 1926 3068; ppageno 0'>
   <div class='ocr_carea' id='block_1_1' title="bbox 88 128 157 158">
    <p class='ocr_par' dir='ltr' id='par_1_1' title="bbox 88 128 157 158">
     <span class='ocr_line' id='line_1_1' title="bbox 88 128 157 158; baseline 0.014 -1"><span class='ocrx_word' id='word_1_1' title='bbox 88 128 157 158; x_wconf 59' lang='lat' dir='ltr'><strong>{Siti</strong></span> 
     </span>
    </p>
   </div>
   <div class='ocr_carea' id='block_1_2' title="bbox 619 125 1187 155">
    <p class='ocr_par' dir='ltr' id='par_1_2' title="bbox 619 125 1187 155">
     <span class='ocr_line' id='line_1_2' title="bbox 619 125 1187 155; baseline -0.002 -1"><span class='ocrx_word' id='word_1_2' title='bbox 619 127 758 155; x_wconf 68' lang='lat' dir='ltr'><strong>CONTRA</strong></span> <span class='ocrx_word' id='word_1_3' title='bbox 776 126 950 155; x_wconf 77' lang='lat' dir='ltr'><strong>MACEDON.</strong></span> <span class='ocrx_word' id='word_1_4' title='bbox 972 125 1146 154; x_wconf 85' lang='lat' dir='ltr'><strong>DlALOGUS</strong></span> <span class='ocrx_word' id='word_1_5' title='bbox 1164 125 1187 153; x_wconf 86' lang='lat' dir='ltr'><strong>l.</strong></span> 
     </span>
    </p>
   </div>
   <div class='ocr_carea' id='block_1_3' title="bbox 1649 128 1720 157">
    <p class='ocr_par' dir='ltr' id='par_1_3' title="bbox 1649 128 1720 157">
     <span class='ocr_line' id='line_1_3' title="bbox 1649 128 1720 157; baseline 0.014 -1"><span class='ocrx_word' id='word_1_6' title='bbox 1649 128 1720 157; x_wconf 63' lang='grc' dir='ltr'>ιεεε</span> 
     </span>
    </p>
   </div>
   <div class='ocr_carea' id='block_1_4' title="bbox 87 183 880 224">
    <p class='ocr_par' dir='ltr' id='par_1_4' title="bbox 87 183 880 224">
     <span class='ocr_line' id='line_1_4' title="bbox 87 183 880 224; baseline -0.003 -9"><span class='ocrx_word' id='word_1_7' title='bbox 87 196 144 221; x_wconf 74' lang='grc' dir='ltr'>νον,</span> <span class='ocrx_word' id='word_1_8' title='bbox 160 186 222 214; x_wconf 77' lang='grc' dir='ltr'>οὔτε</span> <span class='ocrx_word' id='word_1_9' title='bbox 239 186 356 224; x_wconf 76' lang='grc' dir='ltr'>θερμός·</span> <span class='ocrx_word' id='word_1_10' title='bbox 371 186 397 214; x_wconf 72' lang='grc' dir='ltr'>εἰ</span> <span class='ocrx_word' id='word_1_11' title='bbox 416 186 470 222; x_wconf 78' lang='grc' dir='ltr'><strong>γὰρ</strong></span> <span class='ocrx_word' id='word_1_12' title='bbox 489 183 524 222; x_wconf 70' lang='grc' dir='ltr'>ἧς</span> <span class='ocrx_word' id='word_1_13' title='bbox 546 186 659 222; x_wconf 75' lang='grc' dir='ltr'>ψυχρὸς,</span> <span class='ocrx_word' id='word_1_14' title='bbox 685 186 827 222; x_wconf 78' lang='grc' dir='ltr'><strong>ἀνομοίους</strong></span> <span class='ocrx_word' id='word_1_15' title='bbox 847 185 880 213; x_wconf 78' lang='grc' dir='ltr'>ἂν</span> 
     </span>
    </p>
   </div>
   <div class='ocr_carea' id='block_1_5' title="bbox 932 183 1720 224">
    <p class='ocr_par' dir='ltr' id='par_1_5' title="bbox 932 183 1720 220">
     <span class='ocr_line' id='line_1_5' title="bbox 932 183 1720 220; baseline 0.001 -7"><span class='ocrx_word' id='word_1_16' title='bbox 932 190 1045 214; x_wconf 60' lang='lat' dir='ltr'><strong>natura.</strong></span> <span class='ocrx_word' id='word_1_17' title='bbox 1064 185 1169 213; x_wconf 80' lang='lat' dir='ltr'><strong>Maced.</strong></span> <span class='ocrx_word' id='word_1_18' title='bbox 1187 184 1280 220; x_wconf 84' lang='lat' dir='ltr'><strong>Neque</strong></span> <span class='ocrx_word' id='word_1_19' title='bbox 1290 184 1343 212; x_wconf 88' lang='lat' dir='ltr'><strong>hoc</strong></span> <span class='ocrx_word' id='word_1_20' title='bbox 1354 184 1426 212; x_wconf 87' lang='lat' dir='ltr'><strong>dico.</strong></span> <span class='ocrx_word' id='word_1_21' title='bbox 1443 183 1519 212; x_wconf 81' lang='lat' dir='ltr'><strong>Orllt.</strong></span> <span class='ocrx_word' id='word_1_22' title='bbox 1535 183 1591 212; x_wconf 81' lang='lat' dir='ltr'><strong>Nec</strong></span> <span class='ocrx_word' id='word_1_23' title='bbox 1603 184 1720 220; x_wconf 74' lang='lat' dir='ltr'><strong>frigidus</strong></span> 
     </span>
    </p>
   </div>
   <div class='ocr_carea' id='block_1_6' title="bbox 88 232 881 270">
    <p class='ocr_par' dir='ltr' id='par_1_6' title="bbox 88 232 881 270">
     <span class='ocr_line' id='line_1_6' title="bbox 88 232 881 270; baseline -0.004 -8"><span class='ocrx_word' id='word_1_24' title='bbox 88 234 166 267; x_wconf 77' lang='grc' dir='ltr'>εἶπες</span> <span class='ocrx_word' id='word_1_25' title='bbox 175 234 225 267; x_wconf 85' lang='grc' dir='ltr'>τὰς</span> <span class='ocrx_word' id='word_1_26' title='bbox 241 234 345 269; x_wconf 76' lang='grc' dir='ltr'>φύσεις·</span> <span class='ocrx_word' id='word_1_27' title='bbox 359 235 382 261; x_wconf 87' lang='grc' dir='ltr'><strong>εί</strong></span> <span class='ocrx_word' id='word_1_28' title='bbox 395 232 428 270; x_wconf 75' lang='grc' dir='ltr'>ἧς</span> <span class='ocrx_word' id='word_1_29' title='bbox 442 233 553 270; x_wconf 75' lang='grc' dir='ltr'>θερμὸς,</span> <span class='ocrx_word' id='word_1_30' title='bbox 569 233 805 269; x_wconf 79' lang='grc' dir='ltr'><strong>ἀπαραλλάκτους.</strong></span> <span class='ocrx_word' id='word_1_31' title='bbox 820 234 881 260; x_wconf 85' lang='grc' dir='ltr'><strong>Μα-</strong></span> 
     </span>
    </p>
   </div>
   <div class='ocr_carea' id='block_1_7' title="bbox 87 279 881 318">
    <p class='ocr_par' dir='ltr' id='par_1_7' title="bbox 87 279 881 318">
     <span class='ocr_line' id='line_1_7' title="bbox 87 279 881 318; baseline -0.004 -10"><span class='ocrx_word' id='word_1_32' title='bbox 87 281 151 309; x_wconf 62' lang='lat' dir='ltr'><strong>alt-:6.</strong></span> <span class='ocrx_word' id='word_1_33' title='bbox 174 280 396 318; x_wconf 79' lang='grc' dir='ltr'>Ἀπαράλλακτον</span> <span class='ocrx_word' id='word_1_34' title='bbox 412 280 482 314; x_wconf 78' lang='grc' dir='ltr'>λέγω</span> <span class='ocrx_word' id='word_1_35' title='bbox 499 279 578 314; x_wconf 81' lang='grc' dir='ltr'>φύσιν</span> <span class='ocrx_word' id='word_1_36' title='bbox 590 279 636 306; x_wconf 88' lang='grc' dir='ltr'><strong>τδν</strong></span> <span class='ocrx_word' id='word_1_37' title='bbox 653 279 727 305; x_wconf 82' lang='grc' dir='ltr'>Υἰόν.</span> <span class='ocrx_word' id='word_1_38' title='bbox 747 279 818 312; x_wconf 81' lang='grc' dir='ltr'>Ὀρθ.</span> <span class='ocrx_word' id='word_1_39' title='bbox 829 279 881 305; x_wconf 81' lang='grc' dir='ltr'><strong>Φύ-</strong></span> 
     </span>
    </p>
   </div>
   <div class='ocr_carea' id='block_1_8' title="bbox 90 323 880 366">
    <p class='ocr_par' dir='ltr' id='par_1_8' title="bbox 90 323 880 366">
     <span class='ocr_line' id='line_1_8' title="bbox 90 323 880 366; baseline -0.005 -12"><span class='ocrx_word' id='word_1_40' title='bbox 90 336 133 360; x_wconf 85' lang='grc' dir='ltr'><strong>σις</strong></span> <span class='ocrx_word' id='word_1_41' title='bbox 145 327 173 354; x_wconf 78' lang='grc' dir='ltr'>δὲ</span> <span class='ocrx_word' id='word_1_42' title='bbox 179 327 294 366; x_wconf 52' lang='grc' dir='ltr'>’φύσεως</span> <span class='ocrx_word' id='word_1_43' title='bbox 304 326 513 362; x_wconf 83' lang='grc' dir='ltr'>ἀπαράλλακτος</span> <span class='ocrx_word' id='word_1_44' title='bbox 522 324 599 356; x_wconf 83' lang='grc' dir='ltr'>οὖσα,</span> <span class='ocrx_word' id='word_1_45' title='bbox 611 326 628 360; x_wconf 89' lang='grc' dir='ltr'>ἡ</span> <span class='ocrx_word' id='word_1_46' title='bbox 639 325 707 360; x_wconf 77' lang='grc' dir='ltr'>αὐτή</span> <span class='ocrx_word' id='word_1_47' title='bbox 721 325 778 351; x_wconf 78' lang='grc' dir='ltr'>ἐστι</span> <span class='ocrx_word' id='word_1_48' title='bbox 790 323 880 358; x_wconf 77' lang='grc' dir='ltr'>φύσις.</span> 
     </span>
    </p>
   </div>
   <div class='ocr_carea' id='block_1_9' title="bbox 95 370 881 410">
    <p class='ocr_par' dir='ltr' id='par_1_9' title="bbox 95 370 881 410">
     <span class='ocr_line' id='line_1_9' title="bbox 95 370 881 410; baseline -0.008 -9"><span class='ocrx_word' id='word_1_49' title='bbox 95 375 212 410; x_wconf 78' lang='grc' dir='ltr'><strong>Ὁμοίως</strong></span> <span class='ocrx_word' id='word_1_50' title='bbox 233 373 287 408; x_wconf 85' lang='grc' dir='ltr'>γάρ</span> <span class='ocrx_word' id='word_1_51' title='bbox 309 374 382 399; x_wconf 78' lang='grc' dir='ltr'>ἐστιν</span> <span class='ocrx_word' id='word_1_52' title='bbox 400 372 542 403; x_wconf 79' lang='grc' dir='ltr'>ἀθάνατος,</span> <span class='ocrx_word' id='word_1_53' title='bbox 565 371 664 406; x_wconf 81' lang='grc' dir='ltr'>ὁμοίως</span> <span class='ocrx_word' id='word_1_54' title='bbox 681 370 767 404; x_wconf 73' lang='grc' dir='ltr'>ἅγιος,</span> <span class='ocrx_word' id='word_1_55' title='bbox 781 370 881 404; x_wconf 76' lang='grc' dir='ltr'><strong>ὁμοίιος</strong></span> 
     </span>
    </p>
   </div>
   <div class='ocr_carea' id='block_1_10' title="bbox 89 416 882 457">
    <p class='ocr_par' dir='ltr' id='par_1_10' title="bbox 89 416 882 457">
     <span class='ocr_line' id='line_1_10' title="bbox 89 416 882 457; baseline -0.008 -9"><span class='ocrx_word' id='word_1_56' title='bbox 89 421 238 457; x_wconf 78' lang='grc' dir='ltr'>ἄφθαρτος,</span> <span class='ocrx_word' id='word_1_57' title='bbox 255 419 355 455; x_wconf 84' lang='grc' dir='ltr'>ὁμοίως</span> <span class='ocrx_word' id='word_1_58' title='bbox 372 419 514 454; x_wconf 78' lang='grc' dir='ltr'><strong>ἄτρεπτος.</strong></span> <span class='ocrx_word' id='word_1_59' title='bbox 533 418 628 453; x_wconf 74' lang='grc' dir='ltr'>Πατήρ</span> <span class='ocrx_word' id='word_1_60' title='bbox 644 417 673 444; x_wconf 75' lang='grc' dir='ltr'>δὲ</span> <span class='ocrx_word' id='word_1_61' title='bbox 690 417 738 443; x_wconf 73' lang='grc' dir='ltr'><strong>καὶ</strong></span> <span class='ocrx_word' id='word_1_62' title='bbox 753 417 817 448; x_wconf 80' lang='grc' dir='ltr'><strong>Υἱὸς</strong></span> <span class='ocrx_word' id='word_1_63' title='bbox 834 416 882 442; x_wconf 68' lang='grc' dir='ltr'><strong>καὶ</strong></span> 
     </span>
    </p>
   </div>
   <div class='ocr_carea' id='block_1_11' title="bbox 90 463 881 502">
    <p class='ocr_par' dir='ltr' id='par_1_11' title="bbox 90 463 881 502">
     <span class='ocr_line' id='line_1_11' title="bbox 90 463 881 502; baseline -0.008 -7"><span class='ocrx_word' id='word_1_64' title='bbox 90 469 168 502; x_wconf 74' lang='grc' dir='ltr'>ᾰγιον</span> <span class='ocrx_word' id='word_1_65' title='bbox 182 466 294 501; x_wconf 84' lang='grc' dir='ltr'>Πνεῦμα</span> <span class='ocrx_word' id='word_1_66' title='bbox 311 465 411 500; x_wconf 85' lang='grc' dir='ltr'>ὁμοίως</span> <span class='ocrx_word' id='word_1_67' title='bbox 429 465 482 491; x_wconf 74' lang='grc' dir='ltr'>εἰσὶ</span> <span class='ocrx_word' id='word_1_68' title='bbox 499 464 534 491; x_wconf 77' lang='grc' dir='ltr'><strong>τὰ</strong></span> <span class='ocrx_word' id='word_1_69' title='bbox 546 463 741 500; x_wconf 80' lang='grc' dir='ltr'><strong>προειρημένα.</strong></span> <span class='ocrx_word' id='word_1_70' title='bbox 758 463 815 490; x_wconf 82' lang='grc' dir='ltr'>Μία</span> <span class='ocrx_word' id='word_1_71' title='bbox 828 463 881 498; x_wconf 82' lang='grc' dir='ltr'><strong>ἄρα</strong></span> 
     </span>
    </p>
   </div>
   <div class='ocr_carea' id='block_1_12' title="bbox 90 507 882 548">
    <p class='ocr_par' dir='ltr' id='par_1_12' title="bbox 90 507 882 548">
     <span class='ocr_line' id='line_1_12' title="bbox 90 507 882 548; baseline -0.009 -8"><span class='ocrx_word' id='word_1_72' title='bbox 90 513 171 548; x_wconf 70' lang='grc' dir='ltr'>φύσις</span> <span class='ocrx_word' id='word_1_73' title='bbox 192 512 251 538; x_wconf 73' lang='grc' dir='ltr'>ἐστὶ</span> <span class='ocrx_word' id='word_1_74' title='bbox 273 511 312 546; x_wconf 86' lang='grc' dir='ltr'>τῷ</span> <span class='ocrx_word' id='word_1_75' title='bbox 329 510 401 544; x_wconf 84' lang='grc' dir='ltr'>λόγῳ</span> <span class='ocrx_word' id='word_1_76' title='bbox 420 510 468 545; x_wconf 80' lang='grc' dir='ltr'><strong>τῆς</strong></span> <span class='ocrx_word' id='word_1_77' title='bbox 481 509 654 544; x_wconf 82' lang='grc' dir='ltr'>ταυτότητος.</span> <span class='ocrx_word' id='word_1_78' title='bbox 671 507 780 535; x_wconf 62' lang='lat' dir='ltr'><strong>Maleo.</strong></span> <span class='ocrx_word' id='word_1_79' title='bbox 802 507 882 534; x_wconf 82' lang='grc' dir='ltr'>Ἀλλὰ</span> 
     </span>
    </p>
   </div>
   <div class='ocr_carea' id='block_1_13' title="bbox 90 552 882 590">
    <p class='ocr_par' dir='ltr' id='par_1_13' title="bbox 90 552 882 590">
     <span class='ocr_line' id='line_1_13' title="bbox 90 552 882 590; baseline -0.005 -7"><span class='ocrx_word' id='word_1_80' title='bbox 90 555 292 584; x_wconf 69' lang='grc' dir='ltr'>ὑποτάσσεσθαι</span> <span class='ocrx_word' id='word_1_81' title='bbox 303 554 375 588; x_wconf 76' lang='grc' dir='ltr'>λέγω</span> <span class='ocrx_word' id='word_1_82' title='bbox 384 554 422 589; x_wconf 82' lang='grc' dir='ltr'>τῷ</span> <span class='ocrx_word' id='word_1_83' title='bbox 433 554 521 590; x_wconf 80' lang='grc' dir='ltr'>Πατρὶ</span> <span class='ocrx_word' id='word_1_84' title='bbox 532 553 577 580; x_wconf 80' lang='grc' dir='ltr'><strong>τὸν</strong></span> <span class='ocrx_word' id='word_1_85' title='bbox 589 553 663 584; x_wconf 79' lang='grc' dir='ltr'>Υἱὺν,</span> <span class='ocrx_word' id='word_1_86' title='bbox 677 553 723 580; x_wconf 77' lang='grc' dir='ltr'>καὶ</span> <span class='ocrx_word' id='word_1_87' title='bbox 735 552 792 584; x_wconf 80' lang='grc' dir='ltr'>πῶς</span> <span class='ocrx_word' id='word_1_88' title='bbox 803 552 882 579; x_wconf 80' lang='grc' dir='ltr'>δύνα-</span> 
     </span>
    </p>
   </div>
   <div class='ocr_carea' id='block_1_14' title="bbox 92 599 896 638">
    <p class='ocr_par' dir='ltr' id='par_1_14' title="bbox 92 599 896 638">
     <span class='ocr_line' id='line_1_14' title="bbox 92 599 896 638; baseline -0.002 -9"><span class='ocrx_word' id='word_1_89' title='bbox 92 612 141 638; x_wconf 81' lang='grc' dir='ltr'><strong>μαι</strong></span> <span class='ocrx_word' id='word_1_90' title='bbox 156 603 242 628; x_wconf 84' lang='grc' dir='ltr'>εἰπεῖν</span> <span class='ocrx_word' id='word_1_91' title='bbox 260 602 324 636; x_wconf 88' lang='grc' dir='ltr'>μίαν</span> <span class='ocrx_word' id='word_1_92' title='bbox 339 600 420 635; x_wconf 80' lang='grc' dir='ltr'>φύσιν</span> <span class='ocrx_word' id='word_1_93' title='bbox 431 609 437 632; x_wconf 86' lang='grc'><strong>;</strong></span> <span class='ocrx_word' id='word_1_94' title='bbox 447 601 519 635; x_wconf 82' lang='grc' dir='ltr'>Ὀρθ.</span> <span class='ocrx_word' id='word_1_95' title='bbox 532 599 587 635; x_wconf 80' lang='grc' dir='ltr'><strong>Τὴν</strong></span> <span class='ocrx_word' id='word_1_96' title='bbox 599 599 653 635; x_wconf 82' lang='grc' dir='ltr'><strong>γὰρ</strong></span> <span class='ocrx_word' id='word_1_97' title='bbox 668 599 818 634; x_wconf 82' lang='grc' dir='ltr'><strong>ὑποταγὴν,</strong></span> <span class='ocrx_word' id='word_1_98' title='bbox 830 599 896 634; x_wconf 73' lang='grc' dir='ltr'><strong>τῆς⁴</strong></span> 
     </span>
    </p>
   </div>
   <div class='ocr_carea' id='block_1_15' title="bbox 91 644 880 684">
    <p class='ocr_par' dir='ltr' id='par_1_15' title="bbox 91 644 880 684">
     <span class='ocr_line' id='line_1_15' title="bbox 91 644 880 684; baseline -0.004 -9"><span class='ocrx_word' id='word_1_99' title='bbox 91 649 199 684; x_wconf 72' lang='grc' dir='ltr'>φύσεως</span> <span class='ocrx_word' id='word_1_100' title='bbox 224 646 363 682; x_wconf 79' lang='grc' dir='ltr'>ὑποταγὴν</span> <span class='ocrx_word' id='word_1_101' title='bbox 388 644 458 673; x_wconf 80' lang='grc' dir='ltr'>εἶναι</span> <span class='ocrx_word' id='word_1_102' title='bbox 481 646 579 680; x_wconf 79' lang='grc' dir='ltr'>λέγεις,</span> <span class='ocrx_word' id='word_1_103' title='bbox 598 646 615 681; x_wconf 87' lang='grc' dir='ltr'>ἢ</span> <span class='ocrx_word' id='word_1_104' title='bbox 639 647 688 681; x_wconf 82' lang='grc' dir='ltr'>τῆς</span> <span class='ocrx_word' id='word_1_105' title='bbox 711 646 880 682; x_wconf 75' lang='grc' dir='ltr'>οίκονομίαςς</span> 
     </span>
    </p>
   </div>
   <div class='ocr_carea' id='block_1_16' title="bbox 91 692 882 729">
    <p class='ocr_par' dir='ltr' id='par_1_16' title="bbox 91 692 882 729">
     <span class='ocr_line' id='line_1_16' title="bbox 91 692 882 729; baseline -0.004 -7"><span class='ocrx_word' id='word_1_106' title='bbox 91 694 203 722; x_wconf 80' lang='grc' dir='ltr'>Μακεδ.</span> <span class='ocrx_word' id='word_1_107' title='bbox 219 694 274 729; x_wconf 86' lang='grc' dir='ltr'><strong>Τῆς</strong></span> <span class='ocrx_word' id='word_1_108' title='bbox 291 693 407 728; x_wconf 82' lang='grc' dir='ltr'>φύσεως.</span> <span class='ocrx_word' id='word_1_109' title='bbox 435 693 508 727; x_wconf 79' lang='grc' dir='ltr'><strong>Ὀρθ.</strong></span> <span class='ocrx_word' id='word_1_110' title='bbox 525 693 628 719; x_wconf 76' lang='grc' dir='ltr'>Οὐκοῦν</span> <span class='ocrx_word' id='word_1_111' title='bbox 650 692 774 727; x_wconf 84' lang='grc' dir='ltr'>ἀνόμοιον</span> <span class='ocrx_word' id='word_1_112' title='bbox 793 693 882 727; x_wconf 76' lang='grc' dir='ltr'>λέγεις</span> 
     </span>
    </p>
   </div>
   <div class='ocr_carea' id='block_1_17' title="bbox 90 738 881 777">
    <p class='ocr_par' dir='ltr' id='par_1_17' title="bbox 90 738 881 777">
     <span class='ocr_line' id='line_1_17' title="bbox 90 738 881 777; baseline -0.003 -10"><span class='ocrx_word' id='word_1_113' title='bbox 90 741 139 777; x_wconf 81' lang='grc' dir='ltr'>τὴν</span> <span class='ocrx_word' id='word_1_114' title='bbox 163 740 262 775; x_wconf 78' lang='grc' dir='ltr'>φύσιν;</span> <span class='ocrx_word' id='word_1_115' title='bbox 283 739 392 766; x_wconf 83' lang='grc' dir='ltr'>Μακεδ.</span> <span class='ocrx_word' id='word_1_116' title='bbox 417 739 463 774; x_wconf 85' lang='grc' dir='ltr'><strong>Μὴ</strong></span> <span class='ocrx_word' id='word_1_117' title='bbox 483 738 603 773; x_wconf 80' lang='grc' dir='ltr'>γένοιτοί</span> <span class='ocrx_word' id='word_1_118' title='bbox 631 739 704 773; x_wconf 86' lang='grc' dir='ltr'>Ὀρθ.</span> <span class='ocrx_word' id='word_1_119' title='bbox 719 739 801 766; x_wconf 89' lang='grc' dir='ltr'>Ὂταν</span> <span class='ocrx_word' id='word_1_120' title='bbox 815 739 881 775; x_wconf 82' lang='grc' dir='ltr'><strong>λέγῃ</strong></span> 
     </span>
    </p>
   </div>
   <div class='ocr_carea' id='block_1_18' title="bbox 90 784 881 823">
    <p class='ocr_par' dir='ltr' id='par_1_18' title="bbox 90 784 881 823">
     <span class='ocr_line' id='line_1_18' title="bbox 90 784 881 823; baseline -0.003 -9"><span class='ocrx_word' id='word_1_121' title='bbox 90 787 106 813; x_wconf 80' lang='grc' dir='ltr'><strong><em>ὸ</em></strong></span> <span class='ocrx_word' id='word_1_122' title='bbox 118 787 274 823; x_wconf 72' lang='grc' dir='ltr'>Προφήτης·</span> <span class='ocrx_word' id='word_1_123' title='bbox 296 795 306 812; x_wconf 70' lang='grc' dir='ltr'><strong>ι</strong></span> <span class='ocrx_word' id='word_1_124' title='bbox 325 785 417 812; x_wconf 80' lang='grc' dir='ltr'>Πάντα</span> <span class='ocrx_word' id='word_1_125' title='bbox 435 784 571 817; x_wconf 81' lang='grc' dir='ltr'>ὑπέταξας</span> <span class='ocrx_word' id='word_1_126' title='bbox 585 785 713 811; x_wconf 82' lang='grc' dir='ltr'>ὑποκάτω</span> <span class='ocrx_word' id='word_1_127' title='bbox 728 784 782 811; x_wconf 86' lang='grc' dir='ltr'>τῶν</span> <span class='ocrx_word' id='word_1_128' title='bbox 795 785 881 812; x_wconf 80' lang='grc' dir='ltr'>ποδῶν</span> 
     </span>
    </p>
   </div>
   <div class='ocr_carea' id='block_1_19' title="bbox 91 831 880 868">
    <p class='ocr_par' dir='ltr' id='par_1_19' title="bbox 91 831 880 868">
     <span class='ocr_line' id='line_1_19' title="bbox 91 831 880 868; baseline -0.004 -8"><span class='ocrx_word' id='word_1_129' title='bbox 91 833 185 864; x_wconf 85' lang='grc' dir='ltr'>αὑτοῦ,</span> <span class='ocrx_word' id='word_1_130' title='bbox 198 832 319 868; x_wconf 76' lang='grc' dir='ltr'>πρόϐατα</span> <span class='ocrx_word' id='word_1_131' title='bbox 334 833 380 858; x_wconf 73' lang='grc' dir='ltr'>καὶ</span> <span class='ocrx_word' id='word_1_132' title='bbox 394 831 457 867; x_wconf 83' lang='grc' dir='ltr'>βόας</span> <span class='ocrx_word' id='word_1_133' title='bbox 471 831 589 863; x_wconf 81' lang='grc' dir='ltr'>ἁπάσας.</span> <span class='ocrx_word' id='word_1_134' title='bbox 601 831 642 857; x_wconf 77' lang='grc' dir='ltr'>ἔτι</span> <span class='ocrx_word' id='word_1_135' title='bbox 655 831 683 858; x_wconf 82' lang='grc' dir='ltr'>δὲ</span> <span class='ocrx_word' id='word_1_136' title='bbox 693 831 783 858; x_wconf 80' lang='grc' dir='ltr'>καὶτὰ</span> <span class='ocrx_word' id='word_1_137' title='bbox 795 832 880 867; x_wconf 87' lang='grc' dir='ltr'>κτήνη</span> 
     </span>
    </p>
   </div>
   <div class='ocr_carea' id='block_1_20' title="bbox 91 877 880 915">
    <p class='ocr_par' dir='ltr' id='par_1_20' title="bbox 91 877 880 915">
     <span class='ocr_line' id='line_1_20' title="bbox 91 877 880 915; baseline 0 -9"><span class='ocrx_word' id='word_1_138' title='bbox 91 879 138 906; x_wconf 81' lang='grc' dir='ltr'>τοῦ</span> <span class='ocrx_word' id='word_1_139' title='bbox 162 879 263 911; x_wconf 79' lang='grc' dir='ltr'>πεδίου,</span> <span class='ocrx_word' id='word_1_140' title='bbox 283 889 292 905; x_wconf 73' lang='grc' dir='ltr'><strong>ι</strong></span> <span class='ocrx_word' id='word_1_141' title='bbox 307 879 356 915; x_wconf 82' lang='grc' dir='ltr'>τὴν</span> <span class='ocrx_word' id='word_1_142' title='bbox 372 877 453 913; x_wconf 80' lang='grc' dir='ltr'>φύσιν</span> <span class='ocrx_word' id='word_1_143' title='bbox 474 877 528 904; x_wconf 81' lang='grc' dir='ltr'>τῶν</span> <span class='ocrx_word' id='word_1_144' title='bbox 549 877 654 912; x_wconf 82' lang='grc' dir='ltr'>ἀλόγων</span> <span class='ocrx_word' id='word_1_145' title='bbox 675 879 708 913; x_wconf 84' lang='grc' dir='ltr'>τῇ</span> <span class='ocrx_word' id='word_1_146' title='bbox 729 878 809 913; x_wconf 81' lang='grc' dir='ltr'>φύσει</span> <span class='ocrx_word' id='word_1_147' title='bbox 827 879 880 906; x_wconf 83' lang='grc' dir='ltr'>τῶν</span> 
     </span>
    </p>
   </div>
   <div class='ocr_carea' id='block_1_21' title="bbox 91 924 879 962">
    <p class='ocr_par' dir='ltr' id='par_1_21' title="bbox 91 924 879 962">
     <span class='ocr_line' id='line_1_21' title="bbox 91 924 879 962; baseline -0.001 -10"><span class='ocrx_word' id='word_1_148' title='bbox 91 925 242 962; x_wconf 82' lang='grc' dir='ltr'>ἀνθρώπων</span> <span class='ocrx_word' id='word_1_149' title='bbox 257 925 457 952; x_wconf 74' lang='grc' dir='ltr'>ὑποτάσσεσθαι</span> <span class='ocrx_word' id='word_1_150' title='bbox 479 924 566 958; x_wconf 72' lang='grc' dir='ltr'>λέγειι</span> <span class='ocrx_word' id='word_1_151' title='bbox 590 924 699 952; x_wconf 77' lang='grc' dir='ltr'>Μαιεδ.</span> <span class='ocrx_word' id='word_1_152' title='bbox 725 925 789 952; x_wconf 78' lang='grc' dir='ltr'>Ναί.</span> <span class='ocrx_word' id='word_1_153' title='bbox 808 926 879 959; x_wconf 82' lang='lat' dir='ltr'><strong>&#39;Opl7.</strong></span> 
     </span>
    </p>
   </div>
   <div class='ocr_carea' id='block_1_22' title="bbox 97 971 882 1008">
    <p class='ocr_par' dir='ltr' id='par_1_22' title="bbox 97 971 882 1008">
     <span class='ocr_line' id='line_1_22' title="bbox 97 971 882 1008; baseline -0.001 -9"><span class='ocrx_word' id='word_1_154' title='bbox 97 972 236 1008; x_wconf 76' lang='grc' dir='ltr'>’Δνόμοιος</span> <span class='ocrx_word' id='word_1_155' title='bbox 246 973 275 999; x_wconf 79' lang='grc' dir='ltr'>δὲ</span> <span class='ocrx_word' id='word_1_156' title='bbox 288 974 304 1007; x_wconf 90' lang='grc' dir='ltr'><strong>ή</strong></span> <span class='ocrx_word' id='word_1_157' title='bbox 321 972 400 1007; x_wconf 78' lang='grc' dir='ltr'>φύσις</span> <span class='ocrx_word' id='word_1_158' title='bbox 412 971 465 998; x_wconf 83' lang='grc' dir='ltr'>τῶν</span> <span class='ocrx_word' id='word_1_159' title='bbox 479 971 585 1006; x_wconf 82' lang='grc' dir='ltr'>κτηνῶν</span> <span class='ocrx_word' id='word_1_160' title='bbox 596 973 629 1008; x_wconf 82' lang='grc' dir='ltr'>τῇ</span> <span class='ocrx_word' id='word_1_161' title='bbox 642 971 721 1006; x_wconf 82' lang='grc' dir='ltr'>φύσει</span> <span class='ocrx_word' id='word_1_162' title='bbox 731 973 764 1007; x_wconf 83' lang='grc' dir='ltr'><strong>τῇ</strong></span> <span class='ocrx_word' id='word_1_163' title='bbox 777 971 882 1007; x_wconf 80' lang='grc' dir='ltr'><strong>ἀνορω-</strong></span> 
     </span>
    </p>
   </div>
   <div class='ocr_carea' id='block_1_23' title="bbox 91 1017 881 1053">
    <p class='ocr_par' dir='ltr' id='par_1_23' title="bbox 91 1017 881 1053">
     <span class='ocr_line' id='line_1_23' title="bbox 91 1017 881 1053; baseline -0.001 -9"><span class='ocrx_word' id='word_1_164' title='bbox 91 1018 176 1053; x_wconf 82' lang='grc' dir='ltr'>πίνῃ;</span> <span class='ocrx_word' id='word_1_165' title='bbox 194 1017 306 1045; x_wconf 84' lang='grc' dir='ltr'>Μακεδ.</span> <span class='ocrx_word' id='word_1_166' title='bbox 334 1018 397 1045; x_wconf 86' lang='grc' dir='ltr'>Ναί.</span> <span class='ocrx_word' id='word_1_167' title='bbox 425 1018 498 1052; x_wconf 80' lang='grc' dir='ltr'>Ὀρθ.</span> <span class='ocrx_word' id='word_1_168' title='bbox 528 1017 590 1044; x_wconf 76' lang='grc' dir='ltr'>Ἐὰν</span> <span class='ocrx_word' id='word_1_169' title='bbox 613 1017 690 1052; x_wconf 84' lang='grc' dir='ltr'>λέγῃ.</span> <span class='ocrx_word' id='word_1_170' title='bbox 715 1027 725 1043; x_wconf 76' lang='grc' dir='ltr'><strong>ι</strong></span> <span class='ocrx_word' id='word_1_171' title='bbox 749 1017 881 1050; x_wconf 80' lang='grc' dir='ltr'>’Υπέταξε</span> 
     </span>
    </p>
   </div>
   <div class='ocr_carea' id='block_1_24' title="bbox 90 1062 882 1099">
    <p class='ocr_par' dir='ltr' id='par_1_24' title="bbox 90 1062 882 1099">
     <span class='ocr_line' id='line_1_24' title="bbox 90 1062 882 1099; baseline 0 -10"><span class='ocrx_word' id='word_1_172' title='bbox 90 1063 172 1092; x_wconf 76' lang='grc' dir='ltr'>λαοὺς</span> <span class='ocrx_word' id='word_1_173' title='bbox 186 1064 252 1098; x_wconf 83' lang='grc' dir='ltr'>ἡμῖν</span> <span class='ocrx_word' id='word_1_174' title='bbox 269 1063 316 1089; x_wconf 76' lang='grc' dir='ltr'>καὶ</span> <span class='ocrx_word' id='word_1_175' title='bbox 330 1062 393 1098; x_wconf 78' lang='grc' dir='ltr'>ἔθνη</span> <span class='ocrx_word' id='word_1_176' title='bbox 411 1063 463 1089; x_wconf 76' lang='grc' dir='ltr'>ὑπὸ</span> <span class='ocrx_word' id='word_1_177' title='bbox 476 1063 538 1094; x_wconf 85' lang='grc' dir='ltr'>τοὺς</span> <span class='ocrx_word' id='word_1_178' title='bbox 556 1062 639 1094; x_wconf 84' lang='grc' dir='ltr'>πόδας</span> <span class='ocrx_word' id='word_1_179' title='bbox 653 1062 741 1098; x_wconf 86' lang='grc' dir='ltr'>ήμῶν,</span> <span class='ocrx_word' id='word_1_180' title='bbox 758 1072 767 1088; x_wconf 79' lang='grc' dir='ltr'><strong>ι</strong></span> <span class='ocrx_word' id='word_1_181' title='bbox 788 1063 820 1089; x_wconf 87' lang='grc' dir='ltr'><strong>οὑ</strong></span> <span class='ocrx_word' id='word_1_182' title='bbox 833 1062 882 1099; x_wconf 76' lang='grc' dir='ltr'><strong>τὴν</strong></span> 
     </span>
    </p>
   </div>
   <div class='ocr_carea' id='block_1_25' title="bbox 92 1110 882 1147">
    <p class='ocr_par' dir='ltr' id='par_1_25' title="bbox 92 1110 882 1147">
     <span class='ocr_line' id='line_1_25' title="bbox 92 1110 882 1147; baseline -0.001 -9"><span class='ocrx_word' id='word_1_183' title='bbox 92 1111 172 1146; x_wconf 75' lang='grc' dir='ltr'>φύσιν</span> <span class='ocrx_word' id='word_1_184' title='bbox 181 1113 213 1147; x_wconf 86' lang='grc' dir='ltr'>τῇ</span> <span class='ocrx_word' id='word_1_185' title='bbox 227 1111 307 1146; x_wconf 77' lang='grc' dir='ltr'>φύσει</span> <span class='ocrx_word' id='word_1_186' title='bbox 321 1111 405 1146; x_wconf 82' lang='grc' dir='ltr'>λέγει,</span> <span class='ocrx_word' id='word_1_187' title='bbox 418 1111 485 1138; x_wconf 79' lang='grc' dir='ltr'>ἀλλὰ</span> <span class='ocrx_word' id='word_1_188' title='bbox 495 1111 544 1146; x_wconf 91' lang='grc' dir='ltr'>τὴν</span> <span class='ocrx_word' id='word_1_189' title='bbox 552 1111 602 1146; x_wconf 80' lang='grc' dir='ltr'>τῆς</span> <span class='ocrx_word' id='word_1_190' title='bbox 614 1111 750 1146; x_wconf 82' lang='grc' dir='ltr'>ἁμαρτίας</span> <span class='ocrx_word' id='word_1_191' title='bbox 761 1110 882 1137; x_wconf 81' lang='grc' dir='ltr'>δουλείαν</span> 
     </span>
    </p>
   </div>
   <div class='ocr_carea' id='block_1_26' title="bbox 90 1156 881 1194">
    <p class='ocr_par' dir='ltr' id='par_1_26' title="bbox 90 1156 881 1194">
     <span class='ocr_line' id='line_1_26' title="bbox 90 1156 881 1194; baseline -0.001 -10"><span class='ocrx_word' id='word_1_192' title='bbox 90 1159 124 1194; x_wconf 81' lang='grc' dir='ltr'>τῇ</span> <span class='ocrx_word' id='word_1_193' title='bbox 137 1157 278 1193; x_wconf 76' lang='grc' dir='ltr'>ἐλευθερίᾳ</span> <span class='ocrx_word' id='word_1_194' title='bbox 293 1157 343 1192; x_wconf 81' lang='grc' dir='ltr'><strong>τῆς</strong></span> <span class='ocrx_word' id='word_1_195' title='bbox 361 1157 495 1190; x_wconf 80' lang='grc' dir='ltr'>πίστεως;</span> <span class='ocrx_word' id='word_1_196' title='bbox 509 1156 620 1184; x_wconf 81' lang='grc' dir='ltr'>Μακεδ.</span> <span class='ocrx_word' id='word_1_197' title='bbox 638 1157 700 1183; x_wconf 86' lang='grc' dir='ltr'>Ναί.</span> <span class='ocrx_word' id='word_1_198' title='bbox 724 1158 797 1191; x_wconf 83' lang='grc' dir='ltr'>Ὀρθ.</span> <span class='ocrx_word' id='word_1_199' title='bbox 816 1157 881 1184; x_wconf 81' lang='grc' dir='ltr'><strong>Ἀλ-</strong></span> 
     </span>
    </p>
   </div>
   <div class='ocr_carea' id='block_1_27' title="bbox 90 1198 883 1240">
    <p class='ocr_par' dir='ltr' id='par_1_27' title="bbox 90 1198 883 1240">
     <span class='ocr_line' id='line_1_27' title="bbox 90 1198 883 1240; baseline 0 -10"><span class='ocrx_word' id='word_1_200' title='bbox 90 1204 145 1234; x_wconf 70' lang='lat' dir='ltr'><strong>he;</strong></span> <span class='ocrx_word' id='word_1_201' title='bbox 159 1201 205 1231; x_wconf 73' lang='grc' dir='ltr'>οὖν</span> <span class='ocrx_word' id='word_1_202' title='bbox 219 1205 286 1239; x_wconf 84' lang='grc' dir='ltr'>ήμῖν</span> <span class='ocrx_word' id='word_1_203' title='bbox 307 1198 341 1230; x_wconf 82' lang='grc' dir='ltr'><strong>τᾶ</strong></span> <span class='ocrx_word' id='word_1_204' title='bbox 356 1205 442 1240; x_wconf 82' lang='grc' dir='ltr'>κτήνη</span> <span class='ocrx_word' id='word_1_205' title='bbox 459 1203 652 1236; x_wconf 83' lang='grc' dir='ltr'>ὑποτάσσεται,</span> <span class='ocrx_word' id='word_1_206' title='bbox 676 1203 722 1230; x_wconf 71' lang='grc' dir='ltr'>καὶ</span> <span class='ocrx_word' id='word_1_207' title='bbox 738 1203 826 1235; x_wconf 80' lang='grc' dir='ltr'>ἄλλως</span> <span class='ocrx_word' id='word_1_208' title='bbox 847 1203 883 1230; x_wconf 85' lang='grc' dir='ltr'><strong>τὰ</strong></span> 
     </span>
    </p>
   </div>
   <div class='ocr_carea' id='block_1_28' title="bbox 91 1249 881 1286">
    <p class='ocr_par' dir='ltr' id='par_1_28' title="bbox 91 1249 881 1286">
     <span class='ocr_line' id='line_1_28' title="bbox 91 1249 881 1286; baseline 0 -9"><span class='ocrx_word' id='word_1_209' title='bbox 91 1251 154 1286; x_wconf 72' lang='grc' dir='ltr'>ἔθνη</span> <span class='ocrx_word' id='word_1_210' title='bbox 169 1260 175 1283; x_wconf 83' lang='grc'>;</span> <span class='ocrx_word' id='word_1_211' title='bbox 189 1250 300 1278; x_wconf 83' lang='grc' dir='ltr'>Μιικεδ.</span> <span class='ocrx_word' id='word_1_212' title='bbox 318 1250 381 1278; x_wconf 87' lang='grc' dir='ltr'>Ναί.</span> <span class='ocrx_word' id='word_1_213' title='bbox 409 1251 482 1284; x_wconf 87' lang='grc' dir='ltr'>Ὀρθ.</span> <span class='ocrx_word' id='word_1_214' title='bbox 502 1250 564 1276; x_wconf 79' lang='grc' dir='ltr'>Ἐὰν</span> <span class='ocrx_word' id='word_1_215' title='bbox 584 1249 650 1285; x_wconf 79' lang='grc' dir='ltr'>λέγῃ</span> <span class='ocrx_word' id='word_1_216' title='bbox 665 1250 682 1285; x_wconf 87' lang='grc' dir='ltr'><strong>ἠ</strong></span> <span class='ocrx_word' id='word_1_217' title='bbox 697 1250 803 1286; x_wconf 76' lang='grc' dir='ltr'>Γραφὴ,</span> <span class='ocrx_word' id='word_1_218' title='bbox 821 1259 830 1276; x_wconf 77' lang='grc' dir='ltr'><strong>ι</strong></span> <span class='ocrx_word' id='word_1_219' title='bbox 850 1251 881 1277; x_wconf 89' lang='grc' dir='ltr'>Οἱ</span> 
     </span>
    </p>
   </div>
   <div class='ocr_carea' id='block_1_29' title="bbox 90 1297 881 1333">
    <p class='ocr_par' dir='ltr' id='par_1_29' title="bbox 90 1297 881 1333">
     <span class='ocr_line' id='line_1_29' title="bbox 90 1297 881 1333; baseline -0.001 -9"><span class='ocrx_word' id='word_1_220' title='bbox 90 1297 178 1324; x_wconf 83' lang='grc' dir='ltr'>δοῦλοι</span> <span class='ocrx_word' id='word_1_221' title='bbox 199 1297 413 1333; x_wconf 75' lang='grc' dir='ltr'>ὑποτασσόμενοι</span> <span class='ocrx_word' id='word_1_222' title='bbox 434 1298 490 1329; x_wconf 86' lang='grc' dir='ltr'>τοῖς</span> <span class='ocrx_word' id='word_1_223' title='bbox 513 1297 584 1324; x_wconf 74' lang='grc' dir='ltr'>κατὰ</span> <span class='ocrx_word' id='word_1_224' title='bbox 606 1297 696 1332; x_wconf 82' lang='grc' dir='ltr'>σάρκα</span> <span class='ocrx_word' id='word_1_225' title='bbox 717 1297 830 1333; x_wconf 86' lang='grc' dir='ltr'>κυρίοις,</span> <span class='ocrx_word' id='word_1_226' title='bbox 850 1298 881 1324; x_wconf 88' lang='grc' dir='ltr'>οὺ</span> 
     </span>
    </p>
   </div>
   <div class='ocr_carea' id='block_1_30' title="bbox 92 1342 882 1379">
    <p class='ocr_par' dir='ltr' id='par_1_30' title="bbox 92 1342 882 1379">
     <span class='ocr_line' id='line_1_30' title="bbox 92 1342 882 1379; baseline -0.001 -9"><span class='ocrx_word' id='word_1_227' title='bbox 92 1343 173 1379; x_wconf 74' lang='grc' dir='ltr'>μόνον</span> <span class='ocrx_word' id='word_1_228' title='bbox 192 1345 249 1376; x_wconf 83' lang='grc' dir='ltr'>τοῖς</span> <span class='ocrx_word' id='word_1_229' title='bbox 271 1343 383 1378; x_wconf 76' lang='grc' dir='ltr'>ἀγαθοῖς</span> <span class='ocrx_word' id='word_1_230' title='bbox 418 1344 465 1370; x_wconf 72' lang='grc' dir='ltr'>καὶ</span> <span class='ocrx_word' id='word_1_231' title='bbox 487 1343 646 1376; x_wconf 76' lang='grc' dir='ltr'>ἐπιεικέσιν,</span> <span class='ocrx_word' id='word_1_232' title='bbox 672 1342 740 1369; x_wconf 82' lang='grc' dir='ltr'>ἀλλὰ</span> <span class='ocrx_word' id='word_1_233' title='bbox 759 1344 806 1370; x_wconf 76' lang='grc' dir='ltr'>καὶ</span> <span class='ocrx_word' id='word_1_234' title='bbox 825 1344 882 1375; x_wconf 84' lang='grc' dir='ltr'>τοῖς</span> 
     </span>
    </p>
   </div>
   <div class='ocr_carea' id='block_1_31' title="bbox 93 1389 883 1425">
    <p class='ocr_par' dir='ltr' id='par_1_31' title="bbox 93 1389 883 1425">
     <span class='ocr_line' id='line_1_31' title="bbox 93 1389 883 1425; baseline -0.001 -9"><span class='ocrx_word' id='word_1_235' title='bbox 93 1390 219 1422; x_wconf 77' lang='grc' dir='ltr'>σκολιοῖς,</span> <span class='ocrx_word' id='word_1_236' title='bbox 236 1400 245 1416; x_wconf 73' lang='grc' dir='ltr'><strong>ι</strong></span> <span class='ocrx_word' id='word_1_237' title='bbox 263 1390 350 1422; x_wconf 80' lang='grc' dir='ltr'>ἄλλως</span> <span class='ocrx_word' id='word_1_238' title='bbox 369 1389 403 1416; x_wconf 79' lang='grc' dir='ltr'><strong>τὰ</strong></span> <span class='ocrx_word' id='word_1_239' title='bbox 416 1389 513 1425; x_wconf 83' lang='grc' dir='ltr'>κτήνη,</span> <span class='ocrx_word' id='word_1_240' title='bbox 531 1389 577 1416; x_wconf 77' lang='grc' dir='ltr'>καὶ</span> <span class='ocrx_word' id='word_1_241' title='bbox 597 1389 684 1421; x_wconf 79' lang='grc' dir='ltr'>ἄλλως</span> <span class='ocrx_word' id='word_1_242' title='bbox 698 1389 732 1416; x_wconf 76' lang='grc' dir='ltr'><strong>τὰ</strong></span> <span class='ocrx_word' id='word_1_243' title='bbox 746 1389 819 1425; x_wconf 80' lang='grc' dir='ltr'>ἔθνη,</span> <span class='ocrx_word' id='word_1_244' title='bbox 835 1390 883 1416; x_wconf 77' lang='grc' dir='ltr'>καὶ</span> 
     </span>
    </p>
   </div>
   <div class='ocr_carea' id='block_1_32' title="bbox 91 1435 881 1472">
    <p class='ocr_par' dir='ltr' id='par_1_32' title="bbox 91 1435 881 1472">
     <span class='ocr_line' id='line_1_32' title="bbox 91 1435 881 1472; baseline -0.003 -8"><span class='ocrx_word' id='word_1_245' title='bbox 91 1437 180 1469; x_wconf 70' lang='grc' dir='ltr'>ἄλλως</span> <span class='ocrx_word' id='word_1_246' title='bbox 195 1438 219 1464; x_wconf 84' lang='grc' dir='ltr'>οἱ</span> <span class='ocrx_word' id='word_1_247' title='bbox 237 1436 335 1463; x_wconf 79' lang='grc' dir='ltr'>δοῦλοι·</span> <span class='ocrx_word' id='word_1_248' title='bbox 351 1435 385 1463; x_wconf 80' lang='grc' dir='ltr'><strong>τὰ</strong></span> <span class='ocrx_word' id='word_1_249' title='bbox 399 1435 454 1472; x_wconf 82' lang='grc' dir='ltr'><strong>γὰρ</strong></span> <span class='ocrx_word' id='word_1_250' title='bbox 469 1436 554 1471; x_wconf 86' lang='grc' dir='ltr'>κτήνη</span> <span class='ocrx_word' id='word_1_251' title='bbox 573 1437 605 1471; x_wconf 85' lang='grc' dir='ltr'>τῇ</span> <span class='ocrx_word' id='word_1_252' title='bbox 620 1436 711 1470; x_wconf 77' lang='grc' dir='ltr'>φύσει,</span> <span class='ocrx_word' id='word_1_253' title='bbox 725 1435 759 1462; x_wconf 76' lang='grc' dir='ltr'><strong>τὰ</strong></span> <span class='ocrx_word' id='word_1_254' title='bbox 774 1435 838 1471; x_wconf 77' lang='grc' dir='ltr'>ἔθνη</span> <span class='ocrx_word' id='word_1_255' title='bbox 847 1437 881 1471; x_wconf 81' lang='grc' dir='ltr'><strong>τῇ</strong></span> 
     </span>
    </p>
   </div>
   <div class='ocr_carea' id='block_1_33' title="bbox 93 1481 882 1518">
    <p class='ocr_par' dir='ltr' id='par_1_33' title="bbox 93 1481 882 1518">
     <span class='ocr_line' id='line_1_33' title="bbox 93 1481 882 1518; baseline -0.004 -7"><span class='ocrx_word' id='word_1_256' title='bbox 93 1483 195 1514; x_wconf 74' lang='grc' dir='ltr'>πίστει,</span> <span class='ocrx_word' id='word_1_257' title='bbox 207 1484 230 1510; x_wconf 80' lang='grc' dir='ltr'>οἱ</span> <span class='ocrx_word' id='word_1_258' title='bbox 243 1482 331 1509; x_wconf 81' lang='grc' dir='ltr'>δοῦλοι</span> <span class='ocrx_word' id='word_1_259' title='bbox 342 1483 380 1518; x_wconf 85' lang='grc' dir='ltr'>τῷ</span> <span class='ocrx_word' id='word_1_260' title='bbox 390 1483 475 1518; x_wconf 86' lang='grc' dir='ltr'>νόμῳ.</span> <span class='ocrx_word' id='word_1_261' title='bbox 493 1483 624 1518; x_wconf 76' lang='grc' dir='ltr'>Ἐγχωρεῖ</span> <span class='ocrx_word' id='word_1_262' title='bbox 637 1482 691 1518; x_wconf 83' lang='grc' dir='ltr'>γὰρ</span> <span class='ocrx_word' id='word_1_263' title='bbox 701 1483 763 1514; x_wconf 79' lang='grc' dir='ltr'>τοὺς</span> <span class='ocrx_word' id='word_1_264' title='bbox 773 1481 882 1514; x_wconf 80' lang='grc' dir='ltr'>δούλους</span> 
     </span>
    </p>
   </div>
   <div class='ocr_carea' id='block_1_34' title="bbox 931 230 1719 268">
    <p class='ocr_par' dir='ltr' id='par_1_34' title="bbox 931 230 1719 268">
     <span class='ocr_line' id='line_1_34' title="bbox 931 230 1719 268; baseline 0 -8"><span class='ocrx_word' id='word_1_265' title='bbox 931 234 1024 268; x_wconf 79' lang='lat' dir='ltr'><strong>igitur,</strong></span> <span class='ocrx_word' id='word_1_266' title='bbox 1040 241 1092 261; x_wconf 92' lang='lat' dir='ltr'><strong>nec</strong></span> <span class='ocrx_word' id='word_1_267' title='bbox 1115 232 1221 260; x_wconf 89' lang='lat' dir='ltr'><strong>calidus</strong></span> <span class='ocrx_word' id='word_1_268' title='bbox 1245 239 1285 265; x_wconf 80' lang='lat' dir='ltr'><strong>es,</strong></span> <span class='ocrx_word' id='word_1_269' title='bbox 1313 236 1344 258; x_wconf 88' lang='lat' dir='ltr'><strong>ut</strong></span> <span class='ocrx_word' id='word_1_270' title='bbox 1372 230 1514 266; x_wconf 73' lang='lat' dir='ltr'><strong>Scriptura</strong></span> <span class='ocrx_word' id='word_1_271' title='bbox 1541 232 1719 267; x_wconf 85' lang='lat' dir='ltr'><strong>loquitur:si</strong></span> 
     </span>
    </p>
   </div>
   <div class='ocr_carea' id='block_1_35' title="bbox 931 277 1718 314">
    <p class='ocr_par' dir='ltr' id='par_1_35' title="bbox 931 277 1718 314">
     <span class='ocr_line' id='line_1_35' title="bbox 931 277 1718 314; baseline 0 -8"><span class='ocrx_word' id='word_1_272' title='bbox 931 280 1003 306; x_wconf 86' lang='lat' dir='ltr'><strong>enim</strong></span> <span class='ocrx_word' id='word_1_273' title='bbox 1018 278 1133 314; x_wconf 77' lang='lat' dir='ltr'><strong>frigidus</strong></span> <span class='ocrx_word' id='word_1_274' title='bbox 1148 285 1235 309; x_wconf 81' lang='lat' dir='ltr'><strong>esses,</strong></span> <span class='ocrx_word' id='word_1_275' title='bbox 1253 282 1367 304; x_wconf 85' lang='lat' dir='ltr'><strong>naturas</strong></span> <span class='ocrx_word' id='word_1_276' title='bbox 1388 277 1538 305; x_wconf 83' lang='lat' dir='ltr'><strong>dissimiles</strong></span> <span class='ocrx_word' id='word_1_277' title='bbox 1560 278 1656 313; x_wconf 85' lang='lat' dir='ltr'><strong>utique</strong></span> <span class='ocrx_word' id='word_1_278' title='bbox 1675 278 1718 306; x_wconf 88' lang='lat' dir='ltr'><strong>di-</strong></span> 
     </span>
    </p>
   </div>
   <div class='ocr_carea' id='block_1_36' title="bbox 931 324 1718 358">
    <p class='ocr_par' dir='ltr' id='par_1_36' title="bbox 931 324 1718 358">
     <span class='ocr_line' id='line_1_36' title="bbox 931 324 1718 358; baseline 0 -6"><span class='ocrx_word' id='word_1_279' title='bbox 931 333 1025 358; x_wconf 73' lang='lat' dir='ltr'><strong>ceres;</strong></span> <span class='ocrx_word' id='word_1_280' title='bbox 1052 325 1094 352; x_wconf 89' lang='lat' dir='ltr'><strong>sin</strong></span> <span class='ocrx_word' id='word_1_281' title='bbox 1117 332 1183 352; x_wconf 90' lang='lat' dir='ltr'><strong>vero</strong></span> <span class='ocrx_word' id='word_1_282' title='bbox 1208 325 1323 356; x_wconf 89' lang='lat' dir='ltr'><strong>calidus,</strong></span> <span class='ocrx_word' id='word_1_283' title='bbox 1349 331 1396 351; x_wconf 84' lang='lat' dir='ltr'><strong>eas</strong></span> <span class='ocrx_word' id='word_1_284' title='bbox 1419 331 1466 358; x_wconf 80' lang='lat' dir='ltr'><strong>per</strong></span> <span class='ocrx_word' id='word_1_285' title='bbox 1488 325 1580 351; x_wconf 80' lang='lat' dir='ltr'><strong>omnia</strong></span> <span class='ocrx_word' id='word_1_286' title='bbox 1604 324 1718 352; x_wconf 79' lang='lat' dir='ltr'><strong>similes.</strong></span> 
     </span>
    </p>
   </div>
   <div class='ocr_carea' id='block_1_37' title="bbox 933 371 1717 399">
    <p class='ocr_par' dir='ltr' id='par_1_37' title="bbox 933 371 1717 399">
     <span class='ocr_line' id='line_1_37' title="bbox 933 371 1717 399; baseline -0.001 -1"><span class='ocrx_word' id='word_1_287' title='bbox 933 371 1036 398; x_wconf 81' lang='lat' dir='ltr'><strong>Maced.</strong></span> <span class='ocrx_word' id='word_1_288' title='bbox 1051 371 1113 398; x_wconf 87' lang='lat' dir='ltr'><strong>Filii</strong></span> <span class='ocrx_word' id='word_1_289' title='bbox 1127 371 1189 398; x_wconf 85' lang='lat' dir='ltr'><strong>dico</strong></span> <span class='ocrx_word' id='word_1_290' title='bbox 1202 372 1358 399; x_wconf 74' lang='lat' dir='ltr'><strong>nullatenus</strong></span> <span class='ocrx_word' id='word_1_291' title='bbox 1374 371 1542 398; x_wconf 79' lang='lat' dir='ltr'><strong>diﬂ&#39;erenlem</strong></span> <span class='ocrx_word' id='word_1_292' title='bbox 1561 379 1622 398; x_wconf 87' lang='lat' dir='ltr'><strong>esse</strong></span> <span class='ocrx_word' id='word_1_293' title='bbox 1638 374 1717 398; x_wconf 86' lang='lat' dir='ltr'><strong>natu-</strong></span> 
     </span>
    </p>
   </div>
   <div class='ocr_carea' id='block_1_38' title="bbox 932 415 1716 452">
    <p class='ocr_par' dir='ltr' id='par_1_38' title="bbox 932 415 1716 452">
     <span class='ocr_line' id='line_1_38' title="bbox 932 415 1716 452; baseline 0.001 -9"><span class='ocrx_word' id='word_1_294' title='bbox 932 424 1002 443; x_wconf 89' lang='lat' dir='ltr'><strong>ram.</strong></span> <span class='ocrx_word' id='word_1_295' title='bbox 1024 416 1100 444; x_wconf 76' lang='lat' dir='ltr'><strong>Ortlt.</strong></span> <span class='ocrx_word' id='word_1_296' title='bbox 1113 415 1216 443; x_wconf 80' lang='lat' dir='ltr'><strong>Natura</strong></span> <span class='ocrx_word' id='word_1_297' title='bbox 1230 425 1295 444; x_wconf 86' lang='lat' dir='ltr'><strong>vero</strong></span> <span class='ocrx_word' id='word_1_298' title='bbox 1309 424 1323 443; x_wconf 88' lang='lat' dir='ltr'><strong>a</strong></span> <span class='ocrx_word' id='word_1_299' title='bbox 1340 421 1437 444; x_wconf 87' lang='lat' dir='ltr'><strong>natura</strong></span> <span class='ocrx_word' id='word_1_300' title='bbox 1454 417 1521 444; x_wconf 87' lang='lat' dir='ltr'><strong>nihil</strong></span> <span class='ocrx_word' id='word_1_301' title='bbox 1538 425 1651 452; x_wconf 84' lang='lat' dir='ltr'><strong>prorsus</strong></span> <span class='ocrx_word' id='word_1_302' title='bbox 1662 416 1716 444; x_wconf 82' lang='lat' dir='ltr'><strong>dif—</strong></span> 
     </span>
    </p>
   </div>
   <div class='ocr_carea' id='block_1_39' title="bbox 933 462 1717 491">
    <p class='ocr_par' dir='ltr' id='par_1_39' title="bbox 933 462 1717 491">
     <span class='ocr_line' id='line_1_39' title="bbox 933 462 1717 491; baseline 0.001 -2"><span class='ocrx_word' id='word_1_303' title='bbox 933 462 1024 490; x_wconf 82' lang='lat' dir='ltr'><strong>ferens</strong></span> <span class='ocrx_word' id='word_1_304' title='bbox 1037 463 1130 490; x_wconf 87' lang='lat' dir='ltr'><strong>eadem</strong></span> <span class='ocrx_word' id='word_1_305' title='bbox 1145 466 1187 491; x_wconf 89' lang='lat' dir='ltr'><strong>est</strong></span> <span class='ocrx_word' id='word_1_306' title='bbox 1204 464 1322 490; x_wconf 86' lang='lat' dir='ltr'><strong>natura?</strong></span> <span class='ocrx_word' id='word_1_307' title='bbox 1336 462 1522 491; x_wconf 88' lang='lat' dir='ltr'><strong>Consimiliter</strong></span> <span class='ocrx_word' id='word_1_308' title='bbox 1532 463 1604 490; x_wconf 87' lang='lat' dir='ltr'><strong>enim</strong></span> <span class='ocrx_word' id='word_1_309' title='bbox 1615 468 1656 491; x_wconf 89' lang='lat' dir='ltr'><strong>est</strong></span> <span class='ocrx_word' id='word_1_310' title='bbox 1667 464 1717 490; x_wconf 86' lang='lat' dir='ltr'><strong>itn—</strong></span> 
     </span>
    </p>
   </div>
   <div class='ocr_carea' id='block_1_40' title="bbox 932 509 1718 541">
    <p class='ocr_par' dir='ltr' id='par_1_40' title="bbox 932 509 1718 541">
     <span class='ocr_line' id='line_1_40' title="bbox 932 509 1718 541; baseline 0.003 -6"><span class='ocrx_word' id='word_1_311' title='bbox 932 509 1068 539; x_wconf 76' lang='lat' dir='ltr'><strong>mortalis.</strong></span> <span class='ocrx_word' id='word_1_312' title='bbox 1084 509 1264 536; x_wconf 79' lang='lat' dir='ltr'><strong>consimiliter</strong></span> <span class='ocrx_word' id='word_1_313' title='bbox 1278 513 1319 536; x_wconf 82' lang='lat' dir='ltr'><strong>est</strong></span> <span class='ocrx_word' id='word_1_314' title='bbox 1336 512 1459 541; x_wconf 83' lang='lat' dir='ltr'><strong>sanctus,</strong></span> <span class='ocrx_word' id='word_1_315' title='bbox 1482 510 1663 537; x_wconf 84' lang='lat' dir='ltr'><strong>consimiliter</strong></span> <span class='ocrx_word' id='word_1_316' title='bbox 1675 514 1718 537; x_wconf 84' lang='lat' dir='ltr'><strong>est</strong></span> 
     </span>
    </p>
   </div>
   <div class='ocr_carea' id='block_1_41' title="bbox 933 554 1718 589">
    <p class='ocr_par' dir='ltr' id='par_1_41' title="bbox 933 554 1718 589">
     <span class='ocr_line' id='line_1_41' title="bbox 933 554 1718 589; baseline 0.001 -8"><span class='ocrx_word' id='word_1_317' title='bbox 933 555 1161 589; x_wconf 88' lang='lat' dir='ltr'><strong>incorruptibilis,</strong></span> <span class='ocrx_word' id='word_1_318' title='bbox 1177 555 1359 581; x_wconf 88' lang='lat' dir='ltr'><strong>consimiliter</strong></span> <span class='ocrx_word' id='word_1_319' title='bbox 1371 559 1413 582; x_wconf 87' lang='lat' dir='ltr'><strong>est</strong></span> <span class='ocrx_word' id='word_1_320' title='bbox 1429 555 1619 582; x_wconf 82' lang='lat' dir='ltr'><strong>immutabilis.</strong></span> <span class='ocrx_word' id='word_1_321' title='bbox 1637 554 1718 582; x_wconf 88' lang='lat' dir='ltr'><strong>Pater</strong></span> 
     </span>
    </p>
   </div>
   <div class='ocr_carea' id='block_1_42' title="bbox 933 599 1718 634">
    <p class='ocr_par' dir='ltr' id='par_1_42' title="bbox 933 599 1718 634">
     <span class='ocr_line' id='line_1_42' title="bbox 933 599 1718 634; baseline -0.001 -7"><span class='ocrx_word' id='word_1_322' title='bbox 933 606 1034 632; x_wconf 86' lang='lat' dir='ltr'><strong>autem,</strong></span> <span class='ocrx_word' id='word_1_323' title='bbox 1049 600 1135 627; x_wconf 85' lang='lat' dir='ltr'><strong>Filius</strong></span> <span class='ocrx_word' id='word_1_324' title='bbox 1160 603 1188 627; x_wconf 92' lang='lat' dir='ltr'><strong>et</strong></span> <span class='ocrx_word' id='word_1_325' title='bbox 1203 599 1322 634; x_wconf 85' lang='lat' dir='ltr'><strong>Spiritus</strong></span> <span class='ocrx_word' id='word_1_326' title='bbox 1334 603 1446 626; x_wconf 74' lang='lat' dir='ltr'><strong>sant-tus</strong></span> <span class='ocrx_word' id='word_1_327' title='bbox 1461 603 1526 626; x_wconf 88' lang='lat' dir='ltr'><strong>sunt</strong></span> <span class='ocrx_word' id='word_1_328' title='bbox 1537 600 1718 628; x_wconf 81' lang='lat' dir='ltr'><strong>consimiliter</strong></span> 
     </span>
    </p>
   </div>
   <div class='ocr_carea' id='block_1_43' title="bbox 932 646 1716 682">
    <p class='ocr_par' dir='ltr' id='par_1_43' title="bbox 932 646 1716 682">
     <span class='ocr_line' id='line_1_43' title="bbox 932 646 1716 682; baseline -0.001 -7"><span class='ocrx_word' id='word_1_329' title='bbox 932 655 963 675; x_wconf 87' lang='lat' dir='ltr'><strong>ea</strong></span> <span class='ocrx_word' id='word_1_330' title='bbox 977 655 1037 682; x_wconf 77' lang='lat' dir='ltr'><strong>qua:</strong></span> <span class='ocrx_word' id='word_1_331' title='bbox 1053 647 1126 674; x_wconf 82' lang='lat' dir='ltr'><strong>dicta</strong></span> <span class='ocrx_word' id='word_1_332' title='bbox 1144 650 1217 674; x_wconf 87' lang='lat' dir='ltr'><strong>sunt.</strong></span> <span class='ocrx_word' id='word_1_333' title='bbox 1237 646 1295 674; x_wconf 87' lang='lat' dir='ltr'><strong>Una</strong></span> <span class='ocrx_word' id='word_1_334' title='bbox 1316 647 1410 681; x_wconf 78' lang='lat' dir='ltr'><strong>igitur,</strong></span> <span class='ocrx_word' id='word_1_335' title='bbox 1431 646 1539 674; x_wconf 82' lang='lat' dir='ltr'><strong>ratione</strong></span> <span class='ocrx_word' id='word_1_336' title='bbox 1555 647 1716 678; x_wconf 85' lang='lat' dir='ltr'><strong>identitatis.</strong></span> 
     </span>
    </p>
   </div>
   <div class='ocr_carea' id='block_1_44' title="bbox 932 692 1717 728">
    <p class='ocr_par' dir='ltr' id='par_1_44' title="bbox 932 692 1717 728">
     <span class='ocr_line' id='line_1_44' title="bbox 932 692 1717 728; baseline 0 -6"><span class='ocrx_word' id='word_1_337' title='bbox 932 698 974 722; x_wconf 92' lang='lat' dir='ltr'><strong>est</strong></span> <span class='ocrx_word' id='word_1_338' title='bbox 989 698 1097 721; x_wconf 89' lang='lat' dir='ltr'><strong>natura.</strong></span> <span class='ocrx_word' id='word_1_339' title='bbox 1121 692 1226 721; x_wconf 65' lang='lat' dir='ltr'><strong>Hand.</strong></span> <span class='ocrx_word' id='word_1_340' title='bbox 1241 693 1275 720; x_wconf 77' lang='lat' dir='ltr'><strong>At</strong></span> <span class='ocrx_word' id='word_1_341' title='bbox 1289 692 1388 720; x_wconf 88' lang='lat' dir='ltr'><strong>Filium</strong></span> <span class='ocrx_word' id='word_1_342' title='bbox 1403 692 1476 720; x_wconf 86' lang='lat' dir='ltr'><strong>Patri</strong></span> <span class='ocrx_word' id='word_1_343' title='bbox 1491 693 1643 728; x_wconf 76' lang='lat' dir='ltr'><strong>subjectum</strong></span> <span class='ocrx_word' id='word_1_344' title='bbox 1656 701 1717 722; x_wconf 78' lang='lat' dir='ltr'><strong>esse</strong></span> 
     </span>
    </p>
   </div>
   <div class='ocr_carea' id='block_1_45' title="bbox 931 740 1716 776">
    <p class='ocr_par' dir='ltr' id='par_1_45' title="bbox 931 740 1716 776">
     <span class='ocr_line' id='line_1_45' title="bbox 931 740 1716 776; baseline 0 -9"><span class='ocrx_word' id='word_1_345' title='bbox 931 740 1164 776; x_wconf 88' lang='lat' dir='ltr'><strong>dico:quomodo</strong></span> <span class='ocrx_word' id='word_1_346' title='bbox 1187 740 1270 774; x_wconf 79' lang='lat' dir='ltr'><strong>igitur</strong></span> <span class='ocrx_word' id='word_1_347' title='bbox 1291 747 1374 767; x_wconf 85' lang='lat' dir='ltr'><strong>uuam</strong></span> <span class='ocrx_word' id='word_1_348' title='bbox 1398 743 1524 766; x_wconf 86' lang='lat' dir='ltr'><strong>naturam</strong></span> <span class='ocrx_word' id='word_1_349' title='bbox 1545 747 1657 775; x_wconf 88' lang='lat' dir='ltr'><strong>possum</strong></span> <span class='ocrx_word' id='word_1_350' title='bbox 1674 740 1716 767; x_wconf 91' lang='lat' dir='ltr'><strong>di-</strong></span> 
     </span>
    </p>
   </div>
   <div class='ocr_carea' id='block_1_46' title="bbox 931 785 1719 822">
    <p class='ocr_par' dir='ltr' id='par_1_46' title="bbox 931 785 1719 822">
     <span class='ocr_line' id='line_1_46' title="bbox 931 785 1719 822; baseline -0.001 -7"><span class='ocrx_word' id='word_1_351' title='bbox 931 788 1013 815; x_wconf 81' lang='lat' dir='ltr'><strong>cere?</strong></span> <span class='ocrx_word' id='word_1_352' title='bbox 1034 787 1110 815; x_wconf 77' lang='lat' dir='ltr'><strong>Ortlz.</strong></span> <span class='ocrx_word' id='word_1_353' title='bbox 1127 786 1331 822; x_wconf 87' lang='lat' dir='ltr'><strong>Subjectionem</strong></span> <span class='ocrx_word' id='word_1_354' title='bbox 1345 790 1452 814; x_wconf 80' lang='lat' dir='ltr'><strong>naturae</strong></span> <span class='ocrx_word' id='word_1_355' title='bbox 1464 785 1544 818; x_wconf 86' lang='lat' dir='ltr'><strong>dicis,</strong></span> <span class='ocrx_word' id='word_1_356' title='bbox 1560 793 1595 813; x_wconf 89' lang='lat' dir='ltr'><strong>an</strong></span> <span class='ocrx_word' id='word_1_357' title='bbox 1607 793 1719 814; x_wconf 86' lang='lat' dir='ltr'><strong>oecono-</strong></span> 
     </span>
    </p>
   </div>
   <div class='ocr_carea' id='block_1_47' title="bbox 935 831 1718 868">
    <p class='ocr_par' dir='ltr' id='par_1_47' title="bbox 935 831 1718 868">
     <span class='ocr_line' id='line_1_47' title="bbox 935 831 1718 868; baseline -0.001 -8"><span class='ocrx_word' id='word_1_358' title='bbox 935 833 996 861; x_wconf 71' lang='lat' dir='ltr'><strong>miaa</strong></span> <span class='ocrx_word' id='word_1_359' title='bbox 1019 837 1046 861; x_wconf 88' lang='lat' dir='ltr'><strong>et</strong></span> <span class='ocrx_word' id='word_1_360' title='bbox 1065 833 1269 868; x_wconf 85' lang='lat' dir='ltr'><strong>dispositionis?</strong></span> <span class='ocrx_word' id='word_1_361' title='bbox 1291 832 1394 860; x_wconf 82' lang='lat' dir='ltr'><strong>Maced.</strong></span> <span class='ocrx_word' id='word_1_362' title='bbox 1419 831 1537 860; x_wconf 71' lang='lat' dir='ltr'><strong>Naturae.</strong></span> <span class='ocrx_word' id='word_1_363' title='bbox 1556 831 1632 860; x_wconf 83' lang='lat' dir='ltr'><strong>Orlh.</strong></span> <span class='ocrx_word' id='word_1_364' title='bbox 1646 831 1718 867; x_wconf 76' lang='lat' dir='ltr'><strong>Ergo</strong></span> 
     </span>
    </p>
   </div>
   <div class='ocr_carea' id='block_1_48' title="bbox 932 877 1716 908">
    <p class='ocr_par' dir='ltr' id='par_1_48' title="bbox 932 877 1716 908">
     <span class='ocr_line' id='line_1_48' title="bbox 932 877 1716 908; baseline -0.004 0"><span class='ocrx_word' id='word_1_365' title='bbox 932 880 1093 908; x_wconf 82' lang='lat' dir='ltr'><strong>dissimilem</strong></span> <span class='ocrx_word' id='word_1_366' title='bbox 1120 879 1190 907; x_wconf 89' lang='lat' dir='ltr'><strong>dicis</strong></span> <span class='ocrx_word' id='word_1_367' title='bbox 1215 879 1361 906; x_wconf 87' lang='lat' dir='ltr'><strong>naturam?</strong></span> <span class='ocrx_word' id='word_1_368' title='bbox 1387 877 1492 906; x_wconf 77' lang='lat' dir='ltr'><strong>Maced.</strong></span> <span class='ocrx_word' id='word_1_369' title='bbox 1523 878 1620 906; x_wconf 71' lang='lat' dir='ltr'><strong>Absit!</strong></span> <span class='ocrx_word' id='word_1_370' title='bbox 1639 878 1716 906; x_wconf 80' lang='lat' dir='ltr'><strong>Orllx.</strong></span> 
     </span>
    </p>
   </div>
   <div class='ocr_carea' id='block_1_49' title="bbox 932 923 1718 960">
    <p class='ocr_par' dir='ltr' id='par_1_49' title="bbox 932 923 1718 960">
     <span class='ocr_line' id='line_1_49' title="bbox 932 923 1718 960; baseline 0.001 -9"><span class='ocrx_word' id='word_1_371' title='bbox 932 925 1048 958; x_wconf 81' lang='lat' dir='ltr'><strong>Quando</strong></span> <span class='ocrx_word' id='word_1_372' title='bbox 1068 924 1203 959; x_wconf 80' lang='lat' dir='ltr'><strong>Propheta</strong></span> <span class='ocrx_word' id='word_1_373' title='bbox 1223 925 1262 951; x_wconf 88' lang='lat' dir='ltr'><strong>ait</strong></span> <span class='ocrx_word' id='word_1_374' title='bbox 1281 934 1286 951; x_wconf 97' lang='lat'>:</span> <span class='ocrx_word' id='word_1_375' title='bbox 1308 933 1318 950; x_wconf 74' lang='grc' dir='ltr'><strong>ι</strong></span> <span class='ocrx_word' id='word_1_376' title='bbox 1333 923 1430 951; x_wconf 88' lang='lat' dir='ltr'><strong>Omnia</strong></span> <span class='ocrx_word' id='word_1_377' title='bbox 1446 924 1586 959; x_wconf 81' lang='lat' dir='ltr'><strong>subiecisti</strong></span> <span class='ocrx_word' id='word_1_378' title='bbox 1604 925 1656 952; x_wconf 88' lang='lat' dir='ltr'><strong>sub</strong></span> <span class='ocrx_word' id='word_1_379' title='bbox 1670 933 1718 960; x_wconf 86' lang='lat' dir='ltr'><strong>pe-</strong></span> 
     </span>
    </p>
   </div>
   <div class='ocr_carea' id='block_1_50' title="bbox 931 971 1718 1006">
    <p class='ocr_par' dir='ltr' id='par_1_50' title="bbox 931 971 1718 1006">
     <span class='ocr_line' id='line_1_50' title="bbox 931 971 1718 1006; baseline -0.001 -8"><span class='ocrx_word' id='word_1_380' title='bbox 931 972 1011 999; x_wconf 89' lang='lat' dir='ltr'><strong>dibus</strong></span> <span class='ocrx_word' id='word_1_381' title='bbox 1026 971 1096 1005; x_wconf 89' lang='lat' dir='ltr'><strong>ejus,</strong></span> <span class='ocrx_word' id='word_1_382' title='bbox 1114 979 1178 998; x_wconf 88' lang='lat' dir='ltr'><strong>oves</strong></span> <span class='ocrx_word' id='word_1_383' title='bbox 1192 975 1219 998; x_wconf 84' lang='lat' dir='ltr'><strong>et</strong></span> <span class='ocrx_word' id='word_1_384' title='bbox 1232 971 1315 998; x_wconf 85' lang='lat' dir='ltr'><strong>boves</strong></span> <span class='ocrx_word' id='word_1_385' title='bbox 1336 971 1488 1002; x_wconf 88' lang='lat' dir='ltr'><strong>universas,</strong></span> <span class='ocrx_word' id='word_1_386' title='bbox 1504 971 1618 1006; x_wconf 87' lang='lat' dir='ltr'><strong>insuper</strong></span> <span class='ocrx_word' id='word_1_387' title='bbox 1630 974 1657 998; x_wconf 87' lang='lat' dir='ltr'><strong>et</strong></span> <span class='ocrx_word' id='word_1_388' title='bbox 1671 979 1718 1006; x_wconf 89' lang='lat' dir='ltr'><strong>pe-</strong></span> 
     </span>
    </p>
   </div>
   <div class='ocr_carea' id='block_1_51' title="bbox 931 1017 1717 1052">
    <p class='ocr_par' dir='ltr' id='par_1_51' title="bbox 931 1017 1717 1052">
     <span class='ocr_line' id='line_1_51' title="bbox 931 1017 1717 1052; baseline -0.001 -8"><span class='ocrx_word' id='word_1_389' title='bbox 931 1025 996 1044; x_wconf 88' lang='lat' dir='ltr'><strong>cora</strong></span> <span class='ocrx_word' id='word_1_390' title='bbox 1011 1018 1100 1052; x_wconf 84' lang='lat' dir='ltr'><strong>campi</strong></span> <span class='ocrx_word' id='word_1_391' title='bbox 1113 1017 1136 1033; x_wconf 81' lang='lat'><strong>&#39;-‘°</strong></span> <span class='ocrx_word' id='word_1_392' title='bbox 1153 1026 1159 1044; x_wconf 86' lang='lat'><strong>:</strong></span> <span class='ocrx_word' id='word_1_393' title='bbox 1177 1026 1186 1042; x_wconf 80' lang='grc' dir='ltr'><strong>ι</strong></span> <span class='ocrx_word' id='word_1_394' title='bbox 1202 1025 1293 1045; x_wconf 88' lang='lat' dir='ltr'><strong>nonne</strong></span> <span class='ocrx_word' id='word_1_395' title='bbox 1307 1021 1433 1044; x_wconf 82' lang='lat' dir='ltr'><strong>naturam</strong></span> <span class='ocrx_word' id='word_1_396' title='bbox 1456 1017 1599 1044; x_wconf 80' lang='lat' dir='ltr'><strong>brutorum</strong></span> <span class='ocrx_word' id='word_1_397' title='bbox 1613 1023 1717 1044; x_wconf 72' lang='lat' dir='ltr'><strong>natura:</strong></span> 
     </span>
    </p>
   </div>
   <div class='ocr_carea' id='block_1_52' title="bbox 932 1062 1715 1099">
    <p class='ocr_par' dir='ltr' id='par_1_52' title="bbox 932 1062 1715 1099">
     <span class='ocr_line' id='line_1_52' title="bbox 932 1062 1715 1099; baseline 0.001 -9"><span class='ocrx_word' id='word_1_398' title='bbox 932 1063 1072 1091; x_wconf 87' lang='lat' dir='ltr'><strong>hominum</strong></span> <span class='ocrx_word' id='word_1_399' title='bbox 1097 1071 1157 1092; x_wconf 87' lang='lat' dir='ltr'><strong>esse</strong></span> <span class='ocrx_word' id='word_1_400' title='bbox 1179 1064 1328 1099; x_wconf 74' lang='lat' dir='ltr'><strong>subjectam</strong></span> <span class='ocrx_word' id='word_1_401' title='bbox 1350 1063 1405 1090; x_wconf 80' lang='lat' dir='ltr'><strong>ait?</strong></span> <span class='ocrx_word' id='word_1_402' title='bbox 1425 1063 1529 1091; x_wconf 75' lang='lat' dir='ltr'><strong>Maced.</strong></span> <span class='ocrx_word' id='word_1_403' title='bbox 1549 1063 1615 1090; x_wconf 89' lang='lat' dir='ltr'><strong>lmo.</strong></span> <span class='ocrx_word' id='word_1_404' title='bbox 1638 1062 1715 1091; x_wconf 82' lang='lat' dir='ltr'><strong>Orlh.</strong></span> 
     </span>
    </p>
   </div>
   <div class='ocr_carea' id='block_1_53' title="bbox 933 1108 1718 1147">
    <p class='ocr_par' dir='ltr' id='par_1_53' title="bbox 933 1108 1718 1147">
     <span class='ocr_line' id='line_1_53' title="bbox 933 1108 1718 1147; baseline -0.004 -8"><span class='ocrx_word' id='word_1_405' title='bbox 933 1111 986 1139; x_wconf 85' lang='lat' dir='ltr'><strong>Sed</strong></span> <span class='ocrx_word' id='word_1_406' title='bbox 1002 1115 1100 1138; x_wconf 88' lang='lat' dir='ltr'><strong>natura</strong></span> <span class='ocrx_word' id='word_1_407' title='bbox 1108 1119 1235 1147; x_wconf 86' lang='lat' dir='ltr'><strong>pecorum</strong></span> <span class='ocrx_word' id='word_1_408' title='bbox 1251 1114 1357 1137; x_wconf 64' lang='lat' dir='ltr'><strong>naturae</strong></span> <span class='ocrx_word' id='word_1_409' title='bbox 1368 1110 1494 1137; x_wconf 69' lang='lat' dir='ltr'><strong>humana:</strong></span> <span class='ocrx_word' id='word_1_410' title='bbox 1505 1113 1546 1137; x_wconf 86' lang='lat' dir='ltr'><strong>est</strong></span> <span class='ocrx_word' id='word_1_411' title='bbox 1557 1108 1718 1137; x_wconf 70' lang='lat' dir='ltr'><strong>dissimilis?</strong></span> 
     </span>
    </p>
   </div>
   <div class='ocr_carea' id='block_1_54' title="bbox 932 1154 1718 1190">
    <p class='ocr_par' dir='ltr' id='par_1_54' title="bbox 932 1154 1718 1190">
     <span class='ocr_line' id='line_1_54' title="bbox 932 1154 1718 1190; baseline -0.004 -6"><span class='ocrx_word' id='word_1_412' title='bbox 932 1157 1035 1184; x_wconf 80' lang='lat' dir='ltr'><strong>Maced.</strong></span> <span class='ocrx_word' id='word_1_413' title='bbox 1052 1157 1149 1184; x_wconf 86' lang='lat' dir='ltr'><strong>Etiam.</strong></span> <span class='ocrx_word' id='word_1_414' title='bbox 1169 1156 1246 1184; x_wconf 82' lang='lat' dir='ltr'><strong>Orth.</strong></span> <span class='ocrx_word' id='word_1_415' title='bbox 1263 1156 1379 1189; x_wconf 86' lang='lat' dir='ltr'><strong>Quando</strong></span> <span class='ocrx_word' id='word_1_416' title='bbox 1405 1155 1452 1188; x_wconf 87' lang='lat' dir='ltr'><strong>ait,</strong></span> <span class='ocrx_word' id='word_1_417' title='bbox 1470 1164 1479 1181; x_wconf 73' lang='grc' dir='ltr'><strong>ε</strong></span> <span class='ocrx_word' id='word_1_418' title='bbox 1494 1154 1615 1190; x_wconf 89' lang='lat' dir='ltr'><strong>Subjecit</strong></span> <span class='ocrx_word' id='word_1_419' title='bbox 1630 1163 1718 1190; x_wconf 86' lang='lat' dir='ltr'><strong>popu-</strong></span> 
     </span>
    </p>
   </div>
   <div class='ocr_carea' id='block_1_55' title="bbox 931 1202 1717 1239">
    <p class='ocr_par' dir='ltr' id='par_1_55' title="bbox 931 1202 1717 1239">
     <span class='ocr_line' id='line_1_55' title="bbox 931 1202 1717 1239; baseline -0.001 -8"><span class='ocrx_word' id='word_1_420' title='bbox 931 1204 973 1231; x_wconf 85' lang='lat' dir='ltr'><strong>los</strong></span> <span class='ocrx_word' id='word_1_421' title='bbox 993 1203 1086 1235; x_wconf 88' lang='lat' dir='ltr'><strong>nobis,</strong></span> <span class='ocrx_word' id='word_1_422' title='bbox 1100 1206 1127 1230; x_wconf 86' lang='lat' dir='ltr'><strong>et</strong></span> <span class='ocrx_word' id='word_1_423' title='bbox 1147 1207 1243 1239; x_wconf 74' lang='lat' dir='ltr'><strong>gentes</strong></span> <span class='ocrx_word' id='word_1_424' title='bbox 1264 1203 1316 1230; x_wconf 88' lang='lat' dir='ltr'><strong>sub</strong></span> <span class='ocrx_word' id='word_1_425' title='bbox 1338 1202 1453 1238; x_wconf 84' lang='lat' dir='ltr'><strong>pedibus</strong></span> <span class='ocrx_word' id='word_1_426' title='bbox 1468 1202 1572 1230; x_wconf 84' lang='lat' dir='ltr'><strong>nostris</strong></span> <span class='ocrx_word' id='word_1_427' title='bbox 1582 1203 1616 1233; x_wconf 79' lang='grc' dir='ltr'>ἰ,</span> <span class='ocrx_word' id='word_1_428' title='bbox 1633 1212 1644 1228; x_wconf 74' lang='grc' dir='ltr'><strong>ι</strong></span> <span class='ocrx_word' id='word_1_429' title='bbox 1661 1210 1717 1230; x_wconf 89' lang='lat' dir='ltr'><strong>non</strong></span> 
     </span>
    </p>
   </div>
   <div class='ocr_carea' id='block_1_56' title="bbox 933 1249 1717 1284">
    <p class='ocr_par' dir='ltr' id='par_1_56' title="bbox 933 1249 1717 1284">
     <span class='ocr_line' id='line_1_56' title="bbox 933 1249 1717 1284; baseline -0.001 -8"><span class='ocrx_word' id='word_1_430' title='bbox 933 1254 1058 1277; x_wconf 88' lang='lat' dir='ltr'><strong>naturam</strong></span> <span class='ocrx_word' id='word_1_431' title='bbox 1083 1254 1199 1282; x_wconf 62' lang='lat' dir='ltr'><strong>naturae,</strong></span> <span class='ocrx_word' id='word_1_432' title='bbox 1222 1249 1268 1277; x_wconf 86' lang='lat' dir='ltr'><strong>sed</strong></span> <span class='ocrx_word' id='word_1_433' title='bbox 1289 1249 1446 1276; x_wconf 88' lang='lat' dir='ltr'><strong>servitutem</strong></span> <span class='ocrx_word' id='word_1_434' title='bbox 1462 1249 1578 1284; x_wconf 86' lang='lat' dir='ltr'><strong>peccati,</strong></span> <span class='ocrx_word' id='word_1_435' title='bbox 1598 1249 1717 1276; x_wconf 76' lang='lat' dir='ltr'><strong>libertati</strong></span> 
     </span>
    </p>
   </div>
   <div class='ocr_carea' id='block_1_57' title="bbox 934 1294 1718 1331">
    <p class='ocr_par' dir='ltr' id='par_1_57' title="bbox 934 1294 1718 1331">
     <span class='ocr_line' id='line_1_57' title="bbox 934 1294 1718 1331; baseline -0.003 -8"><span class='ocrx_word' id='word_1_436' title='bbox 934 1296 995 1324; x_wconf 82' lang='lat' dir='ltr'><strong>ﬁdei</strong></span> <span class='ocrx_word' id='word_1_437' title='bbox 1011 1296 1162 1331; x_wconf 81' lang='lat' dir='ltr'><strong>subjectam</strong></span> <span class='ocrx_word' id='word_1_438' title='bbox 1178 1296 1279 1324; x_wconf 83' lang='lat' dir='ltr'><strong>docet?</strong></span> <span class='ocrx_word' id='word_1_439' title='bbox 1291 1294 1396 1322; x_wconf 79' lang='lat' dir='ltr'><strong>Maced.</strong></span> <span class='ocrx_word' id='word_1_440' title='bbox 1420 1295 1519 1323; x_wconf 87' lang='lat' dir='ltr'><strong>Etiam.</strong></span> <span class='ocrx_word' id='word_1_441' title='bbox 1537 1294 1613 1323; x_wconf 83' lang='lat' dir='ltr'><strong>Orth.</strong></span> <span class='ocrx_word' id='word_1_442' title='bbox 1631 1295 1718 1322; x_wconf 87' lang='lat' dir='ltr'><strong>Aliter</strong></span> 
     </span>
    </p>
   </div>
   <div class='ocr_carea' id='block_1_58' title="bbox 933 1341 1718 1378">
    <p class='ocr_par' dir='ltr' id='par_1_58' title="bbox 933 1341 1718 1378">
     <span class='ocr_line' id='line_1_58' title="bbox 933 1341 1718 1378; baseline -0.003 -9"><span class='ocrx_word' id='word_1_443' title='bbox 933 1343 1016 1378; x_wconf 79' lang='lat' dir='ltr'><strong>igitur</strong></span> <span class='ocrx_word' id='word_1_444' title='bbox 1038 1350 1149 1378; x_wconf 82' lang='lat' dir='ltr'><strong>pecora,</strong></span> <span class='ocrx_word' id='word_1_445' title='bbox 1168 1342 1247 1369; x_wconf 89' lang='lat' dir='ltr'><strong>aliter</strong></span> <span class='ocrx_word' id='word_1_446' title='bbox 1263 1346 1357 1378; x_wconf 78' lang='lat' dir='ltr'><strong>gentes</strong></span> <span class='ocrx_word' id='word_1_447' title='bbox 1380 1342 1459 1370; x_wconf 90' lang='lat' dir='ltr'><strong>nobis</strong></span> <span class='ocrx_word' id='word_1_448' title='bbox 1480 1341 1610 1376; x_wconf 72' lang='lat' dir='ltr'><strong>subjecta:</strong></span> <span class='ocrx_word' id='word_1_449' title='bbox 1634 1341 1718 1368; x_wconf 73' lang='lat' dir='ltr'><strong>sunt?</strong></span> 
     </span>
    </p>
   </div>
   <div class='ocr_carea' id='block_1_59' title="bbox 933 1387 1717 1424">
    <p class='ocr_par' dir='ltr' id='par_1_59' title="bbox 933 1387 1717 1424">
     <span class='ocr_line' id='line_1_59' title="bbox 933 1387 1717 1424; baseline -0.003 -8"><span class='ocrx_word' id='word_1_450' title='bbox 933 1388 1037 1416; x_wconf 71' lang='lat' dir='ltr'><strong>Jlsced.</strong></span> <span class='ocrx_word' id='word_1_451' title='bbox 1053 1389 1150 1416; x_wconf 83' lang='lat' dir='ltr'><strong>Etiam.</strong></span> <span class='ocrx_word' id='word_1_452' title='bbox 1169 1388 1244 1416; x_wconf 86' lang='lat' dir='ltr'><strong>Orlh.</strong></span> <span class='ocrx_word' id='word_1_453' title='bbox 1256 1388 1371 1422; x_wconf 84' lang='lat' dir='ltr'><strong>Quando</strong></span> <span class='ocrx_word' id='word_1_454' title='bbox 1383 1387 1527 1424; x_wconf 86' lang='lat' dir='ltr'><strong>Scriptura</strong></span> <span class='ocrx_word' id='word_1_455' title='bbox 1542 1388 1578 1415; x_wconf 87' lang='lat' dir='ltr'><strong>ait</strong></span> <span class='ocrx_word' id='word_1_456' title='bbox 1593 1397 1599 1415; x_wconf 89' lang='lat'><strong>:</strong></span> <span class='ocrx_word' id='word_1_457' title='bbox 1619 1397 1628 1413; x_wconf 79' lang='grc' dir='ltr'><strong>ι</strong></span> <span class='ocrx_word' id='word_1_458' title='bbox 1640 1387 1717 1415; x_wconf 85' lang='lat' dir='ltr'><strong>Servi</strong></span> 
     </span>
    </p>
   </div>
   <div class='ocr_carea' id='block_1_60' title="bbox 933 1433 1717 1470">
    <p class='ocr_par' dir='ltr' id='par_1_60' title="bbox 933 1433 1717 1470">
     <span class='ocr_line' id='line_1_60' title="bbox 933 1433 1717 1470; baseline -0.004 -8"><span class='ocrx_word' id='word_1_459' title='bbox 933 1435 1049 1470; x_wconf 81' lang='lat' dir='ltr'><strong>subjecti</strong></span> <span class='ocrx_word' id='word_1_460' title='bbox 1063 1435 1118 1462; x_wconf 89' lang='lat' dir='ltr'><strong>sint</strong></span> <span class='ocrx_word' id='word_1_461' title='bbox 1133 1434 1252 1461; x_wconf 87' lang='lat' dir='ltr'><strong>dominis</strong></span> <span class='ocrx_word' id='word_1_462' title='bbox 1265 1434 1414 1461; x_wconf 88' lang='lat' dir='ltr'><strong>secundum</strong></span> <span class='ocrx_word' id='word_1_463' title='bbox 1431 1442 1550 1467; x_wconf 72' lang='lat' dir='ltr'><strong>carnem,</strong></span> <span class='ocrx_word' id='word_1_464' title='bbox 1562 1441 1616 1460; x_wconf 89' lang='lat' dir='ltr'><strong>non</strong></span> <span class='ocrx_word' id='word_1_465' title='bbox 1628 1433 1717 1460; x_wconf 90' lang='lat' dir='ltr'><strong>solum</strong></span> 
     </span>
    </p>
   </div>
   <div class='ocr_carea' id='block_1_61' title="bbox 933 1479 1719 1514">
    <p class='ocr_par' dir='ltr' id='par_1_61' title="bbox 933 1479 1719 1514">
     <span class='ocr_line' id='line_1_61' title="bbox 933 1479 1719 1514; baseline -0.003 -7"><span class='ocrx_word' id='word_1_466' title='bbox 933 1481 1012 1508; x_wconf 88' lang='lat' dir='ltr'><strong>bonis</strong></span> <span class='ocrx_word' id='word_1_467' title='bbox 1025 1484 1051 1507; x_wconf 89' lang='lat' dir='ltr'><strong>et</strong></span> <span class='ocrx_word' id='word_1_468' title='bbox 1061 1480 1204 1511; x_wconf 87' lang='lat' dir='ltr'><strong>modestis.</strong></span> <span class='ocrx_word' id='word_1_469' title='bbox 1221 1480 1268 1508; x_wconf 85' lang='lat' dir='ltr'><strong>sed</strong></span> <span class='ocrx_word' id='word_1_470' title='bbox 1284 1480 1365 1507; x_wconf 85' lang='lat' dir='ltr'><strong>etiam</strong></span> <span class='ocrx_word' id='word_1_471' title='bbox 1381 1480 1491 1508; x_wconf 85' lang='lat' dir='ltr'><strong>discolis</strong></span> <span class='ocrx_word' id='word_1_472' title='bbox 1503 1480 1525 1497; x_wconf 78' lang='lat'>&quot;</span> <span class='ocrx_word' id='word_1_473' title='bbox 1538 1488 1544 1506; x_wconf 89' lang='lat'><strong>:</strong></span> <span class='ocrx_word' id='word_1_474' title='bbox 1559 1489 1569 1506; x_wconf 70' lang='grc' dir='ltr'><strong>ο</strong></span> <span class='ocrx_word' id='word_1_475' title='bbox 1579 1479 1659 1506; x_wconf 85' lang='lat' dir='ltr'><strong>aliter</strong></span> <span class='ocrx_word' id='word_1_476' title='bbox 1671 1486 1719 1514; x_wconf 80' lang='lat' dir='ltr'><strong>pe-</strong></span> 
     </span>
    </p>
   </div>
   <div class='ocr_carea' id='block_1_62' title="bbox 93 1525 880 1565">
    <p class='ocr_par' dir='ltr' id='par_1_62' title="bbox 93 1527 879 1565">
     <span class='ocr_line' id='line_1_62' title="bbox 93 1527 879 1565; baseline -0.001 -9"><span class='ocrx_word' id='word_1_477' title='bbox 93 1530 252 1565; x_wconf 83' lang='grc' dir='ltr'>κρείττονας</span> <span class='ocrx_word' id='word_1_478' title='bbox 275 1527 343 1556; x_wconf 75' lang='grc' dir='ltr'>εἶναι</span> <span class='ocrx_word' id='word_1_479' title='bbox 365 1530 397 1564; x_wconf 80' lang='grc' dir='ltr'>τῆ</span> <span class='ocrx_word' id='word_1_480' title='bbox 418 1530 503 1565; x_wconf 87' lang='grc' dir='ltr'>ἀρετῇ</span> <span class='ocrx_word' id='word_1_481' title='bbox 523 1529 743 1556; x_wconf 70' lang='grc' dir='ltr'>τῶνδεσποτῶν.</span> <span class='ocrx_word' id='word_1_482' title='bbox 769 1528 879 1556; x_wconf 56' lang='lat' dir='ltr'><strong>Massa.</strong></span> 
     </span>
    </p>
   </div>
   <div class='ocr_carea' id='block_1_63' title="bbox 932 1525 1715 1565">
    <p class='ocr_par' dir='ltr' id='par_1_63' title="bbox 933 1525 1715 1561">
     <span class='ocr_line' id='line_1_63' title="bbox 933 1525 1715 1561; baseline -0.005 -6"><span class='ocrx_word' id='word_1_483' title='bbox 933 1534 1008 1560; x_wconf 88' lang='lat' dir='ltr'><strong>cora,</strong></span> <span class='ocrx_word' id='word_1_484' title='bbox 1027 1526 1108 1553; x_wconf 84' lang='lat' dir='ltr'><strong>aliter</strong></span> <span class='ocrx_word' id='word_1_485' title='bbox 1122 1530 1226 1561; x_wconf 73' lang='lat' dir='ltr'><strong>gentes,</strong></span> <span class='ocrx_word' id='word_1_486' title='bbox 1244 1526 1324 1553; x_wconf 88' lang='lat' dir='ltr'><strong>aliter</strong></span> <span class='ocrx_word' id='word_1_487' title='bbox 1338 1533 1433 1553; x_wconf 89' lang='lat' dir='ltr'><strong>servos</strong></span> <span class='ocrx_word' id='word_1_488' title='bbox 1451 1525 1590 1560; x_wconf 87' lang='lat' dir='ltr'><strong>subjectos</strong></span> <span class='ocrx_word' id='word_1_489' title='bbox 1603 1525 1692 1552; x_wconf 87' lang='lat' dir='ltr'><strong>innuit</strong></span> <span class='ocrx_word' id='word_1_490' title='bbox 1708 1533 1715 1551; x_wconf 92' lang='lat'>:</span> 
     </span>
    </p>
   </div>
   <div class='ocr_carea' id='block_1_64' title="bbox 97 1575 878 1611">
    <p class='ocr_par' dir='ltr' id='par_1_64' title="bbox 97 1575 878 1611">
     <span class='ocr_line' id='line_1_64' title="bbox 97 1575 878 1611; baseline 0.001 -9"><span class='ocrx_word' id='word_1_491' title='bbox 97 1576 334 1611; x_wconf 82' lang='grc' dir='ltr'>Ὁμολογουμένως</span> <span class='ocrx_word' id='word_1_492' title='bbox 357 1575 444 1607; x_wconf 79' lang='grc' dir='ltr'>ἄλλως</span> <span class='ocrx_word' id='word_1_493' title='bbox 469 1576 516 1602; x_wconf 78' lang='grc' dir='ltr'><strong>καὶ</strong></span> <span class='ocrx_word' id='word_1_494' title='bbox 542 1575 628 1607; x_wconf 80' lang='grc' dir='ltr'>ἄλλως</span> <span class='ocrx_word' id='word_1_495' title='bbox 652 1576 785 1610; x_wconf 82' lang='grc' dir='ltr'>ὑποταγή.</span> <span class='ocrx_word' id='word_1_496' title='bbox 805 1575 878 1609; x_wconf 81' lang='grc' dir='ltr'>Ὀρθ.</span> 
     </span>
    </p>
   </div>
   <div class='ocr_carea' id='block_1_65' title="bbox 98 1621 880 1658">
    <p class='ocr_par' dir='ltr' id='par_1_65' title="bbox 98 1621 880 1658">
     <span class='ocr_line' id='line_1_65' title="bbox 98 1621 880 1658; baseline -0.001 -9"><span class='ocrx_word' id='word_1_497' title='bbox 98 1622 179 1649; x_wconf 74' lang='grc' dir='ltr'>Ἀλλὰ</span> <span class='ocrx_word' id='word_1_498' title='bbox 203 1622 250 1648; x_wconf 70' lang='grc' dir='ltr'>καὶ</span> <span class='ocrx_word' id='word_1_499' title='bbox 271 1623 352 1657; x_wconf 84' lang='grc' dir='ltr'>ἡμεῖς</span> <span class='ocrx_word' id='word_1_500' title='bbox 378 1621 502 1658; x_wconf 83' lang='grc' dir='ltr'>ἀλλήλοις</span> <span class='ocrx_word' id='word_1_501' title='bbox 529 1621 741 1657; x_wconf 80' lang='grc' dir='ltr'>ὑποτασσόμενοι</span> <span class='ocrx_word' id='word_1_502' title='bbox 764 1621 808 1648; x_wconf 78' lang='grc' dir='ltr'><strong>διὰ</strong></span> <span class='ocrx_word' id='word_1_503' title='bbox 832 1621 880 1657; x_wconf 81' lang='grc' dir='ltr'>τὴν</span> 
     </span>
    </p>
   </div>
   <div class='ocr_carea' id='block_1_66' title="bbox 91 1667 880 1704">
    <p class='ocr_par' dir='ltr' id='par_1_66' title="bbox 91 1667 880 1704">
     <span class='ocr_line' id='line_1_66' title="bbox 91 1667 880 1704; baseline -0.001 -9"><span class='ocrx_word' id='word_1_504' title='bbox 91 1669 214 1704; x_wconf 71' lang='grc' dir='ltr'>ἀγάπην,</span> <span class='ocrx_word' id='word_1_505' title='bbox 229 1669 279 1704; x_wconf 84' lang='grc' dir='ltr'><strong>οὑχ</strong></span> <span class='ocrx_word' id='word_1_506' title='bbox 292 1669 330 1700; x_wconf 84' lang='grc' dir='ltr'>ὡς</span> <span class='ocrx_word' id='word_1_507' title='bbox 344 1668 378 1694; x_wconf 82' lang='grc' dir='ltr'>τὰ</span> <span class='ocrx_word' id='word_1_508' title='bbox 392 1669 478 1704; x_wconf 85' lang='grc' dir='ltr'>κτήνη</span> <span class='ocrx_word' id='word_1_509' title='bbox 493 1667 625 1702; x_wconf 79' lang='grc' dir='ltr'>φυσικῶς,</span> <span class='ocrx_word' id='word_1_510' title='bbox 642 1668 699 1694; x_wconf 78' lang='grc' dir='ltr'>οὗθ’</span> <span class='ocrx_word' id='word_1_511' title='bbox 723 1668 760 1700; x_wconf 85' lang='grc' dir='ltr'>ὡς</span> <span class='ocrx_word' id='word_1_512' title='bbox 771 1668 805 1694; x_wconf 75' lang='grc' dir='ltr'><strong>’τὰ</strong></span> <span class='ocrx_word' id='word_1_513' title='bbox 816 1668 880 1703; x_wconf 77' lang='grc' dir='ltr'>ἔθνη</span> 
     </span>
    </p>
   </div>
   <div class='ocr_carea' id='block_1_67' title="bbox 91 1712 881 1750">
    <p class='ocr_par' dir='ltr' id='par_1_67' title="bbox 91 1712 881 1750">
     <span class='ocr_line' id='line_1_67' title="bbox 91 1712 881 1750; baseline -0.004 -9"><span class='ocrx_word' id='word_1_514' title='bbox 91 1716 125 1750; x_wconf 81' lang='grc' dir='ltr'><strong>τῇ</strong></span> <span class='ocrx_word' id='word_1_515' title='bbox 142 1714 243 1744; x_wconf 81' lang='grc' dir='ltr'>πίστει,</span> <span class='ocrx_word' id='word_1_516' title='bbox 257 1713 312 1740; x_wconf 72' lang='grc' dir='ltr'><strong>οὔθ’</strong></span> <span class='ocrx_word' id='word_1_517' title='bbox 330 1714 369 1745; x_wconf 82' lang='grc' dir='ltr'>ὡς</span> <span class='ocrx_word' id='word_1_518' title='bbox 381 1713 467 1740; x_wconf 72' lang='grc' dir='ltr'>δοῦλοι</span> <span class='ocrx_word' id='word_1_519' title='bbox 481 1712 519 1748; x_wconf 84' lang='grc' dir='ltr'>τῷ</span> <span class='ocrx_word' id='word_1_520' title='bbox 532 1713 616 1748; x_wconf 85' lang='grc' dir='ltr'>νόμῳ.</span> <span class='ocrx_word' id='word_1_521' title='bbox 633 1712 744 1740; x_wconf 81' lang='grc' dir='ltr'>Μακεδ.</span> <span class='ocrx_word' id='word_1_522' title='bbox 762 1712 830 1739; x_wconf 76' lang='grc' dir='ltr'>Οὔτε</span> <span class='ocrx_word' id='word_1_523' title='bbox 843 1712 881 1744; x_wconf 82' lang='grc' dir='ltr'>ὡς</span> 
     </span>
    </p>
   </div>
   <div class='ocr_carea' id='block_1_68' title="bbox 92 1758 881 1796">
    <p class='ocr_par' dir='ltr' id='par_1_68' title="bbox 92 1758 881 1796">
     <span class='ocr_line' id='line_1_68' title="bbox 92 1758 881 1796; baseline -0.003 -10"><span class='ocrx_word' id='word_1_524' title='bbox 92 1762 188 1796; x_wconf 67' lang='grc' dir='ltr'>τιτήνη,</span> <span class='ocrx_word' id='word_1_525' title='bbox 207 1759 268 1786; x_wconf 79' lang='grc' dir='ltr'>οὑτε</span> <span class='ocrx_word' id='word_1_526' title='bbox 280 1760 319 1792; x_wconf 84' lang='grc' dir='ltr'>ὼς</span> <span class='ocrx_word' id='word_1_527' title='bbox 330 1759 405 1795; x_wconf 72' lang='grc' dir='ltr'>ἔθνη,</span> <span class='ocrx_word' id='word_1_528' title='bbox 418 1759 479 1786; x_wconf 79' lang='grc' dir='ltr'>οὕτε</span> <span class='ocrx_word' id='word_1_529' title='bbox 491 1759 528 1791; x_wconf 84' lang='grc' dir='ltr'>ὡς</span> <span class='ocrx_word' id='word_1_530' title='bbox 540 1760 564 1786; x_wconf 83' lang='grc' dir='ltr'>οἱ</span> <span class='ocrx_word' id='word_1_531' title='bbox 580 1759 677 1790; x_wconf 85' lang='grc' dir='ltr'>δοῦλοι,</span> <span class='ocrx_word' id='word_1_532' title='bbox 691 1758 759 1785; x_wconf 82' lang='grc' dir='ltr'>ἀλλὰ</span> <span class='ocrx_word' id='word_1_533' title='bbox 774 1758 818 1785; x_wconf 77' lang='grc' dir='ltr'><strong>διὰ</strong></span> <span class='ocrx_word' id='word_1_534' title='bbox 831 1758 881 1793; x_wconf 82' lang='grc' dir='ltr'>τὴν</span> 
     </span>
    </p>
   </div>
   <div class='ocr_carea' id='block_1_69' title="bbox 91 1803 881 1841">
    <p class='ocr_par' dir='ltr' id='par_1_69' title="bbox 91 1803 881 1841">
     <span class='ocr_line' id='line_1_69' title="bbox 91 1803 881 1841; baseline 0 -10"><span class='ocrx_word' id='word_1_535' title='bbox 91 1806 139 1832; x_wconf 70' lang='grc' dir='ltr'>τοῦ</span> <span class='ocrx_word' id='word_1_536' title='bbox 153 1806 255 1841; x_wconf 81' lang='grc' dir='ltr'>Κυρίου</span> <span class='ocrx_word' id='word_1_537' title='bbox 269 1805 391 1840; x_wconf 76' lang='grc' dir='ltr'>ἀγάπην.</span> <span class='ocrx_word' id='word_1_538' title='bbox 416 1805 489 1838; x_wconf 84' lang='grc' dir='ltr'>Ὀρθ.</span> <span class='ocrx_word' id='word_1_539' title='bbox 510 1805 538 1831; x_wconf 93' lang='lat'><strong>&#39;0</strong></span> <span class='ocrx_word' id='word_1_540' title='bbox 551 1805 640 1832; x_wconf 81' lang='grc' dir='ltr'>τοίνυν</span> <span class='ocrx_word' id='word_1_541' title='bbox 654 1804 718 1836; x_wconf 76' lang='grc' dir='ltr'>Υἱὸς</span> <span class='ocrx_word' id='word_1_542' title='bbox 733 1803 881 1831; x_wconf 82' lang='grc' dir='ltr'>ὑποτασσό-</span> 
     </span>
    </p>
   </div>
   <div class='ocr_carea' id='block_1_70' title="bbox 94 1851 881 1888">
    <p class='ocr_par' dir='ltr' id='par_1_70' title="bbox 94 1851 881 1888">
     <span class='ocr_line' id='line_1_70' title="bbox 94 1851 881 1888; baseline -0.004 -8"><span class='ocrx_word' id='word_1_543' title='bbox 94 1861 173 1888; x_wconf 81' lang='grc' dir='ltr'>μενος</span> <span class='ocrx_word' id='word_1_544' title='bbox 188 1852 226 1888; x_wconf 87' lang='grc' dir='ltr'>τῴ</span> <span class='ocrx_word' id='word_1_545' title='bbox 242 1853 341 1887; x_wconf 76' lang='grc' dir='ltr'>Πατρὶ,</span> <span class='ocrx_word' id='word_1_546' title='bbox 355 1852 391 1883; x_wconf 83' lang='grc' dir='ltr'>ὡς</span> <span class='ocrx_word' id='word_1_547' title='bbox 405 1851 439 1878; x_wconf 78' lang='grc' dir='ltr'>τὰ</span> <span class='ocrx_word' id='word_1_548' title='bbox 453 1852 538 1886; x_wconf 85' lang='grc' dir='ltr'>κτήνη</span> <span class='ocrx_word' id='word_1_549' title='bbox 561 1851 604 1878; x_wconf 79' lang='grc' dir='ltr'><strong>διὰ</strong></span> <span class='ocrx_word' id='word_1_550' title='bbox 619 1851 664 1887; x_wconf 78' lang='grc' dir='ltr'>τὴν</span> <span class='ocrx_word' id='word_1_551' title='bbox 677 1851 757 1886; x_wconf 74' lang='grc' dir='ltr'>φύσιν</span> <span class='ocrx_word' id='word_1_552' title='bbox 770 1852 825 1882; x_wconf 82' lang='grc' dir='ltr'>τοῖς</span> <span class='ocrx_word' id='word_1_553' title='bbox 836 1851 881 1877; x_wconf 90' lang='grc' dir='ltr'><strong>ἀν-</strong></span> 
     </span>
    </p>
   </div>
   <div class='ocr_carea' id='block_1_71' title="bbox 92 1897 881 1935">
    <p class='ocr_par' dir='ltr' id='par_1_71' title="bbox 92 1897 881 1935">
     <span class='ocr_line' id='line_1_71' title="bbox 92 1897 881 1935; baseline -0.003 -10"><span class='ocrx_word' id='word_1_554' title='bbox 92 1898 212 1935; x_wconf 76' lang='grc' dir='ltr'>ηρώποις</span> <span class='ocrx_word' id='word_1_555' title='bbox 224 1899 416 1929; x_wconf 82' lang='grc' dir='ltr'>ὑποτάσσεται,</span> <span class='ocrx_word' id='word_1_556' title='bbox 428 1898 444 1933; x_wconf 80' lang='grc' dir='ltr'>ἢ</span> <span class='ocrx_word' id='word_1_557' title='bbox 456 1898 494 1930; x_wconf 82' lang='grc' dir='ltr'>ὡς</span> <span class='ocrx_word' id='word_1_558' title='bbox 504 1898 589 1925; x_wconf 76' lang='grc' dir='ltr'>δοῦλοι</span> <span class='ocrx_word' id='word_1_559' title='bbox 601 1897 644 1924; x_wconf 86' lang='grc' dir='ltr'><strong>διὰ</strong></span> <span class='ocrx_word' id='word_1_560' title='bbox 657 1898 701 1924; x_wconf 84' lang='grc' dir='ltr'>τὸν</span> <span class='ocrx_word' id='word_1_561' title='bbox 711 1898 803 1933; x_wconf 83' lang='grc' dir='ltr'>νόμον,</span> <span class='ocrx_word' id='word_1_562' title='bbox 816 1897 832 1932; x_wconf 81' lang='grc' dir='ltr'>ἢ</span> <span class='ocrx_word' id='word_1_563' title='bbox 843 1897 881 1929; x_wconf 85' lang='grc' dir='ltr'>ὡς</span> 
     </span>
    </p>
   </div>
   <div class='ocr_carea' id='block_1_72' title="bbox 92 1944 879 1981">
    <p class='ocr_par' dir='ltr' id='par_1_72' title="bbox 92 1944 879 1981">
     <span class='ocr_line' id='line_1_72' title="bbox 92 1944 879 1981; baseline -0.001 -9"><span class='ocrx_word' id='word_1_564' title='bbox 92 1945 253 1981; x_wconf 70' lang='grc' dir='ltr'>ἁμαρτωλὸς</span> <span class='ocrx_word' id='word_1_565' title='bbox 264 1945 307 1972; x_wconf 81' lang='grc' dir='ltr'><strong>διὰ</strong></span> <span class='ocrx_word' id='word_1_566' title='bbox 319 1945 367 1980; x_wconf 80' lang='grc' dir='ltr'><strong>τήν</strong></span> <span class='ocrx_word' id='word_1_567' title='bbox 382 1945 483 1975; x_wconf 82' lang='grc' dir='ltr'>πίστιν,</span> <span class='ocrx_word' id='word_1_568' title='bbox 494 1944 510 1980; x_wconf 78' lang='grc' dir='ltr'>ἢ</span> <span class='ocrx_word' id='word_1_569' title='bbox 523 1944 560 1976; x_wconf 87' lang='grc' dir='ltr'>ὼς</span> <span class='ocrx_word' id='word_1_570' title='bbox 571 1944 635 1976; x_wconf 77' lang='grc' dir='ltr'><strong>Υἱὸς</strong></span> <span class='ocrx_word' id='word_1_571' title='bbox 646 1944 689 1970; x_wconf 83' lang='grc' dir='ltr'><strong>διὰ</strong></span> <span class='ocrx_word' id='word_1_572' title='bbox 699 1944 748 1980; x_wconf 80' lang='grc' dir='ltr'>τὴν</span> <span class='ocrx_word' id='word_1_573' title='bbox 760 1944 879 1979; x_wconf 82' lang='grc' dir='ltr'>ἀγάπην.</span> 
     </span>
    </p>
   </div>
   <div class='ocr_carea' id='block_1_73' title="bbox 93 1989 879 2027">
    <p class='ocr_par' dir='ltr' id='par_1_73' title="bbox 93 1989 879 2027">
     <span class='ocr_line' id='line_1_73' title="bbox 93 1989 879 2027; baseline -0.001 -10"><span class='ocrx_word' id='word_1_574' title='bbox 93 1990 157 2023; x_wconf 76' lang='grc' dir='ltr'><strong>Υἱὸς</strong></span> <span class='ocrx_word' id='word_1_575' title='bbox 173 1990 200 2017; x_wconf 81' lang='grc' dir='ltr'>δὲ</span> <span class='ocrx_word' id='word_1_576' title='bbox 216 1989 303 2027; x_wconf 78' lang='grc' dir='ltr'>Πατρὶ</span> <span class='ocrx_word' id='word_1_577' title='bbox 318 1991 368 2027; x_wconf 85' lang='grc' dir='ltr'><strong>τήν</strong></span> <span class='ocrx_word' id='word_1_578' title='bbox 381 1991 466 2027; x_wconf 84' lang='grc' dir='ltr'>αὐτὴν</span> <span class='ocrx_word' id='word_1_579' title='bbox 484 1990 539 2025; x_wconf 77' lang='grc' dir='ltr'>ἔχει</span> <span class='ocrx_word' id='word_1_580' title='bbox 554 1989 634 2024; x_wconf 77' lang='grc' dir='ltr'>φύσιν</span> <span class='ocrx_word' id='word_1_581' title='bbox 651 1990 879 2025; x_wconf 81' lang='grc' dir='ltr'>ὑποτασσόμενος,</span> 
     </span>
    </p>
   </div>
   <div class='ocr_carea' id='block_1_74' title="bbox 92 2035 880 2071">
    <p class='ocr_par' dir='ltr' id='par_1_74' title="bbox 92 2035 880 2071">
     <span class='ocr_line' id='line_1_74' title="bbox 92 2035 880 2071; baseline 0.001 -10"><span class='ocrx_word' id='word_1_582' title='bbox 92 2035 152 2070; x_wconf 74' lang='grc' dir='ltr'><strong>οὐχ).</strong></span> <span class='ocrx_word' id='word_1_583' title='bbox 168 2035 247 2070; x_wconf 81' lang='grc' dir='ltr'>φύσει</span> <span class='ocrx_word' id='word_1_584' title='bbox 263 2036 311 2071; x_wconf 84' lang='grc' dir='ltr'>τῆς</span> <span class='ocrx_word' id='word_1_585' title='bbox 326 2035 462 2071; x_wconf 85' lang='grc' dir='ltr'>θεότητος,</span> <span class='ocrx_word' id='word_1_586' title='bbox 476 2035 543 2063; x_wconf 84' lang='grc' dir='ltr'>ἀλλὰ</span> <span class='ocrx_word' id='word_1_587' title='bbox 559 2037 591 2071; x_wconf 84' lang='grc' dir='ltr'><strong>τῇ</strong></span> <span class='ocrx_word' id='word_1_588' title='bbox 610 2036 750 2071; x_wconf 79' lang='grc' dir='ltr'>οἰκονομίᾳ</span> <span class='ocrx_word' id='word_1_589' title='bbox 768 2035 819 2070; x_wconf 85' lang='grc' dir='ltr'>τῆς</span> <span class='ocrx_word' id='word_1_590' title='bbox 832 2036 880 2062; x_wconf 85' lang='grc' dir='ltr'><strong>ἀν-</strong></span> 
     </span>
    </p>
   </div>
   <div class='ocr_carea' id='block_1_75' title="bbox 93 2081 880 2117">
    <p class='ocr_par' dir='ltr' id='par_1_75' title="bbox 93 2081 880 2117">
     <span class='ocr_line' id='line_1_75' title="bbox 93 2081 880 2117; baseline 0.001 -10"><span class='ocrx_word' id='word_1_591' title='bbox 93 2081 276 2117; x_wconf 81' lang='grc' dir='ltr'>(ρωπότητος.</span> <span class='ocrx_word' id='word_1_592' title='bbox 297 2082 325 2109; x_wconf 86' lang='lat'><strong>&#39;0</strong></span> <span class='ocrx_word' id='word_1_593' title='bbox 342 2082 395 2117; x_wconf 80' lang='grc' dir='ltr'><strong>γὰρ</strong></span> <span class='ocrx_word' id='word_1_594' title='bbox 413 2082 632 2117; x_wconf 77' lang='grc' dir='ltr'>ὑποτασσόμενος</span> <span class='ocrx_word' id='word_1_595' title='bbox 647 2081 704 2117; x_wconf 77' lang='grc' dir='ltr'>ἔχει</span> <span class='ocrx_word' id='word_1_596' title='bbox 721 2091 748 2108; x_wconf 88' lang='grc' dir='ltr'><strong>τι</strong></span> <span class='ocrx_word' id='word_1_597' title='bbox 764 2081 880 2117; x_wconf 82' lang='grc' dir='ltr'>θέλημα,</span> 
     </span>
    </p>
   </div>
   <div class='ocr_carea' id='block_1_76' title="bbox 91 2127 882 2164">
    <p class='ocr_par' dir='ltr' id='par_1_76' title="bbox 91 2127 882 2164">
     <span class='ocr_line' id='line_1_76' title="bbox 91 2127 882 2164; baseline 0 -10"><span class='ocrx_word' id='word_1_598' title='bbox 91 2127 106 2153; x_wconf 73' lang='grc' dir='ltr'>ὃ</span> <span class='ocrx_word' id='word_1_599' title='bbox 121 2128 238 2160; x_wconf 78' lang='grc' dir='ltr'>κολάζει,</span> <span class='ocrx_word' id='word_1_600' title='bbox 252 2128 293 2154; x_wconf 80' lang='grc' dir='ltr'>ἵνα</span> <span class='ocrx_word' id='word_1_601' title='bbox 307 2127 337 2154; x_wconf 76' lang='grc' dir='ltr'><strong>τὺ</strong></span> <span class='ocrx_word' id='word_1_602' title='bbox 353 2127 400 2154; x_wconf 76' lang='grc' dir='ltr'>τοῦ</span> <span class='ocrx_word' id='word_1_603' title='bbox 418 2127 633 2162; x_wconf 85' lang='grc' dir='ltr'>προστάσσοντος</span> <span class='ocrx_word' id='word_1_604' title='bbox 649 2128 759 2164; x_wconf 78' lang='grc' dir='ltr'>ποιήσῃ·</span> <span class='ocrx_word' id='word_1_605' title='bbox 775 2128 882 2163; x_wconf 82' lang='grc' dir='ltr'>Πατρὸς</span> 
     </span>
    </p>
   </div>
   <div class='ocr_carea' id='block_1_77' title="bbox 91 2173 845 2209">
    <p class='ocr_par' dir='ltr' id='par_1_77' title="bbox 91 2173 845 2209">
     <span class='ocr_line' id='line_1_77' title="bbox 91 2173 845 2209; baseline -0.003 -9"><span class='ocrx_word' id='word_1_606' title='bbox 91 2174 120 2201; x_wconf 78' lang='grc' dir='ltr'>δὲ</span> <span class='ocrx_word' id='word_1_607' title='bbox 137 2174 183 2200; x_wconf 72' lang='grc' dir='ltr'>καὶ</span> <span class='ocrx_word' id='word_1_608' title='bbox 195 2174 260 2200; x_wconf 78' lang='grc' dir='ltr'><strong>Υἰοῡ</strong></span> <span class='ocrx_word' id='word_1_609' title='bbox 271 2174 300 2200; x_wconf 73' lang='grc' dir='ltr'>ἓν</span> <span class='ocrx_word' id='word_1_610' title='bbox 318 2174 376 2200; x_wconf 81' lang='grc' dir='ltr'>ἐστι</span> <span class='ocrx_word' id='word_1_611' title='bbox 390 2173 494 2209; x_wconf 78' lang='grc' dir='ltr'>θέλημα</span> <span class='ocrx_word' id='word_1_612' title='bbox 507 2173 545 2208; x_wconf 82' lang='grc' dir='ltr'>τῷ</span> <span class='ocrx_word' id='word_1_613' title='bbox 561 2173 632 2209; x_wconf 81' lang='grc' dir='ltr'>λόγῳ</span> <span class='ocrx_word' id='word_1_614' title='bbox 645 2173 694 2209; x_wconf 83' lang='grc' dir='ltr'><strong>τῆς</strong></span> <span class='ocrx_word' id='word_1_615' title='bbox 711 2173 845 2208; x_wconf 80' lang='grc' dir='ltr'>θεότητος.</span> 
     </span>
    </p>
   </div>
   <div class='ocr_carea' id='block_1_78' title="bbox 930 1569 1719 1607">
    <p class='ocr_par' dir='ltr' id='par_1_78' title="bbox 930 1569 1719 1607">
     <span class='ocr_line' id='line_1_78' title="bbox 930 1569 1719 1607; baseline -0.004 -8"><span class='ocrx_word' id='word_1_616' title='bbox 930 1579 1030 1607; x_wconf 84' lang='lat' dir='ltr'><strong>pecora</strong></span> <span class='ocrx_word' id='word_1_617' title='bbox 1040 1572 1151 1606; x_wconf 89' lang='lat' dir='ltr'><strong>quidem</strong></span> <span class='ocrx_word' id='word_1_618' title='bbox 1167 1576 1277 1602; x_wconf 88' lang='lat' dir='ltr'><strong>natura,</strong></span> <span class='ocrx_word' id='word_1_619' title='bbox 1292 1575 1387 1607; x_wconf 81' lang='lat' dir='ltr'><strong>gentes</strong></span> <span class='ocrx_word' id='word_1_620' title='bbox 1406 1570 1466 1603; x_wconf 80' lang='lat' dir='ltr'><strong>ﬁde,</strong></span> <span class='ocrx_word' id='word_1_621' title='bbox 1484 1571 1556 1598; x_wconf 89' lang='lat' dir='ltr'><strong>servi</strong></span> <span class='ocrx_word' id='word_1_622' title='bbox 1567 1571 1636 1606; x_wconf 77' lang='lat' dir='ltr'><strong>lege.</strong></span> <span class='ocrx_word' id='word_1_623' title='bbox 1649 1569 1719 1599; x_wconf 82' lang='lat' dir='ltr'><strong>Pos-</strong></span> 
     </span>
    </p>
   </div>
   <div class='ocr_carea' id='block_1_79' title="bbox 931 1616 1716 1653">
    <p class='ocr_par' dir='ltr' id='par_1_79' title="bbox 931 1616 1716 1653">
     <span class='ocr_line' id='line_1_79' title="bbox 931 1616 1716 1653; baseline -0.004 -8"><span class='ocrx_word' id='word_1_624' title='bbox 931 1622 996 1646; x_wconf 76' lang='lat' dir='ltr'><strong>sunt</strong></span> <span class='ocrx_word' id='word_1_625' title='bbox 1012 1618 1085 1646; x_wconf 91' lang='lat' dir='ltr'><strong>enim</strong></span> <span class='ocrx_word' id='word_1_626' title='bbox 1102 1618 1175 1645; x_wconf 80' lang='lat' dir='ltr'><strong>servi</strong></span> <span class='ocrx_word' id='word_1_627' title='bbox 1191 1618 1310 1645; x_wconf 88' lang='lat' dir='ltr'><strong>dominis</strong></span> <span class='ocrx_word' id='word_1_628' title='bbox 1332 1618 1399 1653; x_wconf 88' lang='lat' dir='ltr'><strong>ipsis</strong></span> <span class='ocrx_word' id='word_1_629' title='bbox 1421 1617 1521 1644; x_wconf 87' lang='lat' dir='ltr'><strong>virtute</strong></span> <span class='ocrx_word' id='word_1_630' title='bbox 1543 1616 1716 1644; x_wconf 87' lang='lat' dir='ltr'><strong>antecellere.</strong></span> 
     </span>
    </p>
   </div>
   <div class='ocr_carea' id='block_1_80' title="bbox 932 1661 1717 1699">
    <p class='ocr_par' dir='ltr' id='par_1_80' title="bbox 932 1661 1717 1699">
     <span class='ocr_line' id='line_1_80' title="bbox 932 1661 1717 1699; baseline -0.005 -7"><span class='ocrx_word' id='word_1_631' title='bbox 932 1664 1034 1692; x_wconf 66' lang='grc' dir='ltr'>Μαι-σά.</span> <span class='ocrx_word' id='word_1_632' title='bbox 1057 1664 1105 1692; x_wconf 86' lang='lat' dir='ltr'><strong>Est</strong></span> <span class='ocrx_word' id='word_1_633' title='bbox 1119 1664 1147 1691; x_wconf 91' lang='lat' dir='ltr'><strong>in</strong></span> <span class='ocrx_word' id='word_1_634' title='bbox 1160 1663 1286 1692; x_wconf 82' lang='lat' dir='ltr'><strong>confesso</strong></span> <span class='ocrx_word' id='word_1_635' title='bbox 1311 1663 1380 1691; x_wconf 84' lang='lat' dir='ltr'><strong>alios</strong></span> <span class='ocrx_word' id='word_1_636' title='bbox 1396 1667 1477 1699; x_wconf 85' lang='lat' dir='ltr'><strong>atque</strong></span> <span class='ocrx_word' id='word_1_637' title='bbox 1492 1663 1560 1690; x_wconf 80' lang='lat' dir='ltr'><strong>alias</strong></span> <span class='ocrx_word' id='word_1_638' title='bbox 1575 1669 1636 1690; x_wconf 82' lang='lat' dir='ltr'><strong>esse</strong></span> <span class='ocrx_word' id='word_1_639' title='bbox 1651 1661 1717 1689; x_wconf 77' lang='lat' dir='ltr'><strong>sub-</strong></span> 
     </span>
    </p>
   </div>
   <div class='ocr_carea' id='block_1_81' title="bbox 929 1708 1717 1746">
    <p class='ocr_par' dir='ltr' id='par_1_81' title="bbox 929 1708 1717 1746">
     <span class='ocr_line' id='line_1_81' title="bbox 929 1708 1717 1746; baseline -0.004 -8"><span class='ocrx_word' id='word_1_640' title='bbox 929 1711 1057 1746; x_wconf 61' lang='lat' dir='ltr'><strong>jectionis</strong></span> <span class='ocrx_word' id='word_1_641' title='bbox 1073 1710 1179 1739; x_wconf 85' lang='lat' dir='ltr'><strong>modos.</strong></span> <span class='ocrx_word' id='word_1_642' title='bbox 1198 1710 1273 1738; x_wconf 76' lang='lat' dir='ltr'><strong>Ortlt.</strong></span> <span class='ocrx_word' id='word_1_643' title='bbox 1290 1710 1363 1744; x_wconf 87' lang='lat' dir='ltr'><strong>Quin</strong></span> <span class='ocrx_word' id='word_1_644' title='bbox 1383 1715 1410 1738; x_wconf 86' lang='lat' dir='ltr'><strong>ct</strong></span> <span class='ocrx_word' id='word_1_645' title='bbox 1427 1716 1477 1737; x_wconf 92' lang='lat' dir='ltr'><strong>nos</strong></span> <span class='ocrx_word' id='word_1_646' title='bbox 1497 1709 1567 1737; x_wconf 86' lang='lat' dir='ltr'><strong>alius</strong></span> <span class='ocrx_word' id='word_1_647' title='bbox 1587 1709 1632 1736; x_wconf 88' lang='lat' dir='ltr'><strong>alii</strong></span> <span class='ocrx_word' id='word_1_648' title='bbox 1651 1708 1717 1736; x_wconf 86' lang='lat' dir='ltr'><strong>sub-</strong></span> 
     </span>
    </p>
   </div>
   <div class='ocr_carea' id='block_1_82' title="bbox 928 1755 1717 1792">
    <p class='ocr_par' dir='ltr' id='par_1_82' title="bbox 928 1755 1717 1792">
     <span class='ocr_line' id='line_1_82' title="bbox 928 1755 1717 1792; baseline -0.005 -9"><span class='ocrx_word' id='word_1_649' title='bbox 928 1756 994 1791; x_wconf 89' lang='lat' dir='ltr'><strong>jecti</strong></span> <span class='ocrx_word' id='word_1_650' title='bbox 1013 1764 1108 1784; x_wconf 90' lang='lat' dir='ltr'><strong>sumus</strong></span> <span class='ocrx_word' id='word_1_651' title='bbox 1124 1764 1172 1792; x_wconf 88' lang='lat' dir='ltr'><strong>per</strong></span> <span class='ocrx_word' id='word_1_652' title='bbox 1184 1755 1357 1787; x_wconf 88' lang='lat' dir='ltr'><strong>charitatem,</strong></span> <span class='ocrx_word' id='word_1_653' title='bbox 1373 1763 1428 1782; x_wconf 88' lang='lat' dir='ltr'><strong>non</strong></span> <span class='ocrx_word' id='word_1_654' title='bbox 1443 1759 1473 1782; x_wconf 87' lang='lat' dir='ltr'><strong>ut</strong></span> <span class='ocrx_word' id='word_1_655' title='bbox 1489 1761 1587 1790; x_wconf 88' lang='lat' dir='ltr'><strong>pecora</strong></span> <span class='ocrx_word' id='word_1_656' title='bbox 1604 1758 1717 1781; x_wconf 89' lang='lat' dir='ltr'><strong>natura-</strong></span> 
     </span>
    </p>
   </div>
   <div class='ocr_carea' id='block_1_83' title="bbox 931 1800 1715 1837">
    <p class='ocr_par' dir='ltr' id='par_1_83' title="bbox 931 1800 1715 1837">
     <span class='ocr_line' id='line_1_83' title="bbox 931 1800 1715 1837; baseline -0.005 -8"><span class='ocrx_word' id='word_1_657' title='bbox 931 1802 1004 1833; x_wconf 88' lang='lat' dir='ltr'><strong>liter,</strong></span> <span class='ocrx_word' id='word_1_658' title='bbox 1032 1810 1119 1837; x_wconf 85' lang='lat' dir='ltr'><strong>neque</strong></span> <span class='ocrx_word' id='word_1_659' title='bbox 1146 1806 1175 1829; x_wconf 88' lang='lat' dir='ltr'><strong>ut</strong></span> <span class='ocrx_word' id='word_1_660' title='bbox 1192 1807 1286 1837; x_wconf 74' lang='lat' dir='ltr'><strong>gentes</strong></span> <span class='ocrx_word' id='word_1_661' title='bbox 1312 1801 1375 1834; x_wconf 79' lang='lat' dir='ltr'><strong>ﬁde,</strong></span> <span class='ocrx_word' id='word_1_662' title='bbox 1400 1809 1489 1836; x_wconf 91' lang='lat' dir='ltr'><strong>neque</strong></span> <span class='ocrx_word' id='word_1_663' title='bbox 1508 1803 1538 1828; x_wconf 84' lang='lat' dir='ltr'><strong>ut</strong></span> <span class='ocrx_word' id='word_1_664' title='bbox 1557 1800 1629 1828; x_wconf 84' lang='lat' dir='ltr'><strong>servi</strong></span> <span class='ocrx_word' id='word_1_665' title='bbox 1649 1800 1715 1834; x_wconf 77' lang='lat' dir='ltr'><strong>lege.</strong></span> 
     </span>
    </p>
   </div>
   <div class='ocr_carea' id='block_1_84' title="bbox 932 1848 1718 1884">
    <p class='ocr_par' dir='ltr' id='par_1_84' title="bbox 932 1848 1718 1884">
     <span class='ocr_line' id='line_1_84' title="bbox 932 1848 1718 1884; baseline -0.006 -8"><span class='ocrx_word' id='word_1_666' title='bbox 932 1848 1036 1877; x_wconf 79' lang='lat' dir='ltr'><strong>Maced.</strong></span> <span class='ocrx_word' id='word_1_667' title='bbox 1052 1848 1144 1884; x_wconf 88' lang='lat' dir='ltr'><strong>Neque</strong></span> <span class='ocrx_word' id='word_1_668' title='bbox 1155 1853 1185 1875; x_wconf 92' lang='lat' dir='ltr'><strong>ut</strong></span> <span class='ocrx_word' id='word_1_669' title='bbox 1199 1855 1308 1884; x_wconf 79' lang='lat' dir='ltr'><strong>pecora,</strong></span> <span class='ocrx_word' id='word_1_670' title='bbox 1325 1855 1412 1882; x_wconf 88' lang='lat' dir='ltr'><strong>neque</strong></span> <span class='ocrx_word' id='word_1_671' title='bbox 1426 1851 1455 1874; x_wconf 92' lang='lat' dir='ltr'><strong>ut</strong></span> <span class='ocrx_word' id='word_1_672' title='bbox 1468 1850 1573 1882; x_wconf 82' lang='lat' dir='ltr'><strong>gentes,</strong></span> <span class='ocrx_word' id='word_1_673' title='bbox 1586 1852 1676 1880; x_wconf 89' lang='lat' dir='ltr'><strong>neque</strong></span> <span class='ocrx_word' id='word_1_674' title='bbox 1688 1848 1718 1871; x_wconf 90' lang='lat' dir='ltr'><strong>ut</strong></span> 
     </span>
    </p>
   </div>
   <div class='ocr_carea' id='block_1_85' title="bbox 932 1890 1719 1930">
    <p class='ocr_par' dir='ltr' id='par_1_85' title="bbox 932 1890 1719 1930">
     <span class='ocr_line' id='line_1_85' title="bbox 932 1890 1719 1930; baseline -0.009 -7"><span class='ocrx_word' id='word_1_675' title='bbox 932 1897 1014 1928; x_wconf 89' lang='lat' dir='ltr'><strong>servi,</strong></span> <span class='ocrx_word' id='word_1_676' title='bbox 1031 1895 1079 1923; x_wconf 88' lang='lat' dir='ltr'><strong>sed</strong></span> <span class='ocrx_word' id='word_1_677' title='bbox 1094 1903 1142 1930; x_wconf 93' lang='lat' dir='ltr'><strong>per</strong></span> <span class='ocrx_word' id='word_1_678' title='bbox 1159 1894 1266 1921; x_wconf 89' lang='lat' dir='ltr'><strong>Domini</strong></span> <span class='ocrx_word' id='word_1_679' title='bbox 1281 1893 1465 1921; x_wconf 86' lang='lat' dir='ltr'><strong>dilectionem.</strong></span> <span class='ocrx_word' id='word_1_680' title='bbox 1483 1892 1559 1920; x_wconf 83' lang='lat' dir='ltr'><strong>Orlh.</strong></span> <span class='ocrx_word' id='word_1_681' title='bbox 1581 1890 1648 1918; x_wconf 92' lang='lat' dir='ltr'><strong>Cum</strong></span> <span class='ocrx_word' id='word_1_682' title='bbox 1668 1891 1719 1926; x_wconf 72' lang='lat' dir='ltr'><strong>igi-</strong></span> 
     </span>
    </p>
   </div>
   <div class='ocr_carea' id='block_1_86' title="bbox 932 1937 1719 1976">
    <p class='ocr_par' dir='ltr' id='par_1_86' title="bbox 932 1937 1719 1976">
     <span class='ocr_line' id='line_1_86' title="bbox 932 1937 1719 1976; baseline -0.005 -8"><span class='ocrx_word' id='word_1_683' title='bbox 932 1946 977 1969; x_wconf 66' lang='lat' dir='ltr'><strong>tur</strong></span> <span class='ocrx_word' id='word_1_684' title='bbox 991 1941 1076 1969; x_wconf 88' lang='lat' dir='ltr'><strong>Filius</strong></span> <span class='ocrx_word' id='word_1_685' title='bbox 1090 1941 1165 1968; x_wconf 88' lang='lat' dir='ltr'><strong>Patri</strong></span> <span class='ocrx_word' id='word_1_686' title='bbox 1181 1941 1321 1976; x_wconf 86' lang='lat' dir='ltr'><strong>subjectus</strong></span> <span class='ocrx_word' id='word_1_687' title='bbox 1337 1940 1383 1972; x_wconf 90' lang='lat' dir='ltr'><strong>sit,</strong></span> <span class='ocrx_word' id='word_1_688' title='bbox 1402 1939 1546 1974; x_wconf 83' lang='lat' dir='ltr'><strong>subjicitur</strong></span> <span class='ocrx_word' id='word_1_689' title='bbox 1561 1939 1599 1966; x_wconf 93' lang='lat' dir='ltr'><strong>illi</strong></span> <span class='ocrx_word' id='word_1_690' title='bbox 1616 1937 1656 1966; x_wconf 91' lang='lat' dir='ltr'><strong>vel</strong></span> <span class='ocrx_word' id='word_1_691' title='bbox 1671 1944 1719 1972; x_wconf 92' lang='lat' dir='ltr'><strong>per</strong></span> 
     </span>
    </p>
   </div>
   <div class='ocr_carea' id='block_1_87' title="bbox 932 1984 1718 2023">
    <p class='ocr_par' dir='ltr' id='par_1_87' title="bbox 932 1984 1718 2023">
     <span class='ocr_line' id='line_1_87' title="bbox 932 1984 1718 2023; baseline -0.006 -8"><span class='ocrx_word' id='word_1_692' title='bbox 932 1991 1069 2019; x_wconf 77' lang='lat' dir='ltr'><strong>naturam,</strong></span> <span class='ocrx_word' id='word_1_693' title='bbox 1086 1990 1115 2014; x_wconf 90' lang='lat' dir='ltr'><strong>ut</strong></span> <span class='ocrx_word' id='word_1_694' title='bbox 1135 1995 1233 2023; x_wconf 88' lang='lat' dir='ltr'><strong>pecora</strong></span> <span class='ocrx_word' id='word_1_695' title='bbox 1248 1986 1405 2014; x_wconf 87' lang='lat' dir='ltr'><strong>hominibus</strong></span> <span class='ocrx_word' id='word_1_696' title='bbox 1419 1994 1425 2013; x_wconf 89' lang='lat'><em>:</em></span> <span class='ocrx_word' id='word_1_697' title='bbox 1438 1986 1480 2013; x_wconf 90' lang='lat' dir='ltr'><strong>vel</strong></span> <span class='ocrx_word' id='word_1_698' title='bbox 1503 1993 1551 2020; x_wconf 85' lang='lat' dir='ltr'><strong>per</strong></span> <span class='ocrx_word' id='word_1_699' title='bbox 1572 1984 1670 2019; x_wconf 78' lang='lat' dir='ltr'><strong>legem,</strong></span> <span class='ocrx_word' id='word_1_700' title='bbox 1688 1988 1718 2009; x_wconf 81' lang='lat' dir='ltr'><strong>ut</strong></span> 
     </span>
    </p>
   </div>
   <div class='ocr_carea' id='block_1_88' title="bbox 932 2029 1719 2069">
    <p class='ocr_par' dir='ltr' id='par_1_88' title="bbox 932 2029 1719 2069">
     <span class='ocr_line' id='line_1_88' title="bbox 932 2029 1719 2069; baseline -0.008 -8"><span class='ocrx_word' id='word_1_701' title='bbox 932 2034 1005 2061; x_wconf 84' lang='lat' dir='ltr'><strong>servi</strong></span> <span class='ocrx_word' id='word_1_702' title='bbox 1023 2043 1029 2061; x_wconf 92' lang='lat'><strong>:</strong></span> <span class='ocrx_word' id='word_1_703' title='bbox 1043 2034 1087 2061; x_wconf 81' lang='lat' dir='ltr'><strong>vel</strong></span> <span class='ocrx_word' id='word_1_704' title='bbox 1101 2041 1149 2069; x_wconf 89' lang='lat' dir='ltr'><strong>per</strong></span> <span class='ocrx_word' id='word_1_705' title='bbox 1166 2033 1256 2065; x_wconf 84' lang='lat' dir='ltr'><strong>ﬁdem,</strong></span> <span class='ocrx_word' id='word_1_706' title='bbox 1273 2037 1302 2060; x_wconf 90' lang='lat' dir='ltr'><strong>ut</strong></span> <span class='ocrx_word' id='word_1_707' title='bbox 1314 2036 1441 2068; x_wconf 89' lang='lat' dir='ltr'><strong>peccator</strong></span> <span class='ocrx_word' id='word_1_708' title='bbox 1455 2041 1461 2058; x_wconf 92' lang='lat'>:</span> <span class='ocrx_word' id='word_1_709' title='bbox 1476 2031 1519 2059; x_wconf 85' lang='lat' dir='ltr'><strong>vel</strong></span> <span class='ocrx_word' id='word_1_710' title='bbox 1535 2038 1582 2066; x_wconf 91' lang='lat' dir='ltr'><strong>per</strong></span> <span class='ocrx_word' id='word_1_711' title='bbox 1595 2029 1719 2057; x_wconf 88' lang='lat' dir='ltr'><strong>dilectio-</strong></span> 
     </span>
    </p>
   </div>
   <div class='ocr_carea' id='block_1_89' title="bbox 932 2075 1719 2112">
    <p class='ocr_par' dir='ltr' id='par_1_89' title="bbox 932 2075 1719 2112">
     <span class='ocr_line' id='line_1_89' title="bbox 932 2075 1719 2112; baseline -0.008 -5"><span class='ocrx_word' id='word_1_712' title='bbox 932 2088 1006 2112; x_wconf 91' lang='lat' dir='ltr'><strong>nem,</strong></span> <span class='ocrx_word' id='word_1_713' title='bbox 1024 2085 1053 2107; x_wconf 91' lang='lat' dir='ltr'><strong>ut</strong></span> <span class='ocrx_word' id='word_1_714' title='bbox 1070 2079 1166 2108; x_wconf 85' lang='lat' dir='ltr'><strong>Filius.</strong></span> <span class='ocrx_word' id='word_1_715' title='bbox 1187 2079 1274 2107; x_wconf 84' lang='lat' dir='ltr'><strong>Filius</strong></span> <span class='ocrx_word' id='word_1_716' title='bbox 1296 2083 1387 2107; x_wconf 86' lang='lat' dir='ltr'><strong>autem</strong></span> <span class='ocrx_word' id='word_1_717' title='bbox 1401 2078 1524 2106; x_wconf 85' lang='lat' dir='ltr'><strong>eamdem</strong></span> <span class='ocrx_word' id='word_1_718' title='bbox 1541 2083 1622 2111; x_wconf 90' lang='lat' dir='ltr'><strong>quam</strong></span> <span class='ocrx_word' id='word_1_719' title='bbox 1639 2075 1719 2102; x_wconf 84' lang='lat' dir='ltr'><strong>Pater</strong></span> 
     </span>
    </p>
   </div>
   <div class='ocr_carea' id='block_1_90' title="bbox 932 2121 1718 2161">
    <p class='ocr_par' dir='ltr' id='par_1_90' title="bbox 932 2121 1718 2161">
     <span class='ocr_line' id='line_1_90' title="bbox 932 2121 1718 2161; baseline -0.01 -7"><span class='ocrx_word' id='word_1_720' title='bbox 932 2127 1014 2154; x_wconf 84' lang='lat' dir='ltr'><strong>habet</strong></span> <span class='ocrx_word' id='word_1_721' title='bbox 1033 2131 1172 2160; x_wconf 90' lang='lat' dir='ltr'><strong>naturam,</strong></span> <span class='ocrx_word' id='word_1_722' title='bbox 1193 2127 1334 2161; x_wconf 84' lang='lat' dir='ltr'><strong>subjectus</strong></span> <span class='ocrx_word' id='word_1_723' title='bbox 1349 2133 1403 2152; x_wconf 92' lang='lat' dir='ltr'><strong>non</strong></span> <span class='ocrx_word' id='word_1_724' title='bbox 1418 2130 1517 2152; x_wconf 89' lang='lat' dir='ltr'><strong>natura</strong></span> <span class='ocrx_word' id='word_1_725' title='bbox 1532 2122 1651 2153; x_wconf 77' lang='lat' dir='ltr'><strong>deitatis,</strong></span> <span class='ocrx_word' id='word_1_726' title='bbox 1671 2121 1718 2148; x_wconf 76' lang='lat' dir='ltr'><strong>sed</strong></span> 
     </span>
    </p>
   </div>
   <div class='ocr_carea' id='block_1_91' title="bbox 933 2169 1719 2205">
    <p class='ocr_par' dir='ltr' id='par_1_91' title="bbox 933 2169 1719 2205">
     <span class='ocr_line' id='line_1_91' title="bbox 933 2169 1719 2205; baseline -0.009 -5"><span class='ocrx_word' id='word_1_727' title='bbox 933 2174 1086 2201; x_wconf 69' lang='lat' dir='ltr'><strong>oeconomia</strong></span> <span class='ocrx_word' id='word_1_728' title='bbox 1112 2174 1302 2201; x_wconf 85' lang='lat' dir='ltr'><strong>humanitatis.</strong></span> <span class='ocrx_word' id='word_1_729' title='bbox 1326 2172 1379 2205; x_wconf 88' lang='lat' dir='ltr'><strong>Qui</strong></span> <span class='ocrx_word' id='word_1_730' title='bbox 1396 2172 1469 2199; x_wconf 88' lang='lat' dir='ltr'><strong>enitn</strong></span> <span class='ocrx_word' id='word_1_731' title='bbox 1493 2169 1648 2204; x_wconf 89' lang='lat' dir='ltr'><strong>subjicitur,</strong></span> <span class='ocrx_word' id='word_1_732' title='bbox 1669 2174 1719 2193; x_wconf 90' lang='lat' dir='ltr'><strong>vo-</strong></span> 
     </span>
    </p>
   </div>
   <div class='ocr_carea' id='block_1_92' title="bbox 94 2213 1719 2256">
    <p class='ocr_par' dir='ltr' id='par_1_92' title="bbox 94 2213 1719 2256">
     <span class='ocr_line' id='line_1_92' title="bbox 94 2213 1719 2256; baseline -0.004 -10"><span class='ocrx_word' id='word_1_733' title='bbox 94 2220 225 2247; x_wconf 84' lang='lat' dir='ltr'><strong>luntatem</strong></span> <span class='ocrx_word' id='word_1_734' title='bbox 250 2219 368 2253; x_wconf 86' lang='lat' dir='ltr'><strong>aliquam</strong></span> <span class='ocrx_word' id='word_1_735' title='bbox 391 2219 482 2251; x_wconf 89' lang='lat' dir='ltr'><strong>habet,</strong></span> <span class='ocrx_word' id='word_1_736' title='bbox 498 2227 579 2255; x_wconf 89' lang='lat' dir='ltr'><strong>quam</strong></span> <span class='ocrx_word' id='word_1_737' title='bbox 600 2220 756 2255; x_wconf 79' lang='lat' dir='ltr'><strong>comprimit</strong></span> <span class='ocrx_word' id='word_1_738' title='bbox 784 2225 813 2246; x_wconf 89' lang='lat' dir='ltr'><strong>ut</strong></span> <span class='ocrx_word' id='word_1_739' title='bbox 832 2219 998 2249; x_wconf 85' lang='lat' dir='ltr'><strong>voluntatem</strong></span> <span class='ocrx_word' id='word_1_740' title='bbox 1016 2221 1200 2256; x_wconf 76' lang='lat' dir='ltr'><strong>przecipientis</strong></span> <span class='ocrx_word' id='word_1_741' title='bbox 1228 2225 1401 2255; x_wconf 81' lang='lat' dir='ltr'><strong>exsequatur.</strong></span> <span class='ocrx_word' id='word_1_742' title='bbox 1419 2218 1454 2244; x_wconf 85' lang='lat' dir='ltr'><strong>At</strong></span> <span class='ocrx_word' id='word_1_743' title='bbox 1490 2216 1579 2243; x_wconf 85' lang='lat' dir='ltr'><strong>Patris</strong></span> <span class='ocrx_word' id='word_1_744' title='bbox 1613 2219 1640 2242; x_wconf 79' lang='lat' dir='ltr'><strong>et</strong></span> <span class='ocrx_word' id='word_1_745' title='bbox 1673 2213 1719 2240; x_wconf 84' lang='lat' dir='ltr'><strong>Fi-</strong></span> 
     </span>
    </p>
   </div>
   <div class='ocr_carea' id='block_1_93' title="bbox 94 2268 665 2300">
    <p class='ocr_par' dir='ltr' id='par_1_93' title="bbox 94 2268 665 2300">
     <span class='ocr_line' id='line_1_93' title="bbox 94 2268 665 2300; baseline 0 -5"><span class='ocrx_word' id='word_1_746' title='bbox 94 2269 123 2296; x_wconf 73' lang='lat' dir='ltr'><strong>lii</strong></span> <span class='ocrx_word' id='word_1_747' title='bbox 138 2269 264 2296; x_wconf 85' lang='lat' dir='ltr'><strong>voluntas</strong></span> <span class='ocrx_word' id='word_1_748' title='bbox 278 2274 320 2295; x_wconf 86' lang='lat' dir='ltr'><strong>est</strong></span> <span class='ocrx_word' id='word_1_749' title='bbox 338 2269 402 2300; x_wconf 78' lang='lat' dir='ltr'><strong>una,</strong></span> <span class='ocrx_word' id='word_1_750' title='bbox 419 2268 527 2295; x_wconf 88' lang='lat' dir='ltr'><strong>ratione</strong></span> <span class='ocrx_word' id='word_1_751' title='bbox 544 2269 665 2296; x_wconf 86' lang='lat' dir='ltr'><strong>deitatis.</strong></span> 
     </span>
    </p>
   </div>
   <div class='ocr_carea' id='block_1_94' title="bbox 130 2308 880 2352">
    <p class='ocr_par' dir='ltr' id='par_1_94' title="bbox 130 2313 879 2352">
     <span class='ocr_line' id='line_1_94' title="bbox 130 2313 879 2352; baseline -0.001 -9"><span class='ocrx_word' id='word_1_752' title='bbox 130 2317 172 2344; x_wconf 76' lang='grc'>19.</span> <span class='ocrx_word' id='word_1_753' title='bbox 192 2316 302 2344; x_wconf 59' lang='lat' dir='ltr'><strong>Maneo.</strong></span> <span class='ocrx_word' id='word_1_754' title='bbox 319 2317 381 2348; x_wconf 84' lang='grc' dir='ltr'><strong>Πῶς</strong></span> <span class='ocrx_word' id='word_1_755' title='bbox 390 2313 435 2343; x_wconf 78' lang='grc' dir='ltr'><strong>οὖν</strong></span> <span class='ocrx_word' id='word_1_756' title='bbox 446 2316 609 2352; x_wconf 76' lang='grc' dir='ltr'>γέγραπται·</span> <span class='ocrx_word' id='word_1_757' title='bbox 627 2327 636 2343; x_wconf 80' lang='grc' dir='ltr'><strong>ι</strong></span> <span class='ocrx_word' id='word_1_758' title='bbox 656 2317 791 2352; x_wconf 83' lang='grc' dir='ltr'>Ὑπήκοος</span> <span class='ocrx_word' id='word_1_759' title='bbox 803 2316 879 2351; x_wconf 83' lang='grc' dir='ltr'>γενό-</span> 
     </span>
    </p>
   </div>
   <div class='ocr_carea' id='block_1_95' title="bbox 932 2308 1719 2352">
    <p class='ocr_par' dir='ltr' id='par_1_95' title="bbox 967 2308 1719 2347">
     <span class='ocr_line' id='line_1_95' title="bbox 967 2308 1719 2347; baseline -0.009 -5"><span class='ocrx_word' id='word_1_760' title='bbox 967 2314 1011 2342; x_wconf 88' lang='lat' dir='ltr'><strong>l9.</strong></span> <span class='ocrx_word' id='word_1_761' title='bbox 1034 2314 1139 2342; x_wconf 80' lang='lat' dir='ltr'><strong>Mrtced.</strong></span> <span class='ocrx_word' id='word_1_762' title='bbox 1157 2313 1300 2346; x_wconf 86' lang='lat' dir='ltr'><strong>Quomodo</strong></span> <span class='ocrx_word' id='word_1_763' title='bbox 1316 2312 1399 2347; x_wconf 77' lang='lat' dir='ltr'><strong>igitur</strong></span> <span class='ocrx_word' id='word_1_764' title='bbox 1416 2311 1547 2345; x_wconf 84' lang='lat' dir='ltr'><strong>scriptum</strong></span> <span class='ocrx_word' id='word_1_765' title='bbox 1564 2313 1626 2338; x_wconf 86' lang='lat' dir='ltr'><strong>est:</strong></span> <span class='ocrx_word' id='word_1_766' title='bbox 1641 2318 1651 2334; x_wconf 84' lang='grc'><strong><em>‹</em></strong></span> <span class='ocrx_word' id='word_1_767' title='bbox 1666 2308 1719 2336; x_wconf 79' lang='lat' dir='ltr'><strong>Fa-</strong></span> 
     </span>
    </p>
   </div>
   <div class='ocr_carea' id='block_1_96' title="bbox 94 2362 880 2398">
    <p class='ocr_par' dir='ltr' id='par_1_96' title="bbox 94 2362 880 2398">
     <span class='ocr_line' id='line_1_96' title="bbox 94 2362 880 2398; baseline 0 -9"><span class='ocrx_word' id='word_1_768' title='bbox 94 2370 174 2398; x_wconf 76' lang='grc' dir='ltr'>μενος</span> <span class='ocrx_word' id='word_1_769' title='bbox 194 2362 273 2398; x_wconf 78' lang='grc' dir='ltr'>μέχρι</span> <span class='ocrx_word' id='word_1_770' title='bbox 291 2362 416 2389; x_wconf 77' lang='grc' dir='ltr'>Θανάτου’</span> <span class='ocrx_word' id='word_1_771' title='bbox 433 2373 443 2388; x_wconf 83' lang='grc'><strong>›</strong></span> <span class='ocrx_word' id='word_1_772' title='bbox 466 2364 523 2395; x_wconf 69' lang='grc' dir='ltr'>καὶ,</span> <span class='ocrx_word' id='word_1_773' title='bbox 544 2373 553 2388; x_wconf 84' lang='grc'><strong><em>‹</em></strong></span> <span class='ocrx_word' id='word_1_774' title='bbox 575 2363 658 2390; x_wconf 83' lang='grc' dir='ltr'>Ὅταν</span> <span class='ocrx_word' id='word_1_775' title='bbox 671 2363 699 2389; x_wconf 77' lang='grc' dir='ltr'>δὲ</span> <span class='ocrx_word' id='word_1_776' title='bbox 719 2363 792 2398; x_wconf 85' lang='grc' dir='ltr'>αὑτῷ</span> <span class='ocrx_word' id='word_1_777' title='bbox 814 2363 880 2389; x_wconf 79' lang='grc' dir='ltr'>ὑπο-</span> 
     </span>
    </p>
   </div>
   <div class='ocr_carea' id='block_1_97' title="bbox 92 2409 882 2445">
    <p class='ocr_par' dir='ltr' id='par_1_97' title="bbox 92 2409 882 2445">
     <span class='ocr_line' id='line_1_97' title="bbox 92 2409 882 2445; baseline -0.001 -9"><span class='ocrx_word' id='word_1_778' title='bbox 92 2410 163 2444; x_wconf 68' lang='grc' dir='ltr'>ταγῇ</span> <span class='ocrx_word' id='word_1_779' title='bbox 179 2409 277 2442; x_wconf 77' lang='grc' dir='ltr'>πάντα,</span> <span class='ocrx_word' id='word_1_780' title='bbox 294 2409 354 2436; x_wconf 73' lang='grc' dir='ltr'>τότε</span> <span class='ocrx_word' id='word_1_781' title='bbox 367 2410 414 2436; x_wconf 78' lang='grc' dir='ltr'>καὶ</span> <span class='ocrx_word' id='word_1_782' title='bbox 429 2409 508 2440; x_wconf 71' lang='grc' dir='ltr'>αὐτὸς</span> <span class='ocrx_word' id='word_1_783' title='bbox 523 2410 536 2436; x_wconf 83' lang='grc' dir='ltr'>ὁ</span> <span class='ocrx_word' id='word_1_784' title='bbox 549 2409 612 2441; x_wconf 72' lang='grc' dir='ltr'><strong>Υἱὸς</strong></span> <span class='ocrx_word' id='word_1_785' title='bbox 624 2410 826 2445; x_wconf 83' lang='grc' dir='ltr'>ὑποταγήσεται</span> <span class='ocrx_word' id='word_1_786' title='bbox 842 2409 882 2444; x_wconf 78' lang='grc' dir='ltr'>τῷ</span> 
     </span>
    </p>
   </div>
   <div class='ocr_carea' id='block_1_98' title="bbox 93 2454 882 2493">
    <p class='ocr_par' dir='ltr' id='par_1_98' title="bbox 93 2454 882 2493">
     <span class='ocr_line' id='line_1_98' title="bbox 93 2454 882 2493; baseline -0.001 -11"><span class='ocrx_word' id='word_1_787' title='bbox 93 2455 257 2488; x_wconf 80' lang='grc' dir='ltr'>ὑποτάξαντι</span> <span class='ocrx_word' id='word_1_788' title='bbox 272 2455 345 2492; x_wconf 77' lang='grc' dir='ltr'>αὐτῷ</span> <span class='ocrx_word' id='word_1_789' title='bbox 355 2456 390 2483; x_wconf 81' lang='grc' dir='ltr'>τὰ</span> <span class='ocrx_word' id='word_1_790' title='bbox 404 2457 502 2488; x_wconf 79' lang='grc' dir='ltr'>πάντα,</span> <span class='ocrx_word' id='word_1_791' title='bbox 516 2454 586 2493; x_wconf 82' lang='grc' dir='ltr'><strong>ἳναῇ</strong></span> <span class='ocrx_word' id='word_1_792' title='bbox 601 2456 615 2482; x_wconf 82' lang='grc' dir='ltr'>ὁ</span> <span class='ocrx_word' id='word_1_793' title='bbox 627 2456 691 2487; x_wconf 82' lang='grc' dir='ltr'>Θεὸς</span> <span class='ocrx_word' id='word_1_794' title='bbox 705 2456 738 2482; x_wconf 71' lang='grc' dir='ltr'><strong>τὰ</strong></span> <span class='ocrx_word' id='word_1_795' title='bbox 753 2456 841 2482; x_wconf 81' lang='grc' dir='ltr'>πάντα</span> <span class='ocrx_word' id='word_1_796' title='bbox 854 2457 882 2481; x_wconf 77' lang='grc' dir='ltr'>ἐν</span> 
     </span>
    </p>
   </div>
   <div class='ocr_carea' id='block_1_99' title="bbox 93 2500 881 2537">
    <p class='ocr_par' dir='ltr' id='par_1_99' title="bbox 93 2500 881 2537">
     <span class='ocr_line' id='line_1_99' title="bbox 93 2500 881 2537; baseline -0.003 -10"><span class='ocrx_word' id='word_1_797' title='bbox 93 2502 195 2533; x_wconf 71' lang='grc' dir='ltr'>πᾶσιν;</span> <span class='ocrx_word' id='word_1_798' title='bbox 215 2510 224 2526; x_wconf 74' lang='grc' dir='ltr'><strong>ι</strong></span> <span class='ocrx_word' id='word_1_799' title='bbox 248 2501 320 2535; x_wconf 83' lang='grc' dir='ltr'>Ὀρθ.</span> <span class='ocrx_word' id='word_1_800' title='bbox 336 2501 450 2537; x_wconf 66' lang='grc' dir='ltr'>Μορφὴν</span> <span class='ocrx_word' id='word_1_801' title='bbox 467 2501 521 2537; x_wconf 88' lang='grc' dir='ltr'><strong>γὰρ</strong></span> <span class='ocrx_word' id='word_1_802' title='bbox 533 2500 626 2527; x_wconf 82' lang='grc' dir='ltr'>δούλου</span> <span class='ocrx_word' id='word_1_803' title='bbox 641 2500 730 2527; x_wconf 77' lang='grc' dir='ltr'>λαϐὼν</span> <span class='ocrx_word' id='word_1_804' title='bbox 747 2501 775 2526; x_wconf 82' lang='grc' dir='ltr'>ὲν</span> <span class='ocrx_word' id='word_1_805' title='bbox 792 2501 881 2536; x_wconf 78' lang='grc' dir='ltr'>μορφῇ</span> 
     </span>
    </p>
   </div>
   <div class='ocr_carea' id='block_1_100' title="bbox 94 2547 880 2583">
    <p class='ocr_par' dir='ltr' id='par_1_100' title="bbox 94 2547 880 2583">
     <span class='ocr_line' id='line_1_100' title="bbox 94 2547 880 2583; baseline 0 -10"><span class='ocrx_word' id='word_1_806' title='bbox 94 2547 162 2574; x_wconf 80' lang='grc' dir='ltr'>Θεοῦ</span> <span class='ocrx_word' id='word_1_807' title='bbox 185 2548 324 2583; x_wconf 82' lang='grc' dir='ltr'>ὑπάρχων,</span> <span class='ocrx_word' id='word_1_808' title='bbox 357 2549 504 2582; x_wconf 79' lang='grc' dir='ltr'>ἀναγκαῖον</span> <span class='ocrx_word' id='word_1_809' title='bbox 531 2548 577 2574; x_wconf 78' lang='grc' dir='ltr'>καὶ</span> <span class='ocrx_word' id='word_1_810' title='bbox 599 2547 647 2582; x_wconf 85' lang='grc' dir='ltr'>τὴν</span> <span class='ocrx_word' id='word_1_811' title='bbox 669 2547 807 2582; x_wconf 83' lang='grc' dir='ltr'>ὑποταγὴν</span> <span class='ocrx_word' id='word_1_812' title='bbox 831 2548 880 2583; x_wconf 81' lang='grc' dir='ltr'>τῆς</span> 
     </span>
    </p>
   </div>
   <div class='ocr_carea' id='block_1_101' title="bbox 93 2591 881 2629">
    <p class='ocr_par' dir='ltr' id='par_1_101' title="bbox 93 2591 881 2629">
     <span class='ocr_line' id='line_1_101' title="bbox 93 2591 881 2629; baseline -0.003 -9"><span class='ocrx_word' id='word_1_813' title='bbox 93 2593 220 2628; x_wconf 71' lang='grc' dir='ltr'>δουλικῆς</span> <span class='ocrx_word' id='word_1_814' title='bbox 234 2594 341 2629; x_wconf 67' lang='grc' dir='ltr'>μορφῆς</span> <span class='ocrx_word' id='word_1_815' title='bbox 355 2593 515 2628; x_wconf 72' lang='grc' dir='ltr'>ἀνειληφὼς,</span> <span class='ocrx_word' id='word_1_816' title='bbox 528 2593 597 2628; x_wconf 78' lang='grc' dir='ltr'>ὑπὲρ</span> <span class='ocrx_word' id='word_1_817' title='bbox 609 2591 687 2628; x_wconf 80' lang='grc' dir='ltr'>μῶν</span> <span class='ocrx_word' id='word_1_818' title='bbox 699 2593 881 2619; x_wconf 82' lang='grc' dir='ltr'>ὑποτάσσεται</span> 
     </span>
    </p>
   </div>
   <div class='ocr_carea' id='block_1_102' title="bbox 94 2637 881 2674">
    <p class='ocr_par' dir='ltr' id='par_1_102' title="bbox 94 2637 881 2674">
     <span class='ocr_line' id='line_1_102' title="bbox 94 2637 881 2674; baseline 0.003 -11"><span class='ocrx_word' id='word_1_819' title='bbox 94 2637 133 2673; x_wconf 84' lang='grc' dir='ltr'>τῷ</span> <span class='ocrx_word' id='word_1_820' title='bbox 155 2638 251 2664; x_wconf 78' lang='grc' dir='ltr'>ἑαυτοῦ</span> <span class='ocrx_word' id='word_1_821' title='bbox 268 2639 367 2673; x_wconf 73' lang='grc' dir='ltr'>Πατρὶ,</span> <span class='ocrx_word' id='word_1_822' title='bbox 391 2639 421 2665; x_wconf 90' lang='grc' dir='ltr'><strong>οὑ</strong></span> <span class='ocrx_word' id='word_1_823' title='bbox 442 2638 520 2672; x_wconf 79' lang='grc' dir='ltr'>φύσει</span> <span class='ocrx_word' id='word_1_824' title='bbox 544 2638 679 2674; x_wconf 84' lang='grc' dir='ltr'>θεότητος,</span> <span class='ocrx_word' id='word_1_825' title='bbox 703 2638 761 2665; x_wconf 80' lang='grc' dir='ltr'>ἀλλ’</span> <span class='ocrx_word' id='word_1_826' title='bbox 785 2638 881 2665; x_wconf 80' lang='grc' dir='ltr'>ἐνώσει</span> 
     </span>
    </p>
   </div>
   <div class='ocr_carea' id='block_1_103' title="bbox 78 2683 881 2721">
    <p class='ocr_par' dir='ltr' id='par_1_103' title="bbox 78 2683 881 2721">
     <span class='ocr_line' id='line_1_103' title="bbox 78 2683 881 2721; baseline -0.001 -9"><span class='ocrx_word' id='word_1_827' title='bbox 78 2685 205 2720; x_wconf 66' lang='grc' dir='ltr'>,μορφῆς</span> <span class='ocrx_word' id='word_1_828' title='bbox 224 2685 359 2720; x_wconf 77' lang='grc' dir='ltr'>δουλικῆς,</span> <span class='ocrx_word' id='word_1_829' title='bbox 377 2683 410 2721; x_wconf 81' lang='grc' dir='ltr'>ἦς</span> <span class='ocrx_word' id='word_1_830' title='bbox 431 2685 521 2712; x_wconf 70' lang='grc' dir='ltr'>ἔλαϐε.</span> <span class='ocrx_word' id='word_1_831' title='bbox 539 2685 572 2712; x_wconf 81' lang='grc' dir='ltr'>Τί</span> <span class='ocrx_word' id='word_1_832' title='bbox 593 2685 622 2712; x_wconf 80' lang='grc' dir='ltr'>δὲ</span> <span class='ocrx_word' id='word_1_833' title='bbox 641 2685 688 2712; x_wconf 76' lang='grc' dir='ltr'>καὶ</span> <span class='ocrx_word' id='word_1_834' title='bbox 705 2684 881 2712; x_wconf 79' lang='grc' dir='ltr'>ἐλαττοῦσθαι</span> 
     </span>
    </p>
   </div>
   <div class='ocr_carea' id='block_1_104' title="bbox 93 2730 881 2766">
    <p class='ocr_par' dir='ltr' id='par_1_104' title="bbox 93 2730 881 2766">
     <span class='ocr_line' id='line_1_104' title="bbox 93 2730 881 2766; baseline 0 -10"><span class='ocrx_word' id='word_1_835' title='bbox 93 2730 144 2764; x_wconf 75' lang='grc' dir='ltr'>τὴν</span> <span class='ocrx_word' id='word_1_836' title='bbox 154 2730 200 2756; x_wconf 77' lang='grc' dir='ltr'>τοῦ</span> <span class='ocrx_word' id='word_1_837' title='bbox 216 2730 279 2757; x_wconf 82' lang='grc' dir='ltr'><strong>Υἰοῦ</strong></span> <span class='ocrx_word' id='word_1_838' title='bbox 290 2731 370 2765; x_wconf 74' lang='grc' dir='ltr'>φύσιν</span> <span class='ocrx_word' id='word_1_839' title='bbox 383 2730 502 2766; x_wconf 77' lang='grc' dir='ltr'>νομίζεις</span> <span class='ocrx_word' id='word_1_840' title='bbox 517 2731 561 2758; x_wconf 76' lang='grc' dir='ltr'><strong>διὰ</strong></span> <span class='ocrx_word' id='word_1_841' title='bbox 576 2732 607 2758; x_wconf 73' lang='grc' dir='ltr'><strong>τὸ</strong></span> <span class='ocrx_word' id='word_1_842' title='bbox 622 2731 821 2758; x_wconf 81' lang='grc' dir='ltr'>ὑποτάσσεσθαι</span> <span class='ocrx_word' id='word_1_843' title='bbox 832 2731 881 2757; x_wconf 74' lang='grc' dir='ltr'>αὑ-</span> 
     </span>
    </p>
   </div>
   <div class='ocr_carea' id='block_1_105' title="bbox 93 2775 881 2815">
    <p class='ocr_par' dir='ltr' id='par_1_105' title="bbox 93 2775 881 2815">
     <span class='ocr_line' id='line_1_105' title="bbox 93 2775 881 2815; baseline -0.001 -11"><span class='ocrx_word' id='word_1_844' title='bbox 93 2775 141 2804; x_wconf 71' lang='grc' dir='ltr'>τὸν</span> <span class='ocrx_word' id='word_1_845' title='bbox 154 2776 193 2813; x_wconf 84' lang='grc' dir='ltr'>τῷ</span> <span class='ocrx_word' id='word_1_846' title='bbox 206 2777 309 2813; x_wconf 84' lang='grc' dir='ltr'>Πατρί;</span> <span class='ocrx_word' id='word_1_847' title='bbox 330 2777 392 2804; x_wconf 82' lang='grc' dir='ltr'>Ἐὰν</span> <span class='ocrx_word' id='word_1_848' title='bbox 404 2775 450 2804; x_wconf 80' lang='grc' dir='ltr'><strong>οὑν</strong></span> <span class='ocrx_word' id='word_1_849' title='bbox 465 2777 594 2815; x_wconf 77' lang='grc' dir='ltr'>ἀκούσῃς,</span> <span class='ocrx_word' id='word_1_850' title='bbox 609 2779 650 2805; x_wconf 84' lang='grc' dir='ltr'>ὅτι</span> <span class='ocrx_word' id='word_1_851' title='bbox 665 2779 711 2805; x_wconf 70' lang='grc' dir='ltr'>καὶ</span> <span class='ocrx_word' id='word_1_852' title='bbox 727 2778 881 2814; x_wconf 79' lang='grc' dir='ltr'>ἀνθρώποις</span> 
     </span>
    </p>
   </div>
   <div class='ocr_carea' id='block_1_106' title="bbox 935 2355 1718 2394">
    <p class='ocr_par' dir='ltr' id='par_1_106' title="bbox 935 2355 1718 2394">
     <span class='ocr_line' id='line_1_106' title="bbox 935 2355 1718 2394; baseline -0.011 -5"><span class='ocrx_word' id='word_1_853' title='bbox 935 2367 996 2389; x_wconf 88' lang='lat' dir='ltr'><strong>ctus</strong></span> <span class='ocrx_word' id='word_1_854' title='bbox 1021 2361 1152 2388; x_wconf 84' lang='lat' dir='ltr'><strong>obediens</strong></span> <span class='ocrx_word' id='word_1_855' title='bbox 1171 2367 1268 2394; x_wconf 84' lang='lat' dir='ltr'><strong>usque</strong></span> <span class='ocrx_word' id='word_1_856' title='bbox 1293 2359 1327 2386; x_wconf 85' lang='lat' dir='ltr'><strong>ad</strong></span> <span class='ocrx_word' id='word_1_857' title='bbox 1352 2363 1466 2385; x_wconf 86' lang='lat' dir='ltr'><strong>mortem</strong></span> <span class='ocrx_word' id='word_1_858' title='bbox 1481 2357 1515 2388; x_wconf 71' lang='grc' dir='ltr'><strong>π,</strong></span> <span class='ocrx_word' id='word_1_859' title='bbox 1536 2366 1545 2382; x_wconf 85' lang='grc'><strong>›</strong></span> <span class='ocrx_word' id='word_1_860' title='bbox 1561 2361 1587 2384; x_wconf 93' lang='lat' dir='ltr'><strong>et</strong></span> <span class='ocrx_word' id='word_1_861' title='bbox 1602 2365 1610 2382; x_wconf 66' lang='grc' dir='ltr'>π</span> <span class='ocrx_word' id='word_1_862' title='bbox 1626 2365 1635 2381; x_wconf 74' lang='grc' dir='ltr'><strong>ι</strong></span> <span class='ocrx_word' id='word_1_863' title='bbox 1651 2355 1718 2383; x_wconf 87' lang='lat' dir='ltr'><strong>Cum</strong></span> 
     </span>
    </p>
   </div>
   <div class='ocr_carea' id='block_1_107' title="bbox 935 2403 1720 2439">
    <p class='ocr_par' dir='ltr' id='par_1_107' title="bbox 935 2403 1720 2439">
     <span class='ocr_line' id='line_1_107' title="bbox 935 2403 1720 2439; baseline -0.009 -5"><span class='ocrx_word' id='word_1_864' title='bbox 935 2411 1026 2434; x_wconf 88' lang='lat' dir='ltr'><strong>autem</strong></span> <span class='ocrx_word' id='word_1_865' title='bbox 1042 2406 1066 2433; x_wconf 92' lang='lat' dir='ltr'><strong>ei</strong></span> <span class='ocrx_word' id='word_1_866' title='bbox 1081 2405 1204 2439; x_wconf 87' lang='lat' dir='ltr'><strong>subjecta</strong></span> <span class='ocrx_word' id='word_1_867' title='bbox 1217 2404 1319 2432; x_wconf 78' lang='lat' dir='ltr'><strong>fuerint</strong></span> <span class='ocrx_word' id='word_1_868' title='bbox 1334 2404 1425 2431; x_wconf 90' lang='lat' dir='ltr'><strong>omnia</strong></span> <span class='ocrx_word' id='word_1_869' title='bbox 1437 2423 1444 2434; x_wconf 92' lang='lat'><strong>,</strong></span> <span class='ocrx_word' id='word_1_870' title='bbox 1459 2407 1524 2430; x_wconf 89' lang='lat' dir='ltr'><strong>tunc</strong></span> <span class='ocrx_word' id='word_1_871' title='bbox 1540 2403 1597 2437; x_wconf 91' lang='lat' dir='ltr'><strong>ipse</strong></span> <span class='ocrx_word' id='word_1_872' title='bbox 1610 2409 1720 2437; x_wconf 78' lang='lat' dir='ltr'><strong>quoque</strong></span> 
     </span>
    </p>
   </div>
   <div class='ocr_carea' id='block_1_108' title="bbox 937 2447 1719 2485">
    <p class='ocr_par' dir='ltr' id='par_1_108' title="bbox 937 2447 1719 2485">
     <span class='ocr_line' id='line_1_108' title="bbox 937 2447 1719 2485; baseline -0.008 -6"><span class='ocrx_word' id='word_1_873' title='bbox 937 2452 1023 2479; x_wconf 81' lang='lat' dir='ltr'><strong>Filius</strong></span> <span class='ocrx_word' id='word_1_874' title='bbox 1037 2451 1178 2485; x_wconf 83' lang='lat' dir='ltr'><strong>subjectus</strong></span> <span class='ocrx_word' id='word_1_875' title='bbox 1198 2451 1250 2478; x_wconf 90' lang='lat' dir='ltr'><strong>erit</strong></span> <span class='ocrx_word' id='word_1_876' title='bbox 1261 2450 1286 2478; x_wconf 84' lang='lat' dir='ltr'><strong>ei</strong></span> <span class='ocrx_word' id='word_1_877' title='bbox 1308 2450 1355 2485; x_wconf 87' lang='lat' dir='ltr'><strong>qui</strong></span> <span class='ocrx_word' id='word_1_878' title='bbox 1372 2449 1487 2483; x_wconf 84' lang='lat' dir='ltr'><strong>subjecit</strong></span> <span class='ocrx_word' id='word_1_879' title='bbox 1508 2448 1562 2476; x_wconf 88' lang='lat' dir='ltr'><strong>sibi</strong></span> <span class='ocrx_word' id='word_1_880' title='bbox 1576 2448 1668 2474; x_wconf 85' lang='lat' dir='ltr'><strong>omnia</strong></span> <span class='ocrx_word' id='word_1_881' title='bbox 1690 2447 1719 2473; x_wconf 91' lang='lat' dir='ltr'><strong>in</strong></span> 
     </span>
    </p>
   </div>
   <div class='ocr_carea' id='block_1_109' title="bbox 937 2493 1720 2528">
    <p class='ocr_par' dir='ltr' id='par_1_109' title="bbox 937 2493 1720 2528">
     <span class='ocr_line' id='line_1_109' title="bbox 937 2493 1720 2528; baseline -0.008 -2"><span class='ocrx_word' id='word_1_882' title='bbox 937 2499 1065 2526; x_wconf 87' lang='lat' dir='ltr'><strong>onmibus</strong></span> <span class='ocrx_word' id='word_1_883' title='bbox 1075 2498 1120 2525; x_wconf 70' lang='lat'><strong>“‘2</strong></span> <span class='ocrx_word' id='word_1_884' title='bbox 1143 2508 1152 2524; x_wconf 85' lang='grc'><strong>›</strong></span> <span class='ocrx_word' id='word_1_885' title='bbox 1172 2497 1248 2525; x_wconf 81' lang='lat' dir='ltr'><strong>Ortli.</strong></span> <span class='ocrx_word' id='word_1_886' title='bbox 1278 2497 1422 2528; x_wconf 83' lang='lat' dir='ltr'><strong>Nimirum,</strong></span> <span class='ocrx_word' id='word_1_887' title='bbox 1445 2496 1532 2523; x_wconf 81' lang='lat' dir='ltr'><strong>forma</strong></span> <span class='ocrx_word' id='word_1_888' title='bbox 1554 2493 1626 2522; x_wconf 89' lang='lat' dir='ltr'><strong>servi</strong></span> <span class='ocrx_word' id='word_1_889' title='bbox 1643 2501 1720 2521; x_wconf 84' lang='lat' dir='ltr'><strong>accc-</strong></span> 
     </span>
    </p>
   </div>
   <div class='ocr_carea' id='block_1_110' title="bbox 935 2540 1721 2580">
    <p class='ocr_par' dir='ltr' id='par_1_110' title="bbox 935 2540 1721 2580">
     <span class='ocr_line' id='line_1_110' title="bbox 935 2540 1721 2580; baseline -0.008 -8"><span class='ocrx_word' id='word_1_890' title='bbox 935 2550 991 2580; x_wconf 89' lang='lat' dir='ltr'><strong>pla,</strong></span> <span class='ocrx_word' id='word_1_891' title='bbox 1005 2553 1067 2572; x_wconf 87' lang='lat' dir='ltr'><strong>cum</strong></span> <span class='ocrx_word' id='word_1_892' title='bbox 1085 2545 1112 2572; x_wconf 89' lang='lat' dir='ltr'><strong>in</strong></span> <span class='ocrx_word' id='word_1_893' title='bbox 1129 2544 1216 2572; x_wconf 79' lang='lat' dir='ltr'><strong>forma</strong></span> <span class='ocrx_word' id='word_1_894' title='bbox 1233 2543 1279 2572; x_wconf 89' lang='lat' dir='ltr'><strong>Dei</strong></span> <span class='ocrx_word' id='word_1_895' title='bbox 1299 2547 1382 2576; x_wconf 82' lang='lat' dir='ltr'><strong>esset,</strong></span> <span class='ocrx_word' id='word_1_896' title='bbox 1400 2542 1555 2570; x_wconf 82' lang='lat' dir='ltr'><strong>necessario</strong></span> <span class='ocrx_word' id='word_1_897' title='bbox 1571 2540 1721 2574; x_wconf 87' lang='lat' dir='ltr'><strong>subjectio-</strong></span> 
     </span>
    </p>
   </div>
   <div class='ocr_carea' id='block_1_111' title="bbox 936 2587 1719 2627">
    <p class='ocr_par' dir='ltr' id='par_1_111' title="bbox 936 2587 1719 2627">
     <span class='ocr_line' id='line_1_111' title="bbox 936 2587 1719 2627; baseline -0.01 -8"><span class='ocrx_word' id='word_1_898' title='bbox 936 2600 999 2619; x_wconf 80' lang='lat' dir='ltr'><strong>nem</strong></span> <span class='ocrx_word' id='word_1_899' title='bbox 1014 2599 1124 2627; x_wconf 83' lang='lat' dir='ltr'><strong>quoque</strong></span> <span class='ocrx_word' id='word_1_900' title='bbox 1146 2591 1254 2618; x_wconf 72' lang='lat' dir='ltr'><strong>servilis</strong></span> <span class='ocrx_word' id='word_1_901' title='bbox 1279 2590 1371 2617; x_wconf 77' lang='lat' dir='ltr'><strong>forma:</strong></span> <span class='ocrx_word' id='word_1_902' title='bbox 1393 2596 1548 2622; x_wconf 86' lang='lat' dir='ltr'><strong>assumens,</strong></span> <span class='ocrx_word' id='word_1_903' title='bbox 1574 2587 1719 2622; x_wconf 69' lang='lat' dir='ltr'><strong>subjicitur:-</strong></span> 
     </span>
    </p>
   </div>
   <div class='ocr_carea' id='block_1_112' title="bbox 936 2632 1721 2673">
    <p class='ocr_par' dir='ltr' id='par_1_112' title="bbox 936 2632 1721 2673">
     <span class='ocr_line' id='line_1_112' title="bbox 936 2632 1721 2673; baseline -0.01 -8"><span class='ocrx_word' id='word_1_904' title='bbox 936 2646 986 2673; x_wconf 88' lang='lat' dir='ltr'><strong>pro</strong></span> <span class='ocrx_word' id='word_1_905' title='bbox 997 2638 1077 2664; x_wconf 92' lang='lat' dir='ltr'><strong>nobis</strong></span> <span class='ocrx_word' id='word_1_906' title='bbox 1091 2645 1141 2664; x_wconf 91' lang='lat' dir='ltr'><strong>suo</strong></span> <span class='ocrx_word' id='word_1_907' title='bbox 1156 2637 1243 2672; x_wconf 87' lang='lat' dir='ltr'><strong>ips-ius</strong></span> <span class='ocrx_word' id='word_1_908' title='bbox 1258 2635 1343 2667; x_wconf 60' lang='lat' dir='ltr'><strong>Patri,</strong></span> <span class='ocrx_word' id='word_1_909' title='bbox 1359 2643 1412 2662; x_wconf 93' lang='lat' dir='ltr'><strong>non</strong></span> <span class='ocrx_word' id='word_1_910' title='bbox 1426 2640 1523 2661; x_wconf 85' lang='lat' dir='ltr'><strong>natura</strong></span> <span class='ocrx_word' id='word_1_911' title='bbox 1538 2634 1658 2664; x_wconf 83' lang='lat' dir='ltr'><strong>deitatis,</strong></span> <span class='ocrx_word' id='word_1_912' title='bbox 1672 2632 1721 2659; x_wconf 86' lang='lat' dir='ltr'><strong>sed</strong></span> 
     </span>
    </p>
   </div>
   <div class='ocr_carea' id='block_1_113' title="bbox 936 2679 1722 2719">
    <p class='ocr_par' dir='ltr' id='par_1_113' title="bbox 936 2679 1722 2719">
     <span class='ocr_line' id='line_1_113' title="bbox 936 2679 1722 2719; baseline -0.01 -7"><span class='ocrx_word' id='word_1_913' title='bbox 936 2685 1030 2712; x_wconf 70' lang='lat' dir='ltr'><strong>foriuze</strong></span> <span class='ocrx_word' id='word_1_914' title='bbox 1049 2684 1168 2714; x_wconf 88' lang='lat' dir='ltr'><strong>servilis,</strong></span> <span class='ocrx_word' id='word_1_915' title='bbox 1194 2691 1276 2719; x_wconf 87' lang='lat' dir='ltr'><strong>quam</strong></span> <span class='ocrx_word' id='word_1_916' title='bbox 1301 2683 1385 2719; x_wconf 64' lang='grc'><strong>486</strong></span> <span class='ocrx_word' id='word_1_917' title='bbox 1408 2682 1535 2716; x_wconf 87' lang='lat' dir='ltr'><strong>sumpsit,</strong></span> <span class='ocrx_word' id='word_1_918' title='bbox 1561 2687 1671 2713; x_wconf 72' lang='lat' dir='ltr'><strong>numne.</strong></span> <span class='ocrx_word' id='word_1_919' title='bbox 1688 2679 1722 2704; x_wconf 68' lang='lat' dir='ltr'><strong>lit</strong></span> 
     </span>
    </p>
   </div>
   <div class='ocr_carea' id='block_1_114' title="bbox 935 2728 1722 2766">
    <p class='ocr_par' dir='ltr' id='par_1_114' title="bbox 935 2728 1722 2766">
     <span class='ocr_line' id='line_1_114' title="bbox 935 2728 1722 2766; baseline -0.005 -9"><span class='ocrx_word' id='word_1_920' title='bbox 935 2730 1000 2766; x_wconf 90' lang='lat' dir='ltr'><strong>quid</strong></span> <span class='ocrx_word' id='word_1_921' title='bbox 1013 2735 1065 2761; x_wconf 85' lang='lat' dir='ltr'><strong>est.</strong></span> <span class='ocrx_word' id='word_1_922' title='bbox 1077 2738 1127 2757; x_wconf 90' lang='lat' dir='ltr'><strong>cur</strong></span> <span class='ocrx_word' id='word_1_923' title='bbox 1141 2730 1201 2757; x_wconf 85' lang='lat' dir='ltr'><strong>Filii</strong></span> <span class='ocrx_word' id='word_1_924' title='bbox 1219 2733 1344 2756; x_wconf 88' lang='lat' dir='ltr'><strong>naturam</strong></span> <span class='ocrx_word' id='word_1_925' title='bbox 1358 2728 1482 2756; x_wconf 88' lang='lat' dir='ltr'><strong>innninui</strong></span> <span class='ocrx_word' id='word_1_926' title='bbox 1498 2734 1613 2754; x_wconf 82' lang='lat' dir='ltr'><strong>censeas</strong></span> <span class='ocrx_word' id='word_1_927' title='bbox 1634 2733 1667 2753; x_wconf 84' lang='lat' dir='ltr'><strong>ex</strong></span> <span class='ocrx_word' id='word_1_928' title='bbox 1680 2734 1722 2753; x_wconf 69' lang='grc' dir='ltr'><strong>σου</strong></span> 
     </span>
    </p>
   </div>
   <div class='ocr_carea' id='block_1_115' title="bbox 936 2772 1721 2812">
    <p class='ocr_par' dir='ltr' id='par_1_115' title="bbox 936 2772 1721 2812">
     <span class='ocr_line' id='line_1_115' title="bbox 936 2772 1721 2812; baseline -0.008 -8"><span class='ocrx_word' id='word_1_929' title='bbox 936 2777 1008 2812; x_wconf 90' lang='lat' dir='ltr'><strong>quod</strong></span> <span class='ocrx_word' id='word_1_930' title='bbox 1024 2777 1187 2812; x_wconf 79' lang='lat' dir='ltr'><strong>subjiciatur</strong></span> <span class='ocrx_word' id='word_1_931' title='bbox 1198 2776 1293 2803; x_wconf 81' lang='lat' dir='ltr'><strong>Patri?</strong></span> <span class='ocrx_word' id='word_1_932' title='bbox 1311 2775 1437 2810; x_wconf 76' lang='lat' dir='ltr'><strong>Nunquid</strong></span> <span class='ocrx_word' id='word_1_933' title='bbox 1457 2775 1480 2802; x_wconf 86' lang='lat' dir='ltr'><strong>si</strong></span> <span class='ocrx_word' id='word_1_934' title='bbox 1498 2773 1582 2801; x_wconf 86' lang='lat' dir='ltr'><strong>Deum</strong></span> <span class='ocrx_word' id='word_1_935' title='bbox 1602 2772 1721 2801; x_wconf 80' lang='lat' dir='ltr'><strong>Verbum</strong></span> 
     </span>
    </p>
   </div>
   <div class='ocr_carea' id='block_1_116' title="bbox 134 2851 1561 2897">
    <p class='ocr_par' dir='ltr' id='par_1_116' title="bbox 134 2851 1561 2897">
     <span class='ocr_line' id='line_1_116' title="bbox 134 2851 1561 2897; baseline -0.001 -17"><span class='ocrx_word' id='word_1_936' title='bbox 134 2855 157 2871; x_wconf 79' lang='lat'>&quot;</span> <span class='ocrx_word' id='word_1_937' title='bbox 178 2853 250 2882; x_wconf 86' lang='lat' dir='ltr'><strong>Psal.</strong></span> <span class='ocrx_word' id='word_1_938' title='bbox 269 2862 332 2885; x_wconf 84' lang='lat' dir='ltr'><strong>vnt.</strong></span> <span class='ocrx_word' id='word_1_939' title='bbox 350 2854 377 2882; x_wconf 89' lang='lat'><strong>8.</strong></span> <span class='ocrx_word' id='word_1_940' title='bbox 415 2856 436 2871; x_wconf 83' lang='lat'><strong>&quot;</strong></span> <span class='ocrx_word' id='word_1_941' title='bbox 459 2853 531 2882; x_wconf 85' lang='lat' dir='ltr'><strong>Psal.</strong></span> <span class='ocrx_word' id='word_1_942' title='bbox 550 2863 629 2889; x_wconf 67' lang='lat' dir='ltr'><strong>XLVI,</strong></span> <span class='ocrx_word' id='word_1_943' title='bbox 645 2856 671 2883; x_wconf 74' lang='grc'>4.</span> <span class='ocrx_word' id='word_1_944' title='bbox 709 2855 732 2872; x_wconf 82' lang='grc'><strong>⁹’</strong></span> <span class='ocrx_word' id='word_1_945' title='bbox 753 2855 761 2883; x_wconf 94' lang='grc'><strong>1</strong></span> <span class='ocrx_word' id='word_1_946' title='bbox 778 2855 849 2882; x_wconf 87' lang='lat' dir='ltr'><strong>Petr.</strong></span> <span class='ocrx_word' id='word_1_947' title='bbox 872 2862 909 2883; x_wconf 88' lang='lat' dir='ltr'><strong>tt.</strong></span> <span class='ocrx_word' id='word_1_948' title='bbox 929 2854 972 2881; x_wconf 85' lang='lat' dir='ltr'><strong>l8.</strong></span> <span class='ocrx_word' id='word_1_949' title='bbox 1011 2855 1034 2870; x_wconf 77' lang='grc'><strong>’³</strong></span> <span class='ocrx_word' id='word_1_950' title='bbox 1053 2853 1170 2897; x_wconf 70' lang='lat' dir='ltr'><strong>Philipp.</strong></span> <span class='ocrx_word' id='word_1_951' title='bbox 1191 2861 1209 2880; x_wconf 87' lang='lat' dir='ltr'><strong>ll</strong></span> <span class='ocrx_word' id='word_1_952' title='bbox 1222 2874 1229 2887; x_wconf 89' lang='lat'><strong>,</strong></span> <span class='ocrx_word' id='word_1_953' title='bbox 1247 2853 1274 2880; x_wconf 87' lang='lat'><strong>8.</strong></span> <span class='ocrx_word' id='word_1_954' title='bbox 1314 2853 1337 2868; x_wconf 78' lang='lat'><strong>&quot;</strong></span> <span class='ocrx_word' id='word_1_955' title='bbox 1356 2852 1366 2878; x_wconf 83' lang='grc' dir='ltr'><strong>Ι</strong></span> <span class='ocrx_word' id='word_1_956' title='bbox 1382 2853 1445 2880; x_wconf 80' lang='lat' dir='ltr'><strong>Cor.</strong></span> <span class='ocrx_word' id='word_1_957' title='bbox 1466 2859 1508 2882; x_wconf 74' lang='lat' dir='ltr'><strong>xv,</strong></span> <span class='ocrx_word' id='word_1_958' title='bbox 1526 2851 1561 2878; x_wconf 69' lang='lat'><strong>28</strong></span> 
     </span>
    </p>
   </div>
   <div class='ocr_carea' id='block_1_117' title="bbox 243 2901 621 2932">
    <p class='ocr_par' dir='ltr' id='par_1_117' title="bbox 243 2901 621 2932">
     <span class='ocr_line' id='line_1_117' title="bbox 243 2901 621 2932; baseline 0 -1"><span class='ocrx_word' id='word_1_959' title='bbox 243 2901 379 2932; x_wconf 73' lang='grc' dir='ltr'>ΡΔτιιοι..</span> <span class='ocrx_word' id='word_1_960' title='bbox 399 2901 457 2931; x_wconf 79' lang='lat' dir='ltr'><strong>GR.</strong></span> <span class='ocrx_word' id='word_1_961' title='bbox 476 2901 621 2931; x_wconf 76' lang='lat' dir='ltr'><strong>XXVIII.</strong></span> 
     </span>
    </p>
   </div>
   <div class='ocr_carea' id='block_1_118' title="bbox 1526 2895 1564 2926">
    <p class='ocr_par' dir='ltr' id='par_1_118' title="bbox 1526 2895 1564 2926">
     <span class='ocr_line' id='line_1_118' title="bbox 1526 2895 1564 2926; baseline 0 0"><span class='ocrx_word' id='word_1_962' title='bbox 1526 2895 1564 2926; x_wconf 61' lang='lat' dir='ltr'><strong>ei</strong></span> 
     </span>
    </p>
   </div>
  </div>
