1926 3068
227 121 296 149 15ὲῦ

816 114 845 142 S.
867 113 1096 142 ATIIANASIUS.
1118 129 1152 134 ——
1170 113 1284 142 DUBIA.

1773 115 1836 144 ιδει

226 180 322 208 audias
336 178 492 206 ltominibus
505 184 614 212 quoque
630 175 782 210 subjectum
801 173 898 204 fuisse,
915 173 1007 200 homi—

1062 173 1184 208 ὑπετάγη
1198 175 1212 199 ὁ
1224 173 1290 204 Θεὸς
1305 173 1400 207 Λόγος,
1416 171 1469 208 ἆρα
1481 172 1526 199 καὶ
1540 172 1593 199 τῶν
1606 171 1752 208 ἀνθρώπων
1767 174 1836 200 ἐλάτ-

226 233 291 252 num
312 230 409 252 natura
427 223 584 250 interiorem
603 222 678 249 illunt
699 219 943 248 statues?.Maced.
959 219 1009 246 Ubi

226 273 360 307 scriptum
388 276 439 302 est,
462 270 534 305 quod
559 268 716 295 hominibus
741 275 850 302 quoque
870 266 1010 300 subjectus

225 318 325 346 fuerit?
340 317 416 345 Orlh.
435 315 522 342 llomo
535 318 594 343 erat
613 313 708 345 Maria,
727 317 786 340 erat
804 318 830 340 et
843 311 954 348 Joscph,
969 316 1011 338 al-

224 373 278 400 que
294 365 338 396 iis,
357 367 386 390 ut
407 363 435 390 in
458 361 614 396 Evangeliis
635 361 767 394 scriptum
793 364 846 391 est,
870 360 1009 394 subjectus

225 411 285 437 fuit.
311 410 379 436 Cum
405 408 478 435 enim
500 407 669 434 invenissent
691 406 766 432 illum
789 405 815 431 in
839 405 950 439 templo,
972 404 1010 430 ait

223 454 401 490 evangelista,
415 453 560 480 dixerunt:
576 460 585 476 1
602 450 663 482 Fili,
675 451 740 485 quid
757 450 846 477 fecisti
861 450 940 476 nobis
951 449 1010 476 sic?

223 502 294 529 Ecce
310 506 386 536 pater
404 504 468 526 tuus
481 503 509 526 et
520 505 570 533 ego
583 497 707 524 dolentes
722 496 912 531 quzcrebamus
927 498 963 521 te.
977 493 1010 520 Et

224 549 262 575 ait
273 548 306 574 ad
322 547 384 574 illos
398 555 404 572 :
423 544 492 578 Quid
509 547 551 572 est
562 543 635 579 quod
651 550 693 569 me
704 541 887 577 quaerebatis?
902 540 1010 567 Nescie-

224 594 296 621 batis
315 593 378 628 quia
393 593 421 619 itt
435 591 516 618 domo
534 590 624 617 Patris
641 589 693 616 mei
707 592 815 623 oportet
830 595 873 614 tne
889 586 969 614 esse?
982 589 1009 612 et

222 642 297 667 venit
312 638 491 669 Nazarcth,et
499 640 557 664 erat
572 635 698 664 subditus
714 633 818 662 illis"?
833 642 841 657 ι
861 632 907 659 llle
927 632 1011 666 igitur

223 685 386 721 Unigcnitus
402 683 460 716 Dei,
479 682 524 709 ille
537 681 662 708 Salvator
673 679 766 706 mundi
780 677 893 705 inferior
905 677 1011 704 scilicet

223 737 282 760 erat
296 731 414 766 Joscplto
433 734 459 756 et
476 727 584 755 Marim?
598 726 701 753 Macrd.
717 725 903 760 Nequaquam,
918 723 1007 750 absit!

225 778 302 807 Orth.
316 776 458 805 Consimili
480 774 561 802 modo
578 773 628 800 etsi
648 772 721 799 Patri
737 771 878 805 subjectus
895 777 956 798 esse
971 770 1009 797 le-

223 829 312 861 gatur,
330 832 385 864 non
401 828 492 850 tamen
509 821 672 856 deprimitur
687 820 837 847 secundum
856 823 982 845 naturam
1000 827 1006 845 :

1061 227 1124 245 τονα
1140 219 1233 254 θήσεις
1247 220 1278 253 τῇ
1303 219 1399 253 quoat;
1421 218 1532 244 Μακεδ.
1556 218 1610 244 Ποῦ
1631 218 1788 253 γέγραπται,
1801 219 1838 246 ὅτι

1061 266 1108 293 καὶ
1122 265 1274 301 ἀνθρώποις
1287 265 1423 300 ὑπετάγη;
1447 266 1518 297 Ὀρθ.
1535 264 1693 299 Ἀνθρωπος
1706 263 1739 300 ἦν
1755 265 1770 300 ἡ
1784 265 1839 291 Μα-

1063 312 1106 348 ρία
1119 313 1165 338 καὶ
1174 313 1187 338 ὁ
1205 312 1314 346 Ἰωσὴφ,
1327 311 1374 337 καὶ
1388 311 1511 345 ὑπετάγη
1527 311 1629 343 αὐτοῖς,
1642 311 1679 342 ὡς
1691 311 1718 336 ὲν
1728 311 1839 344 Εὑαγγε-

1061 359 1126 390 λίοις
1142 358 1305 393 γέγραπται.
1325 357 1456 393 Εὑρόντες
1472 356 1525 392 γὰρ
1545 357 1635 388 αὐτὸν,
1655 357 1744 391 φησὶν,
1760 357 1786 382 ἐν
1802 355 1839 390 τῷ

1061 405 1135 441 ἱερῷ,
1159 405 1251 439 ἔλεγον
1271 404 1354 439 αὐτῷ·
1377 413 1385 428 1
1403 403 1512 434 Τέκνον,
1532 403 1558 428 τί
1575 403 1703 437 ἐποίησας
1719 403 1782 438 ἡμῖν
1797 401 1839 428 οὔ·

1059 460 1129 483 τως;
1153 451 1217 477 Ἰδοὺ
1231 451 1287 485 ἐγὼ
1301 450 1348 477 καὶ
1361 450 1374 475 ὁ
1387 450 1480 484 πατήρ
1494 457 1540 475 σου
1557 448 1705 482 ὲζητοῦμέν
1723 456 1761 474 σε,
1780 448 1806 474 ’0
1815 447 1840 473 δὲ

1060 495 1129 524 εἷπε·
1148 498 1179 524 Τί
1194 498 1234 524 ὃτι
1246 496 1368 532 ἐζητεῖτέ
1383 505 1414 531 με
1426 505 1433 528 ;
1451 495 1509 522 Οὐκ
1523 495 1622 530 ᾔδειτε,
1635 495 1675 520 ὅτι
1690 495 1719 520 ὲν
1730 493 1768 528 τῷ
1779 492 1840 528 οἴκῳ

1059 542 1106 569 τοῦ
1123 543 1229 577 Πατρός
1250 551 1298 577 μου
1317 541 1357 568 δεῖ
1373 549 1407 576 με
1417 539 1510 573 ,εἶναις
1529 540 1575 566 καὶ
1590 539 1722 574 κατῆλθεν
1737 540 1776 570 εἰς
1789 539 1840 564 Na»

1060 590 1152 626 ζαρὲτ,
1168 590 1215 616 καὶ
1231 587 1264 624 ἦν
1279 589 1498 623 ὑποτασσόμενος
1513 588 1613 619 αὐτοῖς.
1631 597 1640 612 ι
1652 585 1725 622 τΛρα
1740 587 1784 612 καὶ
1797 584 1839 612 τοῦ

1066 634 1164 670 Ἰωσὴφ
1179 635 1227 660 καὶ
1244 635 1293 669 τῆς
1312 633 1422 669 Μαρίας
1440 632 1631 667 ὑποδεέστερος
1646 629 1680 666 ἦν
1699 633 1714 658 ὁ
1728 632 1838 664 Movere-

1059 680 1107 716 νὴς
1123 680 1169 706 τοῦ
1187 680 1265 711 Θεοῦ,
1287 680 1301 705 ὁ
1320 679 1414 715 Σωτὴρ
1433 679 1480 705 τοῦ
1501 678 1621 714 κόσμου;
1643 673 1753 704 Μακέδ.
1769 677 1837 712 Οὐχὶ.

1061 726 1098 762 μὴ
1114 726 1235 760 γένοιτοῐ
1252 726 1324 759 Ὀρθ.
1344 725 1431 756 Οὕτω,
1449 724 1501 750 κᾶν
1517 723 1719 749 ὑποτάσσεσθαι
1738 722 1839 757 λέγηται

1059 773 1098 808 τῷ
1117 772 1215 808 Πατρὶ,
1236 771 1285 797 οὐκ
1302 770 1458 797 ἐλαττοῦται
1475 769 1523 809 τὴν
1548 769 1637 803 φύσιν·
1659 768 1718 795 ἀλλ’
1732 767 1768 798 ὡς
1783 766 1839 797 Υἱὸς

1062 819 1167 855 μορφὴν
1181 818 1273 845 δούλου
1294 818 1442 852 εὐδοκήσας
1460 816 1562 847 λαϐεῖν,
1581 816 1627 842 καὶ
1644 815 1694 850 τὴν
1711 813 1840 848 ὑποταγὴν

223 871 270 899 sed
297 875 327 898 ut
350 860 447 900 Filius,
467 868 511 896 cui
536 867 607 894 servi
634 867 747 894 formam
767 872 875 892 sumere
894 864 1006 899 placuit,

1059 866 1137 892 ἔλαϐε
1147 865 1195 898 τῆς
1206 864 1331 898 δουλικῆς
1345 859 1462 898 μορψῆς.
1471 862 1515 888 Ἑν
1530 861 1583 897 γὰρ
1594 860 1681 896 ταύτῃ
1693 860 1742 894 ὢν,
1757 860 1800 886 καὶ
1809 860 1838 893 τῇ

223 917 421 952 subjectionem
437 921 546 949 quoque
561 913 669 940 servilis
688 912 781 938 forma:
795 911 928 946 sumpsit;
944 917 1007 936 nam

223 963 251 990 iu
267 963 317 989 hac
330 968 392 988 cum
407 964 490 991 esset,
506 958 599 985 Maria:
612 958 662 984 fuit
679 957 830 992 subjectus.
855 955 960 982 Maced.
975 954 1009 982 At

222 1010 281 1044 ipse
298 1007 406 1035 Patrem
421 1006 529 1034 vocavit
549 1004 633 1032 Deum
651 1011 742 1031 suum.
765 1003 908 1036 Quomodo
926 1002 1009 1037 igitur

222 1059 313 1092 potest
329 1062 382 1081 una
396 1060 457 1081 esse
474 1051 618 1086 utriusque
634 1050 751 1077 natura?
767 1049 842 1076 Orlh.
860 1048 945 1076 Filius
961 1048 1007 1076 Dei

222 1110 288 1130 num
304 1101 375 1129 Deus
390 1103 487 1127 natura
503 1102 528 1125 et
544 1098 625 1124 homo
640 1104 688 1131 per
713 1095 927 1130 assumptionem
944 1101 1007 1121 car-

222 1149 267 1176 nis
288 1153 340 1181 est,
359 1145 461 1174 necne?
479 1143 582 1170 Maced.
609 1142 666 1170 Est.
690 1141 766 1169 Orth.
795 1139 878 1175 Igitur
902 1140 1008 1167 ratione

222 1193 332 1222 deitatis
347 1192 419 1220 Deus
432 1191 519 1226 ipsius
531 1189 610 1216 Pater
620 1192 672 1220 est,
688 1188 793 1215 ratione
804 1194 868 1214 vero
882 1185 1008 1212 humani-

222 1238 298 1269 tatis,
321 1236 403 1263 Deus.
429 1234 533 1261 Maced.
559 1233 614 1268 Ego
637 1233 780 1267 utrittsque
797 1235 901 1258 natum
923 1230 1007 1257 Deum

222 1284 314 1319 ipsum
328 1283 400 1309 dico.
418 1281 496 1309 Orlh.
513 1279 648 1307 Memento
661 1279 735 1305 illius
749 1277 815 1304 dicti
829 1286 835 1304 :
854 1285 864 1301 1
881 1275 957 1303 Vado
974 1276 1006 1303 ad

222 1328 331 1356 Patrem
344 1334 434 1354 meum
449 1330 477 1353 et
490 1325 596 1352 Patrem
611 1329 740 1354 vestrum,
764 1322 848 1349 Deunt
873 1329 962 1348 meum
980 1324 1008 1348 et

222 1374 308 1402 Deum
323 1377 444 1400 vestrum
456 1371 490 1398 ".
505 1381 514 1397 ι
530 1370 625 1398 Nonne
642 1370 700 1396 haec
714 1369 750 1395 ita
767 1376 797 1396 se
814 1367 933 1395 habent?
946 1367 1008 1394 Ma-

222 1421 278 1448 θεά.
294 1421 332 1447 lta
348 1427 423 1447 sane.
442 1418 518 1446 Orth.
537 1417 582 1444 Sic
599 1417 681 1452 igitur
695 1415 776 1442 Pater
787 1415 846 1449 ejus
857 1420 897 1442 est
912 1422 1008 1449 quem-

222 1467 368 1494 admodum
382 1469 409 1493 et
424 1463 537 1492 noster?
550 1462 652 1490 Maced.
669 1462 739 1489 Non.
756 1461 833 1490 Orth.
849 1460 901 1488 Sed
918 1461 1006 1496 ipsius

221 1512 332 1548 quidem
354 1515 472 1538 natura:
494 1513 588 1537 noster
607 1516 671 1535 vero
692 1508 789 1543 gratia.
813 1507 915 1534 Christi
934 1507 1007 1534 enint

221 1559 370 1594 participes
392 1557 467 1588 facti,
483 1557 586 1584 inventi
610 1563 706 1582 sumus
729 1561 824 1589 prope,
846 1553 892 1588 qtti
913 1554 1007 1588 procul

221 1605 367 1633 aberamtts
382 1609 489 1635 natura,
511 1602 577 1630 adeo
593 1605 623 1628 ut
640 1601 711 1628 Deus
728 1600 808 1628 Pater
825 1605 917 1627 noster
935 1599 1009 1625 dica-

221 1656 276 1678 tur.
301 1650 404 1678 Maced.
432 1649 478 1676 Sic
503 1653 554 1676 est.
581 1647 658 1675 Ortlt.
676 1646 909 1680 Quemadmodum
927 1645 1009 1680 igitur

221 1707 272 1726 nos
282 1698 383 1725 Christi
397 1696 543 1732 participes
556 1695 630 1725 lacti,
643 1694 750 1720 Patrem
763 1693 895 1720 habemus
907 1692 1005 1718 Deum:

222 1745 260 1772 ita
276 1742 363 1770 Filius
381 1748 491 1776 quoque
507 1739 627 1767 Verbum
645 1743 673 1765 et
686 1738 767 1770 Deus,
785 1745 846 1765 cum
866 1736 1008 1771 sanguinis

221 1795 250 1817 et
262 1789 352 1816 carnis
370 1791 471 1815 nostra:
485 1786 574 1813 factus
589 1786 624 1812 sit
638 1785 784 1820 particeps,
800 1783 908 1810 Patrem
927 1780 1008 1809 habet

222 1835 319 1867 Deum,
341 1833 376 1860 ita
391 1836 421 1859 ut
433 1831 534 1858 dixerit
547 1839 554 1857 :
570 1840 579 1854 1
595 1830 632 1857 De
645 1833 737 1856 ventre
752 1828 847 1855 matris
860 1835 925 1854 mea:
936 1827 1007 1854 Deus

222 1888 300 1909 meus
316 1888 346 1908 es
360 1883 389 1906 tu
401 1879 434 1906 ³⁷.
456 1887 465 1904 ι
491 1877 528 1904 De
538 1882 633 1904 ventre
660 1880 750 1902 autent
772 1874 866 1902 matris
890 1873 1006 1900 Verbum

223 1928 325 1955 factum
342 1931 394 1957 est,
407 1924 517 1960 quando
532 1923 614 1959 Virgo
628 1922 754 1957 concepit
774 1926 802 1949 et
821 1922 926 1957 peperit
943 1920 1007 1947 Em-

221 1972 374 2001 manuelem
392 1981 399 1998 :
418 1976 500 2006 atque
518 1970 570 1997 ltoc
586 1968 666 1996 modo
678 1968 825 2002 subjicitur
835 1967 922 1994 forma
936 1967 1005 1994 servi

221 2022 344 2054 accepta.
362 2017 465 2044 Maced.
485 2016 545 2052 Ipse
565 2016 603 2043 ait
619 2025 625 2042 :
643 2024 652 2040 1
667 2014 747 2042 Pater
763 2022 840 2041 meus
858 2014 945 2048 major
964 2021 1007 2040 me

220 2071 263 2094 est
273 2065 307 2091 “.
327 2074 336 2090 ι
353 2063 429 2091 Orth.
440 2062 609 2090 Vocabulum
633 2071 642 2087 1
665 2061 752 2096 major
766 2071 774 2086 ι
789 2060 958 2087 multimodis
978 2060 1006 2086 in

222 2113 363 2147 Scriptura
378 2109 470 2137 divina
488 2109 633 2144 accipitur.
649 2107 752 2134 Maced.
766 2106 890 2133 Etiamne
904 2105 938 2133 ad
950 2113 1006 2132 car-

221 2167 283 2187 rtem
302 2157 374 2185 hanc
388 2163 481 2183 vocent
501 2164 510 2180 1
532 2155 619 2190 major
636 2164 644 2180 ι
660 2153 762 2181 refers?
772 2153 847 2179 Orllt.
857 2151 1006 2179 Videamus

220 2211 283 2231 cum
299 2203 396 2230 timore
410 2201 469 2232 Dei,
493 2208 554 2235 quae
574 2199 673 2226 divina
693 2198 842 2232 Scriptum
863 2204 940 2224 metis
958 2196 1004 2228 sit,
1023 2218 1044 2245 υ

219 2253 286 2285 quot
300 2249 389 2276 modis
405 2255 497 2275 vocent
516 2256 525 2272 1
542 2247 629 2280 major
641 2255 650 2271 ›
665 2248 788 2280 usurpet.
801 2243 902 2270 Maced.
913 2242 1008 2270 Videa-

219 2303 291 2323 mus.
317 2294 394 2322 Orlh.
415 2294 444 2320 ιιι
464 2292 612 2327 Evangelia
638 2290 723 2318 Filius
748 2290 806 2317 ait:
822 2299 831 2315 1
847 2289 937 2320 Pater,
960 2289 1005 2324 qui

219 2342 294 2370 dedit
308 2341 384 2373 tnihi,
401 2339 488 2374 major
501 2338 629 2366 omnibus
643 2341 696 2369 est,
712 2341 739 2364 et
757 2343 837 2363 nemo
857 2339 947 2371 potest
963 2343 1006 2362 ra-

220 2397 283 2424 pere
301 2388 335 2416 de
355 2395 437 2414 manu
455 2386 543 2413 Patris
564 2385 627 2412 ntei.
646 2384 702 2419 Ego
720 2388 747 2411 et
765 2383 845 2410 Pater
859 2390 942 2410 unum
957 2390 1006 2410 su-

219 2442 281 2461 tttus
291 2434 325 2459 ’9.
341 2443 349 2458 ι
364 2432 398 2459 Et
412 2432 445 2460 de
460 2431 530 2458 Esau
549 2431 650 2458 dictum
665 2433 707 2457 est
722 2438 745 2456 :1
760 2429 829 2461 Quia
846 2429 933 2463 tttajor
949 2437 1006 2456 ser-

220 2479 273 2506 viet
288 2478 417 2505 minori‘.
434 2487 442 2502 ι
457 2476 490 2503 Et
506 2485 512 2503 :
534 2486 542 2501 1
563 2475 647 2509 Major
664 2480 722 2501 erat
738 2473 803 2500 Saul
818 2473 945 2500 outnibus
957 2472 1005 2500 lto-

220 2524 339 2550 utinibus
349 2524 370 2550 ’.
388 2532 397 2548 ι
416 2521 449 2548 Ει
466 2532 471 2549 ;
488 2532 498 2547 ‹
516 2521 602 2556 Major
622 2521 749 2547 omnibus
766 2524 808 2547 est
821 2519 943 2546 cltaritas
956 2519 976 2546 ³.
993 2527 1002 2544 ι

219 2569 250 2595 lit
265 2579 270 2596 :
286 2579 295 2594 ι
311 2569 431 2596 Granum
448 2567 536 2602 sinapi
551 2575 615 2594 cuin
627 2566 745 2594 creverit
758 2565 846 2600 majus
860 2570 902 2592 est
917 2565 1004 2592 omni-

219 2616 269 2642 bus
283 2614 432 2642 oleribus“.
450 2623 459 2639 ι
480 2613 588 2647 Scripta
604 2618 667 2640 sunt
686 2612 753 2643 hzec,
779 2611 884 2639 necne?
900 2611 1005 2638 Macrd.

218 2661 326 2696 Scripta
347 2664 421 2687 sunt.
445 2659 523 2687 Ortlt.
542 2659 651 2686 Siccine
664 2666 729 2693 ergo
742 2658 813 2685 Esau
828 2657 932 2685 Jacobo
948 2665 1006 2683 ma-

215 2708 302 2742 jorem
329 2707 418 2739 dicis,
448 2706 676 2741 quemadmodum
700 2705 809 2731 Saulem
832 2704 893 2731 aliis
916 2703 1005 2730 homi-

252 2800 275 2815 ’⁸
292 2798 358 2825 Luc.
381 2806 415 2827 tt.
434 2797 526 2825 48-51.
579 2796 602 2812 ⁸⁸
621 2795 700 2823 Joau.
720 2804 755 2823 xx
769 2816 776 2824 .
798 2796 839 2822 l7.

217 2835 226 2852 ¹
242 2834 310 2862 Gen.
329 2841 392 2866 xxv,
406 2833 450 2860 25.
490 2834 499 2848 ¹
519 2831 612 2868 lReg.
633 2840 666 2863 x,
682 2831 727 2859 25.
768 2832 776 2847 ³
797 2832 804 2859 Ι
823 2831 885 2858 Cor.
906 2838 972 2866 xui,
992 2830 1033 2857 l5.

1021 1537 1042 1565 C

895 2795 917 2811 97
940 2793 1014 2821 Psal.
1033 2802 1078 2821 xxt
1092 2814 1098 2822 .
1119 2793 1162 2819 11.

1059 911 1154 947 Μαρίᾳ.
1171 910 1303 945 ὑπετάγη.
1323 909 1433 936 Mam-:6.
1447 908 1531 939 Αὺτὺς
1545 905 1605 933 εἷπε
1619 907 1686 933 Θεὸν
1697 905 1790 933 ἑαυτοῦ
1800 905 1839 930 τὸν

1059 958 1177 993 Πατέρα.
1193 957 1248 983 Καὶ
1262 955 1320 987 πῶς
1335 955 1444 981 δύναται
1461 955 1478 990 ἠ
1490 955 1558 989 αὐτὴ
1572 953 1653 988 φύσις
1669 952 1755 985 εἶναι;
1773 952 1838 984 Ὀρθ.

1064 1004 1094 1030 '0
1109 1003 1172 1035 Υἱὸς
1188 1002 1235 1029 τοῦ
1246 1002 1313 1028 θεοῦ
1329 1002 1376 1028 καὶ⁸
1388 1001 1454 1033 Θεὸς
1465 1003 1522 1028 ἐστι
1534 1002 1567 1036 τῇ
1581 1000 1672 1034 φύσει,
1684 999 1731 1025 καὶ
1742 998 1838 1033 ἄνθρω-

1059 1058 1110 1081 πος
1124 1051 1157 1084 τῇ
1174 1048 1325 1085 προσλήψει
1347 1049 1396 1083 τῆς
1420 1047 1530 1082 σαρκὸς,
1547 1046 1563 1082 ἢ
1580 1046 1629 1078 ob;
1652 1044 1764 1072 Μακεδ.
1782 1043 1839 1070 Ναί.

1065 1095 1138 1129 Ὀρθ.
1157 1093 1261 1121 Οὐκοῦν
1282 1095 1315 1128 τῇ
1338 1093 1387 1128 μὲν
1403 1092 1509 1128 θεότητι
1534 1092 1627 1127 Πατὴρ
1648 1090 1731 1117 αὑτοῦ
1748 1091 1816 1115 ἐστιν
1828 1090 1840 1114 6

1058 1140 1134 1172 Θεὸς,
1142 1142 1175 1176 τῇ
1183 1140 1211 1166 δὲ
1220 1136 1495 1176 άνθρωπότητι,Θεός.
1501 1138 1610 1165 Μακεδ.
1621 1138 1691 1172 Ἐγὼ
1698 1137 1744 1164 τοῦ
1754 1144 1841 1170 συναμ-

1058 1187 1122 1222 φοτέ
1127 1196 1173 1222 ρου
1181 1187 1261 1213 αὐτὸν
1268 1187 1333 1212 Θεὸν
1342 1184 1704 1220 λέγω.Ὀρθ.“Λναμνήσῢητι
1714 1183 1758 1210 τοῦ
1767 1182 1840 1218 ῥητοῦ

1057 1234 1104 1261 τοῦ
1120 1234 1244 1268 λέγοντος
1258 1233 1354 1264 οὕτως·
1374 1242 1382 1258 1
1401 1233 1557 1268 Πορεύομαι
1580 1231 1648 1267 πρὸς
1671 1231 1717 1257 τὸν
1739 1229 1839 1264 Πατέρα

1060 1289 1109 1316 μου
1136 1280 1182 1306 καὶ
1205 1279 1314 1314 Πατέρα
1339 1277 1426 1313 ὑμῶν,
1458 1278 1506 1304 καὶ
1534 1277 1599 1304 Θεόν
1626 1285 1677 1311 μου
1713 1275 1759 1302 καὶ
1781 1274 1839 1300 Θεὶν

1058 1325 1145 1361 ὑμῶν.
1164 1335 1173 1350 ι
1190 1325 1226 1351 Ἣ
1248 1325 1297 1360 οὐχ
1323 1323 1424 1357 οὖτως;
1446 1323 1557 1350 Mum-:8.
1580 1322 1685 1354 Οὕτως.
1713 1318 1840 1355 Ὀρθ.οὖ-

1058 1381 1111 1404 τως
1131 1370 1177 1399 οὖν
1198 1373 1272 1398 ἐστιν
1292 1371 1374 1398 αὑτοῦ
1393 1371 1488 1406 Πατὴρ
1507 1370 1544 1402 ὡς
1561 1370 1608 1396 καί
1623 1369 1719 1404 ἡμῶνς
1737 1367 1837 1394 Μακεδ.

1059 1418 1124 1445 Οὔκ.
1149 1419 1221 1452 Ὀρθ.
1245 1417 1314 1444 Ἀλλ’
1330 1416 1411 1443 αὑτοῦ
1420 1417 1479 1454 ,μὲν
1493 1416 1582 1450 φύσει,
1601 1415 1681 1450 ἡμῶν
1697 1415 1724 1440 δὲ
1743 1413 1837 1449 χάριτι;

1058 1464 1174 1499 Μέτοχοι
1185 1463 1241 1498 γὰρ
1250 1463 1391 1498 γενόμενοι
1402 1462 1448 1489 τοῦ
1460 1461 1589 1497 Χριστοῦ,
1601 1461 1755 1496 εὑρέθημεν
1767 1459 1839 1493 ἐγγὺς

1058 1511 1082 1537 οἱ
1095 1509 1202 1545 μακρὰν
1212 1511 1244 1544 τῇ
1257 1509 1346 1543 φύσει,
1361 1508 1431 1535 ὥστε
1445 1507 1624 1544 χρηματίζειν
1637 1507 1717 1542 ἡμῶν
1729 1506 1772 1532 τὸν
1782 1503 1838 1531 Θεὸν

1059 1557 1178 1592 Πατέρα.
1200 1555 1311 1582 Μιικεδ.
1332 1555 1435 1586 Οὕτως.
1467 1555 1539 1588 Ὀρθ.
1565 1554 1673 1589 Ὥσπερ
1695 1551 1739 1579 οὖν
1759 1552 1837 1586 ἡμεῖς,

1061 1601 1169 1635 μέτοχοι
1180 1599 1227 1626 τοῦ
1241 1599 1359 1634 Χριστοῦ
1372 1599 1521 1634 γενόμενοι,
1537 1598 1634 1633 ἔχομεν
1648 1598 1696 1624 τὸν
1715 1596 1778 1623 Θεὸν
1792 1595 1839 1621 Πι-

1058 1647 1135 1682 τέρα,
1154 1645 1225 1672 οὕτω
1241 1645 1287 1671 καὶ
1297 1646 1311 1671 ὁ
1323 1645 1387 1676 Υἱὸς
1404 1645 1489 1679 Λόγος
1505 1643 1543 1670 ὢν
1555 1644 1602 1670 καὶ
1614 1643 1693 1674 Θεὸς,
1708 1639 1837 1677 μετασχὼν

1059 1693 1171 1728 αἵματος
1194 1692 1240 1718 καὶ
1262 1691 1373 1727 σαρκὸς,
1391 1690 1453 1725 ἔσχε
1479 1690 1524 1716 τὸν
1547 1689 1658 1724 Πατέρα
1681 1687 1754 1714 θεόν·
1776 1686 1836 1728 ὥστε

1058 1725 1146 1773 λέγειν
1163 1737 1253 1763 αὐτόν’
1274 1746 1283 1762 1
1298 1725 1356 1763 "Ex
1372 1735 1476 1766 κοιλίας
1494 1735 1596 1771 μητρός
1610 1742 1662 1768 μου
1678 1733 1742 1763 Θεὸς
1758 1738 1804 1765 μου
1815 1725 1836 1755 εἷ

1059 1784 1101 1811 σύ,
1121 1794 1130 1810 t
1151 1784 1197 1810 Ἐκ
1218 1782 1322 1814 κοιλίας
1339 1782 1366 1808 δὲ
1389 1781 1490 1817 μητρὸς
1508 1782 1522 1807 ὁ
1534 1780 1620 1814 Λόγος
1636 1780 1752 1814 ἐγένετο.
1769 1776 1834 1808 ὅτεὴ

1058 1830 1195 1864 Παρθένος
1207 1829 1234 1855 ὲν
1249 1828 1348 1864 γαστρὶ
1359 1828 1438 1854 ἔλαϐε
1453 1828 1499 1854 καὶ
1511 1827 1587 1853 ἔτεκε
1600 1827 1646 1853 τὸν
1664 1822 1835 1860 Ἐμμανουήλ.

1059 1878 1105 1904 καὶ
1123 1877 1208 1908 οὕτως
1226 1876 1406 1902 ὑποτάσσεται
1429 1874 1533 1910 μορφὴν
1553 1874 1648 1900 δούλου
1671 1871 1767 1899 λαϐών,
1783 1871 1836 1896 Μα-

1058 1924 1119 1951 κεδ.
1132 1923 1217 1955 Αὐτὸς
1227 1923 1311 1956 λέγει·
1325 1931 1333 1947 1
1355 1922 1383 1948 '0
1397 1922 1492 1957 Πατήρ
1507 1930 1557 1958 μοι)
1569 1921 1671 1956 μείζων
1686 1928 1734 1955 μου
1746 1916 1833 1944 ἐστιν.»

1064 1971 1136 2004 Ὀρθ.
1150 1970 1205 1997 Καὶ
1219 1969 1248 1996 τὺ
1261 1979 1269 1994 1
1278 1968 1392 2004 μείζων»
1404 1967 1457 1994 τῶν
1472 1967 1612 2002 πολλαχῶς
1624 1968 1683 1994 ἐστι
1695 1963 1836 1999 λεγομένων

1057 2017 1087 2042 ὲν
1103 2017 1135 2051 τῇ
1153 2015 1212 2051 θεία
1231 2015 1336 2050 Γραφῇ.
1346 2013 1455 2041 Μακεδ.
1472 2013 1528 2039 Καὶ
1540 2013 1569 2037 τὸ
1582 2022 1590 2038 1
1604 2012 1704 2048 μείζων
1719 2020 1727 2036 i
1741 2008 1780 2036 διὰ
1793 2006 1835 2041 τὴν

1059 2062 1148 2097 σάρκα
1164 2062 1268 2095 λέγεις;
1295 2061 1367 2094 Ὀρθ.
1394 2060 1507 2094 Ἴδωμεν
1528 2058 1597 2094 μετὰ
1613 2058 1696 2093 φόΰου
1716 2055 1777 2083 Θεοῦ
1796 2052 1834 2079 τὸν

1057 2108 1119 2134 νοῦν
1130 2107 1179 2142 τῆς
1187 2107 1306 2143 Γραφῆς,
1316 2105 1442 2141 ποσαχῶς
1449 2105 1522 2139 λέγει
1533 2104 1563 2131 τὸ
1574 2114 1583 2129 1
1596 2104 1706 2139 μείζων.
1720 2112 1728 2128 ι
1737 2098 1833 2128 Mam.

1060 2154 1183 2188 Ἷδωμεν.
1210 2153 1282 2186 Ὀρθ.
1306 2152 1386 2186 Λέγει
1409 2153 1423 2178 ὁ
1445 2151 1506 2183 Υἱὸς
1527 2151 1555 2177 ἐν
1581 2149 1763 2184 Εὑαγγελίοις·
1782 2155 1791 2171 ι
1809 2144 1833 2169 ὀ

1059 2199 1164 2233 Πατὴρ,
1181 2198 1210 2230 ὃς
1229 2197 1329 2224 δέδωκέ
1349 2205 1403 2232 μοι,
1420 2195 1519 2231 μείζων
1534 2195 1643 2221 πάντων
1660 2193 1728 2223 ἐστὶ,
1740 2191 1782 2217 καὶ
1794 2187 1833 2214 οὖ-

1060 2244 1114 2275 δεὶς
1129 2243 1239 2270 δύναται
1255 2242 1377 2277 ἁρπάσαι
1391 2243 1423 2267 ἐκ
1436 2242 1485 2276 τῆς
1497 2241 1587 2276 χειρὸς
1603 2238 1651 2266 τοῦ
1666 2237 1767 2274 Πατρός
1780 2242 1831 2277 μους

1066 2289 1136 2323 Ἐγὼ
1150 2289 1196 2315 καὶ
1212 2289 1226 2314 ὁ
1244 2276 1339 2322 Πατὴρ
1354 2287 1382 2312 ἓν
1401 2287 1493 2320 ἐσμεν.
1515 2295 1523 2310 ι
1541 2284 1595 2311 Καὶ
1616 2283 1680 2319 περὶ
1696 2281 1740 2308 τοῦ
1760 2276 1832 2305 Ἢσαῦ

1060 2336 1176 2370 εἴρηται·
1192 2344 1201 2359 ι
1216 2335 1276 2360 Ὅτι
1286 2335 1300 2360 ὁ
1312 2333 1409 2368 μείζων
1419 2330 1556 2358 δουλεΰσει
1565 2330 1604 2366 τῷ
1618 2330 1746 2356 ἐλάττονισ
1761 2335 1768 2352 ι
1781 2323 1830 2370 κα),

1063 2391 1072 2407 1
1088 2379 1196 2412 Μείζων
1211 2377 1245 2415 ἦν
1260 2380 1274 2405 ὁ
1287 2378 1372 2405 Σαοὺλ
1386 2377 1440 2404 τῶν
1456 2378 1564 2403 πάντων
1581 2374 1740 2411 ἀνθρώπων
1758 2381 1767 2397 t
1781 2368 1829 2397 ml.

1062 2436 1072 2452 1
1095 2427 1127 2452 Ἦ
1140 2426 1233 2460 ἀγάπη
1253 2424 1353 2460 μείζων
1369 2423 1476 2450 πάντων
1490 2422 1558 2449 ἐστι·
1575 2431 1583 2447 ι
1599 2421 1657 2452 καὶ,
1674 2429 1682 2445 1
1706 2419 1733 2444 '0
1746 2416 1830 2444 κόκκος

1057 2472 1104 2499 τοῦ
1118 2472 1262 2503 σινάπεως,
1279 2471 1343 2497 ὅταν
1356 2469 1471 2505 αὐξηθῇ,
1493 2468 1592 2504 μείζων
1609 2467 1715 2494 πάντων
1731 2463 1781 2490 τῶν
1792 2461 1831 2486 λα-

1059 2519 1148 2554 χάνων
1163 2517 1278 2552 γίνεται.
1300 2526 1308 2540 ι
1332 2516 1488 2551 Γέγραπται
1511 2514 1607 2543 ταῦτα,
1625 2513 1642 2547 ἢ
1662 2511 1709 2543 οὒ;
1731 2504 1830 2554 Μακεδὶ

1058 2548 1225 2600 ίζέγραπται.
1249 2563 1320 2596 Ὀρθ.
1344 2548 1437 2592 οὕτως
1453 2557 1498 2586 οὖν
1517 2559 1606 2593 λέγεις
1624 2558 1671 2584 τὸν
1696 2553 1775 2582 Ἰἰσαῦ
1790 2548 1829 2577 ’τΘῦ

1064 2608 1160 2636 Ἰακὼϐ
1178 2608 1298 2643 μείζονα,
1311 2607 1348 2638 ὡς
1363 2606 1408 2632 τὸν
1420 2605 1506 2632 Σαοὺλ
1517 2604 1572 2631 τῶν
1585 2603 1670 2631 ἄλλων
1683 2598 1828 2635 ἀνθρώπων.

1056 2655 1093 2686 ὡς
1105 2654 1152 2690 τὴν
1167 2654 1276 2689 ἀγάπην
1286 2653 1336 2688 τῆς
1347 2651 1451 2683 ἐλπίδος
1463 2651 1509 2678 καὶ
1523 2651 1653 2682 rcis-15mg;
1666 2645 1772 2674 Μακεδ.
1784 2640 1828 2668 Οῧν

1063 2702 1136 2735 Ὀρθ.
1151 2697 1187 2726 Εὖ
1199 2700 1297 2733 λέγεις.
1324 2699 1351 2725 '0
1368 2698 1420 2734 γάρ
1436 2697 1521 2724 Σαοὺλ
1536 2696 1643 2732 μεγέθει
1656 2694 1702 2720 τοῦ
1716 2691 1827 2724 σώματος

1225 2792 1248 2808 ’⁸
1271 2791 1348 2818 loan.
1369 2799 1425 2824 xtv,
1440 2791 1485 2818 28.
1528 2782 1560 2806 ’π
1582 2788 1659 2816 Joan.
1679 2795 1711 2817 κ,
1729 2784 1770 2813 Ξυι
1788 2780 1824 2806 30-

1073 2830 1082 2844 ⁸
1101 2828 1168 2855 Luc.
1189 2835 1256 2862 Xltl;,
1276 2827 1318 2854 59.
