1926 3068
111 129 184 159 1525

625 128 766 158 CONTRA
785 129 963 158 MACEDON.
984 129 1161 158 DIALOGUS
1181 128 1202 156 Ι.

1675 123 1746 154 15⁸26

110 189 214 224 μείζων
235 187 331 224 ὲλέχθη
346 188 400 215 τῶν
423 188 511 216 ἄλλων
525 189 686 225 ἀνθρώπων
719 191 734 225 ἠ
757 190 785 216 δὲ
808 190 900 226 ἀγάπη

956 189 1046 220 nibus,
1061 187 1290 224 quemadmodum
1307 187 1482 214 dilectionem
1499 192 1547 221 spe
1561 187 1588 212 et
1603 183 1670 212 ﬁde?
1681 183 1738 212 Ma-

108 235 160 270 τῆς
176 234 282 266 ἐλπίδος
299 235 346 261 καὶ
360 234 410 270 τῆς
429 234 548 266 πίστεως
563 235 663 270 μείζων
678 235 785 270 ἐλέχθη.
802 235 839 267 ὡς
853 236 903 270 τῆς

108 282 166 308 τῶν
188 282 276 310 ἄλλων
300 281 404 316 ἀρετῶν
425 281 571 313 ἐπιδόσεως
595 281 669 308 αἰτία
690 279 767 307 οὖσα·
794 282 902 316 ἀγαπή-

111 335 208 358 σαντες
221 327 274 362 γὰρ
294 326 457 362 πιστεύομεν
470 347 477 358 ,
495 325 687 358 πιστεύσαντες
702 326 730 352 δὲ
748 326 902 361 ἐλπίζομεν.

110 372 222 399 Μακεδ.
239 373 294 398 Καὶ
307 371 387 398 τοῦτο
403 372 526 408 δέχομαι.
549 372 620 406 Ὀρθ.
642 371 734 403 Οὕτως
750 370 796 398 οὖν
814 371 903 405 λέγεις

109 418 156 444 τὸν
172 419 281 454 Πατέρα
298 418 408 453 μεὶζονα
421 419 541 450 πάντων,
559 418 596 449 ὡς
612 417 660 453 τὴν
672 417 783 452 ἀγάπην
796 417 845 452 τῆς
861 417 904 443 ὲλ-

111 464 189 496 πίδος
217 466 250 500 τῇ
267 465 400 499 ποιότητι,
419 465 435 500 ἦ
453 464 490 496 ὡς
506 464 550 490 τὸν
570 463 655 490 Ἠσαῦ
671 463 717 490 τοῦ
740 463 837 490 Ἰακὼϐ
864 463 903 499 τῷ

110 511 211 546 χρόνῳ,
229 511 245 546 ἢ
262 511 299 542 ὡς
322 510 366 536 τὸν
391 510 477 537 Σαοὺλ
498 509 552 536 τῶν
583 509 669 536 ἄλλων
693 509 842 546 ἀνθρώπων
865 510 903 545 τῷ

112 556 240 591 μεγέθει;
264 555 375 583 Μακεδ.
402 555 450 582 Οὖ.
484 555 512 581 Ὀ
541 555 595 590 γὰρ
623 555 718 591 Πατὴρ
748 555 903 591 ἁσυγκρίτῳ

111 602 232 637 ὑπεροχῇ
264 602 363 637 μείζων
391 602 500 628 πάντων
528 601 611 628 ἐστίν.
648 601 720 635 Ὀρθ.
744 602 859 634 Οὐκοῦν,
879 603 903 627 εὶ

110 648 271 684 ἀσυγκρίςῳ
290 649 408 683 ὑπεροχῇ
431 647 529 683 μείζων
546 648 656 675 πάντων
673 648 746 674 ἐστὶν
763 650 777 674 ὁ
794 649 898 684 Πατὴρ,

110 694 172 720 οὒτε
186 694 223 725 ὡς
242 694 326 720 Ἦσαῦ
338 693 385 720 τοῦ
403 693 499 721 Ἰακὼϐ
512 693 550 729 τῷ
561 694 658 729 χρόνῳ,
669 693 730 720 οὔτε
746 694 783 726 ὡς
795 695 809 720 ὁ
820 694 904 720 Σαοὺλ

109 738 165 765 τῶν
183 739 270 765 ἄλλων
291 738 442 775 ἀνθρώπων
457 739 495 774 τῷ
512 739 632 774 μεγέθει,
650 738 711 765 οὔτε
726 739 763 770 ὡς
776 740 793 774 ὴ
810 739 902 774 ἀγάπη

109 784 162 820 τῆς
185 784 303 816 πίστεως
326 785 373 811 καὶ
388 785 494 817 ἐλπίδος
509 787 541 820 τῇ
561 785 694 815 ποιότητι.
714 784 824 811 Μακεδ.
843 785 904 817 Πῶς

109 829 157 864 δέ;
183 831 255 865 Ὀρθ.
271 831 331 857 ’Ότι
346 832 360 857 ὁ
375 832 424 857 ἀσυ
431 832 531 866 γκρίτῳ
547 832 667 867 ὑπεροχῇ
684 831 784 866 μείζων
796 831 904 858 πάντων

954 235 1010 262 ced.
1027 235 1097 262 Non.
1112 234 1189 262 Orth.
1203 233 1287 261 Recte
1301 233 1381 260 dicis.
1396 231 1462 259 Saul
1475 232 1547 259 enim
1562 235 1668 258 statura
1680 238 1743 259 core

953 282 1027 316 poris
1054 281 1116 308 aliis
1139 279 1299 308 hominibus
1324 278 1412 313 major
1435 278 1528 306 dictus
1547 277 1744 306 fuitztlileetio

953 335 1017 355 vero
1042 327 1094 354 ﬁde
1117 331 1144 355 et
1164 334 1212 361 spe
1236 326 1324 360 major
1347 325 1421 351 dicta
1443 330 1503 357 est,
1526 329 1556 352 ut
1578 332 1638 360 qua:
1654 325 1744 353 incre-

953 373 1039 400 menti
1054 373 1169 400 aliarum
1191 372 1324 399 virtutum
1341 379 1424 399 causa
1441 371 1478 398 sit
1493 380 1500 398 :
1516 378 1579 398 cum
1593 370 1665 398 enim
1681 370 1744 398 dili-

954 418 1055 453 gimus,
1073 418 1226 451 credimus;
1244 425 1307 444 cum
1330 417 1483 449 credimus,
1506 424 1658 452 speramus.
1682 416 1743 444 Ma-

954 465 1013 491 ced.
1040 464 1073 491 Et
1095 465 1145 491 hoc
1161 464 1287 491 admitto.
1314 463 1390 490 Orth.
1407 463 1515 490 Siccine
1536 463 1619 498 igitur
1636 462 1743 490 Patrem

954 512 1083 546 majorem
1097 511 1225 538 omnibus
1237 510 1317 543 dicis,
1329 510 1559 545 quemadmodum
1573 510 1745 538 dilectionem

954 565 1012 592 spe,
1029 556 1161 591 qualitate
1183 566 1189 584 :
1209 560 1256 584 aut
1280 556 1510 592 quemadmodum
1535 556 1608 584 Esau
1630 555 1744 589 Jacobo,

954 606 1077 638 tempore
1091 611 1097 629 :
1114 605 1161 629 aut
1176 601 1409 637 quemadmodum
1425 602 1536 629 Saulem
1551 602 1612 629 aliis
1627 602 1745 629 homini-

955 649 1017 681 bus,
1035 648 1160 677 statura?
1176 647 1280 676 Macati.
1300 647 1370 675 Non.
1384 647 1490 675 Etenim
1510 647 1591 675 Pater
1606 648 1745 684 incompa-

954 696 1034 724 rabili
1048 696 1209 723 excellentia
1221 694 1350 722 omnibus
1364 693 1453 729 major
1463 696 1515 721 est.
1532 693 1608 721 Orth.
1622 693 1649 721 Si
1663 695 1746 730 igitur

955 742 1164 778 incomparabili
1176 741 1338 770 excellentia
1352 741 1441 776 major
1449 740 1579 768 omnibus
1591 744 1634 768 est
1646 740 1743 768 Pater:

954 797 1043 824 neque
1060 793 1194 824 tempore,
1211 791 1241 815 ut
1257 787 1328 816 Esau
1343 786 1457 820 Iacobo,
1478 795 1567 822 neque
1584 790 1701 819 statura,
1715 790 1746 814 ut

956 835 1023 862 Saul
1039 835 1100 863 aliis
1125 835 1293 867 hominibus,
1316 841 1405 869 neque
1431 834 1574 869 qualitate,
1590 837 1620 860 ut
1636 834 1746 861 dilectio

111 876 162 907 ὢν.
178 877 278 912 ὁμοίως
291 877 339 904 καὶ
352 877 482 908 ὡσαύτως
495 876 595 912 μείζων
605 878 713 904 πάντων
730 878 797 910 ἐστὶ,
815 877 861 904 καὶ
873 878 902 904 οὐ

956 881 1008 909 tide
1021 885 1048 909 et
1065 889 1113 917 spe
1138 890 1148 907 ι
1163 881 1253 916 major
1274 880 1404 908 omnibus
1432 884 1485 908 est.
1502 889 1511 905 ι
1536 880 1618 916 487
1640 879 1743 907 Illaced.

110 922 159 951 τοῦ
177 924 224 959 μὲν
238 923 339 956 πλεῖον,
354 923 401 950 τοῦ
416 924 443 950 δὲ
456 923 577 951 ἔλαττον.
595 923 706 950 Mazaei.
728 923 848 959 Ἀληθῶς
860 923 904 949 λέ-

110 979 181 1006 γεις.
203 971 276 1004 Ὀρθ.
300 970 435 1003 Ὡσαύτως
451 968 499 997 οὖν
519 970 609 1004 λέγεις
634 969 745 1006 μείζονα
768 969 816 996 τοῦ
838 969 903 996 Υἱοῦ

110 1016 156 1043 τὸν
173 1016 282 1052 Πατέρα
301 1017 348 1043 καὶ
375 1016 429 1043 τῶν
457 1017 559 1048 ἵππων,
585 1017 633 1043 καὶ
659 1016 714 1042 τῶν
737 1016 837 1048 κυνῶπα,
858 1017 905 1043 καὶ

112 1063 222 1090 πάντων
245 1063 350 1097 ἀλόγων
379 1062 466 1095 ζώων,
496 1063 543 1090 καὶ
566 1063 616 1098 τῆς
640 1062 804 1098 ἀναισθήτου
821 1062 903 1098 ὒληςς

111 1109 224 1137 Μακεδ.
246 1109 323 1144 Οὐχὶ,
352 1108 389 1144 μὴ
407 1109 528 1143 γένοιτοῑ
553 1109 627 1142 Ὀρθ.
649 1108 706 1135 Οὐκ
725 1108 779 1144 ἄρα
796 1108 905 1135 πάντων

111 1155 269 1191 ἀσυγκρῖτῳ
294 1155 414 1190 ὑπεροχῇ
441 1154 539 1189 μείζων
559 1154 626 1181 ἐστε.
649 1153 701 1181 Τοῦ
716 1153 770 1189 γὰρ
786 1153 851 1180 Υἱοῦ
868 1154 906 1186 ὡς

112 1202 207 1237 Πατὴρ
224 1200 300 1228 Υἰοῦ.
315 1200 425 1227 Haud.
444 1201 602 1237 Συγκρίτως
612 1200 676 1235 ἄρα.
686 1201 759 1234 Ὀρθ.
772 1198 854 1227 Εῐπον
868 1201 906 1232 ὡς

113 1249 208 1284 Πατὴρ
226 1248 302 1275 Υξοῦ,
325 1247 484 1283 Ὑπερέχων
501 1247 555 1283 γὰρ
571 1247 625 1274 τῶν
644 1246 731 1274 ἄλλων
746 1246 905 1283 ἀσυγκριτῳ

113 1295 246 1330 ὑπεροχῇ,
262 1294 293 1321 οὐ
309 1293 356 1320 τοῦ
371 1294 435 1320 Υἱοῦ
452 1294 551 1328 μείζων
567 1294 640 1320 ἐστὶν
652 1293 811 1329 ἀσυγκρίτῳ
823 1294 907 1329 ὑπερ-

112 1343 173 1377 οχῇ,
195 1341 251 1368 ἀλλ’
279 1341 316 1372 ὡς
344 1341 440 1376 Πατὴρ
463 1340 539 1367 Υιοῠ.
557 1341 589 1367 Εἰ
616 1340 644 1366 δὲ
671 1340 721 1366 οὐκ
749 1340 907 1375 ἁσυγκρίτῳ

113 1388 233 1423 ὑπεροχῇ
247 1387 347 1422 μείζων
360 1386 442 1413 αὑτοῦ
454 1387 538 1419 ἐστιν,
551 1387 581 1413 οὐ
595 1386 675 1420 φύσει
689 1386 798 1422 μείζων·
811 1387 841 1412 οὐ
853 1387 907 1422 γὰρ

113 1433 287 1468 ἀσύγκριτος.
296 1433 327 1459 Εἰ
335 1433 363 1459 δὲ
371 1433 400 1459 οὗ
409 1434 442 1468 τῇ
452 1433 532 1467 φύσει
544 1432 655 1468 μείζων,
667 1433 727 1459 οὐδὲ
735 1432 773 1468 τῷ
784 1433 905 1468 μεγέθει·

114 1480 256 1515 ἀμεγέθης
270 1479 333 1515 γάρ·
353 1479 412 1505 οὐδὲ
430 1478 467 1514 τῷ
485 1479 582 1515 χρόνῳ·
599 1479 712 1514 ἄχρονος
723 1479 788 1514 γάρ’
802 1479 862 1505 οὐδὲ
872 1479 906 1514 τῇ

114 1527 246 1562 ποιότητν
271 1525 364 1557 ἄποιος
387 1525 452 1560 γάρ.
476 1525 533 1551 Οὐκ
556 1525 610 1559 ἄρα
631 1525 702 1560 ἄλλῳ
721 1526 775 1551 τινι⁸
797 1525 907 1561 μείζονα

113 1571 209 1599 ιαυτοῦ
233 1571 277 1598 τὸν
302 1571 411 1607 Πατέρα
439 1571 522 1605 λέγει,
551 1571 607 1597 ἀλλ’
623 1570 639 1607 ἢ
657 1571 694 1603 ὡς
717 1571 778 1602 Υἱὺς
800 1571 906 1607 μορφὴν

112 1617 206 1644 δούλου
220 1616 310 1643 λαϐὼν
327 1617 375 1644 καὶ
389 1616 476 1652 τιμῶν
491 1617 536 1643 τὸν
547 1616 644 1643 ἑαυτοῦ
658 1617 780 1653 Πατέρα.
792 1617 903 1644 Μακεδ.

113 1663 199 1690 Τοῦτο
212 1663 334 1699 δέχομαι.
354 1664 427 1697 Ὀρθ.
446 1663 478 1689 Ἠ
491 1663 559 1699 αὑτὴ
571 1663 626 1699 ἄρα
638 1663 718 1698 φύσις
730 1664 788 1690 ἐστὶ
798 1664 906 1699 Πατρὺς

114 1711 160 1737 καὶ
170 1710 246 1737 Υἱοῡ⁸
256 1710 348 1746 ἐπειδὴ
359 1711 396 1745 μὴ
405 1710 564 1746 ἀσυγκρίτῳ
573 1711 694 1746 ὑπεροχῇ
710 1710 796 1746 μείζω
808 1709 904 1737 ἑαυτοῦ

114 1758 159 1784 τὸν
176 1758 286 1793 Πατέρα
298 1757 382 1791 λέγει.
400 1756 467 1783 Οὐδὲ
480 1758 533 1792 γὰρ
549 1756 581 1783 ἂν
601 1756 643 1792 εἴη
662 1757 725 1788 Υἱὸς
742 1750 779 1792 μὴ
795 1757 844 1792 τὴν
855 1758 905 1783 αὑ-

114 1803 163 1840 τὴν
180 1804 261 1839 φύσιν
277 1804 356 1839 ἔχων.
372 1805 404 1830 Εἰ
418 1803 446 1829 δὲ
460 1803 547 1834 τοῦτο,
563 1803 614 1829 οὐκ
628 1803 681 1838 ἄρα
695 1804 728 1839 τῇ
745 1803 824 1838 φύσει
838 1803 905 1829 ὑπο-

113 1851 252 1882 τάσσεται,
266 1851 321 1878 ἀλλ’
333 1851 370 1882 ὼς
385 1850 448 1882 Υἱὸς
462 1850 568 1886 μορφὴν
585 1849 677 1876 δούλου
689 1849 789 1877 λαϐών.

955 927 1097 961 Quomodo
1109 927 1193 963 ergo?
1207 928 1282 955 Orth.
1296 927 1363 954 Nam
1376 927 1424 963 qui
1439 927 1646 962 incomparabili
1658 927 1746 954 excel-

955 976 1039 1003 lentia
1061 976 1190 1003 omnibus
1211 974 1300 1009 major
1323 979 1375 1007 est,
1390 974 1481 1001 ‘simili
1495 973 1650 1008 eodemque
1667 974 1747 1008 plane

955 1021 1037 1048 modo
1057 1021 1185 1048 omnibus
1208 1025 1250 1048 est
1272 1021 1370 1056 major,
1394 1027 1445 1048 nec
1466 1020 1554 1055 magis
1575 1019 1632 1050 illo.
1655 1020 1746 1047 minus

956 1067 1019 1095 alio.
1037 1066 1140 1094 Maced.
1155 1066 1226 1095 Vere
1240 1066 1320 1094 dicis.
1339 1065 1416 1093 Qrth.
1434 1065 1572 1093 Eodemne
1587 1065 1672 1100 igitur
1686 1073 1746 1092 mo-

956 1113 991 1140 do
1017 1113 1088 1140 dicis
1112 1112 1219 1139 Patrem
1240 1112 1371 1146 majorem
1391 1119 1452 1139 esse
1476 1109 1556 1142 Filio,
1579 1117 1634 1145 quo
1655 1109 1745 1144 equis,

957 1166 1011 1194 quo
1041 1158 1174 1191 canibus,
1208 1166 1264 1193 quo
1293 1157 1420 1184 omnibus
1449 1156 1539 1184 brutis
1571 1155 1746 1187 animalibus,

957 1213 1012 1240 quo
1050 1205 1168 1240 denique
1207 1204 1360 1232 insensibili
1393 1203 1527 1231 materia?
1563 1202 1667 1230 Maced.
1694 1201 1747 1229 Ne-

957 1259 1106 1286 quaquam,
1129 1251 1200 1278 absit
1220 1251 1288 1278 hoc!
1320 1250 1396 1278 Orth.
1425 1249 1485 1277 Non
1510 1249 1594 1284 igitur
1620 1248 1747 1277 omnibus

957 1297 1165 1332 incomparabili
1190 1297 1352 1324 excellentia
1380 1296 1471 1331 major
1500 1299 1552 1323 est.
1579 1295 1647 1323 Filio
1672 1295 1746 1323 enim

957 1344 1046 1378 major
1061 1347 1102 1370 est
1121 1347 1150 1370 ut
1166 1343 1245 1370 Pater
1263 1342 1336 1370 Filii.
1364 1342 1468 1369 Maced.
1489 1341 1681 1376 Comparative
1694 1340 1747 1376 igi-

958 1394 1014 1417 tur.
1031 1389 1108 1417 Orth.
1126 1388 1199 1419 Dixi.
1217 1395 1247 1417 ut
1267 1388 1349 1415 Pater
1367 1388 1438 1415 Filii.
1456 1388 1525 1415 Cum
1541 1388 1614 1415 enim
1628 1388 1696 1416 alios
1707 1387 1747 1415 in-

958 1435 1136 1470 comparabili
1156 1435 1316 1462 excellentia
1338 1439 1468 1469 superet,
1488 1441 1545 1461 non
1565 1438 1657 1461 tamen
1678 1432 1747 1461 Pilio

961 1481 1048 1515 major
1067 1485 1110 1508 est
1131 1481 1294 1508 excellentia
1317 1480 1538 1516 incomparabili,
1559 1479 1607 1508 sed
1623 1484 1652 1507 ut
1668 1478 1747 1507 Pater

921 1543 942 1571 C
961 1527 1031 1554 Filii.
1051 1526 1128 1560 Quod
1144 1527 1169 1554 si
1191 1527 1352 1555 excellentia
1374 1526 1584 1562 incomparabili
1608 1526 1696 1560 major
1715 1533 1747 1553 eo

959 1583 1014 1610 non
1031 1579 1083 1607 est,
1099 1581 1153 1600 non
1169 1578 1211 1601 est
1225 1573 1313 1608 major
1324 1577 1421 1600 natura
1436 1582 1442 1600 :
1457 1580 1512 1600 non
1527 1572 1600 1600 enim
1615 1580 1663 1607 per
1673 1579 1735 1599 com

959 1620 1140 1656 parationem.
1163 1619 1192 1646 Si
1217 1627 1282 1646 vero
1306 1627 1360 1647 non
1382 1619 1470 1654 major
1486 1623 1596 1651 natura,
1619 1625 1747 1653 ergonec

959 1666 1167 1702 magnitudine,
1186 1673 1282 1700 expers
1302 1665 1375 1692 enim
1396 1669 1437 1693 est
1453 1664 1666 1700 magnitudinis;
1696 1671 1747 1693 nec

958 1717 1097 1748 tempore.
1113 1717 1235 1747 tempore
1248 1712 1321 1739 enim
1338 1711 1413 1739 nullo
1427 1712 1668 1746 comprehenditur
1680 1717 1688 1742 ;
1700 1709 1746 1737 de-

958 1758 1041 1793 nique
1068 1765 1118 1785 nec
1138 1757 1287 1792 qualitate,
1310 1764 1408 1791 expers
1431 1757 1505 1784 enim
1529 1759 1572 1784 est
1594 1755 1746 1791 qualitatis.

957 1804 1049 1838 Quare
1062 1804 1135 1831 nulla
1148 1803 1201 1830 alia
1216 1803 1243 1830 in
1254 1811 1283 1830 re
1297 1803 1427 1838 majorem
1444 1802 1534 1837 seipso
1545 1801 1653 1829 Patrem
1669 1801 1746 1833 dicit,

959 1858 1040 1886 quatn
1060 1851 1132 1886 quod
1147 1849 1234 1877 Filius
1253 1850 1311 1884 ipse
1326 1850 1373 1882 sit,
1389 1849 1435 1884 qui
1451 1849 1568 1876 formam
1584 1848 1656 1876 servi
1672 1855 1746 1875 sum-

114 1901 179 1935 psit,
193 1904 219 1926 ct
234 1907 314 1927 suum
334 1899 420 1934 ipsius
441 1899 550 1926 Patrem
571 1899 699 1926 honorat.
719 1898 822 1926 Maced.
844 1898 902 1926 Hoc
932 1900 1058 1927 admitto.
1080 1899 1156 1927 Orth.
1174 1899 1274 1926 Eadem
1291 1899 1375 1934 igitur
1388 1902 1430 1926 est
1445 1897 1535 1924 Patris
1557 1900 1583 1924 et
1609 1894 1671 1923 Filii
1699 1903 1746 1923 na-

113 1954 195 1975 tura:
214 1945 439 1981 quandoquidem
452 1954 508 1973 non
533 1946 742 1981 incomparabili
770 1947 931 1975 excellentia
953 1947 1061 1976 Patrem
1088 1948 1224 1983 majorem
1248 1947 1339 1982 seipso
1362 1947 1440 1974 dicit.
1461 1945 1554 1981 Neque
1572 1945 1646 1973 enim
1663 1943 1747 1972 Filius

114 1996 198 2023 esset,
222 1991 276 2018 nisi
298 1995 426 2019 naturam
451 1992 564 2020 haberet
580 1991 715 2019 eamdem.
731 1991 811 2025 Quod
828 1993 850 2020 si
864 1993 902 2020 ita
917 1997 970 2027 est,
986 2002 1042 2022 non
1058 1994 1142 2030 igitur
1172 1997 1271 2021 natura
1293 1993 1451 2028 subjicitur,
1471 1992 1517 2021 sed
1534 1996 1563 2018 ut
1588 1991 1674 2019 Filius
1693 1990 1747 2017 for-

115 2046 158 2065 ma
175 2037 247 2065 servi
261 2041 411 2073 assumpta.

148 2083 195 2111 ‘20.
213 2083 322 2110 Μακεδ.
337 2083 405 2119 Περὶ
419 2083 467 2118 μὲν
481 2083 527 2110 τοῦ
540 2083 605 2110 Υἱοῦ
617 2084 706 2117 καλῶς
717 2084 806 2119 λέγεις
817 2094 823 2100 ·
841 2085 904 2120 περὶ

995 2083 1040 2112 20.
1060 2083 1163 2112 Maced.
1187 2084 1319 2112 Praeclare
1341 2088 1370 2111 tu
1392 2082 1500 2118 quidem
1521 2082 1555 2109 de
1581 2081 1649 2109 Filio
1665 2082 1745 2110 disse-

113 2129 142 2156 δὲ
158 2129 204 2156 τοῦ
221 2129 377 2163 Πνεῦματος
393 2129 423 2155 οὐ
441 2129 542 2162 καλῶς.
559 2130 617 2157 Κᾶν
637 2130 691 2166 γὰρ
710 2129 776 2167 μ.ὴῇ
796 2132 904 2158 κτιστὺν

963 2131 1020 2158 ris:
1039 2131 1086 2158 sed
1108 2131 1141 2159 de
1158 2131 1261 2166 Spiritu
1282 2138 1337 2158 non
1358 2129 1434 2157 item.
1454 2128 1511 2156 Etsi
1534 2128 1608 2156 enim
1629 2128 1746 2163 Spiritus

114 2175 145 2202 τὸ
161 2175 283 2210 Πνεῦμα,
299 2175 367 2201 ἀλλὰ
392 2176 503 2210 γενητόν
520 2177 588 2203 ἐστι.
612 2177 703 2204 Πάντα
720 2177 774 2213 γὰρ
798 2177 842 2204 διὰ
857 2177 904 2204 τοῦ

958 2182 1067 2205 creatus
1085 2187 1140 2205 non
1157 2178 1248 2209 fuerit,
1266 2177 1354 2204 factus
1371 2181 1461 2203 tamen
1487 2174 1547 2202 fuit.
1566 2174 1662 2202 Omnia
1675 2176 1746 2202 enim

113 2221 180 2247 Υἱοῦ
193 2221 324 2255 ἐγένοντο.
338 2222 369 2248 Et
380 2221 407 2248 δὲ
423 2222 521 2253 πάντα,
538 2223 658 2257 δηλονότι
675 2223 722 2249 καὶ
736 2223 766 2250 τὸ
780 2223 902 2259 Πνεῦμα.

120 2268 196 2301 Ὀρθ.
213 2268 243 2294 Et
259 2267 371 2303 γενητόν
390 2269 458 2297 ἐστι,
472 2269 519 2294 καὶ
539 2269 647 2296 κτιστόν
660 2270 743 2296 ἐστιν.
760 2269 791 2296 Ei
807 2269 860 2305 γὰρ
875 2270 906 2297 τὸ

113 2315 225 2350 γενητὸν
242 2315 291 2341 οὐκ
314 2314 371 2341 ἔστι
388 2314 507 2345 κτιστὺν,
533 2316 622 2342 πάντα
644 2316 672 2342 δὲ
695 2316 824 2343 διἀὐτοῦ
846 2316 907 2351 ἐγέ-

114 2369 173 2387 νετο
185 2369 192 2375 ·
205 2361 264 2387 οὐδὲ
275 2361 309 2388 τὰ
320 2361 408 2389 πάντα.
422 2362 528 2389 κτιστά.
541 2362 572 2388 Εἰ
587 2362 615 2388 δὲ
629 2362 717 2394 τοῦτο,
734 2363 791 2395 πῶς
804 2364 907 2398 νοήσω-

115 2415 165 2442 μεν
180 2407 210 2433 τὸ
226 2408 301 2443 παρὰ
317 2407 356 2443 τῷ
376 2407 474 2443 Παύλῳ
490 2408 651 2443 εἰρημένον·
678 2417 687 2433 t
707 2409 747 2435 Τὰ
768 2408 857 2435 πάντα
877 2410 905 2435 ἐν

112 2452 188 2488 αὐτῷ
204 2453 344 2486 ἕκτισται;
363 2463 373 2480 ι
392 2453 502 2482 Mam-:6.
527 2453 595 2479 Ἀλλ’
617 2454 647 2480 οὐ
671 2453 760 2480 πάντα.
784 2455 905 2490 ὀμότιμά

113 2500 191 2526 εἰσιν.
214 2500 291 2534 Ὀρθ.
313 2500 373 2526 Κᾶν
397 2500 434 2536 μὴ
454 2497 521 2527 ὦσιν
542 2499 672 2536 ὀμότιμα,
695 2499 751 2527 ἀλλ’
773 2501 847 2536 ὅμως
870 2501 904 2527 τὰ

113 2544 203 2572 πάντα
226 2544 365 2581 κτίσματὰ
383 2546 445 2572 εἰσι.
471 2545 583 2580 Κτίσμα
605 2545 632 2572 δὲ
654 2545 803 2580 κτίσματος
829 2546 904 2572 οὐδὲν

111 2590 246 2627 διαφέρει,
304 2591 406 2626 κτίσμα
421 2591 488 2619 ἐστί.
507 2591 617 2618 Μακεδ.
642 2592 724 2618 Οὐδὲν
746 2592 868 2627 διαφέρει
891 2594 905 2618 ὁ

112 2637 232 2672 Γαϐριὴλ
246 2637 292 2663 τοῦ
308 2637 402 2670 ἵππου,
424 2637 440 2672 ἢ
454 2638 501 2664 καὶ
518 2638 611 2672 ἐτέρου
626 2638 698 2669 τινὸς
716 2638 769 2665 τῶν
781 2638 902 2672 ἀλόγων;

120 2683 194 2716 Ὀρθ.
209 2680 246 2718 *Π
261 2684 362 2718 κτίσμα.
373 2683 456 2715 ἐστιν,
469 2683 544 2710 οὐδὲν
555 2684 691 2720 διαφέρει·
734 2684 762 2712 δὲ
777 2684 901 2719 ἄγγελος,

112 2729 219 2763 πνεῦμα
234 2728 429 2764 λειτουργικὺν,
445 2730 485 2760 εἰς
499 2729 636 2757 διακονίαν
658 2730 900 2765 ἀποστελλόμενον,

110 2775 141 2801 03
154 2775 206 2801 τῶν
221 2775 325 2808 ἀλόγων
340 2775 429 2810 μόνον,
442 2775 508 2802 ἀλλὰ
524 2777 570 2802 καὶ
581 2777 659 2812 ἡμῶν
670 2777 724 2804 τῶν
738 2776 899 2812 ἀνθρώπων,

147 2854 158 2870 ⁸
177 2853 284 2880 Coloss.
303 2861 330 2885 ι,
350 2853 392 2880 l6.

957 2232 1004 2259 per
1021 2224 1119 2252 Filium
1144 2224 1214 2251 facta
1235 2227 1309 2252 sunt.
1333 2223 1362 2250 Si
1381 2228 1470 2250 autem
1493 2222 1595 2253 omnia,
1616 2221 1709 2255 utique
1721 2225 1746 2248 et

959 2270 1088 2306 Spiritus.
1108 2270 1184 2298 Orth.
1202 2270 1230 2298 Si
1254 2271 1342 2298 factus
1359 2274 1412 2301 est,
1436 2272 1545 2296 creatus
1570 2275 1678 2303 quoque
1694 2271 1746 2294 est.

959 2315 988 2343 Si
1013 2318 1085 2344 enim
1103 2317 1176 2351 quod
1199 2316 1313 2350 factum,
1329 2320 1452 2343 creatum
1470 2322 1525 2342 non
1540 2318 1593 2346 est,
1614 2318 1641 2341 et
1657 2313 1747 2340 omnia

958 2370 1006 2397 per
1021 2362 1110 2396 ipsum
1128 2361 1200 2388 facta
1215 2365 1289 2392 sunt,
1307 2368 1373 2388 sane
1390 2363 1482 2387 creata
1495 2359 1587 2386 omnia
1604 2366 1659 2384 non
1673 2361 1745 2384 sunt.

958 2407 1036 2441 Quod
1051 2409 1074 2435 si
1090 2408 1126 2434 ita
1142 2411 1193 2439 est,
1208 2407 1347 2443 quomodo
1360 2407 1544 2441 intelligemus
1557 2405 1658 2431 dictum
1681 2403 1746 2430 illud

957 2453 1034 2480 Pauli
1050 2463 1055 2481 :
1071 2463 1080 2478 ε
1100 2453 1196 2480 Omnia
1210 2453 1239 2491 in
1252 2460 1311 2488 lpSO
1328 2456 1420 2480 creata
1433 2451 1534 2479 sunt"?
1549 2460 1558 2476 ι
1573 2448 1677 2476 Maced.
1692 2447 1746 2476 Sed

957 2508 1013 2528 non
1028 2500 1119 2528 omnia
1132 2501 1191 2534 pari
1204 2500 1231 2527 in
1244 2499 1348 2527 honore
1360 2499 1508 2526 habentur.
1525 2496 1606 2538 Orth.
1618 2495 1676 2523 Etsi
1691 2502 1745 2522 non

957 2546 1016 2581 pari
1032 2545 1183 2573 habeantur
1203 2545 1321 2577 honore,
1339 2544 1430 2572 omnia
1448 2547 1539 2570 tamen
1557 2545 1647 2570 creata
1671 2545 1745 2568 sunt.

957 2590 1089 2617 Creatura
1112 2594 1202 2617 autem
1220 2597 1234 2616 a
1259 2594 1384 2617 creatura
1406 2588 1474 2616 nihil
1490 2587 1588 2617 differt.
1612 2590 1748 2621 quatenus

955 2641 1083 2664 creatura
1101 2640 1153 2664 est.
1173 2635 1278 2664 Macati.
1294 2636 1365 2663 Nihil
1381 2635 1463 2670 igitur
1476 2634 1567 2661 differt
1587 2633 1700 2661 Gabriel
1712 2634 1748 2660 ab

956 2692 1040 2720 equo,
1065 2689 1111 2711 aut
1129 2684 1163 2711 ab
1179 2684 1234 2711 alio
1255 2683 1372 2719 quodam
1390 2683 1470 2710 bruto
1494 2681 1651 2710 animante?
1670 2681 1745 2710 Orth.

956 2730 1100 2764 Quatenus
1114 2734 1241 2758 creatura
1255 2735 1308 2763 est,
1325 2731 1392 2758 nihil
1412 2729 1517 2763 diﬂ‘ert;
1534 2735 1670 2765 quatenus
1684 2736 1747 2755 vero

956 2778 1083 2813 angelus,
1104 2779 1218 2813 spiritus
1240 2777 1492 2806 administratorius
1512 2777 1544 2803 ad
1562 2776 1748 2804 ministerium
