1926 3068
219 130 230 157 1
235 128 287 158 3.27

819 127 849 154 S.
869 123 1100 154 ATIIANASIUS.
1116 140 1150 145 —
1169 123 1282 154 DUBIA.

1773 124 1835 151 1528

219 190 331 219 missus.
351 195 404 216 non
429 189 516 216 solum
534 196 548 215 ο
569 187 667 221 brutis,
685 187 732 215 sed
756 195 771 214 a
793 187 874 214 nobis
897 194 999 222 qttoqut

1057 186 1104 212 καὶ
1120 186 1174 212 τῶν
1197 185 1329 220 ἀγγέλων,
1353 185 1522 221 ἀρχάγγελος
1540 183 1588 213 ὢν.
1605 184 1658 211 Καὶ
1672 184 1725 220 γὰρ
1745 185 1836 218 ὀφθαλ-

219 234 386 265 hnminibus.
413 238 439 262 et
466 235 500 262 ab
524 234 639 269 angelis.
665 241 726 261 cum
754 234 789 260 sit
816 233 1006 268 arcltangelus.

219 278 325 306 Etenim
357 280 464 312 oculus,
491 285 629 314 quatenus
654 281 762 310 oculus.
794 279 856 306 aliis
884 281 1008 314 corpOris

218 326 348 353 membris
371 326 529 353 honoratior
552 330 609 359 est;
634 333 734 361 corpus
758 330 850 353 tamen
875 334 928 353 non
954 331 1006 354 est.

219 371 334 407 (Corpus
355 373 426 399 enim
445 373 511 400 nihil
535 372 625 399 dill‘crt
641 380 656 399 a
679 379 803 407 corpore,
819 381 871 407 qua
887 377 928 400 cst
943 381 1006 400 cor-

217 419 290 452 pus.)
300 417 404 445 .lluced.
414 418 468 446 Nos
479 419 606 451 dicimus,
618 418 747 454 Spiritum
764 427 779 446 a
794 418 848 446 Deo
857 427 903 454 per
911 418 1006 447 Filium

217 470 278 491 esse
297 472 376 492 suum
392 464 498 492 habere.
521 464 598 492 Orth.
622 465 720 492 Annon
738 468 847 497 caetera,
864 473 925 500 qua:
946 473 1007 492 esse

217 517 296 536 suum
312 518 327 537 a
343 510 398 538 Deo
413 519 461 546 per
474 510 571 538 Filiqu
585 520 638 539 non
656 512 766 544 habent,
782 516 913 539 creatum
926 512 1007 539 sunt?

216 556 319 584 Haced.
329 557 623 586 Suut.0rllt.Creatura
631 559 712 594 igitur
720 563 761 586 est
768 557 1004 594 Spirituslaced.

216 601 275 629 Non
292 611 359 630 voco
378 608 545 636 creaturam,
559 604 780 640 quandoquidem
796 604 928 639 scriptum
951 611 1006 630 non

216 653 267 677 est.
291 649 368 678 Orlh.
387 650 440 678 Nec
457 650 557 678 factum
580 650 676 683 dicito,
697 650 917 686 quandoquidem
934 649 1005 677 idem

216 704 330 730 prorsus
363 697 510 732 signiﬁcat.
540 696 644 724 Μαρια.
681 695 734 724 Sed
767 696 899 732 scriptum
932 701 1003 724 est:

217 752 226 768 ‹
242 742 338 770 Omnia
363 750 410 778 per
435 743 524 778 ipsttm
547 742 619 771 facta
642 749 732 770 sunt:
756 753 765 770 ι
795 743 1002 778 scriptumque:

218 798 226 813 ι
248 787 348 816 Omnes
366 789 437 816 servi
454 788 493 816 tui
510 789 529 814 '.
552 798 560 814 ι
580 789 657 816 ονιΙι.
683 788 796 816 Servum
822 789 906 824 igitur
921 796 1004 816 vocas

216 833 367 869 Spiritum?
381 833 485 862 Maced.
503 834 597 862 Absit!
616 834 692 862 Ortlt.
714 833 774 861 Non
794 842 860 869 ergo
875 833 1004 861 omnibus

215 881 275 908 istis
291 887 495 908 annumeratur.
510 879 614 907 Maced.
629 879 692 907 Tria
707 880 789 915 igitur
805 888 859 907 non
875 879 946 908 facta
963 880 1001 906 di~

214 927 273 954 cis?
288 927 364 955 Orth.
382 927 433 955 Sed
458 935 518 963 qua:
534 935 584 955 nec
603 935 687 955 causa
706 935 756 955 nec
779 931 855 962 patre
877 930 998 955 careant.

215 970 272 999 Etsi
287 972 359 999 enim
390 971 508 1007 Spiritus
534 971 623 1000 factus
647 980 702 999 non
728 976 780 1004 est,
800 979 884 999 causa
909 976 1000 999 tamen

214 1018 328 1052 originis
344 1025 398 1045 non
413 1022 499 1046 caret.
516 1017 633 1046 Causam
656 1018 728 1045 enim
745 1018 826 1045 habet
843 1017 937 1049 Deum,
951 1025 1001 1045 cu-

211 1063 257 1098 jus
271 1062 389 1098 Spiritus
404 1068 456 1092 est.
473 1064 505 1091 Et
527 1065 590 1092 licet
604 1064 689 1093 Filius
711 1064 799 1091 factus
812 1071 866 1091 non
886 1064 932 1096 sit,
945 1072 1000 1092 non

213 1113 304 1136 tamen
319 1113 362 1137 est
384 1110 444 1138 sine
464 1108 545 1137 Patre
561 1118 567 1136 ε
590 1110 669 1137 habet
685 1109 757 1137 enim
778 1109 885 1137 Patrem
902 1109 998 1143 Dcum,

212 1163 246 1183 ex
259 1163 314 1190 quo
326 1160 354 1183 et
369 1156 477 1190 genitus
492 1159 544 1182 est.
557 1155 639 1182 Pater
653 1163 718 1182 vero
734 1161 760 1182 et
776 1163 829 1182 non
844 1154 932 1183 factus
945 1159 998 1188 est,

212 1205 240 1228 et
259 1209 308 1229 nec
320 1208 443 1233 causam,
459 1208 509 1228 nec
528 1199 635 1228 Patrem
650 1200 740 1228 habet.
757 1199 863 1227 Maced.
879 1199 938 1227 Non
953 1200 1000 1236 igi-

212 1251 258 1274 tur
274 1246 363 1274 factus
383 1250 426 1274 est
448 1246 566 1281 Spiritus
592 1253 639 1281 per
658 1245 777 1273 Filium?
801 1246 878 1274 Orth.
901 1247 997 1274 Absit!

212 1292 354 1326 Quomodo
373 1293 445 1320 enim
469 1291 550 1319 Pater
571 1292 646 1319 illum
671 1300 754 1327 super
774 1291 874 1320 Filium
898 1301 1000 1328 ponere

211 1339 288 1372 dicit,
313 1340 336 1367 si
365 1347 413 1374 per
441 1339 530 1374 ipsum
557 1337 655 1366 Filium
681 1339 800 1374 Spiritus
826 1339 914 1370 factus
938 1341 999 1368 est?

211 1383 316 1412 Haced.
331 1383 382 1412 Ubi
397 1385 528 1419 scriptum
542 1388 594 1415 est,
615 1383 723 1412 Patrem
740 1393 822 1420 super
836 1384 934 1412 Filium
949 1394 999 1422 po—

211 1439 277 1458 nere
295 1430 448 1465 Spiritum?
463 1429 540 1457 Ortlt.
560 1438 569 1454 ι
591 1429 660 1457 Ecce
680 1437 748 1464 puer
770 1438 847 1457 meus
869 1430 998 1464 dilectus,

210 1477 240 1504 in
255 1484 336 1512 quem
352 1476 518 1511 complacuit
530 1476 582 1503 sibi
597 1476 687 1503 anima
702 1483 762 1503 mea
776 1486 782 1503 :
800 1483 897 1511 ponam
917 1484 1000 1512 super

211 1530 274 1549 eum
295 1521 427 1558 Spiritum
453 1529 544 1549 meum
560 1522 580 1548 ⁷.
601 1531 610 1548 ι
628 1520 733 1548 Haud.
760 1520 820 1548 Non
845 1522 917 1550 hunc
934 1523 1035 1565 dicitC

213 1568 355 1603 Spiritum.
378 1567 455 1596 Ort/t.
477 1567 561 1596 Esure
582 1575 648 1595 vero
669 1567 740 1595 alius
754 1567 842 1596 Patris
863 1568 999 1610 Spiritqs?

211 1613 317 1641 Haud.
332 1613 414 1641 Pater
428 1614 486 1648 ipse
502 1613 621 1649 Spiritus
633 1618 684 1647 est,
698 1618 725 1641 et
738 1614 848 1649 quando
862 1615 916 1648 ait,
932 1624 941 1641 ι
951 1615 1001 1643 Ρο-

213 1666 275 1685 nam
289 1657 421 1693 Spiritum
442 1665 531 1685 meum
548 1666 631 1693 super
649 1666 722 1690 eum,
741 1667 751 1684 ι
769 1659 896 1686 virtutem
920 1667 999 1687 suam

212 1704 350 1739 intelligit.
365 1703 442 1731 Orth.
456 1703 524 1730 Cum
541 1711 608 1738 ergo
621 1704 689 1730 dicit
699 1725 706 1736 ,
725 1713 734 1730 ι
751 1703 838 1739 Super
857 1698 938 1740 quem
952 1705 1000 1733 de—

213 1749 388 1776 scendentem
413 1753 440 1776 et
461 1753 614 1776 manentem
634 1748 718 1784 488
741 1750 842 1777 videris
865 1751 998 1785 Spiritum

212 1803 296 1830 super
307 1803 370 1823 eum
384 1795 406 1827 ⁸,
425 1804 435 1820 ι
450 1795 578 1822 virtutem
596 1795 683 1829 ipsius
699 1795 784 1823 dicit?
802 1795 906 1824 Μαῖρά.
927 1797 997 1831 Non,

213 1843 261 1868 sed
278 1840 412 1875 Spiritum
428 1841 516 1876 ipsum
530 1843 695 1875 paracletum
710 1843 785 1870 dicit.
803 1843 879 1870 Ort/t.
897 1843 934 1871 De
944 1844 999 1871 alio

213 1887 297 1921 igitur
311 1886 450 1921 propheta:
472 1886 580 1914 loculus
599 1891 652 1919 est,
670 1896 750 1922 quem
773 1896 855 1924 super
872 1898 935 1917 eum
951 1898 999 1925 po-

213 1931 316 1959 siturus
327 1936 410 1963 esset,
423 1931 457 1959 de
468 1932 522 1958 alio
535 1931 644 1960 Joanni.
660 1932 763 1961 Maced.
776 1934 862 1967 Quem
876 1935 909 1962 ad
919 1935 999 1963 Joan-

212 1986 275 2006 nem
299 1978 368 2005 dixit
386 1986 415 2006 se
438 1979 590 2013 positurum
616 1987 699 2014 super
720 1988 794 2014 eum,
814 1982 838 2010 is
857 1987 899 2010 est
915 1983 998 2011 Para~

212 2025 319 2051 castus:
336 2023 360 2051 is
374 2031 439 2051 vero
463 2024 496 2051 de
511 2031 566 2059 quo
588 2024 621 2051 ad
637 2025 794 2060 pr0phetam
816 2027 924 2056 locutus
943 2032 995 2061 est,

212 2073 289 2098 suam
303 2069 390 2105 ipsius
406 2070 533 2097 virtutem
556 2070 634 2098 dicit.
651 2070 729 2098 Orth.
747 2071 857 2100 Duosue
877 2073 997 2108 Spiritus

211 2115 292 2143 habet
305 2115 396 2142 Deus?
410 2114 513 2143 Maced.
535 2115 606 2143 Deus
620 2117 678 2152 ipse
693 2116 811 2152 Spiritus
826 2123 889 2151 est.,
899 2120 952 2147 Sed
970 2126 997 2148 et

212 2160 299 2187 virtus
315 2160 373 2194 ejus
394 2158 512 2194 Spiritus
530 2160 640 2188 dicitur.
666 2161 743 2189 Ortlt.
771 2162 863 2192 Virtus
879 2165 937 2192 haec
954 2169 997 2194 est

1060 233 1109 267 μος
1123 232 1175 259 τῶν
1190 232 1277 259 ἄλλων
1293 231 1380 267 μελῶν
1391 231 1438 258 τοῦ
1455 231 1578 267 σώματος
1591 231 1746 267 τιμιώτερός
1759 232 1836 264 ἐστιν,

1058 275 1228 315 ᾗόιρϐαλμός
1251 279 1342 305 ἐστιν’
1369 278 1426 305 ἀλλ’
1451 278 1510 313 οὐχὶ
1536 277 1615 313 σῶμά
1639 279 1704 304 ἐστι.
1731 278 1835 305 Μακεδ.

1063 327 1158 361 Ἡμεῖς
1169 326 1292 362 λέγομεν.
1307 327 1347 353 ὅτι
1365 326 1396 352 ὲκ
1412 325 1459 352 τοῦ
1478 325 1545 352 Θεοῦ
1557 325 1601 352 διὰ
1611 325 1657 352 τοῦ
1671 325 1735 351 Υῑοῦ
1749 325 1837 360 ἕχειτὴ

1057 369 1136 398 εἶναι.
1161 373 1235 406 Ὀρθ.
1253 373 1293 399 Τὰ
1304 372 1358 408 γὰρ
1372 372 1449 400 ἄλλα.
1473 371 1523 398 οὒκ
1544 372 1576 398 ἐκ
1591 371 1637 398 τοῦ
1652 371 1718 398 Θεοῦ
1738 371 1779 398 διὰ
1794 371 1836 397 τοῦ

1059 418 1122 445 tio-3
1140 419 1232 454 ἔχοντα
1254 419 1284 445 τὸ
1306 417 1387 449 εἶναι,
1409 419 1546 454 κτίσματά
1570 419 1638 450 eici;
1654 417 1763 445 Μακεδ.
1779 418 1835 445 Ναί.

1064 465 1140 499 Ὀρθ.
1156 465 1266 500 κτίσμα
1280 465 1334 501 ἄρα
1347 465 1437 492 καὶτὸ
1456 465 1579 500 Πνεῦμα.
1592 464 1704 491 Mam-:5.
1718 465 1753 490 Οὐ
1772 464 1837 498 λέγω

1057 512 1168 547 κτίσμα,
1195 512 1288 548 ἐπειδὴ
1312 512 1343 539 οὐ
1365 512 1530 547 γέγραπται.
1559 512 1635 545 Ὀρθ.
1663 511 1708 546 Μὴ
1733 511 1836 545 γενητὸν

1056 556 1130 590 λέγε,
1146 557 1238 592 ἐπειδὴ
1254 558 1285 583 ἐκ
1301 557 1474 592 παραλλήλου
1488 556 1554 584 αὐτὸ
1567 556 1761 592 σημαινόμενον
1775 558 1835 583 ἐστι.

1055 602 1166 629 Malea.
1188 602 1278 634 Ἀλλὰ,
1298 611 1307 628 t
1327 603 1418 629 Πάντα
1433 602 1465 628 δι’
1480 602 1561 629 αὑτοῦ
1577 603 1696 637 ἐγένετο,
1717 612 1726 628 ι
1745 603 1835 638 γέγρα-

1056 656 1121 675 πται
1134 657 1141 663 ·
1164 649 1220 680 καὶ,
1239 657 1249 674 α
1268 647 1308 675 Τὰ
1324 649 1469 683 σύμπαντα
1487 649 1567 675 δοῦλα
1584 648 1628 681 σὰ,
1649 658 1657 674 ³
1680 649 1834 684 γέγραπται.

1061 694 1138 728 Ὀρθ.
1153 695 1249 721 Δοῦλον
1263 692 1309 721 οὖν
1324 694 1412 729 λέγεις
1423 696 1453 722 τὸ
1467 695 1579 731 Πνεῦμα
1591 703 1598 728 ;
1612 695 1724 722 Μακεδ.
1740 695 1784 730 Μὴ
1797 695 1836 729 γέ-

1054 740 1139 767 νοιτοι
1163 739 1240 774 ὀρθ.
1255 740 1311 766 Οὐκ
1326 740 1380 776 ἆρα
1397 740 1466 776 μετὰ
1480 740 1534 767 τῶν
1546 740 1654 768 πάντων
1672 740 1837 776 συναριθμεῖ-

1054 793 1108 811 ται.
1123 784 1231 812 Μακεδ.
1241 785 1310 821 Τρία
1318 783 1364 812 οὖν
1373 786 1494 822 ἀγένητα
1502 786 1591 821 λέγεις
1602 787 1698 820 ;’ορθ.
1707 786 1774 812 Ἀλλ’
1786 786 1830 813 οὐκ

1054 831 1171 863 ἀναίτια,
1185 831 1246 858 οὔτε
1259 832 1372 868 μὴ(17¹)
1384 833 1520 868 ἀπάτορα.
1537 833 1591 860 Καὶ
1607 833 1662 868 γὰρ
1676 833 1700 859 ει
1714 833 1834 868 ἀγένητον

1018 862 1039 890 Β
1053 877 1083 905 τὸ
1098 877 1218 913 Πνεῦμα,
1240 862 1369 905 ἀλλζνοὺθί
1380 862 1515 906 ἀναίτιον
1540 878 1595 914 ἔχει
1613 862 1674 915 ’γάρ
1695 862 1835 906 αἴτιονΙτὸν

1052 924 1128 957 Θεδν,
1153 921 1183 950 οὗ
1199 924 1310 960 Πνεῦμα
1326 925 1394 951 ἐστι.
1421 924 1481 952 Κᾶν
1499 926 1629 962 ἀγένητος
1653 927 1668 953 ό
1691 926 1763 957 Υἱὸς,
1784 923 1835 952 ἀλλ’

1051 970 1101 996 οὐκ
1119 970 1249 1005 ἁπάτωρ’
1267 970 1324 1005 ἔχει
1345 969 1400 1006 γὰρ
1423 971 1533 1007 Πατέρα
1548 971 1593 998 τὸν
1617 971 1695 1003 Θεὸν,
1711 970 1741 1004 ἐξ
1753 969 1781 998 οὗ
1794 972 1835 998 καὶ

1051 1015 1221 1051 γεγέννηται.
1243 1015 1271 1042 '0
1290 1015 1318 1041 δὲ
1337 1015 1432 1052 Πατὴρ
1448 1016 1495 1043 καὶ
1512 1016 1645 1052 ἀγένητος
1662 1018 1709 1044 καὶ
1726 1017 1834 1050 ἀναίτιος

1050 1061 1097 1087 καὶ
1110 1061 1235 1096 ἀπάτωρ.
1250 1060 1361 1088 Μακεὸ.
1379 1062 1436 1088 Οὐκ
1451 1061 1559 1096 ἐγένετο
1572 1060 1618 1089 οὖν
1632 1063 1663 1090 τὸ
1678 1063 1786 1098 Πνεῦμα
1797 1062 1835 1089 διὰ

1049 1107 1096 1134 τοῦ
1112 1107 1194 1140 Tia-3;
1217 1107 1293 1142 '0p0.
1310 1107 1356 1143 Μὴ
1372 1107 1489 1142 γένοιτοῑ
1506 1109 1568 1140 Πῶς
1584 1108 1639 1144 γὰρ
1656 1111 1670 1136 ὁ
1687 1109 1778 1145 Πατὴρ
1795 1109 1833 1135 λέ‹

1049 1162 1092 1188 γει
1107 1154 1210 1181 τιθέναι
1230 1155 1296 1182 αὐτὸ
1311 1155 1358 1182 ἐπὶ
1379 1156 1424 1183 τὸν
1442 1156 1516 1189 Υἱδν,
1540 1156 1618 1192 εἴπερ
1636 1156 1670 1182 δι’
1687 1155 1766 1183 αὐτοῦ
1781 1155 1833 1190 ἐγέ-

1050 1208 1129 1233 νετο;
1147 1201 1259 1228 Μακεὸ.
1281 1201 1334 1228 Ποῦ
1356 1201 1519 1237 γέγραπται,
1537 1203 1577 1229 ὃτι
1597 1202 1611 1228 ὁ
1626 1203 1722 1238 Πατὴρ
1736 1203 1778 1229 ἐπὶ
1793 1203 1833 1228 τὸν

1050 1245 1113 1272 Υἱὸν
1126 1246 1215 1281 τίθησι
1234 1247 1265 1273 τὸ
1286 1247 1412 1282 Πνεῦμα;
1431 1247 1508 1281 Ὀρθ.
1531 1256 1540 1273 ι
1562 1247 1626 1274 Ἰδοὺ
1646 1249 1661 1274 ὁ
1675 1249 1742 1279 Παῖς
1757 1256 1802 1283 μου
1820 1247 1833 1273 ὁ

1049 1293 1200 1328 ἀγαπητὸς,
1225 1293 1265 1324 εἰς
1287 1292 1316 1319 ὃν
1338 1293 1481 1328 εὐδόκησεν
1503 1294 1519 1328 ἡ
1541 1293 1613 1328 ψυχή
1631 1302 1699 1329 μου·
1723 1294 1792 1329 Θήσω
1806 1291 1832 1319 τὺ

1051 1337 1163 1373 Πνεῦμα
1179 1347 1229 1374 μου
1247 1339 1289 1364 ἐπ’
1305 1338 1395 1366 αὐτόν.
1414 1348 1422 1365 ι
1448 1339 1558 1366 Μακεδ.
1576 1339 1613 1366 οὐ
1629 1339 1708 1366 τοῦτο
1724 1339 1793 1373 λέγει
1805 1338 1832 1365 τὸ

1051 1383 1173 1418 Πνεῦμα.
1197 1384 1274 1418 ’ορθ,
1293 1384 1370 1410 Ἐστι
1382 1385 1436 1420 γὰρ
1451 1384 1513 1411 ἄλλο
1526 1384 1640 1420 Πνεῦμα
1656 1386 1702 1412 τοῦ
1719 1384 1830 1419 Πατρό;;

1050 1430 1162 1458 Μακεδ.
1184 1431 1239 1457 Καὶ
1258 1430 1339 1462 αὐτὸς
1352 1431 1366 1457 ὁ
1385 1431 1478 1468 Πατὴρ
1498 1432 1609 1467 Πνεῦμα
1626 1434 1686 1459 ἐστι
1697 1441 1704 1448 ·
1718 1433 1763 1459 καὶ
1775 1433 1830 1458 ὅταν

1050 1475 1135 1509 λέγει,
1154 1485 1163 1501 t
1181 1476 1262 1512 Θήσω
1281 1477 1312 1503 τὸ
1327 1477 1437 1512 Πνεῦμά
1455 1486 1505 1513 μου
1525 1478 1568 1504 ἐπ’
1589 1478 1682 1510 αὑτὸν,
1702 1488 1711 1504 ι
1727 1478 1830 1512 δύναμιν

1051 1522 1133 1549 αὐτοῦ
1151 1521 1234 1557 λέγει.
1245 1524 1408 1557 Ὀρθ.’⁷υταν
1423 1521 1469 1550 οὖν
1478 1524 1551 1558 λέγει
1561 1545 1568 1557 ,
1589 1534 1598 1550 ι
1620 1525 1678 1559 Ἐφ’
1694 1525 1722 1551 ὃν
1737 1524 1767 1550 ἂν
1781 1523 1829 1558 ἱδῃς

1052 1568 1082 1595 τὸ
1098 1568 1210 1604 Πνεῦμα
1230 1570 1390 1597 καταεαῖνον
1410 1572 1456 1597 καὶ
1483 1571 1562 1605 μένον
1584 1571 1630 1597 ἐπ’
1653 1572 1742 1603 αὐτὸν,
1762 1581 1771 1596 ι
1788 1569 1829 1604 τὴν

1051 1616 1164 1651 δύναμιν
1189 1616 1270 1643 αὐτοῦ
1297 1616 1389 1651 Mysi;
1418 1617 1528 1644 Μακεδ.
1545 1617 1611 1650 Οῦκ,
1643 1618 1699 1646 ἀλλ’
1723 1617 1783 1645 αὐτὸ
1803 1615 1829 1642 τὺ

1053 1662 1165 1697 Πνεῦμα
1177 1662 1222 1689 τὸν
1237 1663 1413 1698 Παράκλητον
1425 1663 1510 1697 λέγει.
1532 1665 1608 1698 Ὀρθ.
1625 1663 1706 1691 Ἀλλο
1721 1661 1764 1690 οὖν
1777 1660 1828 1689 εἶπε

1051 1708 1091 1743 τῷ
1104 1710 1228 1744 προφήτῃ
1239 1709 1342 1736 τιθέναι
1355 1710 1397 1735 ἐπ’
1411 1710 1500 1741 αὑτὸν,
1519 1711 1565 1736 καὶ
1581 1710 1646 1738 ἄλλο
1662 1710 1701 1746 τῷ
1718 1710 1827 1744 Ἰωάννῃ.

1052 1754 1163 1782 Μακεδ.
1179 1756 1211 1782 Ὃ
1227 1753 1287 1781 εἷπε
1304 1755 1343 1790 τῷ
1359 1755 1468 1792 Ἰωάννῃ
1481 1756 1583 1783 τιοὲναι
1597 1757 1643 1784 ἐπ’
1660 1757 1749 1788 αὑτὸν,
1765 1756 1828 1783 ἐστιν

1052 1800 1067 1825 ὁ
1082 1799 1260 1835 Παράκλητος
1270 1809 1277 1815 ·
1295 1800 1310 1827 ὃ
1326 1800 1354 1827 δὲ
1368 1799 1430 1827 εἷπε
1442 1801 1487 1828 διὰ
1500 1801 1546 1828 τοῦ
1561 1804 1713 1838 προφήτου,
1730 1803 1776 1838 τὴν
1789 1801 1828 1828 δύ-

1051 1855 1132 1881 ναμιν
1150 1846 1199 1881 τὴν
1220 1846 1316 1873 ἑαυτοῦ
1330 1846 1412 1880 λέγει.
1434 1847 1507 1880 Ὀρθ.
1525 1849 1576 1876 Δύο
1593 1849 1740 1884 Πνεύματα
1753 1847 1827 1883 ἔχειό

1052 1892 1117 1924 Θεός
1128 1900 1135 1924 ;
1148 1892 1258 1919 Μακεδ.
1270 1892 1354 1923 Αὐτὸς
1365 1893 1379 1918 ὁ
1393 1892 1458 1924 Θεὸς
1468 1893 1581 1928 Πνεῦμα
1596 1895 1655 1921 ἐστι
1667 1903 1674 1909 ο
1691 1894 1791 1928 λέγεται
1803 1891 1827 1918 δδ

1051 1940 1098 1964 καὶ
1111 1939 1127 1972 ἡ
1141 1937 1254 1973 δύναμις
1269 1938 1351 1964 αὑτοῦ
1363 1938 1484 1973 Πνεῦμα.
1506 1939 1578 1973 Ὀρθ.
1598 1940 1632 1967 Ἦ
1643 1940 1753 1975 δύναμις
1765 1938 1825 1972 αῦτη

1051 1983 1163 2018 Πνεῦμα
1175 1983 1365 2010 ὲννπόστατον.
1380 1984 1490 2011 Μακεδ.
1511 1985 1705 2012 Ἐνυπόστατον
1716 1984 1740 2011 τί
1750 1986 1823 2014 ἐστιν,

1050 2029 1080 2055 οὐ
1097 2028 1149 2054 νοῶ
1160 2037 1167 2043 ”
1183 2029 1232 2064 τὴν
1253 2028 1367 2063 δύναμιν
1380 2028 1463 2055 αὑτοῦ
1482 2027 1541 2055 εἶπε
1556 2029 1669 2057 τιθέναι.
1691 2031 1763 2064 Ὀρϐ.
1777 2027 1824 2063 Τὴν

1049 2074 1164 2110 δύναμιν
1182 2074 1275 2108 αὐτοῦ,
1292 2075 1325 2110 ἣν
1345 2073 1405 2101 εἶπε
1423 2075 1536 2106 τιθέναι,
1555 2076 1733 2107 ὲνυπόστατός
1749 2077 1821 2102 ἑπιν.

1050 2121 1160 2148 Μακεδ.
1173 2121 1244 2148 Δὺτὸ
1260 2122 1332 2148 ἐστιν
1347 2122 1361 2147 ό
1377 2120 1452 2152 Θεός.
1479 2121 1554 2155 Ὀρθ.
1571 2121 1700 2156 Καῖτοιγε
1719 2117 1823 2156 εἰρηκὼς

1050 2167 1087 2203 τῷ
1106 2167 1215 2203 Ἰωάννῃ
1227 2175 1233 2182 ·
1253 2177 1262 2192 ι
1289 2167 1346 2202 Ἐφ’
1365 2167 1395 2194 ὃν
1412 2167 1468 2204 ἴδῃς
1492 2167 1522 2193 τὸ
1539 2167 1653 2203 Πνεῦμα
1674 2166 1822 2194 καταϐαῖνον

213 2205 332 2241 Spiritus
352 2206 516 2234 subsistens.
532 2205 636 2234 Maced.
651 2207 711 2235 Non
733 2209 857 2245 intelligo
882 2211 948 2246 quid
961 2212 996 2239 sit

1052 2213 1115 2239 ὡσεὶ
1136 2212 1309 2248 περιστερὰν,
1327 2212 1375 2239 καὶ
1401 2212 1481 2247 μένον
1508 2211 1551 2238 ἐπ’
1572 2212 1671 2238 αὐτόν·
1688 2221 1697 2238 ι
1721 2211 1764 2238 καὶ
1781 2207 1820 2234 τοῦ

212 2253 366 2280 subsistens
388 2262 395 2280 :
420 2253 547 2281 virtutem
573 2262 651 2282 suam
679 2263 709 2282 se
739 2256 891 2290 positurum
916 2257 994 2285 dixit.

213 2298 288 2326 OrtII.
314 2298 406 2326 Virtus
423 2299 495 2334 ejus,
510 2307 592 2334 quam
608 2308 637 2328 se
650 2302 803 2336 positurum
821 2304 898 2334 dixit.
917 2304 944 2331 in
967 2312 997 2332 se

211 2345 347 2373 subsistit.
362 2344 468 2373 Haud.
490 2345 562 2374 Deus
580 2346 639 2382 ipse
652 2352 704 2374 est.
722 2347 798 2376 Orth.
820 2349 912 2384 Atqui,
933 2358 996 2377 cum

210 2390 309 2419 Joanni
330 2392 467 2419 dixisset:
493 2401 503 2418 ι
531 2391 618 2427 Super
642 2401 722 2429 quem
742 2395 842 2422 videris
866 2395 996 2431 Spiritum

211 2438 431 2471 descendentem,
446 2439 520 2466 velut
542 2439 707 2472 columbam,
728 2445 755 2468 et
775 2446 930 2469 manentem
948 2450 995 2470 su-

211 2493 260 2521 per
275 2493 337 2513 eum
352 2487 374 2517 ’,
395 2495 404 2512 ι
423 2493 540 2521 eumque
560 2485 680 2515 Joannes
702 2495 766 2515 cum
784 2488 906 2527 vidisset.
932 2490 997 2517 sub-

209 2531 301 2566 junxit
318 2539 333 2558 a
355 2531 486 2567 propheta
508 2532 691 2568 signiﬁcatam
713 2541 806 2562 vocem
823 2544 829 2562 :
849 2538 865 2560 ⁸(
886 2535 935 2563 Ηίο
954 2541 997 2564 est

212 2577 298 2606 Filius
324 2586 402 2606 meus
429 2578 563 2612 dilectus,
591 2580 618 2607 in
644 2588 725 2615 quem
752 2581 804 2609 sibi
833 2583 998 2617 complacuit

211 2625 302 2652 anima
322 2633 392 2652 mea.
413 2634 423 2651 ι
448 2624 542 2658 Vides,
565 2630 595 2653 ut
620 2627 720 2654 ezedem
747 2627 891 2662 utrobique
915 2637 995 2656 voces

213 2676 364 2706 portantur:
383 2679 417 2699 ne
431 2672 592 2706 cogitemus,
612 2673 694 2699 alium
711 2672 842 2708 Spiritum
860 2682 907 2709 per
929 2681 994 2709 pro-

212 2719 331 2754 phetam,
353 2719 436 2746 alium
460 2718 558 2746 Juunni
585 2719 669 2747 fuisse
693 2720 807 2747 dictum.
835 2719 936 2748 Deinde
961 2729 995 2748 ex

211 2763 284 2791 Luca
304 2765 379 2792 disce
398 2765 469 2800 quod
490 2765 623 2800 scriptum
646 2769 696 2794 est.
725 2765 906 2801 Posteaquam
921 2767 993 2794 enim

1055 2258 1179 2285 Ἰωάννου
1196 2257 1374 2292 (θεασαμένου,
1395 2258 1518 2292 ἐπήγαγε
1538 2257 1587 2291 τὴν
1609 2256 1685 2292 παρὰ
1706 2255 1742 2290 τῷ
1765 2261 1820 2289 προ-

1049 2305 1120 2341 φήτῃ
1143 2304 1343 2340 σημαινομένην
1368 2306 1475 2339 φωνήν·
1497 2314 1506 2329 ι
1527 2300 1611 2336 Οὗτός
1635 2304 1708 2329 ἐστιν
1731 2302 1744 2328 ὁ
1765 2300 1819 2330 Υἱός

1049 2359 1100 2386 μου
1121 2352 1135 2377 ὀ
1161 2350 1311 2386 ἀγαπητὸς,
1334 2350 1373 2381 εἰς
1396 2349 1425 2375 ὃν
1444 2348 1588 2384 εὐδόκησεν
1612 2349 1629 2384 ἡ
1650 2347 1720 2382 ψυχή
1739 2353 1794 2381 μου.
1809 2352 1817 2368 ι

1055 2398 1145 2433 Ὁρᾷς,
1158 2397 1199 2424 ὅτι
1216 2397 1245 2423 αἱ
1264 2396 1344 2423 αὑταὶ
1357 2395 1444 2430 φωναὶ
1462 2397 1565 2422 κεῖνται
1575 2403 1581 2410 ·
1598 2395 1642 2421 ἵνα
1663 2394 1699 2429 μὴ
1713 2392 1772 2419 ἄλλο
1783 2389 1818 2416 διὰ

1047 2443 1094 2470 τοῦ
1108 2444 1246 2479 προφήτου
1262 2442 1381 2478 Πνεῦμα,
1400 2443 1446 2469 καὶ
1469 2441 1531 2468 ἄλλο
1545 2440 1583 2476 τῷ
1600 2441 1708 2476 Ἰωάννῃ
1719 2434 1818 2473 εἰρημέ-

1048 2498 1093 2516 νον
1109 2489 1390 2524 νοήσωμενιἚπειτα
1405 2488 1473 2523 μάθε
1489 2488 1535 2514 καὶ
1550 2487 1626 2522 παρὰ
1640 2486 1678 2522 τῷ
1691 2483 1784 2518 Λουκᾷι
1796 2480 1818 2508 τί

1048 2535 1212 2570 γέγραπται.
1227 2536 1298 2564 Ὅτι.
1309 2533 1484 2565 κατελθόντος
1493 2533 1539 2560 τοῦ
1552 2533 1707 2568 Πνεῦματος
1718 2530 1761 2557 καὶ
1772 2526 1814 2564 μει

1048 2589 1142 2613 ναντος
1159 2581 1201 2607 ἐπ’
1221 2580 1312 2611 αὐτὸν,
1335 2580 1381 2606 καὶ
1396 2580 1446 2614 τῆς
1465 2579 1556 2614 φωνῆς
1570 2578 1725 2612 λεγομένης,
1737 2574 1817 2607 λέγει’

1051 2636 1061 2653 ι
1083 2627 1184 2663 Ἰησοῦς
1197 2626 1236 2658 δὲ,
1260 2625 1415 2660 Πνεὺματος
1429 2624 1506 2658 ἁγίου
1530 2623 1645 2659 πλήρης,
1663 2618 1817 2663 ὑπέστρεψεν

1048 2674 1102 2700 ἀπὸ
1114 2661 1160 2699 τοῦ
1180 2672 1323 2709 Ἰορδάνου,
1339 2672 1385 2698 καὶ
1399 2671 1480 2706 ἤγετο
1491 2672 1520 2697 ὲν
1532 2670 1569 2706 τῷ
1582 2669 1716 2704 Πνεύματι
1728 2667 1764 2696 εἰς

1048 2720 1150 2755 ἔρημον
1164 2707 1344 2755 πειρασθῆναι
1361 2717 1412 2745 ὑπὸ
1426 2717 1473 2744 τοῦ
1492 2716 1624 2744 διαϐόλου.
1643 2724 1652 2740 ι
1667 2710 1772 2740 Μακεδ.
1784 2707 1815 2760 Lib

1048 2766 1160 2803 Πνεῦμα
1182 2764 1229 2794 οὖν
1244 2765 1276 2793 τὸ
1296 2766 1372 2800 ἅγιον
1391 2763 1530 2801 πλήρωσις
1552 2764 1607 2790 ἐστι
1628 2760 1674 2788 τοῦ
1690 2760 1813 2795 Χριποδε

246 2811 258 2828 ⁸
275 2809 353 2838 Joan.
371 2819 398 2842 1,
416 2812 443 2838 3.
480 2812 489 2827 "
509 2811 560 2839 lsa.
581 2819 652 2840 xui.
673 2812 696 2839 1.
735 2812 746 2828 ⁸
765 2812 844 2840 Joan.
861 2821 885 2846 t,
903 2813 947 2840 53.
986 2813 1000 2851 '_
1016 2813 1084 2842 ibid.

251 2857 319 2891 (17³)
333 2856 405 2891 Lege
423 2859 486 2893 μήν,
502 2862 529 2884 ut
547 2858 600 2886 col.
615 2858 692 2886 1552.
711 2858 790 2886 Εοιτ.
