1926 3068
101 146 172 174 1329

622 149 761 178 CONTRA
781 149 955 178 MACEDON.
977 149 1147 177 DlALOGUS
1166 149 1198 177 ll.

1649 151 1719 179 i350
1742 152 1744 154 ’

107 207 184 240 'Opo.
206 206 235 232 '0
253 206 445 243 εὐαγγελιστὴς
460 206 541 241 λέγει,
556 207 598 234 ὅτι
615 205 715 243 Ἰησοῦς
731 205 765 243 ἦν
780 206 887 243 πλήρης

943 206 1057 242 Spiritus
1073 206 1214 234 descendit
1229 209 1256 233 et
1269 206 1370 233 mansit
1385 213 1467 241 super
1480 213 1552 238 eum,
1566 209 1593 233 et
1604 214 1656 234 vox
1670 215 1718 235 uu-

101 251 260 288 [Ῑνεὺματος
292 252 381 286 ἁγίου.
414 252 523 280 Μακεδ.
552 251 651 284 Μεῖζον
681 250 727 278 οὖν
753 252 826 286 λέγει
857 253 887 279 τὺ

102 297 215 333 Πνεῦμα
238 297 285 324 τοῦ
310 297 385 324 Υἰοῠ.
410 298 485 332 Ὀρθ.
508 298 554 333 Μὴ
576 298 698 332 γένοιτοε
723 298 833 325 Μακεδ,
856 298 887 324 Ei

102 343 261 379 ἐπλήρωσεν
277 343 342 370 αὐτὸ
360 343 406 369 τὸν
424 343 498 374 Υἱὺν,
521 344 545 369 εἰ
564 343 593 369 ὲν
613 343 651 378 τῷ
664 342 802 378 Πνεύματι
825 343 888 377 ἄγε-

101 398 158 422 ται,
176 388 266 424 μεῖζον
281 388 362 415 αὑτοῦ
378 390 460 416 ἐστιν.
483 389 558 423 Ὀρθ.
579 389 633 416 Καὶ
652 389 732 416 πάλιν
749 389 829 424 λέγω,
851 388 887 424 μὴ

101 436 206 470 γένοιτο
221 435 299 462 τοῦτο
316 436 416 462 εἰπεῖνε
434 435 491 462 ἀλλ’
509 435 602 470 ὧσπερ
617 435 664 461 ἐὰν
677 435 805 472 ἀκούσῃς,
820 435 860 462 ὅτι
874 436 888 461 ὁ

102 480 168 512 Υἱὸς
192 481 224 507 ὲκ
245 480 340 512 δεξιῶν
365 480 480 515 κάθηται
506 480 552 506 τοῦ
576 480 692 516 Πατρὸς,
714 480 776 507 οὗτε
806 481 887 508 τόπον

102 529 172 559 νοεῖς
190 527 236 553 ἐπὶ
251 527 327 560 Θεὸν,
344 526 405 553 οὔτε
428 526 538 561 μείζονα
556 527 600 554 τὸν
616 527 679 554 Υἰὺν
696 529 761 563 ήγῇ,
781 527 837 554 ἀλλ’
855 529 887 555 ὲκ

101 572 151 607 τῆς
175 571 502 607 ὑπερϐαλλούσηςιτιμῆς
524 572 554 598 τὺ
579 572 677 599 ταυτὸν
706 573 756 607 τῆς
780 573 887 607 φύσεως

101 619 188 650 νοεῖς·
213 618 309 650 οὕτως,
338 618 384 645 ἐὰν
407 618 536 654 ἀκούσῃς,
558 619 598 645 ὅτι
625 619 639 645 ὁ
659 618 762 654 Ἰησοῦς
783 619 888 655 πλήρης

102 664 260 699 Πνεύματος
283 664 372 698 ἁγεου.
394 663 430 699 μὴ
450 663 592 698 ἐλλείψεως
608 663 745 700 πλήρωσιν
763 664 887 700 νομίσῃς,

104 711 173 746 μήτε
195 711 285 746 μεῖζον
305 711 334 737 τὸ
355 711 467 746 Πνεῦμα
483 711 554 746 ἡγῇ·
566 711 622 737 ἀλλ’
637 712 669 738 ὲκ
683 711 733 746 τῆς
751 711 888 747 ὑπερϐαλ-

102 756 202 792 λούσης
215 757 297 792 τιμῆς
311 757 358 783 καὶ
373 756 495 789 ἑνώσεως
507 758 538 784 τὸ
551 757 630 784 αὑτὸν
645 758 694 792 τῆς
713 757 818 792 φύσεως
834 757 889 784 νόει

102 803 131 829 ιν
150 803 223 838 τρισὶ
237 802 353 835 τελείαις
365 803 557 830 ὺποστάσεσιν.
573 804 633 830 Ὀτι
654 803 682 830 δὲ
696 805 738 830 ἐπ’
751 803 833 830 αὐτὸν
845 803 889 830 τὸν

102 848 166 875 Υἱόν
184 849 242 875 ἐστι
255 849 285 875 τὸ
302 849 423 884 Πνεῦμα,
440 849 521 876 ἄκουε
535 850 582 876 καὶ
600 850 681 876 αὑτοῦ
696 849 820 884 λέγοντος
833 851 889 882 τοῖς

109 894 261 926 Ἰουδαίοις⁸
285 904 295 920 ι
322 895 433 930 Πνεῦμα
459 895 562 930 Κυρίου
590 896 633 922 ἐπ’
657 896 717 931 ἐμὲ,
737 892 767 922 οὗ
798 896 889 922 ἕνεκεν

102 940 195 976 εχρισέ
209 935 263 976 με·
283 951 293 966 ι
312 942 358 968 καὶ
373 941 420 968 τοῦ
439 942 544 977 Πέτρου
555 949 562 956 ·
581 952 590 968 ι
607 942 668 968 Ὅτι
684 942 791 978 ἔχρισεν
807 942 889 970 αὑτὸν

101 987 117 1013 ό
132 986 198 1018 Θεὸς
212 987 350 1023 Πνεύματι
374 988 443 1024 ἁγίῳ
464 988 511 1014 καὶ
523 988 647 1024 δυνάμει.
666 998 675 1014 ι
691 989 800 1016 Μακεδ.
819 988 889 1023 Ἐγὼ

103 1032 213 1068 ἀμαθής
226 1033 295 1068 ειμι,
311 1033 370 1067 ἄγω
385 1034 431 1060 τὸν
450 1033 609 1061 διδάσκαλόν
630 1043 692 1070 μου,
708 1034 753 1061 καὶ
767 1034 889 1069 διαλέγε-

102 1078 147 1106 ταί
160 1087 209 1106 σοι.
229 1080 305 1113 Ὀρθ.
319 1080 423 1107 Γὲνοιτό
436 1088 476 1106 σοι
488 1080 534 1107 τὸν
547 1081 646 1116 εὐσεὸἧ
659 1080 788 1116 λογισμὸν
798 1080 890 1108 λαϐεῖν

103 1125 275 1152 διδάσκαλονῑ
296 1125 338 1152 ἵνα
362 1126 399 1162 μὴ
422 1126 575 1162 ἀνθρώποις
595 1125 628 1162 ᾖς
647 1127 810 1160 ἀκολουθῶν,
823 1127 891 1154 ἀλλὰ

102 1171 142 1206 τῷ
159 1171 218 1207 Θεῷ
239 1171 279 1207 τῷ
299 1173 439 1207 εἰρηκότιο
465 1183 475 1198 t
491 1172 681 1209 Πορευθέντες,
704 1173 890 1209 μαθητεύσατε

104 1217 192 1244 πάντα
209 1216 244 1244 τὰ
260 1217 334 1253 ἔθνη,
351 1217 526 1252 βαπτίζοντες
542 1219 639 1250 αὐτοὺς
651 1219 690 1250 εἰς
701 1218 730 1245 τδ
745 1218 829 1254 ὄνομα
842 1217 890 1245 τοῦ

104 1261 219 1297 Πατρὸς,
234 1262 343 1289 καὶτοῦ
363 1262 441 1295 Υὶοῦ,
461 1263 508 1290 καὶ
528 1258 574 1289 τοῦ
595 1262 672 1297 ἁγίου
694 1263 861 1299 Πνεύματος.
877 1273 887 1289 ι

111 1306 139 1333 Ἀ
143 1307 205 1342 μήν.

105 1353 176 1389 piam
207 1353 410 1382 meditationem
427 1364 446 1383 .:

939 261 986 288 pra
1003 252 1077 280 dicta
1095 251 1189 279 audita
1210 243 1263 283 est,
1281 250 1438 286 subjungit:
1465 260 1474 276 ι
1489 249 1569 279 .lesus
1583 259 1647 279 vero
1661 252 1720 288 ple-

938 308 990 328 ttus
1005 299 1107 335 Spiritu
1123 302 1229 330 sancto,
1246 305 1388 333 regressus
1400 301 1442 325 est
1457 305 1471 324 a
1485 296 1612 329 Jordane,
1629 301 1657 326 et
1670 298 1721 325 du-

938 350 998 373 ctus
1013 350 1055 373 est
1074 346 1101 373 in
1117 345 1255 372 desertum
1270 352 1285 370 a
1303 343 1418 378 Spiritu,
1436 348 1465 371 ut
1479 351 1494 370 a
1507 344 1614 372 diabolo
1633 348 1721 371 tenta-

939 397 1014 420 retur
1027 393 1060 421 ‘°.
1078 402 1087 418 ν
1106 391 1209 418 Maced.
1223 390 1341 426 Spiritus
1354 394 1465 417 sanctus
1485 390 1567 425 igitur
1583 389 1720 417 Christum

938 438 1031 473 implet
1057 445 1089 465 ac
1114 437 1244 473 perﬁcit?
1260 436 1336 464 Orth.
1361 436 1533 471 Evangelista
1557 436 1606 468 ait,
1629 436 1720 463 .lesum

939 484 1042 519 Spiritu
1058 487 1153 511 sancto
1170 483 1277 518 plenum
1293 483 1387 510 fuisse.
1403 481 1505 509 Maced.
1522 481 1650 517 lliajorem
1669 482 1721 517 igi-

939 534 983 557 tur
1003 529 1074 556 Filio
1090 529 1221 564 Spiritum
1245 528 1322 556 dicit.
1349 527 1425 555 Orth.
1441 527 1534 555 Absitl
1563 527 1666 554 Maced.
1693 527 1722 555 Si

939 575 984 602 ille
1003 573 1100 601 Filium
1127 574 1258 609 implevit,
1289 574 1312 601 si
1341 581 1356 600 a
1385 573 1488 608 Spiritu
1514 573 1599 602 Filius
1621 574 1722 610 agitur,

938 621 1025 656 major
1038 621 1097 656 ipso
1112 625 1153 648 est
1167 620 1295 655 Spiritus.
1314 619 1389 647 Orth.
1403 619 1502 647 lterum
1516 620 1570 652 aio,
1587 620 1658 648 absit
1671 621 1678 647 l
1694 624 1724 648 ut

938 668 990 695 hoc
1004 668 1092 695 dicam
1110 668 1116 694 t
1132 667 1185 694 Sed
1202 665 1441 701 quemadmodum,
1460 674 1520 692 cum
1533 666 1611 693 audis
1626 665 1724 693 Filium

939 713 1033 741 sedere
1044 712 1077 739 ad
1088 711 1226 739 dexteram
1239 711 1338 741 Patris.
1353 719 1441 746 neque
1455 711 1542 738 locum
1555 711 1625 746 apud
1639 711 1724 738 Deum

939 760 1031 787 animo
1045 758 1179 793 concipis,
1197 766 1247 786 nec
1265 758 1396 793 majorem
1413 757 1511 785 Filium
1528 758 1615 791 ducis,
1631 758 1677 785 sed
1692 766 1725 785 ex

940 805 1077 833 eminente
1091 804 1194 832 honore
1211 807 1315 832 natum
1332 804 1502 831 identitatetn
1518 804 1648 839 intelligis
1662 814 1668 831 :
1684 805 1724 832 sic

940 851 1054 879 audiens
1070 850 1164 878 Iesum
1182 850 1292 885 plenum
1319 850 1422 885 Spiritu
1448 854 1553 882 sancto,
1573 857 1626 877 non
1649 850 1725 877 defes

940 901 1001 925 ctus
1017 896 1244 932 complementum
1270 901 1359 931 putes,
1378 903 1428 924 nec
1447 896 1577 930 majorem
1594 895 1725 930 Spiritum

941 944 1091 976 existimes,
1108 943 1156 971 sed
1169 951 1202 971 ex
1219 943 1356 970 emittente
1369 943 1473 970 honore
1484 945 1510 970 et
1527 943 1637 973 unione,
1651 942 1725 970 iden-

941 990 1046 1017 titatem
1070 993 1174 1017 natura:
1193 990 1284 1017 animo
1310 989 1416 1024 collige,
1440 989 1468 1016 in
1489 989 1577 1016 tribus
1596 988 1726 1024 perfectis

942 1036 1146 1072 bypostasibus.
1162 1035 1240 1068 Quod
1262 1042 1326 1063 vero
1341 1042 1423 1069 super
1444 1034 1533 1069 ipsum
1547 1033 1645 1060 Filium
1663 1033 1726 1068 Spi-

941 1082 1012 1109 ritus
1028 1082 1074 1114 sit,
1090 1081 1154 1108 audi
1170 1086 1196 1109 et
1216 1081 1305 1116 ipsum
1320 1079 1421 1108 ludatis
1438 1081 1592 1116 loquentem
1607 1089 1613 1107 :
1636 1089 1645 1105 ι
1662 1079 1726 1115 Spi-

941 1125 1012 1153 ritus
1027 1125 1133 1152 Domini
1154 1132 1236 1160 super
1255 1133 1308 1156 me,
1326 1132 1358 1152 eo
1377 1125 1449 1160 quod
1467 1125 1575 1152 unxerit
1595 1132 1638 1152 me
1653 1125 1692 1158 “;
1715 1134 1723 1150 ι

941 1174 968 1198 et
985 1170 1095 1198 Petrum
1109 1179 1115 1196 :
1133 1179 1142 1196 ι
1160 1170 1230 1204 Quia
1245 1171 1323 1197 unxit
1340 1170 1430 1205 ipsum
1450 1169 1521 1198 Deus
1535 1169 1637 1205 Spiritu
1660 1177 1726 1197 san-

940 1221 985 1244 cto
996 1220 1023 1244 et
1035 1217 1190 1245 virtute“'.
1203 1226 1212 1242 )
1231 1216 1335 1244 Macati.
1351 1216 1406 1252 Ego
1423 1217 1573 1244 litterarum
1594 1223 1654 1243 sum
1675 1215 1727 1242 im-

940 1263 1061 1298 peritus,
1090 1264 1250 1299 magistrum
1276 1270 1365 1290 meum
1390 1262 1535 1294 adducam,
1562 1261 1608 1297 qui
1637 1266 1726 1288 tecum

940 1308 1072 1344 disputet.
1099 1308 1176 1337 Orth.
1204 1308 1313 1336 Utinam
1340 1309 1501 1344 magistrum
1529 1308 1577 1335 tibi
1602 1314 1728 1335 accersas

473 1362 508 1382 ne
532 1355 656 1383 homines
683 1355 817 1390 sequaris,
844 1355 892 1383 sed
921 1353 1016 1389 Deum,
1050 1356 1098 1391 qui
1120 1356 1208 1383 dixit:
1225 1365 1234 1382 t
1257 1355 1360 1384 Euntes
1385 1355 1479 1383 docete
1497 1362 1593 1383 omnes
1614 1358 1720 1390 gentes,

107 1402 275 1437 baptizantes
289 1410 347 1435 eos,
363 1403 392 1430 in
411 1403 521 1431 nomine
537 1403 638 1434 Patris,
651 1407 679 1431 et
694 1403 767 1437 Filii,
784 1407 811 1432 et
828 1403 946 1438 Spiritus
961 1404 1089 1432 sancti".
1111 1414 1122 1431 ο
1137 1404 1233 1432 Amen.

285 1460 355 1487 ΤΟΥ
377 1461 494 1488 ΑΥΤΟΥ
517 1461 712 1489 ΑΘΔΝΔΣΙΟΥ

111 1514 210 1557 Ἑτέρα
230 1515 361 1557 (ξἰἀλεξιζ-
369 1516 463 1557 ’πρὸς
478 1517 718 1557 nuntiarem-dri,
740 1518 810 1557 {rapi
822 1517 888 1557 τοᾷ.

139 1551 166 1577 ει
191 1551 316 1585 ὲφόρεσε
340 1551 426 1587 σῶμα
448 1552 587 1587 ἔμψυχον
614 1554 631 1580 ό
655 1552 708 1580 τοῦ
737 1552 812 1581 Θεοῦ
835 1553 892 1581 Δό-
905 1566 927 1595 c

140 1605 192 1631 τος
206 1597 272 1634 (18).

358 1657 638 1684 ΜΑΚΕΔΟΝῙΜἺΟΣ.
653 1655 656 1660 ’

142 1712 180 1739 Οὐ
197 1712 276 1748 μόνον
291 1713 440 1748 σφάλλεσθε
453 1714 588 1748 λέγοντες,
604 1714 644 1741 ὅτι
660 1714 799 1749 ὀμοοὺσιός
819 1715 892 1741 ἐστιν

107 1758 123 1783 ὸ
140 1756 204 1790 Υἱὸς
215 1756 254 1793 τῷ
267 1758 363 1794 Πατρὶ,
378 1758 436 1785 ἀλλ’
454 1759 494 1785 ὃτι
508 1759 554 1786 καὶ
570 1758 658 1794 ψυχὴν
671 1756 727 1794 εἶχε
743 1759 893 1794 σαρκωθεὶς

107 1804 124 1830 ὁ
142 1803 253 1840 Κύριος.
282 1804 485 1832 ΟΡΘΟΔΟΞΟΣ.
508 1805 545 1832 Οὐ
564 1805 643 1840 μόνον
664 1804 827 1840 εὐσεϐοὖμεν
850 1804 893 1831 λέ-

108 1856 210 1882 γοντες,
229 1849 269 1876 ὅτι
290 1849 431 1884 ὁμοούσιός
452 1850 526 1876 ἐστιν
545 1850 559 1876 ό
579 1849 643 1881 Υἱὸς
661 1849 700 1884 τῷ
722 1849 819 1884 Πατρὶ,
835 1849 892 1876 ἀλλ’

108 1894 149 1921 δτι
165 1895 212 1921 καὶ
229 1894 318 1930 ψυχὴν
327 1893 383 1930 εἶχε
403 1895 562 1931 σαρκιοθείς.
580 1895 661 1922 οὐδὲν
675 1895 704 1921 δὲ
723 1895 793 1930 μέγα
807 1895 893 1926 ποιεῖς

109 1940 272 1976 ἀρνούμενος
285 1940 316 1967 τδ
328 1941 479 1977 ὀμοούσιον,
493 1943 517 1969 ει
526 1941 614 1977 ψυχὴν
633 1941 713 1968 αὑτὸν
726 1941 797 1977 ἔχειν
806 1939 891 1977 am.

109 1983 193 2012 Τοῦτο
207 1985 261 2021 γάρ
277 1986 348 2012 ἐστιν
365 1985 429 2012 ῐδιον
446 1985 500 2012 τῶν
518 1985 548 2012 τὸ
564 1985 716 2021 ἐτερούσιον
734 1985 825 2012 καὶτὸ
848 1985 894 2012 ἀν-

109 2030 200 2066 όμοιον
214 2030 355 2064 λεγόντων.
375 2031 432 2058 Ἵνα
454 2031 507 2066 γὰρ
527 2031 651 2067 παθητὴν
674 2031 723 2067 τὴν
739 2031 833 2058 οὐσίαν
845 2031 892 2058 τοῦ

110 2075 278 2110 Μονογενοῦς
294 2076 416 2107 εἴπωσιν,
432 2076 534 2111 ἄψυχον
548 2076 667 2111 λέγουσι,
687 2076 734 2103 καὶ
751 2077 784 2102 ὲκ
799 2076 892 2103 τούτου

110 2120 340 2153 κατασκευάζουσι
351 2122 381 2148 τὸ
396 2122 529 2157 ἀνόμοιον.
543 2123 653 2149 Μακεὸ.
671 2122 739 2148 Ἀλλ’
755 2123 834 2157 ἡμεῖς
851 2123 894 2149 ἀν-

109 2168 199 2203 όμοιον
212 2168 262 2204 μὲν
275 2168 305 2195 οὐ
314 2168 438 2203 λέγομεν,
449 2167 550 2203 ἄψυχον
563 2168 720 2204 δὲλέγομεν.
731 2168 808 2203 Ὀρθ.
816 2169 894 2204 Ὁμο-

109 2214 207 2248 λογεῖς,
230 2214 271 2241 ὅτι
293 2214 368 2250 παρὰ
387 2213 425 2249 τῷ
446 2213 552 2249 θανάτῳ
572 2214 672 2250 ἤρξατο
691 2214 831 2241 λυπεῖσθαι
847 2215 893 2241 καὶ

1155 1460 1309 1489 EIUSDEM
1333 1459 1518 1488 ATHANASII

944 1518 1092 1554 Disputatio
1118 1519 1173 1546 alia
1198 1519 1321 1554 adueruu
1347 1516 1577 1554 Macedonimtum,
1602 1515 1634 1542 de
1656 1523 1728 1550 quat-

978 1555 1073 1608 stio,ne,
1098 1563 1133 1581 an
1157 1554 1207 1582 Dei
1233 1553 1345 1581 Verbum
1364 1560 1458 1586 corpus
1479 1553 1626 1578 animatum
1641 1555 1733 1586 gesta-7

980 1593 1032 1616 nt.

1200 1642 1476 1673 MACEDONIANUS.

979 1701 1039 1729 Non
1060 1702 1160 1730 erratis
1180 1705 1297 1735 tantum,
1313 1700 1386 1736 quod
1403 1699 1664 1728 consubstantialem
1677 1698 1729 1726 Pa-

945 1748 979 1775 tri
993 1747 1089 1776 Filium
1103 1755 1166 1776 esse
1185 1747 1304 1775 dicatis:
1324 1746 1371 1774 sed
1394 1746 1475 1774 etiam
1490 1746 1564 1781 quod
1583 1745 1727 1773 Dominum

945 1793 1118 1821 incarnatum
1148 1793 1266 1821 animam
1287 1799 1396 1828 quoque
1420 1790 1551 1818 habuisse
1579 1790 1726 1822 alﬁrmetis.

945 1839 1189 1868 ORTHODOXUS.
1208 1838 1269 1869 Non
1281 1838 1362 1866 modo
1372 1838 1498 1873 religiose
1511 1837 1654 1868 sentimus,
1665 1843 1727 1864 cum

945 1884 1019 1912 Patri
1043 1883 1302 1913 consubstantialem
1325 1891 1387 1911 esse
1407 1881 1525 1909 Filium:
1551 1880 1598 1908 sed
1619 1884 1646 1908 et
1666 1887 1729 1907 cum

945 1938 1007 1958 eum
1026 1931 1199 1958 incarnatum
1214 1929 1333 1956 animam
1348 1928 1477 1956 habuisse
1492 1926 1663 1955 conﬁtemur.
1676 1925 1730 1954 Nc-

946 1984 999 2012 que
1022 1984 1086 2004 vero
1105 1976 1195 2011 magni
1211 1975 1277 2011 quid
1301 1975 1399 2003 feceris
1417 1973 1728 2003 consubstantialitatem

947 2030 1059 2058 negans,
1072 2022 1094 2050 si
1105 2022 1222 2049 animam
1237 2028 1299 2048 eum
1312 2020 1412 2048 habere
1423 2019 1573 2055 negaveris.
1587 2018 1644 2045 Hoc
1656 2018 1729 2045 enim

946 2077 1040 2097 eorum
1061 2073 1104 2096 est
1122 2068 1272 2104 proprium,
1296 2067 1343 2102 qui
1365 2066 1526 2095 substantiae
1543 2059 1729 2092 diversitatem

946 2119 973 2142 et
986 2114 1234 2142 dissimilitudinem
1251 2117 1386 2141 asserunt.
1403 2112 1437 2140 Ut
1460 2112 1532 2140 enim
1548 2110 1729 2138 substantiam

947 2161 1082 2197 Uuigeniti
1093 2161 1185 2189 dicant
1196 2167 1258 2188 esse
1269 2159 1417 2195 patibilem,
1428 2157 1604 2185 iuanimatam
1617 2163 1676 2183 eam
1688 2155 1730 2182 di-

946 2211 1021 2240 cunt,
1036 2211 1118 2242 atque
1133 2206 1195 2233 inde
1208 2204 1458 2233 dissimilitudinem
1476 2203 1636 2231 substantia:
1653 2209 1729 2228 com-

110 2260 262 2296 ἀδημονεῖν,
283 2260 321 2292 ὡς
335 2248 370 2287 tv
385 2248 424 2296 τῷ
440 2260 510 2287 κατὰ
526 2248 663 2287 Ματθαῖον
678 2260 835 2295 Εὑαγγελίῳ
850 2259 891 2294 γέ-

947 2253 1139 2280 miniscuntur.
1153 2250 1256 2278 Maced.
1268 2250 1324 2278 Nos
1334 2258 1398 2278 vero
1408 2248 1657 2277 dissimilitudinem
1668 2248 1730 2276 Stib-

109 2313 242 2340 γραπται,
260 2305 307 2332 καὶ
328 2307 356 2332 ἐν
372 2305 411 2340 τῷ
430 2305 500 2332 κατὰ
512 2305 634 2340 Μάρκον,
651 2304 769 2340 Ἤρξατο
784 2304 883 2339 θαμὸεἰ

111 2351 172 2378 σθαι
199 2351 246 2377 καὶ
274 2351 440 2387 ἀδημονεῑν;
465 2351 575 2378 Μακεδ.
604 2350 666 2377 Nai.
707 2351 780 2385 Ὀρθ.
819 2351 895 2386 ’Λδη-

112 2397 186 2431 μονεί
209 2395 238 2422 δὲ
257 2396 304 2422 καὶ
319 2395 496 2431 ἐκθαμὸεἰται
516 2395 610 2431 θεότης
629 2395 674 2422 τὸν
693 2395 847 2432 θάνατον,ἧ
864 2397 894 2423 τὸ

110 2444 212 2479 ἄψυχον
227 2443 322 2479 σῶμας
338 2443 448 2471 Μακεδ.
463 2443 586 2479 Δηλονότι
603 2443 619 2478 ἡ
641 2442 734 2479 θεότης
755 2451 894 2478 σεσαρκω-

113 2489 190 2524 μένη.
212 2489 283 2523 Ὀρθ.
314 2489 450 2525 Ἀνόμοιος
477 2488 530 2524 ἄρα
551 2489 568 2524 ἠ
598 2487 644 2514 τοῦ
662 2487 728 2514 Υἱοῦ
744 2488 838 2523 θεότης
858 2489 892 2524 τῇ

111 2535 158 2562 τοῦ
182 2536 288 2573 Harpe;
309 2535 431 2571 οεὀτητι;
459 2534 570 2563 Μακεδ.
596 2534 641 2570 Μὴ
664 2534 784 2568 γένοιτοι
820 2535 894 2568 Ὁρθ.

113 2581 144 2608 Εἰ
171 2581 298 2617 ἀδημονεῖ
325 2581 372 2608 καὶ
399 2581 575 2617 ὲκθαμϐεἴται
602 2580 648 2607 τὸν
683 2579 809 2613 θάνατον,
836 2579 894 2612 πῶς

112 2626 222 2654 δύναται
246 2628 336 2663 ὅμοιος
363 2625 430 2654 εἶναι
456 2628 502 2655 καὶ
528 2627 735 2663 ἀπαράλλακτος
759 2625 798 2662 τῷ
828 2627 896 2662 μήτε

114 2672 300 2709 ἀδημονοῦντι,
319 2674 387 2710 μήτε
399 2673 569 2709 λυπουμένῳ,
582 2673 650 2708 μήτε
664 2671 894 2707 ὲκθαμόουμένῳς

114 2720 225 2748 Haud.
242 2721 350 2755 Ἐπειδὴ
367 2720 446 2756 σῶμα
467 2719 634 2756 ἀνθρώπινον
654 2718 742 2754 ἔσχεν,
760 2718 896 2754 ἀδημονεϊ.

945 2299 1054 2327 stantia:
1060 2307 1113 2326 non
1122 2299 1248 2329 dicimus,
1255 2297 1303 2325 sed
1312 2297 1401 2323 anima
1409 2303 1503 2323 carere
1510 2295 1635 2323 dicimus.
1651 2293 1728 2322 Ortn.

945 2345 1085 2373 Faterisne
1100 2345 1240 2373 Christum
1252 2344 1279 2371 in
1289 2343 1384 2371 mortis
1396 2350 1482 2378 agone
1494 2342 1611 2376 cmpisse
1626 2341 1730 2367 contri-

944 2393 1011 2421 stari
1020 2391 1103 2428 489
1110 2396 1137 2418 et
1147 2394 1260 2418 mmstus
1273 2397 1346 2421 esse,
1356 2393 1386 2417 ut
1394 2389 1422 2416 in
1434 2387 1578 2423 Evangelio
1588 2387 1729 2414 Mattltaeus

943 2439 1035 2469 habet,
1054 2437 1142 2472 Cmpit
1159 2436 1314 2464 contristari
1342 2440 1368 2463 et
1402 2441 1516 2462 maestus
1542 2441 1614 2466 esse,
1641 2436 1669 2460 et
1700 2435 1730 2458 ut

945 2484 1064 2515 Marcus,
1080 2483 1169 2518 Coepit
1191 2490 1291 2518 pavere
1319 2485 1347 2509 et
1371 2479 1487 2514 taedere?
1501 2479 1607 2508 Maced.
1629 2477 1727 2504 Etiam.

947 2530 1023 2559 Orth.
1040 2529 1137 2557 Utrum
1152 2533 1248 2557 incesta
1259 2532 1301 2556 est
1317 2532 1343 2555 et
1355 2532 1469 2556 mortem
1490 2529 1570 2562 pavet
1585 2523 1727 2554 divinitas,

938 2585 981 2604 -an
998 2584 1097 2612 corpus
1111 2574 1313 2603 animatum”!
1316 2574 1388 2602 acted.
1399 2573 1532 2601 Divinitas
1546 2575 1620 2599 certe
1634 2571 1730 2612 incar—I

947 2629 1021 2653 nata.
1039 2605 1114 2659 ὁτιὴ.
1130 2622 1191 2650 Filii
1207 2622 1290 2658 igitur
1305 2620 1434 2648 divinitas
1453 2617 1597 2646 dissimilis
1610 2619 1652 2644 est
1667 2605 1730 2642 dei:

947 2670 995 2698 tati
1011 2669 1118 2697 Patris?
1137 2667 1240 2695 Maced.
1259 2665 1353 2694 Absitl
1372 2665 1447 2694 Ortlt.
1476 2663 1506 2691 Si
1526 2665 1623 2691 maesta
1641 2660 1729 2689 estet

948 2721 1028 2752 pavet
1043 2719 1170 2748 mortem,
1185 2713 1323 2750 quomodo
1336 2712 1434 2741 similis
1450 2718 1498 2747 per
1518 2710 1609 2738 omnia
1626 2707 1677 2736 erit
1701 2705 1735 2734 et.

149 2798 172 2816 ¹⁸
193 2798 259 2825 Luc.
275 2806 313 2831 tv,
330 2797 364 2829 Ι,
379 2797 406 2824 2.
447 2797 468 2812 “
488 2796 554 2825 Luc.
570 2805 607 2829 tv,
622 2797 667 2825 18.
706 2797 740 2812 ¹¹¹
749 2795 810 2824 Act.
825 2803 853 2828 ι,
866 2783 891 2823 5i

950 2794 971 2810 "
991 2793 1086 2822 Matth.
1105 2800 1201 2826 xxvnt,
1219 2791 1262 2819 l9.

152 2875 207 2913 (18)
231 2876 260 2904 In
281 2876 358 2904 titulo
381 2874 484 2909 Dialogi
511 2874 596 2903 Palat.
617 2875 709 2908 habet,
735 2874 879 2910 κεφάλαιον

943 2879 1029 2908 τερον.
