1926 3068
222 149 288 176 1551

781 149 810 178 S.
831 149 1064 178 ATHANASIUS.
1086 165 1120 170 —
1139 149 1256 177 DUBJA-

1767 151 1832 179 555'!

218 205 264 239 qui
286 212 336 232 nec
354 205 474 240 angitur,
492 212 542 232 nec
563 204 756 238 contristatur,
780 207 987 234 nec-turbatur

1069 217 1141 250 Ὀρθ,
1175 216 1259 252 Σῶμα
1277 216 1305 243 δὲ
1337 216 1439 251 ἄψυχον
1459 217 1509 242 οὐκ
1527 216 1663 252 ἁδημονεῖ,
1679 217 1727 244 οὐκ
1741 217 1833 253 ἐκϐαμς

218 249 322 278 Haud.
335 249 442 285 Corpus
453 250 593 282 habuit,et
608 251 711 278 idcirco
727 252 916 280 contristatur.
928 253 1006 281 Orlh.

218 298 252 324 At
261 305 361 332 corpus
371 298 430 325 sine
446 298 536 324 anima
546 305 600 325 non
617 300 735 333 angitur,
744 307 799 326 non
808 299 943 330 turbatur.
953 308 1008 327 non

217 343 355 370 tristatur?
362 342 466 370 Maced.
481 343 532 371 Sed
548 344 608 371 loco
619 345 716 372 anima:
725 345 893 373 divinitatem
903 346 1006 373 habuit.

218 388 294 416 Orth.
303 389 343 416 An
355 396 454 424 corpus
464 389 733 425 divinitatfpavorem
745 391 870 423 incussit,
879 397 926 419 aut
938 386 1008 419 divi-

217 435 288 462 nitas
298 435 424 470 corpori?
441 434 544 463 Maced.
555 436 667 472 Propter
675 445 774 472 corpus
784 438 913 466 divinitas
921 447 1005 475 exm-

217 481 351 508 vesccbat.
361 481 437 509 Orth.
455 481 625 510 Nimirumut
639 484 807 519 principatus
816 487 897 512 animi
908 486 1004 518 nostri,

216 527 252 553 ita
265 530 291 554 et
304 527 434 555 divinitas
447 536 461 554 a
478 536 592 563 corpore
609 530 782 557 turbabatur.
802 529 908 558 Mat-ed.
927 531 1006 558 Absit

215 577 246 601 ut
262 573 313 602 hoc
320 574 423 601 dicam!
439 574 515 602 Orth.
523 575 664 603 Concedas
677 576 760 609 igitur
768 580 874 611 oportet
885 577 1003 604 animam

215 619 301 648 fuisse
308 628 367 655 qua»:
375 621 482 648 turbata
491 625 543 648 est.
556 620 660 648 Maced.
668 622 747 649 Absit
758 622 764 648 l
775 622 851 650 Orth.
861 622 1005 655 Quomodo

215 673 281 700 ergo
303 667 429 702 angelum
451 666 547 694 audies
568 666 688 702 Josepho
706 667 861 695 dicentem:
877 677 886 694 ι
904 669 1004 704 Accipe

215 719 330 747 puerum
342 718 369 739 et
381 716 495 739 matrem
512 712 582 746 ejus,
600 717 629 740 et
643 713 705 748 fuge
724 714 752 741 in
776 713 940 749 Egyptum:
959 715 1002 742 l’u-

215 762 305 785 turum
315 762 356 786 est
367 759 438 786 enim
446 762 475 785 ut
485 757 606 786 Herodes
614 764 717 794 quaerat
726 760 845 787 animam
862 761 963 795 pueri"
975 770 999 793 ς»

218 809 247 831 et
273 805 373 832 iterum
391 814 420 832 :t
445 804 532 841 Surge
550 809 576 833 et
598 807 692 841 accipe
716 806 828 834 Mariam
858 807 1001 842 conjugem

215 855 300 882 tuam,
313 854 340 877 et
354 850 421 878 vade
436 851 463 878 in
476 857 576 879 terram
587 851 671 879 Israel
687 861 693 879 :
709 851 833 880 defuncti
845 856 907 880 sunt
917 853 1000 884 enim,

214 896 260 932 qui
275 898 433 932 quaerebant
446 899 564 925 animam
583 898 684 934 pueri“
698 907 705 932 ;
721 908 733 924 ›
748 902 776 926 et
791 898 923 927 Dominus
943 900 1001 934 ipse

213 941 272 968 ait:
292 951 301 967 ι
318 940 373 976 Ego
395 950 455 969 sum
480 946 575 977 pastor
593 943 682 971 bonus
701 953 708 970 :
724 943 814 971 bonus
831 947 925 978 pastor
942 944 1001 970 ani-

213 994 285 1014 mam
302 995 378 1015 suam
394 989 470 1024 ponit
485 997 534 1024 pro
545 989 686 1023 ovibus";
700 999 709 1016 ι
730 990 870 1024 etjterum
883 1000 891 1018 :
909 999 918 1015 ι
931 991 999 1018 Cum

214 1033 286 1065 volo,
300 1039 480 1066 ponoeam,et
491 1043 553 1062 cum
561 1035 634 1068 volo,
644 1043 754 1063 resumo
762 1044 822 1063 eam
830 1036 861 1063 ¹⁶.
874 1045 884 1062 ›
897 1036 998 1064 Μαεεᾱ.

212 1077 327 1111 Quando
342 1087 406 1107 vero
417 1087 443 1107 et
452 1080 558 1109 Patrem
572 1081 698 1109 audimus
712 1082 877 1117 loquentem,
911 1091 921 1107 ι
933 1081 1000 1109 Sab-

212 1123 275 1151 bata
282 1127 308 1151 et
320 1126 479 1152 neomenias
488 1130 594 1154 vestras
603 1126 660 1154 odit
669 1127 759 1154 anima
769 1127 865 1160 mea",
882 1137 891 1153 ›
903 1127 1000 1155 ideune

212 1172 240 1196 et
260 1169 349 1204 ipsum
365 1170 473 1198 Patrem
495 1173 613 1199 animam
633 1174 735 1200 habere
756 1173 903 1201 dicemus?
919 1174 997 1201 Orth.

211 1213 270 1243 Non
279 1216 458 1244 considerasti
470 1225 543 1249 eum,
552 1226 632 1253 quem
645 1218 783 1246 adduxisti
799 1219 897 1246 locum.
906 1218 1000 1254 Neque

212 1262 284 1289 enim
305 1262 496 1290 demonstrare
514 1264 616 1298 poteris
631 1263 737 1292 Patrem
755 1272 826 1297 esse,
842 1265 888 1300 qui
906 1265 1002 1292 istim-.0

212 1307 350 1342 loquatur.
368 1306 472 1335 Maced.
495 1307 580 1343 Cujus
605 1317 670 1344 ergo
688 1313 731 1337 est
752 1317 806 1337 vox
828 1310 899 1339 ista?
918 1311 996 1338 Orth.

212 1352 274 1380 Filii
302 1353 360 1385 Dei,
383 1354 430 1389 qui
449 1354 518 1381 dixit
533 1364 540 1381 :
556 1355 709 1390 «Cognovit
736 1356 786 1384 bos
810 1364 997 1392 possessorem

213 1407 303 1431 suum,
319 1403 346 1427 et
364 1400 459 1427 asinus
471 1408 593 1436 prmsepe
610 1401 713 1429 domini
729 1403 772 1430 sui
788 1403 891 1430 :lsrael
908 1409 997 1431 autem

211 1453 256 1472 me
267 1453 322 1472 non
338 1447 478 1481 cognovit,
487 1451 514 1474 et
526 1448 643 1482 populus
653 1456 791 1476 meusnon
801 1449 968 1478 intellexit".
985 1460 995 1476 ι

212 1490 317 1518 Maced.
336 1490 449 1520 Hiccine
463 1496 505 1520 est
521 1493 567 1528 qui
582 1494 648 1521 dicit
662 1504 668 1521 ε
688 1504 696 1519 ι
709 1494 872 1523 Neomenias
892 1501 997 1525 vestras

211 1541 239 1564 et
253 1536 372 1564 Sabbata
392 1538 448 1565 odit
463 1539 556 1567 anima
574 1540 651 1567 mea?
662 1550 672 1566 ι
684 1540 761 1568 Orth.
781 1540 852 1569 Sane
875 1543 994 1578 quidem.

212 1581 281 1609 Tum
298 1583 372 1609 enim
388 1583 446 1610 odit
460 1591 502 1615 ea,
523 1585 633 1619 quando
648 1585 808 1615 incarnatus
832 1592 884 1620 est,
901 1592 928 1616 et
948 1589 997 1616 fm-

211 1627 264 1656 dus
280 1636 381 1655 novum
401 1629 528 1658 instituit.
545 1630 647 1659 Maced.
667 1632 747 1668 Atqui
758 1634 876 1661 animam
892 1634 997 1666 habuit,

210 1681 273 1701 cum
289 1674 365 1702 lsaia:
378 1675 453 1703 visus
464 1677 524 1703 est?
537 1677 613 1704 Ortlt.
629 1678 862 1711 Quemadmodum
874 1689 924 1708 nec
939 1689 997 1708 ma-

211 1728 273 1752 nus,
288 1729 338 1749 nec
354 1722 436 1757 pedes
450 1730 607 1758 corporeus,
626 1733 712 1760 neque
733 1726 814 1753 etiam
836 1728 997 1754 vestimenta

210 1773 341 1801 corporea
358 1768 460 1802 habuit,
471 1774 533 1796 ante
547 1770 770 1803 incarnationem.
785 1772 895 1807 quando
907 1773 994 1805 dixit,

213 1821 221 1836 ι
237 1810 377 1840 Foderunt
388 1821 486 1842 manus
502 1823 576 1842 meas
592 1821 618 1842 et
635 1816 716 1851 pedes
741 1825 816 1844 meos
834 1827 840 1844 :
864 1822 891 1845 et
913 1825 996 1853 super

210 1862 312 1885 restem
324 1866 411 1886 meam
426 1860 559 1888 miserunt
577 1863 716 1894 sortem",
729 1873 738 1889 ι
759 1864 806 1890 sed
825 1872 885 1898 qua:
905 1865 995 1892 futura

208 1906 286 1929 erant
300 1904 485 1936 pronuntiavit
503 1914 510 1932 :
529 1906 569 1932 sic
592 1906 662 1933 etde
683 1909 772 1935 anima
785 1909 899 1944 loquens
908 1909 992 1938 dixit:

211 1957 220 1972 ι
231 1946 293 1975 Odit
303 1948 393 1975 anima
403 1957 471 1977 mea.
488 1961 497 1976 ι
512 1950 614 1980 Maced.
633 1952 673 1980 Sit
690 1962 755 1981 sane
772 1954 831 1982 Filii
846 1963 896 1983 vox
914 1957 970 1984 h:ec
986 1967 991 1984 :

208 1993 333 2028 nunquid
348 1999 374 2021 et
393 2000 448 2022 tum
472 1996 556 2025 Filius
573 1999 704 2034 loquitur,
722 2008 783 2026 cum
798 2001 864 2028 dicit
882 2011 888 2028 :
909 2001 994 2030 «Ecce

208 2046 276 2074 puer
298 2048 376 2068 meus
402 2041 529 2076 dilectus,
548 2044 574 2071 in
605 2053 684 2080 quem
713 2047 877 2081 complacuit
902 2050 994 2076 anima

208 2092 279 2115 mea,
297 2093 396 2120 ponam
410 2086 541 2122 Spiritum
555 2097 645 2117 meum
664 2099 745 2126 super
761 2092 868 2118 eum"?
882 2102 892 2118 ι
914 2092 991 2120 Orth.

207 2130 314 2159 Patrem
327 2133 383 2166 hic,
396 2141 450 2160 non
467 2134 576 2168 Filium,
594 2137 668 2172 loqui
690 2138 717 2164 in
733 2138 860 2166 confesso
875 2143 917 2166 est
933 2149 939 2166 ε
953 2144 993 2166 at-

208 2182 297 2206 tamen
315 2187 369 2206 non
389 2180 461 2215 quod
480 2182 598 2210 animam
623 2184 721 2212 habeat
741 2185 781 2212 sic
802 2186 922 2220 loquitur
943 2185 992 2212 Pa-

1059 262 1156 294 δεῖται,
1171 263 1200 289 οὐ
1218 262 1353 290 λυπεῖται.
1364 261 1476 289 Malea.
1497 262 1565 288 Ἀλλ’
1579 260 1635 297 εἶχε
1650 263 1759 298 Θεότητα
1781 265 1835 291 ἀντὶ

1057 309 1108 343 τῆς
1129 308 1227 344 ψυχῆς.
1261 309 1334 342 Ὀρθ.
1370 308 1407 334 Τὸ
1446 307 1525 343 σῶμα
1556 309 1640 334 ἐποίει
1663 308 1711 342 τὴν
1732 308 1834 344 Θεότητα

1058 354 1264 389 ἐκθαμϐεῖσθαι,
1278 353 1295 389 ῆ
1314 354 1330 388 ἡ
1347 353 1442 389 θεότης
1465 354 1494 380 τὸ
1510 354 1608 389 σῶμα;
1625 354 1731 381 Μακεδ.
1744 355 1788 381 Διὰ
1807 354 1835 381 τὸ

1058 400 1137 435 σῶμα
1156 401 1172 436 ἡ
1194 399 1289 436 θεότης
1311 399 1493 434 ἐξεθαμῦεἶτο.
1512 399 1619 434 Ὀρθόδ.
1639 400 1771 427 Ἐθολοῦτο
1793 398 1834 427 οὖν

1056 447 1073 481 ἡ
1093 446 1188 482 θεότης
1206 446 1257 473 ὑπὸ
1284 445 1424 481 σώματος,
1453 447 1490 478 ὡς
1511 447 1542 473 τὺ
1572 446 1730 482 ἡγεμονικὸν
1754 447 1832 482 ἡμῶν.

1056 491 1165 518 Μαχεδ.
1192 491 1237 526 Μὴ
1267 491 1370 526 γένοιτο
1397 492 1499 518 εἰπεῖνῐ
1543 493 1616 526 Ὀρθ.
1656 492 1770 527 Ἀνάγκη
1793 490 1833 518 οὖν

1054 538 1144 565 δοῦναι
1160 539 1248 574 ψυχὴν
1271 539 1320 574 τὴν
1339 538 1514 574 Θολουμένην.
1534 539 1644 566 Μακεδ.
1662 539 1707 575 Μὴ
1723 540 1832 573 γένοιτοῐ

1063 585 1135 618 Ὀρθ.
1170 584 1232 616 Πῶς
1268 583 1314 612 οὖν
1338 585 1445 620 ἀκούσῃ·
1458 585 1504 612 τοῦ
1529 586 1646 620 ἀγγέλου.)
1669 586 1786 619 λέγοντος
1799 584 1832 621 τῷ

1061 629 1174 665 Ἰωσήφ’
1200 640 1208 655 t
1225 630 1370 666 Παράλαὸε
1396 631 1445 666 τὴν
1474 631 1579 666 μητέρα
1605 631 1652 658 καὶ
1675 631 1706 657 τὺ
1728 631 1830 661 παιδίαν,

1054 676 1102 702 καὶ
1127 675 1211 711 φεῦγε
1240 678 1279 708 εἰς
1309 676 1463 711 Αἴγυπτον·
1491 676 1581 713 μέλλει
1616 677 1670 712 γὰρ
1691 677 1705 703 6
1724 677 1831 712 Ἡρώδης

1054 721 1144 757 ζητεῖν
1159 721 1207 757 τὴν
1218 721 1306 757 ψυχὴν
1320 722 1367 748 τοῦ
1384 723 1488 750 παιδίου
1499 732 1504 737 ·
1517 732 1525 748 ι
1544 723 1591 749 καὶ
1608 723 1702 749 πάλιν·
1723 732 1732 748 ‹
1753 723 1832 758 Ἐγερ‹

1053 766 1109 798 θεὶς
1132 766 1273 801 παράλαϐε
1289 767 1405 802 Μαριὰμ
1422 767 1470 802 τὴν
1486 767 1603 801 γυναῖκά
1624 776 1683 799 σου,
1699 767 1744 793 καὶ
1763 767 1832 802 δεῦρο

1052 813 1092 844 si;
1116 812 1168 847 γῆν
1191 813 1312 848 Ἰσραήλ’
1330 812 1477 848 τεθνήκασι
1502 813 1557 848 γὰρ
1582 814 1607 838 οἱ
1631 813 1771 848 ζητοῦντες
1790 813 1832 847 τὴν

1051 858 1140 893 ψυχὴν
1162 858 1209 885 τοῦ
1232 859 1356 885 παιδίου·
1371 869 1380 885 ι
1408 860 1455 885 καὶ
1484 859 1566 891 αὐτὸς
1589 860 1603 885 ὁ
1627 859 1729 894 Κύριος
1750 859 1831 892 λέγει’

1054 914 1063 930 ‹
1084 904 1154 938 Ἐγώ
1173 906 1229 940 εξμι
1247 905 1260 931 6
1284 905 1385 940 ποιμὴν
1411 906 1424 931 ὁ
1449 905 1548 936 καλός·
1575 906 1588 931 6
1608 905 1710 940 ποιμὴν
1728 905 1741 931 ὁ
1761 903 1832 935 καλὸς

1050 951 1098 986 τὴν
1117 951 1204 986 ψυχὴν
1217 950 1297 977 αὖτοῦ
1318 950 1423 986 τίθησιν
1445 951 1515 986 ὑπὲρ
1532 950 1586 978 τῶν
1601 951 1773 986 προϐάτων-ι
1791 950 1832 977 καὶ

1050 997 1146 1023 πάλιν·
1169 1006 1177 1021 ι
1195 997 1258 1023 "Urs
1285 996 1364 1027 θέλω,
1389 996 1482 1032 τίθημι
1508 996 1603 1032 αὐτὴν,
1621 997 1671 1023 καὶ
1691 997 1734 1023 ὅτε
1756 996 1827 1024 θέλω.

1049 1044 1180 1078 λαμϐάνω
1195 1044 1280 1078 αὑτήν
1291 1052 1298 1076 ;
1311 1054 1319 1068 r
1338 1042 1447 1070 Μακεδ.
1467 1042 1574 1077 Ἐπειδὴ
1588 1042 1636 1068 καὶ
1653 1043 1667 1068 6
1684 1042 1773 1077 Πατὴρ
1795 1041 1832 1068 λέ-

1049 1098 1109 1124 γει,
1126 1099 1135 1114 t
1151 1089 1205 1120 Τὰς
1219 1089 1364 1124 νεομηνίας
1393 1088 1468 1124 ὑμῶν
1483 1088 1528 1114 καὶ
1541 1088 1575 1114 τὰ
1594 1087 1720 1115 Σάϐϐατα
1735 1088 1830 1123 μισεῖή

1049 1135 1122 1171 ψυχή
1142 1143 1204 1171 μου,
1219 1145 1228 1161 ι
1252 1133 1306 1170 ἆρα
1326 1135 1370 1161 διὰ
1391 1134 1469 1161 τοῦτο
1487 1135 1533 1161 καὶ
1554 1134 1599 1161 τὸν
1624 1135 1734 1169 Πατέρα
1752 1134 1832 1168 ψυχὴν

1049 1181 1121 1216 ἔχειν
1144 1181 1273 1217 λέξομενς
1293 1182 1366 1215 Ὁρθ.
1391 1180 1502 1216 Πρῶτον
1536 1180 1550 1206 ὂ
1581 1181 1743 1216 παρήγαγες
1759 1180 1831 1218 ῥητὸν

1048 1226 1098 1252 οὐκ
1112 1226 1234 1261 ἐνόησας.
1251 1226 1288 1252 Οὐ
1304 1226 1359 1260 γὰρ
1387 1224 1458 1260 ἔχεις
1476 1224 1577 1257 δεῖξαι,
1597 1225 1639 1251 ὅτι
1658 1226 1751 1260 Πατήρ
1765 1226 1831 1250 ἐστιν

1048 1272 1062 1298 6
1077 1272 1173 1306 λέγων.
1190 1272 1301 1298 Μακεδ.
1322 1270 1402 1297 Ἀλλὰ
1424 1271 1496 1303 τίνος
1521 1271 1596 1297 ἐστὶν
1612 1271 1630 1306 ἡ
1655 1272 1746 1306 φωνή;
1765 1271 1828 1304 Ὀρθ.

1048 1318 1100 1345 Τοῦ
1115 1318 1178 1344 Tim":
1193 1317 1240 1344 τοῦ
1256 1317 1322 1344 Θεοῦ
1344 1317 1390 1344 τοῦ
1406 1317 1546 1352 ειρηκότος
1556 1326 1562 1332 ⁸
1582 1326 1591 1342 ‹
1607 1317 1701 1351 Ἔγνω
1717 1316 1777 1351 βοῦς
1790 1316 1829 1342 τὸν

1048 1365 1218 1400 κτησάμενον
1234 1365 1325 1396 αὑτὸν,
1343 1364 1390 1390 καὶ
1404 1364 1463 1395 δνος
1484 1363 1532 1398 τὴν
1553 1363 1659 1399 φάτνην
1675 1363 1720 1390 τοῦ
1743 1362 1829 1399 κυρίη

1047 1410 1142 1437 αὑτοῦ·
1164 1410 1270 1446 Ἰσραὴλ
1287 1410 1316 1437 δέ
1334 1418 1367 1445 με
1385 1410 1436 1436 οὐκ
1452 1409 1532 1443 ἔγνω,
1556 1409 1603 1435 καὶ
1620 1411 1635 1436 ὁ
1651 1409 1713 1441 λαός
1735 1417 1782 1444 μου
1801 1408 1828 1434 οὐ

1049 1457 1158 1491 συνῆκε.
1171 1465 1179 1481 ι
1196 1456 1308 1483 Μακεδ.
1332 1452 1416 1487 Οὗτος
1439 1453 1484 1481 οὖν
1511 1456 1583 1482 ἐστιν
1598 1456 1612 1482 ὁ
1633 1455 1735 1489 λέγων·
1757 1464 1766 1480 t
1780 1454 1828 1485 Τὰς

1047 1503 1190 1538 νεομηνίας
1229 1502 1305 1537 ὑμῶν
1335 1502 1382 1529 καὶ
1406 1501 1441 1528 τὰ
1465 1501 1589 1528 Σάὖὸατα
1627 1502 1699 1536 μισεῖ
1722 1502 1737 1536 ἡ
1763 1500 1827 1535 ψυχή

1011 1565 1032 1593 C
1050 1557 1117 1584 μου;
1132 1559 1142 1574 ι
1163 1549 1238 1582 Ὀρθ.
1269 1549 1324 1575 Καὶ
1354 1548 1433 1575 πάνυ.
1457 1548 1522 1574 Τότε
1538 1547 1591 1583 γὰρ
1611 1547 1684 1574 αὐτὰ
1698 1547 1826 1582 ἐμίσηηεν,

1048 1596 1092 1622 ὅτε
1108 1594 1310 1630 ἐνηνθρώπησε,
1326 1595 1371 1621 καὶ
1385 1594 1434 1630 τὴν
1452 1594 1554 1629 Καινὴν
1568 1594 1708 1630 Διαθήκην
1725 1592 1825 1619 διέθετο.

1048 1640 1159 1668 Μιικεδ.
1177 1641 1231 1666 Kal
1239 1639 1295 1675 εἶχε
1307 1640 1405 1675 ψυχὴν,
1419 1640 1462 1666 ὅτε
1480 1639 1557 1675 ὤφθη
1567 1639 1605 1674 τῷ
1626 1641 1739 1675 Ἠσαῖᾳ;
1759 1639 1825 1673 Ὀρθ-

1049 1687 1152 1722 ’Ὢσπερ
1169 1687 1219 1714 οὐκ
1235 1685 1292 1721 εἶχε
1309 1687 1404 1722 χεῖρας
1418 1686 1464 1713 καὶ
1479 1686 1561 1717 πόδας
1579 1685 1759 1721 σωματικοὺς,
1772 1683 1826 1710 οὔτε

1048 1733 1100 1769 μὴν
1118 1735 1212 1769 ἱμάτια
1235 1733 1377 1768 σωματικὰ
1398 1733 1451 1768 πρὸ
1467 1732 1520 1767 τῆς
1535 1732 1612 1759 ἐνανο
1620 1733 1773 1768 ρωπήσεως,
1787 1730 1826 1756 ὅτε

1047 1780 1138 1814 ἔλεγεν
1150 1800 1156 1811 ,
1175 1789 1184 1805 ι
1201 1779 1320 1814 Ὠρυξαν
1342 1778 1437 1814 χεῖράς
1461 1786 1512 1813 μου
1538 1778 1584 1803 καὶ
1608 1778 1693 1809 πόδας
1711 1785 1768 1812 μου,
1785 1775 1830 1802 καὶ

1046 1827 1093 1853 ἐπὶ
1116 1827 1161 1853 τὸν
1181 1825 1325 1861 ἱματισμόν
1347 1833 1397 1859 μου
1421 1824 1515 1850 ἔϐαλον
1532 1823 1662 1859 κλήρους,
1676 1833 1685 1850 ›
1713 1822 1775 1849 ἀλλὰ
1795 1820 1831 1848 ’τὰ⁴

1047 1871 1175 1906 μέλλοντα
1190 1870 1311 1905 γίνεσθαι
1328 1869 1419 1902 ἔλεγεν
1430 1877 1436 1884 ·
1455 1868 1526 1894 οὕτω
1543 1868 1589 1894 καὶ
1605 1868 1671 1904 περ).
1691 1867 1774 1902 ψυχῆς
1786 1865 1825 1891 λέ-

1044 1926 1100 1951 γων
1120 1915 1196 1944 εἶπε·
1215 1926 1224 1942 t
1240 1917 1353 1952 Μισεῖὴ
1378 1916 1450 1952 ψυχή
1478 1924 1538 1952 μου.
1554 1925 1565 1942 ο
1591 1915 1704 1942 Μακεδ.
1729 1914 1823 1948 Δῷμεν,

1044 1963 1117 1998 ὅτιὴ
1142 1963 1217 1998 φωνὴ
1241 1962 1287 1989 τοῦ
1314 1961 1378 1989 ἴὶοῦ
1404 1963 1477 1988 ἐστι·
1505 1962 1542 1997 μὴ
1574 1961 1623 1988 καὶ
1654 1962 1697 1987 ὅτε
1725 1960 1821 1993 ἔλεγεν,

1047 2018 1056 2035 ‹
1077 2009 1141 2035 Ἰδοὺ
1157 2010 1170 2035 ὁ
1189 2009 1258 2041 Παῖς
1283 2017 1333 2044 μου
1353 2010 1367 2035 ὁ
1388 2007 1527 2043 ἀγαπητός
1546 2015 1595 2042 μου
1608 2028 1616 2039 ,
1642 2008 1681 2039 εἰς
1704 2006 1731 2033 ὃν
1753 2004 1822 2041 ηὐδό-

1045 2057 1159 2091 κησεν-η
1179 2055 1251 2091 ψυχή
1275 2064 1338 2090 μου·
1358 2055 1434 2090 θήσω
1452 2053 1482 2080 τδ
1508 2053 1623 2088 Πνεῦμα
1651 2061 1700 2088 μου
1721 2051 1760 2078 ἐπ’
1781 2050 1822 2077 αὖ·

1043 2101 1119 2132 τὸν,ι
1143 2101 1157 2127 6
1182 2101 1244 2132 Υἱός
1270 2101 1342 2126 ἐστιν
1364 2101 1378 2127 6
1394 2100 1495 2134 λέγων;
1528 2099 1606 2133 Ὀρθ.
1640 2098 1695 2125 Οὐκ
1719 2097 1785 2123 ἔστιν
1809 2095 1820 2120 ὁ

1045 2146 1107 2177 Υἱὸς
1121 2147 1135 2172 6
1153 2146 1250 2180 λέγων,
1262 2145 1319 2172 ἀλλ’
1331 2145 1554 2181 ὁμολογουμένως
1569 2146 1582 2171 6
1598 2146 1703 2180 Πατήρ.
1722 2144 1756 2170 Οὐ
1774 2141 1820 2177 μὴν

1043 2192 1081 2223 ὡς
1102 2192 1183 2224 αὐτὸς
1205 2192 1293 2227 ψυχὴν
1315 2192 1383 2227 ἔχων
1409 2191 1495 2218 ταῦτα
1520 2190 1610 2217 λαλεῖ·
1652 2190 1719 2217 ἀλλὰ
1741 2190 1820 2215 πᾶσαν

206 2226 259 2255 ter,
275 2224 324 2251 sed
343 2225 478 2259 cujusque
498 2227 586 2254 sancti
609 2229 738 2260 animam.
766 2237 844 2257 suam
872 2231 990 2257 animam

1049 2238 1131 2273 Lux-qv
1156 2224 1356 2272 bima-saturei}
1383 2237 1471 2273 ψυχὴν
1497 2237 1580 2271 λέγει.
1598 2237 1676 2268 ’Ἡτις
1694 2233 1738 2262 οὖν
1755 2232 1818 2269 ψυχὴ

206 2268 284 2295 dicit.
301 2269 475 2306 Quaecunque
499 2273 583 2308 igitur
601 2275 690 2301 anima
716 2275 766 2302 sibi
793 2276 991 2310 complacuerit

205 2313 234 2341 in
246 2313 325 2346 Filio,
350 2315 412 2348 ista,
437 2317 534 2352 inquit,
559 2323 598 2346 est
620 2320 710 2347 anima
735 2328 805 2347 mea.
829 2320 935 2348 Etenim
962 2325 992 2348 ut

206 2359 287 2386 homo
300 2360 403 2394 justus,
423 2362 469 2389 Dei
487 2363 568 2391 homo
590 2365 710 2392 dicitur:
739 2366 776 2392 ita
795 2366 884 2393 anima
904 2367 990 2401 justa,

206 2405 252 2433 Dei
270 2407 360 2434 anima
383 2413 557 2443 nuncupatur
580 2414 607 2438 et
629 2415 680 2438 est.
703 2411 806 2438 Maced.
823 2412 894 2445 Quid
911 2414 992 2448 igitur

203 2457 246 2480 est
258 2453 478 2488 bcncplacitum?
491 2455 567 2483 Orth.
584 2457 702 2484 Verbum
726 2459 896 2493 complacuit,
927 2468 992 2495 pro-

204 2499 286 2533 pheta
327 2499 411 2528 lsaias
435 2502 630 2538 interpretatur
657 2506 780 2539 suscepit,
800 2506 859 2544 ubi.
873 2507 987 2534 scribit:

206 2554 215 2569 ε
230 2543 315 2572 Jacob
330 2554 426 2574 servus
447 2556 535 2581 meus,
558 2550 706 2584 suscipiam
729 2559 790 2578 eum
809 2561 815 2578 :
831 2553 915 2579 Israel
931 2553 988 2579 ele-

203 2594 264 2617 ctus
275 2598 362 2624 meus,
379 2601 459 2628 quem
475 2595 591 2630 benigne
605 2597 726 2631 suscepit
741 2598 832 2624 anima
848 2606 918 2626 mea.
938 2598 990 2625 Po-

202 2636 243 2663 sui
261 2636 394 2672 Spiritum
412 2647 500 2667 meum
515 2649 597 2676 super
609 2650 683 2670 eum.
699 2654 708 2668 ι
719 2643 893 2680 Qumcunque
906 2646 989 2680 igitur

202 2681 293 2709 anima
310 2682 393 2715 hunc,
408 2693 488 2720 quem
509 2687 634 2718 ostendo,
654 2696 763 2716 servum
784 2698 873 2717 meum
893 2698 989 2718 susce-

201 2726 252 2762 pit,
264 2735 296 2755 ea
313 2733 355 2756 est
369 2737 428 2757 mea
445 2731 543 2759 anima.
566 2732 668 2760 Maced.
687 2733 741 2763 Nos
764 2735 913 2772 improprie
937 2736 988 2763 Pa—

237 2807 260 2822 "
396 2811 494 2849 u_,_l_5.
534 2811 556 2826 "
576 2812 641 2840 ibid.
659 2814 705 2841 ‘20.
743 2814 765 2830 "
783 2814 863 2843 Joau.
882 2823 915 2849 x,
936 2816 979 2844 Η.

205 2849 268 2874 nl,
288 2842 380 2871 17-19.
420 2845 443 2860 ὀ
463 2845 607 2880 ιεςιμιιιι,
626 2849 651 2875 1.

1045 2284 1084 2315 εἰς
1108 2283 1153 2310 τὸν
1167 2283 1231 2310 Υἱδν
1258 2283 1401 2318 ηὐδόκησε,
1425 2283 1493 2319 αὕτη
1520 2292 1581 2318 μου,
1606 2283 1698 2318 φησὶν,
1723 2279 1818 2312 ἔστινὴ

1044 2327 1125 2364 ψυχή.
1145 2329 1188 2360 Ὠς
1204 2329 1257 2363 γὰρ
1270 2330 1284 2355 ὁ
1300 2328 1400 2360 δίκαιος
1409 2328 1559 2364 ἅνθρωπος,
1576 2327 1621 2354 τοῦ
1639 2326 1705 2353 Θεοῦ
1722 2325 1817 2359 λέγεται

1045 2373 1195 2409 ἄνθρωπος·
1209 2374 1279 2401 οὕτω
1294 2375 1340 2401 καὶ
1357 2375 1372 2409 ἡ
1387 2374 1478 2401 δικαία
1493 2374 1564 2409 ψυχὴ
1576 2373 1622 2400 τοῦ
1638 2372 1704 2399 θεοῦ
1719 2371 1817 2404 λέγεται

1046 2420 1092 2445 καὶ
1105 2419 1161 2445 ἔστι
1181 2419 1264 2455 ψυχή.
1283 2419 1392 2446 Μακεὸ.
1408 2420 1440 2446 Tt'
1460 2418 1504 2446 οὖν
1521 2421 1594 2446 ἐστιν
1615 2418 1734 2449 εὖδοκία;
1751 2416 1814 2449 Ὀρθ-

1050 2464 1079 2490 Ὁ
1091 2465 1232 2500 προφήτης
1250 2465 1362 2496 Ἡσαΐας
1376 2466 1405 2492 τὸ
1422 2465 1586 2499 ηὑδόκησε,
1611 2462 1813 2499 προσεδέξατο,

1046 2507 1117 2543 εἷπε,
1138 2510 1237 2544 λέγων’
1261 2521 1269 2536 t
1291 2511 1388 2538 Ἰακὼϐ
1402 2513 1416 2538 6
1429 2513 1492 2544 παῖς
1505 2521 1566 2547 μου,
1578 2512 1624 2538 ἀντ
1631 2511 1755 2546 ιλήψομαι
1772 2507 1816 2534 αὺ-

1043 2557 1104 2582 τοῦπ
1125 2557 1231 2592 Ἰσραὴλ
1246 2559 1259 2583 ὁ
1282 2557 1408 2589 ἐκλεκτός
1434 2567 1494 2594 μου,
1520 2558 1698 2594 προσεδέξατο
1712 2552 1817 2588 αὑτὺνὴ

1042 2602 1114 2637 ψυχή
1131 2611 1191 2637 μοιν
1205 2603 1292 2630 ἔδωκα
1309 2604 1337 2630 τὸ
1356 2603 1467 2638 Πνεῦμά
1490 2612 1539 2638 μου
1556 2604 1598 2630 ἐπ’
1611 2603 1723 2629 αὐτόν.)
1744 2601 1816 2630 Ἥτις

1042 2646 1088 2674 οὖν
1102 2648 1173 2685 ψυχὴ
1189 2650 1290 2683 τοῦτον,
1302 2651 1330 2678 ὃν
1344 2651 1466 2686 δείκνυμι
1481 2652 1544 2686 ὑμῖν
1566 2651 1646 2678 παῖδά
1661 2659 1720 2686 μου.
1741 2654 1816 2684 πρθσ·

1042 2693 1159 2727 εδέξατο,
1177 2696 1244 2732 αὕτη
1262 2706 1310 2732 μου
1330 2698 1388 2723 ἐστὶ
1405 2697 1487 2732 ψυχή.
1501 2697 1611 2724 Μακεὸ.
1629 2697 1720 2731 Ἡμεῖς
1739 2700 1814 2721 κατα-

1043 2740 1199 2775 χρηστικῶς
1220 2741 1264 2768 τὸν
1283 2743 1392 2777 Πατέρα
1413 2743 1526 2778 λέγομεν
1542 2742 1679 2778 εἰρηκέναι
1694 2740 1740 2775 τὴν
1763 2745 1812 2774 (εω-

1697 2816 1727 2848 ,η
1744 2814 1775 2843 Ρε
1784 2813 1808 2839 il.

1035 2817 1055 2833 "
1076 2817 1141 2846 ibid.
1163 2817 1203 2846 i8.
1254 2819 1274 2835 ¹⁷
1296 2819 1344 2848 lsa.
1366 2820 1390 2851 ιζ
1409 2819 1450 2847 15.
1491 2820 1513 2836 ’⁸
1533 2819 1597 2847 ibid.
1614 2818 1641 2846 5.
