1926 3068
107 143 117 170 Ι
123 141 178 170 333

651 139 788 168 CONTRA
809 140 984 170 MACEUON.
1007 141 1180 170 DlALOGUS
1199 142 1230 169 ll.

1665 139 1731 167 1534

104 199 166 233 νήν.
189 197 258 224 υῦτε
281 197 334 233 γὰρ
358 196 445 233 ψυχὴν
469 197 538 232 ἔχων
560 197 574 223 ὁ
595 197 691 233 Πατὴρ
716 198 804 232 λέγει·
826 208 834 223 ι
851 198 895 229 Εἰς

951 203 1019 227 trem
1032 200 1083 228 ista
1100 200 1221 227 locutum
1238 199 1323 227 fuisse
1331 199 1458 227 dicimus.
1475 199 1566 233 Neque
1575 198 1647 226 enim
1658 191 1731 232 quod

103 243 135 271 ὃν
158 244 307 279 ηὐδόκησεν
322 245 339 279 ἡ
357 244 428 279 ψυχή
447 252 512 278 μου·
525 253 533 269 ι
554 243 628 275 οὕτε,
649 243 686 275 ὡς
704 244 736 270 σὺ
753 244 894 279 νενόηκας,

105 289 172 325 περὶ
188 289 237 324 τῆς
257 288 312 315 τῶν
332 288 482 324 ἀνθρώπων
495 288 583 323 ψυχῆς
599 288 682 323 λέγει.
702 289 774 322 Ὀρθ.
791 288 895 323 Δῶμεν,

105 335 148 361 ὅτι
170 334 394 370 καταχρηστικῶς
422 333 529 369 εἴρηται
553 334 616 370 περὶ
631 333 677 360 τοῦ
699 334 818 370 Πατρός·
842 332 896 369 ἄρα

105 380 156 406 καὶ
172 380 295 416 περὶτοῦ
313 379 375 406 Υιοῦ
398 380 624 415 καταχρηστικῶς
643 380 766 416 simul;
784 380 894 408 Μακεδ.

106 426 171 452 Ναί.
193 425 270 459 Ὀρθ.
289 425 351 451 Ἐὰν
380 423 426 451 οὖν
443 425 489 451 καὶ
523 425 664 461 ἄνθρωπος
679 425 790 462 λέγηται
807 427 821 452 ὁ
841 427 896 453 Πα-

105 473 170 508 τὴρ,
191 472 417 508 καταχρηστικῶς
432 472 557 508 εἴρηται·
575 473 622 499 καὶ
644 473 668 499 εἰ
686 473 749 508 περὶ
769 473 817 499 τοῦ
837 474 895 500 Πα-

105 519 180 554 τρὺς,
200 517 254 553 ἆρα
280 518 326 544 καὶ
350 518 395 545 τὸν
415 518 478 544 Υἱὸν
504 518 730 554 καταχρηστικῶς
753 519 894 554 ἄνθρωπον

105 563 234 600 λέξομεν;
256 564 365 592 Μακεδ.
389 564 444 591 Ποῦ
463 565 617 600 γέγραπται
640 565 866 600 καταχρηστικῶς
883 567 896 592 ὁ

106 611 203 646 Πατὴρ
239 610 397 645 ἄνθρωπο;;
435 611 511 644 ὀρθ.
549 611 634 643 Αὐτὸς
659 612 673 638 ὁ
692 610 755 642 Υἱὸς
783 611 811 637 ὲν
839 613 896 643 τοῖς

106 656 282 690 Εὑαγγελιοις
305 656 379 690 λέγει
403 656 483 683 αὑτὸν
509 656 660 692 ἄνθρωπον.
683 658 793 685 Μακεὸ.
818 658 896 685 Ἀνά-

106 702 192 736 γνωθι
213 711 257 738 μοι
277 703 327 729 ποῦ
344 703 425 730 αὑτὸν
445 703 518 738 λέγει
540 703 693 740 ἄνθρωπον.
715 704 792 738 Ὀρθ.
812 705 896 732 Ὅταν

105 748 183 784 λέγῃ,
203 758 212 774 ε
229 748 388 784 ’Ἄνθρωπός
403 757 445 780 τις
471 749 582 784 ἐποίησε
600 750 706 785 γάμους
723 750 761 785 τῷ
781 750 830 786 υῑῷ
849 751 896 777 αὺ-

105 794 164 826 τοῦ,
176 803 185 820 ›
203 794 276 820 ποῖον
290 794 362 828 λέγει
378 795 537 830 ἄνθρωπον;
554 795 611 822 Καὶ
625 796 688 822 ὃταν
703 796 768 832 λέγῃ
779 805 785 811 ·
806 805 815 822 ι
833 797 895 826 "Av;

106 839 216 874 θρωπός
230 848 272 871 τις
286 840 434 874 ἐφύτευσεν
451 841 610 876 ἀμπελῶνα,
631 842 678 868 καὶ
694 841 797 875 ἐξέδοτο
815 843 895 869 αὑτὸν

105 888 256 921 γεωργοῖς,
274 896 284 912 ι
313 889 389 914 ποῖον
419 889 488 919 νοεῖς
523 887 685 924 ἄνθρωπον,
715 888 824 915 Μακεδ.
852 889 895 915 Ἐν

106 931 249 968 παραϐολῇ
267 932 312 959 τὸν
332 933 457 968 Πατέρα.
491 934 567 967 Ὀρθ.
596 931 670 969 Ἃρα
684 931 741 966 οὖν,
758 934 850 970 ἐπειδὴ
866 935 894 962 ὲν

106 979 274 1015 παραδολαϊς
302 979 346 1006 τὸν
373 980 483 1015 Πατέρα
511 981 585 1015 λέγει
612 981 765 1017 ἄνθρωπον,
793 981 840 1008 καὶ
866 982 895 1009 ἐν

106 1025 176 1060 αὐτῇ
200 1026 232 1060 τῇ
258 1025 399 1062 παραϐολῇ
426 1026 473 1052 κα)¹
494 1026 589 1053 ἑαυτὸν
615 1027 732 1062 Χριστὸν
754 1027 895 1061 ἄνθρωπον

109 1069 179 1104 μετὰ
201 1070 264 1101 τοὺς
280 1069 390 1102 δούλους
407 1070 621 1106 ἀπεσταλμένον,
646 1072 770 1107 εἴποιμεν
794 1072 827 1099 ἂν
849 1073 896 1099 καὶ

108 1114 188 1141 αὑτὸν
212 1115 257 1141 τὸν
287 1115 350 1142 Υῑὺν
376 1117 602 1152 καταχρηστικῶς
636 1117 894 1153 ὲνηνθρωπηκέναι;

106 1159 217 1186 Maneo.
244 1160 290 1196 Μὴ
315 1160 436 1195 γένοιτοι
472 1162 549 1196 Ὀρθ.
588 1162 651 1189 Ἐὰν
681 1162 709 1189 δὲ
733 1163 896 1198 ἀκούσωμεν

108 1205 253 1240 πρόσωπον
265 1207 380 1243 Πατρὸς,
392 1207 407 1234 ὃ
423 1207 567 1243 βλέπουσιν
579 1208 688 1243 ἄγγελοι
702 1209 756 1236 τῶν
772 1210 895 1242 παιδίων,

107 1252 145 1283 ὡς
170 1253 199 1278 ὲν
215 1253 392 1287 Εὑαγγελίοις
415 1254 586 1290 ’γέγραπται⁸
612 1255 772 1291 ἀκούσωμεν
792 1256 821 1283 δὲ
849 1257 897 1284 καὶ

109 1298 256 1325 πρόσωπον
276 1299 350 1331 Υἱοῦ,
373 1299 388 1326 ὃ
404 1299 522 1335 ἔλαμψεν
543 1302 572 1327 ὲν
597 1301 636 1337 τῷ
657 1301 728 1337 δρει,
745 1303 792 1329 καὶ
813 1303 896 1338 ἐρρά-

109 1353 186 1372 πισεν
203 1347 218 1372 ὁ
231 1347 387 1383 ὑπηρέτης·
402 1347 489 1379 οὓτως
512 1347 663 1384 ἀκούσομεν
686 1348 741 1375 τῶν
764 1358 896 1385 σημαινο-

110 1390 245 1426 μένωνςῆ
264 1391 295 1418 τὸ
312 1391 361 1427 μὲν
384 1392 508 1428 σώματος
533 1393 693 1428 πρόσωπον,
710 1394 741 1420 τὸ
759 1394 788 1421 δὲ
810 1402 895 1420 κατα-

108 1437 262 1472 χρηστικῶς
272 1438 440 1474 ὀνομάσομεν
451 1439 609 1474 πρόσωπον,“
619 1440 633 1466 ὅ
646 1440 719 1466 ἐστιν
730 1440 878 1473 ὑπόστασις
888 1449 895 1474 ;

109 1479 218 1507 Μακεδ.
237 1480 474 1518 Ὀμολογουμένως
487 1483 574 1516 ἄλλως
589 1484 635 1510 ἐπὶ
651 1484 697 1511 τοῦ
713 1485 831 1521 Πατρὸς,
849 1486 896 1512 καὶ

109 1525 195 1557 ἄλλως
219 1527 264 1553 ἐπὶ
280 1527 326 1553 τοῦ
345 1527 420 1557 Υἱοῦ.
443 1529 518 1562 Ὀρθ.
542 1529 597 1556 Οὐκ
623 1529 686 1565 ἄρα,
703 1531 750 1557 καὶ
774 1532 799 1557 εξ
831 1531 895 1568 περὶ

109 1571 155 1598 τοῦ
174 1572 280 1607 Πατρὺς
300 1574 525 1609 καταχρηστικῶς
551 1575 658 1610 εἴρηται
682 1575 771 1611 ψυχὴ,
787 1577 895 1610 πάντως

109 1617 155 1643 καὶ
173 1618 236 1652 περὶ
256 1617 303 1644 τοῦ
328 1619 408 1645 Υῑοῦ·
431 1620 588 1655 Μανιχαίων
604 1621 658 1657 γὰρ
673 1621 743 1658 αὕτη
759 1623 775 1659 ἡ
797 1623 893 1659 μανία,

110 1663 139 1689 τὸ
154 1662 242 1696 λέγειν
258 1663 295 1698 μὴ
320 1664 560 1700 ἑνηνθρωπηκέναι
587 1665 632 1692 τὸν
659 1666 724 1694 Υιδν
745 1667 791 1694 τοῦ
817 1667 893 1695 Θεοῦ.

110 1708 220 1736 Μακεδ.
239 1709 492 1747 Ἐνηνθρωπηκέναι
511 1711 640 1746 λέγομεν·
658 1712 714 1739 ἀλλ’
728 1713 788 1748 οὐχὶ
807 1714 895 1751 ψυχὴν

111 1754 258 1790 εἰληφέναι.
279 1756 354 1789 Ὀρθ.
379 1756 425 1792 Μὴ
445 1756 507 1791 λέγε
538 1757 777 1794 ἐνηνθρωπηκέναι
804 1760 892 1796 μόνον,

111 1801 178 1828 ἀλλὰ
198 1801 245 1828 καὶ
261 1802 456 1838 σεσαρκῶσθαι.
475 1804 506 1830 Et
523 1803 577 1839 γὰρ
591 1805 641 1831 οὐκ
657 1805 752 1833 ἐλαϐεν
775 1806 894 1842 ἔμψυχον

112 1847 200 1882 σῶμα,
218 1847 278 1874 οὐδὲ
301 1848 502 1884 ὲνηνθρώπησε.
527 1850 639 1877 Μακεδ.
667 1851 716 1877 Διὰ
735 1851 778 1885 τί;
817 1853 893 1886 Ὀρθ.

113 1891 171 1917 Ὀτι
188 1891 266 1927 σῶμα
281 1892 393 1927 ἄψυχον,
407 1893 436 1919 τὸ
454 1893 490 1928 μὴ
507 1895 672 1930 κοινωνῆσαν
693 1895 765 1931 ψυχῇ
788 1895 894 1932 λογικῇ,

111 1937 159 1962 οὐκ
180 1936 252 1963 ἐστιν
272 1937 439 1973 ἀνθρώπινον
459 1939 546 1974 σῶμα.
566 1940 629 1972 Πῶς
652 1940 680 1966 δὲ
705 1941 743 1972 ὠς
761 1950 770 1966 ι
784 1941 896 1974 ἀσπίδος

111 1983 205 2018 κωφῆς
228 1983 273 2009 καὶ
295 1983 411 2020 βυούσης
434 1984 469 2011 τὰ
491 1983 548 2012 ὦτα
573 1987 668 2020 αὐτῆς,
690 1987 750 2021 ἥτις
765 1988 815 2013 οὐκ
839 1988 895 2014 εισ-

112 2028 258 2055 ακούσεται
275 2029 365 2064 φωνῆς
388 2030 544 2065 ὲπᾴδοντος,
567 2041 576 2057 ι
600 2031 685 2063 οὕτως
708 2032 821 2059 ἀκούετε
848 2032 895 2059 τοῦ

112 2074 216 2109 Πέτρου
231 2074 354 2109 λέγοντος
365 2076 393 2102 ὲν
405 2078 463 2108 ταῖς
471 2077 589 2112 Πράξεσι
601 2077 655 2103 τῶν
671 2078 836 2109 ἀποστόλων.
855 2079 895 2105 δτι

115 2130 123 2145 ι
133 2119 222 2156 Οὕτεή
232 2120 304 2156 ψυχὴ
316 2121 397 2148 αὑτοῦ
414 2122 575 2158 κατελείφθη
590 2123 629 2155 εἰς
641 2123 716 2159 ᾅδου,
730 2124 790 2150 οὔτε
803 2125 896 2160 ήσὰρξ

112 2166 192 2193 αὐτοῦ
225 2164 279 2193 οἶδε
307 2167 472 2203 διαφθοράνς
501 2169 555 2196 Καὶ
582 2170 596 2195 ὁ
622 2172 764 2206 προψήτης
784 2172 897 2204 Ἡσαΐας

948 245 1066 272 animam
1097 245 1205 277 habeat,
1230 244 1314 272 dicit:
1335 253 1344 270 ι
1358 243 1388 271 In
1410 251 1464 279 quo
1487 244 1539 271 sibi
1568 241 1732 277 complacuit

947 290 1036 318 anima
1052 299 1131 318 mea:
1150 300 1159 316 ι
1172 299 1260 326 neque
1277 291 1310 318 de
1331 291 1421 317 anima
1443 290 1583 317 hominum
1600 288 1731 323 loquitur,

948 342 1016 365 uttu
1042 338 1151 373 quidem
1174 337 1325 365 existimas.
1346 336 1422 364 Orth.
1443 336 1591 371 lmpropric
1612 335 1732 362 animam

946 383 1020 410 Patri
1038 384 1121 410 tribui
1143 383 1339 414 concedamus,
1355 382 1478 417 nunquid
1493 386 1521 409 et
1534 382 1567 409 de
1587 381 1656 408 Filio
1679 380 1731 407 im-

947 429 1076 464 proprie?
1091 428 1195 456 Maced.
1208 428 1308 455 Etiam.
1324 427 1401 455 Ortlt.
1417 427 1487 460 Quid
1499 428 1521 454 si
1539 431 1630 454 autem
1651 425 1732 453 Pater

946 476 1028 502 homo
1039 475 1157 507 dicatur,
1175 478 1202 502 et
1214 475 1236 502 si
1251 474 1399 509 improprie
1410 473 1490 501 Pater
1503 474 1615 505 dicitur,
1625 480 1689 500 num
1705 475 1732 500 et

946 519 1032 548 Filius
1043 519 1192 554 improprie
1213 519 1295 546 homo
1319 519 1446 546 dicetur?
1460 518 1563 545 Maced.
1583 518 1637 546 Ubi
1661 517 1731 544 scri-

947 571 1022 600 ptum
1035 569 1077 592 est
1093 564 1203 591 Patrem
1225 563 1374 599 improprie
1393 571 1455 591 esse
1477 563 1631 590 hominem?
1653 562 1730 591 Orth.

946 609 1124 645 490Filius
1135 610 1193 644 ipse
1210 609 1237 636 iu
1255 608 1411 644 Evangeliis
1428 609 1567 636 hominem
1580 609 1669 644 ipsum
1687 616 1732 636 vo-

946 658 1000 682 cat.
1013 654 1117 681 Macati.
1139 653 1241 681 Locum
1263 653 1331 688 lege,
1348 661 1402 688 quo
1418 653 1507 688 ipsum
1528 653 1665 681 hominem
1686 661 1732 680 vo-

946 704 1000 728 cat.
1017 701 1093 729 Orth.
1105 700 1221 734 Quando
1248 700 1325 734 dicit,
1344 709 1354 725 (
1374 699 1462 727 Homo
1475 700 1584 735 quidam
1599 699 1664 726 fecit
1678 708 1732 727 nu-

946 748 1017 783 ptias
1033 747 1086 774 ﬁlio
1102 747 1187 778 suo",
1203 756 1211 772 ι
1222 746 1331 781 qualem
1342 745 1486 773 hominem
1500 745 1584 772 dicit?
1601 745 1633 771 Et
1645 752 1732 780 quan-

946 794 981 821 do
1010 794 1084 826 dicit,
1102 801 1112 817 ι
1127 793 1214 820 Ποιηο
1226 793 1339 828 quidam
1356 792 1490 828 plantavit
1508 793 1626 823 vineam,
1644 796 1670 819 et
1692 791 1733 818 10--

946 840 1017 867 cavit
1025 848 1084 867 eam
1095 839 1258 875 agricolis",
1274 849 1284 864 ›
1301 839 1407 874 qualem
1428 838 1557 873 intelligis
1573 838 1734 866 hominem?

910 884 931 911 Β
946 884 1050 912 Μαεεά.
1073 885 1102 912 ln
1125 885 1256 920 parabola
1272 884 1394 912 Patrem.
1411 883 1487 912 Orth.
1509 884 1615 919 Ergone
1638 884 1731 920 igitur,

945 938 1007 958 cum
1026 931 1053 958 in
1072 932 1210 966 parabolis
1224 931 1334 958 Patrem
1356 929 1429 956 dicat
1444 930 1630 963 hominem,ct
1647 931 1674 956 in
1692 938 1734 957 ea-

945 977 1007 1005 dem
1023 978 1067 1004 illa
1083 978 1212 1012 parabola
1230 978 1349 1013 seipsum
1366 977 1439 1005 dicat
1451 977 1586 1004 hominem
1602 980 1661 1011 post
1674 984 1734 1004 ser-

945 1031 994 1051 vos
1005 1024 1130 1056 missum,
1143 1022 1344 1058 Filiumipsum
1364 1022 1511 1057 improprie
1531 1022 1669 1049 hominem
1693 1021 1733 1048 (ἓν

946 1073 1021 1097 ctum
1048 1069 1134 1096 luisse
1164 1068 1333 1096 dixerimus?
1354 1068 1458 1095 Maced.
1489 1068 1576 1095 Absit.
1601 1067 1676 1095 Orth.
1704 1067 1733 1094 Si

946 1123 1010 1152 ergo
1022 1115 1189 1143 audierimus
1199 1115 1295 1143 faciem
1310 1115 1410 1147 Patris,
1424 1122 1506 1150 quam
1519 1121 1665 1149 puerorum
1675 1121 1728 1140 an-

945 1161 998 1197 geli
1014 1162 1106 1189 vident
1119 1162 1159 1189 :si
1177 1162 1241 1189 item
1264 1161 1434 1188 audierimus
1454 1160 1550 1188 faciem
1575 1159 1647 1191 Filii.
1672 1168 1733 1195 quae

946 1209 975 1236 in
988 1212 1080 1236 monte
1090 1208 1271 1243 resplenduit,
1291 1212 1317 1235 et
1336 1215 1418 1242 quam
1440 1207 1565 1235 minister
1589 1206 1731 1234 Pontiﬁcis

948 1253 1085 1289 percussit
1097 1262 1104 1280 :
1121 1254 1194 1280 itane
1206 1253 1316 1288 propria
1332 1253 1477 1287 utrobique
1487 1252 1683 1288 signiﬁcatione
1693 1252 1733 1279 fa-

947 1299 1015 1327 ciem
1030 1299 1205 1334 accipiemus,
1221 1304 1268 1326 aut
1278 1299 1347 1326 hanc
1357 1299 1468 1334 quidem
1480 1298 1605 1333 corporis
1623 1298 1731 1330 faciem,

946 1346 1020 1373 illam
1036 1346 1183 1381 improprie
1197 1345 1393 1380 appellabimus
1410 1344 1517 1376 faciem,
1528 1352 1588 1379 qum
1596 1344 1733 1379 esthypoo

948 1392 1052 1420 stasis‘?
1069 1391 1173 1419 Maced.
1187 1391 1315 1419 Omnium
1332 1398 1469 1419 consensu
1482 1391 1561 1418 aliter
1572 1390 1656 1421 Patri,
1678 1390 1732 1416 ali-

947 1441 988 1465 ter
1010 1437 1080 1464 Filio
1102 1437 1242 1464 tribuitur.
1271 1436 1346 1464 Orth.
1364 1435 1422 1463 Non
1450 1443 1516 1470 ergo
1534 1435 1557 1463 si
1581 1435 1732 1470 improprie

947 1483 1037 1511 anima
1051 1483 1136 1515 Patri,
1153 1483 1284 1510 continuo
1295 1487 1323 1510 et
1333 1481 1401 1509 Filio
1417 1481 1566 1517 improprie
1589 1481 1730 1508 tribuitur.

947 1529 995 1557 Est
1009 1530 1066 1557 hac
1075 1528 1286 1557 Manichaeorum
1304 1529 1412 1556 insania
1429 1548 1436 1560 ,
1452 1528 1551 1556 docere
1562 1527 1663 1555 Filium
1681 1527 1730 1555 Dei

946 1583 1001 1603 non
1016 1574 1100 1603 fuisse
1111 1575 1250 1603 hominem
1265 1574 1379 1602 factum.
1394 1573 1499 1601 Μαῖρά.
1515 1573 1660 1602 Hominem
1668 1581 1730 1601 eum

946 1621 1046 1649 factum
1059 1620 1243 1653 conﬁtemur;
1260 1620 1309 1648 sed
1327 1621 1447 1647 animam
1470 1619 1656 1654 assumpsisse
1676 1626 1730 1645 non

945 1667 1021 1694 item.
1040 1666 1116 1694 Orth.
1139 1665 1198 1693 Non
1225 1666 1363 1693 hominem
1380 1665 1468 1693 solum
1491 1665 1546 1697 dic,
1565 1664 1613 1692 sed
1629 1667 1656 1691 et
1671 1671 1732 1691 car-

945 1721 1007 1741 nem
1019 1712 1132 1740 factum.
1147 1712 1240 1748 Neque
1255 1712 1331 1740 enim
1351 1713 1432 1740 homo
1453 1711 1542 1739 factus
1559 1714 1610 1741 est,
1626 1710 1650 1737 si
1669 1716 1732 1737 cor-

945 1767 996 1795 pus
1022 1759 1172 1786 anlmatum
1192 1767 1248 1786 non
1271 1759 1432 1794 assumpsit.
1453 1757 1557 1785 Maced.
1586 1756 1655 1789 Quid
1674 1755 1732 1782 ita?

947 1806 1023 1834 Orth.
1034 1806 1104 1839 Quia
1120 1813 1220 1840 corpus
1238 1806 1374 1838 exanime,
1389 1805 1462 1840 quod
1477 1804 1511 1831 ab
1527 1804 1625 1830 anima:
1645 1802 1732 1829 ratio-

945 1852 1016 1879 nalis
1030 1850 1223 1878 communione
1245 1850 1400 1885 sejunctutn
1418 1853 1471 1882 est,
1492 1857 1548 1876 non
1564 1852 1608 1876 est
1630 1855 1735 1882 corpus

944 1897 1104 1930 humanum.
1120 1896 1176 1924 Cur
1185 1900 1274 1923 autem
1284 1896 1371 1924 instar
1385 1905 1394 1921 ι
1407 1895 1510 1931 aspidis
1517 1894 1606 1923 surdae
1615 1898 1640 1921 et
1651 1893 1732 1920 obtu-

945 1943 1033 1971 rantis
1043 1951 1123 1971 aures
1140 1951 1216 1976 suas,
1232 1950 1291 1978 quae
1305 1950 1361 1969 non
1379 1941 1506 1974 exaudiet
1521 1948 1616 1968 vocem
1635 1939 1731 1966 incan-

946 1989 1065 2021 tantis“,
1077 1999 1085 2015 ι
1104 1990 1141 2016 ita
1154 1997 1203 2017 vos
1219 1993 1246 2016 et
1258 1988 1368 2016 Petrum
1389 1987 1501 2019 auditis,
1522 1987 1550 2014 in
1567 1986 1643 2013 Actis
1666 1992 1732 2020 apo-

946 2035 1078 2062 stolorum
1092 2035 1227 2063 dicentem
1239 2045 1245 2062 :
1259 2044 1268 2060 ι
1283 2034 1342 2062 Νοιι
1357 2034 1515 2062 derelictam
1529 2041 1590 2060 esse
1604 2032 1675 2067 apud
1688 2033 1731 2058 in—

946 2082 1018 2110 feros
1032 2082 1149 2109 animam
1165 2082 1234 2117 ejus,
1248 2089 1336 2116 neque
1347 2087 1457 2108 carnem
1470 2080 1530 2114 ejus
1543 2078 1664 2106 sensisse
1675 2085 1734 2104 cor-

946 2128 1144 2163 ruptionem“?
1159 2138 1167 2154 ι
1189 2132 1216 2156 et
1239 2128 1336 2154 Isaiam
1349 2127 1515 2153 clamantem
1531 2134 1537 2151 :
1558 2134 1567 2149 ι
1585 2124 1613 2151 Si
1629 2123 1733 2151 dabitis

946 2182 996 2209 pro
1013 2178 1125 2209 peccato
1139 2174 1257 2200 animam
1273 2177 1402 2203 vestram,
1414 2170 1541 2198 videbitis
1560 2177 1656 2197 semen
1669 2169 1732 2196 lonl-

112 2212 174 2247 βοᾷ·
199 2222 208 2238 ι
228 2212 291 2239 Ἐὰν
311 2212 378 2239 δῶτε
394 2214 459 2249 περὶ
477 2214 611 2250 ἁμαρτίας
630 2215 679 2250 τὴν
698 2215 785 2251 ψυχὴν
808 2216 894 2251 ὑμῶν,

948 2228 1063 2255 gazvum.
1080 2219 1113 2246 Et
1127 2220 1184 2246 vult
1197 2218 1328 2246 Dominus
1345 2218 1371 2245 in
1386 2225 1468 2245 manu
1481 2217 1540 2251 ejus
1551 2215 1660 2243 auferre
1685 2215 1732 2242 do-

110 2257 205 2292 ῐιψεσϐε
222 2258 330 2293 σπέρμα
345 2259 517 2294 μακρόϐιον.)
535 2261 590 2287 Καὶ
603 2261 775 2296 βουλεύσεται
793 2262 896 2298 Κύριος

111 2304 139 2329 ὲν
155 2305 225 2339 χειρὶ
246 2304 328 2331 αὐτοῦ
345 2305 453 2339 ἀφελεῖν
474 2306 520 2332 τοῦ
537 2306 618 2333 πόνου
635 2307 684 2342 τῆς
699 2307 788 2343 ψυχῆς
803 2308 894 2339 αὑτοῦ,

109 2349 193 2383 δεῖξαι
207 2350 280 2386 αὐτῴ
295 2350 362 2385 φῶς,
381 2351 427 2377 καὶ
443 2351 543 2378 πλάσαι
567 2353 599 2388 τῇ
623 2353 737 2385 συνέσει,
752 2353 895 2381 δικαιῶσαι

109 2394 212 2422 δίκαιον
228 2393 257 2422 εὗ
283 2396 439 2424 δουλεύοντα
467 2398 591 2430 πολλοῖς·
618 2400 665 2425 καὶ
687 2399 736 2431 τὰς
760 2399 897 2436 ἁμαρτίας

110 2440 196 2467 αὐτῶν
213 2442 292 2474 αὐτὸς
315 2443 426 2470 ἀνοίσει.
443 2443 492 2470 Διὰ
505 2444 583 2470 τοῦτο
597 2444 676 2476 αὐτὸς
698 2445 895 2481 κληρονομήσει

110 2486 239 2519 πολλοὺς,
263 2488 310 2514 καὶ
331 2489 386 2516 τῶν
412 2489 527 2526 ἰσχυρῶν
547 2492 635 2526 μεριεῐ
661 2491 756 2517 σκῦλα.
776 2491 845 2518 ’Λνο⁹
859 2488 897 2518 ὥν

111 2532 244 2568 παρεδόθη
267 2534 307 2565 εἰς
333 2534 447 2562 θάνατον
473 2537 490 2571 ἡ
517 2535 589 2571 ψυχὴ
617 2536 710 2568 αὐτοῦ,
726 2537 771 2564 καὶ
797 2537 825 2563 ὲν
840 2539 897 2569 τοῖς

109 2576 218 2612 ἀνόμοις
241 2577 382 2614 ἐλογίσθη,
401 2581 447 2607 καὶ
469 2581 548 2612 αὐτὸς
565 2581 700 2618 ἁμαρτίας
723 2582 834 2615 πολλῶνι
847 2584 895 2609 ἀν-

109 2623 217 2657 ήνεγκε,
241 2624 288 2650 καὶ
317 2625 361 2652 διὰ
386 2626 435 2661 τὴς
460 2627 573 2662 ἀνομίας
602 2627 690 2654 αὐτῶν
724 2629 891 2664 παρεδόθην

110 2668 218 2695 Μακεὸ.
239 2670 294 2696 Καὶ
310 2671 391 2706 ἡμεῖς
409 2671 496 2706 ἴσμεν,
520 2673 560 2699 ὅτι
582 2673 713 2709 πολλαχοῦ
737 2675 842 2710 εἴρηται
865 2675 895 2700 ὲν

109 2715 141 2749 τῇ
164 2715 270 2750 Γραφῇ,
295 2716 336 2742 ὅτι
360 2716 448 2753 ψυχὴν
472 2717 557 2754 εἶχεν·
575 2720 642 2746 ἀλλὰ
669 2719 896 2756 καταχρηστικῶς

144 2806 166 2849 ξ¹
186 2805 280 2849 hiat-th.
299 2807 406 2840 xxu,2.
445 2811 467 2826 "
488 2811 579 2838 Matth.
600 2821 644 2840 ut
660 2833 667 2845 ,
684 2813 728 2841 33.
767 2815 790 2830 ’³
811 2813 884 2849 Psal.
903 2821 973 2846 Lvu,
1043 2813 1069 2841 6.

110 2847 156 2868 LII]
165 2859 174 2874 ,
191 2841 278 2869 10-Ιῖ.

947 2266 1031 2293 iorem
1047 2266 1145 2292 animat
1159 2265 1228 2300 ejus,
1243 2263 1388 2292 ostendere
1405 2264 1428 2290 ei
1446 2263 1546 2294 lucem,
1565 2265 1591 2288 et
1611 2261 1732 2289 formare

946 2300 1163 2346 inteliigenliam,
1186 2311 1358 2337 innocentem
1393 2308 1498 2336 eﬁicere
1524 2307 1639 2342 justum,
1664 2305 1733 2332 bene

947 2355 1110 2383 servientem
1126 2355 1238 2387 multis;
1255 2358 1283 2381 et
1298 2357 1408 2389 peccata
1420 2361 1514 2380 corum
1527 2353 1584 2387 ipse
1601 2350 1732 2386 portabit.

947 2401 1119 2436 Quapropter
1133 2401 1191 2436 ipse
1207 2400 1358 2436 possidebit
1373 2399 1484 2430 multos,
1509 2403 1536 2426 et
1554 2397 1665 2425 fortium
1689 2397 1733 2424 di-

947 2448 1022 2475 videt
1039 2448 1137 2483 spolia.
1156 2447 1209 2475 Pro
1219 2455 1251 2475 eo
1267 2451 1356 2474 autem
1373 2446 1444 2480 quod
1457 2446 1559 2472 tradita
1569 2445 1647 2472 estin
1658 2451 1733 2470 mor-

948 2499 1001 2522 tem
1015 2494 1104 2521 anima
1126 2493 1198 2528 ejus.
1215 2498 1242 2521 et
1258 2494 1329 2520 inter
1350 2493 1459 2527 iniquos
1479 2495 1622 2526 reputatus
1641 2494 1693 2524 est,
1705 2495 1733 2517 et

947 2539 1005 2574 ipse
1017 2535 1128 2574 peccata
1144 2539 1292 2567 multorum
1309 2539 1381 2569 tulit.
1400 2541 1427 2565 et
1445 2541 1557 2572 propter
1571 2536 1733 2571 iniquitates

945 2594 1039 2614 eorum
1065 2585 1181 2613 traditus
1203 2586 1280 2613 est".
1296 2595 1305 2611 ι
1330 2583 1435 2611 Maced.
1467 2583 1576 2611 Scimus
1601 2590 1673 2618 satpe
1703 2583 1731 2610 in

949 2632 1090 2668 Scriptura
1105 2632 1171 2664 dici,
1189 2632 1277 2667 ipsum
1294 2631 1395 2658 habere
1409 2631 1541 2663 animam,
1559 2629 1606 2657 sed
1629 2629 1732 2664 impro-

948 2679 1016 2714 prie,
1054 2687 1108 2706 non
1140 2686 1214 2711 vere,
1242 2678 1343 2704 dictum
1368 2682 1420 2705 est.
1453 2677 1529 2704 Orth.
1557 2676 1732 2710 Quaecunque

949 2725 1033 2760 igitur
1047 2725 1164 2752 humana
1179 2723 1213 2752 de
1227 2724 1288 2759 ipso
1305 2727 1371 2751 sunt
1385 2724 1469 2756 dicta,
1492 2723 1584 2758 qualia
1600 2725 1664 2750 sunt
1682 2727 1732 2748 su-

1121 2813 1143 2830 “
1163 2813 1222 2839 Art.
1243 2820 1276 2844 Il,
1295 2812 1326 2839 3|
1343 2821 1350 2846 ;
1371 2811 1443 2840 Psal.
1463 2818 1508 2844 xv,
1540 2812 1582 2840 to.
1635 2811 1657 2828 "
1676 2809 1731 2839 ira.
