1926 3068
242 137 312 167 1555

783 138 811 166 3.
831 138 1063 166 ATHANASIUS.
1085 153 1119 158 —
1138 137 1252 166 DUBIA.

1776 135 1836 164 1336

243 196 329 228 ditus,
343 196 429 228 visus,
445 195 573 228 olfactus.
589 202 653 228 vox,
667 201 774 231 gustus,
787 196 1005 232 concupiscentia

1056 194 1190 230 ,elpqcat,
1220 195 1269 222 καὶ
1291 195 1341 222 οὐκ
1363 195 1488 230 ἀληθείᾳ.
1523 195 1598 229 ὀρθ.
1621 193 1710 221 Πάντα
1731 191 1773 221 οὖν
1794 195 1837 221 ὅσα

240 242 328 275 uolor,
346 246 452 277 stupor,
467 242 601 274 anxietas,
616 242 810 275 obambulatio,
825 242 948 275 ﬁgurate,
966 250 1020 270 non

241 288 359 323 proprie,
381 288 454 315 dicta
472 287 595 315 fuerint?
609 287 712 315 Μαρια.
736 287 792 315 lmo
813 296 845 316 ea
859 296 919 323 qua:
941 288 1020 315 modo

240 335 375 362 recensita
391 338 466 366 sunt,
483 334 576 361 omnia
591 335 701 370 proprie
712 334 764 370 ipsi
777 339 935 370 competunt
951 335 1019 362 :sed

239 384 329 410 anima
341 383 500 418 improprie.
516 382 592 410 Orth.
610 382 744 410 Nimirum
757 383 802 417 qui
816 382 853 409 illi
872 382 1018 415 laboranti,

238 434 326 461 exque
351 426 472 458 ossibus,
514 425 617 456 nervis.
647 426 735 456 venis.
763 425 871 452 arteriis
904 425 1019 459 aliisque

237 470 367 497 membris
389 473 417 497 et
447 469 573 504 partibus
597 474 739 504 compacto
761 468 870 503 corpori
887 476 916 496 se
940 468 1018 495 unire

236 516 365 551 dignatus
378 521 432 547 est,
449 516 473 543 is
483 516 602 543 animam
614 523 668 542 non
684 514 799 542 habuit?
812 513 916 542 Maced.
929 514 1017 547 Quor-

235 570 295 589 sum
304 561 365 589 Vita
378 569 447 597 opus
457 561 551 589 habuit
559 561 669 588 anima?
684 560 759 588 Ortli.
769 560 802 587 Et
812 561 877 596 quid
888 560 1016 588 carneilli

234 615 304 642 opus
318 606 379 638 fuit.
391 607 438 641 qui
458 606 581 641 patribus
601 606 705 633 nostris
715 606 796 632 etiam
810 605 913 641 absque
932 613 1016 633 carne

235 654 310 680 visus
325 653 386 680 est?
398 651 503 679 Haced.
519 651 607 680 Carne
628 659 697 686 opus
715 651 822 683 habuit,
845 655 874 678 ut
891 651 1014 686 cruciﬁgi

234 702 337 733 posset.
355 697 431 726 Orth.
457 697 502 724 Sic
524 698 614 725 anima
634 705 704 733 opus
728 697 835 729 habuit,
858 701 888 724 ut
911 697 1012 730 dolere,

233 744 401 776 contristari,
419 747 449 770 ut
461 751 653 778 expavescere.
681 748 711 770 ut
729 743 801 778 apud
822 743 927 771 inferos
952 750 1013 770 esse

232 793 334 825 posset.
353 789 410 817 Hoc
424 793 466 817 est
477 789 561 821 enim,
580 789 696 824 formam
713 790 777 816 servi
795 789 936 823 accipiens,
958 796 1013 816 non

232 837 259 862 in
275 843 391 871 corpore
405 835 536 863 duntaxat
548 843 679 870 apparere
689 855 696 865 ,
712 835 759 862 sed
775 835 915 863 servitutis
929 835 1010 862 etiam

230 883 374 918 passiones
389 889 539 909 assumere.
554 881 658 908 Maced.
679 880 804 908 Formam
819 881 888 908 servi
906 888 1013 908 assum-

231 929 295 963 psit,
313 928 423 963 quando
435 935 545 955 carnem
565 927 724 962 assumpsit.
746 926 822 954 Ortlt.
843 925 940 954 Forma
966 927 1012 954 Dei

230 978 308 1002 estne
321 973 440 1008 perfecta
449 973 495 1001 Dei
504 973 611 1001 forma?
626 972 731 1000 Maced.
740 972 838 1001 Etiam.
855 972 931 1001 Orth.
942 973 1013 1008 Ergo

228 1025 255 1047 et
268 1020 354 1047 forma
373 1022 454 1052 servi,
463 1020 582 1055 perlecta
591 1020 662 1048 servi
672 1019 756 1047 forma
765 1024 816 1047 cst.
825 1019 893 1046 llinc
901 1019 973 1046 enim
985 1023 1012 1046 et

228 1069 324 1101 stupor
331 1070 357 1093 et
365 1065 441 1093 dolor
448 1071 475 1093 et
484 1073 579 1101 angor,
588 1065 659 1100 quod
667 1065 752 1092 forma
760 1065 829 1092 servi
838 1065 956 1100 perfecta
964 1064 1009 1092 sit.

226 1113 315 1148 Atque
324 1113 381 1141 hac
388 1117 430 1140 est
438 1112 497 1140 ovis
507 1113 552 1139 illa
560 1119 641 1147 quam
649 1112 694 1147 qui
702 1112 797 1146 quaerit
807 1115 834 1139 et
845 1111 958 1144 invenit,
968 1119 1011 1138 su-

226 1165 275 1193 per
283 1158 412 1186 humeros
421 1157 482 1188 fert,
491 1166 545 1185 non
555 1161 584 1184 ut
592 1165 648 1184 rem
658 1158 776 1188 inanem,
786 1157 832 1185 sed
841 1157 940 1184 animal
951 1157 1010 1184 ani-

225 1207 340 1235 matum,
351 1203 556 1238 pertnittensilli
574 1207 602 1230 ut
616 1204 757 1238 passiones
764 1203 874 1235 habeat,
882 1211 937 1230 non
949 1203 1009 1230 illas

224 1249 333 1284 quidem
341 1249 456 1284 peccati,
467 1249 514 1277 sed
524 1255 640 1277 naturze:
653 1257 687 1277 ne
696 1249 838 1284 phantasia
848 1256 909 1276 esse
917 1249 1009 1276 existi-

224 1299 323 1326 metur,
338 1295 492 1322 etinsaniat
502 1294 678 1322 Manichmus.
695 1294 799 1321 Μαι-σά,
819 1293 1008 1321 Concedamus

222 1339 302 1375 49],
319 1339 352 1368 de
366 1340 456 1366 anima
468 1339 579 1374 pulchre
591 1343 617 1367 te
630 1339 783 1372 disserere;
800 1338 848 1366 sed
863 1338 927 1374 quid
943 1345 1008 1365 cau-

223 1393 261 1413 sa:
274 1389 317 1413 est
341 1393 391 1413 cur
402 1385 662 1413 consubstantialem
686 1383 782 1411 Filium
798 1383 873 1411 Patri
889 1384 1008 1411 dicatis?

224 1431 299 1459 Ortlt.
315 1431 384 1465 Quia
399 1439 480 1467 quam
496 1431 598 1459 dixeris
618 1438 679 1458 esse
700 1430 833 1457 rationem
849 1429 1008 1457 substantia:

221 1476 319 1510 Patris,
339 1485 399 1505 eam
425 1479 512 1512 ipsam
529 1480 556 1504 et
581 1476 739 1504 substantia:
754 1476 814 1503 Filii
830 1483 891 1504 esse
910 1476 1007 1504 statui-

1030 868 1048 896 Β

1070 240 1176 275 εἴρηται
1197 240 1357 276 περὶαύτοῦ
1377 240 1543 276 ἀνθρώπινα,
1557 237 1612 266 οἷον
1633 240 1699 275 ἀκοὴ
1711 260 1718 272 ,
1742 240 1837 275 ὅρασις,

1069 285 1212 321 δσφρησις,
1226 286 1312 322 φωνὴ,
1320 286 1423 320 γεῦσις,
1430 286 1569 321 ἐπιθυμία,
1577 286 1657 322 λύπη,
1666 286 1772 321 θάμϐος,
1786 287 1839 322 ἀδη-

1071 331 1158 366 μονία,
1179 331 1338 366 περίπατος,
1358 332 1585 368 καταχρηστικῶς
1602 332 1705 368 εῐρηται
1716 353 1723 365 ,
1738 333 1782 359 καὶ
1796 334 1839 359 οὐκ

1068 376 1194 411 ἀληθείῃ
1212 377 1321 404 Maneo.
1340 377 1432 404 Πάντα
1447 377 1534 404 ταῦτα
1546 377 1580 404 τὰ
1594 378 1770 413 προειρημένα
1785 378 1839 412 ἀλη-

1069 422 1122 453 θῶς
1137 423 1253 458 εἴρηται,
1265 423 1336 459 ψυχὴ
1352 424 1380 450 δὲ
1398 423 1633 459 καταχρηστικῶς.
1660 424 1734 457 Ὀρθ.
1758 424 1807 450 Καὶ
1826 425 1838 450 ὁ

1068 467 1236 500 καταξιώσας
1249 469 1378 496 κοπιῶντι
1392 470 1429 504 τῷ
1447 469 1562 505 σώματι,
1575 470 1622 496 καὶ
1636 469 1664 502 ἐξ
1680 469 1784 500 ὀστέων,
1799 471 1838 497 καὶ

1067 513 1180 548 νεύρων,
1195 515 1242 540 καὶ
1259 514 1374 549 φλεεῶν,
1387 515 1434 542 καὶ
1443 515 1589 551 ἀρτηριῶν,
1601 516 1647 541 καὶ
1666 515 1749 542 ἄλλων
1762 515 1837 549 μελῶν

1066 559 1112 585 τοῦ
1123 559 1245 594 σώματος
1255 561 1300 586 καὶ
1311 560 1399 595 μερῶν
1410 569 1441 587 συ
1446 561 1579 596 μπαγὲντι
1589 560 1729 595 ἐνωΘῆναι,
1737 561 1782 586 οὐκ
1789 559 1837 595 εἶχε

1065 604 1168 640 ψυχήν;
1186 605 1294 633 Malea.
1307 606 1338 632 Τί
1354 606 1447 641 χρείαν
1466 605 1521 641 εἶχε
1535 606 1624 641 ψυχῆς
1639 607 1656 642 ἡ
1673 607 1748 641 Ζωή;
1769 607 1835 640 Ὀρθ-

1065 651 1097 677 Τί
1110 651 1137 677 δὲ
1147 651 1239 687 χρείαν
1259 649 1315 687 εἶχε
1336 652 1385 688 τῆς
1400 652 1509 688 σαρκὸς,
1531 653 1545 678 ὁ
1562 652 1626 679 ἄνευ
1644 652 1742 687 σαρκὺς
1756 651 1836 686 ὁφῦεὶς

1064 698 1133 733 πρὸς
1154 699 1216 730 τοὺς
1233 699 1353 734 πατέρας
1367 698 1464 734 ὴμῶν;
1483 697 1594 725 Μακεδ.
1616 698 1664 729 Εἰς
1685 697 1714 724 τὸ
1730 705 1836 732 σταυρω-

1064 744 1142 779 θῆναι
1154 745 1248 780 χρείαν
1267 741 1323 780 εἶχε
1341 744 1452 780 σαρκός.
1483 745 1560 778 Ὀρθ.
1586 745 1641 770 Καὶ
1658 744 1696 776 είς
1711 743 1739 769 τὸ
1763 743 1836 775 λυπη-

1063 793 1152 828 θῆναι,
1171 793 1217 818 καὶ
1242 792 1420 827 ἀδημονῆσαι,
1444 791 1492 817 καὶ
1518 789 1734 825 ἐκϐαμϐηθῆναι,
1750 790 1791 816 καὶ
1811 789 1835 814 ἐν

1063 837 1126 872 ᾅδου
1149 837 1285 872 γενέσθαι,
1300 837 1393 872 χρείαν
1415 834 1472 872 εἶχε
1487 836 1586 872 ψυχῆς.
1611 836 1696 863 Τοῦτο
1714 836 1765 871 γάρ
1787 836 1834 861 ἐστι

1065 884 1098 910 τὸ
1115 883 1237 918 μορφὴν
1245 883 1356 910 δούλου
1368 882 1479 916 λαϐὼν,
1495 883 1524 909 οὐ
1543 883 1573 909 τὸ
1590 884 1618 909 ὲν
1638 882 1741 918 σώματι
1761 882 1833 916 φανῆ-

1062 938 1105 956 ναι
1121 930 1209 965 μόνον,
1224 928 1290 956 ἀλλὰ
1303 929 1350 956 καὶ
1362 928 1392 955 τὸ
1412 928 1446 955 τὰ
1459 928 1532 964 πάθη
1546 929 1595 963 τῆς
1607 927 1728 960 δουλείας
1741 927 1830 954 λαϐεῖν.

1062 976 1171 1003 Μακεδ.
1195 974 1310 1010 Μορφὴν
1325 974 1416 1001 δούλου
1429 974 1518 1006 ἔλαϐε,
1541 974 1630 1009 σάρκα
1656 973 1753 1001 λαϐὼν.
1769 974 1833 1007 ὀρθ.

1066 1022 1099 1047 Ἣ
1111 1021 1202 1057 μορφὴ
1216 1021 1262 1047 τοῦ
1274 1021 1341 1047 Θεοῦ
1355 1021 1443 1047 τελεία
1460 1022 1518 1048 ἐστὶ
1530 1022 1620 1057 μορφὴ
1637 1021 1702 1047 Θεοῦ
1714 1030 1720 1053 ;
1737 1020 1833 1048 Μιικεδ.

1065 1068 1129 1094 Ναί.
1159 1069 1235 1101 Ὀρθ.
1260 1067 1315 1094 Καὶ
1340 1069 1356 1103 ἡ
1390 1067 1480 1103 μορφὴ
1505 1067 1557 1102 ἄρα
1583 1066 1630 1094 τοῦ
1646 1067 1736 1093 δούλου
1759 1066 1836 1092 τελεία

1062 1113 1152 1149 μοριρὴ
1165 1113 1211 1139 τοῦ
1229 1113 1321 1140 δούλου
1341 1112 1409 1139 ἐστί.
1424 1112 1473 1139 Διὰ
1495 1112 1575 1139 τοῦτο
1594 1111 1650 1148 γὰρ
1664 1113 1711 1140 καὶ
1734 1111 1834 1147 Θάμϐος,

1060 1158 1107 1185 καὶ
1131 1159 1220 1194 λύπη,
1244 1159 1291 1185 καὶ
1312 1158 1460 1194 ἀδημονία,
1480 1158 1524 1185 διὰ
1544 1158 1574 1184 τὸ
1592 1158 1698 1185 τελείαν
1717 1156 1781 1185 εἶναι
1795 1157 1835 1192 τὴν

1059 1204 1104 1230 τοῦ
1127 1204 1218 1231 δούλου
1238 1205 1354 1240 μορφήν.
1377 1204 1432 1230 Καὶ
1459 1203 1538 1230 τοῦτό
1563 1205 1620 1230 ἐστι
1645 1204 1676 1230 τὸ
1702 1203 1834 1240 πρόϐατον,

1058 1250 1072 1277 ὃ
1095 1251 1214 1286 ζητήσας
1238 1252 1285 1278 καὶ
1313 1250 1412 1286 εὑρὼν,
1435 1251 1481 1277 ἐπὶ
1507 1251 1560 1278 τῶν
1575 1250 1659 1287 ὤμων
1684 1251 1771 1287 φέρει,
1793 1250 1835 1276 οὐκ

1057 1297 1140 1324 ἀσκὸν
1155 1297 1267 1332 ἄψυχον,
1281 1297 1338 1324 ἀλλ’
1361 1297 1482 1332 ἔμψυχον
1498 1296 1576 1330 ζῶον,
1602 1297 1748 1333 συγχωρῶν
1770 1295 1834 1330 αὑτῷ

1057 1342 1129 1377 ἔχειν
1149 1342 1184 1369 τὰ
1199 1342 1289 1378 πάθη,
1310 1342 1340 1368 οὺ
1357 1342 1391 1369 τὰ
1414 1342 1464 1376 τῆς
1487 1343 1640 1378 ἁμαρτίας,
1664 1342 1728 1369 ἀλλὰ
1743 1341 1775 1368 τὰ
1792 1341 1834 1375 τῆς

1058 1388 1183 1422 φύσεωςθ
1210 1388 1254 1415 ἵνα
1283 1388 1321 1424 μὴ
1354 1389 1488 1424 φαντασία
1519 1388 1652 1424 νομισϐῇ,
1677 1389 1723 1415 καὶ
1755 1389 1832 1415 Μανι-

1056 1434 1132 1468 χαῖος
1161 1434 1242 1468 μανῇ.
1258 1433 1368 1460 Μακεδ.
1383 1433 1487 1468 Δῶμεν,
1502 1434 1542 1460 ὅτι
1558 1434 1623 1469 περὶ
1644 1433 1731 1469 ψυχῆς
1753 1431 1832 1462 καλῶς

1056 1478 1161 1514 λέγεις,
1188 1478 1232 1505 διὰ
1250 1479 1277 1505 τί
1298 1479 1345 1505 καὶ
1368 1479 1508 1514 ὁμοούσιον
1530 1479 1624 1513 λέγετε
1649 1480 1694 1506 τὸν
1718 1479 1776 1505 Υἰὸν
1799 1477 1831 1512 τῷ

222 1533 292 1552 ntus.
308 1523 411 1551 Haud.
429 1523 483 1551 Sed
499 1523 564 1551 illud
575 1531 629 1550 non
640 1527 681 1552 est
696 1523 939 1556 consubstantiale,
957 1522 1005 1550 sed

1059 1524 1162 1560 Πατρὶς
1195 1525 1271 1559 Ὀρθ.
1302 1524 1363 1551 ’Ότι
1381 1525 1409 1552 ὃν
1425 1525 1472 1552 ἐὰν
1485 1525 1564 1561 εἴπης
1580 1525 1659 1560 λόγον
1681 1526 1730 1561 τῆς
1749 1524 1830 1555 οὐσίας

221 1571 372 1599 substantia
394 1570 493 1598 simile.
520 1570 596 1598 Orl/t.
631 1569 726 1598 Simile
741 1570 893 1598 substantia
907 1574 960 1603 est,
977 1573 1007 1597 ut

221 1617 260 1645 ita
274 1617 374 1649 dicam,
406 1617 523 1653 agrestis
547 1617 680 1652 sapientia
697 1626 704 1644 :
728 1621 757 1644 ut
774 1617 798 1645 si
813 1617 875 1652 quis
897 1617 1006 1650 dixerit,

220 1661 294 1696 quod
309 1662 379 1689 idem
395 1662 431 1689 sit
445 1662 526 1690 unius
542 1662 626 1689 moris
648 1665 675 1689 et
692 1662 788 1689 similis
801 1661 896 1694 moris,
922 1662 1007 1688 idem-

222 1714 274 1741 que
288 1706 370 1733 unius
387 1706 495 1741 generis
510 1711 537 1734 et
550 1707 647 1734 similis
672 1707 789 1741 generis,
816 1708 898 1735 unius
913 1708 1006 1742 gloria

219 1756 247 1779 ιιι
262 1753 359 1780 similis
374 1753 476 1787 gloriae,
495 1753 577 1780 unius
599 1753 740 1780 sententia:
767 1758 793 1780 et
820 1754 916 1781 similis
941 1761 1005 1781 sen-

219 1799 320 1826 tentiae.
336 1797 441 1826 laceri.
451 1798 636 1834 Nequaquam,
646 1798 694 1827 sed
703 1798 852 1826 substantia
868 1799 956 1826 timile
971 1798 1004 1827 de

219 1844 398 1878 inrorporeis.
413 1844 639 1872 consubstantiale
658 1845 692 1873 de
712 1845 874 1880 corporibus
890 1844 1001 1873 dicitur.

220 1887 296 1916 Orth.
314 1888 371 1916 Dixi
383 1892 516 1923 agrestem
531 1896 592 1916 esse
607 1889 767 1924 sapientiam
780 1899 787 1917 :
803 1889 894 1925 potius
903 1890 1003 1925 quippe

217 1935 309 1962 dicere
325 1942 373 1962 vos
387 1935 508 1969 oportuit
521 1934 671 1962 substantia
690 1935 777 1962 simile
796 1936 830 1963 de
842 1936 1003 1971 corporibus

218 1981 246 2008 in
269 1989 329 2016 quae
354 1981 427 2008 cadit
450 1981 611 2014 similitudo,
636 1981 861 2009 consubstantiale
885 1990 948 2010 vero
967 1982 1001 2010 de

217 2027 383 2063 incorporeis
398 2027 462 2059 dici,
486 2028 512 2055 in
530 2035 590 2062 qua
611 2027 684 2054 cadit
699 2028 825 2055 identitas
842 2037 849 2054 :
864 2035 925 2055 nam
936 2036 1000 2054 con-

216 2073 392 2101 substantiale
399 2078 442 2103 est
455 2074 572 2109 ejusdem
587 2074 752 2102 substantia.
768 2073 871 2101 Μαῖρά.
884 2075 917 2101 At
932 2083 1002 2102 con—

216 2120 406 2148 substantialia
442 2121 632 2155 pratjacenlem
665 2121 766 2148 habent
805 2121 996 2148 substantiam.

216 2165 293 2193 Ortlt.
310 2165 485 2201 Nequaquam
502 2175 566 2194 vere
581 2167 650 2195 dicis
670 2178 676 2194 :
693 2174 755 2194 nam
777 2168 997 2194 consubstantia-

1058 1570 1104 1597 τοῦ
1120 1569 1236 1605 Πατρὸς.
1253 1570 1347 1596 τοῦτον
1367 1570 1448 1597 αὐτὸν
1471 1571 1515 1597 τὴν
1537 1571 1614 1606 λόγον
1632 1569 1701 1598 εἶναι
1716 1569 1830 1606 τιθέμεθα

1057 1615 1104 1642 καὶ
1132 1615 1181 1650 τῆς
1207 1614 1254 1641 τοῦ
1288 1614 1353 1641 Tim")
1386 1616 1488 1648 οὐσίας.
1517 1616 1631 1644 Mutati.
1659 1616 1736 1643 Ἀλλὰ
1763 1615 1830 1642 τοῦτο

1056 1661 1105 1688 οὐκ
1133 1660 1206 1687 ἔστιν
1236 1661 1392 1696 ὁμοούσιον,
1416 1661 1484 1688 ἀλλὰ
1509 1662 1686 1697 ὁμοιοούσιον.
1708 1663 1780 1696 Ὀρθ.
1799 1660 1830 1686 Τὸ

1055 1707 1232 1743 ὁμοιοούσιον,
1256 1708 1288 1735 ἵν’
1305 1707 1391 1740 οὕτως
1407 1708 1485 1740 εἴπω,
1501 1708 1630 1743 ἄγροικος
1654 1707 1730 1742 σοφία
1751 1706 1827 1733 ἐστίν·

1054 1753 1092 1785 ὡς
1113 1754 1159 1780 ἐὰν
1173 1754 1239 1790 λέγῃ
1254 1763 1296 1785 τις
1316 1754 1362 1781 τὸν
1386 1754 1536 1789 ὁμότροπον
1552 1755 1738 1790 ὁμοιότροπον,
1761 1753 1775 1788 ἥ
1790 1751 1828 1778 τὸν

1053 1800 1170 1835 ὁμογενῆ
1189 1801 1343 1836 ὁμοιογενῆ,
1359 1800 1375 1836 ἦ
1390 1800 1435 1827 τὸν
1448 1799 1574 1835 ὁμόδοξον
1589 1800 1750 1836 ὁμοιόδοξον,
1765 1797 1828 1834 ῆτδν

1052 1846 1190 1882 ὁμόφρονα
1207 1847 1381 1882 ὁμοιόφρονα,
1390 1846 1501 1874 Μακεὸ.
1512 1846 1577 1874 Οὔκ·
1588 1847 1656 1874 ἀλλὰ
1676 1847 1705 1873 τὸ
1712 1844 1826 1882 ὀμοιοιύ·

1052 1901 1121 1919 mor
1137 1892 1183 1919 ἐπὶ
1209 1892 1263 1921 τῶν
1279 1893 1445 1928 ἀσωμάτων⁵
1461 1893 1491 1920 τὸ
1506 1893 1533 1920 δὲ
1550 1894 1711 1928 ὁμοούσιον
1727 1891 1827 1918 ἐπὶτῶν

1053 1937 1195 1972 σωμάτων.
1206 1939 1278 1973 Ὀρθ.
1287 1937 1379 1969 Εἶπον,
1389 1940 1429 1965 ὅτι
1437 1940 1564 1975 ἄγροικος
1575 1940 1657 1974 σοφία
1665 1939 1729 1966 ἐστί·
1739 1937 1825 1974 μᾶλλον

1051 1984 1105 2020 γὰρ
1121 1984 1150 2010 τὸ
1163 1985 1352 2019 ὀμοιοούσιον
1359 1985 1412 2011 ἔδει
1427 1985 1553 2019 λέγεσθαι
1568 1986 1634 2021 παρ’
1647 1985 1721 2020 ὑμῶν
1731 1984 1773 2011 ἐπὶ
1779 1983 1824 2009 τῶν

1050 2030 1193 2066 σωμάτων,
1210 2031 1252 2065 ἐφ’
1268 2027 1305 2057 ὧν
1325 2031 1370 2058 καὶ
1382 2031 1517 2067 ὁμοιότης,
1526 2031 1557 2057 τὸ
1570 2031 1599 2057 δὲ
1613 2032 1770 2066 όμοούσιον
1784 2028 1823 2055 ἐπὶ

1049 2077 1102 2103 τῶν
1116 2077 1327 2112 ὰσωμάτων,ὲφ’
1338 2074 1374 2104 ὧν
1388 2079 1404 2113 ἡ
1420 2078 1563 2113 ταυτότης·
1573 2077 1604 2103 τὸ
1611 2078 1665 2113 γὰρ
1679 2074 1822 2112 ὀμοούσιόγ

1048 2122 1107 2148 ἐστι
1129 2122 1159 2149 τὸ
1186 2124 1391 2150 ταυτοούσιον.
1415 2123 1525 2151 Μακεδ.
1549 2123 1628 2150 Ἀλλὰ
1652 2123 1686 2150 τὰ
1709 2121 1821 2158 ὀμοούσισ

1048 2167 1136 2202 ἔχουσι
1155 2169 1388 2204 προῦποκειμένην
1410 2170 1513 2196 οὐσίαν.
1543 2169 1619 2204 Ὀρθ.
1651 2171 1706 2196 Οὐκ
1729 2166 1820 2202 ἀληθῶς

215 2213 249 2240 lis
269 2217 310 2240 est
326 2212 380 2240 Eva
395 2213 510 2246 Adamo,
525 2221 612 2249 neque
628 2218 718 2241 tamen
735 2214 835 2241 habent
852 2214 1000 2249 praeiacen-

1056 2214 1154 2249 λέγειςξ·
1167 2215 1214 2241 καὶ
1229 2215 1282 2250 γὰρ
1294 2215 1432 2251 όμοούσιὸς
1449 2216 1550 2251 ἐστινὴ
1567 2215 1624 2243 Εὕα
1639 2216 1677 2251 τῷ
1685 2215 1772 2249 Ἀδὰμ,
1781 2212 1820 2239 καὶ

213 2262 267 2286 tem
275 2259 414 2287 hominum
422 2260 719 2288 substantiamJIaced.
729 2260 780 2287 Sed
791 2265 890 2288 terrain
900 2261 998 2288 habent

1056 2259 1101 2286 οὐκ
1110 2260 1199 2295 ἔχουσι
1207 2261 1442 2296 προῦποκειμένην
1451 2261 1544 2288 οὐσίαν
1552 2261 1600 2288 ἀνθ
1605 2261 1712 2297 ρώπων.
1722 2257 1818 2288 Μακεδ.

213 2306 413 2341 praeiacentem.
431 2305 508 2333 Ortlt.
527 2304 581 2333 Nec
596 2310 686 2332 tamen
712 2305 772 2333 ideo
797 2310 861 2333 sunt
880 2305 998 2333 consub-

212 2351 365 2381 stantiales.
375 2352 438 2386 quia
450 2360 483 2380 ex
500 2355 571 2379 terra
583 2355 656 2384 sunt,
672 2352 718 2379 scd
736 2351 798 2386 quia
811 2352 933 2379 eamdem
947 2352 995 2378 ad-

212 2397 323 2423 mittunt
335 2397 495 2424 substantia:
511 2397 654 2424 rationem.
667 2396 771 2425 Maced.
787 2397 886 2425 Verum
897 2397 996 2432 egoid-

210 2442 285 2469 circo
308 2443 556 2470 consubstantiales
583 2451 644 2471 esse
662 2443 733 2475 dico,
760 2444 824 2478 quia
842 2451 875 2471 cx
901 2443 994 2471 cadent

212 2487 290 2522 plane
301 2491 364 2514 sunt
380 2488 542 2521 substantia,
557 2497 589 2516 ex
604 2494 675 2516 terra
691 2497 796 2524 nempe.
809 2489 856 2516 Dic
872 2489 954 2524 igitur
968 2492 996 2516 et

211 2541 303 2566 canes,
316 2537 343 2560 et
357 2539 498 2568 serpentes
512 2538 539 2562 et
553 2539 652 2562 cuncta
668 2539 764 2563 caetera
782 2536 929 2562 animantia
944 2535 993 2561 bo-

211 2578 331 2607 minibus
344 2587 404 2607 esse
424 2580 683 2613 consubstantialia,
705 2589 792 2616 neque
807 2582 893 2609 solum
915 2581 994 2609 bruta

210 2625 360 2652 animantia
369 2646 375 2657 ,
387 2626 433 2653 sed
447 2628 526 2653 etiam
543 2627 647 2660 plantas
656 2631 683 2654 et
692 2627 713 2654 si
725 2627 788 2662 quid
798 2627 869 2654 aliud
879 2635 911 2654 cx
921 2631 992 2654 terra

209 2675 300 2698 ortum
324 2671 413 2698 habet.
430 2670 493 2699 Uno
507 2673 606 2707 quippe
628 2661 740 2700 nomine
767 2673 858 2700 omnia
885 2661 993 2700 terrena

208 2721 353 2750 vocantur,
379 2717 425 2745 sed
452 2725 505 2745 non
525 2718 648 2745 eamdem
663 2718 810 2746 admittunt
833 2719 993 2746 substantiae

208 2762 352 2790 rationem.
367 2762 471 2791 Maced.
488 2763 545 2798 ligo
561 2771 613 2791 non
624 2772 683 2791 sum
697 2768 814 2792 sectator
826 2765 989 2792 Aristotelis.

208 2806 287 2837 Orth.
297 2807 389 2843 Neque
397 2817 457 2845 ego.
467 2810 571 2838 Haced.
589 2810 641 2838 Sed
654 2811 814 2839 Aristoteles
828 2812 925 2847 inquit,
941 2811 991 2839 ho-

209 2863 409 2891 monymorutn,
427 2865 474 2885 seu
491 2865 607 2893 quorum
619 2865 762 2887 commune
773 2865 883 2892 nomen,
899 2858 989 2886 diver-

1057 2306 1136 2333 ’Δλλὰ
1148 2306 1196 2342 τὴν
1212 2307 1262 2342 γῆν
1282 2306 1370 2342 ἔχουσι
1380 2307 1625 2343 προῦποκειμένην.
1635 2308 1710 2342 Ὀρθ.
1722 2305 1785 2332 Ἀλλ’
1793 2303 1817 2329 οὐ

1049 2353 1093 2380 διὰ
1116 2353 1193 2380 τοῦτό
1212 2355 1279 2380 εἰσιν
1295 2353 1441 2389 ὁμοούσιοι,
1465 2354 1557 2390 ἐπειδὴ
1573 2355 1605 2380 ὲκ
1623 2354 1671 2390 τῆς
1685 2353 1735 2388 γῆς
1749 2352 1817 2379 εἰσιν.

1049 2399 1105 2426 ἀλλ’
1121 2400 1162 2426 ὅτι
1178 2400 1222 2426 τὸν
1247 2400 1326 2426 αὐτὸν
1351 2399 1518 2435 ἐπιδέχονται
1547 2400 1626 2434 λόγον
1653 2400 1702 2434 τῆς
1726 2397 1816 2427 οὐσίας.

1048 2446 1159 2474 Μακεδ.
1179 2446 1249 2481 Ἐγὼ
1272 2447 1300 2474 δὲ
1314 2447 1357 2474 διὰ
1368 2447 1445 2474 τοῦτο
1464 2448 1534 2482 λέγω
1547 2447 1713 2483 ὀμοουσῐους,
1736 2442 1816 2476 ἐπειδὴ

1048 2493 1079 2519 ὲκ
1091 2493 1140 2528 τῆς
1155 2493 1238 2528 αὐτῆς
1249 2494 1316 2520 εἰσιν
1329 2493 1431 2525 οὐσίας,
1441 2494 1473 2519 ἐκ
1485 2494 1534 2529 τῆς
1546 2493 1607 2528 γῆς.
1617 2494 1691 2527 Ὀρθ.
1706 2490 1767 2518 Εἷπε
1777 2486 1816 2515 οὖν

1048 2538 1095 2564 καὶ
1107 2540 1169 2570 τοὺς
1185 2539 1279 2571 κύνας,
1308 2539 1354 2566 καὶ
1368 2540 1430 2571 τοὺς
1444 2539 1531 2574 ὄφεις,
1555 2540 1602 2566 καὶ
1617 2539 1703 2565 πάντα
1715 2537 1747 2563 τὰ
1759 2534 1816 2562 ἄλλα

1047 2584 1114 2616 ζῶα,
1129 2585 1257 2620 ὁμοούσια
1267 2587 1322 2617 τοῖς
1337 2585 1501 2621 ἀνθρὼποις’
1518 2585 1564 2612 καὶ
1577 2586 1606 2612 οὐ
1625 2585 1703 2620 μόνον
1717 2582 1750 2610 τὰ
1761 2581 1815 2608 ἄλαι

1046 2638 1081 2664 γα
1098 2630 1164 2663 ζῶα,
1179 2630 1246 2657 ἀλλὰ
1261 2632 1308 2658 καὶ
1324 2630 1357 2658 τὰ
1371 2630 1508 2666 φυτὰ,καὶ
1525 2630 1552 2657 εἴ
1567 2640 1593 2657 τι
1606 2630 1696 2666 ἕτερόν
1713 2631 1779 2655 ἐστιν
1788 2626 1814 2651 ἐκ

1045 2676 1095 2708 τῆς
1109 2676 1169 2711 γῆς.
1193 2677 1358 2712 Ὁμωνύμως
1382 2677 1435 2712 γὰρ
1458 2676 1546 2703 πάντα
1562 2678 1641 2712 γήϊνα
1665 2673 1812 2702 καλοῦνται·

1045 2721 1101 2748 ἀλλ’
1118 2722 1149 2748 οὺ
1175 2721 1220 2749 τὸν
1249 2722 1328 2749 αὐτὸν
1353 2723 1526 2758 ἐπιδέχονται
1546 2722 1622 2756 λόγον
1647 2722 1694 2756 τῆς
1721 2718 1812 2748 οὐσίας-

1044 2766 1154 2794 Μακεδ.
1170 2766 1240 2801 Ἐγὼ
1250 2768 1299 2794 οὐκ
1311 2768 1447 2794 ἀκολουοῶ
1468 2767 1654 2802 Ἀριστοτέλει,
1670 2767 1742 2799 Ὀρθ.
1754 2761 1812 2790 Οὐδὲ

1045 2812 1099 2847 γὰρ
1115 2812 1179 2847 ἐγώ.
1192 2813 1301 2840 Μακεδ.
1320 2813 1400 2840 Ἀλλὰ
1417 2814 1603 2849 Ἀριστοτέλης
1623 2811 1682 2839 εἶπε
1698 2810 1748 2838 τῶν
1768 2809 1811 2842 ὀμ-

1043 2858 1158 2894 ωνύμων
1173 2859 1218 2887 τδν
1232 2859 1310 2894 λόγον
1325 2860 1373 2895 τῆς
1391 2859 1485 2891 οὐσίας
1504 2859 1596 2895 ἕτερον
1607 2867 1684 2886 ειναι.
1694 2857 1762 2890 ὀρθ-
1779 2852 1809 2879 Σὺ
