1926 3068
99 140 113 167 i
118 138 172 168 δεῖ]

489 140 782 169 CONFUTATIONES
801 141 1024 174 QUARUMDAM
1048 141 1342 171 PROPOSITIONUM.

1664 143 1732 171 1558

98 196 130 223 δὲ
143 195 190 223 τὸν
203 195 284 223 αὑτὸν
298 194 366 223 εἶναι
383 196 460 232 λόγον
470 197 560 231 λέγεις
573 197 622 232 τῆς
633 197 728 229 οὐσίας
741 197 881 233 ἀνθρώπω·

944 205 1001 224 sam
1024 204 1084 225 esse
1111 198 1271 226 substantia:
1300 198 1444 226 rationem.
1470 198 1547 227 Orth.
1566 199 1601 226 At
1618 203 1647 227 tu
1662 199 1732 227 dicis

100 243 150 270 καὶ
164 242 243 274 ὄνων,
272 243 319 269 καὶ
339 242 418 277 βοῶν.
448 243 495 270 καὶ
518 243 620 275 ἵππων,
650 244 698 270 καὶ
723 243 777 269 τῶν
804 243 891 270 ἄλλων

100 287 196 321 ζώωνς
216 287 325 316 Μακεδ.
333 288 396 315 Ναί.
405 289 482 323 Ὅρθ.
499 289 550 316 Τὸν
562 289 643 316 αὑτὸν
658 289 711 325 ἄρα
724 289 802 324 λόγον
820 290 892 325 ἔχεις

98 333 150 368 τῆς
159 332 251 364 οὐσίας
258 335 313 365 τοῖς
326 333 434 368 ἀλόγοις
447 333 573 367 ςζΜακεδ.
582 334 646 361 Ναί.
657 334 703 361 Ἐκ
717 334 766 370 τῆς
776 335 826 371 γῆς
837 335 891 372 γὰρ

98 379 250 414 ἐγενόμεθα
270 379 378 412 πάντες.
401 380 473 414 Ὀρθ.
493 379 563 414 Ἐγὼ
581 381 629 415 μὲν
642 381 692 407 οὐκ
714 380 891 417 Ἀριστοτελει

98 426 264 458 ἀκολουθῶν,
285 426 341 453 ἀλλ’
363 426 430 462 αὐτῇ
449 427 482 462 τῇ
512 426 635 462 ἀληθείᾳ..
653 427 706 453 τῶν
735 426 888 462 ὁμωνύμων

95 473 143 500 τὸν
154 473 232 507 λόγον
248 473 299 509 τῆς
312 473 405 505 οὐσίας
422 473 451 499 οὐ
469 473 514 499 τὸν
529 473 609 500 αὑτὸν
624 473 696 508 λέγω
706 493 712 504 ,
731 473 790 500 οὐδὲ
802 473 889 500 ταυτὰ

96 520 153 550 τοῖς
167 519 275 553 ἀλόγοις
297 519 332 545 τὰ
355 519 460 553 λογικά.
476 519 534 550 Πᾶς
550 519 578 545 δὲ
603 520 740 555 αἰρετικὸς
767 529 776 544 ι
797 528 888 554 παρα-

97 563 250 599 συνεϐλήοη
268 565 323 595 τοῖς
342 566 452 600 κτήνεσι
471 566 526 596 τοῖς
543 565 677 599 ἀνοήτοις,
700 564 746 591 καὶ
761 564 886 598 ὡμοιώθη

96 609 199 641 αὐτοῖς.
213 619 222 634 ι
232 609 343 636 Malea.
356 609 402 645 Μὴ
419 609 512 645 ὕϐριζε
525 609 724 644 διαλεγόμενος.
733 610 809 643 ὀρθ.
819 607 888 643 Ἐγὼ

95 655 146 690 οὐχ
159 655 276 690 ὑδρίζω·
291 655 349 682 ἀλλ’
369 656 385 690 ἡ
401 655 434 691 σὴ
450 655 526 691 φωνὴ
541 655 620 682 τοῦτο
638 656 784 691 συνήγαγε.

940 243 1064 271 eamdem
1083 251 1144 272 esse
1164 246 1298 273 rationem
1324 246 1485 274 substantia.I
1509 246 1659 278 hominum,
1678 248 1733 274 asi-

940 298 1048 324 norum,
1079 291 1173 325 boum,
1192 301 1323 328 equorum
1344 299 1370 322 et
1394 295 1509 322 aliorum
1520 295 1732 322 animantium?

941 337 1046 366 Maced.
1062 338 1161 366 Etiam.
1177 339 1252 367 Ort/t.
1264 339 1392 367 Eamdem
1402 348 1466 375 ergo
1475 340 1632 368 substantia
1648 341 1732 368 ratic-

941 391 1001 410 nem
1031 384 1116 411 babes
1131 393 1212 420 quam
1227 386 1306 413 bruta
1321 387 1483 415 animantia.
1512 386 1613 414 Maced.
1630 386 1729 415 Etiam.

942 429 1018 458 Orth.
1037 430 1093 466 Ego
1108 431 1218 466 quidem
1235 441 1289 460 non
1307 433 1492 465 Aristotelem.
1516 434 1565 461 sed
1587 434 1729 461 veritatem

940 480 1126 509 consectatus,
1137 485 1191 505 non
1206 478 1268 505 dico
1282 487 1376 506 eorum
1389 487 1505 514 quorum
1521 487 1667 507 commune
1679 487 1730 506 no-

940 525 1013 552 men,
1024 520 1147 548 eamdem
1160 530 1222 549 esse
1238 523 1398 550 substantia:
1414 525 1559 556 rationem,
1581 533 1669 559 neque
1685 532 1731 552 ea-

940 565 1000 593 dem
1021 574 1083 594 csse
1108 567 1306 596 irrationabilia
1336 577 1397 604 qua:
1423 572 1605 598 rationabilia.
1634 571 1731 599 Omnis

937 616 1030 641 autem
1049 613 1194 641 luereticus
1211 624 1220 639 ‹
1237 620 1413 650 comparatus
1436 621 1478 644 est
1503 618 1635 652 jumentis
1663 618 1731 645 iusi-

939 658 1088 692 pienlibus,
1100 663 1128 686 et
1142 660 1241 688 similis
1258 660 1346 689 factus
1355 666 1397 689 est
1414 663 1467 691 illis
1478 664 1510 689 ".
1524 673 1533 689 ι
1543 663 1648 690 Maced.
1661 663 1731 690 Abs-

96 704 153 731 tine
174 711 189 730 a
208 703 383 733 contumeliis
403 704 475 731 inter
501 703 706 739 disputandum.
725 702 800 730 ΟνιΙι.
820 702 876 739 Ego
898 707 1094 734 contumeliase
1116 715 1170 735 non
1190 715 1251 743 ago,
1272 709 1321 736 sed
1336 709 1403 736 illud
1421 717 1455 737 ex
1473 710 1554 738 dictis
1581 711 1635 738 tuis
1664 717 1730 738 con-

95 752 233 788 sequitur.

99 813 154 841 Τοῦ
170 813 262 840 αὑτοῦ
279 813 437 846 ἐπιστολὴ,
455 814 608 848 προοιμίου
619 813 747 848 δύναμιν
759 812 885 848 ἔχουσα,

131 849 182 876 καὶ
196 849 362 883 τραγῳδίαν
371 849 426 883 τῆς
435 848 493 876 τῶν
506 847 699 882 Ἐιικλησιῶν
706 847 848 883 ταραχῆς.

136 905 296 941 Ἐθαύμασά
311 914 357 932 σου
377 906 422 933 τὸν
442 905 581 940 φιλόλογον
604 906 650 933 καὶ
670 905 803 941 φιλαλήθη
821 914 885 932 σκο-

95 952 157 984 πὺν,
174 949 196 978 ὦ
211 953 356 979 πιστότατε
372 952 448 979 δοῦλε
464 952 581 988 Χριστοῦ
602 952 637 988 (τί
655 953 709 988 γὰρ
727 952 759 979 ἂν
777 951 885 987 εὕροιμι

94 997 146 1032 τῆς
174 997 251 1030 ἀξίας
274 997 375 1033 ταύτης
403 996 494 1031 ἱ’σον;)
519 996 664 1023 Εὑστάθιε·
684 996 730 1023 καὶ
758 994 885 1022 τοσοῦτον

93 1043 249 1078 ἐθαύμασα,
263 1043 389 1069 τοσοῦτον
400 1043 530 1079 ἡττήθην,
542 1042 580 1074 ὡς
596 1042 695 1069 αὐτίκα
709 1041 885 1076 διαναστῆναι

94 1090 164 1126 πρὸς
177 1090 226 1126 τὴν
238 1087 275 1117 ὧν
288 1090 433 1122 ἐκέλευσας
442 1088 591 1121 διακονίαν,
604 1088 765 1123 εἰσφέροντα
781 1088 884 1125 προθύ-

96 1147 154 1174 μως
168 1138 198 1164 τὸ
222 1137 374 1172 βούλεσθαι,
395 1138 419 1163 ει
437 1137 485 1164 καὶ
505 1136 593 1163 λείπει
609 1136 639 1163 τὸ
664 1135 802 1162 δύνασθαι.
822 1135 885 1168 Πῶς

93 1184 149 1220 γὰρ
163 1184 195 1211 ἃν
212 1183 355 1219 δυνηθείην
369 1183 385 1219 ἧ
401 1183 439 1219 τῷ
454 1182 546 1218 θερμῷ
558 1191 605 1209 σου
618 1182 692 1217 ζήλῳ
707 1181 884 1214 συνεξισῶσαι

93 1230 189 1264 λόγον,
216 1229 279 1265 me
303 1228 524 1266 χρεωστούμενον
549 1230 581 1264 τῇ
604 1228 718 1265 ἀληθείᾳ
741 1228 883 1264 πληρῶσαι

95 1273 230 1310 μέτρον,ἢ
242 1273 289 1301 τοῦ
302 1273 348 1300 νῦν
361 1274 503 1309 ὀχλοῦντος
514 1273 627 1308 ψεύδους
642 1274 815 1309 παραστῆσαι
827 1274 882 1309 (i9)

93 1319 138 1346 τὸν
152 1319 250 1354 δγκον;
265 1319 398 1353 Λέγονται
414 1319 504 1354 πάσης
515 1318 626 1353 ἀλογίας
638 1319 685 1346 καὶ
698 1319 826 1350 ἀπονοίας
838 1319 884 1353 γέ-

94 1374 179 1401 μοντα
197 1366 321 1401 ῥήματα·
341 1365 388 1392 καὶ
407 1365 531 1399 λέγονται
548 1365 618 1400 μετὰ
636 1365 726 1400 πάσης
746 1365 883 1396 ἀναιδείας

92 1411 140 1437 καὶ
153 1410 305 1442 αὐθεντίας,
321 1409 359 1442 ὡς
381 1411 413 1436 ὲκ
427 1410 522 1436 τούτου
540 1411 605 1446 ῥᾷον
624 1410 773 1445 τολμᾶσθαι
790 1410 824 1436 τὰ
846 1409 882 1445 μὴ

91 1457 222 1492 πρότερον
232 1456 410 1492 τολμηθέντα,
420 1457 466 1483 καὶ
479 1456 528 1492 τὴν
541 1457 683 1492 αἱρετικὴν
698 1456 797 1483 κακίαν
813 1465 884 1492 μηκ-

91 1504 132 1531 έτι
162 1503 249 1539 λάθρα
261 1503 389 1530 καὶκατὰ
405 1503 502 1539 μικρὸν
516 1503 700 1530 ἐπιϐουλεύειν
712 1505 766 1535 τοῖς
782 1503 882 1530 ἁπλου-

941 810 1068 846 Ejusdem
1082 812 1205 846 epistola,
1234 813 1403 850 pra'falionis
1426 814 1483 841 loco
1505 815 1614 848 scripta,
1634 815 1662 842 in
1677 823 1730 850 qua

1069 853 1186 874 motuum
1198 848 1438 876 ecclesiasticarum
1453 850 1592 885 tragoedia.

973 902 1138 930 Litterarum
1154 904 1276 931 studium
1293 908 1382 937 tuum,
1399 905 1578 940 veritatisque
1594 907 1728 941 indagan-

936 947 976 975 dze
999 956 1124 982 scopum,
1151 949 1303 976 admiratus
1322 957 1394 981 sum,
1414 957 1430 977 ο
1445 949 1603 978 fidelissime
1626 951 1728 978 Christi

936 1003 1014 1022 serve
1037 998 1102 1029 (quo
1123 1000 1148 1022 te
1161 995 1233 1022 enim
1252 995 1370 1030 digniori
1402 997 1561 1031 eompellem
1584 997 1728 1033 nomine?)

935 1040 1062 1069 Eustatlii
1080 1051 1086 1068 :
1103 1045 1130 1068 ct
1157 1045 1301 1076 tantopere
1322 1042 1448 1073 miratus.
1476 1047 1617 1078 tantopere
1640 1043 1729 1072 victus

936 1095 1008 1119 sum,
1036 1093 1065 1114 ut
1081 1087 1227 1115 confestim
1249 1088 1358 1122 jussum
1382 1089 1449 1115 mibi
1474 1096 1489 1116 a
1504 1093 1529 1116 te
1545 1089 1727 1117 ministerium

935 1141 1081 1168 aggressus
1100 1134 1162 1165 sint,
1184 1138 1338 1169 promptam
1355 1142 1462 1161 mecum
1477 1135 1594 1163 atterens
1605 1135 1729 1162 volunta-

934 1181 1000 1209 tem,
1020 1178 1071 1205 etsi
1086 1177 1159 1205 vires
1175 1186 1217 1206 me
1233 1178 1372 1207 deliciam.
1395 1179 1446 1212 Qui
1463 1180 1535 1207 enim
1552 1188 1659 1215 possem
1674 1180 1728 1208 fer-

933 1222 998 1250 vido
1023 1223 1115 1250 studio
1133 1228 1180 1251 tuo
1206 1232 1316 1259 aequare
1340 1233 1511 1259 sermonem,
1538 1231 1584 1252 aut
1608 1226 1726 1254 debitam

935 1271 1042 1298 veritati
1061 1271 1173 1307 implere
1194 1281 1363 1306 mensuram,
1382 1279 1429 1301 aut
1448 1275 1649 1308 mendaciijam
1670 1279 1729 1302 tur-

933 1315 983 1343 bas
998 1317 1105 1351 agentis
1120 1320 1339 1352 exsuperantiam
1358 1318 1516 1346 declarare?
1531 1319 1618 1347 Verba
1635 1320 1728 1354 profe-

933 1366 1032 1389 runtur
1047 1363 1173 1390 amentia:
1193 1367 1274 1398 atque
1294 1363 1461 1398 insipientiae
1486 1365 1565 1400 plena
1580 1366 1728 1394 :dieuntur

933 1412 1023 1435 autem
1043 1416 1150 1435 summa
1167 1416 1229 1436 eum
1256 1410 1426 1444 impudentia
1453 1417 1480 1438 et
1504 1413 1678 1447 arrogantia:
1699 1418 1727 1441 ut

933 1454 1033 1481 exhinc
1046 1454 1137 1482 ausint
1153 1462 1213 1489 quae
1228 1463 1284 1482 non
1304 1461 1368 1483 sunt
1394 1457 1526 1484 hactenus
1544 1459 1623 1491 ausi,
1641 1459 1726 1486 lucre-

933 1499 1041 1533 ticaque
1057 1499 1219 1533 improbitas
1236 1508 1290 1527 non
1306 1501 1376 1528 clam
1401 1502 1517 1529 ulterius
1541 1508 1567 1529 et
1595 1504 1725 1537 paulatim

92 1550 216 1586 στέροις,
239 1549 297 1575 ἀλλ’
321 1549 359 1582 ὡς
375 1550 504 1576 ἁπάντων
528 1548 642 1584 ἔχουσαν
670 1548 794 1581 ἐξουσίαν
822 1557 881 1575 νεα-

933 1544 1147 1579 siniplicioribus
1163 1544 1318 1577 insidietur,
1336 1545 1383 1573 sed
1399 1547 1478 1580 quasi
1495 1550 1575 1574 nat-ta
1590 1547 1616 1574 in
1629 1555 1725 1575 onmes

90 1594 238 1626 VtaﬁeaOat,
253 1596 300 1621 καὶ
317 1594 387 1621 κατὰ
404 1595 512 1621 πάντων
530 1594 698 1626 ἐπιτάσσειν,
715 1593 880 1629 νομοθετεῖν,

90 1641 179 1668 ἕλκειν
196 1641 263 1676 πρὸς
277 1641 306 1668 τὸ
321 1639 426 1673 δοκοῦν,
445 1641 570 1667 ἀπαιτεῖν
592 1640 716 1676 ὑπακοὴν
731 1640 880 1676 ἀνυπὲροε-

88 1697 144 1721 τον,
153 1687 378 1723 καταγινώσκειν,
388 1688 465 1719 δίκας
480 1687 689 1723 εἰσπράττεσθαι
700 1687 749 1722 τῆς
759 1687 823 1722 περὶ
831 1687 881 1723 τὴν

89 1735 231 1762 εὐσέϐειαν
244 1734 386 1770 ἀκριϐείας
395 1743 401 1749 “
414 1735 461 1761 καὶ
477 1734 522 1760 τὸν
533 1734 584 1770 μὲν
592 1734 686 1770 ὕϐρεσι
698 1733 879 1770 περιϐάλλειν,

89 1780 134 1807 τὸν
144 1780 172 1807 δὲ
183 1781 312 1816 πατρίδος
325 1780 446 1806 ἐλαύνειν
456 1788 463 1795 ·
474 1779 559 1814 τούτῳ
572 1778 684 1815 βρόχους
701 1778 880 1814 ἐγκλημάτων

90 1826 219 1859 πλέκειν,
242 1827 344 1853 ἐκεῖνον
370 1825 490 1862 γυμνοῦν
519 1826 568 1862 τῆς
603 1824 757 1860 προσούσης
785 1824 877 1857 ἀξίας·

89 1871 167 1898 ἄλλον
189 1871 366 1898 καταϐάλλειν
386 1871 424 1906 τῷ
445 1870 559 1906 θράσει,
575 1870 668 1906 ἕτερον
696 1869 880 1905 συναρπάζειν

89 1918 128 1954 τῷ
144 1918 253 1953 κόμπῳ.
272 1917 370 1944 Σιωπῶ
392 1917 427 1944 τὰ
442 1916 548 1952 δεσμὰ,
564 1916 598 1944 τὰ
621 1916 807 1952 δεσμωτήρια,
829 1915 879 1947 τὰς

90 1963 201 1999 ζημίας,
218 1964 266 1995 τὰς
288 1963 409 1998 ἀτιμίας,
425 1963 474 1994 τὰς
492 1962 638 1998 μάστιγας,
655 1961 690 1988 τὰ
710 1961 764 1988 τῶν
790 1961 878 1995 φόνων

89 2009 192 2036 ἐλεεινὰ
204 2009 337 2044 θεάματα,
348 2009 394 2035 καὶ
406 2009 474 2044 μετὰ
487 2009 536 2044 τὴν
549 2009 647 2044 πεῖραν
659 2008 743 2042 αὐτὴν
752 2007 785 2033 δι’
798 2008 879 2042 ὑπερ-

88 2056 168 2091 δολὴν
182 2055 379 2092 ἀπιστούμενα.
392 2055 447 2082 Καὶ
460 2055 546 2082 ταῦτα
558 2054 823 2090 δραματουργεῖᾶθ)
835 2054 878 2080 διὰ

87 2102 192 2130 πολλῶν
212 2102 316 2137 ἱερέων.
332 2102 364 2127 Ὢ
377 2101 426 2136 τῆς
443 2102 550 2137 ἀνιέρου
567 2100 684 2136 τόλμηςῐ
703 2100 734 2126 Ὢ
749 2100 797 2135 τῆς
812 2100 877 2134 ἀφο-

89 2150 170 2186 ρήτου
185 2148 276 2183 δίκηςῖ
289 2146 340 2174 Ὠν
363 2148 504 2183 προοίμιον
522 2147 677 2184 ἱερουργίας
693 2155 723 2173 τε
734 2146 781 2173 καὶ
803 2146 876 2172 διδα-

88 2196 200 2227 σκαλίας
223 2195 252 2221 τὸ
277 2194 441 2229 γλυκύτατον
466 2195 568 2221 ἐκεῖνο·
597 2194 701 2230 Εἰρήνη
724 2194 823 2220 πᾶσινθ
840 2189 876 2219 ὧν

87 2241 166 2278 ἔργον
177 2241 334 2277 περιφέρειν
343 2241 373 2266 τὸ
385 2241 419 2276 κή
425 2249 526 2276 ρυγμα,
534 2240 564 2267 τὸ
576 2239 661 2267 πολλὰ
675 2238 875 2275 παραγγέλλειν

87 2287 151 2322 περὶ
164 2286 326 2323 πραότητος,
343 2287 416 2318 ὅπως
431 2285 586 2320 φυλάσσωσι
597 2284 642 2317 τὺ,
659 2295 668 2310 ι
687 2285 726 2320 Τῇ
743 2285 874 2320 πραότητι

86 2333 223 2360 παιδεύειν
249 2334 312 2365 τοὺς
337 2333 620 2368 ἀντιδιατιθεμένους,
645 2343 653 2359 ι
683 2332 774 2364 καλῶς
806 2341 874 2367 πρε-

87 2381 212 2407 σϐεύουσι
226 2381 255 2407 τό
265 2390 271 2396 ·
290 2391 298 2406 ι
316 2381 410 2416 Ἡμεῖς
425 2382 449 2407 οἱ
470 2380 577 2406 δυνατοὶ
595 2379 737 2415 ὀφείλομεν
750 2379 783 2406 τὰ
796 2379 875 2405 ἀσθε-

85 2428 194 2462 νήματα
209 2427 262 2453 τῶν
280 2427 418 2453 ἀδυνάτων
440 2426 593 2461 βαστάζειν·
608 2436 617 2451 ι
633 2426 702 2452 πάνυ
722 2426 777 2461 γὰρ
793 2426 874 2458 ὁσίως

85 2473 198 2509 τηροῦσι
213 2474 276 2504 τοὺς
298 2474 396 2507 σοροὺς
414 2472 519 2499 Παύλου
542 2473 652 2507 λόγους·
671 2482 680 2498 t
694 2473 741 2504 Τίς
756 2472 873 2504 ἀσθενεῖ,

85 2520 133 2546 καὶ
148 2519 198 2546 οὐκ
224 2519 344 2553 ἁσθενῶ;
364 2520 412 2552 Τίς
434 2518 654 2550 σκανδαλίζεται,
672 2518 719 2545 καὶ
743 2519 792 2544 οὐκ
819 2517 874 2552 ἐγὼ

86 2565 241 2600 tropo-3pm;
260 2575 268 2590 ι
286 2565 332 2592 καί
342 2575 348 2581 ·
364 2576 372 2591 ‹
393 2566 463 2592 nam
473 2565 560 2592 πάντα
573 2564 682 2599 γέγονα,
700 2564 743 2591 ἵνα
770 2563 873 2596 πάντας

85 2609 218 2643 κερδανῶ.
234 2619 243 2635 ›
270 2609 324 2636 Ποῦ
348 2610 394 2637 νῦν
418 2611 464 2637 τό·
489 2620 497 2636 ι
514 2610 559 2646 Μὴ
580 2612 682 2645 μισεῖτε
703 2610 742 2642 ὡς
765 2610 872 2646 ἐχθρὸν,

84 2654 153 2682 ἀλλὰ
175 2656 324 2683 νουθετεῖτε
345 2656 382 2688 ὡς
405 2656 537 2692 ἁδελφόῊ
555 2667 564 2684 ι
579 2657 635 2684 Ποῦ
648 2657 711 2684 νῦν·
741 2665 750 2682 ‹
771 2658 829 2684 Ἵνα
843 2656 874 2682 τὸ

121 2732 144 2748 ’⁸
163 2732 237 2760 Psal.
255 2741 357 2766 XLVIII,
379 2735 420 2762 l5.

83 2773 112 2796 τι
121 2787 130 2800 .
144 2768 189 2797 22.

489 2735 512 2751 ’7
531 2734 585 2763 Tit.
606 2743 642 2768 tt,
662 2736 706 2763 15.

120 2849 176 2883 (19)
195 2849 240 2878 Sic
260 2849 384 2878 Vatican.
401 2849 472 2878 Editi
487 2858 562 2883 vero,
584 2852 765 2886 παραστῆναι.

771 2735 794 2751 ’⁸
813 2734 872 2762 Gal.
889 2742 915 2763 vt
926 2755 933 2768 ,
951 2735 962 2761 l
979 2743 987 2767 ;
1007 2733 1109 2770 Ephes.
1126 2743 1164 2767 tv,
1180 2734 1208 2763 2.

932 1594 1106 1625 potestatem,
1124 1590 1255 1618 ferociter
1270 1595 1342 1626 agat,
1364 1591 1491 1618 omnibus
1511 1592 1635 1627 imperet,
1651 1593 1725 1629 leges

931 1636 1104 1672 praescribat,
1123 1636 1156 1663 ad
1173 1637 1272 1672 placita
1290 1645 1339 1664 sua
1354 1637 1506 1672 pcrtraliat,
1518 1638 1725 1672 obsequentiam

931 1682 1061 1717 postulet,
1084 1681 1188 1716 absque
1217 1689 1293 1708 mora
1322 1682 1443 1714 damnet,
1469 1689 1565 1718 panius
1584 1687 1673 1710 sumat
1691 1683 1725 1711 de

931 1728 1105 1756 studentibus
1121 1728 1172 1764 piae
1189 1728 1314 1763 religioni
1333 1737 1338 1755 :
1356 1732 1383 1755 et
1404 1728 1478 1755 lmnc
1493 1728 1602 1764 quidem
1626 1734 1725 1757 contu-

930 1777 1019 1804 meliis
1035 1781 1152 1808 oneret,
1172 1776 1249 1803 illum
1271 1775 1359 1811 patria
1384 1776 1485 1811 pellat,
1509 1775 1554 1802 alii
1571 1776 1725 1802 accusatio-

930 1830 995 1849 num
1008 1823 1120 1858 laqueos
1130 1825 1291 1854 corinectat,
1305 1822 1381 1849 illum
1394 1822 1526 1858 dignitate
1540 1823 1638 1857 spoliet
1654 1830 1703 1850 sua
1714 1843 1722 1856 ,

930 1869 1013 1896 alium
1038 1869 1152 1896 audacia
1168 1876 1218 1896 sua
1243 1868 1377 1902 dejiciat,
1408 1869 1491 1895 alium
1517 1867 1588 1896 fastu
1616 1875 1666 1895 suo
1688 1869 1723 1896 ad

929 1923 995 1944 suas
1012 1920 1104 1951 partes
1119 1915 1247 1950 abripiat.
1264 1914 1353 1942 Taceo
1365 1915 1481 1946 vincula,
1498 1922 1634 1947 carceres,
1652 1914 1723 1941 mul-

930 1965 1000 1993 ctas,
1014 1960 1174 1996 opprobria,
1187 1960 1302 1995 ﬂagella,
1328 1959 1409 1995 492
1435 1960 1590 1987 miseranda
1608 1959 1722 1986 cwdium

929 2008 1096 2043 spectacula,
1125 2015 1186 2042 quae
1209 2007 1250 2034 vel
1278 2010 1339 2041 post
1363 2007 1449 2041 ipsam
1474 2006 1670 2040 experientiam
1687 2005 1722 2032 ob

928 2055 1099 2081 atrocitatem
1117 2054 1228 2081 nimiam
1245 2053 1290 2080 vix
1316 2053 1475 2080 creduntur.
1491 2051 1553 2079 llaec
1569 2059 1650 2086 porro
1665 2057 1722 2078 tra-

928 2102 1016 2138 goedia
1033 2102 1133 2129 multos
1154 2101 1313 2129 sacerdotes
1336 2104 1464 2127 auctores
1485 2099 1578 2127 habet.
1606 2098 1628 2126 0
1643 2107 1721 2126 exse-

928 2148 1056 2175 crandam
1080 2147 1240 2175 audaciam!
1273 2146 1295 2173 0
1315 2146 1486 2173 intoleranda
1511 2145 1588 2180 jura!
1621 2145 1722 2180 quibus

929 2195 1070 2221 exordium
1086 2193 1231 2221 sacerdotii
1249 2200 1280 2219 ac
1296 2191 1446 2226 magisterii
1460 2191 1511 2218 fuit
1529 2191 1721 2218 dulcissimum

927 2240 992 2267 illud
1004 2240 1107 2267 dictum
1122 2249 1128 2266 :
1144 2239 1197 2266 Pal
1213 2239 1341 2266 omnibus
1356 2247 1362 2265 :
1379 2246 1493 2273 quortnn
1510 2245 1579 2272 opus
1596 2242 1635 2264 est
1652 2245 1721 2272 prte-

926 2286 1094 2313 dicationeni
1113 2286 1328 2319 circumquaque
1343 2284 1423 2315 ferre,
1434 2283 1526 2310 tuultis
1540 2283 1629 2310 verbis
1642 2290 1721 2309 mau-

926 2332 1100 2359 suctudinem
1130 2331 1341 2362 commendare,
1371 2334 1401 2357 ut
1433 2330 1622 2364 obtemperent
1655 2329 1720 2362 illi,

928 2388 937 2404 ι
951 2378 1018 2406 Cum
1035 2377 1245 2405 mansuetudine
1257 2377 1366 2404 erudire
1380 2377 1553 2404 adversarios
1563 2377 1597 2407 ’⁷,
1610 2386 1619 2401 ›
1634 2376 1719 2410 probe

926 2424 1090 2451 annuutiant
1109 2423 1175 2449 illud
1193 2432 1199 2449 :
1216 2432 1224 2448 ι
1241 2421 1296 2449 Nos
1311 2422 1356 2457 qui
1376 2422 1459 2450 fortes
1473 2420 1720 2453 suutus.dcbemus

928 2471 1102 2499 inlirmitates
1130 2470 1299 2497 infirmorum
1327 2474 1436 2505 portare
1463 2469 1495 2495 “.
1522 2479 1531 2495 ι
1564 2468 1718 2495 Admodum

928 2518 999 2546 enim
1016 2521 1110 2544 sancte
1121 2517 1268 2544 observant
1279 2516 1335 2543 haec
1351 2516 1488 2551 sapienter
1499 2523 1513 2542 a
1528 2514 1612 2542 Paulo
1624 2515 1695 2541 dicta
1709 2523 1718 2541 :

931 2574 940 2590 ι
959 2564 1026 2597 Quis
1046 2563 1210 2595 infirmatur,
1228 2567 1255 2589 et
1267 2571 1318 2597 ego
1334 2571 1387 2590 non
1402 2562 1624 2595 infirmor'!Quis
1635 2569 1717 2588 scan-

927 2611 1072 2641 dalizatur,
1095 2613 1122 2637 et
1147 2617 1198 2644 ego
1228 2616 1282 2636 non
1311 2617 1375 2635 uror
1394 2609 1435 2634 '9?
1451 2618 1459 2634 I
1487 2613 1514 2635 et
1532 2617 1538 2634 :
1556 2617 1564 2633 ι
1583 2606 1721 2634 Omnibus.

927 2657 1019 2685 omnia
1046 2655 1135 2683 factus
1150 2663 1223 2689 sum,
1243 2660 1271 2683 ul.
1290 2663 1384 2683 omnes
1402 2654 1570 2682 lucrifaciam
1582 2654 1615 2681 ’°.
1634 2663 1643 2680 ι
1663 2651 1715 2681 Ubi

1262 2735 1284 2751 "
1303 2734 1325 2761 ll
1342 2734 1405 2763 Cor.
1424 2743 1468 2766 xx,
1485 2735 1530 2762 29.
1585 2734 1608 2751 '°
1624 2734 1634 2762 ἰ
1650 2733 1716 2763 Cor.

963 2851 1017 2885 (ΞΟ)
1033 2851 1158 2880 Vatican.
1175 2849 1450 2886 δραματουργετσθαι.
