1926 3068
231 146 302 177 1:29

796 153 824 180 S:
847 153 1009 181 ATHANAS

1060 154 1082 182 ς.
1104 171 1136 176 -
1159 155 1273 183 orsu.
1735 151 1742 165 ‘

1775 157 1835 185 1540

231 213 306 233 nunc
327 206 392 233 illud
410 216 416 234 :
433 217 442 233 ι
461 206 499 234 Ne
522 207 583 235 odio
599 208 720 236 habeatis
745 215 772 237 ut
796 211 946 242 inimicum.
967 213 1009 239 sed

1066 213 1150 249 χωλὸν
1170 213 1207 249 μὴ
1221 215 1341 249 ἐντραπῇ
1356 213 1422 249 (il),
1442 213 1502 250 ίαθῇ
1519 214 1547 240 δὲ
1573 214 1686 249 μᾶλλον;
1702 224 1711 240 ι
1729 215 1778 241 Ποῦ
1793 215 1818 242 τό
1828 236 1836 244 .

231 249 374 280 admonete
386 258 415 280 ut
429 252 539 281 fratrem
552 254 572 269 “
582 254 594 281 ?
604 264 613 278 ι
628 254 678 282 Ubi
693 256 759 283 illud
776 266 782 283 :
799 266 808 282 ι
829 256 862 284 Ut
875 265 930 284 non
944 258 1018 285 clau-

231 298 327 327 dieans
344 300 405 334 quis
427 304 509 332 erret,
536 302 622 336 magis
640 306 731 329 autem
753 304 917 330 sanetur"?
931 313 940 330 ι
966 304 1016 332 Ubi

231 345 296 371 illud
315 354 321 372 :
341 354 351 370 ι
370 346 469 380 Argue,
495 347 620 379 obsecra,
645 347 767 383 increpa,
794 357 855 376 cum
871 350 944 377 omni
971 358 1018 384 pa-

230 391 324 417 tientia
339 396 364 418 et
375 391 554 420 doctrina"?
570 403 579 418 ι
591 392 692 420 indicta
710 402 793 422 causa
808 396 997 423 condemnatio
1008 417 1015 430 ,

231 436 334 470 absque
347 437 517 465 convictionc
533 439 677 466 sententia.
709 440 829 467 Audacia
844 449 892 476 pro
908 440 1016 468 fortitu-

229 482 293 508 dine
308 487 448 517 reputatur
459 503 466 515 ,
482 485 632 512 crudelitas
645 486 720 513 zelus
732 492 858 519 vocatur,
877 487 956 515 dolus
968 495 1017 519 pro

229 529 362 563 sapientia
379 530 502 557 habetur.
519 531 648 564 Quzenam
666 533 797 568 tragoedia
808 534 949 567 quibusvis
960 535 1016 561 cla-

229 575 351 602 moribus
364 583 413 603 usa
438 577 513 604 hisce
533 578 617 611 gestis
643 586 690 612 par
707 578 806 606 fuerit?
821 579 922 615 Exigua
941 580 1014 608 lere-

229 620 290 648 mia:
310 622 466 650 lamentatio
485 629 525 650 est
550 624 582 650 ad
607 628 645 651 tot
663 628 857 660 tantorumque
881 627 1014 654 malorum

229 668 390 702 gravitatem
407 674 432 696 et
454 670 678 704 magnitudinem.
705 670 738 698 At
760 680 794 699 ne
820 672 961 700 videamur
981 674 1016 701 ob

228 712 491 741 demonstrationum
513 715 654 749 penuriam
676 717 831 751 planctibus
855 718 1013 751 immomri,

228 766 277 794 age
291 760 324 787 ad
343 761 448 796 singula
469 770 528 796 qua:
543 762 685 796 objiciunt,
705 771 766 790 cum
783 764 896 792 veritate
910 765 1015 800 simpli-

227 804 295 831 citer
315 813 502 834 occurramus.
520 806 641 835 Tametsi
669 808 747 835 factis
771 809 808 835 illi
827 811 894 842 suis,
923 811 1015 846 prius—

225 858 308 884 quam
324 853 412 879 verbis
429 854 544 881 convicti
564 860 638 887 sunt,
662 855 740 890 juxta
756 855 821 882 illud
835 857 932 884 divinae
946 857 1012 893 legis

225 896 329 924 dictum
344 907 350 924 :
366 907 374 924 I
396 898 432 925 Ex
446 899 580 928 fructibus
596 907 691 928 eorum
705 903 877 936 cognoscetis
894 903 982 931 eos“.
1001 914 1011 930 ι
1031 896 1049 923 Β

225 940 344 970 Fructus
374 952 454 978 porro
479 947 666 980 operariorum
695 947 852 982 hujusmodi
883 949 1014 977 hactenus

226 988 287 1019 fuit,
302 989 447 1024 dissipare,
464 999 517 1018 non
532 993 681 1027 colligere;
707 995 843 1028 persequi,
860 1003 914 1022 non
932 996 1011 1022 redu-

225 1040 304 1066 cere;
321 1034 448 1068 dejicere.
468 1045 521 1064 non
535 1038 669 1071 excitare;
692 1038 848 1070 vulnerare,
862 1047 915 1066 non
932 1047 1014 1067 sana-

225 1086 275 1111 re;
306 1079 398 1107 odisse
418 1089 471 1108 non
498 1087 633 1113 errantes.
663 1091 717 1110 non
743 1091 865 1118 quaerere
879 1091 1011 1113 errantes.

225 1125 302 1158 Quod
317 1128 399 1161 igitur
414 1129 516 1164 absque
531 1130 673 1156 mendacio
690 1131 821 1166 scriptum
835 1132 894 1163 fuit,
917 1133 942 1160 id
955 1140 1013 1160 ma-

225 1172 321 1200 nifeste
339 1175 477 1208 impletum
498 1180 540 1202 est
555 1185 561 1202 :
575 1185 583 1201 ι
606 1175 706 1204 Omnes
724 1178 769 1212 qui
791 1179 834 1212 pie
852 1179 943 1206 volent
971 1181 1012 1206 vi-

223 1225 286 1244 vere
300 1219 326 1245 in
341 1219 451 1247 Christo
465 1219 530 1248 Jesu
545 1224 761 1256 persecutionem
779 1224 933 1258 patientur;
947 1226 1010 1253 mali

223 1270 312 1290 autem
329 1265 453 1293 homines
468 1271 495 1294 et
522 1268 682 1296 seductores
711 1269 853 1304 proficient
876 1271 902 1297 in
920 1271 1009 1305 pejus,

1071 270 1080 285 ι
1097 259 1236 294 Ἐλεγξον,
1258 259 1437 295 ἐπιτίμησον,
1460 260 1647 296 παρακάλεσον
1665 262 1693 286 ὲν
1706 260 1773 296 πάσῃ
1795 271 1838 296 μα-

1068 307 1205 342 κροθυμία
1228 307 1275 333 καὶ
1302 307 1413 342 ὃιδαχῇ;
1431 316 1441 334 ι
1467 308 1559 342 Χωρὶς
1574 307 1687 342 κρίσεως
1702 308 1836 342 καταδίκη·

1067 354 1153 389 χωρὶς
1169 353 1286 388 ἐλέγχων
1301 353 1445 387 ἀπόερασις.
1467 353 1497 379 Ἢ
1509 353 1644 388 θρασύτης
1658 353 1760 388 ἀνδρεία
1775 353 1839 380 νενό-

1069 407 1176 434 μισται·
1191 399 1208 434 ἡ
1235 398 1344 433 ὠμότης
1358 397 1438 433 ζῆλος
1461 398 1633 434 ὠνόμασται·
1651 399 1665 425 ὁ
1684 398 1755 430 δόλος
1768 399 1836 431 σοφία

1067 445 1228 479 λελόγισται.
1238 444 1305 470 Ποία
1319 444 1506 479 μεγαλόφωνος
1513 443 1652 480 τραγῳδία
1662 443 1759 469 τούτων
1769 443 1837 476 aliis;

1066 491 1170 526 Μικρὸν
1187 491 1318 526 Ἱερεμίου
1334 489 1431 525 θρῆνος
1447 489 1516 525 πρὸς
1527 489 1661 515 τοσούτων
1676 488 1762 515 κακῶν
1779 488 1838 522 πλῆ-

1067 537 1112 568 θος
1125 537 1172 563 καὶ
1188 537 1312 572 μέγεθος.
1338 536 1408 563 Ἀλλ’
1430 536 1472 562 ἴνα
1491 535 1527 571 μὴ
1550 535 1668 570 δόξωμεν
1688 535 1720 561 δι’
1736 534 1838 569 ἀπορίαν

1065 582 1119 608 τῶν
1141 582 1304 614 ἀποδείξεων
1331 581 1508 617 ἐνδιατρίϐειν
1530 583 1589 612 ταῖς
1614 582 1760 616 οἰμωγαῖς,
1782 580 1837 615 φέρε

1066 629 1133 664 πρὸς
1144 625 1312 660 ἓκαστον,ὧν
1323 627 1528 664 προεάλλονται,
1540 626 1607 662 μετὰ
1618 625 1745 661 ἀληθείας
1758 625 1838 656 ἁπλῶς

1066 675 1286 711 ἀπαντήσωμεν,
1313 674 1434 707 καίτοιγε
1461 674 1506 699 καὶ
1532 673 1584 709 πρὸ
1607 673 1662 699 τῶν
1687 672 1769 706 λόγων
1790 673 1838 702 τοῖς

1065 723 1157 758 ἔργοις
1173 721 1348 758 ὲληλεγμένοι
1361 721 1533 756 τυγχάνουσι,
1542 719 1613 746 κατὰ
1627 719 1677 754 τὴν
1687 718 1758 745 Θείαν
1770 726 1838 752 νομο-

1065 768 1157 795 θεσίαν
1171 768 1220 804 τὴν
1236 767 1368 802 λέγουσαν
1378 776 1384 782 ·
1402 777 1411 792 ι
1428 767 1476 793 Ἐκ
1493 766 1547 792 τῶν
1563 764 1677 801 καρπῶν
1692 763 1776 790 αὐτῶν
1789 764 1838 788 ἐπι-

1064 813 1202 848 γνώσεσθε
1216 813 1324 844 αὐτούς.
1346 812 1455 849 Καρποὶ
1474 811 1502 838 δὲ
1516 811 1569 838 τῶν
1591 811 1653 846 ἄρτι
1669 809 1836 844 πονουμένων,

1064 858 1101 890 ὡς
1115 857 1198 889 ἔοικε,
1213 857 1244 883 τὸ
1258 856 1425 892 σκορπίζειν,
1443 857 1475 883 οὐ
1490 856 1520 883 τὸ
1535 856 1678 890 συνάγειν·
1692 855 1722 882 τὸ
1733 854 1836 882 διώκειν.

1064 903 1094 930 οὐ
1108 903 1137 930 τὸ
1155 903 1318 936 ἐπανάγειν·
1334 903 1364 929 τὸ
1377 902 1570 934 καταϐάλλειν,
1585 902 1614 928 οὐ
1630 901 1662 927 τὸ
1677 901 1800 936 ἐγείρειν·
1812 900 1837 926 τὸ

1063 947 1272 984 τραυματίζειν,
1293 949 1324 974 οὐ
1341 949 1371 974 τὸ
1395 947 1572 984 θεραπεύειν·
1593 947 1622 974 τὸ
1651 948 1738 982 μισεῖν
1761 946 1791 972 τὰ
1807 946 1837 980 μὴ

1063 996 1238 1030 πλανώμενα,
1253 995 1283 1021 οὐ
1297 995 1328 1021 τὸ
1348 994 1438 1029 ζητεῖν
1451 994 1485 1021 τὰ
1498 993 1675 1029 πλανώμενα.
1688 993 1724 1020 Τὸ
1740 993 1784 1029 μὲν
1794 990 1832 1019 οὖν

1064 1041 1188 1076 ἀψευδῶς
1215 1041 1407 1076 γεγραμμένον
1436 1040 1575 1076 προδήλως
1598 1039 1838 1075 πεπλήρωται,ὂτι

1065 1098 1074 1113 ι
1085 1089 1190 1119 Πάντες
1205 1089 1230 1114 οἱ
1247 1088 1366 1119 θέλοντες
1389 1087 1437 1122 ζῇν
1455 1087 1574 1119 εὐσεῧῶς
1591 1088 1620 1113 ὲν
1635 1086 1747 1123 Χριστῷ
1763 1084 1838 1120 ’1ησοῦ

1061 1134 1266 1170 διωχθήσονται·
1285 1133 1399 1170 πονηροὶ
1413 1134 1441 1160 δὲ
1458 1133 1596 1169 ἄνθρωποι
1609 1134 1658 1160 καὶ
1673 1133 1766 1168 γόητες
1783 1139 1838 1166 προ-

1063 1181 1191 1215 κόψουσιν
1208 1180 1254 1206 ἐπὶ
1275 1181 1375 1216 χεῖρον,
1394 1179 1549 1211 πλανῶντες
1571 1180 1618 1206 καὶ
1643 1177 1836 1213 πλανώμενοι.»

1063 1227 1102 1253 Τὰ
1119 1226 1147 1253 δὲ
1166 1227 1235 1263 μέρη
1251 1228 1298 1262 τῆς
1315 1228 1381 1263 παρ’
1401 1228 1478 1263 ἡμῶν
1493 1227 1648 1262 ἀντιλογίας
1660 1226 1837 1255 ὑποτέτακται,

1063 1273 1109 1300 καὶ
1125 1273 1211 1305 οὕτως
1225 1273 1295 1300 κατὰ
1305 1274 1380 1307 τάξιν
1399 1274 1560 1311 διῃρημένα.

222 1316 347 1339 errantes
357 1317 384 1339 et
398 1314 425 1340 in
438 1322 559 1343 errorem
576 1316 716 1344 mittentes
744 1317 777 1343 ³³.
799 1327 808 1344 ι
833 1317 968 1346 Caeterum
991 1319 1189 1349 confutationis
1205 1327 1306 1348 nostra:
1327 1326 1418 1357 partes
1436 1322 1632 1357 subjiciuntur,
1653 1324 1735 1356 atque
1754 1317 1839 1346 οῐάῖῐιθ

221 1355 437 1392 distinguuntur.

609 1417 630 1445 l.

257 1472 388 1501 Adversus
403 1482 446 1501 eos
461 1475 505 1509 qui
524 1483 556 1502 ea:
574 1476 631 1502 sola
652 1476 819 1505 multitudine
837 1479 973 1506 ceritatem

542 1511 702 1545 dijudicuut.

1445 1420 1512 1446 I.‘

1061 1478 1139 1511 Πρὸς
1169 1477 1239 1510 τοί-ς
1265 1477 1372 1509 πλήθει
1396 1478 1479 1539 έὸόιιῳ
1509 1477 1671 1511 κρίνοντας
1696 1478 1751 1512 τὴν
1776 1478 1838 1511 ἀλή-

1412 1521 1495 1539 τειαν.

1412 1521 1495 1539 νειαν.

255 1562 409 1590 Certamina
422 1563 514 1599 igitur,
531 1564 585 1593 Deo
600 1566 722 1601 auspice,
747 1567 879 1596 adversus
901 1569 1009 1596 menda-

1096 1570 1246 1600 Μέλλοντες
1257 1570 1285 1596 δὲ
1300 1570 1347 1596 σὺν
1362 1569 1421 1605 Θεῷ
1437 1569 1491 1596 τῶν
1506 1568 1577 1595 κατὰ
1591 1568 1637 1595 τοῦ
1654 1568 1764 1604 ψεύδους
1777 1567 1838 1603 ἀγώ-

220 1608 293 1636 cium
315 1609 417 1642 inituri,
449 1610 545 1638 ducem
573 1617 600 1639 et
630 1613 791 1648 magistrum
822 1615 1010 1644 invocabimus

220 1653 304 1680 Deum
321 1652 453 1682 veritatis.
485 1655 544 1690 Ipse
558 1657 631 1684 enim
654 1662 707 1690 est,
719 1659 765 1694 qui
787 1667 801 1686 τι
818 1661 945 1688 vanitatis
960 1669 1010 1688 nos

221 1698 370 1726 mendaciis
385 1700 520 1734 liberavit,
546 1710 619 1729 nunc
637 1703 746 1737 quidem
764 1704 886 1733 clamans
902 1715 908 1733 :
928 1716 937 1732 ‹
956 1706 1010 1741 Ego

220 1751 281 1770 sum
294 1745 394 1773 veritas
404 1746 446 1778 ";
464 1756 473 1772 ι
488 1755 562 1775 nunc
577 1756 641 1776 vero
657 1750 821 1778 cohortaris:
836 1760 845 1776 ι
863 1751 1008 1785 Conlidile.

219 1797 270 1824 ego
294 1790 346 1817 vici
365 1792 494 1819 mundum
504 1793 536 1820 ³⁷.
558 1803 567 1819 ›
585 1794 727 1828 Quomodo
751 1797 835 1831 igitur
858 1806 912 1824 non
929 1799 1009 1825 mise-

219 1836 298 1862 randi
312 1836 349 1862 illi
365 1857 372 1869 ,
396 1837 443 1872 qui
462 1838 515 1864 vim
536 1841 782 1876 auctoritatemque
796 1842 937 1876 doctrinae,
950 1844 1008 1871 sola

219 1882 393 1909 multitudine
409 1885 558 1911 metiuntur
574 1894 643 1914 :nec
659 1887 834 1922 considerant
862 1889 1007 1918 Dominum

219 1931 342 1954 nostrum
357 1927 493 1955 Christum
513 1929 656 1960 duodecim
671 1932 832 1968 discipulos.
857 1934 1006 1970 simplices,

219 1973 392 2007 illitteratos,
421 1982 573 2010 pauperes,
592 1978 719 2012 ignaros,
749 1980 848 2008 ﬁducia
875 1982 1007 2010 adversus

219 2019 348 2046 :nundum
380 2023 464 2047 totum
495 2022 579 2056 gratis
608 2024 775 2052 munivisse?
805 2025 851 2054 Sic
874 2027 935 2055 illos
963 2029 1006 2056 in-

218 2067 328 2092 struens
358 2073 411 2092 non
438 2071 468 2093 ut
493 2067 658 2102 duodecim,
699 2071 835 2106 myriades
859 2081 1006 2108 sequeren-

219 2113 273 2141 tur,
290 2110 336 2137 seil
357 2111 504 2151 myriades,
530 2113 674 2141 duodecim
698 2115 759 2142 illos
784 2117 861 2151 sequi
886 2119 1007 2145 vellent?

217 2152 258 2181 lta
276 2162 382 2190 semper
399 2157 481 2184 vineit
501 2149 612 2190 veritas,
625 2161 801 2193 quantumvis
817 2149 889 2198 apud
903 2171 1005 2198 paucos

218 2199 382 2233 inveniatur;
392 2203 437 2236 qui
448 2207 535 2230 autem
546 2204 704 2238 quwstionis
716 2208 860 2242 propositm
872 2209 1003 2236 rationem

216 2245 283 2274 dare
305 2255 358 2274 non
374 2248 465 2281 audet,
486 2257 537 2276 nec
554 2250 835 2280 demonstrationibus
853 2254 1003 2283 instructus
1020 2253 1041 2280 D

216 2297 268 2324 est,
295 2297 377 2329 atque
402 2295 505 2323 idcirco
524 2297 557 2324 ad
579 2298 761 2326 multitudinis
784 2299 907 2336 confugit
934 2309 1003 2336 pra!-

216 2339 334 2366 sidiuui:
355 2341 378 2367 is
395 2340 446 2367 hoc
473 2341 531 2375 ipso
553 2351 583 2370 se
600 2344 702 2371 \ictum
728 2345 879 2380 proﬁtetur,
902 2351 931 2374 ut
956 2348 1002 2382 qui

215 2386 318 2412 nullum
337 2386 421 2413 alium
440 2388 721 2417 conlidentizehabeat
738 2391 917 2426 locum.Quid
933 2395 1003 2421 mul-

216 2431 360 2459 titudinem
376 2433 455 2459 nobis
477 2434 589 2469 ingeris,
615 2437 693 2470 quasi
719 2437 831 2464 alteram
853 2439 936 2467 turris
955 2448 1003 2467 ex-

215 2478 392 2505 structionem
418 2478 471 2506 Deo
490 2481 630 2512 minitans,
652 2482 685 2509 ad
711 2483 814 2511 insanae
834 2484 915 2518 illius]
936 2487 1002 2514 mul-

215 2523 339 2551 titudinis
360 2525 535 2558 exemplum?
563 2526 694 2554 Ostendat
712 2529 779 2556 mihi
807 2530 851 2557 illa
877 2532 1000 2560 veritatis

214 2568 307 2599 decus,
321 2570 442 2604 proxima
455 2571 512 2598 hmo
523 2572 565 2598 via
578 2573 630 2600 erit
641 2574 674 2600 ad
691 2575 920 2608 persuadendum.
932 2577 999 2605 Mul-

214 2614 301 2641 titudo
313 2619 402 2642 autem
415 2623 464 2644 sua
478 2618 641 2647 auctoritate
651 2619 710 2647 sine
721 2621 1001 2652 demonstrationibus

214 2662 404 2696 comprobans,
416 2668 457 2690 est
473 2663 518 2690 illa
529 2665 638 2700 quidem
653 2666 750 2694 idonea
765 2667 799 2695 ad
813 2669 1000 2698 incutiendum

1061 1625 1114 1643 νων
1127 1616 1272 1647 ἅπτεσθαι,
1286 1616 1446 1651 καλέσωμεν
1463 1616 1502 1647 είς
1517 1615 1648 1651 ὀδήγησιν
1663 1617 1709 1643 τὸν
1724 1617 1786 1643 Θεὸν
1797 1617 1838 1650 τῆς

1060 1661 1201 1696 ἀληθείας.
1221 1661 1307 1693 Αὐτὸς
1323 1661 1376 1697 γὰρ
1399 1662 1472 1697 ἡμᾶς
1489 1661 1522 1688 ὲκ
1541 1661 1588 1688 τοῦ
1605 1661 1720 1696 ψεύδους
1731 1663 1778 1697 τῆς
1795 1671 1838 1697 μα-

1059 1707 1201 1742 ταιότητος
1217 1706 1403 1742 ἐλυτρώσατο·
1424 1706 1471 1733 νῦν
1496 1706 1545 1742 μὲν
1564 1706 1634 1742 βοῶν
1646 1716 1652 1722 ·
1676 1717 1685 1733 ‹
1707 1707 1774 1742 Ἐγώ
1789 1709 1836 1742 είμι

1059 1754 1074 1788 ἡ
1099 1752 1228 1788 ἀλήθεια·
1246 1762 1255 1778 ι
1279 1752 1326 1778 νῦν
1342 1752 1370 1778 δὲ
1395 1753 1576 1788 παρεγγυῶν·
1599 1762 1608 1779 ι
1624 1753 1768 1789 Θαρσεῖτε,
1791 1752 1836 1787 ἐγὼ

1059 1798 1188 1833 νενίκηκα
1203 1799 1247 1824 τὺν
1257 1798 1369 1833 κόσμον.
1383 1807 1392 1824 ι
1407 1798 1468 1830 Πῶς
1480 1796 1525 1825 οὖν
1536 1799 1586 1825 οὐκ
1596 1799 1709 1826 ἐλεεινοί
1718 1801 1741 1825 οἱ
1752 1799 1837 1833 πλήθει

1061 1845 1134 1880 μόνῳ
1149 1843 1196 1871 τοῦ
1214 1845 1294 1879 λόγου
1306 1845 1355 1880 τὴν
1373 1845 1451 1880 ίσχὺν
1464 1845 1660 1880 ἀπονέμοντες,
1677 1847 1724 1873 καὶ
1740 1846 1768 1872 οὐ
1782 1854 1835 1872 συν-

1060 1892 1153 1924 ιέντες,
1168 1892 1263 1928 ὅτιπερ
1282 1893 1296 1918 ὁ
1311 1893 1449 1928 Δεσπότης
1461 1893 1578 1931 Χριστὸς
1597 1893 1701 1920 δώδεκα
1717 1893 1836 1929 μαθηταῖς

1058 1937 1155 1969 ἁπλοῖς
1165 1958 1172 1970 ,
1184 1938 1380 1974 ἀγραμμάτοις
1390 1958 1397 1971 ,
1412 1939 1526 1974 πένησιν
1536 1959 1543 1970 ,
1561 1939 1707 1971 εὐαλώτοις
1716 1959 1723 1972 ,
1737 1940 1764 1966 τὸ
1775 1937 1836 1965 κατὰ

1059 1984 1158 2015 παντὸς
1174 1984 1220 2011 τοῦ
1234 1984 1335 2020 κόσμου
1348 1984 1447 2020 θάρσος
1463 1984 1623 2020 δεδώρηται,
1637 1984 1835 2021 παρασκευάσας

1057 2031 1156 2062 αὐτοὺς
1170 2031 1200 2057 οὺ
1225 2032 1285 2062 ταῖς
1301 2030 1405 2057 δώδεκα
1425 2032 1552 2066 μυριάσιν
1567 2032 1762 2067 ἀκολουθῆσαι,
1776 2028 1834 2057 ἀλλὰ

1057 2077 1107 2107 τὰς
1128 2076 1261 2112 μυριάδας
1274 2076 1417 2103 συνθέσθαι
1432 2078 1487 2108 τοῖς
1500 2076 1603 2104 δώδεκα
1614 2086 1621 2110 ;
1639 2078 1731 2109 Οὕτως
1741 2077 1781 2104 ἀεὶ
1791 2075 1833 2110 τῆς

1057 2121 1186 2157 ἀληθείας
1205 2122 1235 2148 τὸ
1256 2121 1374 2157 κράτος,
1392 2121 1443 2148 κᾶν
1466 2123 1530 2158 παρ’
1553 2122 1656 2157 ὀλίγοις
1685 2123 1750 2154 τέως
1771 2120 1834 2156 supi-

1058 2176 1166 2202 σκηται.
1196 2168 1225 2193 '0
1245 2167 1273 2193 δὲ
1303 2167 1340 2203 μὴ
1366 2167 1471 2203 τολμῶν
1490 2168 1580 2194 δοῦναι
1600 2169 1679 2203 λόγον
1711 2168 1758 2202 τῆς
1777 2174 1834 2201 προ-

1057 2212 1186 2247 κειμένης
1216 2213 1373 2248 ζητήσεως,
1413 2213 1475 2248 μήτ’
1510 2213 1633 2249 εὐπορῶν
1673 2212 1830 2245 ἀποδείξεων,

1055 2258 1102 2285 καὶ
1129 2257 1172 2284 διὰ
1198 2258 1275 2284 τοῦτο
1301 2257 1481 2292 καταφεύγων
1510 2259 1549 2290 είς
1576 2258 1689 2294 πλῆθος,
1721 2256 1832 2293 ὁμολογεῖ

1054 2305 1103 2340 τὴν
1125 2303 1220 2341 ἧτταν,
1242 2304 1279 2336 ὡς
1296 2305 1372 2331 οὐδὲν
1395 2304 1465 2339 ἔχων
1489 2305 1644 2340 παρρησίας
1671 2305 1779 2340 ἐφόδιον.
1801 2302 1831 2328 Τὸ

1055 2350 1156 2384 πλῆθος
1174 2351 1239 2384 ἡμῖν
1252 2350 1392 2382 ἐπισείεις,
1409 2350 1502 2384 ὥσπερ
1515 2350 1633 2376 ἀπειλῶν
1647 2350 1685 2385 τῷ
1701 2349 1758 2384 Θεῷ
1771 2357 1830 2382 πυρ-

1054 2395 1181 2429 γοποιίαν
1196 2396 1336 2431 δευτέραν,
1362 2396 1432 2422 κατὰ
1451 2396 1566 2431 μίμησιν
1589 2395 1760 2431 πολυχειρίας
1775 2401 1831 2428 φρε-

1054 2441 1213 2473 νοϐλαὸοὖς.
1229 2442 1349 2474 Δειξὰτω
1364 2451 1408 2477 μοι
1426 2443 1523 2474 κάλλος
1546 2443 1685 2478 ἀληθείας,
1709 2442 1753 2468 καὶ
1777 2439 1830 2466 σύν-

1053 2497 1137 2523 τομος
1158 2488 1239 2520 εὐθὺς
1260 2490 1276 2524 ὴ
1298 2488 1394 2515 πειθώ.
1412 2488 1517 2524 Πλῆθος
1530 2488 1557 2514 δὲ
1579 2489 1663 2523 χωρὶς
1680 2485 1829 2516 ἀποδείξεων

1054 2534 1210 2566 αὺθεντοῦν,
1228 2535 1344 2570 φοϐῆσαι
1365 2536 1413 2571 μὲν
1430 2535 1532 2568 ἱκανὸν,
1549 2536 1639 2561 πεῖσαι
1653 2534 1681 2560 δὲ
1705 2531 1827 2566 οὐδαμῶς.

1057 2581 1091 2606 ’Ἡ
1104 2580 1185 2606 πόσαι
1201 2580 1329 2615 μυριάδες
1343 2580 1465 2607 πείσουσί
1478 2588 1512 2615 με
1525 2579 1574 2615 τὴν
1585 2579 1690 2614 ἡμέραν
1701 2577 1782 2603 νύκτα
1793 2583 1829 2600 νο-

1056 2626 1150 2661 μίσαι;
1166 2626 1182 2661 ἢ
1198 2626 1228 2652 τὸ
1240 2625 1357 2661 χαλκοῦν
1371 2627 1491 2661 νόμισμα
1502 2626 1539 2658 ὡς
1548 2624 1664 2662 χρυσοῦν
1677 2623 1781 2654 εἰδέναι,
1790 2620 1829 2647 καὶ

1054 2672 1125 2699 οὕτω
1146 2673 1286 2708 δέχεσθαι;
1304 2673 1321 2708 ἢ
1346 2673 1505 2710 προσίεσθαι
1532 2672 1693 2708 δηλητήριον
1710 2667 1828 2706 πρόδηλον

249 2739 270 2785 "‘
290 2739 310 2766 ll
326 2740 551 2785 Thess."tn,“15_.
588 2743 610 2759 ³²
631 2743 788 2785 Ηοὺιι.-ξιι,
806 2746 849 2774 15.
888 2748 910 2764 ³³
930 2748 951 2774 ll
970 2748 1009 2776 Tit

1061 2758 1098 2780 Iv,
1115 2751 1141 2778 2.
1183 2751 1205 2766 ³⁸
1223 2751 1319 2778 Matth.
1338 2760 1392 2785 vu,
1409 2751 1454 2779 20.
1494 2751 1516 2767 "
1538 2749 1558 2776 H
1576 2749 1644 2777 Tim.
1664 2755 1712 2780 ιιι,
1728 2745 1770 2778 12,
1788 2743 1826 2771 ιδ.

213 2773 236 2790 ³⁸
254 2773 333 2802 Joan.
351 2785 411 2811 xiv,
428 2777 455 2805 ϐ.
493 2778 514 2793 ⁸⁷
535 2778 612 2806 Joan.
631 2787 694 2812 ιινι,
710 2781 754 2808 55.

249 2854 305 2888 (2|)
324 2854 370 2882 Sic
386 2863 451 2885 mss.
468 2855 537 2884 Editi
551 2866 629 2901 vero,
652 2859 683 2886 τὸ
695 2860 779 2895 χωλὸν
801 2862 825 2888 εἰ
842 2861 944 2896 τραπῇ,
974 2860 1009 2887 ἰαί

1060 2860 1090 2895 Li}
1109 2861 1136 2888 δὲ
1151 2861 1266 2896 μαλλῶν.
