1926 3068
86 158 155 186 1561

473 157 761 186 CONFUTATIONES
780 157 1000 192 QUAHUMDAM
1018 157 1306 187 PROPOSITIONUM.

1644 155 1714 183 15ἑί

85 215 150 243 ἀντὶ
160 213 326 249 καταλλήλου
337 215 439 250 τροφῆς
449 222 455 246 ;
466 213 531 240 Είτα
544 215 645 249 γηΐνων
659 215 708 250 μὲν
717 215 798 241 ἕνεκα
810 223 876 250 πρα-

929 222 1044 250 metum;
1066 217 1112 244 sed
1129 217 1162 244 ad
1179 216 1410 251 persuadendum,
1436 215 1510 242 nullo
1527 213 1617 241 modo.
1639 214 1712 247 Quot

85 260 201 295 γμάτων
214 258 262 285 οὐκ
275 258 462 294 αίσθησόμεθα
473 258 572 294 πλῆθος
581 258 701 293 ψευδωνύ
707 268 763 294 μων
773 268 779 274 ·
792 260 873 295 οὐρα-

86 306 153 332 νίων
165 305 193 330 δὲ
212 304 289 339 χάριν
300 296 441 339 δογμάτων
455 305 584 339 νεύμασιν
599 305 802 337 ἀναποδείκτοις
809 307 875 332 ἀκο-

86 351 222 386 λουθήσω,
235 350 288 377 τῶν
301 351 382 377 πάλαι
402 351 446 376 καὶ
464 351 599 386 πρόπαλαι
618 351 685 386 μετὰ
696 351 794 385 πολλῆς
806 360 874 386 συμ-

88 397 203 432 φωνίας,
218 397 264 423 καὶ
278 396 327 431 τῆς
343 396 397 423 τῶν
413 396 529 432 Γραφῶν
546 397 696 432 μαρτυρίας
713 396 876 432 παραδοθέν-

87 452 146 470 των
159 443 356 486 ἀναχιρρήσιεκ
372 443 429 469 Οὐκ
442 442 598 478 ἠκούσαμεν
613 443 658 470 τοῦ
669 444 769 478 Κυρίου
785 443 876 477 λέγον-

87 497 151 520 τος·
174 497 183 513 ι
213 488 308 514 Πολλοὶ
331 488 436 523 κλητοὶ,
463 487 548 521 ὀλίγοι
574 488 602 514 δὲ
628 488 766 520 ἐκλεκτοί;
796 498 805 513 ι
830 487 877 514 καὶ

87 534 189 561 πάλιν·
208 543 218 559 ‹
238 533 321 568 Στενὴ
336 534 382 560 καὶ
395 533 560 568 τεθλιμμένη
582 535 597 568 ἠ
618 534 677 565 ὁδὸς
697 535 713 569 ἡ
734 534 876 567 ἀπάγουσα

88 582 130 612 ut;
141 581 189 616 τὴν
201 578 283 615 ζωὴν,
296 580 341 606 καὶ
353 580 437 614 ὀλίγοι
450 581 517 606 εἰσιν
528 581 552 606 οἱ
566 579 737 615 εὑρίσκοντες
747 582 848 616 αὺτήν;
865 591 873 606 ι

88 625 138 657 Τίς
156 623 202 652 οὖν
218 623 247 651 εὖ
264 625 368 660 φρονῶν
381 625 429 651 οὐκ
445 624 553 659 εὔχεται
566 625 620 651 τῶν
634 625 730 659 ὀλίγων
746 623 876 652 εἶναιτῶν

87 672 134 698 διὰ
147 671 197 706 τῆς
214 672 307 706 στενῆς
327 671 463 697 εἰσιόντων
480 672 520 702 εἰς
544 672 692 706 σωτηρίαν,
709 672 725 707 ἢ
743 671 798 698 τῶν
813 673 877 699 πολ-

88 718 154 748 λῶν,
167 717 220 743 τῶν
230 717 274 743 διὰ
287 717 337 752 τῆς
351 717 480 748 πλατείας
495 718 535 748 είς
550 717 686 743 ἀπώλειαν
698 717 875 752 ὡθουμένων;

88 763 139 796 Τίς
156 763 185 789 δὲ
199 763 250 789 οὐκ
265 762 297 789 ἂν
313 763 486 798 ἐπιθυμήσοι,
503 763 527 788 εί
548 763 618 789 κατὰ
632 763 676 788 τὸν
692 764 786 798 καιρὸν
806 765 876 790 ἐκεῖ·

88 818 136 837 νον
149 809 243 844 ἔτυχεν
256 807 292 834 ὣν
305 809 353 843 τῆς
369 808 507 844 ἀθλήσεως
519 808 566 834 τοῦ
581 809 714 844 μακαρίου
729 810 876 843 Στεφάνου,

88 855 139 890 τῆς
159 855 262 882 ἐκείνου
280 855 386 890 μερίδος
406 854 543 888 γενέσθαι,
556 853 602 880 τοῦ
619 855 699 889 μόνου
724 857 779 886 τοῖς
794 855 877 887 λίθοις

90 901 268 936 βαλλομένου,
290 899 337 926 τοῦ
356 901 438 926 πᾶσιν
459 900 498 932 είς
522 900 628 934 γέλωτα
653 901 844 936 προκειμένου,
860 901 876 937 ῆ
892 890 913 916 Β

88 947 145 974 τῶν
157 947 242 982 ὄχλων
259 946 312 973 τῶν
329 946 458 981 οἰομένων
469 946 499 972 τὸ
514 946 668 979 ἀξιόπιστον
680 948 712 973 ὲκ
725 948 773 983 τῆς
791 948 878 982 κακῆς

89 993 234 1024 αὐθεντίας
246 1001 253 1024 ;
270 990 316 1024 Εἷς
328 991 478 1027 εὐδοκιμῶν
491 993 684 1028 προτιμότερος
699 993 769 1028 ὑπὲρ
782 993 879 1028 μυριά-

89 1040 139 1070 δας
150 1038 280 1074 αὐθαδείᾳ
295 1038 506 1073 σεμνυνομένας,
517 1037 555 1069 ῲς
570 1038 616 1064 καὶ
634 1039 680 1064 ἐπὶ
693 1039 742 1073 τῆς
758 1038 878 1070 Παλαιᾶς

90 1083 227 1118 Διαθήκης
241 1083 404 1118 εὑρίσκομεν
413 1090 420 1096 ·
439 1083 467 1108 ὲν
510 1082 627 1117 χιλιάδες
646 1082 694 1117 μὲν
707 1082 818 1108 ἔπιπον
831 1082 877 1108 τοῦ

90 1129 155 1156 λαοῦ
178 1128 300 1164 θεηλάτῳ
318 1128 418 1163 πληγῇ,
438 1127 516 1163 μόνος
540 1128 568 1154 δὲ
593 1129 607 1154 ὁ
629 1129 721 1160 Φινεὲς
745 1128 879 1164 syrmata).

94 1173 247 1207 ὲξιλάσατο,
273 1173 320 1200 καὶ
346 1173 480 1200 ἐκόπασεν
504 1174 520 1208 ἠ
547 1172 669 1208 θραῦσις.
695 1173 726 1199 Εἰ
749 1174 777 1200 δὲ
803 1171 879 1200 εἶπεν

91 1221 210 1251 ικεῖνοςο
228 1219 290 1250 Πῶς
302 1219 431 1254 τολμήσει
443 1218 510 1255 [τις]
527 1219 594 1254 πρὸς
613 1219 646 1246 τὰ
662 1219 813 1254 συμφώνως
827 1220 879 1246 ὑπὸ

94 1265 230 1293 τοσούτων
253 1265 400 1300 γενόμενα;
415 1265 473 1297 πῶς
497 1266 621 1292 ἐναντίαν
644 1265 879 1301 ὲπιθῶμαιιίῆφον

91 1310 147 1338 τῶν
158 1310 229 1337 οὕτω
253 1310 402 1346 κρινάντων
417 1312 483 1346 ζῇν;
499 1310 554 1337 οὔτ’
568 1310 600 1338 ἂν
617 1311 698 1343 αὐτὸς
709 1311 878 1347 ἠρίστευσεν,

92 1356 148 1384 οὒτ’
165 1357 198 1383 ἂν
221 1357 251 1383 τὸ
273 1357 357 1383 κακὸν
378 1357 490 1392 ἔστησεν
502 1365 508 1372 ·
525 1356 581 1384 οὔτ’
599 1357 631 1384 ἂν
645 1359 670 1383 ot
685 1358 773 1384 λοιποὶ
788 1357 880 1384 διεσώ-

93 1403 189 1438 θησαν,
205 1402 261 1429 οὕτ¹
275 1403 307 1430 ἂν
323 1402 388 1434 Θεὸς
401 1403 450 1438 τὴν
465 1403 606 1438 εὐμένειαν
619 1404 772 1439 ἐχαρίσατο.
791 1403 879 1430 Καλὸν

93 1446 150 1481 οὖν,
167 1448 248 1475 καλὸν
265 1448 312 1474 καὶ
328 1448 359 1475 τὸ
380 1449 428 1475 ἕνα
444 1448 547 1475 δίκαιον
565 1449 810 1485 παρρησιάζεσθαι,
832 1449 880 1476 καὶ

94 1495 125 1522 τὸ
141 1495 245 1521 πολλῶν
260 1494 417 1530 συμφωνίαν
432 1494 523 1521 ἄδικον
537 1494 657 1521 λύεσθαι.
681 1495 760 1521 Ἀλλὰ
780 1495 812 1521 σὺ
831 1495 880 1530 μὲν

95 1541 274 1577 προτίμησον,
295 1541 319 1567 εί
335 1541 417 1572 δοκεῖ,
441 1540 488 1567 τοῦ
505 1541 658 1576 σωζομένου
683 1541 744 1567 Νῶε
764 1541 795 1568 τὸ
812 1541 879 1567 ὺπο-
893 1560 913 1589 C

95 1586 206 1622 ϐρύχιον
225 1586 343 1622 πλῆθος·
361 1587 422 1621 ἐμοὶ
441 1587 469 1612 δὲ
492 1586 668 1623 συγχώρησον
692 1588 724 1622 τῇ
743 1587 806 1618 τοὺς
827 1587 879 1613 ὀλί-

95 1640 160 1666 γους
177 1633 274 1668 ἐχούσῃ
290 1632 398 1668 κιϐωτῷ
414 1624 608 1668 προσδραμεῖν.
633 1633 688 1659 Καὶ
713 1633 744 1659 σὺ
772 1633 829 1668 μὲν,
856 1633 880 1658 εί

96 1678 195 1713 βούλει,
223 1678 302 1710 τάξον
329 1680 441 1706 σεαυτὸν
469 1679 538 1714 μετὰ
565 1678 669 1706 πολλῶν
692 1679 721 1705 ἐν
736 1679 877 1714 Σοδόμοις·

94 1723 150 1758 ἐγὼ
162 1723 191 1750 δὲ
214 1723 363 1751 συνοδεύσω
385 1723 425 1759 τῷ
439 1724 516 1754 Λὼτ,
541 1723 592 1750 κᾶν
616 1724 695 1758 μόνος
715 1723 768 1750 τῶν
796 1724 880 1759 ὔχλων

95 1769 288 1804 συμφερόντως
311 1769 472 1804 χωρίσηται.
490 1769 562 1804 Πλὴν
579 1769 640 1804 ἐμοὶ
660 1769 707 1795 καὶ
723 1769 824 1804 πλῆθος
836 1770 879 1795 at!-

94 1813 222 1848 δέσιμον,
249 1815 279 1840 οὐ
299 1814 330 1840 τὸ
347 1814 446 1848 φεῦγον
470 1815 601 1848 ἐξέτασιν,
625 1814 693 1841 ἀλλὰ
714 1815 743 1841 τὺ
765 1815 881 1850 παρέχον

96 1858 232 1891 ἀπόδειξιν
243 1867 249 1873 “
266 1859 295 1885 οὺ
312 1859 342 1885 τὸ
363 1859 468 1894 πικρῶς
492 1859 669 1894 ἀμυνόμενον,
688 1859 754 1886 ἀλλὰ
779 1859 809 1885 τὺ
826 1868 880 1886 πα-

95 1904 196 1941 τρικῶς
209 1904 313 1940 διορθού
319 1913 397 1940 μενον
408 1913 415 1920 ·
432 1906 461 1931 οὺ
478 1905 508 1931 τὸ
522 1907 615 1940 χαῖρον
631 1906 800 1941 καινοτομίᾳ,
814 1905 881 1931 ἀλλὰ

95 1951 125 1978 τὺ
141 1951 273 1985 φυλάττον
289 1951 416 1986 πατρῴαν
429 1952 620 1987 κληρονομίαν.
639 1953 718 1978 Ποῖον
728 1951 756 1977 δέ
776 1960 820 1986 μοι
834 1952 881 1978 καὶ

96 1997 197 2032 πλῆθος
212 1997 319 2032 λέγεις;
337 1998 374 2024 Τὸ
393 1998 527 2034 μισθωθὲν
550 1999 680 2034 κολακείᾳ
704 2000 750 2025 καὶ
767 1998 862 2034 δώροις
873 2019 880 2028 ,

95 2043 125 2070 τὸ
139 2043 241 2070 κλαπὲν
252 2043 372 2079 ἀμαθείᾳ
386 2052 415 2070 τε
429 2045 475 2070 καὶ
487 2044 591 2080 ἀγνοίᾳ,
605 2044 635 2070 τὺ
644 2044 786 2075 πεπτωκὸς
797 2043 883 2079 δειλίᾳ

923 262 995 290 enim
1012 262 1148 298 myriades
1162 262 1228 289 mihi
1243 261 1430 297 persuaserint
1461 265 1489 287 ut
1511 260 1582 287 diem
1602 264 1712 288 noctem

923 316 985 336 esse
996 308 1134 335 statuam?
1151 313 1180 335 ut
1195 315 1295 335 aereum
1312 307 1448 334 numisma
1463 313 1512 340 pro
1530 313 1612 332 aureo
1627 313 1712 340 agno—

925 361 998 381 scam
1013 357 1041 380 et
1057 353 1211 387 accipiam?
1227 356 1254 379 ιιι
1279 356 1402 387 apertum
1418 352 1494 379 virus
1518 360 1568 386 pro
1590 359 1713 386 congruo

925 399 1095 426 nutrimento
1101 399 1224 426 sumam“!
1232 399 1332 426 Deinde
1343 406 1433 426 rerum
1443 398 1612 425 terrestrium
1623 398 1711 433 gratia

925 453 979 472 non
1002 453 1132 472 curamus
1153 445 1353 472 multitudinem
1367 444 1435 472 falso
1450 445 1662 474 nominatorum,
1683 449 1711 471 et

924 490 1004 526 ωδ
1020 490 1046 516 in
1070 490 1227 517 cmlestibus
1248 489 1421 524 dogmatibus
1447 490 1520 516 nulla
1542 489 1711 516 demonstra~

926 536 999 562 tione
1016 535 1114 562 fultum
1129 543 1228 570 sequar
1245 540 1353 567 nutum,
1370 536 1403 562 ab
1426 535 1459 562 iis
1482 536 1587 562 scilicet
1604 535 1710 562 disces-

926 591 1017 614 surus,
1036 590 1095 616 qum
1117 589 1215 616 magno
1229 589 1375 613 consensu,
1393 582 1540 616 multisque
1556 581 1712 616 Scriptura-

927 636 986 655 rum
1001 627 1164 655 testimoniis
1185 626 1241 661 jam
1261 626 1324 653 inde
1341 627 1374 653 ab
1390 627 1588 661 antiquissimis
1607 631 1711 660 tempo-

926 674 1002 701 ribus
1030 678 1093 701 sunt
1120 672 1240 700 tradita?
1261 673 1358 699 Annon
1385 672 1538 699 audivimus
1566 671 1710 698 Dominum

926 719 1062 747 dicentem
1074 729 1080 746 :
1093 728 1102 745 ι
1118 719 1194 746 Multi
1207 722 1270 746 sunt
1281 718 1381 749 vocati,
1391 718 1470 753 pauci
1482 725 1545 745 vero
1559 718 1636 745 electi
1646 718 1687 744 "?
1698 727 1707 743 ι

926 769 953 792 et
968 765 1066 792 iterum
1083 774 1088 791 :
1112 773 1120 789 ι
1142 765 1263 799 Angusta
1276 769 1326 796 est,
1342 768 1369 791 et
1384 764 1479 791 stricta
1492 765 1545 795 via,
1563 772 1624 798 qua:
1637 763 1710 791 ducit

927 811 960 838 ad
970 811 1063 841 vitam,
1075 814 1101 837 et
1116 811 1194 845 pauci
1203 814 1267 837 sunt
1281 810 1328 845 qui
1344 811 1484 837 inveniunt
1499 817 1558 837 eam
1570 810 1611 836 "‘3
1623 820 1631 836 ι
1643 809 1711 842 Quis

928 857 1009 891 igitur
1024 863 1089 883 sana
1107 860 1196 882 mente
1210 855 1339 890 praeditus
1353 863 1406 882 non
1423 855 1498 882 malit
1520 856 1545 882 in
1561 863 1711 890 paucorum

927 909 989 929 esse
1008 908 1130 933 numero,
1149 909 1196 936 per
1219 905 1362 936 angustam
1378 901 1410 927 ad
1426 901 1540 928 salutem
1557 900 1712 934 ingredien-

928 947 1006 978 tium,
1020 954 1100 981 quam
1114 947 1260 973 multorum
1276 953 1322 980 per
1336 946 1417 972 latam
1433 945 1466 972 ad
1478 945 1615 972 interitum
1632 953 1713 972 ruen-

928 993 1013 1019 tium?
1026 991 1092 1025 Quis
1111 999 1186 1024 vero,
1201 992 1223 1018 si
1239 995 1304 1018 aetas
1319 999 1368 1019 sua
1384 993 1411 1018 in
1431 997 1538 1026 tempus
1554 991 1713 1018 certaminis

928 1040 1015 1066 sancti
1030 1038 1161 1073 Stephani
1176 1039 1326 1069 incidisset,
1339 1045 1392 1064 non
1407 1037 1440 1064 ab
1452 1037 1524 1065 illius
1536 1038 1627 1072 potius
1639 1041 1712 1065 stare

927 1084 1052 1119 partibus
1075 1087 1239 1118 exoptasset,
1261 1083 1307 1118 qui
1331 1083 1407 1110 solus
1423 1082 1558 1118 lapidibus
1586 1082 1711 1113 obrutus,

929 1131 1004 1158 solus
1021 1130 1148 1157 omnibus
1170 1129 1334 1156 deridendus
1350 1128 1401 1156 fuit
1417 1129 1583 1164 propositus,
1601 1136 1682 1162 quam
1697 1135 1713 1154 a

929 1180 1004 1212 parte
1016 1176 1088 1211 vulgi
1103 1183 1137 1203 ex
1155 1183 1238 1210 prava
1255 1176 1342 1202 turba:
1358 1175 1518 1202 auctoritate
1530 1182 1621 1202 veram
1633 1173 1712 1200 ﬁdem

928 1223 1110 1251 aastimantis?
1132 1221 1218 1256 Major
1239 1222 1327 1249 honos
1352 1221 1494 1248 habendus
1518 1225 1575 1252 est,
1602 1221 1643 1247 vel
1666 1219 1714 1247 uni

928 1269 1048 1303 probatae
1064 1267 1124 1294 fidei
1138 1267 1208 1299 viro,
1237 1275 1319 1302 quam
1340 1267 1432 1294 decem
1448 1267 1564 1294 aliorum
1580 1265 1713 1296 millibus,

929 1315 974 1350 qui
989 1323 1018 1342 se
1033 1314 1195 1342 insolentius
1207 1313 1343 1347 jactitant.
1360 1313 1445 1348 Cujus
1459 1313 1498 1340 rei
1513 1312 1667 1346 exemplum
1684 1311 1713 1338 in

929 1359 1020 1387 Veteri
1047 1366 1156 1394 quoque
1180 1359 1356 1386 Testamento
1374 1358 1495 1385 invenire
1521 1362 1578 1389 est,
1603 1357 1647 1384 ubi
1666 1357 1715 1382 ali-

929 1410 994 1440 quot
1009 1405 1148 1431 hominum
1161 1404 1281 1438 millibus
1294 1404 1370 1431 clade
1381 1403 1510 1430 dirinitus
1527 1402 1649 1429 immissa
1664 1409 1713 1428 θρα

929 1450 1130 1480 cumbentibus,
1148 1450 1222 1477 solus
1237 1449 1353 1476 Phinees
1378 1449 1453 1476 Slt‘lil
1471 1453 1497 1475 et
1522 1447 1605 1474 Deum
1623 1447 1715 1481 placa-

929 1496 979 1529 vit,
996 1495 1168 1529 cohibitaque
1186 1498 1228 1522 est
1250 1495 1350 1522 clades.
1372 1494 1450 1527 Quod
1465 1493 1487 1520 si
1511 1493 1623 1520 dixisset
1647 1492 1712 1519 ille:

931 1541 1000 1574 Quid
1013 1541 1073 1576 quis
1090 1541 1221 1568 adversus
1233 1544 1333 1567 tantam
1350 1540 1456 1575 sibique
1472 1539 1522 1573 ipsi
1539 1538 1715 1566 consentien-

930 1592 985 1614 tem
1007 1587 1078 1614 ausit
1098 1586 1320 1613 multitudinem?
1341 1586 1387 1620 qul
1409 1585 1515 1611 calculo
1538 1591 1599 1611 meo
1614 1583 1732 1617 impro--

930 1633 1000 1661 babo
1012 1641 1092 1668 quam
1107 1633 1145 1660 illi
1155 1632 1279 1667 delegere
1290 1631 1371 1658 vitam
1381 1631 1392 1658 ?
1404 1639 1456 1658 non
1471 1638 1536 1658 sane
1549 1633 1596 1656 aut
1609 1628 1717 1655 fortiter

930 1687 960 1706 se
984 1679 1113 1714 gessisset
1137 1682 1184 1705 aut
1208 1677 1383 1714 repressisset
1406 1676 1507 1703 malum
1526 1685 1532 1703 :
1549 1683 1602 1702 non
1617 1674 1715 1709 reliqiii

930 1725 997 1753 salvi
1016 1725 1139 1756 fuissent,
1156 1733 1209 1751 non
1226 1732 1274 1752 sua
1288 1732 1335 1751 eos
1350 1723 1538 1751 benevolentia
1557 1723 1626 1749 Deus
1647 1721 1714 1748 luis-

931 1775 971 1799 set
984 1770 1121 1805 dignatus.
1133 1769 1228 1806 Operae
1242 1770 1323 1805 igitur
1335 1770 1451 1805 pretium
1467 1772 1519 1799 est.
1531 1772 1559 1794 ut
1574 1768 1630 1795 sive
1642 1775 1714 1794 unus

930 1818 972 1844 vir
997 1817 1099 1852 probus
1121 1817 1206 1844 libere
1223 1821 1284 1852 agat
1310 1820 1337 1844 et
1364 1817 1502 1851 loquatur,
1530 1816 1587 1842 sive
1615 1822 1716 1849 pravus

932 1863 1078 1890 multorum
1099 1871 1250 1890 consensus
1266 1863 1397 1890 solvatur.
1416 1862 1450 1889 At
1465 1867 1504 1892 tu.
1520 1861 1543 1888 si
1559 1861 1644 1893 lubet,
1658 1859 1716 1887 Noe

931 1913 1038 1935 servato
1053 1908 1204 1935 demersam
1217 1908 1418 1935 multitudinem
1431 1911 1580 1941 antepone:
1594 1905 1717 1939 mihique

931 1955 1049 1982 concede
1076 1959 1106 1981 ut
1120 1955 1153 1982 ad
1170 1963 1261 1982 aream
1280 1963 1431 1990 paucorum
1446 1953 1648 1988 receptaculum
1671 1959 1718 1978 ac—

931 2009 1049 2030 curram.
1060 2001 1111 2034 Tu,
1131 2003 1153 2030 si
1172 2003 1270 2038 placet,
1287 2010 1348 2029 cum
1360 2003 1438 2029 turba
1454 2001 1580 2028 Sodomis
1595 1999 1715 2029 sociare,

932 2055 981 2082 ego
995 2047 1081 2075 Lotho
1096 2055 1188 2075 comes
1211 2056 1258 2076 ero
1273 2048 1339 2080 vite,
1358 2048 1465 2075 etiamsi
1490 2047 1566 2073 solus
1588 2046 1645 2080 ipse
1667 2051 1718 2078 pro

94 2097 125 2115 τε
141 2090 188 2116 καὶ
205 2089 290 2124 φόϐῳ,
319 2089 349 2116 τὸ
368 2090 540 2125 προτιμῆσαν
558 2091 724 2126 πρόσκαιρον
745 2090 882 2126 ἁμαρτίας

97 2135 244 2162 ἀπόλαυσιν
260 2135 310 2170 τῆς
335 2135 443 2162 αἰωνίου
459 2135 545 2170 ζωῆς,
562 2135 633 2171 ἆπερ
657 2135 747 2162 πολλοὶ
760 2135 883 2170 φανερῶς

97 2180 290 2216 ὡμολόγησαν;
306 2181 405 2217 Πλήθει
428 2181 458 2207 τὸ
484 2181 580 2216 ψεῦδος
599 2181 761 2218 κρατύνεις;
779 2181 882 2214 ἔδειξας

933 2095 1020 2121 salute
1040 2101 1087 2121 sua
1111 2101 1170 2122 sese
1189 2102 1204 2121 a
1227 2095 1304 2121 turba
1321 2093 1478 2129 segregarit.
1497 2091 1630 2119 Caeterum
1650 2089 1716 2116 mihi

933 2140 1110 2167 nihilominus
1137 2140 1291 2167 veneranda
1318 2139 1474 2169 multitudo,
1501 2145 1556 2164 non
1583 2136 1628 2163 illa
1656 2143 1717 2170 qua:

933 2185 1149 2220 disquisitionem
1169 2186 1246 2221 fugit,
1264 2186 1311 2213 sed
1327 2193 1388 2220 quae
1411 2184 1599 2220 probationem
1616 2181 1694 2208 aﬂ'ert
1709 2189 1716 2206 τ

95 2226 142 2254 τοῦ
166 2227 252 2254 δεινοῦ
274 2227 322 2262 τὴν
345 2227 470 2254 ἐπίτασιν
483 2234 490 2241 ·
517 2228 572 2263 ὅσῳ
590 2228 644 2264 γὰρ
667 2228 775 2260 πλείους
792 2229 820 2254 ἐν
841 2228 878 2263 τῷ

932 2239 985 2258 non
1000 2240 1059 2266 quae
1073 2232 1170 2259 acerbe
1189 2236 1301 2266 pugnat,
1318 2232 1363 2259 sed
1382 2238 1442 2266 qua”:
1454 2235 1564 2265 paterne
1584 2226 1696 2259 corrigit
1709 2234 1717 2252 :

95 2272 183 2308 κακῷ,
198 2273 315 2308 τοσούτῳ
331 2273 430 2308 μείζων
447 2275 463 2309 ἡ
477 2275 612 2309 συμφορά.

933 2285 987 2303 linit
1003 2285 1062 2312 quae
1080 2276 1178 2311 gaudet
1193 2277 1320 2307 novitate,
1340 2276 1387 2303 sed
1401 2284 1460 2310 qua:
1475 2279 1613 2309 paternam
1628 2272 1718 2298 servat

95 2319 290 2346 hattedilatem.
313 2319 352 2346 Tu
375 2326 439 2346 vero
460 2321 567 2354 qualem
590 2319 655 2346 mihi
670 2320 870 2348 multitudinem
886 2323 1029 2350 nominas?
1047 2322 1110 2349 Eam
1127 2323 1266 2354 nimirum,
1299 2330 1359 2357 qua
1387 2322 1545 2349 adulatione
1570 2323 1596 2347 et
1624 2325 1719 2346 mune-

95 2365 173 2392 ribus
190 2365 323 2392 conducta
338 2370 376 2393 est
393 2374 400 2392 :
415 2373 486 2396 eam,
503 2373 565 2400 quia).
581 2365 716 2400 imperitia
730 2370 756 2393 et
771 2367 879 2394 inscitia
893 2368 1002 2402 abrepta
1017 2372 1079 2400 est,
1117 2375 1187 2401 eam,
1215 2375 1273 2402 quae
1301 2369 1376 2402 lapsa
1410 2367 1555 2394 timiditate
1579 2370 1604 2392 et
1620 2368 1693 2392 metu
1708 2383 1716 2395 ,

95 2417 167 2442 eam,
185 2419 244 2445 qua?
269 2415 491 2438 momentaneanr
511 2412 616 2446 peccati
633 2413 800 2447 voluptatem
823 2414 885 2440 vita!
903 2414 1012 2448 praefert
1032 2418 1141 2441 aeternae
1173 2424 1180 2440 :
1213 2414 1238 2441 id
1256 2415 1326 2450 quod
1354 2415 1431 2441 multi
1452 2414 1538 2449 palam
1563 2414 1627 2439 sunt
1651 2418 1718 2437 con-

96 2457 172 2484 fessi.
192 2456 364 2484 Multitudine
380 2457 552 2485 mendacium
571 2459 704 2486 robor-as?
724 2459 787 2485 mali
803 2459 1000 2487 vehementiam
1028 2461 1127 2487 innuis.
1140 2460 1196 2487 Hoc
1206 2461 1277 2488 enim
1302 2461 1389 2495 major
1411 2465 1453 2488 est
1476 2459 1633 2490 calamitas,
1664 2463 1718 2492 quo

96 2505 190 2540 plures
203 2503 275 2529 malo
291 2508 355 2530 sunt
369 2504 510 2539 implicati.

471 2561 504 2586 ll.

1309 2559 1341 2587 11.

97 2617 176 2651 Πριδς
195 2617 265 2649 τοὺς
281 2617 459 2648 κελεύοντας
478 2617 520 2650 μὴ
533 2615 596 2642 δεῖν
615 2616 672 2643 ἀπὸ
692 2615 818 2649 Γριῳῶν
837 2615 882 2644 ὥ)-

134 2652 195 2712 τεῗν
221 2652 238 2685 ἢ
262 2651 385 2683 λαλεῖν,
409 2652 612 2685 ἀρκουμένους
638 2650 674 2685 τῇ
694 2652 760 2685 παρ’
780 2651 881 2684 αἰτεῖς

135 2695 155 2712 π
170 2695 244 2712 στει.

135 2695 244 2713 πίστει.

134 2733 171 2759 Τὸ
187 2732 236 2767 μὲν
256 2730 303 2758 οὖν
318 2731 399 2766 μηδὲν
421 2730 490 2758 εἶναι
512 2732 560 2767 τὴν
583 2733 693 2768 ἄκριτον
706 2732 760 2759 τῶν
775 2732 878 2759 πολλῶν

100 2778 270 2814 συμφωνίαν,
286 2775 360 2812 οἶμαι
378 2777 444 2812 μηδὲ
457 2777 519 2809 τοὺς
544 2779 669 2810 ἐναντίως
685 2779 750 2814 ἡμῖν
771 2777 881 2814 ἔχοντας

934 2618 1066 2644 Adversus
1083 2626 1125 2644 eos
1141 2618 1185 2652 qui
1205 2626 1250 2644 nec
1265 2616 1432 2651 qun-rendam
1453 2624 1499 2652 nec
1515 2615 1670 2652 loquendum
1686 2623 1719 2642 cx

1001 2653 1141 2687 Scriptura
1156 2654 1322 2687 pru'cipiunt,
1338 2661 1386 2679 sua
1399 2653 1448 2685 ipsi
1463 2651 1514 2686 ﬁde
1528 2651 1652 2679 Contenti.

968 2731 1076 2758 hullius
1089 2739 1153 2766 ergo
1164 2731 1242 2766 pretii
1254 2739 1314 2759 esse
1329 2730 1557 2758 inconsideratum
1570 2730 1716 2757 multorum

933 2786 1109 2812 consensum,
1128 2786 1161 2806 ne
1178 2778 1349 2806 adversarios
1364 2778 1472 2814 quidem
1490 2777 1657 2805 inticiaturos
1673 2784 1717 2804 ar—

143 2857 166 2877 "
186 2857 280 2885 Matth.
300 2857 421 2889 mn”.
459 2857 480 2873 "
499 2857 591 2886 Matth.
611 2865 664 2891 vn,
686 2857 724 2885 ίιί.
