1926 3068
84 124 157 150 1515
490 119 777 150 CONFUTATIONES
798 121 843 154 QU

941 120 1018 148 {DAM
1034 119 1325 149 ΡιιοΡοδιτιοΝυιι.
1629 119 1701 148 ιδιο

82 181 133 208 τοῦ
160 181 196 217 μὴ
212 182 394 218 κατατολμᾷν,
415 181 451 214 ὡς
469 181 633 216 ἀπροσίτων,
658 181 690 216 τῇ
709 180 736 206 δὲ
756 181 838 216 ἁληθε

943 180 1066 211 uomodo.
1084 180 1130 206 ubi
1144 201 1152 209 .
1178 180 1371 207 insanientium
1388 183 1439 208 est.
1468 179 1564 206 Verum
1584 179 1629 214 qui
1652 179 1703 214 ipsi

83 229 157 263 ὑπὲρ
173 228 219 254 τοῦ
236 228 345 263 φεύγειν
361 229 404 254 τὸν
424 228 452 260 ἐξ
472 227 560 254 αὐτῶν
575 226 683 261 ἔλεγχον
700 226 750 260 τῆς
766 227 843 253 οἰκείι

943 234 953 253 ε
967 227 1024 253 suis
1042 226 1214 260 dogmatibus
1236 226 1414 259 pronuntiare
1426 225 1531 255 volunt,
1549 224 1703 259 aScriptu-

83 274 255 306 κακοδοξίας.
271 275 324 300 Καὶ
346 274 410 301 ὅταν
429 274 502 300 ἴδωσι
518 273 567 308 μὲν
580 273 683 299 ὲαυτων
698 280 843 307 κακοφροσι

945 280 957 298 s
972 272 1040 299 alios
1055 271 1203 303 deterrent,
1221 272 1271 298 hoc
1284 271 1393 306 quidem
1407 271 1531 303 obtentu,
1548 279 1582 298 ne
1602 275 1705 298 temere

83 327 135 354 νην
167 319 402 355 συμποδιζομένην
428 319 480 345 ἀπὸ
507 319 555 353 τῆς
585 318 637 344 τῶν
663 317 778 353 Γραφῶν
803 318 842 343 ἀπ

946 317 1104 344 linaccessa
1123 317 1263 344 videamur
1287 317 1356 343 velle
1378 320 1540 351 penetrare,
1562 324 1591 343 re
1613 322 1703 344 aulem

81 366 208 400 δείξεως,
234 366 459 401 παραγράφονται
483 365 537 391 τῶν
563 364 675 401 Γραφῶν
701 365 746 391 τὸν
769 373 841 391 σκοπη

944 369 992 394 πει,
1010 370 1044 389 ne
1063 361 1189 389 haeretica
1206 370 1253 389 sua
1273 362 1398 396 dogmata
1414 361 1541 389 falsitatis
1558 370 1590 388 ex
1608 362 1704 389 iisdem

83 413 132 439 καὶ
145 411 193 447 τὴν
210 411 320 448 χρείαν
341 412 404 438 ὅταν
422 411 450 437 δὲ
473 411 604 446 νομίσωσι
622 410 757 437 συντελεῖν
778 410 843 437 αὐτο

945 407 1126 436 ιιινὶιιρςιιιιιιι.
1150 407 1228 440 Quod
1245 408 1267 436 si
1282 407 1403 439 videant,
1417 407 1510 443 petitis
1526 416 1540 434 e
1563 406 1705 442 Scriptum

83 457 189 492 γυμνόν
201 466 227 483 τι
245 457 324 492 ῥητὸν
339 457 406 492 πρὸς
422 457 470 492 τὴν
493 457 559 483 ἰδίαν
574 456 727 491 ἐγχείρησιν
742 456 843 490 ἁποτμι

943 453 1197 481 amoristralionibus
1221 454 1362 481 stultitiam
1380 461 1456 480 suam
1474 453 1620 487 impediri,
1646 457 1703 479 tum

83 503 132 530 θὲν
156 503 206 538 τῆς
231 503 333 534 οἰκείας
350 502 523 533 ἀκολουθίας,
551 501 674 528 ἕλκουσιν
700 500 776 527 αὐτοὶ
800 501 843 535 πρλ

943 499 1125 534 cripturarum
1149 507 1261 534 scopum
1287 501 1388 534 pariter
1414 503 1440 526 et
1468 499 1595 533 loquendi
1624 505 1703 525 usum

83 549 135 585 τὴν
152 548 218 575 ἰδίαν
234 548 414 584 κατασκευὴν,
431 548 460 574 οὐ
476 549 508 582 τῇ
528 547 677 582 δηλουμένη
694 546 797 581 διανοίᾳ
810 545 843 572 δον

941 549 1073 572 ivertunt:
1086 546 1127 572 sin
1141 545 1250 572 verbum
1266 545 1374 580 aliquod
1389 545 1492 572 nudum
1508 553 1557 573 suo
1571 544 1699 580 prodesse

84 595 219 626 λεύοντες,
249 594 316 620 ἀλλὰ
338 595 406 629 πρὸς
428 593 476 629 τὴν
493 593 596 619 οἰκείαν
615 592 793 627 κακοτεχνίαν
821 591 844 618 τέ

944 591 1048 618 Istitulo
1070 591 1234 626 intelligant.
1257 590 1283 617 id
1301 591 1390 625 ipsum
1408 598 1422 617 a
1440 591 1555 626 genuina
1572 590 1704 618 orationis

85 640 220 672 συλλαϐὰς
236 639 398 674 βιαζόμενοι,
413 639 507 674 ὥσπερ
523 638 643 665 ποιοῦσιν
664 638 710 665 ἐπὶ
732 637 790 669 τοῦ,
806 647 814 663 ι
837 638 844 646 ‘

945 637 990 664 :rie
1004 639 1149 665 rescissum
1171 637 1203 664 ad
1221 637 1348 672 proprias
1357 645 1446 664 causae
1466 645 1521 665 sua:
1534 637 1705 664 demonstra-

83 686 172 720 Λόγος
189 685 256 721 σὰρξ
269 686 385 720 ἐγένετο.
407 695 416 711 ι

943 690 1007 710 ones
1031 683 1192 718 pertrahunt
1216 692 1221 709 :
1241 691 1295 709 non
1318 687 1381 717 apto
1404 682 1496 710 sensui
1518 683 1703 713 attendentes,

84 733 133 760 sed
150 733 174 760 vi
190 733 308 772 syllabas
326 734 358 761 ad
372 733 590 769 perversissimas
617 740 682 760 suas
696 736 770 760 artes
783 731 986 766 detorquentes.
1002 731 1072 766 quod
1087 731 1167 758 etiam
1183 731 1284 758 faciunt
1303 732 1329 757 in
1356 730 1402 758 illo
1425 739 1432 758 :
1465 739 1474 756 1
1507 729 1626 758 Verbum
1640 736 1704 757 caro

85 780 188 808 factum
206 785 249 808 est
262 781 294 808 ⁸⁷.
317 790 327 808 ι

458 841 506 868 Ill.
884 841 907 870 Β

884 841 907 870 Β
1285 830 1328 858 Ill.

84 897 165 931 Πρὸς
185 897 254 930 τοὺς
279 896 539 931 προϐαλλομένους
562 898 714 929 κακοήθως
738 895 782 926 τὸ,
805 904 814 920 ι
837 894 844 903 ¹

944 890 1050 918 dvorsus
1074 897 1137 921 eos,
1161 889 1207 923 qui
1227 888 1339 923 maligne
1363 889 1437 916 nobis
1463 888 1591 924 objiciunt
1618 889 1703 918 illud:

292 933 386 967 Λόγος
405 932 482 966 σὰρξ
498 932 626 967 ἐγένετο.
650 942 659 957 ι

1084 942 1093 958 ι
1122 932 1233 959 Verbum
1248 941 1311 959 cura
1327 933 1428 967 factum
1444 937 1492 961 est.
1517 943 1527 960 ι

121 987 209 1015 Πολλὰ
237 987 286 1024 μὲν
299 990 356 1020 τοῖς
379 988 524 1016 ἐκπεσοῦσι
537 988 588 1023 τῆς
611 987 749 1022 ἀληθείας,
765 987 819 1013 εἴτε
836 987 869 1013 δι’

954 988 1037 1017 Multa
1053 988 1086 1016 ab
1104 989 1137 1015 iis
1150 988 1196 1022 qui
1206 995 1220 1014 a
1231 988 1354 1019 veritate,
1365 988 1420 1015 sive
1431 996 1480 1023 per
1489 990 1701 1023 contentionem,

84 1033 154 1069 ἑριν,
173 1035 227 1061 εἴτε
248 1034 281 1061 δι’
293 1034 413 1069 ἄγνοιαν,
425 1035 493 1070 πρὸς
506 1034 613 1069 ἀπάτην
633 1034 821 1068 ἐπινενόηται·
839 1042 844 1050 ·

941 1042 976 1062 ηνε
1005 1041 1054 1070 per
1082 1034 1262 1069 ignorantiam
1285 1034 1462 1066 exciderunt,
1497 1035 1531 1061 ad
1555 1036 1701 1064 fallendmu

85 1079 124 1110 δὲ,
155 1089 164 1105 1
200 1080 228 1107 '0
254 1080 339 1114 Λόγος
356 1080 463 1114 ἐγένετο
480 1080 558 1121 σὰρξ,
587 1090 597 1106 ι
623 1080 766 1115 εἰρημένον
785 1080 845 1115 ὑπει

941 1080 1070 1113 {cogitata
1095 1083 1159 1107 sunt
1175 1089 1180 1106 :
1198 1079 1265 1106 illud
1289 1083 1378 1106 autem
1401 1080 1504 1106 dictum
1521 1081 1593 1116 quod
1619 1090 1701 1117 supra

86 1126 161 1160 ιρυῶς
185 1134 214 1152 τε
234 1126 280 1152 καὶ
297 1126 366 1162 ὑπὲρ
384 1126 503 1156 ἔπαινον,
530 1126 683 1159 ἐξελέξαντο
700 1126 745 1152 καὶ
772 1126 796 1152 οἰ
815 1127 846 1153 πὸ

940 1130 1024 1152 atura:
1046 1125 1136 1156 ﬁdem,
1153 1133 1202 1152 nec
1216 1125 1282 1152 satis
1304 1125 1467 1153 laudandum
1484 1132 1536 1159 est,
1555 1137 1564 1153 1
1582 1127 1700 1155 Verbum

86 1172 130 1198 λαι
156 1171 228 1198 κατὰ
249 1171 298 1204 τὰς
324 1172 442 1207 αἱρέσεις
462 1172 596 1207 πολέμιοι,
613 1171 661 1198 καὶ
682 1173 706 1198 οἱ
725 1171 771 1198 νῦν
796 1171 844 1198 ἀντ

942 1179 984 1198 πο
1003 1171 1104 1198 factum
1123 1175 1175 1203 est,
1196 1181 1205 1196 )
1227 1174 1254 1198 et
1273 1175 1377 1199 veteres
1399 1172 1532 1200 haeresum
1548 1181 1702 1209 propugna-

86 1216 167 1249 δικοι,
191 1215 315 1250 καθάπερ
340 1216 376 1247 ὡς
404 1217 550 1251 μυστήριον
577 1215 692 1250 ἄμαχον,
720 1215 757 1246 ὼς
780 1215 845 1249 ὲνόμ

941 1223 992 1242 μιυε
1006 1215 1174 1250 selegerunt,
1194 1221 1220 1241 et
1237 1216 1325 1242 nostri
1341 1216 1419 1243 hodie
1443 1218 1628 1252 antagonistw,
1643 1224 1701 1245 tan-

88 1269 152 1292 σαν,
182 1262 247 1296 ἡμῖν
273 1261 442 1295 ἐπετείχισαν
477 1260 653 1295 κατατρέχειν
683 1260 786 1286 ἐκεῖθεν
822 1268 848 1286 κε

939 1268 999 1287 uam
1016 1261 1232 1295 inexpugnabile,
1255 1265 1284 1288 ut
1300 1261 1351 1296 ipsi
1374 1263 1483 1297 quidem
1508 1268 1614 1298 putant.
1635 1273 1697 1299 pro-

89 1306 194 1340 βάλλειν
210 1306 264 1332 τῶν
285 1306 430 1341 ὀρθοδόξων
451 1306 500 1342 τὴν
518 1305 644 1340 φάλαγγα
669 1306 849 1341 μηχανώμενοι

942 1306 1101 1342 ugnaculum
1117 1307 1195 1334 nobis
1210 1307 1385 1342 objeceruut:
1403 1308 1453 1335 hoc
1470 1310 1574 1337 scilicet
1590 1311 1702 1338 molien-

88 1350 201 1383 πολλούς
217 1360 246 1378 τε
268 1351 376 1386 δεσμεῖν
391 1353 425 1387 τῇ
449 1351 534 1386 πλοκῇ
558 1351 603 1378 τοῦ
624 1351 787 1387 ζητήματος.
805 1361 815 1377 1
841 1352 847 1360 '

938 1360 972 1384 as,
986 1357 1015 1378 ut
1031 1352 1093 1379 inde
1108 1353 1135 1379 in
1147 1353 1313 1380 orthodoxos
1329 1354 1476 1387 iurum-re,
1494 1364 1588 1383 omnes
1604 1364 1698 1384 eorum

87 1397 174 1442 Λόγος
189 1397 257 1433 σὰρξ
284 1397 401 1432 ἐγένετο,
424 1407 433 1422 ι
449 1397 530 1429 αὐτὸς
553 1399 567 1423 ὁ
584 1397 652 1432 σὰρξ
667 1397 821 1432 γενόμενος,
839 1406 847 1423 ’1

942 1404 1037 1432 npetus
1058 1399 1235 1433 propulsare,
1261 1403 1288 1426 et
1312 1400 1471 1434 qumstionis
1491 1401 1573 1435 hujus
1597 1403 1702 1437 laqueis

89 1441 173 1473 πάθος
190 1442 306 1474 ἐδέξατο.
323 1442 370 1473 Τίς
394 1442 423 1468 οὐ
448 1442 552 1477 φρίττει
575 1441 622 1477 τὴν
643 1442 696 1469 τῶν
718 1443 849 1478 εἰρημένα

941 1445 1020 1472 mltos
1042 1444 1149 1472 irretire
1174 1445 1288 1479 possint.
1306 1444 1384 1477 Nam,
1411 1455 1420 1470 1
1439 1445 1557 1474 Verbum
1578 1456 1642 1475 caro
1663 1449 1701 1476 fa-

89 1488 233 1520 ἁπόνοιαν;
259 1488 294 1514 Τὸ
311 1487 499 1524 γεγραμμένον
522 1487 718 1522 ἀποκόψαντες,
735 1486 821 1519 εἷπον,
838 1497 849 1514 ἰ

942 1494 995 1516 tum
1010 1493 1062 1521 est,
1083 1499 1093 1515 ι
1110 1490 1333 1525 interpretantur,
1344 1490 1461 1518 Verbum
1477 1493 1504 1519 iu
1521 1501 1630 1521 carnem
1639 1502 1702 1522 con-

89 1534 127 1569 μὴ
142 1534 169 1560 δὲ
180 1534 369 1569 γεγραμμένον
384 1534 606 1569 ὲκαινοτόμησαν.
623 1534 651 1560 Ὀ
661 1533 715 1569 γὰρ
727 1533 811 1560 εἰπὼν
825 1533 849 1560 τί

941 1543 1026 1563 ersum
1051 1537 1170 1572 suscepit
1198 1536 1362 1571 passionem.
1386 1537 1454 1570 Quis
1470 1546 1523 1565 non
1546 1540 1626 1566 istam
1642 1548 1701 1568 ver-

90 1589 100 1606 1
117 1581 145 1606 '0
153 1579 238 1613 Λόγος
248 1578 314 1614 σὰρξ
327 1579 458 1613 ὲγένετο,ι
470 1578 621 1614 προσέθηκε
635 1579 682 1605 καὶ
695 1578 735 1610 τὸ,
745 1587 754 1604 1
770 1579 850 1614 Ἐσκή

941 1589 1014 1608 orum
1026 1582 1136 1610 horreat
1146 1583 1282 1610 vesaniam
1292 1582 1375 1616 iQua:
1388 1584 1488 1618 scripta
1500 1589 1617 1620 sulnt.,ea
1629 1594 1701 1614 rese-

87 1634 172 1653 νωσεν
184 1626 213 1651 ἐν
223 1626 288 1660 ἡμῖν
298 1633 305 1640 ν
324 1634 333 1651 ι
347 1625 389 1651 ἵνα
407 1624 488 1651 διπλᾶ
504 1625 642 1659 νοήσωμεν
656 1623 757 1654 εὐθέως
771 1623 804 1650 τὰ
818 1632 847 1658 οη

939 1632 992 1658 ant,
1005 1635 1065 1662 qua:
1081 1635 1144 1654 vero
1156 1628 1255 1663 scripta
1270 1635 1322 1656 nou
1340 1633 1414 1660 sunt,
1430 1629 1607 1657 inuovarunt.
1627 1630 1699 1659 Idem

89 1673 249 1709 μαινόμενα,
269 1671 314 1698 τὸν
341 1671 437 1705 Λόγον,
459 1671 507 1706 τὴν
529 1671 627 1706 σάρκα,
645 1670 676 1696 τὺ
693 1669 818 1705 σκηνοῦν,
837 1678 849 1696 τ

937 1672 998 1707 ιθδ
1017 1673 1089 1700 enim
1105 1674 1151 1707 qui
1167 1673 1234 1700 dixit
1249 1681 1256 1699 :
1276 1682 1285 1698 1
1302 1674 1417 1701 Verbum
1433 1681 1497 1701 caro
1516 1675 1673 1708 factumest,
1688 1687 1697 1703 ι

89 1719 271 1755 πηνοὺμενον
280 1727 286 1733 ·
297 1719 344 1745 καὶ
353 1719 420 1754 μήτε
429 1718 543 1753 τροπὴν,
555 1718 624 1753 μήτε
639 1716 790 1748 ἀλλοίωσιν,
799 1716 849 1751 μήτ

939 1718 1060 1753 ubjunxit
1075 1724 1101 1746 et
1116 1719 1193 1750 illud,
1209 1728 1219 1744 1
1242 1718 1378 1746 Habitavit
1393 1720 1418 1746 in
1433 1720 1521 1752 nobis,
1543 1729 1554 1747 ι
1569 1725 1597 1748 ut
1610 1723 1699 1757 dupli-

86 1774 112 1791 τι
125 1765 229 1792 τοιοῦτο
253 1764 298 1791 ἐπὶ
318 1764 366 1799 τῆς
384 1764 518 1799 ἀτρέπτου
534 1763 626 1794 οὐσίας
648 1762 816 1798 ὲκλάῦωμεν.
833 1763 846 1788 "J

941 1769 959 1788 la
974 1762 1063 1789 statim
1083 1770 1262 1797 agnoscamus
1279 1764 1441 1798 signiﬁcata,
1462 1764 1580 1793 Verbum
1599 1771 1625 1793 et
1640 1775 1701 1794 car-

87 1811 141 1847 γᾶρ
156 1812 188 1838 ἂν
202 1809 272 1840 εἶπε,
287 1810 421 1845 Σκήνωμα
436 1809 551 1843 ἐγένετο,
568 1809 618 1835 οὐκ.
636 1818 645 1834 1
660 1809 825 1844 Ἐσκήνωσεν
838 1809 847 1835 ὲ

938 1815 998 1835 em:
1014 1807 1079 1835 illud
1095 1809 1166 1843 quod
1177 1809 1290 1841 habitat,
1306 1814 1333 1836 et
1349 1809 1414 1836 illud
1430 1810 1456 1836 in
1473 1819 1528 1845 quo
1547 1812 1698 1846 habitatur,

87 1854 262 1892 ὴςιῖνμεῖπερ
277 1854 344 1889 αὑτὴ
364 1854 380 1888 ή
397 1854 442 1880 τοῦ
459 1854 545 1888 Λόγου
557 1853 635 1888 φύσις
653 1854 692 1884 εἰς
702 1853 801 1889 σαρκὸς
816 1852 847 1887 φύ

942 1872 945 1879 .
959 1853 1121 1881 immutabili
1146 1855 1307 1882 substantia:
1326 1863 1376 1882 nec
1391 1861 1579 1888 mutationem,
1597 1866 1647 1885 nec
1659 1857 1702 1885 al-'

88 1910 130 1929 σιν
154 1902 279 1937 μετέστη.
301 1901 370 1927 Ἀλλ’
391 1901 440 1935 οὐχ
461 1898 516 1926 οἷόν
529 1909 558 1926 τε
573 1899 731 1934 λογίσασθαι
746 1899 809 1935 περὶ
820 1908 848 1926 το

939 1900 1089 1930 arationem.
1115 1908 1166 1928 nec
1189 1901 1277 1928 simile
1298 1901 1362 1935 quid
1388 1902 1567 1936 assignemus.
1593 1904 1699 1939 Alioqui

87 1949 208 1984 λέγοντος
219 1957 226 1963 θ
244 1957 253 1974 ι
273 1948 366 1980 Ἴδετε,
386 1947 465 1978 ἴδετε,
479 1948 520 1974 ὅτι
540 1946 595 1981 ἐγώ
613 1948 680 1982 εἰμι,
692 1947 739 1973 καὶ
755 1947 804 1973 οὐκ
819 1946 847 1981 η)

937 1945 990 1971 nim
1007 1945 1130 1979 dixisset.
1141 1945 1330 1974 Hahitaculum
1345 1947 1505 1980 l'actumest,
1521 1957 1575 1976 non
1591 1959 1600 1974 1
1617 1950 1697 1977 Habi—

87 1996 211 2030 λοίωμαι.
229 2004 237 2019 ι
252 1994 312 2025 Πῶς
321 1992 366 2021 οὖν
379 1994 426 2020 καὶ
437 1994 544 2028 ἐγένετο
555 1993 632 2029 σὰρξ,
645 1993 691 2020 καὶ
698 1993 747 2020 οὐκ
757 1992 847 2028 ὴλλοίο

938 1992 984 2019 Ivit
998 1992 1024 2018 in
1036 1993 1115 2020 nobis
1129 2003 1135 2020 ;
1152 2002 1162 2019 ι
1175 1993 1307 2028 siquidem
1323 1998 1420 2021 natura
1438 1994 1519 2023 Verbi
1532 1996 1557 2022 in
1575 2001 1698 2024 naturam

86 2049 148 2074 ταις
165 2040 203 2076 τῷ
214 2039 345 2074 ὲνωθῆναι
373 2039 464 2074 σαρκὶ,
489 2039 519 2065 οὐ
543 2038 582 2074 τῷ
601 2038 811 2074 μεταποιηοῆναι
827 2040 846 2064 εἰ

938 2039 1008 2065 arnis
1024 2037 1119 2066 fuisset
1135 2043 1247 2066 mutata.
1270 2040 1301 2067 At
1314 2041 1489 2069 mutationem
1514 2042 1630 2076 aliquam
1658 2043 1698 2070 fa-

87 2087 184 2123 σάρκα.
196 2086 241 2112 Διὸ
256 2086 303 2112 καὶ
313 2085 434 2119 λέγεται,
455 2094 464 2110 1
487 2084 658 2121 Ἐφανερώθη
673 2084 764 2119 σαρκὶ,
791 2093 801 2110 ι
818 2084 847 2110 οὐ

939 2088 988 2111 tam
1004 2085 1100 2112 essein
1116 2093 1149 2113 eo
1165 2086 1211 2120 qui
1227 2085 1304 2118 dicit,
1321 2096 1330 2112 1
1355 2087 1458 2118 Videte.
1472 2088 1640 2123 videte,quia
1650 2097 1699 2124 ego

93 2131 265 2168 Ἐφανερώθη
279 2133 295 2167 ἡ
309 2131 391 2166 σάρξο
415 2131 472 2162 καὶ,
489 2140 499 2157 1
522 2131 681 2165 Σπέρματος
700 2130 832 2166 Ἀϐραὰμ,

939 2139 988 2162 um,
1009 2135 1099 2158 etnon
1116 2137 1205 2158 mutor
1221 2131 1255 2164 "‘,
1277 2143 1286 2159 ι
1303 2134 1387 2161 nullis
1409 2134 1535 2169 colligere
1550 2135 1699 2162 rationibus

87 2179 179 2216 φησὶν,
197 2188 205 2204 ι
216 2178 362 2205 ἐπελάϐετο
371 2186 378 2192 ·
393 2187 401 2203 ι
412 2178 442 2204 οὑ
457 2177 569 2212 Σπέρμα
583 2176 707 2211 Ἀϐραὰμ
721 2175 847 2202 ἀλλοιωθὲ

938 2184 1074 2204 assumus.
1095 2176 1236 2209 Quomodo
1258 2178 1340 2212 igitur
1359 2187 1423 2206 caro
1452 2179 1556 2212 factus,
1579 2184 1698 2207 mutatus

85 2225 207 2259 ἐγένετο·
233 2224 290 2255 καὶ,
303 2233 311 2248 ι
324 2223 395 2250 Ναὸν
409 2223 470 2258 ἔσχε
487 2223 516 2249 τὸ
534 2222 621 2257 σῶμα,
637 2232 645 2248 ι
668 2222 718 2248 οὐκ
740 2222 786 2252 Et;
802 2223 845 2247 ναί

939 2227 1006 2250 utem
1017 2230 1070 2250 non
1081 2223 1228 2250 est?C.1rui
1238 2224 1307 2251 uniri
1317 2229 1418 2252 nonest
1427 2225 1452 2252 in
1463 2233 1569 2253 carnem
1581 2233 1699 2253 commu-

87 2270 301 2307 μεταϐἐόληται·
327 2270 383 2301 καὶ,
400 2269 449 2294 1'0
469 2269 497 2294 ὲν
522 2269 613 2304 μορφῇ
640 2266 708 2294 Θεοῦ
733 2267 847 2303 ὑπάρχω

938 2271 981 2297 ιιί.
991 2271 1088 2304 Quaest
1097 2277 1179 2297 causa
1187 2274 1229 2298 est
1241 2279 1289 2298 cur
1303 2271 1418 2304 dicatur,
1439 2281 1448 2296 1
1460 2271 1646 2299 Mauifestatus
1657 2277 1698 2299 est

88 2318 192 2352 μορφὴν
203 2316 294 2343 διώλου
303 2315 408 2348 ἐλαϐεν,
423 2314 466 2341 »οὐ
479 2314 577 2350 Μορφὴ
595 2314 687 2340 δούλου
696 2313 814 2347 γέγονεν.
835 2313 848 2339 Ε

938 2325 948 2343 ι
963 2325 1045 2344 carne
1059 2317 1092 2349 δ’,
1106 2327 1116 2343 ι
1126 2325 1179 2344 non
1190 2317 1358 2344 lliauil'estata
1367 2321 1408 2344 est
1424 2325 1498 2345 caro.
1519 2317 1559 2348 Et,
1571 2327 1580 2342 1
1601 2317 1698 2345 Semen

85 2365 113 2391 δέ
123 2373 164 2396 τις
179 2362 336 2398 φιλονεικῶν
346 2362 376 2389 οὐ
394 2361 552 2397 βούλεταιτδ
569 2359 606 2394 τῷ
616 2359 673 2394 Θεῷ
687 2360 790 2395 πρέπον
805 2367 845 2385 σκι

938 2362 1034 2389 λὺτιιΙιιιέ
1046 2363 1203 2397 assumpsit,
1216 2372 1226 2388 ι
1245 2362 1332 2397 inquit
1347 2363 1494 2398 Apostolus
1505 2363 1527 2379 "
1541 2372 1548 2390 :
1564 2370 1630 2394 non,
1648 2362 1698 2390 Se-

85 2412 156 2441 πεῖν,
173 2410 239 2436 ἀλλὰ
259 2408 392 2435 δουλεύειν
412 2408 472 2439 ταῖς
501 2406 645 2437 συλλαϐαῖς
666 2406 730 2432 ἄνευ
749 2405 845 2432 διανοίη

938 2415 979 2435 Ien
994 2407 1108 2435 Abraha’.
1123 2407 1282 2435 immutatus
1298 2407 1386 2435 factus
1398 2413 1449 2436 est.
1467 2408 1509 2440 Et,
1529 2417 1538 2434 1
1557 2408 1698 2443 Tempium

85 2455 222 2487 εὐσεδοῦς,
251 2455 360 2482 ἅπαντά
373 2463 404 2480 τε
430 2454 555 2480 ἀπαιτεῖν
569 2451 603 2478 τὰ
620 2451 656 2487 μὴ
667 2451 758 2477 δέοντα
767 2459 774 2466 υ
787 2458 845 2484 γινυ

937 2453 1012 2481 abuit
1032 2461 1142 2488 corpus,
1158 2463 1168 2479 ι
1187 2461 1254 2485 non,
1274 2453 1301 2480 In
1317 2454 1446 2488 templum
1473 2461 1621 2481 conversus
1645 2457 1697 2481 est.

86 2503 173 2530 σκέτω
184 2500 336 2536 σοφώτερον
352 2500 446 2527 ἑαυτὸν
454 2500 502 2535 τῆς
510 2499 619 2534 χάριτος
631 2497 677 2523 τοῦ
688 2497 764 2531 ἁγίου
781 2496 846 2523 Πνειί

941 2502 960 2529 t.
977 2507 985 2523 1
1001 2497 1069 2525 Cum
1082 2498 1108 2525 iu
1124 2499 1210 2525 forma
1224 2497 1270 2525 Dei
1281 2501 1364 2529 esset.
1377 2498 1490 2525 formam
1506 2498 1577 2526 servi
1591 2505 1697 2524 assunt-

87 2556 170 2583 ματος
185 2547 351 2581 ἀποφαίνων,
366 2546 412 2573 καὶ
429 2546 466 2581 μὴ
488 2545 628 2580 δεχόμενος
639 2543 687 2578 τὴν
702 2542 806 2569 ἐκεῖθεν
828 2550 847 2567 v1

939 2543 972 2570 sit
982 2543 1016 2575 ¹¹¹,
1027 2554 1037 2570 ι
1048 2551 1113 2576 non,
1126 2543 1222 2571 Forma
1246 2543 1317 2571 servi
1335 2543 1422 2570 factus
1440 2547 1490 2571 est.
1513 2543 1589 2575 Quod
1601 2543 1623 2570 si
1637 2543 1699 2578 quis

87 2594 223 2631 μοθεσίαν,
237 2593 287 2629 τὴν
305 2593 349 2620 διὰ
376 2592 480 2619 πολλῶν
501 2590 597 2626 φωνῶν
610 2589 698 2625 ἱερῶν,
718 2589 756 2621 ὡς
773 2589 847 2624 προεί

935 2590 1115 2620 ontentiosus,
1132 2589 1198 2616 nolit
1208 2597 1268 2624 qua:
1284 2589 1367 2616 Deum
1384 2588 1618 2623 dercntcogitare,
1635 2587 1695 2620 sed.

86 2649 175 2678 ρηται,
199 2640 384 2675 σαφηνίσαπαν
404 2640 468 2674 ἡμῖν
482 2638 528 2665 τοῦ
545 2635 626 2673 ῥητοῦ
646 2636 694 2671 τὴν
706 2635 829 2670 δύναμιν,

937 2635 961 2662 ia
979 2635 1079 2669 rejecta
1093 2639 1195 2666 mente.
1205 2635 1318 2671 syllabis
1333 2634 1475 2664 inservire,
1493 2634 1636 2668 omniaque
1649 2641 1697 2669 pe-

83 2689 115 2715 σι’τ-
128 2687 189 2722 δίχα
202 2687 359 2722 τολμήσεως
377 2686 423 2712 καὶ
441 2684 529 2720 μάχην
549 2682 703 2716 ἐπεισάγειν
719 2682 774 2712 τοῖς
785 2679 839 2706 θείο

935 2689 973 2708 are
989 2688 1049 2716 quae
1064 2681 1177 2715 petenda
1191 2681 1302 2708 minime
1316 2684 1422 2715 oportet
1440 2689 1446 2707 :
1459 2679 1564 2706 noverit
1578 2679 1632 2711 ille.
1655 2687 1695 2710 se,

83 2735 181 2768 λόγοις,
197 2734 245 2760 καὶ
258 2731 311 2760 τῶν
326 2731 416 2766 ἁγίων,
429 2731 579 2766 δογμάτων,
591 2729 629 2760 ὡς
643 2728 770 2754 ἐναντίων
788 2725 843 2753 ἀλλι

935 2730 964 2752 ut
982 2726 1068 2753 multo
1092 2726 1284 2761 sapientiorem
1303 2732 1373 2757 esse,
1390 2731 1440 2752 suo
1452 2724 1564 2759 judicio,
1578 2723 1695 2758 Spiritus

83 2781 149 2811 λοις,
164 2777 400 2814 καταψηφίζεσθαι
412 2785 419 2793 ·
431 2777 508 2811 εἴπερ
522 2775 642 2802 ἐναντίον
652 2774 692 2806 τὸ,
711 2783 720 2799 1
745 2772 843 2807 Ἐγένει

936 2772 1006 2800 ancli
1032 2772 1130 2807 gratia,
1152 2779 1203 2799 nec
1225 2771 1367 2798 admittere
1378 2769 1527 2805 profectam
1551 2770 1614 2797 inde
1628 2769 1696 2805 legis

120 2857 140 2872 "
160 2855 238 2883 Joan.
258 2863 284 2888 1,
303 2854 346 2882 14.
385 2853 406 2869 ⁸³
425 2853 492 2893 Mala
510 2853 537 2880 h.
556 2860 602 2886 ιιι,
620 2851 646 2879 ο.
685 2852 706 2867 δ’
727 2850 735 2876 Ι
754 2849 824 2877 Tim.
845 2857 874 2876 ιιι

845 2857 894 2882 ιιι,
914 2849 955 2877 l6.
994 2850 1015 2866 '°
1037 2848 1118 2877 Hebr.
1137 2857 1174 2881 ιι,
1194 2848 1236 2877 l6.
1275 2848 1295 2864 "
1316 2847 1432 2883 Philipp.
1451 2855 1490 2880 ιι,
1508 2846 1542 2879 6,
1561 2848 1586 2875 7.
