1926 3068
223 123 292 152 135']

223 180 403 213 sanctionem,
429 188 489 215 qua!
507 183 548 207 tot
565 180 663 212 sacris.
685 189 744 215 qua:
764 174 844 217 patilo
858 186 920 208 ante
935 188 1009 207 (‘om-
1028 183 1047 211 Α

224 230 381 254 memoratae
410 230 484 256 sunt.
498 227 622 258 vocibus,
638 228 713 254 verbi
734 229 814 255 nobis
833 228 887 254 vim
905 227 1009 262 liquido

223 273 360 308 explanat.
373 277 419 299 aut
443 273 571 299 audacter
593 273 692 300 bellum
713 275 799 301 sacris
811 274 932 301 oraculis
949 281 1009 299 mo—

224 326 298 349 vere.
329 323 356 345 et
381 318 506 352 dogmata
531 323 635 350 sancta,
652 323 681 345 ut
697 319 749 346 sibi
776 320 843 354 ipsis
868 319 1008 354 opposita,

225 364 409 391 condemnare
426 373 432 390 :
450 364 472 390 si
491 363 570 390 modo
587 363 659 390 dit-ta
677 365 728 391 ista
743 365 812 391 inter
823 371 852 391 sc
868 366 1008 398 pugnant:

228 419 238 435 ι
255 409 328 436 Caro
342 409 443 435 factum
468 413 520 440 est,
552 418 560 434 ι
576 413 612 440 et,
637 419 645 434 ι
667 409 791 436 Formam
809 409 880 436 servi
902 416 1010 436 assum—

225 455 290 490 psit.
302 465 310 481 ι
323 454 374 482 Sed
389 463 472 490 apage
486 463 612 490 perverse
629 456 719 482 homo.
732 455 785 482 Nec
805 455 877 482 enim
891 459 1012 481 mutatur

225 500 366 530 divinitas.
382 509 430 528 nec
446 509 538 528 secum
569 505 670 536 pugnat
685 500 824 536 Scriptura
846 508 932 526 sacra.
950 499 1012 526 "mc

225 547 299 574 enim
327 546 442 574 auditori
473 547 597 573 veritatis
620 547 719 581 cupido
734 547 907 580 semetipsam
929 546 1012 572 inter-

226 596 350 628 pretatur
368 600 374 617 ι
394 596 468 619 recte
491 592 603 626 intelligi
625 592 702 618 fat-ile
719 596 818 626 potest.
835 591 941 625 sibique
960 590 1011 624 ipsi

226 638 375 666 consentit.
393 637 468 664 llanc
481 638 572 672 itaque
587 638 657 672 piam
680 637 852 666 sententiam.
866 637 948 663 divini
962 644 1013 662 no-

227 685 270 712 bis
297 685 359 711 libri
385 684 566 710 tradiderunt.
583 683 641 710 Vox
671 688 760 710 autem
780 693 788 708 ι
807 682 983 713 Faelumcst,
1001 692 1010 708 ι

227 730 290 757 ideo
305 730 403 764 scripta
414 734 474 759 est,
491 737 545 755 non
563 734 591 756 ut
603 728 683 756 Verbi
703 729 786 755 divini
805 729 1012 756 conversionem

227 776 422 810 cogitaremus,
455 775 501 802 sed
517 779 546 801 ut
564 782 697 801 summam
709 775 749 801 sic
766 774 894 801 unionem
914 781 1014 808 cogno—

228 829 367 854 sceremus
380 842 387 853 ,
401 821 619 856 quandoquidem
636 825 662 847 et
677 824 817 855 peccatum
833 828 886 847 non
903 819 1013 854 quidem

228 867 337 898 fecisse,
353 867 399 894 sed
415 867 504 894 [actus
519 867 603 894 fuisse
618 867 738 894 dicitur:
756 876 765 892 ι
785 866 852 894 Eum
868 869 951 902 enim,
968 868 1014 903 qui
1032 876 1052 903 η

229 921 284 940 non
313 913 387 939 novit
406 918 559 947 peccatum,
579 922 588 938 ι
608 913 646 938 ait
663 912 818 946 Sariptura,
834 922 843 938 ι
865 921 914 948 pro
936 913 1015 940 nobis

229 962 369 994 peccatum
389 957 452 984 fecit
466 959 506 990 ⁸¹;
527 967 535 982 ι
556 965 609 984 non
622 957 694 992 quod
714 957 832 984 Verbum
848 960 889 985 vel
906 958 933 985 in
950 965 1015 993 pec—

227 1004 282 1031 cati
306 1004 492 1039 operationem
515 1003 597 1030 fuerit
621 1010 796 1034 conversum,
809 1003 851 1030 vel
873 1008 1014 1038 peccatum

229 1049 341 1082 fecerit,
359 1050 404 1076 sed
421 1049 493 1084 quod
509 1055 600 1076 nostra
613 1053 722 1083 peccata
731 1049 888 1084 sumpserit,
904 1049 1015 1076 eadem-

228 1104 284 1132 que
308 1096 468 1122 sustulerit:
485 1096 562 1129 juxta
591 1095 657 1121 illud
673 1104 678 1121 ι
696 1104 705 1119 ι
723 1095 782 1130 ipse
813 1095 884 1122 enim
903 1098 1014 1130 peccata

229 1146 322 1169 nostra
339 1142 409 1168 tollit
421 1141 455 1168 ³³.
470 1150 480 1167 ι
492 1140 725 1173 Quemadmodum
742 1140 825 1176 igitur
836 1146 976 1174 peccatum
988 1145 1014 1167 et

229 1188 405 1216 maledictum
435 1186 522 1213 iactus
549 1191 602 1217 est.
630 1186 690 1213 sine
712 1190 802 1212 tamen
819 1186 1012 1213 conversione:

229 1234 267 1261 ita
283 1238 313 1261 et
327 1241 392 1260 caro
407 1232 494 1260 factus
507 1237 558 1264 est,
578 1240 633 1259 non
658 1232 685 1258 in
712 1239 822 1259 carnem
852 1239 1012 1263 conversus,

230 1280 278 1307 sed
297 1279 336 1306 illi
359 1279 462 1306 uuitus.
479 1279 565 1313 Atque
587 1278 650 1304 hinc
665 1281 706 1305 est
722 1277 793 1312 quod
809 1278 890 1304 homo
907 1285 1015 1312 quoque

230 1333 278 1361 per
291 1325 368 1352 (idem
393 1331 420 1352 et
432 1325 546 1360 graliam
564 1323 617 1351 Deo
631 1325 850 1359 conglutinatus,
866 1333 938 1352 unus
958 1325 1015 1360 spi-

230 1371 300 1398 ritus
323 1371 439 1398 dicatur.
465 1380 474 1396 ι
491 1371 542 1404 Qui
567 1371 686 1398 adhmret
714 1370 843 1404 Domino,
868 1371 916 1403 ait,
944 1379 1015 1399 unus

231 1418 344 1452 spiritus
360 1422 401 1444 est
419 1418 460 1444 διε
476 1425 548 1445 mon
560 1417 632 1452 quod
649 1418 729 1445 homo
752 1417 779 1444 in
800 1418 909 1445 deitatis
933 1422 1014 1445 natu-

231 1471 289 1490 ram
302 1472 452 1492 conversus
467 1465 513 1497 sit,
539 1464 587 1491 sed
603 1464 675 1499 quod
698 1465 834 1499 ejusmodi
856 1464 1015 1498 conjunctio

231 1510 397 1545 spiritualem
433 1510 592 1545 dignitatem
630 1511 682 1545 ipsi
717 1511 828 1537 tribuat.
871 1509 1013 1538 Consimili

231 1556 323 1587 modo,
354 1565 363 1581 ι
391 1555 509 1583 Verbum
536 1564 600 1583 caro
628 1557 728 1583 factum
750 1567 759 1583 ι
776 1557 888 1589 dicitur,
910 1565 963 1584 non
989 1556 1051 1584 inC

231 1602 323 1630 carnis
348 1607 473 1629 naturam
502 1610 676 1634 conversum,
707 1603 754 1630 sed
781 1603 858 1630 carni
890 1604 1013 1631 unitum:

230 1647 458 1682 quemadmodum
483 1647 564 1675 homo
595 1657 703 1684 quoque
717 1648 774 1676 Deo
790 1649 933 1684 copulatus
953 1649 1016 1684 Spi-

231 1693 300 1720 ritus
311 1701 371 1720 esse
388 1693 498 1726 dicitur,
526 1701 582 1721 non
593 1695 666 1729 quod
690 1695 872 1722 substantiam
894 1695 1016 1722 amiserit

231 1739 380 1774 prapriam,
391 1739 438 1766 sed
454 1739 525 1773 quod
544 1739 570 1765 iu
592 1739 711 1774 Spiritus
729 1741 948 1768 communionem
969 1749 1015 1768 ve-

231 1784 312 1809 nerit.
325 1782 388 1815 Qua:
402 1788 466 1810 sunt
481 1783 700 1812 adversariorum
716 1786 850 1820 argutia?
863 1786 941 1819 Quod
957 1791 1016 1814 erat

231 1827 342 1859 mansit,
354 1828 424 1861 quod
441 1835 495 1854 non
521 1833 580 1854 erat
598 1828 684 1856 iactus
699 1834 749 1857 est.
769 1829 850 1865 Igitur
867 1835 913 1857 aut
928 1831 1015 1859 divisa

230 1876 274 1899 est
303 1878 398 1898 natur;l
425 1872 573 1905 individua,
590 1877 617 1900 et
630 1882 694 1908 pars
705 1874 814 1909 quidem
830 1883 883 1901 una
899 1877 1014 1908 mansit,

232 1917 318 1944 altera
346 1923 450 1944 mutata
475 1927 532 1952 est;
559 1923 605 1946 aut
631 1923 716 1946 totum
742 1925 875 1947 mutatum
898 1926 950 1953 est,
971 1927 1016 1949 ςιιη

232 1963 323 1997 specie
351 1962 452 1990 factum
472 1968 524 1995 est,
537 1969 584 1991 aut
603 1965 656 1991 diei
672 1965 718 1991 illa
729 1966 838 2000 quidem
854 1964 962 1999 debent.
978 1968 1018 1995 iu-

231 2008 316 2041 telligi
340 2015 394 2035 non
421 2008 529 2036 debent.
548 2010 614 2043 Quis
631 2010 714 2045 igitur
734 2011 809 2038 vcrbi
827 2012 895 2039 nihil
911 2013 1016 2047 signiﬁ-

231 2055 321 2082 cantis
345 2055 428 2082 usus?
445 2055 544 2083 Verum
568 2057 643 2083 utab
663 2057 740 2084 initio
763 2058 892 2085 traditum
904 2063 956 2089 est.
976 2058 1017 2085 [ir-

232 2108 305 2128 mum
317 2105 368 2133 est,
377 2106 401 2128 et
412 2102 482 2137 quod
495 2103 596 2129 dictum
607 2108 657 2134 est,
665 2107 691 2130 et
700 2105 770 2138 quod
781 2104 856 2132 velut
867 2104 1015 2132 obscurum

232 2146 295 2174 inde
311 2153 496 2183 consequitur.
508 2148 608 2182 Estque
626 2149 814 2184 interpretatio
829 2151 975 2185 perspicua
989 2155 1016 2178 ct

232 2193 367 2219 sententia
389 2193 441 2228 pia.
457 2198 483 2220 et
502 2195 574 2229 quod
591 2194 648 2221 ﬁeri
672 2203 726 2222 nun
747 2200 846 2230 potest,
864 2197 1014 2232 expugnari

232 2245 286 2264 non
303 2243 400 2273 potest.
416 2238 485 2266 Nihil
498 2239 541 2267 hic
565 2240 704 2273 indecens,
729 2249 780 2268 nec
795 2242 944 2269 contradici
964 2243 1016 2270 tide

233 2284 392 2320 dignissimo
404 2286 579 2320 plurimorum
591 2292 740 2323 martyrum
751 2289 906 2317 testimonio
915 2295 1014 2325 potest.

234 2329 314 2357 Salva
335 2336 425 2358 manet
438 2335 465 2358 et
482 2333 632 2361 divinitatis
650 2334 866 2367 innnntabilitas,
879 2341 905 2363 et
921 2338 1013 2371 passio

233 2376 338 2411 templi,
351 2382 379 2404 ut
390 2383 504 2410 vocant,
529 2387 584 2406 non
600 2387 664 2406 vero
686 2381 847 2409 suscitantis
868 2382 937 2410 illud
954 2384 1012 2411 Dei.

233 2422 303 2456 Quid
320 2423 392 2457 quod
406 2424 553 2451 secundum
566 2426 643 2459 istos,
660 2434 695 2453 ne
710 2431 796 2454 mater
808 2427 918 2462 quidem
933 2428 1015 2456 fuerit

232 2467 325 2504 Virgo.
342 2469 370 2496 Si
382 2472 453 2497 enim
467 2469 586 2498 Verbum
607 2473 727 2507 seipsum
742 2472 807 2500 fecit
822 2482 943 2506 carnem,
958 2482 1014 2502 non

230 2524 264 2543 ex
277 2516 322 2542 illa
338 2524 448 2544 carnem
471 2519 635 2546 assumendo
659 2520 768 2554 prodiit.
785 2519 927 2553 Quomodo
937 2523 1011 2549 enim

231 2565 329 2593 mater.
353 2562 432 2596 cujus
454 2563 526 2597 quod
549 2567 642 2590 natum
659 2569 712 2596 est,
734 2565 802 2592 nihil
819 2573 911 2592 secum
931 2566 1014 2602 496

231 2604 325 2632 ειῐῙειιῚ
353 2606 494 2639 Quomodo
520 2613 615 2642 partus
649 2609 755 2636 dicatur
791 2614 938 2638 extraneus
969 2612 1014 2638 ille

231 2651 310 2685 quasi
335 2660 383 2687 per
399 2654 519 2680 canalem
546 2653 695 2683 transitus?
714 2655 773 2683 Non
790 2656 872 2691 igitur
889 2656 1012 2688 Matrem.

232 2698 279 2725 sed
303 2707 351 2726 vas
368 2698 471 2726 faciunt
486 2699 624 2736 Virginem
651 2709 783 2730 sanctam.
809 2702 879 2736 Quin
900 2711 934 2730 ne
960 2703 1013 2730 hoc

230 2745 340 2779 quidem
355 2746 532 2780 perspiciunt,
544 2754 573 2775 se
585 2747 688 2775 dictum
704 2748 780 2781 illud,
795 2758 804 2774 ι
818 2748 936 2777 Verbum
947 2757 1012 2776 caro

1033 2228 1055 2254 D

802 125 829 152 S.
851 122 1080 151 ATHANASIUS.
1101 138 1136 142 —
1157 121 1269 150 DUBlA.

1786 119 1865 150 1548

1063 179 1140 214 σὰρξ,
1161 188 1169 204 ι
1196 179 1243 206 τοῦ
1274 179 1389 214 Μορφὴν
1403 178 1496 206 δούλου
1525 179 1626 206 λαϐεῖν.
1657 179 1725 206 Ἀλλ’
1752 179 1864 214 ἄπαγε,

1062 225 1175 251 δεῦαιε·
1187 224 1249 251 οὔτε
1266 225 1296 251 τὸ
1313 225 1384 251 Θεῖον
1410 225 1550 260 τρέπεται,
1565 225 1627 252 οὔτε
1643 226 1660 261 ὴ
1678 226 1742 259 ἁγία
1760 226 1866 263 Γραφὴ

1064 271 1131 306 πρὸς
1143 271 1240 306 ἑαυτὴν
1254 270 1425 305 διαμάχεται,
1436 271 1623 307 ἐρμηνεύουσα
1634 275 1689 304 τοῖς
1700 273 1865 308 φιλαλήθως

1063 316 1206 343 ἁκούουσιν
1219 325 1226 331 ·
1248 316 1448 352 εὐπαρὰδεκτός
1474 318 1547 344 ἐστιν
1561 318 1609 353 ὅλη
1630 319 1677 344 καὶ
1699 319 1864 354 σύμφωνος.

1064 362 1119 396 Τὴν
1137 362 1186 396 μὲν
1212 359 1258 388 οὖν
1275 361 1373 397 εὐσεϐῆ
1396 362 1514 389 διάνοιαν
1526 363 1626 398 ταύτην
1639 365 1705 399 ἡμῖν
1727 364 1756 389 αι
1787 363 1864 390 θεῖαι

1065 407 1156 433 Βίϐλοι
1173 407 1366 442 παραδιδόασι*
1383 408 1413 434 τὸ
1425 408 1463 440 δὲ,
1479 417 1488 433 ι
1512 408 1644 443 Ἐγένετο,
1663 419 1672 434 ι
1688 409 1862 444 γέγραπται,

1064 453 1113 488 οὐχ
1130 453 1173 479 ἴνα
1187 453 1234 479 τοῦ
1250 452 1317 479 Θεοῦ
1347 453 1433 487 Λόγου
1459 454 1562 489 τροπὴν
1587 455 1770 489 ἐννοήσωμεν,
1799 455 1863 481 ἀλλ’

1066 498 1108 525 ῐνα
1125 498 1173 533 τὴν
1201 499 1289 533 ἄκραν
1315 499 1411 524 ἕνωσιν
1439 499 1511 525 οὕτω
1541 501 1770 535 κατανοήσωμεν·
1800 502 1862 528 ἐπεὶ

1065 545 1202 580 ἁμαρτίαν
1216 545 1247 571 οὺ
1262 544 1369 578 λέγεται
1386 545 1576 580 πεποιηκέναι,
1594 545 1660 572 ἀλλά
1677 547 1858 582 πεποιῆσθαι·

1068 600 1077 615 ι
1092 591 1144 616 Τὸν
1159 590 1213 626 γάρ
1244 591 1280 626 μὴ
1307 591 1421 624 γνόντα,
1437 600 1447 616 ι
1466 591 1558 627 φησιν,
1587 601 1596 617 ι
1616 592 1763 627 ἁμαρτίαν,
1788 593 1859 628 ὑπὲρ

1065 636 1144 671 ἡμῶν
1167 636 1302 672 ἁμαρτίαν
1323 637 1476 671 ὲποίησεν,,
1489 647 1498 663 ι
1514 638 1544 664 οὐ
1573 637 1612 673 τῷ
1641 639 1859 674 μεταποιηθῆναι

1065 684 1110 708 τόν
1134 682 1219 716 Λόγον
1239 684 1278 714 είς
1304 682 1441 718 ἁμαρτίας
1470 683 1621 718 ἐνέργημα,
1642 684 1659 720 ἦ
1678 686 1859 720 πεποιηκέναι

1067 729 1202 764 ἁμαρτίαν
1216 738 1221 743 ·
1246 728 1313 755 ἀλλά
1326 728 1363 762 τῷ
1380 728 1472 754 λαϐεῖν
1487 729 1536 764 τὴν
1556 729 1693 764 ἡμετέραν
1707 729 1858 765 ἁμαρτίαν,

1067 778 1113 804 καὶ
1135 775 1264 810 ἀφανίσαι
1287 776 1383 810 αὐτὴν,
1397 775 1468 801 κατὰ
1478 775 1508 801 τὸ
1521 776 1712 811 γεγραμμένον
1724 785 1731 792 ο
1747 786 1757 801 ι
1773 777 1860 808 Αὐτὸς

1066 822 1116 853 τὰς
1139 821 1275 857 ἁμαρτίας
1300 821 1378 856 ἡμῶν
1402 821 1485 856 αἴρει.
1510 831 1519 848 ›
1537 822 1642 858 Ὥσπερ
1671 820 1718 849 οὖν
1736 823 1861 858 ἁμαρτία

1068 868 1213 902 πεποίηται
1226 867 1272 893 καὶ
1286 867 1392 903 κατάρα
1408 867 1567 902 γέγονεν,οὐ
1580 867 1619 902 τῷ
1632 871 1858 904 μετατραπῆναι·

1068 914 1138 940 οὓτω
1153 914 1200 940 καὶ
1218 913 1286 948 σὰρξ
1297 913 1413 947 ἐγένετο,
1430 913 1479 939 οὐκ
1492 914 1532 944 είς
1548 913 1650 948 ταύτην
1667 914 1859 949 μεταϐληθεὶς,

1067 959 1152 994 ταύτῃ
1166 959 1194 984 δὲ
1208 958 1330 990 ὲνωοείς.
1354 958 1493 985 Ἐντεῦθεν
1509 959 1556 985 καὶ
1572 959 1725 994 ἄνθρωπος,
1743 960 1806 996 Θεῷ
1819 961 1860 987 διὰ

1068 1005 1184 1036 πίστεως
1200 1004 1340 1039 κολληθεὶς
1353 1005 1400 1031 καὶ
1418 1005 1538 1040 χάριτος,
1553 1005 1582 1031 ἓν
1606 1005 1714 1039 λέγεται
1732 1007 1859 1042 πνεῦμα·

1071 1059 1080 1075 ι
1104 1051 1133 1077 '0
1160 1049 1327 1085 κολλώμενος
1344 1049 1382 1086 τῷ
1409 1051 1515 1086 Κυρίῳ,
1533 1060 1542 1076 ι
1560 1051 1680 1086 φησ¹ιν,ι
1701 1051 1730 1078 ἒν
1751 1052 1862 1088 πνεῦμά

1067 1097 1151 1122 ἐστιν’
1176 1105 1185 1121 ι
1203 1095 1251 1131 οὐχ
1264 1095 1301 1127 ὡς
1317 1095 1363 1122 τοῦ
1377 1096 1520 1133 ἀνθρώπου
1541 1098 1581 1128 εἰς
1602 1097 1651 1133 τὴν
1669 1098 1718 1133 τῆς
1733 1098 1861 1134 θεότητος

1069 1141 1150 1176 φύσιν
1181 1141 1415 1177 μεταϐαλλομένου
1426 1150 1432 1156 ’
1451 1142 1508 1168 ἀλλ’
1523 1143 1560 1174 ὼς
1575 1143 1625 1178 τῆς
1641 1143 1769 1180 τοιαύτης
1800 1153 1860 1171 συν-

1069 1188 1167 1222 αφείας
1175 1188 1223 1223 τὴν
1239 1187 1425 1223 πνευματικὴν
1434 1187 1511 1220 ἀξίαν
1520 1189 1593 1224 αὐτῷ
1607 1189 1793 1225 δωρουμένης.
1811 1191 1861 1217 Τὸν

1067 1233 1148 1260 αὑτὸν
1160 1233 1188 1260 δὲ
1220 1233 1321 1268 τρόπον
1350 1234 1396 1260 καὶ
1420 1235 1433 1260 6
1448 1235 1543 1269 Λόγος,
1570 1235 1620 1261 οὐκ
1639 1236 1678 1267 είς
1696 1236 1800 1271 σαρκὸς
1818 1246 1860 1272 με·

1067 1280 1148 1314 τέστη
1166 1280 1256 1314 φύσιν,
1275 1280 1331 1307 ἀλλ’
1351 1281 1460 1312 ἑνωθεὶς
1484 1281 1576 1316 σαρκὶ,
1603 1281 1671 1317 σάρξ
1686 1282 1799 1316 λέγεται
1817 1291 1862 1317 γε·

1067 1325 1174 1360 γονέναι
1184 1335 1190 1341 ·
1203 1326 1292 1358 καθὼς
1303 1327 1501 1362 καὶᾶνθρωπος
1517 1326 1658 1362 κολληθεὶς
1674 1327 1733 1362 Θεῷ
1751 1328 1862 1363 πνεῦμα

1066 1373 1173 1407 λέγεται
1189 1371 1268 1405 εἶναι,
1290 1373 1327 1409 μὴ
1344 1373 1392 1409 τὴν
1410 1373 1512 1400 οἰκείαν
1525 1373 1618 1400 οὐσίαν
1636 1373 1793 1406 ἀποϐαλὼν,
1812 1375 1861 1410 τὴν

1067 1418 1209 1444 κοινωνίαν
1223 1418 1252 1445 δὲ
1274 1417 1445 1453 προσλαϐών.
1465 1417 1544 1444 ’Λλλά
1564 1418 1590 1444 τί
1603 1418 1632 1444 τὺ
1648 1418 1728 1452 σοᾳὸν
1746 1419 1801 1446 τῶν
1816 1420 1862 1446 ἁν-

1066 1462 1243 1496 τιλεγόντων;
1263 1463 1388 1498 Ἔμεινεν
1411 1462 1426 1488 ὂ
1439 1460 1472 1498 ἦν
1483 1471 1490 1477 ·
1508 1462 1640 1496 ἐγένετοὸ
1657 1463 1706 1489 οὐκ
1728 1461 1780 1499 ἦν’
1801 1465 1862 1499 ἐμε-

1069 1509 1147 1544 ρίσθη
1165 1510 1182 1544 ἡ
1199 1509 1345 1544 ἀμέριστος
1358 1509 1448 1544 φύσις,
1464 1509 1511 1535 καὶ
1536 1508 1566 1535 τὸ
1583 1509 1631 1544 μὲν
1653 1509 1736 1544 αὐτῆς
1757 1509 1861 1546 ἔμεινε.

1067 1556 1098 1582 τὺ
1109 1556 1137 1582 δὲ
1146 1555 1343 1591 μεταϐέϐληται
1355 1564 1361 1570 ·
1379 1555 1438 1590 ἢτδ
1454 1556 1508 1582 πᾶν
1526 1554 1735 1590 μεταϐέϐληται,
1753 1556 1769 1590 ἢ
1788 1557 1861 1583 κατά

1067 1602 1176 1637 δόκησιν
1198 1602 1324 1636 γέγονεν,
1350 1602 1366 1636 ἢ
1388 1601 1516 1636 λέγεσθαι
1545 1602 1594 1636 μὲν
1625 1601 1726 1635 ὀφείλει
1755 1602 1859 1633 ἁπλῶς,

1067 1649 1184 1675 νοεῖσθαι
1201 1648 1229 1674 δὲ
1248 1649 1296 1683 οὐχ
1316 1647 1440 1683 ἁρμόζει.
1458 1647 1512 1674 Καὶ
1522 1647 1563 1679 τίς
1578 1647 1657 1682 χρεία
1669 1647 1756 1681 Λόγου
1775 1649 1859 1683 μηδὲν

1068 1693 1260 1729 σημαίνοντος;
1284 1692 1353 1719 Ἀλλ’
1379 1692 1416 1724 ὡς
1440 1693 1487 1719 ἀπ’
1501 1692 1589 1728 ἀρχῆς
1605 1692 1797 1728 παραδέδοται,
1816 1694 1860 1719 καὶ

1066 1739 1097 1766 τὸ
1113 1740 1256 1775 είρημένον
1272 1739 1389 1774 βέϐαιον,
1415 1739 1462 1766 καὶ
1483 1739 1513 1765 τὸ
1531 1739 1675 1767 ἀκόλουθον
1691 1740 1729 1772 ὡς
1752 1741 1859 1776 ἄδηλον,

1067 1787 1114 1813 καὶ
1127 1787 1142 1822 ἡ
1160 1786 1292 1822 ἑρμηνεία
1305 1786 1402 1821 σαφὴς,
1416 1786 1489 1821 καὶὴ
1508 1786 1611 1813 διάνοια
1630 1787 1756 1822 εὐσεϐὴς,
1770 1789 1819 1814 καὶ
1831 1788 1860 1814 τὺ

1067 1833 1195 1859 ἀδύνατον
1209 1833 1324 1867 ἄμαχον,
1344 1832 1390 1858 καὶ
1404 1832 1433 1858 τὸ
1450 1832 1587 1867 εὐπρεπὲς
1605 1833 1779 1868 συνυπάρχον
1791 1855 1798 1866 ,
1813 1834 1858 1860 καὶ

1066 1879 1097 1906 τὸ
1122 1879 1278 1912 ἀξιόπιστον
1301 1880 1334 1906 ἐκ
1358 1879 1464 1905 πολλῶν
1486 1879 1632 1915 μαρτύρων
1651 1879 1858 1915 ἀναντίρρητον,

1067 1925 1156 1952 καὶτὸ
1182 1925 1315 1960 ἄτρεπτον
1336 1925 1384 1960 τῆς
1405 1924 1529 1960 θεότητος
1546 1925 1653 1957 ἂσυλον,
1669 1927 1716 1952 καὶ
1733 1926 1764 1952 τὸ
1775 1927 1859 1957 πάθος

1066 1969 1113 1996 τοῦ
1140 1970 1286 2005 λεγομένου
1310 1970 1386 2002 ναοῦ,
1401 1969 1431 1996 οὺ
1449 1970 1494 1996 τοῦ
1515 1971 1670 2006 ἐγείραντος
1685 1971 1763 1998 τοῦτο
1780 1971 1857 1999 Θεοῦ.

1067 2016 1138 2051 Πρὸς
1160 2016 1264 2048 τούτοις
1282 2015 1341 2042 οὐδὲ
1368 2016 1384 2050 ἡ
1406 2015 1544 2051 Παρθένος
1557 2018 1654 2043 νοεῖται
1681 2017 1773 2052 μήτηρ
1790 2017 1859 2044 κατά

1066 2062 1111 2088 τὸν
1123 2063 1234 2089 ἐκείνων
1257 2062 1345 2096 λόγον.
1368 2062 1455 2098 Εἴπερ
1472 2062 1567 2088 ἑαυτὸν
1578 2063 1592 2089 ὁ
1605 2062 1690 2096 Λόγος
1707 2063 1796 2098 σάρκα
1812 2072 1858 2090 πε-

1067 2108 1190 2144 ποίηκεν,
1200 2108 1230 2134 οὗ
1248 2109 1336 2143 σάρκα
1348 2107 1437 2135 λαϐὼν
1455 2108 1485 2142 ἐξ
1501 2108 1585 2143 αὐτῆς
1600 2108 1777 2144 προελήλυθε.
1798 2109 1858 2136 Πῶς

1067 2153 1120 2190 γὰρ
1145 2155 1247 2190 μήτηρ,
1266 2151 1299 2190 ἦς
1318 2154 1392 2181 οὐδὲν
1408 2155 1437 2181 τὸ
1453 2154 1548 2190 τεχθὲν
1564 2154 1737 2189 ὲπιφέρεται;
1754 2155 1816 2187 Πῶς
1836 2155 1858 2181 δ’

1068 2200 1100 2226 ἂν
1125 2200 1171 2226 καὶ
1193 2200 1300 2236 λεχθείη
1315 2201 1424 2232 τοκετὸς
1449 2201 1466 2236 ή
1487 2201 1564 2236 δίκην
1590 2201 1708 2238 σωλῆνος
1726 2202 1858 2233 ἀνοίκειος

1070 2245 1204 2280 πάροδος;
1229 2246 1330 2278 Σκεῦος
1358 2245 1404 2273 οὖν
1433 2247 1564 2279 ποιοῦσιν,
1598 2247 1629 2274 οὺ
1667 2247 1785 2283 μητέρα,
1812 2248 1857 2282 τὴν

1069 2291 1149 2326 ἁγίαν
1169 2292 1315 2328 Παρθένον.
1337 2293 1392 2320 Καὶ
1409 2292 1468 2319 οὐδὲ
1482 2292 1561 2319 τοῦτο
1583 2292 1710 2319 δύνανται
1732 2294 1856 2322 συνιδεῖν,

1068 2338 1108 2364 ὅτι
1124 2338 1155 2364 τὸ
1168 2347 1177 2363 ι
1198 2338 1226 2365 '0
1243 2339 1328 2372 Λόγος
1349 2338 1417 2374 σὰρξ
1436 2338 1543 2372 ἐγένετο
1562 2347 1571 2364 ι
1589 2339 1649 2365 καθ’
1674 2339 1780 2365 ἑαυτῶν
1793 2339 1858 2374 μᾶλ-

1068 2384 1113 2410 λον
1136 2384 1341 2420 προϐάλλονται.
1359 2387 1391 2413 Et
1415 2387 1465 2422 μὲν
1489 2387 1543 2423 γὰρ
1563 2386 1642 2418 ἄλλος
1662 2387 1676 2413 ό
1698 2386 1796 2420 Λόγος,
1814 2388 1857 2414 καὶ

1066 2430 1129 2457 ἄλλο
1144 2430 1222 2466 σάρξ,
1249 2431 1305 2463 δύο,
1335 2432 1382 2459 καὶ
1406 2432 1456 2467 οὐχ
1472 2433 1501 2459 ἓν
1514 2441 1519 2447 ·
1535 2433 1559 2459 ει
1577 2432 1606 2459 δὲ
1623 2432 1654 2459 τὸ
1670 2432 1736 2459 αὐτὸ
1747 2433 1762 2459 ὁ
1774 2433 1858 2467 Λόγος

1066 2475 1113 2502 καὶ
1127 2476 1144 2511 ή
1159 2475 1237 2512 σὰρξ,
1256 2476 1287 2503 τό
1298 2486 1307 2502 ι
1321 2477 1443 2510 Ἐγένετο
1456 2487 1464 2502 ι
1482 2477 1599 2504 λέλυται.
1616 2477 1654 2504 οὐ
1668 2477 1723 2512 γὰρ
1740 2479 1756 2504 6
1771 2478 1858 2512 Λόγος

1065 2521 1151 2555 Λόγος
1163 2522 1270 2556 ἐγένετο
1279 2531 1286 2537 ν
1303 2523 1333 2549 τὸ
1343 2523 1371 2549 δὲ
1387 2525 1416 2549 ἐν
1431 2523 1471 2559 τῷ
1485 2523 1558 2558 αὐτῷ
1571 2523 1600 2549 ὃν
1617 2523 1680 2551 ἄλλο
1691 2532 1717 2550 τι
1728 2524 1780 2550 οὐκ
1799 2524 1858 2559 ὲγέ-

1065 2575 1134 2594 νετο.
1149 2568 1229 2594 Ὥστε
1244 2568 1349 2605 ἀνάγκη
1362 2569 1378 2604 ἢ
1395 2569 1426 2596 τὸ
1449 2579 1460 2596 ι
1485 2571 1606 2604 Ἐγένετο
1634 2580 1643 2596 ι
1657 2570 1856 2606 ἀνατραπῆναι,

1067 2612 1138 2647 ἢτάς
1153 2613 1198 2640 δύο
1215 2614 1308 2648 φύσεις
1323 2615 1532 2651 ὁμολογηθῆναι.
1550 2616 1588 2643 Τὸ
1600 2616 1654 2652 γὰρ
1675 2625 1685 2641 ι
1704 2617 1830 2650 Ἐγένετο
1846 2626 1854 2641 ι

1067 2658 1137 2685 κατά
1163 2659 1193 2686 τὸ
1214 2659 1322 2695 ἀληθῶς
1338 2661 1500 2696 φαινόμενον
1523 2661 1627 2698 εἴρηται
1644 2661 1713 2697 πρὸς
1729 2661 1780 2697 τὴν
1803 2662 1856 2689 τῶν

1065 2704 1190 2741 ὁρώντων
1217 2706 1366 2741 ὑπόληψιν,
1390 2707 1558 2742 ἀγνοούντων
1578 2707 1624 2734 τὸν
1654 2707 1692 2743 μὴ
1715 2708 1855 2743 ὁρώμενον

1065 2750 1131 2777 Θεὸν
1156 2751 1241 2786 Λόγον
1268 2753 1338 2780 τότε.
1352 2753 1457 2788 Ὥσπερ
1474 2753 1521 2781 ὲὰν
1537 2762 1578 2786 τις
1601 2754 1682 2790 εἴπῃ·
1707 2753 1738 2780 '0
1752 2752 1855 2792 ποιμὴν

265 2821 290 2836 ⁸²
315 2821 333 2847 lt
352 2822 417 2850 Cor.
433 2832 459 2856 γ,
473 2823 522 2853 ἃς,
560 2824 582 2840 ⁸³
603 2823 654 2853 lsa.
674 2833 739 2859 Lm,
759 2826 802 2853 to.
841 2826 864 2842 "
883 2826 892 2854 Ι
912 2826 973 2854 Cor.
991 2834 1036 2859 vr,
1054 2827 1096 2854 t7.
