1926 3068
95 123 167 151 1549
478 120 765 155 CONFUTATIONES
784 127 1003 162 ρυΑιιυιιοΑιι
1022 127 1319 160 ΡΠΟΡΟΞΙΤΙΟΝΗΜΪ

95 182 233 219 πρόϐατον
264 183 293 217 ἐξ
317 184 412 220 ἀνδρὸς
438 186 646 221 μεταϐέϐληται·
670 187 738 214 ἀλλὰ
758 188 875 224 mild-ira;

934 189 1035 216 factum
1048 194 1101 221 est.
1121 203 1131 216 ι
1151 196 1246 218 contra
1264 192 1426 227 semetipsos
1444 196 1582 228 torquere.
1605 193 1632 221 Si
1648 196 1722 224 enim

95 228 233 265 πρόϐατον
251 229 280 262 ἐξ
303 230 399 265 ἀνδρὸς
415 231 522 266 άληθῶς
534 233 692 264 ἐνεδύσατο,
718 234 748 259 οὺ
777 233 875 268 φύσεως

937 235 1009 262 aliud
1030 235 1157 268 Verbum,
1181 237 1255 264 aliud
1281 245 1362 265 caro:
1381 238 1435 266 duo
1455 245 1529 273 sunt,
1552 248 1606 268 non
1625 249 1722 272 unum.

94 275 203 310 ἀνάγκῃ
227 275 357 310 ἀκουσίῳ,
378 276 446 303 ἀλλὰ
460 277 646 313 προαιρέσεως
662 278 758 314 γνώμῃ
775 280 820 305 καὶ
836 280 875 305 ef»-

937 279 965 307 Si
984 280 1101 308 Verbum
1121 286 1148 309 et
1164 290 1229 309 caro
1242 283 1312 309 idem
1325 285 1511 316 sunt,corruit
1527 293 1576 312 vox
1589 295 1598 311 ι
1610 285 1723 314 Factum

93 320 175 356 δοκίᾳ.
191 322 280 356 μόνον.

936 331 990 355 est.
1011 337 1020 354 ι
1038 328 1130 364 Neque
1149 329 1222 356 enim
1250 329 1370 358 Verbum
1399 332 1500 359 factum
1528 337 1569 360 est
1591 332 1722 361 Verbum.

94 366 174 398 Quod
191 375 255 394 vero
280 375 364 394 unum
378 368 514 403 quoddam
525 373 578 401 est,
603 370 675 397 aliud
691 371 756 406 quid
773 379 826 398 non
838 376 880 399 est
897 371 1008 400 factum.
1026 372 1111 408 Igitur
1128 382 1241 403 necesse
1262 381 1304 403 est
1331 381 1360 404 ut
1390 378 1431 404 vel
1449 378 1528 409 illud,
1566 387 1574 404 ι
1608 378 1723 406 Factum

93 416 148 444 est,
167 421 176 437 ι
193 413 407 446 proscribamus,
425 415 465 442 vel
483 415 551 443 duas
566 423 627 443 esse
653 421 767 445 naturas
785 417 959 446 aﬂirmemus.
973 418 1142 447 Vocabulum
1162 421 1234 448 enim
1251 430 1260 447 ι
1275 421 1388 450 Factum
1419 430 1473 456 est,
1492 433 1500 449 ι
1523 424 1624 451 dicitur
1652 433 1723 459 qua-

93 460 176 484 tenus
192 465 285 485 revera
302 459 438 493 apparuit,
452 463 482 486 ut
517 461 535 487 ii
557 461 604 496 qui
641 462 775 489 vidissent
792 463 925 490 certiores
940 464 1049 497 tierent,
1074 465 1120 500 qui
1136 466 1240 494 scilicet
1263 471 1319 493 tum
1337 468 1469 503 temporis
1490 467 1574 496 Deum
1591 468 1720 501 Verbum,

93 503 167 537 quod
182 505 293 532 minime
303 505 457 538 videbatur,
470 506 637 541 ignorarent.
652 507 686 535 Ut
698 509 722 535 si
733 507 795 543 quis
809 508 926 536 dixerit:
942 509 1041 538 Pastor
1068 511 1114 538 ille
1143 511 1178 538 de
1186 512 1246 539 viro
1258 513 1286 539 in
1300 521 1378 540 ovem
1401 518 1521 541 mutatus
1539 519 1591 546 est,
1625 523 1723 550 nempe

93 557 230 585 quatenus
244 560 338 580 revera
349 560 427 580 ovem
445 553 545 586 induit,
563 562 617 582 non
632 556 797 583 necessitate
814 555 934 590 quadam
965 563 1071 585 naturae
1101 557 1287 586 involuntaria
1301 578 1309 592 ,
1330 559 1378 587 sed
1397 561 1514 588 consilio
1530 561 1663 588 duntaxat
1695 563 1723 588 et

1653 132 1722 161 {580
1762 146 1764 148 ·

93 603 192 633 spante
205 607 265 627 sua.

468 657 512 685 ιν.

93 713 172 747 Πρὸς
201 714 271 747 τοὺς
299 714 444 748 λέγοντας
466 715 540 750 μίαν
564 716 659 750 φύσιν
674 716 723 742 ἐπὶ
741 717 881 750 Χριστοῦ.

129 758 192 790 Πῶς
205 756 250 785 οὖν
259 759 377 794 τολμῶσί
392 769 473 792 τινες,
492 761 561 796 μετὰ
579 761 610 787 τὸ
627 761 763 797 δειχθῆναι
775 762 821 788 δύο
838 762 882 789 τὸν

93 804 179 838 Λόγον
191 805 237 831 καὶ
251 805 299 840 τὴν
312 805 409 840 σάρκα,
421 806 474 832 τῶν
490 806 535 832 δύο
554 807 660 841 φύσεων
677 807 816 834 ἐκϐάλλειν
832 808 882 844 τὴν

1303 659 1349 687 IV.

933 715 1112 743 Adversuseot
1123 716 1167 750 qui
1178 723 1257 742 unam
1266 716 1292 742 in
1305 715 1412 743 Christo
1422 721 1545 744 naturam
1556 726 1611 745 esse
1619 719 1720 748 dicunt.

966 760 1113 796 Postquam
1129 761 1211 795 igitur
1229 761 1284 788 duo
1299 769 1361 789 esse
1378 761 1497 790 Verbum
1510 768 1537 790 et
1552 771 1660 791 carnem
1674 766 1721 793 de-

931 811 1115 834 monstratum
1129 810 1182 839 est,
1204 807 1271 841 quid
1288 812 1330 835 est
1352 815 1401 835 cur
1415 809 1529 836 duarum
1551 811 1722 845 conjunctio-

93 850 202 877 σύνοδον
219 859 226 882 ;
243 851 343 883 πάσαις
373 852 521 887 μαχόμενοι
531 853 590 884 ταῖς
623 852 714 886 ἁγίαις
739 853 875 888 Γραφαῖς,

933 862 994 881 nem
1011 859 1170 881 naturarum
1184 853 1294 889 quidam
1308 854 1422 888 rejicere
1440 862 1494 881 non
1513 855 1660 882 dubitant?
1674 857 1721 892 qui

93 897 184 922 πᾶσαν
199 896 276 932 ὕϐριν
301 897 446 932 ἐπάγοντες
468 899 500 933 τῇ
515 898 668 934 ἀνυδρίστῳ
687 898 777 933 φύσει,
801 901 882 927 παντὶ

93 941 253 975 φθονοῦντες
278 942 317 977 τῷ
344 943 414 977 γένει
432 943 486 970 τῶν
502 943 653 979 ἀνθρώπων
670 945 733 980 περὶ
747 946 796 979 τῆς
808 945 882 976 θείας

92 987 336 1023 ὲνανθρωπήσεως·
361 989 470 1016 ἅπασαν
484 990 651 1025 προφητείαν
663 990 766 1025 ταύτης
785 990 882 1016 ἐκϐάλ-

91 1033 193 1066 λουσιν,
213 1035 238 1060 οἰ
251 1035 281 1060 τὸ
292 1034 403 1062 διπλοῦν
417 1035 470 1062 τῶν
484 1035 591 1070 φύσεων
603 1035 773 1068 ἀθετοῦντες.
789 1037 882 1064 Πάντα

91 1078 142 1104 ὅσα
169 1079 358 1115 ταπεινότερον
381 1079 488 1115 εἴρηται
513 1081 546 1116 τῇ
568 1080 647 1115 φύσει
673 1081 805 1117 δεχόμενα
831 1082 882 1117 τῆς

92 1124 203 1160 σαρκὸς,
219 1127 297 1160 τηρεῖ
307 1125 353 1152 τοῦ
369 1126 454 1160 Λόγου
468 1125 516 1161 τὴν
528 1126 606 1158 δόξαν
617 1127 743 1162 ἀκέραιον
755 1136 762 1142 ·
779 1127 881 1163 ταύτης

92 1170 303 1207 ἐκϐαλλομένης,
331 1171 437 1207 ἀνάγκη
464 1172 554 1198 πάντα
582 1173 747 1208 συνδραμεῖν
773 1174 813 1205 είς
836 1173 881 1199 τὸν

92 1217 188 1252 Λόγον.
211 1218 290 1245 Πᾶσα
317 1219 373 1250 τοῖς
399 1219 551 1254 ἀνθρώποις
575 1219 650 1252 ἐλπὶς
669 1220 715 1246 καὶ
740 1220 880 1256 παρρησία

90 1263 136 1290 διὰ
146 1263 195 1298 τῆς
207 1263 253 1290 τοῦ
268 1264 354 1298 Λόγου
370 1264 437 1300 πρὸς
445 1264 493 1300 τὴν
510 1265 637 1301 ἀπαρχὴν
650 1266 728 1300 ἡμῶν
746 1265 878 1298 ὲνώσεως.

91 1311 123 1337 Ol
155 1310 183 1337 δὲ
205 1311 249 1337 τὸν
271 1310 356 1346 Λόγον
372 1311 520 1346 φάσκοντες
539 1312 578 1343 εἰς
606 1311 694 1347 σάρκα
718 1312 878 1347 τετράφθαι,

90 1356 120 1382 τὺ
137 1357 268 1393 καύχημα
285 1357 330 1384 τοῦ
347 1358 440 1392 γένους
468 1358 614 1389 ὲκένωσαν,
629 1359 732 1390 καὶτὰς
751 1358 880 1395 λαμπρὰς

91 1401 169 1436 ἡμῶν
191 1403 300 1434 ἐλπίδας
323 1402 468 1434 ἀϐεϐαίους
484 1403 635 1438 ἀπέφηναν.
655 1404 763 1430 Οὐκέτι
782 1404 880 1440 σεμνύ-

90 1456 163 1474 νεται
195 1448 327 1484 Ἀϐραὰμ,
351 1448 400 1474 οὐκ
421 1448 460 1474 Ξτι
486 1448 631 1483 ἀγάλλεται
654 1449 753 1476 Δαὸίδ·
772 1449 878 1484 ψευδεῖς

91 1496 118 1521 αἰ
132 1494 199 1530 πρὸς
213 1494 293 1520 αὑτὸν
310 1495 482 1530 ὑποσχέσεις,
503 1495 582 1531 εἴπερ
593 1496 643 1521 οὐκ
659 1496 690 1522 ἐκ
706 1496 812 1531 καρποῦ
828 1497 878 1531 τῆς

932 900 1032 927 bellum
1064 899 1214 935 Scripturis
1239 899 1342 927 sancﬁs
1366 900 1497 931 inierunt,
1511 904 1636 927 naturam
1655 903 1721 930 nulli

932 945 1079 972 obnoxiam
1111 938 1218 980 injuria:
1246 945 1420 972 contumeliis
1448 945 1579 978 alliciunt,
1599 947 1721 974 divinam

932 991 1147 1018 incarnationem
1172 991 1264 1025 generi
1288 990 1428 1017 hominum
1440 990 1568 1018 universo
1581 992 1719 1020 invident‘:

932 1041 1065 1072 respuunt
1092 1045 1200 1064 omnem
1227 1037 1260 1064 de
1284 1037 1327 1063 illa
1350 1037 1451 1064 editam
1474 1038 1656 1071 prophetiam.
1672 1038 1719 1073 qui

931 1083 1046 1109 duarum
1062 1082 1190 1109 unionem
1206 1085 1362 1108 naturarum
1373 1081 1536 1108 dissolvunt.
1546 1081 1721 1116 Quaecunque

931 1128 1062 1156 humilius
1077 1128 1110 1155 de
1137 1127 1246 1154 Christo
1269 1127 1408 1159 dicuntur,
1426 1134 1457 1154 ea
1477 1128 1568 1154 carnis
1583 1128 1718 1163 applicata

931 1179 1044 1206 naturze,
1061 1173 1163 1200 salvam
1186 1172 1268 1200 Verbi
1295 1173 1409 1208 gloriam
1436 1179 1617 1201 conservant:
1635 1181 1720 1202 carne

931 1220 1048 1252 sublata,
1063 1220 1090 1246 in
1104 1218 1222 1246 Verbum
1233 1219 1324 1246 omnia
1347 1224 1514 1246 concurrant
1534 1226 1646 1246 necesse
1665 1223 1717 1247 est.

931 1265 1025 1294 Omnis
1047 1266 1203 1293 hominibus
1215 1273 1277 1301 spes
1292 1269 1333 1293 est
1352 1271 1378 1293 et
1396 1265 1493 1292 ﬁducia
1509 1274 1540 1292 ex
1558 1265 1638 1293 Verbi
1655 1273 1718 1293 cum

930 1311 1058 1346 primitiis
1076 1312 1177 1339 nostris
1203 1312 1313 1338 unione.
1332 1311 1383 1344 Qui
1403 1319 1468 1339 vero
1483 1311 1601 1340 Verbum
1622 1312 1718 1340 dicunt

930 1357 957 1384 in
974 1365 1083 1384 carnem
1100 1365 1161 1385 esse
1178 1362 1322 1389 mutatum,
1343 1357 1379 1384 illi
1394 1362 1420 1384 et
1431 1358 1619 1392 gloriationem
1635 1366 1717 1394 gene‘

930 1404 968 1430 ris
981 1404 1069 1431 nostri
1085 1403 1117 1430 ad
1134 1404 1249 1430 nihilum
1262 1403 1434 1438 redegerunt,
1446 1407 1472 1430 et
1488 1406 1646 1438 praeclaram
1665 1412 1717 1431 no-

930 1454 1013 1477 stram
1029 1458 1104 1484 spem
1122 1450 1298 1477 inﬁrmiorem
1320 1449 1507 1476 reddiderunt.
1522 1448 1580 1476 Non
1600 1450 1717 1485 amplius

929 1494 1061 1530 gloriatur
1083 1494 1220 1521 Abraham
1237 1503 1243 1521 :
1261 1502 1315 1520 non
1338 1494 1454 1528 amplius
1472 1495 1589 1521 exsultat
1605 1494 1689 1522 David
1707 1503 1716 1522 :

89 1541 194 1572 κοιλίας
211 1541 293 1568 αὑτοῦ
309 1541 339 1568 τὸ
355 1541 426 1568 κατὰ
451 1542 540 1577 σάρκα
557 1543 698 1568 ἀνίσταται
712 1544 726 1569 δ
741 1543 875 1578 Χριστός·

932 1540 1065 1575 promissa
1077 1539 1109 1566 ad
1121 1539 1195 1566 illum
1212 1539 1282 1566 facta
1307 1539 1447 1566 mendacia
1460 1543 1551 1570 erunt,
1571 1539 1593 1566 si
1606 1539 1717 1574 quidem

89 1586 253 1618 ἀλλ’ὀθεὺς
281 1587 377 1621 Λόγος,
405 1587 484 1618 αὐτὸς
503 1587 597 1613 ἑαυτὸν
634 1588 722 1622 σάρκα
752 1589 875 1623 ποιήσας,

89 1632 137 1667 τὴν
159 1632 303 1668 ἐπιδημίαν
325 1632 478 1668 ἐχαρίσατο.
493 1632 556 1664 Πῶς
578 1630 624 1659 οὖν
636 1633 686 1660 οὐκ
706 1633 877 1669 αἰσχύνονται

89 1680 136 1705 καὶ
149 1679 268 1714 Γραφαῖς
279 1680 367 1711 ,θείαις
380 1680 570 1715 πολεμοῦντες,
584 1681 631 1707 καὶ
645 1680 797 1716 ἀνθρώποις
811 1681 876 1715 φθο-

89 1724 206 1756 νοῦντες,
231 1725 278 1751 καὶ
298 1725 363 1752 θεὸν
378 1725 416 1757 ὡς
431 1725 549 1761 παθητὸν
575 1725 807 1762 βλασφημοῦντες,
831 1726 877 1752 καὶ

87 1771 194 1805 ψευδεῖς
209 1771 290 1798 αὐτοῦ
315 1772 480 1806 ἐπαγγελίας
501 1772 664 1807 μηνύοντες,
693 1772 791 1807 μᾶλλον
806 1772 833 1799 δὲ
846 1773 876 1798 οὺ

86 1818 194 1852 ψευδεῖς
210 1818 298 1852 μόνον,
316 1817 383 1844 ἀλλὰ
398 1819 444 1844 καὶ
459 1818 600 1854 ἐπιορκίαν
614 1818 660 1845 τοῦ
673 1819 876 1853 ἁψευδοῦςθεοῦ

87 1864 286 1899 καταχέοντες;
327 1873 336 1889 ι
357 1865 458 1900 Ὢμοσε
485 1864 559 1900 γὰρ,
595 1865 671 1900 φησι,
701 1864 802 1900 Κύριος
838 1865 877 1900 τῷ

87 1909 169 1936 Δαῆὶδ
182 1909 318 1944 ἀλήθειαν,
338 1909 384 1936 καὶ
399 1910 428 1936 οὐ
447 1909 484 1945 μὴ
499 1909 627 1944 ἀθετήσει
644 1910 743 1945 αὑτήν·
759 1909 791 1936 ἐκ
809 1918 878 1945 καρ-

87 1956 139 1982 ποῦ
152 1957 200 1991 τῆς
209 1956 311 1987 κοιλίας
321 1955 404 1982 αὑτοῦ
418 1956 528 1982 καθίσαι
542 1957 588 1983 ἐπὶ
598 1956 644 1982 τοῦ
657 1956 751 1992 Θρόνου
765 1956 873 1982 αὑτοῦ.)

86 2001 176 2036 Μηδὲν
189 1999 233 2027 οὖν
250 2001 281 2028 ὲκ
295 2001 345 2036 τῆς
367 2001 460 2032 οὐσίας
474 2000 521 2027 τοῦ
538 2001 620 2028 Δαϐιδ
640 2001 795 2033 δεδωκότος,
817 2001 875 2028 ἀλλ’

85 2047 118 2072 ἐκ
134 2046 180 2072 τοῦ
198 2046 284 2080 Λόγου
297 2046 536 2081 καινοτομηθείσης
553 2047 662 2082 σαρκὺς.
675 2047 721 2073 καὶ
736 2048 784 2082 μία
795 2047 877 2082 φύσις

85 2093 113 2118 ὲν
127 2092 166 2128 τῷ
179 2092 300 2127 Δεσπότῃ
320 2092 440 2127 Χριστῷ,
460 2093 507 2119 καὶ
521 2093 562 2118 δεῖ
582 2093 689 2124 πάντως
703 2093 783 2119 αὑτὸν
806 2095 875 2119 νοεῖν

85 2138 101 2172 ἥ
115 2137 216 2174 Κύριον
233 2138 279 2165 τοῦ
295 2138 405 2174 Δαίῖίδῆ
421 2138 493 2164 υἱόν·
509 2137 543 2164 τὰ
559 2138 612 2174 γὰρ
626 2138 672 2165 δύο
688 2139 704 2174 ἡ
726 2138 775 2174 μία
793 2138 873 2172 φύσις

83 2184 133 2211 οὐκ
155 2183 314 2218 ἐπιδέχεται.
337 2184 368 2210 Εἰ
394 2183 459 2215 Θεὸς
478 2183 567 2218 μόνον,
581 2184 611 2209 οὺ
627 2184 727 2218 κυρίως
745 2183 825 2215 Υἱός·
843 2184 872 2210 οὐ

83 2229 138 2265 γὰρ
154 2230 240 2265 ἀρχὴν
248 2229 295 2255 τοῦ
308 2226 376 2256 εἶναι
389 2228 417 2262 ἐξ
426 2229 506 2255 αὑτοῦ
521 2229 653 2264 λαμϐάνει
663 2238 670 2245 ·
687 2229 748 2256 οὐδὲ
759 2230 870 2265 γνήσιος

83 2275 151 2307 υίὸς,
172 2276 186 2302 ὁ
218 2275 300 2310 μηδὲν
315 2275 384 2309 ἔχων
409 2276 441 2301 ἐκ
463 2275 512 2310 τῆς
538 2275 632 2306 οὐσίας
653 2275 700 2301 τοῦ
722 2274 869 2310 λεγομένου

86 2321 202 2356 πατρός.

928 1585 1054 1613 Christus
1077 1586 1226 1612 secundum
1252 1593 1362 1612 carnem
1380 1584 1414 1612 dc
1438 1585 1527 1611 fructu
1543 1587 1645 1612 ventris
1657 1586 1717 1620 ejus

928 1640 981 1659 non
996 1637 1107 1660 exortus
1121 1636 1172 1659 est.
1189 1632 1302 1659 Atenim
1318 1631 1388 1659 Deus
1405 1630 1522 1658 Verbum
1539 1631 1717 1666 semetipsum

928 1685 1037 1705 carnem
1066 1678 1167 1705 faciens
1198 1685 1247 1705 suo
1279 1685 1329 1705 nos
1351 1678 1469 1705 adventu
1506 1677 1635 1713 dignatus
1661 1681 1716 1705 est.

928 1723 1071 1756 Quomodo
1094 1724 1175 1758 igitur
1198 1731 1253 1750 non
1268 1724 1350 1758 pudet
1367 1731 1414 1752 eos
1432 1727 1527 1750 contra
1544 1723 1715 1759 Scripturam

928 1774 1050 1796 sanctam
1060 1769 1159 1796 bellum
1175 1769 1275 1801 facere,
1287 1769 1443 1796 hominibus
1452 1769 1583 1802 invidere,
1593 1770 1620 1796 in
1631 1769 1715 1797 Deum

929 1818 956 1840 ut
973 1814 1129 1848 passibilem
1146 1814 1343 1849 blasphemare,
1354 1813 1550 1848 promissiones
1562 1813 1622 1848 ejus
1638 1821 1716 1841 men-

927 1859 998 1887 dacii
1026 1868 1140 1895 arguere
1157 1870 1163 1887 :
1181 1860 1235 1887 imo
1251 1868 1305 1887 non
1322 1861 1374 1888 hoc
1391 1864 1506 1892 tantum,
1520 1860 1567 1887 sed
1584 1864 1611 1888 et
1629 1857 1715 1887 Deum

928 1906 1028 1940 ipsum,
1044 1907 1090 1940 qui
1106 1905 1214 1932 mentiri
1234 1907 1333 1937 nescit,
1348 1905 1459 1940 perjurii
1478 1904 1628 1932 accusare?
1640 1914 1650 1930 ι
1666 1904 1716 1932 Ju-

927 1951 997 1978 ravit
1019 1952 1112 1982 enim,
1153 1951 1257 1985 inquit,
1290 1950 1421 1978 Dominus
1449 1949 1533 1977 David
1559 1950 1714 1982 veritatem,

926 2001 953 2026 et
982 2005 1036 2024 non
1066 1997 1243 2025 frustrabitur
1264 2005 1346 2025 eam:
1363 1997 1396 2024 de
1420 1998 1511 2025 l‘ructu
1532 1998 1637 2025 ventris
1653 1998 1714 2032 ejus

927 2051 1068 2071 sessurum
1087 2051 1168 2078 super
1193 2043 1278 2078 ipsius
1294 2044 1393 2070 throno
1401 2044 1434 2071 ⁸³.
1451 2053 1461 2070 ι
1478 2043 1546 2071 Cum
1567 2051 1631 2079 ergo
1645 2043 1713 2070 nihil

926 2089 1041 2116 carnide
1050 2089 1204 2116 substantia
1218 2096 1268 2116 sua
1282 2089 1364 2115 David
1372 2088 1486 2121 dederit,
1503 2089 1549 2116 sed
1566 2096 1600 2116 ex
1611 2087 1712 2120 Verbo,

926 2142 996 2162 novo
1018 2135 1136 2170 quodam
1162 2134 1242 2161 modo
1259 2134 1331 2161 facta
1352 2135 1398 2165 sit,
1421 2142 1475 2160 una
1502 2137 1599 2160 natura
1619 2137 1661 2160 est
1682 2133 1712 2161 in

927 2179 1040 2208 Domino
1051 2180 1170 2212 Christo,
1184 2180 1229 2215 qui
1246 2180 1423 2207 nihilominus
1439 2184 1486 2207 aut
1515 2179 1647 2207 Dominus
1663 2183 1713 2206 aut

925 2227 995 2255 ﬁlius
1010 2227 1121 2254 Davidis
1140 2227 1332 2262 intelligendus
1344 2231 1386 2254 est
1405 2236 1411 2253 :
1428 2227 1482 2254 duo
1494 2226 1565 2254 enirn
1584 2226 1638 2257 illa,
1657 2233 1711 2253 una

924 2273 1073 2308 eademque
1087 2276 1184 2299 natura
1195 2279 1248 2299 non
1261 2271 1388 2310 admitti}
1403 2271 1432 2298 Si
1447 2271 1518 2299 Deus
1527 2274 1642 2302 tantum,
1655 2279 1711 2298 non

923 2320 1033 2355 proprie
1047 2319 1152 2346 Filius:
1167 2319 1267 2354 quippe
1282 2318 1329 2353 qui
1349 2319 1481 2353 originem
1503 2318 1662 2345 substantiae
1676 2317 1710 2342 ab

81 2367 142 2402 ipso
173 2375 227 2394 non
249 2367 357 2394 trahit:
378 2374 428 2394 nec
454 2374 518 2394 vero
544 2374 688 2402 germanus
717 2367 799 2400 illius,
828 2366 876 2403 qui
911 2367 1014 2394 nullam
1039 2366 1200 2394 substantia:
1212 2366 1272 2400 ejus
1293 2365 1341 2400 qui
1367 2370 1445 2400 pater
1469 2365 1571 2392 dicitur
1603 2367 1709 2399 partem

82 2412 174 2440 habet.

458 2457 490 2484 V.

81 2515 159 2547 Πρὸς
173 2513 243 2546 τοὺς
253 2514 406 2548 λέγοντας,
427 2513 471 2540 ὅτι
487 2513 520 2540 τὸ
535 2513 691 2548 ὁμολογεῖν
703 2514 799 2548 φύσιν
810 2513 867 2548 τὴν

98 2549 206 2583 σάρκα,
218 2549 344 2583 τετράδα
355 2549 441 2576 ἐστίν
454 2549 521 2576 ἀντὶ
536 2548 656 2583 Τριάδος
667 2550 833 2583 κηρύττειν.

114 2605 198 2631 Πάλιν
221 2605 270 2640 τὴν
289 2605 371 2641 αὐτὴν
387 2606 554 2640 κακουργίαν
577 2607 605 2632 ὲν
630 2605 733 2641 ἑτέροις
763 2606 867 2642 ῥήμασι

80 2652 156 2687 παρὰ
185 2652 239 2678 τῶν
255 2652 383 2679 ἐναντίων
400 2652 619 2688 προϐαλλομένην
633 2652 698 2687 ὁρῶ.
718 2652 791 2678 ’Δνω
813 2651 867 2688 γὰρ

78 2698 172 2730 ἁπλῶς
186 2699 321 2730 εἰπόντες,
330 2699 375 2725 δύο
382 2699 463 2730 Υἰοὺς
474 2699 592 2733 εἰσάγειν
610 2701 671 2730 τοὺς
682 2699 710 2725 ἐν
725 2699 765 2725 ἐν).
779 2699 812 2725 τὰ
820 2699 866 2725 δύο

78 2744 215 2777 νοοῦντας,
229 2745 336 2781 μορφὴν
347 2745 413 2771 Θεοῦ
430 2745 476 2771 καὶ
493 2746 598 2782 μορφὴν
606 2746 709 2778 δούλου,
728 2745 808 2773 πάλιν
820 2746 864 2772 ὲν-

115 2825 137 2840 ⁵¹
158 2823 230 2852 l‘sal.
249 2832 331 2850 um
345 2843 351 2854 ,
373 2825 413 2851 ll.

1286 2453 1319 2482 V.

921 2514 1053 2542 Aduersus
1076 2521 1119 2540 eos
1134 2513 1179 2548 qui
1202 2512 1293 2538 dicunt
1310 2519 1417 2548 cantent
1436 2511 1556 2548 conﬁteri
1570 2517 1706 2543 naturam,

1006 2557 1062 2576 esse
1079 2548 1280 2584 quaternitalem
1304 2555 1351 2581 pro
1372 2547 1502 2574 Triltt'tate
1523 2547 1618 2574 dicere.

938 2607 1057 2635 Rursum
1067 2607 1160 2634 eadem
1167 2606 1337 2634 adversarios
1347 2605 1517 2640 improbitate
1525 2605 1551 2632 in
1560 2605 1620 2632 aliis
1628 2612 1708 2640 agere

921 2653 1153 2688 disputationibus
1162 2652 1250 2680 video.
1264 2651 1330 2678 Nam
1339 2659 1401 2678 cum
1411 2659 1493 2686 supra
1501 2651 1661 2686 simpliciter
1669 2651 1708 2679 di-

920 2699 1039 2728 xissent.
1058 2699 1104 2734 qui
1116 2699 1185 2725 duas
1195 2698 1221 2725 in
1232 2697 1524 2728 unoChrislol'ormas,
1542 2697 1622 2725 Dciet
1635 2697 1706 2725 servi

919 2745 1134 2777 considerarent,
1142 2752 1189 2772 cos
1196 2744 1264 2772 duos
1273 2743 1355 2771 Filios
1364 2744 1502 2776 inducere,
1512 2751 1584 2770 nunc
1596 2751 1627 2771 ru
1643 2750 1706 2773 sum
