1926 3068
240 125 303 151 133i

807 123 837 152 S.
857 123 1090 152 ATHANASIUS.
1109 140 1144 146 -—
1164 123 1277 152 DUBIA.

1787 121 1850 149 1Ξῖἶὲ

238 181 317 219 5,97
344 186 554 216 quatermtatem
590 181 651 209 illos
675 178 822 217 praedicare
859 183 1020 210 calumniari

1080 183 1166 210 ταῦθα
1182 183 1297 220 τετράδα
1317 182 1464 218 κηρύσσειν
1485 179 1681 221 συκοφαντοῦσι
1702 180 1764 211 τοὺς
1780 179 1852 214 φύσει

238 236 292 261 tur,
324 229 371 264 qui
388 233 487 255 natura
504 235 615 255 carnem
639 232 809 263 assumptam
830 229 956 256 credunt.
969 228 1027 256 Hoc

238 273 318 310 porro
341 274 436 301 dicunt
454 281 506 301 sua
528 273 590 301 freti
606 275 781 307 auctoritate,
802 282 857 301 non
877 278 968 302 autem
993 282 1026 302 ex

237 321 353 356 quadam
370 321 577 354 consequentia.
599 319 760 355 Quanquam
781 329 834 348 non
846 326 900 348 tam
914 321 969 349 illis
978 329 1027 348 no-

237 365 343 392 biscum
370 371 414 391 res
444 368 496 395 est,
519 372 599 398 quam
617 372 678 391 cum
707 366 812 393 sanctis
837 366 965 394 omnibus
979 367 1026 402 qui

237 410 331 436 eadem
346 417 393 444 per
411 408 531 444 Spiritus
547 411 634 437 sancti
650 411 766 445 gratiam
788 411 982 446 prazdicarunt.
1003 413 1027 441 Α

236 455 336 490 quibus
352 463 402 482 nos
416 456 542 482 illustrati
558 456 693 484 sinceram
707 457 733 483 in
750 459 859 485 nomine
874 457 976 491 Patris,
998 463 1024 486 ct

237 499 297 526 Filii
319 504 345 527 et
369 500 488 535 Spiritus
502 502 589 528 sancti
609 501 809 529 confessionem
827 503 984 536 didicimus,
999 508 1026 531 et

236 546 416 572 mconomiain
434 546 630 574 incarnationis
642 547 758 575 duarum
775 549 902 576 unionem
914 555 1026 577 natura-

237 599 296 618 rum
324 593 512 627 Cngnoviuius.
540 592 591 626 Qui
619 601 684 621 vero
712 595 825 622 humilia
855 597 946 623 omnia
972 597 1024 632 ipsi

235 636 296 664 Filii
308 637 402 664 deitati
423 638 517 665 volunt
532 639 626 670 tribui,
640 641 740 668 tollunt
764 641 858 669 carnis
873 647 999 670 naturam
1015 663 1023 676 ,

236 688 265 710 ut
275 684 355 718 liujus
368 685 509 718 passiones
517 686 671 714 necessario
680 687 853 715 ascribantur
863 687 918 716 Deo
925 688 1024 721 Verbo,

233 737 369 757 converso
383 731 420 756 illi
435 730 544 766 quidem
563 732 640 766 prius
655 732 683 759 in
703 741 826 765 carnem,
854 733 902 761 sed
919 742 950 762 ea
964 743 1025 770 qua:

235 776 327 803 carnis
355 780 418 803 sunt
440 783 547 804 rursum
566 778 691 812 patienti.
716 778 805 814 Atque
826 779 878 806 hac
892 779 926 807 de
941 787 1024 808 causa

233 823 338 850 crimen
358 822 657 859 lidelibusimpingunt,
670 833 730 859 qua:
754 825 807 853 sibi
831 826 958 854 videntur
974 835 1024 854 sua

1076 229 1126 264 τὴν
1143 229 1231 264 σάρκα
1249 228 1407 264 ἀνειλῆφθαι
1423 227 1608 258 πιστεύοντας.
1625 226 1708 252 Τοῦτο
1721 225 1749 252 δὲ
1764 225 1852 258 λέγον-

1078 281 1103 299 σι
1122 274 1170 309 μὲν
1186 275 1229 300 ἐπ’
1243 273 1379 307 ἐξουσίας.
1393 274 1444 300 οὐκ
1466 273 1498 299 ἐκ
1523 281 1594 303 τινος
1610 272 1776 303 ἀκολουθίας·
1791 279 1853 307 προ-

1077 318 1187 353 φέρουσι
1204 318 1232 345 δὲ
1249 319 1279 345 οὐ
1295 318 1421 344 τοσοῦτον
1438 319 1514 353 ἡμῖν,
1531 318 1592 344 ὅσον
1605 319 1661 349 τοῖς
1676 316 1761 351 ἁγίοις
1782 318 1852 349 πᾶσι,

1076 367 1130 397 τοῖς
1145 365 1256 391 τοιαῦτα
1271 365 1314 391 διὰ
1328 364 1378 399 τῆς
1394 364 1580 400 πνευματικῆς
1593 363 1725 399 κηρύξασι
1740 363 1852 399 χάριτος,

1076 412 1140 447 παρ’
1156 408 1193 437 ὧν
1212 412 1292 446 ἡμεῖς
1308 410 1497 444 φωτισθέντες,
1514 410 1564 445 τὴν
1581 409 1629 445 μὲν
1642 409 1781 436 ἀνόθευτον
1797 409 1853 444 ὁμο-

1076 456 1168 490 λογίαν
1180 457 1208 482 ὲν
1222 455 1333 491 ὀνόματι
1343 455 1459 491 Πατρὸς,
1472 456 1519 482 καὶ
1528 455 1606 486 Υἱοῦ,
1621 455 1669 481 καὶ
1685 455 1763 488 ἁγίου
1775 454 1853 481 Πνεύ-

1077 510 1160 536 ματος
1174 502 1362 537 ἐδιδάχθημεν,
1377 501 1426 537 τὴν
1441 501 1470 528 δὲ
1486 501 1535 536 τῆς
1546 501 1776 537 ὲνανθρωπήσεως
1787 501 1851 527 obto-

1075 548 1171 583 νομίαν
1187 549 1218 574 ἐκ
1233 548 1279 574 δύο
1299 547 1406 581 φύσεων
1422 548 1620 582 ἐγνωρίσαμεν.
1647 547 1715 573 Ἀλλ’
1731 547 1755 573 οἰ
1773 546 1852 581 βουλό-

1077 601 1152 627 μενοι
1164 593 1252 619 πάντα
1269 592 1387 619 ταπεινὰ
1399 592 1492 628 φέρειν
1506 593 1544 623 εἰς
1562 592 1646 627 αὐτὴν
1663 591 1710 619 τοῦ
1726 592 1790 618 Υίοῦ
1803 592 1852 618 θεό-

1075 647 1157 674 τητα,
1173 639 1402 674 ’παραγράφονται
1419 640 1468 674 τῆς
1483 639 1583 674 σαρκὸς
1599 638 1647 673 τὴν
1665 638 1754 672 φύσιν·
1772 639 1811 664 ἵνα
1823 639 1851 664 τὰ

1075 684 1148 720 πάθη
1163 684 1265 720 ταύτης
1285 685 1316 716 ἐξ
1337 684 1461 719 ἀνάγκης
1475 685 1616 720 ἐπιγραφῇ
1635 684 1674 719 τῷ
1696 683 1756 719 Θεῷ
1773 684 1850 718 Λόγῳ,

1074 732 1204 768 τραπέντι
1227 732 1276 767 μὲν
1294 732 1425 767 πρότερον
1445 733 1485 763 εἰς
1507 731 1607 766 σάρκα,
1619 731 1732 758 παθόντι
1747 731 1775 757 δὲ
1785 729 1852 762 αὖθις

1073 777 1108 804 τὰ
1122 778 1171 812 τῆς
1183 777 1292 814 σαρκός.
1307 778 1361 804 Καὶ
1374 777 1469 803 τούτου
1493 777 1572 812 χάριν
1589 777 1717 812 ἔγκλημα
1739 779 1793 809 τοῖς
1814 785 1852 803 πι-

1075 824 1147 854 στοῖς
1159 824 1336 855 ὲπισείουσιν,
1351 823 1478 859 αὐθεντίᾳ
1500 825 1567 859 μόνῃ
1589 825 1623 850 τὰ
1635 823 1765 850 δοκοῦντα
1780 831 1852 850 κατα-

234 869 322 896 solum
341 869 504 896 auctoritate
523 874 689 898 astruentes.
708 869 780 898 Sane
794 871 817 898 si
841 872 934 899 carnis
946 879 1020 899 eam-

1072 869 1258 901 σκευάζοντες.
1273 870 1303 896 Et
1315 869 1364 905 μὲν
1375 869 1429 905 γὰρ
1442 869 1571 905 ἐλέγομεν
1584 870 1632 905 τῆς
1641 869 1734 902 οὐσίας
1748 869 1792 896 τοῦ
1806 869 1852 895 Πα-

233 914 294 942 deui
311 923 373 943 esse
387 923 468 950 quam
488 915 589 948 Patris,
605 920 633 944 et
664 916 738 949 Filii,
754 921 781 944 et
797 917 917 952 Spiritus
929 919 1020 946 sancti

234 962 414 988 substantiam
431 961 546 997 professi
570 971 665 991 sumus
681 971 814 999 unquam,
830 965 1022 999 quaternitatis

233 1017 332 1037 nomen
347 1009 409 1043 jure
419 1010 498 1037 nobis
514 1010 654 1045 obiicitur.
671 1011 771 1046 quippe
788 1011 834 1046 qui
850 1011 973 1039 eamdem
994 1012 1021 1038 in

233 1060 350 1090 quattuor
358 1057 483 1091 personis
491 1058 637 1084 essentiam
649 1058 886 1092 contemplemur;
897 1059 939 1085 sin
948 1058 1021 1093 quod

234 1110 278 1130 res
302 1106 344 1130 est
367 1102 485 1131 dicimus
501 1113 508 1131 :
522 1104 784 1131 consubstantialem
803 1104 877 1132 Patri
894 1112 955 1132 esse
975 1104 1021 1132 Fi-

233 1147 310 1178 lium,
337 1148 598 1175 consubstantialem
629 1148 693 1176 item
718 1148 849 1184 Spiritum
871 1154 995 1177 sanctum
1010 1169 1019 1181 ,

234 1200 345 1220 carnem
367 1201 430 1221 vero
457 1194 490 1221 ad
518 1196 678 1223 mconomize
698 1196 941 1231 complementum,
966 1204 1021 1224 non

233 1239 393 1266 substantia:
409 1240 619 1271 incrementum,
639 1246 797 1275 susceptam
816 1250 822 1267 :
838 1249 892 1276 qua
915 1242 954 1268 illi
976 1250 1018 1269 ra-

233 1285 307 1312 tione
328 1285 512 1312 accessionem
527 1285 635 1313 numeri
658 1293 691 1313 ex
706 1287 798 1314 carnis
822 1291 919 1314 natura
939 1287 1021 1315 fabri-

232 1335 307 1363 cant,
327 1331 394 1359 adco
423 1331 569 1363 diversam,
586 1339 619 1358 ac
653 1332 676 1359 si
701 1333 753 1360 alia
778 1333 1021 1362 consubstantialis

233 1385 351 1412 persona
379 1381 463 1410 esset,
486 1376 753 1411 superinducentes?
772 1386 861 1414 neque
885 1379 912 1406 id
929 1383 1020 1407 tamen

232 1429 316 1450 carne
340 1423 369 1449 in
386 1431 416 1450 se
444 1423 500 1457 ipsa
517 1422 710 1456 considerata,
726 1424 773 1451 sed
793 1424 821 1452 in
845 1425 1020 1460 inseparabili

233 1475 296 1495 cum
320 1466 375 1494 ﬁco
391 1466 482 1494 Verbo
495 1467 691 1502 conjunctione
707 1469 809 1504 agnita,
839 1474 869 1497 ut
884 1477 917 1497 ea
931 1477 1020 1505 neque

233 1515 350 1550 amplius
368 1514 493 1541 videatur
523 1519 660 1550 separata,
677 1523 766 1551 neque
782 1520 812 1543 ut
836 1517 1020 1544 consubstan-

233 1561 307 1588 tialis
337 1561 450 1596 reliquis
478 1561 604 1595 personis
633 1561 693 1596 pari
714 1561 793 1589 modo
814 1566 1020 1590 annumerelur.

232 1604 331 1633 Noster
347 1605 429 1640 igitur
443 1613 534 1633 seruio
550 1606 766 1634 incarnationem
783 1607 936 1641 proﬁtetur,
952 1615 1022 1642 qua-

233 1651 401 1684 ternitatem,
417 1656 446 1678 ut
472 1651 540 1683 dixi,
555 1658 610 1678 non
640 1651 756 1684 inducit,
777 1655 803 1679 et
820 1651 903 1680 Verbi
930 1657 1021 1680 tuetur

234 1697 495 1731 inipassibilitatem,
508 1700 536 1724 et
551 1697 701 1732 Scripturis
720 1698 856 1726 universis
870 1699 1020 1726 consentit.

233 1742 460 1769 Adversariorum
490 1749 555 1769 vero
581 1741 706 1770 doctrina
718 1747 745 1770 et
766 1743 845 1770 ﬁdem
864 1751 971 1772 omnem
987 1745 1020 1772 iis

233 1795 294 1822 qua:
309 1788 344 1815 ab
360 1787 439 1814 initio
458 1787 561 1822 scripta
577 1792 642 1814 sunt
657 1792 748 1823 negat.
764 1792 791 1816 et
806 1790 898 1817 carnis
914 1797 1021 1817 assum-

233 1833 355 1868 ptionem
375 1833 461 1868 rejicit
473 1842 480 1866 ;
494 1833 612 1868 denique
628 1838 675 1860 aut
692 1833 810 1861 Verbum
829 1834 912 1862 Deum
932 1839 1021 1862 muta-

233 1883 290 1904 tum
307 1883 334 1906 et
351 1886 471 1914 passum,
488 1883 535 1906 aut
552 1879 613 1906 ﬁcte
624 1883 700 1915 gesta
713 1880 799 1908 fuisse
812 1881 904 1908 omnia
917 1881 1020 1916 liquido

233 1923 364 1951 declarat.
377 1924 454 1956 Quod
476 1924 500 1951 si
517 1925 578 1951 ideo
595 1932 706 1952 carnem
723 1927 881 1953 necessario
897 1927 977 1954 nobis
991 1927 1020 1954 in

233 1970 426 2004 quaternitatis
444 1977 587 1997 numerum
603 1970 708 1997 ducunt
735 1971 933 2005 ascisCendam,
946 1973 1018 2007 quod

233 2023 280 2051 per
295 2016 480 2043 mediatricezn
495 2016 671 2051 purissimam
686 2023 796 2044 carnem
808 2018 893 2044 multa
910 2026 962 2045 nos
975 2019 1020 2046 be-

233 2061 329 2089 neﬁcia
341 2063 495 2097 accepimus
503 2066 528 2090 et
545 2066 705 2097 accepturos
716 2063 844 2098 deinceps
861 2071 1017 2098 speramus:

233 2112 318 2135 restat
335 2112 364 2135 ut
388 2113 476 2143 togam
495 2108 578 2141 illam,
600 2110 679 2143 cujus
704 2118 780 2137 oram
811 2110 857 2137 ubi
883 2118 944 2138 cum
967 2111 1018 2139 ﬁde

232 2154 368 2189 tetigisset
398 2155 442 2181 illa
459 2155 559 2182 fontem
578 2156 721 2191 sanguinis
741 2156 938 2185 circumferens
957 2165 1018 2185 mu-

1035 1535 1055 1562 C

1072 915 1146 950 τρὸς,
1165 915 1212 941 καὶ
1228 915 1274 941 τοῦ
1290 914 1366 946 Υίοῦ,
1385 914 1490 941 καὶτοῦ
1518 916 1595 950 ἁγίου
1618 915 1776 950 Πνεύματος
1792 913 1852 942 εἶναι

1073 961 1121 996 τὴν
1134 961 1234 997 σάρκα,
1255 961 1346 992 καλῶς
1362 961 1478 997 τετράδα
1494 961 1646 996 ὠνόμαζον,
1661 961 1698 993 ὡς
1715 962 1765 997 τῆς
1778 960 1852 995 αὐτῆς

1072 1007 1167 1039 οὐσίας
1192 1009 1220 1034 ἐν
1242 1008 1353 1043 τέταρσι
1378 1007 1534 1044 προσώποις
1556 1008 1763 1043 θεωρουμένης·
1788 1009 1810 1034 εί
1828 1008 1853 1034 δὲ

1072 1051 1196 1088 λέγομεν,
1219 1053 1287 1088 ὅπερ
1310 1054 1394 1085 ἐστὶν,
1415 1053 1556 1089 ὁμοούσιον
1581 1054 1630 1089 μὲν
1652 1054 1691 1089 τῷ
1709 1054 1794 1089 Πατρὶ
1814 1054 1852 1079 τὸν

1073 1099 1146 1131 Υίὸν,
1167 1099 1309 1135 ὁμοούσιον
1329 1100 1359 1127 δὲ
1382 1100 1412 1127 τὸ
1434 1100 1546 1136 Πνεῦμα
1562 1100 1592 1126 τὺ
1613 1100 1706 1134 ἆγιον·
1724 1100 1852 1135 εἰληφέναι

1071 1144 1100 1170 δὲ
1120 1145 1169 1180 τὴν
1187 1145 1276 1180 σάρκα
1298 1147 1338 1177 εἰς
1360 1145 1534 1181 ἐκπλήρωσιν
1556 1146 1724 1181 οἰκονομίας,
1749 1146 1796 1172 οὐκ
1818 1146 1853 1176 είς

1071 1190 1184 1225 αὔξησιν
1201 1191 1309 1222 οὐσίας·
1329 1191 1387 1223 πῶς
1410 1191 1526 1227 ἀριθμοῦ
1550 1192 1711 1228 προσθήκην
1737 1192 1853 1228 ἐργάζου·

1071 1245 1124 1268 ται,
1138 1236 1188 1271 τῆς
1201 1237 1302 1271 σαρκὸς
1313 1237 1362 1272 τὴν
1377 1237 1457 1272 φύσιν
1479 1238 1604 1264 τοσοῦτον
1619 1238 1849 1274 παρηλλαγμένην,

1070 1282 1108 1314 ὡς
1127 1283 1219 1318 ἕτερον
1245 1283 1390 1318 πρόσωπον
1409 1284 1602 1319 ἐπεισάγοντες
1626 1285 1782 1320 ὸμοούσιον;
1810 1284 1849 1311 καὶ

1070 1327 1149 1355 τοῦτο
1167 1329 1197 1354 οὐ
1217 1328 1278 1355 καθ’
1302 1330 1401 1365 ἑαυτὴν
1425 1332 1511 1366 αὐτῆς
1533 1331 1735 1367 θεωρουμένης,
1758 1330 1810 1358 ἀλλ’
1824 1331 1849 1356 ἐν

1072 1374 1215 1410 ἀχωρίστῳ
1237 1376 1370 1412 συναφείᾳ
1391 1377 1459 1412 πρὸς
1484 1376 1529 1403 τὸν
1553 1377 1620 1404 Θεὺν
1633 1377 1722 1411 Λόγον
1735 1377 1848 1413 γνωριζο·

1073 1421 1173 1456 μένης·
1191 1420 1261 1448 ὥστε
1278 1422 1376 1456 μηκέτι
1400 1422 1606 1458 κεχωρισμένην
1627 1423 1713 1459 αὐτὴν
1735 1423 1846 1459 ὁρᾶσθαι,

1073 1467 1142 1501 μήτε
1160 1466 1198 1497 ὡς
1223 1466 1364 1502 ὁμοούσιον
1379 1467 1418 1503 τῷ
1437 1469 1487 1504 ῑσῳ
1510 1469 1602 1504 τρόπῳ
1623 1469 1846 1506 συναριθμεῖσθαι.

1078 1513 1107 1539 '0
1124 1513 1173 1548 μὲν
1188 1511 1235 1540 οὖν
1257 1515 1390 1550 ἡμέτερος
1416 1515 1493 1550 λόγος
1516 1516 1563 1543 καὶ
1586 1516 1635 1552 τὴν
1656 1517 1848 1553 ἐνανθρώπησιν

1072 1559 1208 1595 ὁμολογεῖ,
1227 1560 1274 1586 καὶ
1297 1560 1422 1596 τετράδα,
1442 1561 1533 1593 καθώς
1557 1570 1650 1598 φησιν,
1664 1563 1695 1589 οὺ
1713 1564 1790 1594 ποιεῖ,
1807 1561 1848 1589 καὶ

1072 1603 1200 1638 φυλάττει
1216 1604 1254 1640 τῷ
1269 1605 1347 1641 Λόγῳ
1363 1606 1393 1632 τὸ
1409 1607 1522 1639 ἀπαθὲς,
1541 1608 1587 1634 καὶ
1601 1608 1669 1644 πρὶς
1690 1609 1776 1640 πάσας
1789 1616 1849 1643 συμ-

1072 1651 1155 1684 φωνεῖ
1169 1650 1217 1681 τὰς
1250 1651 1331 1685 ἁγίας
1347 1652 1471 1687 Γραφάς·
1488 1654 1504 1688 ἡ
1524 1653 1552 1680 δὲ
1568 1654 1621 1680 τῶν
1637 1655 1765 1682 ἐναντίων
1780 1662 1848 1689 νομοί

1072 1694 1149 1721 θεσία
1164 1695 1211 1721 καὶ
1226 1697 1282 1727 τοῖς
1301 1698 1505 1733 γεγραμμένοις
1518 1699 1565 1725 ἀπ’
1578 1700 1666 1735 ἀρχῆς
1685 1702 1797 1732 ἀπειθεῖ,
1809 1701 1848 1727 καὶ

1070 1742 1119 1777 τῆς
1139 1743 1239 1778 σαρκὸς
1256 1743 1305 1779 τὴν
1320 1745 1454 1780 ἀνάληψιν
1467 1745 1567 1777 ἀθετεῖ,
1582 1748 1629 1774 καὶ
1641 1748 1688 1774 τὸν
1698 1748 1762 1775 Θεὸν
1774 1748 1848 1781 Λόγον

1070 1789 1219 1825 τετράφθαι
1239 1791 1286 1817 καὶ
1308 1791 1470 1818 πεπονθέναι
1492 1792 1575 1828 δηλοῖ,
1591 1793 1606 1826 ἢ
1623 1795 1695 1820 κατὰ
1711 1793 1847 1828 φαντασίαν

1071 1835 1160 1863 πάντα
1181 1836 1370 1872 ἐπιδεδεῖχθαι.
1386 1838 1418 1864 El
1431 1838 1459 1865 δὲ
1475 1838 1518 1865 διὰ
1538 1839 1638 1871 πολλὰς
1657 1841 1732 1876 ἡμᾶς
1747 1841 1845 1876 εὐεργε-

1072 1881 1130 1913 σίας
1145 1881 1189 1908 διὰ
1209 1882 1259 1917 τῆς
1281 1883 1475 1920 μεσιτευούσης
1487 1885 1621 1920 ἀχράντου
1640 1887 1740 1922 σαρκὸς
1750 1886 1846 1921 εἰληφέ-

1071 1935 1115 1952 ναι
1130 1935 1160 1953 τε
1171 1929 1218 1954 καὶ
1232 1928 1364 1963 λήψεσθαι
1388 1930 1507 1962 ἐλπίζειν
1522 1931 1720 1965 ἀναγκάζουσιν
1730 1933 1798 1968 ἡμᾶς
1812 1932 1846 1962 εἰς

1070 1972 1185 2008 ἀριθμὸν
1211 1974 1339 2009 τετράδος
1357 1976 1581 2011 παραλαμῦάνειν
1602 1978 1651 2013 τὴν
1682 1979 1780 2014 σάρκα·
1795 1977 1845 2013 ὥρα

1070 2018 1162 2049 αὐτοῖς
1180 2019 1227 2046 καὶ
1243 2020 1274 2046 τὸ
1287 2021 1392 2055 ἱμάτιόν
1409 2030 1460 2048 που
1475 2022 1522 2049 τοῦ
1536 2024 1700 2058 κρασπέδου,
1714 2022 1743 2051 οὗ
1755 2023 1844 2054 πιστῶς

1071 2063 1195 2100 ἁψαμένη
1213 2066 1230 2101 ἡ
1253 2066 1320 2102 γυνὴ
1336 2068 1352 2102 ὴ
1366 2067 1416 2103 τὴν
1437 2068 1483 2095 τοῦ
1497 2069 1610 2105 αἵματος
1634 2071 1726 2106 πηγὴν
1748 2069 1845 2107 περιφέ-

1071 2118 1165 2144 ρουσα,
1186 2111 1234 2147 τὴν
1261 2113 1333 2139 ἴασιν
1364 2113 1486 2149 ἔκλεψεν,
1513 2116 1553 2147 εἰς
1578 2117 1773 2152 συναρίθμησιν
1798 2116 1843 2143 τῶν

1071 2158 1313 2193 μνημονευομένων
1338 2159 1495 2195 λαμϐάνειν,
1516 2162 1563 2188 καί
1589 2171 1615 2189 τι
1635 2163 1758 2198 πέμπτον
1771 2164 1797 2190 ἐν
1811 2161 1843 2196 τῷ

234 2199 294 2231 lier,
311 2200 453 2227 sanitatem
471 2201 559 2228 furata
576 2206 619 2229 est
630 2222 636 2234 ,
650 2203 676 2229 in
695 2207 906 2230 memoratarum
920 2211 1016 2231 nume-

1071 2202 1226 2239 κηρύγματι
1244 2205 1293 2240 τῆς
1316 2205 1467 2240 Βοξολογίας
1478 2207 1509 2234 τὸ
1531 2208 1637 2242 ἱμάτιον
1659 2209 1839 2245 παρεισάγειν

233 2253 293 2272 rum
306 2246 453 2277 ascribere.
464 2251 490 2274 et
507 2247 633 2282 quintum
646 2247 756 2282 aliquod
773 2249 799 2274 in
823 2247 1017 2282 praedicatione

232 2291 351 2325 gloriosa
370 2292 415 2318 illa
429 2297 518 2327 togam
545 2282 674 2320 iiiducere
687 2302 693 2319 ε
710 2301 763 2320 non
778 2294 852 2320 illam
867 2294 975 2329 quidem
989 2299 1018 2322 ut

233 2337 292 2371 pari
311 2344 372 2364 cum
398 2339 483 2365 unitis
507 2339 613 2366 naturis
631 2339 711 2366 modo
729 2340 900 2372 honoratam,
917 2340 965 2368 sed
988 2345 1017 2368 ut

233 2381 268 2408 ad
289 2382 415 2416 stupendi
440 2383 625 2417 operationem
646 2384 770 2412 miraculi
795 2385 921 2412 ascitam.
947 2385 1016 2412 Cum

233 2426 428 2462 igitur-tantam
449 2436 464 2455 a
484 2429 631 2463 purissima
656 2438 739 2458 carne
762 2432 876 2465 gratiam
901 2431 1018 2465 accipiat

233 2475 306 2508 toga,
327 2473 488 2508 mulierique
500 2475 646 2510 impertiat,
661 2483 712 2503 nec
726 2480 816 2502 tamen
831 2477 956 2511 gloriosa:
972 2485 1019 2505 ce—

234 2518 393 2547 lebrationis
416 2529 560 2548 numerum
584 2526 691 2557 augeat.
706 2529 756 2550 nos
776 2531 886 2558 quoque
907 2531 1017 2551 carnem

234 2563 307 2591 illam
334 2564 453 2592 divinam
481 2567 660 2601 omnipotenti
682 2567 771 2596 Verbo
797 2570 1018 2604 inseparabiliter

234 2610 336 2637 unitam
350 2610 526 2644 honorantes,
548 2613 663 2640 salutem
679 2614 787 2648 quidem
811 2623 861 2643 nos
878 2623 925 2650 per
944 2616 1018 2643 illam

233 2656 363 2691 consequi
378 2656 546 2691 proﬁtemur,
581 2659 626 2686 sed
643 2658 785 2688 Trinitatis
803 2669 947 2689 numerum
963 2663 1018 2690 sal-

232 2709 296 2728 vum
317 2703 477 2735 retinemus,
497 2712 558 2731 cum
577 2713 661 2732 unum
687 2706 722 2733 sit
742 2714 807 2734 caro
831 2715 892 2734 cum
911 2707 1015 2741 Verbo,

233 2750 290 2774 tum
317 2752 427 2784 propter
446 2749 656 2786 inseparabilem
682 2752 823 2786 unionem,
837 2757 894 2781 tum
906 2759 1018 2790 propter

268 2824 324 2861 (22)
340 2824 410 2853 Edit.
425 2826 543 2862 Comm,
558 2829 771 2865 ἐφαρμόζοντας.

1068 2250 1117 2284 οὺχ
1140 2249 1178 2281 ὡς
1198 2251 1312 2287 τιμηθέν
1334 2246 1372 2287 τῷ
1393 2253 1466 2288 αὑτῴ
1487 2253 1537 2289 τῆς
1558 2255 1680 2287 ἑνώσεως
1697 2255 1777 2290 τόπῳ,
1793 2253 1840 2280 ἀλλ’

1068 2294 1106 2326 ὡς
1122 2296 1297 2331 παραληφθὲν
1321 2298 1361 2329 εἰς
1386 2298 1606 2335 θαυματουργίαν
1626 2301 1782 2335 παράδοξον.
1795 2298 1840 2325 Τοῦ

1069 2340 1156 2368 τοίνυν
1175 2343 1282 2377 ἱματίου
1309 2344 1443 2380 τοσαύτην
1469 2347 1500 2372 ἐκ
1520 2347 1569 2382 τῆς
1594 2347 1727 2383 ἀχράντου
1753 2346 1840 2383 cap-4b;

1068 2387 1195 2419 λαὸόντος
1210 2389 1300 2425 χάριν,
1315 2391 1363 2416 καὶ
1377 2391 1535 2425 μεταδόντος
1547 2393 1579 2428 τῇ
1590 2394 1709 2426 γυναικὶ,
1723 2393 1768 2419 καὶ
1783 2391 1840 2427 μηδὲ

1069 2433 1226 2469 προσθήκην
1241 2434 1289 2461 τοῦ
1304 2435 1419 2471 ἀριθμοῦ
1434 2437 1481 2463 ἐπὶ
1502 2437 1654 2473 δοξολογίας
1678 2440 1838 2475 ποιήσαντος·

1068 2479 1139 2506 οὕτω
1154 2481 1200 2506 καὶ
1223 2481 1272 2517 τὴν
1289 2482 1378 2509 ἔνθεον
1394 2483 1483 2519 σάρκα
1504 2484 1553 2519 τὴν
1569 2485 1758 2521 ἀναποὸλήτως
1780 2485 1839 2520 ἡνω·

1069 2525 1154 2562 μένην
1169 2527 1207 2562 τῷ
1224 2528 1418 2564 παντοδυνάμῳ
1440 2530 1518 2564 Λόγῳ
1537 2531 1678 2566 τιμῶντες,
1700 2531 1784 2566 εὑρεῖν
1799 2528 1838 2564 μὲν

1068 2572 1102 2599 δι’
1115 2573 1201 2608 αὐτῆς
1228 2575 1412 2611 ὁμολογοῦμεν
1435 2576 1485 2612 τὴν
1512 2577 1658 2613 σωτηρίαν,
1673 2578 1802 2613 τηροῦμεν
1815 2574 1837 2600 δὲ

1069 2618 1116 2644 καὶ
1131 2618 1176 2644 τὸν
1189 2619 1304 2655 ἀριθμὸν
1322 2620 1372 2655 τῆς
1387 2621 1501 2657 Τριάὂος
1516 2623 1755 2660 ἀπαρεγχείρητον.
1769 2622 1803 2653 ὼς
1813 2620 1837 2645 ἒν

1052 2686 1055 2689 .
1068 2660 1149 2689 οὖσαν
1163 2663 1221 2698 ἃμα
1230 2663 1270 2699 τῷ
1284 2665 1362 2699 Λόγῳ
1375 2666 1446 2693 κατὰ
1455 2666 1485 2693 τὸ
1498 2667 1647 2704 ἀχώριστον
1658 2669 1704 2704 τῆς
1717 2667 1835 2696 ἑνώσεωςι

1068 2708 1116 2734 καὶ
1139 2708 1288 2746 ἀδιαίρετον
1313 2711 1364 2745 τῆς
1390 2714 1611 2749 προσκυνήσεως.
1635 2714 1702 2741 Ἀλλ’
1723 2714 1770 2740 ὅσα
1794 2710 1834 2746 μὲν

1067 2754 1253 2790 ἐφαρμόζοντα
1269 2756 1325 2791 (22)
1335 2758 1369 2793 τῇ
1385 2757 1444 2794 θείᾳ
1456 2759 1535 2793 φύσει
1551 2760 1680 2794 φάσκουσι
1699 2757 1833 2793 γεγονέναιι
