1926 3068
44 146 117 175 1555

430 141 723 172 CONFUTATIONES
738 139 961 175 QUA‘RUMDAM
978 138 1269 167 PROPOSITIONUM.

1587 135 1652 164 Κλῆ

43 203 75 229 τὸ
95 202 205 229 δυνατὸν
229 201 275 228 τοῦ
303 200 370 227 Θεοῦ
394 201 462 236 πρὸς
487 199 657 234 κατασκευὴν
684 198 841 234 ἀπρεποῦς,

893 196 1020 223 adivisam
1037 195 1233 223 adorationem.
1250 194 1302 222 Sed
1311 200 1479 228 quaecunque
1495 190 1592 220 divlnae
1606 201 1654 220 na-

44 250 149 280 ἐννοίας
165 248 339 284 λαμὸἁνουσι,
357 247 460 273 Παύλου
477 246 599 280 λέγοντος
609 253 616 260 ·
640 243 778 270 Ἀδύνατον
789 243 828 278 τῷ

45 293 108 329 Θεῷ
127 294 175 321 xu).
190 293 221 319 τὸ
238 291 398 327 ψεύσασθαι,
417 291 464 318 xu)
481 290 512 317 τὸ
532 289 626 316 ἑαυτὸν
644 287 826 323 ἀρνήσασθαι·

44 339 98 367 ὅσα
110 339 139 366 δὲ
158 339 204 365 xu)
219 338 371 373 ἁρμόζοντα
389 336 427 372 τῷ
441 336 500 371 Θεῷ
514 336 560 362 xu).
575 335 693 369 σωτήρια
707 333 753 359 καὶ
769 332 829 359 θεο-

46 387 141 422 πρεπῆ
165 386 212 412 xu)
233 385 421 420 φιλάνθρωπα,
444 382 530 410 ταῦτα
554 385 622 416 προς
643 380 674 406 τὸ
702 379 829 406 ἀδύνατον

49 432 241 469 μεταφέρουσι,
263 430 299 466 μὴ
322 428 548 464 παραχωροῦντες
566 428 598 462 τῇ
617 426 762 460 δεσποτικῇ
786 433 830 450 σο-

47 479 100 514 φίᾳ
122 477 168 504 τοῦ
187 476 314 503 δύνασθαι
333 475 380 502 xu).
397 474 488 501 λαϐεῖν
511 474 608 508 σάρκα,
622 473 669 499 καὶ
693 471 728 507 μὴ
744 471 831 497 ποιεῖν

47 524 176 559 τετράδα.
192 523 269 550 Οὕτω
292 521 381 557 κρίσις
399 521 489 551 αὐτοῖς
513 519 710 554 ὲμφιλόνεικος,
734 517 767 544 τὰ
782 516 831 552 μὲν

47 569 182 605 ἀπρεπῶς
204 569 270 603 παρ’
283 567 371 593 αὐτῶν
395 564 626 600 καινοτομούμενα
650 562 773 598 βεόαιοῦν
793 561 832 596 τῷ

47 616 148 649 λέγειν,
165 615 205 641 ὅτι
219 613 307 640 πάντα
329 612 440 639 δύναται
461 613 475 638 ὁ
495 611 576 641 Θεός·
593 610 627 636 τά
649 609 677 636 δὲ
693 607 767 644 παρά
781 607 832 642 τῆς

48 661 131 694 ἁγίας
144 659 253 695 Γραφῆς
267 658 384 689 εὐσεϐῶς
396 657 585 693 κηρυσσόμενα
602 655 698 690 μηκέτι
709 653 832 688 δέχεσθαι

48 707 88 738 ὡς
110 705 207 741 ἀληθῆ,
224 705 271 731 xu)
292 704 402 736 δυνατὰ,
420 704 466 730 xu)
484 702 671 738 συμφέροντα’
685 700 833 735 λαμϐάνειν

48 752 79 778 δὲ
104 751 174 778 αὐτὰ.
195 752 234 782 είς
255 750 356 785 πλοκὴν
371 749 544 784 ζητημάτων,
561 748 607 774 καὶ
625 747 663 782 μὴ
682 746 832 774 ἀποδιδόναι

48 799 84 832 τῇ
100 796 212 832 δυνάμει
226 796 272 822 τοῦ
296 796 384 822 πάντα
399 794 537 825 ποιοῦντος
559 793 593 820 τὰ
611 793 746 828 ἀνήκοντα
763 790 834 826 ὑπὲρ

48 842 222 879 ἀνθρωπίνην
235 841 394 877 κατάληψιν.

422 896 467 924 Vl.

50 954 132 990 Πρὸς
157 954 228 986 τοὺς
248 953 468 990 ,ῖέγονταςκᾷτι
496 951 832 990 και-ἰξῖνρρίοπον-γινώ-

87 986 174 1016 σκειν
181 990 234 1015 τὸν
243 986 396 1020 Δεσπότην
406 986 542 1021 Χριστὸν,
555 988 598 1018 εὶς
606 987 760 1020 ἄνθρωπόν
769 987 834 1013 ἐστι

87 1025 142 1057 τὰς
156 1023 284 1057 ἐλπίδας
300 1024 392 1057 ἔχειν.

95 1068 174 1096 ’Λλλά
190 1068 256 1104 γὰρ,
282 1068 318 1103 μὴ
340 1067 518 1103 ἀρκεσθέντες
537 1068 591 1097 τοῖς
612 1065 697 1097 οὕτως
727 1065 835 1097 ἀτόποις

51 1116 102 1143 xu)
121 1114 308 1149 ἀναισχύντοις
329 1113 512 1150 προϐλήμασι,
528 1112 700 1148 προσέθηκαν
719 1112 765 1138 καὶ
790 1111 836 1138 ἄλ-

52 1161 106 1195 λην
127 1159 297 1195 ίταμωτέραν
315 1158 462 1192 ἀπόφασιν,
488 1157 612 1192 λέγοντες
636 1158 676 1189 εἰς
697 1157 838 1192 ἄνθρωπον

53 1206 127 1240 ἔχειν
154 1205 202 1236 τὰς
224 1203 335 1235 ἐλπίδας
360 1204 424 1235 τοὺς
448 1203 514 1230 Θεὸν
542 1203 588 1229 καὶ
612 1202 753 1238 ἄνθρωπον
776 1201 838 1229 καθ’

54 1250 188 1286 ἑκατέραν
201 1249 280 1284 φύσιν
292 1248 487 1284 ὁμολογοῦντας
501 1248 546 1276 τὸν
560 1248 684 1284 Χριστόν.
705 1248 764 1274 Ἐπὶ
778 1247 839 1274 τού-

54 1303 114 1327 τοις
145 1294 233 1322 αὐτῶν
259 1293 391 1321 πυθέσθαι
420 1293 510 1320 καλόν.
538 1294 584 1320 Δεῖ
616 1292 755 1319 πείθεσθαι
780 1293 840 1324 ταῖς

55 1340 150 1374 ἁγίαις
169 1340 299 1375 Γραφαῖς,
317 1339 333 1374 ἢ
357 1339 415 1366 κατ’
426 1339 524 1370 αὐτοὺς
546 1339 576 1365 ού
596 1339 652 1370 δεῖ;
668 1339 699 1364 Εἰ
722 1338 770 1374 μὲν
786 1338 840 1373 γὰρ

56 1385 108 1417 δεῖ,
126 1386 190 1420 παρ’
202 1384 291 1412 αὐτῶν
303 1384 472 1420 ἀκηκόαμεν,
497 1384 544 1411 xu)
567 1384 661 1414 αὑταῖς
677 1383 840 1417 ἐγκαλείτω-

60 1438 128 1458 σαν·
145 1431 209 1458 εἰδὲ
229 1431 344 1465 λέγοιεν,
361 1430 398 1462 ὡς
416 1430 446 1456 οὐ
460 1429 510 1462 δεῖ,
528 1429 651 1466 φανερῶς
663 1429 842 1464 ὁμολογείτω-

57 1485 110 1504 σαν
125 1476 173 1512 τὴν
193 1476 261 1511 πρὸς
282 1475 332 1508 τάς
356 1475 431 1511 ἱερὰς
455 1475 562 1510 βίΰλους
586 1475 716 1502 ἄσπονδον
741 1475 840 1510 μάχην,

57 1530 108 1549 και
120 1522 207 1554 οὐδεὶς
231 1522 296 1557 ἡμῖν
324 1521 391 1556 πρὸς
408 1521 516 1553 αὐτοὺς,
532 1519 576 1548 οἷα
592 1521 660 1557 πρὸς
676 1521 840 1557 ἀλλοτρίους,

58 1567 147 1602 λόγος.
163 1566 232 1603 11αρ“
246 1566 334 1593 αὐτῶν
348 1566 504 1602 ἀκηκόαμεν
513 1574 519 1581 ·
541 1566 715 1602 (Ἀνθρωπος
729 1567 758 1592 ὲν
773 1566 841 1601 πλη-

56 1615 97 1650 γῇ
111 1612 158 1645 ὢν.
179 1613 226 1640 καὶ
251 1612 328 1643 εἰδὼς
343 1612 435 1648 φέρειν
458 1611 607 1647 μαλακίαν·
624 1621 633 1637 ι
655 1611 702 1638 καὶ
722 1611 762 1638 ﬁt
779 1611 841 1643 Υἱὸς

58 1658 205 1694 ἀνθρώπου
220 1659 278 1685 ἐστί
288 1667 294 1674 ·
311 1668 321 1684 ι
332 1658 388 1685 Νῦν
401 1657 428 1684 δέ
449 1666 482 1694 με
498 1657 603 1693 ζητεῖτε
614 1658 782 1688 ἀποκτεῖναι,
794 1657 842 1683 ἀν-

59 1705 170 1740 θρωπον
186 1703 216 1736 ὃς
231 1704 279 1739 τὴν
294 1702 422 1738 ἀλήθειαν
440 1702 577 1737 λελάληκα
599 1702 674 1737 ὑμῖν.
699 1699 747 1732 Εἷς
767 1701 842 1733 Θεὸς,

59 1748 102 1781 εἷς
115 1750 162 1776 καὶ
181 1749 292 1784 μεσίτης
305 1748 372 1775 Θεοῦ
388 1748 435 1775 xu).
455 1747 614 1782 ἀνθρώπων,
633 1746 774 1782 ἄνθρωπος
792 1747 844 1781 Ἰη-

62 1795 128 1828 σοῦς
141 1795 266 1831 Χριστός.
291 1794 320 1821 'U
332 1794 440 1830 πρῶτος
457 1793 599 1829 ἄνθρωπος
621 1793 654 1820 ὲκ
671 1793 722 1828 γῆς
737 1793 843 1828 χοῐκὸς,

58 1843 74 1869 ὁ
90 1841 214 1876 δεύτερος
226 1840 367 1876 ἄνθρωπος
382 1841 396 1867 ὁ
410 1839 510 1875 Κύριος
531 1839 560 1872 ἐξ
585 1838 709 1875 οὐρανοῦ.
729 1839 756 1866 '0
772 1838 846 1873 πρῶ-

61 1895 110 1919 ως
125 1887 221 1922 Ἀδὰμ,
245 1887 260 1913 ὁ
276 1886 305 1913 δὲ
320 1886 433 1920 ἔσχατος
447 1886 574 1921 Χριστός.
587 1886 625 1912 Δι’
643 1884 783 1920 ἀνθρώπου
797 1884 845 1912 θά-

58 1941 151 1965 νατος,
171 1932 204 1959 δι’
221 1931 364 1967 ἀνθρώπου
385 1931 532 1963 ἀνάστασις
563 1931 675 1967 νεκρῶν.
688 1940 698 1956 ι
721 1930 846 1958 Τοσαῦτα

60 1981 93 2006 ὲν
114 1979 213 2013 λόγοις,
233 1978 279 2005 καὶ
298 1977 388 2012 πολλῷ
409 1977 494 2004 πλείω
518 1977 619 2012 σφόδρα
647 1977 696 2004 ὅσα
721 1977 800 2004 πάλιν
817 1977 845 2003 ὲν

61 2024 165 2060 ῑργοις.
189 2022 333 2058 Ἐγεννήθη
353 2022 461 2058 βρέφος,
476 2022 646 2058 περιεγράφη
667 2022 846 2057 σπαργάνοις,

63 2070 171 2106 ἐτράφη
193 2069 319 2103 γάλακτι,
342 2068 511 2104 περιετμήθη
532 2068 602 2095 κατὰ
616 2068 660 2094 τὸν
676 2068 767 2102 νόμον,
782 2076 848 2103 προ-

63 2116 163 2151 ἔκοψεν
181 2115 284 2151 ἡλικίᾳ,
302 2115 348 2142 xu).
363 2115 452 2150 σοφίᾳ,
473 2115 519 2141 καὶ
535 2115 636 2150 χάριτι,
657 2116 750 2141 πεῖναν
767 2114 846 2148 ἐγνω,

62 2161 145 2197 δίψαν
161 2162 210 2188 οὐκ
224 2160 352 2196 ἠγνόησε,
371 2161 458 2188 πόνων
471 2160 595 2196 αἴσθησιν
613 2160 702 2193 ἔλασε,
726 2159 848 2196 ταραχῆς

878 247 946 270 tura:
972 250 1026 269 non
1043 241 1218 273 conveniunt.
1234 249 1265 269 ea
1283 241 1409 275 potentia;
1426 240 1472 267 Dei
1484 240 1516 267 ad
1531 247 1654 267 astruen-

877 289 938 316 dam
956 287 1100 315 absurdam
1120 295 1197 315 suam
1218 287 1375 322 opinionem
1394 286 1550 316 ascribunt.
1569 284 1654 312 Paulo

878 334 985 360 dicente
993 333 1076 360 Deum
1087 340 1140 360 non
1148 339 1226 367 posse
1233 331 1351 363 mentiri,
1360 339 1409 358 nec
1419 330 1536 364 seipsum
1547 338 1654 365 negare.

878 378 943 411 Qua:
951 386 1015 405 vero
1023 383 1048 404 et
1063 377 1116 404 Deo
1132 376 1540 409 convenientia,ctsalutaria,ct
1555 375 1655 407 divina,

878 429 904 450 ct
917 424 943 450 in
959 423 1097 450 hominum
1117 422 1229 457 gratiam
1253 422 1323 448 facta
1339 425 1411 451 sunt.
1426 429 1457 447 ca
1479 420 1656 455 impossibilia

878 477 939 496 esse
954 469 1048 496 dicunt
1061 479 1067 495 :
1086 476 1173 504 neque
1188 469 1214 496 id
1231 468 1329 495 divina:
1339 467 1477 502 sapientia:
1493 467 1656 498 concedunt,

882 519 910 542 ut
925 515 1010 549 possit
1024 521 1134 541 carnem
1146 514 1336 548 sumcrc.quin
1347 513 1427 539 faciat
1439 512 1657 547 quaternitatem.

880 560 918 587 Ita
928 560 1056 588 nimirum
1069 560 1106 587 illi
1120 560 1281 586 contentiosi
1298 562 1371 591 sunt,
1383 562 1412 584 ut
1424 558 1540 585 absurda
1549 558 1658 593 quidem

881 614 930 633 sua
943 609 1095 633 commenta
1112 604 1274 632 conﬁrmare
1288 605 1411 631 nitantur
1428 604 1554 636 dicendo,
1570 605 1660 632 omnia

882 659 962 687 posse
973 651 1071 685 Deum;
1081 659 1141 686 quae
1151 658 1214 678 vero
1228 651 1270 685 pie
1285 657 1299 676 a
1314 658 1391 678 sacra
1406 650 1547 685 Scriptura
1562 650 1661 685 przedi-

882 703 990 730 cantur,
1004 706 1059 725 non
1071 698 1215 725 admittant
1225 701 1255 724 ut
1265 704 1339 729 vera,
1355 703 1385 723 ut
1399 697 1551 731 possubilia,
1563 701 1593 724 ut
1608 697 1662 723 uti-

882 744 932 776 lia;
947 743 994 770 sed
1010 751 1043 770 ex
1068 743 1102 770 iis
1124 743 1306 778 quaestionum
1330 743 1441 777 laqueos
1468 745 1587 773 nectant,
1613 750 1662 770 nec

883 791 1003 816 omnium
1012 789 1151 817 Creatoris
1166 788 1292 824 potestati
1303 796 1335 816 ea
1348 788 1470 815 tribuant
1481 795 1541 822 qua:
1554 791 1663 823 captum

885 839 1016 872 superant
1032 835 1191 863 humanum.

1204 890 1286 927 ωε
1302 890 1344 918 vr.

885 947 1015 974 Adversus
1030 955 1073 974 eos
1095 947 1139 982 qui
1155 947 1244 974 dicunt
1263 946 1397 974 Christum
1418 946 1561 974 Dominum
1576 952 1604 974 ut
1618 948 1665 975 lio-

920 983 1015 1043 zu'nem
1034 990 1182 1017 agnoscere,
1199 991 1254 1010 esse
1267 983 1293 1009 in
1309 983 1437 1009 hominem
1448 990 1518 1017 spent
1532 991 1607 1010 suam
1621 983 1666 1010 Im-

937 1025 990 1043 ere.

937 1025 990 1044 ere.

921 1063 955 1090 At
968 1063 1007 1090 illi
1026 1071 1081 1091 non
1099 1064 1218 1091 contenti
1236 1067 1290 1090 tam
1311 1063 1437 1091 absurdis
1451 1064 1667 1099 impudentibus-

887 1115 939 1143 que
963 1109 1213 1144 propositionibus,
1227 1109 1307 1135 aliam
1333 1109 1417 1136 mnlto
1440 1109 1668 1144 inipndentiorem

887 1157 1049 1184 sententiam
1078 1156 1215 1188 addidere,
1232 1156 1363 1188 dicentes,
1383 1156 1410 1183 in
1429 1156 1566 1184 hominem
1591 1164 1667 1191 spem

888 1202 949 1229 illos
965 1202 1074 1234 habere,
1087 1202 1133 1237 qui
1148 1202 1286 1230 Christum
1296 1202 1445 1230 seCundum
1460 1207 1602 1237 utramque
1617 1209 1667 1228 na-

889 1251 979 1274 turam
1002 1247 1086 1275 Deum
1104 1253 1130 1275 et
1153 1247 1290 1275 hominem
1304 1256 1364 1276 esse
1384 1249 1550 1275 conﬁtentur
1567 1257 1572 1274 :
1588 1256 1670 1283 super

889 1293 932 1321 his
947 1295 1101 1328 percontari
1119 1294 1180 1321 illos
1193 1300 1282 1328 opera:
1292 1294 1407 1328 pretium
1419 1294 1509 1321 fuerit.
1532 1294 1585 1321 Aut
1604 1301 1670 1321 san—

892 1339 944 1367 ctis
956 1339 1144 1374 obtemperare
1159 1339 1310 1375 Scripturis
1324 1343 1441 1374 oportet,
1457 1345 1504 1366 aut
1521 1340 1669 1367 secundum

890 1385 952 1412 illos
965 1393 1018 1412 non
1036 1389 1156 1420 oportet;
1169 1385 1191 1412 si
1215 1389 1330 1420 oportet,
1348 1385 1375 1412 id
1390 1393 1423 1412 ex
1436 1384 1586 1420 Scripturis
1600 1385 1672 1413 didi-

890 1431 988 1463 cimus,
1004 1431 1065 1458 illas
1080 1431 1296 1466 ergoincusent;
1312 1431 1335 1458 si
1348 1431 1449 1463 dicant,
1466 1439 1519 1459 non
1534 1435 1670 1466 oportere.

891 1476 979 1510 palam
997 1483 1061 1511 ergo
1073 1476 1174 1503 faciant
1189 1483 1269 1503 suum
1287 1476 1314 1503 in
1339 1483 1433 1504 sacros
1450 1477 1534 1504 libros
1550 1477 1672 1504 irrecon-

893 1520 1012 1548 ciliabile
1041 1521 1152 1553 bellum,
1164 1528 1214 1548 nec
1230 1521 1301 1548 ullus
1316 1521 1396 1548 nobis
1411 1529 1473 1548 cum
1499 1522 1565 1554 illis,
1578 1526 1672 1557 utpote

893 1566 1046 1597 extraneis,
1065 1566 1100 1593 sit
1124 1573 1223 1593 sermo.
1253 1565 1291 1593 Ex
1318 1566 1466 1601 Scripturis
1494 1567 1671 1595 audivimus:

896 1621 906 1638 ι
924 1611 1011 1639 Homo
1027 1613 1055 1639 in
1071 1612 1148 1647 plaga
1163 1613 1344 1644 constitutus,
1360 1618 1387 1640 et
1401 1612 1491 1640 sciens
1505 1613 1576 1641 ferre
1596 1613 1673 1641 intir-

894 1657 1015 1685 mitatem
1032 1658 1075 1685 ἐς
1092 1667 1102 1684 ι
1120 1662 1147 1684 et
1164 1658 1236 1692 quod
1257 1657 1342 1685 Filius
1355 1658 1390 1685 sit
1409 1658 1525 1686 hominis
1542 1666 1549 1684 :
1566 1666 1576 1684 ι
1595 1658 1674 1686 Nunc

894 1707 984 1731 autem
1003 1704 1125 1739 quasritis
1141 1711 1184 1732 me
1198 1704 1360 1736 interﬁcere,
1379 1705 1514 1732 hominem
1538 1705 1584 1740 qui
1603 1706 1674 1732 veri-

895 1753 976 1777 tatem
991 1750 1097 1777 locutus
1121 1757 1180 1776 sum
1204 1749 1281 1776 vobis
1292 1749 1324 1777 ".
1341 1748 1417 1777 Unus
1435 1748 1516 1781 Deus,
1537 1757 1607 1777 unus
1621 1757 1675 1777 me-

895 1795 985 1822 diator
999 1795 1045 1822 Dei
1070 1799 1097 1823 et
1119 1795 1270 1827 hominum,
1287 1794 1368 1822 homo
1393 1796 1475 1824 Jesus
1497 1797 1624 1824 Christus
1639 1797 1672 1824 “.

896 1840 1004 1868 Primus
1012 1841 1094 1867 homo
1102 1848 1134 1867 cx
1149 1845 1221 1867 terra
1236 1844 1370 1873 terrenus,
1383 1839 1518 1868 secundus
1533 1841 1615 1868 homo
1627 1840 1677 1868 Do-

897 1887 987 1914 minus
1001 1895 1033 1914 ex
1041 1887 1109 1914 cmlo
1117 1887 1265 1916 ".Primus
1274 1888 1369 1919 Adam,
1385 1887 1497 1914 ultimus
1517 1895 1580 1915 vero
1595 1887 1676 1915 Chri-

897 1938 966 1960 stus.
981 1932 1033 1960 Per
1045 1932 1280 1967 hominem'inors,
1295 1941 1342 1969 per
1359 1934 1495 1961 hominem
1512 1934 1676 1961 resurrectio

897 1982 1066 2005 mortuorum
1083 1978 1116 2006 ‘°.
1127 1987 1137 2003 ›
1153 1976 1215 2005 Haec
1230 1982 1269 2005 tot
1288 1983 1415 2013 tantaque
1435 1978 1527 2010 verba,
1543 1986 1575 2006 ac
1590 1979 1676 2006 multo

896 2024 976 2059 plura
984 2031 1066 2059 opera
1074 2029 1148 2057 sunt,
1165 2033 1225 2060 qua:
1246 2026 1431 2053 testimonium
1447 2025 1571 2053 reddant.
1591 2025 1677 2053 Natus

898 2073 939 2096 est
949 2069 1050 2102 infans,
1060 2070 1158 2104 pannis
1167 2070 1315 2102 involutus,
1332 2071 1539 2102 lactonutritus,
1558 2071 1677 2098 circurn-

898 2115 972 2142 cisus
989 2111 1139 2142 secu’ndum
1154 2115 1250 2150 legem,
1268 2115 1382 2150 profecit
1392 2120 1484 2148 aetate,
1500 2115 1634 2151 sapientia
1648 2120 1677 2142 et

900 2161 997 2196 gratia,
1011 2160 1109 2188 famem
1126 2165 1254 2196 expertus
1278 2165 1330 2193 est,
1355 2161 1427 2189 sitim
1449 2162 1514 2188 non‘
1530 2162 1675 2197 ignoravit,

63 2208 113 2235 καί
123 2207 269 2242 ἀδημονίας
283 2207 330 2234 καὶ
349 2206 436 2242 λύπης
446 2207 541 2241 πεῖραν
554 2205 670 2238 ἐδέξατο,
683 2206 750 2234 κατά
763 2206 841 2233 πάντε

904 2206 1009 2234 labores
1027 2207 1166 2239 sustinuit,
1186 2206 1426 2242 perturbationem,
1444 2207 1606 2234 anxietatem
1623 2206 1680 2233 ani-

65 2252 195 2288 ὡμοιώθη
210 2253 266 2284 τοῖς
289 2251 412 2286 ἀδελφοῖς
440 2252 522 2286 χωρὶς
549 2251 692 2286 ἁμαρτίας.
717 2251 849 2284 Μάστιξιν

65 2296 220 2332 ὑπεϐλήθη,
236 2295 344 2332 σταυρῷ
360 2295 513 2331 προσήχθη,
529 2295 604 2330 ἥλοις
620 2296 785 2330 περιεπάρη,
803 2296 850 2322 θα-

66 2344 150 2372 νάτου
173 2343 313 2378 ἐγεύσατο,
329 2344 400 2378 ταφῇ
424 2341 570 2378 παρεδόθη,
595 2341 707 2375 γέγονεν
732 2343 749 2377 ἠ
777 2341 849 2378 ψυχὴ

68 2389 141 2419 κατὰ
157 2389 202 2416 τὸν
215 2389 292 2424 ᾅδην,
309 2389 356 2416 xu).
377 2388 544 2424 κρατηθῆναι
561 2388 598 2423 μὴ
615 2387 758 2422 δυνηθεῖσα
772 2387 851 2414 πάλιν

68 2435 188 2471 ἀπεδόθη
202 2435 240 2470 τῷ
255 2434 370 2470 σώματι,
388 2433 435 2461 καὶ
458 2433 567 2468 γέγονεν
584 2434 600 2468 ὴ
616 2433 775 2464 ἀνάστασις·
792 2431 851 2459 εἶτα

69 2481 164 2516 ἐπαφὴ
178 2481 224 2507 καὶ
241 2480 396 2516 ψηλάφησις
408 2479 461 2506 τῶν
477 2478 660 2506 ἀπιστούντων
673 2487 679 2494 ·
695 2477 752 2505 εἷτα
765 2480 851 2514 τροφὴ

71 2527 239 2563 πιστουμένη
252 2526 298 2553 τοῦ
319 2525 443 2561 σώματος
465 2525 514 2561 τὴν
541 2524 685 2552 ἀνάστασιν
695 2533 702 2540 ’
718 2523 777 2552 εἶτα
789 2525 853 2552 ἀνά-

71 2573 153 2609 ληψις
165 2573 205 2605 είς
220 2572 333 2609 οὐρανὸν
349 2571 473 2608 ὁρώντων
496 2570 611 2597 πολλῶν.
626 2570 760 2597 Τοσαῦται
786 2579 854 2606 μαρ-

71 2620 162 2656 τυρίαι
167 2618 222 2645 τῶν
228 2618 434 2655 γεγραμμένων,
442 2617 559 2653 τοσαύτη
567 2616 619 2653 πλη
624 2616 735 2653 ροφορία
741 2616 852 2652 γενομέ-

72 2673 137 2696 νων,
144 2663 277 2692 τοσούτων
289 2665 305 2699 ή
319 2663 459 2698 οἰκονομία
469 2663 595 2698 πρόξενος
600 2662 717 2697 ἀγαθῶν.
725 2662 780 2689 Καὶ
789 2661 854 2688 ταῦ-

71 2718 106 2736 τα
121 2710 208 2736 πάντα
220 2709 358 2736 κελεύουσι
368 2709 501 2745 παρορᾷν,
512 2709 559 2735 καὶ
566 2708 700 2735 τοσούτων
713 2707 758 2735 xu)
767 2706 854 2734 τοιού-

72 2763 126 2783 των
141 2755 303 2786 ἀπεναντίας
319 2756 428 2790 χωρεῖν,
441 2754 635 2790 ἀνθρωπότητα
648 2754 676 2780 δὲ
690 2753 734 2780 διὰ
753 2753 854 2780 τούτων

899 2252 947 2283 mi,
960 2255 987 2279 et
1001 2252 1122 2280 dolorem
1133 2256 1262 2288 expertus
1276 2257 1329 2284 est,
1345 2259 1393 2287 per
1406 2252 1497 2279 omnia
1513 2252 1679 2279 assimilatas

900 2302 941 2326 est
956 2297 1096 2330 fratribus,
1111 2301 1223 2332 excepto
1247 2302 1368 2333 peccato.
1384 2297 1509 2334 Flagellis
1526 2305 1612 2334 caesus
1625 2302 1678 2329 est,

902 2347 980 2371 actus
993 2344 1020 2371 in
1032 2351 1151 2375 crucem,
1167 2344 1251 2371 clavis
1274 2343 1409 2376 conﬁxus,
1424 2349 1537 2372 mortem
1550 2343 1679 2379 gustavit,

902 2389 1050 2424 sepulturae
1067 2389 1182 2416 traditus
1199 2393 1251 2422 est,
1270 2389 1410 2417 descendit
1426 2390 1515 2416 anima
1527 2389 1586 2424 ejns
1594 2389 1627 2416 ad
1643 2388 1682 2415 in-

903 2434 986 2466 feros,
999 2438 1103 2461 etcum
1124 2434 1161 2461 ibi
1185 2434 1299 2461 detineri
1318 2441 1372 2461 non
1396 2439 1498 2469 posset,
1513 2434 1616 2462 reddita
1639 2438 1682 2462 est

903 2480 1021 2515 corpori,
1040 2484 1067 2507 et
1084 2479 1157 2506 facta
1182 2480 1347 2507 resurrectio
1363 2484 1404 2507 est
1419 2489 1426 2506 :
1441 2480 1505 2507 hinc
1521 2480 1639 2515 palpatio
1655 2484 1682 2506 et

903 2525 1082 2553 contrectatio
1091 2524 1402 2556 incredulorum,deinde
1409 2529 1535 2560 sumptus
1543 2526 1621 2553 cibus
1629 2529 1681 2557 est,

904 2570 951 2605 qui
982 2569 1138 2597 resuscitati
1164 2570 1287 2604 corporis
1315 2570 1394 2597 (idem
1425 2569 1527 2598 laeeret
1550 2578 1558 2597 ι
1584 2570 1684 2598 deinde

905 2614 1056 2650 assumptio
1080 2615 1109 2641 in
1125 2615 1224 2642 malum
1242 2615 1335 2643 multis
1346 2615 1510 2643 videntibus.
1528 2615 1580 2643 Tot
1595 2619 1687 2644 tanta-

905 2668 958 2696 que
970 2664 1034 2688 sunt
1053 2659 1254 2694 Scripturarum
1266 2661 1430 2692 testimonia,
1447 2665 1521 2687 tanta
1534 2668 1627 2688 rerum
1639 2668 1686 2696 ge-

907 2710 1012 2734 starum
1031 2707 1178 2739 certitudo,
1193 2710 1233 2733 tot
1256 2710 1385 2741 tantaque
1400 2707 1480 2734 nobis
1492 2707 1563 2734 bona
1574 2714 1686 2734 (nconc-

908 2752 962 2780 mia
978 2752 1116 2782 conciliat.
1131 2752 1164 2780 Et
1187 2753 1347 2788 pmcipiunt
1366 2757 1457 2781 tamen
1473 2757 1503 2780 ut
1517 2753 1576 2781 haec
1594 2753 1686 2781 omnia

108 2833 134 2850 ⁸⁸
151 2831 203 2860 lea.
221 2839 280 2862 Lm.
298 2832 326 2858 3.
363 2831 384 2847 "
404 2829 482 2858 Joan.
501 2838 567 2863 vm,
585 2831 629 2858 40.
667 2831 689 2847 ⁵⁸
711 2831 718 2857 Ι
736 2829 806 2857 Tim.
825 2837 841 2856 ιι

893 2847 899 2857 .
935 2829 957 2845 "
979 2829 986 2856 l
1004 2828 1067 2857 Cor.
1086 2837 1130 2862 xv,
1148 2830 1193 2857 67.
1232 2830 1254 2846 ⁸⁸
1274 2829 1340 2858 ibid.
1361 2829 1406 2857 21.

230 2887 366 2918 Pauor.
389 2885 447 2916 Gn.
465 2886 608 2917 XXVIII.

1491 2885 1529 2915 1ι3
