1926 3068
274 126 343 154 1355

834 127 862 155 s.
883 120 1116 155 ATHANASIUS.
1137 143 1172 148 —
1192 127 1327 157 Spuma.

1806 132 1861 159 1556

272 187 465 224 despiciamus,
480 194 511 214 ac
535 190 630 214 contra
646 185 740 214 isthaac
763 190 838 213 tanta
853 189 880 213 et
895 185 1042 220 hujusmod

1104 186 1332 223 ἀποδεδειγμένην
1344 186 1382 223 μὴ
1398 186 1469 214 κατὰ
1481 187 1561 222 φύσιν
1579 187 1728 223 δμολογεῖψ
1742 188 1862 224 ἀνθρωπό-

271 235 461 271 proccdamus,
479 233 577 268 hisque
594 233 808 260 demonstratam
829 232 994 259 testimoniis
1011 231 1058 258 hu-

271 281 428 309 manitatem
454 287 509 306 non
537 277 688 306 secundum
715 282 840 305 naturam
861 277 1055 312 confiteantur;

270 326 467 354 humanitatem
485 333 549 353 vero
575 333 630 353 non
650 324 762 352 nudam.
782 324 822 351 Ad
847 324 904 351 haec
920 328 1006 352 restat
1027 327 1058 352 ut

270 371 447 406 apostolicam
459 377 629 405 opponamus
645 377 739 397 vocem
756 377 763 396 :
781 378 790 395 ι
809 368 923 405 Oportet
943 369 1056 397 obedire

268 417 324 445 Deo
341 417 427 452 magis
441 425 523 452 quam
538 416 693 445 hominibus
704 417 737 444 ⁵¹.
757 425 766 442 ι
783 414 852 443 Cum
866 416 948 450 igitur
960 415 1057 442 huma-

269 465 341 493 nitas
350 464 500 492 —divinitati
515 463 690 491 ineffabiliter
703 467 730 490 et
743 461 965 497 inseparabiliter
980 461 1056 488 unita

267 511 314 545 sit,
329 511 366 538 ita
381 511 503 546 quidem,
517 515 546 538 ut
559 510 629 537 idem
645 514 672 537 ct
690 509 780 536 infans
794 508 930 540 videatur,
940 510 966 535 et
984 506 1055 534 Deus

267 561 444 594 agnoscatur,
464 566 473 582 ι
487 556 570 588 Puer,
588 566 597 582 ι
616 556 704 591 inquit
723 555 867 590 propheta,
886 563 896 580 ι
918 558 999 582 natus
1013 558 1055 581 est

266 605 357 637 nobis,
370 608 398 632 et
413 603 499 631 Filius
516 603 598 630 datus
610 607 653 630 est
665 602 761 634 nobis,
776 606 803 629 et
824 605 937 629 vocatur
954 608 1054 628 nomen

265 650 337 684 ejus,
356 649 445 684 magni
459 648 567 676 consilii
585 647 714 683 Angelus,
730 647 908 680 admirabilis,
925 646 1054 674 consilia-

265 696 335 727 rius,
353 695 424 722 Deus
437 695 518 722 fortis
534 695 566 722 “.
585 704 594 720 ι
618 693 724 722 Fasciis
735 693 991 721 circumscribitur:
1005 693 1052 720 sed

265 742 349 769 nullis
361 740 601 776 circumscriptum
610 740 734 768 terminis
747 739 890 774 imperium
906 739 934 766 in
943 742 1053 766 creatu-

264 794 310 814 ras
326 786 470 814 universas
483 789 602 813 exercet.
628 785 658 812 In
679 793 800 820 prazsepe
816 785 979 820 ponebatur,
1005 784 1052 812 sed

264 832 421 867 angelorum
430 832 585 860 celebratus
597 832 697 867 hymno
715 832 919 867 glorificabatur
934 840 941 858 :
953 830 1051 858 famem

263 881 292 904 et
308 877 383 904 sitim
403 877 540 910 toleravit,
553 877 601 904 sed
625 884 659 904 ex
675 877 797 912 quinque
811 877 930 912 panibus
948 877 1051 912 aliquot

262 923 405 950 hominum
417 922 502 949 millia
520 923 666 955 saturavit,
683 926 710 950 et
733 922 890 957 superantia
906 922 1050 949 duodecim

262 969 448 998 canistrorum
465 969 632 1005 fragmenta,
649 973 730 1004 prout
755 968 851 1001 voluit,
869 968 999 996 ostendit.
1016 967 1051 995 Ut

262 1016 359 1052 paucis
387 1023 445 1043 rem
471 1015 649 1050 complectar,
675 1019 792 1042 mortem
815 1014 980 1049 degustavit,
1002 1013 1050 1042 sed

261 1070 325 1090 eum
343 1062 390 1097 qui
415 1062 514 1090 mortis
534 1061 678 1096 imperium
709 1061 822 1089 tenebat
842 1060 997 1089 destruxit:
1018 1067 1050 1088 ac

261 1110 290 1137 in
303 1116 386 1136 cruce
406 1109 528 1144 quidem,
543 1108 607 1135 dum
625 1111 775 1143 pateretur.
792 1115 894 1142 corpus
908 1108 969 1142 ejus
987 1115 1050 1142 pen-

261 1154 357 1189 debat;
372 1155 420 1190 qui
437 1162 501 1182 vero
519 1154 547 1181 in
562 1154 608 1181 illo
619 1158 679 1182 erat
698 1153 771 1182 Dcus
786 1153 916 1185 Verbum,
931 1154 954 1181 is
971 1161 1049 1182 suam

260 1201 344 1229 nullis
359 1201 532 1236 passionibus
547 1200 694 1228 obnoxiam
718 1201 868 1235 potentiam
884 1200 986 1235 ubique
1000 1199 1048 1227 de-

260 1247 393 1274 clarabat.
413 1246 572 1274 Movehatur
605 1249 696 1279 terra,
725 1245 921 1273 scindebantur
946 1249 1047 1280 pctraa,

259 1293 450 1321 oecultabatur
463 1293 515 1325 sol,
532 1293 622 1320 velum
646 1292 834 1327 rumpebatur,
855 1292 1048 1327 aperiebantur

259 1340 397 1375 sepulcra,
411 1340 592 1375 resurgebant
606 1339 708 1366 mortui
718 1339 784 1375 ‘novi
804 1341 946 1374 ruptorum
973 1346 1047 1366 mor-

259 1387 296 1414 tis
317 1387 487 1414 vinculorum
507 1393 647 1421 praacones
666 1394 672 1411 :
688 1390 821 1413 creaturae
845 1385 963 1420 denique
985 1385 1046 1412 uni-

258 1443 346 1463 versa».
373 1434 538 1462 invisibilem
562 1434 685 1462 cruciﬁxi
717 1433 845 1462 deitatem
872 1434 1042 1462 nuntiabant.

258 1481 354 1515 Qualis
383 1481 466 1517 igitur
488 1480 623 1516 supererit
645 1481 803 1511 excusatio.
820 1481 843 1507 si
858 1484 934 1508 tanta
958 1481 1046 1509 salute

1106 241 1176 268 τητα
1201 233 1228 260 δὲ
1252 234 1281 260 οὐ
1297 233 1386 268 ψιλήν.
1404 233 1475 268 Πρὸς
1498 233 1584 260 ταῦτα.
1604 234 1694 269 καιρὸς
1709 234 1862 270 ἀποστιλικὴν

1106 280 1253 308 ἀντιθεῖναι
1280 281 1387 316 φωνήν·
1406 289 1416 306 ι
1429 279 1590 316 Πειθαρχεῖν
1616 280 1654 306 δεῖ
1678 280 1734 315 Θεῷ
1751 280 1860 315 μᾶλλονῆ

1107 325 1269 362 ἀνθρώποις.
1286 336 1296 354 ›
1315 326 1393 353 Οὕτω
1416 326 1438 352 δ’
1454 325 1659 362 ἀνθρωπότητος
1673 326 1789 361 ἀρρήτως
1805 327 1860 361 ήνω-

1107 373 1192 408 μένης
1205 373 1251 399 καὶ
1267 373 1426 408 άχωρίστως
1450 372 1567 406 θεότητι,
1581 372 1619 403 ὡς
1631 371 1675 398 τὺν
1689 371 1763 398 αὑτὸν
1783 371 1861 407 βρέφος

1106 419 1153 445 καὶ
1169 418 1274 445 παιδίον
1283 417 1438 452 βλέπεσθαι,
1453 418 1500 444 καὶ
1514 417 1580 444 Θεὸν
1595 416 1777 451 γινώσκεσθαι.
1790 427 1798 442 ι
1812 418 1858 443 Παι-

1105 463 1159 491 δίον
1174 464 1304 500 ἐγεννήθη
1327 464 1402 499 ἡμῖν,
1417 473 1426 490 ι
1446 464 1526 499 φησὶν
1542 464 1556 489 ὁ
1571 464 1709 498 προφήτης
1719 483 1725 494 ,
1743 472 1751 488 ι
1762 463 1815 494 Υίδς
1827 463 1860 489 καὶ

1105 511 1195 546 ἐδόθη,
1211 510 1257 537 καὶ
1274 510 1395 537 καλεῖται
1410 509 1440 536 τὸ
1457 510 1541 545 ὄνομα
1557 509 1639 536 αὐτοῦ
1659 508 1771 544 μεγάλης
1785 508 1860 544 βουλῆς

1107 557 1251 591 Ἄγγελος,
1268 556 1433 591 θαυμαστὸς,
1450 556 1480 582 σύ
1485 555 1608 591 μϐουλος,
1618 555 1681 587 Θεὸς
1694 555 1801 590 ἰσχυρός.
1813 555 1860 581 »Ἐν

1105 603 1272 637 σπαργάνοις
1291 601 1489 638 περιγράφεται
1498 610 1504 616 ·
1522 601 1589 627 ἀλλὰ
1601 601 1674 636 πάσῃ
1691 602 1722 636 τῇ
1735 601 1810 627 κτίσει
1824 601 1860 635 τὴν

1103 648 1260 675 δεσποτείαν
1270 648 1458 684 ἀπερίγραφον
1471 648 1662 674 ἐπιδείκνυται.
1678 647 1720 674 Ἐν
1735 647 1810 682 φάτνῃ
1822 646 1860 672 ἐτί-

1104 695 1174 727 θετο,
1193 694 1261 721 ἀλλὰ
1272 695 1336 730 παρ’
1346 694 1469 728 ἀγγέλων
1484 693 1650 728 ὑμνούμενος
1661 691 1803 724 ἐδοξάζετο·
1817 692 1860 717 πεῖ-

1103 749 1151 767 ναν
1165 741 1213 767 καὶ
1219 740 1298 775 δίψαν
1311 739 1466 775 ὑπέμεινεν,
1475 739 1531 766 ἀλλ’
1542 739 1574 765 ἐκ
1583 739 1662 765 πέντε
1670 738 1755 774 ἄρτων
1765 736 1860 772 χιλιάδας

1102 786 1244 822 ἐχόρτασε,
1259 787 1306 813 καὶ
1322 786 1478 821 περισσείαν
1499 785 1662 821 κλασμάτων
1687 783 1789 811 δεκαδύο
1802 783 1861 816 κοφί-

1103 842 1165 865 νων,
1173 832 1211 864 ὡς
1222 832 1363 867 ἠθέλησεν,
1382 831 1476 863 ἔδειξε.
1492 831 1635 865 Συντὸμως
1648 831 1740 859 εἰπεῖν,
1757 828 1861 863 ἐγεύσατο

1068 860 1089 888 Β
1104 860 1239 909 (havd-toi),-
1257 860 1324 903 ἀλλὰ
1348 860 1479 902 κατέλυσε
1504 875 1549 902 τὸν
1567 860 1598 901 τὸ
1614 860 1713 910 κράτος
1734 860 1816 908 ἔχοντα
1826 872 1860 898 τοῦ

1103 923 1216 950 θανάτου
1230 930 1236 938 ·
1252 923 1299 949 καὶ
1313 922 1371 949 κατ’
1381 922 1446 949 αὐτὸ
1462 921 1489 948 δὲ
1499 921 1633 953 τὸπάθος,
1647 922 1691 947 ἐπὶ
1707 918 1811 955 σταυροῦ
1826 919 1861 953 μὲν

1101 967 1135 1005 ἦν
1150 969 1180 995 τὸ
1197 969 1275 1004 σῶμα
1291 967 1474 1004 κρεμάμενον,
1489 966 1626 1001 πανταχοῦ
1635 966 1662 992 δὲ
1676 967 1689 992 ό
1699 966 1727 991 ἐν
1738 965 1803 1000 αὐτῷ
1812 964 1861 994 Θεὸς

1101 1016 1186 1050 Λόγος
1216 1015 1266 1051 τὴν
1297 1015 1388 1049 ἀπαθῆ
1410 1013 1568 1040 δυναστείαν
1601 1011 1808 1047 ἐπιδεικνύμενος
1828 1007 1860 1045 ἦν.

1107 1061 1223 1087 Έσείετο
1238 1060 1285 1095 γῆ,
1302 1060 1439 1094 ἐσχίζοντο
1457 1058 1564 1094 πέτραι,
1577 1057 1786 1085 συνεκαλύπτετο
1795 1056 1860 1091 ἣλιος,

1100 1106 1276 1142 διερρήγνυτο
1293 1105 1503 1140 καταπέτασμα,
1520 1105 1601 1139 τάφοι
1625 1104 1768 1139 ὴνοίγοντο,
1789 1101 1861 1137 νεκροὶ

1100 1152 1251 1187 ἀνεπήδων,
1268 1151 1338 1185 ξένοι
1354 1151 1475 1186 κήρυκες
1486 1151 1536 1185 τῆς
1555 1149 1728 1181 καταλύσεως
1740 1149 1782 1175 τοῦ
1799 1147 1862 1174 θανά-

1099 1204 1157 1227 του,
1171 1196 1245 1222 πᾶσα
1269 1195 1356 1226 κτίσις
1379 1195 1429 1230 τὴν
1454 1195 1569 1230 ἀόρατον
1584 1194 1699 1230 θεότητα
1721 1193 1765 1220 τοῦ
1785 1193 1862 1218 ἐσταυ-

1101 1242 1224 1278 ρωμένου
1241 1242 1352 1277 ἐμήνυε.
1371 1241 1455 1268 Ποίαν
1476 1241 1573 1276 ἕξομεν
1589 1241 1745 1276 ἀπολογίαν,
1757 1237 1863 1274 τηλικαύ-

1098 1296 1149 1323 της
1172 1287 1358 1323 ἀμελήσαντες
1378 1287 1527 1323 σωτηρίας,
1544 1288 1591 1314 καὶ
1612 1287 1744 1322 τοσαύτην
1758 1284 1861 1320 παριδόν-

1090 1342 1144 1383 ἵτες
1158 1333 1353 1369 πληροφορίαν,
1364 1333 1520 1368 συνθέμενοί
1528 1342 1557 1359 τε
1568 1334 1631 1365 ταῖς
1640 1332 1694 1359 τῶν
1705 1329 1864 1367 φιλονεικούν-

1097 1389 1151 1407 των
1173 1380 1374 1415 καινοτομίαις;
1395 1379 1465 1405 Ἀλλ’
1480 1380 1521 1406 ὅτι
1538 1379 1588 1415 μὲν
1604 1379 1678 1406 κατὰ
1689 1379 1772 1405 πάντα
1782 1377 1863 1412 τρόπον

1098 1425 1211 1461 ἁρμόζει
1226 1424 1368 1459 γινώσκειν
1381 1424 1426 1451 τὸν
1443 1425 1555 1460 Σωτῆρα
1566 1425 1683 1460 Χριστὸν
1697 1425 1759 1451 Θεὸν
1768 1423 1817 1458 ἅμα
1827 1421 1863 1448 καὶ

1096 1470 1248 1506 ἄνθρωπον,
1263 1470 1333 1496 κατὰ
1345 1470 1425 1504 φύσιν
1433 1471 1576 1506 ἑκατέραν,
1586 1470 1639 1497 κᾶν
1647 1471 1732 1506 ¹ἡμεῖς
1743 1469 1863 1502 σιωπήσω-

258 1515 461 1563 ιιρειεοιοξισω
485 1515 569 1553 certis
585 1526 752 1553 testimoniis
773 1526 949 1561 contemptis,
966 1527 1044 1554 novis

1097 1524 1157 1552 μεν,
1174 1516 1200 1542 οἱ
1212 1515 1279 1542 λίθοι
1293 1515 1440 1552 κράξονται
1449 1523 1455 1530 ·
1469 1516 1499 1542 τὸ
1514 1516 1542 1543 δὲ
1556 1516 1592 1552 μὴ
1606 1516 1679 1552 ἔχειν
1691 1517 1729 1548 εἰς
1743 1515 1862 1551 ἄνθρωπον

257 1572 494 1599 contentiosorum
518 1571 660 1598 hominum
687 1572 864 1607 opinionibus
894 1572 1041 1600 adhaeseri-

257 1618 340 1645 mus?
357 1617 455 1645 Verum
481 1617 554 1652 quod
575 1617 703 1645 omnibus
719 1618 808 1646 modis
830 1618 968 1646 Christum
985 1617 1046 1646 Sal-

256 1667 379 1690 vatorcm
403 1663 500 1690 deceat
518 1669 667 1697 agnoscere
683 1662 767 1690 Deum
790 1664 893 1699 pariter
905 1667 932 1691 et
958 1664 1046 1692 homi-

256 1716 319 1736 nem
338 1708 430 1744 499,
459 1708 609 1736 secundum
635 1713 778 1744 utramque
808 1715 953 1743 naturam,
982 1711 1045 1738 licet

255 1763 308 1783 nos
319 1756 495 1787 tacuerimus,
511 1755 616 1791 lapides
629 1755 795 1783 clamabunt.
812 1755 890 1788 Quod
907 1763 973 1783 vero
989 1764 1044 1784 non

256 1803 285 1828 in
305 1802 413 1829 homine
428 1801 589 1836 simpliciter
605 1809 680 1836 spem
696 1809 774 1828 suam
793 1801 911 1829 habeant
937 1803 1043 1837 reposi-

257 1852 322 1878 tam,
337 1847 383 1882 qui
406 1848 447 1874 sic
466 1847 598 1879 sentiunt.
613 1855 702 1882 opera}
722 1849 839 1883 pretium
857 1852 908 1882 cst,
937 1848 1043 1884 perspi-

257 1901 309 1920 cue
325 1893 523 1920 demonstrare.
541 1893 661 1921 Tametsi
678 1893 702 1922 si
715 1902 769 1929 qua
786 1894 901 1921 suborta
915 1898 957 1922 est
973 1902 1044 1929 qua:-

256 1939 319 1971 stio,
347 1944 394 1966 aut
410 1939 574 1968 solutionem
601 1940 661 1974 ejus
679 1940 822 1975 quaesitam
843 1941 972 1976 oportuit,
997 1945 1044 1968 aut

254 1985 394 2014 inscitiam
409 1985 488 2013 fateri
509 1987 659 2022 propriam,
690 1993 741 2014 nec
755 1994 769 2013 a
787 1985 929 2022 Scriptura
955 1987 1044 2015 disce—

253 2034 328 2061 dere.
345 2032 405 2060 Jam
420 2040 502 2068 porro
516 2032 596 2060 facile
609 2037 651 2060 est
663 2040 812 2068 congruam
823 2033 945 2061 invenire
959 2034 1044 2061 ratio-

253 2087 327 2112 nem,
346 2086 431 2114 quare
445 2078 473 2106 in
489 2079 625 2106 carnalem
644 2079 762 2107 hominis
779 2078 844 2106 facti
861 2078 966 2115 (Verbi)
992 2080 1041 2107 ad-

253 2129 376 2157 ventum,
401 2125 429 2152 in
452 2125 599 2153 salutarem
625 2124 733 2152 Domini
747 2125 940 2159 mconomiam,
965 2133 1042 2161 spem

253 2179 418 2207 reponamus
433 2175 566 2204 nostram,
586 2171 651 2198 dum
672 2171 838 2199 invisibilem
863 2170 948 2198 Deum
974 2171 1042 2199 Ver-

253 2217 319 2245 bum
347 2226 395 2253 per
420 2218 558 2246 visibilem
582 2225 693 2245 carnem
712 2218 914 2254 cognoscimus,
943 2223 970 2246 et
992 2226 1040 2254 per

1096 2206 1245 2242 κράσπεδον
1268 2206 1367 2242 ἐχουσα
1397 2207 1446 2238 τὰς
1469 2205 1577 2236 ἐλπίδας

252 2264 313 2299 ejus
328 2265 482 2300 passionem
493 2264 738 2299 impassibilitatem
751 2265 875 2299 accipere
890 2264 1037 2292 credimus:

253 2311 346 2338 omnia
373 2313 463 2338 autem
492 2314 567 2345 gesta
587 2309 680 2337 deitati
701 2317 763 2337 cum
788 2317 871 2337 carne
887 2310 1041 2345 conjuncta:

253 2356 428 2389 ascribimus,
443 2359 470 2384 et
482 2356 519 2383 ita
533 2364 614 2383 unam
630 2355 817 2383 adorationem
846 2356 988 2383 incarnato
1013 2360 1040 2383 et

254 2401 358 2429 homini
385 2402 459 2429 facto
483 2400 540 2428 Deo
568 2400 656 2428 Verbo
673 2400 824 2428 alferimus.
846 2399 940 2436 Neque
967 2401 1039 2428 enim

253 2448 353 2475 mulier
365 2448 411 2475 illa
429 2455 490 2483 qua;
503 2447 637 2474 fimbriam
653 2447 843 2480 contrectavit,
861 2447 889 2474 in
905 2446 1039 2474 fimbriam

253 2502 329 2530 spem
349 2494 451 2522 habere
465 2494 633 2529 deprehensa
647 2497 699 2524 est,
716 2492 764 2520 sed
778 2493 804 2520 in
821 2497 984 2528 potestatem
1003 2493 1040 2520 in-

253 2540 389 2568 visibilem
415 2539 475 2574 ejus
492 2539 538 2575 qui
563 2543 622 2566 erat
638 2539 800 2566 vestimento
820 2538 944 2571 indutus,
959 2539 1040 2573 cujus

253 2590 313 2614 erat
324 2585 439 2613 fimbria.
448 2585 540 2620 Neque
552 2585 576 2612 is
586 2586 632 2620 qui
644 2588 724 2619 sputo
736 2584 786 2611 fuit
798 2591 813 2611 a
826 2584 948 2611 caecitate
962 2591 1040 2612 sana-

253 2631 343 2664 tus,in
357 2635 467 2665 sputum
477 2630 570 2657 habuit
582 2630 708 2656 fiduciam
718 2638 725 2662 ;
737 2629 784 2657 sed
795 2629 822 2655 in
836 2628 967 2656 invictam
979 2628 1039 2663 ejus

253 2677 402 2712 potentiam
415 2677 461 2711 qui
484 2677 567 2711 jussit
590 2676 668 2703 illum
692 2676 729 2702 ita
750 2675 882 2703 medelam
902 2675 1037 2708 accipere.

251 2721 320 2750 Nam
328 2723 374 2758 qui
383 2722 463 2750 hodie
471 2721 636 2749 adsanctum
645 2721 731 2749 altare
742 2720 884 2752 accedunt,
895 2719 1039 2755 ipsumque

253 2769 465 2804 amplectuntur,
490 2776 522 2795 ac
535 2775 599 2796 cum
617 2768 714 2795 timore
734 2766 876 2802 διεσιωἱο
906 2765 1036 2800 salutant.

273 2847 303 2863 ~“
321 2848 381 2874 Act.
395 2856 427 2885 ι,
443 2846 490 2874 29.
528 2847 550 2884 ξ·
563 2847 620 2885 isa.
638 2853 681 2873 Ix.
700 2846 726 2873 6.

1096 1561 1192 1594 ἁπλῶς
1203 1561 1253 1593 τὰς
1265 1561 1374 1594 ἐλπίδας
1384 1562 1447 1593 τοὺς
1457 1562 1528 1589 οὕτω
1538 1562 1726 1595 πιστεύοντας,
1738 1561 1862 1594 ἀναγκαῖον

1096 1607 1180 1642 δεῖξαι
1197 1607 1300 1642 σαφῶς.
1314 1608 1444 1642 Καίτοιγε
1457 1609 1504 1634 καὶ¹
1518 1608 1546 1634 εί
1555 1617 1597 1640 τις
1611 1609 1758 1635 ἀνέκυπτεν
1770 1605 1861 1645 ἀπορία.

1095 1653 1197 1689 ταύτης
1216 1653 1300 1688 ἐχρῆν
1317 1653 1366 1688 τὴν
1380 1653 1456 1680 λύσιν
1471 1653 1576 1688 ζητεῖν,
1594 1653 1610 1689 ἢ
1633 1654 1682 1689 τὴν
1697 1653 1792 1680 οἰκείαν
1806 1649 1862 1686 ἁμά·

1095 1699 1171 1726 θειαν
1187 1699 1342 1734 ὁμολογεῖν,
1369 1700 1400 1726 οὺ
1422 1699 1476 1726 τῶν
1499 1700 1701 1735 γεγραμμένων
1724 1698 1860 1733 ἀναχωρεῖνι

1095 1745 1164 1772 Νυνὶ
1181 1745 1209 1772 δὲ
1221 1746 1268 1772 καὶ
1283 1745 1374 1780 ῥᾴδιον
1390 1744 1420 1771 τὸ
1433 1745 1538 1780 πρέπον
1558 1746 1666 1780 εὑρεῖν,
1690 1745 1729 1771 ὅτι
1745 1744 1790 1775 τὰς
1802 1741 1862 1778 ἐλπί-

1095 1791 1142 1823 δας
1162 1790 1259 1826 ἔχομεν
1279 1791 1319 1822 είς
1339 1790 1388 1826 τὴν
1407 1790 1539 1826 ἐνσαρκον
1557 1790 1605 1817 τοῦ
1628 1791 1862 1826 ὲνανθρωπήσαντος

1096 1837 1256 1873 παρουσίαν,
1282 1838 1322 1868 εις
1343 1836 1392 1872 τὴν
1413 1837 1546 1872 σωτήριον
1569 1837 1617 1864 τοῦ
1639 1837 1765 1864 δεσπότου
1779 1836 1860 1862 οἱκονο·

1096 1883 1171 1919 μίαν,
1196 1883 1242 1910 διὰ
1261 1883 1312 1919 μὲν
1335 1883 1384 1919 τῆς
1406 1883 1548 1919 ὁρωμένης
1569 1883 1673 1919 σαρκὸς
1697 1883 1742 1910 τὸν
1765 1882 1859 1916 ἀόρατον

1094 1929 1160 1956 Θεὸν
1183 1929 1269 1963 Λόγον
1290 1928 1533 1963 ἐπιγινώσκοντες,
1563 1929 1612 1955 καὶ
1637 1928 1681 1956 διὰ
1707 1928 1751 1955 τοῦ
1776 1925 1859 1955 πάθους

1094 1976 1196 2012 ταύτης
1208 1976 1258 2011 τὴν
1272 1975 1406 2003 ἀπάθειαν
1417 1975 1565 2011 λαμὸάνειν
1581 1975 1765 2005 πιστεύοντες·
1787 1971 1859 1998 πάντα

1093 2022 1122 2048 δὲ
1135 2023 1170 2048 τὰ
1185 2022 1327 2058 γενόμενα,
1351 2023 1385 2058 τῇ
1402 2023 1528 2058 ἡνωμένη
1545 2023 1577 2058 τῇ
1602 2022 1685 2058 σαρκὶ
1695 2021 1792 2056 θεότητι
1809 2019 1857 2044 tm-

1087 2068 1259 2106 γράφοντες,
1276 2067 1323 2095 καὶ
1333 2066 1404 2094 οὕτω
1420 2067 1483 2102 μίαν
1496 2067 1546 2103 τὴν
1562 2068 1744 2102 προσκύνησιν
1756 2064 1790 2099 τῷ
1805 2069 1858 2095 σαρ-

1093 2115 1207 2142 κωθέντι
1225 2115 1272 2142 καὶ
1297 2114 1535 2150 ἐνανθρωπήσαντι
1551 2113 1610 2150 Θεῷ
1625 2114 1704 2148 Λόγῳ
1728 2110 1858 2146 προσάγον-

1093 2169 1147 2192 τες.
1167 2160 1235 2188 Οὐδὲ
1254 2160 1308 2196 γὰρ
1323 2161 1340 2196 ἡ
1357 2160 1483 2196 ἁψαμένη
1504 2159 1573 2195 γυνὴ
1595 2159 1643 2186 τοῦ
1664 2156 1807 2194 κρασπέδου
1825 2152 1856 2181 εἰς

1600 2205 1739 2240 ἠλέγχετο,
1755 2201 1815 2232 ἀλλ’,
1825 2198 1856 2227 εὶς

1089 2253 1138 2288 τὴν
1152 2253 1266 2288 ἀόρατον
1280 2253 1394 2287 δύναμιν
1407 2252 1453 2279 τοῦ
1469 2251 1500 2278 τὸ
1512 2252 1619 2288 ἱμάτιον
1633 2246 1857 2286 περιδεϐλημένουι

1089 2296 1175 2334 οὗπερ
1190 2299 1220 2326 τὸ
1233 2298 1395 2334 κράσπεδον.
1412 2298 1480 2325 Οὐδέ
1492 2299 1506 2325 δ
1519 2298 1557 2333 τῷ
1565 2297 1703 2333 πτύσματι
1717 2296 1764 2330 τῆς
1774 2290 1858 2326 τυφλώ-

1092 2354 1159 2377 σεως
1173 2344 1373 2381 ἐλευθερωθεὶς,
1385 2345 1426 2376 εἰς
1438 2345 1549 2379 πτύσμα
1562 2344 1612 2379 τὴν
1626 2342 1782 2376 πεποίθησιν
1790 2336 1856 2373 εἶχεν.

1090 2391 1148 2418 ἀλλ’
1164 2392 1204 2423 είς
1223 2391 1271 2426 τὴν
1286 2391 1419 2427 ἀήττητον
1435 2391 1558 2423 ἐξουσίαν
1571 2390 1619 2416 τοῦ
1634 2389 1803 2416 κελεύσαντος
1819 2383 1856 2409 αὖ·

1090 2438 1135 2464 τὸν
1157 2437 1228 2465 οὕτω
1239 2438 1288 2473 τὴν
1305 2437 1376 2464 ῐασιν
1387 2437 1524 2469 δέξασθαι.
1547 2436 1622 2463 Ἐπεὶ
1634 2435 1681 2462 καὶ
1697 2433 1742 2461 νῦν
1757 2433 1779 2459 oi
1790 2436 1856 2465 προσ·

1092 2485 1178 2516 ιόντες
1192 2485 1263 2520 ἁγίῳ
1276 2484 1472 2521 θυσιαστηρίῳ,
1484 2482 1728 2519 περιπτυσσόμενοι
1740 2479 1767 2506 δὲ
1783 2475 1855 2521 τοῦτο,

1091 2532 1138 2558 καὶ
1154 2531 1221 2566 μετὰ
1233 2519 1314 2565 φόϐου
1328 2530 1375 2557 καὶ
1388 2519 1475 2565 χαρᾶς
1487 2527 1686 2563 ἀσπαζόμενοι,
1709 2526 1757 2552 οὐκ
1774 2524 1810 2553 εἰς
1824 2519 1855 2566 λίς

1091 2576 1137 2603 θον
1192 2562 1268 2608 ξύλον
1290 2562 1601 2608 ἀπλῶςτέπερείδονται,
1626 2571 1683 2598 ἀλλ’
1697 2571 1736 2602 εἰς
1757 2567 1802 2603 τὴν
1821 2562 1855 2590 διά

1089 2623 1136 2650 τοῦ
1159 2623 1233 2650 λίθου
1260 2622 1276 2658 ἢ
1303 2622 1382 2656 ξύλου
1405 2623 1461 2652 τοῖς
1488 2619 1612 2647 εὐσεϐέσι
1639 2612 1854 2653 μνημονευομένου

1089 2669 1178 2704 χάριν.
1198 2668 1233 2694 Ἦ
1248 2668 1280 2694 σὺ
1299 2667 1346 2694 καὶ
1358 2666 1421 2698 τοὺς
1436 2665 1571 2696 σωθέντας
1585 2663 1648 2690 ποτέ
1664 2662 1709 2688 ἐπὶ
1726 2661 1770 2687 τοῦ
1785 2663 1854 2704 μοικα-

1091 2703 1150 2750 ρίου
1174 2713 1313 2745 Μωῦσέως
1336 2711 1381 2739 διὰ
1405 2711 1453 2739 τοῦ
1472 2711 1580 2747 βλέπειν
1600 2709 1641 2741 είς
1663 2709 1708 2735 τὸν
1732 2703 1854 2750 sedeant

1089 2747 1205 2796 χαλκοῦν
1233 2760 1303 2795 ὅφιν,
1322 2759 1382 2798 ὕφει
1411 2758 1460 2794 τὴν
1488 2757 1621 2794 σωτηρίαν
1649 2753 1736 2783 αὐτῶν
1762 2747 1854 2784 ἐπιπτρῶ
