1926 3068
100 154 169 184 I537

505 154 797 184 CONFUTATIONES
816 154 1036 189 QUARUMDAM
1057 153 1348 184 PROPOSITIONUM.

1651 156 1723 184 1538

99 222 161 242 πειν
179 213 318 247 διέϐαλες
347 215 378 241 El
402 214 430 241 δέ
453 215 471 251 ἡ
492 214 573 241 εἰκὼν
587 214 634 241 τοῦ
659 215 807 250 μυστηρίου
820 223 884 241 τοσ-

935 222 990 242 non
1005 215 1033 241 in
1045 214 1163 250 lapidem
1181 219 1228 242 aut
1252 215 1355 250 lignum
1377 218 1478 243 temere
1492 214 1658 247 innituntur,
1674 215 1722 243 sed

99 260 183 296 αύτην
210 261 348 296 ἐνέργειαν
366 260 399 287 δι’
422 260 510 295 ὄφεως
533 260 701 293 ἐπεδείξατο·
726 261 800 295 πόσῳ
816 260 885 295 μᾶλ-

98 304 144 333 λον
163 305 228 332 αὐτὸ
247 306 296 342 τῆς
321 306 431 342 χάριτος
452 305 483 332 τδ
501 306 675 341 πρωτότυπον
694 305 729 332 δι’
742 304 884 341 ἀνθρώπου

99 359 140 378 σοι
155 351 282 388 παρέξει,
302 351 392 384 καθὼς
417 351 465 378 καὶ
482 351 603 387 παρέσχε
627 353 683 383 τοῖς
704 351 810 383 πιστοῖς
835 350 885 383 τὰς

99 397 282 433 πολυτρόπους
296 397 455 433 εὐεργεσίας
471 397 542 424 κατά
555 397 600 424 τὸν
616 397 727 424 εἰπόντα
738 405 744 412 -
763 397 884 432 (Ὥσπερ

97 443 129 470 δι’
145 443 287 480 ἀνθρώπου
306 444 320 471 ὁ
339 444 462 477 θάνατος,
484 444 554 471 οὕτω
577 444 610 471 δι’
626 443 769 479 ἀνθρώπου
784 444 801 478 ἡ
818 442 884 470 ἀνά-

98 498 191 521 στασις
209 490 263 516 τῶν
281 491 394 528 νεκρῶν.
407 501 416 517 ι

936 259 964 287 in
979 260 1093 295 gratiam
1108 268 1160 296 per
1176 261 1280 297 lignum
1300 265 1327 288 et
1351 260 1468 296 lapidem
1483 268 1499 288 a
1524 261 1627 289 sanctis
1656 261 1722 289 viris

936 311 1125 336 memoratam.
1151 308 1192 335 An
1213 312 1243 336 tu
1259 316 1306 336 eos
1329 309 1377 344 qui
1393 312 1515 343 tempore
1527 307 1602 336 beati
1618 308 1721 344 Moysis

934 352 996 380 visu
1024 353 1136 381 exaltati
1159 354 1226 382 renei
1246 355 1382 390 serpentis
1400 356 1487 382 sanati
1507 359 1582 388 sunt,
1598 355 1721 391 serpenti

913 426 915 429 ,
936 398 1051 426 salutem
1067 400 1238 428 commisisse
1262 408 1340 428 suam
1363 401 1560 429 calumniaris?
1590 401 1669 435 Quod
1697 403 1721 431 si

935 445 1059 479 mysterii
1075 445 1164 482 imago
1188 450 1291 474 tantam
1314 455 1363 482 per
1383 452 1535 483 serpentem
1549 448 1720 477 eﬁicientiam

937 490 1076 524 exhibuit;
1102 496 1205 527 quanto
1219 493 1351 528 majorem
1373 494 1431 528 ipse
1453 494 1546 529 gratiae
1560 499 1720 531 prototypus

97 545 146 574 per
162 537 297 566 hominem
317 539 365 566 tibi
393 539 497 573 aﬁ'eret,
515 538 753 575 'quemadmodum
786 537 912 566 ﬁdelibus
932 538 1007 565 varia
1030 540 1121 567 attulit
1144 540 1285 573 beneﬁcia,
1312 540 1390 576 juxta
1406 539 1491 568 illud:
1512 549 1521 566 ι
1535 539 1719 574 Quemadmo-

97 581 162 609 dum
179 590 226 617 per
241 582 379 611 hominem
396 591 480 616 mors,
511 584 549 611 ita
563 591 612 619 per
628 583 768 611 hominem
792 583 959 611 resurrectio
974 588 1147 613 mortuorum
1155 586 1188 613 ε’.
1207 596 1216 612 ι

460 640 517 668 VII.

130 694 210 730 Πρὸς
232 695 302 728 τοὺς
315 695 479 759 ,λέγονταΧᾶ
494 697 622 724 ’Ἐπαθεν
637 696 759 730 ἀπαθῶς
777 697 848 730 Θεὸς

230 757 233 759 .
479 740 540 759 me.
655 755 659 759 .

230 757 233 761 .
435 740 477 759 Λο
533 752 540 758 .
655 755 659 760 ,

131 776 244 809 Πολλαῖς
270 777 316 804 καὶ
346 777 406 805 λίαν
431 740 533 810 σκαᾞέ
557 778 746 814 προσεθείσαις
770 778 883 810 πλοκαῖς

1304 643 1356 671 VII.

931 686 1062 714 Adversus
1083 696 1125 715 eos
1142 689 1187 723 qui
1205 688 1295 715 dicunt
1307 697 1316 715 :
1336 688 1542 723 lmpassibiliter
1562 696 1658 723 passus
1680 695 1720 716 est

1217 734 1287 762 Deus
1305 734 1428 762 Verbum.

966 779 1114 815 Postquam
1132 780 1232 809 multas
1250 786 1330 816 atque
1345 784 1487 808 contortas
1511 780 1719 816 propositiones

96 823 238 869 συντόμως
254 823 323 850 κατά
336 824 450 859 δύναμιν
462 824 643 857 ἀντειπόντες,
661 825 711 852 οὐκ
729 824 840 860 οἴδαμεν
855 825 881 851 τι

934 833 981 861 pro
993 826 1123 854 facultate
1136 827 1350 860 confutavimus,
1359 827 1392 854 ad
1407 830 1571 862 praesentem
1580 827 1720 854 nescimus

96 860 255 905 χρησόμεθα
268 871 301 905 τῇ
313 870 371 897 νυνὶ
387 869 565 906 προκειμένῃ,
585 870 692 903 παίζειν
708 870 756 905 μὲν
772 870 802 896 οὐ
818 869 881 904 βου-

96 915 221 951 λόμενοι,
241 916 378 943 παιδεύειν
398 917 426 943 δὲ
445 917 561 952 μάλιστα
577 917 645 952 πρὸς
663 915 772 943 παιδιὰν
795 924 881 942 κατα-

95 961 226 996 γέλαστον
250 961 335 991 οὕτως
361 962 596 998 ἀναγκαζόμενοι,
615 963 648 998 ῆν
667 963 714 988 καὶ
736 962 767 988 τὺ
788 961 882 993 ἁπλῶς

94 1009 182 1034 εἰπεῖν
201 1007 300 1042 χλεύην
320 1009 393 1035 ἐστὶν
417 1010 591 1043 εἰσενεγκεῖν.
618 1008 738 1035 Ἐπαθεν
758 1007 880 1040 ἀπαθῶς.

97 1055 131 1081 Ὠ
145 1054 195 1090 τῆς
208 1054 365 1090 ἀδιανοήτου
383 1055 493 1090 σοφίαςί
520 1055 552 1081 Ὠ
566 1055 617 1090 τῆς
638 1054 788 1090 παιζούσης
810 1053 883 1080 διδα-

99 1100 228 1133 σκαλίας,
257 1100 450 1136 οίκοδομούσης
470 1101 527 1135 ἅμα
545 1100 592 1127 καὶ
611 1099 811 1136 καθαιρούσηςι
838 1096 883 1125 οἷά

97 1147 174 1173 ἐστιν
194 1146 257 1173 ίδεῖν
280 1146 315 1173 τά
336 1146 391 1173 τῶν
412 1147 514 1174 παίδων
535 1146 707 1182 ἐνλψάμμοις
727 1146 880 1182 ἀθύρματα.

96 1192 217 1220 Ἔπαθεν
241 1192 352 1225 ἀπαθῶς
365 1201 373 1208 ⁸
398 1194 463 1229 πρὶν
485 1193 594 1220 ἀκούσω
605 1193 651 1219 τοῦ
669 1193 800 1229 ῥήματος,
821 1193 882 1218 ἐπι-

95 1239 262 1275 λανθάνομαι
275 1239 325 1274 τῆς
337 1239 473 1275 σημασίας
489 1238 547 1272 τοῦ,
567 1238 678 1266 ἔπαθεν.
699 1237 882 1273 Ἐπαγόμενον

94 1285 151 1322 γὰρ
175 1285 215 1318 τὺ,
240 1284 362 1318 ἀπαθῶς,
389 1285 440 1312 οὐκ
463 1285 496 1320 ἐᾷ
515 1284 638 1316 θάνατον,
660 1284 707 1310 καὶ
720 1283 818 1319 ταφὴν,
836 1283 883 1310 καὶ

94 1332 244 1359 ἀνάστασιν
258 1331 392 1367 δέχεσθαι,
415 1331 434 1358 ἃ
453 1331 483 1358 τὸ
497 1332 545 1367 τῆς
561 1331 696 1367 ἡμετέρας
718 1330 775 1365 ἔχει
796 1337 883 1364 σωτη-

96 1378 158 1414 ρίας
178 1378 332 1412 κεφάλαιον.
356 1378 388 1404 Et
412 1378 466 1413 γὰρ
488 1377 589 1410 ἔπαθε,
615 1376 674 1408 πῶς
697 1375 824 1408 ἀπαθῶς;
850 1375 882 1401 El

94 1423 228 1457 ἀπαθῶς,
257 1423 316 1455 πῶς
335 1422 441 1455 Erratis;
465 1423 634 1458 Δαλήσωμεν
658 1421 808 1457 ἀλαλήτως,
834 1420 882 1447 καὶ

95 1470 238 1504 νοήσωμεν
264 1469 394 1504 ἀνοήτως.
425 1468 474 1500 Τίς
501 1467 555 1495 εῐδε
580 1468 713 1495 πίπτοντα
738 1467 880 1499 ἀπτώτως,

933 873 999 908 quid
1019 873 1242 908 respondeamus.
1267 872 1336 900 Cum
1356 873 1445 908 jocari
1470 872 1581 908 quidem
1601 879 1657 900 non
1681 872 1720 900 sit

932 918 1051 949 animus,
1079 917 1114 945 ad
1131 917 1237 944 ludicra
1258 922 1350 945 tamen
1366 922 1392 946 et
1406 918 1523 946 ridicula
1548 917 1718 946 confutanda

933 963 975 990 vel
999 962 1077 990 inviti
1103 963 1238 998 cogimur,
1259 971 1376 998 quorum
1402 963 1445 991 vel
1474 963 1591 998 simplex
1614 964 1718 991 mentio

933 1008 1018 1035 risum
1035 1011 1150 1036 moveat.
1166 1007 1268 1036 Passus
1285 1011 1327 1037 est
1342 1007 1563 1043 impassibiliter;
1587 1015 1605 1035 ο
1619 1008 1718 1036 incon-

933 1053 1080 1081 sideratam
1097 1053 1276 1089 sapientiam!
1294 1061 1311 1082 ο
1326 1054 1458 1082 ludicram
1482 1053 1637 1081 doctrinam
1661 1061 1717 1081 una

932 1099 1111 1128 aediﬁcantem
1127 1104 1155 1128 et
1169 1100 1366 1134 destruentem,
1392 1104 1423 1128 ut
1447 1100 1538 1128 videre
1552 1107 1653 1136 pueros
1674 1105 1718 1128 est

932 1146 961 1174 in
976 1153 1059 1174 arena
1076 1145 1212 1175 ludentes.
1238 1146 1342 1175 Passus
1365 1150 1408 1175 est
1421 1146 1628 1182 impassibiliter
1644 1156 1651 1174 :
1666 1154 1718 1174 an-

932 1197 1040 1228 tequam
1056 1192 1165 1220 audiam
1180 1193 1247 1221 illud
1259 1193 1363 1221 dictum
1376 1193 1442 1229 quid
1459 1193 1604 1228 signiﬁcet,
1617 1200 1717 1228 passus

932 1243 985 1271 est,
1006 1239 1155 1267 obliviscor
1175 1249 1181 1266 :
1198 1247 1261 1266 nam
1278 1239 1351 1274 quod
1376 1239 1515 1274 adjicitur,
1541 1239 1718 1274 impassibili-

932 1289 984 1319 ter,
1002 1292 1058 1313 non
1072 1285 1190 1312 admittit
1204 1289 1333 1318 mortem,
1348 1285 1526 1320 sepulturam,
1549 1288 1577 1313 et
1597 1292 1719 1312 resurre-

932 1331 1062 1364 ctionem,
1077 1338 1136 1366 quae
1150 1331 1247 1359 salutis
1262 1335 1363 1358 nostrae
1377 1337 1512 1358 summam
1529 1331 1717 1365 complectun-

931 1380 987 1404 tur.
1011 1376 1078 1404 Nam
1094 1377 1118 1405 si
1134 1384 1233 1412 passus
1259 1380 1311 1410 est,
1329 1376 1466 1412 quomodo
1493 1376 1718 1412 impassibiliter?

932 1421 962 1450 Si
976 1423 1191 1457 impassibiliter,
1211 1423 1348 1458 quomodo
1359 1430 1458 1458 passus
1476 1423 1537 1451 est?
1562 1422 1719 1458 Loquamur

932 1468 991 1496 sine
1006 1468 1124 1503 loquela,
1151 1468 1336 1503 intelligamus
1359 1468 1419 1496 sine
1433 1468 1623 1504 intelligentia.
1650 1469 1718 1502 Quis

94 1515 269 1551 ἐγειρόμενον
292 1515 461 1550 ἀνεγέρτως,
497 1513 630 1541 πονοῦντα
661 1513 785 1546 ἀπόνως,
817 1521 882 1549 φρο-

934 1513 1000 1540 vidit
1015 1521 1135 1548 unquam
1157 1514 1299 1542 cadentem
1314 1514 1374 1542 sine
1389 1521 1466 1546 casu,
1486 1514 1634 1542 excitatum
1659 1514 1720 1542 sine

95 1560 193 1587 νοῦντα
218 1560 358 1596 ἀφρόνως,
389 1559 520 1587 λαλοῦντα
545 1560 702 1596 ἀλαλήτως,
727 1559 882 1594 ὠφελοῦντα

95 1604 243 1640 ἀνωφελῶς
262 1605 334 1640 (25),
359 1604 488 1640 λυόμενον
503 1604 608 1636 ἁλύτως
620 1626 627 1638 ,
649 1605 693 1632 ἵνα
706 1604 826 1640 λέξωμεν
841 1605 882 1638 τὸ,

95 1650 196 1678 ἔπαθεν
215 1650 344 1683 ἀπαθῶς;
361 1651 408 1682 Τίς
421 1651 437 1687 ἡ
454 1651 503 1686 τῆς
519 1651 675 1687 ἀφροσύνης
691 1651 828 1683 animum;
842 1651 884 1683 τίς

95 1697 114 1733 ή
129 1696 180 1732 τῆς
200 1696 297 1731 μανίας
311 1696 436 1729 ἔνστασις
449 1705 456 1730 ;
477 1696 518 1728 τίς
533 1697 549 1732 ὴ
564 1697 613 1732 τῆς
627 1697 720 1728 ἀνοίας
736 1696 882 1732 παραπλη-

96 1741 158 1775 ﬁta;
177 1741 244 1777 Περὶ
262 1741 411 1777 μυστηρίου
428 1741 646 1777 φρικωδεστάτου
668 1742 760 1777 φέρειν
775 1742 883 1777 ῥήματα

95 1787 203 1823 γέλωτα
226 1787 328 1815 πλατὺν
352 1788 541 1823 ἐργαζόμενα,
567 1788 645 1822 λόγον
671 1787 884 1822 ἐπαγγέλλεσθαι

95 1836 144 1862 καὶ
165 1834 276 1868 ἀλογίαν
298 1834 515 1870 προϐάλλεσθαι,
544 1835 688 1870 ἀπόκρισιν
710 1834 808 1861 διδόναι
824 1835 884 1870 ῐσην

94 1881 144 1908 τοῦ
161 1881 198 1917 μὴ
210 1881 320 1913 διδόναι,
333 1881 522 1916 ἀσαφεστέραν
532 1882 680 1917 ἑρμηνείαν
690 1881 819 1917 παρέχειν
831 1882 885 1916 μεί-

95 1928 173 1961 ζονος
189 1927 305 1963 ἀπορίας
331 1928 446 1964 μητέρα.
473 1927 535 1959 Πῶς
559 1928 646 1960 οὐδεὶς
667 1928 720 1955 τῶν
745 1928 829 1962 ἀγίων
845 1929 885 1959 είς

94 1973 223 2000 τοσοῦτον
243 1973 309 2008 ’ὺψος
332 1973 498 2010 ἀναδραμεῖν
519 1973 644 2009 θεωρίας,
672 1974 689 2008 ἢ
713 1975 799 2000 είπεῖν
824 1973 886 2008 ἠδυ-

95 2020 164 2056 νήθη
175 2019 206 2046 τὺ
219 2019 433 2056 πολυθρύλλητον
446 2021 532 2046 ἐκεῖνο
546 2020 630 2056 ῥῆμα,
645 2019 744 2046 ἐπαθεν
757 2020 884 2052 ἁπαθῶς;

98 2065 162 2097 Πῶς
189 2065 217 2091 αἰ
241 2064 395 2100 πολύστιχοι
421 2065 504 2100 βίϐλοι
531 2065 579 2101 τὴν
608 2065 758 2101 ὑπέρογκον
785 2064 886 2100 ταύτην

96 2111 269 2146 ἀποκάλυψιν
283 2112 349 2147 ἡμῖν
364 2112 413 2138 οὐκ
427 2111 576 2147 ἐγνώρισαν
589 2120 596 2144 ;
614 2111 728 2143 Παῦλος,
743 2112 782 2143 είς
797 2111 886 2147 τρίτον

96 2158 212 2194 οὐρανὸν
234 2157 366 2190 ἀνελθὼν,
383 2159 430 2184 καὶ
449 2158 501 2185 τῶν
517 2158 643 2193 ἀρρήτων
660 2158 789 2193 ῥημάτων
807 2157 887 2184 ἀκού-

933 1558 1108 1592 excitatione,
1135 1558 1305 1587 laborantem
1333 1559 1393 1587 sine
1421 1559 1524 1592 labore,
1556 1559 1719 1595 prudentem

933 1604 1132 1640 imprudenter,
1170 1606 1326 1641 loquentem
1353 1607 1412 1634 sine
1437 1606 1557 1641 loquela,
1573 1606 1720 1634 utilitatem

934 1651 1089 1679 aﬁ‘erentem
1105 1651 1249 1683 inutiliter,
1267 1652 1387 1680 solutum
1398 1652 1527 1684 insolute,
1543 1656 1573 1679 ut
1593 1652 1720 1680 dicamus

933 1705 1032 1732 passus
1042 1701 1084 1726 est
1094 1698 1318 1734 impassihiliter?
1329 1698 1395 1732 Quae
1408 1702 1483 1726 tanta
1498 1699 1555 1726 haec
1566 1698 1721 1726 dementia?

934 1751 994 1779 quae
1014 1744 1115 1772 furoris
1132 1745 1361 1779 perseverantia?
1374 1744 1436 1779 quis
1460 1744 1586 1772 amentiae
1606 1743 1721 1779 stupor?

934 1790 972 1818 De
1002 1790 1142 1818 tremendo
1170 1790 1301 1818 nimirum
1323 1791 1453 1826 mysterio
1478 1790 1560 1818 verba
1586 1789 1720 1826 proferre,

935 1836 1052 1871 amplam
1080 1836 1154 1864 risus
1177 1836 1319 1863 materiam
1344 1835 1500 1864 moventia?
1528 1835 1650 1871 polliceri
1676 1842 1722 1862 ra-

935 1883 1003 1910 tioni
1022 1890 1153 1918 congrua,
1168 1887 1195 1910 et
1211 1889 1226 1909 a
1252 1882 1359 1910 ratione
1385 1882 1553 1911 alienissima
1579 1881 1722 1917 proferre?

935 1930 973 1957 ita
985 1929 1162 1964 respondere,
1177 1934 1207 1957 ut
1223 1928 1334 1957 videare
1350 1936 1406 1956 non
1424 1928 1621 1964 respondisse?
1636 1928 1722 1956 inter-

934 1975 1114 2010 pretationem
1140 1974 1270 2002 exhibere
1296 1982 1327 2002 re
1345 1973 1506 2009 explicanda
1521 1973 1722 2005 obscuriorem,

935 2025 962 2049 et
975 2021 1088 2056 majoris
1101 2020 1283 2048 dubitationis
1300 2020 1435 2048 matrem?
1458 2020 1510 2054 Qui
1522 2020 1552 2047 ﬁt
1566 2019 1640 2055 quod
1655 2027 1722 2047 san-

936 2070 1043 2094 ctorum
1063 2073 1144 2094 nemo
1157 2070 1211 2093 tam
1227 2066 1282 2092 alta
1295 2065 1485 2100 contemplari,
1506 2072 1557 2092 nec
1570 2064 1618 2092 illo
1632 2067 1723 2092 tanto-

936 2118 1000 2146 pere
1013 2111 1150 2139 cclebrato
1165 2112 1250 2139 verbo
1263 2111 1303 2138 uti
1320 2111 1419 2146 potuit,
1446 2117 1544 2145 passus
1557 2113 1599 2137 est
1620 2109 1722 2143 impas-

938 2157 1076 2184 sibiliter?
1094 2158 1161 2192 Ipsa:
1177 2164 1264 2185 sacrae
1275 2157 1373 2184 litterae
1395 2160 1435 2184 tot
1447 2155 1573 2184 versibus
1587 2155 1723 2183 distincta.

98 2190 149 2236 σας
171 2205 200 2231 ἐν
226 2203 391 2239 παραδείσῳ,
416 2203 520 2230 τοιοῦτο
537 2190 623 2230 ὀὐδὲν
647 2190 812 2239 ἀπεφήνατο.
839 2203 884 2238 Μὴ

937 2202 1003 2237 quid
1017 2207 1060 2230 est
1086 2190 1136 2230 cur
1156 2202 1330 2238 magniﬁcam
1352 2202 1423 2229 hanc
1448 2201 1641 2230 revelationem
1671 2209 1722 2230 nos

97 2249 163 2285 ἆρα,
179 2249 283 2281 τούτοις
302 2249 515 2284 καταλιμπάνων
529 2249 577 2284 τὴν
596 2249 651 2275 τῶν
669 2249 883 2284 ὑπερϐαινόντων

937 2248 1050 2276 minime
1082 2248 1253 2276 docuerunt?
1285 2247 1388 2276 Paulus
1421 2248 1450 2275 in
1483 2247 1594 2275 tertium
1621 2247 1722 2275 malum

97 2296 239 2331 ἐξήγησιν,
254 2295 340 2328 οὕτως
353 2296 403 2322 οὐκ
417 2293 495 2322 εἶπεν
508 2304 514 2311 ·
536 2296 655 2322 Ἔπαθεν
670 2295 798 2327 ἀπαθῶς·
814 2295 881 2328 ἀλλ’,

939 2293 1073 2326 ascendit,
1087 2297 1115 2321 et
1135 2301 1234 2321 arcana
1247 2294 1329 2321 verba
1352 2293 1380 2320 in
1396 2293 1524 2329 paradiso
1539 2292 1653 2326 audivit,
1674 2292 1723 2320 sed

101 2352 110 2368 ι
124 2342 241 2377 Ἐμαθε,
257 2343 348 2378 φησὶν,
358 2343 410 2377 ξάφ⁹
420 2339 457 2369 ὧν
471 2342 555 2369 ἔπαθε
564 2350 572 2357 ο
592 2351 601 2368 ι
615 2342 672 2374 καὶ,
684 2351 694 2368 ι
710 2342 884 2378 Πεπειραμέ-

937 2339 1096 2374 bujusmodi
1111 2339 1180 2366 nihil
1194 2339 1389 2374 pronuntiavit.
1412 2338 1454 2366 An
1466 2337 1546 2374 500
1558 2345 1633 2371 vero,
1659 2338 1724 2365 reli-

97 2396 154 2420 νος,
171 2387 243 2414 κατά
261 2388 358 2420 πάντα,
378 2387 438 2415 καθ’
461 2388 622 2424 ὁμοιότητα;
641 2397 650 2414 ι
669 2388 705 2415 Τὸ
726 2397 736 2414 ί
751 2397 883 2423 πεπειρα-

937 2390 980 2413 cta
994 2385 1061 2420 ipsis
1073 2392 1180 2417 eorum,
1197 2393 1258 2420 qum
1281 2389 1390 2420 captum
1401 2392 1509 2413 omnem
1531 2389 1661 2420 superant
1679 2392 1724 2412 ex-

100 2433 190 2469 μένος,
204 2443 214 2459 ι
242 2434 381 2470 πόρρωθεν
403 2434 491 2460 ἀνεῖλε
512 2433 568 2461 τῶν
591 2433 717 2461 τοιούτων
737 2434 822 2468 λόγων
836 2434 884 2470 τὴν

937 2430 1084 2466 positione,
1101 2438 1157 2458 non
1172 2430 1251 2462 dixit,
1269 2438 1368 2466 passus
1387 2435 1430 2459 est
1444 2430 1659 2466 impassibiliter,
1673 2430 1722 2458 sed

98 2479 246 2515 ληρῳδίαν·
271 2480 300 2506 '0
321 2480 377 2516 γάρ
399 2480 470 2507 κατά
492 2480 581 2507 πάντα
601 2480 803 2515 πεπειραμένος
824 2480 884 2507 καθ’

939 2486 949 2503 ι
967 2485 1001 2505 ex
1024 2477 1069 2509 iis,
1095 2477 1143 2510 ait,
1168 2485 1228 2512 qua:
1253 2484 1352 2513 passus
1377 2481 1430 2511 est,
1451 2477 1548 2505 didicit
1559 2477 1582 2494 “
1602 2486 1609 2505 :
1628 2487 1638 2504 ι
1654 2477 1724 2505 item

98 2525 257 2561 ὁμοιότητα,
273 2526 290 2561 ἢ
304 2526 436 2554 πέπονθεν
450 2527 500 2553 οὒκ
516 2526 639 2559 ἀπαθῶς,
665 2526 709 2553 ἶνα
722 2526 826 2563 φυλάξῃ
841 2526 883 2559 τὸ,

941 2533 951 2550 ι
967 2527 1087 2552 tentatus
1101 2528 1143 2552 est
1158 2524 1187 2551 in
1204 2524 1331 2553 omnibus
1349 2524 1475 2552 similiter
1489 2523 1531 2551 “?
1549 2533 1558 2550 ι
1573 2523 1633 2557 Qua
1644 2531 1722 2555 voce,

102 2580 113 2597 ι
125 2571 196 2598 κατά
218 2571 307 2599 πάντα
318 2572 378 2599 καθ’
398 2572 560 2608 ὁμοιότητα·
575 2581 586 2598 ι
608 2571 625 2607 ἦ
644 2572 691 2599 καὶ
710 2572 773 2603 τοὺς
789 2572 884 2604 ἀλλους

940 2579 949 2596 ι
969 2573 1090 2597 tentatus
1101 2574 1154 2602 est,
1170 2580 1180 2596 ι
1204 2570 1288 2598 verba
1301 2569 1437 2605 ejusmodi
1458 2570 1600 2605 nugatoria
1617 2569 1723 2604 jamdiu

97 2618 220 2645 δείκνυσι
239 2618 373 2650 παθόντας
394 2617 516 2651 ἀπαθῶς,
541 2619 585 2646 ἵνα
598 2617 672 2654 σώσῃ
684 2618 732 2653 τὴν
750 2618 819 2654 πρὸς
836 2619 884 2645 αὐ-

937 2615 1057 2644 sustulit.
1073 2615 1142 2643 Nam
1155 2616 1201 2651 qui
1213 2615 1242 2643 in
1255 2616 1381 2643 omnibus
1397 2614 1431 2643 ad
1444 2614 1650 2644 similitudinem
1663 2618 1723 2641 ten-

97 2664 164 2695 τοὺς
188 2663 343 2699 ὁμοιότητα.
366 2664 447 2690 Ὥστε
470 2664 487 2699 ἢ
511 2664 558 2691 καὶ
583 2663 630 2690 τὸν
645 2663 760 2699 Σωτῆρα
784 2672 884 2690 πεπον-

936 2666 1011 2691 tatus
1031 2666 1084 2697 est,
1102 2664 1127 2691 is
1149 2667 1195 2691 aut
1210 2671 1310 2699 passus
1324 2666 1367 2691 est
1381 2670 1437 2690 non
1452 2661 1666 2697 impassibiliter,
1692 2665 1722 2688 ut

99 2708 176 2736 θέναι
190 2709 298 2745 ἀληθῶς
317 2709 509 2745 ὁμολογητέον,
526 2709 543 2745 ἦ
565 2710 688 2741 καὶτοὺς
702 2709 798 2741 ἀλλους
819 2710 884 2737 ἀπα-

937 2708 1014 2736 ﬁrma
1035 2713 1162 2737 maneant
1175 2710 1232 2741 illa,
1252 2719 1262 2735 ‹
1278 2710 1306 2737 in
1332 2709 1460 2737 omnibus
1479 2708 1613 2742 similiter,
1635 2717 1646 2734 ι
1675 2711 1724 2736 aut

137 2786 161 2802 "
180 2785 272 2814 lCor.
290 2795 335 2819 xv,
352 2786 397 2814 2L
435 2786 458 2802 “
477 2785 558 2814 Hebr.
575 2795 602 2819 v,
618 2788 644 2815 8.
683 2787 705 2803 "
725 2786 807 2815 llebr.
828 2795 864 2819 Iv,
882 2786 926 2815 15.

137 2865 194 2899 (235
205 2865 283 2899 Mss.,
297 2865 461 2900 προνοοῦντα
478 2865 611 2900 ἀφρόνως,
627 2865 759 2894 λαλοῦντα
776 2866 883 2901 ἁνωφελ

946 2864 1024 2895 male.
1038 2863 1110 2893 Editi
1124 2862 1248 2900 quaedam
1263 2863 1424 2892 omiserant.
