1926 3068
208 130 278 158 i339

755 123 783 149 S.
802 119 1032 148 ATHANASIUS.
1052 134 1086 138 —
1107 116 1242 145 SPURIA.

1755 112 1826 139 i360

208 184 276 213 alios
291 190 399 218 quoque
415 178 602 215 impatibiliter
616 177 672 212 pati
688 175 809 204 ostendit
821 195 828 206 .
847 179 877 202 ut
895 177 984 202 servet

1051 173 1087 204 ὦς
1113 170 1293 200 πεπονθέναι,
1317 165 1355 196 ὧν
1379 168 1440 195 καθ’
1456 168 1601 203 ὁμοιότητα
1626 166 1828 202 πεπειραμένος

207 237 267 259 eam
275 236 355 264 quam
365 235 426 254 cum
436 226 490 253 illis
498 225 577 251 habet
586 222 800 251 similitudinem.
809 220 990 253 Quamobrem

209 277 371 303 alterutrum
388 276 429 300 est
446 269 638 306 proﬁtendum,
661 271 709 294 aut
725 273 788 294 vere
802 272 914 301 passum
929 270 992 292 esse

209 322 376 350 Salvatorem
391 317 532 349 nostrum,’
555 320 602 343 aut
614 314 682 342 alios
698 319 807 348 quoque
834 309 991 345 impatibili—

206 373 249 396 ter
265 373 372 403 passos,
387 364 420 392 ad
434 370 549 399 quorum
568 359 772 389 similitudinem
787 357 919 385 Dominus
933 361 991 383 ten-

208 401 280 441 tatus
303 412 387 439 fuisse
405 408 577 445 prmdicatur.
599 405 665 439 Quae
679 411 762 440 porro
786 402 924 438 patientiae
944 401 991 428 de-

206 458 370 488 monstratio
394 463 427 483 ex
456 462 489 482 eo
518 452 591 489 quod
620 449 825 486 impassibiliter
853 446 993 483 patiatur?

207 504 350 539 Quomodo
364 502 465 530 dicitur
490 498 620 535 patientia
647 496 759 528 Christi,
773 496 797 522 si
822 494 926 521 nullum
941 493 991 519 do-

207 552 274 579 loris
291 556 400 578 sensum
414 545 554 582 percepit?
567 543 626 577 Qua
642 542 748 569 ratione
764 539 918 567 ostenditur
933 537 992 572 ejus

208 605 272 634 erga
301 596 425 624 homines
447 592 589 620 ineﬂabilis
601 594 629 618 et
655 587 879 623 incomparabilis
905 593 991 618 amor,

208 647 231 673 si
244 632 351 678 absque
365 639 505 668 laboribus
520 637 612 672 passio
627 635 700 662 fuit?
721 634 788 667 Quis
804 632 861 668 pati
881 638 993 659 recusa-

207 690 287 722 verit,
304 677 359 716 non
371 685 452 714 modo
470 691 518 719 pro
538 682 644 713 amicis,
665 680 713 708 sed
733 680 814 706 etiam
832 685 880 713 pro
898 677 994 704 adver-

209 737 300 767 sariis,
317 735 340 762 si
363 732 419 768 pati
433 732 514 758 liceat
528 726 752 764 impassibiliter?
768 724 837 758 Quid
855 728 913 751 erat
928 729 993 757 ergo

209 782 283 819 quod
309 780 440 808 Dominus
462 777 581 807 diceret,
605 783 615 800 ι
638 773 757 808 Spiritus
781 774 922 806 promptus
940 773 992 801 est,

209 837 276 858 caro
300 831 390 855 autem
405 822 553 854 inﬁrma",
573 830 583 847 ι
615 820 637 847 si
657 818 813 854 passionem
828 816 932 850 absque
944 814 994 841 do—

209 877 270 904 lore
282 876 445 909 experturus
458 868 538 897 erat?
555 866 622 899 Quae
643 871 727 892 causa
742 866 800 891 erat
812 861 883 897 quod
898 860 932 887 ad
943 859 995 887 Pa-

209 924 278 950 trem
291 921 421 948 clamaret
437 926 443 943 :
468 924 477 940 ι
493 914 582 946 Pater,
599 912 621 939 si
646 909 776 946 possibile
791 912 844 940 est,
874 910 996 934 transeat

210 976 227 996 a
252 974 296 994 me
312 965 384 993 calix
400 963 452 990 iste
465 960 507 987 ⁸⁷2
522 969 530 985 ι
549 958 639 991 Quare
652 955 791 990 supplices
816 959 912 988 preces
932 957 994 978 cum

209 1009 363 1040 vehementi
381 1008 501 1035 clamore
527 1008 554 1032 et
581 1001 711 1036 lacrymis
733 999 766 1026 ad
780 1005 842 1025 eum
859 997 906 1031 qui
927 1003 957 1023 se
979 1002 994 1021 a

210 1060 298 1085 morte
314 1054 420 1089 eripere
435 1054 530 1087 posset
541 1046 691 1076 offerebat?
705 1045 759 1072 Aut
771 1044 853 1079 igitur
865 1048 927 1069 vera
950 1041 996 1067 illa

211 1102 303 1130 omnia
314 1099 461 1130 credenda,
481 1101 507 1123 et
524 1094 679 1130 passionem
699 1098 790 1118 veram
807 1088 892 1116 fuisse
912 1086 997 1114 conii-

211 1148 322 1176 tendum
345 1149 398 1176 est,
429 1147 475 1170 aut
496 1139 653 1176 passionem
670 1137 744 1164 illam
773 1135 833 1162 sine
858 1133 994 1168 passione,

211 1199 325 1220 necesse
340 1193 382 1218 est
409 1190 537 1223 reputare
556 1183 674 1219 speciem
690 1181 787 1216 plane,
812 1179 948 1206 ﬁctionem
970 1181 997 1204 et

211 1237 383 1275 phantasiam
408 1233 503 1260 fuisse.
532 1230 626 1257 Sinon
658 1234 721 1255 vere
746 1232 842 1260 passus
865 1227 917 1254 est,
946 1229 996 1250 nec

211 1269 276 1312 vero
287 1283 380 1316 utique
394 1277 554 1307 resurrexit.
573 1275 601 1302 Si
615 1280 709 1301 revera
725 1279 780 1299 non
793 1269 911 1306 gustavit
926 1275 997 1295 mor-

211 1336 277 1363 tem,
294 1315 344 1356 nec
370 1325 496 1354 stimulos
512 1321 611 1350 mortis
625 1318 767 1351 restinxit,
791 1315 881 1344 adhuc
891 1315 919 1342 in
934 1321 997 1348 pec-

211 1376 282 1404 catis
304 1379 400 1401 sumus
418 1369 531 1401 nostris,
563 1366 652 1394 adhuc
667 1371 741 1391 mors
765 1361 893 1390 omnibus
909 1359 997 1387 domi-

212 1427 304 1454 natur,
322 1419 412 1447 adhuc
426 1417 460 1443 ab
477 1413 635 1442 haereditate
652 1417 748 1438 sumus
766 1407 857 1435 alieni.
876 1405 905 1433 Si
920 1412 998 1432 nam-

212 1476 265 1505 que
280 1467 342 1498 [icta
357 1471 442 1494 mors,
464 1462 487 1490 si
500 1459 616 1488 mendax
631 1458 841 1487 testamentum;
869 1459 920 1480 nec
933 1457 997 1478 vera

211 1497 265 1544 erit
278 1510 432 1541 hereditas.
448 1507 511 1535 Haec
525 1504 604 1533 nobis
621 1503 663 1531 lex
676 1499 834 1537 pronuntiat
848 1508 854 1526 :
873 1507 883 1523 ι
901 1497 998 1524 Testa-
1011 1515 1032 1544 α

213 1563 335 1588 mentum
364 1557 392 1584 in
407 1554 521 1582 mortuis
547 1550 738 1578 continuatum
751 1550 793 1574 est
801 1545 834 1571 ".
853 1553 863 1570 ι
889 1542 918 1569 Si
934 1549 999 1576 ergo

213 1607 238 1634 is
249 1611 313 1633 vere
339 1605 465 1630 mortuus
481 1605 537 1625 non
550 1600 593 1624 est
609 1594 655 1630 qui
676 1593 781 1620 Novum
795 1589 998 1618 Testamentum

213 1651 354 1679 nobiscum
369 1647 440 1679 iniit,
455 1645 532 1672 irrita
546 1649 611 1670 sane
625 1646 685 1675 qua
699 1638 728 1665 in
738 1636 912 1664 Testamento
923 1636 998 1664 sunt,

213 1697 362 1732 rejectique
388 1693 408 1720 ii
425 1691 472 1726 qui
499 1688 620 1716 haeredes
636 1688 700 1714 sunt
714 1681 814 1711 vocati.
838 1679 894 1732 Sed
915 1685 999 1714 apage

214 1723 348 1777 ejusmodi
364 1737 513 1767 vesaniam,
530 1741 546 1760 ο
561 1731 657 1760 homo!
675 1729 742 1757 Nam
764 1726 812 1762 qui
838 1723 998 1752 Testamen-

214 1771 272 1816 tum
295 1785 407 1822 pepigit,
419 1786 544 1810 mortuus
559 1783 610 1811 est,
625 1782 652 1806 et
671 1779 760 1803 ratum
775 1777 818 1801 est
842 1771 1000 1798 Testamen-

215 1827 283 1866 tuin,
295 1819 505 1862 _haereditasque
518 1825 657 1862 proposita
673 1819 858 1850 credentibus,
875 1823 907 1843 ac
934 1821 1000 1849 sup-

215 1879 326 1916 plicium
339 1874 514 1912 sycophantis
529 1875 662 1907 paratum.
679 1865 864 1901 Reperiuntur
880 1866 999 1895 namque

215 1906 371 1959 complures
393 1906 489 1948 contra
513 1906 598 1944 [leum
626 1914 687 1941 falsi
705 1915 800 1942 testes,
827 1908 875 1944 qui
902 1906 998 1934 dicunt

1041 219 1055 244 ό
1071 217 1210 251 Δεσπότης
1230 214 1406 250 κηρύσσεται.
1428 213 1476 245 Τίς
1500 213 1527 239 δὲ
1544 213 1590 240 καὶ
1605 212 1742 247 ὑπομονῆς
1763 211 1829 238 ἀπόμ

1040 263 1123 294 δειξις
1138 263 1170 288 ὲκ
1189 260 1235 287 τοῦ
1252 260 1347 287 παθεῖν
1367 259 1494 292 ἀπαθῶς;
1512 259 1573 291 Πῶς
1595 259 1703 291 λέγεται
1721 258 1738 292 ὴ
1760 257 1828 283 ὑπο-

1043 308 1110 344 μονὴ
1134 307 1179 333 τοῦ
1199 306 1332 342 Χριστοῦ,
1357 307 1381 332 ει
1407 305 1443 341 μὴ
1469 305 1556 332 πόνων
1579 304 1704 338 αἴσθησιν
1730 302 1826 334 ἔλα6ε;

1042 353 1103 384 Πῶς
1122 352 1149 378 δὲ
1164 351 1298 378 δείκνυται
1318 352 1335 386 ἡ
1357 350 1458 384 deuo;
1479 350 1525 376 καὶ
1548 348 1739 384 ἀπαράῆλητος
1758 347 1829 382 πρὸς

1041 397 1199 433 ἀνθρώπους
1224 396 1411 432 φιλοστοργία,
1443 396 1467 421 εἰ
1493 395 1553 429 δίχα
1576 395 1663 421 πόνων
1686 393 1716 420 τὺ
1741 393 1828 424 πάθος

1042 443 1165 476 ὲγένετο;
1190 441 1238 472 Τίς
1258 441 1307 475 οὐχ
1331 440 1447 474 αἱρεῖται
1468 438 1573 470 παθεῖν,
1597 438 1628 464 οὐ
1653 436 1732 472 μόνον
1757 435 1828 470 ὑπὲρ

1043 487 1143 522 φίλων,
1161 485 1217 512 ἀλλ’
1232 485 1282 520 ἢδη
1299 485 1345 511 καὶ
1359 484 1426 522 ὑπὲρ
1442 482 1584 510 ἀντιδίκων
1596 502 1603 514 ,
1621 483 1644 508 εί
1666 480 1828 515 ὑπερέξεστι

1043 533 1138 560 παθεῖν
1151 531 1283 563 ἁπαθῶς;
1311 527 1348 557 Oi)
1373 517 1403 556 δέ
1422 529 1499 564 χάριν
1519 528 1611 562 ἔλεγεν
1635 528 1648 553 ὁ
1665 526 1802 560 Δεσπότης
1819 544 1827 556 ,

1046 589 1055 605 ι
1067 579 1102 605 Τὸ
1118 578 1226 612 πνεῦμα
1247 576 1386 612 πρόθυμον
1399 597 1405 607 ,
1430 577 1445 610 ἡ
1459 575 1486 601 δὲ
1504 574 1571 609 σάρξ
1586 572 1709 607 ἀσθενὴς,
1722 581 1731 597 ι
1748 571 1829 605 εἴπερ

1044 625 1140 660 ἔμελλε
1167 623 1197 650 τὸ
1230 623 1314 653 πάθος
1345 621 1502 656 ἀναλγήτως
1537 618 1713 654 προσίεσθαι;
1748 616 1829 643 Ἱνατί

1044 670 1111 706 πρὸς
1126 670 1171 695 τὸν
1184 668 1293 703 Πατέρα
1314 667 1377 694 ἐϐόα
1389 675 1396 681 ⁸
1418 675 1426 691 ι
1438 666 1537 699 Πάτερ,
1557 665 1581 690 εί
1597 663 1716 693 δυνατὸν,
1733 661 1830 697 παρελ-

1044 717 1112 743 θέτω
1122 715 1152 742 τὸ
1166 715 1292 750 ποτήριον
1307 713 1384 739 τοῦτο
1399 721 1427 744 ι)
1446 711 1515 742 τίνος
1529 711 1620 736 ἕνεκεν
1636 708 1716 743 εὖχάς
1738 708 1829 741 ἱκετη-

1045 763 1119 798 ρίους
1140 760 1207 796 μετὰ
1223 759 1345 795 κραυγῆς
1361 758 1472 793 ἰσχυρᾶς
1487 757 1533 783 καὶ
1555 755 1678 790 δακρύων
1696 753 1762 788 πρὸς
1783 753 1830 778 τὸν

1044 807 1190 842 δυνάμενον
1219 805 1314 837 σώζειν
1340 804 1420 830 αὑτὸν
1442 804 1473 828 ὲκ
1504 801 1618 828 θανάτου
1643 799 1830 834 προσέφερενς

1010 847 1030 875 Β
1046 854 1081 879 ’Ἡ
1097 851 1142 879 οὖν
1156 851 1244 878 πάντα
1263 849 1348 884 ἀληθῆ
1367 847 1521 874 πιστευτέον
1532 866 1540 878 ,
1556 847 1602 872 καὶ
1618 846 1648 871 τὸ
1662 845 1747 875 πάθος
1762 844 1830 878 άλη-

1047 898 1119 925 θινὸν
1142 896 1338 932 όμολογητέον’
1367 894 1402 929 ἢ,
1425 893 1470 919 τοῦ
1496 891 1597 922 πάθους
1615 890 1729 921 ἀπαθῶς
1751 897 1832 923 γεγε-

1045 943 1141 978 νῆσθαι
1156 942 1319 977 λεγομένου,
1340 940 1431 975 σχῆμα
1453 938 1560 973 ἀνάγκη
1585 937 1630 963 καὶ
1647 936 1756 971 δόκησιν
1784 935 1832 961 καὶ⁵

1046 988 1194 1023 φαντασίαν
1215 987 1302 1013 πάντα
1322 984 1486 1019 λογίζεσθαι.
1509 984 1540 1009 Εἰ
1560 983 1590 1008 οὐ
1613 980 1747 1007 πέπονθεν
1766 980 1832 1015 ἀλη-

1047 1034 1110 1065 θῶς,
1125 1033 1183 1060 οὐδὲ
1197 1032 1295 1066 ἀνέστη
1311 1030 1419 1061 πάντως
1435 1028 1550 1064 ἀληθῶς.
1566 1028 1598 1053 El
1611 1027 1648 1062 μὴ
1661 1027 1743 1057 οντως
1755 1024 1834 1059 ἐγεύ-

1047 1088 1110 1106 σατο
1123 1079 1237 1105 θανάτου
1248 1098 1255 1111 ,
1272 1076 1332 1103 οὐδὲ
1347 1075 1381 1101 τὰ
1400 1075 1499 1109 κέντρα
1516 1072 1610 1099 ἔσϐεσε
1630 1071 1676 1098 τοῦ
1693 1070 1807 1097 θανάτου
1821 1079 1829 1084 ·

1047 1125 1086 1151 ἔτι
1110 1125 1191 1159 ἐσμὲν
1217 1124 1245 1148 ὲν
1270 1122 1329 1153 ταῖς
1351 1118 1498 1155 ἁμαρτίαις
1521 1117 1610 1153 ἡμῶν,
1635 1116 1674 1143 ἔτι
1698 1114 1833 1151 βασιλεύει

1047 1172 1154 1198 πάντων
1173 1170 1187 1196 ό
1211 1169 1338 1198 θάνατος·
1363 1166 1403 1192 ἔτι
1426 1165 1475 1200 τῆς
1497 1163 1677 1199 κληρονομίας
1700 1161 1833 1196 ἀλλότριοι

1047 1216 1262 1250 καθεστήκαμεν.
1292 1213 1323 1240 Εἰ
1345 1211 1398 1247 γὰρ
1421 1212 1434 1237 ό
1458 1211 1572 1241 θάνατος
1589 1207 1737 1243 ἀπατηλὸς,
1754 1207 1801 1234 καὶ
1815 1207 1832 1241 ἠ

1046 1261 1160 1296 διαθήκη
1175 1258 1274 1294 ψευδὴς
1284 1278 1293 1290 ,
1314 1257 1361 1283 καὶ
1376 1257 1392 1291 ἠ
1408 1255 1573 1290 κληρονομία
1588 1254 1637 1280 οὐκ
1651 1253 1763 1288 ἀληθής.
1781 1251 1835 1278 Νό-

1048 1314 1097 1341 μος
1123 1305 1187 1340 ἡμῖν
1211 1303 1297 1329 ταῦτα
1321 1300 1493 1335 διαγορεύει·
1523 1309 1532 1324 ι
1549 1299 1686 1334 Διαθήκη,
1703 1307 1711 1323 ι
1741 1297 1833 1332 φησὶν.

1050 1361 1059 1378 ι
1077 1351 1123 1378 ἐπὶ
1144 1350 1249 1385 νεκροῖς
1267 1347 1374 1383 βεϐαία.
1386 1356 1394 1372 ι
1418 1347 1450 1372 El
1469 1343 1515 1372 οὖν
1533 1345 1563 1371 οὺ
1578 1344 1707 1379 τέθνηκεν
1721 1343 1806 1374 ὅντως
1821 1344 1836 1369 ὸ

1046 1399 1096 1433 τὴν
1110 1396 1214 1431 Καινὴν
1229 1395 1366 1430 Διαθήκην
1383 1392 1450 1428 πρὸς
1471 1392 1544 1427 ἡμᾶς
1565 1390 1732 1425 διαθέμενος,
1747 1390 1837 1425 ἄκυρα

1047 1444 1082 1471 τὰ
1095 1443 1144 1478 τῆς
1151 1441 1297 1476 Διαθήκης,
1312 1439 1456 1474 ἀπόϐλητοι
1468 1438 1492 1464 οἱ
1508 1437 1646 1472 λεγόμενοι
1660 1435 1835 1471 κληρονόμοι.

1054 1489 1123 1516 Ἀλλ’
1134 1489 1222 1521 ἄπαγε
1234 1487 1283 1522 τῆς
1298 1485 1426 1519 τοιαύτης
1442 1482 1642 1518 παραπληξίας,
1657 1481 1679 1508 ὦ
1689 1481 1815 1516 ἄνθρωπε
1828 1482 1835 1507 !

1052 1535 1107 1563 Kal.
1119 1536 1133 1561 ὁ
1148 1533 1304 1568 διαθέμενος
1317 1531 1370 1567 γὰρ
1383 1530 1509 1564 τέθνηκε,
1525 1529 1571 1555 καὶ
1584 1529 1601 1563 ἡ
1617 1527 1736 1562 Διαοήκη
1753 1526 1838 1552 κεκύ-

1053 1589 1151 1617 ρωται,
1176 1580 1223 1606 καὶ
1240 1580 1257 1614 ἡ
1280 1576 1444 1613 κληρονομία
1469 1576 1524 1606 τοῖς
1543 1573 1699 1601 πιστεύουσι
1724 1572 1837 1608 πρόκει-

1051 1636 1113 1660 ται,
1130 1625 1176 1653 καὶ
1203 1626 1220 1660 ἡ
1244 1623 1362 1658 τιμωρία
1386 1623 1442 1653 τοῖς
1465 1620 1644 1654 συκοφάνταις
1663 1618 1836 1654 ἡτοίμασται.

1051 1672 1229 1707 Εὑρίσκονται
1254 1669 1308 1704 γὰρ
1336 1668 1427 1694 πολλοὶ
1450 1666 1670 1702 ψευδομάρτυρες
1694 1666 1740 1692 τοῦ
1765 1663 1835 1690 Θεοῦ

1051 1719 1194 1753 λέγοντες,
1220 1717 1261 1743 ὅτι
1283 1716 1376 1751 ἥγειρε
1401 1713 1447 1740 τὸν
1471 1713 1587 1748 Χριστὸν
1613 1713 1645 1738 ἐκ
1665 1710 1785 1746 νεκρῶν,
1804 1710 1834 1736 ὃν

1051 1765 1102 1791 οὐκ
1131 1762 1238 1798 ἀληθῶς
1273 1760 1422 1795 τεθνηκότα
1455 1759 1582 1794 ἡγειρεν,
1613 1757 1691 1793 εἴπερ
1723 1756 1836 1788 ἀπαθῶς

1051 1809 1145 1837 ἔπαθε.
1187 1807 1242 1835 Καὶ¹
1275 1806 1382 1833 Παύλου
1420 1804 1556 1840 βοῶντος,
1591 1804 1631 1830 ὅτι
1669 1801 1790 1837 παθητὸς
1821 1801 1837 1827 ό

1051 1854 1185 1890 Χριστὸς,
1205 1854 1230 1879 οἱ
1256 1851 1362 1879 Παύλου
1392 1850 1523 1877 ἀντίδικοι
1547 1849 1579 1876 τὸ
1607 1858 1616 1874 ι
1633 1848 1742 1880 ἀπαθῶς
1757 1857 1767 1873 ι
1788 1848 1837 1874 ἀν-

1050 1901 1252 1936 τιφθέγγονται.

216 1941 371 1959 ῢυιιιγιυιυσ
394 1941 489 1948 vv-u--
515 1941 597 1944 --ν--γ
794 1941 798 1942 ν
837 1941 845 1944 .

216 1980 279 2000 eum
297 1969 443 1998 suscitasse
458 1965 597 1993 Christum
609 1970 624 1988 a
639 1959 766 1989 mortuis.
780 1963 861 1993 quem
876 1962 931 1982 non
955 1958 1019 1980 vere
1038 1953 1176 1977 mortuum
1195 1947 1335 1978 excitavit,
1360 1945 1384 1972 si
1406 1943 1514 1980 quidem
1533 1950 1631 1978 passus
1649 1946 1691 1969 est
1712 1941 1840 1976 impassi-

1076 1997 1093 2000 _
1137 1997 1153 2000 ..
1205 1995 1211 2000 ι
1312 1994 1328 1999 ι-
1417 1997 1422 2000 .
1496 1991 1557 2000 γινηγ
1582 1994 1608 2000 κ.
1649 1987 1714 2000 III”)
1739 1997 1746 2000 _
1784 1988 1819 2000 ζ-.

216 1987 279 2000 cum
297 1987 443 1998 Βυέυιιυιῦσν
461 1987 597 1993 ...ι-....-.....
611 1987 624 1988 η
642 1987 646 1988 ,
760 1987 764 1989 ,
789 1987 796 1993 .

216 2021 317 2048 biliter.
342 2017 375 2044 Et
389 2016 524 2043 clamante
538 2010 622 2038 Paulo
633 2007 790 2045 passibilem
819 2010 881 2032 esse
907 2000 1057 2031 Christum,
1076 1997 1155 2024 Pauli
1179 1994 1330 2023 adversarii
1362 1997 1458 2021 contra
1491 1991 1629 2022 clamant,
1649 1987 1716 2016 illud
1737 1997 1747 2014 ι
1784 1988 1837 2014 im-

219 2066 384 2104 paSSibiliter
404 2073 413 2089 ι
436 2058 610 2097 proferendo.

574 2115 643 2142 Vlll.

1415 2094 1480 2122 VIII.

219 2172 350 2200 Aduersus
378 2176 420 2195 eos
457 2165 501 2200 qui
532 2163 653 2200 dicunt;
674 2158 772 2186 Passus
794 2160 833 2183 est
878 2153 948 2180 Deus
974 2157 997 2178 ut

1097 2146 1173 2180 Πρὸς
1196 2143 1268 2176 τοὺς
1291 2141 1450 2176 λέγονταςι
1471 2140 1599 2165 Ἕπαθεν
1620 2138 1637 2163 ὸ
1658 2136 1731 2168 Θεὸς
1751 2135 1793 2167 ὠς

1367 2175 1528 2200 ἠθέλησεν.

565 2196 654 2224 uoluit.

254 2251 304 2284 Qui
327 2247 477 2277 secundum
501 2245 586 2279 legem
607 2242 659 2269 iter
685 2244 815 2275 peragere
830 2235 936 2266 volunt,
954 2241 1004 2261 cu-

220 2300 337 2330 rantque
361 2298 469 2320 omnem
491 2278 610 2323 elfugere
634 2291 766 2315 errorem,
789 2280 899 2317 quidvis
913 2278 1004 2314 potius

221 2341 286 2370 mali
294 2324 413 2375 leligent.
429 2343 511 2372 quam
528 2334 569 2362 vel
585 2331 720 2360 tantillum
745 2337 760 2356 a
781 2329 824 2355 via
836 2326 943 2362 publica
958 2324 1005 2352 de—

221 2369 353 2416 ﬂectant:
367 2369 468 2411 Eodem
491 2387 605 2416 prorsus
627 2377 708 2405 modo
722 2374 769 2410 qui
789 2380 839 2408 per
862 2371 932 2399 viam
955 2369 1005 2397 do-

224 2437 345 2469 gmatum
354 2428 476 2457 veritatis
488 2427 582 2454 volunt
594 2418 860 2454 ineedere,vestigiis
873 2416 1006 2444 inhaerent

224 2486 318 2507 eorum
333 2477 380 2512 qui
395 2480 533 2509 nunquam
547 2472 575 2499 in
589 2471 688 2498 itinere
699 2469 835 2495 errarunt.
852 2463 904 2490 Ubi
914 2465 1005 2489 autem

223 2524 305 2560 regia
328 2503 378 2549 vise
404 2503 481 2555 signa
510 2518 636 2543 accurate
655 2511 800 2541 edidicere,
824 2506 938 2535 sollicite
952 2503 1006 2533 sibi

225 2549 321 2598 ca‘vent
337 2567 371 2594 ab
384 2549 457 2592 omni
473 2559 635 2590 diverticqu
652 2567 658 2585 :
680 2556 730 2584 toti
754 2561 819 2582 vero
829 2560 862 2580 ex
883 2549 1006 2578 veritatis

225 2614 348 2650 partibus
368 2610 532 2639 consistunt.
556 2606 624 2634 Cum
639 2604 674 2630 ab
698 2603 749 2629 hoc
777 2600 860 2634 igitur
882 2603 966 2630 scopo
987 2594 1006 2621 ii

226 2641 379 2688 aberrarint
402 2655 449 2690 qui
472 2651 627 2681 adversaria
643 2647 722 2676 nobis
742 2646 869 2680 dogmata
883 2641 1004 2671 tradunt,

226 2704 339 2740 vestigia
353 2688 461 2737 quidem
482 2696 696 2726 orthodoxorum
711 2692 822 2719 Patrum
845 2688 1005 2716 amiserunt,

227 2757 278 2779 nec
292 2757 347 2777 non
366 2747 550 2780 theologorum
566 2743 687 2769 virorum
705 2737 762 2773 (qui
781 2735 854 2763 viam
866 2739 1008 2761 common-

264 2827 390 2854 “Matth.
409 2831 481 2856 nvr,
498 2821 542 2850 41.
555 2818 665 2846 ""ibid.
682 2816 726 2843 59.
764 2814 786 2829 "
803 2811 884 2838 Hebr.
905 2807 996 2840 ix,l7.

1367 2175 1528 2210 ἠθέλησεν.

1089 2228 1120 2254 οἱ
1141 2225 1211 2253 κατὰ
1228 2223 1309 2259 νόμον
1331 2221 1483 2256 ὁδοιπορίαν
1509 2218 1599 2246 ἀνύειν
1621 2217 1768 2247 ἐθέλοντες,
1793 2216 1840 2241 καὶ

1055 2273 1164 2308 φεύγειν
1182 2271 1271 2298 πᾶσαν
1291 2269 1395 2302 πλάνην
1410 2264 1617 2297 σπουδάζοντες,
1635 2263 1722 2289 πάντα
1739 2260 1840 2295 μᾶλλον

1055 2307 1209 2354 αἱρήσονται
1221 2315 1327 2347 παθεῖν,
1342 2314 1358 2349 ἢ
1373 2312 1469 2348 μικρὸν
1482 2309 1672 2346 τῆςλεωφόρου
1683 2307 1839 2343 παρελθεῖν,

1055 2353 1202 2391 Τδνγαὺτὸν
1218 2361 1317 2397 τρόπον
1335 2359 1381 2387 καὶ
1396 2360 1420 2386 οἱ
1435 2358 1484 2393 τὴν
1498 2357 1555 2384 ὁδὸν
1568 2356 1616 2391 τῆς
1627 2354 1681 2381 τῶν
1696 2353 1841 2388 δογμάτων

1055 2409 1182 2444 ἀληθείας
1202 2407 1319 2443 βαδίζειν
1347 2405 1498 2436 ἐθέλοντες,
1524 2402 1637 2438 τηροῦσι
1663 2401 1710 2436 μὲν
1729 2399 1765 2426 τὰ
1779 2399 1841 2434 ῐχνη

1055 2455 1108 2482 τῶν
1134 2454 1260 2485 ἀπλανῶς
1278 2452 1458 2479 ὁδευσάντωψ
1481 2449 1515 2476 τὰ
1533 2449 1560 2475 δὲ
1584 2448 1684 2482 σημεῖα
1697 2446 1745 2480 τῆς
1762 2445 1840 2480 βασι-

1055 2502 1133 2537 λικῆς
1160 2500 1220 2528 ὀδοῦ
1247 2499 1315 2534 μετὰ
1340 2496 1482 2532 ἀκριϐείας
1503 2492 1766 2529 καταμανθάνοντες,
1788 2491 1842 2516 πᾶ-

1057 2556 1104 2575 σαν
1123 2547 1172 2582 μὲν
1188 2545 1381 2581 παραιτοῦνται
1398 2540 1590 2577 παρεκτροπὴν
1602 2559 1610 2570 ,
1624 2538 1679 2565 ὅλοι
1693 2537 1720 2564 δὲ
1733 2537 1841 2570 γίγνονο

1056 2603 1099 2620 ται
1175 2591 1311 2627 ἀληθείας.
1333 2589 1433 2616 Τούτου
1449 2590 1537 2614 τοίνυν
1551 2585 1775 2620 ἀναχωρήσαντες
1792 2581 1841 2607 τοῦ

1058 2639 1158 2666 σκοποῦ
1170 2659 1177 2671 ,
1195 2638 1229 2665 τὰ
1249 2637 1296 2664 νῦν
1319 2637 1344 2663 οἱ
1359 2635 1394 2662 τὰ
1415 2634 1523 2661 ἐναντία
1542 2631 1713 2667 δογματίζειν
1737 2627 1841 2655 ἐθέλον-

1057 2694 1111 2717 τες,
1129 2684 1163 2710 τὰ
1193 2684 1241 2718 μὲν
1264 2684 1324 2718 ἴχνη
1349 2681 1402 2708 τῶν
1425 2680 1574 2716 όρθοδὸξων
1604 2677 1728 2711 πατέρων
1756 2681 1842 2700 κατα-

1057 2730 1211 2762 λελοίπασι,
1237 2729 1283 2756 καὶ
1308 2728 1344 2754 τὰ
1367 2728 1465 2762 σημεῖα
1494 2725 1548 2752 τῶν
1574 2722 1704 2756 θεολόγων
1725 2718 1841 2757 ἀνδρῶν,
