1926 3068
121 118 188 146 1361

497 119 784 148 CONFUTATIONES
803 121 1024 154 QUARL‘MDAM
1043 122 1332 151 PliOPOSlTlONUM.

1667 122 1679 148 ί
1683 121 1737 150 36%

118 175 173 202 τῶν
191 174 241 210 τὴν
261 175 319 201 ὁδὸν
339 176 552 209 ὑποδειξάντων,
581 179 793 214 παρελογίσαντο
805 200 812 212 ,
837 180 901 208 πολ-

953 182 1097 217 strarunt)
1122 182 1224 210 indicia
1257 182 1450 217 depravarunt,
1474 172 1614 216 multaque
1640 179 1737 208 «liver—

117 221 167 252 λὰς
190 220 218 247 δὲ
241 221 432 257 παρεκτροπὰς
462 223 634 258 μετεδίωξαν,
670 225 718 256 τὰς
745 226 794 260 μὲν
819 225 901 252 πάλαι

117 270 183 302 παρ’
202 267 303 303 ἑτέρων
324 268 522 303 ἐξευρεθείσας,
551 270 600 301 τὰς
618 270 646 296 δὲ
666 271 712 297 νῦν
734 271 798 306 παρ’
813 270 901 297 αὐτῶν

117 312 372 348 καινοτομηθείσας,
387 312 431 341 οἷά
442 315 498 341 ἐστι
513 316 559 341 καὶ
573 317 588 351 ἡ
603 317 753 351 παράλογος
765 317 850 352 φωνὴ,
861 317 900 348 τὸ,

118 359 239 386 Ἔπαθεν
253 361 266 386 ὁ
278 359 343 391 Θεὸς
352 360 388 391 ὡς
400 360 524 395 ἠθέλησε.
539 362 584 396 Μὴ
596 361 738 396 δυνάμενοι
753 362 807 397 γὰρ
817 361 901 394 δεῖξαι

117 404 165 439 τὴν
181 404 261 439 φύσιν
276 405 410 440 παθητὴν,
427 405 475 441 τὴν
494 406 619 441 βούλησιν
639 408 838 442 συκοφαντῆσαι
852 409 902 435 οὐκ

116 449 243 484 ὤκνησαν
254 460 260 465 ·
278 451 326 477 καὶ
340 451 403 486 περὶ
418 451 522 486 φύσεως
534 452 712 488 ἐρωτώμενοι,
725 455 788 489 περὶ
804 454 901 490 βουλή-

117 504 186 526 σεως
212 496 414 532 ἀποκρίνονται.
447 497 478 523 Εἰ
507 498 616 533 δεκτικὴ
647 498 748 530 πάθους
776 499 900 534 ἡφύσις,

115 541 201 576 ἐχέτω
211 540 302 576 χώραν
319 543 335 577 ἡ
352 541 477 577 βούλησις
490 551 496 558 ³
515 544 537 569 εί
553 543 592 574 δὲ,
610 543 659 570 κᾶν
675 545 802 579 μυριάκις
814 545 900 581 δοθείη

115 587 146 613 τὺ
170 587 267 619 θέλειν,
292 587 433 623 ἀμήχανον
461 589 646 624 ἀνατραπῆναι
672 590 780 623 φύσεως
805 590 899 625 νόμον·

115 631 174 663 πῶς
189 632 217 657 οὺ
233 631 313 667 μανία
324 632 354 658 τὸ
366 632 463 666 λέγειν,
479 634 641 665 Ἔπαθενὼς
650 634 797 670 ὴθέλησεν;
813 636 847 661 Ἦ
861 635 902 667 τίς

114 677 170 703 τῶν
186 676 215 704 εὖ
234 678 402 713 φρονούντων
419 679 469 706 οὐκ
488 677 568 712 οἶδεν,
588 680 627 706 ὅτι
647 680 790 716 σύμφωνον
814 681 854 707 δεῖ
869 683 900 717 τῇ

115 723 197 758 φύσει
212 724 260 759 τὴν
276 724 402 760 βούλησιν
416 723 501 759 εἷναι;
515 726 545 752 οὺ
567 726 615 761 τὴν
632 726 680 762 μὲν
695 727 762 762 πρὸς
781 726 844 753 ἄλλο
859 727 902 762 ῥέ-

115 777 189 801 πειν,
205 770 254 804 τὴν
269 769 297 796 δὲ
313 770 381 805 πρὸς
396 770 488 806 ἕτερον
505 771 629 798 σπεύδειν
640 779 646 786 -
662 771 730 798 ἀλλὰ
748 772 836 807 μένειν
854 772 902 806 μὲν

113 816 164 852 τὴν
182 816 261 850 φύσιν
277 817 306 843 ἐν
326 817 382 847 τοῖς
396 816 469 848 ἰδίοις
482 817 565 852 ὅροις,
588 816 675 844 θέλειν
689 817 716 843 δὲ
729 817 778 853 τὴν
793 817 872 851 φύσιν
887 817 901 843 ὃ

955 229 1036 256 ticula
1063 229 1179 257 insecuti
1205 233 1286 262 sunt,
1320 236 1381 256 cum
1414 228 1478 255 olim
1508 228 1543 255 ab
1575 228 1636 255 aliis
1661 227 1736 254 adin-

954 278 1052 307 venta,
1079 279 1137 302 tum
1168 282 1182 302 a
1208 282 1238 302 se
1272 281 1345 301 nunc
1370 274 1540 309 excogitata,
1579 272 1734 308 cujusmodi

954 322 996 345 est
1022 318 1140 346 absurda
1170 319 1221 346 ista
1246 326 1297 346 vox
1314 338 1321 350 ,
1349 318 1420 346 Deus
1443 325 1540 352 passus
1569 321 1610 344 est
1635 322 1664 344 ut
1688 323 1735 343 vo-

953 364 1026 390 luit.
1056 364 1123 391 Cum
1155 364 1227 391 enim
1265 368 1390 391 naturam
1430 363 1586 399 passibilem
1625 362 1735 389 minime

956 410 1033 446 501
1063 411 1248 439 demonstrare
1279 415 1401 447 possent,
1431 411 1465 439 de
1494 411 1635 438 voluntate
1665 409 1733 437 falsa

955 463 1081 490 spargere
1097 464 1150 483 non
1168 457 1327 484 dubitarunt
1344 466 1350 484 :
1369 464 1401 484 ac
1417 457 1451 484 de
1464 460 1562 483 natura
1573 455 1734 491 interrogati

954 500 988 529 de
998 502 1137 528 voluntate
1150 501 1325 536 respondent.
1341 501 1369 528 Si
1382 501 1517 536 passionis
1532 508 1617 535 capax
1631 503 1672 527 est
1686 507 1734 526 nas

954 551 1026 579 tura,
1042 547 1131 574 locum
1145 547 1241 574 habeat
1254 549 1391 575 voluntas.
1404 546 1480 579 Quod
1493 547 1516 574 si
1527 547 1568 574 vel
1581 545 1733 574 sexcenties

955 591 1017 618 talis
1031 591 1158 619 voluntas
1175 591 1259 619 fuisse
1270 591 1445 623 concedatur,
1465 598 1517 618 non
1531 591 1630 626 poterit
1642 594 1733 617 tamen

955 641 1059 664 naturae
1073 637 1115 665 lex
1132 637 1247 670 inverti;
1262 637 1309 672 qui
1324 645 1378 664 non
1394 636 1500 664 insania
1516 636 1606 670 fuerit,
1632 636 1732 667 dicere,

954 681 1055 710 Passus
1077 686 1118 710 est
1142 686 1171 710 ut
1191 682 1295 709 voluit?
1316 682 1370 709 Aut
1387 682 1450 717 quis
1473 688 1567 709 eorum
1591 680 1638 716 qui
1660 685 1734 708 recte

955 729 1086 761 sentiunt,
1106 736 1160 756 non
1183 728 1321 764 perspicit,
1338 732 1462 763 oportere
1482 727 1650 755 voluntatem
1671 734 1733 753 cum

954 779 1052 801 natura
1068 775 1224 802 consentire
1238 783 1245 802 :
1261 782 1350 809 neque
1363 774 1461 801 debere
1476 773 1547 801 hanc
1559 773 1593 801 ad
1605 772 1671 800 illud
1686 773 1734 800 de-

956 820 1068 851 clinare,
1092 821 1166 848 illam
1184 821 1217 848 ad
1236 820 1309 847 aliud
1325 827 1456 855 vergere;
1476 819 1524 846 sed
1545 826 1657 846 manere
1670 819 1733 853 qui—

114 861 214 896 πρέπει
226 863 258 897 τῇ
275 860 354 896 φύσει
370 862 416 888 καὶ
429 862 549 888 συνέπιε
564 862 602 893 ὡς
617 862 693 894 εἴτις
704 862 765 889 ἄλλο
778 862 826 897 μὲν
840 862 901 888 ταύ-

953 864 1011 892 dcm
1029 869 1153 892 naturam
1171 865 1198 891 in
1223 866 1280 893 suis
1300 865 1435 897 terminis,
1455 865 1524 892 velle
1544 868 1634 891 autem
1654 867 1734 891 natu-

112 914 163 941 την
181 906 251 941 ἔχειν
268 907 350 940 λέγοι,
369 907 432 934 ἄλλο
448 907 475 933 δὲ
499 907 584 934 θέλειν
608 908 724 943 ἐκείνην,
749 908 838 943 μάχην
853 909 902 934 ἐπ-

113 951 202 986 ήγαγε
221 953 268 978 καὶ
292 952 423 987 πόλεμον·
438 953 485 987 τῆς
503 953 552 987 μὲν
569 953 744 991 ὲγχειρούσης
764 955 803 985 εἰς
824 953 842 980 ἀ
866 954 902 989 μὴ

112 997 164 1029 δεῖ,
178 997 228 1032 τῆς
250 997 278 1024 δὲ
298 997 335 1033 μὴ
355 998 501 1034 δεχομένης
524 999 573 1025 ὅσα
595 1000 631 1035 μὴ
651 999 766 1034 πέφυκε.
791 999 827 1026 Τὺ
848 999 902 1035 γὰρ

113 1043 230 1079 πάσχειν
247 1044 378 1079 πεφυκδς,
394 1044 439 1071 καὶ
452 1043 527 1071 θέλον
540 1045 586 1071 καὶ
602 1045 639 1081 μὴ
649 1045 724 1072 θέλον
736 1045 775 1080 τῷ
790 1045 903 1080 πάσχειν

113 1089 271 1116 ὑπόκειται·
285 1091 315 1116 τὸ
330 1090 359 1116 δὲ
367 1090 415 1117 τοῦ
433 1090 546 1126 πάσχειν
561 1091 638 1123 ἐκτὸς
652 1091 722 1118 κατά
738 1091 818 1126 φύσιν
829 1111 836 1122 ,
852 1091 903 1118 κάν

112 1143 156 1167 τις
170 1135 335 1172 συγχωρήσῃ
350 1136 381 1162 τὸ
400 1136 497 1169 θέλειν,
510 1137 578 1173 ὅπερ
593 1136 642 1172 οὐχ
656 1134 711 1163 οἶόν
728 1145 768 1169 τε,
787 1137 828 1168 τίς
841 1146 902 1164 ποι-

113 1180 175 1215 ήσει
193 1179 319 1212 δέξασθαι
334 1181 384 1216 τὴν
396 1181 501 1212 οὐσίαν,
515 1181 583 1216 ὅπερ
597 1182 628 1207 οὐ
648 1181 768 1216 neque;
785 1182 842 1208 Πᾶν
857 1181 903 1216 γέ-

113 1234 159 1257 νος
171 1224 247 1257 ζώων
262 1225 390 1260 φυλάττει
406 1226 450 1252 τὸν
469 1226 518 1260 τῆς
529 1226 631 1258 οἰκείας
646 1227 739 1259 οὐσίας
748 1228 827 1262 νόμον
840 1227 904 1254 ἀσά-

113 1271 217 1303 λευτον,
231 1271 277 1298 καὶ
289 1271 326 1303 ὼς
339 1271 449 1306 γέγονεν
463 1273 509 1298 ἀπ’
525 1272 624 1308 ἀρχῆς,
636 1271 704 1299 οὕτω
717 1272 849 1300 διαιτᾶται
860 1273 902 1301 διὰ

113 1317 225 1350 παντὸς,
241 1317 288 1344 καὶ
298 1317 416 1352 οὐδαμοῦ
435 1317 465 1343 τὸ
481 1317 567 1344 θέλειν
583 1317 731 1353 ἀνατρέπει
751 1317 799 1353 τὴν
815 1319 902 1351 τάξιν.

113 1363 174 1390 Κᾶν
193 1363 323 1399 μυριάκις
338 1363 480 1399 ἄνθρωπος
497 1363 561 1399 θέλῃ
582 1362 708 1397 γενέσθαι
725 1364 833 1399 πτηνὸς,
854 1365 903 1400 ἀρ-

113 1410 157 1443 γεῖ
173 1409 208 1435 τὰ
227 1410 277 1444 τῆς
296 1410 458 1445 βουλήσεως,
479 1409 572 1445 ἐπειδὴ
588 1410 651 1444 νικᾷ
666 1408 699 1435 τὰ
715 1410 764 1444 τῆς
781 1410 901 1444 φύσεως’

113 1455 166 1481 κᾶν
183 1455 246 1490 θέλῃ
261 1455 349 1491 ψυχὴν
367 1455 438 1491 ἔχειν
453 1455 512 1486 ἐνὸς
523 1454 577 1481 τῶν
594 1454 709 1488 ἀλόγων,
731 1455 840 1489 γελᾶται
861 1455 903 1482 θέ-

113 1501 178 1532 λειν,
196 1500 225 1527 οὗ
243 1501 391 1536 πληροῦται
405 1501 435 1527 τὸ
455 1501 544 1535 ἔργον.
563 1498 641 1533 Εἶτα,
657 1501 731 1527 πᾶσα
754 1501 803 1536 μὲν
824 1500 903 1535 φύσις

114 1547 170 1582 ἔχει
183 1547 212 1574 τὸ
232 1548 426 1583 ἀτυράννητον,
439 1546 485 1574 καὶ
503 1546 635 1583 κρείττων
648 1547 707 1573 ἐστὶ
725 1547 815 1581 πάσης
827 1548 903 1573 ἐναν-

113 1592 174 1623 τίας
195 1592 361 1628 βουλήσεως·
386 1592 453 1627 μόνη
474 1592 502 1618 δὲ
521 1593 538 1626 ἡ
558 1592 692 1627 ἄτρεπτος
705 1591 752 1618 τοῦ
776 1591 842 1618 Θεοῦ
857 1593 904 1618 καὶ

114 1637 246 1669 ἀθάνατος
260 1637 339 1664 οὐσία
353 1637 460 1672 δέχεται
474 1636 598 1672 βούλησιν
613 1637 745 1669 ἐναντίαν,
762 1638 808 1664 καὶ
822 1638 905 1672 ἡττᾶ-

114 1692 159 1710 ται
178 1685 211 1718 τῇ
224 1684 273 1718 τῆς
296 1683 430 1718 θελήσεως
450 1683 574 1720 ἀνάγκῃ;
595 1683 628 1709 Ὢ
648 1682 694 1710 τοῦ
716 1682 868 1718 θαύματοςῐ
886 1685 903 1718 ἡ

115 1728 204 1753 πᾶσαν
219 1727 313 1754 οὐσίαν
329 1728 357 1754 ἐν
371 1729 426 1759 τοῖς
437 1728 546 1759 οἰκείοις
556 1728 629 1763 ὅροις
643 1727 821 1762 φυλάττουσα,
835 1728 904 1764 αὑτὴ

115 1773 168 1799 τῶν
183 1773 232 1816 τῆς
258 1773 391 1805 ἀπαθείας
407 1774 477 1809 ὅρων
492 1773 562 1800 οὕτω
580 1773 678 1809 ῥᾳδίως
694 1773 841 1805 ἐξίσταται,
857 1773 905 1800 καὶ

114 1817 174 1843 οὐδὲ
191 1816 315 1844 τοσοῦτον
328 1819 342 1844 ὁ
357 1817 452 1849 κτίσας
467 1817 574 1844 ἅπαντα
586 1817 652 1852 ἔχει,
666 1818 763 1845 ὁπόσον
774 1818 903 1852 κτίσματι

115 1862 231 1895 Bedente;
260 1862 345 1888 Πόθεν
371 1862 400 1888 δὲ
425 1863 493 1894 ὅλως
516 1862 688 1899 ἑγνώρισται,
713 1864 753 1889 ὃτι
776 1863 902 1898 ἡθέλησε;

115 1908 261 1944 Προφήτης
273 1908 322 1934 οὑκ
338 1905 425 1939 εἶπεν,
441 1909 600 1940 Ἀπόστολος
618 1909 667 1935 οὐκ
682 1909 812 1944 ἐκήρυξεν
822 1917 828 1924 ·
845 1908 903 1935 ἀλλ’

115 1955 139 1981 οἱ
155 1955 252 1990 μικρὸν
263 1954 408 1990 ἡγούμενοι
423 1954 453 1984 τὸ
470 1955 577 1982 πάντων
595 1955 742 1991 ὐπερορᾷν,
757 1955 835 1990 ξένην
854 1954 902 1989 φέ-

117 2008 173 2036 ρειν
187 2000 345 2035 νομοθεσίαν
363 2001 438 2036 μόνοι
454 2001 645 2028 νεανιεύονται.
668 2000 736 2027 Οὔτε
750 2000 780 2027 τὸ
808 2009 817 2025 ι
835 2000 903 2026 ἐπα-

115 2046 161 2072 θεν
180 2056 189 2071 ι
219 2046 385 2082 ἀνέγνωμεν,
413 2046 474 2073 οὕτε
503 2057 512 2072 ι
529 2046 567 2078 ὡς
590 2046 721 2082 ἠθέλησεν
742 2055 751 2072 ι
775 2045 901 2081 εὕρομεν.

115 2090 163 2122 Τίς
181 2090 236 2126 γὰρ
250 2089 304 2117 τῶν
319 2091 404 2126 ἁγίων
419 2091 435 2126 ἢ
457 2089 511 2117 εἶδε
530 2091 666 2125 πάσχοντα
686 2091 732 2117 τὸν
745 2089 836 2126 ἀπαθῆ
857 2090 903 2117 καὶ

115 2135 240 2170 ἀόρατον,
256 2136 272 2170 ἢ
285 2136 334 2171 τὴν
355 2137 418 2170 περὶ
438 2136 531 2162 τοῦτον
547 2136 654 2172 θέλησιν
678 2135 856 2171 κατενόησεν;
871 2136 903 2163 Ὦ

114 2181 217 2217 τόλμης
235 2182 289 2208 τῶν
310 2181 461 2217 ἀνθρώπων
478 2182 547 2217 ὑπὲρ
560 2181 608 2213 τὰς
624 2181 756 2217 ἁοράτους
775 2181 902 2217 δυνάμεις

116 2227 244 2263 πηδώσης
255 2228 260 2254 l
271 2228 318 2259 Τίς
329 2227 450 2263 παρῆλθε
461 2228 506 2255 τὸν
516 2228 643 2264 οὐρανόνς
653 2229 701 2260 Τίς
710 2228 831 2264 ὑπερέϐη
838 2229 902 2260 τοὺς

116 2273 236 2309 θρόνους,
249 2274 298 2305 τὰς
312 2274 409 2309 ἀρχὰς,
425 2275 474 2305 τὰς
490 2274 622 2307 ἐξουσίας,
636 2275 686 2306 τάς
703 2274 841 2309 δυνάμεις,
852 2275 902 2306 τὰς

115 2319 296 2355 γυριότητας;
314 2320 362 2351 Τίς
378 2320 517 2356 ὑπερέπτη
535 2320 569 2347 τὰ
583 2321 702 2356 σεραφίμ
714 2329 721 2352 ς
735 2320 782 2352 Τίς
799 2319 851 2347 εἶδε
861 2310 901 2347 ’τὰ

115 2365 230 2397 ἐκείνοις
251 2365 352 2393 ἀθέατα
364 2375 370 2398 ;
384 2366 431 2398 Τίς
444 2366 590 2402 κατενόησε
616 2366 695 2401 φύσιν
710 2366 777 2392 Θεοῦ
798 2367 845 2393 καὶ
858 2367 901 2393 θέ-

115 2411 213 2438 λουσαν
228 2411 308 2444 οὕτω,
327 2413 374 2439 καὶ
384 2412 541 2448 πάσχουσαν
555 2412 573 2439 ἃ
588 2412 662 2448 παρά
675 2412 727 2439 τῶν
742 2412 856 2449 Γραφῶν
869 2413 900 2439 οὐ

115 2456 276 2493 δεδήλωταιι
316 2457 384 2484 Οὔτε
410 2458 441 2485 τὸ
462 2467 471 2484 ι
488 2457 587 2485 ἔπαθεν
606 2467 614 2483 ι
639 2457 756 2493 εἴρηται,
780 2458 842 2485 οὔτε
869 2459 900 2485 τὸ

119 2503 180 2535 νὼς
193 2503 309 2539 ἠθέλησε
330 2513 339 2529 ι
360 2504 522 2540 γέγραπται.
553 2513 562 2530 ι
585 2504 726 2539 Ἐποίησεν
739 2505 789 2531 ὅσα
803 2504 900 2540 ἠθέλη-

116 2557 172 2581 σεν,
187 2558 197 2574 ι
211 2549 381 2584 ἀκηκόαμεν·
398 2551 438 2576 ὅτι
452 2550 480 2576 δὲ
496 2549 596 2576 ἔπαθεν
612 2549 649 2580 ὼς
662 2549 802 2585 ἠθέλησεν,
821 2549 899 2576 οὐδα-

117 2595 169 2630 μοῦ
188 2595 396 2631 μεμαθήκαμεν.
413 2596 446 2622 Τί
469 2594 515 2622 οὖν
536 2596 575 2627 εἰς
596 2595 739 2630 βεϐαίωσιν
755 2595 786 2622 τὸ
805 2595 900 2630 ἄδηλον

116 2640 243 2675 φέρουσι;
262 2641 346 2668 Τοῦτο
358 2641 497 2677 προσθήκη
512 2641 562 2675 τῆς
572 2641 710 2673 ἀπονοίας,
727 2641 777 2667 οὐκ
792 2640 901 2667 ἀπόδει-

117 2685 157 2717 ξις
169 2686 307 2722 ἀληθείας.
330 2687 398 2714 Ἀλλ’
420 2687 519 2714 ἔπαθεν
534 2689 548 2714 ὀ
563 2688 677 2722 Χριστὸς
694 2686 765 2714 κατά
785 2687 833 2724 τὴν
846 2687 901 2714 τῶν

116 2731 221 2766 θνητῶν
235 2732 334 2767 σάρκα,
350 2733 380 2759 οὐ
396 2732 465 2759 κατά
479 2732 525 2759 τὸν
540 2732 671 2760 ἀθάνατον
682 2733 777 2767 Λόγον.

915 1524 939 1556 C

952 916 1009 937 ram
1025 909 1097 944 quod
1112 910 1199 943 ipsam
1213 914 1337 935 naturam
1352 913 1379 935 et
1391 908 1598 944 intelligentiam
1615 908 1709 935 deceat
1724 917 1732 935 :

953 954 990 981 ita
1011 959 1039 982 ut
1064 954 1087 982 si
1110 954 1172 989 quis
1195 954 1296 981 dixerit
1314 961 1373 980 eam
1397 953 1471 980 aliud
1491 953 1601 988 quidem
1621 953 1733 985 habere,

952 999 1025 1027 aliud
1037 1000 1115 1032 velle,
1130 1000 1154 1027 is
1169 1007 1287 1035 pugnam
1302 999 1413 1027 inducat
1424 1003 1452 1027 et
1465 999 1583 1031 bellum;
1598 1006 1659 1025 cum
1676 998 1734 1026 haec

952 1046 997 1072 illa
1018 1045 1189 1080 aggrediatur
1201 1052 1262 1080 qua).
1279 1045 1392 1073 minime
1410 1049 1534 1080 oportel;
1560 1044 1606 1070 illa
1622 1043 1735 1071 minime

953 1091 1067 1126 recipiat
1081 1098 1140 1126 quae
1154 1090 1205 1118 sibi
1217 1098 1272 1118 non
1287 1089 1464 1118 conveniunt.
1484 1088 1513 1116 Id
1527 1088 1600 1116 enim
1618 1089 1646 1115 in
1660 1088 1734 1123 quod

952 1136 1044 1172 passio
1069 1136 1152 1168 cadit,
1172 1136 1238 1164 velit
1258 1136 1337 1169 nolit,
1364 1135 1486 1171 passioni
1511 1134 1658 1162 obnoxium
1679 1137 1732 1161 est.

953 1182 1031 1217 Quod
1045 1185 1135 1209 autem
1147 1189 1180 1210 ex
1192 1188 1240 1209 sua
1251 1185 1350 1208 natura
1361 1181 1516 1216 passionem
1528 1187 1584 1207 non
1597 1179 1733 1213 admittit;

952 1229 1034 1257 etiam
1050 1228 1073 1256 si
1089 1228 1151 1263 quis
1167 1227 1333 1256 concesserit
1345 1227 1415 1255 velle
1437 1226 1504 1254 illud
1522 1226 1587 1262 pati,
1602 1225 1674 1261 quod
1693 1229 1735 1253 ta-

952 1282 1015 1302 men
1031 1274 1089 1302 ﬁeri
1111 1274 1217 1309 nequit,
1233 1274 1295 1309 quis
1309 1273 1425 1301 deducet
1444 1273 1478 1299 ad
1501 1272 1567 1300 illud
1589 1272 1735 1299 admitten-

952 1320 1017 1348 dum
1047 1320 1119 1355 quod
1144 1319 1297 1347 substantia
1316 1319 1377 1353 ejus
1400 1319 1511 1346 minitne
1535 1317 1627 1353 capit?
1649 1316 1735 1344 Omne

952 1366 1130 1393 animantium
1151 1373 1237 1400 genus
1261 1365 1365 1392 ﬁrmam
1385 1369 1491 1392 natura:
1509 1371 1565 1391 suae
1583 1367 1672 1391 servat
1697 1363 1736 1390 le—

951 1418 1022 1446 gem,
1043 1415 1123 1445 atque
1143 1414 1173 1437 ut
1193 1410 1227 1437 ab
1250 1410 1329 1437 initio
1352 1409 1454 1436 factum
1482 1412 1535 1440 est,
1560 1408 1597 1435 ita
1614 1411 1736 1434 remanet

952 1463 1069 1490 semper,
1085 1463 1136 1483 nec
1151 1462 1269 1490 unquam
1296 1455 1423 1482 voluntas
1444 1454 1565 1482 ordinem
1589 1453 1734 1480 subvertit.

953 1502 1083 1535 Quamvis
1100 1501 1252 1529 sexcenties
1272 1500 1354 1527 homo
1383 1500 1441 1527 avis
1461 1507 1522 1527 esse
1542 1499 1638 1530 vellet,
1656 1498 1735 1524 inita

954 1548 1080 1576 voluntas
1094 1550 1146 1580 est,
1163 1547 1226 1581 quia
1244 1546 1329 1574 vincit
1352 1548 1458 1572 natura.
1476 1544 1588 1571 Etiamsi
1603 1544 1669 1579 yelit
1685 1543 1736 1570 alio

954 1593 1034 1628 cujus
1056 1592 1129 1620 bruti
1152 1592 1270 1618 animam
1299 1590 1410 1622 habere,
1434 1589 1575 1617 deridetur
1595 1589 1733 1620 voluntas,

953 1646 1041 1674 neque
1051 1646 1095 1666 res
1110 1638 1155 1665 illa
1172 1637 1332 1672 completur.
1348 1636 1482 1663 Praeterea
1496 1634 1624 1670 qualibet
1634 1637 1734 1661 natura

953 1691 996 1713 est
1012 1691 1027 1711 a
1041 1683 1184 1720 tyrannide
1198 1682 1292 1716 libera,
1303 1685 1399 1716 estque
1417 1681 1491 1709 omni
1507 1680 1621 1708 adversa
1637 1680 1735 1707 volun-

954 1734 1009 1758 tate
1023 1730 1157 1764 superior.
1172 1728 1242 1756 Num
1255 1728 1313 1756 sola
1326 1727 1504 1755 immutabilis
1516 1726 1734 1762 immortalisque

952 1776 1001 1804 Dei
1022 1776 1175 1804 substantia
1190 1775 1358 1802 voluntatem
1376 1773 1494 1800 admittit
1512 1773 1690 1804 contrariam,
1708 1777 1735 1800 et

952 1822 1072 1850 vincitur
1091 1829 1106 1848 a
1129 1820 1278 1848 voluntatis
1294 1819 1478 1847 necessitate?
1499 1817 1521 1845 0
1543 1825 1600 1845 rem
1616 1818 1732 1845 miram!

952 1874 1012 1902 qua:
1038 1865 1187 1901 quamlibet
1213 1864 1393 1892 substantiam
1421 1864 1449 1890 in
1476 1863 1594 1898 propriis
1613 1863 1736 1890 continet

953 1911 1098 1943 limitibus,
1122 1917 1154 1937 ca
1178 1909 1407 1945 impassibilitatis
1426 1909 1552 1936 terminis
1576 1913 1630 1935 tam
1655 1909 1734 1936 facile

953 1956 1117 1994 dimovetur,
1138 1963 1190 1983 nec
1207 1958 1315 1982 tantum
1333 1954 1415 1982 habet
1438 1954 1484 1988 qui
1503 1954 1607 1981 creavit
1630 1953 1734 1985 omnia,

951 2006 1082 2038 quantum
1102 2005 1234 2029 creaturae
1249 2001 1334 2028 dedit.
1353 1999 1406 2027 Sed
1431 1999 1504 2026 unde
1527 1999 1637 2026 tandem
1657 2006 1733 2026 com-

952 2052 1058 2083 pertum
1076 2048 1126 2075 fuit
1141 2055 1203 2075 cum
1228 2047 1254 2074 id
1273 2047 1402 2074 voluisse.
1426 2045 1561 2080 Propheta
1582 2052 1637 2071 non
1655 2044 1735 2078 dixit,

952 2093 1099 2129 Apostolus
1113 2101 1168 2121 non
1190 2092 1363 2128 praedicavit;
1387 2092 1434 2119 sed
1450 2092 1496 2126 qui
1513 2098 1562 2125 pro
1584 2090 1668 2117 nihilo
1683 2090 1734 2116 ha-

952 2140 1018 2167 bent
1041 2140 1132 2168 omnia
1147 2143 1331 2169 contemnere,
1359 2138 1378 2164 ii
1400 2137 1451 2165 soli
1471 2137 1633 2165 insolentem
1659 2136 1733 2162 illam

918 2185 1026 2228 Dferre
1057 2186 1143 2221 legem
1170 2190 1272 2213 temere
1298 2183 1504 2219 aggrediuntur.
1533 2181 1627 2217 Neque
1655 2181 1734 2212 illud,

957 2241 966 2256 ι
985 2238 1085 2266 passus
1102 2234 1154 2261 est,
1175 2240 1184 2256 ι
1210 2230 1334 2265 legimus,
1360 2237 1446 2264 neque
1469 2229 1507 2262 id,
1526 2238 1536 2254 ι
1555 2232 1585 2256 υι
1606 2227 1702 2259 voluit,
1722 2237 1731 2253 ι

954 2276 1118 2304 invenimus.
1142 2275 1209 2309 Quis
1232 2276 1304 2302 enim
1333 2279 1501 2306 sanctorum,
1523 2279 1569 2301 aut
1593 2281 1654 2301 eum
1679 2274 1734 2308 pati

953 2321 1020 2349 vidit
1035 2321 1081 2356 qui
1107 2320 1285 2356 impassibilis
1298 2324 1324 2348 et
1346 2319 1492 2347 invisibilis
1510 2323 1583 2347 esset
1597 2323 1644 2346 aut
1660 2319 1735 2354 ejus-

952 2366 1027 2394 modi
1046 2365 1213 2392 voluntatem
1231 2364 1376 2399 cogitavit?
1391 2363 1413 2391 Ο
1423 2363 1563 2391 audaciam
1575 2363 1732 2390 hominum!

953 2418 1035 2446 supra
1049 2410 1201 2438 invisibiles
1216 2412 1365 2444 potestates
1376 2409 1499 2436 exsilire!
1516 2408 1583 2441 Quis
1596 2412 1736 2435 transcen-

952 2457 992 2485 dit
1009 2457 1130 2485 cuelum?
1143 2456 1210 2489 Quis
1230 2460 1419 2491 transgressus
1433 2459 1476 2483 est
1489 2455 1613 2487 thronos,
1630 2453 1734 2490 princi-

952 2506 1042 2538 patus,
1058 2505 1215 2537 potestates,
1230 2501 1356 2533 virtutes,
1371 2500 1589 2528 dominationes?
1601 2500 1668 2533 Quis
1685 2507 1734 2527 su-

952 2555 1002 2583 pra
1018 2547 1155 2582 seraphim
1171 2546 1291 2574 volavit?
1305 2546 1373 2579 Quis
1387 2554 1419 2574 ea
1432 2546 1499 2574 vidit
1513 2554 1573 2581 quae
1587 2546 1654 2581 ipsis
1669 2549 1734 2574 sunt

952 2593 1120 2621 invisibilia?
1136 2593 1203 2626 Quis
1222 2597 1347 2620 naturam
1372 2592 1420 2620 Dei
1440 2592 1571 2620 intellexit
1595 2593 1631 2619 it'a
1652 2592 1732 2623 velle,

953 2644 980 2668 et
996 2640 1053 2676 pati
1072 2647 1105 2668 ea
1129 2647 1189 2675 quae
1207 2646 1223 2666 a
1247 2639 1397 2674 Scripturis
1414 2647 1470 2666 non
1495 2643 1560 2666 sunt
1580 2639 1736 2666 declarata?

953 2685 1047 2722 Neque
1074 2685 1152 2719 illud,
1180 2694 1190 2711 ι
1213 2692 1312 2720 passus
1334 2689 1393 2718 est,
1412 2694 1422 2711 ι
1447 2685 1564 2718 dicitur;
1588 2692 1676 2720 neque
1695 2683 1734 2715 id,

958 2740 966 2757 ι
982 2734 1012 2758 ut
1030 2730 1128 2763 voluit,
1147 2739 1156 2756 ι
1184 2729 1317 2765 scripturn
1334 2734 1386 2758 est.
1410 2729 1572 2757 Audivimus
1589 2740 1596 2757 :
1627 2739 1636 2755 ι
1655 2727 1736 2762 Qua:-

116 2785 224 2812 eunqne
237 2779 334 2812 voiuit,
352 2778 463 2813 fecit",
482 2789 491 2805 ›
513 2779 584 2814 quod
603 2783 691 2807 autem
709 2787 808 2814 passus
830 2779 876 2812 sit,
897 2783 927 2806 ut
946 2777 1031 2805 voluit
1067 2784 1202 2814 nusquam
1219 2776 1375 2804 didicimus.
1397 2776 1453 2804 Cur
1476 2776 1567 2812 itaque
1586 2775 1618 2803 ad
1635 2774 1736 2803 contir-

152 2834 174 2850 "
195 2833 265 2862 Psal.
284 2843 392 2868 cxxxw,
410 2835 436 2862 6.
