1926 3068
203 135 272 163 1565

748 134 777 162 S.
798 134 1028 164 ATHANASll-ls.
1049 151 1084 156 —
1104 134 1239 164 SPURIA.

1754 128 1820 157 1361

200 194 348 222 mationem
370 193 443 228 quod
464 188 601 220 occultum
617 197 659 220 est
680 191 817 221 all‘erunt?
839 193 986 222 Dementiae
1009 194 1133 222 accessio
1160 194 1219 222 hac
1242 195 1302 226 est;
1320 199 1376 220 non
1392 191 1516 219 veritatis
1533 189 1742 219 demonstratio.
1768 189 1820 217 Sed

200 249 298 278 passus
313 245 354 269 est
373 240 499 269 Christus
520 240 671 269 secundum
684 241 825 269 mortalem
842 249 964 275 carnem,
986 249 1042 270 non
1056 241 1206 270 secundum
1223 240 1377 269 immortale
1396 239 1527 267 Verbum.

568 299 614 327 IX.

197 348 332 385 Adversus
351 355 394 374 eos
406 347 451 381 qui
469 347 571 378 dicunt.
591 347 630 374 ita
647 348 812 385 accipiendas
829 357 885 376 esse
899 349 984 385 (Scri-

231 383 337 417 ptum)
359 390 442 414 uoces,
463 387 491 408 ut
520 391 571 409 non
588 382 767 410 consideretur
788 382 909 418 quantuni
928 384 984 412 ίιιω

234 418 390 452 signiﬁcent,
405 426 464 444 cum
483 418 600 444 omnium
612 423 717 453 captum
732 419 870 446 excedant.

233 472 282 500 Vix
298 474 400 508 reperti
419 477 483 500 sunt
498 473 546 508 qui
562 474 654 501 omnia
671 482 731 509 quae
747 474 780 501 ad
801 475 925 503 homines
940 479 982 502 at-

195 519 285 546 tinent
302 523 425 546 evertere
446 519 654 552 contenderent,
669 527 702 547 ac
716 524 872 555 satagerent
887 525 917 548 ut
933 521 984 548 ho-

194 565 284 592 mines
305 573 359 592 non
375 565 446 592 ultra
467 565 617 593 rationales
637 570 740 596 essent.
761 574 849 601 neque
869 574 901 594 ea
923 574 984 601 quae

194 611 357 639 naturaliter
379 611 450 638 bona
471 615 536 638 sunt
553 615 682 638 accurate
696 611 867 645 ediSCerent;
883 613 983 648 quique

194 658 318 685 dicerent
338 657 466 686 omnibus
489 657 605 693 perutile
627 665 699 690 esse,
721 662 751 684 ut
772 658 934 693 simpliciter
956 663 984 686 et

194 704 298 739 absque
312 703 414 738 praevio
429 703 567 736 examine,
589 711 731 731 sacrorum
747 703 880 731 librorum
901 712 983 732 voces

193 750 368 785 acciperent;
385 749 460 777 nulla
474 749 568 776 habita
590 749 811 777 consideratione
832 750 875 777 vel
890 757 984 778 corre-

193 799 294 828 ctione,
310 803 360 823 nec
369 795 447 830 juxta
456 795 531 830 pium
545 802 658 830 scopum
671 803 726 830 quo
738 795 818 822 dictas
832 800 905 824 sunt.
915 795 983 823 Nam

193 842 228 872 si.
254 846 282 869 ut
297 841 393 876 jubent
414 841 464 873 illi,
485 849 580 869 eorum
604 841 819 876 signiﬁcationes
843 842 907 877 quis
928 849 983 869 non

192 887 338 923 expendat,
361 887 578 922 simpliciterque
599 887 679 922 502
702 891 730 915 et
755 889 860 923 absque
882 888 983 923 praevio

192 933 318 960 examine
333 941 394 968 quin
410 933 540 960 dicuntur
565 933 700 960 auswltet
720 943 725 959 :
755 937 840 961 restat
864 938 894 960 ut
920 941 984 969 pro-

191 980 280 1015 phetae
289 984 317 1007 et
331 979 447 1015 apostoli
458 979 573 1006 auribus
588 979 691 1007 nostris
702 979 805 1008 frustra
823 984 982 1015 personent,

191 1033 225 1052 ac
239 1025 329 1060 quivis
341 1033 433 1053 sermo
448 1025 554 1053 inutilis
568 1029 595 1053 et
608 1024 731 1053 inelIicax
747 1030 916 1060 permaneat,
931 1033 982 1053 au—

191 1071 350 1106 ditoresque
381 1071 410 1098 in
437 1071 564 1098 cordium
590 1079 704 1099 suorum
733 1071 884 1107 penetralia
912 1072 981 1099 nihil

190 1117 298 1145 fructus
312 1117 511 1145 transmittant.
531 1115 577 1144 Sic
591 1117 665 1144 enim
688 1116 852 1152 prazcipiunt
868 1117 982 1145 auribus

191 1163 301 1198 quidem
321 1163 428 1195 audire,
450 1163 534 1191 corde
557 1167 649 1191 autem
673 1171 728 1191 non
744 1163 906 1199 intelligere,
931 1171 982 1191 nec

191 1210 326 1237 dictorum
346 1209 572 1245 consequentiam
595 1209 774 1245 perpendere,
801 1209 881 1244 juxta
906 1209 981 1237 illam

190 1256 431 1284 comminationem
445 1265 452 1283 :
474 1265 483 1282 ε
501 1256 604 1283 Auditu
622 1248 751 1288 audiatis,
768 1260 795 1283 et
810 1264 865 1283 non
881 1255 981 1283 intelli-

191 1303 262 1339 gatis
275 1303 309 1329 7°.
331 1313 340 1329 ι
368 1302 552 1336 Quamobrem
577 1302 611 1330 ad
631 1302 697 1330 illud
716 1310 723 1328 :
745 1312 754 1329 ‹
773 1301 892 1330 Verbum
917 1309 982 1330 caro

190 1349 294 1376 factum
319 1349 407 1380 est“,
434 1357 443 1374 ι
469 1348 635 1375 audiendum
662 1348 840 1383 compellunt,
863 1356 914 1376 nec
938 1348 982 1383 pie

189 1394 343 1429 intelligere
368 1394 542 1428 permittunt,
564 1392 644 1428 quasi
673 1393 720 1428 qui
744 1396 907 1428 potestatem
932 1393 982 1420 ha-

190 1439 274 1468 beant
288 1439 422 1475 cujusque
433 1443 551 1467 mentem
564 1439 698 1466 arbitratu
711 1446 761 1467 suo
772 1438 908 1472 trahendi,
925 1446 981 1466 non

191 1486 225 1514 ad
249 1486 276 1514 id
294 1485 366 1522 quod
381 1486 511 1513 decorum
529 1489 556 1512 et
573 1485 640 1513 utile
654 1489 707 1513 est.
729 1484 772 1513 An
793 1484 914 1513 Verbum
931 1492 981 1512 au-

190 1533 276 1565 diam,
303 1541 353 1560 nec
383 1536 579 1567 congruentem
605 1539 715 1560 sensum
742 1531 904 1567 requiram?
929 1530 980 1559 Ubi

190 1578 275 1613 igitur
291 1581 337 1605 aut
352 1578 704 1613 sermonis-consequentia,
721 1582 770 1605 aut
783 1578 918 1606 auditoris
931 1578 981 1605 uti-

190 1625 271 1652 litas?
292 1624 431 1653 Fortassis
453 1628 481 1652 ct
501 1623 537 1652 ad
560 1625 704 1652 brutorum
727 1632 832 1652 morem
854 1624 980 1652 homines

191 1671 292 1698 mutari
307 1671 479 1706 praecipiunt,
498 1670 633 1706 siquidem
657 1671 802 1698 verborum
826 1678 909 1698 sonos
931 1677 980 1698 au—

191 1717 269 1744 ribus
283 1717 394 1753 quidem
408 1717 565 1752 percepturi
587 1721 663 1749 sunt,
684 1724 718 1744 ex
732 1725 815 1745 sensu
830 1725 896 1745 vero
911 1717 979 1744 nihil

191 1761 300 1790 fructus
323 1763 415 1790 animo
434 1762 594 1790 admissuri.
616 1762 676 1790 Non
697 1763 756 1790 haec
768 1762 872 1790 Paulus
885 1763 980 1797 jussit,

191 1808 351 1843 hujusmodi
379 1809 487 1836 ssilieet
506 1816 599 1836 rerum
624 1809 732 1842 doctor,
756 1816 847 1844 neque
868 1809 927 1836 vult
952 1813 981 1836 ut

194 1856 334 1892 quidpiam
349 1856 512 1883 admittatur
534 1856 594 1884 sine
609 1857 717 1884 ratione
739 1861 767 1884 et
786 1856 910 1891 judicio:
933 1857 981 1884 sed

194 1903 352 1938 quomodo?
377 1912 386 1927 ‹
411 1902 598 1930 Pericctorum
624 1908 665 1930 est
688 1903 793 1931 solidus
817 1904 908 1935 cibus,
934 1904 981 1938 qui

193 1954 305 1985 propter
330 1949 454 1977 habitum
475 1956 572 1977 sensus
594 1949 695 1976 habent
716 1949 750 1977 ad
774 1950 840 1977 boni
862 1950 982 1986 malique

193 1995 388 2024 discretionem
404 1995 568 2023 exercitatos
581 1995 614 2022 ⁷².
633 2004 641 2019 ι
661 1995 862 2023 Perfectionem
873 1996 980 2028 suadet,

194 2042 416 2070 exercitationem
432 2041 536 2074 laudat,
548 2041 704 2077 pervigilem
715 2041 781 2069 boni
792 2042 911 2077 malique
925 2043 982 2071 dis-

193 2089 343 2117 cretionem
365 2087 472 2116 suadet.
488 2087 547 2120 Qua
569 2095 635 2123 ergo
661 2088 769 2115 ratione
796 2088 858 2123 quis
881 2088 982 2123 poterit

192 2139 268 2162 recte
292 2134 459 2167 discernere,
487 2134 510 2162 si
533 2134 670 2161 dictorum
693 2134 901 2170 intelligentiam
926 2142 982 2163 non

194 2181 352 2217 acceperit?
371 2180 448 2208 Sicut
460 2181 532 2208 enim
547 2181 594 2216 qui
608 2181 705 2208 morbo
720 2181 845 2216 corporis
862 2181 980 2212 laborat,

193 2234 353 2262 germanum
369 2226 495 2253 ciborum
515 2231 623 2261 gustum
647 2233 701 2254 non
723 2226 873 2262 experitur,
894 2235 983 2263 neque

194 2279 323 2301 accurate
336 2274 451 2309 percipit
463 2274 599 2312 cujusque
613 2275 773 2310 qualitatem
787 2284 794 2309 ;
811 2275 847 2302 ita
862 2279 888 2303 et
899 2275 982 2303 homo

1405 299 1452 326 l'X.

1327 354 1374 378 ας,
1391 344 1436 371 ὅτι
1451 343 1509 378 χρὴ
1530 342 1671 378 δέχεσθαι
1691 340 1745 374 τὰς

1068 376 1140 414 νᾶς,
1161 376 1211 408 καὶ
1231 376 1274 416 μὴ
1294 376 1421 408 mam
1444 376 1480 416 i122
1496 376 1540 416 Δδι’
1557 376 1658 410 αὐτῶν
1680 376 1821 411 σημαινό-

1065 424 1153 451 pera,
1170 417 1210 449 ὡς
1223 414 1359 448 ἅπαντας
1376 414 1604 448 ὑπερϐαίνοντα.

1033 346 1112 380 Πρὸς
1132 345 1204 379 τσὺς
1218 346 1254 373 ,λέ

1068 474 1152 506 Μόλις
1167 473 1318 509 εὑρέθησαν
1331 473 1356 500 οἰ
1372 473 1459 500 πάντα
1471 471 1633 508 ἀνατρέπειν
1657 469 1821 505 ἀγωνιζόμε-

1033 529 1073 547 νοι
1088 520 1121 547 τὰ
1134 520 1190 547 τῶν
1210 519 1377 556 ἀνθρώπων,
1395 519 1442 546 καὶ
1459 517 1653 549 σπουδάζοντες
1673 516 1741 552 μήτε
1761 515 1821 547 τοὺς

1033 570 1193 606 ἀνθρώπους
1209 569 1248 596 ἔτι
1273 569 1397 603 λογικοὺς
1412 567 1567 603 τυγχάνειν,
1584 566 1654 602 μήτε
1670 565 1704 592 τὰ
1722 566 1754 600 τῇ
1772 564 1821 599 φύ-

1034 625 1075 643 σει
1090 616 1159 643 καλά
1176 616 1235 652 μετ’
1258 615 1399 650 ἀκριϐείας
1422 613 1654 649 καταμανθάνειν,
1685 612 1776 643 ἁπλῶς
1794 611 1821 638 δὲ

1034 664 1100 690 πᾶσι
1116 662 1164 690 καὶ⁷
1177 662 1367 698 ἀδοκιμάστως
1380 661 1577 697 συμφέρεσθαι,
1592 661 1624 687 ὲκ
1641 659 1689 686 τοῦ
1702 657 1822 694 δέχεσθαι

1032 709 1082 741 τὰς
1094 709 1148 736 τῶν
1161 708 1240 745 ἱερῶν
1252 708 1349 744 βίϐλων
1361 707 1453 743 φωνὰς
1465 706 1672 737 ἀνεπισκέπτως
1684 705 1730 732 καὶ
1741 705 1822 740 ἀδιορ-

1036 754 1140 787 θώτως,
1167 755 1215 782 κα)¹
1242 754 1279 790 μὴ
1303 754 1374 781 κατὰ
1396 753 1441 781 τὸν
1465 753 1565 788 εὐσεϐῆ
1588 751 1700 783 σκοπὸν,
1720 750 1778 777 καθ’
1795 750 1822 776 ὃν

1033 801 1195 837 ἔρῥὲοησαν.
1209 802 1241 827 Et
1254 801 1308 836 γάρ
1319 809 1372 833 τις,
1382 800 1420 831 ὡς
1434 799 1589 830 ἐκέλευσαν,
1607 798 1646 833 μὴ
1664 796 1776 831 σκοποίη
1790 796 1822 822 τὰ

1032 847 1067 874 δι’
1088 847 1177 874 αὐτῶν
1194 847 1392 882 σημαινόμενα,
1409 844 1502 876 ἁπλῶς
1518 844 1546 871 δὲ
1569 844 1617 870 καὶ
1636 841 1822 872 ἀϐασανίστως

1032 893 1126 920 ἀκούοι
1138 893 1191 919 τῶν
1204 892 1356 928 λεγομένων
1368 900 1375 908 ·
1394 891 1516 918 λείπεται
1532 890 1579 917 καὶ
1590 890 1654 921 τοὺς
1672 889 1822 924 προφήτας,

1033 939 1156 971 καὶτοὺς
1171 938 1336 970 ἀποστόλους
1353 938 1440 974 μάτην
1459 938 1518 969 ταῖς
1543 937 1638 968 ἀκοαῖς
1651 936 1766 971 ἐνηχεῖν,
1780 933 1823 960 καὶ

1034 985 1124 1012 πάντα
1142 985 1219 1019 λόγον
1243 984 1368 1019 ἀνωφελῆ
1387 984 1434 1010 καὶ
1456 983 1636 1019 ἀνενέργητον
1661 981 1761 1017 μένειν,
1778 979 1822 1006 καὶ

1033 1033 1096 1064 τοὺς
1110 1031 1258 1063 ἀκούοντας
1278 1030 1411 1066 μηδεμίαν
1430 1030 1521 1065 ὖνησιν
1539 1030 1578 1060 εἰς
1591 1029 1626 1056 τά
1643 1028 1754 1063 ταμιεῖα
1769 1026 1820 1053 τῶν

1033 1078 1150 1114 καρδιῶν
1163 1077 1371 1114 παραπέμπειν.
1389 1075 1468 1103 Οὕτω
1483 1076 1537 1111 γὰρ
1551 1075 1749 1111 προστάττουσι
1768 1072 1821 1102 τοῖς

1033 1126 1084 1160 μὲν
1099 1124 1165 1151 ὠσὶν
1180 1123 1299 1157 ἀκούειν,
1311 1125 1343 1158 τῇ
1356 1123 1385 1150 δὲ
1401 1122 1499 1158 καρδίᾳ
1513 1122 1550 1158 μὴ
1563 1121 1694 1153 συνιέναι,
1711 1121 1777 1155 μήτε
1792 1118 1821 1145 τὸ

1032 1171 1177 1199 ἀκόλουθον
1190 1170 1245 1197 τῶν
1258 1170 1412 1205 λεγομένων
1425 1170 1548 1201 σκοπεῖν,
1561 1168 1634 1196 κατὰ
1648 1168 1697 1203 τὴν
1710 1167 1823 1202 φάσκου-

1033 1226 1082 1244 σαν
1095 1217 1208 1253 ἀπειλήν
1217 1225 1224 1232 ⁸
1246 1226 1256 1242 ι
1268 1217 1349 1252 Ἀκοῇ
1364 1216 1509 1251 ἀκούσητε,
1523 1215 1571 1242 καὶ
1583 1215 1614 1241 οὐ
1635 1214 1673 1250 μὴ
1688 1214 1819 1248 συνιῆτε.»

1032 1264 1082 1291 Διά
1096 1263 1176 1290 τοῦτο
1195 1263 1242 1290 καὶ
1253 1263 1293 1296 τὸ,
1314 1272 1324 1289 ι
1346 1263 1376 1290 Ὀ
1392 1262 1478 1297 Λόγος
1492 1261 1560 1297 σὰρξ
1574 1261 1696 1296 ἐγένετο,
1717 1271 1726 1286 ι
1744 1259 1822 1287 ἀκού-

1031 1319 1072 1337 ειν
1087 1310 1136 1346 μὲν
1162 1309 1254 1342 ἁπλῶς
1273 1309 1467 1344 ἀναγκάζουσι,
1490 1309 1561 1335 νοεῖν
1581 1308 1610 1334 δὲ
1639 1308 1757 1339 εὐσεϐῶς
1775 1307 1822 1333 οὐκ

1031 1356 1073 1383 ἔτι
1094 1356 1295 1392 ἐπιτρέπουσιν,
1313 1355 1408 1391 ὥσπερ
1430 1355 1554 1388 ἐξουσίαν
1576 1353 1686 1390 ἔχοντες
1699 1353 1746 1389 τὴν
1761 1353 1822 1379 ἑκά-

1033 1410 1097 1430 στου
1112 1402 1232 1429 διάνοιαν
1247 1401 1315 1440 προς
1329 1401 1360 1428 τὸ
1375 1401 1469 1429 δοκοῦν
1483 1401 1574 1432 αὐτοῖς
1587 1401 1690 1433 ἕλκειν,
1713 1400 1742 1426 οὐ
1757 1406 1821 1434 προς

1031 1449 1062 1476 τὺ
1075 1448 1180 1484 πρέπον
1202 1448 1292 1475 καὶτὸ
1316 1448 1464 1484 συμφέρον.
1482 1447 1603 1475 Ἀκούσω
1626 1447 1673 1474 τοῦ
1696 1447 1820 1482 ῥήματος,

1031 1495 1078 1522 καὶ
1092 1494 1129 1531 μὴ
1154 1494 1264 1531 ζητήσω
1282 1494 1313 1521 τὸ
1330 1494 1467 1529 εὐπρεπὲς
1486 1494 1533 1521 τοῦ
1558 1494 1751 1530 φρονήματος;
1769 1491 1821 1518 Ποῦ

1031 1539 1077 1568 οὖν
1091 1541 1108 1577 ἦ
1127 1540 1169 1568 τοῦ
1182 1540 1261 1575 λόγου
1278 1541 1309 1568 τὸ
1322 1540 1477 1572 ἀκόλουθον,
1494 1539 1509 1574 ἦ
1530 1540 1576 1566 τοῦ
1594 1539 1740 1570 ἀκούοντος
1755 1536 1822 1572 ὠφέ-

1030 1585 1129 1621 λιμον;
1150 1585 1226 1621 Τάχα
1254 1585 1301 1612 καὶ
1323 1584 1391 1621 πρὸς
1416 1584 1520 1618 ἀλόγων
1545 1583 1614 1617 ἕξεις
1651 1582 1820 1620 μεθίστασθαι

1031 1633 1095 1663 τοὺς
1108 1630 1267 1667 ἀνθρώπους
1291 1631 1515 1667 προστάττουσιν,
1539 1630 1618 1666 εἴπερ
1645 1630 1762 1666 μέλλοιεν
1777 1627 1821 1663 ψό-

1032 1686 1082 1712 φον
1097 1677 1146 1712 μὲν
1163 1677 1293 1712 ῥημάτων
1312 1675 1345 1712 τῇ
1362 1677 1430 1712 ἀκοῇ
1444 1675 1577 1711 δέχεσθαι,
1605 1676 1703 1712 κέρδος
1719 1674 1746 1701 δὲ
1764 1682 1820 1709 νοη-

1033 1724 1126 1759 μάτων
1139 1723 1222 1759 μηδὲν
1238 1725 1272 1758 τῇ
1286 1723 1359 1758 ψυχῇ
1376 1723 1543 1759 προσίεσθαι.
1560 1723 1615 1757 Οὐχ
1634 1722 1705 1749 οὕτω
1722 1720 1820 1751 Παῦλος

1032 1771 1097 1805 ἡμῖν
1116 1769 1320 1805 παρεγγύησεν,
1334 1770 1348 1796 ὁ
1360 1769 1414 1795 τῶν
1428 1768 1555 1796 τοιούτων
1577 1768 1750 1799 διδάσκαλος·
1763 1765 1819 1793 οὐδὲ

1034 1816 1157 1852 μετέχειν
1171 1816 1244 1847 τινὸς
1266 1815 1372 1849 ἀλόγως
1393 1815 1441 1842 καὶ¹
1458 1815 1624 1850 ἀδιακρίτως
1643 1815 1697 1841 δεῖν
1717 1812 1818 1847 ἀπεφή-

1032 1871 1112 1889 νατο·
1133 1862 1200 1889 ἀλλὰ
1220 1862 1297 1895 πῶς;
1316 1871 1325 1887 ‹
1347 1861 1463 1889 Τελείων
1486 1861 1560 1888 ἐστὶν
1580 1861 1597 1897 ἡ
1616 1860 1716 1896 στερεά
1737 1858 1817 1895 τροφὴ

1033 1908 1087 1934 τῶν
1102 1907 1147 1934 διὰ
1162 1907 1211 1942 τὴν
1225 1906 1282 1939 ἕξιν
1291 1906 1326 1933 τὰ
1341 1906 1504 1942 αἰσθητήρια
1518 1906 1732 1942 γεγυμνασμένα
1746 1903 1817 1940 ἐχόν-

1033 1962 1087 1980 των
1104 1953 1172 1988 πρὸς
1196 1952 1331 1988 διάκρισιν
1352 1951 1435 1979 κα.λοῦ
1455 1960 1485 1978 τε
1499 1952 1546 1979 καὶ
1570 1952 1668 1979 κακοῦ,
1687 1961 1696 1977 ι
1718 1947 1818 1976 Τελειό-

1033 2006 1103 2033 τητα
1127 1996 1337 2029 συνεϐούλευσε,
1358 1996 1511 2032 γυμνασίαν
1533 1996 1666 2032 ἐπῄνεσε,
1689 1995 1817 2030 διάκρισιν

1034 2044 1170 2070 ποιεῖσθαι
1183 2043 1312 2080 νηφάλιον
1326 2042 1409 2070 καλοῦ
1421 2051 1450 2069 τε
1462 2042 1508 2069 καὶ
1522 2042 1608 2069 κακοῦ
1620 2041 1815 2069 συνεϐούλευσε.

1035 2090 1098 2122 Πῶς
1106 2088 1152 2118 οὖν
1164 2090 1197 2117 ἀν
1212 2099 1253 2122 τις
1264 2091 1400 2126 διακρῖναι
1415 2089 1504 2121 καλῶς
1515 2089 1652 2125 δυνηθείη,
1668 2088 1704 2124 μὴ
1719 2085 1817 2122 λαμϐά-

1034 2145 1087 2163 νων
1101 2136 1156 2162 τῶν
1168 2135 1322 2171 λεγομένων
1338 2135 1445 2162 σύνεσιν
1457 2143 1464 2167 ;
1480 2135 1585 2170 Ὥσπερ
1598 2135 1654 2169 γὰρ
1667 2135 1681 2160 ό
1695 2130 1816 2167 καχεξίαν

1035 2181 1119 2208 νοσῶν
1132 2180 1208 2215 ἐντῷ
1226 2180 1342 2216 σώματι,
1358 2180 1407 2215 οὐχ
1427 2179 1548 2215 εὑρίσκει
1564 2180 1678 2215 γνησίαν
1695 2178 1747 2205 τῶν
1768 2175 1817 2201 ἐδε-

1036 2227 1146 2263 σμάτων
1161 2227 1212 2262 τὴν
1234 2227 1349 2253 ἑκάστου
1370 2226 1501 2262 ποιότητα
1511 2235 1518 2241 -
1532 2226 1605 2252 οὓτω
1623 2226 1671 2252 καὶ
1682 2223 1817 2258 ἄνθρωπος

1034 2273 1196 2308 ἀγύμναστα
1210 2272 1279 2308 ἔχων
1293 2273 1326 2298 ὲκ
1351 2272 1487 2307 ῥᾳθυμίας
1501 2271 1517 2307 ἢ
1537 2270 1646 2306 ἀλογίας
1659 2270 1693 2297 τὰ
1706 2269 1753 2303 τῆς
1768 2267 1816 2301 ψυ-

193 2320 240 2354 qui
255 2319 312 2347 sive
324 2328 356 2347 ex
372 2320 491 2356 ignavia,
509 2321 567 2348 sive
582 2328 616 2348 ex
631 2320 716 2348 animi
733 2324 856 2356 stupore,
872 2321 981 2349 inexer-

1034 2320 1085 2356 χῆς
1098 2318 1272 2355 αἰσθητήρια,
1281 2317 1391 2353 γεύεται
1413 2318 1462 2354 μὲν
1478 2318 1575 2352 λόγων,
1594 2318 1645 2344 οὐκ
1666 2315 1816 2343 αἰσθάνεται

193 2367 293 2394 citatos
305 2366 387 2393 habet
399 2366 483 2393 animi
496 2374 605 2399 sensus,
621 2366 747 2402 degustat
759 2367 869 2402 quidem
881 2367 982 2401 verba;

194 2412 243 2439 sed
258 2419 309 2439 nec
324 2419 418 2439 eorum
430 2412 486 2439 vim
501 2412 595 2444 sentit,
611 2420 662 2440 nec
675 2413 871 2448 cogitationum
882 2420 984 2449 cogno-

194 2458 248 2485 scit
267 2457 400 2485 rationem
418 2468 425 2486 :
443 2465 475 2485 ac
497 2465 574 2486 more
588 2457 733 2486 brutorum
751 2458 833 2486 stulte
847 2459 939 2486 omnia
955 2462 984 2486 et

193 2502 304 2530 incaute
317 2503 447 2535 admittit,
459 2502 593 2531 damnosa
608 2507 636 2531 et
648 2503 735 2537 utilia,
749 2507 779 2530 ut
793 2510 823 2531 se
836 2503 905 2531 forte
918 2503 984 2531 otl‘e-

194 2553 269 2581 runt,
282 2549 431 2584 recipiens,
447 2556 499 2577 nec
513 2549 624 2577 mundis
635 2549 745 2584 quidem
757 2549 923 2577 animalibus
934 2557 984 2576 an-

194 2595 334 2622 numerari
358 2598 448 2630 potest
470 2603 477 2620 :
506 2595 606 2631 quippe
631 2595 678 2630 qui
700 2602 754 2622 non
771 2595 906 2626 ruminet,
931 2601 983 2622 nec

194 2641 393 2667 comminutum
410 2640 572 2668 rationalem
593 2640 686 2668 cibum
712 2640 740 2667 in
755 2640 914 2668 interiorem
929 2640 981 2667 ho-

194 2686 295 2713 minem
321 2686 505 2719 transmittat;
528 2686 578 2714 sed
607 2686 773 2722 indigestum
799 2686 876 2714 illum
899 2690 981 2722 atque

194 2731 376 2766 incongruum
404 2733 541 2765 absumat,
565 2733 712 2768 potiusque
732 2733 925 2760 detrimentum
946 2740 979 2760 ex

193 2778 259 2805 vitio
271 2778 382 2805 demissi
396 2779 462 2810 cibi,
475 2787 556 2814 quam
571 2779 637 2814 quid
650 2779 715 2807 boni
731 2778 765 2806 ad
781 2778 864 2806 vitam
879 2779 980 2806 conﬁr-

227 2856 251 2872 ⁷ο
271 2855 322 2883 lsa.
339 2864 382 2890 vt,
400 2856 426 2884 9.
465 2858 486 2873 ⁷¹
506 2856 584 2885 Joan.
603 2866 629 2891 ι,
648 2858 692 2886 M.
730 2859 751 2874 τ’
771 2857 853 2885 ilc'br.
873 2867 898 2891 v,
920 2858 960 2886 Η.

1032 2366 1061 2392 δὲ
1071 2366 1120 2401 τῆς
1134 2365 1237 2392 τούτων
1251 2365 1401 2400 δυνάμεως,
1413 2364 1473 2391 οὐδὲ
1490 2363 1618 2399 γινώσκει
1631 2363 1680 2398 τὴν
1691 2361 1744 2388 τῶν
1758 2367 1816 2393 νοη-

1035 2411 1128 2447 μάτων
1151 2411 1283 2447 ποιότητα
1296 2420 1302 2426 ·
1322 2411 1430 2452 μετέχει
1454 2411 1482 2438 δὲ
1507 2411 1614 2437 πάντων
1636 2409 1754 2443 ἀνοήτως
1772 2403 1816 2452 καὶ

1033 2457 1197 2492 ἀφυλάκτως
1212 2457 1291 2493 δίκην
1304 2457 1418 2491 ἀλόγων,
1433 2456 1462 2484 τὺ
1479 2456 1596 2492 βλάπτον
1619 2455 1664 2482 καὶ
1681 2450 1816 2486 τὸ,ὡφέλι-

1035 2512 1096 2539 μον,
1113 2504 1150 2535 ὡς
1171 2503 1260 2538 ἔτυχε,
1284 2503 1473 2539 προσιέμενος,
1490 2502 1537 2528 καὶ
1560 2500 1626 2536 μηδὲ
1651 2500 1678 2525 ἐν
1693 2494 1815 2539 καθαροῖς

1034 2537 1208 2585 ἀριθμεῖσθαι
1218 2537 1298 2581 ζώοις
1308 2537 1472 2583 δυνάμενος-
1488 2546 1526 2578 ὡς
1540 2546 1570 2572 οὐ
1587 2544 1750 2581 μηρυκίζων,
1770 2537 1814 2566 καὶ

1034 2594 1236 2631 λεπτυνομὲνην
1253 2595 1301 2630 τὴν
1320 2593 1430 2629 λογικὴν
1449 2592 1552 2628 τροφὴν
1574 2590 1764 2627 παραπέμπων
1777 2585 1814 2631 εἰς

1033 2641 1079 2668 τὸν
1103 2629 1157 2668 ἔσω
1185 2629 1338 2676 ἄνθρωπον,
1359 2640 1417 2667 ἀλλ’
1432 2639 1643 2675 ,ἀκατέργαστον
1667 2634 1747 2669 αὐτὴν
1769 2629 1813 2676 κξιὶ

1033 2686 1218 2722 ἀκατάλληλον
1238 2675 1405 2718 ἀναλίσκων,
1429 2684 1529 2721 μᾶλλον
1548 2683 1577 2710 δὲ
1600 2681 1699 2718 βλάϐην
1722 2680 1753 2705 ἐκ
1766 2675 1812 2709 τῆς

1033 2733 1098 2769 περὶ
1113 2733 1162 2768 τὴν
1179 2732 1282 2768 πέμψιν
1297 2731 1486 2768 πλημμελείας
1498 2731 1515 2766 ἡ
1537 2738 1597 2757 τινα
1609 2728 1675 2764 πρὸς
1690 2725 1811 2769 σύσταεξιν

1033 2767 1105 2814 icui];
1126 2778 1285 2815 εὐεργεσίαν
1304 2779 1457 2814 δεχόμενος.
1480 2778 1514 2804 Ἦ
1537 2776 1579 2808 τίς
1600 2775 1649 2802 οὐκ
1671 2770 1748 2803 οἶδεν,
1771 2767 1810 2796 θη
