1926 3068
91 115 176 145 1363

517 116 808 145 CONFUTATIONES
827 118 1047 151 QUARUMDAM
1067 116 1359 146 PROPOSITIONUM.

1659 119 1730 147 1566

91 176 151 204 καὶ
172 176 217 202 τὸν
234 174 370 210 κληθέντα
383 175 499 202 δειπνεῖν
522 176 568 202 ἐπὶ
590 176 729 212 τραπέζης
750 177 892 210 δυνάστου,

945 178 1072 206 mandam
1088 178 1230 213 percipiat.
1248 177 1301 204 Aut
1324 177 1387 212 quis
1404 177 1512 212 ignorat
1540 184 1601 204 eum
1617 177 1664 212 qui
1680 187 1730 206 vo-

92 222 208 259 νοητῶς
228 223 260 249 τὰ
279 222 487 258 παρατιθέμενα
504 224 573 249 νοεῖν
593 223 767 257 ἐγκελεύεται
787 225 801 250 ό
825 223 896 256 θεῖος

93 270 206 305 νόμος;
226 268 319 300 Οὕτως
330 268 359 294 οὐ
380 269 420 295 δεῖ
438 269 528 304 γυμνὰ
551 269 693 305 νοημάτων
708 270 839 306 ἁρπάζειν
860 270 896 297 τὰ

95 316 227 351 ῥήματα,
253 316 363 342 σκοπεῖν
385 315 413 341 δέ
437 315 575 350 ἐπιμελῶς
589 315 618 342 τὸ
642 315 748 352 πρέπον
774 316 842 352 Θεῷ,
865 317 895 344 τδ

95 361 245 396 συμφέρον
260 361 335 396 ἡμῖν,
349 360 379 387 τὸ
392 361 502 388 δυνατὸν
516 361 566 397 τῆς
582 361 720 397 ἀληθείας,
736 362 766 388 τὸ
782 362 894 397 σύμφω-

93 417 148 435 νον
168 408 206 443 τῷ
223 408 307 443 νόμῳ,
329 407 360 434 τὸ
380 406 544 442 κατάλληλον
565 408 597 442 τῇ
618 407 708 441 φύσει,
733 408 763 434 τὸ
785 408 894 443 γνήσιον

93 453 154 489 τῆς
172 454 299 486 πίστεως,
327 453 356 480 τὸ
373 453 481 488 βέϐαιον
500 453 550 488 τῆς
569 453 674 485 ἐλπίδος
691 454 737 480 καὶ
753 453 894 480 ἀνόθευτον

93 500 153 533 τῆς
176 500 297 535 ἀγάπης,
314 499 344 526 τὸ
362 499 521 536 ἀνύϐριστον
543 499 594 534 τῆς
616 500 705 535 δόξης,
725 499 755 526 τὸ
773 500 895 536 κρεῖττον

94 545 150 573 τοῦ
178 546 292 580 φθόνου,
317 545 346 572 τὸ
375 546 424 581 τῆς
449 546 559 581 χάριτος
585 545 678 579 ἀξιον·
703 546 781 573 ἅτινα
807 546 896 572 πάντα

96 590 213 617 σύνεστι
227 591 275 626 μὲν
285 592 344 622 ταῖς
356 591 494 618 εὐσεϐέσιν
506 591 630 624 ἐννοίαις,
642 590 733 623 καθὼς
743 592 894 628 ἐγνωρίσθη

95 636 149 662 καὶ
170 636 216 662 ἐπὶ
234 635 291 666 τοῦ,
308 645 316 661 ι
342 636 370 662 '0
385 636 470 670 Λόγος
485 635 553 672 σὰρξ
570 636 694 670 ἐγένετο·
717 645 727 662 ι
745 636 833 662 λείπει
855 636 893 669 δὲ,

94 681 139 713 ὡς
160 681 245 713 εἰκὸς,
271 683 332 713 ταῖς
353 681 464 713 ἀτόποις
482 681 678 717 καινοτομίαις,
706 681 751 708 ἐπὶ
770 681 896 713 τοιαύτας

97 725 297 760 ματαιολογίας
313 725 341 758 ἐξ
353 725 475 762 ἀνάγκης
487 725 730 760 καταφευγούσαις.
742 726 895 761 Κεφάλαιον

95 770 127 796 δέ
147 772 194 798 ἐπὶ
217 773 272 803 τοῖς
289 771 456 806 λεγομένοις,
476 772 491 798 ὁ
509 771 558 803 τὰς
577 772 662 804 λέξεις
682 772 825 807 δεχόμενος
849 773 896 799 καὶ

98 817 141 852 μὴ
161 817 378 852 καταμανθάνων
402 818 437 844 τά
458 818 655 853 σημαινόμενα,
667 818 727 849 πῶς
750 819 840 854 νοήσει
860 817 895 844 τὰ

98 862 237 897 μάχεσθαι
249 862 377 898 ,ἀλλήλοις
392 863 520 891 δοκοῦντα
533 863 603 890 κατά
616 863 647 889 τὸ
659 864 817 899 πρόχειρον;
832 864 894 895 Πῶς

97 907 215 942 εὑρήσει
229 907 278 942 τὴν
289 909 462 943 ἁρμόζουσαν
478 908 570 942 λύσιν;
585 909 646 941 Πῶς
662 910 804 944 ἀτώκρισιν
814 908 893 935 δώσει

96 955 157 985 τοῖς
172 954 313 989 ἐπερωτᾷν
330 953 517 989 βουλομένοις;
534 955 596 986 Πῶς
610 954 720 990 φυλάξει
732 955 762 981 τὸ
773 963 894 990 γεγραμ-

99 998 201 1034 μένον
222 1009 231 1024 ι
251 999 287 1026 Τὸ
309 999 408 1026 εἰδέναι
422 1000 481 1032 πῶς
497 1000 537 1027 δεῖ
556 1001 629 1036 ἡμᾶς
644 1001 683 1027 ἐνὶ
701 1001 807 1036 ἑκάστῳ
827 1002 894 1028 ἀπο-

99 1044 248 1080 κρίνεσθαι
259 1053 266 1078 ;
289 1054 298 1071 ι

475 1190 500 1218 Χ

101 1235 183 1270 Πρὸς
204 1234 275 1269 τοὺς
300 1235 472 1298 λιεξλγνοντιῑιςέ¹
497 1237 625 1299 Ἕῗαθεν
651 1239 668 1264 ὁ
697 1238 769 1270 Θεὸς
800 1238 894 1272 Λόγος

472 1280 528 1299 tum
545 1292 552 1299 .

511 1281 552 1299 κι.

451 1280 552 1306 caput.

138 1316 294 1352 Θαυμάζειν
316 1317 405 1345 ἔπεισί
428 1327 485 1354 μοι,
505 1318 574 1352 πῶς,
597 1318 740 1350 τοσούτους
761 1328 894 1356 νεωτερι-

103 1363 190 1397 σμοὺς
203 1363 393 1398 ἐπεισάγοντες
402 1365 426 1391 οἱ
437 1365 491 1392 τῶν
506 1365 605 1392 καινῶν
616 1365 758 1401 δογμάτων
773 1366 892 1400 εὑρεταὶ,

101 1407 185 1442 κόρον
197 1407 289 1434 λαϐεῖν
307 1409 355 1444 τῆς
365 1409 492 1445 τοιαύτης
507 1410 682 1446 καινοτομίας
694 1411 744 1437 οὐκ
760 1411 893 1447 ἠδυνήθη-

103 1462 154 1480 σαν
161 1463 168 1469 ·
180 1454 248 1482 ἀλλά
260 1455 286 1481 εἴ
294 1465 320 1482 τι
333 1455 406 1488 ξένον
416 1458 532 1484 ἐπινοεῖν
542 1457 608 1492 πρὸς
618 1457 725 1492 ἀπάτην
735 1457 789 1484 τῶν
797 1457 893 1484 ἁπλου-

103 1501 207 1536 στέρων
224 1502 417 1535 νεανιεύονται,
433 1500 488 1530 οἷον
499 1504 546 1530 καὶ
558 1504 589 1530 τὸ
602 1504 780 1540 προκείμενον
793 1504 840 1531 νῦν
852 1505 891 1536 είς

947 229 1025 252 catus
1038 225 1073 252 sit
1091 228 1227 251 ctenatum
1244 223 1278 250 ad
1298 231 1420 250 mensam
1441 224 1589 258 magnatis,
1609 232 1669 260 qum
1683 233 1730 261 ap-

946 271 1034 306 posita
1050 275 1113 298 sunt
1128 270 1306 305 spiritualiter
1319 270 1493 297 considerare
1505 270 1594 304 iuberi
1609 278 1623 297 a
1639 271 1731 299 divina

946 317 1023 352 lege?
1036 316 1168 344 Similiter
1178 320 1204 344 et
1217 316 1300 344 verba
1316 323 1398 343 sensu
1413 315 1485 342 nuda
1501 316 1660 350 abripienda
1675 325 1731 344 non

946 368 1021 395 sunt,
1039 363 1087 391 sed
1109 366 1235 390 accurate
1252 361 1482 389 considerandum
1499 361 1564 395 quid
1581 361 1666 389 Deum
1683 362 1730 390 dc-

947 412 1018 442 eeat,
1033 407 1099 443 quid
1111 407 1190 435 nobis
1203 407 1349 439 conducat,
1363 406 1472 445 quaesit
1483 407 1524 434 vis
1536 406 1669 439 veritatis,
1682 408 1730 442 qui

946 461 1097 481 consensus
1114 453 1142 480 in
1158 453 1226 488 lege,
1242 451 1308 488 quid
1321 456 1426 479 naturae
1436 459 1602 487 congruens,
1617 460 1678 487 quae
1693 453 1730 480 sit

945 506 1075 534 germana
1099 499 1177 531 ﬁdes,
1203 506 1263 533 quae
1285 506 1348 533 spes
1369 499 1457 530 ﬁrma,
1483 505 1543 533 quae
1565 498 1731 526 inviolabilis

946 545 1089 572 charitatis
1106 545 1263 578 sinceritas,
1279 552 1339 579 qua!
1357 544 1392 571 sit
1410 544 1497 580 gloria
1513 544 1596 572 nullis
1611 544 1730 572 obnoxia

946 591 1131 623 contumeliis,
1146 591 1211 626 quid
1227 591 1262 618 sit
1274 591 1375 618 invidia
1386 590 1524 625 superius,
1540 598 1601 626 quae
1611 590 1729 626 dignitas

945 639 1059 672 gratiae:
1079 645 1139 672 qua:
1159 637 1250 665 omnia
1266 636 1318 672 piis
1334 635 1444 671 quidem
1468 635 1563 662 insunt
1584 636 1730 671 cogitatio-

945 683 1036 715 nibus,
1055 687 1084 710 ut
1099 683 1127 710 in
1140 682 1321 717 explicatione
1334 681 1410 714 dicti,
1438 690 1447 706 ι
1466 681 1582 708 Verbum
1600 689 1664 709 caro
1685 681 1728 708 fa-

945 730 1018 753 ctum
1031 729 1083 759 est,
1105 736 1114 752 ι
1135 726 1363 761 explanavimus;
1388 725 1435 753 sed
1454 725 1554 753 desunt
1578 726 1680 755 scilicet
1699 725 1730 758 in

945 772 1072 800 absurdis
1086 772 1140 799 illis
1157 771 1391 805 innovationibus,
1406 779 1466 807 qua:
1480 771 1514 799 ad
1530 772 1665 807 ejusmodi
1680 779 1727 800 va-

945 817 1141 852 niloquentiam
1159 817 1317 844 necessario
1332 818 1500 853 confugiunt.
1521 818 1633 845 Summa
1648 819 1730 854 hujus

909 855 931 885 B
944 860 1076 888 orationis
1090 865 1132 887 est
1148 870 1153 887 :
1171 861 1218 895 qui
1237 860 1372 890 dictiones
1393 862 1506 896 excipit,
1522 870 1573 890 nec
1592 863 1729 898 signiﬁca-

943 906 1044 934 tionem
1059 913 1154 934 earum
1176 906 1284 939 ediscit,
1300 907 1347 942 qui
1363 907 1495 942 intelliget
1511 915 1543 935 ea
1566 916 1626 943 quae
1641 909 1730 944 primo

944 952 1042 980 intuitu
1058 952 1130 980 inter
1144 960 1173 980 se
1191 960 1314 988 pugnare
1335 953 1480 981 videntur?
1504 953 1646 986 Quomodo
1662 962 1730 982 con-

942 1002 1085 1034 gruentem
1103 998 1222 1025 inveniet
1237 998 1421 1026 solutionem?
1436 998 1496 1032 Quo
1511 1003 1592 1034 pacto
1610 1000 1729 1027 interro-

930 1043 1070 1081 ‘gantibus
1104 1044 1300 1079 respondebit?
1326 1043 1468 1077 Quomodo
1498 1044 1636 1072 custodiet
1663 1045 1730 1071 illud

943 1090 1017 1125 quod
1031 1090 1165 1125 scriptum
1182 1094 1225 1118 est
1240 1099 1246 1117 :
1264 1098 1274 1115 ι
1293 1088 1370 1117 Scire
1387 1089 1524 1125 quomodo
1538 1093 1663 1125 oporteat
1678 1098 1730 1118 nos

945 1135 1092 1171 unicuique
1104 1134 1270 1171 respondere
1281 1135 1322 1162 7’?
1338 1144 1348 1161 ι

1319 1191 1354 1218 Χ.

943 1237 1075 1265 Adversus
1099 1246 1142 1265 eos
1158 1238 1203 1273 qui
1227 1237 1330 1269 dicunt,
1347 1236 1449 1264 Passus
1463 1243 1502 1264 est
1523 1237 1592 1265 Deus
1620 1238 1731 1266 Verbum

1293 1281 1382 1300 carne.

979 1317 1072 1346 Mirari
1086 1319 1160 1346 subit
1175 1326 1236 1354 qua:
1258 1326 1344 1347 causa
1370 1319 1406 1346 sit
1423 1327 1474 1347 cur
1486 1323 1526 1346 tot
1537 1323 1564 1347 et
1577 1323 1668 1346 tantas
1686 1320 1730 1347 in--

943 1364 1059 1392 duentes
1070 1365 1217 1397 novitates,
1235 1365 1411 1393 insolentium
1427 1365 1584 1400 dogmatum
1606 1366 1730 1392 invento-

943 1417 988 1438 res
995 1410 1130 1437 nullarum
1140 1417 1231 1438 rerum
1241 1411 1429 1438 novandarum
1439 1411 1552 1438 satietas
1559 1411 1670 1446 ceperit;
1682 1412 1730 1439 sed

943 1455 967 1484 si
978 1456 1042 1491 quid
1052 1456 1173 1484 insolens
1184 1461 1236 1488 est,
1249 1457 1315 1484 illud
1326 1457 1480 1492 petulanter
1494 1457 1527 1484 ad
1548 1457 1730 1492 simpliciores

943 1502 1195 1530 circumveniendos
1202 1507 1366 1538 proponunt,
1374 1504 1453 1538 quale
1462 1503 1641 1538 estquodjam
1650 1503 1729 1530 nobis

102 1544 236 1578 ἐξέτασιν-
257 1556 266 1572 ι
289 1547 408 1573 Ἐπαθεν
420 1548 434 1574 ὀ
449 1547 516 1579 Θεὸς
527 1548 612 1582 Λόγος
625 1539 716 1583 σαρκί.
730 1558 739 1574 ι
755 1549 839 1576 Πάλιν
851 1550 893 1576 ἐν-

944 1546 1023 1582 503
1040 1547 1245 1582 diSquirendum
1261 1548 1437 1583 proponitur:
1451 1558 1460 1573 ε
1481 1547 1583 1575 Passus
1598 1551 1641 1575 est
1657 1547 1729 1575 Deus

103 1590 191 1618 ταῦθα
204 1591 271 1619 πολὺ
287 1593 336 1627 μὲν
350 1593 380 1619 τὺ
392 1593 499 1628 ἄλογον,
515 1594 583 1621 πολὺ
596 1594 624 1620 δὲ
640 1595 671 1621 τὸ
684 1594 793 1622 ἄτοπον.
817 1595 891 1622 Ἀλο-

104 1637 165 1672 γίας
183 1638 232 1673 μὲν
248 1638 301 1674 γὰρ
316 1639 347 1666 τὸ
362 1639 461 1673 λέγειν,
476 1640 567 1675 ἕτερον
583 1641 669 1677 ἐτέρῳ
685 1641 816 1676 πάσχειν-
830 1641 893 1668 ἀτο-

105 1684 170 1715 πίας
184 1684 212 1710 δὲ
228 1685 267 1717 τὸ,
280 1695 289 1711 ι
306 1685 425 1713 Ἔπαθεν
441 1687 455 1713 6
471 1687 567 1721 Λόγος.
580 1696 590 1713 ι
605 1687 692 1723 ’Ὅπερ
706 1687 808 1722 γυμνὸν
825 1696 892 1724 προ-

105 1731 284 1767 καλύμματος
309 1734 394 1760 εἰπεῖν
429 1734 458 1760 οὺ
486 1734 655 1770 τολμῶντες,
695 1736 834 1771 ἐπήγαγον
863 1735 894 1762 τὸ

109 1787 118 1802 ι
139 1778 230 1813 σαρκὶ,
250 1788 260 1804 ι
278 1778 405 1815 καθάπερ
427 1780 573 1815 πρόσωπον
592 1780 704 1816 αἰσχρὸν
718 1780 748 1807 τὸ
771 1780 893 1817 ἀπρεπὲς

105 1822 154 1849 τοῦ
177 1825 349 1859 φρονήματος
363 1825 464 1861 δολερῷ
477 1826 640 1862 προσωπείῳ
654 1826 846 1859 καλύπτοντες.
861 1827 893 1853 Et

105 1870 120 1895 6
135 1870 220 1905 Λόγος
236 1870 346 1904 ἔπαθεν,
364 1872 452 1907 ἐαυτῷ
466 1872 565 1898 ἔπαθεν
575 1880 581 1887 ·
595 1872 619 1898 εἰ
634 1872 663 1898 δὲ
679 1871 772 1908 ἕτερον
791 1873 820 1899 τὸ
838 1881 892 1899 πα-

106 1915 161 1947 θὸν,
172 1916 248 1943 οὐδὲν
264 1917 332 1952 πρὸς
347 1917 392 1944 τὸν
408 1918 504 1951 Λόγον,
518 1917 542 1943 εί
561 1917 597 1952 μὴ
613 1917 680 1953 μόνη
696 1918 712 1952 ἡ
733 1917 811 1953 ὕϐρις
824 1918 894 1945 κατὰ

106 1962 244 1997 ἀναφορὰν
265 1962 312 1989 τοῦ
337 1963 486 1998 πάσχοντος
505 1962 629 1997 σώματος
643 1963 682 1994 είς
693 1963 739 1989 τὸν
756 1962 893 1998 ἡνωμένον

106 2007 291 2042 ἀνατρέχουσα
304 2008 399 2042 Λόγον.
417 2008 453 2034 Τὸ
469 2007 496 2033 δέ
515 2007 614 2041 λέγειν,
634 2017 644 2033 ι
666 2007 694 2034 ὐ
710 2007 794 2042 Λόγος
808 2007 893 2034 ἔπαθε

108 2053 198 2088 σαρκὶ,
216 2063 225 2079 ι
238 2053 371 2088 ἄγραφον,
380 2054 522 2085 ἀνοίκειον,
535 2053 695 2086 ἀσύστατον,
704 2053 892 2081 ἀνακόλουθον.

113 2098 179 2124 Ἀλλ’
202 2098 297 2135 ἐπειδὴ
320 2099 489 2135 βλασφημεῖν
507 2100 555 2135 μὲν
566 2099 711 2131 ἀπαύστως
724 2099 849 2135 ἔκριναν,
865 2099 894 2125 τὸ

107 2142 144 2174 δέ,
154 2152 163 2168 ι
177 2143 296 2169 Ἐπαθεν
312 2145 327 2170 6
345 2144 457 2178 Λόγος,›
469 2144 590 2178 ἔγνωσαν
602 2145 789 2180 ἀπαράδεκτον
801 2145 894 2176 ἀκοαῖς

108 2187 240 2220 εὐσεϐέσι,
273 2188 418 2224 φάρμακον
434 2189 589 2225 προσθεῖναι
609 2190 640 2216 τὸ
650 2200 660 2216 ι
676 2191 708 2225 τῇ
723 2190 803 2226 σαρκὶ
818 2200 827 2215 ›
839 2192 896 2222 τοῖς

109 2233 234 2268 ῥημάτων
246 2235 399 2270 τραύμασιν
414 2236 587 2263 ἐδικαίωσαν
600 2236 660 2263 δέον
677 2237 745 2272 μήτε
758 2236 807 2272 τὴν
817 2236 893 2264 νόσον

109 2279 229 2314 ἐπάγειν,
259 2281 329 2317 μήτε
357 2282 530 2317 φαρμακείας
552 2282 701 2318 ἀπατώσης
731 2282 891 2318 φροντίζειν.

109 2324 188 2352 Οὐδὲν
205 2326 258 2362 γὰρ
274 2327 328 2353 τῶν
343 2327 506 2363 παραλόγων
526 2329 721 2364 τεχνασμάτων
737 2329 894 2364 εὑρίσκεται

108 2372 140 2406 τῇ
163 2371 276 2408 ἀληθείᾳ
300 2374 533 2410 συναρμοςόμενον
549 2383 556 2389 ·
574 2374 630 2401 ἀλλ’
644 2375 710 2401 αὐτὸ
725 2375 755 2401 τὸ
766 2375 895 2407 πολλάκις

109 2416 193 2452 ἐαυτῷ
207 2417 370 2454 μαχόμενον,
383 2420 430 2446 καὶ
449 2420 486 2455 μὴ
501 2419 626 2455 εὑρίσκον
638 2420 731 2446 στάσιν
750 2419 825 2455 παρὰ
839 2421 895 2451 τοῖς

110 2463 222 2494 συνετῶς
236 2463 386 2491 ἐπαΐουσιν.
408 2465 477 2492 Οὔτε
491 2466 505 2491 6
516 2466 602 2501 Λόγος
619 2465 738 2502 παθητὸς
752 2468 786 2502 τῇ
801 2467 893 2503 σαρκὶ,

109 2507 167 2534 οὔτε
183 2509 200 2544 ὴ
217 2508 284 2546 σὰρξ
300 2511 406 2547 ἀπαθὴς
422 2511 461 2546 τῷ
472 2512 561 2547 Λόγῳ·
575 2511 642 2539 ἀλλὰ
656 2513 702 2538 καὶ
714 2513 730 2546 ή
747 2512 813 2548 σὰρξ
824 2512 894 2539 κατὰ

109 2553 156 2590 τὴν
176 2555 278 2582 οἰκείαν
300 2557 380 2591 φύσιν
401 2557 432 2584 τὸ
448 2558 534 2589 πάθος
550 2558 701 2594 προσίεται,
715 2558 762 2585 καὶ
778 2559 792 2584 6
809 2559 895 2593 Λόγος

109 2599 255 2636 ἀχώριστον
276 2602 326 2638 τῆς
352 2603 420 2635 ιδίας
438 2604 532 2636 οὐσίας
549 2604 605 2640 έχει
621 2604 652 2630 τὸ
671 2604 785 2636 ἀπαθές.
799 2605 831 2631 Εἰ
845 2601 892 2631 οὖν

109 2642 182 2678 οὗτος
194 2649 226 2683 τῇ
243 2649 324 2683 σαρκὶ
340 2649 450 2684 πάσχει,
463 2651 527 2686 περὶ
542 2650 592 2685 τῆς
604 2650 703 2686 σαρκὸς
716 2651 742 2677 τί
757 2651 790 2677 ἂν
805 2651 891 2677 εἴποι-

111 2699 172 2726 μεν;
197 2693 238 2719 ὅτι
263 2694 363 2728 πάσχει
393 2694 431 2729 τῷ
459 2695 545 2731 Λόγῳ,
567 2696 583 2728 ἢ
601 2697 630 2722 οὐ
647 2696 764 2731 πάσχει;
781 2697 812 2723 Et
841 2697 892 2731 μὲν

109 2737 138 2764 οὐ
152 2738 260 2774 πάπγει,
274 2739 360 2777 ταύτῃ
379 2741 409 2767 τὸ
427 2741 530 2774 ἀπαθὲς
544 2741 674 2778 ἐχαρίσθη
684 2751 691 2757 ·
705 2743 728 2769 εί
741 2742 769 2769 δὲ
781 2742 890 2778 πάσχει,

141 2815 164 2834 ⁷⁸
181 2815 282 2845 Cutoss.
303 2826 339 2851 iv,
357 2819 383 2845 6.

943 1592 1063 1620 Verbum
1082 1601 1174 1621 carne.
1197 1603 1206 1618 ι
1226 1593 1275 1621 llic
1301 1601 1412 1622 rursum
1439 1594 1524 1621 multa
1549 1593 1648 1620 rationi
1674 1601 1730 1620 non

943 1644 1137 1672 consentanea,
1151 1641 1290 1675 multaque
1307 1640 1437 1668 absurda.
1457 1639 1565 1667 nationi
1583 1647 1639 1666 non
1663 1647 1730 1667 con-

944 1686 1027 1714 sentit
1047 1686 1119 1722 quod
1143 1686 1252 1718 dicitur,
1268 1687 1382 1714 alterum
1397 1686 1475 1714 alteri
1496 1685 1566 1720 pati;
1580 1685 1730 1713 absurdum

943 1736 985 1760 est
999 1732 1065 1760 illud
1084 1741 1090 1759 :
1112 1731 1246 1760 «Verbum
1266 1736 1308 1759 est
1322 1739 1444 1767 passum.
1465 1741 1475 1758 ›
1491 1731 1569 1765 Quod
1589 1739 1651 1758 cum
1677 1739 1730 1758 nu-

943 1779 1007 1806 dum
1027 1778 1130 1814 absque
1144 1778 1278 1806 velamine
1293 1778 1414 1813 proferre
1429 1785 1483 1805 non
1497 1778 1638 1809 auderent,
1654 1777 1730 1812 adje-

943 1828 1041 1853 cerunt
1063 1824 1142 1857 illud,
1163 1833 1173 1850 ι
1199 1831 1293 1857 carne,
1316 1833 1325 1849 ι
1343 1828 1369 1851 et
1383 1823 1462 1858 quasi
1485 1826 1592 1858 turpem
1622 1822 1728 1855 faciem,

943 1870 1038 1899 dolosa
1070 1870 1144 1898 larva
1169 1869 1311 1898 sententiae
1336 1868 1532 1896 absurditatem
1561 1867 1728 1895 obvelaruut.

945 1917 973 1944 Si
993 1917 1111 1945 Verbum
1128 1923 1238 1951 passum
1254 1919 1307 1948 est,
1324 1915 1376 1943 sibi
1400 1915 1453 1950 ipsi
1474 1918 1517 1942 est
1533 1921 1644 1949 passum
1662 1923 1669 1942 :
1686 1914 1730 1941 sin

943 1963 1017 1990 aliud
1034 1962 1163 1997 estquod
1190 1969 1301 1997 passum
1326 1964 1379 1993 est,
1397 1960 1464 1988 nihil
1483 1960 1517 1987 ad
1529 1959 1658 1990 Verbum,
1677 1959 1729 1986 uisi

943 2009 1002 2036 sola
1017 2008 1116 2044 injuria
1129 2015 1189 2044 qua:
1201 2008 1321 2043 patiente
1330 2014 1447 2041 corpore
1463 2006 1514 2041 ipsi
1526 2006 1684 2040 conjuncta,
1695 2005 1730 2032 ad

943 2055 1032 2090 ipsum
1050 2054 1169 2082 recurrit
1190 2053 1320 2082 Verbum.
1348 2053 1444 2081 Dicere
1461 2056 1563 2085 autem,
1584 2061 1593 2076 ι
1611 2050 1729 2078 Verbum

944 2107 1056 2136 passum
1084 2103 1126 2128 est
1152 2107 1243 2133 carne,
1260 2109 1270 2126 ι
1288 2099 1400 2126 minime
1419 2097 1551 2132 scriptum
1566 2101 1616 2128 est,
1635 2103 1666 2123 ac
1679 2095 1730 2122 im-

944 2146 1096 2181 proprium,
1109 2145 1373 2180 incompositumque
1393 2147 1446 2177 est,
1468 2150 1518 2170 nec
1538 2142 1647 2170 aliunde
1664 2150 1730 2169 con-

946 2192 1081 2228 sequitur.
1097 2191 1151 2220 Sed
1167 2192 1231 2226 quia
1242 2191 1346 2218 nullum
1362 2189 1567 2224 blaspltemandi
1584 2189 1663 2216 ﬁnem
1677 2188 1730 2216 sibi

945 2239 1171 2274 praescripserunt
1185 2247 1197 2265 :.
1208 2237 1340 2272 illudque,
1356 2246 1366 2262 ι
1384 2236 1499 2264 Passum
1516 2239 1558 2263 est
1573 2234 1702 2267 Verbum,
1717 2244 1726 2260 ι

942 2285 1002 2320 pias
1020 2292 1100 2313 aures
1123 2284 1200 2311 nullo
1219 2282 1301 2310 modo
1323 2286 1481 2317 recepturas
1497 2285 1614 2313 norunt;
1632 2280 1729 2307 verbo-

943 2339 1002 2358 rum
1015 2330 1176 2365 vulneribus
1184 2329 1334 2357 remedium
1350 2335 1496 2364 apponere,
1510 2326 1636 2355 addendo
1648 2325 1726 2357 illud,

946 2386 956 2402 ι
973 2384 1067 2409 carne,
1083 2385 1093 2402 ι
1110 2383 1218 2411 aequum
1236 2378 1401 2402 censuerunt
1419 2383 1425 2401 :
1443 2381 1504 2401 cum
1520 2373 1607 2401 satius
1621 2371 1728 2403 fuisset,

943 2430 994 2450 nec
1006 2423 1129 2450 morbum
1145 2423 1284 2454 inducere,
1304 2429 1356 2450 nec
1370 2421 1452 2447 fallax
1475 2419 1624 2447 remedium
1649 2417 1728 2444 adhi-

944 2469 1019 2496 bere.
1035 2467 1102 2495 Nam
1125 2467 1306 2495 absurdorum
1324 2468 1552 2495 commentorum,
1564 2463 1669 2490 nullum
1686 2467 1730 2489 re-

944 2515 1034 2549 perire
1058 2519 1102 2542 est
1127 2514 1200 2549 quod
1226 2513 1334 2541 veritati
1350 2512 1386 2541 sit
1401 2509 1655 2542 accommodatum;
1675 2508 1729 2535 ilIlO

944 2561 1036 2596 potius
1058 2561 1129 2588 idem
1147 2560 1307 2595 plerumque
1332 2565 1424 2587 secum
1453 2559 1566 2592 pugnat,
1583 2562 1634 2582 nec
1657 2553 1729 2588 apud

944 2607 1028 2643 probe
1054 2607 1203 2635 sentientes
1218 2606 1300 2633 habet
1313 2605 1359 2632 ubi
1383 2603 1528 2631 consistat.
1548 2601 1641 2635 Neque
1660 2599 1729 2627 Ver—

944 2653 1008 2680 bum
1026 2658 1068 2680 est
1082 2659 1165 2679 carne
1178 2651 1318 2686 passibile,
1333 2657 1421 2685 neque
1434 2656 1499 2676 caro
1514 2652 1556 2675 est
1573 2646 1660 2673 Verbo
1678 2645 1725 2671 im-

944 2698 1094 2733 passibilis.
1111 2697 1164 2725 Sed
1179 2702 1207 2724 et
1221 2704 1285 2724 caro
1293 2696 1372 2731 juxta
1383 2694 1521 2730 propriam
1537 2692 1589 2720 sibi
1603 2694 1728 2718 naturam

945 2742 1099 2778 passionem
1116 2741 1245 2774 admittit,
1256 2745 1283 2769 ct
1297 2740 1414 2769 Verbum
1430 2747 1445 2766 a
1460 2745 1509 2767 sua
1527 2735 1679 2766 substantia
1690 2734 1729 2762 in-
