1926 3068
215 110 284 138 1387

790 111 819 139 S.
840 111 1071 140 ATHANASIUS.
1091 126 1125 131 —
1145 110 1277 139 SPURIA.

1757 111 1823 138 l$8

213 171 364 208 scparabile
383 179 444 199 cum
470 171 514 202 sit.
529 175 580 200 rest
607 172 781 207 impassibile.
800 171 829 198 Si
846 180 911 207 ergo
929 171 993 200 Ver-

1053 172 1098 198 τῶν
1106 172 1152 198 δύο
1165 172 1195 199 τὸ
1207 172 1292 203 πάθος
1305 170 1530 206 κατεψηφίσαντο,
1540 171 1597 199 εῐπε
1602 179 1627 206 ρ,
1636 170 1728 202 καθώς
1735 179 1822 205 φασιν,

213 218 279 245 bum
292 225 374 244 carne
388 218 497 252 patitur,
506 217 539 246 ile
548 225 629 244 carne
638 217 704 251 quid
712 217 877 245 dixerimus?
890 217 993 244 Patitur

215 262 314 294 Verbo,
339 270 429 290 annon
460 263 579 297 patitur?
592 262 620 290 Si
641 271 694 290 non
710 264 821 298 patitur,
838 264 992 299 impassibi-

214 309 276 336 litas
298 309 336 336 illi
351 309 482 336 attributa
500 309 569 342 fuit;
587 310 629 337 sin
647 309 758 344 patitur,
774 309 917 344 utriusque
930 317 992 342 pas-

216 355 320 382 sionem
335 355 552 388 constitucrunt;
566 355 711 390 siquidem,
731 359 760 382 ut
775 356 862 387 aiunt,
878 355 993 383 Verbum

215 400 324 435 quidem
341 408 424 428 carne
439 401 551 435 patitur,
569 408 633 428 caro
648 407 735 428 autem
752 402 853 436 patitur
863 400 950 428 Verbo
967 402 994 428 in

215 445 325 479 propria
342 449 448 471 natura.
466 444 518 472 Sed
534 444 650 472 fortasse
670 445 760 472 dicent
775 454 782 472 :
801 445 854 472 Cur
868 452 932 480 ergo
951 445 994 472 di-

215 493 288 516 ctum
307 489 357 516 fuit
373 499 379 517 :
398 499 407 515 ‹
428 489 466 516 Ex
496 489 595 524 quibus
621 489 746 517 Christus
768 490 917 517 secundum
935 497 996 516 car-

217 535 325 562 nem”?
343 544 353 561 ι
369 534 415 562 Dic
432 535 570 562 Christum
590 542 710 569 passum,
726 539 753 563 et
767 536 861 563 eodem
874 539 996 563 recurret

215 588 314 607 nomen
328 580 428 607 carnis.
443 579 494 612 Qui
509 580 575 607 dicit
583 580 664 607 Deum
677 579 805 613 Verbum,
817 581 996 608 substantiam

217 625 367 659 simplicem
391 624 513 660 designat
537 634 544 652 :
564 625 611 660 qui
628 633 692 652 vero
707 625 847 652 Christum
872 625 950 658 dicit,
973 626 997 653 is

217 671 332 698 duarum
355 671 574 704 coniunctionem
590 675 748 698 naturarum
766 671 896 698 declarat.
909 671 998 706 Atque

219 719 256 746 ita
285 721 467 752 congruenter
497 718 628 752 explicari
654 718 711 744 hzce
734 717 861 752 loquendi
882 717 997 744 formula

217 767 321 798 potest,
341 773 350 789 ι
373 763 499 791 Christus
527 767 568 791 est
596 771 694 798 passus
710 785 717 797 ,
738 773 747 789 ι
771 764 834 798 quia
865 771 915 791 vox
941 764 997 791 ί)ωο

218 815 365 844 utrumque
392 809 473 836 simul
500 809 644 844 signilicat,
659 813 686 836 et
704 809 852 843 impatibile
868 808 997 841 Verbum,

218 861 244 883 et
256 856 393 891 patibilem
407 863 528 887 carnem,
538 863 598 890 quae
613 859 641 882 et
655 860 768 882 mortem
785 855 912 890 guslavit.
924 854 1001 882 Unde
1014 849 1037 878 B

219 910 269 930 nec
284 901 384 929 Paulus
399 902 436 928 ait
455 911 461 929 :
477 901 516 928 Ex
530 902 629 936 quibus
644 900 734 928 nudus
758 900 838 931 Deus.
857 900 916 932 sed,
932 909 940 925 ι
962 899 1000 927 Ex

219 949 318 983 quibus
336 947 462 974 Christus
476 947 625 975 secundum
645 954 771 979 carnem;
789 956 798 972 ι
818 950 847 972 ut
876 946 1001 974 ostendat

218 1002 292 1026 cum,
307 993 386 1028 cujus
402 993 536 1024 meminit,
552 993 700 1021 secundum
717 991 826 1027 quidem
846 999 956 1020 carnem
969 999 1001 1019 ex

219 1039 361 1072 lsraelitis,
378 1039 529 1066 secundum
542 1038 670 1066 deitatem
686 1046 761 1070 vero,
776 1046 808 1065 ex
825 1042 927 1065 aeterno
941 1045 1002 1065 esse

219 1083 310 1112 Patre.
323 1085 382 1111 Non
396 1084 465 1112 dixit
480 1094 487 1111 :
501 1085 541 1110 Ex
555 1084 653 1119 quibus
667 1083 739 1112 Deus
753 1092 843 1112 carne.
853 1083 925 1111 Idem
939 1091 1002 1110 vero

220 1135 247 1159 ct
261 1136 290 1158 tu
306 1131 489 1163 dic,etdetua
505 1130 571 1157 mihi
581 1130 712 1157 sententia
725 1129 901 1165 persuadebis
915 1138 922 1156 :
935 1129 1002 1156 Pas-

221 1184 269 1204 sus
294 1179 336 1203 est
359 1176 484 1203 Christus
500 1174 650 1202 secundum
665 1182 785 1202 carnem.
799 1174 827 1201 Si
841 1182 905 1201 vero
918 1173 1002 1201 Deum

221 1229 304 1250 carne
329 1229 439 1257 passum
468 1228 530 1248 esse
551 1221 630 1253 dicis,
656 1220 767 1248 erudias
785 1228 827 1247 me
841 1220 920 1247 velini
935 1219 1004 1246 dilu-

220 1266 290 1299 cide,
305 1270 396 1293 utrum
427 1266 497 1293 idem
520 1265 574 1292 sint
589 1264 660 1291 Deus
674 1269 702 1292 et
716 1272 780 1292 caro
791 1264 939 1292 secundum
954 1271 1003 1290 na-

221 1317 320 1344 turam,
336 1319 370 1338 an
391 1310 464 1338 aliud
485 1315 565 1346 atque
582 1310 667 1337 aliud.
682 1309 710 1336 Si
727 1309 795 1337 idem
811 1313 890 1341 sunt,
906 1317 1002 1345 passus

223 1361 265 1384 est
278 1355 348 1383 Deus
377 1356 405 1383 in
437 1356 538 1390 seipse.
560 1355 628 1382 Nam
652 1363 760 1382 carnem
773 1355 842 1382 dicis
857 1354 927 1382 idem
942 1361 1003 1382 esse

223 1401 296 1436 quod
312 1401 383 1429 Deus
399 1405 450 1429 est.
462 1401 510 1428 Sin
519 1401 591 1428 aliud
603 1405 630 1429 et
640 1401 723 1432 aliud,
735 1400 869 1435 quomodo
885 1401 941 1428 hate
957 1400 1003 1427 illo

222 1449 334 1483 patitur,
344 1455 404 1474 cum
417 1448 506 1474 omnis
517 1451 641 1474 creatura
652 1447 739 1482 scipsa
753 1447 871 1482 patiatur
882 1454 935 1473 non
948 1446 1000 1472 alia

1045 220 1059 245 ὁ
1076 220 1123 254 μὲν
1133 219 1218 253 Λόγος
1236 218 1334 253 πάσχει
1347 219 1380 253 τῇ
1397 218 1489 253 σαρκὶ,
1503 219 1520 253 ἡ
1535 217 1562 244 δὲ
1575 217 1644 253 σὰρξ
1671 217 1768 252 πάσχει
1788 217 1824 253 τῷ

1046 265 1124 300 Λόγῳ
1143 266 1172 292 ὲν
1187 266 1220 300 τῇ
1241 265 1293 300 ἰδία
1311 264 1400 299 φύσει.
1420 263 1487 290 Ἀλλ’
1505 264 1568 295 ἴσως
1581 264 1672 299 ἐροῦσι
1686 264 1763 295 ’Πῶς
1781 261 1824 290 οὖν

1046 312 1167 346 εἴρηται·
1190 319 1199 336 α
1221 310 1266 342 Ἐξ
1276 307 1311 337 ὧν
1325 311 1465 346 όΧριστδς
1482 310 1511 337 τὸ
1527 310 1596 337 κατὰ
1607 310 1715 343 σάρκα;
1733 319 1742 335 ι
1760 309 1824 344 Λέγε

1046 357 1162 392 Χριστὸν
1181 356 1309 387 παθόντα,
1330 356 1376 383 καὶ
1393 356 1540 392 σύνδρομον
1557 356 1683 391 εὑρήσεις
1702 355 1731 381 τὸ
1747 355 1825 390 ὄνομα

1046 403 1095 438 τῆς
1111 402 1219 438 σαρκός.
1236 403 1265 428 '0
1277 402 1325 437 μὲν
1339 402 1393 437 γὰρ
1407 401 1491 428 εἰπὼν
1503 402 1548 427 τὸν
1561 400 1625 427 Θεὸν
1636 400 1732 434 Λόγον,
1742 401 1825 434 ἁπλῆν

1047 449 1140 475 οὐσίαν
1160 449 1308 484 ἐσήμανεν·
1325 449 1339 474 6
1353 447 1381 473 δὲ
1407 446 1615 483 προσαγορεύων
1638 446 1764 482 Χριστὸν,
1780 446 1825 480 τὴν

1048 495 1193 528 συνάφειαν
1214 493 1267 520 τῶν
1285 494 1332 520 δύο
1355 492 1460 527 φύσεων
1478 493 1644 527 ἐφανέρωσε.
1667 492 1722 518 Καὶ
1746 491 1826 520 οὕτως

1047 540 1176 575 ἁρμόζειν
1188 539 1335 565 δύναταιτὸ
1349 539 1448 572 λέγειν,
1462 548 1471 564 ι
1479 537 1598 564 Ἔπαθεν
1607 538 1622 563 6
1632 537 1756 572 Χριστὸς,
1767 546 1775 562 ι
1786 537 1826 562 διὰ

1048 587 1078 613 τὸ
1085 586 1134 621 τὴν
1143 587 1325 622 προσηγορίαν
1332 586 1432 622 ταύτην
1440 585 1473 612 τὰ
1480 586 1526 612 δύο
1536 585 1648 622 μηνύειν
1656 585 1723 620 ἅμα,
1732 584 1827 612 καὶτὸν

1048 631 1140 666 ἅπαθῆ
1156 631 1250 666 Λόγον,
1267 631 1314 658 καὶ
1336 631 1384 667 τὴν
1404 631 1527 667 παθητὴν
1550 631 1649 667 σάρκα,
1668 630 1718 665 τὴν
1735 638 1828 664 γευσα-

1051 677 1134 713 μένην
1161 677 1286 704 θανάτου.
1317 677 1391 704 Ἐπεὶ
1418 677 1466 704 καὶ
1487 676 1602 708 Παῦλος,
1638 676 1683 709 Ἐξ
1707 673 1754 707 ὧν,
1782 675 1828 701 οὐκ

1049 721 1120 755 εἷπε,
1147 723 1248 758 γυμνὸς
1259 724 1274 749 6
1288 723 1363 755 Θεὸς,
1378 723 1434 750 ἀλλ’
1451 731 1460 748 t
1484 723 1527 756 Ἐξ
1539 719 1575 749 ὦν
1587 722 1705 758 Χριστὸς
1723 721 1752 747 τὸ
1763 720 1829 747 κατὰ

1051 769 1138 805 σάρκα
1147 777 1153 784 ·
1168 770 1224 796 »ἵνα
1238 768 1310 805 δείξῃ
1324 769 1368 796 τὸν
1385 769 1626 804 μνημονευόμενον,
1638 768 1710 794 κατὰ
1725 767 1771 802 μὲν
1783 767 1828 801 τὴν

1052 815 1140 852 σάρκα
1173 816 1205 842 ὲκ
1232 815 1286 842 τῶν
1310 815 1498 851 Ἰσραηλιτῶν,
1517 814 1587 841 κατὰ
1607 814 1636 840 δὲ
1654 813 1704 848 τὴν
1723 812 1828 847 θεότητα

1051 863 1082 889 ἐκ
1097 861 1143 888 τοῦ
1158 862 1266 888 αἰωνίου
1279 861 1394 897 Πατρός,
1410 861 1455 896 Μὴ
1467 859 1542 886 εἶπεν
1552 868 1558 874 “
1581 859 1628 891 Ἐξ
1647 855 1685 885 ὧν
1697 859 1711 885 ὁ
1724 857 1787 888 vso;
1798 857 1828 892 τῇ

1051 907 1142 944 σαρκί.
1160 908 1196 934 Τὸ
1215 907 1280 934 αὐτὸ
1295 908 1340 934 καὶ
1357 908 1388 933 σὺ
1401 906 1473 940 λέγε,
1487 905 1533 932 καὶ
1556 904 1701 939 πείθομαι·
1717 901 1829 929 Ἔπαθεν

1051 954 1065 979 6
1091 952 1207 988 Χριστὸς
1235 951 1304 978 κατὰ
1328 951 1426 986 σάρκα.
1439 951 1470 977 El
1484 950 1513 977 δὲ
1537 949 1638 983 λέγεις,
1657 949 1699 975 ὃτι
1712 946 1829 974 amem

1050 997 1116 1030 Θεὸς
1126 999 1158 1033 τῇ
1175 995 1376 1033 σαρκὶ,δίδαξόν
1390 1004 1422 1031 με
1439 994 1541 1030 σαφῶς.
1551 994 1667 1030 πότερον
1676 992 1754 1019 ταὺτὸ
1765 991 1829 1019 κατὰ

1052 1044 1131 1078 φύσιν
1152 1043 1217 1075 Θεὸς
1236 1042 1283 1069 καὶ
1301 1042 1377 1077 σὰρξ,
1398 1042 1415 1077 ἢ
1435 1041 1499 1068 ἄλλο
1521 1040 1566 1066 καὶ
1580 1040 1656 1067 ἄλλο.
1677 1039 1708 1066 Et
1726 1038 1773 1072 μὲν
1787 1034 1829 1063 οὖν

1051 1089 1142 1121 ταύτὸ,
1157 1089 1254 1115 ἔπαθεν
1268 1090 1282 1115 ὁ
1294 1088 1360 1119 Θεὸς
1372 1087 1469 1122 ἑαυτῷ.
1484 1086 1520 1113 Τὸ
1532 1086 1585 1121 γὰρ
1596 1086 1664 1112 αὐτὸ
1677 1084 1735 1119 Θεῷ
1747 1084 1829 1117 λέγεις

1051 1135 1100 1170 τὴν
1112 1135 1210 1170 σάρκα.
1222 1135 1253 1160 Εἰ
1265 1134 1292 1160 δὲ
1305 1134 1396 1169 ἕτερον
1408 1133 1454 1160 καὶ
1470 1131 1638 1167 ἓτερον,πῶς
1649 1130 1727 1157 τοῦτο
1741 1128 1829 1161 ἐκείνῳ

1053 1181 1162 1216 πάσχει,
1180 1180 1268 1215 πάσης
1286 1179 1391 1214 φύσεως
1406 1179 1488 1213 ἑαυτῇ
1502 1177 1671 1212 πασχούσης,
1691 1176 1738 1209 οὐχ
1755 1174 1829 1208 ἑτέρᾳ

1053 1227 1141 1261 οὐσίας
1159 1226 1195 1252 Οὐ
1213 1225 1310 1260 πάσχει
1330 1224 1471 1260 ἄνθρωπος
1490 1224 1580 1258 ἵππῳ·
1603 1223 1655 1249 οὐκ
1673 1220 1829 1254 ἀποθνήσκει

1052 1272 1125 1307 ψυχὴ
1151 1271 1248 1306 σαρκί·
1270 1270 1338 1297 ἀλλὰ
1359 1270 1450 1296 λύεται
1468 1269 1516 1304 μὲν
1538 1267 1618 1303 σὰρξ,
1644 1265 1784 1302 χωρίζεται
1803 1263 1829 1288 δὲ

1052 1318 1134 1352 ψυχή.
1162 1316 1276 1350 Λέγεται
1302 1315 1341 1347 δὲ,
1364 1315 1406 1342 ὅτι
1430 1314 1556 1349 τέθνηκεν
1573 1308 1829 1347 ἄνθρωπος.τὸτῶν

1052 1363 1099 1389 δύο
1124 1361 1325 1397 παραστατικὸν
1350 1361 1438 1396 ψυχῆς
1463 1359 1510 1386 καὶ
1535 1358 1652 1394 σαρκὸς,
1675 1357 1721 1385 καὶ
1736 1356 1828 1382 νοεῖται

1053 1407 1123 1434 κατὰ
1133 1408 1163 1434 τὸ
1174 1407 1345 1442 ἐνδεχόμενον
1359 1404 1528 1439 τεθνηκέναι,
1539 1403 1610 1430 τοῦτ’
1628 1403 1695 1433 ἐστι,
1708 1399 1775 1427 κατὰ
1785 1397 1829 1432 τὴν

1055 1454 1152 1489 σάρκα,
1169 1453 1215 1479 καὶ
1231 1453 1260 1478 οὐ
1278 1451 1348 1478 κατὰ
1363 1451 1412 1484 τὴν
1426 1449 1557 1476 ἀθάνατον
1575 1448 1676 1484 ψυχήν.
1688 1442 1829 1489 Τοιγαροῦν

224 1493 397 1522 substantia?
410 1492 496 1520 Homo
517 1500 571 1520 non
594 1493 696 1528 patitur
711 1500 780 1527 equo
797 1502 803 1519 :
819 1499 872 1519 non
889 1492 1003 1518 moritur

1056 1487 1143 1531 οὐθεὶς
1170 1496 1240 1525 εἷπε·
1263 1497 1316 1524 Τοῦ
1337 1497 1420 1527 δεῖνος
1435 1496 1451 1530 ὴ
1466 1495 1537 1530 ψυχὴ
1558 1493 1673 1528 τέθνηκε
1687 1493 1718 1527 τῇ
1738 1487 1827 1524 σαρκί¹

223 1540 313 1567 anima
326 1546 409 1566 carne
425 1547 432 1566 :
449 1539 497 1565 sed
520 1538 634 1565 solvitur
651 1538 759 1573 quidem
775 1545 850 1569 caro,
863 1541 1006 1572 separatur

223 1593 290 1614 vero
317 1585 418 1616 anima,
449 1587 476 1611 et
502 1588 594 1611 tamen
633 1584 714 1611 homo
742 1584 842 1611 dicitur
871 1587 1004 1615 mortuus,

223 1631 323 1666 quippe
337 1634 482 1664 utrumque
499 1629 666 1664 significans,
684 1630 801 1656 animam
824 1633 851 1656 et
867 1637 976 1656 carnem
997 1637 1003 1654 :

223 1682 349 1704 mortuus
360 1679 449 1702 autem
463 1675 622 1710 intelligitur
642 1675 792 1702 secundum
808 1674 834 1701 id
847 1673 919 1708 quod
937 1674 1005 1700 mori

224 1726 324 1757 potest,
334 1723 385 1749 hoc
405 1726 447 1748 est
457 1721 604 1748 secundum
617 1724 773 1752 c:irneni,et
786 1728 840 1746 non
856 1719 1005 1746 secundum

225 1769 343 1795 animam
360 1767 550 1794 immortalem.
570 1766 702 1793 Nimirum
719 1773 797 1793 nemo
811 1766 894 1793 dicit:
910 1765 1006 1791 Anima

224 1813 368 1848 cujusdam
393 1816 500 1839 mortua
515 1815 557 1839 cst
570 1819 667 1844 carne;
682 1812 729 1839 sed
744 1811 824 1837 homo
845 1810 955 1845 quidam
973 1818 1007 1837 ex

225 1858 316 1885 anima
335 1861 361 1884 et
377 1865 491 1892 corpore
509 1863 638 1883 constans
659 1866 665 1883 :
683 1856 778 1883 anima:
795 1860 885 1882 alitem
905 1860 931 1882 et
947 1861 1007 1891 post

225 1909 339 1931 mortem
366 1903 595 1929 immortalitatem
620 1902 741 1929 indicare
764 1902 868 1933 volens,
887 1902 914 1928 in
929 1907 1007 1929 aeter-

225 1957 290 1978 num
301 1949 391 1983 justos
406 1949 495 1975 vivere
509 1948 586 1979 dicit.
602 1951 672 1975 teste
692 1955 771 1975 sacra
786 1947 937 1982 Scriptura.
955 1948 1006 1975 Sed

225 1995 294 2024 istos
304 1994 365 2022 libri
384 1994 468 2021 divini
480 1994 512 2021 ad
525 2001 608 2020 unum
621 2001 715 2021 omnes
730 1993 922 2020 condemnant.
938 1993 1008 2026 Quot

225 2041 297 2068 enim
314 2039 466 2075 prophetae?
487 2042 554 2074 quot
576 2039 708 2073 apostoli?
723 2042 790 2073 quot
817 2039 1008 2073 et'angelistaz?

226 2087 364 2120 Nusquam
390 2089 479 2112 tamen
510 2084 665 2119 hnjusmodi
693 2092 744 2111 vox
772 2084 893 2111 occurrit
916 2093 921 2110 :
943 2091 1006 2110 eum

227 2136 336 2164 contra,
352 2130 491 2158 Christum
517 2137 626 2165 passum
647 2137 725 2161 esse,
743 2129 884 2164 perspicue
909 2130 1008 2164 ubique

1056 1545 1112 1572 ἀλλ’
1121 1545 1215 1571 ὀδεῖνα
1230 1543 1381 1577 ἄνθρωπος,
1397 1542 1411 1568 ὁ
1429 1541 1461 1568 ὲκ
1476 1540 1564 1576 ψυχῆς
1577 1540 1626 1566 καὶ
1637 1539 1757 1573 σώματος
1772 1541 1829 1561 at»

1055 1589 1150 1622 εστὼςο
1163 1589 1212 1624 τὴν
1221 1589 1248 1615 δὲ
1255 1587 1342 1623 ψυχὴν
1357 1587 1402 1613 καὶ
1418 1586 1485 1622 μετὰ
1497 1585 1608 1612 θάνατον
1619 1584 1725 1620 μηνύων
1735 1580 1828 1608 ἀθάνα-

1055 1642 1110 1664 τον,
1119 1634 1158 1663 εἰς
1170 1623 1215 1659 τὸν
1228 1632 1312 1659 αἰῶνα
1324 1631 1386 1662 τοὺς
1398 1630 1516 1661 δικαίους
1527 1629 1610 1664 ἔφησε
1624 1629 1726 1664 ζῇν,ὼς
1742 1627 1757 1662 ἠ
1770 1623 1829 1658 ἀγίι

1056 1678 1151 1714 Γραφὴ
1175 1679 1315 1713 μαρτυρεῖ.
1331 1676 1456 1703 Ἐκεὶνων
1471 1676 1499 1702 δὲ
1515 1677 1589 1702 πᾶσα
1601 1675 1662 1701 θεία
1677 1673 1762 1709 βίϐλος
1770 1677 1828 1696 κατ-

1055 1726 1158 1759 ηγορεῖ.
1182 1724 1262 1749 Πόσοι
1300 1722 1456 1758 προφῆται;
1476 1721 1551 1748 πόσοι
1579 1720 1735 1751 ἀπόστολοι;
1759 1716 1828 1743 πόσοι

1056 1769 1245 1804 εὐαγγελισταί
1256 1778 1262 1801 ;
1274 1769 1320 1795 καὶ
1330 1768 1448 1803 οὐδαμοῦ
1461 1768 1524 1803 παρ’
1532 1766 1619 1794 οὐδενὶ
1631 1765 1738 1798 τοιαύτη
1749 1761 1826 1797 φωνὴ-

1057 1817 1092 1842 To
1110 1816 1148 1847 δὲ,
1165 1815 1280 1850 Χριστὸς
1301 1814 1395 1845 ἔπαθε,
1413 1812 1548 1848 πανταχοῦ
1567 1812 1704 1848 προδήλως
1719 1810 1827 1844 κεκήρυ-

1057 1870 1128 1887 κται.
1141 1870 1149 1885 ι
1164 1860 1200 1886 Τὸ
1214 1860 1307 1894 Πάσχα
1319 1859 1395 1894 ἡμῶν
1410 1858 1479 1894 ὑπὲρ
1490 1857 1566 1893 ἡμῶν
1583 1857 1664 1892 ἐτύθη
1673 1851 1828 1891 Χριστός.Εἰ

1058 1906 1175 1942 παθητὸς
1185 1907 1199 1932 ὀ
1209 1907 1229 1932 Χ
1236 1905 1333 1942 ριστὸς,
1340 1904 1453 1939 Χριστὸς
1466 1903 1597 1930 ἀπέθανεν
1606 1903 1676 1938 ὑπὲρ
1684 1901 1736 1928 τῶν
1747 1900 1828 1933 ἀμαρ-

1057 1953 1120 1978 τιῶν
1136 1952 1213 1986 ἡμῶν
1228 1950 1298 1977 κατὰ
1311 1951 1359 1981 τὰς
1374 1949 1494 1985 Γραφάς.
1507 1959 1515 1975 ι
1539 1949 1567 1975 ’0
1586 1947 1699 1984 σταυρὸς
1712 1945 1756 1972 τοῦ
1769 1944 1828 1978 Χρι-

1059 1999 1132 2029 στοῦ,
1153 1998 1184 2024 τὸ
1209 1998 1286 2032 σῶμα
1307 1996 1354 2022 τοῦ
1378 1995 1506 2030 Χριστοῦ,
1524 1995 1554 2021 ’τὸ
1567 1992 1635 2030 αἷμα
1649 1993 1694 2020 τοῦ
1708 1987 1826 2027 Χριστοῦ-

1058 2045 1119 2076 Πῶς
1131 2042 1176 2070 οὖν
1190 2042 1314 2069 τοσοῦτον
1325 2041 1404 2075 νέφος
1417 2040 1560 2076 μαρτύρων
1573 2039 1777 2075 παρατρέχουσι,
1786 2032 1828 2060 καὶ

1057 2090 1106 2124 τὴν
1132 2089 1199 2115 ἰδίαν
1222 2087 1362 2114 αὑθεντίαν
1378 2087 1428 2120 τῆς
1441 2085 1486 2112 τοῦ
1507 2086 1662 2120 Πνεύματος
1682 2079 1828 2118 νομοθεσίας

1059 2134 1210 2170 ἔμπροσθεν
1226 2133 1338 2167 ἇγουσι;
1351 2131 1571 2166 κατατολμῶντες
1587 2131 1636 2165 τῆς
1649 2129 1748 2165 βοώσης
1763 2126 1828 2152 ἕντο·

227 2178 365 2205 doceatur.
385 2185 395 2202 ι
418 2176 521 2203 Pascha
551 2179 673 2202 nostrum
701 2183 748 2209 pro
774 2175 853 2202 nobis
882 2175 1003 2202 immola-

1060 2181 1107 2216 λῆς
1118 2188 1124 2194 ·
1145 2188 1154 2204 ι
1174 2179 1219 2212 Μὴ
1241 2178 1351 2213 μέταιρε
1364 2178 1425 2212 ὅρια
1440 2176 1545 2207 αἰώνια,
1558 2176 1576 2202 ὃ.
1589 2176 1678 2202 ἔθεντο
1687 2176 1709 2200 οξ
1722 2171 1827 2204 πατέρες

227 2229 270 2251 tus
291 2228 333 2251 est
355 2222 522 2250 Christus".
542 2222 570 2248 Si
590 2221 728 2256 passibilis
746 2220 918 2253 Christus",
931 2220 1010 2248 Chri-

227 2273 287 2296 stus
315 2274 437 2295 mortuus
465 2271 507 2294 est
532 2275 580 2301 pro
605 2267 726 2301 peccatis
740 2267 842 2294 nostris
858 2267 1008 2294 secundum

228 2314 425 2349 Scripturas".
447 2323 456 2340 ›
470 2313 542 2341 Crux
557 2313 658 2341 Christi
669 2333 676 2345 ,
693 2319 792 2348 eorpus
806 2312 925 2343 Christi,
943 2320 1008 2340 san-

227 2360 289 2397 guis
317 2360 429 2387 Christi.
461 2359 521 2392 Quo
549 2359 632 2395 igitur
658 2359 737 2386 modo
764 2363 867 2386 tantam
897 2359 1009 2386 testium

227 2407 336 2434 turbam
352 2410 527 2441 praetereunt,
542 2409 569 2432 et
587 2413 663 2433 suam
679 2405 801 2439 ipsorum
820 2405 1008 2432 auctoritatem

229 2451 310 2488 505.
324 2452 374 2487 legi
388 2451 505 2486 Spiritus
522 2451 708 2486 anteponunt?
722 2451 776 2478 vim
792 2450 920 2478 facientes
942 2457 1010 2485 pm-

229 2503 308 2533 eepto
323 2498 450 2525 clamanti
468 2507 475 2524 :
489 2506 499 2523 ‹
518 2497 556 2524 Ne
568 2497 779 2532 transgrediaris
797 2497 927 2524 terminos
943 2496 1011 2522 anti-

231 2551 310 2578 quos,
327 2551 396 2578 quos
412 2547 560 2579 posuerunt
575 2547 664 2578 patres
680 2543 719 2570 tui
731 2542 754 2558 ⁷⁸
767 2552 772 2569 :
789 2551 798 2568 ›
813 2550 862 2569 nec
872 2541 1012 2569 attenden-

229 2595 282 2621 tes.
306 2598 413 2618 sacrum
441 2590 516 2616 illum
541 2593 568 2617 et
593 2597 719 2624 magnum
746 2588 854 2615 Patrum
876 2589 903 2614 in
921 2587 1011 2614 Nicma

229 2637 355 2667 chorum,
373 2639 435 2671 post
451 2635 496 2663 Dei
512 2640 539 2663 et
553 2635 642 2662 Patris
666 2634 865 2662 confessionem
881 2633 1011 2660 continuo

230 2689 329 2709 nomen
345 2681 450 2708 Domini
460 2681 523 2708 Jcsu
542 2680 665 2715 posuisse
682 2689 688 2706 :
702 2689 711 2705 ι
730 2678 762 2706 Et
777 2679 804 2706 in
826 2686 910 2705 unum
919 2677 1012 2704 Domi-

231 2736 295 2756 num
315 2727 409 2755 Jcsum
431 2728 587 2761 Christum;
605 2737 615 2754 ι
636 2731 663 2755 et
689 2727 775 2754 eidem
789 2730 893 2761 postea,
917 2729 1011 2760 utpote

1060 2234 1105 2251 σου
1116 2233 1124 2240 ν
1150 2233 1159 2249 ι
1185 2223 1222 2258 μὴ
1245 2221 1431 2257 προσέχοντες,
1448 2221 1488 2247 ὄτι
1503 2221 1549 2247 καὶ
1569 2220 1623 2246 τῶν
1640 2218 1708 2247 κατὰ
1722 2216 1827 2243 Νίκαιαν

1059 2271 1142 2306 ἁγίων
1169 2268 1297 2303 Πατέρων
1354 2267 1424 2303 ἱερὸς
1441 2267 1486 2294 καὶ
1506 2267 1590 2301 μέγας
1609 2265 1686 2302 χορὸς
1704 2261 1767 2298 μετά
1783 2259 1826 2292 τὴν

1058 2316 1103 2343 τοῦ
1117 2315 1183 2341 Θεοῦ
1196 2313 1243 2341 καὶ
1258 2313 1362 2348 Πατρὸς
1378 2311 1519 2347 ὁμολογίαν
1531 2312 1611 2343 εὐθὺς
1627 2309 1701 2342 ἔταξε
1713 2308 1740 2334 τὸ
1752 2307 1826 2338 ὄνομα

1057 2362 1103 2389 τοῦ
1117 2361 1250 2388 Δεσπότου
1267 2358 1394 2394 Χριστοῦ·
1411 2368 1420 2383 ι
1439 2359 1492 2384 Καὶ
1504 2359 1544 2390 εἰς
1559 2357 1606 2384 Eva.
1624 2357 1721 2392 Κύριον
1734 2348 1826 2387 Ἰησοῦν

1058 2407 1190 2444 Χριστόν·
1210 2416 1219 2432 ι
1239 2403 1288 2432 εἶθ’
1305 2405 1391 2436 οὕτως
1418 2404 1556 2438 ἐπήγαγον
1578 2403 1612 2430 τά
1634 2412 1662 2429 τε
1684 2398 1767 2435 ὑψηλὰ
1783 2395 1825 2429 τῆς

1059 2453 1193 2488 θεότητος,
1203 2451 1238 2478 τά
1249 2460 1278 2477 τε
1289 2449 1444 2484 οἰκονομικὰ
1453 2450 1501 2484 τῆς
1513 2449 1607 2476 ἑαυτοῦ
1623 2444 1824 2488 ἀνθρωπότητοξσ

1058 2497 1096 2528 ὡς
1111 2483 1206 2524 τούτου
1225 2495 1305 2531 μόνου
1318 2494 1365 2520 τοῦ
1379 2483 1510 2529 νὸνόματος
1529 2494 1636 2524 οἰκείως
1659 2491 1703 2519 καὶ
1717 2483 1824 2531 προσφό-

1061 2551 1115 2578 ρως
1128 2543 1162 2569 τὰ
1180 2541 1295 2576 διάφορα
1310 2539 1463 2575 δεχομένου,
1479 2538 1549 2565 κατὰ
1568 2539 1617 2574 τὴν
1632 2537 1677 2565 τοῦ
1703 2530 1823 2578 pangi"?

1060 2574 1166 2615 Παύλου
1183 2574 1288 2623 φωνήν“
1305 2596 1314 2611 ι
1333 2574 1461 2620 Θεμέλιον
1476 2584 1554 2611 ἄλλον
1567 2585 1652 2616 οὐδεὶς
1669 2581 1771 2609 δύναται
1782 2574 1825 2601 θεῖ·

1059 2643 1102 2661 ναι
1127 2633 1201 2669 παρὰ
1223 2633 1268 2659 τὸν
1283 2632 1417 2667 κείμενον,
1433 2631 1461 2662 ὃς
1477 2631 1549 2657 ἐστιν
1567 2630 1667 2666 Ἰησοῦς
1682 2623 1796 2663 Χριστός·

1059 2680 1105 2716 Μὴ
1118 2680 1149 2714 δὴ
1165 2663 1371 2713 καταλείψωμεν
1392 2677 1437 2704 τὸν
1459 2676 1591 2711 θεμέλιον,
1599 2663 1631 2708 ’ὃς
1654 2675 1755 2702 πάντων
1773 2663 1824 2716 ἐστὶ

1058 2709 1179 2755 δεκτικὸς
1189 2723 1248 2750 καθ’
1262 2709 1393 2758 ἑκατέραν
1407 2709 1498 2756 φύσιν,
1508 2722 1557 2756 τήν
1569 2730 1598 2748 τε
1610 2717 1727 2754 δόξαν.τό
1737 2723 1763 2741 τε
1779 2709 1825 2739 ’τέ’

265 2806 289 2824 ""
307 2805 385 2833 Rom.
405 2814 447 2840 ιι,
466 2806 491 2834 5.
530 2806 553 2823 "
571 2805 582 2833 Ι
597 2805 660 2834 Cor.
678 2814 704 2838 ν,
722 2804 748 2832 7.
787 2805 809 2820 "
828 2803 889 2832 Act.
908 2811 983 2837 xxvt,
1000 2805 1003 2829 1

1082 2803 1103 2819 ⁷⁷
1123 2801 1134 2828 i
1151 2800 1213 2829 Cor.
1232 2808 1275 2834 xv,
1294 2800 1319 2827 5.
1359 2802 1382 2840 7f
1402 2801 1484 2829 Prov.
1505 2809 1579 2834 xxii,
1597 2799 1638 2827 28.
