1926 3068
128 144 203 173 1369

552 144 843 174 CONFUTATIONES
864 145 1086 180 QUARUMDAM
1106 143 1398 172 PROPOSITEONUM.

1683 145 1753 173 1370

127 202 178 234 θος
201 201 336 238 ἀληθινῶς
353 203 540 238 προσιέμενος.
563 205 625 231 Ἐὰν
641 204 722 240 εἴπῃς
744 205 810 232 Θεὸν
830 206 916 241 μόνον1

971 206 1043 240 quod
1059 212 1144 232 unum
1159 209 1220 240 apte
1233 207 1260 232 et
1280 203 1421 232 commode
1437 203 1544 232 diversa
1560 202 1588 231 in
1603 211 1633 231 se
1647 205 1752 239 recipe-

128 248 184 275 ποῦ
198 247 252 274 τῶν
268 248 362 275 παθῶν
383 249 602 285 ὲποικοδομήσεις
624 250 673 285 τὴν
697 251 805 285 χρείαν;
823 251 870 278 ἐὰν
884 251 921 277 εἷ-

129 301 189 330 πῃς
211 294 352 330 ἄνθρωπον
376 295 470 330 μόνον,
489 295 540 322 ποῦ
566 297 615 331 τῆς
634 296 823 332 ὰκαταλήπτου
843 297 920 331 δόξης

133 339 276 374 ἐπιθήσεις
290 340 334 366 τὸν
348 339 475 373 πλοῦτονς
502 341 581 367 Ἀλλὰ
591 342 707 377 Χριστὸν
724 342 813 376 λέγειν
828 342 918 369 καλόν·

129 385 167 421 τῇ
185 384 232 420 μὲν
250 385 356 421 θεότητι
368 386 417 421 τὴν
429 386 507 418 δόξαν
527 387 726 423 καρπούμενον,
745 389 778 423 τῇ
795 388 920 424 ἡνωμένῃ

127 430 160 456 δὲ
175 430 361 466 ἀνθρωπότητι
376 431 406 458 τὸ
423 431 508 463 πάθος
519 431 672 467 δεχόμενον,
688 433 719 468 τῇ
736 433 763 459 δὲ
777 433 920 469 ἁχωρίστῳ

128 475 225 502 ἑνώσει
248 477 302 502 πᾶν
323 476 415 512 θαῦμα
433 477 676 512 κατεργαζόμενον,
693 479 748 504 πᾶν
763 478 847 514 δῶρον
863 480 920 510 τοῖς

128 523 238 553 πιστοῖς
263 522 449 557 χαριζόμενον.
475 522 553 549 Οὖτω
580 523 715 550 δείκνυται
736 524 781 550 καὶ
800 524 831 550 τὸ
848 525 918 551 θεῖον

127 567 246 600 ἀπαθὲς,
261 567 349 594 καὶτὸ
365 568 449 600 πάθος
469 568 605 604 ἀληθινὸν,
623 569 670 596 καὶ
695 569 726 595 τὺ
751 570 846 606 κέρδος
865 570 919 597 τῶν

127 613 282 648 ἀνθρώπων
303 613 402 645 κοινὸν,
419 614 465 640 καὶ
482 615 496 640 ό
510 614 588 649 λόγος
606 615 655 650 τῆς
676 615 804 651 ἀληθείας
820 615 917 651 σαφὴς,

126 659 179 686 καὶ
202 660 217 686 ό
237 659 360 694 θεμέλιος
374 660 423 695 τῆς
434 659 607 692 διδασκαλίας
629 661 786 694 ἀσάλευτος,
809 661 917 688 καὶτοῦ

128 703 281 738 μυστηρίου
303 703 332 730 τὺ
356 704 468 738 μέγεθος
494 704 608 737 ἔνδοξον,
627 705 674 731 καὶ
701 706 731 732 τὸ
754 705 847 740 θαῦμα
868 706 919 741 τῆς

126 749 308 784 ἀρχαιότητος
334 749 498 782 ἀξιόπιστον,
512 752 558 778 καὶ
575 751 606 778 τὺ
630 751 726 782 κάλλος
741 751 791 786 τῆς
813 751 918 786 ὀρθοδο-

126 792 189 825 ξίας
205 795 356 828 ἀνόθευτον,
373 796 419 822 καὶ
430 796 459 822 τὸ
477 796 607 832 κήρυγμα
621 797 675 823 τῶν
692 797 777 831 ἁγίων
792 797 918 824 ἁπάντιιιν

127 840 284 875 σύμφωνον.
293 841 330 868 Τὸ
343 841 370 868 δὲ
383 842 471 876 λέγειν
484 843 533 877 τὴν
544 843 657 878 μηδέπω
672 844 799 879 ῥηθεῖσαν
815 844 916 879 φωνὴν,

124 886 177 912 καὶ
201 887 406 923 ἀναθεματίζειν
425 888 557 921 ἅπαντας,
574 890 637 920 τοὺς
651 890 688 924 μὴ
709 889 833 921 εἰπόντας
850 889 917 916 Θεὸν
931 883 953 910 Β

124 931 214 966 Λόγον
228 932 349 959 παθόντα
364 933 455 968 σαρκὶ,
469 932 549 960 τοῦτο
567 933 597 960 οὐ
614 934 694 969 μόνον
713 934 782 961 κατὰ
801 934 855 961 τῶν
870 935 917 961 νῦν

127 978 282 1014 ἀνθρώπων
300 978 419 1014 φέρειτὸ
433 979 542 1014 θράσος,
563 979 620 1006 ἀλλ’
631 980 681 1014 ήδη
700 980 747 1006 καὶ
763 980 833 1007 κατὰ
848 980 917 1007 πάν-

125 1033 181 1051 των
196 1025 250 1051 τῶν
269 1025 316 1051 ἀπ’
329 1024 425 1056 αἰῶνος
446 1025 574 1060 κηρύκων
590 1025 636 1051 καὶ
651 1025 819 1052 διδασκάλων
832 1026 918 1052 εκτεί-

124 1078 184 1096 νειν
195 1068 244 1104 τὴν
254 1069 362 1104 τόλμαν.
381 1069 462 1096 Ἰνατί
476 1070 504 1096 δὲ
519 1071 567 1096 καὶ
582 1070 710 1104 φεύγουσι
726 1070 756 1097 τὸ
772 1070 856 1105 ὄνομα
870 1070 916 1096 τοῦ

124 1114 262 1141 Δεσπότου
288 1114 417 1149 Χριστοῦ,
446 1114 488 1148 ἐφ’
548 1115 683 1141 πιστεύειν
711 1114 916 1150 ὲκελεύσθημεν;

125 1159 275 1186 Πίστευσον
288 1160 334 1186 ἐπὶ
345 1159 391 1186 τὸν
405 1159 507 1195 Κύριον
524 1160 627 1195 Ἰησοῦν
635 1160 760 1195 Χριστὸν,
769 1160 816 1187 καὶ
829 1160 916 1196 σωθή-

126 1214 172 1241 σῃ.
193 1206 254 1232 Ἐπὶ
278 1206 365 1241 τούτῳ
391 1205 429 1241 τῷ
451 1207 563 1241 ὀνόματι
582 1207 631 1238 τὰς
656 1206 767 1238 ἐλπίδας
783 1206 855 1241 ἔχειν
867 1206 917 1241 τῆς

127 1251 265 1288 σωτηρίας
281 1252 372 1279 καλόν.
398 1252 465 1278 Οὐδὲ
482 1253 536 1287 γάρ
559 1252 631 1278 ἐστιν
650 1253 735 1287 ὄνομα
753 1251 844 1287 ἕτερον
865 1251 918 1278 ὑπὸ

125 1297 173 1324 τὸν
196 1297 310 1333 οὐρανὸν
325 1298 357 1324 τὸ
371 1297 512 1332 δεδομένον
538 1297 567 1322 ἐν
599 1296 765 1332 ἀνθρώποις,
782 1297 811 1323 ὲν
836 1293 858 1330 ᾧ
877 1296 917 1323 δεῖ

127 1343 245 1379 σωθῆναι
259 1344 344 1378 ἡμᾶς.
361 1352 370 1368 ι
387 1343 431 1370 Ἐν
444 1343 483 1378 τῷ
497 1343 606 1378 ΰνόματι
626 1342 713 1378 Ἰησοῦ
728 1342 845 1377 Χριστοῦ
862 1343 916 1369 πᾶν

125 1390 192 1423 γόνυ
216 1389 330 1424 κάμψει,
356 1389 523 1424 ἐπουρανίων
548 1388 596 1415 καὶ
620 1388 748 1422 ἐπιγείων
765 1387 813 1415 καὶ
833 1396 916 1414 κατα-

126 1435 251 1470 χθονίων,
266 1434 314 1460 ml.
327 1435 402 1461 πᾶσα
420 1434 530 1468 γλῶσσα
550 1433 788 1469 ἐξομολογήσεται,
800 1434 841 1460 ὄτι
859 1434 916 1460 Κύ-

129 1489 186 1516 ριος
206 1480 309 1516 Ἰησοῦς
328 1481 444 1515 Χριστὸς
458 1481 496 1512 είς
508 1479 586 1512 δόξαν
600 1480 715 1516 Πατρός.
727 1489 737 1506 ι
754 1480 839 1512 Αὐτὸς
855 1488 916 1515 κρι-

127 1527 176 1562 τὴς
188 1526 295 1558 ζώντων
309 1527 356 1553 καὶ
378 1526 481 1562 νεκρῶν
492 1535 498 1541 ·
519 1526 600 1552 αὑτὸν
623 1525 782 1552 ἐπεκαλεῖτο
795 1525 914 1552 τελειού-

237 1572 387 1606 Στέφανος·
416 1555 433 1597 (-
449 1572 535 1607 Κύριε
556 1571 643 1607 Ἰησοῦ
666 1572 778 1608 Χριστὲ,
791 1571 863 1604 δέξαι
883 1571 914 1598 τὺ
927 1555 948 1585 C

128 1617 238 1653 πνεῦμά
259 1626 319 1653 μου.
336 1615 383 1649 Εἷς
396 1617 498 1653 Κύριος
516 1617 618 1652 Ἰησοῦς
639 1617 765 1652 Χριστὸς,
785 1617 819 1643 δι’
837 1614 867 1643 οὗ
881 1616 915 1643 τὰ

129 1664 228 1691 πάντα.
250 1673 260 1690 ι
286 1664 372 1695 Αὐτὸς
397 1663 503 1699 Σωτὴρ,
516 1663 596 1694 αὐτὸς
618 1663 780 1698 Δυτρωτής·
799 1663 915 1698 Χριστὸς

128 1709 163 1737 τά
180 1710 277 1736 πάντα.
287 1710 320 1736 Tt
337 1708 465 1743 φεύγουσι
478 1709 508 1735 τδ
524 1709 709 1744 πολυπόθητον
720 1709 819 1743 δνομα;
831 1708 915 1735 Τοῦτο

129 1756 177 1788 τὰς
187 1756 280 1788 νόσους
293 1756 406 1791 ἦλασεψ
421 1764 431 1781 ι
448 1756 492 1782 Ἐν
509 1755 548 1790 τῷ
560 1755 670 1791 ὀνόματι
690 1754 776 1791 Ἰησοῦ
795 1754 914 1790 Χριστοῦ

131 1802 235 1837 ἕγειραι
251 1802 299 1828 καὶ
313 1802 467 1837 περιπάτει.
484 1810 494 1828 ι
506 1801 591 1828 Τοῦτο
602 1802 664 1832 τοὺς
674 1801 802 1836 δαίμονας
816 1802 918 1836 ἐφυγά-

130 1847 223 1874 δευσε·
240 1856 249 1872 ι
265 1846 448 1882 Παραγγέλλω
462 1855 503 1873 σοι
523 1847 552 1873 ὲν
566 1847 676 1882 ὀνόματι
697 1847 784 1882 Ἰησοῦ
799 1846 916 1882 Χριστοῦ

130 1893 176 1919 τοῦ
190 1892 345 1928 Ναζαραίου
359 1892 475 1924 ἐξελθεῖν
486 1893 534 1918 ἀπ’
549 1892 646 1926 αὐτῆς.
663 1902 672 1918 ι
691 1892 753 1924 Πῶς
771 1890 828 1923 οὖν,
838 1892 917 1919 τοῦτο

131 1940 323 1972 καταλιπόντες
347 1940 384 1972 ὡς
407 1940 562 1976 ἀπαρέσκον
587 1941 686 1972 αὐτοῖς.
701 1941 732 1967 τὸ
753 1941 817 1976 παρ’
830 1941 915 1967 οὐδενὶ

130 1985 182 2012 τῶν
202 1985 287 2020 ἁγίων
312 1986 436 2021 κείμενον
459 1986 607 2018 τεθείκασι,
627 1987 669 2020 τὸ,
688 1986 716 2013 '0
732 1987 817 2021 Λόγος
831 1986 914 2013 ἔπαθε

132 2030 224 2066 σαρκί;

970 257 1021 284 ret,
1036 256 1092 279 tum
1111 251 1239 279 sublimia
1263 251 1383 281 deitatis,
1405 255 1461 277 tum
1476 250 1643 278 oeconomica
1659 250 1752 277 huma-

970 299 1064 326 nitatis
1081 299 1232 333 applicasse
1242 318 1249 328 ,
1262 297 1411 325 secundum
1425 297 1480 324 divi
1498 297 1574 324 Pauli
1587 297 1751 325 sententiam

970 345 1042 371 illam
1061 353 1068 370 :
1089 352 1098 369 ι
1115 343 1333 370 Fundamentum
1351 342 1423 369 aliud
1441 350 1542 377 ponere
1558 350 1637 370 nemo
1649 345 1749 377 potest,

969 394 1067 425 praeter
1091 390 1118 416 id
1133 390 1204 424 quod
1219 389 1336 423 positum
1352 393 1403 420 est,
1418 389 1490 423 quod
1516 392 1557 416 est
1574 388 1653 416 Jesus
1671 388 1751 416 Chri-

969 437 1069 464 stus".
1100 445 1109 461 ι
1137 434 1176 463 Ne
1200 436 1388 470 relinquamus
1415 435 1642 467 fundamentum,
1677 435 1748 470 quod

969 481 1090 509 omnium
1109 484 1151 508 est
1174 488 1269 516 capax,
1285 480 1435 507 secundum
1453 483 1597 515 utramque
1611 484 1747 511 naturam,

969 527 1081 562 gloriam
1098 530 1125 553 et
1141 526 1295 561 passionem
1312 533 1373 554 vere
1395 526 1579 554 admittentes.
1593 525 1624 552 Si
1648 525 1749 554 dixeris

968 572 1053 600 Deum
1078 572 1178 603 solum,
1197 571 1334 606 quomodo
1353 571 1377 598 ei
1397 572 1533 606 passionis
1557 572 1749 599 necessitatem

968 617 1156 653 superstruis?
1174 617 1197 645 si
1219 617 1321 657 dixeris
1337 616 1472 644 hominem
1497 617 1594 649 solum,
1613 617 1749 651 quomodo

968 665 992 692 ei
1011 663 1296 699 incomprehensibilis
1308 663 1401 698 gloria:
1412 662 1521 690 divitias
1532 662 1660 697 adjicics!
1670 662 1749 689 Chri-

968 714 1039 736 stum
1056 716 1121 736 vero
1136 707 1290 735 rectissime
1301 707 1412 738 dixeris.
1427 707 1513 742 gloria
1528 707 1636 741 quidem
1652 714 1750 734 secun-

967 755 1030 782 dum
1047 755 1172 781 deitatem
1192 753 1337 786 fruentem,
1348 753 1502 787 passionem
1521 760 1587 779 vero
1600 752 1747 779 secundum

967 801 1069 827 unitam
1086 799 1281 826 humanitatem
1295 799 1488 834 suscipientem
1501 807 1507 825 :
1520 797 1638 832 denique
1655 805 1750 825 secun-

967 845 1031 872 dum
1046 843 1255 877 inseparabilem
1269 844 1397 870 unionem
1415 843 1506 870 omnia
1533 843 1664 869 miracula
1688 850 1750 878 ope-

967 894 1082 921 rantem,
1092 889 1183 916 omnia
1199 888 1270 915 dona
1286 888 1409 916 ﬁdelibus
1424 888 1679 915 communicantem.
1693 887 1750 915 Hac

967 937 1071 963 ratione
1087 938 1114 962 et
1130 934 1238 962 deitatis
1262 933 1480 968 impassibilitas,
1496 937 1523 960 et
1550 933 1686 967 passionis
1707 940 1750 959 ve-

967 981 1043 1012 ritas,
1053 985 1079 1008 et
1095 979 1248 1006 communis
1263 979 1404 1006 hominum
1422 979 1525 1005 utilitas
1533 979 1747 1006 demonstratur.

966 1027 1054 1062 Atque
1081 1026 1118 1053 ita
1147 1029 1189 1053 est
1212 1025 1335 1052 veritatis
1357 1032 1446 1052 sermo
1465 1024 1636 1060 perspicuus,
1652 1024 1749 1051 funda-

966 1075 1088 1099 mentum
1111 1071 1242 1098 doctrinae
1269 1070 1474 1102 inconcussum,
1512 1070 1667 1104 magnitudo
1693 1077 1749 1105 my-

966 1118 1043 1145 sterii
1065 1117 1181 1145 illustris
1200 1125 1206 1144 :
1223 1116 1368 1143 admiratio
1383 1116 1555 1150 antiquitatis
1581 1115 1631 1143 ﬁde
1653 1116 1746 1150 digna,

965 1163 1140 1199 pulchritudo
1164 1163 1323 1190 orthodoxae
1352 1163 1483 1190 doctrinm
1508 1163 1748 1197 incorrupta,con-

966 1209 1086 1237 sentiens
1100 1209 1216 1244 denique
1228 1209 1349 1236 omnium
1365 1212 1520 1236 sanctorum
1532 1207 1697 1242 prtedicatio.
1713 1206 1748 1233 At

965 1255 1115 1282 inauditam
1128 1262 1220 1282 vocem
1236 1254 1368 1289 proferre,
1378 1254 1583 1282 etanathemate
1594 1253 1675 1280 ferire
1688 1260 1746 1286 eos,

966 1301 1012 1336 qui
1025 1300 1110 1328 Deum
1127 1308 1210 1328 carne
1227 1303 1326 1336 negant
1343 1307 1467 1335 passum,
1483 1299 1511 1326 id
1539 1306 1602 1326 vero
1622 1302 1664 1326 est
1691 1305 1746 1325 non

965 1352 1067 1375 nostra}
1088 1347 1222 1375 duntaxat
1241 1347 1329 1374 aetatis
1343 1347 1468 1374 homines
1492 1346 1645 1381 petulanter
1663 1345 1747 1380 impe-

967 1396 1040 1425 tere,
1068 1392 1116 1420 sed
1144 1400 1239 1420 omnes
1270 1392 1392 1419 omnium
1413 1395 1521 1419 aetatum
1557 1397 1696 1426 praecones
1721 1395 1748 1417 et

969 1438 1096 1465 doctores
1115 1437 1246 1465 audacter
1267 1437 1459 1464 condemnare.
1479 1436 1534 1463 Cur
1558 1443 1622 1463 vero
1648 1443 1746 1462 nomen

965 1484 1069 1512 Christi
1090 1483 1196 1511 Domini
1217 1483 1332 1518 fugiunt,
1349 1484 1375 1510 in
1392 1482 1465 1517 quod
1479 1481 1549 1516 jussi
1571 1488 1665 1508 sumus
1685 1488 1747 1508 cre-

966 1527 1048 1555 dere?
1062 1528 1149 1555 Crede
1165 1528 1192 1554 in
1206 1527 1350 1554 Dominum
1366 1526 1458 1554 Jesum
1482 1526 1633 1557 Christum,
1651 1530 1678 1552 et
1695 1525 1747 1552 sal-

965 1581 1015 1600 vus
1029 1573 1093 1600 eris.
1103 1573 1130 1600 ln
1146 1573 1197 1600 hoc
1211 1580 1320 1603 nomen,
1341 1571 1483 1606 pulchrum
1507 1574 1549 1598 est
1563 1571 1657 1597 salutis
1670 1577 1745 1604 spem

964 1627 1074 1655 ponere.
1086 1618 1178 1654 Neque
1190 1618 1262 1646 enim
1276 1617 1349 1645 aliud
1361 1625 1459 1644 nomen
1470 1617 1553 1644 ullum
1562 1619 1605 1643 est
1616 1615 1666 1642 sub
1677 1615 1748 1642 cmlo

965 1665 1122 1692 hominibus
1139 1672 1187 1699 per
1208 1664 1279 1699 quod
1301 1663 1423 1691 salvandi
1438 1663 1524 1691 simus
1541 1671 1547 1689 :
1565 1671 1574 1687 ι
1593 1662 1621 1688 ln
1637 1661 1747 1688 nomine

965 1710 1072 1738 Domini
1102 1710 1166 1738 Jesu
1189 1710 1292 1738 Christi
1319 1717 1399 1736 omne
1423 1717 1492 1743 genu
1516 1709 1649 1740 llectatur,
1666 1707 1747 1734 uele-

966 1757 1059 1789 stium,
1075 1756 1244 1784 terrestrium
1263 1759 1290 1784 et
1314 1755 1494 1785 infernorum.
1511 1758 1537 1782 et
1552 1755 1642 1782 omnis
1655 1754 1747 1789 lingua

965 1802 1135 1834 conﬁteatur,
1149 1801 1213 1837 quia
1237 1800 1369 1829 Dominus
1383 1800 1464 1828 Jesus
1476 1800 1602 1828 Christus
1618 1800 1645 1827 in
1661 1800 1746 1834 gloria

965 1852 1006 1875 est
1016 1847 1147 1874 Patris”.
1167 1857 1177 1873 ι
1198 1846 1257 1882 Ipse
1273 1846 1356 1882 judex
1381 1851 1422 1874 est
1447 1847 1568 1873 vivorum
1584 1848 1610 1872 et
1624 1848 1747 1872 mortuo-

965 1901 1024 1921 rum
1045 1903 1051 1920 :
1068 1893 1156 1928 ipsum
1172 1893 1328 1925 invocabat,
1349 1900 1411 1920 cum
1426 1892 1482 1927 jam
1499 1894 1746 1922 consummaretur,

969 1940 1124 1975 Stephanus
1140 1949 1146 1967 :
1172 1949 1181 1965 ι
1204 1939 1317 1967 Domine
1334 1939 1398 1967 Jesu
1413 1938 1531 1971 Christe,
1548 1938 1655 1972 suscipe
1666 1936 1747 1972 spiri-

968 1990 1024 2013 tum
1042 1986 1174 2013 meum“.
1196 1985 1273 2013 Unus
1294 1985 1425 2013 Dominus
1451 1984 1531 2012 Jesus
1546 1983 1671 2011 Christus
1698 1989 1748 2017 per

967 2039 1047 2066 quem
1064 2031 1154 2058 omnia
1164 2031 1197 2058 π’,
1225 2041 1234 2057 ›
1251 2031 1310 2066 lpse
1332 2031 1466 2062 Salvator,
1484 2031 1542 2065 ipse
1556 2029 1720 2063 Redemptor
1738 2035 1744 2053 ι

131 2077 255 2104 Christus
267 2077 368 2104 omnia.
384 2078 520 2110 Quorsum
533 2078 640 2112 fugiunt
654 2077 836 2105 desiderabile
857 2077 922 2105 illud
937 2078 1056 2105 nomen?
1072 2076 1162 2112 Ipsum
1188 2078 1299 2105 morbos
1333 2077 1454 2107 sustulit,
1473 2085 1482 2101 ι
1502 2077 1530 2103 In
1547 2075 1655 2102 nomine
1681 2072 1747 2101 Jesu

130 2122 230 2151 Christi
244 2131 324 2157 surge
338 2127 364 2151 et
378 2123 485 2150 ambula
494 2124 526 2150 ⁵³.
547 2133 556 2149 ι
580 2122 669 2158 Ipsum
681 2122 782 2157 [ugavit
794 2123 939 2154 daemones,
960 2132 969 2147 ι
989 2122 1119 2157 Principio
1133 2122 1180 2150 tibi
1194 2123 1221 2150 in
1235 2123 1345 2150 nomine
1361 2122 1424 2150 Jesu
1437 2121 1538 2149 Christi
1563 2120 1705 2153 Nazareni,
1716 2124 1747 2147 ut

131 2175 210 2195 exeas
233 2169 267 2196 ab
295 2168 383 2195 illa“.
404 2178 413 2194 ι
433 2168 576 2201 Quomodo
602 2168 686 2203 igitur
711 2169 774 2200 hoc,
792 2173 821 2196 ut
838 2169 905 2203 ipsis
925 2169 1038 2195 minime
1051 2172 1129 2203 grato
1146 2169 1251 2201 relicto,
1269 2169 1296 2196 id
1310 2167 1384 2203 quod
1410 2167 1482 2202 apud
1511 2170 1667 2194 sanctorum
1698 2174 1747 2194 ne~

131 2213 228 2240 minem
243 2214 389 2249 reperitur,
406 2214 586 2246 suostituunt,
602 2214 675 2242 Deus
687 2213 803 2241 Verbum
815 2222 913 2250 passus
928 2219 970 2241 est
983 2215 1081 2241 carne?

496 2271 542 2297 XI.

131 2315 205 2350 Πρὸς
231 2316 301 2350 τοὺς
320 2316 479 2350 λέγοντας·
495 2316 588 2342 Ποίαν
606 2315 756 2344 δώσουσιν
777 2316 912 2344 Ἰουδαῖοι

126 2358 127 2361 ‘
267 2352 366 2385 δίκην,
383 2353 409 2378 ει
420 2351 462 2386 μὴ
476 2351 549 2378 Θεὸν
565 2350 752 2378 ἀπέκτειναν.

164 2397 219 2424 Οὐκ
235 2397 317 2429 ἔστιν,
331 2397 368 2429 ὡς
381 2397 462 2429 ἔοικε,
475 2396 694 2431 φιλονεικούντων
705 2397 807 2433 ἀνδρῶν
817 2397 911 2431 ἄλογον

132 2444 216 2480 ὁρμὴν
235 2444 323 2478 λόγοις
339 2445 408 2472 τισὶν
425 2445 563 2480 ἐπισχεῖν*
581 2443 647 2470 ἀλλὰ
672 2445 723 2471 κᾶν
749 2445 859 2480 μυρίους
872 2453 911 2476 τις

132 2489 218 2525 ἐπάγῃ
231 2491 276 2516 καὶ
289 2491 498 2526 ἁναντιῤῥήτους
511 2490 647 2525 ἐλέγχους,
657 2490 706 2526 τὴν
723 2491 771 2526 μὲν
787 2491 911 2526 ἀλήθειαν

132 2534 221 2567 ἔδειξε,
234 2536 295 2567 τοὺς
309 2536 336 2562 δὲ
347 2536 392 2562 τοῦ
405 2531 519 2571 ψεῦδοιις
535 2536 651 2571 ἐργάτας
664 2536 713 2563 οὑκ
729 2536 845 2563 ἔπεισεν.
860 2537 913 2564 Οὗ-

132 2589 167 2607 τω
190 2581 244 2617 γὰρ
268 2582 291 2608 οἱ
317 2582 366 2617 τῆς
388 2582 517 2617 ἀληθείας
536 2582 718 2614 ὰποκοπέντες
733 2582 802 2617 μετὰ
817 2583 915 2615 πολλὰς

132 2627 248 2662 φανερὰς
265 2628 425 2661 ἀποδείξεις,
439 2629 489 2655 οὐκ
507 2629 668 2663 ἀφίστανται
679 2628 726 2655 τοῦ
738 2628 836 2655 οἰκείου
854 2638 915 2656 σκο-

132 2673 193 2705 ποῦ,
210 2673 269 2700 οὐδὲ
283 2674 406 2709 ἔρχονται
419 2674 485 2710 πρὸς
495 2674 543 2709 τὴν
555 2674 660 2701 εὐθεῖαν
677 2674 735 2701 ὁδόν
744 2683 750 2689 ·
762 2674 818 2700 ἀλλ’
832 2675 915 2710 ἀτρα-

132 2718 195 2750 ποὺς
208 2719 358 2752 δεξάμενοι,
368 2719 414 2746 ἐπὶ
428 2720 565 2755 κρημνοὺς
580 2720 778 2756 περιέρχονται,
796 2719 914 2755 παραλό-

165 2797 186 2812 "
206 2795 218 2833 ΙΔ
232 2796 295 2825 Cor.
313 2796 415 2830 1",“.
453 2797 475 2814 '°
494 2796 609 2832 Philipp.
629 2805 665 2830 ιι,
685 2797 734 2831 10,
753 2797 794 2825 ll.
831 2797 862 2833 ,ε’
884 2797 942 2825 Act.

132 2839 190 2865 m,
209 2831 251 2859 18.

1331 2269 1376 2296 XI.

965 2317 1094 2345 Adversus
1111 2325 1153 2344 eos
1171 2317 1214 2351 qui
1225 2320 1355 2351 quaerunt,
1368 2315 1470 2350 qualem
1481 2323 1581 2349 poenam
1595 2314 1684 2342 Juin
1698 2314 1746 2341 da-

1090 2353 1143 2378 turi
1166 2350 1266 2383 s'iut,'si
1284 2359 1335 2378 non
1351 2350 1499 2377 occiderunt
1515 2350 1609 2377 Deum.

1001 2397 1052 2430 Qui
1070 2397 1254 2424 contentionis
1270 2397 1360 2423 studio
1380 2396 1504 2423 feruntur
1518 2396 1578 2428 viri,
1594 2403 1688 2423 eorum
1703 2395 1745 2423 in-

965 2450 1061 2471 sanum
1085 2445 1214 2478 impetum
1237 2443 1320 2475 nulla,
1336 2443 1433 2475 credo,
1450 2446 1541 2478 potest
1566 2444 1654 2470 oratio
1669 2442 1746 2469 cohi-

965 2490 1040 2517 bere.
1058 2489 1110 2517 Sed
1125 2491 1187 2517 licet
1200 2490 1272 2517 mille
1285 2490 1357 2525 quis,
1373 2497 1458 2524 eaque
1476 2489 1575 2516 invicta
1587 2491 1744 2524 argumenta

965 2535 1103 2570 proterat;
1121 2536 1262 2563 veritatem
1282 2536 1326 2563 ille
1342 2535 1451 2570 quidem
1469 2534 1704 2566 demonstraverit,
1717 2538 1745 2561 at

964 2582 1095 2616 operariis
1123 2582 1258 2609 mendacii
1275 2581 1308 2610 de
1324 2589 1356 2610 ea
1371 2581 1481 2609 minime
1507 2581 1683 2616 persuaserit.
1697 2580 1743 2608 Sic

964 2629 1037 2656 enim
1053 2633 1079 2656 et
1089 2629 1134 2664 qui
1151 2636 1165 2655 a
1180 2630 1293 2656 veritate
1309 2629 1480 2662 exciderunt,
1490 2629 1508 2655 ii
1522 2632 1582 2664 post
1591 2628 1674 2654 multa
1685 2627 1743 2654 cla-

964 2683 1049 2710 raque
1076 2679 1238 2710 argumenta
1265 2683 1316 2703 nec
1340 2676 1476 2703 desistunt
1494 2683 1509 2702 a
1528 2674 1668 2710 proposito
1682 2681 1743 2705 suo,

965 2728 1017 2748 nec
1041 2721 1068 2748 in
1093 2721 1163 2748 viam
1181 2727 1282 2749 rectam
1297 2721 1411 2749 redeunt
1428 2730 1434 2748 :
1452 2721 1497 2749 sed
1516 2722 1573 2748 vias
1593 2718 1745 2756 pracipites

962 2805 1010 2831 vn,
1028 2798 1071 2826 58.
1111 2799 1133 2816 ⁸²
1154 2798 1163 2826 l
1180 2798 1242 2827 Cor.
1261 2806 1321 2832 rm,
1339 2798 1364 2826 6.
1403 2799 1425 2815 ⁸³
1445 2799 1504 2826 Act.
1522 2806 1561 2832 Ill,
1578 2797 1606 2825 6.
1642 2797 1665 2814 "
1681 2795 1743 2825 Δίι-
