1926 3068
183 128 235 157 1-57
240 128 252 156 ι

183 185 311 222 ingressi.
321 185 384 212 hinc
398 184 461 212 inde
475 184 829 219 circumeunt,qua‘,stiones
843 184 976 213 absurdas
991 189 1013 216 Α

184 229 384 268 proponentcs;'
391 238 440 258 nec
452 230 621 257 erubescunt
628 238 750 265 quaerere
760 240 766 256 :
777 230 920 263 Quomodo
929 230 978 258 Ju-

186 278 238 306 daei
251 277 409 312 punientur,
417 276 441 303 si
455 283 508 303 non
516 275 676 303 occiderunt
694 276 777 304 Deum
785 277 798 303 τ
805 276 827 304 0
836 277 978 312 impuden—

184 327 240 352 tem
256 322 413 350 audaciam!
429 321 451 348 Ο
468 321 670 348 fraudulentum
680 322 847 350 institutum!
861 326 889 349 ut
901 322 980 350 Chri-

185 374 258 397 stum
285 367 434 399 vindicent,
463 374 495 394 ea
518 375 579 402 quae
607 367 708 396 Christi
736 372 800 396 sunt
822 368 978 395 traducunt.

186 415 266 451 505
282 413 327 446 Ut,
342 414 429 444 aiunt.
445 412 531 440 Judaei
548 413 659 448 dignam
674 414 826 442 sceleribus
846 414 905 441 suis
918 422 978 448 pm—

185 469 249 488 nam
263 461 350 493 luant,
361 463 520 487 evertantur
535 459 834 494 omnia,vilipendatur
843 459 978 493 doctrina,

186 506 390 541 blasphemetur
405 504 487 537 Deus,
503 504 624 539 patibilis
640 507 763 535 vocetur,
777 505 823 538 qui
836 507 878 531 est
894 504 980 539 impa-

186 551 284 582 tibilis,
302 550 401 584 injuria
415 549 550 577 inferatur
563 550 666 584 gloriae,
681 549 748 576 ﬁnes
763 549 838 576 orbis
858 549 979 576 univorsi

187 596 365 624 seducantur.
378 595 418 622 Tu
438 602 514 626 vero,
527 595 562 621 mi
580 595 673 626 homo,
688 602 722 621 ne
738 602 801 621 cum
819 594 866 622 Dei
883 598 980 622 contu-

188 641 270 669 melia
283 640 367 668 Deum
386 640 534 667 vindicato.
553 639 604 667 Odi
623 639 810 668 defensionem
829 647 891 675 quae
918 647 980 667 cum

187 686 323 714 dedecore
344 687 494 721 conjuncta
517 690 561 713 est
580 694 586 711 :
604 689 717 721 prestat
731 686 831 712 lucrari
847 684 980 717 Judaeum,

188 740 270 768 quam
284 731 458 759 Christianos
473 731 605 759 confundi
629 741 635 758 :
654 735 764 766 praestat
780 736 906 758 auctores
918 738 982 766 pas-

189 778 276 806 sionis
285 778 415 812 effugere,
425 785 506 812 quam
517 785 579 805 eum
592 778 638 812 qui
657 785 754 812 passus
769 781 812 805 est
827 777 983 812 liujusmodi

189 825 334 856 patronum
352 821 473 848 nancisci
488 830 496 853 ;
512 825 621 855 praestat
640 821 701 847 illos
716 820 821 848 veniam
840 819 982 855 consequi,

189 875 270 902 quam
284 867 359 894 hunc
374 867 533 894 mutabilem
549 871 576 894 et
591 867 749 901 passibilem
762 867 912 894 secundum
923 866 982 893 dei-
999 862 1020 891 Β

190 917 273 941 tatem
289 913 452 940 existimari.
474 912 611 945 Quorsum
633 911 735 938 Judzeis
754 912 823 938 hanc
840 911 984 947 magnifice

190 958 326 993 gloriandi
343 958 447 992 prrebes
472 957 625 989 materiem,
645 957 725 992 quasi
743 957 844 984 deitate
861 957 920 991 ipsa
936 964 984 984 su-

191 1005 314 1039 periores
329 1003 431 1031 fuerint
444 1004 456 1031 ?
469 1012 531 1031 cum
559 1011 592 1030 ne
609 1003 740 1038 templum
764 1003 875 1038 quidem
891 1007 984 1031 tenere

191 1051 342 1085 potuerint,
365 1050 417 1078 nisi
442 1058 475 1078 eo
494 1050 541 1085 qui
568 1049 700 1076 inhabitat
720 1050 908 1084 permittente,
937 1049 984 1084 qui

192 1096 264 1123 idem
280 1096 400 1122 solutum
413 1095 480 1122 illud
495 1094 651 1126 suscitavit,
664 1094 821 1122 insolubilis
833 1094 892 1129 ipse
907 1102 985 1121 man-

192 1141 239 1168 sit.
258 1140 396 1173 Quorsum
407 1140 468 1174 ejus
479 1139 527 1174 qui
543 1146 642 1174 passus
654 1142 697 1165 est
711 1138 845 1165 voluntati
864 1144 911 1166 tuo
927 1139 984 1165 cal-

191 1187 256 1213 culo
273 1185 420 1221 refragaris
433 1185 445 1211 ’ἰ
460 1192 510 1212 cur
534 1185 596 1219 plus
625 1184 785 1216 contristas,
810 1183 844 1211 iis
855 1191 903 1219 per
925 1191 986 1218 quae

193 1232 298 1260 scilicet
312 1231 441 1266 injuriam
456 1230 591 1263 vindicas,
616 1237 698 1265 quam
717 1230 736 1256 ii
752 1230 805 1264 ipsi
821 1230 867 1264 qui
890 1237 986 1264 perpe-

193 1283 268 1306 trare
288 1278 396 1305 facinus
418 1277 479 1304 ausi
511 1280 587 1310 sunt,
604 1275 804 1303 contristarunt
819 1275 831 1302 ‘.'
848 1275 986 1308 Quorsum

193 1324 338 1352 verissima
352 1323 455 1351 Christi
474 1323 557 1350 verba
575 1322 712 1350 subvertis
727 1322 739 1348 ?
756 1322 816 1356 lpse
832 1322 905 1349 enim
918 1326 988 1349 tem-

194 1377 262 1406 pore
283 1369 419 1404 passionis
442 1369 512 1396 dixit
529 1376 536 1394 :
564 1378 573 1395 ι
593 1368 694 1401 Pater,
711 1367 818 1396 dimitte
842 1368 906 1401 illis,
922 1367 988 1403 quia

194 1416 322 1444 nesciunt
337 1415 403 1451 quid
419 1415 524 1442 faciunt
537 1415 571 1441 ⁸⁵.
595 1425 604 1441 ›
626 1414 658 1442 Et
673 1418 701 1442 tu
723 1422 819 1450 poenas
837 1414 862 1449 (θ
876 1413 987 1448 Iudaeis)

194 1462 291 1497 exigis,
311 1461 423 1496 perinde
442 1469 474 1489 ac
484 1462 507 1488 si
526 1460 573 1489 Dei
591 1461 762 1496 praesentiam
786 1460 946 1495 cognorint,
961 1463 989 1487 et

196 1508 226 1535 in
242 1507 327 1535 Deum
343 1509 432 1542 ipsum
460 1507 560 1534 caedem
585 1506 898 1542 perpetrarint?Desine
926 1513 989 1542 gra-

195 1555 272 1581 viora
287 1539 409 1590 aggredi,
429 1561 511 1588 quam
523 1553 542 1580 ii
560 1539 612 1588 ipsi
623 1539 672 1588 qui
687 1552 827 1580 Christum
839 1553 915 1580 cruci
929 1539 989 1579 alli-
1001 1539 1023 1568 (ἶ

196 1603 306 1627 xerunt.
332 1598 372 1626 Illi
403 1599 506 1626 nudum
530 1598 668 1626 hominem
698 1597 837 1626 Christum
862 1602 990 1633 putantes

196 1646 416 1679 interemerunt;
430 1649 460 1672 tu
480 1644 566 1672 Deum
590 1644 725 1672 conﬁtens
747 1652 853 1677 verum,
870 1644 990 1671 mutabi-

197 1691 262 1723 lem,
279 1691 427 1726 patibilem,
441 1693 577 1717 mortuum
593 1689 720 1725 denique,
736 1690 865 1724 praeclara
880 1690 925 1717 illa
943 1695 991 1717 tua

197 1737 317 1764 vindicta
333 1736 445 1764 asseris.
463 1736 571 1768 Quanto
588 1743 652 1763 vero
667 1735 781 1763 audacia
797 1735 885 1769 major
902 1740 945 1763 est
962 1736 991 1763 in

196 1782 283 1810 Deum
300 1783 382 1817 impie
396 1782 549 1816 insurgere,
565 1789 648 1817 quam
676 1781 814 1809 hominem
829 1789 910 1816 quem
928 1789 991 1809 esse

198 1832 278 1864 putes
295 1828 394 1863 injuria
411 1831 519 1862 petere;
533 1831 610 1854 tanto
629 1827 684 1858 ille,
701 1827 748 1862 qui
764 1826 849 1854 Deum
869 1826 989 1854 Verbum

199 1874 292 1909 lingua
305 1874 366 1900 sine
382 1881 466 1900 causa
481 1873 600 1905 occidit,
616 1873 742 1900 miserior
756 1877 797 1900 est
812 1873 846 1900 iis
871 1873 917 1908 qui
929 1880 991 1900 car-

200 1927 262 1948 nem
277 1919 384 1946 Domini
396 1919 481 1946 clavis
493 1919 552 1946 sine
569 1926 653 1946 causa
672 1918 861 1953 perfoderunt.
879 1918 993 1946 Verum-

199 1970 292 1993 tamen
316 1972 371 1991 non
386 1965 517 1999 quoniam
533 1967 563 1992 tu
583 1964 723 1992 crudelior
743 1972 784 1996 es,
802 1965 918 1992 terribili
932 1965 993 1993 illos

200 2018 283 2047 pmna
296 2010 445 2038 liberamus
462 2018 469 2036 :
491 2009 540 2037 sed
554 2014 582 2038 et
595 2010 689 2037 deitati
708 2009 815 2037 Domini
825 2010 929 2038 Christi
942 2003 993 2038 im-

201 2057 394 2092 patibilitatem
424 2063 503 2084 suam
531 2063 674 2084 servamus
692 2060 741 2083 :et
765 2055 928 2083 humanitati
955 2057 994 2084 illi

202 2103 287 2130 unitm
314 2102 471 2137 passionem
493 2109 571 2130 suam
588 2102 766 2130 attestatione
786 2108 879 2130 nostra
894 2102 992 2130 tribui-

203 2156 276 2181 mus,
293 2152 320 2176 et
333 2155 348 2175 a
363 2147 466 2176 Iudaeis
481 2155 578 2183 pamas
597 2148 671 2183 exigi
686 2147 858 2180 conﬁtemur,
874 2155 907 2176 eo
920 2148 994 2183 quod

202 2201 304 2222 vesana
320 2195 421 2222 mentis
432 2196 556 2222 caecitate
568 2195 596 2222 in
607 2194 735 2222 deitatem
749 2194 835 2230 ipsam
850 2194 994 2222 manifeste

204 2241 316 2268 fuerunt
341 2240 428 2275 impii.
450 2240 579 2276 Nunquid
594 2247 659 2268 vero
672 2244 699 2268 et
712 2248 786 2268 nunc
801 2248 856 2268 non
870 2241 994 2268 videmus

203 2294 264 2318 eos.
288 2286 336 2320 qui
354 2287 463 2321 templis
485 2286 540 2314 Deo
559 2287 659 2321 saepius
687 2288 858 2315 consecratis
878 2287 998 2315 nefarias

205 2340 304 2360 manus
319 2332 452 2364 inferunt,
471 2337 501 2359 ut
521 2340 552 2360 ea
573 2332 616 2360 vel
631 2333 766 2368 polluant,
782 2333 825 2360 vel
845 2333 997 2367 destruant,

205 2378 270 2405 licet
286 2378 314 2405 in
327 2379 399 2413 ligna
414 2379 548 2406 duntaxat
565 2382 592 2405 et
608 2378 713 2413 lapides
741 2380 869 2413 saeviant,
887 2380 999 2414 perinde

206 2428 297 2452 tamen
313 2424 416 2459 puniri,
438 2432 470 2451 ac
486 2424 510 2452 si
538 2429 636 2452 contra
651 2424 735 2451 Deum
759 2425 849 2460 ipsum
871 2425 1000 2453 audacter

207 2478 239 2498 se
265 2470 381 2498 efferant
397 2470 408 2496 ’ἰ
424 2469 561 2497 Nimirum
590 2470 772 2497 inanimatum
801 2471 931 2506 templum
944 2475 999 2498 tam

207 2524 302 2545 severe
322 2517 494 2548 vindicatur,
511 2517 644 2552 templum
672 2525 738 2544 vero
754 2517 846 2545 vivum
874 2518 1001 2553 impollu—

206 2567 277 2596 tum,
292 2564 423 2598 templum
441 2563 497 2591 Deo
517 2564 698 2598 conjunctum
719 2564 902 2597 ineffabiliter,
919 2565 1002 2593 indis-

209 2609 372 2642 solubiliter,
385 2617 440 2636 non
456 2610 543 2637 multo
564 2609 688 2638 severius
709 2610 893 2638 vindicabitur
906 2611 1001 2646 ?quod

209 2656 298 2690 ipsum
311 2656 422 2691 quidem
438 2656 540 2691 injuste
550 2663 662 2691 passum
676 2660 729 2690 est,
742 2656 790 2685 scd
803 2657 838 2684 ita
852 2661 881 2685 ut
895 2657 921 2685 in
934 2661 1002 2686 tem-

243 2735 267 2751 "
287 2734 354 2763 Luc.
372 2743 459 2768 xxul,
478 2735 523 2763 54.

245 2811 302 2848 (24)
323 2812 398 2846 Mss.,
418 2813 640 2848 ἀπαιτουμένους.

775 126 804 154 S.
825 125 1055 154 ATHANASIUS.
1076 141 1109 146 —-
1130 126 1265 155 SPURIA.

1760 124 1831 152 I572

1027 194 1092 220 γους
1130 186 1240 217 πεύσεις
1278 193 1476 221 προτεινοντες,
1511 183 1558 210 καὶ
1592 184 1646 210 οὐκ
1679 184 1830 219 αἰσχύνον-

1030 241 1074 259 ται
1095 232 1202 266 λέγειν’
1230 232 1290 263 Πῶς
1313 233 1336 258 oi
1365 231 1483 257 Ἰουδαῖοι
1513 230 1781 265 τιμωρηθήσονται,
1805 230 1831 257 εί

1032 277 1068 313 μὴ
1096 277 1162 304 Θεὸν
1182 278 1350 313 smmum;
1371 275 1421 310 φεῦ
1447 275 1496 310 τῆς
1520 275 1646 307 ἀναιδοῦς
1673 275 1829 310 ἀτολμίαςι

1029 324 1081 351 Φεῦ
1117 324 1167 359 τῆς
1197 323 1337 359 ἀπατηλῆς
1371 323 1569 358 ἐγχειρήσεωςί
1597 323 1641 354 είς
1683 322 1831 358 ἐκδίκησιν

1030 369 1147 406 Χριστοῦ
1181 369 1214 396 τὰ
1252 369 1369 404 Χριστοῦ
1399 367 1588 404 διασύρουσιν·
1608 368 1695 399 Ἵνα,
1728 369 1829 402 φασὶν,

1036 415 1156 442 Ἰουδαῖοι
1199 415 1275 450 δίκην
1312 414 1390 446 ἀξίαν
1428 414 1636 449 ἁπαιτηθῶσιν,
1670 414 1830 449 ἁνατρεπέ-

1031 460 1086 486 σθω
1110 460 1145 486 τά
1178 461 1276 492 πάντα,
1301 459 1492 494 ρᾳδιουργείτω
1520 458 1550 485 τὸ
1574 459 1680 494 δόγμα,
1703 458 1830 493 βλασφη-

1032 506 1134 540 μείσθω
1163 505 1238 536 Θεὸς.
1267 505 1388 540 παθητὸς
1419 504 1552 531 καλείσθω
1571 505 1585 530 ὁ
1603 504 1734 539 ἀπαθὴς,
1753 503 1830 540 ὑϐρι-

1031 551 1118 584 ζέσθω
1148 553 1165 587 ἡ
1191 552 1265 584 δόξα,
1289 551 1433 579 πλανάσθω
1465 551 1514 586 τῆς
1537 550 1708 585 οἰκουμένης
1731 550 1767 576 τὰ
1782 549 1831 576 πό-

1031 605 1110 634 ρατα.
1131 597 1283 632 Ἄνθρωπε,
1300 598 1337 632 μὴ
1368 597 1469 624 ἐκδίκει
1489 596 1554 623 Θεὸν
1579 597 1623 630 ἐφ’
1641 595 1725 631 ὖὸρει
1739 595 1827 622 Θεοῦ·

1033 642 1105 677 μισῶ
1129 643 1291 678 συνηγορίαν
1303 643 1414 678 ἀτιμίας
1428 641 1556 677 πρόξενον
1569 650 1575 656 ·
1603 642 1737 676 κρεῖττον
1765 641 1830 666 Ἰου-

1031 691 1104 717 δαῖον
1119 690 1261 725 κερδῆσαι,
1271 690 1286 725 ἣ
1297 690 1474 724 Χριστιανοὺς
1484 688 1666 724 αἰσχυνθῆναι
1678 697 1686 703 θ
1701 690 1828 724 κρεῖττον

1032 736 1095 767 τοὺς
1106 735 1291 770 πεποιηκότας
1304 736 1410 769 φυγεῖν,
1427 735 1444 770 ἢ
1460 735 1504 761 τὸν
1523 734 1683 761 πεπονθότα
1704 733 1828 760 τοιούτου

1034 782 1182 816 συνηγόρου
1201 783 1290 816 τυχεῖν
1303 789 1310 796 ·
1324 783 1446 817 κρεῖττον
1459 780 1577 812 ἐκείνους
1592 779 1767 816 συγγνώμην
1786 779 1830 806 εὐ-

1036 829 1092 862 ρεῖν
1105 827 1121 862 ἢ
1135 827 1230 853 τούτου
1244 826 1360 862 τρεπτοῦ
1384 827 1431 853 καὶ
1453 826 1575 862 παθητοῦ
1599 826 1676 853 κατά
1698 826 1750 861 τὴν
1768 825 1828 852 θεό-

1034 882 1102 908 τητα
1116 873 1195 905 δόξαν
1206 871 1308 900 λαϐεῖν.
1328 873 1360 898 Τί
1373 873 1504 908 παρέχεις
1530 872 1671 904 Ἰουδαίοις
1694 872 1829 908 καύχημα

1036 920 1172 955 μέγιστον,
1187 919 1224 950 ὠς
1244 919 1370 953 θεότητος
1388 918 1471 952 αὐτῆς
1496 917 1693 953 περιγενέσθαι
1715 917 1829 953 δεδυνη-

1036 965 1147 1000 μένοις;
1164 964 1225 991 οὐδὲ
1239 965 1294 999 γὰρ
1305 964 1350 990 τὸν
1364 964 1426 990 ναὸν
1443 964 1549 999 ἔχουσιν
1567 964 1610 994 ἂν,
1626 964 1652 990 εί
1669 963 1743 998 μὴ,ὁ
1761 964 1829 990 ἐνοι-

1034 1009 1090 1037 κῶν
1106 1009 1304 1045 συνεχώρησεν,
1318 1009 1347 1041 ὃς
1359 1009 1407 1036 καὶ
1420 1009 1467 1036 τὸν
1484 1009 1598 1035 λυθέντα
1606 1009 1737 1044 ἤγειρεν,
1748 1008 1828 1039 αὐτὸς

1034 1056 1056 1082 δ’
1071 1056 1168 1088 ἀλυτος
1188 1055 1288 1090 ἔμεινε.
1306 1055 1338 1081 Τί
1363 1055 1439 1091 παρὰ
1460 1054 1572 1090 γνώμην
1586 1055 1635 1081 τοῦ
1662 1054 1828 1084 πεπονθότος

1035 1101 1127 1137 φέρεις
1140 1101 1188 1137 τὴν
1201 1101 1290 1136 ψῆφον
1303 1101 1353 1138 ;,τί
1373 1100 1452 1127 πλέον
1465 1101 1570 1132 λυπεῖς,
1591 1100 1635 1132 οἷς
1658 1099 1743 1135 δῆθεν
1757 1099 1827 1126 ἐκδι-

1035 1150 1103 1180 κεῖς,
1117 1147 1448 1183 ἢὲκείνοιτετολμηκότες
1463 1147 1601 1182 ἐλύπησαν
1616 1147 1667 1179 ;Τί
1680 1146 1731 1178 τὰς
1745 1145 1829 1180 ἀψευ·

1034 1195 1090 1225 δεῖς
1113 1195 1263 1228 ἀποφάσεις
1284 1194 1446 1229 ἀνατρέπεις
1470 1192 1517 1219 τοῦ
1542 1193 1671 1228 Σωτῆρος
1687 1191 1826 1227 Χριστοῦ;

1036 1238 1122 1269 Αὐτὸς
1139 1238 1216 1272 ἔλεγε
1240 1237 1281 1273 τῷ
1292 1237 1380 1273 καιρῷ
1394 1236 1442 1263 τοῦ
1463 1236 1583 1268 πάθως’
1613 1246 1624 1261 ι
1642 1237 1748 1271 Πάτερ,
1762 1235 1828 1269 ἄφες

1036 1285 1128 1315 αὐτοῖς
1143 1293 1150 1300 ·
1163 1284 1194 1310 οὐ
1209 1284 1264 1320 γὰρ
1284 1283 1370 1310 οἴδασι
1387 1283 1413 1309 τί
1438 1282 1554 1309 ποιοῦσι.
1571 1291 1582 1309 ι
1602 1282 1662 1309 Καὶ
1691 1283 1724 1309 σὺ
1751 1281 1827 1315 δίκην

1037 1329 1174 1361 ἀπαιτεῖς,
1187 1329 1225 1361 ὡς
1241 1329 1395 1363 ἐγνωκότας
1407 1328 1474 1355 Θεοῦ
1492 1328 1660 1364 παρουσίαν,
1672 1328 1722 1354 καὶ
1734 1327 1828 1362 65595-

1037 1376 1119 1408 κότας
1134 1375 1205 1402 κατά
1228 1375 1296 1402 Θεοῦ
1324 1374 1497 1410 μιαιφονίαν;
1521 1375 1631 1402 Παῦσαι
1650 1373 1827 1410 χαλεπώτερα

1037 1421 1145 1457 τολμῶν
1152 1422 1200 1457 τῆς
1210 1421 1264 1448 τῶν
1275 1421 1490 1457 παυρωσάντων
1504 1421 1694 1456 παρανομίας.
1716 1420 1827 1446 Ἐκεῖνοι

1037 1468 1114 1503 ψιλὸν
1125 1468 1266 1503 ἄνθρωπον
1285 1467 1445 1503 νομίσαντες
1469 1467 1514 1494 τὸν
1535 1467 1668 1503 Χριστὸν,
1701 1464 1828 1492 ἀπεκτεί-

1039 1523 1138 1541 ναντο·
1156 1514 1200 1545 σὺ,
1217 1513 1284 1540 Θεὸν
1307 1513 1444 1548 ὁμολογῶν
1469 1512 1603 1548 ἀληθινὸν,
1633 1511 1760 1548 τρεπτὸν,
1782 1510 1827 1536 καὶ

1041 1556 1172 1591 παθητὸν,
1188 1557 1235 1583 καὶ
1247 1556 1342 1592 νεκρὸν
1355 1555 1399 1582 διὰ
1414 1555 1464 1590 τῆς
1477 1555 1562 1589 καλῆς
1581 1555 1751 1590 ἐκδικήσεως
1762 1553 1827 1579 ἀπο-

1041 1602 1156 1637 φαίνεις.
1185 1603 1261 1637 ’Ὀσῳ
1284 1602 1312 1628 δὲ
1336 1601 1534 1637 τολμηρότερον
1556 1600 1604 1627 τοῦ
1625 1600 1664 1632 ὡς
1686 1600 1825 1634 ἄνθρωπον

1040 1648 1143 1675 οἴεσθαι
1170 1648 1272 1675 ἀδικεῖν
1297 1647 1328 1674 τὸ
1354 1648 1395 1679 είς
1420 1646 1486 1674 Θεὸν
1511 1647 1633 1678 ἀσεὸεἰν,
1658 1645 1778 1679 τοσούτῳ
1796 1651 1826 1677 γε

1040 1694 1203 1730 ἀθλιώτερος
1219 1695 1233 1721 ὀ
1246 1694 1292 1720 τὸν
1307 1693 1374 1720 Θεὸν
1388 1693 1475 1727 Λόγον
1485 1693 1518 1727 τῇ
1535 1691 1648 1728 γλώσσῃ
1666 1691 1754 1726 μάτην
1781 1697 1825 1723 φο-

1041 1741 1127 1768 νεύων
1139 1741 1193 1767 τῶν
1204 1740 1245 1772 εις
1261 1740 1310 1775 τὴν
1325 1739 1415 1775 σάρκα
1425 1738 1473 1765 τοῦ
1486 1737 1589 1774 Κυρίου
1605 1739 1670 1769 τοὺς
1680 1737 1761 1772 ἥλους
1775 1735 1825 1770 μά-

1041 1796 1091 1822 την
1104 1786 1265 1822 πειράντων.
1283 1786 1356 1820 Πλὴν
1378 1785 1439 1817 οὐκ,
1469 1784 1562 1820 ἐπειδὴ
1587 1784 1620 1811 σὺ
1639 1783 1824 1820 χαλεπώτερος

1041 1833 1091 1868 τῆς
1108 1833 1226 1868 φοϐερᾶς
1250 1831 1410 1866 καταδίκης,
1430 1831 1551 1862 ἐκείνους
1566 1830 1745 1866 ἁρπάζομεν·
1760 1826 1824 1854 ἀλλὰ

1043 1879 1090 1906 καὶ
1104 1880 1137 1914 τῇ
1152 1878 1258 1913 θεότητι
1277 1878 1323 1904 τοῦ
1347 1877 1482 1904 Δεσπότου
1505 1876 1624 1914 Χριστοῦ
1651 1875 1786 1911 τηροῦμεν
1796 1872 1824 1898 τὸ

1043 1925 1157 1956 ἀπαθὲς,
1175 1925 1223 1952 καὶ
1238 1926 1271 1959 τῇ
1288 1924 1478 1960 ἀνθρωπότητι
1495 1925 1527 1958 τῇ
1543 1923 1670 1959 ἡνωμένη
1688 1927 1824 1957 προσμαρ-

1042 1971 1178 2007 τυροῦμεν
1200 1971 1230 1997 τὸ
1241 1970 1337 2002 πάθος,
1351 1970 1469 2001 καὶτοὺς
1485 1969 1630 2000 Ἰουδαίους
1645 1965 1823 2004 ὁμολογοῦμεν

1044 2017 1218 2045 ἀπαιτεῖσθαι
1231 2017 1287 2051 (24)
1303 2016 1391 2051 δίκην,
1412 2015 1449 2047 ὡς
1466 2016 1506 2046 εἰς
1527 2015 1612 2051 αὐτὴν
1629 2015 1756 2049 ἄντικρυς
1770 2009 1824 2037 θεό-

1043 2071 1112 2098 τητα
1124 2062 1168 2089 διὰ
1185 2062 1234 2097 τῆς
1245 2062 1285 2093 εἰς
1299 2061 1380 2088 αὐτὸν
1393 2060 1522 2092 ἀπονοίας
1534 2060 1716 2094 ἠσεϐηκότας.
1731 2057 1764 2083 Ἦ
1780 2054 1823 2082 καὶ

1045 2109 1093 2136 νῦν
1108 2109 1157 2144 οὺχ
1171 2108 1278 2144 ὁρῶμεν
1292 2108 1355 2139 τοὺς
1367 2107 1437 2134 κατὰ
1449 2106 1513 2134 ναοῦ
1535 2106 1665 2137 πολλάκις
1686 2101 1822 2136 ἀνακειμέ-

1045 2164 1092 2182 νου
1115 2154 1175 2189 Θεῷ
1195 2156 1289 2190 χεῖρας
1306 2153 1451 2189 ἀθεμίτους
1475 2153 1649 2183 ὲκτείναντας
1668 2151 1709 2184 ἐφ’
1722 2145 1821 2182 ὕϐρειῆ

1046 2200 1205 2232 καταλύσει,
1222 2199 1313 2226 καίτοι
1329 2199 1401 2226 κατὰ
1412 2199 1498 2231 ξύλων
1519 2198 1536 2234 ἢ
1555 2197 1638 2224 λίθων
1651 2196 1820 2231 πράττοντας.

1045 2245 1116 2272 οὕτω
1139 2244 1299 2280 δεχομένους
1322 2244 1372 2279 τὴν
1384 2244 1528 2279 τιμωρίαν,
1552 2243 1590 2275 ὡς
1609 2241 1678 2269 κατά
1695 2238 1759 2266 Θεοῦ
1776 2235 1822 2270 τὴν

1045 2291 1147 2326 τόλμαν
1162 2290 1335 2321 ὲκτείναντας
1348 2297 1355 2321 ;
1370 2289 1426 2316 Καὶ
1441 2289 1503 2321 ναὸς
1521 2288 1570 2324 μὲν
1580 2286 1707 2321 τοιαύτην
1722 2282 1821 2326 δέχεται

1046 2324 1100 2372 τὴν
1112 2337 1250 2372 ἐκδίκησιν
1264 2336 1367 2372 ἄψυχος
1379 2344 1386 2350 ·
1400 2335 1463 2367 ναὸς
1481 2335 1510 2360 δὲ
1534 2334 1588 2366 ζῶν
1605 2334 1744 2368 ἄχραντος.
1763 2324 1820 2372 va}:

1047 2369 1107 2418 Θεῷ
1123 2369 1295 2417 συνημμένος
1311 2369 1450 2417 ἀρρήτως,
1469 2379 1671 2410 ἀδιασπάστως,
1700 2375 1729 2402 οὗ
1757 2369 1819 2418 ﬁt?“

1047 2417 1129 2456 πλέον
1143 2428 1361 2464 ὲκδικηθήσεται,
1386 2429 1424 2460 ὡς
1444 2427 1524 2458 αὐτὸς
1544 2426 1592 2461 μὲν
1613 2425 1710 2454 ἀδίκως
1724 2417 1819 2465 mea“?

1046 2476 1098 2511 τῆς
1121 2475 1149 2502 δὲ
1169 2475 1274 2511 ὕϐρεως
1297 2473 1498 2510 ἀνατρεχούσης
1514 2473 1555 2504 είς
1579 2472 1624 2498 τὸν
1653 2471 1681 2497 ὲν
1705 2465 1741 2502 τῷ

1048 2504 1124 2550 Θεὸν,
1152 2504 1211 2546 τὸν¹
1226 2504 1425 2554 ἓν-γενόμενοδν
1457 2504 1525 2553 πρὸς
1557 2517 1646 2548 αὐτὸν,
1671 2513 1716 2540 καὶ
1743 2504 1820 2536 ’πιὶλλιιι
1848 2518 1851 2520 ’

1049 2565 1175 2601 θαύματα
1191 2565 1398 2601 ἐργασάμενον,
1414 2564 1490 2598 Μηδὲ
1502 2563 1558 2599 γὰρ
1574 2563 1671 2596 ἐξεῖναι
1687 2559 1740 2589 τοῖς
1759 2555 1813 2601 Ἱρξν

1047 2597 1134 2643 δαίοις
1144 2597 1460 2646 ἀπολογίαννεύρίσκειν,
1476 2609 1514 2641 ὡς
1534 2597 1575 2641 εἰς
1591 2608 1730 2643 ἄνθρωπον
1749 2597 1818 2635 ψιλὸν

1049 2658 1250 2694 ἁμαρτήσασιν,
1270 2657 1324 2684 τῶν
1353 2656 1530 2692 πολυτρόπων
1549 2655 1692 2691 θαυμάτων
1712 2649 1741 2676 οὑ
1760 2649 1817 2676 ευτ’
