1926 3068
227 155 298 185 1575

794 155 823 184 S.
843 153 1073 183 ATHANASIUS.
1095 170 1130 175 —
1149 155 1283 182 SPUBIA.

1771 153 1834 182 15⁸36

227 215 390 243 adventum?
401 215 455 242 Cur
471 215 553 250 igitur
565 215 697 250 scriptum
713 219 755 242 est
769 224 776 242 :
789 214 870 243 Visus
884 219 925 242 est
941 215 1012 243 Dens

1068 222 1107 246 ro;
1123 215 1283 250 ἐπιδημίανς
1301 214 1354 240 Καὶ
1371 213 1428 244 πῶς
1439 213 1606 248 γέγραπταιο
1621 211 1708 247 Ὠφθη
1722 211 1786 244 Θεὸς
1800 211 1836 247 τῷ

226 261 390 292 Abrahamo,
403 261 478 288 visus
491 261 594 293 lsaaco,
607 261 682 288 visus
698 260 810 292 Jacobo,
821 261 897 288 visus
916 261 1012 296 Moysi,

226 311 254 336 et
270 307 407 335 sexcentis
423 307 484 334 aliis
502 307 513 332 ‘3
531 306 602 340 Quid
623 307 706 342 igitur
719 307 920 338 desiderarunt,
940 306 1014 341 quod

226 357 316 380 tamen
328 360 381 380 non
398 353 541 380 viderunt?
563 353 690 380 nimirum
701 353 773 388 quod
789 353 867 380 nobis
881 354 972 380 videre
984 353 1015 380 li-

227 400 294 430 cuit,
309 399 416 426 deilalis
431 399 642 426 ethumanitatis
660 399 820 426 inetfabilem
833 404 860 426 et
872 399 1014 434 insepara-

227 444 307 471 bilem
320 444 466 471 unionem?
485 443 645 478 Quicunque
657 444 738 478 igitur
753 444 937 471 admirandam
953 443 1016 470 Ver'

227 491 253 518 bi
265 495 291 517 et
306 491 396 517 carnis
414 491 541 517 unionem
562 489 738 521 confitentur,
760 490 795 518 iis
811 498 910 517 novum
924 490 1015 517 videre

226 537 412 572 spectaCulum
431 536 556 571 contigit.
569 536 671 563 Contra
683 537 730 571 qui
743 536 835 564 carnis
850 536 1015 570 assumptio-

227 589 288 608 netu
304 580 444 615 rejiciunt.
461 581 478 607 ii
498 588 560 607 cum
574 580 711 607 veteribus
734 579 836 608 Iudaeis
849 584 952 615 partem
964 582 1014 606 ha-

227 627 292 654 bere
314 634 391 654 suam
411 626 556 653 manifeste
582 626 800 658 convincuntur,
818 626 865 660 qui
890 633 939 653 nec
964 625 1016 660 ipsi

227 675 373 706 potuerunt
387 671 479 698 videre
490 671 586 698 oculis
604 671 662 697 suis
679 679 739 706 qua:
755 678 805 698 nos
822 670 950 698 vidimus.
968 669 1016 697 Ju-

228 717 348 744 daaorum
364 717 435 744 enim
451 720 510 747 est.
526 715 676 744 S.‘dvatoris
689 717 716 743 in
738 723 820 743 carne
836 715 1016 742 oeconomiam

227 770 283 789 non
300 762 450 796 suscipere.
465 761 513 788 llis
530 761 634 795 scipsos
658 765 813 796 aggregant,
825 761 871 796 qui
888 760 956 788 duas
969 767 1017 787 na-

228 811 306 834 turas
325 806 472 841 explodunt
495 816 501 833 :
519 807 641 841 quinimo
661 807 794 841 majorum
814 807 960 834 criminum
978 809 1017 836 rei

228 853 391 880 efﬁciuntur.
408 853 447 879 llli
462 853 534 879 enim
554 861 616 880 eum
637 853 683 888 qui
705 858 758 879 tam
774 853 907 887 stupenda
921 852 1017 879 edebat

229 897 360 925 miracula
375 897 458 924 Deum
470 905 531 925 esse
541 898 698 932 ignorantes
711 908 717 924 :
730 898 757 924 hi
769 905 832 925 vero
846 897 1016 929 confitentes,

229 943 340 978 indigna
355 949 450 970 contra
468 943 595 970 deitatem
612 943 800 978 pronuntiant,
813 951 909 971 omnes
925 943 1018 970 carnis

230 992 378 1023 assumpta:
394 989 536 1023 passiones
552 988 646 1016 deitati
667 989 842 1016 ascribendas
865 997 926 1017 esse
952 997 1018 1016 con-

229 1034 384 1062 tendentes.
410 1035 444 1060 At
469 1035 540 1062 enim
567 1034 659 1062 dicent
686 1034 803 1062 fortasse
829 1034 1019 1070 (impudenter

228 1079 301 1106 enim
317 1079 358 1106 vel
377 1079 606 1107 manifestissimis
618 1079 772 1107 didicerunt
794 1080 991 1114 contradicere)
1009 1089 1016 1106 :

227 1121 288 1149 Non
296 1122 413 1150 dicimus
421 1123 590 1150 divinitatem
599 1131 660 1151 esse
672 1124 847 1158 passionibus
861 1124 1016 1151 obnoxiam.

229 1167 263 1194 Et
277 1168 323 1202 qui
336 1175 391 1195 non
418 1168 545 1196 diceretis
569 1168 631 1199 hoc,
648 1169 695 1204 qui
716 1173 771 1195 tam
794 1169 941 1196 artiﬁciose
954 1176 1018 1195 ora-

230 1213 333 1239 tionem
345 1213 486 1240 adornatis
495 1212 614 1241 ?Pussus
630 1217 682 1244 est,
696 1214 833 1248 inquiunt,
842 1215 905 1249 quia
917 1214 1016 1241 voluit:

231 1258 321 1292 ipsum
333 1258 471 1292 patibilem
483 1266 544 1286 esse
554 1266 725 1293 nequaquam
739 1259 864 1286 dicimus.
879 1259 946 1286 Cum
962 1266 1019 1286 rem

230 1304 316 1338 ipsam
339 1311 393 1331 non
416 1303 547 1331 dubitetis
563 1303 716 1335 allirmare,
737 1311 787 1331 cur
810 1312 824 1331 a
840 1304 878 1332 rei
901 1304 1020 1339 appella-

230 1349 305 1377 tione
318 1357 366 1377 vos
383 1349 530 1377 abhorrere
545 1349 646 1385 ﬁngitis
661 1351 672 1377 ζ’
687 1349 716 1376 Si
740 1350 876 1378 damnatis
896 1358 943 1378 eos
971 1351 1018 1385 qui

231 1395 400 1422 divinitatem
425 1403 530 1430 passam
555 1403 615 1423 esse
641 1400 752 1431 negant,
776 1403 826 1423 cur
851 1404 905 1423 non
919 1397 1020 1424 diserte

231 1441 317 1476 ipsam
343 1441 482 1476 patibilem
508 1450 569 1469 esse
593 1442 781 1476 profitemini?
797 1442 824 1468 Si
842 1441 951 1470 Judams
974 1451 1018 1471 se-

231 1488 350 1515 cundum
370 1496 420 1516 vos
433 1492 485 1519 est.
504 1489 550 1523 qui
573 1489 671 1515 divinae
683 1492 786 1516 natura:
806 1489 957 1523 passionem
970 1497 1019 1516 ne-

1071 260 1205 295 Ἀὁραὰμ,
1222 259 1300 294 ὤφθη
1315 259 1354 294 τῷ
1377 259 1480 291 Ἰσαὰκ,
1497 258 1574 294 ὤφθη
1586 258 1624 294 τῷ
1644 257 1747 289 Ἰακὼϐ,
1763 257 1834 294 ὤφθη

1064 307 1102 342 τῷ
1116 307 1201 342 Μωσῇ
1212 327 1219 339 ,
1236 307 1283 332 καὶ
1301 306 1408 341 μύριοις
1427 305 1532 337 ἄλλοιςς
1551 305 1583 331 Τί
1595 303 1640 332 οὖν
1655 304 1834 339 ἐπεθύμησαν,

1065 353 1112 379 καὶ
1133 353 1182 378 οὐκ
1205 351 1291 384 είδον;
1315 352 1330 378 ὃ
1354 353 1434 387 ἡμεῖς
1450 352 1512 378 ἰδεῖν
1530 350 1696 386 ἠξιώθημεν,
1715 350 1834 386 θεότητος

1065 398 1112 424 καὶ
1127 398 1336 433 ἀνθρωπότητος
1353 398 1469 433 ἄρρητον
1485 397 1530 423 καὶ
1545 396 1724 423 ἀδιάσπαστον
1735 396 1834 423 ἕνωσιν.

1065 445 1095 471 Οἱ
1108 443 1195 470 τοίνυν
1207 443 1400 478 ὁμολογοῦντες
1414 443 1460 469 τοῦ
1472 444 1557 477 Λόγου
1566 443 1612 469 καὶ
1625 443 1674 477 τῆς
1688 443 1784 477 σαρκὸς
1791 443 1835 477 τήν

1065 489 1214 525 παράδοξον
1230 490 1336 521 ἕνωσιν,
1362 486 1434 515 οὗτοι
1457 489 1503 515 τοῦ
1528 489 1602 521 ξένου
1620 489 1754 523 θεάματος
1766 497 1836 515 τετυ-

1065 537 1180 570 χήκασιν
1194 544 1200 550 ·
1216 535 1240 561 οἱ
1256 535 1284 561 δὲ
1297 535 1345 571 τῆς
1362 535 1461 570 σαρκὸς
1473 535 1521 570 τὴν
1539 535 1672 570 ἀνάληψιν
1687 535 1836 566 ἀθετοῦντες

1067 581 1137 616 μετὰ
1151 581 1205 607 τῶν
1222 580 1324 608 ἄνωθεν
1344 581 1478 607 Ἰουδαίων
1494 581 1564 616 ἔχειν
1583 581 1633 616 τὴν
1658 581 1752 616 μερίδα
1776 590 1837 616 προ-

1065 625 1152 660 δήλως
1163 626 1328 661 ἐλέγχονται,
1343 627 1398 653 τῶν
1415 626 1453 662 μὴ
1465 627 1677 662 κατηξιωμένων
1699 627 1760 653 ἰδεῖν
1775 628 1837 662 μήτε

1066 670 1136 705 ὕψει,
1154 672 1225 707 ἅπερ
1244 672 1324 707 ἡμεῖς
1348 672 1519 707 ἑωράκαμεν.
1542 672 1676 698 Ἰουδαίων
1691 672 1744 707 γὰρ
1756 672 1785 698 τὸ
1804 671 1837 707 μὴ

1067 716 1194 750 δέξασθαι
1225 717 1272 744 τοῦ
1297 717 1420 752 Σωτῆρος
1446 717 1495 752 τὴν
1525 717 1657 753 ἑνσαρκον
1681 717 1835 752 οἰκονομίαν.

1066 761 1177 793 Τούτοις
1196 761 1376 789 συνάπτουσιν
1392 762 1504 793 ἑαυτοὺς
1518 762 1547 788 οι
1555 762 1585 788 τὸ
1601 761 1712 788 διπλοῦν
1728 761 1778 788 τῶν
1793 761 1838 795 φύ-

1068 816 1136 834 σεων
1150 807 1349 842 ἀπωθούμενοι,
1362 807 1462 842 μᾶλλον
1474 807 1502 833 δὲ
1515 807 1561 833 καὶ
1574 806 1695 842 μείζοσιν
1709 806 1838 842 ἐγκλήμα-

1070 862 1111 880 σιν
1132 851 1276 880 ὑπεύθυνοι
1302 853 1432 887 γίνονται.
1457 853 1570 879 Ἐκεῖνοι
1587 852 1642 887 γὰρ
1663 852 1707 878 τὸν
1729 851 1839 878 τοσαῦτα

1069 899 1139 934 μετὰ
1154 898 1254 934 σαρκὸς
1271 897 1550 934 θαυματουργήσαντα
1565 898 1632 924 Θεὸν
1658 896 1728 924 εἶναι
1747 898 1839 932 ἀγνοή-

1068 953 1174 977 σαντες,
1187 942 1258 972 οὖτοι
1273 944 1354 978 δῆθεν
1377 943 1571 979 ὁμολογοῦντες
1598 941 1695 976 ἀνάξια
1711 943 1780 970 κατὰ
1794 942 1839 977 τῆς

1068 989 1193 1024 θεότητος
1203 990 1384 1024 ἀπεφήναντο,
1397 989 1484 1015 πάντα
1497 988 1531 1015 τὰ
1545 987 1620 1023 πάθη
1634 988 1684 1023 τῆς
1699 987 1839 1023 ληφθείσης

1069 1034 1170 1070 σαρκὸς
1183 1035 1222 1066 είς
1236 1034 1316 1061 αὑτὸν
1335 1035 1489 1068 ἀνενεγκεῖν
1505 1033 1549 1060 τὸν
1577 1033 1644 1060 Θεὸν
1667 1033 1750 1067 Λόγον
1777 1032 1840 1067 φιλο-

1067 1082 1252 1116 νεικήσαντες.
1295 1080 1365 1107 Ἀλλ’
1397 1080 1461 1112 ἴσως
1493 1079 1602 1114 ἐροῦσιν
1643 1078 1758 1115 (ἔμαθον
1791 1077 1840 1114 γὰρ

1070 1125 1172 1161 ἰταμῶς
1205 1125 1337 1161 μάχεσθαι
1357 1126 1412 1156 τοῖς
1446 1125 1589 1160 προδήλοις
1610 1125 1620 1160 )
1643 1133 1651 1140 ·
1685 1125 1722 1151 Οὐ
1733 1124 1840 1159 λέγομεν

1069 1170 1187 1205 παθητὸν
1211 1169 1241 1197 τὸ
1261 1169 1342 1196 θεῖον.
1375 1169 1437 1201 Πῶς
1455 1169 1485 1196 οὐ
1513 1169 1619 1204 λέγετε,
1645 1169 1686 1197 ὅτι
1709 1169 1788 1206 τέχνῃ
1799 1169 1840 1196 τὸν

1068 1215 1146 1250 λόγον
1161 1215 1379 1247 κατασκευάζετε
1392 1223 1399 1247 ;
1417 1214 1534 1246 Ἔπαθε,
1544 1215 1638 1249 φησὶν,
1649 1215 1686 1248 ὡς
1697 1215 1821 1250 ἠθέλησεν
1832 1223 1838 1230 ·

1068 1261 1100 1287 οὗ
1118 1260 1170 1296 μὴν
1179 1259 1299 1294 παθητδν
1309 1259 1389 1286 αὑτὸν
1397 1259 1522 1294 λέγομεν.
1539 1258 1571 1286 Τί
1587 1257 1775 1294 προσποιεῖσθε
1790 1255 1839 1291 (25)

1070 1304 1206 1340 φείδεσθαι
1220 1305 1267 1331 τοῦ
1283 1305 1430 1340 ὀνόματος,
1461 1304 1681 1339 κατατολμῶντες
1697 1302 1743 1331 τοῦ
1761 1302 1840 1337 πράγ-

1071 1360 1170 1387 ματοςς
1188 1351 1219 1377 Et
1238 1352 1414 1386 κατηγορεῖτε
1426 1351 1480 1377 τῶν
1489 1350 1622 1384 λεγόντων
1639 1350 1675 1385 μὴ
1690 1348 1840 1376 πεπονθέναι

1069 1397 1099 1424 τὸ
1115 1397 1195 1427 θεῖον,
1211 1396 1269 1428 πῶς
1286 1397 1334 1431 οὐχ
1346 1396 1498 1431 ὁμολογεῖτε
1521 1395 1610 1430 λέγειν
1627 1395 1692 1421 αὐτὸ
1711 1392 1839 1428 παθητόν;

1069 1441 1100 1468 El
1107 1442 1120 1467 ὁ
1129 1441 1164 1477 μὴ
1171 1441 1255 1474 λέγων
1264 1441 1338 1472 θείας
1347 1440 1453 1475 φύσεως
1462 1440 1556 1472 πάθος,
1565 1441 1689 1471 Ἰουδαῖος
1697 1438 1755 1465 καθ’
1762 1438 1839 1473 ὑμᾶς’

1068 1487 1082 1513 ὁ
1096 1486 1192 1520 λέγων,
1202 1486 1370 1522 Χριστιανός.
1381 1486 1435 1512 Καῖ
1444 1486 1501 1518 πῶς
1508 1486 1537 1512 οὐ
1547 1487 1648 1512 ποιεῖτε
1659 1483 1841 1520 προτιμότερον

232 1537 277 1568 gat
289 1543 296 1560 :
306 1533 479 1561 Christianus
493 1538 544 1565 est,
555 1534 601 1569 qui
613 1535 720 1561 asserit.
729 1534 759 1561 Et
771 1542 820 1561 cur
831 1542 884 1561 non
896 1534 1017 1562 Judmum

1069 1533 1113 1559 τὸν
1133 1532 1267 1566 Ἰουδαῖον,
1281 1533 1324 1559 τὸν
1332 1531 1436 1563 ἀπαθὲς
1449 1531 1631 1566 ὁμολογοῦντα
1644 1531 1672 1557 τὸ
1681 1530 1759 1561 θεῖον,
1773 1527 1842 1563 ὑμῶν

233 1579 353 1606 divinam
367 1585 492 1607 naturam
509 1580 685 1615 impatibilem
701 1580 872 1607 confitentem
885 1580 1017 1615 przeferlis

1068 1579 1122 1604 τῶν
1130 1578 1352 1613 ἀποφαινομένων
1365 1577 1430 1604 αὐτὸ
1442 1577 1570 1612 παθητόν;
1580 1577 1616 1608 ὠς
1627 1574 1695 1603 εἶναι
1704 1576 1766 1611 ὑμῖν
1772 1574 1843 1608 ἀνάγ-

233 1626 310 1653 vobis
332 1626 470 1661 patibilem
495 1626 580 1661 ipsam
605 1626 892 1658 aﬂirmanlibus.cum
909 1627 1020 1653 omnino

232 1679 376 1699 necessum
391 1672 437 1704 sit,
454 1676 500 1698 aut
514 1672 622 1699 Iudaeos
636 1680 685 1699 vos
701 1673 801 1703 vocari,
823 1673 844 1700 si
864 1672 1020 1707 impatibili-

233 1721 314 1745 tatem
340 1725 401 1745 esse
427 1717 628 1750 testificemini;
649 1721 696 1744 aut
712 1718 883 1746 Christianos
900 1719 1020 1753 appella-

233 1764 268 1795 ri,
294 1767 323 1790 ut
339 1771 387 1790 vos
412 1763 520 1798 quidem
545 1763 731 1791 Christianum
754 1757 883 1796 definitis,
901 1765 1020 1799 patibili-

233 1812 316 1836 tatem
331 1808 483 1836 sancientes
494 1809 505 1834 ?
518 1807 663 1842 Proponite
692 1810 849 1844 perspicue,
868 1818 948 1843 quam
979 1815 1018 1837 te-

234 1855 305 1881 netis
329 1854 500 1881 sententiam.
522 1863 530 1879 ε
548 1853 635 1881 Corde
658 1855 730 1881 enim
746 1855 866 1882 creditur
890 1855 922 1882 ad
939 1855 1018 1891 507

233 1898 378 1932 justitiam,
394 1906 440 1925 ore
458 1903 546 1926 autem
567 1899 705 1926 confessio
724 1899 752 1926 ftt
769 1900 802 1926 ad
828 1901 943 1927 salutem
957 1901 990 1927 “.
1006 1911 1014 1926 ι

236 1943 264 1971 Si
281 1943 398 1970 Verbum
423 1951 477 1970 non
499 1949 540 1971 est
561 1951 689 1979 passum,
713 1944 794 1979 igitur
810 1953 884 1971 caro.
903 1944 930 1972 Si
953 1953 1018 1972 caro

235 1998 288 2017 non
303 1993 344 2016 est
360 1997 450 2023 passa.
470 1989 552 2024 igitur
569 1989 697 2017 Verbum.
715 1989 741 2016 Si
765 1996 889 2017 neutrum
908 1991 1015 2023 borum,

235 2035 318 2070 igitur
338 2035 446 2069 aliquod
470 2036 591 2062 tertium.
611 2035 639 2062 Si
662 2035 766 2062 nullum
786 2037 909 2068 omnino,
934 2037 1017 2072 igitur

235 2080 327 2115 passio
340 2081 398 2115 ipsa
419 2087 473 2107 non
491 2079 539 2106 fuit
554 2089 560 2106 :
577 2079 600 2107 si
622 2080 730 2107 nemine
747 2079 864 2114 patiente
881 2080 931 2107 fuit
955 2088 1018 2114 pas-

239 2126 292 2157 sio,
315 2127 406 2161 opinio
423 2126 484 2158 fuit;
501 2125 628 2160 opinione
643 2126 790 2154 solvamur.
814 2126 896 2160 Igitur
911 2126 943 2152 ad
963 2126 1016 2152 Ma-

235 2172 355 2199 nichacos
370 2171 543 2206 confugistis.
554 2171 586 2198 Et
601 2179 650 2198 cur
667 2172 702 2198 ab
716 2179 808 2198 eorum
823 2171 930 2199 nomine
943 2171 1016 2198 refu-

1069 1633 1120 1659 κην
1150 1624 1291 1656 Ἰουδαίους
1317 1625 1389 1659 ὑμᾶς
1412 1623 1552 1650 καλεῖσθαι
1575 1620 1843 1658 προσμαρτυροῦντας

1068 1670 1098 1696 τὸ
1117 1670 1240 1702 ἀπαθές·
1267 1670 1283 1705 ἢ
1305 1669 1483 1705 Χριστιανοὺς
1507 1666 1687 1703 ὀνομάζεσθαι
1713 1666 1780 1694 κατὰ
1802 1664 1842 1692 τίαν

1070 1715 1199 1751 ὑμέτερον
1207 1716 1269 1751 ὅρον
1280 1714 1489 1750 νομοθετοῦντας
1497 1714 1526 1740 το
1535 1713 1618 1745 πάθος
1627 1723 1634 1747 ;
1643 1712 1788 1748 Γνωρίσατε
1799 1719 1842 1744 φα-

1068 1761 1153 1796 νερῶς
1172 1762 1205 1796 ἦν
1221 1761 1295 1796 ἔχετε
1307 1761 1393 1794 δόξαν.
1415 1769 1424 1784 ‹
1447 1759 1552 1795 Καρδίᾳ
1566 1759 1620 1795 γὰρ
1643 1758 1794 1785 πιστεύεται
1808 1755 1842 1786 εἰς

1067 1807 1237 1842 δικαιοσύνην
1247 1815 1254 1822 ο
1272 1807 1383 1840 στόματι
1396 1806 1424 1832 δὲ
1440 1806 1607 1841 ὁμολογεῖται
1624 1806 1664 1837 εἰς
1679 1803 1817 1839 σωτηρίαν.
1832 1810 1840 1825 ι

1068 1853 1098 1879 Εἰ
1114 1852 1150 1888 μὴ
1166 1852 1318 1878 πέπονθενὸ
1328 1851 1420 1885 Λόγος,
1430 1850 1525 1877 ουκοῦν
1539 1851 1556 1886 ἠ
1573 1849 1650 1885 σάρξ.
1663 1850 1693 1876 Et
1704 1849 1739 1884 μὴ
1755 1850 1769 1883 ἡ
1783 1845 1842 1882 σὰρξ

1068 1898 1210 1929 πέπονθεν,
1240 1897 1336 1924 οὐκοῦν
1362 1899 1376 1924 ὁ
1401 1897 1495 1931 Λόγος,
1519 1897 1551 1922 Εἰ
1572 1896 1717 1932 μηδέτερον
1740 1893 1841 1921 τούτων.

1066 1944 1164 1971 οὐκοῦν
1190 1944 1253 1971 ἄλλο
1277 1944 1376 1979 τρίτον.
1404 1943 1434 1969 Et
1459 1942 1540 1977 μηδὲν
1559 1941 1689 1977 manu;
1711 1939 1804 1966 οὐκοῦν
1816 1936 1842 1962 τδ

1068 1989 1151 2022 πάθος
1173 1990 1203 2016 οὐ
1218 1989 1336 2024 γέγονεν.
1352 1989 1383 2015 EE
1394 2008 1400 2019 ,
1428 1987 1541 2023 μηδενὸς
1563 1986 1704 2018 παθόντος,
1720 1985 1749 2011 τὸ
1767 1982 1843 2012 πάθος

1066 2036 1171 2069 γέγονε,
1195 2035 1304 2070 δόκησις
1333 2035 1442 2068 γέγονε·
1468 2033 1576 2068 δοκήσει
1607 2031 1756 2068 σωζόμεθα.
1779 2029 1843 2065 Πρὸς

1066 2082 1232 2116 Μανιχαίους
1248 2081 1343 2108 οὐκοῦν
1356 2081 1568 2116 ηὐτομολήσατε.
1586 2080 1642 2106 Καὶ
1665 2079 1721 2110 πῶς
1739 2076 1842 2112 φεῦγετε

1065 2127 1114 2162 τὴν
1132 2128 1243 2154 ἐκείνων
1260 2126 1453 2162 προσηγορίαν,
1473 2122 1509 2152 ὧν
1529 2125 1671 2160 φαίνεσθαι
1694 2121 1842 2158 κληρονόμοι

1065 2172 1115 2207 τῆς
1131 2173 1265 2208 ἀφορήτου
1288 2171 1465 2203 κακοδοξίαςς
1490 2170 1568 2196 Οὕτω
1590 2170 1619 2196 δὲ
1643 2168 1770 2196 Ἰουδαίων
1793 2163 1843 2199 χεί-

235 2216 307 2251 gitis,
322 2216 368 2251 qui
385 2224 432 2243 vos
456 2223 599 2250 pravorum
617 2221 643 2242 et
667 2216 878 2243 inlolerabilium
903 2224 1014 2243 suorum

1069 2227 1131 2254 ρους
1152 2217 1314 2253 φανήσεσθε,
1344 2218 1391 2244 καὶ
1413 2217 1571 2251 Μανιχαίων
1591 2216 1621 2242 οὐ
1639 2215 1739 2250 πόρρω.
1756 2211 1806 2239 Καὶ
1819 2209 1843 2236 τί

235 2261 389 2295 dogmath
403 2261 521 2288 Incredes
533 2261 675 2289 manifeste
691 2262 809 2289 habent?
824 2261 891 2289 lline
905 2268 1017 2296 apparet

234 2316 283 2335 vos
298 2312 323 2335 et
341 2308 446 2343 pejores
471 2308 572 2336 Iudaeis
589 2316 664 2341 esse,
688 2312 715 2336 ct
737 2316 751 2335 a
778 2308 932 2336 Manicbmis
962 2316 1015 2335 non

235 2353 349 2380 ntultnm
371 2354 476 2381 abesse.
501 2353 552 2381 Sed
578 2354 641 2388 quid
666 2353 785 2381 dicimus
808 2354 841 2381 de
865 2353 966 2382 Judteis
990 2360 1017 2382 et

236 2398 409 2427 Manichceis?
430 2399 526 2426 Vestra
547 2399 655 2434 longius
673 2407 815 2435 progressa
830 2403 872 2426 cst
893 2399 1016 2431 audacia,

236 2453 316 2480 quam
335 2446 406 2472 illius
422 2446 519 2480 ipsius.
533 2446 579 2480 qui
603 2446 693 2473 omnis
716 2445 779 2472 mali
795 2450 890 2472 auctor
903 2448 956 2476 est,
971 2444 1017 2479 qui

236 2491 342 2518 occulte
360 2492 411 2518 ista
435 2491 510 2518 vobis
536 2491 651 2519 inseruit
676 2491 797 2521 zizania.
821 2491 868 2526 qui
891 2491 1018 2517 omnibus

236 2536 316 2564 bonis
330 2537 446 2567 invidet,
462 2537 572 2563 diaboli.
598 2536 645 2564 llle
663 2537 708 2563 ubi
728 2536 760 2563 ad
781 2535 925 2563 Iordanem
947 2535 1019 2562 divi-

236 2589 299 2608 nam
315 2581 464 2610 Salvatoris
479 2582 592 2615 gloriam
607 2581 758 2617 conspexit,
772 2581 881 2608 invidia:
899 2581 1019 2608 stimulis

237 2627 364 2662 agitatus,
386 2635 441 2655 non
460 2635 544 2655 ausus
559 2632 600 2655 est
622 2627 753 2655 tentando
769 2627 844 2662 prius
863 2627 950 2662 ipsum
973 2635 1020 2661 ag-

238 2673 325 2708 gredi,
339 2680 420 2708 quam
446 2672 515 2700 fame
531 2674 701 2700 laborantem
719 2673 796 2705 vidit,
811 2681 872 2708 quze
895 2673 1021 2700 humana:

240 2717 405 2746 infirmitatis
422 2723 484 2745 nota
499 2723 550 2746 est.
564 2719 680 2754 Agnovit
695 2719 747 2746 hoc
762 2719 871 2747 deitatis
883 2718 1021 2754 proprium

276 2785 299 2801 “
319 2784 395 2812 Rom.
414 2794 446 2818 χ,
465 2786 508 2814 10.

1068 2264 1182 2299 λέγομεν
1203 2263 1336 2290 Ἰουδαίων
1356 2262 1402 2289 καὶ
1424 2261 1598 2296 Μανιχαίων;
1618 2259 1703 2286 Αὑτοῦ
1724 2258 1768 2285 τοῦ
1786 2256 1842 2283 πάν-

1069 2318 1120 2336 των
1137 2308 1245 2343 εὑρετοῦ
1260 2307 1314 2334 τῶν
1332 2306 1423 2334 κακῶν
1439 2307 1485 2333 τοῦ
1499 2306 1584 2332 ταῦτα
1601 2306 1664 2341 ὑμῖν
1679 2301 1843 2335 ὑποσπείρον-

1068 2364 1113 2387 τος
1133 2355 1166 2381 τὰ
1188 2353 1304 2387 ζιζάνια,
1325 2353 1372 2380 τοῦ
1397 2352 1555 2387 φθονοῦντος
1578 2353 1634 2383 τοῖς
1657 2350 1746 2380 καλοῖς
1766 2348 1842 2374 ἅπασι

1069 2400 1200 2432 διαϐόλου,
1211 2400 1423 2435 τολμηροτέρους
1434 2399 1544 2430 ἑαυτοὺς
1553 2398 1716 2433 ἀπεφήνατε.
1726 2394 1841 2423 Ἐκεῖνος,

1070 2447 1114 2474 ὅτε
1138 2445 1205 2473 εἶδεν
1222 2446 1267 2472 ἐπὶ
1289 2445 1335 2472 τοῦ
1356 2445 1487 2481 Ἰορδάνου
1502 2445 1550 2480 τὴν
1566 2443 1612 2470 τοῦ
1627 2442 1749 2478 Σωτῆρος
1762 2438 1842 2466 ἔνθεον

1071 2492 1159 2525 δόξαν,
1177 2491 1298 2527 κέντροις
1310 2491 1356 2517 τοῦ
1369 2491 1464 2526 φθόνου
1482 2490 1653 2525 νυσσόμενος,
1673 2489 1703 2515 οὐ
1725 2486 1842 2522 πρότερῖν

1071 2537 1203 2572 ἐτόλμησε
1216 2537 1398 2573 προσαγαγεῖν
1416 2536 1464 2571 τὴν
1480 2537 1586 2571 πεῖραν,
1598 2535 1649 2566 ἕως
1660 2531 1689 2561 οὗ
1704 2531 1768 2559 εἶδεν
1781 2529 1841 2564 ἀψαο

1075 2585 1158 2620 μένην
1183 2583 1230 2618 τὴν
1255 2584 1357 2614 πεῖναν,
1381 2581 1553 2617 ἀνθρωπίνης
1578 2581 1679 2611 ἐνδείας
1701 2577 1839 2612 γνώρισμα-

1073 2628 1156 2661 Οἷιτος
1175 2629 1231 2664 ᾔδει
1246 2629 1294 2663 τῆς
1305 2621 1474 2662 θεότητοξτὸ
1487 2626 1591 2657 ἀπαθὲς
1606 2626 1669 2652 ἴδιον
1681 2624 1725 2651 καὶ
1738 2620 1840 2654 ἀπείρα-

1075 2683 1153 2702 στον·
1167 2675 1244 2709 ὑμεῖς
1267 2673 1294 2699 δὲ
1313 2673 1361 2708 τὴν
1389 2674 1480 2698 πεῖναν
1501 2673 1548 2699 καὶ
1566 2672 1614 2706 τὴν
1635 2670 1721 2705 δίψαν,
1736 2667 1779 2694 καὶ
1797 2665 1840 2713 ὣς

1073 2721 1195 2751 τοιαῦτα,
1214 2719 1263 2754 τῆς
1285 2718 1409 2753 θεότητος
1429 2718 1514 2753 αὐτῆς
1538 2714 1724 2752 ἀποφαίνεσθε,
1738 2713 1782 2740 καὶ
1797 2715 1841 2738 1ου

277 2843 332 2880 (25)
343 2842 432 2881 Vulg.,
449 2845 658 2880 προσποιεῖσθαι,
679 2849 707 2872 ut
720 2850 745 2873 et
761 2845 841 2880 paulo
854 2844 923 2873 infra
934 2845 1017 2881 φανήσ

1071 2853 1098 2872 αι
1107 2851 1156 2880 pro
1170 2841 1332 2878 φανήσεσθε.
1346 2840 1422 2868 Eon.
1431 2824 1437 2830 ’
