1926 3068
97 129 168 157 1577

492 126 779 155 (ΣΟΝΡῌΤΑΤΙΟΝΕΞ
799 125 1019 159 QUARUMDAM
1035 125 1331 154 PBOPOSITIONUM.

1287 69 1302 81 δ

1652 124 1722 152 1578

97 185 215 222 σταυροῦ
235 185 265 211 τὸ
287 184 371 216 πάθος
388 185 455 220 αὐτῇ
474 186 506 220 τῇ
531 185 636 221 θεότητι
662 186 755 220 σαφῶς
772 186 885 222 περιφέ-

943 193 1008 219 esse,
1026 194 1080 214 non
1097 186 1165 221 pati,
1188 193 1244 213 non
1267 184 1379 213 tentari.
1401 184 1457 212 Vos
1471 187 1566 212 contra
1580 187 1607 210 et
1624 183 1721 210 famem

98 241 168 269 ρετε.
188 233 304 264 Ἐκεῖνος
320 232 351 258 δι’
364 232 514 267 ὑπερὸολὴν
531 232 660 267 πονηρίας
673 232 719 258 ἀπ’
734 233 820 267 ἀρχῆς
836 233 881 258 ἁν-

97 278 285 314 θρωποκτόνος
307 277 526 313 προσηγορεύθη·
546 278 623 312 ὑμεῖς
635 278 662 304 δὲ
684 277 716 303 δι’
730 278 882 313 ὑπερϐολὴν

96 325 147 359 τῆς
168 323 239 351 κατά
265 323 330 349 Θεὸν
349 323 475 354 ἀπονοίας
495 322 649 354 θεοκτόνους
665 325 728 355 τοὺς
744 323 883 355 Ἰουδαίους

97 369 328 406 προσαγορεύετε·
346 370 393 396 καὶ
409 369 458 395 οὐκ
471 368 627 404 αἰσχύνεσθε
642 368 750 404 μείζονα
770 369 884 404 δύναμιν

96 415 144 442 τοῦ
158 415 316 442 διδασκάλου
331 415 383 441 τῶν
397 414 524 441 τοιούτων
541 415 674 446 Ἰουδαίοις
683 417 738 446 τοῖς
752 415 884 450 μαθηταῖς

98 462 296 496 ἀπονέμοντες·
322 461 368 487 καὶ
394 461 463 487 κατά
488 460 535 496 τὴν
560 461 696 496 ἔγγραφον
721 462 884 497 κατηγορίαν

97 508 206 542 γνόντες
217 507 261 534 τὸν
272 507 349 538 Θεὸν,
364 507 412 542 οὐχ
423 507 460 538 ὡς
474 507 539 533 Θεὸν
553 506 686 539 δοξάζετε.
696 507 820 542 Παθητδν
832 508 884 543 γὰρ

98 553 167 581 εἶναι
184 553 411 584 κατασκευάζετε.

934 239 960 262 et
975 234 1060 267 sitim,
1072 237 1100 261 et
1116 233 1138 260 si
1155 241 1207 268 qua
1223 232 1305 267 hujus
1329 231 1437 266 generis
1456 231 1507 258 alia
1528 235 1606 262 sunt,
1629 229 1724 257 deitati

936 281 988 316 ipsi
1012 279 1141 310 tribuitis.
1162 283 1188 306 et
1212 278 1299 306 eidem
1326 278 1420 305 deitati
1449 277 1604 312 passionem
1630 274 1722 303 crucis

937 325 1080 353 manifeste
1094 325 1239 352 ascribitis.
1255 324 1301 351 ille
1317 329 1426 359 propter
1439 330 1573 350 summam
1589 322 1722 349 malitiam

938 372 1071 399 homicida
1085 371 1118 398 ab
1131 370 1209 397 initio
1221 370 1311 397 dictus
1323 373 1363 398 est
1377 379 1383 396 :
1395 377 1444 396 vos
1459 375 1569 404 propter
1582 375 1721 395 sumtnum

938 417 1068 444 adversus
1089 417 1172 444 Deum
1195 416 1314 443 furorem
1335 415 1444 442 Iudaeos
1469 414 1516 441 Dei
1533 414 1721 441 interfectores

937 461 1029 488 dicitis
1044 470 1050 488 :
1069 469 1118 488 nec
1136 461 1265 495 majorem
1284 460 1432 495 potentiam
1448 458 1549 486 Iudaeis
1566 458 1721 493 discipulis.

938 515 1018 542 quam
1033 508 1153 542 ipsorum
1169 507 1300 541 magistro
1315 505 1422 532 diabolo
1438 505 1558 532 tribuere
1570 504 1700 532 veremini
1713 512 1720 531 :

938 553 1055 588 deniquo
1070 558 1098 580 ut
1115 553 1194 579 habet
1216 551 1364 587 Scriptura:
1387 551 1545 583 accusatio,-
1558 558 1620 577 cum
1639 549 1722 578 Deum

97 600 238 631 noveritis,
255 604 345 626 tamen
361 603 390 626 ut
407 598 490 625 Deum
507 606 560 625 non
583 598 751 633 glorificatis.
777 598 918 626 Patibilem
935 599 1006 626 enim
1025 606 1086 626 eum
1104 606 1164 626 esse
1181 598 1354 625 contenditis.

80 642 86 663 ⁸
453 657 525 682 xm.

1296 655 1365 682 Xlll.

97 714 177 749 Πρὸς
201 714 271 746 τοὺς
293 713 447 748 λέγοντας,
475 713 524 749 ὅτι
543 713 591 740 καὶ
620 713 738 748 ἄγγελοι
766 713 814 740 ἐπὶ
833 714 886 741 τὸν

943 713 1068 740 Adversus
1087 721 1129 740 eos
1152 712 1195 749 qui
1217 712 1321 739 dicunt.
1338 711 1443 746 angelos
1459 711 1528 749 apud
1544 709 1724 749 {Abrahamum

141 749 262 793 Ἀβραὰμ
273 749 424 781 ἐσθίοντες
434 750 470 775 οὐ
485 748 602 782 πάντως
614 749 728 783 σαρκὸς
740 749 887 783 ἐπέφερον

135 793 242 818 φυσιν.

134 829 243 856 Πολλῶν
260 828 306 855 καὶ
323 829 448 864 πονηρῶν
466 831 660 864 τεχνασμὲιτων
677 829 818 863 γεγονότες
834 833 886 854 πα-

99 875 187 912 τέρες,
197 876 221 902 οἱ
234 875 266 902 τὰ
282 874 451 910 αἰώνιαὸρια
463 874 516 901 τῶν
535 875 672 909 ὲνθέσμισν
681 875 806 908 πατέρων
822 882 885 908 μετ-

99 923 165 958 ᾶραι
183 920 434 956 φιλονεικήσαντες,
464 920 513 946 οὐκ
532 920 705 956 ἠρκέσθησαν
730 921 785 951 τοῖς
812 919 886 950 ἰδίοις

99 967 221 1002 ἐκγόνοις
231 975 238 982 ι
257 967 314 993 ἁλλ’
330 966 369 993 ἔτι
383 966 430 992 καὶ
446 965 499 992 τῶν
512 965 594 993 πάλαι
612 965 745 1000 πολεμίων
762 965 810 1000 τῆς
824 965 886 991 ἀπο-

101 1014 225 1049 στολικῆς
259 1013 420 1049 Ἐκκλησίας
449 1013 633 1049 ἀμϐλωθρίδια
654 1012 768 1047 δυσγενῆ
796 1011 886 1042 κακῶς

99 1060 312 1095 ἀποκλέιᾷαντες,
337 1060 374 1091 ὡς
395 1059 490 1094 εὐγενῆ
510 1059 556 1085 καὶ
576 1058 676 1085 τέλειον
693 1058 770 1084 τόκον
782 1057 886 1092 δογμά·

100 1116 155 1133 των
180 1105 394 1142 προϐάλλονται,
419 1105 466 1132 καὶ
492 1105 525 1131 δι’
556 1103 644 1130 αὐτῶν
670 1103 704 1130 τὰ
729 1102 886 1138 Μανιχαίων

101 1156 167 1190 ἡμῖν
182 1154 355 1185 ὲπισείουσιν,
371 1153 408 1185 ὼς
426 1153 471 1178 ἐπὶ
493 1151 539 1178 τοῦ
559 1151 683 1186 Ἀϐραὰμ
701 1150 832 1184 ἀγγέλους
852 1151 885 1186 τῇ

101 1201 190 1235 οἰκεία
218 1200 297 1234 φύσει
322 1198 425 1234 τροφῆς
448 1197 640 1233 μετεσχηκέναι
662 1196 885 1232 τερατευόμενοι,

102 1247 151 1273 καὶ
167 1247 216 1282 τὴν
230 1245 342 1280 θεότητα
357 1244 403 1271 τοῦ
418 1243 550 1270 Δεσπότου
565 1242 683 1278 Χριστοῦ
698 1241 768 1268 κατὰ
782 1241 827 1267 τὸν
843 1241 887 1267 αὺ-

102 1293 148 1319 τὸν
161 1293 261 1328 τρόπον
274 1291 334 1326 δίχα
351 1291 450 1326 σαρκὸς
470 1290 571 1325 τροφὴν
590 1289 637 1316 καὶ
657 1289 736 1315 ποτὸν
750 1288 887 1324 εἰληφέναι

103 1337 331 1372 ἀποφαινόμενοι·
346 1336 432 1363 καίτοι
446 1336 495 1371 τῆς
514 1336 594 1369 ἁγίας
613 1334 722 1370 Γραφῆς
738 1334 767 1360 οὐ
787 1335 820 1369 τῇ
839 1333 888 1367 φύ-

104 1393 145 1411 σει
161 1386 240 1410 τοῦτο
252 1382 424 1418 γεγενῆσθαι.
440 1383 472 1418 τῇ
490 1382 518 1408 δὲ
531 1381 590 1416 ὕψει
611 1380 677 1416 μόνῃ
698 1380 791 1414 σαφῶς
817 1388 889 1415 παρ-

104 1429 233 1465 ιέτώσης.
264 1430 296 1455 Et
320 1428 375 1464 γάρ
392 1426 426 1464 ἦν
451 1426 577 1462 φύσειτά
591 1427 729 1461 γινόμενα,
751 1426 804 1452 ἔδει
829 1425 889 1456 τοὺς

104 1478 178 1512 τρεῖς
210 1476 329 1507 ἐκείνους
355 1475 453 1510 ἄνδρας
483 1473 675 1508 ὀνομάζεσθαι,
713 1472 729 1508 ἠ
758 1471 889 1506 ἀγγέλους

903 851 923 878 Β

105 1520 351 1558 προσαγορεύεσθαι
371 1520 447 1556 (πολὺ
470 1519 523 1555 γὰρ
542 1519 596 1544 τῶν
617 1517 663 1544 δύο
681 1517 766 1551 γενῶν
785 1516 815 1542 τὸ
834 1516 890 1543 διά·
903 1526 925 1556 c

106 1570 212 1604 ᾳορθνγ
238 1567 276 1598 ὠς
301 1566 400 1601 ἄνδρας
425 1565 473 1600 μὲν
497 1565 585 1596 ὄντας,
613 1564 694 1599 μηδὲν
717 1563 788 1590 κατὰ
811 1563 891 1598 φύσιν

105 1610 253 1649 ἀγγελικὴν
274 1611 488 1640 ἐπιδείκνυσθαι·
502 1611 632 1645 ἀγγέλους
659 1609 686 1636 δὲ
711 1610 798 1641 ὂντας.
822 1609 891 1636 κατὰ

108 1660 190 1696 μηδξν
212 1659 290 1695 μέλος
313 1657 466 1693 σωματικὸν
485 1657 531 1683 καὶ
553 1655 757 1690 ἐπιφαίνεσθαι,
785 1651 828 1681 οἷα
860 1654 892 1690 δὴ

109 1706 260 1741 πνεύματα.
291 1704 353 1735 Πῶς
382 1701 428 1729 οὖν
455 1702 570 1729 διδόασιν
601 1701 691 1732 αὐτοῖς
714 1701 784 1727 κατά
813 1700 893 1735 φύσιν

106 1752 219 1788 τροφὴν,
244 1751 281 1782 ὡς
305 1749 436 1784 ἀνδράσι;
462 1747 575 1779 Ψευδῶς
597 1746 686 1772 τοίνυν
704 1746 812 1781 ἄγγελοι
828 1755 893 1782 μνη-

110 1798 276 1834 μονεύονται.
302 1795 372 1821 Ἀλλ’
397 1795 434 1826 ὡς
455 1793 597 1828 ἁγγέλοις;
626 1792 673 1818 καὶ
696 1792 737 1823 τίς
765 1791 893 1827 μετουσία

108 1845 245 1879 τνεῠμασι
266 1842 368 1879 τροφῆς
398 1840 550 1875 αἱσθητῆςς
574 1839 591 1875 ἢ
617 1839 688 1873 τάχα
718 1836 893 1873 μυθολογοῦσι

108 1892 157 1918 xa‘.
171 1890 232 1921 τοὺς
247 1889 377 1923 ἀγγέλους
393 1886 649 1922 ὲνανθρωπήσαντας
670 1884 834 1919 σωματικοῖς
850 1883 896 1918 69—

108 1939 201 1972 γάνοις
227 1935 377 1963 ἀπολαῦσαι
413 1931 575 1967 σωματικῶν
606 1930 778 1965 ἑδεσμὰτων;
807 1930 837 1956 El
866 1929 895 1955 δὲ

111 1982 337 2019 μεταϐαλλόμενοι
357 1981 445 2014 φαῖεν,
462 1977 616 2010 ἐνδείξεως,
638 1977 668 2002 οὐ
688 1975 804 2010 φύσεως,
826 1973 895 2001 εἶναι

109 2030 159 2064 τὴν
176 2027 300 2062 εὐωχίαν,
316 2027 423 2056 πάντως
443 2024 459 2059 ἢ
479 2022 683 2056 καταλείψουσιν
707 2021 745 2052 ὡς
764 2020 896 2047 ἀνοίκειον

108 2073 338 2109 τοπαράδειγμα,
352 2071 369 2106 ἦ
394 2071 440 2096 ἐπὶ
458 2068 503 2095 τοῦ
528 2068 652 2102 Σωτῆρος
672 2066 821 2101 φαντασίαν
837 2065 896 2092 ἀντὶ

110 2121 160 2155 τῆς
185 2119 313 2154 ἀληθείας
336 2116 526 2150 ἐπεισάγοντες
549 2113 748 2149 εὑρεθήσονται.
764 2112 826 2143 ΙΙῶς
850 2109 896 2138 οὖν

110 2167 246 2203 τολμῶσιν
267 2165 367 2195 ἓλκειν,
389 2163 426 2194 ὡς
445 2163 535 2197 ὅμοιον
551 2161 581 2187 τδ
600 2161 743 2195 ἀνόμοιον;
761 2158 792 2185 Τί
810 2158 897 2185 κοινὸν

989 749 1102 779 edentes,
1116 746 1203 774 carnis
1219 752 1344 774 naturam
1359 755 1410 773 non
1425 747 1530 772 omnino
1543 746 1670 772 induisse.

972 827 1029 855 Etsi
1047 827 1193 855 multorum
1218 827 1406 860 malorumque
1432 827 1648 852 commentorum
1676 831 1725 859 pa-

939 879 994 901 tres
1012 873 1076 900 facti
1095 877 1169 905 sunt,
1186 871 1232 907 qui
1248 875 1393 906 perpetuos
1413 870 1596 905 legitimorum
1616 874 1724 904 patrum

938 919 1004 946 fines
1019 918 1168 946 transferre
1192 921 1256 945 sunt
1272 918 1372 948 conati,
1389 923 1443 943 non
1459 915 1527 943 satis
1548 919 1613 942 sunt
1632 919 1723 941 tamen

938 965 1005 999 ipsis
1021 964 1092 991 fetus
1111 963 1235 999 proprii:
1252 963 1300 991 sed
1325 962 1395 989 male
1420 962 1533 996 insuper
1558 960 1725 988 suifurantes

938 1018 1033 1038 eorum
1061 1009 1107 1045 qui
1132 1017 1162 1036 se
1192 1008 1257 1035 olim
1290 1007 1447 1042 apostolicae
1479 1006 1607 1033 Ecclesiae
1633 1005 1725 1033 hostes

939 1054 1055 1090 professi
1079 1057 1157 1085 sunt,
1178 1053 1311 1088 ignobiles
1335 1051 1407 1079 fetus
1426 1052 1575 1084 abortivos,
1591 1059 1642 1078 eost
1665 1054 1726 1078 tan-

939 1109 1020 1137 quam
1038 1107 1201 1136 geuerosum
1219 1104 1245 1126 et
1269 1098 1420 1134 perfectum
1443 1097 1599 1132 dogmatum
1617 1100 1725 1131 partum

938 1148 1091 1184 proferunt,
1108 1154 1209 1182 perque
1225 1146 1285 1173 illos
1301 1144 1510 1172 Maniclmorum
1526 1142 1624 1178 dogma
1645 1142 1726 1170 nobis

939 1195 1064 1221 nituntur
1079 1193 1210 1223 excitare,
1226 1191 1466 1217 comminiscentes
1482 1189 1594 1224 angelos
1615 1188 1663 1224 qui
1689 1187 1728 1215 di-

939 1243 1080 1267 verterunt
1093 1237 1125 1264 ad
1147 1237 1331 1264 Ahrahamum
1350 1236 1460 1270 propria
1479 1239 1576 1262 natura
1601 1241 1650 1261 sua
1675 1227 1714 1260 ali

939 1285 1024 1312 menti
1040 1283 1126 1310 factos
1147 1282 1231 1309 fuisse
1247 1281 1407 1316 participes,
1426 1285 1453 1308 et
1468 1281 1527 1316 pari
1542 1279 1624 1307 modo
1639 1279 1728 1307 deita-

940 1334 995 1358 tem
1011 1329 1117 1356 Domini
1136 1328 1237 1356 Christi
1253 1328 1356 1362 absque
1371 1334 1453 1354 carne
1470 1327 1560 1354 cibutn
1573 1329 1726 1360 potumque

941 1375 1092 1410 sumpsisse
1103 1374 1316 1401 confirmantes:
1333 1372 1395 1399 licet
1412 1371 1552 1407 Scriptura
1570 1378 1658 1402 sacra,
1672 1378 1728 1398 non

941 1421 1102 1449 naturaliter
1126 1419 1172 1448 sed
1189 1423 1351 1454 apparenter
1367 1417 1540 1446 solummodo
1563 1417 1590 1444 id
1614 1417 1728 1450 factum,

941 1467 1042 1495 diserte
1055 1465 1259 1500 comprobante.
1275 1464 1303 1491 Si
1318 1465 1390 1491 enitn
1407 1463 1570 1491 naturaliter
1586 1465 1639 1491 ista
1656 1463 1729 1491 facta

942 1517 1021 1545 sunt,
1042 1515 1149 1547 oportet
1175 1515 1230 1538 tres
1259 1510 1320 1537 illos
1344 1513 1392 1536 aut
1414 1509 1489 1537 viros
1506 1509 1660 1542 nominari,
1682 1512 1730 1536 aut

942 1558 1053 1593 angelos
1075 1556 1226 1591 nuncupari
1255 1555 1382 1591 (multum
1409 1554 1481 1582 enim
1502 1554 1574 1582 inter
1598 1555 1652 1582 duo
1671 1554 1729 1582 haec
1762 1562 1766 1565 '

941 1611 1041 1640 genera
1058 1607 1101 1631 est
1115 1601 1294 1636 discriminis)
1317 1601 1369 1628 etsi
1396 1599 1507 1634 quidem
1531 1600 1582 1627 viri
1610 1600 1727 1632 fuerint,

942 1651 1010 1679 nihil
1026 1649 1098 1685 quod
1123 1649 1155 1676 ad
1173 1651 1299 1675 naturam
1326 1646 1475 1682 angelicam
1502 1645 1664 1680 ostendere;
1686 1646 1730 1674 sin

943 1697 1048 1733 angeli;
1072 1695 1147 1723 nullo
1172 1701 1305 1728 corporeo
1334 1692 1456 1720 membro
1482 1699 1559 1719 more
1584 1692 1730 1727 spirituum

943 1749 1073 1778 apparere
1090 1742 1150 1768 illos
1164 1739 1296 1776 oportuit.
1310 1737 1455 1772 Quomodo
1469 1737 1553 1773 igitur
1568 1738 1660 1766 cibum
1676 1738 1731 1765 illis

944 1790 1020 1816 daret
1040 1787 1190 1816 secundum
1206 1784 1349 1813 naturam?
1361 1783 1486 1818 nunquid
1511 1787 1541 1810 ut
1557 1783 1641 1810 viris?
1661 1783 1731 1811 falso

944 1833 1027 1869 igitur
1051 1832 1139 1868 angeli
1162 1831 1246 1859 fuisse
1264 1832 1460 1858 memorantur.
1482 1827 1610 1864 Nunquid
1630 1834 1660 1856 ut
1682 1836 1731 1856 an-

945 1881 1030 1916 gelis?
1045 1887 1132 1914 ecqua
1146 1878 1287 1914 spiritibus
1301 1883 1364 1904 cum
1382 1875 1505 1904 sensibili
1520 1875 1583 1903 cibo
1596 1879 1637 1903 est
1657 1882 1733 1903 eom-

946 1927 1055 1954 munio?
1072 1926 1124 1952 nisi
1144 1924 1214 1952 forte
1229 1927 1256 1952 et
1278 1923 1389 1958 angelos
1412 1922 1538 1949 homines
1561 1921 1649 1950 factos
1668 1928 1731 1948 eor-

947 1972 1086 2008 poralibus
1109 1970 1220 2005 organis
1243 1969 1305 1997 cibo
1329 1967 1465 2002 corporali
1486 1966 1540 1994 frui
1564 1966 1730 1994 fabulantur.

947 2015 976 2042 Si
994 2018 1097 2042 mutata
1114 2013 1249 2041 sententia
1267 2012 1396 2045 dixerint,
1413 2019 1468 2039 non
1497 2019 1590 2039 revera
1609 2016 1637 2039 et
1652 2016 1733 2039 natu-

947 2062 1051 2092 raliter,
1075 2060 1120 2088 sed
1138 2063 1299 2095 apparenter
1325 2058 1393 2086 istos
1414 2061 1538 2092 epulatos
1563 2056 1668 2084 fuisse:
1685 2061 1733 2084 aut

948 2108 1104 2142 relinquant
1121 2110 1228 2141 oportet
1250 2104 1402 2139 exemplum
1421 2103 1579 2137 angelorum
1601 2106 1631 2129 ut
1652 2110 1732 2137 pere-

948 2154 1068 2189 grinum,
1084 2156 1132 2179 aut
1145 2152 1173 2179 in
1186 2151 1336 2184 Salvatore,
1348 2150 1409 2177 loco
1419 2149 1552 2180 veritatis,
1561 2147 1733 2182 phantasiam

270 2211 317 2246 τὴν
341 2191 468 2244 μεγάλην.
484 2206 584 2241 ταύτην
609 2191 762 2239 οἰκονομίαν
787 2205 802 2239 ἡ
828 2204 891 2230 κατὰ

950 2200 1078 2227 inducere
1099 2197 1311 2233 comperientnr.
1337 2195 1395 2228 Qua
1422 2195 1506 2230 igitur
1531 2193 1621 2221 fronte
1648 2193 1733 2221 dissi-

111 2261 175 2290 τοὺς
191 2258 320 2292 ἀγγέλους
336 2256 364 2282 ἐν
390 2256 524 2289 σχήμασιν
545 2252 665 2287 inopia;
681 2252 726 2286 Μὴ
742 2251 895 2285 φαίνονται;

112 2306 193 2336 πότε-,ς
208 2304 224 2339 ἥ
243 2303 311 2335 ποῦ;
327 2302 343 2336 ἢ
362 2300 436 2335 παρά
450 2299 520 2330 τίνος
535 2297 693 2332 ἐτέχθησαν,
711 2297 748 2328 ὡς
760 2297 774 2323 ὁ
798 2296 898 2323 Δεσπό-

112 2359 163 2385 της
183 2347 317 2384 Χριστός;
339 2346 384 2382 Μὴ
406 2346 460 2379 ἁφῇ
479 2343 547 2371 κατὰ
572 2343 618 2370 τὸν
637 2342 692 2368 ἴσον
709 2341 898 2377 ὑπεόλήθησαν

112 2394 231 2430 τρόπονς
248 2392 293 2427 Μὴ
321 2389 468 2427 περιτομὴν
494 2386 634 2420 ὲδέξειντο;
662 2386 698 2422 μὴ
725 2386 898 2422 προκοπὴνῆ

114 2440 227 2476 αὓξησιν
259 2438 452 2471 ὲπεδείξαντος
485 2434 521 2471 μὴ
558 2433 754 2469 νηστεύσαντες
787 2433 898 2468 ὕστερον

114 2487 260 2513 ἐπείνασαν
272 2493 280 2517 ;
298 2484 335 2520 μὴ
347 2483 526 2513 κοπιάσαντες
539 2481 569 2513 ἐξ
584 2479 735 2514 ὁδοιπορίας
750 2479 878 2514 ὲδίψησαν
890 2487 898 2512 ;

117 2534 154 2569 μὴ
171 2532 216 2559 τὸν
230 2531 312 2558 ὕπνον
328 2530 366 2562 ὡς
388 2530 486 2556 οἰκεῖον
501 2526 666 2562 ἑγνώρισαν;
684 2525 720 2560 μὴ
743 2526 839 2560 πεῖραν
854 2533 900 2560 μα-

116 2579 215 2613 στίγων
227 2577 335 2609 ἔλαὸθν;
350 2575 388 2611 μὴ
399 2574 512 2601 θανάτου
526 2570 899 2608 παραπλησίως-ὲγεύσαντο;

117 2626 155 2662 μὴ
177 2625 248 2660 ταφῇ
268 2622 471 2659 παρεδόθησανς
498 2619 534 2655 μὴ
560 2617 719 2652 κατέλειψαν
742 2617 837 2651 ἱμάτια
862 2617 901 2647 είς

115 2671 230 2701 πολλοὺς
260 2667 441 2704 μεριζόμενα,
465 2665 623 2692 διδάσκοντα
647 2664 679 2698 τῇ
705 2661 797 2697 πείρᾳ,
820 2661 901 2696 μηδὲν

114 2719 186 2746 νοεῖν
206 2716 277 2743 κατά
289 2715 410 2749 δόκησιν,
427 2712 494 2739 ἀλλά
515 2711 602 2738 πάντα
619 2709 679 2736 καθ’
694 2708 842 2736 ὑπόστασιν
856 2707 903 2733 καὶ

114 2763 265 2799 danaum;
281 2761 313 2788 Et
331 2760 385 2796 γὰρ
408 2759 516 2794 δοκήσει
543 2757 621 2792 σῶμα
644 2753 716 2791 εἶχεν
737 2755 752 2781 ὁ
776 2752 902 2789 Χριστὸς,

155 2842 222 2878 (25⁸)
244 2840 334 2873 Forte,
351 2839 431 2868 visio.

947 2245 1011 2272 mile
1036 2249 1166 2279 tanquam
1191 2242 1280 2270 simile
1302 2241 1335 2268 ad
1360 2240 1500 2268 Christum
1523 2239 1624 2266 audent
1641 2239 1734 2266 detor-

947 2291 1048 2327 quere?
1058 2289 1128 2323 Quid
1143 2296 1205 2316 cum
1221 2286 1354 2322 stupenda
1368 2285 1521 2313 mconomia
1533 2288 1616 2320 atque
1626 2284 1734 2320 dispen-

947 2337 1053 2364 satione
1081 2341 1225 2362 commune
1255 2332 1336 2359 habet
1365 2331 1410 2358 illa
1438 2330 1596 2365 angelorum
1631 2329 1732 2356 visibili

948 2381 1038 2417 specie
1046 2379 1232 2415 apparentium
1245 2377 1359 2405 historia
1368 2377 1456 2411 (25‘)?
1469 2374 1739 2410 Conspiciunturnel

949 2426 1075 2463 quando?
1089 2429 1136 2452 aut
1149 2425 1212 2452 ubi?
1223 2428 1268 2451 aut
1281 2431 1313 2451 ex
1327 2430 1380 2458 qua
1397 2423 1452 2450 nati
1471 2425 1545 2454 sunt,
1558 2425 1587 2448 ut
1602 2421 1733 2453 Dominus

949 2472 1092 2502 Christus?
1104 2470 1174 2498 Num
1190 2471 1286 2497 eodem
1302 2469 1340 2496 illi
1353 2468 1434 2495 modo
1449 2467 1534 2494 tactui
1549 2466 1658 2494 fuerunt
1671 2466 1735 2494 sub-

948 2519 1032 2555 jecti?
1056 2517 1126 2545 Num
1149 2515 1304 2544 circumcisi
1326 2513 1408 2542 sunt?
1431 2521 1466 2540 an
1487 2512 1662 2548 profecerunt
1687 2515 1734 2539 aut

951 2565 1113 2594 creverunt?
1127 2571 1192 2591 num
1212 2563 1473 2598 cumjejunassent',
1496 2558 1605 2587 tandem
1629 2557 1734 2585 esurie-

951 2612 1031 2640 runt‘?
1054 2619 1117 2638 num
1141 2610 1222 2645 508
1242 2617 1276 2637 ex
1293 2608 1391 2636 itinere
1417 2606 1479 2634 fessi
1505 2603 1649 2633 sitierunt?
1666 2611 1734 2631 num

952 2658 1104 2688 naturalem
1119 2663 1244 2684 somnum
1261 2655 1362 2690 experti
1378 2653 1459 2681 sunt?
1478 2659 1543 2679 num
1562 2650 1654 2686 ﬂagris
1663 2650 1734 2678 anesi

953 2703 1035 2732 sunt?
1056 2709 1131 2730 numr
1144 2700 1238 2728 eodem
1264 2707 1319 2734 quo
1343 2698 1388 2725 ille
1405 2697 1485 2725 modo
1501 2699 1615 2723 mortem
1642 2699 1734 2730 gusta-

953 2749 1034 2777 runt?
1048 2755 1112 2776 nutn
1125 2747 1270 2782 sepulturae
1284 2748 1347 2773 sunt
1363 2743 1475 2771 traditi?
1490 2750 1553 2770 num
1568 2742 1735 2777 reliquerunt
