1926 3068
217 131 286 160 Ιὸῗθ

759 127 788 154 S.
810 125 1033 153 ATIIANASIUS
1053 140 1088 146 —
1107 126 1243 154 SPURIA.

1774 128 1844 157 1380

215 188 377 217 vestimenta
403 186 474 213 inter
501 185 591 220 plures
616 184 784 212 distributa?
809 191 870 218 quae
903 190 997 218 magno

1052 182 1145 220 ὥσπερ
1159 183 1269 219 δοκήσει
1284 183 1377 219 σχῆμα
1391 183 1495 219 ἀνδρῶν
1517 184 1543 210 οἱ
1566 183 1686 218 ἄγγελοι,
1707 184 1761 212 ἔδει
1776 185 1844 220 μηδὲ

215 236 376 270 argumento
392 235 472 262 sunt,
499 230 567 256 nihil
590 230 617 256 in
641 229 752 256 Christo
777 228 999 263 phantasticum,

215 285 279 306 vera
297 281 386 304 autem
409 281 435 303 et
451 275 642 302 substantialia
659 276 751 302 omnia
766 273 954 310 intelligenda.
973 274 1002 300 Si

215 325 288 352 enim
304 328 333 351 ut
352 323 440 358 angeli
462 323 581 349 virorum
606 322 725 357 speciem
748 321 877 356 opinione
898 320 1000 347 indue-

215 374 295 400 runt,
319 369 354 396 ita
373 368 500 396 Christus
528 367 656 402 opinione
680 375 780 402 corpus
805 367 899 394 habuit
921 376 928 394 :
947 374 1002 394 non

215 418 361 451 potuerunt
382 415 466 442 videri
489 419 516 441 et
537 414 621 441 tactui
646 414 744 448 subjici
766 414 927 441 vestimenta
950 412 1003 440 Do-

214 462 292 494 mini,
307 460 534 496 quemadmodum
552 468 602 487 nec
619 461 776 495 angelorum
792 460 863 486 mole
879 459 1002 494 corporis

214 506 376 534 carentium.
391 505 451 538 Quo
467 507 549 541 igitur
569 510 648 540 pacto
662 513 705 532 res
721 505 792 532 inter
807 512 836 531 se
851 504 1002 532 dissimiles

214 552 385 588 impudenter
400 552 556 583 conferunt,
573 557 599 578 et
616 559 676 586 qua:
694 550 778 578 tantis
792 550 922 577 distincta
938 553 1002 576 sunt

215 598 304 625 modis
322 598 487 633 conjungere
507 598 656 624 cernantur?
670 597 725 632 Age
743 604 806 624 vero
822 597 904 624 verba
923 596 995 624 inter

215 653 244 672 se
270 649 362 672 nostra
388 648 415 671 et
438 644 544 670 illorum
571 643 756 670 conferamus.
785 642 840 670 Nos
870 643 1001 676 dicimus,

214 689 357 716 Dominum
376 697 439 716 vere
464 688 614 716 secundum
636 696 746 716 carnem
770 688 939 721 comedisse,
963 689 1002 716 si-

212 735 323 770 quidem
340 735 391 762 hoe
412 735 485 761 omni
501 734 577 761 carni
595 734 747 768 proprium;
765 733 803 760 illi
830 733 924 761 dicunt
948 741 999 760 an-

213 781 288 816 gelos
311 780 480 812 comedisse,
505 779 641 815 siquidem
667 783 734 806 tunc
759 787 817 806 rem
842 778 1002 814 huiusmodi

216 826 373 862 angelorum
394 830 492 852 natura
512 825 631 852 admisit.
657 823 933 860 Nos.esperientiam
959 829 1001 853 te-

213 860 282 900 stem
299 872 448 904 habemus;
465 871 504 898 illi
518 875 545 898 et
564 871 702 898 rationum
715 875 744 898 et
768 871 904 898 factorum
922 872 1002 898 testi-
1016 860 1038 888 Β

212 918 305 945 Inouio
321 917 517 945 destituuntur.
532 916 587 944 Nos
602 917 657 944 illis
672 921 699 944 et
714 916 814 944 famem
833 921 861 944 et
876 917 949 944 sitim
965 925 1000 945 ex

212 963 323 991 Litteris
339 963 425 991 sacris
446 962 628 998 proferimus;
644 962 682 990 illi
702 967 830 990 neutrum
851 962 949 990 borum
965 963 1000 991 de

211 1009 316 1044 angelis
330 1013 444 1044 possunt
456 1008 656 1035 demonstrare.
672 1007 727 1036 Nos
743 1008 877 1040 membra,
897 1015 998 1035 secun-

211 1054 276 1082 dum
298 1062 470 1082 communem
487 1054 628 1081 hominum
647 1053 859 1086 formationem;
885 1053 925 1080 illi
950 1061 1000 1080 na—

211 1105 301 1127 turam
327 1100 504 1135 angelorum,
526 1106 608 1134 quam
636 1099 758 1126 membra
791 1099 894 1126 habere
918 1107 999 1127 nemo

211 1148 356 1182 quisquam
373 1153 457 1173 ausus
476 1145 558 1172 fuerit
577 1145 720 1172 afﬁrmare.
735 1144 856 1173 Membra
871 1151 960 1174 autem
976 1146 1000 1174 si

211 1193 311 1224 desint,
331 1192 396 1227 quid
411 1196 453 1219 est
469 1191 542 1226 quod
562 1191 760 1218 nutrimentum
778 1192 914 1227 recipiat?
933 1192 999 1227 quid

211 1238 283 1272 quod
305 1237 488 1265 comminuat?
504 1236 569 1272 quid
591 1237 664 1272 quod
689 1237 813 1273 digerat?
837 1237 901 1273 quid
927 1237 1000 1273 quod

210 1283 421 1317 retineat2qnid
445 1282 517 1319 quod
541 1282 748 1309 concoctionem
774 1282 917 1318 perﬁciat?
935 1283 1001 1318 quid

210 1329 283 1365 quod
299 1330 413 1365 reliqua,
436 1337 496 1365 qua:
513 1329 625 1357 honoris
647 1336 732 1356 causa
747 1329 842 1356 taceo?
857 1328 997 1362 Quemad-

1055 228 1102 254 τοῦ
1121 229 1222 264 Κυρίου
1237 230 1352 265 φανῆναί
1375 238 1405 256 τε
1426 231 1473 257 καὶ
1493 230 1549 265 ἁφῇ
1578 230 1760 266 ὑποϐληθῆναι
1783 231 1845 267 ἱμά-

1053 282 1109 305 τια,
1123 275 1248 310 καθάπερ
1266 275 1311 301 ἐπὶ
1330 274 1384 302 τῶν
1405 275 1558 310 ἀσωμάτων
1579 275 1703 310 ἀγγέλων
1726 275 1842 310 ἐγένετο.

1054 320 1116 352 Πῶς
1131 319 1177 347 οὖν
1191 321 1222 347 τὸ
1241 321 1323 356 μηδὲν
1337 321 1424 353 ἐοικὸς
1437 322 1525 348 ἐκεῖνο
1538 321 1577 357 τῷ
1597 323 1768 358 προκειμένῳ
1782 324 1842 350 ἐπι-

1055 366 1183 402 φέρουσιν
1197 367 1323 398 ἀναιδῶς,
1340 367 1386 393 καὶ
1399 367 1544 393 συνάπτειν
1561 368 1710 403 πειρῶνται
1725 368 1759 395 τὰ
1774 369 1844 396 κατὰ

1057 412 1201 444 τοσούτους
1213 413 1329 448 τρόπους
1347 413 1578 448 παρηλλαγμένας
1593 414 1647 440 Καὶ
1663 415 1845 450 σκοπήσωμεν

1053 459 1085 485 ἐκ
1108 457 1282 494 παραλλήλου
1305 459 1369 490 τοὺς
1382 458 1513 493 ἡμῶνητε
1537 459 1584 485 καὶ
1605 459 1718 486 ἐκείνων
1738 460 1843 495 λόγους.

1059 505 1155 540 Ἡμεῖς
1170 513 1260 538 φαμεν
1271 504 1378 540 άληθῶς
1388 504 1555 541 βεϐρωκέναι
1563 505 1632 531 κατὰ
1642 505 1692 540 τὴν
1703 505 1791 541 σάρκα
1799 505 1845 533 τὸν

1053 549 1167 585 Κύριον,
1180 549 1273 584 ἐπειδὴ
1285 549 1363 576 τοῦτο
1374 549 1462 584 πάσης
1474 549 1573 584 σαρκός
1583 558 1590 565 ο
1605 551 1702 577 ἐκεῖνοί
1720 559 1788 585 φασι
1800 551 1847 586 βε-

1055 596 1190 631 ϐρωκέναι
1216 596 1279 627 τοὺς
1300 596 1448 630 ἀγγέλους,
1472 595 1564 631 ἐπειδὴ
1591 596 1651 622 τότε
1675 596 1707 623 τὸ
1725 597 1846 624 τοιοῦτον

1053 642 1133 676 φύσις
1147 641 1269 676 ἀγγέλων
1281 641 1399 675 ἐδέξατο.
1418 643 1512 678 Ἡμεῖς
1529 642 1655 678 μάρτυρα
1677 642 1727 678 τὴν
1748 645 1848 678 πεῖραν

1053 687 1150 724 ἔχομεν
1163 695 1169 702 ·
1186 688 1263 714 αὐτοὶ
1283 688 1330 714 καὶ
1352 688 1439 722 λόγων
1457 687 1544 714 ἄλλων
1565 688 1612 714 καὶ
1629 688 1717 724 ἔργων
1741 697 1846 725 μαρτυ-

1054 733 1172 770 ρούντων
1195 733 1286 765 αὐτοῖς
1311 734 1468 769 ἀποροῦσιν.
1490 733 1584 769 Ἡμεῖς
1610 735 1658 760 καὶ
1682 735 1775 761 πεῖναν
1797 735 1848 762 καὶ

1052 780 1131 815 δίψαν
1154 780 1186 805 ὲκ
1215 779 1269 806 τῶν
1290 778 1374 813 ἁγίων
1399 780 1576 815 παριστῶμεν
1599 780 1619 806 Γ
1622 780 1714 815 ραιρῶν
1737 781 1846 813 αὐτοῖς·

1053 826 1151 852 ἐκεῖνοι
1163 825 1265 851 τούτων
1278 825 1416 860 οὐδέτερον
1430 826 1476 852 ἐπὶ
1489 825 1546 852 τῶν
1567 826 1689 860 ἀγγέλων
1701 826 1784 859 δεῖξαι
1803 827 1850 853 δυ-

1052 871 1188 906 νήσονται.
1210 870 1305 904 Ἡμεῖς
1322 870 1389 905 μέλη
1405 870 1474 896 κατά
1492 872 1542 906 τὴν
1556 871 1602 897 τοῦ
1624 871 1723 903 παντὸς
1738 871 1848 907 ἀνθρώ-

1052 926 1105 944 που
1128 917 1288 944 διάπλασιν·
1314 917 1412 943 ἐκεῖνοι
1438 917 1518 951 φύσιν
1539 917 1681 952 ἀγγέλων,
1703 917 1737 952 ἢν
1758 918 1849 950 οὐδεὶς

1053 963 1125 998 ἔχειν
1139 962 1208 998 μέλη
1229 961 1395 997 τετόλμηκεν
1414 962 1615 998 ἀποφήνασθαι.
1637 963 1734 990 Μελῶν
1756 963 1785 989 δὲ
1807 963 1848 998 μὴ

1052 1009 1147 1039 ὅντων,
1171 1008 1197 1034 τί
1218 1007 1248 1034 τὺ
1266 1007 1444 1042 προσιέμενον
1461 1007 1510 1043 τὴν
1523 1009 1626 1044 τροφήν
1637 1016 1645 1040 ;
1657 1008 1682 1034 τί
1698 1009 1729 1034 τὸ
1747 1008 1849 1035 λεπτύ-

1053 1062 1115 1086 νον;
1132 1054 1158 1080 τί
1176 1054 1208 1080 τὸ
1221 1054 1340 1086 πέπτον;
1355 1054 1382 1080 τί
1405 1055 1436 1080 τὸ
1460 1054 1590 1090 κατέχον;
1606 1055 1632 1081 τί
1653 1055 1684 1081 τὸ
1699 1055 1748 1090 τὴν
1764 1055 1849 1090 πέψιν

1052 1100 1253 1136 ἑργαξόμενονς
1271 1100 1297 1127 τί
1312 1100 1342 1127 τὸ
1361 1100 1434 1135 ἑξῆς,
1458 1101 1527 1136 ὅπερ
1545 1101 1654 1136 τιμήσω
1674 1103 1707 1137 τῇ
1733 1103 1847 1137 σιωπῇ;

1053 1146 1161 1182 Ὥσπερ
1181 1144 1227 1173 οὖν
1250 1147 1346 1183 ἄνδρες
1362 1147 1492 1181 φανέντες
1510 1147 1535 1174 ot
1563 1148 1684 1182 ἄγγελοι,
1700 1149 1750 1176 οὐκ
1773 1147 1847 1184 ἦσαν

1053 1192 1148 1227 ἄνδρες
1172 1193 1205 1227 τῇ
1229 1191 1326 1226 φύσει·
1349 1192 1434 1224 οὕτως
1458 1192 1518 1219 οὐδὲ
1534 1192 1634 1219 ἐσθίειν
1658 1193 1848 1228 νομισθέντες,

1053 1236 1146 1271 ἢσθιον
1168 1235 1261 1270 φύσειε
1284 1237 1331 1264 τὸν
1345 1237 1481 1272 φιλόξενον
1495 1237 1634 1273 δὲτρόπον
1654 1238 1700 1265 τοῦ
1721 1239 1849 1275 Ἀϐραὰμ

1053 1282 1154 1317 ἐτίμων
1170 1282 1208 1318 τῷ
1228 1283 1348 1319 σχήματι
1371 1284 1421 1319 τῆς
1438 1285 1592 1319 μετουσίας,
1614 1285 1737 1322 ζηλωτὴν
1762 1287 1847 1313 αὑτοῦ

1053 1329 1103 1364 τὴν
1117 1329 1217 1365 ἀρετὴν
1231 1330 1438 1364 ἀποφαίνοντες.

210 1377 320 1402 modum
343 1375 425 1410 igitur
447 1374 554 1410 angeli.
579 1381 642 1402 cum
667 1375 720 1402 viri
743 1382 805 1402 esse
829 1375 996 1407 viderentur,
1030 1375 1080 1402 viri
1098 1379 1187 1403 tamen
1205 1379 1302 1403 natura
1322 1383 1378 1404 non
1402 1376 1532 1404 fuerunt:
1550 1377 1588 1404 ita
1607 1378 1638 1404 'et
1664 1385 1726 1405 cum
1752 1378 1848 1405 cibum

209 1428 306 1456 capere
331 1421 564 1454 existimarentur,
593 1427 688 1448 revera
722 1428 776 1448 non
808 1421 995 1448 comederunt.
1016 1416 1253 1456 ‘Hospitalitatem
1285 1425 1377 1450 autem
1396 1423 1545 1451 Abrahami
1565 1423 1753 1456 honorabant,
1777 1431 1849 1451 con-

210 1468 288 1495 sortii
323 1469 414 1504 specie
446 1467 575 1496 virtutem
611 1467 671 1502 ejus
707 1467 870 1494 imitandam
903 1467 1088 1496 declarantes.

539 1530 544 1536 -
558 1522 635 1558 μιν.

210 1570 342 1598 Aduersus
358 1578 402 1597 eos
419 1570 463 1605 qui
479 1569 581 1596 nullum
598 1578 649 1596 non
668 1569 825 1596 miraculum
840 1570 999 1597 imminuunt

428 1613 459 1631 eo
473 1604 541 1639 quod
553 1613 658 1631 carnem
673 1609 775 1639 negent.

243 1651 344 1680 Verum
364 1659 398 1678 ne
416 1651 546 1679 miracula
565 1651 674 1686 quidem
690 1650 795 1678 Domini
821 1650 929 1678 insidiis
940 1650 998 1678 suis

209 1699 296 1726 libera
316 1701 343 1725 et
360 1697 438 1724 ﬁrma
456 1697 635 1732 reliquerunt,
650 1697 697 1732 qui
722 1697 756 1724 ab
783 1697 997 1724 orthodbxorum

211 1743 297 1770 choro
320 1742 354 1769 ad
376 1742 549 1769 adversarios
566 1749 595 1769 se
617 1742 795 1776 conjecerunt
818 1751 824 1768 :
849 1741 897 1769 sed
922 1749 998 1769 eom-

207 1789 311 1825 pressis
325 1789 525 1823 coarctatisque
541 1788 591 1820 iis,
611 1789 708 1816 horum
726 1795 780 1815 non
795 1788 922 1815 viderunt
937 1795 995 1814 ma-

208 1834 389 1870 gnitudinem,
409 1842 457 1868 per
479 1842 540 1869 quae
561 1834 653 1861 carnis
678 1833 893 1868 assumptionem
916 1841 997 1869 nega~

208 1883 291 1912 runt;
312 1879 406 1906 deitati
424 1879 475 1907 soli
494 1879 551 1907 haec
567 1880 747 1907 ascribentes.
769 1878 824 1906 Nos
846 1886 912 1906 vero
930 1886 997 1906 con«

209 1924 361 1953 sideremus
376 1932 456 1959 opera
473 1925 543 1960 ipsa,
565 1925 701 1959 quomodo
719 1925 753 1952 ab
771 1924 851 1952 initio
865 1924 899 1951 ad
915 1924 997 1953 linem

209 1978 295 2006 usque
310 1971 482 2006 praeclariora
501 1970 662 2003 reddantur,
677 1971 770 1998 carnis
786 1970 974 2006 assumptione
987 1980 993 1998 :

209 2018 305 2045 viliora
329 2023 393 2044 vero
421 2016 603 2051 reperiantur,
633 2015 728 2043 eadem
754 2016 866 2050 rejecta.
894 2015 994 2042 Partus

208 2062 328 2098 Virginis
352 2065 520 2098 magnumet
542 2061 649 2089 celebre
672 2065 715 2088 est
731 2061 891 2088 (nconomia:
914 2065 996 2095 atque

207 2107 420 2143 dispensationis
443 2106 596 2134 exordium.
619 2105 647 2133 Si
672 2109 766 2133 natum
800 2106 870 2132 nihil
893 2110 935 2134 est
962 2107 996 2134 de

208 2151 320 2188 Virgine
348 2155 460 2184 sancta,
484 2151 546 2186 quis
576 2158 740 2186 magnopere
769 2151 886 2178 miratus
912 2150 995 2178 fuerit

1410 1525 1482 1554 XIV.

1049 1570 1130 1605 Πρὸς
1148 1571 1220 1605 τοὺς
1236 1574 1457 1612 σμικρργρντας
1473 1572 1603 1612 ἕκαστον
1617 1574 1724 1608 θαῦμα,
1739 1573 1780 1606 τῷ
1793 1575 1848 1609 ἀρ-

1291 1607 1407 1634 νεῖσθαι
1423 1607 1481 1642 τὴν
1497 1607 1606 1642 σάρκα.

1090 1652 1170 1679 Ἀλλὰ
1185 1652 1238 1688 μὴν
1255 1653 1314 1680 οὐδὲ
1329 1653 1363 1680 τὰ
1379 1653 1506 1689 θαύματα
1530 1655 1578 1681 τοῦ
1603 1656 1706 1691 Κυρίου
1727 1656 1846 1683 καταλε-

1047 1697 1157 1725 λοίπασι
1176 1698 1226 1733 τῆς
1249 1700 1313 1734 παρ’
1328 1700 1419 1726 αὐτῶν
1443 1700 1589 1736 ἐπιϐουλῆς
1605 1701 1734 1737 ἐλεύθερα
1750 1711 1779 1728 τε
1795 1704 1848 1730 καὶ

1048 1743 1222 1780 ἀνενόχλητα,
1241 1745 1266 1770 οἱ
1291 1745 1361 1781 πρὸς
1376 1746 1426 1781 τὴν
1448 1747 1572 1773 ἐναντίαν
1588 1749 1684 1783 μοῖραν
1699 1748 1745 1774 τοῦ
1762 1749 1845 1784 χοροῦ

1047 1788 1101 1815 τῶν
1112 1788 1259 1824 ὀρθοδόξων
1275 1790 1388 1821 ἑαυτοὺς
1406 1790 1613 1826 ἀπορρήξαντες
1623 1800 1629 1806 ·
1648 1792 1846 1828 καθαιροῦντες

1046 1834 1075 1861 δὲ
1103 1835 1150 1861 καὶ
1175 1835 1376 1867 συστέλλοντες,
1394 1835 1424 1862 τὸ
1446 1835 1549 1863 τούτων
1565 1838 1616 1863 οὐκ
1635 1837 1743 1873 ᾔδεισαν
1760 1838 1845 1873 μέγε-

1047 1880 1103 1912 θος,
1127 1881 1160 1907 δι’
1187 1878 1224 1908 ὧν
1247 1882 1401 1916 ἠρνήσαντο
1423 1882 1473 1917 τῆς
1496 1883 1596 1918 σαρκὸς
1619 1883 1670 1919 τὴν
1696 1884 1844 1920 ἀνάληψιν,

1047 1926 1250 1962 ἐπιγράψαντες
1272 1927 1359 1954 ταῦτα
1377 1929 1466 1963 γυμνῇ
1489 1929 1522 1962 τῇ
1544 1927 1657 1964 θεότητι.
1669 1929 1724 1956 Καὶ
1738 1932 1845 1965 σκοπὴ-

1047 1979 1138 2007 σωμεν
1154 1973 1199 1998 ἐπ’
1214 1972 1303 1999 αὐτῶν
1328 1973 1382 2000 τῶν
1405 1974 1585 2009 πραγμάτων,
1598 1975 1657 2006 πῶς
1680 1976 1727 2003 ἀπ’
1752 1976 1844 2012 ἀρχῆς

1045 2017 1108 2052 ἄχρι
1131 2017 1225 2050 τέλους
1249 2018 1355 2054 μεγάλα
1381 2019 1429 2054 μὲν
1451 2019 1588 2047 δείκνυται
1610 2022 1644 2056 τῇ
1667 2021 1716 2056 τῆς
1740 2023 1843 2057 σαρκὸς

1045 2063 1189 2099 ἀναλήψει,
1205 2064 1304 2099 ἥττονα
1328 2065 1358 2091 δὲ
1383 2065 1551 2100 εὑρίσκεται,
1565 2066 1668 2103 ταύτης
1692 2067 1846 2104 ἀθετουμέ-

1044 2117 1103 2144 νης.
1120 2109 1205 2141 Τόκος
1220 2110 1297 2137 ἐστὶν
1314 2111 1346 2136 ἐκ
1367 2111 1506 2146 Παρθένου
1525 2111 1556 2138 τὺ
1576 2113 1648 2148 μέγα
1668 2114 1716 2140 καὶ
1736 2113 1843 2147 ἔνδοξον

1044 2154 1093 2189 τῆς
1113 2155 1269 2189 οἰκονομίας
1289 2155 1440 2191 προοίμιον.
1465 2157 1497 2183 El
1527 2158 1612 2192 μηδὲν
1633 2159 1666 2185 ὲκ
1689 2159 1739 2194 τῆς
1759 2159 1842 2193 ἁγίας

207 2202 315 2233 partum
331 2196 425 2224 illum?
443 2204 507 2224 cum
521 2203 571 2224 nec
592 2199 707 2223 matrem
729 2195 804 2223 illam
825 2203 888 2223 vere
902 2195 995 2223 dicere

1049 2199 1184 2235 Παρθένου
1205 2200 1236 2226 τὸ
1258 2201 1351 2236 τεχθὲν
1367 2203 1525 2238 ἐπεφέρετο,
1544 2204 1585 2236 τίς
1602 2204 1635 2231 ἆν
1651 2204 1791 2240 ἐθαύμασε
1808 2206 1842 2232 τὸ

207 2243 305 2278 possit,
320 2250 380 2277 qua:
401 2241 636 2269 consubstantiale
652 2241 721 2268 nihil
744 2249 778 2268 ex
802 2249 832 2268 se
849 2241 994 2276 prodeunti

207 2289 425 2317 communicasse
448 2288 618 2323 intelligatur
636 2297 643 2314 :
661 2295 712 2315 nec
736 2287 902 2323 stupendum
928 2287 995 2323 quid

208 2341 270 2362 esse
286 2334 439 2366 existimes,
452 2341 512 2361 eam
527 2340 588 2368 quae
602 2332 686 2360 Mater
702 2332 773 2360 facta
787 2333 833 2365 sit,
852 2332 994 2368 Virginem

209 2387 330 2411 manere,
346 2378 480 2413 siquidem
497 2378 614 2405 Verbum
631 2385 682 2406 sua
696 2385 746 2405 nos
768 2378 912 2412 praesentia
929 2378 993 2405 abs—

207 2433 261 2460 que
277 2424 400 2452 sensibili
415 2432 529 2460 corpore
542 2424 683 2459 dignatum
697 2427 751 2451 est.
764 2422 884 2451 Rursum
899 2424 993 2458 paucis

207 2471 310 2498 dictum
325 2474 384 2503 est,
408 2470 498 2498 Jesum
516 2469 665 2505 profecisse
688 2473 779 2502 aetate,
804 2469 940 2504 sapientia
964 2474 992 2496 et

207 2516 306 2551 gratia.
328 2515 357 2543 Si
371 2523 481 2544 carnem
503 2515 660 2547 sustuleris,
675 2515 738 2550 quis
753 2515 781 2541 in
806 2515 887 2542 laude
911 2517 994 2550 ponet

207 2562 375 2589 incrementa
404 2565 431 2588 et
463 2561 679 2589 meliorationem
717 2559 829 2588 deitatis
861 2567 922 2595 quae
959 2559 993 2587 ab

206 2612 309 2635 aeterno
332 2607 450 2642 perfecta
473 2612 531 2640 est,
553 2615 614 2642 qua:
631 2615 686 2634 non
710 2606 796 2642 pluris
820 2606 911 2642 indiga
935 2609 991 2638 est,

207 2659 268 2688 quae
292 2652 358 2680 nihil
385 2653 494 2680 aliunde
519 2653 628 2681 auferre
655 2657 703 2680 aut
731 2652 855 2688 accipere
882 2651 992 2687 potest?

205 2699 382 2734 Consequens
401 2702 444 2726 est
470 2699 553 2734 igitur
576 2706 686 2726 carnem
711 2706 784 2730 esse,
805 2699 885 2732 cujus
907 2706 990 2727 causa

206 2745 345 2781 profectus
360 2745 405 2772 ille
427 2744 591 2777 celebratur,
612 2749 722 2780 propter
743 2744 803 2779 ejus
817 2752 879 2771 eum
902 2744 991 2772 Verbo

206 2791 346 2818 unionem.
361 2790 393 2817 Et
408 2791 553 2818 maximum
568 2793 692 2818 novimus
704 2790 904 2822 testimonium,
918 2792 990 2826 quod

206 2837 328 2877 δρψ-ξε
351 2844 470 2874 unquam
486 2842 600 2874 peccato
616 2837 822 2871 contaminarit,
837 2837 911 2872 quod
927 2845 990 2865 cum

1044 2246 1204 2280 γενόμενονς
1227 2247 1295 2282 μήτε
1314 2249 1421 2284 μητέρα
1439 2249 1528 2283 λέγειν
1551 2250 1636 2286 αὐτὴν
1653 2251 1738 2283 ὅντως
1758 2251 1841 2278 δυνά-

1045 2299 1126 2326 μενος
1141 2291 1173 2318 τδ
1190 2291 1272 2327 μηδὲν
1285 2293 1372 2328 αὐτῆς
1385 2295 1527 2330 ὁμοούσιον
1544 2295 1583 2331 τῷ
1597 2297 1755 2332 προελθόντι
1773 2306 1840 2325 συν-

1046 2337 1129 2364 ιέναι·
1153 2338 1220 2374 μήτε
1234 2339 1384 2374 παράδοξον
1406 2341 1507 2376 κρίνων
1523 2342 1554 2368 τὸ
1577 2343 1702 2377 γενέσθαι
1720 2344 1837 2380 μητέρα,

1043 2383 1091 2409 καὶ
1107 2383 1197 2418 μεῖναι
1216 2384 1363 2420 Παρθένον,
1381 2386 1461 2422 εἴπερ
1474 2387 1538 2414 ἄνευ
1562 2387 1687 2424 σώματος
1706 2389 1837 2426 αἰσθητοῦ

1042 2428 1092 2463 τὴν
1107 2428 1203 2456 ἑαυτοῦ
1219 2430 1369 2466 παρουσίαν
1384 2433 1398 2458 ὁ
1414 2433 1501 2467 Λόγος
1521 2435 1586 2469 ἡμῖν
1605 2435 1760 2470 ἐχαρίσατο.
1778 2436 1837 2463 Πά-

1043 2474 1084 2501 λιν
1098 2475 1205 2511 εῐρηται
1220 2478 1344 2513 προκοπὴ
1360 2478 1491 2515 σύντομος
1501 2480 1608 2516 ἡλικίας
1623 2482 1670 2508 καὶ
1681 2483 1776 2517 σοφίας
1789 2484 1836 2510 καὶ

1042 2520 1163 2556 χάριτος.
1189 2522 1250 2549 Ἐὰν
1272 2523 1375 2559 ἀφέλῃς
1393 2525 1443 2561 τὴν
1466 2526 1564 2562 σάρκα,
1585 2527 1626 2559 τίς
1643 2527 1746 2560 δέξεται
1767 2529 1836 2565 πρὸς

1043 2565 1152 2594 ἔπαινον
1170 2567 1295 2604 θεότητος
1308 2569 1420 2605 αὔξησιν
1435 2572 1480 2598 καὶ
1492 2571 1631 2607 βελτίωσιν
1647 2574 1696 2609 τῆς
1710 2573 1738 2606 ἐξ
1749 2575 1834 2602 ἀϊδίου

1042 2611 1158 2643 τελείας,
1171 2613 1217 2639 καὶ
1231 2615 1299 2649 μήτε
1311 2615 1431 2647 πλείονος
1440 2616 1579 2652 δεομένης,
1592 2619 1660 2654 μήτε
1673 2620 1801 2655 ἀφαιρεῖν
1816 2620 1832 2656 η

1042 2655 1190 2692 λαμϐάνειν
1203 2659 1235 2685 ὲκ
1251 2659 1305 2685 τῶν
1316 2659 1413 2693 ἔξωθεν
1424 2662 1591 2698 δυναμένης;
1608 2664 1768 2700 Ἐπαινετὴν
1779 2666 1833 2692 τοί-

1041 2710 1088 2728 νυν
1097 2703 1146 2738 τὴν
1160 2705 1300 2739 προκοπὴν
1313 2706 1330 2740 ἡ
1344 2705 1411 2741 σὰρξ
1426 2708 1570 2742 ἀποφαίνει
1584 2709 1628 2736 διὰ
1641 2710 1692 2745 τῆς
1706 2711 1775 2746 πρὸς
1787 2711 1833 2737 τὸν

1040 2747 1125 2780 Λόγον
1135 2747 1267 2779 ἑνώσεως.
1281 2750 1335 2776 Καὶ
1346 2751 1478 2787 μεγίστην
1494 2754 1647 2788 μαρτυρίαν
1663 2754 1832 2790 γινώσκομεν

1040 2792 1087 2818 τοῦ
1098 2793 1135 2828 μὴ
1143 2793 1253 2828 ποιῆσαι
1262 2795 1342 2822 αὑτὸν
1353 2797 1500 2832 ἁμαρτίαν,
1511 2800 1543 2826 ἐκ
1553 2799 1599 2826 τοῦ
1612 2800 1657 2826 καὶ
1669 2801 1759 2836 σάρκα
1768 2801 1831 2835 ἀλη-

1041 2838 1116 2874 θινὴν
1135 2839 1163 2866 έν
1181 2840 1271 2876 αὐτῷ,
1290 2842 1337 2869 καὶ
1356 2842 1422 2878 μηδὲ
1443 2843 1516 2879 ἴχνος
1536 2845 1673 2879 ἁμαρτίας
1691 2847 1768 2877 ὁρᾶν.
1785 2846 1830 2879 Ὦς
