1926 3068
90 139 160 169 1581

497 131 784 164 CONFUTATIONES
803 128 1024 164 QUARUMDAM
1045 124 1334 155 PBOPOSITIONUM.

1654 123 1725 152 {382

90 199 152 233 εῐγε
173 197 237 233 περὶ
255 196 381 230 θεότητος
396 194 510 227 ἐλέγετο
532 192 580 219 νῦν
602 191 649 218 καὶ
677 191 760 226 μόνης
785 189 816 216 τὸ
836 189 883 215 ἁν-

942 194 1044 214 :arnem
1066 193 1160 213 veram
1183 185 1297 216 habeat.
1316 184 1424 211 nullum
1450 188 1542 212 tamen
1567 183 1672 219 peccati
1698 184 1724 210 in

91 244 261 280 αμάρτητον,
273 242 386 276 γελᾶσαι
403 240 501 276 μᾶλλον
514 239 531 274 ἢ
549 237 688 273 Θαυμάσαι
699 236 762 267 τοὺς
773 234 884 262 ἀκούον-

91 299 143 321 τας
160 289 233 325 ὲνῆν,
251 288 288 323 μὴ
308 288 387 322 μόνον
407 287 457 322 τῆς
471 286 595 319 θεότητος
611 283 763 320 κρείττονος
775 281 817 308 ἀεὶ
834 280 885 307 πά-

93 344 146 371 σης
157 335 285 371 μέμψεως
304 333 467 368 πεφυκυίας,
479 331 535 358 ἀλλ’
549 331 598 365 ἢδη
614 329 659 356 καὶ
680 328 816 364 μυριάδων
834 327 885 360 ἀγ-

93 382 182 416 γέλων
197 379 392 415 φυλαξαμένων
408 378 438 404 τὺ
453 377 630 412 ἁμαρτάνειν.
653 373 733 401 Ἀλλὰ
750 373 794 400 διὰ
807 372 885 398 τοῦτο

93 427 214 462 λέγεται,
226 426 374 461 ἐπειδήπερ
388 424 418 456 ἐξ
437 422 598 459 ἁμαρτωλοῦ
610 421 706 455 γένους
724 418 856 454 ληφθεῖσα
868 418 884 452 ἡ

93 474 228 509 ἄχραντος
243 471 321 507 σὰρξ,
336 472 369 506 τῇ
386 470 456 506 πρὸς
471 469 517 496 τὸν
530 468 595 494 Θεὺν
609 467 694 501 Λόγον
709 464 803 491 ἐνώσει
816 463 885 498 μόνη

93 521 143 546 καὶ
158 518 253 554 πρώτη
283 516 436 553 μεμένηκεν
457 514 657 550 ἀναμάρτητος.
684 509 824 538 Ἐντεῦθεν
839 510 886 536 καὶ

94 567 111 601 ἠ
132 565 199 600 πρὸς
222 564 268 591 τὸν
288 563 409 590 διάϐολον
423 561 506 596 πάλη,
531 560 579 587 καὶ
598 561 615 594 ὴ
629 557 700 585 κατὰ
711 556 805 584 τούτου
823 556 886 590 νίκη

95 610 247 646 παράδοξος
269 610 384 644 γίνεται,
412 608 453 634 ὅτι
480 607 530 640 τῆς
547 605 710 641 ήττηθείσης
726 602 826 638 σαρκὸς
837 602 886 637 τὴν

95 656 222 691 ἀπαρχὴν
243 655 311 690 ἔχων
323 654 398 690 δτὴν
422 654 520 688 πεῖραν
543 651 706 687 δεξάμενος,
724 649 826 683 ταύτην
847 657 887 674 νι-

95 701 181 736 κητὴν
204 699 251 726 τοῦ
280 707 345 726 ποτε
379 699 535 733 νικήσαντος
561 696 758 730 ἀπειργάσατο,
785 694 833 720 καὶ
853 694 885 728 τῇ

95 747 176 781 φύσει
196 747 225 773 τὺ
242 746 340 782 κράτος
364 744 511 780 δεδώρηται
526 743 597 770 κατὰ
609 742 655 769 τοῦ
668 742 752 768 πάλαι
770 741 803 767 δι’
817 740 887 767 ἀπά-

94 801 146 828 της
154 794 350 828 κρατήσαντος.
366 791 415 818 Διὰ
428 790 507 817 τοῦτο
524 790 571 816 καὶ
579 791 612 824 τῇ
629 789 722 825 μνήμη
738 787 791 814 τῶν
804 787 887 821 ἁγίων

95 835 211 871 rga-‘95“
230 836 279 867 τὰς
303 835 474 871 ἐπαγομένας
497 834 582 865 λαϐὰς
606 832 747 865 ἀπεδύετο,
769 832 819 858 οὑκ
842 831 887 857 αὐ-

96 881 189 917 θεντίᾳ
203 880 327 915 θεότητος
352 879 569 916 ἀποκρουόμενος
591 878 636 904 τὸν
652 877 807 908 ἀντίπαλον,
824 877 888 903 ἀκο-

94 927 190 962 λουθίᾳ
203 927 232 954 δὲ
255 926 463 962 ἁνθρωπότητος
476 925 526 960 τὴν
543 924 595 951 τῶν
619 925 638 950 Γ
642 923 734 958 ραφῶν
754 931 886 957 φωταγωο

95 975 160 1009 γίαν
169 975 237 1010 πρὸς
246 974 353 1000 ᾶπαντα
370 972 597 1009 προὸαλλόμενος.
619 971 650 998 Εἰ
666 971 687 997 δ’
702 971 715 997 ὁ
730 969 795 1001 Θεὸς
802 969 887 1003 Λόγος

96 1022 158 1048 καθ’
173 1021 267 1048 ἑαυτὸν
281 1020 471 1055 ἀναμάρτητος
483 1019 529 1046 καὶ
543 1018 675 1054 ἀήττητος
692 1015 833 1052 ἐμηνύετο,
845 1015 887 1045 τίς

97 1068 132 1095 ἂν
146 1067 281 1100 ἐξεπλάγη
293 1066 360 1101 πρὸς
372 1066 406 1092 τὰ
418 1065 566 1100 λεγόμενα;
579 1064 615 1090 Οὐ
625 1063 699 1096 ξένον
709 1062 738 1089 τὸ
754 1061 790 1097 μὴ
797 1062 887 1096 ἁμαρ-

97 1113 200 1144 τάνειν,
229 1112 296 1147 μηδὲ
326 1110 451 1138 νικᾶσθαι
479 1109 554 1144 παρὰ
569 1108 717 1143 κτίσματος
729 1107 794 1133 ίδίου
809 1106 885 1132 Θεόν.

98 1160 168 1186 Πότε
177 1160 232 1193 γὰρ
243 1158 401 1193 ἡμάρτηκεν
421 1157 437 1191 ἢ
462 1156 610 1191 νενίκηται,
625 1154 668 1180 ἵνα
682 1154 729 1180 νῦν
741 1153 778 1184 ὡς
799 1152 887 1187 παρά-

97 1203 173 1236 δοξον
185 1202 323 1237 δεξώμεθα
339 1202 369 1228 τὸ
383 1201 546 1236 λεγόμενον;
569 1199 648 1226 Ἀλλὰ
669 1199 743 1232 ξένον
763 1198 793 1224 τὸ
808 1197 888 1231 φύσιν

99 1248 273 1285 ἀνθρωπίνην
290 1248 324 1274 τά
339 1247 410 1283 ὑπὲρ
426 1246 532 1281 φύσεως
553 1245 677 1281 φανερῶς
694 1243 886 1276 ἐπιδείξασθαι.

107 1296 184 1322 Ἐπεὶ
198 1295 243 1321 καὶ
257 1295 287 1320 τὸ
302 1293 407 1329 βαδίσαι
421 1293 467 1319 ἐπὶ
481 1291 566 1318 νώτου
579 1290 715 1325 Θαλάσσης
730 1287 815 1319 ἀδεῶς
830 1287 889 1322 ἅμα

100 1340 149 1367 καὶ
160 1339 308 1370 ἀκινδύνως
322 1338 428 1374 θεότητι
441 1338 489 1373 μὲν
501 1337 600 1372 ῥᾴδιον,
619 1335 718 1371 μᾶλλον
734 1334 762 1361 δὲ
778 1334 825 1360 καὶ
843 1333 890 1367 ἁγ-

100 1387 189 1420 γὲλοις
200 1394 206 1400 ·
222 1385 268 1412 καὶ
283 1385 333 1412 οὐκ
348 1384 380 1411 ἄν
394 1393 434 1415 τις
450 1382 598 1418 ἐκπλαγείη
618 1382 697 1408 τοῦτο
711 1379 871 1415 τεθεαμένος
881 1387 887 1393 ·

102 1433 292 1468 ἀνθρωπότητι
318 1432 346 1459 δὲ
371 1432 435 1467 ψιλῇ
451 1430 538 1465 πάντη
557 1429 697 1456 ἀδύνατον.
714 1427 769 1454 Καὶ
785 1427 890 1463 φρίττει

102 1480 213 1510 δικαίως
226 1480 240 1505 ὁ
259 1478 357 1514 σαρκὸς
372 1478 453 1509 πόδας
468 1477 516 1513 τὴν
529 1475 655 1510 τοιαύτην
671 1474 782 1510 πορείαν
800 1481 892 1500 ποιου-

105 1525 202 1561 μένους
217 1524 298 1560 ὁρῶν,
312 1524 359 1550 καὶ
381 1523 429 1558 τὴν
443 1523 586 1559 ἡνωμένην
601 1521 714 1556 δύναμιν
731 1519 828 1546 ἐννοῶν
842 1518 890 1546 τοῦ

104 1572 202 1606 Λόγου,
214 1572 245 1597 Εἰ
257 1571 285 1597 δέ
296 1579 346 1602 τις,
369 1570 419 1605 τὴν
434 1570 523 1605 σάρκα
545 1566 791 1603 παραιτησάμενος,
813 1565 891 1600 μόνον

106 1617 172 1652 φαίη
195 1617 239 1643 τὸν
255 1617 339 1650 Λόγον
354 1615 400 1642 ἐπὶ
413 1614 465 1641 τῶν
486 1613 615 1649 κυμάτων
630 1611 755 1647 ὀφθῆναι,
773 1608 892 1644 περιεῖλε

105 1663 151 1690 τὸν
166 1663 246 1697 ὄγκον
256 1662 302 1689 τοῦ
313 1662 461 1697 θαύματος,
475 1660 550 1687 οὐδὲν
560 1658 631 1694 μέγα
644 1656 893 1693 προσμαρτυρήσας

105 1711 144 1744 τῷ
156 1710 307 1745 πράγματι.
323 1708 402 1742 Μέγα
409 1707 462 1743 γὰρ
470 1707 553 1738 ὅντως
567 1706 614 1732 καὶ
627 1705 714 1732 πάντα
727 1703 788 1730 νοῦν
799 1701 892 1736 νικῶν,

105 1757 155 1791 οὐχ
171 1757 234 1782 ὅταν
252 1755 359 1789 πνεῦμα
376 1753 474 1788 κοῦφον
489 1752 536 1779 καὶ
550 1751 650 1786 ἀϐαρὲς
661 1750 707 1776 ἐπὶ
721 1749 774 1776 τῶν
789 1748 893 1775 ὑδάτων

109 1801 318 1838 μετεωρίζηται,
337 1800 392 1827 ἀλλ’
407 1800 469 1826 ὅταν
484 1799 562 1833 σῶμα
575 1796 732 1832 παχυμερὲς
744 1795 790 1822 καὶ
802 1793 893 1830 βρίθον

108 1849 161 1875 ὑπὸ
183 1849 232 1884 τῆς
259 1847 365 1881 ἁπαλῆς
381 1846 428 1872 καὶ
449 1845 547 1881 ῥᾳδίως
579 1843 768 1877 ὑπακουούσης
787 1841 894 1876 φύσεως

107 1895 198 1930 δρθιον
223 1893 278 1920 ἄνω
302 1891 478 1927 βαστάζηται,
508 1890 597 1925 Ὅπερ
635 1889 678 1916 ἵνα
706 1887 801 1915 πιστὸν
827 1887 894 1914 πᾶσι

108 1942 208 1976 ποιήσῃ
236 1941 250 1967 ὸ
276 1940 387 1974 Κύριος,
407 1938 454 1965 καὶ
474 1937 514 1972 τῷ
529 1937 624 1972 Πέτρῳ
640 1935 745 1971 βαδίσαι
764 1933 834 1960 κατὰ
845 1932 894 1959 τοῦ

109 1988 243 2021 πελάγους
261 1986 361 2017 εὐθέως
376 1985 470 2017 ἔδωκε,
488 1984 569 2019 μέχρι
584 1982 630 2009 τὸν
643 1982 693 2017 τῆς
711 1980 895 2015 ὀλιγοπιστίας

109 2033 160 2060 οὐκ
183 2033 288 2068 ἐδέχετο
307 2031 396 2058 σάλον.
418 2030 455 2057 Τὸ
472 2029 522 2065 μὲν
536 2027 582 2056 οὖν
601 2027 709 2055 ὁδεῦσαι
727 2027 773 2053 τὸν
792 2026 895 2061 Πέτρον

109 2079 206 2110 οὕτως,
223 2077 341 2105 ἐδείκνυε
357 2077 406 2111 τῆς
418 2075 578 2109 δεσποτικῆς
599 2073 698 2109 σαρκὸς
712 2071 895 2107 ἀναμφίϐολον

110 2125 159 2160 τὴν
176 2123 304 2159 πορείαν”
322 2122 351 2148 τὸ
366 2122 394 2148 δὲ
407 2120 569 2148 διστάσαντα
587 2119 685 2155 μηκέτι
703 2116 894 2153 βαστάζεσθαι,

110 2171 160 2206 τῆς
178 2169 277 2206 μεταξὺ
290 2168 421 2204 διαφορᾶς
432 2167 463 2193 τὸ
476 2166 638 2203 ἀμέτρητον.
650 2162 792 2199 Πανπχοῦ
806 2162 896 2189 τοίνυν

935 240 968 260 eo
992 231 1134 267 vestigium
1164 235 1303 266 appareat.
1327 229 1365 256 [ta
1384 233 1414 257 ut
1436 231 1459 257 si
1484 231 1546 265 quis
1570 230 1605 258 de
1625 229 1728 257 deitate

934 285 1021 313 eaque
1035 277 1093 305 sola
1111 277 1202 309 dicat,
1224 276 1298 311 quod
1320 283 1418 311 expers
1442 277 1546 311 peccati
1564 277 1616 309 sit,
1640 277 1727 304 risum

935 324 980 350 ille
1003 323 1095 358 potius
1118 329 1200 357 quam
1232 321 1441 349 admirationem
1467 322 1639 349 auditoribus
1665 329 1727 348 mo-

935 374 1013 396 turus
1039 368 1074 395 sit
1096 378 1103 395 :
1127 366 1348 402 quandoquidem
1376 374 1431 393 non
1459 367 1546 394 solum
1574 367 1727 394 divinitatis

935 416 993 443 haec
1007 419 1105 442 natura
1123 417 1183 448 est,
1202 417 1232 440 ut
1247 412 1321 440 omni
1342 412 1421 447 culpa
1443 419 1551 447 semper
1573 412 1658 440 libera
1679 413 1725 444 sit,

935 461 983 489 sed
999 461 1084 488 multa
1101 459 1183 487 etiam
1199 459 1357 494 angelorum
1374 458 1457 485 millia
1471 465 1486 485 a
1508 463 1620 494 peccato
1637 465 1726 485 vacua

935 511 1089 536 serventur.
1112 505 1214 533 Verum
1240 505 1311 532 hanc
1337 505 1425 539 ipsam
1451 504 1485 532 ob
1511 511 1623 532 causam
1646 504 1728 539 509

935 554 1036 582 dicitur
1070 560 1151 584 caro,
1176 559 1210 579 ex
1238 558 1338 586 genere
1363 550 1504 578 hominum
1529 550 1649 586 peccatis
1679 551 1728 577 ob-

935 600 1034 631 noxio,
1066 602 1190 633 sumpta,
1216 598 1274 625 sola
1307 597 1450 632 primaque
1488 597 1592 631 peccati
1628 604 1727 632 expers

935 646 1080 677 mansisse,
1095 648 1207 679 propter
1223 638 1353 670 unione’m
1367 650 1429 670 cum
1449 641 1505 670 Deo
1520 643 1620 670 Verbo.
1632 642 1728 670 Proxi—

937 699 1010 718 mum
1037 691 1101 718 huic
1120 688 1282 716 miraculum
1305 692 1347 715 est
1364 688 1436 715 lucta
1461 687 1506 714 illa
1526 695 1588 714 cum
1606 687 1727 720 diabolo,

937 740 1130 772 reportataque
1151 735 1186 762 ab
1206 742 1240 762 eo
1261 734 1390 766 victoria,
1411 733 1477 768 quia
1494 733 1518 761 is
1533 733 1580 768 qui
1606 737 1729 761 tentatus

936 787 988 814 est,
1000 789 1062 809 cum
1079 781 1194 808 devictae
1207 780 1300 808 carnis
1312 779 1450 815 primitias
1462 779 1585 812 haberet,
1602 780 1729 806 victorio-
1760 803 1762 806 ,

938 835 994 855 sam
1008 827 1081 854 illam
1097 826 1156 861 ejus
1173 826 1219 861 qui
1229 825 1378 861 aliquando
1391 825 1504 859 vicerat,
1520 825 1620 858 eﬂ'erit,
1633 829 1659 853 et
1676 833 1726 852 na-

903 869 924 896 Β
938 878 1006 900 turae
1039 872 1111 900 vires
1132 871 1265 899 adversus
1287 879 1350 899 eum
1374 871 1422 906 qui
1443 871 1509 898 olim
1535 871 1600 899 dolo
1624 872 1729 899 vicerat

938 918 1047 946 indidit.
1074 917 1257 951 Quamobrem
1284 916 1409 944 immissa
1434 916 1463 943 in
1495 924 1524 944 se
1545 917 1728 944 tentalionum

936 965 1000 996 tela,
1015 964 1131 999 repetita
1146 970 1289 991 sacrarum
1304 963 1472 990 Litterarum
1488 964 1619 990 memoria
1630 971 1730 991 excus-

937 1010 983 1040 sit.
1000 1009 1236 1037 nonauetoritate
1250 1009 1361 1036 deitatis
1374 1008 1564 1036 adversarium
1575 1010 1728 1044 repellens:

938 1055 985 1083 sed
1000 1055 1154 1082 ministerio
1174 1054 1355 1082 humanitatis
1369 1054 1501 1089 prarvium
1524 1054 1674 1090 Scriptura:
1686 1056 1730 1082 lu-

937 1110 999 1129 men
1016 1102 1049 1129 ad
1066 1102 1195 1129 universa
1210 1101 1318 1136 objecta
1334 1101 1489 1136 proferens.
1509 1101 1587 1134 Quod
1607 1102 1629 1129 si
1643 1101 1729 1130 Deum

938 1147 1056 1175 Verbum
1073 1148 1101 1174 in
1115 1155 1175 1175 sese
1197 1147 1288 1176 omnis
1301 1154 1398 1182 expers
1420 1147 1525 1182 peccati
1549 1147 1727 1182 impcccabile

938 1197 965 1221 ct
979 1194 1110 1221 invictum
1136 1193 1339 1225 declarabatur,
1357 1193 1421 1227 quis
1441 1192 1619 1227 Obstupescat
1643 1193 1677 1220 ad
1694 1200 1727 1220 ea

938 1247 999 1275 quae
1028 1239 1102 1266 dicta
1124 1239 1206 1266 sunt?
1225 1238 1285 1266 Non
1311 1243 1354 1267 est
1383 1246 1484 1266 novum
1509 1243 1537 1266 et
1563 1238 1730 1272 inauditum,

939 1284 1024 1312 Deum
1046 1292 1101 1312 non
1118 1291 1243 1319 peccare,
1260 1291 1311 1311 nec
1327 1278 1351 1310 a'
1366 1284 1478 1318 propria
1500 1287 1627 1311 creatura
1649 1291 1731 1318 supe-

938 1331 1006 1358 rari.
1022 1331 1138 1364 Quando
1154 1331 1227 1359 enim
1240 1331 1363 1366 peccavit
1378 1333 1425 1357 aut
1440 1329 1531 1358 victus
1547 1334 1598 1362 est,
1615 1334 1645 1357 ut
1657 1331 1730 1365 quod

939 1384 1014 1404 nunc
1029 1377 1130 1404 dicitur
1149 1376 1274 1404 miraculi
1288 1376 1369 1403 nobis
1382 1376 1444 1403 loco
1456 1383 1518 1404 esse
1527 1375 1644 1404 debeat?
1660 1376 1730 1404 lllud

939 1431 1042 1451 novum
1066 1427 1094 1451 et
1118 1423 1273 1450 inauditum
1286 1425 1328 1449 est
1342 1430 1348 1447 z
1364 1427 1490 1449 naturam
1506 1422 1653 1448 humanam
1674 1430 1731 1450 rem

941 1469 1179 1505 supernaturalem
1201 1472 1294 1504 aperte
1304 1469 1474 1497 exhibuisse.
1494 1468 1563 1496 Nam
1588 1469 1733 1496 ambulare

942 1524 1026 1551 supra
1042 1523 1118 1543 mare
1141 1516 1216 1544 omni
1238 1521 1355 1542 vacuum
1380 1519 1455 1541 metu
1481 1519 1508 1541 et
1532 1514 1666 1549 periculo,
1689 1518 1734 1541 est

943 1561 1010 1589 illud
1024 1561 1135 1596 quidem
1151 1560 1256 1592 deitati,
1275 1560 1331 1587 imo
1349 1560 1454 1595 angelis
1469 1560 1551 1586 etiam
1577 1559 1646 1594 ipsis
1669 1567 1732 1594 per-

942 1613 1024 1642 quam
1040 1605 1120 1633 facile
1133 1613 1140 1631 :
1154 1613 1205 1633 nec
1218 1606 1396 1640 obstupescet
1410 1604 1601 1636 admiratione,
1619 1604 1672 1632 hoc
1683 1604 1732 1639 qui

942 1651 1057 1685 viderit;
1074 1655 1102 1678 at
1116 1650 1279 1677 humanitati
1295 1650 1376 1677 nudat
1391 1650 1468 1676 nullo
1482 1649 1564 1677 modo
1586 1650 1731 1685 possibile.

942 1697 999 1725 Nec
1023 1697 1159 1724 immerito
1175 1696 1358 1728 exborrescit,
1373 1695 1420 1730 qui
1432 1696 1524 1723 carnis
1542 1695 1624 1730 pedes
1641 1695 1736 1723 istius-

943 1743 1018 1771 modi
1034 1744 1086 1771 iter
1099 1742 1190 1770 l'acere
1213 1742 1298 1775 videt,
1315 1742 1443 1777 quamvis
1455 1741 1537 1770 Verbi
1553 1742 1658 1769 unitam
1676 1749 1736 1777 pcr-

944 1797 1039 1818 sonam
1055 1790 1167 1826 cogitet.
1196 1788 1226 1816 Si
1250 1789 1313 1824 quis
1340 1793 1433 1816 autem
1464 1789 1608 1823 repudiata
1637 1796 1732 1821 carne,

944 1837 1032 1865 solum
1044 1835 1163 1864 Verbum
1177 1835 1279 1863 dixerit
1294 1842 1378 1870 super
1394 1833 1522 1862 ﬂuctibus
1537 1834 1622 1862 luisse
1632 1835 1734 1866 visum,

945 1883 969 1910 is
994 1882 1114 1910 infirmat
1135 1881 1264 1916 tollitque
1282 1881 1410 1908 miraculi
1430 1880 1652 1916 amplitudinem,
1665 1881 1734 1908 nihil

945 1928 1035 1962 magni
1056 1926 1249 1955 testiﬁcatione
1272 1933 1322 1954 sua
1347 1925 1425 1961 operi
1453 1925 1590 1952 tribuens.
1605 1926 1733 1960 Magnum

945 1972 1021 2000 enim
1039 1980 1103 1999 vere
1124 1976 1178 2005 est,
1193 1975 1220 1999 et
1238 1971 1328 2007 majus
1348 1978 1429 2006 quam
1444 1974 1475 1997 ut
1488 1971 1630 1998 hominum
1648 1971 1735 2005 possit

945 2023 1036 2047 mente
1051 2017 1255 2054 comprehendi,
1271 2025 1325 2045 non
1348 2025 1410 2044 cum
1427 2024 1508 2044 verus
1522 2021 1550 2044 et
1574 2017 1663 2043 omnis
1688 2025 1736 2043 ex-

945 2073 1008 2100 pers
1031 2064 1161 2100 ponderis
1184 2064 1309 2099 spiritus,
1332 2062 1462 2090 ﬂuctibus
1478 2062 1503 2089 in
1518 2063 1602 2089 altum
1618 2062 1733 2094 tollitur,

946 2110 995 2138 sed
1018 2110 1128 2145 quando
1150 2117 1274 2136 crassum
1296 2112 1322 2136 et
1345 2115 1428 2143 grave
1450 2114 1551 2142 corpus
1571 2114 1586 2133 a
1609 2107 1685 2133 molli
1708 2111 1736 2133 et

947 2156 1028 2185 facile
1040 2156 1155 2184 cedente
1168 2159 1267 2182 natura
1278 2159 1403 2182 erectum
1413 2161 1521 2181 sursum
1537 2153 1634 2181 fertur.
1649 2153 1735 2188 Cujus

207 2198 307 2249 σαρκὸς
321 2198 389 2249 πρδς
402 2212 446 2239 τὸν
457 2198 542 2245 Λόγον
548 2198 648 2241 ’ἕνωσις
663 2208 781 2241 αὓξουσα
790 2207 891 2234 δείκνυ-

947 2204 987 2231 rei
1002 2209 1032 2230 ut
1050 2202 1130 2230 ﬁdem
1145 2201 1272 2229 omnibus
1292 2199 1426 2227 Dominus
1445 2198 1558 2231 faceret,
1576 2198 1652 2226 dedit
1667 2206 1736 2226 con—

112 2270 156 2289 ται
174 2260 227 2287 τῶν
239 2259 391 2294 γενομένων
403 2258 433 2284 τὸ
444 2256 556 2289 ἔνδοξον.
575 2255 629 2282 Καὶ
641 2254 779 2289 συντόμως
798 2253 895 2284 εἰπεῖν,

113 2307 166 2335 οὐδ’
183 2306 216 2333 ἂν
241 2305 307 2333 αὐτὸ
326 2305 357 2331 τὺ
377 2303 447 2331 κατὰ
465 2303 512 2330 τοῦ
537 2302 651 2328 θανάτου
675 2299 803 2336 τρόπαιον
821 2297 898 2325 ἔσται

113 2352 248 2389 λαμπρὸν,
276 2352 312 2387 μὴ
338 2350 476 2387 προδήλως
494 2347 650 2384 ἀνθρωπίνη
669 2346 749 2380 φύσις
766 2344 898 2380 κρείττων

113 2400 164 2434 τῆς
183 2399 258 2426 κάτω
274 2396 429 2432 τυραννίδος
453 2395 559 2429 ἐγένετο
573 2394 606 2428 τῇ
631 2392 744 2426 δυνάμει
760 2390 809 2425 τῆς
827 2390 899 2424 ἀχω-

116 2446 214 2482 ρίστως
227 2443 370 2480 ἡνωμένης
390 2441 529 2477 θεότητος·
545 2439 606 2466 ἐπεὶ
630 2437 660 2464 τὸ
681 2436 718 2472 μὴ
728 2435 899 2482 κρατηθῇναι

116 2480 182 2518 θεὸν
191 2491 236 2517 τὸν
246 2489 379 2525 μηδέποτε
392 2483 704 2522 κρατεῖσθαιδυνάμενον
717 2482 771 2508 τῶν
787 2480 900 2508 εἰκότων

116 2538 163 2565 καὶ
191 2535 338 2563 εἰωθότων·
357 2533 389 2560 τδ
402 2533 431 2559 δὲ
459 2531 496 2568 μὴ
520 2529 688 2566 κρατηθῆναι
712 2527 801 2562 σάρκα
823 2525 901 2552 τοῦτο

116 2583 235 2620 πρῶτον,
248 2581 327 2608 τοῦτο
346 2579 419 2613 ξένον
429 2587 435 2594 ·
455 2578 533 2605 τοῦτο
546 2577 594 2604 καὶ
609 2576 658 2610 τὴν
672 2574 772 2601 εἴσοδον
787 2572 834 2598 τοῦ
850 2572 902 2597 Κυ-

119 2619 176 2666 ρίου
186 2630 236 2665 τὴν
248 2628 292 2655 διὰ
301 2627 357 2653 τῶν
371 2624 567 2660 κεκλεισμένων
575 2621 665 2658 θυρῶν
677 2619 824 2655 γενομένην
832 2619 901 2645 ἀπο-

118 2664 349 2712 φαίνειγφρικτὴν,
369 2673 410 2698 ("at
422 2670 537 2697 συνοῦσα
554 2669 604 2704 τῆς
630 2667 730 2712 σαρκδς
745 2667 761 2701 ἡ
779 2664 901 2712 παχύτης

118 2711 242 2758 ἐμποδὼν
271 2720 320 2747 οὐκ
334 2718 451 2753 ἐγένετο,
465 2715 557 2751 ἐπειδὴ
581 2713 671 2750 μεῖξον
689 2711 723 2748 ἦν
736 2712 766 2738 τδ
779 2711 901 2745 θαυματ-

118 2756 234 2805 οῦργοῦν
246 2766 294 2793 τοῦ
306 2764 466 2795 κωλύοντος.
489 2763 518 2789 '0
528 2763 556 2789 δὲ
567 2762 649 2797 χωρὶς
664 2759 788 2795 σώματος
800 2756 903 2805 ἁνθρωῗ

120 2801 199 2842 πίνου
226 2810 389 2847 γεγενῆσθαι
407 2809 494 2843 λέγων
518 2808 549 2834 τὸ
574 2808 698 2843 πρᾶγμα,
721 2803 808 2831 κοινὸν
836 2801 903 2829 αὐτὸ

121 2861 193 2887 ποιεῖ
205 2859 273 2894 πρὸς
295 2858 357 2889 τοὺς
373 2854 515 2894 ἀγγέλους,
533 2854 600 2890 πρὸς
618 2853 671 2880 τῶν
690 2849 840 2886 ἀνθρώπων
852 2847 932 2887 ψυ-ῤ.

947 2249 1026 2276 tinuo
1046 2252 1072 2276 et
1089 2247 1171 2275 Petro
1193 2249 1355 2281 potestatem
1375 2252 1423 2279 per
1443 2244 1556 2279 pelagus
1581 2243 1734 2278 gradiendi,

948 2295 1036 2322 donec
1057 2293 1164 2329 pusillae
1185 2291 1248 2319 ﬁdei
1265 2290 1377 2317 ﬂuctum
1399 2297 1454 2317 non
1480 2289 1641 2318 sustineret.
1656 2288 1735 2321 Quod

948 2348 1014 2377 ergo
1035 2340 1132 2367 Petrus
1153 2338 1193 2366 sic
1218 2336 1369 2364 ambulavit
1394 2343 1475 2371 supra
1496 2343 1581 2366 mare,
1596 2334 1735 2362 indubita-

950 2392 1007 2414 tum
1026 2385 1173 2413 Dominicaa
1192 2383 1284 2410 carnis
1301 2382 1353 2410 iter
1372 2381 1521 2409 declaravit
1535 2390 1541 2408 :
1556 2381 1629 2415 quod
1645 2384 1735 2408 autem

950 2433 1079 2461 dubitans
1100 2438 1155 2458 non
1176 2429 1294 2464 amplius
1316 2431 1484 2464 portaretur,
1512 2426 1539 2453 id
1560 2426 1735 2458 immensum,

950 2477 1023 2514 quod
1037 2478 1108 2504 inter
1123 2480 1270 2510 utrumque
1285 2477 1338 2506 est,
1355 2473 1506 2500 discrimen
1525 2471 1735 2498 demonstravit.

951 2523 1059 2558 Ubique
1085 2521 1169 2558 igitur
1195 2520 1289 2548 carnis
1317 2526 1380 2546 cum
1397 2517 1489 2546 Verbo
1514 2517 1581 2544 unio
1603 2516 1736 2544 factorum

951 2568 1054 2596 Christi
1069 2565 1235 2602 ampliﬁcare
1249 2563 1363 2600 gloriam
1380 2563 1524 2590 evincitur.
1539 2561 1627 2596 Atque
1639 2564 1668 2587 ut
1680 2568 1738 2587 rem

951 2614 1046 2649 paucis
1063 2612 1240 2647 complectar,
1252 2610 1338 2646 ipsius
1351 2609 1384 2636 de
1396 2612 1484 2635 morte
1496 2607 1626 2642 reportati
1644 2605 1739 2641 ποικνί

952 2659 1082 2695 splendor
1103 2658 1193 2685 omnis
1211 2656 1336 2684 deleatur
1363 2658 1480 2690 oportet,
1499 2653 1523 2682 si
1543 2661 1597 2680 non
1619 2652 1739 2679 humana

953 2711 1060 2738 natura,
1077 2703 1188 2732 deitatis
1205 2701 1427 2737 inseparabiliter
1447 2699 1500 2727 sibi
1521 2700 1605 2727 unita:
1626 2698 1737 2729 virtute.

954 2751 1097 2787 tyrannide
1126 2738 1252 2777 infernali
1282 2747 1333 2774 fuit
1356 2745 1496 2781 superior;
1519 2739 1738 2780 quandoquidem

954 2798 1039 2826 Deum
1058 2805 1113 2824 non
1134 2794 1272 2830 superari,
1286 2793 1333 2828 qui
1347 2793 1467 2820 invictus
1481 2795 1534 2823 est.
1555 2790 1685 2819 credibile
1697 2793 1741 2817 est

954 2850 980 2874 ct
994 2844 1141 2884 \erisimile
1155 2852 1161 2870 :
1176 2841 1224 2871 sed
1240 2847 1351 2868 carnem
1364 2846 1418 2871 non
1431 2838 1568 2875 superari,
1586 2837 1613 2866 id
1629 2837 1741 2865 demum
