1926 3068
82 92 156 119 1385

469 89 557 118 CONF
563 90 755 118 UTATIONES
773 90 892 124 QUAB‘U
898 90 994 118 MDAM
1015 89 1305 118 PROPO’SITIONUM.

1633 89 1644 116 Ι
1651 88 1703 116 386

83 149 149 180 στος
167 148 220 183 γὰρ
234 149 306 184 ἡμᾶς
329 147 491 184 ἐξηγόρασεν
510 149 541 174 ἐκ
559 148 608 182 τῆς
629 148 750 184 κατάρας
766 156 813 174 του
828 149 869 175 νό-

926 149 1018 176 nomia:
1039 148 1220 182 miraculum;
1241 155 1295 175 non
1316 148 1412 175 timere
1429 142 1650 174 maledictionem
1667 147 1705 175 le‘-

84 202 156 228 μουο
175 203 185 219 ι
203 194 252 229 τὴν
268 193 405 229 πλήρωσιν
426 193 472 220 τοῦ
492 193 585 229 νόμου,
603 194 651 229 τὴν
670 194 713 220 διὰ
726 194 775 230 τῆς
786 195 874 230 ἀπαρ-

81 241 137 274 χῆς
154 239 312 275 γενομένην,
327 239 380 274 ὅλῳ
393 239 547 274 λογίζεσθαι
570 240 607 275 τῷ
624 240 773 275 φυράματι,
791 240 873 274 γινώ-

84 293 164 312 σκειν
176 285 206 311 τὺ
221 285 323 321 πρέπον
341 286 429 312 καὶτὸ
449 285 606 312 ἀκόλουθον·
625 286 676 317 ὅτι,
692 286 759 312 Θεοῦ
772 287 874 322 γυμνοῦ

82 331 132 357 τὸν
146 331 227 366 νόμον
245 331 446 367 πληρώσαντος,
465 333 533 367 ὅπερ
549 333 608 359 οὐδὲ
630 332 720 367 λέγειν
737 333 873 368 ἁρμόδιον,

82 377 137 403 οὐκ
167 375 201 412 ἦν
223 377 304 412 ἄλλην
329 378 422 404 οὐσίαν
440 377 562 412 μετέχειν
582 378 628 404 τοῦ
648 378 873 414 κατορθώματος”

85 423 189 458 σαρκὸς
205 423 234 449 δὲ
248 423 298 459 τῆς
316 423 344 456 ἐξ
359 423 436 458 ἡμῶν
449 424 477 449 ἐν
489 423 528 458 τῷ
548 423 720 460 πληρώσαντι
733 424 778 450 τὸν
795 425 874 459 νόμον

85 467 300 504 γνωριζομένης,
322 468 496 503 ἀναφαίνεται
508 468 554 495 τοῦ
571 469 663 504 γένους
680 469 710 495 τὸ
733 468 872 504 καύχημα,

84 514 124 546 ὡς
134 515 300 540 καταπατεῖν
324 514 409 545 ἀδεῶς
434 513 481 540 τοῦ
503 514 618 541 θανάτου
644 515 674 541 τὺ
695 515 815 550 κέντρον,
832 514 874 541 οἷα

86 560 188 595 μηκέτι
209 560 299 596 χώραν
318 560 378 596 ἕχον
400 560 469 588 κατὰ
487 561 536 595 τῆς
550 560 665 594 φύσεως,
683 558 715 596 ἧς
731 563 747 596 ἠ
763 562 874 596 ἀπαρχὴ

85 606 258 641 προλαϐοῦσα
284 606 455 640 κατεπάτησέ
481 615 509 632 τε
536 607 582 633 καὶ
595 607 724 642 ἤμϐλυνε.
742 608 788 634 καὶ
809 609 874 634 πᾶσι

84 653 186 679 δέδωκε
208 654 263 685 τοῖς
287 653 442 679 πιστεύουσι
464 653 569 687 λέγειν·
591 662 599 678 ε
623 653 676 679 Ποῦ
695 662 752 684 σου,
766 653 873 686 θάνατε,

84 697 116 724 τὸ
130 698 259 733 κέντρον;
277 698 331 725 Ποῦ
354 707 413 729 σου,
431 698 492 733 ᾆδη,
513 699 543 724 τὸ
563 700 668 730 νεῖκος;
687 709 695 724 ι
712 700 758 725 καὶ
778 699 873 726 πάλιν·

88 754 96 769 ι
116 745 222 780 ’Ὠσπερ
248 744 281 771 δι’
308 745 367 776 ἑνὸς
383 745 526 779 ἀνθρώπου
558 746 571 771 ὁ
601 744 724 777 θάνατος,
745 745 815 772 οὕτω
830 746 876 772 καὶ

83 789 118 815 δι’
135 789 194 821 ἐνὸς
225 789 369 824 ἀνθρώπου
396 790 542 822 ἀνάστασις
558 790 672 825 νεκρῶν.
694 800 702 815 ι
720 791 758 816 Δι’
770 790 875 825 ἀνθρώ-

85 845 138 862 που
151 836 235 870 λέγει,
251 836 280 861 ού
300 836 373 872 παρὰ
389 835 541 871 ἀνθρώπου.
563 837 595 864 '0
613 837 666 872 γὰρ
679 837 753 872 παρά
769 836 872 872 ἀνθρώ-

85 891 138 908 που
165 881 286 915 γίνεσθαι
307 881 435 907 ἀδύνατον
457 879 501 916 ἦν,
518 881 596 908 τοῦτο
619 881 651 908 δι’
674 881 815 917 ἀνθρώπου
827 882 873 908 τοῦ

86 927 259 962 συνημμένου
274 927 333 962 Θεῷ
347 927 445 962 ῥαδίως
460 927 577 960 ἐγένετο.
592 925 670 953 Οὕτω
686 927 734 962 τῆς
756 927 874 953 ἀναστά-

86 981 157 1004 σεως
185 974 215 999 τὸ
245 973 329 1009 δῶρον
361 972 553 1008 καρπούμεθα·
574 972 643 999 οὕτω
669 973 716 1007 τὴν
741 972 874 999 υἱοθεσίαν

85 1018 329 1053 ἀπολαμϐάνομεν
354 1019 440 1051 οὕτως
465 1018 573 1054 ἀδελφοὶ
589 1018 636 1045 τοῦ
660 1018 761 1052 Κυρίου
777 1017 874 1044 καλού-

84 1063 176 1098 μεθα·
201 1064 272 1090 οὕτω
305 1065 518 1100 συγκληρονόμοι
552 1064 697 1099 γινόμεθα·
728 1064 797 1091 οὕτω
830 1064 874 1091 τὸν

86 1108 183 1144 ἐχθρὸν
197 1110 225 1135 ἐν
240 1110 272 1144 τῇ
286 1109 395 1145 ἀπαρχῇ
415 1110 595 1145 νενικήκαμεν
606 1118 612 1124 ·
623 1110 694 1136 οὕτω
709 1110 757 1146 τὴν
768 1111 875 1146 παρρη-

87 1154 148 1182 σίαν
162 1153 191 1187 ἐξ
201 1156 307 1191 ἐκείνης
316 1155 449 1190 δεχόμεθα
459 1163 465 1170 ·
480 1155 553 1182 οὕτω
566 1155 594 1182 τδ
610 1156 679 1183 κατὰ
694 1156 740 1183 τοῦ
752 1147 873 1184 διαϐόλου

86 1201 214 1236 τρόπαιον
241 1201 278 1233 ὡς
301 1202 432 1237 ἡμέτερον
453 1202 637 1237 οἰκειούμεθα,
667 1203 717 1238 τῆς
742 1203 771 1235 ἐξ
796 1203 874 1238 ἡμῶν

86 1247 236 1283 ληφθείσης
253 1249 351 1283 σαρκὸς
364 1249 527 1281 ἐπισείοντες
543 1248 631 1276 αὐτῶν
652 1250 701 1284 τὴν
715 1249 804 1276 ἔνθεον
814 1250 876 1285 ἀρι-

88 1293 195 1320 στείαν·
219 1293 290 1320 οὕτω
309 1293 464 1330 σύμμορφοι
486 1294 611 1328 γενέσθαι
636 1294 675 1330 τῷ
701 1294 805 1330 σώματι
827 1295 876 1331 τῆς

86 1340 165 1375 δόξης
180 1340 261 1366 αὑτοῦ
279 1340 378 1372 πάντες
399 1341 423 1367 οἱ
444 1341 616 1373 πιστεύοντες
629 1341 748 1376 γνησίως
759 1341 874 1368 ἀπεκδε-

88 1386 204 1421 χόμεθα·
222 1386 307 1417 οὕτως
330 1386 427 1422 ἀληθὲς
443 1387 606 1423 εὑρίσκομεν
621 1387 667 1419 τὸ,
685 1397 694 1412 ι
713 1387 875 1423 Συνήγειρεν

89 1432 162 1466 ἡμᾶς
176 1432 224 1458 καὶ
239 1432 413 1459 συνεκάθισεν
436 1433 465 1459 ἐν
487 1434 542 1464 τοῖς
556 1432 737 1468 ἐπουρανίοις.
755 1443 763 1458 ι
775 1434 875 1468 ’Μὴττω

88 1479 142 1514 γὰρ
165 1479 338 1506 ἀναστάντων
362 1479 441 1514 ἡμῶν
456 1479 486 1506 ἐν
502 1480 534 1514 τῇ
553 1479 613 1506 καθ’
630 1478 743 1505 ἕκαστον
756 1479 874 1506 ὑποστά-

89 1533 140 1555 σει,
173 1525 240 1560 μηδὲ
268 1524 421 1560 γενομένων
446 1526 474 1551 ἐν
492 1526 548 1556 τοῖς
565 1525 744 1560 ἐπουρανίοις,
763 1525 809 1551 διὰ
826 1526 874 1561 τὴν

89 1570 158 1605 πρὸς
170 1570 215 1596 τὸν
234 1570 377 1597 ἀνελθόντα
400 1570 447 1597 καὶ
463 1570 627 1598 κατελθόντα
643 1570 800 1604 συγγένειαν
813 1579 877 1597 κατ-

89 1616 186 1651 έχομεν
207 1618 236 1642 ἐν
259 1619 291 1652 τῇ
308 1617 361 1644 τῶν
382 1617 508 1644 τοιούτων
533 1617 619 1643 ἐλπίδι
640 1617 746 1652 ἀσφαλῆ
769 1617 804 1643 τὰ
835 1619 875 1644 ἐν-

89 1662 182 1698 έχυρα.
204 1663 290 1689 Πόσον
308 1661 354 1689 οὖν
368 1663 437 1695 ἄξιοι
452 1664 545 1698 μίσους
566 1664 589 1689 oi
607 1662 714 1697 φθονεῖν
739 1663 803 1698 ἡμῖν
829 1663 876 1688 ἐπὶ

88 1709 224 1740 τοσούτοις
251 1709 298 1736 καὶ
322 1709 490 1744 τηλικούτοις
518 1709 629 1743 ἀγαθοῖς
644 1708 688 1735 διὰ
703 1708 751 1743 τῆς
774 1708 876 1740 οἰκείας

88 1755 247 1788 κακοδοξίας
281 1755 491 1790 ἀγωνιζόμενοι,
518 1755 564 1781 καὶ
589 1755 739 1786 κωλύοντες
765 1754 814 1790 μὲν
846 1755 876 1780 τὸ

89 1801 166 1834 γένος
202 1801 398 1835 σεμνύνεσθαι,
433 1800 593 1836 χωρίζοντες
625 1799 653 1826 δὲ
689 1799 737 1834 τὴν
768 1799 873 1835 σάρκα,

88 1847 122 1881 ἢν
149 1846 238 1881 ἑαυτῷ
262 1846 420 1882 παραδόξως
449 1847 464 1872 ό
494 1845 578 1879 Λόγος
602 1845 775 1877 συνέζευξεν,
809 1845 875 1872 ἀνθ-

90 1892 229 1927 ιστάμενοι
257 1891 285 1918 δὲ
300 1892 398 1927 Παύλῳ
415 1892 530 1927 βοῶντι,
555 1901 564 1917 ι
588 1892 621 1918 "A
637 1891 651 1917 ὁ
664 1891 728 1922 Θεὸς
750 1891 876 1924 συνέζευ-

90 1938 143 1970 ξεν,
167 1937 308 1973 ἄνθρωπος
335 1938 371 1973 μὴ
396 1938 550 1973 χωριζέτω,
567 1936 749 1972 »μισθοῦντες
775 1937 802 1964 δὲ
826 1938 874 1974 τὴν

88 1983 211 2018 ¹γλῶτταν
227 1983 265 2018 τῷ
284 1983 399 2018 διαϐόλῳ
410 1984 477 2019 πρὸς
493 1984 523 2009 τὸ
539 1983 671 2018 κρύπτειν
685 1983 718 2009 τὰ
730 1984 789 2009 κατ’
807 1985 875 2010 ὲκεί-

87 2039 132 2057 νου
144 2030 295 2065 γενόμενα;
311 2029 393 2056 Οὐδὲν
406 2029 460 2066 γὰρ
481 2030 566 2060 οὕτως
589 2030 686 2064 ἐκείνῳ
701 2029 769 2065 βαρὺ
784 2030 830 2056 καὶ
843 2031 873 2056 οὐ

88 2075 215 2111 φορητὸν,
230 2076 268 2106 ὡς
282 2075 311 2101 τὸ
331 2075 393 2101 ἰδεῖν
406 2075 455 2110 τὴν
472 2076 518 2102 ὑπ’
535 2075 616 2102 αὐτοῦ
630 2075 809 2110 πλανηθεῖσαν
825 2076 874 2110 φύ-

88 2130 128 2147 σιν
149 2120 346 2156 ἀναληφθεῖσαν
363 2122 411 2156 μὲν
427 2123 460 2157 τῇ
478 2122 587 2157 ἁπαρχῇ
604 2121 679 2157 παρὰ
698 2121 742 2148 τοῦ
761 2122 814 2148 τῶν
829 2122 873 2148 οὐ-

89 2168 175 2202 ρανῶν
193 2167 334 2202 βασιλέως,
350 2167 582 2202 πολιτευσαμένην
600 2167 628 2193 δε
647 2167 823 2202 μεγαλοφυῶς
844 2177 872 2194 τε

87 2214 133 2240 καὶ
149 2213 217 2249 ὑπὲρ
235 2213 343 2240 ἔπαινον
353 2222 359 2228 ⁸
375 2212 523 2248 γενομένην
539 2212 566 2238 δὲ
578 2212 719 2248 κρείττονα
731 2211 777 2238 τοῦ
794 2212 872 2239 θανά-

86 2267 147 2286 του·
164 2259 351 2286 καταλύσασαν
368 2258 396 2285 δὲ
419 2257 468 2293 τὴν
487 2257 568 2283 αὐτοῦ
588 2257 746 2293 τυραννίδα·
771 2257 870 2292 ἀναλη-

87 2306 199 2341 φθεῖσαν
217 2306 246 2332 δὲ
268 2307 307 2337 εἱς
328 2304 450 2340 οὐρανὸν,
466 2304 513 2330 καὶ
537 2303 585 2339 τῆς
608 2303 712 2336 ἐνδόξου
739 2303 872 2338 καθέδρας

85 2352 255 2386 ἀξιωθεῖσαν,
273 2352 301 2378 ἓν
313 2360 343 2377 τε
357 2351 423 2387 πρὸς
440 2350 485 2376 τὸν
501 2349 667 2376 ἀναλαϐόντα
681 2348 755 2384 πάσῃ
773 2350 804 2383 τῇ
819 2348 874 2374 κτί-

85 2408 128 2426 σει
143 2397 347 2433 γινωσκομένην
369 2398 403 2432 τῇ
427 2395 500 2431 ἄκρᾳ
515 2395 656 2429 συναφείᾳ,
680 2395 713 2429 τῇ
731 2394 779 2429 τῆς
795 2393 874 2429 δόξης

85 2445 213 2481 κοινωνίᾳ
227 2444 266 2480 τῷ
281 2443 432 2480 ἀμερίστῳ,
444 2443 493 2478 τῆς
510 2441 580 2476 ὑπὲρ
594 2441 680 2468 πάντα
697 2441 773 2475 λόγον
785 2440 872 2473 ἀξίας.

443 2498 502 2526 XVI

85 2560 163 2593 Πρὸς
188 2558 258 2591 τοὺς
295 2558 474 2590 κελεύοντας
497 2555 783 2593 ἀπλώςᾲπισζεύειγ
814 2553 873 2593 τοῖς

119 2588 301 2628 λεᾶιομένὸις,
333 2593 381 2619 καὶ
408 2592 450 2626 μὴ
463 2588 636 2618 ’κατανοεῖν
662 2590 694 2616 τὸ
714 2589 827 2623 πρέπον
853 2588 872 2622 ἢ

121 2628 262 2662 ἀπρεπές.

122 2674 230 2701 Πολλῶν
246 2673 340 2701 δεινῶν
358 2673 533 2708 ὑπαρχόντων
549 2671 702 2707 δογμάτων,
727 2679 764 2697 ων
782 2670 873 2696 ἐπεισ-

86 2725 174 2761 ήγαγε
187 2722 225 2757 τῷ
241 2722 290 2757 βίῳ
300 2721 354 2748 τῶν
364 2720 513 2756 ἀνθρώπιον
526 2720 564 2751 εἰς
579 2719 748 2746 ἐπικίνδυνον
766 2716 872 2749 ἀπάτην

120 2801 143 2818 ³⁸
161 2801 248 2828 Galat.
268 2808 314 2830 Ill.
333 2800 375 2826 15.
415 2799 435 2813 ⁵η
458 2797 467 2823 l
484 2797 546 2825 Cor.
565 2805 608 2829 xv,
628 2797 671 2823 53.

226 2850 361 2879 ΡΑτιιοι..
384 2848 442 2877 (in.
466 2845 598 2876 XXVIII

711 2797 733 2812 ”
753 2794 819 2822 ibid.
837 2793 883 2821 22.

923 195 983 229 gis:
1001 194 1145 222 «Christus
1168 194 1240 222 enim
1254 200 1305 220 nos
1321 200 1336 220 a
1358 192 1502 220 maledicto
1516 192 1583 227 legis
1604 191 1705 220 libera-

924 241 1000 273 vit”,
1013 251 1021 266 ι
1039 241 1223 276 impletionem
1249 240 1317 275 legis
1338 247 1353 266 a
1378 238 1508 274 primitiis
1528 238 1627 266 factam
1656 239 1706 265 toti

923 294 1020 314 massa:
1037 287 1185 318 ascribere,
1202 293 1352 321 agnoscere
1366 284 1431 320 quid
1454 288 1587 321 congruat
1602 289 1628 312 et
1642 285 1706 319 quid

924 336 1117 366 consequatur.
1137 332 1206 359 Nam
1231 333 1254 359 si
1279 331 1354 359 solus
1379 331 1451 359 Deus
1470 331 1557 366 legem
1573 331 1706 366 implevit,

923 377 996 411 quod
1010 385 1044 404 ue
1058 377 1148 405 dicere
1164 378 1273 414 quidem
1288 378 1425 409 convenit,
1447 377 1520 404 nulla
1536 377 1589 404 alia
1609 381 1706 404 natura

924 423 1047 456 pra-clari
1061 421 1126 450 facti
1143 427 1185 450 est
1201 423 1348 458 particeps.
1363 423 1398 449 At
1411 423 1434 450 si
1446 427 1572 458 suscepta
1583 431 1614 450 ex
1628 423 1708 450 nobis

924 475 988 495 caro
1006 469 1033 495 in
1048 477 1090 501 eo,
1106 469 1152 504 qui
1169 469 1255 504 legem
1279 469 1411 504 implevit,
1429 473 1603 503 agnoscatur,
1621 469 1709 496 mani-

926 513 993 541 festa
1009 514 1038 541 ﬁt
1052 514 1159 549 generis
1174 515 1262 542 nostri
1278 514 1373 549 gloria,
1395 514 1468 548 quod
1492 521 1589 541 secure
1608 514 1707 540 mortis

925 559 1064 586 stimulum
1081 560 1168 595 possit
1192 560 1366 592 conculcare,
1381 560 1480 594 quippe
1494 561 1538 586 cui
1554 559 1621 586 nihil
1637 560 1708 586 ultra

926 606 952 633 in
972 614 1030 633 eam
1054 610 1179 633 naturam
1194 605 1265 640 juris
1285 606 1331 638 sit,
1347 612 1363 632 a
1385 606 1464 640 cujus
1478 606 1606 641 primitiis
1623 605 1710 640 (Chri-

907 657 910 660 '
926 652 977 687 sto)
989 651 1045 686 jam
1057 652 1121 679 olim
1135 651 1184 679 fuit
1194 651 1311 679 contrita
1327 655 1353 679 et
1368 651 1465 684 fracta,
1483 656 1512 678 ut
1537 659 1634 679 omnes
1647 659 1707 679 cre-

891 823 912 850 B

888 1494 910 1522 C

889 2159 910 2188 D

926 699 1021 726 dentes
1035 706 1107 726 nunc
1123 699 1228 734 possint
1240 699 1351 726 dicere:
1367 707 1375 723 ι
1393 696 1442 725 Ubi
1455 701 1507 729 est,
1523 705 1539 725 ο
1559 705 1642 730 mors,
1658 697 1709 724 sti-

926 745 1017 772 mulus
1030 745 1116 772 tuus?
1129 744 1178 771 Ubi
1191 748 1248 777 tua,
1265 743 1381 775 inferne,
1394 743 1509 771 victoria
1520 744 1541 759 ⁰¹
1553 744 1564 771 9
1577 754 1586 769 ι
1599 743 1632 770 Et
1646 752 1709 771 rur-

927 799 1007 819 sum:
1025 801 1034 816 ‹
1053 791 1129 817 Sicut
1154 799 1202 826 per
1228 799 1312 818 unum
1339 791 1478 818 hominem
1505 798 1598 818 mors:
1612 791 1647 817 ita
1662 799 1710 825 per

928 845 1012 864 unum
1036 837 1172 864 hominem
1199 837 1363 865 resurrectio
1387 842 1557 864 mortuorum
1570 838 1603 862 θ’.
1622 846 1630 862 ι
1658 835 1711 863 Per

927 883 1063 910 hominem
1087 883 1164 915 dicit,
1186 891 1240 910 non
1269 884 1303 911 ab
1324 884 1446 912 homine.
1473 883 1551 915 Quod
1575 883 1649 910 enim
1677 883 1710 910 ab

927 929 1036 956 homine
1051 929 1108 956 ﬁeri
1132 936 1186 956 non
1210 932 1326 964 poterat,
1346 929 1372 956 id
1389 937 1436 964 per
1448 928 1586 956 hominem
1597 927 1653 956 Deo
1664 936 1711 956 co-

926 975 1049 1009 pulatum
1075 974 1150 1001 nullo
1172 975 1281 1010 negotio
1310 974 1400 1002 ﬁebat.
1426 973 1471 1000 Sic
1498 974 1710 1001 resurrectionis

926 1020 1027 1047 donum
1045 1019 1240 1054 consequimur
1253 1029 1260 1051 ;
1274 1019 1314 1046 sic
1325 1018 1498 1054 adoptionem
1512 1019 1708 1051 nanciscimur;

926 1065 967 1092 sic
983 1065 1090 1092 Domini
1107 1065 1204 1092 fratres
1220 1066 1409 1099 appellamur;
1430 1065 1469 1092 sic
1483 1064 1638 1092 cohrcredes
1654 1064 1710 1091 clli-

927 1111 1036 1144 cimur;
1053 1111 1093 1139 sic
1107 1110 1213 1138 hostem
1228 1111 1255 1137 in
1271 1110 1398 1145 primitiis
1413 1110 1546 1138 vincimus
1560 1119 1567 1143 ;
1583 1111 1622 1138 sic
1638 1109 1709 1136 ﬁdu-

926 1157 995 1184 ciam
1012 1157 1105 1185 exillis
1121 1157 1286 1192 accipimus;
1304 1157 1344 1185 sic
1356 1160 1469 1192 sumptae
1479 1164 1510 1184 ex
1525 1157 1605 1184 nobis
1619 1158 1710 1184 carnis

927 1204 1056 1232 adversus
1074 1203 1211 1230 diabolum
1232 1207 1364 1238 tropaeum
1379 1203 1459 1231 nobis
1470 1203 1652 1237 vindicamus,
1666 1204 1711 1231 di-

926 1251 1018 1278 vinum
1037 1251 1146 1278 illorum
1166 1250 1250 1278 robur
1265 1249 1454 1278 concutientes
1464 1271 1471 1283 ,
1487 1250 1528 1278 sic
1542 1258 1648 1283 omnes,
1663 1251 1711 1285 qui

925 1305 989 1325 vere
998 1297 1146 1330 credimus,
1159 1300 1351 1331 exspectamus
1366 1303 1417 1323 nos
1437 1296 1558 1330 glorioso
1572 1296 1633 1331 ejus
1653 1303 1712 1323 cor-

926 1343 984 1378 pori
999 1343 1154 1370 conformes
1170 1341 1237 1370 fore.
1257 1341 1302 1369 Sic
1325 1349 1419 1369 verum
1440 1341 1507 1369 illud
1529 1350 1590 1370 esse
1607 1350 1713 1378 compe-

926 1390 1022 1417 rimus.
1047 1399 1055 1415 ι
1069 1388 1302 1416 Conresuscitavit
1323 1396 1372 1416 nos
1395 1391 1421 1415 et
1437 1388 1585 1416 consedere
1605 1388 1668 1416 fecit
1685 1389 1712 1415 in

926 1435 1083 1463 cwlestibus
1096 1434 1129 1461 ’³.
1146 1443 1156 1460 ι
1177 1433 1235 1461 Etsi
1252 1434 1325 1461 enim
1342 1433 1369 1461 in
1382 1438 1476 1461 nostra
1494 1434 1610 1469 quisque
1625 1433 1712 1469 hypo-

926 1481 993 1508 stasi
1013 1480 1134 1508 nondum
1157 1480 1405 1511 resurrexerimus,
1427 1487 1478 1506 nec
1502 1480 1530 1506 in
1552 1479 1712 1507 ccelestibus

929 1527 1158 1561 simus:pr0pter
1187 1525 1377 1560 cognationem
1403 1528 1493 1551 tamen
1517 1532 1578 1552 cum
1604 1532 1636 1551 eo
1664 1524 1711 1559 qui

928 1572 1050 1600 ascendit
1070 1575 1098 1599 et
1121 1570 1272 1602 descendit,
1290 1570 1349 1605 ipsa
1366 1570 1460 1598 talium
1475 1578 1524 1604 spe
1535 1570 1613 1597 ﬁrma
1630 1573 1708 1598 lene—

927 1626 988 1646 mus
1003 1618 1128 1653 pignora.
1141 1616 1249 1650 Quanto
1259 1616 1343 1650 igitur
1359 1615 1421 1642 odio
1433 1614 1508 1650 digni
1524 1615 1574 1648 illi,
1590 1614 1636 1650 qui
1648 1622 1712 1650 per-

927 1670 1006 1690 versa
1022 1669 1071 1689 sua
1090 1661 1214 1689 doctrina
1230 1664 1305 1688 tanta
1322 1667 1353 1687 ac
1376 1660 1442 1686 talia
1460 1660 1539 1687 nobis
1555 1660 1626 1687 bona
1642 1660 1712 1687 invi-

927 1707 991 1735 dere
1011 1715 1066 1734 non
1091 1705 1296 1741 dubitantzqui
1323 1713 1408 1741 genus
1431 1709 1556 1732 nostrum
1582 1705 1711 1733 honorari

927 1753 1109 1788 uolunt;.qui
1133 1760 1242 1780 carnem
1268 1755 1406 1787 separant,
1429 1759 1511 1787 quam
1542 1752 1605 1785 sibi,
1630 1752 1711 1779 modo

926 1800 1006 1835 plane
1028 1799 1171 1834 stupendo,
1196 1796 1312 1826 Verbum
1328 1797 1483 1831 conjunxit,
1511 1795 1589 1832 511
1615 1796 1711 1824 adver-

926 1850 1019 1874 santes
1030 1844 1116 1872 Paulo
1131 1843 1257 1872 clamanti
1267 1852 1290 1872 ε(
1303 1842 1368 1877 Quae
1383 1842 1455 1870 Dens
1468 1842 1618 1877 conjunxit,
1629 1842 1711 1869 homo

926 1901 981 1920 non
997 1895 1106 1927 separet
1117 1889 1157 1923 ";
1174 1901 1183 1917 ι
1197 1891 1242 1926 qui
1257 1890 1374 1925 denique
1389 1890 1507 1925 linguam
1519 1887 1629 1916 diabolo
1642 1896 1712 1916 mer-

925 1939 991 1967 cede
1010 1938 1103 1965 locant
1129 1937 1163 1964 ad
1180 1935 1343 1964 occultanda
1367 1942 1409 1966 ea,
1430 1942 1491 1969 qua:
1508 1937 1604 1961 contra
1621 1934 1709 1969 ipsum

926 1985 997 2013 facta
1014 1988 1088 2012 sunt.
1110 1982 1183 2010 Nihil
1195 1983 1268 2010 cnim
1288 1982 1328 2009 illi
1345 1981 1482 2014 acerbius,
1501 1981 1568 2008 nihil
1581 1980 1710 2008 intolera-

924 2030 1008 2057 bilius
1030 2028 1156 2056 aceidere
1177 2031 1278 2063 potest,
1295 2034 1377 2063 quam
1393 2027 1416 2054 si
1432 2026 1522 2053 videat
1536 2025 1676 2054 seductam
1695 2033 1709 2052 a

925 2084 954 2104 se
969 2079 1095 2102 naturam
1108 2082 1123 2101 a
1136 2073 1240 2102 ccelesti
1250 2073 1323 2109 Rege
1338 2073 1365 2100 in
1380 2071 1508 2108 primitiis
1524 2078 1632 2099 sursum
1647 2078 1710 2098 eve-

924 2124 1008 2152 ctam,
1022 2123 1049 2147 et
1070 2119 1180 2147 excelso
1200 2117 1291 2145 animo
1308 2125 1341 2145 ac
1362 2124 1444 2151 supra
1466 2115 1576 2142 laudem
1597 2121 1706 2142 omnem

925 2173 1096 2198 conversam,
1109 2169 1136 2192 et
1147 2163 1314 2199 superiorem
1328 2162 1428 2189 factam
1439 2166 1526 2188 morte
1539 2160 1709 2188 destruxisse

926 2213 1012 2248 ipsius
1030 2211 1212 2247 tyrannidem,
1229 2213 1256 2237 et
1278 2212 1445 2242 assumplam
1472 2207 1499 2234 in
1526 2206 1637 2238 cmlum,
1652 2207 1710 2241 glo-

926 2259 1053 2294 riOSaque
1067 2257 1132 2286 sedc
1146 2256 1231 2284 fuisse
1245 2255 1407 2282 honoratam
1418 2273 1425 2285 ,
1442 2257 1469 2281 et
1485 2252 1556 2287 apud
1576 2260 1639 2280 eum
1661 2253 1707 2287 qui

926 2307 1123 2339 assumpserat,
1147 2303 1219 2330 inter
1241 2307 1338 2328 omnes
1362 2303 1523 2331 creaturas,
1547 2299 1576 2326 in
1601 2306 1708 2326 summa

925 2348 1120 2385 conjunctione
1145 2346 1293 2382 cognitam,
1322 2345 1349 2372 in
1380 2344 1589 2380 participatione
1615 2343 1709 2378 gloria:

923 2403 986 2423 cum
1001 2401 1034 2422 eo
1045 2393 1090 2428 qui
1104 2399 1120 2419 a
1133 2398 1163 2419 se
1178 2395 1220 2419 est
1235 2390 1378 2421 indivisus,
1394 2396 1454 2424 qua:
1469 2389 1586 2424 dignitas
1599 2395 1707 2415 omnem

923 2440 1074 2469 orationem
1093 2440 1240 2472 exsuperat

1279 2489 1347 2517 XVI.

922 2553 1053 2579 Adventu
1066 2559 1109 2578 eos
1117 2549 1163 2585 qui
1177 2549 1265 2576 volunt
1280 2547 1433 2585 simpliciter
1448 2547 1480 2574 iis
1493 2546 1634 2585 quie‘dicla
1644 2549 1705 2572 sunt

956 2585 1112 2615 credendum
1125 2581 1193 2616 esse,
1203 2592 1248 2610 nec
1262 2581 1479 2611 considerandum
1495 2581 1558 2617 quid
1571 2585 1703 2608 convenml

958 2629 982 2650 el
997 2621 1059 2658 quid
1069 2629 1119 2648 non
1131 2619 1276 2648 conveniat.

956 2667 1014 2695 Etsi
1030 2666 1114 2693 multa
1128 2669 1154 2692 et
1174 2664 1308 2692 horrenda
1325 2663 1451 2698 dogmata
1467 2662 1494 2689 in
1504 2661 1644 2689 hominum
1659 2668 1704 2695 ge-

922 2721 975 2741 uus
990 2713 1034 2740 ille
1046 2711 1137 2739 omnis
1150 2710 1257 2737 honesti
1269 2716 1333 2736 osor
1346 2709 1451 2736 daemon
1463 2707 1576 2739 invexit,
1588 2709 1618 2733 ut
1634 2705 1705 2741 peri-

920 2793 943 2808 “
966 2791 1064 2827 Ephes.
1085 2797 1121 2821 II,
1141 2787 1169 2815 ϐ.
1208 2787 1231 2803 ⁹⁵
1252 2785 1346 2812 Matth.
1365 2793 1429 2819 ιη,
1445 2785 1472 2812 6.

1547 2831 1584 2860 ω
