1926 3068
251 124 316 151 1587

817 120 845 150 S.
867 121 1094 149 ATHANASIL’S.
1114 135 1146 141 ——
1169 119 1305 148 SPURIA.

1795 117 1861 146 1588

249 183 343 210 culosa
355 181 460 209 fallacia
472 183 652 210 assentientes
667 182 817 210 involveret
832 193 838 210 ι
852 187 942 210 tamen
958 183 1023 209 haud

1081 180 1134 207 τῶν
1154 180 1304 215 δεχομένων
1330 179 1344 206 ὁ
1369 178 1513 215 μισόκαλος
1533 177 1647 213 δαίμων,
1663 177 1713 204 οὐκ
1726 174 1772 203 οἷδ’
1784 178 1811 204 εί
1837 187 1861 204 τι

248 229 307 256 scio
329 236 363 255 an
384 228 572 263 superioribus
588 229 756 263 temporibus
783 228 939 263 hujusmodi
965 228 1029 263 quid

249 274 421 308 parturiv‘erit
436 273 516 308 quale
532 281 605 300 nunc
620 275 747 308 parturit.
764 273 832 300 Nam
855 281 948 301 earum
969 281 1030 308 quae

249 319 392 354 viguerunt
405 319 532 350 hereses,
542 327 654 354 quaeque
670 320 740 347 alius
751 324 832 355 atque
841 320 912 348 alius
927 321 1030 347 erroris

248 371 334 394 mater
349 365 409 393 fuit.
420 366 453 392 At
461 373 521 400 qua:
533 373 604 392 nunc
620 365 770 393 novissima
783 366 904 393 omnium
919 366 1029 393 inventa
1044 373 1049 379 '

247 416 299 443 est,
318 419 349 438 ea
363 416 477 438 cunctas
490 411 640 443 renovavit.
657 415 771 438 cunctas
787 411 900 438 audacia
916 418 1029 445 supera-

249 459 294 489 vit,
313 463 450 492 postremo
461 465 515 492 pra:
528 458 634 485 caeteris
647 458 773 485 omnibus
790 458 922 484 malorum
939 462 1028 484 ortum

248 498 390 530 indicavit.
414 502 482 530 Vere
508 512 517 528 ι
541 503 669 537 parturiit
698 503 871 537 injustitiam,
903 502 1028 537 concepit

246 548 366 575 dolorem
383 551 409 575 et
425 547 528 582 peperit
543 548 714 582 iniquitatem
725 547 759 573 ".
779 555 788 573 ι
813 545 962 573 Parturivit
976 547 1028 573 im-

246 593 355 627 pietatis
365 592 533 626 propositum
552 601 558 618 :
572 591 698 626 concepit
708 591 786 618 malae
805 591 872 618 artis
892 591 1026 622 instituta,

246 639 380 673 inquibus
391 642 417 665 et
429 638 473 664 alii
486 641 614 665 errarunt
629 647 635 664 :
649 637 754 672 peperit
769 636 945 664 multifariam
953 636 1026 663 aliud

243 685 344 713 malum
359 691 409 711 suo
422 683 529 718 quidvis
540 683 671 710 arbitratu
688 682 845 709 innovandi.
858 682 927 715 Quin
944 683 1026 709 etiam

244 734 274 756 ut
292 737 386 757 omnes
403 737 432 756 se
446 734 605 763 sequantur.
626 728 770 763 imperiose
790 728 910 762 pnecipit
928 737 934 754 :
958 728 1024 753 Am-

244 775 402 810 plectimini.
421 775 517 809 inquit,
545 774 716 809 simpliciter,
732 781 792 808 qua:
809 773 949 806 dicuntur,
974 780 1024 801 nec

243 821 362 856 iuquirat
379 821 523 856 quisquam
539 819 604 854 quid
622 819 649 846 in
668 819 702 846 iis
719 819 885 846 conveniens
901 819 946 851 sit,
959 818 1023 853 quid

1079 225 1198 252 τοιοῦτον
1219 226 1248 251 ἐν
1272 226 1327 256 τοῖς
1341 224 1473 251 ἀνέκαθεν
1485 223 1591 259 χρόνοις
1605 223 1708 256 ὤδινεν,
1725 219 1780 250 οἷον
1806 223 1859 250 νῦν.

1085 273 1201 308 Ἑκάστη
1217 272 1265 307 μὲν
1279 271 1333 307 γὰρ
1340 271 1394 297 τῶν
1410 270 1464 297 ἀπὸ
1476 271 1529 296 τῶν
1538 270 1667 305 αἱρέσεων
1677 269 1758 303 τῆσδε
1769 268 1788 304 ἢ
1801 268 1862 304 ⁸ἱῆιτ-

1078 319 1106 345 δε
1126 318 1174 353 τῆς
1199 317 1300 352 πλάνης
1315 317 1410 351 γέγονε
1436 316 1535 352 μήτηρ·
1554 316 1570 350 ὴ
1586 315 1614 342 δὲ
1627 315 1674 342 νῦν
1693 315 1760 350 μετὰ
1776 316 1861 347 πάσας

1078 363 1254 399 ἑφευρεθεῖσα
1271 363 1359 394 πάσας
1372 362 1548 394 ἀνενεώσατο,
1568 362 1614 388 καὶ
1622 361 1711 393 πάσας
1729 361 1861 396 ὑπερεϐά-

1080 410 1150 441 λετο,
1171 410 1217 436 καὶ
1233 409 1302 444 ὑπὲρ
1318 409 1406 435 πᾶσαν
1428 408 1477 444 τὴν
1503 408 1556 435 τῶν
1575 407 1666 434 κακῶν
1687 408 1795 442 γένεσιν
1816 409 1862 434 ἑπ-

1079 455 1207 488 εδείξατο.
1225 456 1327 485 Ὄντως
1343 464 1352 479 ι
1365 454 1493 489 ὠδίνησεν
1506 454 1622 486 ἀδικίαν,
1640 453 1768 481 συνέλαϐε
1785 454 1862 480 πόνον

1077 501 1124 528 καὶ
1147 501 1239 526 ἔτεκεν
1265 500 1389 535 ἀνομίαν.
1408 509 1417 526 ι
1443 499 1563 535 Ὤδίνησε
1584 500 1712 535 πρόθεσιν
1726 499 1863 531 ἀσεϐείας,

1077 547 1206 574 συνέλαϐε
1219 546 1268 582 τὴν
1288 546 1377 578 ἄλλοις
1404 545 1585 581 πλανηθεῖσαν
1608 546 1735 582 πρόθεσιν
1752 555 1863 573 κακοτε-

1076 594 1160 629 χνίας
1177 593 1252 619 ἔτεκε
1267 593 1297 618 τὸ
1312 591 1433 618 ποικίλον
1441 591 1523 618 κακὸν
1537 592 1587 628 τῆς
1607 593 1754 628 αὐτονόμου
1772 601 1863 620 καινο-

1075 639 1183 674 τομίας,
1201 638 1249 664 καὶ
1262 637 1365 669 πάντας
1378 637 1534 664 ἀκολουθεῖν
1562 639 1700 665 ἐπιτάττει
1718 639 1788 673 μετὰ
1801 638 1864 665 πολ-

1074 684 1124 719 λῆς
1139 684 1270 717 ἐξουσίας·
1286 683 1411 719 Δέχεσθε,
1428 683 1520 719 φησὶν,
1548 684 1640 716 ἁπλῶς
1656 683 1690 710 τά
1717 683 1862 719 λεγόμενα,

1074 731 1122 758 καὶ
1148 730 1242 766 μηδεὶς
1271 729 1430 763 ἐξεταζέτω,
1453 730 1479 756 τί
1497 730 1600 765 πρέπον
1617 731 1645 757 ὲν
1669 731 1770 762 αὐτοῖς,
1795 731 1814 766 ἢ
1839 731 1865 757 τί

1074 775 1207 811 ἀπρεπές.
1228 775 1282 802 Καὶ
1300 775 1390 802 πίστιν
1407 775 1533 810 ὀνομάζει
1551 776 1601 811 τὴν
1616 775 1798 803 ἀϐασάνιστον
1819 777 1865 803 ἐπὶ

1073 823 1129 852 τοῖς
1147 821 1273 852 ἀστάτοις
1297 821 1343 847 καὶ
1360 820 1563 852 ἀναποδείκτοις
1580 821 1624 847 ἐπὶ
1651 820 1737 857 βλάϐῃ
1761 829 1864 854 συγκα-

243 868 445 895 inconveniens.
475 866 515 893 Ac
541 866 620 894 ﬁdem
645 865 768 893 nominat
794 865 1022 893 inconsideratam

1074 866 1192 893 τάθεσιν.
1214 866 1329 901 Ἀλόγως
1346 866 1500 899 πιστεύσως
1514 867 1560 893 καὶ
1577 866 1614 902 μὴ
1628 867 1748 900 ἐξετάσω
1774 867 1801 893 τί
1817 867 1864 893 δυη

242 913 407 948 noxiamque
434 912 657 948 approbationem
691 911 860 938 inﬁrmorum
889 912 1026 947 nullisque

242 959 523 987 detnonstrationibus
550 958 749 985 instructorum
777 957 944 992 dogmatum.
960 957 1027 984 Cre-

241 1005 339 1032 damne
353 1004 411 1032 sine
431 1002 554 1037 judicio?
569 1009 620 1029 nec
645 1002 791 1036 inquiram,
816 1001 882 1035 quid
904 1004 951 1028 aut
967 999 1026 1028 ﬁeri

242 1049 338 1084 possit,
365 1052 412 1076 aut
436 1047 503 1075 utile
522 1047 569 1076 sit,
589 1051 638 1074 aut
656 1046 761 1077 deceat,
777 1048 822 1072 aut
839 1044 893 1072 Deo
906 1048 1024 1080 gratum,

239 1101 288 1123 aut
303 1099 408 1122 natura:
422 1101 585 1129 congruum,
608 1097 655 1120 aut
668 1093 775 1120 veritati
791 1100 952 1123 consonum,
978 1095 1026 1119 aut

237 1148 325 1176 scopo
338 1138 584 1170 accommodatum,
594 1142 641 1165 aut
656 1139 785 1174 mysterio
799 1142 1024 1169 consentaneum,

240 1191 288 1214 aut
302 1186 401 1222 pietate
423 1185 535 1220 dignum
559 1184 615 1212 sit?
630 1183 721 1219 Ecqua
739 1184 841 1212 utilitas
864 1185 915 1212 erit
940 1184 1026 1211 mihi?

238 1233 294 1259 Aut
309 1232 372 1266 quis
384 1231 467 1258 menti
484 1230 590 1258 fructus
604 1237 664 1266 quae
679 1230 776 1257 horum
791 1230 859 1257 nihil
875 1237 967 1257 secum
983 1237 1025 1257 re-

235 1277 354 1312 putavit,
364 1276 412 1304 sed
426 1275 548 1303 auditum
559 1275 666 1310 quidem
679 1282 746 1303 sono
757 1275 900 1302 verborum
915 1275 1023 1308 obtulit,

241 1322 343 1350 nullam
357 1329 422 1350 vero
437 1321 573 1348 dictorum
585 1321 658 1356 cepit
669 1321 892 1356 intelligentiam?
904 1320 960 1348 Hoc
976 1320 1024 1348 ad-

239 1368 366 1396 versariis
374 1367 502 1396 omnibus
518 1367 620 1394 erroris
632 1367 875 1400 universorumque
890 1366 1023 1392 malorum

239 1421 322 1441 eausa
342 1417 394 1441 est.
410 1413 478 1446 Quis
499 1412 572 1440 enim
589 1415 631 1439 est
646 1411 819 1438 inimicorum
835 1410 962 1438 Ecclesiae
978 1417 1024 1437 ca-

238 1459 348 1486 tholicae
363 1458 410 1493 qui
435 1465 490 1484 non
510 1457 630 1492 postulet
649 1456 730 1484 dictis
743 1455 871 1483 omnibus
884 1456 952 1488 suis,
964 1455 1024 1482 abs-

239 1511 292 1538 que
306 1503 406 1538 pratvio
419 1501 554 1534 examine,
572 1501 651 1528 [idem
666 1500 780 1528 haberi?
792 1499 921 1533 Quamvis
936 1500 1023 1534 genti-

238 1537 291 1575 lem
303 1537 415 1579 dixeris,
430 1547 487 1574 sive
511 1545 698 1578 Manichaeum,
711 1545 768 1573 sive
781 1545 838 1571 Arii
858 1548 904 1572 aut
920 1544 1023 1579 Apolli~
1036 1537 1056 1565 C

238 1594 318 1624 narii,
331 1596 378 1620 aut
392 1592 504 1619 alterius
516 1590 672 1626 huiusmodi
689 1589 833 1622 haeredem,
843 1597 898 1616 non
912 1594 1023 1617 recusat

239 1647 363 1671 examen,
382 1642 412 1665 ut
441 1637 527 1673 fugiat
552 1636 762 1665 convictionem.
783 1635 878 1663 Nonne
892 1635 946 1662 alia
971 1643 1022 1663 suo

236 1689 325 1712 marte
337 1688 476 1715 eructans,
487 1682 542 1709 alia
552 1689 586 1709 ex
602 1681 749 1716 Scriptura:
763 1680 862 1709 divina:
880 1680 1022 1708 harmonia

237 1736 365 1756 resecans
381 1733 407 1755 et
423 1727 457 1754 ad
469 1735 582 1762 scopum
606 1727 719 1754 trahens
741 1733 832 1759 suum,
863 1730 1021 1762 argumenta

237 1774 351 1810 profert,
367 1781 427 1809 quae
451 1782 467 1801 a
489 1773 607 1806 nemine,
631 1776 661 1799 ut
675 1776 750 1808 optat
773 1773 841 1808 ipse,
870 1771 1023 1808 indaganda

238 1820 414 1855 pronuntiat?
426 1819 558 1854 Deinceps
583 1820 607 1847 si
629 1819 757 1847 omnibus
767 1819 928 1854 simpliciter
945 1820 1023 1847 adhi-

239 1866 350 1892 beamus
375 1871 481 1896 aurem,
506 1871 558 1891 nec
573 1868 747 1892 enascentem
762 1871 795 1891 ex
822 1871 918 1892 eorum
941 1864 1022 1892 dictis

239 1909 433 1936 absurditatem
459 1907 703 1939 confutaverimus,
725 1915 776 1936 nec
800 1908 957 1944 dogmatum
971 1917 1022 1945 pu-

237 1962 306 1990 gnae,
328 1961 388 1994 qua!
409 1962 441 1981 ex
462 1961 589 1989 perversa
606 1954 714 1981 illorum
730 1955 952 1990 interpretatione
965 1956 1022 1983 ori-

236 2006 293 2033 tur,
318 2000 482 2028 solutionem
503 1999 750 2034 eﬁlagitaverimus,
767 2001 828 2035 quis
840 2001 867 2027 in
882 2005 1021 2036 posterum

238 2047 354 2083 amplius
371 2046 494 2074 veritatis
507 2046 580 2074 viam
598 2046 735 2074 inveniet?
748 2048 810 2082 quis
831 2055 885 2075 non
900 2048 978 2075 facile
992 2048 1020 2075 in

235 2093 417 2129 przecipitium
439 2093 628 2121 haereticorum
652 2092 807 2128 dogmatum
828 2093 939 2127 incidet,
967 2102 1022 2122 non

237 2139 415 2167 considerans
446 2147 577 2166 novorum
597 2139 752 2174 dogmatum
765 2140 1020 2175 inconvenientiam,

237 2194 288 2215 nec
301 2186 423 2214 veritatis
437 2186 548 2221 exigens
571 2186 804 2213 convenientiam?
824 2185 895 2219 Quid
911 2188 1020 2215 credam

235 2233 320 2260 corde
339 2232 373 2259 ad
397 2232 550 2267 justitiam?
564 2232 629 2267 quid
655 2232 751 2268 loquar
767 2240 815 2260 ore
833 2233 867 2260 ad
893 2234 1018 2267 salutem,

236 2287 299 2307 curn
313 2278 378 2305 mihi
399 2278 516 2313 maligne
538 2278 690 2313 objecerint
710 2279 776 2306 illud
793 2288 800 2306 :
829 2289 838 2304 ε
857 2279 946 2312 Pater,
972 2281 1020 2315 qui

235 2324 308 2352 misit
323 2331 376 2355 me,
391 2324 478 2358 major
487 2332 529 2351 me
537 2327 579 2351 est
589 2324 632 2350 ἐἳ
643 2334 652 2350 ι
667 2323 867 2359 Simpliciterne
877 2326 1018 2361 accipiam,

235 2376 270 2396 an
283 2369 484 2403 praecipitanter
499 2369 649 2396 assentiar?
675 2369 804 2397 audacter
826 2369 923 2397 Filium
942 2370 1020 2398 Patre

236 2414 392 2441 inferiorem
408 2414 600 2448 pronuntiabo,
609 2418 636 2442 et
644 2415 711 2442 nihil
722 2415 833 2442 omnino
844 2416 1018 2451 perpendam,

236 2467 325 2495 neque
339 2461 412 2495 quod
427 2461 584 2488 mconomiaz
598 2461 650 2488 iste
665 2469 754 2488 sermo
774 2462 819 2493 sit.
834 2470 923 2497 neque
946 2462 1019 2497 quod

235 2505 356 2540 ejusdem
370 2505 421 2532 hoc
432 2505 534 2533 dictum
545 2505 581 2533 sit
595 2515 602 2533 ε
616 2515 625 2531 ι
646 2505 701 2541 Ego
712 2510 738 2533 et
748 2506 828 2542 512
841 2507 921 2535 Pater
933 2515 1017 2535 unum

235 2558 331 2578 sumus
344 2551 381 2583 ";
401 2560 411 2576 ο
429 2555 456 2578 et
471 2560 478 2578 z
495 2560 504 2576 ‹
526 2549 706 2578 Uthonorent
719 2551 827 2584 Filium,
843 2552 914 2580 sicut
930 2552 1018 2580 hono-

236 2601 297 2624 rant
313 2597 421 2624 Patrem
438 2597 461 2617 ν’
475 2605 483 2629 ;
501 2606 511 2622 ι
529 2601 574 2624 et:
591 2606 600 2623 I
618 2596 670 2630 Qui
681 2598 749 2625 vidit
763 2606 815 2630 me,
831 2599 898 2625 vidit
916 2604 943 2626 et
967 2599 1018 2626 Pa-

235 2647 304 2669 trem
318 2642 340 2658 ”
353 2652 361 2675 ;
385 2652 394 2668 ι
411 2646 438 2669 et
454 2641 559 2682 inﬁnita
570 2642 634 2674 alia,
650 2650 710 2678 qua
719 2643 899 2677 mqualitatcm
912 2652 1018 2679 parem-

234 2696 288 2722 que
305 2687 394 2715 Patris
407 2691 433 2715 et
444 2687 504 2714 Filii
520 2687 651 2716 honorem
671 2689 698 2715 in
712 2690 838 2717 omnibus
856 2690 1019 2718 declarant?

236 2733 264 2760 Si
287 2733 369 2768 igitur
391 2734 459 2761 nihil
474 2741 569 2762 eorum
585 2742 644 2769 qua:
662 2735 726 2762 inde
743 2742 949 2771 consequuntur
968 2745 1017 2764 ex-

1036 2207 1058 2235 D

1076 913 1165 944 νατὺν,
1181 913 1198 948 ἢ
1223 913 1372 948 συμφέρον,
1398 913 1414 948 ἢ
1435 913 1584 949 πρέπον,
1608 913 1666 948 Θεῴ
1693 913 1780 948 φίλον,
1797 913 1814 948 ἦ
1828 914 1861 948 τῇ

1076 958 1156 993 φύσει
1183 958 1390 994 κατάλληλον,ἧ
1415 960 1448 994 τῇ
1464 959 1577 995 ἀληθείᾳ
1603 958 1756 994 σύμφωνον,
1776 958 1794 994 ἢ
1824 958 1862 993 τῷ

1077 1003 1170 1039 σκοπῷ
1195 1004 1352 1037 ἀκόλουθον,
1367 1004 1384 1040 ἢ
1399 1004 1438 1039 τῷ
1453 1006 1593 1040 μυστηρίῳ
1617 1003 1756 1040 ἁρμόδιον,
1772 1004 1789 1039 ἥ
1814 1004 1862 1039 τῆς

1075 1050 1215 1082 εὐσεϐείας
1231 1050 1303 1083 ἄξιον
1317 1059 1324 1083 ;
1340 1051 1394 1077 Καὶ
1409 1050 1540 1084 τίκέρδος
1549 1050 1619 1083 ’ἐξιιη
1637 1050 1653 1086 ἢ
1669 1050 1711 1082 τίς
1725 1050 1818 1085 ὄνησις
1830 1051 1862 1086 τῇ

1074 1096 1176 1132 διανοίᾳ
1187 1098 1218 1132 τῇ
1233 1096 1316 1132 μηδὲν
1332 1095 1434 1122 τούτων
1450 1096 1622 1132 λογιζομένῃ,
1639 1095 1696 1122 ἀλλ’
1710 1096 1797 1131 ἀκοὴν
1815 1096 1863 1132 μὲν

1075 1141 1113 1176 τῷ
1124 1142 1182 1176 ἡχῳ
1189 1141 1243 1168 τῶν
1259 1141 1389 1177 ῥημάτων
1411 1140 1564 1176 βάλλεσθαι,
1581 1141 1670 1176 ψυχὴν
1681 1141 1710 1168 δὲ
1729 1141 1863 1176 μηδεμίαν

1074 1187 1129 1213 τῶν
1149 1187 1302 1222 λεγομένων
1326 1186 1432 1213 σύνεσιν
1448 1186 1589 1222 δέχεσθαι;
1608 1187 1692 1213 Τοῦτο
1710 1187 1775 1222 περὶ
1796 1187 1863 1213 πᾶσι

1074 1234 1130 1265 τοῖς
1156 1233 1304 1268 ἀλλοτρίοις
1318 1234 1368 1269 τῆς
1384 1233 1488 1269 πλάνης
1503 1233 1550 1260 καὶ
1562 1232 1616 1259 τῶν
1633 1233 1724 1259 κακῶν
1740 1232 1809 1260 ὅλων
1822 1233 1864 1260 αί-

1073 1287 1129 1305 τιον
1143 1279 1256 1313 γίνεται.
1273 1279 1321 1311 Τίς
1339 1279 1392 1314 γὰρ
1411 1279 1465 1306 τῶν
1486 1279 1623 1314 πολεμίων
1640 1279 1691 1314 τῆς
1714 1279 1863 1314 καθολικῆς

1080 1324 1240 1360 Ἑκκλησίας
1254 1325 1304 1352 οὐκ
1320 1325 1390 1357 ἀξιοί
1408 1326 1472 1352 πᾶσι
1486 1326 1542 1356 τοῖς
1557 1325 1601 1351 ὑπ’
1614 1324 1695 1351 αὐτοῦ
1706 1325 1862 1360 λεγομένοις

1073 1370 1192 1405 ἀκρίτως
1209 1370 1365 1403 πιστεύεινς
1383 1371 1441 1398 Κᾶν
1459 1371 1577 1406 Ἕλληνα
1602 1370 1677 1407 εἴπῃ,
1699 1370 1750 1397 κᾶν
1776 1371 1864 1397 Μανι-

1073 1418 1158 1452 χαίον,
1175 1417 1227 1444 κᾶν
1246 1417 1368 1453 Ἀρείου,
1391 1417 1443 1444 κᾶν
1466 1417 1679 1452 Ἀπολλιναρίου,
1702 1417 1754 1444 κᾶν
1783 1416 1863 1444 ἄλλου

1072 1462 1191 1488 τοιούτου
1208 1463 1279 1494 τινὸς
1295 1462 1471 1498 κληρονόμον,
1496 1463 1556 1498 οὐχὶ
1572 1464 1743 1499 παραιτεῖται
1754 1462 1805 1498 τὴν
1819 1462 1863 1495 ἐξ·

1074 1508 1174 1540 ἐτασιν,
1200 1509 1243 1534 ἵνα
1269 1508 1341 1544 φύγῃ
1358 1509 1402 1536 τὸν
1425 1509 1550 1545 ἑλεγχονς
1572 1510 1608 1536 Οὐ
1632 1509 1667 1536 τὰ
1689 1509 1737 1544 μὲν
1759 1509 1863 1536 οἴκοθεν

1073 1555 1260 1590 ὲρευγόμενος,
1278 1555 1313 1581 τὰ
1331 1555 1359 1581 δὲ
1378 1557 1409 1582 ὲκ
1423 1556 1472 1591 τῆς
1488 1555 1562 1587 θείας
1579 1555 1633 1582 τῶν
1645 1555 1762 1591 Γραφῶν
1777 1556 1861 1591 ἁρμο-

1073 1601 1131 1632 νίας
1143 1601 1292 1636 ὰποκόψας,
1307 1601 1354 1627 καὶ
1371 1601 1438 1637 πρὸς
1450 1602 1495 1628 τον
1507 1602 1605 1628 οἰκεῖον
1620 1602 1718 1628 σκοπὸν
1734 1601 1861 1633 ἑλκύσας,

1073 1646 1218 1682 προϐάλλει
1233 1647 1282 1681 μὲν
1304 1648 1485 1679 κατασκευὰς,
1510 1647 1542 1679 ἃς
1564 1647 1602 1679 ὡς
1617 1646 1740 1682 βούλεται
1762 1648 1862 1682 μηδένα

1072 1694 1169 1727 χρῆναι
1184 1692 1418 1728 πολυπραγμονεῖν
1432 1693 1628 1727 ὰποφαίνεται;
1645 1690 1721 1724 Εἶτα,
1730 1693 1766 1719 ἂν
1782 1695 1861 1720 πᾶσιν

1071 1737 1164 1768 ἁπλῶς
1175 1737 1224 1769 τὰς
1234 1738 1319 1769 ἀκοὰς
1333 1737 1521 1773 ὑποθήσωμεν,
1535 1738 1581 1765 καὶ
1596 1737 1644 1774 τὴν
1659 1738 1746 1773 ἀνακη
1752 1739 1860 1775 ρὺττου-

1073 1791 1122 1810 σαν
1135 1783 1181 1817 ἀφ’
1202 1781 1239 1809 ὦν
1257 1783 1381 1817 λέγουσιν
1395 1784 1521 1816 ἀτοπίαν,
1533 1783 1595 1820 μηδ’
1610 1783 1776 1820 ὲλέγξωμεν,
1795 1784 1859 1820 μηδὲ

1071 1829 1120 1864 τὴν
1132 1828 1207 1855 λύσιν
1223 1828 1274 1864 τῆς
1290 1828 1343 1855 τῶν
1350 1828 1492 1864 δογμάτων
1505 1830 1594 1865 μάχης
1605 1829 1655 1864 τῆς
1666 1830 1806 1866 φυομένης
1819 1830 1859 1855 διά

1070 1873 1119 1908 τῆς
1135 1873 1223 1908 κακῆς
1238 1874 1384 1910 ἑρμηνείας
1399 1873 1488 1901 αὐτῶν
1513 1875 1719 1910 ἀπαιτήσωμεν·
1748 1876 1798 1903 καὶ
1819 1875 1858 1906 τίς

1071 1919 1181 1955 εὑρήσει
1200 1919 1293 1946 λοιπὸν
1306 1920 1345 1946 ἔτι
1353 1919 1481 1955 ἀληθείας
1493 1921 1568 1953 ὁδόνς
1582 1921 1624 1952 τίς
1635 1921 1684 1948 οὐκ
1699 1922 1856 1957 ἐμπεσεῖται

1072 1965 1171 2001 ῥᾳδίως
1187 1967 1226 1998 είς
1238 1966 1396 1998 κακοδοξίας
1410 1967 1542 2002 κρημνὸν,
1555 1968 1592 2003 μὴ
1608 1967 1715 1994 σκοπῶν
1731 1968 1785 2003 τῆς
1799 1976 1856 1994 και-

1071 2011 1196 2046 νοτομίας
1221 2012 1251 2038 τὸ
1269 2012 1402 2047 ἀπρεπὲς,
1433 2013 1500 2047 μήτε
1519 2012 1642 2039 ἀπαιτῶν
1664 2012 1715 2047 τῆς
1731 2012 1857 2048 ἀληθείας

1070 2057 1100 2083 τὺ
1118 2057 1236 2092 πρὲπονς
1253 2059 1285 2084 Τί
1305 2058 1442 2085 πιστεύσω
1456 2060 1488 2094 τῇ
1504 2058 1602 2094 καρδίᾳ
1617 2059 1657 2091 εἰς
1671 2059 1854 2094 δικαιοσύνην;
1885 2057 1887 2060 ⁴

1070 2102 1097 2128 τί
1111 2102 1220 2138 λαλήσω
1232 2103 1270 2138 τῷ
1285 2104 1398 2138 στόματι
1410 2105 1449 2135 είς
1461 2104 1608 2139 σωτηρίαν,
1629 2104 1692 2131 ὃταν
1703 2105 1856 2140 προϐάλωσι

1072 2148 1213 2184 κακοήθως
1228 2149 1268 2178 τδ.
1285 2159 1294 2174 (
1320 2149 1349 2175 '0
1365 2149 1474 2184 πέμψας
1497 2159 1529 2185 με
1545 2151 1559 2176 ὁ
1575 2150 1669 2185 Πατὴρ
1689 2150 1790 2185 μείζων
1807 2158 1854 2184 μου

1071 2192 1159 2224 ἐστίν;
1182 2203 1190 2218 ι
1211 2193 1314 2225 Ἀπλῶς
1326 2193 1451 2229 δέξομαι;
1468 2195 1611 2230 προπετῶς
1629 2195 1853 2231 συνθῶμαιςτολ-

1074 2238 1169 2274 μηρῶς
1191 2238 1381 2274 ἀποφανοῦμαι
1401 2240 1448 2266 τοῦ
1469 2241 1574 2276 Πατρδς
1593 2241 1693 2275 ἥττονα
1709 2241 1755 2267 τὸν
1777 2240 1852 2272 Υίόν;

1072 2285 1119 2311 καὶ
1134 2285 1215 2320 μηδὲν
1229 2284 1295 2316 ὅλως
1306 2285 1458 2321 λογίσομαι,
1475 2287 1537 2322 μήθ’
1554 2288 1595 2314 ὅτι
1612 2288 1660 2322 τῆς
1673 2287 1826 2323 οἰκονομίας
1839 2287 1853 2313 ὁ

1072 2329 1160 2363 λόγος,
1172 2329 1234 2365 μήθ’
1252 2330 1292 2356 ὅτι
1307 2330 1354 2356 τοῦ
1369 2331 1450 2358 αὑτοῦ
1463 2332 1548 2367 φωνή·
1559 2342 1568 2357 ι
1591 2331 1661 2366 Ἐγὼ
1677 2333 1723 2358 καὶ
1736 2333 1750 2359 ὁ
1763 2331 1852 2366 Πατὴρ

1071 2375 1100 2400 ’ἐν
1114 2376 1206 2410 ὲσμεψ
1227 2385 1235 2401 ι
1260 2377 1315 2404 καὶ.
1338 2386 1346 2402 ι
1368 2377 1425 2403 ’Ὶνα
1439 2377 1538 2412 τιμῶσι
1562 2377 1607 2404 τὸν
1623 2377 1696 2410 Υίὺν,
1712 2377 1802 2408 καθὼς
1815 2385 1851 2402 τε·

1074 2419 1143 2455 μῶσι
1160 2420 1204 2446 τὸν
1217 2420 1334 2456 Πατέρα·
1361 2431 1369 2447 ι
1388 2422 1444 2454 καὶ,
1463 2431 1472 2448 ι
1492 2422 1521 2448 Ὀ
1536 2421 1664 2458 ἑωρακὼς
1677 2423 1728 2458 ἐμὲ
1750 2423 1850 2458 ἑώρακε

1071 2465 1116 2492 τὸν
1132 2466 1250 2501 Πατέρα·
1266 2475 1275 2492 ι
1293 2467 1339 2493 καὶ
1350 2467 1415 2494 ἄλλα
1423 2467 1451 2494 δὲ
1469 2467 1562 2503 μυρία,
1576 2468 1611 2494 τὰ
1628 2469 1678 2503 τὴν
1692 2468 1800 2504 ἰσότητα
1807 2468 1849 2494 καὶ

1070 2511 1120 2547 τὴν
1131 2512 1276 2547 δμοτιμίαν
1288 2513 1316 2539 ἐν
1327 2513 1394 2539 πᾶσι
1410 2513 1592 2549 γνωρίζοντα;
1610 2514 1641 2540 Et
1655 2512 1701 2540 οὖν
1723 2514 1804 2549 μηδὲν
1814 2513 1850 2539 δεῖ

1069 2558 1122 2585 τῶν
1148 2559 1354 2586 ἀνακυπτόντων
1375 2561 1452 2595 ὁρᾷν,
1475 2561 1543 2596 μήτε
1565 2561 1610 2587 τὸν
1627 2561 1765 2596 πρέποντα
1776 2559 1848 2593 λόγον

1068 2604 1219 2631 ἀποδιδόναι
1233 2605 1359 2640 περὶτῶν
1369 2605 1577 2633 ἀνακυπτόντων
1590 2607 1637 2634 καὶ
1646 2607 1772 2633 ἐναντίων
1784 2603 1847 2631 εἶναι

1068 2650 1225 2682 δοκούντων,
1242 2650 1300 2682 πῶς
1315 2650 1446 2686 σύμφωνα
1461 2652 1582 2687 δείξομαι
1593 2653 1626 2679 τὰ
1634 2653 1757 2679 τοσοῦτον
1773 2651 1847 2684 ἀλλή-

1069 2693 1120 2719 λων
1138 2694 1207 2720 κατὰ
1233 2695 1262 2720 τδ
1279 2694 1422 2730 πρόχειρον
1444 2697 1494 2731 τῆς
1514 2697 1678 2731 ἐπαγγελίας
1698 2697 1845 2732 ἀπᾴδοντα;

1068 2738 1130 2771 Πῶς
1142 2738 1221 2770 αὐτὸς
1232 2740 1380 2774 φανήσεται
1395 2741 1441 2768 καὶ
1457 2742 1601 2777 μονογενὴς
1614 2744 1660 2769 καὶ
1671 2742 1846 2778 πρωτότοκος)

271 2811 293 2826 ’⁸
313 2810 382 2839 Psal.
402 2819 456 2843 vn,
475 2811 518 2838 l5.
556 2811 580 2828 "
595 2811 673 2840 Joan.
691 2820 747 2846 xxv,
765 2812 809 2840 28.
847 2813 870 2830 ’⁷
888 2813 967 2842 Joan.
986 2822 1018 2846 κ,

1073 2835 1080 2842 .
1119 2815 1142 2831 ’⁸
1160 2815 1236 2843 Joan.
1256 2824 1281 2849 ν,
1299 2817 1343 2843 ‘23.
1383 2818 1404 2834 ”
1426 2817 1503 2846 Joan.
1524 2826 1579 2853 xtv,
1596 2820 1623 2848 9.
