1926 3068
54 130 121 159 1539

437 125 728 154 CONFUTATIONES
747 125 970 158 QUARUMDAM
992 124 1281 154 PROPOSITIONUM.

1602 125 1671 153 £390

53 187 117 215 πᾶσι
133 186 211 222 δήλου
227 185 415 220 τυγχάνοντος,
438 185 476 220 μὴ
493 184 652 220 συμϐαίνειν
667 184 790 220 ἀλλήλοις
797 183 831 210 τὰ
846 211 847 214 η

897 184 1054 212 ιοιιιίοηιιιιιιι
1079 189 1121 212 est
1138 205 1144 216 ,
1167 184 1190 211 si
1218 190 1269 211 nec
1289 182 1360 210 ratio
1381 189 1475 210 eorum
1493 189 1554 217 qua
1577 189 1673 211 conse-

52 234 96 260 δύο
111 233 175 268 περὶ
189 231 235 258 τὸν
251 231 299 257 ’ὲνα
314 231 358 257 τὸν
373 232 401 256 ὲν
416 231 464 266 μιᾷ
481 230 665 266 θεωρούμενον
679 230 774 264 φύσει;
808 230 837 255 ὐ

53 279 100 313 μὲν
112 278 166 313 γὰρ
177 277 323 312 μονογενὴς
335 276 371 312 μὴ
385 275 453 311 ἔχων
468 276 607 310 ἀδελφοὺς,
623 273 666 303 οἷα
681 275 837 311 μονογενὴς.

52 323 221 358 πρωτότοκος
241 321 381 348 καλεῖσθαι
398 321 429 347 οὺ
450 320 570 347 δύναται·
591 321 762 356 πρωτότοκον
785 321 838 355 γὰρ

52 366 127 395 εἶπεν
142 369 156 394 ὁ
171 367 274 399 Παῦλος
291 368 319 394 ἐν
332 367 438 399 πολλοῖς
455 367 587 401 ἀδελφοῖς·
603 367 616 392 ὁ
628 367 650 392 δ’
661 365 694 393 αὖ
704 367 840 402 πρωτότο-

52 423 108 446 κος,
136 413 215 449 ἔχων,
232 414 269 445 ὡς
285 413 366 444 εἰκὸς,
394 412 533 447 ἀδελφοὺς,
562 412 708 447 μονογενὴς
727 412 777 438 οὐκ
800 411 839 437 ἐτι

52 459 294 495 προσαγορεύεται.
309 458 392 485 Πάλιν
402 459 416 485 ὁ
432 458 511 490 αὐτὸς
526 459 573 484 καὶ
589 458 741 493 πρόσφατος
762 457 839 491 λέγε-

52 515 96 532 ται
107 506 154 532 καὶ
171 505 287 536 αἰώνιος·
303 514 311 530 1
332 504 434 540 Ἰησοῦς
448 504 565 540 Χριστὸς
576 504 639 539 χθὲς
648 503 694 529 καὶ¹
710 504 838 538 σήμερον,

51 553 66 578 ό
83 548 166 582 αὐτὸς
179 550 225 577 καὶ
245 551 284 582 είς
296 550 358 582 τοὺς
374 550 483 582 αἰῶνας.
506 560 515 576 1
536 550 573 576 Τὸ
588 550 680 585 ἕτερον
693 550 778 585 ἑτέρῳ
793 550 840 576 ἁν-

51 596 247 623 τικαθίσταται.
264 595 295 622 El
308 595 472 631 πρόσφατος.
497 595 555 627 πῶς
577 596 699 627 αἰώνιος;
721 596 752 622 Ei
777 594 842 622 αἱώ-

51 651 118 674 νιος,
131 642 238 673 πάντως
253 641 282 667 οὐ
299 641 462 676 πρόσφατος.
472 641 510 667 Τὸ
524 641 563 672 δὲ,
581 651 590 666 1
619 641 755 677 Ἀπάτωρ,
769 641 842 676 ἀμή-

52 695 120 722 τωρ,
140 687 360 722 ἀγενεαλόγητος,
374 695 382 711 ι
402 685 460 717 πῶς
475 686 504 712 οὺ
523 686 662 722 προδήλως
677 688 733 718 τοῖς
753 686 842 717 ἄλλοις

54 734 182 768 μάχεται,
206 733 238 759 δι’
259 730 296 759 ὧν
311 732 480 767 μανθάνομεν
494 732 542 758 καὶ
556 731 665 767 Πατέρα
678 732 758 759 αὑτὸν
772 731 843 767 ἔχειν

52 781 82 806 ἐν
95 780 229 815 οὐρανοῖς,
240 778 286 805 καὶ
300 778 404 814 μητέρα
415 779 461 804 ἐπὶ
477 778 527 813 τῆς
538 778 601 813 γῆς,
616 779 662 804 καὶ
676 777 843 812 γενεαλογεῖ-

16 851 17 862 ;
54 828 117 855 σθαι
134 827 226 862 σαφῶς
254 827 329 862 παρὰ
345 829 402 859 τοῖς
420 827 535 860 ἐνδόξοις
560 826 782 861 εὑαγγελισταῖς;
811 827 842 853 El

887 235 1008 265 quuntur
1033 234 1059 257 et
1085 230 1222 257 contraria
1245 229 1372 256 videntur
1396 235 1515 263 congrua
1535 227 1673 256 reddenda

886 281 938 308 est,
953 276 1089 311 quomodo
1111 275 1318 303 conciliabimus
1336 282 1396 309 quze
1412 275 1498 309 prima
1513 275 1674 309 pronuntia-

888 323 970 350 tionis
987 322 1077 349 fronte
1092 322 1163 348 inter
1189 329 1218 348 se
1232 320 1410 356 discrepant?
1437 319 1579 353 Quomodo
1600 320 1674 348 idem

887 369 1022 396 videbilur
1045 372 1072 395 et
1089 367 1246 403 unigenitus
1271 371 1297 394 et
1317 367 1535 402 primogenitus?
1553 374 1614 393 cum
1630 374 1676 402 pa-

888 414 941 441 lam
965 414 1000 441 sit
1026 413 1164 446 omnibus,
1181 413 1234 440 duo
1256 413 1340 440 relata
1356 413 1389 440 ad
1403 420 1499 445 unum.
1514 420 1631 448 eumque
1646 413 1674 440 in

889 468 943 487 una
968 460 1170 487 consideratum
1186 464 1294 491 natura,
1315 459 1428 486 minime
1442 460 1512 486 inter
1527 467 1556 486 se
1576 466 1676 487 conve-

889 507 959 534 nire.
986 506 1091 534 Etenim
1119 505 1288 541 unigenitus,
1306 505 1349 532 cui
1372 508 1401 532 ut
1423 505 1563 541 unigenito
1578 505 1677 533 fratres

891 553 958 579 nulli
969 556 1043 586 sunt,
1057 560 1111 579 non
1126 551 1360 587 potestappeilari
1377 551 1584 586 primogenitus.
1603 551 1676 578 Pau-

890 599 934 626 lus
947 598 1018 626 enim
1027 597 1235 633 primogenitum
1246 596 1313 623 dixit
1327 596 1353 622 in
1366 596 1458 623 multis
1470 596 1612 623 fratribus.
1623 595 1678 623 Nec

891 652 1000 672 rursum
1024 643 1231 679 primogenitus,
1262 642 1360 670 fratres
1382 642 1496 675 habens,
1521 641 1679 678 unigenitus

892 695 1005 718 vocatur
1030 689 1157 724 amplius.
1173 688 1294 716 Rursum
1322 688 1392 716 idem
1409 688 1454 715 ille
1469 691 1496 715 et
1511 688 1679 715 novissimus

893 737 995 764 dicitur
1009 740 1034 763 et
1048 739 1166 763 aeternus
1183 744 1190 761 :
1209 744 1218 760 1
1236 734 1316 762 Iesus
1326 733 1453 761 Christus
1469 733 1526 761 heri
1541 737 1567 761 et
1586 732 1678 764 hodie,

893 782 952 817 ipse
962 786 989 809 et
999 782 1025 808 in
1043 781 1142 809 saecula
1154 781 1174 808 ¹.
1196 790 1205 806 1
1222 779 1272 807 Hic
1288 780 1402 807 alterum
1415 780 1492 807 alteri
1507 779 1678 806 adversatur.

895 828 923 855 Si
943 828 1109 855 novissimus
1121 831 1172 860 est,
1187 826 1323 862 quomodo
1335 826 1471 853 aeternus?
1496 825 1538 853 Si-
1549 829 1679 858 aeternus,

17 863 18 895 ί
51 859 182 906 ἀπάτωρξ
200 869 258 902 πῶς
270 859 394 905 οόρανίου
409 859 531 906 Πατρός;
549 871 572 897 εί
586 859 711 906 ἀμήτωρ,
729 871 787 903 πῶς
810 872 842 898 ὲκ

897 881 948 901 non
975 873 1059 908 igitur
1073 872 1250 900 novissimus.
1277 870 1336 898 lam
1352 871 1418 898 illud
1438 881 1444 898 :
1463 880 1472 897 1
1496 871 1562 899 Sine
1588 872 1680 903 Patre.

53 916 104 951 τῆς
118 916 256 951 Παρθένου
271 916 387 952 μητρόςς
404 917 428 942 εί
443 916 656 952 ἀγενεαλόγητος
666 937 673 948 ,
691 915 748 948 πῶς
771 926 779 942 1
802 917 842 952 βί-

53 963 117 994 ϐλος
131 962 263 996 γενέσεως
285 962 371 991 Ἰησοῦ
381 962 497 999 Χριστοῦ
508 971 515 995 ;
531 972 540 988 1
551 963 690 989 Τοσούτων
701 961 748 990 οὖν
759 963 843 990 ὄντων

54 1009 102 1035 καὶ
119 1007 207 1042 πολλῷ
223 1008 353 1034 πλειόνων
375 1008 428 1034 τῶν
441 1008 526 1039 οὕτως
540 1007 661 1043 ἀλλήλων
671 1008 843 1043 ἀσυμφώνων

20 1063 21 1067 ‘
54 1053 126 1081 εἶναι
139 1054 297 1084 δοκούντων,
306 1054 332 1080 τί
343 1054 395 1089 ἄρα
409 1054 563 1080 κελεύουσιν
576 1054 843 1089 ήμᾶςάϐασανίστως

54 1100 201 1134 δέξασθαις
220 1100 245 1127 τί
270 1100 298 1126 δὲ
311 1099 488 1132 ἀπώσασθαι;
509 1100 546 1127 Οὐ
567 1101 621 1136 γὰρ
642 1098 697 1127 οἷόν
712 1110 742 1128 τε
762 1103 844 1129 πᾶσιν

54 1147 157 1181 ὁμοίως
173 1146 286 1173 ἔπεσθαι
301 1147 364 1178 τοὺς
382 1146 419 1182 μὴ
433 1147 481 1182 τὴν
499 1146 670 1182 ἁρμόζουσαν
696 1147 772 1174 λύσιν
795 1148 844 1183 τῆς

22 1216 23 1221 η
55 1190 240 1228 νομιζομένης
259 1192 406 1226 διαφωνίας
424 1191 610 1228 εὑρίσκοντας.
629 1193 661 1219 Εἰ
683 1193 713 1220 τὺ
735 1203 744 1219 1
769 1202 844 1230 μονο-

56 1240 138 1274 γενής
157 1248 166 1264 1
189 1238 304 1273 ἀληθὲς⁷
323 1238 354 1264 τὸ
374 1247 383 1263 1
401 1239 570 1274 πρωτότοκος
592 1249 600 1264 ι
619 1239 649 1265 οὐ
670 1239 801 1266 τοιοῦτον.
813 1241 844 1267 Et

55 1284 88 1311 τὸ
107 1293 116 1310 1
135 1284 304 1319 πρωτότοκος
324 1294 332 1310 ι
353 1283 476 1319 ἀψευδὲς,
488 1284 518 1310 τὸ
541 1293 549 1309 1
569 1285 717 1320 μονογενής
739 1295 748 1311 1
769 1286 845 1312 ἐναν-

55 1330 125 1357 τίον.
144 1329 176 1356 Εἰ
199 1330 228 1356 τὸ
257 1338 266 1354 1
284 1330 347 1364 χθὲς
366 1330 413 1355 καὶ
429 1330 546 1366 σήμερον
571 1339 580 1356 1
608 1330 794 1366 ὡμολόγηται,
814 1331 844 1358 τὸ

60 1385 71 1401 1
91 1375 199 1403 αίώνιον
219 1387 228 1402 1
242 1376 353 1411 οἴχεται.
372 1375 403 1402 Εἰ
422 1375 452 1402 τὸ
478 1385 487 1401 1
517 1376 632 1412 ἀπάτωρ
655 1386 663 1403 ι
687 1376 796 1413 ἕστηκε,
814 1378 845 1404 τὸ

56 1422 132 1457 ἔχειν
142 1422 252 1457 Πατέρα
260 1422 414 1458 λυθήσεται.
428 1423 458 1448 El
480 1422 510 1448 τὸ
528 1431 537 1448 1
557 1423 671 1460 ἀμήτωρ
691 1433 700 1450 1
726 1424 843 1459 πέπηγε.

56 1468 90 1493 τὸ
108 1467 214 1502 μητέρα
225 1467 298 1502 ἔχειν
310 1468 541 1503 ἀνατραπήσεται.
567 1468 598 1494 Ei
617 1468 648 1495 τὸ
671 1477 680 1493 1
702 1469 845 1503 ἀγενεαλό-

22 1507 23 1510 ¹
57 1521 144 1549 γητον
161 1523 171 1539 1
189 1513 286 1550 ἄραρε,
312 1513 372 1546 πῶς
394 1515 426 1550 τῇ
444 1514 603 1551 γενεαλογίᾳ
618 1514 801 1551 προσέξομεν;
815 1515 845 1541 Εί

57 1559 91 1586 τὸ
109 1559 146 1595 μὴ
160 1559 220 1594 ἔχον
234 1559 320 1595 ἀρχὴν
335 1560 445 1595 ἡμερῶν
457 1560 473 1596 ἢ
491 1560 566 1592 τέλος
584 1560 701 1595 βέϐαιον,
716 1561 774 1592 πῶς
785 1569 846 1596 νοη-

58 1614 147 1641 σομεν
165 1606 196 1632 τὸ
216 1606 264 1641 τὴν
282 1606 369 1642 ἀρχὴν
395 1606 506 1642 ἡμερῶν
527 1607 574 1633 καὶ
592 1607 623 1633 τὸ
643 1607 718 1639 τέλος
735 1607 847 1643 μηνῦον,

60 1662 71 1678 1
86 1652 142 1680 Τοῦ
167 1652 251 1688 Ἰησοῦ
269 1652 442 1688 γεννηθέντος
468 1653 496 1679 ἐν
514 1652 636 1688 Βηθλεὲμ
652 1653 701 1688 τῆς
720 1653 848 1686 Ἰουδαίας

58 1700 91 1726 ὲν
101 1698 219 1734 ἡμέραις
235 1698 353 1734 Ἡρώδου
367 1698 413 1725 τοῦ
428 1698 567 1733 βασιλέως,
582 1709 591 1724 ι
606 1698 805 1735 σταυρωθέντος
820 1700 848 1726 δὲ

57 1745 109 1772 ἐπὶ
134 1745 244 1772 Ποντίου
261 1744 392 1777 nemo;
418 1745 483 1771 Ἰδοὺ
511 1745 557 1771 καὶ
575 1745 645 1780 ἀρχὴ
663 1745 775 1781 ἡμερῶν
803 1746 849 1772 καὶ¹

58 1791 138 1826 ζωῆς
152 1790 238 1823 τέλος.
263 1790 294 1817 Τί
310 1789 355 1818 οὖν
372 1791 539 1826 ποιήσωμεν,
555 1791 582 1818 εῐ
602 1800 644 1822 τις
660 1791 714 1818 τῶν
728 1791 849 1818 ἀπίστων

59 1836 139 1871 ἡμᾶς
152 1835 280 1871 ἀπαιτοίη
295 1835 383 1869 λόγον,
401 1835 560 1872 κατηγορῶν
572 1835 622 1870 τῆς
637 1836 717 1869 ἀγίας
728 1836 848 1872 Γραφῆς,

56 1882 101 1914 ὡς
113 1881 375 1916 ἑναντίαλεγούσης;
388 1882 519 1916 εἴπωμεν,
535 1881 682 1908 Πίστευσον
695 1882 761 1908 πᾶσι
772 1890 780 1913 ;
796 1881 850 1908 Καὶ

56 1927 105 1959 τίς
119 1927 170 1953 οὐκ
186 1926 219 1953 ἂν
233 1927 410 1962 ἀποπηδήσας
425 1926 645 1961 καταγελάσειεν,
658 1926 783 1962 οὐδαμῶς
795 1925 849 1958 οἷός

58 1980 92 1998 τε
105 1970 144 1998 ὦν
164 1971 199 1999 τὰ
223 1971 348 2006 ἀλλήλοις
374 1971 527 2006 μαχόμενα,
551 1972 599 1998 καὶ
619 1971 754 2007 μηδεμίαν
775 1971 850 1998 λύσιν

58 2018 247 2055 λαμϐάνοντα,
267 2018 305 2050 ὡς
316 2018 459 2051 ἀξιόπιστα
473 2018 612 2053 δέχεσθαις
628 2018 680 2045 Δύο
699 2018 753 2054 γὰρ
768 2018 851 2045 ³Βντων

58 2066 193 2095 ἐναντίων
212 2066 309 2100 λόγων,
328 2066 433 2101 ἀνάγκη
450 2065 496 2092 τδν
510 2066 603 2101 ἕτερον
618 2065 703 2100 ψευδῆ
717 2065 851 2101 διελέγχε-

60 2113 138 2140 σθαι.
151 2112 182 2138 Τί
192 2112 259 2147 πρὸς
272 2110 357 2138 ταῦτα
375 2111 506 2146 ὲροῦμεν;
520 2112 555 2137 Ἦ
568 2111 614 2138 καὶ
626 2112 705 2147 ἡμεῖς
722 2110 853 2138 ἀπαιτού-

60 2167 144 2194 μενοι
164 2158 195 2184 τὸ
208 2157 345 2184 πιστεύειν
360 2156 492 2192 δόγμασιν
512 2157 713 2188 ἀναποδείκτοις
728 2157 775 2184 καὶ
788 2157 853 2184 ὰσυ-

893 920 952 948 sine
970 924 1066 952 matre,
1092 918 1151 946 sine
1175 917 1332 953 genealogia
1357 918 1378 950 ',
1395 926 1404 943 ι
1432 925 1523 945 annon
1537 917 1681 945 manifeste

893 970 995 1001 pugnat
1014 972 1076 992 eum
1099 964 1169 998 aliis,
1199 972 1233 992 ex
1261 964 1361 999 quibus
1372 963 1504 991 discimus
1525 967 1552 991 et
1572 962 1680 991 Patrem

894 1011 982 1046 ipsum
996 1012 1024 1038 in
1043 1011 1121 1039 caelis
1132 1011 1241 1043 habere,
1256 1014 1283 1037 et
1295 1015 1409 1037 matrem
1428 1010 1456 1037 in
1483 1014 1566 1041 terra,
1585 1014 1613 1037 et
1622 1017 1682 1036 ma-

891 1056 966 1090 jores
976 1056 1036 1091 ejus
1044 1063 1058 1082 a
1068 1056 1205 1091 praeclaris
1213 1055 1388 1090 evangelistis
1396 1054 1496 1082 diserte
1510 1055 1682 1083 nominatos?

895 1102 922 1129 Si
949 1102 1009 1130 sine
1023 1101 1112 1135 Patre,
1129 1101 1266 1137 quomodo
1279 1101 1370 1129 Patris
1383 1101 1504 1129 celestis
1525 1100 1630 1129 Filius?
1652 1101 1680 1129 Si

894 1149 954 1176 sine
965 1152 1062 1180 matre,
1079 1147 1217 1183 quomodo
1231 1156 1263 1176 ex
1277 1146 1390 1183 Virgine
1401 1147 1506 1176 matre?
1521 1146 1550 1174 Si
1565 1148 1624 1175 sine
1634 1154 1681 1182 ge-

895 1195 1027 1230 nealogia,
1038 1194 1119 1225 unde,
1132 1203 1142 1220 1
1153 1193 1234 1221 Liber
1249 1193 1431 1228 generationis
1443 1192 1508 1220 Jesu
1517 1191 1620 1220 Christi
1628 1191 1657 1218 '?
1670 1201 1680 1216 1

894 1241 963 1268 Cum
988 1240 1071 1275 igitur
1083 1243 1122 1267 tot
1152 1247 1184 1267 ac
1197 1243 1273 1266 tanta
1295 1239 1351 1267 sint
1375 1241 1403 1266 et
1414 1237 1502 1265 multo
1518 1238 1608 1272 plura,
1622 1244 1684 1273 qua

895 1288 966 1315 inter
982 1294 1011 1315 se
1035 1286 1161 1313 videnlur
1180 1293 1310 1321 pugnare,
1335 1285 1464 1320 quidnam
1480 1284 1518 1311 illi
1534 1292 1586 1312 nos
1607 1285 1684 1312 inex-

895 1334 1029 1369 ploratum
1044 1332 1142 1367 jubent
1153 1332 1286 1367 accipere,
1301 1331 1366 1366 quid
1379 1330 1490 1366 ejicere?
1503 1329 1597 1366 Neque
1610 1330 1683 1358 enim

896 1379 1023 1407 omnibus
1050 1385 1126 1413 aeque
1152 1377 1278 1406 assentiri
1304 1381 1431 1412 possunt.
1459 1377 1506 1412 qui
1527 1376 1684 1412 apparentis

897 1425 1088 1460 discrepantia).
1111 1424 1317 1452 convenientem
1341 1423 1504 1451 solutionem
1531 1431 1587 1450 non
1610 1423 1685 1450 inve~

898 1472 986 1500 niunt.
1000 1471 1029 1499 Si
1041 1479 1134 1499 verum
1147 1471 1213 1498 illud
1228 1480 1236 1499 :
1256 1479 1265 1496 1
1283 1470 1450 1505 unigenitus,
1467 1479 1476 1495 1
1494 1469 1591 1496 falsum
1607 1469 1659 1496 hoc
1675 1488 1682 1499 .

860 1534 881 1563 ο
901 1527 910 1544 1
925 1517 1130 1553 primogenitus.
1148 1526 1157 1542 1
1175 1516 1204 1543 Si
1219 1523 1312 1543 verum
1329 1516 1381 1543 hoc
1399 1524 1430 1543 :1
1448 1515 1655 1550 primogenitus,
1673 1524 1682 1540 1

898 1565 996 1593 falsum
1013 1568 1119 1597 contra,
1135 1572 1145 1589 1
1162 1563 1331 1597 unigenitus.
1353 1571 1362 1588 1
1379 1561 1407 1589 Si
1420 1561 1579 1597 proﬁtemur
1593 1560 1660 1588 illud
1677 1570 1683 1587 :

901 1621 910 1638 1
931 1610 996 1640 Heri
1011 1614 1038 1638 et
1050 1609 1140 1642 hodie,
1167 1619 1176 1636 1
1201 1608 1340 1637 evanescit
1363 1608 1488 1639 alterum,
1515 1617 1524 1632 1
1542 1607 1686 1643 sempiter-

899 1665 974 1686 num.
986 1667 995 1684 1
1010 1656 1038 1684 Si
1051 1659 1105 1684 stat
1117 1655 1193 1688 illud,
1212 1664 1221 1680 1
1237 1655 1295 1683 sine
1309 1654 1399 1693 Patre,
1418 1664 1427 1680 1
1441 1653 1545 1681 corruit
1558 1653 1684 1684 alterum.

899 1703 971 1739 quod
996 1702 1103 1730 Patrem
1125 1702 1232 1729 habeat.
1250 1700 1278 1728 Si
1296 1704 1387 1728 manet
1402 1707 1434 1727 ac
1450 1700 1533 1727 ﬁxum
1556 1703 1598 1728 est
1620 1699 1684 1731 hoc,

902 1759 911 1776 1
931 1749 996 1777 Sine
1009 1753 1106 1780 matre,
1124 1758 1133 1774 1
1152 1748 1225 1775 labat
1238 1748 1314 1780 illud,
1329 1747 1430 1774 habere
1442 1750 1566 1774 matrem.
1579 1745 1606 1773 Si
1625 1746 1684 1781 pla-

900 1796 956 1822 cuit
967 1795 1043 1826 illud,
1062 1804 1071 1820 1
1090 1794 1149 1822 sine
1159 1793 1327 1829 genealogia,
1344 1802 1353 1818 1
1366 1791 1504 1827 quomodo
1515 1791 1686 1819 attendemus

900 1842 1081 1878 genealogiae?
1108 1840 1136 1868 Si
1153 1841 1259 1868 ﬁrmum
1275 1844 1317 1868 est
1335 1839 1413 1872 illud,
1438 1839 1510 1874 quod
1530 1847 1619 1874 neque
1633 1839 1688 1866 ini-

900 1888 967 1915 tium
981 1895 1070 1923 neque
1086 1887 1166 1914 ﬁncm
1181 1885 1287 1913 dierum
1298 1885 1391 1918 habet,
1404 1885 1541 1921 quomodo
1552 1885 1686 1921 intellige-

901 1943 962 1962 mus
976 1934 1039 1966 hoc,
1054 1933 1127 1969 quod
1141 1937 1168 1960 et
1182 1933 1290 1960 initium
1305 1937 1331 1960 et
1347 1931 1428 1959 ﬁnem
1443 1931 1548 1960 dierum
1563 1931 1665 1959 indicat
1679 1941 1685 1958 :

905 1989 914 2006 1
929 1980 997 2007 Cum
1020 1983 1101 2007 natus
1127 1982 1199 2006 esset
1223 1977 1303 2006 Jesus
1326 1977 1352 2005 in
1373 1977 1511 2006 Bethleem
1531 1976 1632 2005 Iudaeae
1660 1977 1688 2004 in

901 2026 998 2054 diebus
1015 2025 1132 2053 Herodis
1157 2025 1229 2060 regis
1246 2025 1257 2040 ⁸
1280 2033 1287 2052 :
1318 2034 1326 2050 1
1352 2023 1499 2051 cruciﬁxus
1523 2027 1613 2051 autem
1637 2023 1689 2051 sub

902 2071 999 2099 Pontio
1015 2070 1119 2098 Pilato?
1135 2071 1174 2098 En
1202 2070 1252 2097 tibi
1281 2074 1308 2097 et
1331 2070 1437 2096 initium
1453 2069 1558 2097 dierum
1575 2072 1602 2096 et
1628 2069 1689 2096 vita:

905 2117 995 2145 ﬁnem.
1028 2117 1098 2150 Quid
1131 2116 1215 2152 igitur
1247 2115 1380 2143 faciemus
1407 2115 1430 2142 si
1457 2115 1520 2150 quis
1537 2114 1688 2142 inﬁdelium

905 2162 1073 2198 Scripturam
1090 2166 1210 2190 sanctam
1228 2161 1261 2189 de
1276 2161 1358 2189 dictis
1371 2160 1520 2188 contrariis
1543 2167 1689 2190 accusans.

60 2205 175 2237 στάτοις
191 2203 335 2240 αἰρετικῶν
353 2203 379 2238 ἢ.
393 2203 534 2238 Ἑλλήνων,
563 2202 633 2230 κατὰ
653 2202 701 2238 τὴν
726 2202 847 2237 τοιαύτηι

904 2208 1036 2235 rationem
1049 2215 1063 2234 a
1072 2207 1151 2235 nobis
1165 2206 1272 2242 exigat?
1281 2206 1473 2241 jubebimusne
1488 2213 1548 2233 eum
1562 2205 1690 2233 omnibus

59 2250 199 2287 πρότασιν
214 2247 416 2284 συνθησόμεθας
437 2247 507 2275 Ἀλλ’
522 2247 625 2282 ἄπαγεῐ
638 2246 699 2273 οὔτε
715 2247 852 2274 ἀσύστατα

58 2296 100 2323 τὰ
115 2294 247 2330 ἡμέτερα,
270 2293 333 2321 οὔτε
346 2292 470 2329 ἀλλήλοις
480 2293 629 2328 μαχόμενα.
648 2292 737 2323 καθὼς
753 2291 852 2328 ἐρρέθη

59 2340 147 2377 παρά
155 2340 209 2367 τῶν
223 2340 308 2374 ἁγίων
320 2340 462 2376 νοούμενα.
490 2338 605 2375 Ἐρρέθη
615 2338 643 2365 δὲ
657 2337 692 2365 τὰ
713 2338 762 2373 μὲν
785 2337 853 2374 πρὸς

57 2391 117 2426 τὴν
141 2388 306 2423 γνωσθεῖσαν
329 2389 394 2424 ἡμῖν
407 2386 572 2422 οἰκονομίαν,
597 2386 632 2413 τὰ
657 2385 685 2412 δὲ
712 2385 779 2421 πρὸς
805 2384 854 2420 τὴν

58 2435 261 2469 ἀκατάληπτον
273 2434 320 2460 τοῦ
330 2435 416 2468 Λόγου
423 2433 527 2466 οὐσίαν,
539 2433 586 2460 καὶ
599 2432 687 2459 πάντα
700 2432 855 2468 εὑρίσκεται

60 2481 203 2516 σύμφωνα
220 2480 266 2507 καὶ
280 2479 420 2511 ἀκόλουθα,
444 2479 508 2515 περὶ
528 2479 558 2505 τὺ
584 2478 649 2505 αὐτὸ
664 2477 734 2505 κατά
747 2477 796 2508 τὰς
809 2476 856 2504 δύο

59 2527 164 2562 φύσεις
179 2524 413 2562 ὲκλαμῦανόμεναο
433 2524 471 2557 ὡς
491 2522 559 2551 εἷναι
576 2524 606 2550 τὸ
634 2523 683 2559 μὲν
703 2523 857 2558 πρόσφατον

59 2575 117 2610 τῆς
131 2573 241 2610 σαρκὸς,
254 2573 285 2599 τὸ
295 2572 323 2599 δὲ
335 2571 440 2598 αἰώνιον
454 2570 502 2598 τοῦ
515 2570 593 2598 Θεοῦ.
610 2570 646 2597 Τὸ
657 2569 694 2605 μὴ
708 2569 779 2605 ἔχειν
804 2570 855 2604 ἀρ-

60 2619 118 2656 χὴν
131 2617 242 2654 ἡμερῶν
267 2618 331 2644 ἴδιον
342 2617 388 2644 τοῦ
407 2617 501 2651 Λόγου·
515 2617 544 2643 τὺ
566 2615 728 2651 γεννηθῆναι
746 2615 774 2641 ὲν
787 2614 856 2649 ἡμέ-

63 2673 132 2702 ραις
149 2663 269 2700 Ἡρώδου
292 2664 391 2690 οἰκεῖον
416 2663 466 2697 τῆς
481 2663 617 2697 ἁπαρχῆς.
640 2661 677 2688 Τὸ
690 2661 779 2695 πάντη
791 2661 857 2695 ἀγε-

61 2710 232 2746 νεαλόγητον
251 2709 297 2736 ἐπὶ
305 2709 355 2744 τῆς
366 2708 420 2744 πρὸ
435 2708 539 2735 αἰώνων
550 2708 582 2734 ὲκ
593 2707 700 2743 Πατρὸς
713 2705 857 2741 ὑπάρξεως

60 2757 116 2785 τοῦ
125 2756 201 2784 Tim-1'
215 2766 225 2782 1
239 2755 307 2791 Τὴν,
316 2758 381 2792 γὰρ,
393 2755 487 2789 γενεὰν
495 2754 578 2781 αὑτοῦ
592 2754 633 2786 τίς
644 2754 821 2790 αδιηγήσεται
832 2761 854 2786 ;1

107 2837 114 2853 ¹
137 2835 220 2864 llebr.
238 2841 303 2868 xm,
321 2834 348 2862 8.
385 2835 396 2850 ¹
417 2832 499 2862 Hebr.
516 2840 572 2866 vn,
589 2833 616 2860 '5.

656 2832 666 2848 ³
685 2831 780 2859 Matth.
802 2830 873 2863 1,1.

906 2252 1079 2281 crcdere?Et
1091 2253 1154 2287 quis
1173 2259 1228 2280 non
1244 2251 1371 2279 resiliens
1384 2251 1520 2283 deriserit.
1530 2251 1629 2286 quippe
1643 2251 1689 2286 qui

906 2298 982 2326 nullo
989 2298 1070 2325 modo
1084 2297 1172 2334 possit
1184 2304 1214 2324 ea
1229 2301 1356 2333 tanquam
1371 2296 1422 2325 ﬁde
1433 2297 1514 2332 digna
1529 2297 1690 2332 amplexari,

906 2350 967 2378 quac
986 2343 1056 2369 inter
1073 2350 1103 2370 se
1114 2345 1246 2378 pugnant.
1260 2349 1310 2369 nec
1321 2342 1483 2370 solutionem
1497 2341 1579 2369 ullam
1593 2341 1692 2369 admit-

908 2388 984 2416 tunt?
1000 2387 1121 2415 Duorum
1137 2387 1208 2414 enim
1221 2387 1422 2415 contrariorum
1434 2387 1567 2415 dictorum
1580 2394 1693 2415 necesse

906 2437 949 2461 est
963 2434 1078 2460 alterum
1094 2432 1222 2460 falsitatis
1237 2433 1372 2460 convinci.
1398 2432 1469 2466 Quid
1497 2434 1529 2460 ad
1554 2433 1605 2460 hoc
1619 2433 1694 2461 dice-

907 2478 988 2505 mus?
1007 2477 1077 2505 Num
1091 2481 1119 2505 et
1143 2485 1194 2506 nos
1213 2477 1300 2514 rogati
1317 2481 1346 2505 ut
1362 2477 1437 2505 nulla
1457 2478 1693 2506 demonstratione

908 2523 1032 2558 probatis
1053 2522 1223 2558 inﬁrmisque
1247 2523 1438 2550 haereticorum
1465 2526 1512 2549 aut
1535 2522 1692 2550 Graecorum

906 2569 1079 2605 dogmatibus
1094 2568 1249 2601 credamus,
1262 2567 1395 2603 ejusmodi
1409 2568 1587 2603 propositioni
1603 2576 1693 2596 assen-

906 2615 1022 2643 tiemur?
1037 2613 1090 2642 Sed
1104 2615 1202 2650 apage!
1227 2622 1316 2650 neque
1337 2614 1409 2641 enim
1435 2618 1541 2645 nostra.
1564 2614 1587 2642 si
1606 2622 1661 2650 quo
1677 2622 1693 2641 ιι

908 2662 1012 2690 sanctis
1027 2661 1100 2688 dicta
1118 2664 1184 2688 sunt
1197 2668 1279 2689 sensu
1298 2661 1476 2696 accipiantur.
1492 2661 1533 2688 vel
1552 2668 1607 2688 non
1627 2668 1694 2688 con-

908 2708 1007 2736 sistere
1025 2710 1151 2742 possunt,
1166 2707 1210 2734 vel
1229 2706 1281 2734 sibi
1298 2706 1351 2742 ipsi
1365 2710 1430 2734 sunt
1440 2706 1589 2734 contraria.
1615 2704 1693 2732 Dicta

909 2757 999 2780 autem
1020 2756 1084 2779 sunt
1099 2752 1145 2779 illa
1155 2751 1265 2786 quidem
1277 2752 1382 2780 ratione
1395 2751 1511 2786 cognita:
1522 2750 1603 2778 nobis
1618 2756 1694 2778 moo-

913 2830 923 2846 ⁶
942 2828 1038 2857 Matth.
1057 2837 1075 2856 ιι
1089 2849 1096 2859 ,
1115 2831 1139 2857 l.
