1926 3068
276 178 342 206 4591

836 178 864 204 S.
885 177 1115 205 ATIMNASHIS.
1138 193 1169 196 —
1184 176 1320 204 SPURIA.

1825 178 1884 208 1592

277 235 382 267 nomiz,
398 239 478 270 atque
491 234 702 270 dispensationis
719 245 725 262 :
746 235 802 262 hzcc
822 243 885 262 vero
900 236 1006 262 ratione
1019 236 1060 262 in-

1117 234 1148 261 re
1161 235 1188 261 δὲ
1200 234 1420 269 γενεαλογεῖσθαι
1434 235 1527 269 σαφῶς
1542 234 1587 261 ἐπὶ
1604 235 1652 270 τῆς
1666 234 1735 261 κατὰ
1753 236 1836 271 σάρκα
1846 245 1884 271 γε-

276 281 531 316 comprehensibilis
542 279 623 308 Verbi
637 281 808 309 substantiae.
820 281 907 316 Atque
917 280 968 308 hoc
981 280 1062 307 modo

276 326 366 354 omnia
380 326 450 353 inter
469 333 498 352 se
511 325 684 353 consentiunt
699 326 806 361 sibique
821 331 886 353 sunt
897 333 1063 360 consequen-

277 373 325 406 tia,
340 372 373 399 de
385 380 440 399 uno
454 375 480 398 et
493 372 587 399 eodem
604 373 631 399 in
644 372 750 400 duabus
767 372 873 399 naturis
889 371 1063 399 considerato

277 422 399 454 accepta,
423 422 452 444 ut
470 417 596 446 Christus
621 419 787 455 intelligatur
812 418 976 446 novissimus
1002 425 1064 444 esse

277 464 428 492 secundum
453 472 574 498 carnem,
603 469 722 493 mternus
748 464 898 492 secundum
924 463 1061 490 deitatem.

276 509 336 537 Non
361 510 461 537 habere
478 510 584 537 initium
608 510 714 538 dierum
740 510 891 545 proprietas
905 513 946 535 est
970 508 1062 541 Verbi,

278 560 371 582 natum
383 564 442 583 esse
455 556 481 582 in
494 555 589 584 diebus
609 555 734 588 Herodis,
750 555 903 591 proprietas
912 558 952 582 est
969 555 1064 589 primi-

279 603 378 628 tiarum
399 611 405 628 ε
421 601 484 629 Sine
498 602 654 637 genealogia
677 609 748 634 esse,
764 602 868 628 ratione
883 606 990 628 zeterna:
1003 600 1064 628 Filii

1114 280 1214 311 νέσεως
1227 279 1273 306 τοῦ
1289 279 1383 306 αὑτοῦ.
1399 279 1477 306 Οὕτω
1489 279 1536 306 xui.
1550 279 1694 315 μονογενὴς
1705 279 1772 306 κατὰ
1787 280 1832 316 τὴν
1846 281 1882 307 τοῦ

1115 326 1203 360 Λόγου
1218 326 1322 359 οὐσίαν,
1332 327 1379 353 καὶ
1394 325 1565 362 πρωτότοκος
1579 325 1648 353 κατὰ
1658 325 1706 361 τὴν
1720 325 1844 361 ἕνσαρχον
1854 328 1884 353 οι-

1115 372 1252 408 κονομίαν.
1270 372 1348 398 Οὕτω
1362 372 1407 398 καὶ
1422 372 1452 398 τὺ
1473 372 1568 408 ἐχθρὸν
1583 372 1599 407 ἢ
1612 371 1740 406 πείσομεν
1754 371 1770 407 ἦ
1789 373 1885 407 νικήσο-

1117 427 1177 454 μεν,
1200 419 1246 444 καὶ
1265 418 1314 453 τὴν
1336 418 1416 452 ἁγίαν
1434 418 1544 453 Γραψὴν
1561 417 1705 452 σύμφωνον
1723 417 1885 453 ἐπιδείξομεν,

1116 464 1164 491 καὶ
1175 463 1222 490 τοῦ
1250 463 1400 498 μυστηρίου
1416 463 1464 499 τὴν
1483 463 1562 496 δόξαν
1576 463 1714 497 ὲνθέσμως
1739 462 1886 498 κηρύξομεν,

1117 511 1163 536 καὶ
1189 510 1238 545 τὴν
1264 509 1437 545 ἁρμόζουσαν
1463 509 1646 544 πληροφορίαν
1676 509 1705 535 ἐν
1725 510 1782 540 ταῖς
1803 509 1888 543 ψυχαῖς

1116 554 1194 590 ἡμῶν
1217 554 1427 590 θησαυρίσομεν,
1439 555 1506 590 μήτε
1521 554 1605 590 χωρὶς
1620 554 1699 588 λόγου
1719 553 1888 585 πιστεύοντες,

1119 601 1186 636 μήτε
1206 601 1290 636 χωρὶς
1306 600 1424 632 πίστεως
1438 600 1572 634 λέγοντες.

278 658 312 676 οι
324 648 405 678 Patre
421 650 586 678 exsistentize
603 658 609 675 :
626 657 687 677 nam
702 660 710 675 ι
724 650 927 685 generationem
938 650 997 684 ejus
1008 649 1069 684 quis
1085 648 1259 676 enarrabit'?
1276 658 1284 674 ι
1302 648 1493 683 Genealogiam
1522 649 1631 681 habere,
1650 649 1756 676 ratione
1785 648 1890 676 camalis

280 695 366 729 ipsius
397 695 558 723 nativitatis.
591 695 637 723 Sic
657 700 684 723 et
717 696 871 731 unigenitus
885 699 926 722 est
947 695 1095 722 secundum
1119 693 1197 722 Verbi
1223 694 1402 722 substantiam
1417 703 1424 721 :
1439 698 1466 722 et
1483 694 1678 729 primogenitus
1696 694 1838 722 secundum
1856 694 1892 720 in-

279 743 445 770 carnationis
473 743 662 771 meonomiam.
697 742 742 770 Sic
768 743 930 770 adversariis
948 751 1065 778 quoque,
1085 746 1132 769 aut
1149 742 1182 769 de
1196 743 1309 770 veritate
1326 741 1560 777 persuadebimus,
1579 742 1658 778 513
1688 747 1735 770 aut
1763 741 1891 769 victoriam

279 789 480 824 reportabimus
501 797 507 813 ε
532 789 571 816 sic
598 789 746 824 Scriptura:
771 793 875 816 sancta:
896 789 1070 816 concordiam
1089 787 1286 815 ostendemus:
1314 788 1354 816 sic
1377 788 1499 824 mysterii
1518 788 1633 824 gloriam
1655 788 1774 824 legitime
1806 786 1893 822 praedi-

280 835 424 864 cahimus:
449 835 489 864 sic
510 840 706 871 congruentem
736 836 797 864 ﬁdei
821 836 1011 864 certitudinem
1035 835 1060 862 in
1080 835 1222 863 animabus
1256 836 1360 863 nostris
1385 835 1580 868 recondemus,
1594 843 1644 864 nec
1660 837 1721 864 sine
1734 835 1814 864 verbo
1841 841 1893 862 cre-

280 883 388 913 dentes,
405 888 455 908 ncc
470 880 529 908 sine
545 881 597 909 ﬁde
610 882 763 917 loquentes.

630 940 713 968 XVII.
1084 945 1104 968 Β
1472 938 1552 966 XVII.

633 945 713 968 XVII.

280 986 410 1014 Adversus
424 995 467 1013 eos
481 987 526 1026 qui
542 986 655 1012 duarum
676 991 834 1026 naturarum
850 987 993 1026 discrimen
1007 991 1066 1022 post

1472 945 1495 965 λ
1501 945 1515 965 v
1521 945 1552 966 ll.

1117 985 1195 1020 Πρὸς
1205 994 1276 1018 τους
1285 985 1483 1026 ἀγαιρουγςας
1493 985 1550 1026 τὴν
1557 986 1616 1026 τῶν
1623 986 1748 1026 φύιοςεωςν
1763 985 1893 1020 διαφορὰν

418 1023 566 1056 passionem
585 1026 609 1048 et
624 1023 800 1050 ascensionem
818 1023 923 1049 tollunt.

315 1078 374 1106 Etsi
390 1085 488 1114 magna
502 1082 530 1105 et
543 1078 705 1106 immortalis
722 1079 844 1106 veritatis
859 1080 900 1106 vis
915 1087 930 1106 a
943 1079 1067 1115 complu-

281 1123 359 1151 ribus
378 1131 450 1159 saepe
465 1124 636 1158 multumque
662 1129 819 1159 oppugnata
841 1129 905 1152 est:
938 1125 1066 1152 invictam

281 1173 372 1196 tamen
387 1176 446 1196 eam
463 1176 525 1196 esse
539 1169 598 1203 ipsa
621 1169 729 1196 tandem
755 1176 799 1196 res
821 1174 991 1204 eventusque
1015 1169 1066 1196 do-

281 1218 409 1241 cuerunt.
441 1213 510 1241 Ecce
535 1214 582 1240 tibi
596 1214 670 1241 enim
686 1214 787 1241 multos
801 1214 931 1242 adversus
944 1223 1004 1241 eam
1021 1222 1067 1241 ar-

282 1263 380 1292 malos,
391 1259 437 1294 qui
452 1267 515 1287 cum
538 1267 593 1287 non
617 1267 704 1295 pauca
742 1268 887 1294 pravorum
911 1260 1067 1295 dogmatum

282 1305 336 1331 tela
348 1305 504 1332 amisissent
516 1325 524 1338 ,
548 1313 634 1340 eaque
654 1305 749 1332 solidis
763 1306 1006 1334 demonstrationis
1023 1314 1068 1333 ar-

282 1352 336 1378 mis
351 1351 466 1383 resilire,
484 1355 511 1378 et
538 1351 629 1378 inania
653 1351 857 1387 inelﬁcaciaque
877 1352 911 1379 ad
928 1360 957 1380 se
978 1352 1068 1380 redire

282 1395 423 1428 vidissent,
441 1400 608 1431 postremum
621 1397 742 1423 omnium
755 1397 890 1431 ejusmodi
909 1397 1064 1424 emiserunt

283 1441 379 1474 telum,
395 1441 466 1476 quod
478 1442 711 1470 manifestioribus
724 1443 805 1470 etiam
819 1443 986 1478 argumentis
1000 1450 1067 1471 con-

282 1486 334 1513 teri
351 1491 440 1521 potest
450 1490 477 1514 et
489 1486 632 1522 confringi.
651 1487 778 1520 Etiamsi,
794 1488 931 1523 inquiunt,
947 1489 1008 1524 quis
1020 1489 1067 1516 de-

283 1533 362 1566 derit,
378 1533 494 1560 duarum
512 1533 540 1560 in
555 1533 664 1562 Christo
687 1539 847 1562 naturarum
867 1534 966 1562 factam
982 1534 1067 1563 fuisse

283 1578 503 1613 conjunctioncm
519 1589 526 1605 ι
543 1586 557 1605 a
571 1579 700 1614 passione
721 1583 812 1607 tamen
834 1584 861 1608 et
880 1581 1067 1616 assumptione

282 1624 352 1658 ejus,
368 1631 419 1651 nec
431 1624 500 1652 duas
512 1625 630 1660 amplius
645 1633 836 1660 agnoscemus,
848 1634 898 1654 nec
916 1626 1066 1654 secundum

283 1673 409 1696 naturam
425 1668 574 1696 discrimen
599 1669 709 1704 aliquod
734 1671 876 1698 credemus
904 1671 974 1698 inter
1002 1670 1068 1698 Ver-

281 1716 347 1741 bum
368 1718 395 1742 et
420 1722 541 1742 carnem.
569 1715 639 1748 Quid
671 1715 781 1743 dicitis?
815 1716 881 1751 quid
912 1716 1069 1744 afﬁrmatis?

283 1760 408 1794 nunquid
424 1760 564 1788 evanescit
577 1765 739 1788 naturarum
757 1761 904 1789 discrimen
914 1782 921 1794 ,
940 1769 990 1789 nec
1004 1762 1068 1790 reli-

283 1812 367 1840 quum
383 1809 424 1833 est
437 1806 522 1833 ullum
538 1806 637 1833 horum
658 1806 812 1834 indicium?
828 1806 887 1839 Quo
912 1807 994 1842 igitur
1016 1815 1068 1836 no-

283 1851 357 1878 mine
371 1850 570 1885 appellabimus
585 1851 611 1877 id
629 1851 702 1886 quod
717 1851 797 1878 nobis
813 1856 855 1879 est
871 1852 1042 1887 propositum
1055 1854 1068 1881 Υ

283 1895 440 1923 Verbumnc
452 1896 563 1923 solum?
575 1897 678 1932 (Neque
698 1897 770 1924 enim
786 1905 896 1925 carnem
922 1898 1045 1927 dixeritis
1058 1919 1066 1932 ,

283 1942 329 1977 qui
349 1941 454 1969 scilicet
470 1941 523 1970 hoc
540 1942 600 1977 ipso
616 1942 746 1969 honorem
766 1943 863 1972 all'crre
880 1944 1067 1980 existimatis.)

284 1987 318 2014 Et
333 1987 379 2022 qui
395 1994 450 2014 non
473 1987 574 2023 injuria
596 1988 663 2015 illud
680 1988 802 2021 aﬁicitis,
819 1990 883 2017 dum
903 1991 1067 2019 existimatis

283 2031 416 2066 ejusmodi
432 2032 613 2060 substantiam
629 2040 700 2065 esse,
715 2037 744 2060 ut
764 2033 816 2061 alia
832 2034 859 2061 in
874 2035 963 2069 ipsum
980 2037 1067 2071 possit

283 2081 374 2106 creata
386 2078 538 2106 substantia
549 2078 762 2114 mutariYCujus
775 2080 848 2108 enim
861 2080 990 2108 inferiora
1003 2085 1067 2109 sunt

283 2123 405 2158 capacia,
421 2123 448 2151 id
472 2124 565 2151 multis
588 2132 743 2157 commune,
757 2132 813 2153 non
827 2126 910 2153 unius
922 2130 965 2154 est
984 2135 1067 2162 pecu-

283 2169 359 2197 liare.
379 2168 429 2196 Cui
442 2176 506 2196 vero
521 2169 572 2197 soli
586 2169 612 2211 id
633 2170 772 2205 proprium
789 2174 842 2203 est,
854 2171 928 2205 quod
940 2171 976 2199 sit
991 2173 1067 2200 inac-

237 2242 242 2248 ,
282 2222 401 2246 cessum,
416 2214 480 2242 huic
495 2215 633 2250 quomodo
648 2215 819 2243 inaccessum
835 2216 952 2244 alterum
970 2218 1066 2252 adjici-

1240 1020 1315 1055 μετὰ
1327 1021 1360 1047 τὸ
1377 1019 1472 1052 πάθος
1483 1019 1533 1047 καὶ
1545 1020 1602 1054 τὴν
1613 1020 1780 1055 ἀνάληψιν.

1154 1077 1240 1112 Πολλὴ
1260 1077 1306 1104 καὶ
1320 1077 1430 1112 ἀγήρως
1447 1077 1495 1112 τῆς
1508 1076 1636 1112 ἀληθείας
1651 1078 1667 1113 ἠ
1692 1078 1812 1113 δύναμις,
1829 1077 1892 1112 παρὰ

1118 1123 1224 1150 πολλῶν
1239 1123 1290 1158 μὲν
1313 1122 1442 1153 πολλάκις
1468 1122 1672 1158 πολεμουμένη,
1688 1123 1718 1149 τὸ
1733 1123 1760 1149 δὲ
1783 1124 1820 1154 εἰς
1829 1123 1893 1154 τέλος

1114 1170 1249 1204 ἀήττητον
1263 1168 1352 1204 ἔργοις
1363 1169 1455 1200 αὐτοῖς
1463 1169 1684 1205 ἐπιδεικνυμένη.
1707 1170 1771 1196 Ἰδοὺ
1785 1169 1893 1205 γάρπολ-

1117 1215 1158 1241 λοὶ
1173 1213 1227 1241 τῶν
1237 1215 1297 1242 κατ’
1307 1215 1391 1250 αὐτῆς
1399 1215 1592 1247 ὁπλισθέντων,
1612 1215 1699 1242 πολλὰ
1720 1215 1782 1251 βέλη
1797 1215 1894 1242 remot»

1117 1261 1176 1294 ξίας
1192 1261 1392 1296 ἐκπέμψαντες,
1409 1262 1456 1288 καὶ
1472 1262 1572 1294 εἰδότες
1587 1262 1624 1298 τῷ
1643 1264 1750 1299 στερρῷ
1765 1264 1812 1299 τῆς
1836 1264 1893 1290 ἁπο-

1117 1306 1224 1338 δείξεως
1241 1307 1315 1342 ὅπλῳ
1327 1308 1414 1334 ταῦτα
1430 1307 1511 1334 πάλιν
1525 1309 1757 1344 ἀποκρουσθέντα,
1775 1310 1819 1336 καὶ
1838 1309 1893 1335 κενὰ

1117 1352 1145 1378 δὲ
1159 1352 1205 1378 καὶ
1217 1353 1385 1388 ἁνενέργητα
1396 1354 1463 1389 πρὸς
1478 1353 1575 1386 αὐτοὺς
1586 1354 1803 1390 ὑποστρέψαντα,
1813 1355 1893 1380 τελευ-

1117 1398 1192 1424 ταῖον
1201 1397 1255 1424 τῶν
1270 1398 1357 1425 ἄλλων
1374 1398 1500 1433 ἔπεμψαν
1510 1399 1586 1434 βέλος
1605 1400 1781 1435 σαφεστέροις
1789 1399 1894 1434 ἐλέγχοις

1118 1443 1291 1479 συντριϐῆναι
1307 1443 1466 1480 δυνάμενον.
1490 1445 1522 1471 Et
1544 1445 1591 1471 καί
1607 1453 1649 1477 τις
1668 1445 1738 1481 δοίη,
1764 1445 1835 1481 φησὶ,
1856 1445 1894 1471 δύο

1119 1490 1225 1524 φύσεων
1240 1490 1269 1517 ὲν
1289 1490 1400 1526 Χριστῷ
1416 1491 1579 1526 γεγενῆσθαι
1603 1491 1723 1525 σύνοδον,
1745 1493 1800 1519 ἀλλ’
1812 1489 1853 1518 οὖν
1868 1499 1893 1525 γε

1119 1536 1188 1571 μετά
1204 1535 1234 1562 τὸ
1252 1535 1338 1568 πάθος
1352 1537 1399 1563 καὶ
1421 1536 1470 1572 τὴν
1488 1536 1620 1572 ἀνάληψιν
1630 1537 1682 1564 οὐκ
1698 1537 1738 1564 ἔτι
1751 1537 1796 1564 δύο
1812 1537 1893 1572 νοήπο-

1119 1590 1179 1616 μεν,
1192 1581 1254 1608 οὒτε
1269 1582 1330 1608 τινὰ
1343 1582 1474 1618 διαφορὰν
1487 1583 1558 1609 κατὰ
1569 1582 1649 1617 φύσιν
1659 1584 1760 1618 μεταξὺ
1767 1583 1811 1610 τοῦ
1820 1583 1893 1616 Λόγω

1117 1627 1165 1654 καὶ
1181 1627 1229 1662 τῆς
1245 1628 1346 1663 σαρκὸς
1360 1628 1541 1663 πιστεύσομεν
1559 1629 1704 1665 ὑπάρχειν.
1719 1630 1750 1656 Τί
1761 1630 1860 1664 ).ἐγετε;
1873 1628 1893 1654 τί

1116 1672 1314 1706 ἀποφαίνεσθε;
1333 1673 1437 1709 οἴχεται
1462 1674 1515 1701 τῶν
1532 1674 1638 1709 φύσεων
1660 1675 1691 1702 τὸ
1704 1676 1835 1711 διάφορον,
1855 1674 1893 1700 καὶ

1116 1718 1192 1744 οὐδὲν
1208 1718 1320 1754 φέρεται
1332 1719 1433 1746 τούτων
1451 1719 1592 1756 γνώρισμα
1606 1729 1613 1754 ;
1633 1722 1668 1748 Τί
1682 1720 1728 1749 οὖν
1742 1722 1892 1757 ὀνομάσομεν

1116 1763 1147 1789 τὸ
1162 1764 1358 1799 προκείμενον;
1375 1765 1460 1799 Λόγον
1476 1765 1555 1800 μόνον
1571 1766 1612 1801 (οὐ
1625 1767 1683 1802 γὰρ
1702 1768 1795 1804 φαίητε
1809 1767 1891 1800 σάρκα,

1116 1809 1145 1835 ὲν
1160 1810 1247 1845 τούτῳ
1260 1811 1343 1845 τιμᾷν
1359 1810 1439 1845 δῆθεν
1455 1811 1585 1847 οἰόμενοι)
1599 1821 1605 1844 ;
1620 1813 1678 1840 Καὶ
1695 1813 1752 1846 πῶς
1768 1813 1814 1848 οὐχ
1829 1811 1893 1845 $69!-

1117 1856 1176 1888 ζετε
1192 1856 1322 1893 τοιαύτην
1336 1857 1419 1884 αὑτοῦ
1432 1858 1480 1894 τὴν
1492 1859 1585 1886 οὑσίαν
1601 1861 1758 1895 νομίζοντες
1777 1858 1850 1889 εἶναι,
1862 1858 1893 1888 ὼς

1115 1903 1226 1936 δυνατὸν
1239 1903 1320 1940 ἑτέρᾳ
1327 1904 1406 1940 οὐσία
1412 1907 1508 1941 κτιστῇ
1518 1905 1584 1941 πρὸς
1593 1907 1676 1933 αὑτὸν
1684 1907 1840 1942 μεταστῆναι
1849 1914 1854 1935 ;
1863 1903 1892 1930 Τὸ

1115 1949 1170 1984 γὰρ
1182 1951 1238 1982 τοῖς
1253 1950 1346 1985 ἦττοσι
1358 1952 1575 1987 χωρητὸνκοινδν
1587 1953 1641 1979 τῶν
1655 1953 1772 1985 πολλῶν,
1785 1954 1830 1987 οὐχ
1845 1951 1891 1979 ἑνὸς

1115 1994 1260 2030 ἐξαίρετον.
1277 1992 1314 2022 Οἵ)
1327 1996 1355 2022 δὲ
1372 1997 1451 2031 μόνον
1458 1998 1488 2024 τὸ
1501 1998 1647 2034 ἀπρόσιτον
1659 1999 1735 2031 ἴδιον,
1749 1999 1831 2033 τούτῳ
1845 1995 1892 2026 πῶς

1116 2041 1292 2077 προστίθεται
1309 2043 1462 2078 ἀπρόσιτον·
1468 2043 1509 2070 ἕτε
1515 2053 1560 2079 ρον
1569 2053 1575 2076 ;
1583 2044 1638 2071 Καὶ
1644 2045 1676 2071 οὐ
1686 2045 1764 2080 μόνον
1771 2044 1814 2071 τὸν
1820 2043 1892 2076 Λόγον

1116 2087 1251 2124 ὑϐρίζετε,
1267 2089 1335 2116 ἀλλὰ
1344 2091 1391 2116 καὶ
1404 2091 1452 2126 τῆς
1467 2091 1566 2127 σαρκὸς
1591 2092 1740 2119 ὑπόστασιν
1754 2090 1890 2126 ἀφανίζετε·

1115 2129 1169 2164 Ἧς
1175 2133 1228 2170 γὰρ
1238 2135 1320 2170 μηδὲν
1327 2134 1367 2161 ἐτι
1374 2135 1495 2162 λείπεται
1501 2136 1655 2172 γνώρισμα,
1664 2138 1766 2173 ταύτης
1774 2137 1839 2171 ποίῳ
1845 2134 1889 2170 τρὸ

1116 2186 1158 2213 πῳ
1166 2179 1216 2214 τὴν
1223 2179 1302 2211 δόξαν
1311 2182 1513 2216 κατανοήσομεν
1521 2190 1528 2214 ;
1538 2183 1569 2208 Et
1576 2183 1604 2208 ὲν
1612 2183 1650 2218 τῷ
1657 2181 1728 2210 εἶναι
1737 2182 1888 2218 γνωρίζεται,

1116 2224 1226 2256 εἰκότως
1234 2225 1382 2257 δοξάζεται·
1390 2227 1446 2253 εἰδὲ
1458 2228 1494 2264 μὴ
1502 2227 1594 2263 ἐχειτὸ
1603 2227 1683 2261 εἶναι,
1693 2229 1750 2261 πῶς
1755 2226 1884 2264 καρποῦτα

282 2259 345 2286 tur?
357 2258 412 2286 Nec
425 2258 542 2286 Verbum
555 2259 688 2287 duntaxat
702 2259 809 2288 aﬁicitis
823 2262 999 2294 contumelia,
1016 2263 1063 2291 sed

1117 2270 1163 2306 τῆς
1170 2270 1248 2306 δόξης
1254 2271 1284 2304 τὸ
1293 2271 1406 2306 μέγεθος
1414 2281 1421 2304 ;
1430 2258 1494 2299 Ἐἶὰν
1548 2273 1649 2309 δείεητε
1660 2258 1692 2301 το
1701 2258 1856 2310 τιμώμενον,
1867 2270 1886 2297 οἱ

281 2305 363 2332 etiam
377 2305 470 2333 carnis
482 2305 642 2341 Iiypostasin
662 2305 787 2333 auferlis.
808 2306 988 2342 Cujus-enim
1002 2310 1065 2336 nul-

281 2349 338 2377 lum
357 2351 488 2378 indicium
504 2351 640 2386 reliquum
655 2356 708 2384 est,
719 2351 802 2386 hujus
816 2353 930 2388 gloriam
944 2362 998 2389 quo
1009 2359 1071 2383 tan-

281 2395 343 2422 dem
357 2395 437 2423 modo
455 2395 672 2431 perspiciemus?
685 2396 709 2424 si
721 2404 754 2424 eo
770 2398 843 2431 quod
858 2399 975 2431 exsistit.
986 2407 1070 2436 σευο-

282 2441 378 2473 scitur,
393 2441 490 2468 merito
515 2441 684 2476 gloriﬁcatur
701 2452 707 2469 :
735 2442 759 2469 si
777 2450 832 2470 non
856 2444 981 2477 exsistit,
1002 2453 1070 2480 quo-

281 2487 362 2515 modo
389 2487 568 2523 amplitudine
597 2489 691 2524 gloriae
717 2489 846 2517 fruetur?
866 2490 926 2519 Non
954 2494 1067 2527 potestis

281 2532 373 2567 gloria:
388 2533 509 2560 indicare
529 2533 728 2565 excellentiam,
746 2534 800 2562 nisi
815 2536 891 2570 prius
914 2537 1066 2565 ostenderi-

281 2578 316 2605 tis
331 2578 356 2605 id
371 2579 443 2613 quod
458 2578 620 2607 honoratur.
644 2579 830 2608 Conﬁteamnr
851 2582 934 2617 igitur
956 2591 1068 2612 necesse

280 2628 321 2652 est
338 2624 510 2652 inconfusam
518 2625 633 2653 duarum
647 2629 807 2654 naturarum
824 2628 963 2661 unionem,
974 2634 1003 2656 ut
1017 2637 1068 2658 nec

281 2673 401 2698 mutetur
414 2677 568 2703 assumens,
585 2679 635 2699 nec
661 2677 834 2708 assumptum
862 2674 992 2707 tollatur,
1020 2675 1068 2703 sed

280 2716 382 2749 gloriae,
398 2715 431 2743 de
446 2724 501 2744 una
523 2724 638 2751 persona
651 2718 815 2752 praedicatus.
833 2721 991 2747 communio
1006 2728 1066 2748 ser-

282 2764 367 2787 vetur.
389 2761 466 2794 Quod
481 2762 504 2789 si
517 2766 663 2798 utrumque
676 2764 779 2796 simul,
803 2765 1005 2799 quantumlibet
1023 2773 1065 2794 re-

281 2804 401 2833 luctante
415 2810 512 2833 natura
524 2828 531 2839 ,
557 2806 676 2836 Verbum
694 2809 782 2837 solum
797 2810 920 2838 dixeritis
934 2831 941 2844 ,
971 2819 1004 2839 ne
1026 2812 1065 2840 sic

315 2883 326 2898 '
344 2882 399 2910 lsa.
416 2891 483 2915 Lm,
500 2884 527 2910 8.

1123 2316 1237 2350 μηνύετε
1243 2317 1375 2352 τῆςδόξης
1383 2318 1413 2344 τὸ
1424 2319 1584 2355 ὑπέρογκον.
1594 2320 1711 2355 Ἀνάγκη
1720 2319 1806 2346 τοίνυν
1812 2317 1885 2354 ὁμολῦ

1119 2363 1177 2394 γεῐν
1193 2361 1343 2397 ἁσύγχυτον
1349 2363 1403 2390 τῶν
1409 2364 1507 2400 δύοτὴν
1522 2365 1627 2396 ἕνωσιν,
1637 2365 1698 2392 οὔτε
1705 2367 1744 2397 είς
1752 2364 1848 2400 τροπὴν
1853 2361 1884 2388 τοί

1117 2407 1254 2439 λαεόντος,
1262 2407 1322 2435 οὔτε
1329 2418 1341 2434 ε
1346 2410 1369 2441 ίς
1374 2409 1523 2445 ἀφανισμὸν
1530 2410 1576 2436 τοῦ
1585 2411 1741 2445 ληφθέντος,
1748 2411 1801 2437 ἀλλ’
1809 2410 1843 2440 είς
1849 2415 1883 2434 XO!

1117 2451 1214 2478 νωνίαν
1219 2451 1296 2487 δόξης
1305 2453 1346 2487 ἐφ’
1354 2453 1562 2490 ὲνὺςπροσώπου
1570 2464 1603 2490 κη
1608 2453 1841 2491 ρυσσομένης.Κᾶν
1846 2452 1882 2486 Tal

1117 2496 1281 2532 ὑπομείνητε
1297 2497 1383 2532 Λόγον
1397 2499 1476 2533 μόνον
1490 2499 1633 2534 ὀνομάζειν
1647 2500 1679 2526 τὸ
1694 2499 1880 2535 συναμφότεροι·

1114 2542 1203 2568 καίτοι
1214 2544 1263 2578 τῆς
1280 2543 1387 2577 φύσεως
1399 2545 1610 2580 ἀνθισταμένης,
1630 2545 1685 2572 οὐδ’
1696 2545 1781 2577 οὕτως
1789 2542 1877 2579 κρύψετ

1115 2587 1144 2614 τὸ
1154 2587 1290 2624 διάφοροψ
1304 2590 1385 2616 ὁπότε
1404 2590 1434 2616 τὸ
1451 2590 1501 2626 μὲν
1515 2589 1549 2626 ἦν
1564 2591 1614 2619 ἀπ’
1626 2591 1726 2627 ἀρχῆς,
1741 2590 1808 2621 τὸδ’
1825 2586 1878 2615 αὖθι

1115 2633 1233 2667 ἐγένετοι
1262 2635 1309 2661 καὶ
1333 2635 1363 2661 τὸ
1381 2635 1431 2670 μὲν
1454 2636 1569 2672 ἀόρατον
1598 2637 1644 2663 καὶ
1666 2636 1836 2672 ἀψηλάφητῡν
1856 2631 1876 2670 ε]

1117 2679 1228 2714 ἄπειρον
1244 2679 1274 2711 ἐξ
1285 2681 1410 2715 ἀπείρου,
1427 2681 1458 2708 τὸ
1477 2681 1506 2708 δὲ
1522 2682 1552 2715 ἑξ
1572 2680 1668 2717 ὁρατοῦ
1684 2683 1732 2709 καὶ
1745 2681 1875 2717 ψηλαφητο

1121 2725 1189 2760 πρὸς
1199 2725 1229 2751 τὸ
1242 2726 1356 2761 ἀόρατον
1373 2727 1420 2754 καὶ
1435 2728 1536 2762 ἀναφὲς
1554 2727 1735 2763 μταὸἐϐηκεο
1749 2727 1794 2755 καὶ
1805 2724 1834 2752 τὸ
1848 2722 1875 2759 μὲ

1119 2770 1294 2797 ἀναλλοίωτον
1317 2771 1400 2805 ἅπαξ,
1422 2773 1453 2799 τὸ
1478 2774 1506 2800 δὲ
1533 2774 1568 2800 δι’
1594 2773 1761 2810 ἀλλοιώσειος
1785 2772 1827 2799 ἐπὶ
1848 2769 1874 2803 τὴ

1119 2813 1258 2848 κρείττονα
1269 2815 1346 2850 λῆξιν
1354 2816 1489 2851 ἐλήλυθεν.
1504 2816 1580 2851 Εἶτα,
1589 2819 1611 2845 εἰ
1627 2818 1705 2854 μόνον
1714 2818 1799 2853 Λόγος
1806 2815 1838 2845 κδ
1850 2815 1873 2850 μέ
