1926 3068
76 175 89 202 ί
94 174 150 202 593

466 169 757 198 CONFUTATIONES
777 169 1001 203 QUARUMDAM
1022 140 1313 197 PROPOSITION‘UM.

1634 165 1709 192 4594'"

72 242 136 265 νον,
157 232 216 264 πῶς
231 232 281 258 οὐκ
297 230 407 267 ὲῤῥέθη,
423 231 463 257 om.
495 232 526 257 'H
554 229 622 266 σὰρξ
640 230 724 264 Λόγος
749 230 866 264 ἐγένετο,

922 229 1025 264 quidem
1041 228 1191 256 discrimen
1213 225 1385 254 occurtabitis
1399 234 1406 252 :
1420 225 1529 260 quando
1554 224 1621 252 illud
1641 233 1699 259 qlll-

75 280 140 307 ἀλλ’
160 288 169 304 ι
193 279 223 304 '0
242 277 327 311 Λόγος
345 276 427 312 σάρξ;
448 285 457 302 ι
472 276 520 308 Τίς
536 276 564 302 δὲ
577 276 648 303 οὕτω
665 273 794 310 μεμηνὼς
820 275 867 301 καὶ

76 324 244 362 φρενοπλὴξ,
271 323 309 355 ὡς
330 323 464 359 τολμῆσαι
490 324 575 349 εἰπεῖν
599 322 648 356 τὴν
672 321 746 349 θείαν
775 321 867 348 οὐσίαν

77 370 243 407 προσλαϐεῖν
259 369 342 405 ἄλλης
359 369 485 404 θεότητος
495 369 598 401 οὐσίαν,
615 368 643 401 ἐξ
654 368 749 404 ἑτέρας
762 367 868 402 φύσεως

74 417 286 452 ἐπιγενομένην·
307 416 340 443 ἶν’
357 415 471 451 αΰξησιν
484 415 678 450 παρασκευάσῃ
695 413 812 441 νοεῖσθαι
825 413 869 440 διὰ

76 463 130 499 τῆς
155 461 284 496 τοιαύτης
307 461 468 497 προσθήκης
485 461 532 488 τοῦ
554 461 623 488 κατὰ
640 461 720 496 φύσιν
730 459 869 490 ἀνενδεοῦς

77 509 128 536 καὶ
136 508 239 534 τελείου
248 507 327 540 ;“Πῶς
343 507 371 534 δὲ
386 508 410 534 οἱ
425 506 491 533 θεῖοι
505 506 579 541 λόγοι
593 507 640 534 καὶ
653 506 721 542 μετὰ
735 505 783 541 τὴν
792 505 869 540 ξένην

77 555 173 582 ἄνοδον
191 554 231 581 ἔτι
242 553 409 590 κηρύσσουσι
428 552 462 580 τὰ
475 553 526 588 τῆς
543 553 643 590 σαρκὸς
654 552 824 588 διαφέροντα,
840 551 870 578 τὸ

79 600 164 627 πάλιν
183 600 279 631 ἐλθεῖν,
296 599 325 625 τὺ
336 599 406 626 κατὰ
420 599 465 626 τὸν
482 599 562 626 αὑτὸν
575 598 739 634 ὀφθήσεσθαι
752 599 869 634 τρόπον;

82 646 119 672 Ἣ
132 646 247 676 καὶτοῖς
271 645 397 679 ἀγγέλοις
413 644 521 672 ἐναντία
545 644 749 680 νομοθετήσετε,
763 646 818 676 τοῖς
833 644 871 670 εἰ-

82 691 180 727 ρηκόσι
199 691 300 725 σαφῶς·
320 700 330 717 ‹
347 687 431 723 Οὗτος
452 691 466 717 ὁ
492 689 594 726 Ἰησοῦς
607 691 621 716 ὁ
639 690 802 725 ἀναληφθεὶς
823 690 869 724 ἀφ’

81 737 160 772 ὑμῶν
183 737 269 768 οὕτως
289 736 438 768 ἐλεύσεται,
460 736 489 763 ὃν
504 736 604 772 τρόπον
619 736 766 763 ἐθεάσασθε
792 736 870 762 αὑτὸν

81 783 266 819 πορευόμενον
283 784 322 814 είς
335 783 380 809 τὸν
392 783 522 818 οὺρανόν;
537 790 546 807 ι
565 782 656 808 Πάντα
672 782 739 816 πρὸς
753 781 870 816 ἔμφασιν

83 829 197 864 σαρκὸς,
210 829 258 855 νῦν
271 828 320 864 μὲν
330 825 391 861 ὧδε,
407 829 453 855 νῦν
464 829 492 855 δὲ
506 825 556 854 ὦδε
567 827 754 863 θεωρουμένῳ·
767 827 795 853 ὃν
807 827 871 862 πρό-

81 883 163 910 τερον
176 873 334 905 ἐθεάσασθε,
358 873 431 900 τοῦτ’
450 873 506 899 ἐστι
518 874 573 904 τοῖς
587 873 637 908 τῆς
653 873 751 908 σαρκὸς
769 872 870 907 ὀφθαλ-

917 275 982 303 dem-
993 279 1052 302 erat
1064 274 1096 302 ab
1111 273 1199 306 initio,
1215 272 1268 300 hoc
1282 271 1380 299 deinde
1397 271 1498 299 factum
1513 275 1570 299 est:
1587 275 1614 298 et
1635 271 1701 298 illud

917 321 1026 356 quidem
1039 320 1174 348 invisibile
1188 323 1216 347 et
1236 319 1379 351 intactum,
1395 317 1423 345 in
1441 317 1577 344 inﬁnitum
1591 325 1623 344 ex
1641 316 1703 343 inﬁ-

917 367 986 400 nilo,
1002 366 1054 394 hoc
1068 373 1132 393 vero
1147 373 1180 393 ex
1196 365 1298 393 visibili
1312 369 1339 392 et
1353 363 1539 391 contrectabili
1551 383 1559 396 ,
1581 362 1610 389 in
1630 362 1703 388 invi-

918 413 999 441 sibile
1012 416 1039 440 et
1053 412 1175 439 intactile
1186 411 1305 439 transiit.
1320 409 1441 445 Denique
1452 409 1518 436 illud
1534 416 1650 444 prorsus
1660 410 1704 436 est

919 458 1096 490 immutabile,
1114 457 1166 484 hoc
1181 464 1228 492 per
1248 456 1426 483 mulationem
1445 454 1477 482 ad
1492 454 1631 482 meliorem
1649 458 1704 482 sla-

919 508 976 532 tum
989 504 1073 531 venit.
1088 502 1189 530 Deinde
1209 503 1231 530 si
1251 502 1340 529 solum
1352 500 1472 529 Verbum
1495 504 1637 532 remanet,
1655 507 1705 527 cur

919 558 974 578 non
989 550 1089 577 dicitur
1104 558 1112 576 :
1126 548 1196 576 Caro
1210 547 1329 575 Verbum
1350 546 1422 574 facta
1448 551 1510 578 est,
1534 546 1581 573 sed
1600 554 1609 570 ‹
1640 544 1707 573 Ver-

920 597 984 624 bum
995 602 1060 622 caro
1073 593 1173 622 factum
1189 597 1231 621 est
1244 593 1274 619 '?
1295 602 1304 618 ι
1327 591 1394 625 Quis
1406 591 1479 619 enim
1497 596 1551 618 tam
1571 591 1687 618 insanus
1698 610 1705 619 .

919 646 976 669 tam
987 649 1081 669 amens
1099 643 1151 672 est,
1165 639 1212 674 qui
1238 645 1361 666 asserere
1385 636 1502 668 audeat,
1520 635 1705 664 substantiam

920 689 1050 720 divinam,
1063 687 1132 714 alius
1145 685 1252 713 deitatis
1268 684 1448 711 substantiam
1461 704 1469 716 ,
1496 690 1530 710 ex
1556 682 1640 710 altera
1657 687 1706 708 na-

920 739 982 762 tura
997 737 1157 769 prognatam
1174 751 1181 764 ,
1207 730 1408 765 assumpsisse;
1424 733 1454 756 ut
1474 736 1523 764 per
1547 726 1706 762 bujusmodi

922 781 1136 808 additamentum
1162 777 1294 805 indicaret
1317 775 1469 803 accessisse
1492 773 1594 809 aliquid
1617 773 1641 800 ei
1658 773 1705 808 qui

921 829 1018 853 natura
1036 831 1085 852 sua
1099 823 1202 850 nullius
1222 822 1347 857 indigens
1362 825 1415 851 est,
1430 824 1457 847 et
1472 817 1626 854 perfectus?
1649 816 1705 843 Cur

921 879 987 900 vero
1008 871 1104 898 littera:
1128 876 1212 896 sacrae
1236 869 1316 896 etiam
1340 870 1402 902 post
1422 864 1585 901 stupendam
1609 870 1705 891 ascen-

85 922 158 955 μοῖς·
169 920 241 955 ἆπερ
257 920 272 945 ὁ
283 919 319 954 μὴ
331 919 474 954 δεχόμενος
484 918 571 950 οὕτως
580 919 610 944 οὐ
627 918 705 954 μόνον
718 920 773 950 τοῖς
789 918 871 952 ἀγγέ-

923 919 1025 946 sionem
1037 937 1045 949 ,
1070 915 1161 944 carnis
1181 922 1196 941 a
1212 914 1301 942 Verbo
1317 912 1521 940 distinctionem
1536 909 1703 945 praedicant;

82 966 140 996 λοις
154 965 278 1000 μάχεται,
293 964 361 991 ἀλλὰ
378 965 493 996 καὶτοῖς
507 963 554 991 τοῦ
572 964 649 998 ἁγίου
665 964 820 999 Πνεῦματος
832 965 870 990 ἰε-

86 1013 143 1047 ροτς
171 1011 261 1046 λόγοις
287 1010 519 1038 ἀντικαθίσταται.
539 1010 601 1042 Πῶς
622 1010 776 1045 ἐντυγχάνει
802 1010 871 1045 ὑπὲρ

84 1056 164 1092 ἡμῶν
173 1057 187 1082 ὁ
197 1057 334 1091 Δεσπότης
348 1057 479 1092 Χριστὸς;
494 1056 531 1087 ὼς
545 1056 630 1090 Λόγος
642 1055 736 1090 μόνον;
751 1055 805 1083 Καὶ
821 1055 871 1082 ποῦ

83 1102 119 1128 τὰ
134 1102 183 1136 τῆς
198 1102 341 1136 ὀμοτιμίας
366 1102 411 1128 καὶ
429 1102 507 1134 ἀξίας
527 1101 577 1136 τῆς
593 1101 661 1136 πρὸς
682 1101 727 1127 τὸν
752 1101 871 1135 Πατέρα,

84 1149 163 1184 εἴπερ
173 1148 342 1183 ἐντυγχάνων
358 1147 481 1183 καθάπερ
488 1147 688 1182 ὑποδεέστερος,
697 1148 744 1174 κα)⁸
755 1147 785 1174 οὐ
805 1147 872 1182 μετὰ

84 1193 229 1226 αὺθεντίας
248 1195 365 1230 ἐνεργεῖ,
385 1194 441 1220 ἴσον
459 1192 528 1228 ἔχων
541 1193 572 1219 τὸ
593 1192 815 1227 παντοδύναμονς
837 1192 872 1218 Ἦ

84 1240 205 1276 δηλονότι
213 1240 262 1274 τῆς
270 1240 396 1274 ὰπαρχῆς
409 1239 438 1266 τὸ
451 1238 622 1274 ἐντυγχάνειν
637 1239 706 1274 ὑπὲρ
717 1238 763 1265 τοῦ
774 1238 871 1265 οἰκείου

85 1287 254 1322 φυράματος,
269 1286 312 1312 ἵνα
327 1285 411 1322 δείξῃ.
421 1286 489 1321 πόση
501 1285 564 1321 περὶ
579 1285 628 1320 τὴν
643 1285 692 1320 τῆς
706 1284 803 1320 σαρκὸς
822 1285 872 1319 φύ-

85 1332 161 1366 σινή
189 1331 290 1366 σχέσις.
305 1330 372 1357 Τίνα
401 1330 429 1356 δὲ
443 1330 493 1356 οὐκ
513 1330 636 1365 ἐντρέπει
664 1329 710 1356 τοῦ
736 1329 872 1364 πανσόφου

85 1378 192 1405 Παύλου
209 1378 238 1404 τὸ
255 1377 419 1413 τρανότατον
434 1377 575 1412 κήρυγμα,
587 1377 627 1403 ὅτι
645 1386 653 1402 ι
673 1377 743 1407 Τοὺς
764 1377 873 1411 χρόνους

85 1423 135 1458 τῆς
145 1423 256 1457 ἀγνοίας
269 1422 402 1458 ὑπεριδὼν
416 1423 430 1449 ὁ
444 1423 520 1454 Θεὸς,
536 1422 719 1458 παραγγέλλει
736 1423 801 1448 πᾶσι
812 1430 874 1447 πανσ

85 1468 169 1504 ταχοῦ
180 1471 328 1504 μετανοεῖν,
345 1469 438 1495 καθότι
451 1468 564 1503 ἔστησεν
577 1469 694 1504 ἡμέραν,
711 1469 738 1495 ἐν
783 1467 872 1502 μέλλει

86 1516 188 1551 κρίνειν
203 1515 253 1550 τὴν
281 1514 450 1550 οἰκουμένην,
472 1514 501 1540 ἐν
516 1514 682 1549 δικαιοσύνῃ,
704 1514 732 1539 ἐν
750 1513 835 1548 ἀνδρὶ,
851 1509 873 1546 ᾧ

87 1560 180 1595 ὥρισε,
197 1561 287 1587 πίστιν
302 1559 450 1596 παρασχὼν
470 1560 563 1591 πᾶσιν,
578 1560 731 1594 ἀναστήσας
746 1559 826 1585 αὑτὸν
841 1559 874 1584 ἐκ

85 1606 207 1642 νεκρῶν;
219 1616 227 1632 ι
246 1606 289 1642 Μὴ
300 1606 432 1641 ἀνῄρηται
446 1607 462 1641 ὴ
478 1605 608 1640 διαφοράς
619 1605 664 1639 Μὴ
681 1605 729 1631 οὐκ
739 1602 800 1630 εἶπε
809 1604 873 1631 Θεὸν

86 1652 115 1677 ἐν
131 1651 223 1686 ἀνδρί;
237 1651 274 1686 μὴ
289 1651 338 1677 οὐκ
362 1650 445 1683 ἔδειξε
458 1650 503 1677 τὸν
522 1649 662 1684 ἐγείροντα
679 1649 744 1675 Θεὸν
757 1649 804 1675 καὶ
829 1649 873 1675 τὸν

85 1696 239 1723 ἀναστάντα
253 1695 353 1732 ἄνδρα;
377 1696 445 1722 Ἀλλ’
462 1696 541 1722 εἶκαὶ
552 1695 583 1722 τὸ
593 1695 719 1730 διάφορον
735 1693 829 1726 ἔδειξε,
845 1694 875 1720 τὸ

86 1742 279 1784 ἀχώριστονοὺ
293 1743 449 1778 παρέλιπεν.
467 1743 503 1769 Οὐ
516 1742 570 1784 γὰρ
586 1740 645 1768 εἷπε
660 1741 725 1767 Θεὸν
744 1741 812 1776 μετὰ
826 1741 873 1768 ἀν-

85 1788 159 1824 δρὸς,
175 1780 246 1815 ἀλλᾶ
262 1789 326 1816 Θεὸν
343 1790 372 1815 ὲν
387 1789 473 1824 ἀνδρί.
495 1779 558 1820 nia;
575 1788 603 1814 δὲ
614 1788 747 1823 νοήσομεν
763 1786 811 1814 καὶ
832 1787 873 1818 τδ,

88 1843 99 1860 ‹
116 1833 244 1868 Ὄψονται
257 1834 296 1866 είς
311 1833 340 1860 ὂν
355 1834 543 1868 ἐξεκέντησαν,
564 1842 574 1859 ›
591 1833 615 1859 εί
633 1832 671 1868 μὴ
683 1831 734 1866 τῆς
748 1831 873 1868 σαρκδςὴ

87 1878 178 1914 φύσις,
193 1880 210 1914 ἡ
224 1878 356 1915 δεξαμένη
368 1879 430 1911 τοὺς
451 1879 542 1914 ἥλους,
558 1878 626 1914 αὑτὴ
643 1877 735 1912 σαφῶς
748 1877 874 1913 ἀποδείξῃ

85 1926 150 1958 τοὺς
169 1925 284 1959 τύπους;
300 1925 337 1952 Οὐ
352 1925 405 1960 γὰρ
424 1925 548 1960 θεότητος
563 1925 669 1960 οὐσίαή
687 1924 802 1960 ἀόρατος
828 1925 876 1951 καὶ

86 1972 228 2006 ἀνεπαφὴς
242 1972 300 2007 ἴχνη
314 1971 417 1998 πολλῶν
431 1972 471 2003 είς
479 1971 587 2006 ἔλεγχον
599 1970 775 2006 ἐπιφέρεσθαι
790 1970 874 2006 ἤμελ-

86 2018 143 2045 λεν·
152 2018 210 2045 ἀλλ’
223 2019 239 2052 ή
250 2020 283 2045 ἐκ
298 2018 345 2045 τοῦ
360 2017 482 2054 παθητοῦ
494 2017 589 2052 γένους
601 2017 733 2053 ληφθεῖσα
751 2016 801 2053 τὴν
821 2016 875 2043 τῶν

86 2064 260 2100 ἠσεϐηκότων
275 2064 567 2100 ἐλέγξειπαρανομίαν,
582 2063 724 2100 γνωρίζειν
741 2063 874 2090 συνωθου-

89 2111 176 2146 μένων
193 2113 221 2138 ἐν
235 2112 267 2147 τῇ
283 2111 417 2148 τρωθείσῃ
440 2112 522 2147 σαρκὶ
544 2110 579 2138 τὰ
593 2111 681 2138 οἰκεῖα
701 2110 873 2145 τολμήματα,

87 2156 165 2184 Οὕτω
178 2157 310 2184 δέδεικται
324 2158 371 2184 καὶ
390 2158 424 2184 τὰ
442 2157 573 2192 ἰδιώματα
590 2156 644 2183 τῶν
661 2156 767 2191 φύσεων
782 2155 875 2190 διαφέ-

91 2212 180 2239 ροντα,
194 2203 281 2230 καὶτὸ
290 2203 385 2239 κέρδος
399 2204 449 2239 τῆς
466 2203 697 2238 ἐνανθρωπήσεως
714 2202 875 2237 ἀναντίρρη-

920 964 1011 1000 qualia
1029 966 1103 994 sunt,
1120 968 1230 988 rursum
1244 959 1406 989 rediturum,
1421 958 1485 984 item
1507 957 1595 984 visum
1608 955 1642 982 iri
1657 962 1704 982 eo-

921 1011 981 1037 dem
996 1000 1049 1044 quo
1066 1012 1145 1036 antea
1161 1006 1252 1034 modo.
1264 1005 1306 1032 An
1320 1012 1369 1032 vos
1383 1003 1522 1031 contraria
1545 1002 1704 1036 angelorum

921 1055 1003 1084 dictis
1020 1053 1169 1082 sancielis?
1194 1052 1241 1087 qui
1258 1054 1350 1086 aperte
1377 1049 1493 1076 dixere:
1513 1057 1521 1073 ι
1552 1047 1602 1074 Hic
1625 1046 1704 1073 Jesus

921 1101 968 1137 qui
986 1103 1142 1135 assumptus
1156 1102 1197 1125 est
1210 1106 1225 1125 a
1240 1097 1317 1124 vobis
1342 1096 1370 1123 in
1387 1095 1485 1122 ccelum
1499 1114 1506 1126 ,
1537 1093 1577 1120 sic
1593 1092 1703 1123 veniet,

922 1145 1150 1182 quemadmodum
1164 1142 1273 1171 vidistis
1289 1150 1350 1170 eum
1374 1143 1484 1168 euntem
1500 1139 1528 1166 in
1542 1138 1640 1166 ccelum
1651 1138 1673 1164 ".
1692 1146 1701 1162 ι

922 1191 1019 1219 Omnia
1049 1190 1082 1217 ad
1111 1187 1316 1225 signiﬁcandam
1346 1193 1455 1214 carnem
1481 1184 1541 1219 ejus
1564 1183 1610 1218 qui
1631 1190 1705 1210 nunc

922 1238 1031 1274 quidem
1047 1236 1103 1269 hic,
1125 1243 1199 1263 nunc
1214 1241 1279 1261 vero
1293 1233 1339 1260 hic
1352 1232 1428 1260 visus
1449 1234 1492 1258 est
1506 1239 1512 1257 :
1530 1237 1610 1265 quem
1631 1229 1705 1264 prius

923 1284 1039 1315 vidistis,
1056 1282 1147 1310 carnis
1166 1281 1292 1309 videlicet
1306 1278 1402 1306 oculis.
1426 1277 1490 1310 Qua:
1505 1277 1551 1311 qui
1566 1275 1619 1303 hoc
1643 1283 1706 1303 sen-

924 1338 954 1357 su
974 1336 1029 1355 non
1049 1327 1158 1362 accipit,
1175 1326 1198 1354 is
1213 1332 1268 1352 non
1287 1323 1390 1359 angelis
1413 1323 1501 1350 solum
1525 1321 1686 1348 adversatur
1698 1339 1705 1350 ,

923 1375 971 1402 sed
996 1374 1083 1402 sacris
1098 1373 1178 1401 etiam
1201 1371 1321 1407 Spiritus
1336 1369 1425 1398 sancti
1444 1368 1537 1395 verbis
1562 1369 1705 1402 repugnat.

924 1419 1066 1453 Quomodo
1079 1417 1214 1452 supplicat
1233 1415 1313 1452 514
1327 1423 1377 1450 pro
1393 1414 1473 1442 nobis
1486 1413 1617 1441 Dominus
1629 1412 1708 1440 Chri-

924 1466 1003 1494 stus?
1016 1465 1138 1499 nunquid
1155 1468 1185 1491 ut
1200 1463 1317 1491 Verbum
1338 1461 1465 1489 tantum?
1481 1460 1531 1488 Ubi
1550 1460 1633 1495 igitur
1659 1466 1708 1494 par

924 1512 983 1547 ejus
996 1518 1057 1538 cum
1084 1510 1166 1537 Patre
1190 1509 1276 1536 honor
1302 1511 1329 1535 et
1353 1507 1501 1542 maiestas;
1530 1504 1664 1540 siquidem
1684 1504 1707 1531 is

925 1549 1060 1593 supplicat
1082 1561 1111 1583 ut
1132 1555 1296 1590 indigentior
1310 1575 1317 1586 ,
1342 1561 1397 1580 non
1413 1556 1443 1580 ut
1458 1552 1589 1587 :cqnalem
1605 1551 1707 1578 habens

923 1602 1161 1638 omnipotentiam,
1175 1608 1236 1628 eum
1260 1599 1421 1627 auctoritate
1434 1597 1593 1633 foperatur?
1619 1595 1706 1623 Nimi—

924 1658 984 1678 rum
999 1650 1040 1677 sie
1057 1649 1109 1676 boc
1125 1646 1311 1682 accipiendum
1327 1649 1379 1677 est,
1395 1644 1530 1680 primitias
1539 1641 1708 1670 intercedere

923 1703 973 1731 pro
994 1701 1086 1722 massa
1099 1692 1220 1728 propria,
1236 1695 1266 1718 ut
1288 1690 1432 1718 ostendant
1458 1693 1560 1724 quanta
1580 1691 1706 1715 naturam

923 1742 1016 1770 carnis
1032 1739 1233 1770 necessitudine
1243 1737 1388 1771 attingant.
1404 1736 1489 1770 Quem
1503 1741 1570 1762 vero
1584 1742 1639 1761 non
1655 1740 1707 1768 pu—

924 1789 990 1816 dore
1021 1786 1159 1815 suﬂundat
1188 1785 1234 1812 illa
1265 1782 1460 1818 sapientissimi
1486 1781 1563 1808 Pauli
1590 1779 1709 1807 maxime

924 1833 1068 1869 perspicua
1079 1830 1256 1868 pradicatio?
1270 1829 1342 1864 quod
1358 1837 1367 1854 (
1392 1831 1514 1862 tempora
1537 1826 1619 1860 bujus
1633 1824 1708 1859 igno-

924 1881 1021 1909 rantia:
1036 1878 1191 1914 despiciens
1205 1876 1288 1908 Deus,
1300 1882 1374 1903 nunc
1392 1873 1536 1901 annuntiat
1550 1871 1708 1899 hominibus

925 1931 955 1955 ut
966 1933 1061 1954 omnes
1075 1924 1176 1959 ubique
1191 1921 1378 1958 pamitentiam
1402 1923 1492 1955 agant,
1505 1925 1538 1946 eo
1561 1916 1634 1951 quod
1652 1921 1709 1943 sta-

925 1972 978 2000 tuit
987 1972 1070 2002 diem,
1082 1970 1110 1997 in
1119 1977 1173 2005 quo
1185 1968 1359 2004 iudicaturus
1373 1969 1416 1995 est
1427 1965 1520 1993 orbem
1533 1964 1561 1991 in
1569 1962 1707 1998 aequitate,

926 2019 954 2047 in
970 2019 1029 2045 viro
1044 2017 1072 2045 in
1088 2024 1143 2052 quo
1167 2014 1277 2045 statuit,
1307 2013 1387 2040 ﬁdem
1413 2010 1536 2046 praebens
1563 2008 1708 2038 omnibus,

925 2063 1063 2093 suscitans
1076 2068 1138 2089 eum
1159 2068 1174 2087 a
1193 2058 1310 2087 mortuis
1327 2058 1348 2084 ⁸.
1367 2067 1376 2083 ι
1395 2054 1522 2090 Nunquid
1540 2054 1648 2082 sublata
1667 2056 1710 2080 est

925 2108 1097 2138 diﬂerentia?
1113 2107 1212 2134 Annon
1237 2105 1324 2136 dixit,
1346 2103 1433 2131 Deum
1460 2101 1488 2128 in
1510 2100 1588 2127 viro?
1612 2099 1710 2126 Annon

925 2156 1045 2186 ostendit
1062 2154 1239 2183 suscitantem
1255 2151 1338 2179 Deum
1355 2153 1383 2177 et
1397 2150 1584 2182 resurgentem
1601 2144 1710 2172 virum?

925 2206 1081 2237 quanquam
1098 2201 1189 2225 autem
1210 2194 1375 2224 ostendisset
1389 2191 1580 2223 diti‘erentiam,
1601 2189 1711 2224 insepa-

87 2233 144 2281 τον,
161 2233 207 2276 καὶ
220 2250 249 2276 τὸ
266 2233 507 2285 ἐπιλίείρημαγτῶν
525 2233 718 2282 ἀντιλεγόντων
730 2233 872 2282 ἀναίσζλυνλ

926 2233 1090 2273 ιίσιήιὶἱσῑοω
1103 2246 1194 2270 tamen
1205 2248 1260 2268 non
1278 2238 1419 2274 praeteriit.
1432 2236 1525 2271 Neque
1541 2235 1613 2262 enim
1628 2233 1708 2264 dixit,

87 2303 144 2325 τον.
163 2296 209 2322 καὶ
218 2296 248 2322 τὸ
254 2295 364 2323 δυνατὸν
379 2295 429 2330 τῆς
441 2295 570 2330 ἀληθείας
583 2293 804 2329 ἀκαταμάχητον.

921 2292 1012 2320 Deum
1030 2297 1092 2317 cum
1107 2288 1177 2319 viro,
1191 2286 1238 2314 sed
1256 2285 1341 2314 Deum
1354 2284 1383 2311 in
1395 2283 1455 2310 viro
1469 2284 1479 2293 “
1495 2288 1604 2309 rursum
1619 2283 1646 2307 et
1663 2286 1710 2314 per

87 2341 188 2368 virum.
205 2341 346 2374 Quomodo
363 2341 545 2375 intelligemus
569 2343 596 2367 et
620 2339 686 2367 hoc?
703 2349 713 2365 ι
728 2325 869 2372 videbunt,
885 2339 911 2365 in
933 2343 1014 2373 quem
1041 2334 1238 2362 transﬁxorum
1250 2333 1274 2364 ',
1290 2341 1299 2357 ›
1316 2330 1370 2358 nisi
1395 2330 1455 2365 ipsa
1487 2330 1585 2354 natura
1606 2325 1708 2358 carnis,

89 2396 151 2422 quite
166 2389 256 2417 clavos
272 2389 368 2420 sensit,
385 2388 500 2423 vestigia
515 2394 609 2415 eorum
633 2387 706 2414 clare
722 2386 757 2413 sit
772 2385 924 2414 indicatura
932 2372 949 2412 ’ί
966 2384 1026 2412 Non
1055 2382 1128 2410 enim
1162 2379 1269 2408 deitatis
1295 2383 1410 2409 natura,
1433 2379 1464 2403 ut
1483 2374 1560 2402 multi
1594 2372 1708 2401 convin-

89 2425 199 2466 dantur,
212 2434 324 2469 vestigia
350 2434 489 2461 clavorum
512 2431 706 2460 cireumlatura
722 2435 782 2464 est,
799 2439 861 2458 cum
876 2429 1022 2457 invisibilis
1037 2433 1063 2456 et
1092 2425 1225 2454 intactilis
1242 2425 1279 2452 sit
1303 2433 1310 2451 :
1343 2423 1390 2450 sed
1410 2429 1470 2457 qua:
1490 2429 1523 2448 ex
1543 2426 1640 2455 genere
1659 2425 1707 2452 pa—

90 2480 161 2507 tibili
179 2483 317 2515 assumpta
336 2484 378 2508 est
407 2483 504 2507 natura
521 2499 528 2511 ,
554 2479 598 2505 illa
618 2477 763 2513 impiorum
789 2476 1036 2512 transgressionem
1052 2474 1208 2508 redarguet,
1242 2470 1288 2506 qui
1313 2477 1390 2497 suam
1415 2467 1556 2495 audaciam
1590 2465 1618 2492 in
1649 2463 1710 2490 vul—

89 2529 186 2554 nerata
216 2533 299 2553 carne
328 2526 481 2562 prodidere.
511 2525 557 2552 Sic
577 2525 660 2560 igitur
680 2527 706 2552 et
731 2510 879 2551 distinctas
908 2526 1070 2551 naturarum
1101 2518 1300 2555 proprietates,
1320 2520 1347 2544 et
1371 2511 1569 2542 incarnationis
1597 2510 1709 2538 minime

88 2572 189 2604 dubios
221 2557 343 2606 fructus',
380 2575 408 2600 et
442 2557 612 2608 impudentes
637 2569 855 2598 adversariorum
879 2572 1012 2601 conatus,
1045 2571 1072 2595 et
1105 2563 1344 2601 inexpugnabilem
1372 2558 1496 2589 veritatis
1531 2557 1586 2585 vim
1616 2558 1708 2585 osten-

88 2617 191 2646 dimus.

964 2689 974 2704 ’
994 2687 1074 2716 Joan.
1093 2694 1153 2719 xix,
1175 2685 1220 2713 '57.

127 2695 137 2710 '
154 2695 262 2724 Joan.i
297 2695 341 2723 H.
378 2695 388 2711 ⁷
408 2695 457 2722 Act
531 2695 572 2722 ll.
610 2695 620 2710 ⁸
641 2694 701 2720 Act.
722 2699 794 2724 xv",
812 2691 862 2722 50.
879 2690 923 2718 51.
