1926 3068
257 169 325 200 ίόθδ

814 171 843 198 S.
865 171 1095 201 ATHANASIUS.
1114 188 1147 192 —
1170 172 1306 201 SPURlA.

1803 169 1874 204 1396

582 320 615 348 IN
636 320 834 354 SEQUENTIA
853 322 1040 352 OPUSCULA
1059 323 1104 352 ET
1123 324 1335 352 FRAGMENTA
1354 324 1555 354 ADMONITIO.

290 400 356 434 Quae
369 405 513 435 sequuntur
527 409 560 428 ex
581 400 716 429 Vaticanis
734 402 869 430 codicibus
885 402 969 430 Roma
990 411 1006 430 a
1029 403 1158 438 fratribus
1185 404 1284 430 nostris
1301 404 1458 430 transmissa
1477 403 1552 430 nobis
1569 407 1639 434 sunt,
1665 403 1827 431 ezscribente
1840 403 1868 431 ι).

253 446 359 474 Joanne
373 447 485 480 Guillot,
503 448 547 483 qui
564 448 653 475 omnia
668 449 758 477 isthaec
772 454 895 477 accurate
906 449 1020 484 collegit.
1038 458 1138 484 suaque
1152 458 1233 476 manu
1247 449 1385 481 exaravit;
1396 449 1486 485 νοθείᾳ
1506 457 1584 483 porro
1601 450 1721 476 laborare
1733 458 1809 477 nemo
1826 459 1871 477 non

253 492 334 523 videt,
347 500 393 519 nec
407 497 446 519 est
457 500 489 519 ea
500 493 525 519 in
538 500 565 519 rc
580 493 716 527 probanda
734 493 919 521 insistendum.
933 493 1068 521 Prodcunt
1080 501 1167 521 autem
1182 503 1214 521 es:
1228 495 1286 522 cad.
1303 503 1353 522 ms.
1367 493 1450 522 Gra’c.
1464 494 1625 522 bibliotheca:
1641 494 1777 521 Vaticana
1791 495 1816 521 in
1828 494 1871 528 fui.

253 545 326 566 nam.
341 537 404 570 850,
423 537 536 572 eleganti
551 537 618 564 satis
635 542 660 564 et
681 537 800 573 diligenti
819 546 899 565 manu
916 544 1027 566 exarata
1044 539 1071 566 in
1089 539 1182 566 charta
1195 547 1364 574 papyracea:
1381 540 1426 574 qui
1437 547 1487 566 non
1504 539 1606 566 excedit
1625 547 1708 567 annos
1722 539 1787 567 200.

797 652 866 679 ΤΟΥ
885 654 930 680 ΕΝ
946 654 1058 681 ΑΠΟΙΣ
1073 653 1208 680 ΠΑΤΡοΣ
1222 654 1320 680 ΗΜΩΝ

904 734 1222 780 ΑΘΑΝΑΣΙΟΥ

437 828 515 862 Πρός
527 836 591 855 τινα
603 827 770 859 πολιτικὸν,
787 827 945 862 σύνταγμα
958 825 1038 854 πάνυ
1054 825 1290 860 ὠφελιμώτατον,
1308 825 1355 852 καὶ
1372 825 1450 852 πολὺ
1470 825 1689 860 disputatur”.

767 946 814 991 S.
853 947 906 989 P.
937 945 995 989 N.
1023 943 1347 989 ATHANASII

706 1034 746 1064 Ad
760 1034 899 1069 quemdam
915 1034 1056 1061 Politicum
1073 1037 1212 1069 syntagma
1227 1032 1409 1060 utilissimum.

287 1137 314 1164 1.
334 1136 571 1172 Quandoquidem,
588 1137 728 1172 ingeniose
753 1137 852 1170 homo,
875 1146 1032 1174 summeque

1123 1137 1148 1163 1.
1166 1135 1274 1170 Ἐπειδὴ
1284 1143 1325 1161 σοι
1337 1133 1375 1170 τῷ
1390 1133 1533 1170 περιδεείῳ
1547 1143 1593 1162 και
1607 1135 1813 1170 μεγαλεπισόλῳ
1825 1133 1871 1170 1ιῆς

250 1182 416 1209 naturalium
432 1189 524 1209 rerum
537 1182 704 1217 explorator,
715 1183 851 1218 acquisita
866 1183 970 1210 bellica:
989 1191 1035 1210 ar-

250 1227 287 1254 tis
302 1226 473 1262 cognitione,
499 1231 681 1262 susceptaque
697 1227 867 1262 politicarum
883 1236 973 1255 rerum
989 1236 1036 1256 ac-

250 1275 346 1299 curata
375 1272 481 1305 notitia,
506 1272 679 1299 sacerdotum
695 1278 785 1300 tamen
802 1273 909 1308 eloquia
925 1274 1036 1301 minime

250 1317 364 1352 negligis
378 1317 420 1344 vel
434 1317 541 1352 respuis
557 1327 564 1351 ;
586 1318 640 1345 imo
658 1322 734 1346 tanto
749 1319 783 1346 iis
801 1319 892 1346 studio
908 1319 957 1347 das
971 1327 1036 1355 ope-

250 1370 320 1394 ram,
338 1367 368 1390 ut
380 1363 551 1398 plerumque,
568 1363 631 1390 dum
649 1364 755 1398 corpori
766 1364 893 1391 alimenta
911 1364 1014 1399 praebes
1027 1384 1034 1396 .

250 1407 368 1435 animam
390 1415 406 1435 a
432 1408 492 1435 cibo
513 1408 664 1436 litterarum
686 1410 797 1437 minime
814 1410 959 1443 cohibeas;
988 1410 1035 1437 sed

250 1460 320 1486 eam,
332 1461 382 1481 ceu
397 1453 514 1489 quodam
529 1454 622 1482 divino
637 1455 704 1488 sale,
720 1455 832 1483 Patrum
853 1456 994 1484 sententiis
1009 1460 1036 1483 et

250 1500 396 1535 colloquiis
414 1501 441 1527 in
464 1500 522 1535 ipsa
545 1509 637 1528 mensa
664 1501 791 1530 admissis
815 1502 925 1536 foveas;
948 1503 1034 1536 illud,

250 1545 372 1580 inquam,
391 1545 419 1571 in
437 1553 518 1572 causa
534 1545 600 1572 mihi
616 1545 676 1577 fuit.
692 1551 722 1573 ut
737 1554 822 1581 pauca
833 1567 841 1580 ,
873 1548 920 1575 sed
944 1548 1035 1575 utilis-

251 1591 331 1622 sima,
348 1591 376 1618 in
392 1591 584 1626 compendium
607 1599 623 1618 a
643 1599 686 1619 me
710 1593 830 1625 redacta,
859 1602 891 1621 ex
921 1595 1035 1622 lectione

249 1636 469 1664 Christianorum
486 1638 608 1664 omnium
622 1641 764 1666 auctorum
775 1660 782 1673 ,
807 1640 978 1675 maximeque
991 1649 1035 1668 eo-

249 1690 310 1709 rum
329 1683 375 1717 qui
395 1683 461 1715 vita.
477 1683 647 1716 eruditione,
666 1684 807 1712 nobilitate
820 1706 827 1717 ,
854 1689 882 1713 et
905 1686 1034 1722 dignitate

248 1728 434 1763 precelluere,
444 1728 526 1756 veluti
538 1729 640 1756 donum
656 1730 802 1764 quoddam,
818 1731 878 1763 tibi,
898 1739 915 1758 ο
930 1732 1033 1760 amico—

249 1781 309 1800 rum
323 1774 434 1808 optime,
451 1774 511 1801 viro
529 1774 652 1802 lectionis
669 1777 792 1804 studioso
805 1785 837 1803 ac
851 1777 979 1812 religioso
995 1778 1035 1806 of-

249 1818 347 1846 ferrem
362 1839 369 1851 ,
395 1819 446 1847 hoc
470 1820 575 1848 scilicet
591 1825 732 1856 syntagma
759 1830 848 1850 meum
862 1843 869 1854 ,
897 1824 981 1851 variis
1001 1832 1033 1852 ex
1050 1810 1071 1837 Β

249 1864 375 1892 Patribus
408 1869 435 1892 et
465 1874 498 1894 ex
531 1867 631 1894 auditis
655 1868 828 1895 sermonibus
858 1868 1033 1904 decerptum,

248 1910 322 1937 unde
338 1918 393 1938 non
410 1911 561 1946 spernenda
579 1912 703 1940 doctrina
718 1917 746 1940 et
762 1914 858 1941 notitia
881 1915 1033 1949 legentibus

248 1956 382 1984 accedat:
400 1957 534 1985 rationem
548 1958 622 1986 enim
641 1962 668 1986 et
694 1967 748 1986 una
768 1959 929 1989 divisionem
945 1962 1034 1990 conti-

247 2005 295 2030 net
318 2003 434 2038 triplicis
454 2003 552 2031 anima:
572 2008 673 2032 nostra:
687 2005 790 2040 partis;
819 2006 952 2042 docetque
979 2016 1034 2044 quo

249 2053 329 2084 pacto
339 2056 434 2077 omnes
450 2057 608 2078 moveamur
619 2050 699 2086 515
710 2051 846 2085 homines,
860 2058 886 2080 et
896 2054 1033 2088 quomodo

247 2094 281 2122 ad
296 2095 422 2128 salutem,
440 2096 482 2124 vel
497 2097 530 2124 ad
551 2097 699 2131 perniciem
725 2098 905 2133 impellamur.
934 2099 1033 2128 Deﬁnit

248 2145 339 2169 autem
352 2142 544 2178 cogitationes,
565 2143 665 2178 quibus
684 2144 799 2178 quodvis
815 2149 956 2180 peccatum
968 2153 1034 2174 con-

248 2191 412 2216 summatur.
425 2188 572 2225 Distinguit
585 2190 648 2218 item
668 2191 812 2226 passiones
826 2195 936 2220 nostras
951 2213 958 2226 ,
983 2193 1033 2220 do-

247 2240 313 2261 cens
330 2241 455 2269 quenam
470 2235 576 2267 animae,
592 2244 717 2271 quaenam
742 2236 866 2271 corporis
882 2237 947 2264 sint.
977 2237 1032 2264 Ex-

247 2279 311 2306 inde
326 2286 391 2306 vero
409 2279 530 2308 declarat
544 2282 636 2309 varios
660 2281 707 2309 Dei
734 2281 911 2317 providentia:
924 2283 1031 2311 modos.

247 2323 317 2352 Hinc
330 2324 364 2352 de
376 2325 461 2353 libero
473 2326 592 2354 hominis
606 2327 720 2355 arbitrio
734 2327 856 2360 disserit,
871 2328 959 2364 deque
983 2337 1032 2356 no-

246 2373 305 2396 stro
324 2370 351 2397 in
371 2370 453 2398 rebus
473 2371 586 2406 agendis
612 2372 709 2400 abusu.
730 2372 898 2408 Compendio
923 2374 1032 2402 exhibet

245 2416 326 2444 ﬁdem
358 2417 386 2444 in
418 2423 540 2445 sanctam
571 2422 597 2446 et
619 2419 724 2447 beatam
751 2419 922 2449 Trinitatem.
949 2421 1032 2449 Docet

244 2461 311 2496 quid
324 2462 359 2490 de
375 2461 482 2490 Domini
499 2464 686 2492 incarnatione
696 2485 704 2498 ,
725 2465 759 2493 de
772 2466 930 2494 discrimine
945 2467 1030 2494 virtu-
1044 2479 1065 2508 ο

243 2513 313 2540 tum.
327 2509 361 2537 de
374 2509 539 2539 discretione
561 2515 666 2539 natura!
689 2519 778 2540 rerum
801 2513 966 2541 credendum
983 2514 1028 2541 sit.

243 2554 306 2582 Uno
324 2556 418 2589 verbo,
434 2561 476 2584 est
489 2565 539 2585 ceu
552 2557 747 2593 compendiosa
766 2559 887 2594 cognitio
902 2564 1028 2587 nostrum

244 2610 377 2637 Ipsorum,
393 2610 444 2631 nec
458 2612 513 2631 non
528 2610 632 2632 nalurae
645 2610 746 2633 nostra:
757 2609 838 2641 atque
859 2606 930 2634 ﬁdei.
951 2606 1029 2640 Quod

243 2649 407 2683 opusculum
417 2649 481 2677 dum
493 2650 681 2683 circumferes,
695 2654 777 2685 atque
795 2655 922 2679 accurate
939 2652 1011 2687 leges
1021 2671 1028 2683 ,

242 2703 275 2722 ex
286 2703 374 2731 eoque
385 2696 529 2725 utilitatem
545 2698 696 2733 percipies,
716 2705 771 2725 non
786 2698 958 2731 obliviscere,
977 2698 1030 2726 hoc

243 2740 312 2769 bene
326 2741 401 2773 novi,
416 2741 476 2776 ejus
495 2743 542 2778 qui
564 2743 674 2779 propria
691 2751 775 2772 manu
792 2744 948 2779 descripsit,
964 2744 1028 2772 tibi-

243 2794 296 2821 que
308 2787 418 2815 obtulit.

290 2865 316 2900 a)
332 2864 415 2893 Forte
429 2866 482 2901 leg.
498 2867 528 2894 οὐ
541 2869 753 2904 καταφρόνητον.
774 2868 853 2897 Eoir.
872 2868 990 2897 Parnm.

1088 1182 1194 1218 φύσεως
1221 1181 1290 1217 μετὰ
1314 1182 1364 1217 τῆς
1378 1181 1432 1208 τῶν
1447 1181 1583 1209 τακτικῶν
1603 1181 1752 1217 ἐμπειρίας
1773 1189 1811 1208 τε,
1829 1181 1872 1208 καὶ

1089 1228 1241 1264 μαθήσεως,
1261 1227 1302 1253 ἔτι
1323 1227 1351 1254 δὲ
1375 1227 1422 1254 καὶ
1444 1227 1494 1263 τῆς
1509 1226 1563 1253 τῶν
1582 1226 1727 1253 πολιτικῶν
1746 1226 1871 1262 πραγμά-

1086 1283 1140 1300 των
1155 1272 1285 1309 ἀκριϐοῦς
1303 1272 1479 1308 μεταλήψεως
1492 1293 1499 1304 ,
1522 1272 1582 1299 οὐδὲ
1595 1272 1628 1299 τὰ
1645 1272 1699 1298 τῶν
1715 1272 1811 1307 ἱερέων
1829 1271 1869 1297 λό-

1087 1328 1133 1354 για
1148 1318 1322 1354 ὰμελετήτως
1342 1317 1519 1354 παρεώρασαι
1531 1337 1538 1350 ,
1558 1317 1614 1344 ἀλλ’
1627 1317 1667 1343 ἔτι
1687 1317 1814 1343 τοσοῦτόν
1834 1324 1872 1341 σοι

1088 1365 1134 1392 καὶ
1152 1364 1238 1391 ταῦτα
1255 1364 1466 1399 πεφιλοπόνηται
1478 1384 1485 1395 ,
1506 1363 1575 1389 ὥστε
1595 1362 1626 1389 τὸ
1646 1363 1727 1397 σῶμα
1746 1362 1872 1392 πολλάκις

1088 1411 1183 1441 σιτίοις
1200 1410 1307 1445 τρέφων
1320 1429 1327 1441 ,
1346 1409 1407 1436 οὐδὲ
1422 1410 1471 1444 τὴν
1492 1409 1580 1444 ψυχὴν
1594 1410 1757 1443 ἀποστερεῖς
1778 1407 1826 1442 τῆς
1841 1407 1870 1432 ὲκ

1086 1455 1139 1481 τῶν
1163 1455 1249 1488 λόγων
1273 1455 1413 1486 σιτίσεως·
1439 1454 1495 1482 ἀλλ’
1510 1455 1547 1486 ὡς
1570 1454 1622 1480 ἀνά.
1640 1462 1692 1480 τινι
1712 1453 1778 1488 Θείῳ
1795 1452 1869 1479 ἅλατι

1085 1502 1142 1532 τοῖς
1165 1500 1218 1527 τῶν
1247 1500 1376 1535 Πατέρων
1394 1500 1603 1535 ἀποφθέγμασι,
1621 1499 1667 1526 καὶ
1686 1500 1745 1531 ταῖς
1761 1499 1871 1533 ἐπιτρα-

1087 1546 1190 1578 πεζίοις
1202 1546 1369 1582 παραρτὺεις
1383 1546 1501 1581 ὁμιλίαις
1514 1553 1521 1560 '
1544 1545 1598 1572 ἰδοὺ
1614 1545 1660 1571 καὶ
1673 1545 1756 1576 αὐτὸς
1765 1564 1772 1575 ,
1789 1543 1870 1580 μικρά

1085 1602 1145 1620 τινα
1160 1593 1304 1628 συνοψίσας
1322 1592 1376 1618 τῶν
1397 1593 1540 1628 χρησίμων
1560 1592 1607 1618 καὶ
1632 1591 1798 1623 λυσιτελῶν,
1826 1589 1869 1616 καὶ

1086 1639 1276 1674 ἀναγινώσκων
1294 1639 1381 1665 πάντα
1401 1639 1449 1673 μὲν
1462 1637 1634 1674 Χριστιανὸν,
1656 1637 1738 1664 πλέον
1759 1636 1787 1663 δὲ
1809 1636 1867 1665 τοὺς

1084 1685 1143 1711 ὅσοι
1159 1685 1205 1711 καὶ
1225 1684 1284 1719 βίῳ,
1308 1685 1354 1710 καὶ
1368 1683 1449 1718 λόγῳ,
1465 1683 1511 1710 καὶ
1526 1683 1658 1718 εὐγενείᾳ,
1676 1683 1725 1709 καὶ
1737 1681 1865 1717 ἀξιώματι

1085 1730 1336 1766 ὑπερανεστήκασιν
1365 1728 1444 1764 ὕψει,
1472 1727 1528 1756 οἶόν
1567 1738 1593 1755 τι
1631 1729 1717 1765 δῶρον
1744 1728 1865 1761 αὐτοσχε-

1085 1775 1180 1807 διάσας
1193 1775 1269 1811 ἀνδρὶ
1285 1775 1418 1810 φιλολόγῳ
1434 1775 1480 1802 καὶ
1494 1775 1610 1810 φιλοθέῳ
1625 1774 1744 1809 μάλιστα
1757 1773 1863 1808 πρέπον,

1085 1819 1108 1849 ὦ
1124 1822 1207 1856 φίλων
1233 1821 1337 1856 ἄριστε,
1365 1820 1395 1846 τὸ
1419 1821 1505 1856 παρόν
1529 1828 1568 1847 σοι
1595 1820 1782 1855 προσενήνοχα
1810 1815 1864 1844 σύν-

1085 1876 1187 1903 ταγμα,
1201 1869 1233 1894 ὲκ
1251 1867 1385 1903 διαφόρων
1413 1866 1462 1901 μὲν
1486 1866 1613 1901 Πατέρων
1634 1866 1681 1892 καὶ
1701 1862 1863 1901 ἀκροατικῶν

1084 1914 1169 1949 λόγων
1178 1914 1352 1946 ἀπανθισῦὲν,
1363 1913 1413 1939 οὐκ
1423 1912 1645 1948 ἀκαταφρόνητον
1654 1911 1691 1946 (a)
1703 1911 1732 1938 δὲ
1743 1911 1790 1946 τὴν
1799 1908 1863 1944 γνῶ-

1086 1968 1127 1986 σιν
1145 1961 1202 1991 τοῖς
1228 1959 1365 1994 μετιοῦσιν
1388 1958 1534 1994 ἐμποιοῦν⁸
1563 1958 1706 1992 διάγνωσιν
1731 1957 1785 1992 γὰρ
1802 1953 1863 1990 ὁμοῦ

1084 2006 1131 2033 καὶ
1145 2006 1275 2041 διαίρεσιν
1289 2005 1335 2031 τοῦ
1349 2003 1495 2040 τριμεροῦς
1508 2004 1558 2039 τῆς
1577 2004 1605 2030 ὲν
1624 2004 1689 2039 ἡμῖν
1703 2003 1760 2038 ἔχει
1772 2001 1862 2036 ψυχῆς,

1085 2051 1176 2081 καθὼς
1190 2052 1289 2083 πάντες
1304 2050 1453 2086 κινούμεθα
1473 2050 1626 2085 ἄνθρωποι,
1650 2050 1698 2076 καὶ
1723 2049 1780 2080 πῶς
1801 2046 1863 2082 πρὸς

1085 2097 1222 2132 σωτηρίαν
1237 2097 1254 2132 ἢ
1272 2096 1409 2123 ἀπώλειαν
1427 2095 1627 2131 συνωθούμεθα.
1650 2094 1751 2131 Ὁρίζει
1765 2094 1792 2120 δὲ
1806 2091 1863 2121 τοὺς

1083 2142 1246 2178 λογισμοὺς,
1269 2141 1303 2168 δι’
1317 2138 1354 2168 ὦν
1375 2142 1450 2168 πᾶσα
1468 2141 1590 2176 ἁμαρτία
1613 2141 1740 2167 τελεῖται.
1767 2137 1864 2172 Διαιρεῖ

1083 2188 1112 2214 δὲ
1128 2188 1174 2214 καὶ
1189 2188 1224 2214 τὰ
1238 2188 1267 2214 ὲν
1280 2188 1345 2223 ἡμῖν
1372 2187 1444 2223 πάθη
1457 2207 1464 2218 ,
1479 2188 1539 2214 τίνα
1558 2187 1607 2222 μὲν
1625 2187 1744 2222 ψυχικὰ,
1765 2185 1821 2211 τινα
1835 2182 1860 2208 δὲ

1083 2234 1130 2261 τοῦ
1145 2234 1279 2269 σώματος.
1306 2233 1418 2268 Ἐφεξῆς
1439 2234 1468 2260 δὲ
1493 2234 1540 2260 καὶ
1560 2234 1622 2265 τοὺς
1644 2234 1760 2270 τρόπους
1778 2229 1861 2257 ὑποτί-

1084 2281 1158 2308 θεται
1173 2281 1221 2316 τῆς
1234 2280 1280 2306 τοῦ
1294 2279 1361 2306 Θεοῦ
1379 2279 1514 2316 προνοίας.
1540 2277 1606 2306 Εἶτα
1619 2280 1666 2306 καὶ
1682 2279 1745 2315 περὶ
1757 2277 1804 2311 τῆς
1817 2272 1859 2301 τοῦ

1083 2327 1226 2363 ἀνθρώπου
1255 2326 1492 2362 αὑτεξουσιὸτητος
1519 2325 1715 2360 διαλαμϐάνει,
1742 2324 1787 2350 καὶ
1814 2320 1858 2353 τῆς

1083 2373 1160 2409 ἡμῶν
1179 2374 1208 2400 ἐν
1224 2374 1279 2405 τοῖς
1293 2374 1436 2409 πράγμασι
1458 2373 1668 2409 παραχρήσεως.
1687 2368 1820 2404 Συνοψίζει
1833 2365 1858 2391 δὲ

1083 2421 1130 2447 καὶ
1142 2419 1191 2456 τὴν
1205 2422 1234 2447 ὲν
1250 2421 1282 2456 τῇ
1298 2420 1363 2456 ἁγίᾳ
1378 2420 1424 2447 καὶ
1442 2419 1562 2455 μακαρίᾳ
1575 2418 1669 2454 Τριάδι
1690 2418 1788 2444 πίστιν.
1804 2412 1857 2439 Ἔτι

1082 2466 1111 2493 δὲ
1123 2467 1170 2493 καὶ
1188 2467 1262 2498 ὅπως
1275 2467 1315 2493 δεῖ
1327 2466 1463 2493 πιστεύειν
1479 2465 1543 2501 περὶ
1555 2465 1605 2500 τῆς
1621 2464 1668 2491 τοῦ
1681 2463 1777 2499 Κυρίου
1789 2461 1857 2486 ὲνανν

1081 2512 1259 2548 θρωπήσεως,
1282 2512 1346 2548 περὶ
1365 2512 1496 2547 διαφορᾶς
1520 2520 1550 2537 τε
1571 2511 1685 2546 ἀρετῆς,
1702 2510 1746 2537 καὶ
1763 2502 1856 2539 διακρί·

1083 2567 1152 2591 σεως
1175 2558 1225 2594 τῆς
1251 2558 1305 2585 τῶν
1327 2558 1498 2594 πραγμάτων
1519 2558 1640 2584 διδάσκει
1665 2556 1778 2592 φύσεως.
1808 2549 1854 2577 Καὶ

1081 2605 1150 2636 ὅλως
1175 2604 1303 2640 ὲπίτομὸς
1320 2604 1362 2635 τίς
1378 2605 1435 2630 ἐστι
1450 2603 1549 2638 γνῶσις
1566 2603 1646 2639 ἡμῶν
1666 2611 1695 2629 τε
1709 2601 1754 2628 καὶ
1764 2595 1853 2625 αὐτῶν,

1082 2651 1129 2678 καὶ
1152 2650 1202 2686 τῆς
1224 2649 1278 2676 τῶν
1304 2649 1364 2676 καθ’
1386 2650 1460 2684 ἡμᾶς
1486 2648 1592 2684 φύσεώς
1614 2657 1643 2675 τε
1669 2648 1715 2675 καὶ
1736 2645 1852 2672 πίστεως·

1085 2697 1117 2724 ’0
1132 2696 1164 2732 δὴ
1184 2695 1231 2722 καὶ
1247 2696 1401 2731 περιφέρων
1425 2696 1465 2728 εἰς
1485 2697 1596 2732 χεῖρας,
1613 2688 1813 2729 ἐπιμελέστεράν
1828 2692 1854 2732 ἴε

1083 2731 1198 2778 μετιὼν,
1220 2741 1267 2768 καὶ
1280 2741 1330 2776 τὴν
1345 2740 1467 2768 ἐντεῦθεν
1483 2741 1672 2777 καρπούμενος
1693 2739 1796 2773 ὅνησινι
1810 2731 1854 2759 οὒκ

1081 2787 1299 2824 ἀμνημονήσεις,
1323 2784 1354 2813 εὖ
1372 2784 1420 2813 οἷδ’
1443 2788 1495 2821 ὅτι,
1511 2786 1558 2814 τοῦ
1581 2784 1736 2820 αὐτοχειρίᾳ
1756 2779 1800 2808 καὶ
1811 2784 1853 2811 γε·

1081 2834 1226 2870 γραφὸτος,
1244 2833 1290 2860 καὶ
1303 2833 1459 2866 δεδωκότος.
