  <div class='ocr_page' id='page_1' title='image "/cluster/home/n/w/nwhite01/storage/ocr_20150623/28/njp.32101007506148/716.png"; bbox 0 0 1926 3068; ppageno 0'>
   <div class='ocr_carea' id='block_1_1' title="bbox 84 196 156 224">
    <p class='ocr_par' dir='ltr' id='par_1_1' title="bbox 84 196 156 224">
     <span class='ocr_line' id='line_1_1' title="bbox 84 196 156 224; baseline -0.028 0"><span class='ocrx_word' id='word_1_1' title='bbox 84 196 156 224; x_wconf 72' lang='lat'><strong>1597</strong></span> 
     </span>
    </p>
   </div>
   <div class='ocr_carea' id='block_1_2' title="bbox 173 255 788 291">
    <p class='ocr_par' dir='ltr' id='par_1_2' title="bbox 173 255 788 291">
     <span class='ocr_line' id='line_1_2' title="bbox 173 255 788 291; baseline 0.003 -9"><span class='ocrx_word' id='word_1_2' title='bbox 173 255 336 290; x_wconf 73' lang='grc' dir='ltr'>Διάγνωσις</span> <span class='ocrx_word' id='word_1_3' title='bbox 355 256 408 282; x_wconf 81' lang='grc' dir='ltr'><strong>τοῦ</strong></span> <span class='ocrx_word' id='word_1_4' title='bbox 427 256 579 291; x_wconf 62' lang='grc' dir='ltr'>τριμεροῦς</span> <span class='ocrx_word' id='word_1_5' title='bbox 599 256 654 290; x_wconf 75' lang='grc' dir='ltr'>τῆς</span> <span class='ocrx_word' id='word_1_6' title='bbox 673 256 788 291; x_wconf 74' lang='grc' dir='ltr'><strong>ψυχῆς.</strong></span> 
     </span>
    </p>
   </div>
   <div class='ocr_carea' id='block_1_3' title="bbox 120 301 874 338">
    <p class='ocr_par' dir='ltr' id='par_1_3' title="bbox 120 301 874 338">
     <span class='ocr_line' id='line_1_3' title="bbox 120 301 874 338; baseline 0.003 -11"><span class='ocrx_word' id='word_1_7' title='bbox 120 301 183 328; x_wconf 84' lang='grc' dir='ltr'><strong>Ὅτι</strong></span> <span class='ocrx_word' id='word_1_8' title='bbox 199 302 272 328; x_wconf 77' lang='grc' dir='ltr'>πᾶσα</span> <span class='ocrx_word' id='word_1_9' title='bbox 285 301 357 337; x_wconf 72' lang='grc' dir='ltr'>ψυχὴ</span> <span class='ocrx_word' id='word_1_10' title='bbox 373 302 467 337; x_wconf 78' lang='grc' dir='ltr'>λογικὴ</span> <span class='ocrx_word' id='word_1_11' title='bbox 485 302 547 338; x_wconf 85' lang='grc' dir='ltr'>τρία</span> <span class='ocrx_word' id='word_1_12' title='bbox 566 303 634 338; x_wconf 78' lang='grc' dir='ltr'>μέρη</span> <span class='ocrx_word' id='word_1_13' title='bbox 648 302 786 338; x_wconf 74' lang='grc' dir='ltr'>κέκτηται·</span> <span class='ocrx_word' id='word_1_14' title='bbox 800 303 874 337; x_wconf 87' lang='grc' dir='ltr'>λογι-</span> 
     </span>
    </p>
   </div>
   <div class='ocr_carea' id='block_1_4' title="bbox 83 347 874 386">
    <p class='ocr_par' dir='ltr' id='par_1_4' title="bbox 83 347 874 386">
     <span class='ocr_line' id='line_1_4' title="bbox 83 347 874 386; baseline 0.004 -12"><span class='ocrx_word' id='word_1_15' title='bbox 83 347 164 383; x_wconf 78' lang='grc' dir='ltr'>σμὸν,</span> <span class='ocrx_word' id='word_1_16' title='bbox 182 347 276 382; x_wconf 72' lang='grc' dir='ltr'>θυμὸν,</span> <span class='ocrx_word' id='word_1_17' title='bbox 293 348 340 374; x_wconf 73' lang='grc' dir='ltr'>καὶ</span> <span class='ocrx_word' id='word_1_18' title='bbox 356 348 514 384; x_wconf 70' lang='grc' dir='ltr'>ἐπιθυμίαν.</span> <span class='ocrx_word' id='word_1_19' title='bbox 537 349 599 376; x_wconf 75' lang='grc' dir='ltr'><strong>Ἐάν</strong></span> <span class='ocrx_word' id='word_1_20' title='bbox 612 350 685 376; x_wconf 78' lang='grc' dir='ltr'>ἐστιν</span> <span class='ocrx_word' id='word_1_21' title='bbox 700 350 728 376; x_wconf 83' lang='grc' dir='ltr'>ὲν</span> <span class='ocrx_word' id='word_1_22' title='bbox 742 350 780 385; x_wconf 81' lang='grc' dir='ltr'>τῷ</span> <span class='ocrx_word' id='word_1_23' title='bbox 795 350 874 386; x_wconf 80' lang='grc' dir='ltr'>θυμῷ</span> 
     </span>
    </p>
   </div>
   <div class='ocr_carea' id='block_1_5' title="bbox 81 393 877 433">
    <p class='ocr_par' dir='ltr' id='par_1_5' title="bbox 81 393 877 433">
     <span class='ocr_line' id='line_1_5' title="bbox 81 393 877 433; baseline 0.005 -14"><span class='ocrx_word' id='word_1_24' title='bbox 81 393 178 429; x_wconf 74' lang='grc' dir='ltr'>ἀγάπη</span> <span class='ocrx_word' id='word_1_25' title='bbox 190 394 237 420; x_wconf 79' lang='grc' dir='ltr'>καὶ</span> <span class='ocrx_word' id='word_1_26' title='bbox 249 393 448 429; x_wconf 77' lang='grc' dir='ltr'>φιλανθρωπία,</span> <span class='ocrx_word' id='word_1_27' title='bbox 463 395 509 422; x_wconf 78' lang='grc' dir='ltr'>καὶ</span> <span class='ocrx_word' id='word_1_28' title='bbox 522 396 550 421; x_wconf 84' lang='grc' dir='ltr'>ὲν</span> <span class='ocrx_word' id='word_1_29' title='bbox 564 397 596 431; x_wconf 83' lang='grc' dir='ltr'>τῇ</span> <span class='ocrx_word' id='word_1_30' title='bbox 613 395 744 431; x_wconf 77' lang='grc' dir='ltr'>ἐπιθυμίᾳ</span> <span class='ocrx_word' id='word_1_31' title='bbox 761 397 877 433; x_wconf 77' lang='grc' dir='ltr'>καθαρό-</span> 
     </span>
    </p>
   </div>
   <div class='ocr_carea' id='block_1_6' title="bbox 81 439 874 478">
    <p class='ocr_par' dir='ltr' id='par_1_6' title="bbox 81 439 874 478">
     <span class='ocr_line' id='line_1_6' title="bbox 81 439 874 478; baseline 0.008 -14"><span class='ocrx_word' id='word_1_32' title='bbox 81 447 134 474; x_wconf 86' lang='grc' dir='ltr'><strong>της</strong></span> <span class='ocrx_word' id='word_1_33' title='bbox 153 439 199 466; x_wconf 73' lang='grc' dir='ltr'><strong>καὶ</strong></span> <span class='ocrx_word' id='word_1_34' title='bbox 221 439 391 475; x_wconf 72' lang='grc' dir='ltr'><strong>σωφροσύνη,</strong></span> <span class='ocrx_word' id='word_1_35' title='bbox 409 441 423 466; x_wconf 87' lang='lat'><strong>6</strong></span> <span class='ocrx_word' id='word_1_36' title='bbox 441 441 570 476; x_wconf 83' lang='grc' dir='ltr'>λογισμός</span> <span class='ocrx_word' id='word_1_37' title='bbox 589 442 646 468; x_wconf 79' lang='grc' dir='ltr'>ἐστι</span> <span class='ocrx_word' id='word_1_38' title='bbox 662 443 874 478; x_wconf 79' lang='grc' dir='ltr'>πεφωτισμένος·</span> 
     </span>
    </p>
   </div>
   <div class='ocr_carea' id='block_1_7' title="bbox 81 485 877 525">
    <p class='ocr_par' dir='ltr' id='par_1_7' title="bbox 81 485 877 525">
     <span class='ocr_line' id='line_1_7' title="bbox 81 485 877 525; baseline 0.006 -14"><span class='ocrx_word' id='word_1_39' title='bbox 81 485 132 512; x_wconf 74' lang='grc' dir='ltr'><strong>ἐὰν</strong></span> <span class='ocrx_word' id='word_1_40' title='bbox 145 485 173 512; x_wconf 83' lang='grc' dir='ltr'>δέ</span> <span class='ocrx_word' id='word_1_41' title='bbox 186 487 259 512; x_wconf 76' lang='grc' dir='ltr'>ἐστιν</span> <span class='ocrx_word' id='word_1_42' title='bbox 273 487 302 512; x_wconf 85' lang='grc' dir='ltr'>ἐν</span> <span class='ocrx_word' id='word_1_43' title='bbox 314 486 352 521; x_wconf 80' lang='grc' dir='ltr'>τῷ</span> <span class='ocrx_word' id='word_1_44' title='bbox 364 487 442 522; x_wconf 83' lang='grc' dir='ltr'>θυμῷ</span> <span class='ocrx_word' id='word_1_45' title='bbox 459 487 659 523; x_wconf 80' lang='grc' dir='ltr'><strong>μισανθρωπία,</strong></span> <span class='ocrx_word' id='word_1_46' title='bbox 674 488 719 515; x_wconf 77' lang='grc' dir='ltr'>καὶ</span> <span class='ocrx_word' id='word_1_47' title='bbox 730 490 758 515; x_wconf 76' lang='grc' dir='ltr'>ἐν</span> <span class='ocrx_word' id='word_1_48' title='bbox 773 491 805 525; x_wconf 84' lang='grc' dir='ltr'>τῇ</span> <span class='ocrx_word' id='word_1_49' title='bbox 819 491 877 516; x_wconf 79' lang='grc' dir='ltr'>ἐπι-</span> 
     </span>
    </p>
   </div>
   <div class='ocr_carea' id='block_1_8' title="bbox 81 531 877 571">
    <p class='ocr_par' dir='ltr' id='par_1_8' title="bbox 81 531 877 571">
     <span class='ocr_line' id='line_1_8' title="bbox 81 531 877 571; baseline 0.006 -14"><span class='ocrx_word' id='word_1_50' title='bbox 81 531 168 567; x_wconf 72' lang='grc' dir='ltr'>θυμίᾳ</span> <span class='ocrx_word' id='word_1_51' title='bbox 179 532 320 564; x_wconf 72' lang='grc' dir='ltr'>ἀκολασία,</span> <span class='ocrx_word' id='word_1_52' title='bbox 332 533 345 559; x_wconf 87' lang='lat'><strong>6</strong></span> <span class='ocrx_word' id='word_1_53' title='bbox 355 532 483 568; x_wconf 82' lang='grc' dir='ltr'>λογισμός</span> <span class='ocrx_word' id='word_1_54' title='bbox 495 534 567 560; x_wconf 74' lang='grc' dir='ltr'>ἐστιν</span> <span class='ocrx_word' id='word_1_55' title='bbox 578 535 778 569; x_wconf 83' lang='grc' dir='ltr'>ὲσκοτισμὲνος.</span> <span class='ocrx_word' id='word_1_56' title='bbox 789 536 816 562; x_wconf 91' lang='grc'><strong>’0</strong></span> <span class='ocrx_word' id='word_1_57' title='bbox 828 536 877 571; x_wconf 86' lang='grc' dir='ltr'>μὲν</span> 
     </span>
    </p>
   </div>
   <div class='ocr_carea' id='block_1_9' title="bbox 80 577 876 617">
    <p class='ocr_par' dir='ltr' id='par_1_9' title="bbox 80 577 876 617">
     <span class='ocr_line' id='line_1_9' title="bbox 80 577 876 617; baseline 0.005 -13"><span class='ocrx_word' id='word_1_58' title='bbox 80 577 129 605; x_wconf 75' lang='grc' dir='ltr'><strong>οὖν</strong></span> <span class='ocrx_word' id='word_1_59' title='bbox 141 578 268 613; x_wconf 73' lang='grc' dir='ltr'>λογισμὸς</span> <span class='ocrx_word' id='word_1_60' title='bbox 279 579 338 605; x_wconf 80' lang='grc' dir='ltr'>τότε</span> <span class='ocrx_word' id='word_1_61' title='bbox 349 579 475 613; x_wconf 73' lang='grc' dir='ltr'>ὑγιαίνει,</span> <span class='ocrx_word' id='word_1_62' title='bbox 487 580 532 606; x_wconf 82' lang='grc' dir='ltr'>καὶ</span> <span class='ocrx_word' id='word_1_63' title='bbox 540 581 682 616; x_wconf 74' lang='grc' dir='ltr'>σωφρονεῖ,</span> <span class='ocrx_word' id='word_1_64' title='bbox 691 581 753 607; x_wconf 79' lang='grc' dir='ltr'>ὅταν</span> <span class='ocrx_word' id='word_1_65' title='bbox 762 582 795 608; x_wconf 74' lang='grc' dir='ltr'><strong>τὰ</strong></span> <span class='ocrx_word' id='word_1_66' title='bbox 805 581 876 617; x_wconf 82' lang='grc' dir='ltr'>πάθη</span> 
     </span>
    </p>
   </div>
   <div class='ocr_carea' id='block_1_10' title="bbox 82 622 877 661">
    <p class='ocr_par' dir='ltr' id='par_1_10' title="bbox 82 622 877 661">
     <span class='ocr_line' id='line_1_10' title="bbox 82 622 877 661; baseline 0.006 -13"><span class='ocrx_word' id='word_1_67' title='bbox 82 622 133 658; x_wconf 77' lang='grc' dir='ltr'><strong>ἔχῃ</strong></span> <span class='ocrx_word' id='word_1_68' title='bbox 149 623 365 658; x_wconf 76' lang='grc' dir='ltr'>ὑποτεταγμένα,</span> <span class='ocrx_word' id='word_1_69' title='bbox 387 624 433 650; x_wconf 75' lang='grc' dir='ltr'>καὶ</span> <span class='ocrx_word' id='word_1_70' title='bbox 449 624 512 656; x_wconf 79' lang='grc' dir='ltr'>τοὺς</span> <span class='ocrx_word' id='word_1_71' title='bbox 532 624 628 658; x_wconf 83' lang='grc' dir='ltr'><strong>λόγους</strong></span> <span class='ocrx_word' id='word_1_72' title='bbox 647 625 701 653; x_wconf 84' lang='grc' dir='ltr'>τῶν</span> <span class='ocrx_word' id='word_1_73' title='bbox 720 627 877 661; x_wconf 79' lang='grc' dir='ltr'><strong>κτισμάτων</strong></span> 
     </span>
    </p>
   </div>
   <div class='ocr_carea' id='block_1_11' title="bbox 80 668 878 708">
    <p class='ocr_par' dir='ltr' id='par_1_11' title="bbox 80 668 878 708">
     <span class='ocr_line' id='line_1_11' title="bbox 80 668 878 708; baseline 0.008 -14"><span class='ocrx_word' id='word_1_74' title='bbox 80 669 130 695; x_wconf 77' lang='grc' dir='ltr'><strong>τοῦ</strong></span> <span class='ocrx_word' id='word_1_75' title='bbox 149 668 217 695; x_wconf 79' lang='grc' dir='ltr'>Θεοῦ</span> <span class='ocrx_word' id='word_1_76' title='bbox 238 670 429 704; x_wconf 84' lang='grc' dir='ltr'>πνευματικῶς</span> <span class='ocrx_word' id='word_1_77' title='bbox 446 670 551 706; x_wconf 80' lang='grc' dir='ltr'><strong>θεωρῇ,</strong></span> <span class='ocrx_word' id='word_1_78' title='bbox 574 671 620 697; x_wconf 74' lang='grc' dir='ltr'><strong>καὶ</strong></span> <span class='ocrx_word' id='word_1_79' title='bbox 641 671 709 707; x_wconf 67' lang='grc' dir='ltr'>πρὸς</span> <span class='ocrx_word' id='word_1_80' title='bbox 728 672 777 708; x_wconf 88' lang='grc' dir='ltr'>τὴν</span> <span class='ocrx_word' id='word_1_81' title='bbox 798 673 878 708; x_wconf 82' lang='grc' dir='ltr'>ἁγίαν</span> 
     </span>
    </p>
   </div>
   <div class='ocr_carea' id='block_1_12' title="bbox 81 714 877 751">
    <p class='ocr_par' dir='ltr' id='par_1_12' title="bbox 81 714 877 751">
     <span class='ocr_line' id='line_1_12' title="bbox 81 714 877 751; baseline 0.006 -11"><span class='ocrx_word' id='word_1_82' title='bbox 81 714 129 740; x_wconf 83' lang='grc' dir='ltr'>καὶ</span> <span class='ocrx_word' id='word_1_83' title='bbox 143 714 280 750; x_wconf 84' lang='grc' dir='ltr'><strong>μακαρίαν</strong></span> <span class='ocrx_word' id='word_1_84' title='bbox 291 715 394 751; x_wconf 86' lang='grc' dir='ltr'>Τριάδα</span> <span class='ocrx_word' id='word_1_85' title='bbox 405 715 496 751; x_wconf 79' lang='grc' dir='ltr'>διάγῃ.</span> <span class='ocrx_word' id='word_1_86' title='bbox 518 716 546 743; x_wconf 88' lang='lat'><strong>&#39;0</strong></span> <span class='ocrx_word' id='word_1_87' title='bbox 563 716 591 743; x_wconf 84' lang='grc' dir='ltr'>δὲ</span> <span class='ocrx_word' id='word_1_88' title='bbox 607 717 688 744; x_wconf 89' lang='grc' dir='ltr'>πάλιν</span> <span class='ocrx_word' id='word_1_89' title='bbox 695 718 754 744; x_wconf 85' lang='grc' dir='ltr'>τότε</span> <span class='ocrx_word' id='word_1_90' title='bbox 764 720 877 745; x_wconf 85' lang='grc' dir='ltr'>κινεῖται</span> 
     </span>
    </p>
   </div>
   <div class='ocr_carea' id='block_1_13' title="bbox 81 760 878 802">
    <p class='ocr_par' dir='ltr' id='par_1_13' title="bbox 81 760 878 802">
     <span class='ocr_line' id='line_1_13' title="bbox 81 760 878 802; baseline 0.008 -16"><span class='ocrx_word' id='word_1_91' title='bbox 81 761 152 786; x_wconf 80' lang='grc' dir='ltr'>κατὰ</span> <span class='ocrx_word' id='word_1_92' title='bbox 165 760 255 795; x_wconf 78' lang='grc' dir='ltr'>φύσιν,</span> <span class='ocrx_word' id='word_1_93' title='bbox 274 762 338 788; x_wconf 79' lang='grc' dir='ltr'>ὅταν</span> <span class='ocrx_word' id='word_1_94' title='bbox 351 762 453 794; x_wconf 78' lang='grc' dir='ltr'>πάντας</span> <span class='ocrx_word' id='word_1_95' title='bbox 464 762 624 798; x_wconf 80' lang='grc' dir='ltr'>ἀνθρώπους</span> <span class='ocrx_word' id='word_1_96' title='bbox 635 764 738 800; x_wconf 83' lang='grc' dir='ltr'><strong>ἀγαπᾷ,</strong></span> <span class='ocrx_word' id='word_1_97' title='bbox 751 765 797 791; x_wconf 77' lang='grc' dir='ltr'>καὶ</span> <span class='ocrx_word' id='word_1_98' title='bbox 810 765 878 802; x_wconf 74' lang='grc' dir='ltr'>πρὸς</span> 
     </span>
    </p>
   </div>
   <div class='ocr_carea' id='block_1_14' title="bbox 81 806 877 846">
    <p class='ocr_par' dir='ltr' id='par_1_14' title="bbox 81 806 877 846">
     <span class='ocr_line' id='line_1_14' title="bbox 81 806 877 846; baseline 0.008 -14"><span class='ocrx_word' id='word_1_99' title='bbox 81 806 180 834; x_wconf 72' lang='grc' dir='ltr'>οὐδένα</span> <span class='ocrx_word' id='word_1_100' title='bbox 194 807 283 835; x_wconf 79' lang='grc' dir='ltr'>αὐτῶν</span> <span class='ocrx_word' id='word_1_101' title='bbox 300 807 388 844; x_wconf 75' lang='grc' dir='ltr'>λύπην</span> <span class='ocrx_word' id='word_1_102' title='bbox 401 809 418 844; x_wconf 85' lang='grc' dir='ltr'>ἢ</span> <span class='ocrx_word' id='word_1_103' title='bbox 437 809 621 844; x_wconf 78' lang='grc' dir='ltr'><strong>μνησικακίαν</strong></span> <span class='ocrx_word' id='word_1_104' title='bbox 634 811 778 846; x_wconf 78' lang='grc' dir='ltr'>κέκτηται.</span> <span class='ocrx_word' id='word_1_105' title='bbox 803 812 834 838; x_wconf 81' lang='grc' dir='ltr'><strong>Ἡ</strong></span> <span class='ocrx_word' id='word_1_106' title='bbox 849 812 877 838; x_wconf 82' lang='grc' dir='ltr'>δὲ</span> 
     </span>
    </p>
   </div>
   <div class='ocr_carea' id='block_1_15' title="bbox 81 853 876 893">
    <p class='ocr_par' dir='ltr' id='par_1_15' title="bbox 81 853 876 893">
     <span class='ocr_line' id='line_1_15' title="bbox 81 853 876 893; baseline 0.006 -14"><span class='ocrx_word' id='word_1_107' title='bbox 81 853 162 880; x_wconf 76' lang='grc' dir='ltr'>ἐπιθυ</span> <span class='ocrx_word' id='word_1_108' title='bbox 167 853 227 889; x_wconf 84' lang='grc' dir='ltr'>μία,</span> <span class='ocrx_word' id='word_1_109' title='bbox 238 854 302 881; x_wconf 84' lang='grc' dir='ltr'>ὅταν</span> <span class='ocrx_word' id='word_1_110' title='bbox 313 855 365 881; x_wconf 83' lang='grc' dir='ltr'><strong>ὑπὸ</strong></span> <span class='ocrx_word' id='word_1_111' title='bbox 376 856 548 891; x_wconf 77' lang='grc' dir='ltr'><strong>ἐγκρατείας,</strong></span> <span class='ocrx_word' id='word_1_112' title='bbox 559 857 605 883; x_wconf 73' lang='grc' dir='ltr'>καὶ</span> <span class='ocrx_word' id='word_1_113' title='bbox 616 858 876 893; x_wconf 79' lang='grc' dir='ltr'><strong>ταπεινοφροσύνης,</strong></span> 
     </span>
    </p>
   </div>
   <div class='ocr_carea' id='block_1_16' title="bbox 81 899 872 941">
    <p class='ocr_par' dir='ltr' id='par_1_16' title="bbox 81 899 872 941">
     <span class='ocr_line' id='line_1_16' title="bbox 81 899 872 941; baseline 0.006 -16"><span class='ocrx_word' id='word_1_114' title='bbox 81 899 130 926; x_wconf 75' lang='grc' dir='ltr'>καὶ</span> <span class='ocrx_word' id='word_1_115' title='bbox 145 900 338 936; x_wconf 75' lang='grc' dir='ltr'>ἁκτημοσύνης</span> <span class='ocrx_word' id='word_1_116' title='bbox 353 901 478 937; x_wconf 83' lang='grc' dir='ltr'>νεκρώσῃ</span> <span class='ocrx_word' id='word_1_117' title='bbox 493 901 526 928; x_wconf 85' lang='grc' dir='ltr'><strong>τὰ</strong></span> <span class='ocrx_word' id='word_1_118' title='bbox 543 902 627 938; x_wconf 83' lang='grc' dir='ltr'>πάθη,</span> <span class='ocrx_word' id='word_1_119' title='bbox 645 903 780 937; x_wconf 78' lang='grc' dir='ltr'>τουτέστι,</span> <span class='ocrx_word' id='word_1_120' title='bbox 807 903 872 941; x_wconf 84' lang='grc' dir='ltr'>μὴῇ</span> 
     </span>
    </p>
   </div>
   <div class='ocr_carea' id='block_1_17' title="bbox 80 935 910 986">
    <p class='ocr_par' dir='ltr' id='par_1_17' title="bbox 80 935 910 986">
     <span class='ocr_line' id='line_1_17' title="bbox 80 935 910 986; baseline 0.007 -16"><span class='ocrx_word' id='word_1_121' title='bbox 80 944 163 980; x_wconf 74' lang='grc' dir='ltr'>δούλη</span> <span class='ocrx_word' id='word_1_122' title='bbox 180 946 280 981; x_wconf 69' lang='grc' dir='ltr'>σαρκὸς</span> <span class='ocrx_word' id='word_1_123' title='bbox 296 935 505 982; x_wconf 73' lang='grc' dir='ltr'>ἐσχημάτισται,</span> <span class='ocrx_word' id='word_1_124' title='bbox 527 948 574 975; x_wconf 84' lang='grc' dir='ltr'>καὶ</span> <span class='ocrx_word' id='word_1_125' title='bbox 589 935 668 985; x_wconf 67' lang='grc' dir='ltr'>δδξης</span> <span class='ocrx_word' id='word_1_126' title='bbox 683 935 874 986; x_wconf 61' lang='grc' dir='ltr'>παρεχομένης</span> <span class='ocrx_word' id='word_1_127' title='bbox 892 935 910 963; x_wconf 72' lang='grc' dir='ltr'>Β</span> 
     </span>
    </p>
   </div>
   <div class='ocr_carea' id='block_1_18' title="bbox 81 990 875 1032">
    <p class='ocr_par' dir='ltr' id='par_1_18' title="bbox 81 990 875 1032">
     <span class='ocr_line' id='line_1_18' title="bbox 81 990 875 1032; baseline 0.009 -16"><span class='ocrx_word' id='word_1_128' title='bbox 81 990 187 1024; x_wconf 73' lang='grc' dir='ltr'>ἔφεσιν,</span> <span class='ocrx_word' id='word_1_129' title='bbox 204 991 251 1018; x_wconf 76' lang='grc' dir='ltr'>καὶ</span> <span class='ocrx_word' id='word_1_130' title='bbox 266 994 357 1028; x_wconf 85' lang='grc' dir='ltr'>τραπῇ</span> <span class='ocrx_word' id='word_1_131' title='bbox 372 993 439 1029; x_wconf 82' lang='grc' dir='ltr'>πρὸς</span> <span class='ocrx_word' id='word_1_132' title='bbox 453 993 499 1020; x_wconf 77' lang='grc' dir='ltr'><strong>τὸν</strong></span> <span class='ocrx_word' id='word_1_133' title='bbox 517 993 587 1021; x_wconf 89' lang='grc' dir='ltr'>θεῖον</span> <span class='ocrx_word' id='word_1_134' title='bbox 601 995 648 1022; x_wconf 80' lang='grc' dir='ltr'><strong>καὶ</strong></span> <span class='ocrx_word' id='word_1_135' title='bbox 662 995 796 1023; x_wconf 84' lang='grc' dir='ltr'>ἀθάνατον</span> <span class='ocrx_word' id='word_1_136' title='bbox 807 996 875 1032; x_wconf 82' lang='grc' dir='ltr'>ἔρω-</span> 
     </span>
    </p>
   </div>
   <div class='ocr_carea' id='block_1_19' title="bbox 80 1038 872 1077">
    <p class='ocr_par' dir='ltr' id='par_1_19' title="bbox 80 1038 872 1077">
     <span class='ocr_line' id='line_1_19' title="bbox 80 1038 872 1077; baseline 0.006 -14"><span class='ocrx_word' id='word_1_137' title='bbox 80 1045 127 1064; x_wconf 80' lang='grc' dir='ltr'>τα.</span> <span class='ocrx_word' id='word_1_138' title='bbox 145 1038 199 1064; x_wconf 78' lang='grc' dir='ltr'><strong>Καὶ</strong></span> <span class='ocrx_word' id='word_1_139' title='bbox 213 1038 268 1074; x_wconf 80' lang='grc' dir='ltr'><strong>γὰρ</strong></span> <span class='ocrx_word' id='word_1_140' title='bbox 281 1039 297 1074; x_wconf 84' lang='grc' dir='ltr'>ἡ</span> <span class='ocrx_word' id='word_1_141' title='bbox 315 1039 449 1075; x_wconf 76' lang='grc' dir='ltr'>ἐπιθυμία</span> <span class='ocrx_word' id='word_1_142' title='bbox 465 1040 533 1076; x_wconf 83' lang='grc' dir='ltr'>πρὸς</span> <span class='ocrx_word' id='word_1_143' title='bbox 549 1041 612 1076; x_wconf 90' lang='grc' dir='ltr'>τρία</span> <span class='ocrx_word' id='word_1_144' title='bbox 627 1041 677 1076; x_wconf 88' lang='grc' dir='ltr'>τὴν</span> <span class='ocrx_word' id='word_1_145' title='bbox 690 1041 796 1077; x_wconf 84' lang='grc' dir='ltr'>κίνησιν</span> <span class='ocrx_word' id='word_1_146' title='bbox 805 1041 872 1077; x_wconf 76' lang='grc' dir='ltr'>ἔχει,</span> 
     </span>
    </p>
   </div>
   <div class='ocr_carea' id='block_1_20' title="bbox 80 1082 874 1122">
    <p class='ocr_par' dir='ltr' id='par_1_20' title="bbox 80 1082 874 1122">
     <span class='ocr_line' id='line_1_20' title="bbox 80 1082 874 1122; baseline 0.008 -14"><span class='ocrx_word' id='word_1_147' title='bbox 80 1082 98 1118; x_wconf 85' lang='grc' dir='ltr'>ἢ</span> <span class='ocrx_word' id='word_1_148' title='bbox 117 1082 187 1118; x_wconf 75' lang='grc' dir='ltr'>πρὸς</span> <span class='ocrx_word' id='word_1_149' title='bbox 205 1083 300 1119; x_wconf 81' lang='grc' dir='ltr'>ἡδονὴν</span> <span class='ocrx_word' id='word_1_150' title='bbox 323 1084 433 1121; x_wconf 79' lang='grc' dir='ltr'>σαρκὸς,</span> <span class='ocrx_word' id='word_1_151' title='bbox 448 1084 464 1120; x_wconf 79' lang='grc' dir='ltr'><strong>ἢ</strong></span> <span class='ocrx_word' id='word_1_152' title='bbox 479 1085 547 1121; x_wconf 85' lang='grc' dir='ltr'>πρὸς</span> <span class='ocrx_word' id='word_1_153' title='bbox 565 1085 641 1118; x_wconf 79' lang='grc' dir='ltr'>δόξαν</span> <span class='ocrx_word' id='word_1_154' title='bbox 660 1087 750 1122; x_wconf 83' lang='grc' dir='ltr'>κενὴν,</span> <span class='ocrx_word' id='word_1_155' title='bbox 770 1087 786 1122; x_wconf 84' lang='grc' dir='ltr'>ἢ</span> <span class='ocrx_word' id='word_1_156' title='bbox 805 1087 874 1122; x_wconf 77' lang='grc' dir='ltr'>πρὸς</span> 
     </span>
    </p>
   </div>
   <div class='ocr_carea' id='block_1_21' title="bbox 81 1128 873 1168">
    <p class='ocr_par' dir='ltr' id='par_1_21' title="bbox 81 1128 873 1168">
     <span class='ocr_line' id='line_1_21' title="bbox 81 1128 873 1168; baseline 0.008 -14"><span class='ocrx_word' id='word_1_157' title='bbox 81 1128 192 1164; x_wconf 78' lang='grc' dir='ltr'>ἀπάτην</span> <span class='ocrx_word' id='word_1_158' title='bbox 213 1130 373 1165; x_wconf 63' lang='grc' dir='ltr'>χρημάτων</span> <span class='ocrx_word' id='word_1_159' title='bbox 394 1131 440 1157; x_wconf 80' lang='grc' dir='ltr'>καὶ</span> <span class='ocrx_word' id='word_1_160' title='bbox 461 1131 505 1158; x_wconf 80' lang='grc' dir='ltr'><strong>διὰ</strong></span> <span class='ocrx_word' id='word_1_161' title='bbox 528 1131 577 1166; x_wconf 85' lang='grc' dir='ltr'>τὴν</span> <span class='ocrx_word' id='word_1_162' title='bbox 602 1132 756 1168; x_wconf 83' lang='grc' dir='ltr'>παράλογον</span> <span class='ocrx_word' id='word_1_163' title='bbox 772 1132 873 1168; x_wconf 84' lang='grc' dir='ltr'>ταύτην</span> 
     </span>
    </p>
   </div>
   <div class='ocr_carea' id='block_1_22' title="bbox 81 1174 873 1214">
    <p class='ocr_par' dir='ltr' id='par_1_22' title="bbox 81 1174 873 1214">
     <span class='ocr_line' id='line_1_22' title="bbox 81 1174 873 1214; baseline 0.005 -13"><span class='ocrx_word' id='word_1_164' title='bbox 81 1174 175 1209; x_wconf 79' lang='grc' dir='ltr'>ἔφεσιν</span> <span class='ocrx_word' id='word_1_165' title='bbox 192 1178 357 1212; x_wconf 75' lang='grc' dir='ltr'>καταφρονεῖ</span> <span class='ocrx_word' id='word_1_166' title='bbox 367 1176 413 1203; x_wconf 90' lang='grc' dir='ltr'><strong>τοῦ</strong></span> <span class='ocrx_word' id='word_1_167' title='bbox 429 1176 508 1208; x_wconf 87' lang='grc' dir='ltr'>Θεοῦ,</span> <span class='ocrx_word' id='word_1_168' title='bbox 525 1178 572 1204; x_wconf 75' lang='grc' dir='ltr'>καὶ</span> <span class='ocrx_word' id='word_1_169' title='bbox 587 1177 641 1204; x_wconf 85' lang='grc' dir='ltr'><strong>τῶν</strong></span> <span class='ocrx_word' id='word_1_170' title='bbox 656 1178 745 1210; x_wconf 81' lang='grc' dir='ltr'>θείων,</span> <span class='ocrx_word' id='word_1_171' title='bbox 762 1178 808 1205; x_wconf 74' lang='grc' dir='ltr'><strong>καὶ</strong></span> <span class='ocrx_word' id='word_1_172' title='bbox 824 1179 873 1214; x_wconf 79' lang='grc' dir='ltr'>τῆς</span> 
     </span>
    </p>
   </div>
   <div class='ocr_carea' id='block_1_23' title="bbox 81 1221 873 1261">
    <p class='ocr_par' dir='ltr' id='par_1_23' title="bbox 81 1221 873 1261">
     <span class='ocr_line' id='line_1_23' title="bbox 81 1221 873 1261; baseline 0.006 -15"><span class='ocrx_word' id='word_1_173' title='bbox 81 1221 185 1252; x_wconf 74' lang='grc' dir='ltr'>οἰκείας</span> <span class='ocrx_word' id='word_1_174' title='bbox 204 1221 343 1256; x_wconf 80' lang='grc' dir='ltr'>εὐγενείας</span> <span class='ocrx_word' id='word_1_175' title='bbox 361 1222 578 1256; x_wconf 75' lang='grc' dir='ltr'>ἐπιλανθάνεται,</span> <span class='ocrx_word' id='word_1_176' title='bbox 598 1224 646 1250; x_wconf 83' lang='grc' dir='ltr'>καὶ</span> <span class='ocrx_word' id='word_1_177' title='bbox 662 1224 729 1259; x_wconf 82' lang='grc' dir='ltr'>πρὸς</span> <span class='ocrx_word' id='word_1_178' title='bbox 744 1224 789 1251; x_wconf 78' lang='grc' dir='ltr'><strong>τὸν</strong></span> <span class='ocrx_word' id='word_1_179' title='bbox 804 1225 873 1261; x_wconf 84' lang='grc' dir='ltr'>πλη-</span> 
     </span>
    </p>
   </div>
   <div class='ocr_carea' id='block_1_24' title="bbox 82 1267 871 1305">
    <p class='ocr_par' dir='ltr' id='par_1_24' title="bbox 82 1267 871 1305">
     <span class='ocr_line' id='line_1_24' title="bbox 82 1267 871 1305; baseline 0.005 -12"><span class='ocrx_word' id='word_1_180' title='bbox 82 1267 140 1294; x_wconf 82' lang='grc' dir='ltr'>σίον</span> <span class='ocrx_word' id='word_1_181' title='bbox 155 1268 341 1304; x_wconf 78' lang='grc' dir='ltr'>ἐκοηριοῦται,</span> <span class='ocrx_word' id='word_1_182' title='bbox 355 1270 403 1296; x_wconf 80' lang='grc' dir='ltr'>καὶ</span> <span class='ocrx_word' id='word_1_183' title='bbox 423 1269 467 1296; x_wconf 70' lang='grc' dir='ltr'>τὸν</span> <span class='ocrx_word' id='word_1_184' title='bbox 484 1269 612 1305; x_wconf 79' lang='grc' dir='ltr'>λογισμὸν</span> <span class='ocrx_word' id='word_1_185' title='bbox 629 1270 757 1302; x_wconf 79' lang='grc' dir='ltr'>σκοτίζει,</span> <span class='ocrx_word' id='word_1_186' title='bbox 778 1271 826 1297; x_wconf 61' lang='grc' dir='ltr'><strong>καὶ⁸</strong></span> <span class='ocrx_word' id='word_1_187' title='bbox 841 1271 871 1297; x_wconf 80' lang='grc' dir='ltr'>οὐ</span> 
     </span>
    </p>
   </div>
   <div class='ocr_carea' id='block_1_25' title="bbox 82 1313 872 1351">
    <p class='ocr_par' dir='ltr' id='par_1_25' title="bbox 82 1313 872 1351">
     <span class='ocr_line' id='line_1_25' title="bbox 82 1313 872 1351; baseline 0.004 -12"><span class='ocrx_word' id='word_1_188' title='bbox 82 1315 222 1349; x_wconf 82' lang='grc' dir='ltr'>συγχωρεῖ</span> <span class='ocrx_word' id='word_1_189' title='bbox 234 1314 383 1350; x_wconf 66' lang='grc' dir='ltr'>ἀναϐλέψαι</span> <span class='ocrx_word' id='word_1_190' title='bbox 404 1316 473 1351; x_wconf 82' lang='grc' dir='ltr'>πρὸς</span> <span class='ocrx_word' id='word_1_191' title='bbox 488 1315 536 1351; x_wconf 81' lang='grc' dir='ltr'>τὴν</span> <span class='ocrx_word' id='word_1_192' title='bbox 551 1315 689 1351; x_wconf 87' lang='grc' dir='ltr'>ἀλήθειαν.</span> <span class='ocrx_word' id='word_1_193' title='bbox 707 1313 757 1343; x_wconf 80' lang='grc' dir='ltr'>Ὧν</span> <span class='ocrx_word' id='word_1_194' title='bbox 773 1316 787 1342; x_wconf 96' lang='lat'><strong>6</strong></span> <span class='ocrx_word' id='word_1_195' title='bbox 803 1315 872 1343; x_wconf 82' lang='grc' dir='ltr'>ἀνώ-</span> 
     </span>
    </p>
   </div>
   <div class='ocr_carea' id='block_1_26' title="bbox 80 1360 873 1398">
    <p class='ocr_par' dir='ltr' id='par_1_26' title="bbox 80 1360 873 1398">
     <span class='ocr_line' id='line_1_26' title="bbox 80 1360 873 1398; baseline 0.005 -12"><span class='ocrx_word' id='word_1_196' title='bbox 80 1367 161 1396; x_wconf 71' lang='grc' dir='ltr'>τερον</span> <span class='ocrx_word' id='word_1_197' title='bbox 185 1360 354 1396; x_wconf 60' lang='grc' dir='ltr'>κτησάμεντς</span> <span class='ocrx_word' id='word_1_198' title='bbox 378 1362 505 1398; x_wconf 74' lang='grc' dir='ltr'>φρόνημα</span> <span class='ocrx_word' id='word_1_199' title='bbox 530 1363 577 1389; x_wconf 78' lang='grc' dir='ltr'><strong>ἀπ’</strong></span> <span class='ocrx_word' id='word_1_200' title='bbox 597 1363 721 1389; x_wconf 76' lang='grc' dir='ltr'>ἐντεῦθεν</span> <span class='ocrx_word' id='word_1_201' title='bbox 741 1363 873 1390; x_wconf 81' lang='grc' dir='ltr'>ἀπολαύει</span> 
     </span>
    </p>
   </div>
   <div class='ocr_carea' id='block_1_27' title="bbox 82 1404 871 1444">
    <p class='ocr_par' dir='ltr' id='par_1_27' title="bbox 82 1404 871 1444">
     <span class='ocr_line' id='line_1_27' title="bbox 82 1404 871 1444; baseline 0.006 -14"><span class='ocrx_word' id='word_1_202' title='bbox 82 1404 131 1440; x_wconf 84' lang='grc' dir='ltr'>τῆς</span> <span class='ocrx_word' id='word_1_203' title='bbox 145 1404 285 1440; x_wconf 77' lang='grc' dir='ltr'>βασιλείας</span> <span class='ocrx_word' id='word_1_204' title='bbox 304 1406 358 1433; x_wconf 85' lang='grc' dir='ltr'>τῶν</span> <span class='ocrx_word' id='word_1_205' title='bbox 376 1406 509 1442; x_wconf 81' lang='grc' dir='ltr'>οὐρανῶν,</span> <span class='ocrx_word' id='word_1_206' title='bbox 523 1407 571 1434; x_wconf 76' lang='grc' dir='ltr'>καὶ</span> <span class='ocrx_word' id='word_1_207' title='bbox 582 1406 614 1443; x_wconf 81' lang='grc' dir='ltr'><strong>ζῇ</strong></span> <span class='ocrx_word' id='word_1_208' title='bbox 633 1408 771 1444; x_wconf 82' lang='grc' dir='ltr'>μακαρίαν</span> <span class='ocrx_word' id='word_1_209' title='bbox 789 1407 871 1444; x_wconf 75' lang='grc' dir='ltr'>ζωὴν,</span> 
     </span>
    </p>
   </div>
   <div class='ocr_carea' id='block_1_28' title="bbox 83 1451 873 1490">
    <p class='ocr_par' dir='ltr' id='par_1_28' title="bbox 83 1451 873 1490">
     <span class='ocr_line' id='line_1_28' title="bbox 83 1451 873 1490; baseline 0.006 -13"><span class='ocrx_word' id='word_1_210' title='bbox 83 1451 241 1486; x_wconf 73' lang='grc' dir='ltr'>προσδοκῶν</span> <span class='ocrx_word' id='word_1_211' title='bbox 258 1451 307 1487; x_wconf 88' lang='grc' dir='ltr'>τὴν</span> <span class='ocrx_word' id='word_1_212' title='bbox 324 1452 509 1490; x_wconf 81' lang='grc' dir='ltr'>ἀποκειμένην</span> <span class='ocrx_word' id='word_1_213' title='bbox 528 1454 716 1490; x_wconf 81' lang='grc' dir='ltr'>μακαριότητα</span> <span class='ocrx_word' id='word_1_214' title='bbox 733 1456 790 1486; x_wconf 88' lang='grc' dir='ltr'>τοῖς</span> <span class='ocrx_word' id='word_1_215' title='bbox 805 1455 873 1490; x_wconf 83' lang='grc' dir='ltr'>ἀγα-</span> 
     </span>
    </p>
   </div>
   <div class='ocr_carea' id='block_1_29' title="bbox 83 1496 344 1534">
    <p class='ocr_par' dir='ltr' id='par_1_29' title="bbox 83 1496 344 1534">
     <span class='ocr_line' id='line_1_29' title="bbox 83 1496 344 1534; baseline 0.008 -10"><span class='ocrx_word' id='word_1_216' title='bbox 83 1497 155 1524; x_wconf 78' lang='grc' dir='ltr'>πῶσι</span> <span class='ocrx_word' id='word_1_217' title='bbox 171 1496 217 1524; x_wconf 70' lang='grc' dir='ltr'>-ιέιν</span> <span class='ocrx_word' id='word_1_218' title='bbox 232 1497 344 1534; x_wconf 79' lang='grc' dir='ltr'>Κύριον.</span> 
     </span>
    </p>
   </div>
   <div class='ocr_carea' id='block_1_30' title="bbox 117 1552 838 1606">
    <p class='ocr_par' dir='ltr' id='par_1_30' title="bbox 117 1552 838 1606">
     <span class='ocr_line' id='line_1_30' title="bbox 117 1552 838 1606; baseline 0.006 -28"><span class='ocrx_word' id='word_1_219' title='bbox 117 1552 265 1586; x_wconf 80' lang='grc' dir='ltr'>Διαίρεσις</span> <span class='ocrx_word' id='word_1_220' title='bbox 288 1553 337 1579; x_wconf 76' lang='grc' dir='ltr'>καὶ</span> <span class='ocrx_word' id='word_1_221' title='bbox 358 1552 562 1606; x_wconf 45' lang='grc' dir='ltr'>ἀποὲίαίρῖἱσις</span> <span class='ocrx_word' id='word_1_222' title='bbox 580 1555 765 1589; x_wconf 66' lang='grc' dir='ltr'>λεπτομερὴς</span> <span class='ocrx_word' id='word_1_223' title='bbox 783 1554 838 1589; x_wconf 78' lang='grc' dir='ltr'>τῆς</span> 
     </span>
    </p>
   </div>
   <div class='ocr_carea' id='block_1_31' title="bbox 416 1597 529 1623">
    <p class='ocr_par' dir='ltr' id='par_1_31' title="bbox 416 1597 529 1623">
     <span class='ocr_line' id='line_1_31' title="bbox 416 1597 529 1623; baseline 0.009 -9"><span class='ocrx_word' id='word_1_224' title='bbox 416 1597 529 1623; x_wconf 68' lang='grc' dir='ltr'><strong>Ψυχης.</strong></span> 
     </span>
    </p>
   </div>
   <div class='ocr_carea' id='block_1_32' title="bbox 124 1632 872 1672">
    <p class='ocr_par' dir='ltr' id='par_1_32' title="bbox 124 1632 872 1672">
     <span class='ocr_line' id='line_1_32' title="bbox 124 1632 872 1672; baseline 0.005 -13"><span class='ocrx_word' id='word_1_225' title='bbox 124 1632 156 1659; x_wconf 84' lang='grc' dir='ltr'><strong>Ἦ</strong></span> <span class='ocrx_word' id='word_1_226' title='bbox 175 1632 248 1669; x_wconf 75' lang='grc' dir='ltr'>ψυχὴ</span> <span class='ocrx_word' id='word_1_227' title='bbox 259 1633 403 1669; x_wconf 84' lang='grc' dir='ltr'>διαιρεῖται</span> <span class='ocrx_word' id='word_1_228' title='bbox 423 1635 463 1666; x_wconf 81' lang='grc' dir='ltr'><strong>εἰς</strong></span> <span class='ocrx_word' id='word_1_229' title='bbox 482 1635 513 1661; x_wconf 83' lang='grc' dir='ltr'>τὸ</span> <span class='ocrx_word' id='word_1_230' title='bbox 531 1634 694 1670; x_wconf 78' lang='grc' dir='ltr'>λογιστικὸν,</span> <span class='ocrx_word' id='word_1_231' title='bbox 712 1636 742 1662; x_wconf 83' lang='grc' dir='ltr'>τὸ</span> <span class='ocrx_word' id='word_1_232' title='bbox 759 1635 872 1672; x_wconf 69' lang='grc' dir='ltr'>θυμικὸν</span> 
     </span>
    </p>
   </div>
   <div class='ocr_carea' id='block_1_33' title="bbox 82 1679 874 1718">
    <p class='ocr_par' dir='ltr' id='par_1_33' title="bbox 82 1679 874 1718">
     <span class='ocr_line' id='line_1_33' title="bbox 82 1679 874 1718; baseline 0.005 -13"><span class='ocrx_word' id='word_1_233' title='bbox 82 1679 170 1706; x_wconf 79' lang='grc' dir='ltr'>καὶτὸ</span> <span class='ocrx_word' id='word_1_234' title='bbox 186 1679 394 1716; x_wconf 79' lang='grc' dir='ltr'>ἐπιθυμητικόν.</span> <span class='ocrx_word' id='word_1_235' title='bbox 409 1681 462 1708; x_wconf 88' lang='grc' dir='ltr'><strong>Τοῦ</strong></span> <span class='ocrx_word' id='word_1_236' title='bbox 477 1681 631 1716; x_wconf 81' lang='grc' dir='ltr'>λογιστικοῦ</span> <span class='ocrx_word' id='word_1_237' title='bbox 642 1681 676 1708; x_wconf 76' lang='grc' dir='ltr'><strong>τὰ</strong></span> <span class='ocrx_word' id='word_1_238' title='bbox 687 1682 874 1718; x_wconf 82' lang='grc' dir='ltr'>ἁμαρτήματά</span> 
     </span>
    </p>
   </div>
   <div class='ocr_carea' id='block_1_34' title="bbox 82 1726 874 1765">
    <p class='ocr_par' dir='ltr' id='par_1_34' title="bbox 82 1726 874 1765">
     <span class='ocr_line' id='line_1_34' title="bbox 82 1726 874 1765; baseline 0.005 -13"><span class='ocrx_word' id='word_1_239' title='bbox 82 1726 137 1753; x_wconf 78' lang='grc' dir='ltr'>εἰσι</span> <span class='ocrx_word' id='word_1_240' title='bbox 147 1726 244 1754; x_wconf 82' lang='grc' dir='ltr'>ταῦτα·</span> <span class='ocrx_word' id='word_1_241' title='bbox 259 1728 274 1763; x_wconf 80' lang='grc' dir='ltr'>ἡ</span> <span class='ocrx_word' id='word_1_242' title='bbox 290 1727 414 1760; x_wconf 77' lang='grc' dir='ltr'>ἀπιστία,</span> <span class='ocrx_word' id='word_1_243' title='bbox 426 1729 443 1763; x_wconf 82' lang='grc' dir='ltr'><strong>ἡ</strong></span> <span class='ocrx_word' id='word_1_244' title='bbox 455 1728 569 1764; x_wconf 82' lang='grc' dir='ltr'>αἴρεσις,</span> <span class='ocrx_word' id='word_1_245' title='bbox 581 1729 598 1764; x_wconf 82' lang='grc' dir='ltr'><strong>ή</strong></span> <span class='ocrx_word' id='word_1_246' title='bbox 610 1728 760 1765; x_wconf 71' lang='grc' dir='ltr'>ἀφροσύνη,</span> <span class='ocrx_word' id='word_1_247' title='bbox 775 1730 791 1765; x_wconf 84' lang='grc' dir='ltr'><strong>ἠ</strong></span> <span class='ocrx_word' id='word_1_248' title='bbox 803 1729 874 1756; x_wconf 81' lang='grc' dir='ltr'>ἀδια-</span> 
     </span>
    </p>
   </div>
   <div class='ocr_carea' id='block_1_35' title="bbox 82 1772 873 1810">
    <p class='ocr_par' dir='ltr' id='par_1_35' title="bbox 82 1772 873 1810">
     <span class='ocr_line' id='line_1_35' title="bbox 82 1772 873 1810; baseline 0.004 -12"><span class='ocrx_word' id='word_1_249' title='bbox 82 1772 187 1807; x_wconf 77' lang='grc' dir='ltr'>κρισία,</span> <span class='ocrx_word' id='word_1_250' title='bbox 207 1774 223 1809; x_wconf 84' lang='grc' dir='ltr'>ὴ</span> <span class='ocrx_word' id='word_1_251' title='bbox 241 1773 411 1810; x_wconf 80' lang='grc' dir='ltr'>βλασφημία,</span> <span class='ocrx_word' id='word_1_252' title='bbox 434 1775 461 1800; x_wconf 84' lang='grc' dir='ltr'>αἱ</span> <span class='ocrx_word' id='word_1_253' title='bbox 484 1774 696 1809; x_wconf 79' lang='grc' dir='ltr'>συγκαταθέσεις</span> <span class='ocrx_word' id='word_1_254' title='bbox 714 1775 768 1801; x_wconf 84' lang='grc' dir='ltr'><strong>τῶν</strong></span> <span class='ocrx_word' id='word_1_255' title='bbox 783 1775 873 1810; x_wconf 87' lang='grc' dir='ltr'>ἁμαρ-</span> 
     </span>
    </p>
   </div>
   <div class='ocr_carea' id='block_1_36' title="bbox 82 1818 874 1856">
    <p class='ocr_par' dir='ltr' id='par_1_36' title="bbox 82 1818 874 1856">
     <span class='ocr_line' id='line_1_36' title="bbox 82 1818 874 1856; baseline 0.003 -12"><span class='ocrx_word' id='word_1_256' title='bbox 82 1818 215 1852; x_wconf 89' lang='grc' dir='ltr'>τημάτων</span> <span class='ocrx_word' id='word_1_257' title='bbox 239 1818 292 1844; x_wconf 81' lang='grc' dir='ltr'><strong>τῶν</strong></span> <span class='ocrx_word' id='word_1_258' title='bbox 308 1821 341 1846; x_wconf 88' lang='grc' dir='ltr'>ἐκ</span> <span class='ocrx_word' id='word_1_259' title='bbox 359 1819 406 1846; x_wconf 85' lang='grc' dir='ltr'><strong>τοῦ</strong></span> <span class='ocrx_word' id='word_1_260' title='bbox 431 1819 581 1855; x_wconf 82' lang='grc' dir='ltr'>παθητικοῦ</span> <span class='ocrx_word' id='word_1_261' title='bbox 606 1820 713 1856; x_wconf 79' lang='grc' dir='ltr'>μέρους.</span> <span class='ocrx_word' id='word_1_262' title='bbox 741 1820 827 1852; x_wconf 88' lang='grc' dir='ltr'>Ἴασις</span> <span class='ocrx_word' id='word_1_263' title='bbox 845 1820 874 1848; x_wconf 83' lang='grc' dir='ltr'>δὲ</span> 
     </span>
    </p>
   </div>
   <div class='ocr_carea' id='block_1_37' title="bbox 82 1863 874 1901">
    <p class='ocr_par' dir='ltr' id='par_1_37' title="bbox 82 1863 874 1901">
     <span class='ocr_line' id='line_1_37' title="bbox 82 1863 874 1901; baseline 0.004 -12"><span class='ocrx_word' id='word_1_264' title='bbox 82 1863 185 1890; x_wconf 82' lang='grc' dir='ltr'>τούτων</span> <span class='ocrx_word' id='word_1_265' title='bbox 202 1864 248 1891; x_wconf 79' lang='grc' dir='ltr'><strong>καὶ</strong></span> <span class='ocrx_word' id='word_1_266' title='bbox 269 1864 402 1900; x_wconf 83' lang='grc' dir='ltr'>θεραπεία</span> <span class='ocrx_word' id='word_1_267' title='bbox 418 1866 434 1900; x_wconf 89' lang='grc' dir='ltr'>ἠ</span> <span class='ocrx_word' id='word_1_268' title='bbox 455 1865 615 1897; x_wconf 80' lang='grc' dir='ltr'>ἀδίστακτος</span> <span class='ocrx_word' id='word_1_269' title='bbox 638 1865 728 1898; x_wconf 84' lang='grc' dir='ltr'>πίστις</span> <span class='ocrx_word' id='word_1_270' title='bbox 747 1866 814 1901; x_wconf 83' lang='grc' dir='ltr'>πρὸς</span> <span class='ocrx_word' id='word_1_271' title='bbox 828 1865 874 1893; x_wconf 82' lang='grc' dir='ltr'>τὸν</span> 
     </span>
    </p>
   </div>
   <div class='ocr_carea' id='block_1_38' title="bbox 82 1908 874 1948">
    <p class='ocr_par' dir='ltr' id='par_1_38' title="bbox 82 1908 874 1948">
     <span class='ocr_line' id='line_1_38' title="bbox 82 1908 874 1948; baseline 0.006 -13"><span class='ocrx_word' id='word_1_272' title='bbox 82 1908 150 1936; x_wconf 82' lang='grc' dir='ltr'>θεὸν</span> <span class='ocrx_word' id='word_1_273' title='bbox 164 1910 210 1936; x_wconf 85' lang='grc' dir='ltr'><strong>καί</strong></span> <span class='ocrx_word' id='word_1_274' title='bbox 223 1909 258 1937; x_wconf 77' lang='grc' dir='ltr'><strong>τὰ</strong></span> <span class='ocrx_word' id='word_1_275' title='bbox 271 1910 385 1946; x_wconf 76' lang='grc' dir='ltr'>ἀληθινὰ</span> <span class='ocrx_word' id='word_1_276' title='bbox 395 1911 530 1947; x_wconf 75' lang='grc' dir='ltr'>δόγματα,</span> <span class='ocrx_word' id='word_1_277' title='bbox 547 1913 563 1947; x_wconf 82' lang='grc' dir='ltr'>ἡ</span> <span class='ocrx_word' id='word_1_278' title='bbox 580 1913 694 1948; x_wconf 79' lang='grc' dir='ltr'>συνεχὴς</span> <span class='ocrx_word' id='word_1_279' title='bbox 707 1913 806 1948; x_wconf 83' lang='grc' dir='ltr'>μελέτη</span> <span class='ocrx_word' id='word_1_280' title='bbox 820 1912 874 1941; x_wconf 84' lang='grc' dir='ltr'><strong>τῶν</strong></span> 
     </span>
    </p>
   </div>
   <div class='ocr_carea' id='block_1_39' title="bbox 83 1954 873 1994">
    <p class='ocr_par' dir='ltr' id='par_1_39' title="bbox 83 1954 873 1994">
     <span class='ocr_line' id='line_1_39' title="bbox 83 1954 873 1994; baseline 0.005 -14"><span class='ocrx_word' id='word_1_281' title='bbox 83 1954 181 1988; x_wconf 89' lang='grc' dir='ltr'>λογίων</span> <span class='ocrx_word' id='word_1_282' title='bbox 200 1955 248 1981; x_wconf 82' lang='grc' dir='ltr'><strong>τοῦ</strong></span> <span class='ocrx_word' id='word_1_283' title='bbox 267 1955 436 1991; x_wconf 85' lang='grc' dir='ltr'>Πνεύματος,</span> <span class='ocrx_word' id='word_1_284' title='bbox 462 1957 478 1992; x_wconf 84' lang='grc' dir='ltr'>ἡ</span> <span class='ocrx_word' id='word_1_285' title='bbox 501 1957 608 1992; x_wconf 83' lang='grc' dir='ltr'>καθαρὰ</span> <span class='ocrx_word' id='word_1_286' title='bbox 625 1958 774 1994; x_wconf 82' lang='grc' dir='ltr'>προσευχὴ,</span> <span class='ocrx_word' id='word_1_287' title='bbox 795 1958 843 1984; x_wconf 75' lang='grc' dir='ltr'>καὶ</span> <span class='ocrx_word' id='word_1_288' title='bbox 856 1959 873 1993; x_wconf 85' lang='grc' dir='ltr'>ὴ</span> 
     </span>
    </p>
   </div>
   <div class='ocr_carea' id='block_1_40' title="bbox 83 2000 875 2040">
    <p class='ocr_par' dir='ltr' id='par_1_40' title="bbox 83 2000 875 2040">
     <span class='ocr_line' id='line_1_40' title="bbox 83 2000 875 2040; baseline 0.005 -13"><span class='ocrx_word' id='word_1_289' title='bbox 83 2000 254 2033; x_wconf 79' lang='grc' dir='ltr'>ἀδιάλειπτος</span> <span class='ocrx_word' id='word_1_290' title='bbox 271 2001 339 2038; x_wconf 79' lang='grc' dir='ltr'>πρὸς</span> <span class='ocrx_word' id='word_1_291' title='bbox 359 2002 426 2029; x_wconf 81' lang='grc' dir='ltr'>Θεὸν</span> <span class='ocrx_word' id='word_1_292' title='bbox 445 2003 616 2039; x_wconf 84' lang='grc' dir='ltr'>εὐχαριστία.</span> <span class='ocrx_word' id='word_1_293' title='bbox 638 2003 691 2030; x_wconf 89' lang='grc' dir='ltr'><strong>Τοῦ</strong></span> <span class='ocrx_word' id='word_1_294' title='bbox 709 2003 825 2040; x_wconf 82' lang='grc' dir='ltr'>θυμικοῦ</span> <span class='ocrx_word' id='word_1_295' title='bbox 841 2004 875 2031; x_wconf 73' lang='grc' dir='ltr'>τὰ</span> 
     </span>
    </p>
   </div>
   <div class='ocr_carea' id='block_1_41' title="bbox 83 2046 874 2085">
    <p class='ocr_par' dir='ltr' id='par_1_41' title="bbox 83 2046 874 2085">
     <span class='ocr_line' id='line_1_41' title="bbox 83 2046 874 2085; baseline 0.005 -13"><span class='ocrx_word' id='word_1_296' title='bbox 83 2046 271 2082; x_wconf 84' lang='grc' dir='ltr'>ἁμαρτήματα</span> <span class='ocrx_word' id='word_1_297' title='bbox 287 2047 495 2084; x_wconf 84' lang='grc' dir='ltr'>ἡάσπλαγχνὶα,</span> <span class='ocrx_word' id='word_1_298' title='bbox 507 2048 537 2075; x_wconf 80' lang='grc' dir='ltr'>τὸ</span> <span class='ocrx_word' id='word_1_299' title='bbox 553 2050 641 2084; x_wconf 86' lang='grc' dir='ltr'>μῖσος,</span> <span class='ocrx_word' id='word_1_300' title='bbox 656 2049 686 2075; x_wconf 86' lang='grc' dir='ltr'><strong>τὺ</strong></span> <span class='ocrx_word' id='word_1_301' title='bbox 701 2049 874 2085; x_wconf 83' lang='grc' dir='ltr'>ἀσυμπαθὲς,</span> 
     </span>
    </p>
   </div>
   <div class='ocr_carea' id='block_1_42' title="bbox 83 2092 875 2132">
    <p class='ocr_par' dir='ltr' id='par_1_42' title="bbox 83 2092 875 2132">
     <span class='ocr_line' id='line_1_42' title="bbox 83 2092 875 2132; baseline 0.005 -14"><span class='ocrx_word' id='word_1_302' title='bbox 83 2092 114 2119; x_wconf 75' lang='grc' dir='ltr'>τὸ</span> <span class='ocrx_word' id='word_1_303' title='bbox 132 2092 309 2128; x_wconf 86' lang='grc' dir='ltr'>μνησίκακον,</span> <span class='ocrx_word' id='word_1_304' title='bbox 335 2094 349 2120; x_wconf 90' lang='lat'><strong>6</strong></span> <span class='ocrx_word' id='word_1_305' title='bbox 373 2094 479 2128; x_wconf 76' lang='grc' dir='ltr'>φθόνος,</span> <span class='ocrx_word' id='word_1_306' title='bbox 502 2096 516 2121; x_wconf 90' lang='lat'><strong>6</strong></span> <span class='ocrx_word' id='word_1_307' title='bbox 537 2095 627 2129; x_wconf 73' lang='grc' dir='ltr'>φόνος,</span> <span class='ocrx_word' id='word_1_308' title='bbox 653 2095 700 2121; x_wconf 78' lang='grc' dir='ltr'>καὶ</span> <span class='ocrx_word' id='word_1_309' title='bbox 724 2096 741 2130; x_wconf 82' lang='grc' dir='ltr'>ἡ</span> <span class='ocrx_word' id='word_1_310' title='bbox 761 2096 875 2132; x_wconf 83' lang='grc' dir='ltr'>συνεχὴς</span> 
     </span>
    </p>
   </div>
   <div class='ocr_carea' id='block_1_43' title="bbox 83 2136 875 2176">
    <p class='ocr_par' dir='ltr' id='par_1_43' title="bbox 83 2136 875 2176">
     <span class='ocr_line' id='line_1_43' title="bbox 83 2136 875 2176; baseline 0.001 -11"><span class='ocrx_word' id='word_1_311' title='bbox 83 2137 150 2172; x_wconf 71' lang='grc' dir='ltr'>περὶ</span> <span class='ocrx_word' id='word_1_312' title='bbox 165 2136 200 2164; x_wconf 87' lang='grc' dir='ltr'><strong>τὰ</strong></span> <span class='ocrx_word' id='word_1_313' title='bbox 213 2138 326 2165; x_wconf 84' lang='grc' dir='ltr'>τοιαῦτα</span> <span class='ocrx_word' id='word_1_314' title='bbox 343 2138 453 2174; x_wconf 83' lang='grc' dir='ltr'>μελέτη.</span> <span class='ocrx_word' id='word_1_315' title='bbox 467 2139 553 2171; x_wconf 86' lang='grc' dir='ltr'>Ἴασις</span> <span class='ocrx_word' id='word_1_316' title='bbox 566 2139 668 2166; x_wconf 87' lang='grc' dir='ltr'>τούτων</span> <span class='ocrx_word' id='word_1_317' title='bbox 683 2140 729 2166; x_wconf 80' lang='grc' dir='ltr'>καὶ</span> <span class='ocrx_word' id='word_1_318' title='bbox 745 2139 875 2176; x_wconf 84' lang='grc' dir='ltr'>θεραπεία</span> 
     </span>
    </p>
   </div>
   <div class='ocr_carea' id='block_1_44' title="bbox 83 2183 874 2222">
    <p class='ocr_par' dir='ltr' id='par_1_44' title="bbox 83 2183 874 2222">
     <span class='ocr_line' id='line_1_44' title="bbox 83 2183 874 2222; baseline 0.005 -13"><span class='ocrx_word' id='word_1_319' title='bbox 83 2184 101 2218; x_wconf 87' lang='grc' dir='ltr'><strong>ἡ</strong></span> <span class='ocrx_word' id='word_1_320' title='bbox 118 2183 316 2220; x_wconf 83' lang='grc' dir='ltr'>φιλανθρωπία,</span> <span class='ocrx_word' id='word_1_321' title='bbox 341 2185 358 2220; x_wconf 83' lang='grc' dir='ltr'>ἡ</span> <span class='ocrx_word' id='word_1_322' title='bbox 377 2185 483 2221; x_wconf 86' lang='grc' dir='ltr'>ἀγάπη,</span> <span class='ocrx_word' id='word_1_323' title='bbox 505 2185 707 2221; x_wconf 81' lang='grc' dir='ltr'>ἡφιλαδελφία,</span> <span class='ocrx_word' id='word_1_324' title='bbox 727 2187 743 2222; x_wconf 80' lang='grc' dir='ltr'>ἡ</span> <span class='ocrx_word' id='word_1_325' title='bbox 765 2187 874 2222; x_wconf 82' lang='grc' dir='ltr'>συμπά-</span> 
     </span>
    </p>
   </div>
   <div class='ocr_carea' id='block_1_45' title="bbox 84 2229 874 2268">
    <p class='ocr_par' dir='ltr' id='par_1_45' title="bbox 84 2229 874 2268">
     <span class='ocr_line' id='line_1_45' title="bbox 84 2229 874 2268; baseline 0.004 -12"><span class='ocrx_word' id='word_1_326' title='bbox 84 2229 155 2262; x_wconf 82' lang='grc' dir='ltr'>θεια,</span> <span class='ocrx_word' id='word_1_327' title='bbox 172 2231 188 2266; x_wconf 82' lang='grc' dir='ltr'>ἠ</span> <span class='ocrx_word' id='word_1_328' title='bbox 205 2230 376 2265; x_wconf 82' lang='grc' dir='ltr'>ἀνεξικακία,</span> <span class='ocrx_word' id='word_1_329' title='bbox 398 2232 414 2267; x_wconf 80' lang='grc' dir='ltr'>ἡ</span> <span class='ocrx_word' id='word_1_330' title='bbox 435 2232 596 2268; x_wconf 79' lang='grc' dir='ltr'>χρηστότης.</span> <span class='ocrx_word' id='word_1_331' title='bbox 615 2232 667 2259; x_wconf 90' lang='grc' dir='ltr'>Τοῦ</span> <span class='ocrx_word' id='word_1_332' title='bbox 676 2232 874 2268; x_wconf 75' lang='grc' dir='ltr'>ἐπιθυμητικοῦ</span> 
     </span>
    </p>
   </div>
   <div class='ocr_carea' id='block_1_46' title="bbox 83 2276 912 2316">
    <p class='ocr_par' dir='ltr' id='par_1_46' title="bbox 83 2276 912 2316">
     <span class='ocr_line' id='line_1_46' title="bbox 83 2276 912 2316; baseline 0.005 -14"><span class='ocrx_word' id='word_1_333' title='bbox 83 2276 120 2302; x_wconf 85' lang='grc' dir='ltr'><strong>τὰ</strong></span> <span class='ocrx_word' id='word_1_334' title='bbox 131 2277 317 2313; x_wconf 84' lang='grc' dir='ltr'>ἁμαρτήματα</span> <span class='ocrx_word' id='word_1_335' title='bbox 334 2279 351 2314; x_wconf 88' lang='grc' dir='ltr'>ὴ</span> <span class='ocrx_word' id='word_1_336' title='bbox 364 2279 568 2315; x_wconf 86' lang='grc' dir='ltr'>γαστριμαργία</span> <span class='ocrx_word' id='word_1_337' title='bbox 580 2299 587 2312; x_wconf 93' lang='grc'><strong>,</strong></span> <span class='ocrx_word' id='word_1_338' title='bbox 607 2280 624 2315; x_wconf 83' lang='grc' dir='ltr'>ὴ</span> <span class='ocrx_word' id='word_1_339' title='bbox 640 2279 764 2316; x_wconf 82' lang='grc' dir='ltr'>πορνεία,</span> <span class='ocrx_word' id='word_1_340' title='bbox 776 2281 792 2315; x_wconf 85' lang='grc' dir='ltr'>ἡ</span> <span class='ocrx_word' id='word_1_341' title='bbox 804 2280 874 2306; x_wconf 87' lang='grc' dir='ltr'>ἁκα-</span> <span class='ocrx_word' id='word_1_342' title='bbox 889 2277 912 2305; x_wconf 84' lang='lat' dir='ltr'><strong>D</strong></span> 
     </span>
    </p>
   </div>
   <div class='ocr_carea' id='block_1_47' title="bbox 85 2322 873 2361">
    <p class='ocr_par' dir='ltr' id='par_1_47' title="bbox 85 2322 873 2361">
     <span class='ocr_line' id='line_1_47' title="bbox 85 2322 873 2361; baseline 0.005 -13"><span class='ocrx_word' id='word_1_343' title='bbox 85 2322 194 2358; x_wconf 81' lang='grc' dir='ltr'>οιρσία,</span> <span class='ocrx_word' id='word_1_344' title='bbox 210 2324 226 2359; x_wconf 86' lang='grc' dir='ltr'>ὴ</span> <span class='ocrx_word' id='word_1_345' title='bbox 240 2323 403 2360; x_wconf 80' lang='grc' dir='ltr'>ἀσέλγεια,ή</span> <span class='ocrx_word' id='word_1_346' title='bbox 421 2325 656 2361; x_wconf 83' lang='grc' dir='ltr'>φιλοχρηματία,ή</span> <span class='ocrx_word' id='word_1_347' title='bbox 668 2325 718 2360; x_wconf 85' lang='grc' dir='ltr'>τῆς</span> <span class='ocrx_word' id='word_1_348' title='bbox 731 2325 808 2361; x_wconf 81' lang='grc' dir='ltr'>δόξης</span> <span class='ocrx_word' id='word_1_349' title='bbox 815 2326 873 2352; x_wconf 81' lang='grc' dir='ltr'>ὲπι-</span> 
     </span>
    </p>
   </div>
   <div class='ocr_carea' id='block_1_48' title="bbox 85 2367 874 2406">
    <p class='ocr_par' dir='ltr' id='par_1_48' title="bbox 85 2367 874 2406">
     <span class='ocr_line' id='line_1_48' title="bbox 85 2367 874 2406; baseline 0.003 -11"><span class='ocrx_word' id='word_1_350' title='bbox 85 2367 180 2403; x_wconf 86' lang='grc' dir='ltr'>Θυμία.</span> <span class='ocrx_word' id='word_1_351' title='bbox 197 2369 282 2400; x_wconf 82' lang='grc' dir='ltr'>Ἴασις</span> <span class='ocrx_word' id='word_1_352' title='bbox 304 2369 406 2396; x_wconf 79' lang='grc' dir='ltr'>τούτων</span> <span class='ocrx_word' id='word_1_353' title='bbox 427 2370 474 2396; x_wconf 74' lang='grc' dir='ltr'>καὶ</span> <span class='ocrx_word' id='word_1_354' title='bbox 494 2370 664 2406; x_wconf 81' lang='grc' dir='ltr'>θεραπεία,ή</span> <span class='ocrx_word' id='word_1_355' title='bbox 683 2370 840 2406; x_wconf 79' lang='grc' dir='ltr'>ἐγκράτεια,</span> <span class='ocrx_word' id='word_1_356' title='bbox 855 2371 874 2406; x_wconf 74' lang='grc' dir='ltr'><strong>ἡ</strong></span> 
     </span>
    </p>
   </div>
   <div class='ocr_carea' id='block_1_49' title="bbox 85 2414 874 2452">
    <p class='ocr_par' dir='ltr' id='par_1_49' title="bbox 85 2414 874 2452">
     <span class='ocr_line' id='line_1_49' title="bbox 85 2414 874 2452; baseline 0.003 -12"><span class='ocrx_word' id='word_1_357' title='bbox 85 2414 240 2450; x_wconf 83' lang='grc' dir='ltr'>νηστεία,ἡ</span> <span class='ocrx_word' id='word_1_358' title='bbox 261 2415 440 2448; x_wconf 76' lang='grc' dir='ltr'>κακοπάθεια,</span> <span class='ocrx_word' id='word_1_359' title='bbox 460 2416 476 2450; x_wconf 75' lang='grc' dir='ltr'>ἡ</span> <span class='ocrx_word' id='word_1_360' title='bbox 493 2415 680 2451; x_wconf 80' lang='grc' dir='ltr'>ἀκτημοσὺνη,</span> <span class='ocrx_word' id='word_1_361' title='bbox 703 2416 717 2442; x_wconf 94' lang='lat'><strong>6</strong></span> <span class='ocrx_word' id='word_1_362' title='bbox 738 2416 792 2442; x_wconf 84' lang='grc' dir='ltr'>τῶν</span> <span class='ocrx_word' id='word_1_363' title='bbox 810 2425 874 2452; x_wconf 87' lang='grc' dir='ltr'>χρη-</span> 
     </span>
    </p>
   </div>
   <div class='ocr_carea' id='block_1_50' title="bbox 86 2460 873 2497">
    <p class='ocr_par' dir='ltr' id='par_1_50' title="bbox 86 2460 873 2497">
     <span class='ocr_line' id='line_1_50' title="bbox 86 2460 873 2497; baseline 0.004 -11"><span class='ocrx_word' id='word_1_364' title='bbox 86 2460 180 2496; x_wconf 72' lang='grc' dir='ltr'>μάτων</span> <span class='ocrx_word' id='word_1_365' title='bbox 197 2460 264 2495; x_wconf 82' lang='grc' dir='ltr'>πρὸς</span> <span class='ocrx_word' id='word_1_366' title='bbox 283 2461 402 2496; x_wconf 79' lang='grc' dir='ltr'>πένητας</span> <span class='ocrx_word' id='word_1_367' title='bbox 419 2461 597 2497; x_wconf 74' lang='grc' dir='ltr'>σκορπισμὺς,</span> <span class='ocrx_word' id='word_1_368' title='bbox 620 2463 637 2497; x_wconf 85' lang='grc' dir='ltr'>ὴ</span> <span class='ocrx_word' id='word_1_369' title='bbox 656 2462 710 2489; x_wconf 79' lang='grc' dir='ltr'>τῶν</span> <span class='ocrx_word' id='word_1_370' title='bbox 732 2461 873 2489; x_wconf 79' lang='grc' dir='ltr'>ἀθανάτων</span> 
     </span>
    </p>
   </div>
   <div class='ocr_carea' id='block_1_51' title="bbox 85 2501 873 2542">
    <p class='ocr_par' dir='ltr' id='par_1_51' title="bbox 85 2501 873 2542">
     <span class='ocr_line' id='line_1_51' title="bbox 85 2501 873 2542; baseline 0.004 -11"><span class='ocrx_word' id='word_1_371' title='bbox 85 2505 198 2532; x_wconf 73' lang='grc' dir='ltr'>ἐκείνων</span> <span class='ocrx_word' id='word_1_372' title='bbox 210 2505 312 2540; x_wconf 76' lang='grc' dir='ltr'>ἔφεσις,</span> <span class='ocrx_word' id='word_1_373' title='bbox 327 2507 344 2541; x_wconf 84' lang='grc' dir='ltr'>ἡ</span> <span class='ocrx_word' id='word_1_374' title='bbox 355 2506 405 2541; x_wconf 81' lang='grc' dir='ltr'>τῆς</span> <span class='ocrx_word' id='word_1_375' title='bbox 419 2506 557 2542; x_wconf 76' lang='grc' dir='ltr'>βασιλείας</span> <span class='ocrx_word' id='word_1_376' title='bbox 568 2501 615 2533; x_wconf 77' lang='grc' dir='ltr'><strong>τοῦ</strong></span> <span class='ocrx_word' id='word_1_377' title='bbox 632 2506 699 2533; x_wconf 82' lang='grc' dir='ltr'>Θεοῦ</span> <span class='ocrx_word' id='word_1_378' title='bbox 714 2506 813 2542; x_wconf 75' lang='grc' dir='ltr'>ὄρεξις,</span> <span class='ocrx_word' id='word_1_379' title='bbox 826 2508 873 2534; x_wconf 78' lang='grc' dir='ltr'>καὶ</span> 
     </span>
    </p>
   </div>
   <div class='ocr_carea' id='block_1_52' title="bbox 84 2549 475 2587">
    <p class='ocr_par' dir='ltr' id='par_1_52' title="bbox 84 2549 475 2587">
     <span class='ocr_line' id='line_1_52' title="bbox 84 2549 475 2587; baseline 0.01 -12"><span class='ocrx_word' id='word_1_380' title='bbox 84 2550 103 2585; x_wconf 91' lang='grc' dir='ltr'><strong>ἡ</strong></span> <span class='ocrx_word' id='word_1_381' title='bbox 119 2550 168 2585; x_wconf 83' lang='grc' dir='ltr'>τῆς</span> <span class='ocrx_word' id='word_1_382' title='bbox 184 2549 318 2583; x_wconf 74' lang='grc' dir='ltr'>υἱοθεσίας</span> <span class='ocrx_word' id='word_1_383' title='bbox 334 2552 475 2587; x_wconf 77' lang='grc' dir='ltr'>ἐπιθυμία.</span> 
     </span>
    </p>
   </div>
   <div class='ocr_carea' id='block_1_53' title="bbox 83 2603 873 2668">
    <p class='ocr_par' dir='ltr' id='par_1_53' title="bbox 83 2603 873 2668">
     <span class='ocr_line' id='line_1_53' title="bbox 83 2603 873 2668; baseline 0.006 -38"><span class='ocrx_word' id='word_1_384' title='bbox 83 2603 248 2639; x_wconf 79' lang='grc' dir='ltr'>Διάτνωσις</span> <span class='ocrx_word' id='word_1_385' title='bbox 264 2604 324 2632; x_wconf 89' lang='grc' dir='ltr'><strong>τῶν</strong></span> <span class='ocrx_word' id='word_1_386' title='bbox 342 2606 506 2668; x_wconf 34' lang='lat' dir='ltr'><strong>lorica/Idm,</strong></span> <span class='ocrx_word' id='word_1_387' title='bbox 529 2607 566 2634; x_wconf 72' lang='grc' dir='ltr'><strong>δι’</strong></span> <span class='ocrx_word' id='word_1_388' title='bbox 587 2605 631 2634; x_wconf 81' lang='grc' dir='ltr'><strong>ὧν</strong></span> <span class='ocrx_word' id='word_1_389' title='bbox 647 2606 732 2635; x_wconf 81' lang='grc' dir='ltr'>πᾶσα</span> <span class='ocrx_word' id='word_1_390' title='bbox 746 2607 873 2642; x_wconf 76' lang='grc' dir='ltr'>ἁμαρτία</span> 
     </span>
     <span class='ocr_line' id='line_1_54' title="bbox 411 2650 547 2668; baseline 0 0"><span class='ocrx_word' id='word_1_391' title='bbox 411 2650 442 2668; x_wconf 82' lang='grc' dir='ltr'><strong>τε</strong></span> <span class='ocrx_word' id='word_1_392' title='bbox 464 2650 547 2668; x_wconf 82' lang='grc' dir='ltr'>ειται.</span> 
     </span>
    </p>
   </div>
   <div class='ocr_carea' id='block_1_54' title="bbox 411 2650 547 2669">
    <p class='ocr_par' dir='ltr' id='par_1_54' title="bbox 411 2650 547 2669">
     <span class='ocr_line' id='line_1_55' title="bbox 411 2650 547 2669; baseline 0.007 -1"><span class='ocrx_word' id='word_1_393' title='bbox 411 2650 547 2669; x_wconf 65' lang='grc' dir='ltr'>τεκειται.</span> 
     </span>
    </p>
   </div>
   <div class='ocr_carea' id='block_1_55' title="bbox 126 2683 872 2725">
    <p class='ocr_par' dir='ltr' id='par_1_55' title="bbox 126 2683 872 2725">
     <span class='ocr_line' id='line_1_56' title="bbox 126 2683 872 2725; baseline 0.003 -13"><span class='ocrx_word' id='word_1_394' title='bbox 126 2683 214 2712; x_wconf 86' lang='grc' dir='ltr'>Ὀκτώ</span> <span class='ocrx_word' id='word_1_395' title='bbox 225 2686 278 2713; x_wconf 82' lang='grc' dir='ltr'>εισι</span> <span class='ocrx_word' id='word_1_396' title='bbox 290 2687 391 2718; x_wconf 76' lang='grc' dir='ltr'>πάντες</span> <span class='ocrx_word' id='word_1_397' title='bbox 401 2689 425 2714; x_wconf 90' lang='grc' dir='ltr'>οἱ</span> <span class='ocrx_word' id='word_1_398' title='bbox 438 2688 606 2723; x_wconf 78' lang='grc' dir='ltr'>περιεκτικοὶ</span> <span class='ocrx_word' id='word_1_399' title='bbox 616 2688 753 2724; x_wconf 83' lang='grc' dir='ltr'>λογισμοί..</span> <span class='ocrx_word' id='word_1_400' title='bbox 762 2688 872 2725; x_wconf 83' lang='grc' dir='ltr'>Πρῶτος</span> 
     </span>
    </p>
   </div>
   <div class='ocr_carea' id='block_1_56' title="bbox 82 2732 872 2771">
    <p class='ocr_par' dir='ltr' id='par_1_56' title="bbox 82 2732 872 2771">
     <span class='ocr_line' id='line_1_57' title="bbox 82 2732 872 2771; baseline 0.004 -13"><span class='ocrx_word' id='word_1_401' title='bbox 82 2732 99 2759; x_wconf 91' lang='lat'><strong>6</strong></span> <span class='ocrx_word' id='word_1_402' title='bbox 114 2732 163 2767; x_wconf 82' lang='grc' dir='ltr'>τῆς</span> <span class='ocrx_word' id='word_1_403' title='bbox 179 2733 409 2769; x_wconf 80' lang='grc' dir='ltr'>γαστριμαργίας·</span> <span class='ocrx_word' id='word_1_404' title='bbox 427 2734 552 2770; x_wconf 84' lang='grc' dir='ltr'>δεύτερος</span> <span class='ocrx_word' id='word_1_405' title='bbox 569 2736 583 2761; x_wconf 85' lang='grc' dir='ltr'>ὁ</span> <span class='ocrx_word' id='word_1_406' title='bbox 599 2735 647 2770; x_wconf 82' lang='grc' dir='ltr'><strong>τῆς</strong></span> <span class='ocrx_word' id='word_1_407' title='bbox 660 2735 796 2770; x_wconf 76' lang='grc' dir='ltr'>πορνείαςι</span> <span class='ocrx_word' id='word_1_408' title='bbox 814 2735 872 2771; x_wconf 82' lang='grc' dir='ltr'>τρί-</span> 
     </span>
    </p>
   </div>
   <div class='ocr_carea' id='block_1_57' title="bbox 82 2778 870 2817">
    <p class='ocr_par' dir='ltr' id='par_1_57' title="bbox 82 2778 870 2817">
     <span class='ocr_line' id='line_1_58' title="bbox 82 2778 870 2817; baseline 0.004 -12"><span class='ocrx_word' id='word_1_409' title='bbox 82 2786 131 2810; x_wconf 77' lang='grc' dir='ltr'><strong>τος</strong></span> <span class='ocrx_word' id='word_1_410' title='bbox 145 2780 159 2805; x_wconf 89' lang='lat'><strong>6</strong></span> <span class='ocrx_word' id='word_1_411' title='bbox 175 2779 225 2814; x_wconf 83' lang='grc' dir='ltr'>τῆς</span> <span class='ocrx_word' id='word_1_412' title='bbox 242 2778 432 2816; x_wconf 85' lang='grc' dir='ltr'>φιλαργυρίας·</span> <span class='ocrx_word' id='word_1_413' title='bbox 448 2780 577 2816; x_wconf 81' lang='grc' dir='ltr'>τέταρτος</span> <span class='ocrx_word' id='word_1_414' title='bbox 593 2783 606 2808; x_wconf 87' lang='grc' dir='ltr'>ὁ</span> <span class='ocrx_word' id='word_1_415' title='bbox 622 2782 670 2816; x_wconf 82' lang='grc' dir='ltr'>τῆς</span> <span class='ocrx_word' id='word_1_416' title='bbox 689 2782 783 2817; x_wconf 81' lang='grc' dir='ltr'>ὀργῆς·</span> <span class='ocrx_word' id='word_1_417' title='bbox 801 2781 870 2817; x_wconf 81' lang='grc' dir='ltr'>πέμ-</span> 
     </span>
    </p>
   </div>
   <div class='ocr_carea' id='block_1_58' title="bbox 86 2824 873 2862">
    <p class='ocr_par' dir='ltr' id='par_1_58' title="bbox 86 2824 873 2862">
     <span class='ocr_line' id='line_1_59' title="bbox 86 2824 873 2862; baseline 0.005 -12"><span class='ocrx_word' id='word_1_418' title='bbox 86 2832 155 2859; x_wconf 86' lang='grc' dir='ltr'>πτος</span> <span class='ocrx_word' id='word_1_419' title='bbox 163 2824 176 2850; x_wconf 89' lang='lat'><strong>6</strong></span> <span class='ocrx_word' id='word_1_420' title='bbox 187 2824 236 2860; x_wconf 83' lang='grc' dir='ltr'>τῆς</span> <span class='ocrx_word' id='word_1_421' title='bbox 247 2824 346 2861; x_wconf 83' lang='grc' dir='ltr'>λύπης·</span> <span class='ocrx_word' id='word_1_422' title='bbox 359 2825 437 2857; x_wconf 70' lang='grc' dir='ltr'>ἕκτος</span> <span class='ocrx_word' id='word_1_423' title='bbox 450 2826 464 2852; x_wconf 92' lang='lat'><strong>6</strong></span> <span class='ocrx_word' id='word_1_424' title='bbox 475 2826 524 2862; x_wconf 83' lang='grc' dir='ltr'>τῆς</span> <span class='ocrx_word' id='word_1_425' title='bbox 538 2826 660 2862; x_wconf 84' lang='grc' dir='ltr'>ἀκηδίας·</span> <span class='ocrx_word' id='word_1_426' title='bbox 677 2827 788 2862; x_wconf 78' lang='grc' dir='ltr'>ἓὸδομος</span> <span class='ocrx_word' id='word_1_427' title='bbox 800 2828 815 2854; x_wconf 83' lang='lat'><strong>6</strong></span> <span class='ocrx_word' id='word_1_428' title='bbox 823 2828 873 2862; x_wconf 82' lang='grc' dir='ltr'>τῆς</span> 
     </span>
    </p>
   </div>
   <div class='ocr_carea' id='block_1_59' title="bbox 85 2863 871 2907">
    <p class='ocr_par' dir='ltr' id='par_1_59' title="bbox 85 2863 871 2907">
     <span class='ocr_line' id='line_1_60' title="bbox 85 2863 871 2907; baseline 0.006 -11"><span class='ocrx_word' id='word_1_429' title='bbox 85 2869 248 2902; x_wconf 73' lang='grc' dir='ltr'>κενοδοξίας·</span> <span class='ocrx_word' id='word_1_430' title='bbox 263 2869 357 2905; x_wconf 71' lang='grc' dir='ltr'>ὄγδοος</span> <span class='ocrx_word' id='word_1_431' title='bbox 370 2871 384 2897; x_wconf 87' lang='lat'><strong>6</strong></span> <span class='ocrx_word' id='word_1_432' title='bbox 398 2871 449 2906; x_wconf 84' lang='grc' dir='ltr'>τῆς</span> <span class='ocrx_word' id='word_1_433' title='bbox 463 2871 662 2907; x_wconf 80' lang='grc' dir='ltr'>ὑπερηφανίας,</span> <span class='ocrx_word' id='word_1_434' title='bbox 673 2863 791 2905; x_wconf 79' lang='grc' dir='ltr'>Τούτους</span> <span class='ocrx_word' id='word_1_435' title='bbox 803 2874 871 2901; x_wconf 73' lang='grc' dir='ltr'>πάνι</span> 
     </span>
    </p>
   </div>
   <div class='ocr_carea' id='block_1_60' title="bbox 85 2916 873 2955">
    <p class='ocr_par' dir='ltr' id='par_1_60' title="bbox 85 2916 873 2955">
     <span class='ocr_line' id='line_1_61' title="bbox 85 2916 873 2955; baseline 0.008 -13"><span class='ocrx_word' id='word_1_436' title='bbox 85 2924 135 2949; x_wconf 84' lang='grc' dir='ltr'><strong>τας</strong></span> <span class='ocrx_word' id='word_1_437' title='bbox 149 2916 211 2948; x_wconf 66' lang='grc' dir='ltr'>τοῦς</span> <span class='ocrx_word' id='word_1_438' title='bbox 221 2916 367 2953; x_wconf 76' lang='grc' dir='ltr'>λογισμοὺς</span> <span class='ocrx_word' id='word_1_439' title='bbox 377 2918 551 2953; x_wconf 77' lang='grc' dir='ltr'>παρενοχλεῖν</span> <span class='ocrx_word' id='word_1_440' title='bbox 561 2919 609 2953; x_wconf 78' lang='grc' dir='ltr'>μὲν</span> <span class='ocrx_word' id='word_1_441' title='bbox 623 2919 688 2954; x_wconf 77' lang='grc' dir='ltr'>ἡμῖν</span> <span class='ocrx_word' id='word_1_442' title='bbox 700 2920 715 2955; x_wconf 81' lang='grc' dir='ltr'><strong>ἢ</strong></span> <span class='ocrx_word' id='word_1_443' title='bbox 727 2919 765 2955; x_wconf 70' lang='grc' dir='ltr'>μὴ</span> <span class='ocrx_word' id='word_1_444' title='bbox 775 2929 873 2955; x_wconf 61' lang='grc' dir='ltr'>παρω-</span> 
     </span>
    </p>
   </div>
   <div class='ocr_carea' id='block_1_61' title="bbox 585 196 1246 230">
    <p class='ocr_par' dir='ltr' id='par_1_61' title="bbox 585 196 1246 230">
     <span class='ocr_line' id='line_1_62' title="bbox 585 196 1246 230; baseline 0.006 -7"><span class='ocrx_word' id='word_1_445' title='bbox 585 196 776 224; x_wconf 75' lang='lat' dir='ltr'><strong>SYNTAGMA</strong></span> <span class='ocrx_word' id='word_1_446' title='bbox 796 197 842 224; x_wconf 84' lang='lat' dir='ltr'><strong>AD</strong></span> <span class='ocrx_word' id='word_1_447' title='bbox 861 197 1033 230; x_wconf 73' lang='lat' dir='ltr'><strong>QUEMDAM</strong></span> <span class='ocrx_word' id='word_1_448' title='bbox 1051 198 1246 227; x_wconf 82' lang='lat' dir='ltr'><strong>POLlTlCUM.</strong></span> 
     </span>
    </p>
   </div>
   <div class='ocr_carea' id='block_1_62' title="bbox 1644 204 1709 233">
    <p class='ocr_par' dir='ltr' id='par_1_62' title="bbox 1644 204 1709 233">
     <span class='ocr_line' id='line_1_63' title="bbox 1644 204 1709 233; baseline 0.046 -3"><span class='ocrx_word' id='word_1_449' title='bbox 1644 204 1709 233; x_wconf 75' lang='grc'><strong>1598</strong></span> 
     </span>
    </p>
   </div>
   <div class='ocr_carea' id='block_1_63' title="bbox 1071 258 1569 296">
    <p class='ocr_par' dir='ltr' id='par_1_63' title="bbox 1071 258 1569 296">
     <span class='ocr_line' id='line_1_64' title="bbox 1071 258 1569 296; baseline 0.006 -10"><span class='ocrx_word' id='word_1_450' title='bbox 1071 258 1221 294; x_wconf 67' lang='lat' dir='ltr'><strong>Explicalio</strong></span> <span class='ocrx_word' id='word_1_451' title='bbox 1239 260 1349 295; x_wconf 72' lang='lat' dir='ltr'><strong>triplicis</strong></span> <span class='ocrx_word' id='word_1_452' title='bbox 1364 261 1460 288; x_wconf 73' lang='lat' dir='ltr'><strong>anima:</strong></span> <span class='ocrx_word' id='word_1_453' title='bbox 1474 262 1569 296; x_wconf 71' lang='lat' dir='ltr'><strong>partis.</strong></span> 
     </span>
    </p>
   </div>
   <div class='ocr_carea' id='block_1_64' title="bbox 963 305 1704 344">
    <p class='ocr_par' dir='ltr' id='par_1_64' title="bbox 963 305 1704 344">
     <span class='ocr_line' id='line_1_65' title="bbox 963 305 1704 344; baseline 0.005 -12"><span class='ocrx_word' id='word_1_454' title='bbox 963 305 1060 333; x_wconf 80' lang='lat' dir='ltr'><strong>Anima</strong></span> <span class='ocrx_word' id='word_1_455' title='bbox 1076 307 1165 334; x_wconf 91' lang='lat' dir='ltr'><strong>omnis</strong></span> <span class='ocrx_word' id='word_1_456' title='bbox 1186 307 1327 334; x_wconf 74' lang='lat' dir='ltr'><strong>rationalis</strong></span> <span class='ocrx_word' id='word_1_457' title='bbox 1348 311 1404 334; x_wconf 81' lang='lat' dir='ltr'><strong>tres</strong></span> <span class='ocrx_word' id='word_1_458' title='bbox 1421 307 1503 334; x_wconf 84' lang='lat' dir='ltr'><strong>habet</strong></span> <span class='ocrx_word' id='word_1_459' title='bbox 1518 312 1620 342; x_wconf 82' lang='lat' dir='ltr'><strong>partes,</strong></span> <span class='ocrx_word' id='word_1_460' title='bbox 1636 316 1704 344; x_wconf 77' lang='lat' dir='ltr'><strong>cogi-</strong></span> 
     </span>
    </p>
   </div>
   <div class='ocr_carea' id='block_1_65' title="bbox 927 351 1710 386">
    <p class='ocr_par' dir='ltr' id='par_1_65' title="bbox 927 351 1710 386">
     <span class='ocr_line' id='line_1_66' title="bbox 927 351 1710 386; baseline 0.004 -8"><span class='ocrx_word' id='word_1_461' title='bbox 927 351 1067 384; x_wconf 82' lang='lat' dir='ltr'><strong>tationem,</strong></span> <span class='ocrx_word' id='word_1_462' title='bbox 1094 352 1214 378; x_wconf 89' lang='lat' dir='ltr'><strong>animum</strong></span> <span class='ocrx_word' id='word_1_463' title='bbox 1233 356 1260 378; x_wconf 88' lang='lat' dir='ltr'><strong>et</strong></span> <span class='ocrx_word' id='word_1_464' title='bbox 1284 352 1546 386; x_wconf 75' lang='lat' dir='ltr'><strong>concupiscentiam.</strong></span> <span class='ocrx_word' id='word_1_465' title='bbox 1574 352 1603 380; x_wconf 89' lang='lat' dir='ltr'><strong>Si</strong></span> <span class='ocrx_word' id='word_1_466' title='bbox 1626 353 1662 381; x_wconf 91' lang='lat' dir='ltr'><strong>sit</strong></span> <span class='ocrx_word' id='word_1_467' title='bbox 1684 355 1710 380; x_wconf 89' lang='lat' dir='ltr'><strong>in</strong></span> 
     </span>
    </p>
   </div>
   <div class='ocr_carea' id='block_1_66' title="bbox 926 397 1710 433">
    <p class='ocr_par' dir='ltr' id='par_1_66' title="bbox 926 397 1710 433">
     <span class='ocr_line' id='line_1_67' title="bbox 926 397 1710 433; baseline 0.003 -9"><span class='ocrx_word' id='word_1_468' title='bbox 926 397 1017 424; x_wconf 92' lang='lat' dir='ltr'><strong>animo</strong></span> <span class='ocrx_word' id='word_1_469' title='bbox 1037 397 1158 424; x_wconf 85' lang='lat' dir='ltr'><strong>charitas</strong></span> <span class='ocrx_word' id='word_1_470' title='bbox 1173 402 1199 424; x_wconf 75' lang='lat' dir='ltr'><strong>et</strong></span> <span class='ocrx_word' id='word_1_471' title='bbox 1217 397 1374 424; x_wconf 73' lang='lat' dir='ltr'><strong>humanitas</strong></span> <span class='ocrx_word' id='word_1_472' title='bbox 1394 403 1420 425; x_wconf 89' lang='lat' dir='ltr'><strong>ct</strong></span> <span class='ocrx_word' id='word_1_473' title='bbox 1441 398 1468 424; x_wconf 89' lang='lat' dir='ltr'><strong>in</strong></span> <span class='ocrx_word' id='word_1_474' title='bbox 1489 398 1710 433; x_wconf 72' lang='lat' dir='ltr'><strong>concupiscentia</strong></span> 
     </span>
    </p>
   </div>
   <div class='ocr_carea' id='block_1_67' title="bbox 928 442 1699 478">
    <p class='ocr_par' dir='ltr' id='par_1_67' title="bbox 928 442 1699 478">
     <span class='ocr_line' id='line_1_68' title="bbox 928 442 1699 478; baseline 0.003 -10"><span class='ocrx_word' id='word_1_475' title='bbox 928 442 1034 476; x_wconf 87' lang='lat' dir='ltr'><strong>puritas</strong></span> <span class='ocrx_word' id='word_1_476' title='bbox 1056 445 1084 469; x_wconf 92' lang='lat' dir='ltr'><strong>et</strong></span> <span class='ocrx_word' id='word_1_477' title='bbox 1102 442 1290 476; x_wconf 72' lang='lat' dir='ltr'><strong>temperantia,</strong></span> <span class='ocrx_word' id='word_1_478' title='bbox 1314 446 1370 469; x_wconf 90' lang='lat' dir='ltr'><strong>tum</strong></span> <span class='ocrx_word' id='word_1_479' title='bbox 1396 442 1524 478; x_wconf 78' lang='lat' dir='ltr'><strong>cogitatio</strong></span> <span class='ocrx_word' id='word_1_480' title='bbox 1548 447 1590 470; x_wconf 90' lang='lat' dir='ltr'><strong>est</strong></span> <span class='ocrx_word' id='word_1_481' title='bbox 1610 443 1699 470; x_wconf 90' lang='lat' dir='ltr'><strong>illumi</strong></span> 
     </span>
    </p>
   </div>
   <div class='ocr_carea' id='block_1_68' title="bbox 927 488 1699 521">
    <p class='ocr_par' dir='ltr' id='par_1_68' title="bbox 927 488 1699 521">
     <span class='ocr_line' id='line_1_69' title="bbox 927 488 1699 521; baseline 0.004 -7"><span class='ocrx_word' id='word_1_482' title='bbox 927 492 1006 520; x_wconf 85' lang='lat' dir='ltr'><strong>nata;</strong></span> <span class='ocrx_word' id='word_1_483' title='bbox 1025 488 1067 516; x_wconf 92' lang='lat' dir='ltr'><strong>sin</strong></span> <span class='ocrx_word' id='word_1_484' title='bbox 1087 492 1176 516; x_wconf 89' lang='lat' dir='ltr'><strong>autem</strong></span> <span class='ocrx_word' id='word_1_485' title='bbox 1190 489 1217 516; x_wconf 91' lang='lat' dir='ltr'><strong>in</strong></span> <span class='ocrx_word' id='word_1_486' title='bbox 1233 490 1324 516; x_wconf 86' lang='lat' dir='ltr'><strong>animo</strong></span> <span class='ocrx_word' id='word_1_487' title='bbox 1341 489 1377 516; x_wconf 86' lang='lat' dir='ltr'><strong>sit</strong></span> <span class='ocrx_word' id='word_1_488' title='bbox 1396 489 1499 521; x_wconf 88' lang='lat' dir='ltr'><strong>odium,</strong></span> <span class='ocrx_word' id='word_1_489' title='bbox 1517 495 1544 517; x_wconf 92' lang='lat' dir='ltr'><strong>et</strong></span> <span class='ocrx_word' id='word_1_490' title='bbox 1564 489 1592 517; x_wconf 94' lang='lat' dir='ltr'><strong>in</strong></span> <span class='ocrx_word' id='word_1_491' title='bbox 1611 497 1699 517; x_wconf 89' lang='lat' dir='ltr'><strong>concu</strong></span> 
     </span>
    </p>
   </div>
   <div class='ocr_carea' id='block_1_69' title="bbox 927 533 1705 570">
    <p class='ocr_par' dir='ltr' id='par_1_69' title="bbox 927 533 1705 570">
     <span class='ocr_line' id='line_1_70' title="bbox 927 533 1705 570; baseline 0.004 -10"><span class='ocrx_word' id='word_1_492' title='bbox 927 534 1061 568; x_wconf 87' lang='lat' dir='ltr'><strong>piscentia</strong></span> <span class='ocrx_word' id='word_1_493' title='bbox 1075 533 1296 569; x_wconf 80' lang='lat' dir='ltr'><strong>intemperantia,</strong></span> <span class='ocrx_word' id='word_1_494' title='bbox 1315 535 1447 570; x_wconf 77' lang='lat' dir='ltr'><strong>cogitatio</strong></span> <span class='ocrx_word' id='word_1_495' title='bbox 1465 539 1508 562; x_wconf 82' lang='lat' dir='ltr'><strong>est</strong></span> <span class='ocrx_word' id='word_1_496' title='bbox 1528 535 1650 563; x_wconf 87' lang='lat' dir='ltr'><strong>tenebris</strong></span> <span class='ocrx_word' id='word_1_497' title='bbox 1674 536 1705 563; x_wconf 92' lang='lat' dir='ltr'><strong>of</strong></span> 
     </span>
    </p>
   </div>
   <div class='ocr_carea' id='block_1_70' title="bbox 927 580 1711 617">
    <p class='ocr_par' dir='ltr' id='par_1_70' title="bbox 927 580 1711 617">
     <span class='ocr_line' id='line_1_71' title="bbox 927 580 1711 617; baseline 0.003 -10"><span class='ocrx_word' id='word_1_498' title='bbox 927 580 999 608; x_wconf 87' lang='lat' dir='ltr'><strong>fusa.</strong></span> <span class='ocrx_word' id='word_1_499' title='bbox 1021 580 1089 607; x_wconf 90' lang='lat' dir='ltr'><strong>Tum</strong></span> <span class='ocrx_word' id='word_1_500' title='bbox 1114 588 1196 616; x_wconf 87' lang='lat' dir='ltr'><strong>porro</strong></span> <span class='ocrx_word' id='word_1_501' title='bbox 1212 588 1278 608; x_wconf 83' lang='lat' dir='ltr'><strong>sana</strong></span> <span class='ocrx_word' id='word_1_502' title='bbox 1300 581 1431 616; x_wconf 80' lang='lat' dir='ltr'><strong>cogitatio</strong></span> <span class='ocrx_word' id='word_1_503' title='bbox 1445 585 1488 608; x_wconf 89' lang='lat' dir='ltr'><strong>est</strong></span> <span class='ocrx_word' id='word_1_504' title='bbox 1503 586 1529 609; x_wconf 87' lang='lat' dir='ltr'><strong>et</strong></span> <span class='ocrx_word' id='word_1_505' title='bbox 1545 586 1711 617; x_wconf 84' lang='lat' dir='ltr'><strong>temperans.</strong></span> 
     </span>
    </p>
   </div>
   <div class='ocr_carea' id='block_1_71' title="bbox 927 627 1711 662">
    <p class='ocr_par' dir='ltr' id='par_1_71' title="bbox 927 627 1711 662">
     <span class='ocr_line' id='line_1_72' title="bbox 927 627 1711 662; baseline 0 -9"><span class='ocrx_word' id='word_1_506' title='bbox 927 634 989 654; x_wconf 92' lang='lat' dir='ltr'><strong>cum</strong></span> <span class='ocrx_word' id='word_1_507' title='bbox 1002 630 1077 654; x_wconf 87' lang='lat' dir='ltr'><strong>tenet</strong></span> <span class='ocrx_word' id='word_1_508' title='bbox 1087 627 1140 654; x_wconf 78' lang='lat' dir='ltr'><strong>sibi</strong></span> <span class='ocrx_word' id='word_1_509' title='bbox 1155 627 1280 654; x_wconf 87' lang='lat' dir='ltr'><strong>subditas</strong></span> <span class='ocrx_word' id='word_1_510' title='bbox 1292 627 1445 662; x_wconf 85' lang='lat' dir='ltr'><strong>passiones,</strong></span> <span class='ocrx_word' id='word_1_511' title='bbox 1460 635 1578 661; x_wconf 86' lang='lat' dir='ltr'><strong>cumque</strong></span> <span class='ocrx_word' id='word_1_512' title='bbox 1591 629 1711 654; x_wconf 82' lang='lat' dir='ltr'><strong>rationes</strong></span> 
     </span>
    </p>
   </div>
   <div class='ocr_carea' id='block_1_72' title="bbox 926 670 1709 707">
    <p class='ocr_par' dir='ltr' id='par_1_72' title="bbox 926 670 1709 707">
     <span class='ocr_line' id='line_1_73' title="bbox 926 670 1709 707; baseline 0.004 -9"><span class='ocrx_word' id='word_1_513' title='bbox 926 679 1018 698; x_wconf 89' lang='lat' dir='ltr'><strong>rerum</strong></span> <span class='ocrx_word' id='word_1_514' title='bbox 1033 679 1048 698; x_wconf 93' lang='lat' dir='ltr'><strong>a</strong></span> <span class='ocrx_word' id='word_1_515' title='bbox 1064 670 1120 699; x_wconf 89' lang='lat' dir='ltr'><strong>Deo</strong></span> <span class='ocrx_word' id='word_1_516' title='bbox 1134 676 1288 700; x_wconf 86' lang='lat' dir='ltr'><strong>creatarum</strong></span> <span class='ocrx_word' id='word_1_517' title='bbox 1302 672 1480 707; x_wconf 85' lang='lat' dir='ltr'><strong>spiritualiter</strong></span> <span class='ocrx_word' id='word_1_518' title='bbox 1495 673 1709 707; x_wconf 81' lang='lat' dir='ltr'><strong>contemplatur.</strong></span> 
     </span>
    </p>
   </div>
   <div class='ocr_carea' id='block_1_73' title="bbox 926 717 1711 751">
    <p class='ocr_par' dir='ltr' id='par_1_73' title="bbox 926 717 1711 751">
     <span class='ocr_line' id='line_1_74' title="bbox 926 717 1711 751; baseline 0.001 -8"><span class='ocrx_word' id='word_1_519' title='bbox 926 720 1028 744; x_wconf 89' lang='lat' dir='ltr'><strong>etcum</strong></span> <span class='ocrx_word' id='word_1_520' title='bbox 1040 721 1135 744; x_wconf 86' lang='lat' dir='ltr'><strong>sancta</strong></span> <span class='ocrx_word' id='word_1_521' title='bbox 1148 723 1182 745; x_wconf 79' lang='lat' dir='ltr'><strong>ac</strong></span> <span class='ocrx_word' id='word_1_522' title='bbox 1196 718 1274 745; x_wconf 88' lang='lat' dir='ltr'><strong>beata</strong></span> <span class='ocrx_word' id='word_1_523' title='bbox 1286 717 1420 745; x_wconf 87' lang='lat' dir='ltr'><strong>Trinitate</strong></span> <span class='ocrx_word' id='word_1_524' title='bbox 1432 722 1569 745; x_wconf 83' lang='lat' dir='ltr'><strong>versatur.</strong></span> <span class='ocrx_word' id='word_1_525' title='bbox 1586 717 1711 751; x_wconf 85' lang='lat' dir='ltr'><strong>Tumque</strong></span> 
     </span>
    </p>
   </div>
   <div class='ocr_carea' id='block_1_74' title="bbox 927 762 1711 796">
    <p class='ocr_par' dir='ltr' id='par_1_74' title="bbox 927 762 1711 796">
     <span class='ocr_line' id='line_1_75' title="bbox 927 762 1711 796; baseline -0.001 -6"><span class='ocrx_word' id='word_1_526' title='bbox 927 762 1076 791; x_wconf 85' lang='lat' dir='ltr'><strong>secundum</strong></span> <span class='ocrx_word' id='word_1_527' title='bbox 1091 767 1216 790; x_wconf 88' lang='lat' dir='ltr'><strong>naturam</strong></span> <span class='ocrx_word' id='word_1_528' title='bbox 1235 767 1370 796; x_wconf 85' lang='lat' dir='ltr'><strong>movetur,</strong></span> <span class='ocrx_word' id='word_1_529' title='bbox 1384 770 1446 790; x_wconf 90' lang='lat' dir='ltr'><strong>cum</strong></span> <span class='ocrx_word' id='word_1_530' title='bbox 1466 770 1562 791; x_wconf 91' lang='lat' dir='ltr'><strong>omnes</strong></span> <span class='ocrx_word' id='word_1_531' title='bbox 1578 767 1651 790; x_wconf 90' lang='lat' dir='ltr'><strong>amat</strong></span> <span class='ocrx_word' id='word_1_532' title='bbox 1666 763 1711 789; x_wconf 79' lang='lat' dir='ltr'><strong>ho-</strong></span> 
     </span>
    </p>
   </div>
   <div class='ocr_carea' id='block_1_75' title="bbox 926 807 1711 843">
    <p class='ocr_par' dir='ltr' id='par_1_75' title="bbox 926 807 1711 843">
     <span class='ocr_line' id='line_1_76' title="bbox 926 807 1711 843; baseline -0.001 -8"><span class='ocrx_word' id='word_1_533' title='bbox 926 809 1025 841; x_wconf 85' lang='lat' dir='ltr'><strong>mines,</strong></span> <span class='ocrx_word' id='word_1_534' title='bbox 1042 808 1200 842; x_wconf 84' lang='lat' dir='ltr'><strong>nullamque</strong></span> <span class='ocrx_word' id='word_1_535' title='bbox 1212 807 1345 835; x_wconf 76' lang='lat' dir='ltr'><strong>adversus</strong></span> <span class='ocrx_word' id='word_1_536' title='bbox 1359 808 1514 843; x_wconf 85' lang='lat' dir='ltr'><strong>quempiam</strong></span> <span class='ocrx_word' id='word_1_537' title='bbox 1530 808 1630 835; x_wconf 88' lang='lat' dir='ltr'><strong>retinet</strong></span> <span class='ocrx_word' id='word_1_538' title='bbox 1644 808 1711 835; x_wconf 85' lang='lat' dir='ltr'><strong>indi-</strong></span> 
     </span>
    </p>
   </div>
   <div class='ocr_carea' id='block_1_76' title="bbox 926 851 1711 889">
    <p class='ocr_par' dir='ltr' id='par_1_76' title="bbox 926 851 1711 889">
     <span class='ocr_line' id='line_1_77' title="bbox 926 851 1711 889; baseline -0.001 -9"><span class='ocrx_word' id='word_1_539' title='bbox 926 853 1080 889; x_wconf 83' lang='lat' dir='ltr'><strong>gnationem</strong></span> <span class='ocrx_word' id='word_1_540' title='bbox 1092 856 1138 879; x_wconf 89' lang='lat' dir='ltr'><strong>aut</strong></span> <span class='ocrx_word' id='word_1_541' title='bbox 1149 851 1311 887; x_wconf 90' lang='lat' dir='ltr'><strong>injuriarum</strong></span> <span class='ocrx_word' id='word_1_542' title='bbox 1325 852 1497 880; x_wconf 83' lang='lat' dir='ltr'><strong>memoriam.</strong></span> <span class='ocrx_word' id='word_1_543' title='bbox 1511 852 1711 887; x_wconf 81' lang='lat' dir='ltr'><strong>Concupiscen—</strong></span> 
     </span>
    </p>
   </div>
   <div class='ocr_carea' id='block_1_77' title="bbox 926 897 1710 932">
    <p class='ocr_par' dir='ltr' id='par_1_77' title="bbox 926 897 1710 932">
     <span class='ocr_line' id='line_1_78' title="bbox 926 897 1710 932; baseline -0.001 -7"><span class='ocrx_word' id='word_1_544' title='bbox 926 899 965 925; x_wconf 89' lang='lat' dir='ltr'><strong>tia</strong></span> <span class='ocrx_word' id='word_1_545' title='bbox 984 902 1076 925; x_wconf 86' lang='lat' dir='ltr'><strong>autem</strong></span> <span class='ocrx_word' id='word_1_546' title='bbox 1093 905 1155 925; x_wconf 92' lang='lat' dir='ltr'><strong>cum</strong></span> <span class='ocrx_word' id='word_1_547' title='bbox 1174 905 1221 932; x_wconf 88' lang='lat' dir='ltr'><strong>per</strong></span> <span class='ocrx_word' id='word_1_548' title='bbox 1240 898 1462 932; x_wconf 87' lang='lat' dir='ltr'><strong>temperantiam,</strong></span> <span class='ocrx_word' id='word_1_549' title='bbox 1481 897 1664 925; x_wconf 84' lang='lat' dir='ltr'><strong>humilitatem</strong></span> <span class='ocrx_word' id='word_1_550' title='bbox 1682 902 1710 925; x_wconf 90' lang='lat' dir='ltr'><strong>et</strong></span> 
     </span>
    </p>
   </div>
   <div class='ocr_carea' id='block_1_78' title="bbox 925 942 1710 979">
    <p class='ocr_par' dir='ltr' id='par_1_78' title="bbox 925 942 1710 979">
     <span class='ocr_line' id='line_1_79' title="bbox 925 942 1710 979; baseline 0 -8"><span class='ocrx_word' id='word_1_551' title='bbox 925 948 1122 979; x_wconf 82' lang='lat' dir='ltr'><strong>paupertatem,</strong></span> <span class='ocrx_word' id='word_1_552' title='bbox 1137 943 1279 979; x_wconf 84' lang='lat' dir='ltr'><strong>passiones</strong></span> <span class='ocrx_word' id='word_1_553' title='bbox 1295 942 1451 975; x_wconf 81' lang='lat' dir='ltr'><strong>mortificat,</strong></span> <span class='ocrx_word' id='word_1_554' title='bbox 1468 944 1494 970; x_wconf 92' lang='lat' dir='ltr'><strong>id</strong></span> <span class='ocrx_word' id='word_1_555' title='bbox 1506 948 1559 977; x_wconf 87' lang='lat' dir='ltr'><strong>est,</strong></span> <span class='ocrx_word' id='word_1_556' title='bbox 1574 952 1636 971; x_wconf 87' lang='lat' dir='ltr'><strong>cum</strong></span> <span class='ocrx_word' id='word_1_557' title='bbox 1654 952 1710 972; x_wconf 83' lang='lat' dir='ltr'><strong>non</strong></span> 
     </span>
    </p>
   </div>
   <div class='ocr_carea' id='block_1_79' title="bbox 923 989 1709 1025">
    <p class='ocr_par' dir='ltr' id='par_1_79' title="bbox 923 989 1709 1025">
     <span class='ocr_line' id='line_1_80' title="bbox 923 989 1709 1025; baseline -0.001 -6"><span class='ocrx_word' id='word_1_558' title='bbox 923 995 967 1019; x_wconf 87' lang='lat' dir='ltr'><strong>est</strong></span> <span class='ocrx_word' id='word_1_559' title='bbox 982 990 1075 1018; x_wconf 87' lang='lat' dir='ltr'><strong>carnis</strong></span> <span class='ocrx_word' id='word_1_560' title='bbox 1096 997 1186 1021; x_wconf 82' lang='lat' dir='ltr'><strong>serva,</strong></span> <span class='ocrx_word' id='word_1_561' title='bbox 1209 997 1260 1017; x_wconf 91' lang='lat' dir='ltr'><strong>nec</strong></span> <span class='ocrx_word' id='word_1_562' title='bbox 1277 997 1375 1016; x_wconf 88' lang='lat' dir='ltr'><strong>vanam</strong></span> <span class='ocrx_word' id='word_1_563' title='bbox 1397 989 1511 1025; x_wconf 76' lang='lat' dir='ltr'><strong>gloriam</strong></span> <span class='ocrx_word' id='word_1_564' title='bbox 1527 990 1641 1025; x_wconf 87' lang='lat' dir='ltr'><strong>appetit,</strong></span> <span class='ocrx_word' id='word_1_565' title='bbox 1661 991 1709 1018; x_wconf 88' lang='lat' dir='ltr'><strong>sed</strong></span> 
     </span>
    </p>
   </div>
   <div class='ocr_carea' id='block_1_80' title="bbox 924 1036 1708 1065">
    <p class='ocr_par' dir='ltr' id='par_1_80' title="bbox 924 1036 1708 1065">
     <span class='ocr_line' id='line_1_81' title="bbox 924 1036 1708 1065; baseline -0.001 0"><span class='ocrx_word' id='word_1_566' title='bbox 924 1037 1040 1065; x_wconf 85' lang='lat' dir='ltr'><strong>vertitur</strong></span> <span class='ocrx_word' id='word_1_567' title='bbox 1059 1036 1092 1064; x_wconf 82' lang='lat' dir='ltr'><strong>ad</strong></span> <span class='ocrx_word' id='word_1_568' title='bbox 1108 1037 1231 1064; x_wconf 88' lang='lat' dir='ltr'><strong>divinum</strong></span> <span class='ocrx_word' id='word_1_569' title='bbox 1245 1039 1273 1064; x_wconf 88' lang='lat' dir='ltr'><strong>et</strong></span> <span class='ocrx_word' id='word_1_570' title='bbox 1287 1036 1467 1063; x_wconf 86' lang='lat' dir='ltr'><strong>immortalem</strong></span> <span class='ocrx_word' id='word_1_571' title='bbox 1487 1043 1618 1064; x_wconf 88' lang='lat' dir='ltr'><strong>amorem.</strong></span> <span class='ocrx_word' id='word_1_572' title='bbox 1637 1036 1708 1064; x_wconf 91' lang='lat' dir='ltr'><strong>Cou-</strong></span> 
     </span>
    </p>
   </div>
   <div class='ocr_carea' id='block_1_81' title="bbox 923 1082 1708 1118">
    <p class='ocr_par' dir='ltr' id='par_1_81' title="bbox 923 1082 1708 1118">
     <span class='ocr_line' id='line_1_82' title="bbox 923 1082 1708 1118; baseline 0 -8"><span class='ocrx_word' id='word_1_573' title='bbox 923 1083 1093 1118; x_wconf 88' lang='lat' dir='ltr'><strong>cupiscentia</strong></span> <span class='ocrx_word' id='word_1_574' title='bbox 1119 1091 1236 1118; x_wconf 84' lang='lat' dir='ltr'><strong>namque</strong></span> <span class='ocrx_word' id='word_1_575' title='bbox 1262 1082 1297 1110; x_wconf 88' lang='lat' dir='ltr'><strong>ad</strong></span> <span class='ocrx_word' id='word_1_576' title='bbox 1318 1082 1371 1109; x_wconf 88' lang='lat' dir='ltr'><strong>tria</strong></span> <span class='ocrx_word' id='word_1_577' title='bbox 1388 1086 1491 1109; x_wconf 93' lang='lat' dir='ltr'><strong>motum</strong></span> <span class='ocrx_word' id='word_1_578' title='bbox 1512 1082 1594 1110; x_wconf 83' lang='lat' dir='ltr'><strong>habet</strong></span> <span class='ocrx_word' id='word_1_579' title='bbox 1609 1091 1708 1115; x_wconf 86' lang='lat' dir='ltr'><strong>suum,</strong></span> 
     </span>
    </p>
   </div>
   <div class='ocr_carea' id='block_1_82' title="bbox 924 1128 1710 1163">
    <p class='ocr_par' dir='ltr' id='par_1_82' title="bbox 924 1128 1710 1163">
     <span class='ocr_line' id='line_1_83' title="bbox 924 1128 1710 1163; baseline 0.001 -8"><span class='ocrx_word' id='word_1_580' title='bbox 924 1128 957 1156; x_wconf 90' lang='lat' dir='ltr'><strong>ad</strong></span> <span class='ocrx_word' id='word_1_581' title='bbox 973 1129 1066 1156; x_wconf 84' lang='lat' dir='ltr'><strong>carnis</strong></span> <span class='ocrx_word' id='word_1_582' title='bbox 1081 1129 1261 1163; x_wconf 86' lang='lat' dir='ltr'><strong>voluptatem,</strong></span> <span class='ocrx_word' id='word_1_583' title='bbox 1278 1132 1325 1155; x_wconf 91' lang='lat' dir='ltr'><strong>aut</strong></span> <span class='ocrx_word' id='word_1_584' title='bbox 1347 1128 1381 1155; x_wconf 87' lang='lat' dir='ltr'><strong>ad</strong></span> <span class='ocrx_word' id='word_1_585' title='bbox 1397 1135 1494 1155; x_wconf 89' lang='lat' dir='ltr'><strong>vanam</strong></span> <span class='ocrx_word' id='word_1_586' title='bbox 1518 1129 1643 1163; x_wconf 80' lang='lat' dir='ltr'><strong>gloriam,</strong></span> <span class='ocrx_word' id='word_1_587' title='bbox 1662 1133 1710 1156; x_wconf 88' lang='lat' dir='ltr'><strong>aut</strong></span> 
     </span>
    </p>
   </div>
   <div class='ocr_carea' id='block_1_83' title="bbox 924 1175 1710 1210">
    <p class='ocr_par' dir='ltr' id='par_1_83' title="bbox 924 1175 1710 1210">
     <span class='ocr_line' id='line_1_84' title="bbox 924 1175 1710 1210; baseline 0 -8"><span class='ocrx_word' id='word_1_588' title='bbox 924 1175 958 1202; x_wconf 87' lang='lat' dir='ltr'><strong>ad</strong></span> <span class='ocrx_word' id='word_1_589' title='bbox 977 1175 1110 1202; x_wconf 80' lang='lat' dir='ltr'><strong>fallaciam</strong></span> <span class='ocrx_word' id='word_1_590' title='bbox 1128 1175 1283 1202; x_wconf 87' lang='lat' dir='ltr'><strong>divitiarum</strong></span> <span class='ocrx_word' id='word_1_591' title='bbox 1301 1184 1307 1202; x_wconf 89' lang='lat'>:</span> <span class='ocrx_word' id='word_1_592' title='bbox 1327 1178 1408 1210; x_wconf 89' lang='lat' dir='ltr'><strong>atque</strong></span> <span class='ocrx_word' id='word_1_593' title='bbox 1425 1183 1473 1210; x_wconf 89' lang='lat' dir='ltr'><strong>per</strong></span> <span class='ocrx_word' id='word_1_594' title='bbox 1487 1175 1597 1202; x_wconf 85' lang='lat' dir='ltr'><strong>stultam</strong></span> <span class='ocrx_word' id='word_1_595' title='bbox 1613 1175 1710 1210; x_wconf 89' lang='lat' dir='ltr'><strong>hujus-</strong></span> 
     </span>
    </p>
   </div>
   <div class='ocr_carea' id='block_1_84' title="bbox 923 1219 1708 1256">
    <p class='ocr_par' dir='ltr' id='par_1_84' title="bbox 923 1219 1708 1256">
     <span class='ocr_line' id='line_1_85' title="bbox 923 1219 1708 1256; baseline -0.003 -8"><span class='ocrx_word' id='word_1_596' title='bbox 923 1220 997 1248; x_wconf 89' lang='lat' dir='ltr'><strong>modi</strong></span> <span class='ocrx_word' id='word_1_597' title='bbox 1012 1220 1185 1256; x_wconf 24' lang='lat' dir='ltr'><strong>acupidinem</strong></span> <span class='ocrx_word' id='word_1_598' title='bbox 1207 1219 1292 1248; x_wconf 86' lang='lat' dir='ltr'><strong>Deum</strong></span> <span class='ocrx_word' id='word_1_599' title='bbox 1315 1220 1430 1255; x_wconf 89' lang='lat' dir='ltr'><strong>spernit,</strong></span> <span class='ocrx_word' id='word_1_600' title='bbox 1459 1220 1579 1255; x_wconf 87' lang='lat' dir='ltr'><strong>itemque</strong></span> <span class='ocrx_word' id='word_1_601' title='bbox 1603 1220 1708 1252; x_wconf 85' lang='lat' dir='ltr'><strong>divina,</strong></span> 
     </span>
    </p>
   </div>
   <div class='ocr_carea' id='block_1_85' title="bbox 924 1266 1709 1301">
    <p class='ocr_par' dir='ltr' id='par_1_85' title="bbox 924 1266 1709 1301">
     <span class='ocr_line' id='line_1_86' title="bbox 924 1266 1709 1301; baseline -0.004 -6"><span class='ocrx_word' id='word_1_602' title='bbox 924 1275 981 1296; x_wconf 61' lang='lat' dir='ltr'><strong>sua:</strong></span> <span class='ocrx_word' id='word_1_603' title='bbox 995 1267 1168 1295; x_wconf 78' lang='lat' dir='ltr'><strong>obliviscitur</strong></span> <span class='ocrx_word' id='word_1_604' title='bbox 1183 1267 1342 1298; x_wconf 84' lang='lat' dir='ltr'><strong>nobilitatis,</strong></span> <span class='ocrx_word' id='word_1_605' title='bbox 1361 1273 1392 1294; x_wconf 87' lang='lat' dir='ltr'><strong>ac</strong></span> <span class='ocrx_word' id='word_1_606' title='bbox 1415 1266 1443 1293; x_wconf 86' lang='lat' dir='ltr'><strong>in</strong></span> <span class='ocrx_word' id='word_1_607' title='bbox 1457 1266 1612 1301; x_wconf 83' lang='lat' dir='ltr'><strong>proximum</strong></span> <span class='ocrx_word' id='word_1_608' title='bbox 1628 1273 1709 1293; x_wconf 86' lang='lat' dir='ltr'><strong>suum</strong></span> 
     </span>
    </p>
   </div>
   <div class='ocr_carea' id='block_1_86' title="bbox 923 1312 1708 1349">
    <p class='ocr_par' dir='ltr' id='par_1_86' title="bbox 923 1312 1708 1349">
     <span class='ocr_line' id='line_1_87' title="bbox 923 1312 1708 1349; baseline -0.003 -8"><span class='ocrx_word' id='word_1_609' title='bbox 923 1313 1031 1345; x_wconf 89' lang='lat' dir='ltr'><strong>ferocit,</strong></span> <span class='ocrx_word' id='word_1_610' title='bbox 1047 1313 1240 1349; x_wconf 74' lang='lat' dir='ltr'><strong>cogitationem</strong></span> <span class='ocrx_word' id='word_1_611' title='bbox 1263 1312 1433 1345; x_wconf 84' lang='lat' dir='ltr'><strong>obtcnebrat,</strong></span> <span class='ocrx_word' id='word_1_612' title='bbox 1457 1320 1546 1347; x_wconf 90' lang='lat' dir='ltr'><strong>neque</strong></span> <span class='ocrx_word' id='word_1_613' title='bbox 1562 1312 1627 1340; x_wconf 90' lang='lat' dir='ltr'><strong>sinit</strong></span> <span class='ocrx_word' id='word_1_614' title='bbox 1647 1319 1708 1339; x_wconf 87' lang='lat' dir='ltr'><strong>eam</strong></span> 
     </span>
    </p>
   </div>
   <div class='ocr_carea' id='block_1_87' title="bbox 922 1358 1710 1395">
    <p class='ocr_par' dir='ltr' id='par_1_87' title="bbox 922 1358 1710 1395">
     <span class='ocr_line' id='line_1_88' title="bbox 922 1358 1710 1395; baseline -0.003 -8"><span class='ocrx_word' id='word_1_615' title='bbox 922 1360 1061 1395; x_wconf 85' lang='lat' dir='ltr'><strong>respicere</strong></span> <span class='ocrx_word' id='word_1_616' title='bbox 1082 1359 1237 1386; x_wconf 82' lang='lat' dir='ltr'><strong>veritatem.</strong></span> <span class='ocrx_word' id='word_1_617' title='bbox 1267 1359 1302 1385; x_wconf 83' lang='lat' dir='ltr'><strong>At</strong></span> <span class='ocrx_word' id='word_1_618' title='bbox 1323 1358 1371 1393; x_wconf 89' lang='lat' dir='ltr'><strong>qui</strong></span> <span class='ocrx_word' id='word_1_619' title='bbox 1395 1358 1553 1386; x_wconf 88' lang='lat' dir='ltr'><strong>sublimiore</strong></span> <span class='ocrx_word' id='word_1_620' title='bbox 1577 1358 1710 1393; x_wconf 74' lang='lat' dir='ltr'><strong>pmditus</strong></span> 
     </span>
    </p>
   </div>
   <div class='ocr_carea' id='block_1_88' title="bbox 922 1404 1708 1440">
    <p class='ocr_par' dir='ltr' id='par_1_88' title="bbox 922 1404 1708 1440">
     <span class='ocr_line' id='line_1_89' title="bbox 922 1404 1708 1440; baseline -0.001 -7"><span class='ocrx_word' id='word_1_621' title='bbox 922 1408 965 1433; x_wconf 87' lang='lat' dir='ltr'><strong>est</strong></span> <span class='ocrx_word' id='word_1_622' title='bbox 976 1408 1067 1433; x_wconf 88' lang='lat' dir='ltr'><strong>mente</strong></span> <span class='ocrx_word' id='word_1_623' title='bbox 1080 1404 1136 1440; x_wconf 86' lang='lat' dir='ltr'><strong>jam</strong></span> <span class='ocrx_word' id='word_1_624' title='bbox 1156 1412 1189 1432; x_wconf 80' lang='lat' dir='ltr'><strong>ex</strong></span> <span class='ocrx_word' id='word_1_625' title='bbox 1201 1404 1254 1432; x_wconf 87' lang='lat' dir='ltr'><strong>hac</strong></span> <span class='ocrx_word' id='word_1_626' title='bbox 1270 1404 1327 1432; x_wconf 86' lang='lat' dir='ltr'><strong>vita</strong></span> <span class='ocrx_word' id='word_1_627' title='bbox 1341 1404 1441 1431; x_wconf 82' lang='lat' dir='ltr'><strong>fruitur</strong></span> <span class='ocrx_word' id='word_1_628' title='bbox 1455 1411 1541 1439; x_wconf 83' lang='lat' dir='ltr'><strong>regno</strong></span> <span class='ocrx_word' id='word_1_629' title='bbox 1562 1405 1708 1437; x_wconf 79' lang='lat' dir='ltr'><strong>ctelorum,</strong></span> 
     </span>
    </p>
   </div>
   <div class='ocr_carea' id='block_1_89' title="bbox 922 1450 1708 1488">
    <p class='ocr_par' dir='ltr' id='par_1_89' title="bbox 922 1450 1708 1488">
     <span class='ocr_line' id='line_1_90' title="bbox 922 1450 1708 1488; baseline -0.001 -9"><span class='ocrx_word' id='word_1_630' title='bbox 922 1452 1061 1488; x_wconf 87' lang='lat' dir='ltr'><strong>vitamque</strong></span> <span class='ocrx_word' id='word_1_631' title='bbox 1084 1450 1161 1478; x_wconf 90' lang='lat' dir='ltr'><strong>ducit</strong></span> <span class='ocrx_word' id='word_1_632' title='bbox 1186 1451 1307 1482; x_wconf 89' lang='lat' dir='ltr'><strong>beatam,</strong></span> <span class='ocrx_word' id='word_1_633' title='bbox 1328 1457 1387 1477; x_wconf 86' lang='lat' dir='ltr'><strong>eam</strong></span> <span class='ocrx_word' id='word_1_634' title='bbox 1407 1453 1570 1485; x_wconf 79' lang='lat' dir='ltr'><strong>exspectans</strong></span> <span class='ocrx_word' id='word_1_635' title='bbox 1593 1450 1708 1478; x_wconf 68' lang='lat' dir='ltr'><strong>felicita—</strong></span> 
     </span>
    </p>
   </div>
   <div class='ocr_carea' id='block_1_90' title="bbox 923 1496 1551 1534">
    <p class='ocr_par' dir='ltr' id='par_1_90' title="bbox 923 1496 1551 1534">
     <span class='ocr_line' id='line_1_91' title="bbox 923 1496 1551 1534; baseline -0.006 -7"><span class='ocrx_word' id='word_1_636' title='bbox 923 1503 988 1534; x_wconf 85' lang='lat' dir='ltr'><strong>tem,</strong></span> <span class='ocrx_word' id='word_1_637' title='bbox 1003 1505 1064 1534; x_wconf 66' lang='lat' dir='ltr'><strong>quaa</strong></span> <span class='ocrx_word' id='word_1_638' title='bbox 1077 1497 1254 1534; x_wconf 73' lang='lat' dir='ltr'><strong>diligentibus</strong></span> <span class='ocrx_word' id='word_1_639' title='bbox 1268 1496 1353 1524; x_wconf 91' lang='lat' dir='ltr'><strong>Deum</strong></span> <span class='ocrx_word' id='word_1_640' title='bbox 1366 1497 1484 1531; x_wconf 88' lang='lat' dir='ltr'><strong>reposita</strong></span> <span class='ocrx_word' id='word_1_641' title='bbox 1499 1501 1551 1524; x_wconf 87' lang='lat' dir='ltr'><strong>est.</strong></span> 
     </span>
    </p>
   </div>
   <div class='ocr_carea' id='block_1_91' title="bbox 1029 1554 1601 1590">
    <p class='ocr_par' dir='ltr' id='par_1_91' title="bbox 1029 1554 1601 1590">
     <span class='ocr_line' id='line_1_92' title="bbox 1029 1554 1601 1590; baseline -0.005 -7"><span class='ocrx_word' id='word_1_642' title='bbox 1029 1555 1131 1583; x_wconf 71' lang='lat' dir='ltr'><strong>Divisio</strong></span> <span class='ocrx_word' id='word_1_643' title='bbox 1145 1560 1169 1583; x_wconf 74' lang='lat' dir='ltr'><strong>et</strong></span> <span class='ocrx_word' id='word_1_644' title='bbox 1182 1554 1326 1583; x_wconf 70' lang='lat' dir='ltr'><strong>rubdivisio</strong></span> <span class='ocrx_word' id='word_1_645' title='bbox 1342 1554 1479 1590; x_wconf 69' lang='lat' dir='ltr'><strong>multiplex</strong></span> <span class='ocrx_word' id='word_1_646' title='bbox 1495 1554 1601 1582; x_wconf 70' lang='lat' dir='ltr'><strong>anima.</strong></span> 
     </span>
    </p>
   </div>
   <div class='ocr_carea' id='block_1_92' title="bbox 958 1643 1710 1676">
    <p class='ocr_par' dir='ltr' id='par_1_92' title="bbox 958 1643 1710 1676">
     <span class='ocr_line' id='line_1_93' title="bbox 958 1643 1710 1676; baseline -0.005 -2"><span class='ocrx_word' id='word_1_647' title='bbox 958 1646 1056 1674; x_wconf 86' lang='lat' dir='ltr'><strong>Anima</strong></span> <span class='ocrx_word' id='word_1_648' title='bbox 1078 1645 1210 1674; x_wconf 76' lang='lat' dir='ltr'><strong>dividitur</strong></span> <span class='ocrx_word' id='word_1_649' title='bbox 1225 1646 1253 1672; x_wconf 92' lang='lat' dir='ltr'><strong>in</strong></span> <span class='ocrx_word' id='word_1_650' title='bbox 1272 1644 1473 1676; x_wconf 86' lang='lat' dir='ltr'><strong>rationabilem,</strong></span> <span class='ocrx_word' id='word_1_651' title='bbox 1496 1643 1662 1672; x_wconf 85' lang='lat' dir='ltr'><strong>irascibilem</strong></span> <span class='ocrx_word' id='word_1_652' title='bbox 1682 1648 1710 1671; x_wconf 81' lang='lat' dir='ltr'><strong>et</strong></span> 
     </span>
    </p>
   </div>
   <div class='ocr_carea' id='block_1_93' title="bbox 924 1691 1706 1728">
    <p class='ocr_par' dir='ltr' id='par_1_93' title="bbox 924 1691 1706 1728">
     <span class='ocr_line' id='line_1_94' title="bbox 924 1691 1706 1728; baseline -0.005 -7"><span class='ocrx_word' id='word_1_653' title='bbox 924 1693 1177 1728; x_wconf 87' lang='lat' dir='ltr'><strong>concupiscibilem.</strong></span> <span class='ocrx_word' id='word_1_654' title='bbox 1202 1691 1384 1719; x_wconf 82' lang='lat' dir='ltr'><strong>Rationahilis</strong></span> <span class='ocrx_word' id='word_1_655' title='bbox 1406 1694 1518 1726; x_wconf 86' lang='lat' dir='ltr'><strong>peccata</strong></span> <span class='ocrx_word' id='word_1_656' title='bbox 1538 1691 1595 1718; x_wconf 63' lang='lat' dir='ltr'><strong>haec</strong></span> <span class='ocrx_word' id='word_1_657' title='bbox 1614 1694 1678 1718; x_wconf 90' lang='lat' dir='ltr'><strong>sunt</strong></span> <span class='ocrx_word' id='word_1_658' title='bbox 1700 1700 1706 1717; x_wconf 93' lang='lat'>:</span> 
     </span>
    </p>
   </div>
   <div class='ocr_carea' id='block_1_94' title="bbox 924 1736 1709 1773">
    <p class='ocr_par' dir='ltr' id='par_1_94' title="bbox 924 1736 1709 1773">
     <span class='ocr_line' id='line_1_95' title="bbox 924 1736 1709 1773; baseline -0.005 -7"><span class='ocrx_word' id='word_1_659' title='bbox 924 1739 1082 1773; x_wconf 86' lang='lat' dir='ltr'><strong>inﬁdelitas,</strong></span> <span class='ocrx_word' id='word_1_660' title='bbox 1107 1738 1230 1770; x_wconf 68' lang='lat' dir='ltr'><strong>haeresis,</strong></span> <span class='ocrx_word' id='word_1_661' title='bbox 1259 1738 1427 1773; x_wconf 84' lang='lat' dir='ltr'><strong>insipientia,</strong></span> <span class='ocrx_word' id='word_1_662' title='bbox 1456 1737 1624 1766; x_wconf 85' lang='lat' dir='ltr'><strong>indiscretio.</strong></span> <span class='ocrx_word' id='word_1_663' title='bbox 1647 1736 1709 1763; x_wconf 82' lang='lat' dir='ltr'><strong>bla-</strong></span> 
     </span>
    </p>
   </div>
   <div class='ocr_carea' id='block_1_95' title="bbox 924 1783 1710 1821">
    <p class='ocr_par' dir='ltr' id='par_1_95' title="bbox 924 1783 1710 1821">
     <span class='ocr_line' id='line_1_96' title="bbox 924 1783 1710 1821; baseline -0.004 -9"><span class='ocrx_word' id='word_1_664' title='bbox 924 1785 1058 1821; x_wconf 87' lang='lat' dir='ltr'><strong>sphemia,</strong></span> <span class='ocrx_word' id='word_1_665' title='bbox 1079 1792 1233 1812; x_wconf 84' lang='lat' dir='ltr'><strong>consensus</strong></span> <span class='ocrx_word' id='word_1_666' title='bbox 1251 1784 1286 1811; x_wconf 85' lang='lat' dir='ltr'><strong>ad</strong></span> <span class='ocrx_word' id='word_1_667' title='bbox 1308 1783 1489 1819; x_wconf 81' lang='lat' dir='ltr'><strong>perpetranda</strong></span> <span class='ocrx_word' id='word_1_668' title='bbox 1508 1787 1631 1818; x_wconf 88' lang='lat' dir='ltr'><strong>peccata,</strong></span> <span class='ocrx_word' id='word_1_669' title='bbox 1648 1790 1710 1817; x_wconf 78' lang='lat' dir='ltr'><strong>quae</strong></span> 
     </span>
    </p>
   </div>
   <div class='ocr_carea' id='block_1_96' title="bbox 924 1825 1709 1867">
    <p class='ocr_par' dir='ltr' id='par_1_96' title="bbox 924 1825 1709 1867">
     <span class='ocr_line' id='line_1_97' title="bbox 924 1825 1709 1867; baseline -0.004 -8"><span class='ocrx_word' id='word_1_670' title='bbox 924 1839 958 1859; x_wconf 79' lang='lat' dir='ltr'><strong>ex</strong></span> <span class='ocrx_word' id='word_1_671' title='bbox 973 1831 1079 1867; x_wconf 87' lang='lat' dir='ltr'><strong>patibili</strong></span> <span class='ocrx_word' id='word_1_672' title='bbox 1104 1836 1182 1866; x_wconf 87' lang='lat' dir='ltr'><strong>parte</strong></span> <span class='ocrx_word' id='word_1_673' title='bbox 1202 1825 1364 1866; x_wconf 89' lang='lat' dir='ltr'><strong>procedunt.</strong></span> <span class='ocrx_word' id='word_1_674' title='bbox 1386 1829 1490 1857; x_wconf 91' lang='lat' dir='ltr'><strong>llorum</strong></span> <span class='ocrx_word' id='word_1_675' title='bbox 1507 1837 1590 1864; x_wconf 89' lang='lat' dir='ltr'><strong>porro</strong></span> <span class='ocrx_word' id='word_1_676' title='bbox 1603 1829 1709 1857; x_wconf 84' lang='lat' dir='ltr'><strong>medela</strong></span> 
     </span>
    </p>
   </div>
   <div class='ocr_carea' id='block_1_97' title="bbox 925 1873 1710 1912">
    <p class='ocr_par' dir='ltr' id='par_1_97' title="bbox 925 1873 1710 1912">
     <span class='ocr_line' id='line_1_98' title="bbox 925 1873 1710 1912; baseline -0.004 -8"><span class='ocrx_word' id='word_1_677' title='bbox 925 1880 1007 1912; x_wconf 88' lang='lat' dir='ltr'><strong>atque</strong></span> <span class='ocrx_word' id='word_1_678' title='bbox 1021 1876 1130 1904; x_wconf 84' lang='lat' dir='ltr'><strong>curatio</strong></span> <span class='ocrx_word' id='word_1_679' title='bbox 1143 1880 1204 1904; x_wconf 88' lang='lat' dir='ltr'><strong>est:</strong></span> <span class='ocrx_word' id='word_1_680' title='bbox 1223 1875 1378 1903; x_wconf 83' lang='lat' dir='ltr'><strong>indubitata</strong></span> <span class='ocrx_word' id='word_1_681' title='bbox 1394 1874 1461 1908; x_wconf 73' lang='lat' dir='ltr'><strong>fides</strong></span> <span class='ocrx_word' id='word_1_682' title='bbox 1484 1874 1513 1901; x_wconf 89' lang='lat' dir='ltr'><strong>in</strong></span> <span class='ocrx_word' id='word_1_683' title='bbox 1527 1873 1612 1901; x_wconf 83' lang='lat' dir='ltr'><strong>Deum</strong></span> <span class='ocrx_word' id='word_1_684' title='bbox 1634 1879 1661 1902; x_wconf 93' lang='lat' dir='ltr'><strong>et</strong></span> <span class='ocrx_word' id='word_1_685' title='bbox 1682 1875 1710 1901; x_wconf 91' lang='lat' dir='ltr'><strong>in</strong></span> 
     </span>
    </p>
   </div>
   <div class='ocr_carea' id='block_1_98' title="bbox 924 1920 1712 1957">
    <p class='ocr_par' dir='ltr' id='par_1_98' title="bbox 924 1920 1712 1957">
     <span class='ocr_line' id='line_1_99' title="bbox 924 1920 1712 1957; baseline -0.004 -7"><span class='ocrx_word' id='word_1_686' title='bbox 924 1929 988 1950; x_wconf 88' lang='lat' dir='ltr'><strong>vera</strong></span> <span class='ocrx_word' id='word_1_687' title='bbox 1005 1922 1142 1957; x_wconf 75' lang='lat' dir='ltr'><strong>dogmata,</strong></span> <span class='ocrx_word' id='word_1_688' title='bbox 1163 1921 1448 1957; x_wconf 79' lang='lat' dir='ltr'><strong>frequensmeditatio</strong></span> <span class='ocrx_word' id='word_1_689' title='bbox 1460 1921 1634 1948; x_wconf 88' lang='lat' dir='ltr'><strong>oraculorum</strong></span> <span class='ocrx_word' id='word_1_690' title='bbox 1649 1920 1712 1955; x_wconf 87' lang='lat' dir='ltr'><strong>Spi-</strong></span> 
     </span>
    </p>
   </div>
   <div class='ocr_carea' id='block_1_99' title="bbox 924 1967 1712 2004">
    <p class='ocr_par' dir='ltr' id='par_1_99' title="bbox 924 1967 1712 2004">
     <span class='ocr_line' id='line_1_100' title="bbox 924 1967 1712 2004; baseline -0.001 -8"><span class='ocrx_word' id='word_1_691' title='bbox 924 1969 1007 2001; x_wconf 85' lang='lat' dir='ltr'><strong>ritus,</strong></span> <span class='ocrx_word' id='word_1_692' title='bbox 1022 1976 1092 2004; x_wconf 88' lang='lat' dir='ltr'><strong>pura</strong></span> <span class='ocrx_word' id='word_1_693' title='bbox 1102 1969 1200 2002; x_wconf 88' lang='lat' dir='ltr'><strong>oratio,</strong></span> <span class='ocrx_word' id='word_1_694' title='bbox 1212 1971 1241 1995; x_wconf 92' lang='lat' dir='ltr'><strong>et</strong></span> <span class='ocrx_word' id='word_1_695' title='bbox 1252 1968 1402 2004; x_wconf 76' lang='lat' dir='ltr'><strong>gratiarum</strong></span> <span class='ocrx_word' id='word_1_696' title='bbox 1416 1967 1488 1995; x_wconf 90' lang='lat' dir='ltr'><strong>actio</strong></span> <span class='ocrx_word' id='word_1_697' title='bbox 1500 1967 1560 1995; x_wconf 90' lang='lat' dir='ltr'><strong>sine</strong></span> <span class='ocrx_word' id='word_1_698' title='bbox 1573 1967 1712 1995; x_wconf 89' lang='lat' dir='ltr'><strong>intermis-</strong></span> 
     </span>
    </p>
   </div>
   <div class='ocr_carea' id='block_1_100' title="bbox 925 2014 1710 2049">
    <p class='ocr_par' dir='ltr' id='par_1_100' title="bbox 925 2014 1710 2049">
     <span class='ocr_line' id='line_1_101' title="bbox 925 2014 1710 2049; baseline -0.004 -6"><span class='ocrx_word' id='word_1_699' title='bbox 925 2015 1004 2043; x_wconf 82' lang='lat' dir='ltr'><strong>sione</strong></span> <span class='ocrx_word' id='word_1_700' title='bbox 1021 2015 1076 2043; x_wconf 89' lang='lat' dir='ltr'><strong>Deo</strong></span> <span class='ocrx_word' id='word_1_701' title='bbox 1089 2015 1191 2043; x_wconf 87' lang='lat' dir='ltr'><strong>oblata.</strong></span> <span class='ocrx_word' id='word_1_702' title='bbox 1207 2014 1356 2043; x_wconf 84' lang='lat' dir='ltr'><strong>lrascibilis</strong></span> <span class='ocrx_word' id='word_1_703' title='bbox 1371 2018 1483 2049; x_wconf 88' lang='lat' dir='ltr'><strong>peccata</strong></span> <span class='ocrx_word' id='word_1_704' title='bbox 1507 2017 1572 2041; x_wconf 84' lang='lat' dir='ltr'><strong>sunt</strong></span> <span class='ocrx_word' id='word_1_705' title='bbox 1587 2023 1595 2041; x_wconf 91' lang='lat'><strong>:</strong></span> <span class='ocrx_word' id='word_1_706' title='bbox 1616 2014 1710 2040; x_wconf 93' lang='lat' dir='ltr'><strong>immi-</strong></span> 
     </span>
    </p>
   </div>
   <div class='ocr_carea' id='block_1_101' title="bbox 925 2060 1709 2094">
    <p class='ocr_par' dir='ltr' id='par_1_101' title="bbox 925 2060 1709 2094">
     <span class='ocr_line' id='line_1_102' title="bbox 925 2060 1709 2094; baseline -0.004 -6"><span class='ocrx_word' id='word_1_707' title='bbox 925 2060 1087 2093; x_wconf 85' lang='lat' dir='ltr'><strong>sericordia,</strong></span> <span class='ocrx_word' id='word_1_708' title='bbox 1099 2060 1205 2094; x_wconf 88' lang='lat' dir='ltr'><strong>odium,</strong></span> <span class='ocrx_word' id='word_1_709' title='bbox 1219 2061 1327 2088; x_wconf 87' lang='lat' dir='ltr'><strong>animus</strong></span> <span class='ocrx_word' id='word_1_710' title='bbox 1341 2060 1588 2087; x_wconf 86' lang='lat' dir='ltr'><strong>commiserationis</strong></span> <span class='ocrx_word' id='word_1_711' title='bbox 1600 2067 1709 2094; x_wconf 80' lang='lat' dir='ltr'><strong>expers,</strong></span> 
     </span>
    </p>
   </div>
   <div class='ocr_carea' id='block_1_102' title="bbox 924 2103 1709 2141">
    <p class='ocr_par' dir='ltr' id='par_1_102' title="bbox 924 2103 1709 2141">
     <span class='ocr_line' id='line_1_103' title="bbox 924 2103 1709 2141; baseline -0.004 -8"><span class='ocrx_word' id='word_1_712' title='bbox 924 2106 1080 2133; x_wconf 81' lang='lat' dir='ltr'><strong>recordatio</strong></span> <span class='ocrx_word' id='word_1_713' title='bbox 1100 2105 1275 2141; x_wconf 58' lang='lat' dir='ltr'><strong>iniuriarum,</strong></span> <span class='ocrx_word' id='word_1_714' title='bbox 1292 2104 1405 2135; x_wconf 86' lang='lat' dir='ltr'><strong>invidia,</strong></span> <span class='ocrx_word' id='word_1_715' title='bbox 1419 2104 1518 2136; x_wconf 67' lang='lat' dir='ltr'><strong>caedes,</strong></span> <span class='ocrx_word' id='word_1_716' title='bbox 1532 2111 1564 2131; x_wconf 89' lang='lat' dir='ltr'><strong>ac</strong></span> <span class='ocrx_word' id='word_1_717' title='bbox 1580 2103 1709 2138; x_wconf 83' lang='lat' dir='ltr'><strong>frequens</strong></span> 
     </span>
    </p>
   </div>
   <div class='ocr_carea' id='block_1_103' title="bbox 924 2149 1710 2180">
    <p class='ocr_par' dir='ltr' id='par_1_103' title="bbox 924 2149 1710 2180">
     <span class='ocr_line' id='line_1_104' title="bbox 924 2149 1710 2180; baseline -0.004 -1"><span class='ocrx_word' id='word_1_718' title='bbox 924 2159 1018 2180; x_wconf 88' lang='lat' dir='ltr'><strong>earum</strong></span> <span class='ocrx_word' id='word_1_719' title='bbox 1040 2158 1132 2178; x_wconf 86' lang='lat' dir='ltr'><strong>rerum</strong></span> <span class='ocrx_word' id='word_1_720' title='bbox 1148 2150 1297 2178; x_wconf 85' lang='lat' dir='ltr'><strong>meditatio.</strong></span> <span class='ocrx_word' id='word_1_721' title='bbox 1314 2149 1416 2176; x_wconf 86' lang='lat' dir='ltr'><strong>Horum</strong></span> <span class='ocrx_word' id='word_1_722' title='bbox 1434 2149 1537 2177; x_wconf 86' lang='lat' dir='ltr'><strong>medela</strong></span> <span class='ocrx_word' id='word_1_723' title='bbox 1562 2153 1589 2177; x_wconf 89' lang='lat' dir='ltr'><strong>et</strong></span> <span class='ocrx_word' id='word_1_724' title='bbox 1603 2150 1710 2177; x_wconf 89' lang='lat' dir='ltr'><strong>curatio</strong></span> 
     </span>
    </p>
   </div>
   <div class='ocr_carea' id='block_1_104' title="bbox 924 2195 1711 2229">
    <p class='ocr_par' dir='ltr' id='par_1_104' title="bbox 924 2195 1711 2229">
     <span class='ocr_line' id='line_1_105' title="bbox 924 2195 1711 2229; baseline -0.004 -4"><span class='ocrx_word' id='word_1_725' title='bbox 924 2202 985 2226; x_wconf 89' lang='lat' dir='ltr'><strong>est:</strong></span> <span class='ocrx_word' id='word_1_726' title='bbox 1002 2197 1171 2229; x_wconf 86' lang='lat' dir='ltr'><strong>humanitas,</strong></span> <span class='ocrx_word' id='word_1_727' title='bbox 1185 2196 1317 2227; x_wconf 78' lang='lat' dir='ltr'><strong>charitas,</strong></span> <span class='ocrx_word' id='word_1_728' title='bbox 1331 2195 1445 2222; x_wconf 88' lang='lat' dir='ltr'><strong>fratrum</strong></span> <span class='ocrx_word' id='word_1_729' title='bbox 1459 2195 1580 2227; x_wconf 90' lang='lat' dir='ltr'><strong>dilectio,</strong></span> <span class='ocrx_word' id='word_1_730' title='bbox 1596 2197 1711 2223; x_wconf 92' lang='lat' dir='ltr'><strong>commi-</strong></span> 
     </span>
    </p>
   </div>
   <div class='ocr_carea' id='block_1_105' title="bbox 926 2241 1711 2279">
    <p class='ocr_par' dir='ltr' id='par_1_105' title="bbox 926 2241 1711 2279">
     <span class='ocr_line' id='line_1_106' title="bbox 926 2241 1711 2279; baseline -0.003 -7"><span class='ocrx_word' id='word_1_731' title='bbox 926 2243 1038 2276; x_wconf 85' lang='lat' dir='ltr'><strong>seratio,</strong></span> <span class='ocrx_word' id='word_1_732' title='bbox 1049 2243 1190 2279; x_wconf 82' lang='lat' dir='ltr'><strong>patientia,</strong></span> <span class='ocrx_word' id='word_1_733' title='bbox 1202 2241 1394 2270; x_wconf 85' lang='lat' dir='ltr'><strong>mansuetudo.</strong></span> <span class='ocrx_word' id='word_1_734' title='bbox 1407 2241 1636 2276; x_wconf 86' lang='lat' dir='ltr'><strong>Concupiscibilis</strong></span> <span class='ocrx_word' id='word_1_735' title='bbox 1651 2249 1711 2276; x_wconf 84' lang='lat' dir='ltr'><strong>pec-</strong></span> 
     </span>
    </p>
   </div>
   <div class='ocr_carea' id='block_1_106' title="bbox 926 2287 1709 2323">
    <p class='ocr_par' dir='ltr' id='par_1_106' title="bbox 926 2287 1709 2323">
     <span class='ocr_line' id='line_1_107' title="bbox 926 2287 1709 2323; baseline -0.005 -5"><span class='ocrx_word' id='word_1_736' title='bbox 926 2295 987 2319; x_wconf 86' lang='lat' dir='ltr'><strong>cata</strong></span> <span class='ocrx_word' id='word_1_737' title='bbox 1002 2294 1083 2318; x_wconf 87' lang='lat' dir='ltr'><strong>sunt:</strong></span> <span class='ocrx_word' id='word_1_738' title='bbox 1097 2289 1230 2322; x_wconf 79' lang='lat' dir='ltr'><strong>edacitas,</strong></span> <span class='ocrx_word' id='word_1_739' title='bbox 1245 2288 1399 2320; x_wconf 87' lang='lat' dir='ltr'><strong>fornicatio,</strong></span> <span class='ocrx_word' id='word_1_740' title='bbox 1416 2288 1569 2323; x_wconf 88' lang='lat' dir='ltr'><strong>impuritas,</strong></span> <span class='ocrx_word' id='word_1_741' title='bbox 1585 2287 1709 2320; x_wconf 85' lang='lat' dir='ltr'><strong>lascivia,</strong></span> 
     </span>
    </p>
   </div>
   <div class='ocr_carea' id='block_1_107' title="bbox 925 2333 1711 2371">
    <p class='ocr_par' dir='ltr' id='par_1_107' title="bbox 925 2333 1711 2371">
     <span class='ocr_line' id='line_1_108' title="bbox 925 2333 1711 2371; baseline -0.005 -7"><span class='ocrx_word' id='word_1_742' title='bbox 925 2336 1050 2369; x_wconf 84' lang='lat' dir='ltr'><strong>avaritia,</strong></span> <span class='ocrx_word' id='word_1_743' title='bbox 1073 2335 1168 2371; x_wconf 73' lang='lat' dir='ltr'><strong>gloria:</strong></span> <span class='ocrx_word' id='word_1_744' title='bbox 1187 2334 1297 2369; x_wconf 79' lang='lat' dir='ltr'><strong>cupido.</strong></span> <span class='ocrx_word' id='word_1_745' title='bbox 1325 2333 1428 2362; x_wconf 81' lang='lat' dir='ltr'><strong>Horum</strong></span> <span class='ocrx_word' id='word_1_746' title='bbox 1453 2333 1603 2361; x_wconf 88' lang='lat' dir='ltr'><strong>remedium</strong></span> <span class='ocrx_word' id='word_1_747' title='bbox 1629 2338 1711 2368; x_wconf 85' lang='lat' dir='ltr'><strong>atque</strong></span> 
     </span>
    </p>
   </div>
   <div class='ocr_carea' id='block_1_108' title="bbox 925 2380 1711 2416">
    <p class='ocr_par' dir='ltr' id='par_1_108' title="bbox 925 2380 1711 2416">
     <span class='ocr_line' id='line_1_109' title="bbox 925 2380 1711 2416; baseline -0.004 -5"><span class='ocrx_word' id='word_1_748' title='bbox 925 2383 1032 2414; x_wconf 86' lang='lat' dir='ltr'><strong>curatio</strong></span> <span class='ocrx_word' id='word_1_749' title='bbox 1047 2386 1090 2410; x_wconf 85' lang='lat' dir='ltr'><strong>est</strong></span> <span class='ocrx_word' id='word_1_750' title='bbox 1107 2391 1114 2408; x_wconf 70' lang='grc' dir='ltr'><strong>ε</strong></span> <span class='ocrx_word' id='word_1_751' title='bbox 1129 2381 1321 2416; x_wconf 86' lang='lat' dir='ltr'><strong>temperantia,</strong></span> <span class='ocrx_word' id='word_1_752' title='bbox 1336 2380 1481 2415; x_wconf 83' lang='lat' dir='ltr'><strong>jejunium,</strong></span> <span class='ocrx_word' id='word_1_753' title='bbox 1494 2381 1629 2407; x_wconf 91' lang='lat' dir='ltr'><strong>malorum</strong></span> <span class='ocrx_word' id='word_1_754' title='bbox 1641 2381 1711 2409; x_wconf 89' lang='lat' dir='ltr'><strong>tole-</strong></span> 
     </span>
    </p>
   </div>
   <div class='ocr_carea' id='block_1_109' title="bbox 925 2426 1712 2463">
    <p class='ocr_par' dir='ltr' id='par_1_109' title="bbox 925 2426 1712 2463">
     <span class='ocr_line' id='line_1_110' title="bbox 925 2426 1712 2463; baseline -0.001 -7"><span class='ocrx_word' id='word_1_755' title='bbox 925 2429 1026 2461; x_wconf 90' lang='lat' dir='ltr'><strong>rantia,</strong></span> <span class='ocrx_word' id='word_1_756' title='bbox 1057 2431 1216 2463; x_wconf 86' lang='lat' dir='ltr'><strong>paupertas,</strong></span> <span class='ocrx_word' id='word_1_757' title='bbox 1243 2427 1352 2462; x_wconf 74' lang='lat' dir='ltr'><strong>largitio</strong></span> <span class='ocrx_word' id='word_1_758' title='bbox 1381 2427 1514 2454; x_wconf 90' lang='lat' dir='ltr'><strong>bonorum</strong></span> <span class='ocrx_word' id='word_1_759' title='bbox 1547 2426 1712 2461; x_wconf 86' lang='lat' dir='ltr'><strong>pauperibus</strong></span> 
     </span>
    </p>
   </div>
   <div class='ocr_carea' id='block_1_110' title="bbox 925 2471 1709 2505">
    <p class='ocr_par' dir='ltr' id='par_1_110' title="bbox 925 2471 1709 2505">
     <span class='ocr_line' id='line_1_111' title="bbox 925 2471 1709 2505; baseline -0.004 -4"><span class='ocrx_word' id='word_1_760' title='bbox 925 2473 1008 2505; x_wconf 89' lang='lat' dir='ltr'><strong>facta,</strong></span> <span class='ocrx_word' id='word_1_761' title='bbox 1030 2473 1166 2501; x_wconf 88' lang='lat' dir='ltr'><strong>bonorum</strong></span> <span class='ocrx_word' id='word_1_762' title='bbox 1187 2473 1297 2499; x_wconf 91' lang='lat' dir='ltr'><strong>illorum</strong></span> <span class='ocrx_word' id='word_1_763' title='bbox 1315 2471 1510 2499; x_wconf 88' lang='lat' dir='ltr'><strong>immortalium</strong></span> <span class='ocrx_word' id='word_1_764' title='bbox 1532 2471 1709 2503; x_wconf 88' lang='lat' dir='ltr'><strong>desiderium,</strong></span> 
     </span>
    </p>
   </div>
   <div class='ocr_carea' id='block_1_111' title="bbox 926 2518 1557 2555">
    <p class='ocr_par' dir='ltr' id='par_1_111' title="bbox 926 2518 1557 2555">
     <span class='ocr_line' id='line_1_112' title="bbox 926 2518 1557 2555; baseline -0.005 -8"><span class='ocrx_word' id='word_1_765' title='bbox 926 2521 1002 2555; x_wconf 81' lang='lat' dir='ltr'><strong>regni</strong></span> <span class='ocrx_word' id='word_1_766' title='bbox 1017 2519 1064 2548; x_wconf 88' lang='lat' dir='ltr'><strong>Dei</strong></span> <span class='ocrx_word' id='word_1_767' title='bbox 1080 2519 1222 2554; x_wconf 88' lang='lat' dir='ltr'><strong>appetitio,</strong></span> <span class='ocrx_word' id='word_1_768' title='bbox 1239 2518 1392 2553; x_wconf 90' lang='lat' dir='ltr'><strong>adoptionis</strong></span> <span class='ocrx_word' id='word_1_769' title='bbox 1409 2518 1557 2553; x_wconf 85' lang='lat' dir='ltr'><strong>cupiditas.</strong></span> 
     </span>
    </p>
   </div>
   <div class='ocr_carea' id='block_1_112' title="bbox 926 2606 1711 2677">
    <p class='ocr_par' dir='ltr' id='par_1_112' title="bbox 926 2606 1711 2677">
     <span class='ocr_line' id='line_1_113' title="bbox 926 2606 1711 2677; baseline -0.003 -44"><span class='ocrx_word' id='word_1_770' title='bbox 926 2607 1008 2643; x_wconf 74' lang='lat'><strong>516</strong></span> <span class='ocrx_word' id='word_1_771' title='bbox 1017 2606 1135 2642; x_wconf 61' lang='lat' dir='ltr'><strong>{Notitia</strong></span> <span class='ocrx_word' id='word_1_772' title='bbox 1150 2607 1337 2677; x_wconf 56' lang='grc' dir='ltr'>εοθίιαιὶοηίῖιηι</span> <span class='ocrx_word' id='word_1_773' title='bbox 1353 2607 1446 2642; x_wconf 69' lang='lat' dir='ltr'><strong>quibus</strong></span> <span class='ocrx_word' id='word_1_774' title='bbox 1471 2611 1607 2641; x_wconf 78' lang='lat' dir='ltr'><strong>peccatum</strong></span> <span class='ocrx_word' id='word_1_775' title='bbox 1636 2613 1711 2632; x_wconf 81' lang='lat' dir='ltr'><strong>omne</strong></span> 
     </span>
     <span class='ocr_line' id='line_1_114' title="bbox 1239 2647 1386 2676; baseline -0.014 -6"><span class='ocrx_word' id='word_1_776' title='bbox 1239 2650 1286 2676; x_wconf 78' lang='lat' dir='ltr'><strong>per</strong></span> <span class='ocrx_word' id='word_1_777' title='bbox 1308 2647 1386 2669; x_wconf 71' lang='lat' dir='ltr'><strong>citur.</strong></span> 
     </span>
    </p>
   </div>
   <div class='ocr_carea' id='block_1_113' title="bbox 1239 2647 1386 2676">
    <p class='ocr_par' dir='ltr' id='par_1_113' title="bbox 1239 2647 1386 2676">
     <span class='ocr_line' id='line_1_115' title="bbox 1239 2647 1386 2676; baseline -0.014 -6"><span class='ocrx_word' id='word_1_778' title='bbox 1239 2647 1386 2676; x_wconf 74' lang='lat' dir='ltr'><strong>perpctlur.</strong></span> 
     </span>
    </p>
   </div>
   <div class='ocr_carea' id='block_1_114' title="bbox 960 2686 1712 2724">
    <p class='ocr_par' dir='ltr' id='par_1_114' title="bbox 960 2686 1712 2724">
     <span class='ocr_line' id='line_1_116' title="bbox 960 2686 1712 2724; baseline -0.004 -8"><span class='ocrx_word' id='word_1_779' title='bbox 960 2688 1147 2724; x_wconf 72' lang='lat' dir='ltr'><strong>Cogitationes</strong></span> <span class='ocrx_word' id='word_1_780' title='bbox 1159 2695 1254 2716; x_wconf 87' lang='lat' dir='ltr'><strong>omnes</strong></span> <span class='ocrx_word' id='word_1_781' title='bbox 1267 2694 1330 2716; x_wconf 88' lang='lat' dir='ltr'><strong>octo</strong></span> <span class='ocrx_word' id='word_1_782' title='bbox 1345 2695 1459 2715; x_wconf 91' lang='lat' dir='ltr'><strong>numero</strong></span> <span class='ocrx_word' id='word_1_783' title='bbox 1475 2691 1550 2715; x_wconf 90' lang='lat' dir='ltr'><strong>sunt.</strong></span> <span class='ocrx_word' id='word_1_784' title='bbox 1565 2686 1658 2713; x_wconf 89' lang='lat' dir='ltr'><strong>Prima</strong></span> <span class='ocrx_word' id='word_1_785' title='bbox 1670 2691 1712 2714; x_wconf 89' lang='lat' dir='ltr'><strong>est</strong></span> 
     </span>
    </p>
   </div>
   <div class='ocr_carea' id='block_1_115' title="bbox 925 2733 1710 2770">
    <p class='ocr_par' dir='ltr' id='par_1_115' title="bbox 925 2733 1710 2770">
     <span class='ocr_line' id='line_1_117' title="bbox 925 2733 1710 2770; baseline -0.003 -8"><span class='ocrx_word' id='word_1_786' title='bbox 925 2735 1009 2770; x_wconf 67' lang='lat' dir='ltr'><strong>gulae;</strong></span> <span class='ocrx_word' id='word_1_787' title='bbox 1047 2733 1178 2767; x_wconf 85' lang='lat' dir='ltr'><strong>secunda,</strong></span> <span class='ocrx_word' id='word_1_788' title='bbox 1212 2733 1419 2768; x_wconf 84' lang='lat' dir='ltr'><strong>fornicationis;</strong></span> <span class='ocrx_word' id='word_1_789' title='bbox 1442 2733 1535 2766; x_wconf 90' lang='lat' dir='ltr'><strong>tertia,</strong></span> <span class='ocrx_word' id='word_1_790' title='bbox 1570 2733 1710 2766; x_wconf 65' lang='lat' dir='ltr'><strong>avaritiae;</strong></span> 
     </span>
    </p>
   </div>
   <div class='ocr_carea' id='block_1_116' title="bbox 925 2780 1711 2817">
    <p class='ocr_par' dir='ltr' id='par_1_116' title="bbox 925 2780 1711 2817">
     <span class='ocr_line' id='line_1_118' title="bbox 925 2780 1711 2817; baseline -0.001 -9"><span class='ocrx_word' id='word_1_791' title='bbox 925 2785 1034 2817; x_wconf 88' lang='lat' dir='ltr'><strong>quarta,</strong></span> <span class='ocrx_word' id='word_1_792' title='bbox 1058 2781 1121 2814; x_wconf 80' lang='lat' dir='ltr'><strong>irae;</strong></span> <span class='ocrx_word' id='word_1_793' title='bbox 1142 2782 1247 2816; x_wconf 89' lang='lat' dir='ltr'><strong>quinta,</strong></span> <span class='ocrx_word' id='word_1_794' title='bbox 1262 2780 1398 2813; x_wconf 67' lang='lat' dir='ltr'><strong>tristitiae;</strong></span> <span class='ocrx_word' id='word_1_795' title='bbox 1415 2783 1502 2812; x_wconf 78' lang='lat' dir='ltr'><strong>sexta,</strong></span> <span class='ocrx_word' id='word_1_796' title='bbox 1519 2780 1649 2815; x_wconf 65' lang='lat' dir='ltr'><strong>pigritiae;</strong></span> <span class='ocrx_word' id='word_1_797' title='bbox 1666 2787 1711 2807; x_wconf 88' lang='lat' dir='ltr'><strong>sc-</strong></span> 
     </span>
    </p>
   </div>
   <div class='ocr_carea' id='block_1_117' title="bbox 926 2825 1712 2862">
    <p class='ocr_par' dir='ltr' id='par_1_117' title="bbox 926 2825 1712 2862">
     <span class='ocr_line' id='line_1_119' title="bbox 926 2825 1712 2862; baseline -0.003 -8"><span class='ocrx_word' id='word_1_798' title='bbox 926 2827 1022 2862; x_wconf 88' lang='lat' dir='ltr'><strong>ptitna,</strong></span> <span class='ocrx_word' id='word_1_799' title='bbox 1047 2826 1138 2853; x_wconf 88' lang='lat' dir='ltr'><strong>inanis</strong></span> <span class='ocrx_word' id='word_1_800' title='bbox 1164 2826 1272 2862; x_wconf 62' lang='lat' dir='ltr'><strong>gloria};</strong></span> <span class='ocrx_word' id='word_1_801' title='bbox 1295 2829 1402 2858; x_wconf 85' lang='lat' dir='ltr'><strong>octava,</strong></span> <span class='ocrx_word' id='word_1_802' title='bbox 1432 2826 1577 2861; x_wconf 60' lang='lat' dir='ltr'><strong>superbire.</strong></span> <span class='ocrx_word' id='word_1_803' title='bbox 1605 2825 1712 2853; x_wconf 69' lang='lat' dir='ltr'><strong>Nostra:</strong></span> 
     </span>
    </p>
   </div>
   <div class='ocr_carea' id='block_1_118' title="bbox 926 2872 1711 2908">
    <p class='ocr_par' dir='ltr' id='par_1_118' title="bbox 926 2872 1711 2908">
     <span class='ocr_line' id='line_1_120' title="bbox 926 2872 1711 2908; baseline -0.001 -8"><span class='ocrx_word' id='word_1_804' title='bbox 926 2881 1009 2908; x_wconf 89' lang='lat' dir='ltr'><strong>porro</strong></span> <span class='ocrx_word' id='word_1_805' title='bbox 1021 2872 1161 2901; x_wconf 87' lang='lat' dir='ltr'><strong>facultatis</strong></span> <span class='ocrx_word' id='word_1_806' title='bbox 1177 2880 1231 2900; x_wconf 93' lang='lat' dir='ltr'><strong>non</strong></span> <span class='ocrx_word' id='word_1_807' title='bbox 1244 2876 1296 2905; x_wconf 90' lang='lat' dir='ltr'><strong>est,</strong></span> <span class='ocrx_word' id='word_1_808' title='bbox 1311 2877 1341 2900; x_wconf 86' lang='lat' dir='ltr'><strong>ut</strong></span> <span class='ocrx_word' id='word_1_809' title='bbox 1356 2872 1398 2900; x_wconf 71' lang='lat' dir='ltr'><strong>ha:</strong></span> <span class='ocrx_word' id='word_1_810' title='bbox 1410 2880 1506 2901; x_wconf 88' lang='lat' dir='ltr'><strong>omnes</strong></span> <span class='ocrx_word' id='word_1_811' title='bbox 1520 2873 1711 2908; x_wconf 84' lang='lat' dir='ltr'><strong>cogitationes.</strong></span> 
     </span>
    </p>
   </div>
   <div class='ocr_carea' id='block_1_119' title="bbox 927 2917 1712 2953">
    <p class='ocr_par' dir='ltr' id='par_1_119' title="bbox 927 2917 1712 2953">
     <span class='ocr_line' id='line_1_121' title="bbox 927 2917 1712 2953; baseline -0.005 -4"><span class='ocrx_word' id='word_1_812' title='bbox 927 2919 1080 2949; x_wconf 87' lang='lat' dir='ltr'><strong>molestiam</strong></span> <span class='ocrx_word' id='word_1_813' title='bbox 1103 2919 1144 2947; x_wconf 82' lang='lat' dir='ltr'><strong>vcl</strong></span> <span class='ocrx_word' id='word_1_814' title='bbox 1167 2917 1291 2953; x_wconf 70' lang='lat' dir='ltr'><strong>adferant,</strong></span> <span class='ocrx_word' id='word_1_815' title='bbox 1311 2919 1352 2946; x_wconf 85' lang='lat' dir='ltr'><strong>vel</strong></span> <span class='ocrx_word' id='word_1_816' title='bbox 1368 2927 1422 2947; x_wconf 87' lang='lat' dir='ltr'><strong>non</strong></span> <span class='ocrx_word' id='word_1_817' title='bbox 1445 2919 1577 2953; x_wconf 72' lang='lat' dir='ltr'><strong>afferant;</strong></span> <span class='ocrx_word' id='word_1_818' title='bbox 1599 2923 1629 2946; x_wconf 87' lang='lat' dir='ltr'><strong>ut</strong></span> <span class='ocrx_word' id='word_1_819' title='bbox 1648 2924 1712 2946; x_wconf 84' lang='lat' dir='ltr'><strong>vero</strong></span> 
     </span>
    </p>
   </div>
  </div>
