1926 3068
204 179 274 208 I399

790 181 819 208 S.
839 181 1073 211 ATHANASIL‘S.
1096 200 1126 204 —
1149 184 1284 213 SPERIA.

1764 187 1839 213 Μυθ

205 243 339 272 maneant.
354 243 381 267 et
397 239 540 275 passiones
563 240 694 272 excitent.
718 241 760 268 vel
785 249 839 269 non
856 242 988 276 excitent,

1051 243 1128 278 ιχλεῖν
1145 244 1198 270 τῶν
1215 245 1264 271 οὐκ
1281 245 1324 278 ἐφ’
1338 245 1403 280 ἡμῖν
1418 245 1500 272 ἐστιν·
1518 244 1646 280 ἐμμένειν
1664 244 1703 276 δὲ,
1722 243 1739 279 ἢ
1761 244 1839 279 πάθη

205 290 304 313 nostra:
320 286 457 314 facultatis
468 291 520 314 est.
536 287 617 314 Aliud
631 287 705 315 enim
718 290 761 314 est
776 288 903 323 irruptio,
915 287 991 314 aliud

205 332 332 364 adhaesio,
354 332 427 360 aliud
444 333 547 367 passio,
562 333 635 360 aliud
651 341 753 368 pugna,
775 333 851 360 aliud
872 341 992 362 consen-

205 387 262 410 sus.
278 379 350 406 aliud
362 380 494 414 operatio.
510 379 542 406 Et
562 379 678 415 irruptio
689 379 801 415 quidem
818 384 861 407 est
875 379 991 414 simplex

205 426 408 453 reminiscentia
416 426 570 453 abinimico
581 425 692 453 inducta
704 435 711 459 ;
722 426 813 461 qualis
825 431 867 453 est
881 426 989 453 isthaw:

205 471 262 500 Hoc
279 472 373 503 facito,
392 472 434 500 vel
457 472 544 499 illud:
562 476 592 499 ut
611 471 723 499 Christo
738 473 803 499 olim
817 475 844 499 et
869 471 925 498 Deo
940 479 991 499 no-

204 521 260 546 stro
289 518 392 546 dictum
419 522 461 546 est
488 528 495 545 ι
526 527 535 544 ‹
564 517 611 545 Dic
639 522 670 545 ut
702 517 806 553 lapides
834 518 879 545 isti
906 525 991 552 panes

204 565 270 592 flant
281 565 313 593 ‘°.
334 575 343 590 ι
363 565 431 598 lloc,
447 565 487 592 uti
502 564 607 592 dictum
625 569 678 597 est,
698 572 782 599 penes
798 571 848 591 nos
864 571 919 590 non
937 567 990 590 est.

204 611 328 639 Adhaesio
342 614 385 638 est
405 610 536 638 admissio
556 610 673 638 inducta:
695 610 730 637 ab
751 609 863 636 inimico
886 609 992 644 cogita-

203 659 296 689 tionis.
315 662 342 685 et
367 658 447 692 quasi
467 656 607 685 meditatio
628 660 656 684 et
675 663 841 691 congressus
858 663 919 683 cum
946 655 993 682 illo

203 703 277 730 circa
302 703 475 738 propositum
492 706 628 729 nostrum.
650 701 746 729 Passio
765 706 808 729 est
827 701 936 729 affectio
959 709 992 728 ex

203 748 359 775 adbysione
378 751 466 782 parta.
486 751 561 774 mota
587 747 621 773 ab
645 747 769 778 inimico,
793 746 923 782 passione
938 747 994 774 sci-

204 794 268 821 licet
283 793 317 820 ab
332 793 380 820 illo
392 793 529 826 excitata;
545 795 642 827 estque
658 793 732 819 velut
749 793 892 824 admissio,
909 793 993 820 medi-

205 839 281 869 tatio.
304 842 332 865 et
351 837 506 872 phantasia.
525 836 620 872 Pugna
644 841 687 864 est
704 837 872 870 colluctatio,
895 841 942 864 aut
959 837 992 864 ad

204 884 397 912 eliminandam
417 884 612 919 cegitationem
632 885 780 919 passionis,
799 889 845 911 aut
868 883 902 911 ad
926 892 992 912 con-

205 939 328 962 sensum,
344 935 374 958 ut
389 930 427 957 ait
442 914 610 965 Apostolus:
664 930 736 957 Caro
755 914 926 965 concupiscit
943 930 993 957 ad-
1009 914 1030 944 Β

206 985 301 1005 versus
319 977 457 1012 spiritum,
470 980 499 1004 et
517 977 632 1011 spiritus
648 976 780 1004 adversus
795 984 917 1004 carnem.
930 976 994 1004 Haec

206 1027 295 1051 autem
312 1024 363 1051 sibi
379 1023 570 1050 adversantur.
586 1024 617 1050 ¹¹.
641 1032 651 1048 ι
669 1023 829 1050 Consensns
844 1027 935 1050 autem
952 1026 995 1050 est

207 1075 290 1098 nutus
307 1070 339 1097 ad
357 1069 514 1104 passionem
531 1069 716 1104 cogitationis.
733 1068 863 1103 Operatio
877 1074 919 1096 est
936 1069 995 1104 ipse

206 1121 295 1144 actus.
319 1115 430 1143 Deletur
454 1123 519 1143 vero
540 1115 732 1150 temperantia,
747 1115 886 1148 edacitas;
902 1115 995 1142 divino

207 1169 301 1190 amore
314 1166 341 1190 et
356 1162 510 1189 futurorum
525 1160 671 1192 desiderio.
696 1160 861 1194 fornicatio;
878 1161 995 1188 commi-

207 1209 346 1236 seratione
364 1215 429 1243 erga
450 1214 596 1242 pauperes,
619 1206 755 1239 avaritia;
779 1207 948 1242 benignitate
969 1211 996 1234 et

207 1255 340 1283 eharitate
353 1261 418 1288 erga
435 1261 542 1285 omnes,
558 1254 616 1286 ira;
634 1254 771 1288 spirituali
786 1254 898 1289 gaudio.
914 1261 996 1280 mun-

207 1299 278 1327 dena
298 1299 428 1332 tristitia;
446 1299 575 1334 patientia
591 1303 619 1325 et
634 1299 790 1330 tolerantia.
806 1303 833 1326 et
845 1299 996 1334 gratiarum

207 1345 315 1372 actione
330 1344 385 1374 Deo
402 1345 484 1376 facta,
503 1345 630 1380 pigritia;
646 1345 763 1373 occultis
781 1345 914 1372 virtutum
929 1353 996 1381 ope-

208 1391 296 1422 ribus,
313 1398 346 1418 ae
360 1390 496 1425 frequenti
508 1391 644 1422 oratione,
659 1391 748 1418 inanis
763 1391 849 1426 gloria
868 1401 874 1418 :
891 1392 996 1418 nullum

209 1436 358 1472 iudicando
368 1437 410 1464 vel
422 1437 589 1472 spernendo,
601 1441 631 1463 ut
639 1436 760 1471 jactator
774 1437 819 1464 ille
830 1436 996 1470 Pharisazus,

209 1490 325 1519 seseque
345 1482 467 1510 omnium
489 1485 658 1517 postremum
678 1482 841 1517 reputando,
858 1482 995 1517 superbia.

209 1530 259 1558 His
274 1531 358 1566 igitur
382 1537 465 1565 supra
479 1529 562 1557 dictis
578 1529 755 1565 passionibus
775 1530 890 1558 liberata
908 1538 996 1562 mens,

208 1583 236 1606 et
248 1577 283 1605 ad
295 1577 380 1604 Deum
392 1581 492 1607 erecta.
507 1577 563 1612 jam
575 1584 607 1604 ex
622 1576 673 1603 hoc
685 1576 788 1603 mundo
799 1578 907 1604 beatam
922 1577 998 1605 ducit

210 1625 305 1656 vitam,
317 1628 430 1659 accepto
442 1623 562 1658 Spiritus
575 1623 729 1651 arrhabone
742 1633 749 1650 :
766 1627 849 1658 atque
862 1623 926 1651 hinc
939 1632 1000 1659 pro-

213 1671 283 1699 fecta
303 1670 463 1706 passionum
481 1677 589 1704 enters,
606 1677 670 1696 cum
691 1676 756 1697 vera
778 1669 946 1704 cognitione,
965 1669 1000 1697 ad

212 1718 304 1745 lumen
320 1720 423 1744 saneta
436 1723 468 1743 ac
482 1717 566 1743 beata:
577 1715 721 1742 Trinitatis
736 1715 845 1743 sistitur
857 1716 885 1743 in
900 1716 1000 1743 saecula

212 1763 319 1790 inﬁnita
333 1771 396 1790 eum
412 1762 514 1790 sanctis
529 1762 632 1796 angelis
646 1761 795 1795 refulgens.

1043 289 1137 320 κινεῖν,
1153 289 1169 324 ἢ
1188 289 1224 325 μὴ
1242 291 1337 321 κινεῖν,
1358 290 1460 325 ὁμοίως
1480 290 1534 316 τῶν
1555 291 1596 324 ἐφ’
1613 291 1689 324 ἡμῖν.
1712 289 1797 315 ’Δλλο
1811 289 1839 315 δέ

1042 336 1099 361 ἐστι
1112 335 1258 370 προσϐολὴ,
1273 335 1321 362 καὶ
1335 335 1398 362 ἄλλο
1409 335 1587 371 συνδυασμὸς,
1603 335 1650 362 καὶ
1664 335 1728 362 ἄλλο
1737 335 1838 366 πάθος,

1042 380 1090 406 καὶ
1099 379 1164 406 ἄλλο
1174 380 1258 415 πάλη,
1271 381 1319 407 καὶ
1329 381 1393 408 ἄλλο
1407 381 1616 415 συγκατάθεσις,
1628 381 1675 407 καὶ
1685 379 1750 407 ἄλλο
1760 379 1836 416 ἐνέρ-

1042 433 1114 459 γεια.
1130 425 1185 451 Καὶ
1200 425 1336 461 προσϐολὴ
1351 425 1400 460 μὲν
1411 426 1484 452 ἔστιν
1500 427 1517 460 ἡ
1535 425 1628 457 ἁπλῶς
1643 425 1774 460 γινομένη
1790 424 1840 451 τοῦ

1043 470 1140 506 ὲχθροῦ
1155 471 1318 506 ὑπόμνησις·
1336 470 1401 503 οἷον.
1414 472 1529 506 Ποίησον
1540 472 1609 502 τάδε,
1624 471 1640 507 ἤ
1657 472 1726 498 τόδε·
1740 472 1780 504 ὡς
1791 471 1840 498 ἐπὶ

1043 518 1088 545 τοῦ
1100 518 1218 554 Χριστοῦ
1231 518 1278 544 καὶ
1291 517 1358 544 Θεοῦ
1374 518 1463 554 ἡμῶν·
1483 519 1566 544 «Elui
1581 519 1624 544 ἵνα
1639 519 1663 544 οί
1677 517 1747 545 λίθοι
1762 516 1840 545 οὗτοι

1043 566 1119 600 ἄρτοι
1138 565 1280 599 γένωνται.
1300 564 1415 595 »Τοῦτο,
1433 565 1471 596 ὡς
1497 565 1615 600 εἴρηται,
1633 565 1682 591 οὐκ
1697 565 1739 598 ἐφ’
1757 566 1839 600 ἡμῖν.

1043 611 1214 646 Συνδυασμὺς
1228 611 1256 637 δέ
1271 611 1374 646 ἐστινὴ
1393 609 1532 646 παραδοχὴ
1550 610 1595 636 τοῦ
1614 609 1841 645 ὑπερϐαλλομένου

1042 657 1172 693 λογισμοῦ
1188 656 1263 692 παρὰ
1282 657 1329 684 τοῦ
1348 656 1458 692 ἐχθροῦ’
1478 653 1534 682 οἷον
1555 657 1613 691 μετ’
1633 656 1716 682 αὐτοῦ
1735 656 1839 690 μελέτη

1043 705 1090 731 καὶ
1101 704 1192 739 ὁμιλία
1207 704 1276 738 ὑπὲρ
1290 705 1323 739 τῇ
1341 703 1498 738 προαιρέσει
1513 702 1600 738 ἡμῶν.
1619 703 1707 734 Πάθος
1719 702 1746 729 δέ
1761 703 1841 728 ἐστιν

1043 751 1060 786 ἡ
1073 750 1127 777 ἀπὸ
1136 750 1183 776 τοῦ
1197 749 1367 784 συνδυασμοῦ
1379 749 1435 782 ἕξις
1448 749 1576 784 γινομένη
1591 748 1665 783 παρὰ
1680 748 1726 774 τοῦ
1737 748 1838 783 ἐχθροῦ

1044 796 1263 831 ὑποδαλλομὲνου
1278 795 1391 825 πάθους·
1408 795 1456 821 κα)⁸
1475 794 1531 821 οἷον
1550 795 1566 830 ὴ
1590 794 1698 830 συνοχὴ,
1724 794 1838 830 μελέτη,

1044 842 1092 868 καὶ
1108 841 1252 873 φαντασία.
1275 840 1352 876 Πάλη
1367 840 1395 867 δέ
1413 841 1486 866 ἐστιν
1509 841 1526 875 ἡ
1548 839 1714 871 ἀντίστασις,
1731 839 1747 875 ἢ
1767 838 1840 874 πρὸς

1044 888 1184 923 ἀναίρεσιν
1195 887 1246 913 τοῦ
1257 886 1388 922 λογισμοῦ
1403 885 1450 912 τοῦ
1466 885 1580 917 πάθους,
1592 885 1608 920 ἦ
1622 885 1690 921 πρὸς
1703 884 1840 919 συγκατά-

1046 933 1131 965 θεσιν,
1151 932 1242 964 καθώς
1257 941 1338 968 φησιν
1352 933 1367 958 ὁ
1387 931 1558 963 ’Λπύστολοςο
1573 940 1582 956 ι
1607 931 1638 957 'H
1659 930 1727 967 σὰρξ
1741 930 1839 956 ἐπιθυ-

1049 980 1094 1014 μεῖ
1112 978 1184 1005 κατὰ
1205 978 1252 1004 τοῦ
1275 978 1440 1013 πνεύματος,
1465 978 1496 1004 τὺ
1519 977 1547 1004 δὲ
1565 977 1674 1012 πνεῦμα.
1693 976 1762 1003 κατὰ
1788 976 1840 1012 τῆς

1048 1025 1160 1061 σαρκός.
1175 1024 1268 1051 Ταῦτα
1283 1024 1311 1050 δὲ
1329 1025 1494 1050 ἀντίκεινται
1510 1024 1644 1059 ἀλλήλοις.
1666 1033 1674 1049 ι
1694 1023 1840 1057 Συγκατά-

1048 1071 1122 1102 θεσις
1133 1071 1161 1097 δὲ
1179 1071 1195 1106 ἡ
1209 1071 1372 1102 κατάνευσις
1389 1070 1455 1106 πρὸς
1469 1070 1500 1096 τὸ
1520 1070 1606 1101 πάθος
1625 1069 1671 1096 τοῦ
1694 1069 1839 1104 λογισμου.

1054 1116 1193 1152 Ἐνέργεια
1208 1116 1237 1142 δὲ
1250 1117 1266 1152 ἠ
1284 1116 1352 1151 αὐτὴ
1364 1116 1472 1152 πρᾶξις.
1494 1116 1660 1152 Ἀναιρεῖται
1675 1115 1703 1142 δὲ
1719 1115 1770 1142 ὑπὸ
1789 1115 1840 1150 μὲν

1047 1164 1097 1198 τῆς
1118 1163 1282 1198 ἐγκρατείας
1303 1163 1320 1198 ὴ
1336 1163 1554 1198 γαστριμαργία,
1581 1163 1633 1189 ὑπὸ
1654 1162 1682 1189 δὲ
1701 1161 1748 1188 τοῦ
1764 1161 1840 1188 θείου

1048 1208 1131 1235 πόθου
1154 1209 1201 1235 καὶ
1222 1208 1272 1243 τῆς
1293 1208 1347 1234 τῶν
1369 1208 1519 1241 μελλόντων
1537 1208 1656 1242 ἐφέσεως
1674 1208 1690 1243 ἡ
1715 1207 1838 1242 πορνεία’

1049 1255 1100 1282 ὑπὸ
1113 1256 1141 1282 δὲ
1157 1255 1207 1290 τῆς
1224 1255 1396 1290 συμπαθείας
1407 1256 1456 1290 τῆς
1468 1255 1606 1290 πρδςτοὺς
1620 1254 1739 1289 πένητας
1749 1254 1764 1288 ἡ
1775 1253 1838 1288 φιλ-

1049 1302 1178 1337 αργυρία·
1195 1302 1248 1328 ὑπὸ
1260 1301 1287 1328 δὲ
1305 1302 1355 1336 τῆς
1371 1301 1539 1336 ἀγαθότητος
1552 1302 1599 1328 καὶ
1627 1301 1678 1335 τῆς
1692 1299 1759 1336 πρὸς
1772 1300 1841 1326 πάν-

1050 1356 1098 1379 τας
1112 1348 1224 1382 ἀγάπης
1240 1349 1256 1383 ὴ
1273 1348 1353 1383 ὀργήν
1374 1347 1428 1373 ὑπὸ
1441 1346 1470 1373 δὲ
1485 1347 1534 1381 τῆς
1551 1345 1737 1381 πνευματικῆς
1752 1345 1841 1380 χαρᾶς

1050 1394 1066 1429 ἡ
1077 1393 1196 1429 κοσμικὴ
1207 1394 1289 1428 λύπη·
1299 1394 1351 1420 ὑπὸ
1360 1393 1388 1420 δὲ
1397 1393 1447 1428 τῆς
1460 1393 1608 1428 ὑπομονῆς,
1618 1392 1665 1419 καὶ
1677 1391 1841 1426 καρτερίας,

1051 1440 1097 1466 καὶ
1114 1439 1164 1474 τῆς
1177 1439 1245 1476 πρὸς
1258 1439 1324 1466 Θεὸν
1336 1439 1520 1476 εὐχαριστίας,
1531 1440 1546 1474 ἡ
1559 1438 1667 1474 ἀκηδίαι
1686 1438 1737 1465 ὑπὸ
1750 1438 1777 1464 δὲ
1789 1437 1841 1471 τῆς

1051 1486 1176 1521 κρυπτῆς
1198 1486 1252 1512 τῶν
1277 1485 1383 1521 ἀρετῶν
1409 1485 1551 1520 ἐργασίας,
1579 1484 1624 1511 καὶ
1644 1485 1691 1519 τῆς
1711 1483 1841 1518 συνεχοῦς

1052 1532 1207 1568 προσευχῆς
1224 1533 1240 1567 ἡ
1254 1532 1402 1565 κενοδοξία·
1417 1532 1470 1558 ὑπὸ
1486 1531 1514 1558 δὲ
1531 1531 1577 1558 τοῦ
1595 1531 1632 1567 μὴ
1649 1531 1753 1567 κρίνειν
1769 1530 1840 1559 τινὰ,

1051 1578 1067 1614 ἢ
1081 1578 1242 1611 ἐξουθενεῖν,
1258 1578 1297 1610 ὡς
1313 1578 1326 1604 ὁ
1341 1579 1510 1614 μεγάλαυχος
1525 1579 1679 1614 Φαρισαῖος,
1694 1577 1750 1604 ἀλλ’
1767 1577 1841 1612 ἡγεῖ-

1054 1624 1116 1651 σθαι
1131 1625 1226 1651 ἑαυτὸν
1238 1625 1352 1660 ἔσχατον
1363 1625 1482 1655 πάντων,
1531 1623 1715 1660 ὑπερηφανία.
1731 1622 1843 1649 Τούτων

1053 1669 1100 1698 οὖν
1118 1671 1173 1698 τῶν
1188 1672 1342 1707 εἰρημένων
1363 1671 1457 1698 παθῶν
1471 1671 1485 1697 ὁ
1504 1671 1565 1702 νοῦς
1581 1668 1780 1705 ἐλευθερωθεὶς,
1795 1670 1842 1695 καὶ

1053 1718 1122 1753 πρὸς
1135 1718 1202 1745 Θεὸν
1214 1718 1377 1752 ἀνυψωθεὶς,
1398 1717 1563 1744 ἁπεντεῦοεν
1585 1717 1616 1752 ζῇ
1638 1716 1687 1751 τὴν
1706 1715 1842 1751 μακαρίαν

1055 1763 1138 1800 ζωὴν,
1157 1764 1202 1791 τὸν
1220 1764 1367 1800 ἀρραϐῶνα
1383 1763 1526 1800 δεχόμενος
1542 1763 1589 1790 τοῦ
1606 1762 1773 1798 Πνεύματος·
1795 1761 1843 1787 καὶ

211 1811 266 1838 τῶν
298 1811 423 1838 ἐντεῦθεν
456 1810 635 1845 ἀποδημήσας
659 1809 728 1845 μετὰ
747 1809 881 1841 ἀπαθείας
902 1810 949 1836 καὶ
968 1810 1092 1844 γνώσεως
1115 1812 1241 1847 ἀληθοῦς,
1267 1813 1433 1848 παρίσταται
1454 1811 1493 1846 τῷ
1526 1810 1595 1846 eoa-.1
1611 1809 1661 1844 τῆς
1696 1809 1776 1844 ἁγίας
1796 1808 1842 1835 καὶ

214 1857 353 1892 μακαρίας
369 1856 484 1893 Τριάδος
499 1857 538 1887 εἰς
554 1855 656 1887 αἰῶνας
671 1856 841 1891 ἀπεράντους
858 1855 926 1890 μετὰ
941 1856 995 1883 τῶν
1013 1857 1097 1892 ἁγίων
1109 1859 1233 1893 ἀγγέλων
1249 1858 1502 1894 καταλαμπόμενος.

443 1913 585 1941 ὒίδιῦυοιίο
600 1914 763 1947 passionum.

249 1971 411 1998 Passienum
427 1970 487 1998 alia:
501 1978 640 2006 corporea:
651 1975 724 2001 sunt,
740 1970 799 1997 alize
814 1971 932 1998 animam
944 1979 1002 2006 spe-

215 2022 300 2044 ctant.
324 2017 480 2052 Corporeas
495 2017 622 2047 dicimus,
646 2016 820 2050 edacitatem,
839 2017 1000 2044 fornicatio—

215 2071 288 2094 nem,
307 2063 480 2094 ebrietatem.
502 2063 655 2091 lasciviam.
677 2062 802 2090 Animam
826 2067 949 2098 spectare
964 2062 1006 2090 di-

216 2111 304 2138 cimus
322 2110 413 2141 hasce.
429 2110 522 2137 odium
534 2117 598 2144 erga
617 2109 784 2145 proximum,
801 2109 880 2140 iram,
893 2112 1006 2136 conten-

217 2157 330 2187 tionem,
362 2156 471 2183 inanem
504 2155 628 2190 gloriam.
656 2154 702 2181 lla:
728 2154 755 2181 in
789 2154 879 2180 anima
910 2158 1004 2180 nostra

218 2206 379 2238 operantur,
396 2201 508 2228 absente
524 2201 656 2228 charitate
677 2203 704 2227 et
722 2200 918 2234 temperantia;
935 2207 1006 2234 pra:-

218 2253 295 2277 sente
320 2252 410 2276 autent
435 2247 567 2274 cliaritate
592 2250 673 2282 atque
693 2246 884 2280 temperantia.
911 2245 1004 2272 istincc

218 2295 309 2322 omnia
331 2294 474 2326 delentur;
495 2293 547 2320 alia
569 2300 617 2328 per
633 2292 803 2328 spiritualcm
828 2291 1004 2321 cltaritatem.

218 2341 271 2368 alia
300 2348 349 2376 per
369 2339 503 2375 jejunium
529 2344 555 2366 et
578 2338 800 2374 temperantiam.
828 2337 906 2364 Tunc
932 2338 1004 2365 enim

219 2395 296 2415 mens
320 2386 501 2414 domesticum
521 2385 612 2412 lttmen
634 2384 744 2420 accipit,
768 2391 799 2411 ac
824 2383 909 2412 Deum
931 2384 1008 2411 nullo

219 2435 298 2463 obice
310 2434 393 2461 videt.

468 2489 508 2517 De
521 2489 568 2516 Dei
584 2488 759 2524 providentia.

255 2550 352 2578 Omnia
369 2556 401 2576 ex
417 2547 474 2575 Deo
497 2550 573 2579 sunt,
588 2546 670 2577 bona,
686 2544 788 2578 tristia,
802 2543 929 2579 indig...;
961 2543 1007 2570 sed

219 2598 272 2625 aiia
290 2596 400 2632 quidem
416 2594 518 2630 placito
538 2593 616 2628 ejus;
633 2593 696 2622 alia.
711 2591 938 2627 dispensatione;
957 2590 1008 2617 alia

221 2642 414 2679 permissione.
430 2640 497 2673 Quae
511 2639 611 2675 placito
625 2638 685 2673 ejus
696 2637 846 2674 (eveniunt)
856 2643 918 2664 cum
933 2635 1009 2663 scili-

219 2693 263 2717 cet
279 2689 363 2716 vitam
379 2688 406 2714 in
418 2687 521 2714 virtute
535 2686 659 2721 agimus;
672 2685 728 2712 vult
740 2691 859 2718 namque
874 2682 945 2710 Deus
958 2689 1008 2709 nos

220 2735 281 2762 sine
297 2737 410 2770 peccato
427 2733 536 2768 degere,
557 2735 639 2766 atque
660 2738 722 2758 cum
743 2730 845 2766 pietate
862 2733 890 2757 et
909 2729 1011 2756 virtute

219 2781 303 2807 vitam
340 2779 495 2807 instituere.
526 2776 739 2813 Dispensatione
764 2780 867 2807 autem,
899 2774 1010 2810 quando

219 2826 288 2862 lapsi
303 2830 330 2854 et
341 2830 403 2861 post
417 2829 559 2861 peccatum
577 2824 728 2851 admissum
747 2821 924 2858 eastigamur.
942 2819 1011 2848 Per-

261 2904 285 2920 ”
304 2902 396 2930 Matth-
418 2909 455 2936 Iv,
471 2902 498 2929 5.
538 2901 556 2917 "
578 2900 665 2928 Galat.
682 2907 710 2931 v,
730 2898 773 2926 17.

1281 1905 1413 1937 Διιὶθεσις
1432 1905 1489 1931 τῶν
1503 1902 1615 1930 παθῶν.

1090 1954 1151 1979 Τῶν
1167 1952 1261 1979 παθῶν
1276 1952 1309 1978 τὰ
1329 1952 1377 1987 μὲν
1392 1951 1449 1977 ἔστι
1465 1949 1617 1986 σωματικὰ,
1634 1948 1668 1975 τὰ
1684 1947 1713 1974 δὲ
1728 1945 1841 1982 ψυχικά.

1055 2000 1111 2026 Καὶ
1120 1998 1265 2035 σωματικά
1276 1999 1324 2032 μὲν
1335 1998 1450 2033 λέγομεν
1460 1995 1690 2032 γαστριμαργίαν,
1705 1992 1844 2028 πορνείαν,

1057 2045 1152 2081 μέθην,
1166 2045 1319 2079 ἀσέλγειαν·
1333 2043 1437 2079 ψυχικὰ
1448 2043 1475 2070 δὲ
1492 2043 1570 2078 μῖσος
1581 2041 1649 2077 πρὸς
1660 2040 1704 2066 τὸν
1718 2038 1842 2073 πλησίον.

1056 2091 1162 2126 φθόνος,
1176 2091 1244 2127 ἔρις,
1258 2090 1407 2124 κενοδοξία,
1421 2087 1605 2125 ὑπερηφανία.
1620 2086 1714 2113 Ταῦτα
1728 2085 1757 2112 δὲ
1770 2085 1845 2119 ἐνερ-

1054 2137 1148 2171 γοῦσιν
1160 2138 1200 2168 είς
1211 2136 1258 2172 τὴν
1270 2136 1407 2172 ἡμετέραν
1421 2135 1520 2170 ψυχὴν,
1536 2132 1659 2166 ἀπούσης
1673 2131 1784 2165 ἀγάπης
1796 2129 1843 2156 καὶ

1055 2183 1227 2219 ἐγκρατείας*
1243 2182 1384 2218 παρούσης
1407 2181 1435 2208 δὲ
1464 2180 1572 2214 ἀγάπης
1595 2178 1643 2205 καὶ
1671 2175 1842 2212 ἐγκρατείας,

1054 2229 1141 2256 ταῦτα
1165 2229 1253 2256 πάντα
1282 2228 1497 2262 ἐξαφανίζονται,
1521 2225 1556 2252 τὰ
1585 2224 1633 2260 μὲν
1655 2222 1707 2249 ὑπὸ
1734 2221 1843 2256 ἀγάπης

1057 2276 1255 2312 πνευματικῆς,
1279 2275 1314 2301 τὰ
1337 2274 1364 2300 δὲ
1382 2274 1435 2300 ὑπὸ
1455 2271 1582 2307 νηστείας
1603 2270 1649 2297 καὶ
1671 2267 1844 2303 ἐγκρατείας.

1035 2326 1039 2328 ⁷
1057 2321 1123 2348 Τότε
1143 2320 1197 2355 γὰρ
1211 2321 1225 2346 ὸ
1240 2320 1301 2351 νοῦς
1316 2319 1362 2346 καὶ
1375 2318 1406 2345 τὸ
1417 2319 1516 2344 οἰκεῖον
1531 2315 1588 2350 φῶς
1601 2313 1786 2348 ἀπολαμϐάνει
1797 2312 1844 2338 καὶ

1056 2368 1102 2394 τὸν
1115 2367 1181 2394 Θεὸν
1195 2365 1442 2402 ἀπαρεμποδίστως
1456 2364 1517 2399 ὁρᾷ.

1214 2456 1285 2490 Περὶ
1298 2453 1352 2489 τῆς
1370 2454 1423 2482 τοῦ
1443 2452 1516 2481 Θεοῦ
1534 2451 1686 2487 προνοίας.

1093 2504 1187 2531 Πάντα
1200 2504 1232 2530 ὲκ
1246 2502 1292 2529 τοῦ
1306 2501 1386 2532 Θεοῦ.
1401 2500 1448 2528 καὶ
1461 2500 1495 2526 τὰ
1508 2498 1608 2533 ἀγαθὰ.
1625 2500 1672 2524 καὶ.
1687 2496 1722 2523 τά
1736 2495 1845 2531 λυπηρὰ

1058 2549 1105 2575 καὶ
1117 2548 1151 2575 τὰ
1161 2546 1257 2579 ἀνάξια
1268 2555 1275 2561 ’
1285 2546 1352 2573 ἀλλὰ
1362 2545 1396 2572 τὰ
1412 2545 1460 2580 μὲν
1475 2544 1595 2578 εὐδοκία,
1611 2542 1643 2569 τὰ
1655 2542 1683 2568 δὲ
1694 2541 1844 2576 οἰκονομίᾳ,

1057 2594 1091 2620 τὰ
1110 2594 1138 2620 δὲ
1160 2592 1365 2628 παραχωρήσει.
1384 2590 1439 2617 Καὶ
1453 2589 1486 2616 τὰ
1501 2589 1561 2616 κατ’
1578 2587 1712 2617 εὐδοκίαν,
1729 2586 1773 2613 ὅτε
1787 2586 1845 2612 κατ’

1058 2639 1158 2675 ἀρετὴν
1182 2636 1396 2672 πολιτευώμεθα·
1425 2635 1550 2671 βούλεται
1575 2634 1629 2669 γὰρ
1652 2633 1725 2668 ἡμᾶς
1748 2633 1763 2658 ὸ
1782 2630 1846 2661 Θεὸς

1059 2683 1268 2719 ἀναμαρτήτους
1283 2682 1399 2716 διάγειν,
1421 2681 1468 2708 καὶ
1489 2679 1557 2716 μετὰ
1569 2680 1618 2715 τῆς
1633 2677 1784 2708 εὐσεϐείας,
1801 2677 1847 2703 καὶ

1059 2730 1159 2765 ἀρετῆς
1172 2727 1372 2755 πολιτεύεσθαι.
1388 2728 1457 2755 Κατ’
1469 2726 1624 2761 οἰκονομίαν
1637 2725 1674 2757 δὲ,
1689 2725 1753 2751 ὅταν
1766 2722 1847 2757 σφαλ-

1058 2775 1165 2810 λόμενοι
1182 2774 1229 2800 κεύ⁵
1244 2773 1449 2810 ἁμαρτάνοντες
1472 2771 1674 2807 παιδευώμεθα.
1694 2769 1775 2798 Κατὰ
1793 2777 1846 2796 πα-

1060 2817 1215 2856 ραχώρησιν
1229 2817 1267 2851 δὲ,
1282 2818 1346 2845 ὃταν
1362 2817 1550 2853 παιδευόμενοι
1571 2816 1608 2852 μὴ
1628 2814 1847 2850 ἐπιστρέψωμεν-
