1926 3068
123 129 206 158 {ml

637 132 827 160 SYNTACMA
848 134 894 160 AD
915 132 1086 167 QUEMDADI
1108 132 1308 161 POLITICUM.

1702 134 1773 162 “0‘2

123 190 269 226 εὐδόκησε
283 192 337 226 γὰρ
353 191 368 217 ὁ
386 191 451 224 Θεὸς
466 192 510 218 τὴν
530 192 671 228 ἄνθρωπον
693 193 822 228 σωθῆναι,
841 194 932 226 καθὼς

987 195 1116 222 missione
1127 202 1202 227 vero,
1216 201 1277 222 cum
1292 193 1417 228 castigati
1430 197 1485 220 non
1499 193 1693 220 convertimur.
1704 192 1773 220 Nam

125 238 187 264 καὶ
202 239 227 264 ot
251 238 361 272 ἄγγελοι
384 238 468 265 ἐϐόων
488 239 619 273 λέγοντες·
644 249 652 265 ‹
668 240 737 273 Δόξα
760 241 789 267 ὲν
811 240 932 275 ὑψίστοις

125 283 209 319 Θεῷ,
227 284 273 310 καὶ
288 284 384 319 εἰρήνη
404 284 450 310 ἐπὶ
471 285 522 319 γῆς
543 286 571 311 ὲν
591 285 747 321 ἀνθρώποις
767 285 901 318 εὐδοκίας.
921 296 930 312 ι

127 330 328 366 Οἰκονομικῶς
343 330 372 356 δὲ
387 330 468 358 πάλιν
484 330 605 357 παιδεύει
625 332 699 366 ἡμᾶς
712 331 930 367 ἁμαρτάνοντας,

131 385 142 400 ι
167 375 215 402 ῐνα
230 375 268 410 μὴ
281 376 329 402 σὺν
342 375 380 411 τῷ
393 376 488 411 κόσμῳ
508 376 730 412 κατακριθῶμεν,
747 387 755 402 ι
769 376 806 408 ὦς
822 385 904 412 φησιν
919 379 934 404 ὀ

135 421 316 452 Ἀπόστολος·
333 431 343 446 ι
358 422 520 457 Κρινόμενοι
533 422 560 449 δὲ
572 423 624 449 ὑπὸ
634 420 795 458 τοῦΚυρίου
809 423 934 450 παιδευό-

131 467 221 502 μεθα.
247 468 304 494 Οὐκ
321 467 378 494 ἔστι
401 468 484 495 κακία
507 469 536 495 ἑν
561 469 647 500 πόλει,
672 469 705 504 ἦν
725 471 740 496 ὀ
760 469 862 505 Κύριος
884 469 933 496 οὐκ

130 512 264 548 εποίησε·
289 523 298 539 ι
319 514 441 540 τουτέστι
466 514 586 550 λοιμοὺς,
615 515 721 551 λιμοὺς,
755 516 856 547 νόσους,
887 517 933 542 καὶ

132 557 250 592 σφαγὰς
270 558 406 594 πολέμων.
432 559 525 586 Ταῦτα
547 559 602 596 γὰρ
623 560 712 587 πάντα
731 560 780 595 τῆς
796 559 933 595 ἁμαρτίας

132 604 215 630 ἐστὶν
231 604 402 640 ἀναιρετικά.
428 604 592 641 Παραχωρεῐ
608 605 636 632 δὲ
656 606 704 632 καὶ
726 605 836 636 τελείως
851 606 934 639 ἐγκα-

133 650 310 686 ταλιμπάνει
331 651 395 682 τοὺς
417 651 454 686 μὴ
487 651 613 684 θέλοντας
636 652 652 687 ἢ
673 652 872 687 ἀναμαρτήτως
894 651 934 677 δι-

134 695 232 730 άγειν,
248 696 264 732 ἢ
284 696 495 731 παιδευομένους
518 697 554 733 μὴ
575 697 759 732 ἐπιστρέφειν,
772 697 829 724 ἀλλ’
844 697 883 723 ἔτι
899 698 937 732 τῇ-

135 741 226 776 κακίᾳ
240 742 378 777 ἐμμένειν,
389 742 479 773 καθὼς
495 742 661 778 γέγραπται,
677 744 718 770 ὅτι
735 753 744 768 ι
757 743 933 776 Τετύφλωκεν

135 789 151 814 ὁ
163 788 233 820 θεὸς
245 789 334 815 αὐτῶν
346 790 409 820 τοὺς
420 789 585 825 ὀφθαλμοὺς,
602 791 647 817 καὶ
659 790 827 825 πεπώρωκεν
843 790 933 816 αὐτῶν

135 834 190 869 τὴν
207 834 332 870 καρδίαν·
346 845 356 861 ι
369 835 415 862 καί
423 844 430 851 ι
441 845 450 861 ‹
462 836 623 872 Παρέδωκεν
637 837 735 868 αὐτοὺς
749 837 788 868 εὶς
804 837 933 871 ἀδόκιμον

982 240 1038 269 Deo
1051 241 1180 276 placitum
1191 245 1234 268 est
1246 239 1383 267 hominem
1398 239 1503 266 salvum
1514 238 1585 270 ﬁeri,
1596 239 1774 274 quemadmo-

982 287 1046 315 dum
1061 291 1089 315 et
1104 288 1192 322 angeli
1206 286 1362 314 clamabant
1375 285 1519 313 dicentes:
1544 294 1552 310 ι
1572 285 1663 312 Gloria
1679 286 1706 312 in
1725 293 1773 312 ex-

982 333 1065 360 celsis
1089 332 1153 363 Deo,
1170 336 1198 358 et
1218 332 1245 358 in
1271 336 1345 358 terra
1371 338 1433 365 pax,
1456 331 1485 357 in
1509 329 1588 365 517
1614 330 1772 358 hominibus

982 379 1061 405 bona:
1073 378 1266 408 voluntatis",
1286 386 1295 402 ι
1308 376 1375 403 Cum
1384 377 1536 403 oeconomia
1548 384 1612 403 vero
1623 383 1674 404 nos
1687 377 1775 404 corri-

984 425 1023 459 pit
1043 428 1197 459 pem-antes,
1225 432 1234 447 ι
1259 427 1288 449 ut
1306 429 1360 448 non
1384 429 1446 449 cum
1466 422 1517 448 hoc
1536 422 1639 449 mundo
1661 423 1773 450 damne-

983 478 1055 501 mur,
1077 479 1085 495 ι
1104 474 1134 496 ut
1147 470 1185 495 ait
1202 468 1369 503 Apostolus:
1388 477 1397 493 ι
1418 467 1487 494 Cum
1501 467 1657 501 judicamur
1671 473 1772 499 autem,

983 523 998 542 a
1013 514 1127 542 Domino
1139 514 1304 548 corripimur
1313 512 1443 540 ".-—Non
1454 517 1496 539 est
1505 513 1604 539 malum
1614 513 1641 539 in
1650 513 1770 543 civitate.

983 561 1055 596 quod
1071 568 1124 587 non
1143 560 1236 587 fecerit
1251 559 1382 586 Dominus
1396 559 1429 590 “,
1451 568 1461 583 ι
1480 558 1507 585 id
1527 562 1580 590 est,
1598 564 1712 593 pestem,
1732 558 1772 584 ta-

982 615 1066 638 mem,
1087 607 1221 634 bellorum
1240 605 1339 632 caedes.
1357 604 1419 631 Hmc
1435 604 1508 631 enim
1523 604 1614 630 omnia
1631 608 1771 638 peccaturi:

984 652 1124 680 auferunt.
1140 651 1276 678 Permittit
1291 658 1356 678 vero
1369 655 1450 684 alque
1463 651 1577 677 omnino
1591 651 1657 677 sinit
1667 659 1714 678 eos
1726 651 1773 685 qui

983 699 1043 726 sine
1066 702 1179 732 peccato
1195 697 1295 731 degere
1317 697 1423 728 nolunt,
1447 700 1590 730 correptos
1607 704 1662 722 non
1681 703 1774 723 emen-

983 744 1053 777 dari,
1074 743 1122 771 sed
1139 744 1165 770 in
1180 743 1283 770 malitia
1303 750 1490 777 perseverare,
1506 742 1545 768 uti
1560 742 1691 776 scriptum
1709 745 1770 769 est:

986 800 995 815 ‹
1008 790 1159 817 Ειιρωεανὶι
1170 788 1241 816 Deus
1251 789 1467 827 Oculoseorum,
1476 791 1503 815 et
1512 796 1561 814 cor
1570 795 1664 815 eorum
1675 787 1775 814 obscu-

984 836 1070 869 ravit;
1087 839 1134 862 net
1151 843 1158 862 :
1176 843 1185 860 ι
1201 833 1324 861 Tradidit
1337 841 1384 861 eos
1397 834 1425 860 in
1443 834 1590 868 reprobum
1609 841 1731 865 sensum,
1745 836 1775 859 ut

136 879 204 906 νοῦν
221 882 307 906 ποιεῖν
320 880 355 906 τὰ
372 881 408 916 μὴ
423 881 588 916 καθήκοντα·
607 892 615 908 ι
638 883 787 914 τουτέστιν,
798 883 872 909 εἴασε
889 882 933 909 διὰ

987 881 1088 908 faciant
1103 888 1135 907 ea
1147 888 1207 915 qua:
1217 887 1271 906 non
1280 878 1449 906 conveniunt
1461 878 1482 894 ¹⁸
1495 887 1502 911 ;
1519 888 1528 904 ι
1544 879 1569 906 id
1584 882 1635 909 est,
1651 878 1776 912 permisit

136 925 172 952 τὺ
184 926 356 959 αὐτεξούσιον
366 935 372 941 ·
388 927 435 953 καί
453 937 462 952 ι
473 928 635 963 Σκληρύνοιν
651 928 794 964 σκληρυνῶ
807 929 856 964 τὴν
870 937 933 964 καρ-

137 971 202 998 δίαν
219 971 334 1007 Φαραώ·
353 982 362 998 ι
374 973 509 1005 τουτέστι,
523 974 718 1010 παραχωρῆσαι
733 974 933 1011 σκληρυνθῆναι

139 1017 187 1045 διὰ
201 1018 250 1053 τὴν
267 1018 402 1045 ἀπάθειαν
418 1019 512 1048 αὑτοῦ.

266 1075 337 1110 Περὶ
359 1075 414 1110 τῆς
427 1076 696 1110 αὺτεξουσιότητος
715 1077 808 1112 ἡμῶν.

185 1122 216 1148 ’0
233 1122 298 1154 Θεὸς
321 1122 366 1148 τὸν
380 1121 523 1158 ἄνθρωπον
545 1123 716 1155 αὐτεξούσιον
736 1124 846 1156 ἔπλασε,
862 1125 935 1161 λόγῳ

143 1169 193 1196 καὶ
208 1169 289 1204 σοφία
310 1169 469 1205 τιμηθέντα,
486 1169 539 1204 πρὸ
553 1170 699 1205 ὀφθαλμῶν
717 1171 800 1197 αὑτοῦ
815 1171 872 1204 θεὶς
885 1172 934 1208 τὴν

144 1215 218 1250 ζωὴν
235 1216 282 1242 καὶ
295 1215 340 1241 τὸν
355 1215 477 1242 θάνατον·
495 1216 548 1248 ἵνα,
565 1217 588 1243 εί
602 1217 650 1251 μὲν
662 1216 768 1252 θελήσει
784 1219 816 1253 τῇ
834 1219 930 1252 αὐτεξ-

144 1260 282 1296 ουσιότητι
296 1261 345 1295 τῆς
359 1260 448 1296 ζωῆς⁶
466 1260 622 1297 παραθήσῃ,
639 1261 709 1297 ζήσῃ
721 1257 816 1293 είςτὸν
832 1262 932 1289 αἱῶνα“

146 1308 171 1333 εί
199 1307 226 1333 δὲ
244 1307 298 1333 ἀπὸ
323 1308 410 1342 κακῆς
428 1307 611 1344 προαιρέσεως
637 1308 789 1344 παραθήσει
807 1309 856 1344 τὴν
877 1309 936 1336 ὁδὸν

146 1353 194 1379 τοῦ
209 1353 336 1384 θανάτου,
350 1354 467 1385 αἱωνίως
480 1353 640 1390 κολάζηται.
650 1354 690 1381 Τὰ
703 1355 757 1390 γὰρ
770 1355 819 1390 τῆς
830 1355 936 1390 φύσεως

147 1399 325 1435 ἀμετάϐλητα
341 1400 401 1426 οὔτε
418 1400 557 1436 τιμωριῶν
570 1400 632 1427 οὗτε
651 1401 737 1436 τιμῆς
753 1401 824 1434 ἄξια.
843 1401 937 1434 Οὐδεὶς

148 1447 204 1482 γὰρ
221 1445 352 1481 ἐνεκλήθη
371 1446 436 1472 ποτε
451 1446 483 1472 τὸ
502 1445 571 1473 εἶναι
593 1446 703 1478 λευκὸς,
720 1447 735 1482 ἢ
755 1447 852 1482 μέλας,
871 1447 886 1483 ἢ
906 1447 937 1473 τὸ

148 1489 218 1518 εἶναι
233 1492 348 1527 μακρὸς,
367 1492 384 1527 ἢ
410 1492 524 1527 μικρός·
539 1493 569 1518 οὐ
590 1492 644 1528 γὰρ
666 1493 715 1529 τῆς
733 1494 868 1530 ἡμετέρας
882 1495 936 1521 εἰσὶ

150 1538 344 1573 προαιρέσεως.
374 1538 434 1565 Τῶν
457 1538 512 1574 γὰρ
545 1538 595 1574 τῆς
619 1539 804 1575 προαιρέσεως
832 1541 879 1567 καὶ
908 1541 971 1579 αἱς

151 1583 274 1616 κολάσεις
289 1585 342 1610 εἰσὶ
358 1584 405 1610 καὶ
430 1584 458 1610 αἱ
477 1585 564 1620 τιμαί.
582 1585 756 1621 ’Ᾱμφοτέρων
779 1583 824 1612 οὖν
845 1586 934 1621 χρεία,

151 1630 196 1656 καὶ⁴
212 1630 261 1665 τῆς
278 1631 414 1666 ἡμετέρας
430 1630 527 1666 βουλῆς
543 1631 590 1657 καὶ
605 1631 750 1666 θελήσεως,
769 1631 874 1666 καὶτῆς
888 1632 934 1658 τοῦ

151 1675 217 1702 Θεοῦ
233 1676 390 1711 συνεργείας
415 1676 461 1702 καὶ
482 1676 667 1711 ἀντιλήψεως·
693 1677 785 1713 ἑτέρου
808 1678 860 1713 γὰρ
881 1678 935 1704 λεί-

151 1729 257 1753 ποντος,
272 1721 352 1756 ἀργεῖ
374 1721 419 1748 καὶ
442 1721 472 1748 τὸ
491 1722 592 1757 ἕτερον.
609 1722 737 1757 Προέγνω
753 1722 806 1758 γὰρ
818 1724 832 1749 ὁ
850 1723 915 1756 Θεὸς
927 1743 934 1756 ,

152 1768 196 1794 καὶ
215 1766 362 1802 προιὶιρισε,
381 1767 426 1794 καὶ
441 1768 585 1800 ἐκάλεσεν,
604 1768 670 1794 ἀλλὰ
691 1770 753 1801 τοὺς
771 1770 842 1796 κατὰ
868 1770 935 1806 πρό-

151 1813 223 1839 θεσιν
239 1813 353 1848 κλητοὺς
379 1812 474 1844 ὄντας,
499 1812 590 1844 καθώς
616 1822 697 1848 φησιν
718 1814 732 1840 ὁ
757 1814 934 1848 Ἀπόστολος,

152 1860 270 1886 τουτέστι
295 1858 365 1885 κατὰ
382 1858 490 1891 θέλησιν
508 1858 555 1885 καὶ
580 1858 706 1895 βούλησιν
717 1868 724 1873 ·
742 1861 804 1891 τοὺς
821 1861 874 1896 γὰρ
897 1861 935 1897 μὴ

153 1905 329 1941 βουληθέντας
346 1905 420 1931 εἴασε
441 1905 480 1940 τῷ
498 1904 587 1931 αὐτῶν
610 1904 774 1940 πορεύεσθαι
792 1905 933 1940 θελήματι.

153 1952 187 1978 Οὐ
202 1951 255 1988 γὰρ
280 1951 422 1987 βιάζεται,
446 1951 507 1977 οὐδὲ
532 1951 691 1986 λυμαίνεται
709 1951 738 1977 το
763 1951 936 1983 αὐτεξούσιον

153 1996 227 2032 ημῶν
238 2005 244 2011 ·
261 1997 309 2032 τῆς
320 1997 374 2031 γὰρ
387 1996 429 2023 ἐπ’
447 1997 530 2031 ἄμφω
549 1996 646 2031 ῥοπῆς,
665 1996 732 2032 πρὸς
749 1997 850 2032 ἀρετήν
865 2006 935 2032 φημι

152 2042 195 2069 καὶ
207 2042 352 2073 κακίαν,τὸ
367 2039 537 2072 αὐτεξούσιον
550 2041 692 2076 ἐλάϐομεν.
702 2041 786 2068 Οὐδὲν
797 2042 850 2067 τῶν
861 2042 936 2077 παρὰ

151 2088 194 2115 τοῦ
215 2087 282 2114 Θεοῦ
298 2086 427 2113 δοθέντων
448 2087 514 2122 ἡμῖν
537 2088 576 2118 εἰς
598 2087 705 2122 χρῆσιν,
728 2087 828 2114 κακόνο
848 2088 937 2114 πάντα

155 2134 205 2169 γὰρ
218 2133 267 2160 ὅσα
282 2134 314 2159 ἐκ
333 2132 379 2159 τοῦ
393 2131 459 2158 Θεοῦ
477 2131 557 2163 καλὰ,
572 2132 618 2158 καὶ
636 2132 695 2159 λίαν
717 2133 802 2158 καλὰ·
815 2133 831 2168 ἠ
848 2133 937 2168 παρά-

156 2187 249 2214 χρησις
266 2179 345 2214 μόνον
362 2177 459 2204 κακόνθ
477 2178 523 2204 τοῦ
539 2177 592 2213 γὰρ
604 2178 740 2213 ἡμετέρου
751 2178 825 2204 ἐστὶν
839 2178 936 2211 αὐτεξ-

984 928 1019 954 ob
1040 927 1155 954 liberum
1175 926 1375 958 arbitrium;et
1388 934 1394 952 :
1409 934 1418 950 ‹
1430 924 1563 951 lndurans
1580 923 1714 951 indurabo
1727 931 1776 950 cor

983 972 1133 1000 Pharaonis
1146 972 1184 1005 ﬂ;
1201 981 1210 997 ι
1230 971 1255 998 id
1272 975 1325 1003 est,
1348 971 1502 1006 permittam
1525 970 1647 997 indurari
1662 969 1697 996 ob
1715 969 1774 1004 ejus

985 1018 1068 1045 animi
1083 1017 1249 1045 socordiam.

1183 1071 1223 1099 De
1241 1071 1323 1099 libero
1343 1076 1434 1098 nostra
1452 1071 1574 1097 arbitrio.

1020 1119 1093 1146 Deus
1111 1118 1251 1146 hominem
1268 1118 1384 1146 liberum
1405 1117 1479 1150 fecit,
1496 1117 1579 1144 verbo
1596 1121 1623 1143 et
1639 1117 1774 1152 sapientia

985 1169 1123 1196 ornatum,
1140 1165 1229 1199 posita
1244 1167 1307 1191 ante
1319 1163 1380 1198 ejus
1395 1164 1490 1190 oculos
1505 1163 1559 1189 vita
1576 1167 1658 1196 atque
1673 1165 1773 1194 morte,

985 1214 1015 1238 ut
1030 1210 1053 1237 si
1069 1209 1179 1245 quidem
1191 1210 1309 1236 voluerit
1326 1209 1412 1236 libero
1430 1217 1480 1236 suo
1493 1209 1606 1235 arbitrio
1620 1208 1703 1234 vitam
1717 1216 1775 1234 am—

986 1256 1080 1291 plecti,
1097 1256 1171 1282 vivat
1193 1256 1220 1282 in
1246 1255 1396 1288 saeculum;
1422 1255 1465 1282 sin
1482 1263 1565 1290 pravo
1589 1255 1707 1282 consilio
1725 1255 1775 1281 via:

987 1301 1085 1328 mortis
1104 1301 1224 1333 insistat,
1241 1306 1373 1328 aeternum
1389 1301 1538 1328 crucietur.
1556 1299 1621 1333 Quae
1635 1300 1709 1327 enim
1724 1307 1774 1326 na-

987 1351 1050 1374 tura
1063 1347 1144 1374 habet
1156 1347 1348 1378 immutabilia,
1363 1355 1452 1382 neque
1464 1347 1598 1382 supplicio
1606 1347 1687 1382 digna
1699 1351 1774 1378 sunt,

987 1399 1077 1426 neque
1101 1392 1222 1426 prazmio.
1248 1391 1333 1419 Nemo
1357 1393 1457 1427 quippe
1483 1400 1602 1427 umquam
1629 1396 1775 1419 accusatus

989 1438 1051 1469 fuit,
1068 1438 1142 1473 quod
1168 1438 1203 1466 sit
1227 1439 1306 1466 albus
1332 1439 1373 1465 vel
1391 1438 1476 1473 niger,
1498 1439 1633 1472 autquod
1656 1438 1693 1465 sit
1713 1445 1776 1472 pro-

988 1491 1058 1510 cera:
1073 1484 1115 1510 vel
1131 1491 1220 1518 parva:
1240 1488 1370 1511 staturae:
1391 1491 1422 1510 ea
1437 1484 1509 1510 enim
1526 1492 1579 1510 non
1599 1491 1681 1518 penes
1701 1484 1774 1510 arbi-

989 1529 1071 1556 trium
1088 1533 1212 1557 nustrum
1230 1530 1281 1557 sita
1295 1533 1369 1557 sunt.
1385 1529 1452 1556 Nam
1470 1530 1603 1564 supplicia
1623 1534 1649 1556 et
1666 1530 1774 1564 prazmia

987 1575 1124 1602 voluntati
1148 1580 1175 1602 et
1194 1576 1335 1610 proposito
1356 1576 1525 1602 tribuuntur.
1554 1574 1675 1609 Utraque
1693 1575 1774 1609 igitur

988 1629 1016 1648 re
1036 1629 1105 1656 opus
1121 1625 1181 1654 cst;
1198 1622 1337 1649 voluntate
1355 1622 1470 1652 scilicet,
1492 1630 1539 1648 seu
1565 1622 1705 1656 proposito
1729 1630 1774 1648 no-

988 1671 1056 1700 stro,
1077 1675 1109 1695 ac
1132 1667 1179 1695 Dei
1196 1668 1299 1694 auxilio
1316 1672 1343 1694 et
1359 1667 1521 1702 patrocinio.
1542 1667 1635 1694 Altero
1655 1675 1773 1701 namque

987 1713 1149 1746 deﬁciente,
1178 1713 1296 1739 alterum
1326 1717 1366 1740 est
1393 1713 1498 1739 inutile.
1531 1711 1672 1740 Praiseivit
1699 1714 1771 1739 enim

988 1759 1069 1792 Deus,
1092 1759 1280 1794 pnedetinivit,
1298 1763 1325 1785 et
1340 1758 1464 1790 vocavit,
1478 1758 1525 1785 sed
1547 1766 1594 1785 eos
1609 1758 1654 1792 qui
1674 1765 1771 1784 secun-

987 1806 1051 1832 dum
1074 1804 1244 1839 propositum
1271 1804 1358 1830 vocati
1384 1809 1458 1835 sunt,
1482 1803 1710 1838 quemadmodum
1735 1804 1774 1830 ait

987 1851 1135 1885 Apostolus
1146 1851 1177 1882 ",
1202 1850 1228 1876 id
1256 1854 1309 1879 est,
1342 1849 1493 1877 secundum
1516 1850 1705 1877 voluntatem:
1725 1857 1773 1876 eos

987 1896 1087 1931 quippe
1103 1895 1150 1930 qui
1173 1895 1322 1926 noluerint,
1339 1895 1404 1922 sinit
1417 1896 1473 1929 ipse
1494 1895 1528 1922 ad
1552 1903 1629 1922 suam
1648 1896 1774 1922 volunta—

986 1945 1041 1968 tem
1065 1946 1093 1968 ct
1112 1942 1281 1977 propositum
1296 1941 1434 1969 incedere.
1456 1941 1515 1968 Non
1533 1942 1586 1968 vim
1600 1941 1680 1968 infert
1702 1941 1773 1968 arbi-

987 1989 1041 2013 trio
1060 1991 1166 2019 nostro.
1190 1994 1279 2021 neque
1297 1987 1369 2013 la-dit
1391 1987 1490 2021 ipsum.
1512 1986 1675 2021 Accepimus
1700 1987 1772 2013 enim

986 2039 1082 2062 nutum
1106 2034 1138 2061 ad
1155 2037 1300 2068 utramque
1318 2037 1439 2068 partem;
1457 2033 1489 2059 ad
1515 2033 1640 2060 virtutem
1665 2041 1775 2067 neu‘pe,

986 2086 1012 2108 et
1029 2081 1062 2107 ad
1079 2081 1186 2112 vitium,
1200 2080 1314 2107 liberum
1329 2079 1433 2106 scilicet
1448 2079 1602 2106 arbitrium.
1619 2078 1656 2105 Ex
1669 2079 1701 2105 iis
1713 2087 1779 2113 quae.

987 2135 1002 2154 ιι
1018 2127 1073 2154 Deo
1093 2127 1174 2154 nobis
1188 2126 1221 2153 ad
1241 2134 1318 2153 usum
1334 2126 1397 2152 data
1422 2130 1485 2152 sunt
1503 2125 1570 2151 nihil
1586 2128 1628 2151 est
1649 2125 1749 2152 malum
1764 2133 1771 2152 :

988 2174 1078 2201 omnia
1096 2174 1168 2200 enim
1190 2181 1250 2208 qua:
1274 2180 1306 2199 ex
1325 2172 1379 2199 Deo
1396 2171 1547 2206 procedunt
1563 2171 1633 2197 bona
1655 2175 1730 2200 sunt.
1748 2175 1777 2197 et

155 2225 251 2251 ουσίου.
281 2224 326 2250 Διὸ
343 2225 372 2250 οὐ
396 2223 432 2249 τὰ
454 2222 585 2260 βρώματα
603 2223 697 2256 κακὸν,
717 2223 774 2249 ἀλλ’
791 2224 807 2259 ή
824 2232 934 2259 γαστρι-

989 2219 1135 2246 admodnm
1161 2219 1247 2251 bona;
1270 2218 1344 2245 solus
1367 2218 1470 2245 abusus
1495 2217 1593 2248 malus,
1619 2216 1664 2251 qui
1687 2218 1772 2244 nostri

155 2271 263 2307 μαργίω
277 2270 338 2296 οὐδὲ
354 2270 520 2302 παιδοποιία,
536 2269 592 2296 ἀλλ’
606 2271 622 2305 ὴ
643 2270 766 2305 πορνεία·
780 2270 840 2296 οὐδὲ
855 2270 936 2305 μετά-

154 2316 229 2352 ληψις
253 2315 298 2342 τοῦ
325 2316 408 2347 οἴνου,
425 2315 482 2341 ἀλλ’
502 2316 518 2350 ἠ
547 2315 634 2350 tat-5011'
655 2316 715 2342 οὐδὲ
739 2316 773 2343 τὰ
796 2318 934 2352 χρήματα,

155 2361 206 2388 ἀλλ’
219 2363 235 2397 ἡ
248 2361 422 2396 φιλαργυρία·
432 2360 491 2387 οὐδὲ
502 2361 518 2395 ἡ
532 2360 605 2392 δόξα,
615 2360 682 2387 ἀλλὰ
693 2361 708 2396 ή
721 2361 866 2394 κενοδοξία.
876 2362 935 2398 Χρὴ

155 2405 197 2435 οὖν
209 2407 297 2434 πάντα
313 2407 409 2437 ποιεῖν,
423 2406 492 2432 ὥστε
508 2406 557 2440 τὴν
574 2406 745 2441 παραχρησιν
761 2406 880 2441 φεύγειν,
889 2407 935 2434 καὶ

154 2453 301 2490 χρήσασθαι
322 2454 378 2485 τοῖς
400 2452 475 2488 παρὰ
495 2451 563 2478 Θεοῦ
586 2451 685 2478 δοθεῖσι
713 2452 839 2484 δικαίως·
865 2453 936 2480 οὕτω

155 2499 203 2534 γὰρ
218 2497 368 2530 ποιοῦντες,
383 2498 429 2525 καὶ
440 2498 489 2533 τῆς
503 2496 601 2528 κακίας
611 2496 742 2534 ἀνώτεροι
751 2499 934 2534 γενησόμεθα,

157 2545 197 2571 καὶ
210 2545 259 2580 τῆς
279 2545 379 2580 ἀρετῆς
397 2544 473 2575 ἐντὸς
489 2542 656 2580 εὑρεθῶμεν.

157 2646 299 2678 Συνήθεια
320 2646 423 2680 σαφὴς
441 2645 490 2672 καὶ
514 2646 681 2680 σύντομος,
705 2645 755 2672 καὶ
775 2645 935 2680 διάγνωσις

202 2681 256 2716 τῆς
274 2682 404 2714 πίστεως
420 2681 505 2714 ἡμῶν
521 2681 576 2715 τῆς
586 2681 620 2708 ἐν
636 2680 672 2715 τῇ
691 2680 786 2714 Τριάδι
803 2681 880 2715 ἁγίᾳ.

193 2726 348 2762 Ὀφείλομεν
370 2726 508 2754 πιστεύειν
527 2727 565 2759 ὡς
584 2726 804 2762 ἐϐαπτίσθημεν·
824 2727 935 2754 ἐϐαπτί-

159 2772 254 2808 σθημεν
268 2773 296 2800 δὲ
317 2773 357 2805 είς
377 2773 407 2799 τὸ
429 2772 512 2808 ὄνομα
529 2772 575 2799 τοῦ
595 2772 711 2807 Πατρὺς,
732 2773 779 2799 καὶ
795 2773 840 2799 τοῦ
857 2773 933 2805 Υίοῦ,

989 2268 1075 2296 solius
1091 2267 1197 2294 arbitrii
1211 2271 1263 2294 est.
1280 2266 1462 2299 Quamobrem
1480 2273 1534 2291 non
1558 2264 1612 2291 cibi
1630 2265 1703 2295 mali,
1726 2264 1772 2291 sed

988 2315 1101 2349 crapula
1116 2323 1122 2340 :
1141 2320 1229 2348 neque
1243 2313 1390 2340 liberorum
1407 2312 1573 2346 procreatio,
1591 2311 1638 2338 sed
1655 2311 1775 2338 ίυτιιὶρτιΔ

989 2361 1027 2388 tio
1041 2371 1047 2388 :
1060 2368 1110 2387 nec
1126 2360 1181 2386 vini
1199 2365 1289 2395 potus,
1314 2359 1360 2386 sed
1375 2359 1512 2386 ebrietas:
1526 2366 1579 2384 non
1596 2358 1707 2388 divitim,
1726 2357 1776 2384 sed

989 2407 1104 2433 avaritia
1118 2415 1124 2433 :
1140 2414 1194 2433 non
1215 2405 1312 2440 gloria,
1341 2405 1386 2432 sed
1409 2412 1478 2430 vana
1494 2403 1589 2438 gloria.
1603 2403 1675 2429 Nihil
1693 2403 1774 2437 igitur

988 2461 1043 2481 non
1068 2453 1213 2488 agendum,
1232 2456 1261 2478 ut
1278 2452 1393 2479 abusum
1417 2451 1564 2486 fugiamus,
1590 2454 1672 2484 atque
1687 2450 1774 2484 .prolu:

988 2502 1099 2526 utamur
1118 2498 1151 2525 iis
1164 2498 1264 2532 quibus
1278 2505 1293 2524 a
1312 2496 1366 2524 Deo
1383 2496 1476 2523 donati
1495 2503 1601 2524 sumus.
1620 2494 1686 2521 Nam
1705 2494 1731 2521 id
1749 2494 1774 2521 si

988 2552 1111 2579 agamus.
1132 2547 1160 2570 et
1178 2543 1281 2570 malitia
1305 2543 1423 2577 vitioque
1442 2542 1598 2576 superiores
1615 2541 1728 2572 erimus,
1747 2544 1773 2566 et

988 2589 1059 2616 intra
1079 2589 1190 2616 virtutis
1205 2589 1306 2616 limites
1319 2588 1499 2615 inveniemur.

988 2647 1079 2675 Brevis
1094 2652 1118 2674 et
1133 2647 1208 2674 clara
1225 2647 1341 2681 fonnula
1357 2651 1381 2672 el
1400 2646 1494 2672 notitia
1510 2644 1573 2679 ﬁdei
1590 2649 1688 2671 nostra:
1702 2643 1773 2670 circa

1226 2687 1346 2709 sanctum
1366 2681 1535 2708 Trinitatem.

1023 2727 1142 2755 Credere
1164 2728 1305 2761 debemus.
1322 2732 1350 2754 ut
1364 2727 1490 2762 baptizati
1515 2734 1627 2758 sumus;
1642 2725 1773 2761 haptizati

988 2779 1079 2802 autem
1105 2783 1201 2803 sumus
1217 2775 1244 2802 in
1258 2774 1367 2802 nomine
1384 2773 1472 2800 Patris
1493 2777 1521 2801 et
1535 2772 1596 2800 Filii
1611 2778 1638 2800 et
1653 2772 1772 2808 Spiritus

187 2849 208 2866 “
227 2849 291 2878 Luc.
311 2858 342 2883 ιι,
359 2850 384 2877 1.
406 2849 444 2876 "l
461 2850 524 2878 Cor.
543 2850 640 2882 Μηδὲ.
664 2849 858 2885 “Amosm,6.
881 2850 990 2879 “Joan.
1004 2853 1186 2885 x1140;llom
1209 2860 1227 2884 ι,
1240 2852 1274 2879 ‘23
1305 2851 1421 2879 “‘lixod.
1441 2859 1476 2885 Iv,
1493 2851 1538 2878 21.
1561 2850 1665 2878 "Rom.
1679 2849 1771 2882 tx,59.
