1926 3068
177 125 247 155 ιιυδ

754 127 783 154 S.
805 127 1035 155 ATIIANASIUS.
1055 142 1090 148 —
1109 127 1244 154 SPURlA.

1722 126 1806 153 μοι

177 184 275 216 sancti,
294 183 321 210 in
340 191 422 210 unam
446 183 550 210 scilicet
575 184 767 215 substantiam,
788 189 815 212 et
831 184 958 212 deitatem

1015 185 1058 212 ml.
1068 183 1114 211 τοῦ
1131 184 1208 218 ἁγίου
1226 184 1399 219 Πνεύματος·
1413 184 1454 214 εἰς
1468 183 1530 218 μίαν
1548 184 1639 210 οὐσίαν
1654 183 1782 218 δηλονότι
1794 204 1805 215 ,

175 235 203 258 et
219 231 246 258 in
263 237 347 257 unum
364 237 488 265 regnum,
501 230 644 264 imperium
658 234 685 256 et
699 231 825 257 virtutem
841 240 847 257 :
861 239 892 257 ac
904 236 958 257 tres

176 277 348 312 hypostases,
374 276 431 302 sive
448 283 591 310 personas.
617 281 644 302 et
668 275 854 306 characteres,
875 280 900 303 et
924 276 958 309 (si

176 322 214 348 ita
236 320 373 355 appellare
395 320 473 352 velis)
497 320 689 354 proprietates.
716 319 782 346 Nam
800 320 872 347 aliud
895 325 959 347 sunt

175 367 349 401 hypostascs,
372 364 445 391 aliud
470 364 634 391 substantia.
657 363 843 391 Substantiam
861 365 959 398 quippe

176 412 345 446 appellamus
376 411 598 437 communitatem
631 410 713 436 trium
744 410 957 445 hyposlasium:

178 459 259 484 unius
278 457 349 483 enim
366 461 470 483 natura:
490 460 517 483 et
535 456 696 482 substantiae
711 461 774 483 sunt
790 461 844 482 tres
866 463 960 490 perso-

177 511 228 530 naa.
243 502 408 538 llypostasin
431 507 520 528 autem
532 509 672 529 vocamus.
686 505 810 527 naturam
821 509 883 527 cum
895 501 960 527 cha-

179 548 356 575 racteristicis
372 547 602 583 proprietatibus;
619 547 688 573 alius
708 546 780 573 enim
805 551 849 573 est
868 545 959 578 Pater,

179 594 249 621 alius
264 592 359 623 Filius.
379 593 450 619 alius
470 591 589 626 Spiritus
610 596 731 618 sanctus.
757 591 836 624 Quod
851 591 960 626 quidem

178 640 360 674 proprietates
379 646 427 666 seu
444 638 604 672 hypos'ases
623 637 729 667 dividit,
745 637 792 664 sed
808 644 862 664 non
880 642 960 663 natu-

179 693 248 712 ram.
267 684 324 711 Non
338 688 428 711 tamen
444 683 517 710 aliud
533 687 560 710 et
577 682 661 712 aliud.
679 683 751 718 quod
768 682 901 709 divideret
917 690 963 709 na-

179 735 272 762 turas;
289 729 335 756 sed
353 729 474 764 ejusdem
495 733 598 755 naturae
613 733 640 755 ct
652 728 773 761 ejusdem
791 728 960 755 substantia.

180 775 267 802 Simul
281 775 353 802 enim
370 774 448 801 Pater
459 778 486 800 et
497 772 582 800 Filius
594 777 622 800 et
636 773 755 807 Spiritus
773 778 883 800 sanctus
895 781 901 806 ;
914 773 962 800 sed

179 820 260 848 Pater
280 824 323 848 est
345 820 492 854 ingenitus,
506 818 593 846 Filius
606 819 696 853 proles
710 818 810 850 Patris,
827 820 904 854 quasi
928 828 960 847 ex

1009 229 1055 255 καὶ
1081 229 1206 264 θεότητα,
1228 229 1275 255 καὶ
1301 228 1365 263 μίαν
1381 227 1518 262 βασιλείαν
1530 247 1537 259 ,
1553 227 1600 254 καὶ
1619 228 1723 263 ἀρχὴν,
1748 229 1806 254 καὶ

1011 274 1102 309 ἰσχύν·
1124 274 1170 300 καὶ
1189 275 1264 309 τρεῖς
1277 273 1448 305 ὑποστάσεις,
1473 273 1558 299 εῐτουν
1579 274 1722 308 πρόσωπα,
1749 275 1806 300 καὶ

1009 320 1196 356 χαρακτῆρας,
1207 321 1230 346 εἰ
1242 320 1270 345 δὲ
1284 319 1371 354 βούλει
1383 319 1484 351 καλεῖν,
1500 319 1546 346 καὶ
1559 320 1700 354 ἰδιότητας.
1713 319 1807 345 ’Δλλο

1010 365 1064 400 γὰρ
1083 365 1259 396 ὑποστάσεις,
1275 364 1322 390 καὶ
1341 363 1405 390 ἄλλο
1427 364 1516 390 οὐσία.
1539 364 1638 390 Οὐσίαν
1661 364 1715 399 γὰρ
1744 373 1805 390 κα-

1009 410 1109 445 λοῦμεν
1122 410 1152 436 τὺ
1167 410 1254 436 κοινὺν
1269 410 1322 436 τῶν
1343 409 1426 444 τριῶν
1450 409 1624 436 ὑποστάσεων
1634 419 1640 424 ·
1662 411 1726 444 μιᾶς
1741 409 1804 445 γὰρ

1011 456 1117 490 φύσεως
1132 455 1178 481 καὶ
1190 455 1282 486 οὐσίας
1295 455 1330 481 τὰ
1343 455 1406 490 τρία
1424 455 1565 491 πρόσωπα.
1589 455 1753 482 ’Υπόστασιν
1772 455 1804 482 δὲ

1011 502 1145 537 καλοῦμεν
1163 501 1242 536 φύσιν
1265 501 1332 536 μετὰ
1352 502 1605 537 χαρακτηριπικῶν
1623 502 1802 537 ἰδιωμάτων·

1011 548 1088 579 ἄλλος
1100 548 1154 583 γὰρ
1167 549 1181 574 ὁ
1197 548 1300 583 Πατὴρ,
1321 548 1368 574 καὶ
1389 547 1466 578 ἄλλος
1481 549 1495 574 ο
1509 547 1582 579 Υἱὸς,
1604 548 1649 574 καὶ
1670 547 1750 579 ἄλλος
1767 547 1804 574 τὸ

1010 594 1122 629 Πνεῦμα
1135 593 1165 620 τὸ
1181 593 1257 627 ἅγιον
1267 601 1274 607 ⁸
1290 594 1358 628 ὅπερ
1370 593 1462 627 τέμνει
1479 592 1528 624 τὰς
1553 593 1686 627 ἰδιότητας
1704 592 1800 628 μόνον,

1011 640 1094 673 ἤγουν
1110 639 1282 671 ὑποστάσεις,
1296 639 1326 664 οὐ
1355 638 1406 674 μὴν
1425 638 1471 664 καὶ
1500 640 1589 673 φύσιν.
1611 639 1666 665 Οὐκ
1687 638 1751 664 ἄλλο
1769 638 1803 664 δὲ

1011 685 1059 711 καὶ
1071 684 1145 718 ἄλλο,
1158 685 1226 720 ὅπερ
1241 684 1334 719 τέμνει
1351 683 1400 715 τὰς
1420 684 1514 718 φύσεις
1525 692 1532 699 ·
1557 683 1624 710 ἀλλὰ
1644 684 1692 719 τῆς
1709 683 1802 718 αὐτῆς

1012 732 1130 764 φύσεως,
1144 730 1189 756 καὶ
1203 730 1252 764 τῆς
1267 730 1352 764 αὐτῆς
1364 729 1468 760 οὐσίας.
1485 729 1559 764 ’Ἀμα
1573 728 1627 764 γὰρ
1641 728 1734 764 Πατὴρ
1749 729 1803 755 καὶ

1012 773 1086 806 Υἱὸς,
1105 775 1152 801 καὶ
1176 774 1253 807 ἅγιον
1282 774 1409 809 Πνεῦμα·
1431 774 1487 800 ἀλλ’
1512 775 1526 800 ὁ
1556 774 1604 808 μὲν
1629 773 1723 809 Πατὴρ
1749 775 1802 800 καὶ

1013 821 1190 856 ἀγέννητος,ό
1204 820 1231 847 δὲ
1247 820 1310 851 Υἱὸς
1325 820 1370 846 καὶ
1384 820 1505 855 γέννημα
1520 820 1567 846 τοῦ
1579 820 1695 856 Πατρός,
1711 820 1749 851 ὡς
1768 819 1802 852 ἐξ

180 867 238 893 sole
259 867 348 893 lumen
369 869 396 893 et
417 873 450 892 ex
477 870 567 893 mente
592 866 713 892 verbum.
734 865 852 900 Spiritus
871 870 960 892 autent

1015 853 1088 902 ἡλίου
1107 853 1176 900 ξρῶς,
1195 866 1241 892 καὶ
1256 866 1287 892 ἐκ
1301 865 1346 892 νοῦ
1361 865 1447 899 λόγος·
1460 853 1491 892 τὸ
1500 865 1528 891 δὲ
1538 853 1647 900 Πνεῦμα
1658 865 1734 899 ἅγιον
1749 865 1801 892 καὶ

176 915 302 943 sanctus,
324 911 436 939 emissio
458 911 558 938 Patris.
574 910 718 946 Proprium
737 919 802 945 ergo
813 911 894 946 518
911 911 963 938 Pa-

180 958 230 984 tris
247 961 289 984 est
303 957 375 991 quod
387 957 422 983 sit
434 957 570 991 ingenitus
584 964 631 983 seu
647 964 700 983 non
715 957 833 991 genitus,
850 963 876 984 et
890 955 962 991 quod

180 1007 293 1030 vocetur
314 1002 412 1028 Pater:
427 1002 566 1037 proprium
595 1001 666 1033 Filii,
691 1002 762 1036 quod
789 1007 900 1029 vocetur
922 1001 965 1028 Fi-

182 1048 245 1079 lius,
277 1051 303 1074 et
335 1048 462 1082 gignatur
489 1055 521 1074 ex
548 1046 803 1082 Patrezproprium
833 1046 962 1081 Spiritus,

181 1092 254 1127 quod
269 1097 379 1120 vocetur
401 1092 519 1127 Spiritus
535 1096 647 1119 sanctus
672 1097 698 1120 et
713 1100 745 1119 ex
764 1091 844 1119 Patre
866 1100 963 1127 proce—

181 1138 240 1165 dat.
263 1137 356 1164 Triqu
386 1145 450 1165 vero
469 1145 647 1172 personarum
673 1138 731 1165 sive
760 1138 961 1173 byposmsiurn,

183 1190 237 1210 una
253 1188 360 1213 natura,
379 1190 432 1209 una
447 1183 583 1215 voluntas,
598 1190 651 1209 una
665 1183 797 1217 operatio,
815 1191 867 1209 una
886 1184 964 1210 boui-

181 1231 235 1261 tas,
263 1235 315 1254 una
348 1228 444 1260 virtus,
477 1235 560 1254 unum
585 1227 723 1262 placitum.
743 1227 912 1263 Quapropter
936 1233 964 1256 et

183 1281 268 1301 unum
290 1273 375 1300 Deum
392 1273 564 1300 confitemur.
583 1273 641 1300 Non
667 1274 739 1300 enim
758 1274 829 1301 alius
853 1274 886 1300 ab
912 1274 965 1301 alio

183 1319 302 1354 separati
320 1321 394 1350 sunt,
417 1319 487 1345 sicut
507 1318 642 1349 homines,
659 1326 747 1352 neque
767 1320 900 1345 sententia
913 1318 966 1345 dif-

183 1367 274 1394 ferunt
290 1375 297 1393 :
310 1365 358 1393 sed
373 1365 452 1393 simul
466 1365 555 1398 Pater,
568 1364 663 1397 Filius,
684 1368 711 1392 et
725 1364 842 1400 Spiritus
855 1370 965 1392 sanctus

184 1421 236 1439 una
256 1413 411 1439 consistunt
427 1411 486 1438 sine
501 1410 662 1439 confusione
687 1414 714 1438 et
729 1410 873 1438 divisione.
893 1410 966 1437 Una-

183 1465 297 1493 quaeque
310 1461 400 1484 autem
414 1464 541 1492 persona,
557 1460 586 1482 ut
599 1456 701 1483 dictum
714 1459 766 1487 est,
783 1463 859 1483 suam
876 1460 967 1483 servat

183 1504 387 1539 proprietatem,
414 1503 467 1529 alia
490 1502 692 1537 paternitatem,
715 1502 768 1528 alia
795 1501 963 1534 ﬁliationem,

183 1550 236 1575 alia
248 1548 461 1583 processionem.
476 1546 503 1574 Si
519 1555 584 1582 ergo
598 1551 625 1574 te
642 1547 703 1582 quis
716 1546 881 1582 interroget:
894 1546 964 1579 Quid

183 1598 226 1622 est
246 1593 343 1621 Pater!
367 1592 503 1628 responde
525 1591 675 1625 illi:Quod
693 1592 779 1620 Filius
801 1596 827 1620 et
849 1592 965 1627 Spiritus

183 1645 306 1671 sanctus,
335 1647 447 1667 manens
473 1643 562 1666 tamen
587 1638 675 1666 Pater.
699 1638 777 1671 Quod
799 1639 822 1666 si
843 1638 963 1666 dixerit:

184 1685 254 1718 Quid
269 1690 311 1713 est
324 1685 430 1712 Filius?
442 1684 575 1719 responde
590 1685 686 1717 :Quod
701 1684 782 1711 Pater
796 1688 823 1711 et
836 1684 964 1719 Spiritus,

184 1739 298 1758 manens
313 1736 403 1758 tamen
417 1730 513 1758 Filius.
530 1729 715 1765 Similiterque
730 1731 763 1758 de
782 1730 884 1765 Spiritu
902 1737 967 1757 san-

183 1781 229 1804 cto
243 1785 249 1803 2
264 1777 329 1803 illud
345 1777 417 1803 enim
438 1780 481 1803 est
497 1775 570 1811 quod
595 1775 676 1803 Pater
689 1780 716 1803 et
729 1775 826 1808 Filius,
852 1783 965 1803 manens

184 1827 275 1849 tamen
307 1821 425 1856 Spiritus
455 1826 577 1848 sanctus.
605 1820 761 1855 Proprietas
797 1820 964 1854 immobilis,

184 1867 412 1902 quemadmodum
429 1867 467 1893 ait
487 1867 529 1893 vir
550 1867 578 1893 in
594 1866 728 1901 theologis
748 1873 863 1901 magnus
881 1872 908 1893 et
925 1865 966 1892 di—

184 1914 265 1940 vinus
289 1911 446 1947 Gregorius.
475 1912 617 1944 Quomodo
637 1919 755 1947 namque
776 1911 878 1940 dixeris
904 1920 967 1947 pro-

185 1959 330 1995 prietatem
353 1966 475 1990 manere,
500 1959 524 1986 si
549 1962 692 1986 moveatur
711 1963 738 1986 et
763 1958 899 1986 concidat.
921 1958 968 1986 Est

186 2007 277 2041 itaque
294 2005 392 2036 deitas,
417 2008 447 2032 ut
470 2004 564 2040 paucis
587 2004 770 2037 absolvnmus,
795 2005 967 2033 indivisibilis

186 2054 213 2080 in
228 2053 342 2085 divisis;
361 2051 427 2078 illud
439 2052 588 2079 secundum
601 2055 736 2085 naturam,
752 2052 802 2079 hoc
817 2053 967 2080 secundum

185 2100 357 2135 hypostases.
374 2097 451 2125 Sicut
464 2097 492 2124 iu
506 2097 593 2124 tribus
606 2097 711 2125 solibus
726 2101 819 2124 mutuo
839 2097 967 2125 haerenti-

185 2146 237 2172 bus
257 2152 309 2171 una
331 2143 400 2171 foret
416 2143 487 2171 lucis
502 2143 668 2170 commistio.
687 2142 756 2170 Cum
775 2143 868 2178 itaque
884 2143 969 2170 deita-

1013 911 1171 946 ἐκπόρευμα
1194 910 1240 936 τοῦ
1259 910 1376 946 Πατρός.
1399 910 1478 936 Ἰδιον
1505 908 1552 937 οὖν
1572 910 1618 936 τοῦ
1645 910 1753 946 Πατρὸς
1781 911 1800 945 ἡ

1013 956 1171 991 ἀγεννησία,
1189 956 1236 982 καὶ
1253 955 1282 981 τὸ
1296 954 1436 981 καλεῖσθαι
1449 955 1544 990 Πατήρ
1556 962 1562 970 ·
1575 955 1639 981 ἴδιον
1653 955 1699 981 τοῦ
1719 954 1799 986 Υίοῦ,

1012 1003 1043 1029 τὸ
1061 1002 1199 1029 καλεῖσθαι
1220 1001 1301 1032 Υἰδν,
1325 1002 1371 1027 καὶ
1387 1000 1531 1035 γεννᾶσθαι
1554 1002 1586 1027 ὲκ
1602 999 1648 1027 τοῦ
1670 1000 1799 1035 Πατρός·
1838 1012 1842 1018 ·

1015 1047 1078 1074 ῐδιον
1089 1045 1135 1073 οὖν
1152 1046 1198 1073 τοῦ
1214 1046 1370 1081 Πνεύματος
1380 1046 1410 1072 τὸ
1427 1045 1565 1072 καλεῖσθαι
1579 1045 1690 1081 Πνεῦμα
1708 1046 1800 1079 ἅγιον,

1014 1094 1060 1120 καὶ
1074 1094 1106 1120 ἐκ
1115 1092 1162 1119 τοῦ
1177 1092 1282 1127 Πατρδς
1294 1091 1498 1127 ἐκπορεύεσθαι,
1507 1091 1566 1118 Τῶν
1576 1091 1603 1118 δὲ
1617 1091 1700 1126 τριῶν
1711 1099 1800 1127 προσ-

1013 1139 1106 1171 ώπων,
1122 1139 1208 1165 εἰτουν
1225 1137 1409 1168 ὑποστάσεων,
1427 1137 1474 1172 μία
1495 1137 1584 1172 φύσις,
1597 1137 1647 1172 μία
1667 1137 1798 1172 Θέλησις,

1016 1185 1064 1220 μία
1078 1186 1211 1220 ἐνέργεια,
1226 1185 1274 1219 μία
1296 1184 1442 1219 ἁγαθότης,
1465 1185 1513 1219 μία
1529 1184 1652 1220 δύναμις,
1672 1185 1721 1220 μία
1736 1184 1800 1219 βού-

1014 1230 1103 1265 λησις.
1121 1229 1169 1256 Διὰ
1186 1230 1264 1256 τοῦτο
1278 1230 1324 1256 καὶ
1344 1230 1392 1257 ἕνα
1409 1230 1474 1256 Θεὸν
1486 1230 1678 1266 ὁμολογοῦμεν.
1691 1231 1727 1257 Οὐ
1743 1231 1800 1266 γὰρ

1015 1277 1209 1312 κεχωρισμένοι
1230 1276 1298 1302 εἰσὶν
1311 1276 1357 1302 ἀπ’
1382 1276 1512 1312 ἀλλήλων,
1529 1276 1623 1312 ὥσπερ
1642 1277 1689 1303 καὶ
1704 1277 1728 1303 οἰ
1749 1277 1798 1303 ἇν-

1016 1323 1128 1358 θρωποι,
1143 1323 1202 1349 οὐδὲ
1213 1322 1261 1354 τὰς
1275 1321 1387 1357 γνώμας
1401 1323 1540 1358 διάφοροι·
1552 1323 1608 1350 ἀλλ’
1624 1323 1681 1358 ἆμα
1693 1323 1797 1358 Πατὴρ,

1016 1368 1089 1400 Υἱὸς,
1106 1369 1151 1394 καὶ
1165 1368 1278 1404 Πνεῦμα
1292 1369 1367 1403 ἆγιον
1388 1369 1416 1395 ὲν
1437 1369 1562 1404 ἀλλήλοις
1576 1369 1736 1403 ἀσυγχύτως
1751 1370 1799 1395 καὶ

1015 1415 1173 1450 ἀδιαιρέτως
1188 1416 1395 1451 περιχωροῦσιν.
1407 1416 1539 1442 ’Ἑκαστον
1552 1415 1580 1441 δὲ
1595 1416 1747 1451 πρόσωπον,
1759 1415 1798 1447 ὡς

1015 1460 1133 1496 εἴρηται,
1150 1460 1278 1494 φυλάττει
1296 1461 1327 1487 τὸ
1341 1461 1420 1487 ἴδιον·
1438 1461 1468 1486 τὸ
1489 1460 1538 1495 μὲν
1562 1461 1610 1495 τὴν
1630 1461 1797 1496 πατρότητα,

978 1523 999 1551 c
1015 1505 1045 1531 τὸ
1059 1505 1087 1531 δὲ
1105 1504 1152 1540 τὴν
1175 1505 1302 1540 υίότητα,
1327 1505 1357 1532 τὸ
1382 1505 1411 1531 δὲ
1427 1505 1475 1540 τὴν
1502 1505 1671 1541 ὲκπόρευσιν.
1699 1506 1730 1531 Εἰ
1750 1503 1797 1532 οὖν

1016 1551 1103 1587 ἔροιτό
1121 1551 1150 1578 σέ
1170 1560 1228 1583 τις·
1247 1549 1279 1577 Τί
1301 1552 1358 1578 ἐστι
1385 1551 1493 1586 Πατήρ;
1518 1550 1681 1586 ἀποκρίθητι
1703 1550 1793 1585 αὐτῷ·

1018 1594 1105 1629 Ὅπερ
1120 1595 1193 1620 ἐστὶν
1209 1595 1284 1626 Υἱὸς,
1303 1595 1349 1621 καὶ
1370 1595 1400 1621 τὸ
1415 1595 1526 1629 Πνεῦμα
1543 1595 1572 1621 τὺ
1597 1594 1689 1629 ᾶγιον,
1709 1595 1796 1629 μένων

1016 1640 1120 1675 Πατήρ.
1142 1641 1173 1666 Εἰ
1197 1640 1225 1666 δὲ
1254 1639 1342 1674 λέγοι·
1370 1640 1403 1666 Τί
1419 1641 1492 1666 ἐστιν
1507 1639 1588 1672 Υίός;
1617 1639 1795 1675 ἀποκρίθητι·

1017 1685 1104 1720 Ὅπερ
1121 1686 1194 1712 ἐστὶν
1217 1687 1231 1712 ό
1248 1685 1341 1720 Πατὴρ
1363 1685 1409 1712 καὶ
1426 1685 1456 1711 τὸ
1481 1685 1602 1720 Πνεῦμα,
1620 1685 1706 1720 μένων
1723 1685 1794 1716 Υἱός.

1022 1731 1158 1762 Ὡσαύτως
1170 1731 1216 1757 καὶ
1231 1732 1276 1757 ἐπὶ
1297 1731 1343 1757 τοῦ
1368 1730 1525 1765 Πνεύματος
1538 1731 1584 1757 τοῦ
1607 1732 1684 1765 ἁγίου
1695 1739 1702 1746 ο
1720 1730 1797 1757 τοῦτο

1015 1779 1069 1814 γὰρ
1084 1780 1157 1805 ἐστιν
1170 1779 1183 1805 ὃ
1198 1778 1212 1804 ὁ
1228 1779 1322 1813 Πατὴρ
1338 1778 1384 1804 καὶ
1403 1779 1418 1804 ό
1432 1778 1505 1810 Υἱὸς,
1521 1778 1608 1813 μένων
1628 1777 1747 1813 Πνεῦμα.
1765 1778 1796 1804 Ἦ

1018 1824 1116 1858 ἰδιότης
1133 1823 1324 1858 ἀκοινώνητος,
1340 1823 1430 1855 καθώς
1441 1831 1522 1858 φησιν
1536 1824 1550 1849 ό
1569 1824 1654 1858 μέγας
1666 1824 1693 1849 ἐν
1711 1823 1797 1849 θεολό-

1016 1879 1074 1905 γοις
1091 1871 1137 1896 καὶ
1152 1870 1221 1901 Θεῖος
1240 1870 1397 1905 Γρηγόριος.
1422 1870 1484 1901 Πῶς
1502 1868 1567 1904 γὰρ,
1589 1870 1681 1904 φησὶν,
1701 1869 1797 1903 ἰδιότης

1019 1915 1108 1951 μείνῃ,
1128 1915 1285 1950 κινουμένη,
1305 1915 1352 1942 καὶ
1376 1914 1597 1950 μεταπίπτουσας
1617 1915 1708 1941 Ἔστιν
1721 1912 1796 1950 οὖνὴ

1017 1961 1122 1996 θεότης,
1138 1962 1162 1988 εἰ
1178 1961 1217 1988 δεῖ
1230 1961 1369 1996 συντόμως
1386 1961 1484 1992 εἰπεῖν,
1501 1961 1647 1996 ἀμέριστος
1670 1961 1698 1987 ὲν
1713 1969 1796 1995 μεμε-

1019 2010 1166 2045 ρισμένοις,
1182 2009 1213 2034 τὸ
1232 2009 1279 2043 μὲν
1290 2009 1323 2043 τῇ
1340 2007 1428 2042 φύσει,
1443 2007 1472 2033 τὸ
1487 2007 1515 2033 δὲ
1528 2009 1587 2039 ταῖς
1603 2007 1794 2034 ὐποστάσεσιν·

1016 2053 1072 2082 οἷον
1091 2056 1119 2081 ὲν
1139 2054 1225 2090 ὴλίοις
1246 2054 1334 2090 τρισὶν
1359 2053 1498 2088 ἐχομένοις
1519 2053 1654 2088 ἀλλήλων,
1683 2053 1730 2087 μία
1749 2051 1795 2078 τοῦ

1017 2102 1106 2136 φωτὸς
1117 2100 1369 2136 σύγκρασις.¹οταν
1385 2099 1526 2136 τοιγαροῦν
1541 2099 1609 2135 πρὸς
1624 2099 1672 2134 τὴν
1687 2099 1795 2134 Θεότητα

1017 2148 1066 2183 τὴν
1081 2148 1110 2175 ὲν
1124 2147 1173 2182 μιᾷ
1187 2145 1266 2180 φύσει
1278 2145 1428 2180 βλέψωμεν,
1439 2146 1447 2156 ¹
1458 2145 1505 2171 καὶ
1518 2145 1567 2180 τὴν
1578 2144 1688 2180 πρώτην
1700 2145 1794 2176 αἰτίαν,

185 2195 250 2223 tem,
266 2198 327 2225 quae
336 2194 378 2218 est
392 2190 420 2216 in
435 2197 488 2216 una
499 2194 607 2221 natura,
618 2189 839 2223 respiciemus,ct
852 2189 964 2223 primam

1019 2193 1065 2218 καὶ
1078 2193 1127 2227 τὴν
1145 2191 1302 2226 μοναρχίαν,
1319 2190 1348 2216 ἓν
1363 2191 1428 2226 ἡμῖν
1441 2190 1471 2217 τὸ
1497 2190 1698 2226 φανταζόμενον
1709 2199 1721 2206 ·-
1736 2191 1795 2217 ἔκταν

185 2245 297 2266 causam
318 2240 346 2264 et
370 2236 569 2267 monarehiam,
597 2243 682 2262 unutn
708 2239 750 2262 est
771 2235 844 2270 quod
866 2235 968 2269 rogita-

185 2290 265 2315 mus;
278 2290 340 2309 cum
356 2285 446 2309 autem
459 2281 642 2315 proprietates
667 2283 693 2307 et
709 2287 841 2315 personas
864 2279 891 2306 in
904 2280 967 2314 qui-

186 2329 237 2356 bus
258 2328 396 2359 divinitas,
422 2331 478 2354 tres
503 2329 567 2353 sunt
588 2333 648 2360 quae
664 2325 823 2364 adorantur.
840 2325 969 2360 Exempla

186 2380 268 2409 porro
287 2373 388 2403 adsint,
406 2380 467 2407 qua:
492 2372 637 2399 obscurant
663 2371 809 2406 quamdam
830 2375 910 2398 tautae
929 2371 968 2398 rei

187 2420 331 2454 imaginem
352 2419 524 2450 adumbrettt,
539 2409 746 2452 divina-nempe
762 2421 876 2448 naturae,
890 2417 968 2452 juxta

186 2466 341 2500 theologum
354 2464 526 2500 Gregorium,
540 2465 611 2492 oculi
623 2468 762 2498 aspectum
779 2464 877 2498 cogita.
892 2471 969 2498 aqum

187 2511 394 2545 scaturiginem,
419 2510 520 2537 fontem
544 2514 570 2537 et
596 2509 722 2542 ﬂuvium;
745 2510 801 2536 haec
824 2509 897 2536 enint
919 2516 969 2536 nec

186 2561 308 2591 tempore
323 2556 415 2590 aliquo
431 2555 545 2587 distant,
562 2563 648 2589 neque
662 2560 725 2581 sunt
741 2555 810 2582 inter
821 2563 850 2582 se
863 2555 968 2588 avulsa,

186 2606 216 2629 ut
232 2610 261 2629 sc
275 2606 370 2628 mutuo
385 2609 439 2628 non
454 2601 629 2636 contingant;
645 2600 751 2627 tametsi
768 2600 892 2627 videntur
907 2609 969 2635 pro-

187 2648 349 2683 prietatibus
375 2648 432 2675 suis
456 2647 598 2681 distingui.
622 2646 762 2681 Perpende
783 2646 846 2673 item
871 2647 967 2678 solem,

186 2693 277 2720 lumen
292 2699 372 2729 atque
386 2693 489 2720 radium
503 2702 509 2720 :
523 2697 650 2724 mentem,
662 2692 774 2719 verbum
787 2697 814 2719 et
832 2692 967 2727 spiritum,

188 2739 235 2774 qui
248 2741 303 2767 exit
316 2747 370 2766 una
387 2747 449 2766 cutn
465 2739 558 2766 verbo.
577 2738 689 2769 Verum.
706 2742 736 2765 ut
753 2737 863 2773 quidam
877 2738 947 2765 dixit
961 2748 967 2765 :

187 2785 267 2812 Fides
281 2784 335 2812 dux
356 2790 425 2816 esto,
450 2793 504 2812 non
529 2785 736 2812 demonstratio.
761 2783 874 2819 Oportet
896 2783 967 2811 enim

186 2836 321 2866 quemque
350 2829 497 2863 hominem,
523 2838 571 2865 per
593 2837 661 2865 pura
690 2838 722 2857 ac
738 2830 792 2858 Deo
817 2830 969 2858 illustrante

1018 2238 1047 2264 δὲ
1062 2237 1130 2273 πρὸς
1144 2237 1194 2268 τὰς
1210 2237 1344 2272 ἰδιότητας
1354 2237 1401 2263 καὶ
1417 2235 1451 2262 τὰ
1466 2235 1602 2272 πρόσωπα
1616 2237 1644 2262 ὲν
1659 2232 1699 2267 οἷς
1711 2237 1727 2271 ὴ
1741 2236 1795 2262 Θεό-

1017 2291 1076 2318 της,
1091 2282 1154 2317 τρία
1165 2281 1200 2307 τὰ
1211 2281 1443 2317 προσκυνούμενα.
1455 2280 1665 2316 Παραδείγματα
1674 2280 1701 2306 δὲ
1716 2288 1794 2315 προσ-

1018 2328 1119 2356 κείσθω
1135 2327 1257 2363 ἀμυδράν
1276 2336 1335 2353 τινα
1350 2327 1440 2354 εἰκόνα
1458 2326 1588 2362 δηλοῦντα
1605 2326 1649 2352 τοῦ
1673 2326 1794 2353 τοσούτου

1018 2375 1189 2410 πράγματος,
1206 2374 1256 2409 τῆς
1271 2373 1346 2404 θείας
1367 2373 1438 2408 φημὶ
1453 2373 1558 2406 φύσεως
1568 2392 1575 2404 ,
1593 2372 1662 2398 κατὰ.
1675 2372 1719 2398 τον
1733 2372 1792 2398 Θεό‹

1018 2421 1095 2454 λογον
1119 2420 1285 2456 Γρηγόριον·
1312 2418 1451 2454 ὀφθαλμοῦ
1480 2419 1536 2445 νόει
1559 2427 1602 2453 μοι
1625 2419 1727 2453 βλέψιν,
1752 2419 1794 2445 καὶ

1018 2465 1103 2501 ἀρχὴν
1121 2465 1226 2497 ὓδατος,
1244 2464 1291 2490 καὶ
1310 2465 1410 2499 πηγὴν,
1429 2463 1475 2490 καὶ
1490 2463 1627 2498 ποταμόν·
1646 2463 1731 2489 ταῦτα
1746 2462 1794 2498 γὰρ

1018 2511 1079 2538 οὗτε
1093 2511 1181 2546 χρόνῳ
1194 2510 1346 2545 διέστηκεν,
1368 2509 1429 2535 οὔτε
1447 2508 1567 2543 ἀλλήλων
1584 2508 1752 2543 ἀπέρρηκται
1763 2509 1792 2543 τῇ

1019 2558 1086 2593 πρὸς
1098 2557 1199 2591 ἄλληλα
1213 2555 1353 2590 συναφείᾳ,
1369 2554 1419 2581 κᾶν
1431 2554 1495 2589 δοκῇ
1509 2555 1567 2585 ταῖς
1585 2554 1693 2588 ἰδιότησι
1705 2554 1794 2588 τέμνε-

1019 2603 1095 2630 σθαι·
1113 2602 1228 2638 ἐνθυμοῦ
1245 2602 1290 2628 καὶ
1303 2602 1386 2636 ἣλιον,
1399 2601 1446 2627 καὶ
1460 2600 1527 2634 φῶς,
1544 2601 1590 2627 καὶ
1602 2601 1712 2626 ἀκτῖνα·
1728 2598 1792 2631 νοῦν,

1019 2650 1066 2676 καὶ
1080 2649 1168 2682 λόγον,
1181 2648 1228 2674 καὶ
1240 2647 1349 2682 πνεῦμα
1362 2646 1400 2681 τῷ
1415 2646 1487 2681 λόγῳ
1500 2646 1628 2678 συνεξιόν,
1644 2644 1716 2680 Πλὴν
1730 2644 1792 2670 κατὰ

1019 2695 1063 2721 τὸν
1075 2694 1200 2721 εἰπόντα·
1218 2693 1313 2723 Πίστις
1325 2691 1454 2727 ἡγείσθω,
1472 2692 1518 2718 καὶ
1536 2691 1572 2726 μὴ
1593 2689 1736 2722 ἀπόδειξις,
1752 2688 1792 2716 καὶ

1019 2738 1072 2774 χρὴ
1090 2739 1177 2765 πάντα
1193 2737 1335 2772 ἄνθρωπον
1362 2736 1405 2762 διὰ.
1427 2735 1548 2771 καθαρᾶς
1565 2736 1611 2761 ml:
1632 2733 1792 2770 Θεολαμποῦς

1020 2784 1154 2820 πράξεως,
1165 2782 1254 2817 ὁδηγῷ
1277 2782 1316 2817 τῷ
1340 2782 1479 2817 Πνεῦματι
1495 2782 1648 2817 χρώμενον,
1669 2781 1713 2807 ἴνα
1731 2779 1792 2814 φωτὶ

1020 2829 1261 2864 καταλαμϐάνηται
1276 2828 1343 2862 φῶς,
1363 2827 1498 2855 πιστεύειν
1512 2836 1541 2854 τε
1563 2828 1602 2858 εἰς
1618 2826 1738 2862 Πατέρα,
1751 2825 1793 2852 καὶ
