1926 3068
157 136 230 166 M05

637 138 828 166 SYNTAGJIA
847 139 892 166 AD
913 139 1084 173 QUEMDAM
1105 139 1304 169 POLITICUM.

1720 138 1790 168 M06

157 196 234 230 Υίδν,
258 197 304 223 καὶ
323 197 398 231 ἅγιον
422 198 542 233 Πνεῦμα,
558 198 606 234 τὴν
631 199 694 234 μίαν
716 198 831 235 θεότητά
849 208 878 226 τε
904 201 947 226 ml

1002 201 1074 228 edita
1091 209 1184 236 opera,
1203 201 1273 228 duce
1295 208 1372 228 nsum
1395 199 1497 235 Spiritu
1513 203 1619 230 sancto,
1645 203 1673 225 ut
1689 199 1790 225 lumine

156 239 272 277 δῦναμιν
287 243 316 269 ἐν
331 243 404 276 τρισὶ
420 243 623 279 γνωριζομένην
643 245 689 271 καὶ
707 245 944 281 προσκυνουμένην

155 288 218 320 ταῖς
233 288 424 314 ὑποστάσεσιν.

156 376 259 408 ὀπως
275 375 323 402 δεῖ
332 377 485 403 πιστεύειν
501 378 567 411 περ),
581 377 635 412 τῆς
654 377 707 405 τοῦ
726 379 836 412 Κυρίου
858 379 946 406 ἐναν-

458 413 647 446 θρωπήσεως.

193 456 255 484 ὀτι
278 457 356 489 αὐτὸς
373 458 387 484 ὀ
406 457 454 484 τοῦ
472 458 540 485 Θεοῦ
562 459 647 493 Λόγος
667 460 681 486 ὀ
700 460 917 496 ἀπερίγραπτος,
932 461 946 486 ό

155 502 314 539 ἀσώματος,
331 504 346 529 ό
362 504 510 539 μονογενὴς
531 504 578 531 τοῦ
594 505 701 540 Πατρὸς
714 505 788 537 Υἱὸς,
804 506 834 532 τὸ
852 507 885 533 ἐκ
899 506 946 533 τοῦ

155 551 247 583 φωτὸς
261 549 328 584 φῶς,
344 551 360 584 ἡ
382 549 458 584 πηγὴ
475 551 524 585 τῆς
541 550 629 586 ζωῆς.
651 552 698 578 καὶ
714 551 763 586 τῆς
786 552 945 584 ἀθανασίας,

155 595 187 622 τὸ
201 596 371 631 ἀπαύγασμα
392 596 442 630 τῆς
462 595 551 631 δόξης,
566 598 579 623 ὁ
595 597 737 633 χαρακτὴρ
759 598 807 633 τῆς
829 598 946 625 ὑποστά-

157 650 245 674 σεως,
262 643 295 677 τῇ
324 641 449 677 βουλήσει
470 642 516 668 τοῦ
545 643 718 679 προανάρχου
742 643 789 669 καὶ
812 643 947 670 συναῖδίου

156 687 241 714 αὑτοῦ
259 688 375 724 Πατρδς,
395 689 441 714 ml
451 689 483 723 τῇ
500 689 643 724 συνεργείᾳ
661 688 708 715 τοῦ
726 689 803 722 ἁγίου
821 689 948 725 Πνεύμα-

155 742 214 765 τος,
227 734 259 760 ἐκ
275 733 329 759 τῶν
348 733 522 769 παρθενικῶν
539 734 663 769 αἱμάτων
681 735 731 769 τῆς
745 735 887 767 Θεοτόκου,
901 736 948 761 καὶ

156 779 338 815 ἀειπαρθένου
359 780 479 815 Μαρίας,
496 781 524 806 ἐν
540 781 572 815 τῇ
589 780 676 815 οἰκείᾳ
694 781 776 808 αὑτοῦ
800 781 947 808 ὑποστάσει

156 824 256 861 ἔπηξεν
273 824 361 860 ἐαυτῷ
388 825 479 861 σάρκα
508 825 726 861 ἐμψυχωμένην,
747 827 794 854 καὶ
818 827 947 861 λογικὴν,

997 246 1088 274 lumen
1105 247 1327 282 comprehendat,
1349 247 1460 274 credere
1479 246 1506 273 in
1523 245 1633 272 Patrem
1649 249 1676 271 et
1689 243 1788 271 Filium

996 297 1023 319 et
1041 293 1173 328 Spiritum
1191 296 1328 324 sanctum,
1353 300 1434 319 unam
1456 291 1586 318 deitatem
1602 295 1684 326 atque
1705 290 1790 316 virtu-

997 345 1063 370 tem,
1082 339 1108 365 in
1126 339 1213 366 tribus
1230 339 1425 373 hypostasibus
1440 338 1573 365 creditam
1593 341 1620 364 et
1636 337 1787 363 adoratam.

1051 384 1122 417 Quid
1137 384 1295 411 credendum
1313 385 1348 411 sit
1368 384 1399 411 de
1414 384 1522 410 Domini
1543 383 1737 410 incarnatione.

1033 460 1111 493 Quod
1135 461 1223 495 ipsum
1248 461 1293 488 Dei
1309 459 1427 488 Verbum
1447 459 1725 493 ineircumscriptum,
1748 457 1791 483 in-

998 515 1172 542 corporeum,
1197 507 1287 534 Patris
1310 507 1491 541 unigenitum,
1508 506 1599 533 lumen
1616 513 1650 532 ex
1674 503 1787 533 lumine.

999 553 1060 581 fons
1079 554 1141 580 vitae
1160 557 1188 580 et
1200 553 1425 583 immortalitatis,
1444 552 1572 586 splendor
1586 552 1688 586 gloriae,
1703 551 1789 586 ﬁgura

999 599 1160 627 substantia:
1173 599 1205 631 ’⁸,
1221 599 1362 626 voluntate
1378 598 1477 629 Patris,
1490 598 1536 632 qui
1551 603 1612 624 ante
1629 598 1748 627 initium,
1762 603 1790 624 et

999 645 1051 680 ipsi
1063 649 1216 672 coaeternus
1230 648 1283 675 est,
1298 648 1325 671 ct
1338 644 1531 677 cooperatione
1546 643 1662 677 Spiritus
1684 643 1786 672 sancti.

998 700 1031 719 ex
1047 691 1171 726 virgineo
1189 690 1323 725 sanguine
1350 689 1471 724 Deipara:
1492 692 1518 715 et
1540 695 1648 722 semper
1670 687 1785 722 virginis

999 737 1100 769 Mariae,
1123 737 1150 764 in
1176 737 1285 772 propria
1309 744 1359 763 sua
1383 735 1524 771 hypostasi
1548 742 1658 762 carnem
1675 734 1726 760 sibi
1748 733 1789 760 ef-

999 783 1077 810 linxit
1094 783 1240 809 animatam
1255 786 1282 808 et
1301 781 1487 812 rationalem,‘
1501 784 1582 814 atque
1604 780 1678 806 illam
1692 786 1788 805 novem

999 829 1135 856 mensium
1153 833 1276 863 tempore
1292 835 1325 854 ex
1341 827 1400 862 ipsa
1413 826 1566 854 ell‘ormavit
1582 835 1589 853 :
1603 830 1738 859 natusque
1748 828 1790 850 est

156 872 205 899 καὶ
217 871 319 907 ταύτην
333 871 372 907 τῷ
388 873 585 907 ἐννεαμηνιαὶῳ
604 872 692 907 χρόνῳ
706 873 904 908 διεπλασμένην
918 873 947 905 ἐξ

999 875 1071 903 Deus
1090 874 1302 906 hominil‘ormis,
1326 874 1352 901 id
1376 878 1429 906 est,
1452 872 1524 900 Deus
1544 876 1571 900 et
1587 872 1680 903 homo,
1698 870 1726 897 in
1740 870 1790 905 hy-

157 918 243 952 αὐτῆς
253 927 260 933 ·
276 918 407 953 ἐγεννήθη
422 918 488 950 Θεὸς
502 917 745 954 ἀνθρωπόμορφος,
754 919 877 946 τουτέστι
885 919 950 950 θεὸς

156 965 206 991 καὶ
219 964 360 1000 ἄνθρωπος
380 965 408 990 ἐν
427 964 477 1000 μιᾷ.
489 964 635 991 ὑποστάσει
650 964 696 991 δύο
706 965 800 999 φύσεις
821 965 949 1001 ἐπιφερό-

159 1018 250 1044 μενος,
267 1009 438 1044 ἁδιαιρέτως,
452 1010 499 1036 καὶ
513 1009 683 1044 ἀσυγχύτως,
696 1011 743 1036 ml
757 1010 805 1036 δύο
815 1010 949 1046 θελήσεις,

157 1055 206 1081 καὶ
221 1054 378 1090 ἐνεργείας,
397 1054 491 1086 θεῖκάς
511 1054 580 1090 ὁμοῦ
597 1055 643 1081 καὶ
659 1055 852 1091 ἀνθρωπικὰς·
871 1055 950 1092 ἤθελε

157 1100 214 1136 γὰρ
232 1100 269 1131 ὡς
284 1099 350 1131 Θεὸς
369 1100 416 1126 ml
434 1100 543 1135 ἐνήργει
554 1119 561 1131 ,
580 1100 626 1127 ml
641 1100 736 1136 ἤθελεν
748 1101 786 1132 ὡς
807 1101 950 1137 ἄνθρωπος

158 1146 206 1172 καὶ
220 1146 346 1181 ἐνήργει·
367 1145 434 1172 ἀλλὰ
451 1145 567 1181 φυσικὴν
591 1145 711 1181 θέλησιν,
736 1147 783 1172 ml
799 1147 948 1182 ἐνέργειαν,

157 1192 189 1218 οὐ
205 1191 242 1227 μὴ
257 1192 459 1227 ἀμαρτητικήν.
482 1191 694 1227 Ἀναμαρτήτως
705 1191 758 1228 γὰρ
774 1192 948 1228 προσελήφθη

159 1239 177 1273 ἡ
193 1237 273 1273 φύσις
290 1239 306 1273 ὴ
334 1237 511 1273 ἀνθρωπική·
540 1238 587 1264 ml
607 1238 636 1270 ἐξ
659 1238 745 1273 αὐτῆς
760 1238 811 1273 τῆς
828 1238 950 1270 ἐνώσεως

159 1283 198 1319 τῴ
222 1283 356 1319 θελήματι
379 1283 532 1319 ὴνώθησαν.
554 1285 643 1320 Ὅπερ
666 1284 790 1311 ἐϐούλετο
822 1285 852 1311 τὸ
878 1285 949 1311 θεῖον

159 1328 276 1364 θέλημα,
286 1328 364 1354 τοῦτο
375 1329 421 1355 ml
435 1328 465 1354 τὸ
480 1328 531 1363 τῆς
546 1328 733 1364 προσλήψεως.
750 1329 829 1355 Ἀ).λά
845 1329 949 1365 θέλημα

158 1373 273 1409 λέγομεν
288 1374 335 1400 ml
350 1374 490 1409 ἐνέργειαν
517 1373 552 1400 τὰ
573 1375 691 1408 φυσικά·
708 1373 775 1406 οἷον,
797 1375 876 1411 ἤθελε
899 1385 949 1410 φα-

158 1421 234 1454 γεῖν,
249 1419 330 1455 ἠθελε
357 1421 446 1451 πιεῖν,
463 1420 543 1455 ἤθελε
566 1421 768 1456 περιπατῆσαι·
792 1421 839 1447 καὶ
862 1421 949 1448 ταῦτα

157 1465 280 1501 ἐνήργει,
293 1465 341 1491 ml
361 1464 467 1500 ἢθελεν.
485 1465 566 1492 Ἀλλά
583 1465 669 1492 ταῦτα
692 1467 778 1493 ἐποίει
798 1467 847 1502 τῆς
874 1467 949 1499 θείας

159 1511 267 1546 φύσεως
286 1510 524 1547 παραχωρούσης,
537 1511 567 1538 οὐ
589 1511 641 1547 μὴν
665 1512 945 1547 κατηναγκασμένως,

157 1557 252 1593 ὥσπερ
265 1557 356 1594 ἡμεῖς·
379 1557 446 1584 ἀλλὰ
462 1557 510 1583 ml
529 1557 560 1583 τὸ
581 1558 689 1593 κοπιᾷν,
705 1558 752 1584 ml
761 1557 792 1584 τὸ
815 1558 945 1594 ἀγωνιᾷν,

158 1603 205 1630 καί
217 1603 248 1630 τὸ
261 1604 347 1630 αἰτεῖν
360 1603 406 1630 τὸν
421 1603 531 1639 Πατέρα
543 1603 687 1639 παρελθεῖν
700 1603 730 1630 τὸ
746 1604 885 1640 ποτήριον,
899 1604 948 1631 ml.

157 1649 235 1676 τοῦτο
251 1649 298 1676 τοῦ
319 1649 433 1684 φυσικοῦ
459 1649 621 1685 θελήματος.
643 1649 724 1676 Ἀλλὰ
744 1650 791 1676 ml.
816 1650 885 1686 μετά
898 1650 947 1686 τὴν

158 1695 304 1722 ἀνάστασιν
325 1696 372 1722 ml
387 1695 437 1731 τὴν
462 1696 494 1722 ἐκ
516 1695 610 1728 δεξιῶν
626 1695 672 1721 τοῦ
694 1695 800 1732 Πατρὸς
813 1695 946 1732 καθέδραν

157 1741 205 1768 δύο
219 1741 315 1776 φύσεις
331 1740 514 1776 ὁμολογοῦμεν
527 1742 573 1767 ἐπὶ
586 1741 714 1777 Χριστοῦ,
731 1741 885 1778 θελητικὰς,
901 1743 947 1769 καὶ

158 1788 348 1823 ἐνεργητικὰς.
363 1788 451 1814 Ὅπου
469 1787 523 1824 γὰρ
541 1788 622 1822 φύσις
639 1788 746 1824 λογικὴ,
764 1789 822 1815 ἐκεῖ
837 1789 884 1815 ml
904 1788 947 1815 θέ-

158 1832 236 1868 λησις
252 1833 300 1860 ml.
314 1833 448 1868 ἐνέργεια.
461 1833 580 1865 Φυσικάς
594 1834 623 1860 δὲ
634 1834 680 1861 δύο
693 1834 825 1870 θελήσεις,
834 1833 946 1870 γνώμην

157 1880 185 1906 δὲ
200 1880 281 1916 μίαν’
306 1880 500 1915 οίκονομούσης
512 1880 566 1916 γὰρ
588 1880 639 1916 τῆς
659 1880 794 1916 θεότητος,
809 1881 945 1917 ἑπομένης

157 1926 185 1952 δὲ
198 1926 247 1961 τῆς
263 1926 481 1962 ἀνθρωπότητος,
496 1927 543 1953 ml
558 1926 776 1963 παραχωρούσης
787 1927 854 1962 αὐτῇ
871 1927 947 1963 ἐνερ-

158 1974 216 2007 γεῖν
232 1972 267 2000 τὰ
279 1973 432 2009 ἀμφότερα.

369 2019 438 2053 Περὶ
455 2018 600 2054 διαφορᾶς
613 2019 734 2054 ἀρετῶν.

198 2065 345 2100 Ἐλάὸομεν
371 2065 481 2097 ἐντολὰς
507 2065 581 2102 παρὰ
600 2065 646 2093 τοῦ
669 2066 787 2102 Χριστοῦ
809 2068 857 2094 ml
879 2067 946 2095 Θεοῦ

158 2111 245 2147 ἡμῶν,
253 2111 302 2143 τὰς
311 2112 476 2139 ἀπεντεῦθεν
482 2111 611 2148 θεουργού
616 2120 674 2143 σας,
683 2113 730 2138 ml
739 2112 867 2144 ποιούσας
874 2114 947 2149 ἡμᾶς

158 2161 365 2196 ἀναμαρτήτους
384 2160 497 2194 διάγειν,
514 2160 562 2187 ml
575 2160 611 2191 ὼς
633 2160 765 2194 ἀγγέλους
779 2159 946 2195 ἀναστρέφε-

159 2207 219 2234 σθαι
237 2207 306 2242 μετὰ
320 2207 374 2233 τῶν
395 2207 562 2242 ἀνθρώπων·
581 2204 636 2234 οἷον
659 2205 709 2242 τὴν
729 2206 882 2241 μετάνοιαν,
898 2205 946 2241 τὴν

158 2253 406 2288 ταπεινοφροσύνην
428 2253 474 2280 ml
494 2253 525 2279 τὸ
538 2252 661 2288 διηνεκὲς
686 2252 793 2285 πένθος,
811 2252 860 2288 τὴν
879 2252 947 2288 πρὸς

159 2299 238 2325 αὐτὸν
251 2299 363 2334 ἀγάπην
379 2298 427 2334 τὴν
443 2298 473 2332 ἐξ
489 2298 553 2333 ὅλης
567 2297 681 2333 καρδίας
700 2297 888 2333 ἐγγινομένην,
901 2297 948 2324 ml

158 2345 207 2382 τὴν
221 2346 288 2381 πρὸς
300 2346 346 2372 τὸν
361 2344 473 2380 πλησίον
488 2345 618 2377 διάθεσιν,
633 2344 682 2380 τὴν
698 2344 822 2380 καθαρὰν
834 2352 949 2379 προσευ-

158 2391 218 2427 χὴν,
234 2391 281 2418 καὶ
293 2391 343 2426 τὴν
359 2390 463 2418 ἑαυτῶν
486 2391 649 2426 ἀπάρνησιν,
664 2390 711 2416 καὶ
729 2390 760 2416 τὺ
772 2390 804 2416 δι’
817 2389 878 2416 ὅλου
895 2389 948 2424 πρὸ

157 2436 305 2472 ὀφθαλμῶν
324 2435 394 2471 ἔχειν
415 2435 460 2462 τὸν
479 2436 550 2471 ὑπὲρ
572 2435 654 2461 αὑτοῦ
669 2435 793 2467 θάνατον,
807 2435 854 2461 ml
866 2435 894 2460 ἐν
909 2433 947 2469 τῷ

159 2482 228 2516 φωτὶ
254 2481 336 2508 αὐτοῦ
364 2481 546 2512 ἀδιαλείπτως
570 2480 743 2516 πορεύεσθαι,
764 2480 810 2507 ml.
823 2480 852 2506 τὸ
875 2480 947 2515 ἐχειν

157 2528 253 2555 ἐαυτὸν
266 2527 318 2554 ὑπὸ
331 2527 422 2563 πάσης
436 2527 561 2559 κτίσεως,
582 2527 630 2553 καὶ
648 2525 753 2552 δέεσθαι
770 2525 851 2552 αὐτοῦ
864 2524 948 2560 διηνε-

157 2573 222 2605 κῶς.
237 2574 346 2605 Ταύτας
357 2573 411 2608 γὰρ
427 2573 476 2605 τὰς
490 2572 564 2604 θείας
578 2571 687 2604 ἐντολὰς
703 2573 717 2598 ὀ
738 2571 807 2607 μετὰ
829 2572 947 2603 πίστεως

158 2619 350 2655 ἐργαζόμενος,
364 2619 431 2646 Θεοῦ
448 2619 505 2651 υἱὸς
521 2618 636 2653 γίνεται,
655 2618 702 2645 καὶ
717 2618 774 2650 υἱὸς
794 2617 881 2653 φωτὸς
899 2617 946 2644 καὶ

158 2663 323 2700 κληρονόμος
345 2663 423 2695 Θεοῦ,
442 2664 488 2690 καὶ
510 2663 731 2700 συγκληρονὸμος
750 2662 878 2700 Χριστοῦ,
899 2662 946 2688 ml

158 2708 318 2746 σύμμορφος
328 2710 377 2745 τῆς
391 2709 493 2740 εἰκόνος
505 2710 587 2737 αὑτοῦ
603 2710 650 2737 καὶ
665 2709 814 2746 σύμφυτος,
825 2710 871 2736 ml
884 2718 946 2735 συν-

156 2756 246 2791 τόμως
263 2757 310 2784 ml
321 2756 414 2789 ἁπλῶς
424 2757 521 2790 εἰπεῖν,
535 2757 608 2784 θέσει
621 2757 691 2784 κατά
702 2758 781 2793 χάριν
795 2756 871 2788 Θεός.
884 2757 944 2783 Είσὶ

157 2801 186 2828 δὲ
201 2802 293 2838 ἕτεραι
309 2803 415 2830 ἐντολαὶ
438 2802 484 2830 τοῦ
498 2803 628 2838 Χριστοῦ,
643 2804 673 2830 αἱ
684 2803 788 2838 ἄφεσιν
807 2803 856 2838 μὲν
881 2811 944 2838 προ-

157 2846 292 2883 ξενοῦσαι,
310 2849 341 2875 οὐ
361 2849 414 2885 μὴν
434 2850 461 2876 δὲ
483 2849 529 2876 ml
548 2849 713 2886 τελειότητος
732 2849 872 2883 ἀξιοῦται’
888 2846 943 2876 οἷον

195 2893 217 2909 ⁸⁸
236 2893 316 2923 Hebr.
335 2903 354 2930 ι,
373 2896 390 2924 5

1001 922 1104 958 posmsi
1127 929 1181 949 una
1202 921 1270 949 duas
1283 926 1393 956 gestans
1416 924 1539 951 naturas,
1565 919 1625 946 sine
1643 917 1788 948 divisione,

1001 977 1034 996 ac
1057 969 1117 996 sine
1141 967 1323 995 confusione:
1344 974 1376 994 ac
1400 965 1469 992 duas
1489 965 1643 992 voluntates
1663 964 1789 997 duasque

1001 1015 1191 1050 operationes,
1212 1013 1320 1040 divinas
1349 1011 1430 1039 simul
1457 1015 1484 1038 et
1508 1011 1651 1037 humanas.
1676 1008 1790 1036 Volebat

1001 1061 1073 1088 enim
1101 1065 1131 1088 ut
1158 1059 1248 1092 Deus,
1279 1064 1305 1086 et
1327 1058 1513 1093 operabatur:
1535 1057 1643 1084 volebat
1669 1056 1733 1084 item
1761 1060 1790 1082 ut

1001 1106 1094 1137 homo,
1106 1110 1133 1133 et
1146 1105 1311 1140 operabatur
1323 1112 1330 1137 ;
1354 1104 1401 1132 sed
1417 1105 1535 1130 humana
1553 1102 1693 1129 voluntate
1707 1105 1790 1136 atque

1002 1153 1180 1188 operatione,
1207 1160 1257 1179 nec
1281 1155 1393 1186 peccato
1421 1150 1550 1177 obnoxia.
1581 1149 1646 1175 Sine
1676 1151 1789 1182 peccato

1000 1199 1072 1227 enim
1097 1202 1236 1233 assumpta
1256 1202 1299 1225 est
1320 1202 1418 1224 natura
1434 1197 1553 1223 humana
1567 1205 1573 1222 :
1587 1199 1669 1229 atque
1687 1202 1721 1222 ex
1736 1193 1789 1220 bac

1001 1245 1060 1280 ipsa
1085 1244 1198 1271 unione.
1222 1243 1362 1270 voluntate
1389 1242 1476 1268 ambae
1500 1241 1583 1268 unita:
1608 1243 1681 1266 sunt.
1709 1237 1788 1271 Quod

1000 1294 1106 1326 optaret
1121 1290 1212 1317 divina
1231 1289 1367 1320 voluntas,
1381 1287 1408 1314 id
1423 1287 1505 1315 ctiam
1518 1286 1624 1313 volebat
1641 1287 1789 1319 assumpta

1000 1341 1104 1364 natura:
1119 1337 1252 1363 voluntas.
1266 1334 1319 1362 Sed
1334 1335 1501 1361 voluntatem
1519 1332 1637 1360 dicimus
1650 1331 1791 1367 operatio-

1000 1390 1115 1417 nemquc
1145 1382 1294 1408 naturalem
1311 1390 1318 1408 :
1333 1380 1413 1415 quale
1435 1383 1496 1411 est,
1523 1379 1594 1413 quod
1622 1377 1789 1405 manducare

1000 1429 1080 1456 vellet
1093 1449 1100 1460 ,
1114 1428 1218 1460 bibere,
1241 1427 1402 1454 ambulare:
1416 1429 1443 1453 et
1458 1426 1514 1452 haec
1534 1425 1708 1460 operabatur,
1731 1424 1788 1450 hac

999 1476 1118 1503 volebat.
1136 1473 1235 1501 Verum
1251 1473 1308 1500 haec
1322 1472 1419 1507 agebat
1439 1471 1531 1498 divina
1548 1470 1716 1497 concedente
1737 1477 1788 1496 na-

1000 1525 1080 1554 tura;
1097 1528 1151 1547 non
1170 1527 1201 1547 ex
1216 1519 1390 1551 necessitate,
1405 1516 1637 1553 quemadmodum
1655 1523 1720 1548 nos;
1740 1519 1788 1542 sed

999 1566 1071 1602 quod
1092 1565 1298 1600 defatigaretur,
1313 1564 1384 1598 quod
1398 1564 1425 1590 in
1446 1571 1532 1598 agone
1554 1566 1636 1592 esset,
1651 1561 1723 1596 quod
1738 1569 1787 1595 pe-

998 1615 1065 1638 teret
1088 1618 1103 1637 a
1117 1610 1197 1636 Patre
1221 1614 1251 1636 ut
1273 1609 1402 1636 transiret
1427 1608 1509 1640 calix,
1525 1607 1552 1634 id
1574 1606 1701 1633 humanae
1727 1609 1787 1632 erat

998 1656 1080 1692 519
1106 1655 1268 1683 voluntatis.
1294 1653 1350 1681 lmo
1370 1654 1452 1681 etiam
1473 1657 1534 1688 post
1556 1652 1785 1680 resurrectionem

998 1708 1079 1738 atque
1097 1703 1247 1730 sessionem
1263 1700 1298 1728 ad
1313 1701 1452 1728 dexteram
1469 1699 1570 1731 Patris,
1589 1697 1658 1725 duas
1673 1701 1786 1724 naturas

997 1749 1159 1776 conlitemur
1185 1748 1211 1774 in
1236 1747 1357 1779 Christo,
1383 1747 1524 1783 voluntate
1549 1749 1575 1771 et
1600 1743 1731 1779 operandi
1758 1742 1786 1768 vi

997 1793 1207 1829 praeditas:ubi
1236 1792 1308 1820 enim
1333 1796 1432 1819 natura
1459 1791 1610 1823 rationalis,
1621 1790 1665 1817 (ibi
1691 1793 1717 1816 et
1737 1797 1786 1815 vo-

997 1840 1089 1866 luntas
1105 1843 1132 1867 et
1148 1839 1282 1874 operatio.
1297 1837 1441 1865 Naturales
1463 1841 1554 1864 autem
1571 1836 1640 1863 duas
1659 1835 1786 1862 volunta-

998 1890 1039 1914 tes
1064 1886 1191 1917 dicimus,
1212 1885 1259 1913 sed
1278 1885 1387 1912 unicam
1413 1883 1588 1914 sententiam,
1607 1882 1785 1916 dispensante

997 1931 1109 1963 deitate,
1127 1931 1311 1965 subsequente
1324 1933 1413 1956 autem
1427 1928 1607 1960 humanitate,
1622 1931 1703 1962 atque
1719 1934 1787 1954 con-

997 1977 1112 2006 cedente
1125 1981 1155 2004 ut
1166 1981 1283 2010 utraque
1297 1979 1470 2011 operaretur.

1213 2023 1252 2050 De
1266 2022 1416 2057 «Ii/ferentia
1432 2021 1568 2048 virtutum.

1032 2069 1162 2097 Mandata
1182 2069 1339 2104 accepimus
1352 2076 1366 2095 a
1381 2067 1491 2095 Christo
1500 2071 1526 2094 et
1541 2066 1596 2093 Deo
1612 2070 1786 2101 nostro,qua:

997 2115 1097 2142 exinde
1126 2114 1249 2141 divinum
1267 2113 1393 2149 operanti
1412 2112 1534 2148 praebent
1552 2111 1696 2142 auxilium,
1716 2118 1786 2145 prau-

998 2166 1126 2195 stantque
1149 2166 1178 2188 ut
1193 2162 1297 2195 absque
1314 2162 1429 2195 peccato
1444 2159 1586 2193 degamus,
1603 2162 1630 2184 et
1647 2157 1720 2184 velut
1734 2165 1786 2184 an-

963 2224 984 2250 D
998 2209 1051 2244 geli
1063 2216 1124 2235 cum
1135 2207 1293 2234 hominibus
1304 2213 1462 2233 versemur:
1474 2204 1662 2240 paaniteutiam
1677 2211 1785 2238 nempe,

1000 2254 1198 2286 humilitatem,
1230 2253 1333 2279 luctum
1354 2251 1513 2282 assiduum,
1538 2250 1699 2276 charitatem
1722 2257 1786 2283 erga

999 2297 1088 2332 ipsum
1106 2305 1138 2324 ex
1165 2300 1224 2324 toto
1239 2296 1332 2327 corde,
1348 2296 1521 2323 dilectionem
1539 2294 1673 2329 proximi,
1689 2301 1784 2328 puram

998 2343 1171 2375 orationem,
1196 2346 1321 2370 nostrum
1350 2342 1472 2377 ipsorum
1497 2340 1783 2372 abrenuntiationem;

998 2393 1083 2423 utque
1109 2395 1217 2424 semper
1241 2392 1356 2415 mortem
1373 2395 1423 2423 pro
1449 2387 1495 2414 illo
1525 2385 1713 2413 sustinendam
1730 2393 1785 2420 prae

998 2437 1086 2464 oculis
1098 2437 1259 2468 habeamus,
1277 2435 1303 2462 in
1320 2435 1379 2469 ejus
1394 2433 1495 2461 lumine
1507 2433 1566 2460 sine
1582 2431 1784 2458 intermissione

998 2483 1178 2513 ambulemus,
1198 2489 1248 2509 nos
1260 2481 1334 2508 omni
1349 2484 1475 2507 creatura
1491 2478 1635 2506 inferiores
1645 2477 1785 2504 existime-

999 2537 1069 2561 mus,
1086 2533 1167 2563 atque
1180 2528 1290 2555 assidue
1312 2527 1364 2561 ipsi
1381 2526 1577 2561 supplicemus.
1591 2523 1653 2550 Haec
1668 2531 1785 2558 namque

998 2574 1090 2601 divina
1105 2574 1193 2608 jussa,
1204 2574 1226 2601 Si
1238 2574 1299 2608 quis
1308 2580 1370 2599 cum
1380 2572 1432 2598 tide
1447 2569 1636 2605 compleverit,
1650 2568 1695 2596 Dei
1713 2568 1785 2596 illius

997 2620 1139 2652 ellicietur,
1170 2620 1243 2647 ﬁlius
1260 2619 1343 2650 lucis,
1367 2618 1454 2645 haeres
1470 2615 1526 2647 Dei,
1552 2615 1673 2642 coheres
1691 2619 1783 2641 autem

996 2667 1111 2701 Christi,
1124 2666 1276 2694 conformis
1292 2665 1404 2700 imagini
1429 2664 1499 2699 ejus,
1515 2668 1542 2691 et
1560 2662 1761 2696 complantatus
1776 2669 1783 2694 ;

997 2718 1090 2749 atque,
1111 2716 1140 2740 ut
1154 2712 1250 2748 paucis
1269 2716 1294 2739 et
1319 2711 1479 2746 simpliciter
1493 2707 1785 2742 dicamus,adoptione

996 2760 1148 2788 secundum
1163 2759 1278 2795 gratiam
1296 2757 1379 2785 Deus.
1393 2756 1463 2784 Sunt
1479 2763 1563 2792 porro
1580 2755 1631 2782 alia
1650 2760 1784 2790 pmcepta

996 2806 1113 2838 Christi,
1131 2813 1193 2841 quae
1216 2804 1407 2832 remissionem
1421 2804 1531 2839 quidem
1552 2802 1711 2833 conciliant.
1729 2802 1784 2827 imo

995 2861 1060 2882 vero
1074 2853 1106 2881 ad
1123 2852 1316 2888 perfectionem
1329 2859 1379 2879 nos
1393 2851 1547 2884 deducunt;
1564 2849 1642 2885 quale
1654 2852 1705 2878 est.
1715 2854 1779 2874 con-
