1926 3068
197 141 263 170 No7

777 145 806 171 S.
828 144 1061 173 ATIIANASIUS.
1079 160 1113 165 —
1133 145 1267 172 SPURIA.

1746 149 1817 177 “08

194 200 264 227 meri
278 206 310 226 ac
325 201 503 233 pronuntiare
519 200 628 235 propria
643 205 764 235 peccata,
774 209 828 228 non
843 203 974 236 prdicare.

1030 211 1058 228 το
1072 209 1212 237 ομοΑογειν
1226 212 1273 230 και
1286 204 1458 239 εξαγορεύειν
1473 204 1506 230 τὰ
1521 205 1607 232 οἰκεία
1618 207 1817 242 ἁμαρτήματα,

194 254 250 273 non
278 253 340 273 sese
353 246 470 278 negotiis
492 247 590 274 alienis
606 248 716 274 curiose
743 248 866 283 ingerere
886 257 892 274 :
909 249 980 275 elee-

194 299 335 327 mosynam
349 300 382 319 ex
399 292 517 327 propriis
532 292 612 320 bouis
641 301 765 328 erogare,
780 302 840 334 qua:
854 295 979 321 accidunt

194 338 282 365 tristia
300 346 431 373 generose
457 343 484 366 et
515 347 576 366 cum
599 339 748 374 gratiarum
774 340 880 367 actione
898 340 978 373 ferre,

193 384 316 411 conﬁteri
326 392 355 411 se
371 385 456 419 gratis
472 388 552 419 atque
567 393 599 412 ex
610 386 696 419 gratia
709 386 823 412 salutem
836 386 977 421 consequi.

194 429 222 456 Si
239 429 331 463 itaque
347 430 433 464 prima
449 430 494 456 illa
508 438 539 456 ac
555 430 601 457 Dei
622 431 723 458 auxilio
747 431 882 466 implenda
901 439 979 458 man—

192 474 254 500 data
280 474 341 508 quis
371 475 567 509 compleverit;
587 476 649 503 inde
676 477 778 511 accipit
795 477 978 504 arrhabonam

192 520 280 546 sancti
296 520 434 554 Spiritus;
457 522 500 548 sin
525 529 579 548 non
598 522 643 548 illa
657 523 776 556 quidem,
804 523 922 550 secunda
939 528 979 549 ta-

191 574 254 594 men
281 571 408 594 accurate
433 572 538 599 servet,
556 572 585 594 ut
608 569 772 602 ﬂagitiorum
794 577 906 596 suorum
931 577 978 596 ve-

191 611 264 638 niam
279 616 472 646 consequatur.
483 612 561 645 Quod
577 613 599 640 si
612 613 737 647 utrisque
747 614 863 643 labatur,
875 614 978 641 inutilis

191 664 258 683 sane
274 661 315 683 est
332 657 487 691 bujusmodi
503 658 593 690 homo,
608 658 701 689 miser,
719 662 745 685 et
760 659 869 685 inl‘vlix:
885 666 980 693 exspe-

191 706 300 737 rtetque
316 707 440 737 paratum
457 704 620 738 supplicium
637 703 746 730 diabolo
755 709 779 730 et
789 705 892 738 angelis
907 704 976 738 ejus.

281 747 410 775 Discretia
426 750 575 783 naturw(ac
591 750 762 785 conditionis)
773 758 888 784 operum.

225 792 344 828 Operum
370 794 423 820 alia
453 795 562 829 proprie
590 795 671 826 bona,
692 795 745 821 alia
769 796 878 830 proprie
907 796 978 822 mala

191 843 266 870 sunt,
276 840 329 866 alia
340 841 444 873 media;
462 841 570 876 proprie
587 841 658 868 bona
671 847 745 873 sunt,
755 842 909 876 prudentia,
922 842 978 870 for—

191 885 290 918 titudo,
317 887 513 921 temperantia,
531 887 657 921 iustitia;
674 888 784 922 proprie
809 888 890 920 mala,
910 889 977 915 iusi-

191 932 304 967 picntia,
336 933 454 967 ignavia,
477 934 699 968 intemperantia,
719 935 863 969 injustitia.
879 934 977 966 Media,

191 975 306 1007 divitice,
333 982 488 1012 paupertas.
507 979 606 1013 gloria,
631 979 755 1010 infamia.
774 980 890 1011 sanitas,
905 988 980 1007 mor—

190 1021 255 1052 bus,
271 1022 390 1049 eruditio
412 1023 508 1054 multa,
535 1024 699 1058 ignorantia.
727 1024 813 1052 Media
842 1033 924 1060 porro
937 1025 978 1052 di-

190 1071 302 1099 cuntur,
317 1068 382 1102 quia
396 1076 444 1102 per
457 1077 496 1099 se,
516 1077 565 1096 nee
582 1071 689 1104 proprie
706 1071 786 1102 bona,
805 1079 853 1098 nec
871 1071 979 1105 proprie

190 1113 263 1139 mala
279 1118 343 1140 sunt
360 1123 366 1140 :
386 1114 432 1141 sed
461 1115 611 1142 secundum
626 1123 705 1142 usum
727 1116 760 1143 iis
777 1117 920 1148 utentium,
933 1121 980 1144 aut

191 1158 243 1186 hoc
258 1163 305 1186 aut
320 1159 393 1186 aliud
411 1161 542 1187 evadunt.
559 1160 596 1187 Ita
618 1161 694 1188 dives
715 1162 762 1196 qui
781 1163 883 1196 probus
899 1163 933 1190 sit
951 1163 977 1190 in

190 1205 377 1240 elcemosynas
392 1206 461 1232 bona
475 1207 623 1241 impendit;
640 1207 686 1241 qui
704 1209 790 1235 malus
807 1208 840 1235 ad
855 1209 978 1242 volupta-

190 1255 232 1278 tes
251 1252 284 1278 iis
297 1252 389 1278 utitur.
407 1252 539 1279 Similiter
551 1258 707 1288 paupertas,
723 1255 745 1281 si
764 1255 832 1281 bona
850 1255 895 1285 sit,
910 1255 977 1283 tole-

189 1297 318 1329 rantiam,
344 1298 494 1332 gratiarum:
521 1300 656 1326 actionem
679 1304 705 1326 et
720 1301 909 1328 liberalitatem
926 1309 976 1328 nos

190 1344 286 1377 docet;
310 1344 332 1370 si
357 1345 437 1375 mala,
466 1345 678 1379 blasphemiam,
699 1347 917 1379 illiberalitatem,
943 1356 976 1374 ex

188 1397 221 1415 eo
236 1389 308 1423 quod
321 1397 374 1416 non
393 1390 539 1417 toleranter
554 1399 677 1425 agamus,
691 1396 811 1426 generat.
823 1391 896 1418 Bona
911 1392 975 1419 item

187 1435 274 1469 glorla
293 1440 344 1465 est,
360 1443 423 1462 cum
448 1444 498 1463 nos
513 1436 694 1463 humilitatem
710 1437 814 1469 edocet,
829 1442 856 1464 et
878 1438 976 1465 futura:

188 1480 281 1515 gloriae
295 1480 463 1508 desiderium
481 1483 594 1517 ingerit:
613 1483 682 1509 mala
707 1487 796 1510 autem
812 1491 873 1510 cum
884 1483 973 1511 servi-

1030 249 1059 275 τὸ
1078 249 1114 285 μὴ
1129 249 1242 285 κρίνειν,
1262 251 1292 278 τὸ
1314 251 1351 287 μὴ
1366 252 1602 288 πολυπραγμονεῖν
1622 254 1656 280 τὰ
1677 255 1817 291 ἀλλότρια,

1030 295 1059 321 τὺ
1073 296 1156 322 ἐλεεῖν
1165 297 1196 322 ἐκ
1209 296 1264 323 τῶν
1280 297 1467 332 ὑπαρχόντων,
1478 299 1507 325 τὸ
1519 299 1611 334 φέρειν
1624 300 1755 333 γενναίως
1771 303 1819 328 καὶ

1031 341 1089 375 μετ¹
1102 341 1275 376 εὐχαριστίας
1295 342 1330 368 τὰ
1351 343 1521 378 ἐπερχόμενα
1539 344 1656 381 λυπηρὰ,
1670 345 1700 372 τὺ
1720 346 1818 381 ὁμολο-

1029 388 1087 421 γεῖν
1098 387 1200 423 δωρεὰν
1212 389 1259 415 καὶ
1271 389 1361 425 χάριτι
1375 389 1518 421 σώζεσθαι.
1530 391 1561 417 Εἰ
1574 391 1622 426 μὲν
1633 389 1736 424 οὖντὰς
1746 393 1820 428 πρώ-

1028 442 1077 464 τας
1102 434 1148 460 καὶ
1169 434 1349 470 θεουργούσας
1370 436 1479 468 ἐντολάς
1498 445 1540 468 τις
1565 437 1718 472 ἐργάζεται,
1735 439 1819 464 ἀπεν-

1028 479 1122 506 τεῦθεν
1128 480 1308 514 λαμϐάνειτὸν
1317 482 1462 518 ἀρραϐῶνα
1470 482 1516 509 τοῦ
1526 482 1602 516 ἁγίου
1616 484 1784 518 Πνεύματος·
1792 485 1818 510 εί

1029 525 1058 551 δὲ
1075 525 1122 561 μὴ,
1137 525 1187 552 κᾶν
1198 526 1248 558 τὰς
1260 526 1388 562 δευτέρας
1402 528 1459 562 μετ’
1476 527 1632 562 ἐπιμελείας
1647 528 1816 563 ὲργαζέσθω,

1029 571 1103 600 ὅπως
1117 571 1186 608 τύχῃ
1197 573 1245 607 τῆς
1255 572 1308 598 τῶν
1323 572 1571 608 πλημμεληθέντων
1586 573 1659 609 αὐτῷ
1672 575 1816 610 συγχωρή-

1030 625 1108 649 σεως.
1123 618 1154 644 Εἰ
1170 619 1192 644 6'
1209 619 1371 654 ἀμφοτέρων
1388 620 1501 656 ἐκπέσῃ,
1523 620 1630 655 ἀχρεῖος
1645 616 1720 652 οὗτος
1734 620 1815 655 ἀνὴρ,

1030 664 1076 690 καὶ
1086 663 1186 696 ἅθλιος,
1196 665 1242 691 καὶ
1249 665 1427 701 ταλαίπωρος·
1441 666 1487 692 καὶ
1499 665 1674 701 προσδοκάτω
1684 666 1732 701 τὴν
1749 667 1817 692 ἀπο-

1029 710 1159 746 κειμένην
1173 710 1281 737 κόλασιν
1295 711 1333 745 τῷ
1343 711 1457 746 διαϐόλῳ
1471 711 1578 743 καὶτοῖς
1589 711 1713 745 ἀγγέλοις
1722 712 1814 738 αὐτοῦ.

1110 755 1261 790 Διάκρισις
1276 757 1331 791 τῆς
1343 756 1402 783 τῶν
1417 756 1595 791 πραγμάτων
1608 758 1727 791 φύσεως

1064 802 1124 829 Τῶν
1142 804 1310 839 πραγμάτων
1331 803 1365 830 τὰ
1379 804 1427 839 μέν
1444 805 1496 830 εἰσι
1518 803 1619 839 κυρίως
1635 803 1714 836 καλὰ,
1735 803 1768 830 τὰ
1786 804 1815 830 δὲ

1029 849 1130 884 κυρίως
1143 849 1225 881 κακὰ,
1239 849 1272 875 τά
1283 849 1311 875 δὲ
1321 849 1390 884 μέσα
1399 857 1406 865 ·
1422 850 1468 876 καὶ
1484 849 1585 885 κυρίως
1595 850 1643 884 μὲν
1658 849 1738 880 καλὰ,
1750 850 1816 885 φρό-

1030 904 1118 930 νησις,
1143 895 1262 930 ἀνδρεία,
1288 895 1458 932 σωφροσύνη,
1482 895 1650 931 δικαιοσύνη·
1668 897 1770 931 κυρίως
1787 896 1816 923 δὲ

1029 942 1112 972 κακὰ,
1127 940 1276 977 ἀφροσύνη,
1297 941 1391 973 δειλία,
1414 942 1555 974 ἀκολασία,
1571 942 1675 969 ἀδικία·
1695 942 1764 977 μέσα
1774 942 1814 974 δὲ,

1029 987 1152 1019 πλοῦτος,
1169 987 1257 1019 πενία,
1270 987 1342 1020 δόξα,
1358 988 1461 1021 ἀδοξία,
1474 989 1572 1022 ὑγίεια,
1591 989 1677 1021 νόσος,
1693 989 1816 1024 πολυμα-

1029 1032 1085 1064 θία,
1109 1032 1222 1067 ἀμαθία.
1241 1033 1318 1059 Μέσα
1340 1033 1368 1059 δὲ
1391 1033 1514 1068 λέγονται
1539 1034 1584 1060 διὰ
1608 1034 1638 1061 τὺ
1655 1034 1715 1060 καθ’
1733 1035 1817 1061 ἑαυτὰ

1031 1080 1098 1114 μήτε
1116 1079 1216 1114 κυρίως
1232 1079 1302 1106 καλὰ
1324 1077 1402 1110 εἶναι,
1429 1081 1496 1115 μήτε
1522 1080 1622 1116 κυρίως
1645 1080 1733 1107 κακά·
1749 1080 1818 1107 ἀλλὰ

1029 1125 1103 1160 παρὰ
1120 1127 1152 1160 τῇ
1168 1125 1263 1160 χρήσει
1279 1125 1332 1151 τῶν
1355 1126 1502 1161 χρωμένων
1516 1126 1532 1161 ἦ
1549 1126 1628 1152 τοῦτο
1641 1126 1656 1161 ἢ
1671 1127 1760 1152 ἐκεῖνο
1772 1135 1816 1160 γι-

1028 1171 1143 1205 νόμενα·
1156 1169 1210 1198 οἷον
1221 1172 1235 1197 ὁ
1247 1171 1360 1203 πλοῦτος
1373 1171 1452 1203 καλὸς
1467 1172 1516 1207 μὲν
1530 1173 1570 1204 εἰς
1583 1172 1766 1208 ἐλεημοσύνην
1781 1173 1818 1199 δι-

1028 1217 1149 1252 δόμενος,
1165 1218 1250 1249 κακὸς
1264 1218 1293 1244 δὲ
1308 1218 1376 1254 πρὸς
1391 1218 1488 1254 ἡδονὰς
1500 1219 1701 1254 δαπανώμενος.
1719 1219 1816 1246 Ὡσαύ-

1028 1273 1082 1295 τως
1091 1264 1137 1290 καὶ
1147 1265 1163 1299 ἡ
1175 1264 1253 1290 πενία
1265 1264 1333 1300 καλὴ
1348 1265 1396 1300 μὲν
1405 1265 1561 1301 καρτερίαν,
1572 1267 1618 1292 καὶ
1629 1266 1815 1301 εὐχαριστίαν,

1027 1309 1074 1336 καὶ
1100 1309 1256 1344 ἐλευθερίαν
1278 1311 1352 1347 ἡμᾶς
1367 1310 1527 1337 διδάσκουσα
1537 1319 1544 1327 ·
1560 1310 1632 1346 κακὴ
1654 1311 1681 1336 δὲ
1696 1310 1817 1346 βλασφη-

1029 1356 1104 1390 μίαν,
1122 1355 1168 1382 καὶ
1195 1356 1383 1391 ἀνελευθερίαν
1399 1358 1431 1383 ἐκ
1450 1356 1498 1383 τοῦ
1517 1357 1553 1392 μὴ
1579 1358 1721 1392 καρτερεῖν
1743 1357 1817 1392 ἡμᾶς

1026 1402 1219 1429 ἀποτίχτουσα.
1236 1402 1312 1435 Καλὴ
1328 1402 1355 1429 δὲ
1376 1404 1423 1429 καὶ
1438 1403 1454 1438 ἡ
1473 1403 1546 1436 δόξα,
1562 1404 1625 1430 ὅταν
1640 1412 1816 1439 ταπεινοφρο-

1028 1447 1111 1482 σύνην
1126 1449 1200 1483 ἡμᾶς
1214 1448 1369 1483 ὲκδιδάσκῃ,
1383 1449 1430 1475 καὶ
1442 1449 1491 1484 τῆς
1507 1449 1655 1484 μελλούσης
1664 1449 1742 1484 δόξης
1766 1449 1816 1484 ἐφ-

1027 1502 1098 1520 εσιν”
1115 1494 1242 1532 κακὴ-δὲ,
1256 1495 1320 1521 ὅταν
1335 1494 1610 1529 δουλοπρέπειαν,καὶ
1623 1495 1668 1521 διὰ
1683 1495 1763 1530 φόϐον
1773 1495 1817 1522 ἀν-

188 1526 241 1553 lem
258 1527 379 1554 animum
396 1527 515 1562 inducit;
538 1533 618 1564 atque
632 1529 727 1556 suadet
742 1534 770 1557 ut
787 1538 820 1557 ex
834 1530 974 1558 hominum

1028 1539 1162 1576 θρώπινον
1174 1526 1262 1567 πάντα
1275 1541 1360 1567 ποιεῖν
1375 1526 1518 1578 ἀναπείθῃ.
1537 1541 1673 1572 Ὡσαύτως
1684 1526 1753 1576 καλὴ
1766 1542 1816 1576 μὲν

188 1572 288 1600 timore
303 1573 394 1600 omnia
411 1580 535 1609 agantur.
554 1575 685 1602 Similiter
713 1577 784 1603 bona
799 1582 840 1604 est
859 1579 974 1611 sanitas,

188 1626 251 1646 cum
270 1627 301 1647 ea
318 1621 423 1647 utimur
440 1627 469 1648 ut
487 1621 540 1648 Deo
557 1623 724 1656 placeamus,
732 1627 759 1650 et
771 1625 900 1652 mandata
916 1625 975 1660 ejus

188 1673 349 1700 operemur;
375 1668 445 1694 mala
466 1672 568 1699 autem.
583 1677 644 1696 cum
667 1678 698 1698 ea
730 1671 765 1698 ad
792 1671 976 1707 intemperan-

187 1713 254 1738 tiam
282 1717 309 1739 et
336 1713 497 1745 iniustitiam
515 1715 626 1742 utimur.
646 1715 710 1743 Item
727 1717 857 1750 morbus,
873 1719 896 1746 si
913 1727 975 1754 gra-

187 1758 240 1784 tias
251 1766 373 1793 agamus,
391 1767 477 1794 eoque
501 1761 580 1795 quasi
606 1761 730 1796 adjutore
745 1767 866 1796 utamur,
885 1764 975 1792 bonus

186 1807 248 1836 est;
263 1805 359 1835 malus.
376 1806 397 1832 si
411 1806 518 1840 ingrato
535 1807 622 1835 simus
639 1809 740 1841 animo,
757 1813 838 1844 atque
854 1810 886 1836 ad
901 1811 975 1838 blas-

188 1849 324 1884 phemiam
344 1855 370 1877 et
385 1851 452 1878 iram
465 1860 515 1878 nos
529 1853 573 1880 ille
584 1858 724 1888 provocet.
737 1855 810 1882 Bona
821 1857 923 1891 pariter
933 1861 975 1884 est

187 1898 273 1924 multa
287 1898 414 1930 eruditio,
425 1907 486 1926 cum
499 1908 530 1927 ea
546 1901 579 1927 ad
593 1901 757 1935 docendum,
774 1908 801 1932 et
817 1905 850 1932 ad
863 1913 973 1932 causam

188 1942 287 1977 injuria
299 1951 492 1977 oppressorum
502 1945 645 1973 dicendam
654 1947 771 1981 utimur;
785 1949 855 1975 mala
871 1953 973 1983 autem,

187 1996 249 2015 cum
276 1988 308 2015 ad
329 1997 425 2016 vanam
456 1991 581 2024 gloriam.
596 1996 623 2019 et
649 1992 757 2027 injuria:
778 1995 972 2028 patrocinium.

186 2034 259 2061 Bona
277 2035 359 2062 etiam
375 2036 531 2071 ignorantia
540 2041 591 2067 est,
609 2045 672 2065 cum
697 2039 722 2065 id
740 2039 821 2066 eilicit
842 2045 870 2066 ut
886 2040 973 2069 doctis

186 2079 377 2114 subjiciamur,
391 2081 426 2108 ab
437 2081 526 2117 iisque
537 2082 680 2110 utilitatem
700 2085 885 2119 accipiamus;
902 2087 973 2114 mala

186 2130 276 2154 autem
292 2134 355 2154 cum
377 2128 457 2156 nobis
472 2129 591 2157 suaserit
602 2136 631 2156 ut
644 2131 670 2157 in
688 2133 797 2166 propria
812 2132 972 2160 inccdamus

184 2172 357 2207 ignorantia;
375 2182 424 2201 nec
445 2175 522 2202 nobis
534 2177 737 2210 praestantiores
758 2186 915 2213 sequamur.
929 2179 973 2206 Si-

183 2219 242 2246 mili
257 2219 338 2254 520
352 2220 432 2247 modo
456 2229 485 2248 se
500 2222 600 2249 habent
615 2223 718 2258 reliqua
734 2225 825 2252 omnia
835 2245 842 2256 ,
856 2226 970 2258 scilicet,

184 2265 326 2296 nobilitas,
338 2265 506 2301 ignobilitas,
523 2269 636 2303 pulchra
660 2270 745 2298 forma
759 2279 790 2298 ac
799 2271 970 2305 deformitas,

180 2312 309 2339 celeritas
318 2317 344 2339 et
353 2314 479 2346 tarditas,
488 2322 533 2342 ars
541 2319 567 2343 et
584 2317 650 2344 artis
666 2318 812 2353 imperitia,
823 2319 971 2348 dexteritas

182 2357 213 2386 in
237 2358 419 2386 ministrando
435 2364 463 2387 et
493 2360 660 2390 inhabilitas.
678 2362 740 2391 Haec
757 2365 858 2396 omnia,
877 2369 907 2392 ut
932 2365 973 2392 di—

182 2409 257 2431 ctum
273 2408 325 2436 est,
343 2406 370 2432 in
387 2407 477 2434 medio
489 2409 658 2443 consistunt;
675 2411 761 2445 utqui
774 2412 807 2439 iis
826 2417 898 2440 recte
912 2416 973 2440 uta-

182 2452 239 2481 tur,
246 2449 314 2476 nihil
324 2449 437 2478 laedatur
445 2451 479 2478 ab
486 2452 562 2486 ipsis,
571 2455 798 2488 quemadmodum
808 2457 903 2486 beatus
909 2458 970 2486 Job.

184 2495 307 2530 Utroque
320 2496 392 2523 enim
407 2497 488 2525 modo
499 2500 677 2533 exercitatus,
687 2502 834 2536 przeelarus
845 2511 973 2538 compro-

181 2539 264 2568 batus
279 2545 321 2569 est
334 2545 415 2577 atque
432 2543 663 2579 inexpugnabilis,
679 2553 711 2573 ac
726 2547 753 2574 in
771 2549 899 2576 omnibus
917 2549 972 2578 Deo

183 2587 295 2621 placuit.
307 2587 366 2615 Non
382 2589 460 2616 decet
475 2590 567 2626 itaque
584 2593 665 2620 rebus
677 2594 743 2628 ipsis
761 2595 867 2630 culpam
886 2599 972 2624 ascri-

182 2632 248 2660 bere
264 2641 270 2658 :
289 2634 356 2661 nihil
369 2635 441 2662 enim
456 2643 550 2664 eorum
570 2646 630 2673 quae
643 2646 658 2666 a
681 2639 734 2667 Deo
746 2641 809 2668 data
823 2646 897 2675 sunt,
915 2652 973 2672 ma-

183 2677 257 2712 lum;
275 2680 322 2707 sed
337 2681 363 2708 id
382 2681 482 2709 habent
496 2691 529 2710 ex
546 2684 657 2712 seducta
674 2690 767 2714 nostra
787 2692 868 2723 atque
890 2699 972 2725 spon-

182 2728 263 2752 tanea
289 2734 368 2753 serva
386 2728 536 2761 voluntate,
560 2734 642 2765 atque
662 2739 695 2759 ex
718 2733 816 2761 animae
838 2735 910 2762 circa
925 2744 971 2764 eas

182 2775 228 2798 res
247 2770 351 2805 judicio
366 2772 399 2799 ad
412 2773 552 2802 libidinem
570 2783 646 2803 suam
660 2777 715 2804 lato
732 2787 737 2804 :
756 2778 838 2807 libere
854 2788 971 2816 namque

183 2816 231 2846 illa
257 2817 284 2844 in
308 2818 438 2847 harumce
453 2828 543 2848 rerum
558 2830 609 2850 usu
627 2823 727 2851 labitur
739 2832 773 2851 ex
786 2827 896 2861 propria
909 2828 970 2856 libi-

183 2862 259 2896 dine,
275 2863 340 2891 dum
352 2864 399 2892 Dei
410 2866 575 2894 voluntatem
587 2869 701 2903 ejusque
717 2878 828 2905 regnanti
840 2874 962 2910 despicit.

223 2910 260 2946 (It)
275 2910 344 2946 Lege
355 2919 570 2948 καταφρτντυσα.
588 2915 665 2945 Emr.
685 2916 806 2947 Parnm.

1027 1586 1074 1613 καὶ
1090 1586 1192 1620 ὑγίεια,
1208 1587 1271 1614 ὅταν
1284 1588 1323 1618 εἰς
1339 1587 1518 1623 εὐαρέστησιν
1531 1587 1577 1614 τοῦ
1589 1587 1656 1614 Θεοῦ
1670 1587 1716 1614 καὶ
1732 1587 1815 1623 ἐργα-

1028 1633 1088 1660 σίαν
1099 1633 1152 1660 τῶν
1164 1633 1246 1660 αὐτοῦ
1260 1633 1372 1660 ἐντολῶν
1382 1633 1512 1669 χρώμεθα
1522 1641 1528 1648 '
1543 1634 1615 1670 κακὴ
1626 1633 1664 1665 δὲ,
1673 1634 1736 1661 ὅταν
1747 1635 1816 1670 πρὸς

1026 1679 1174 1706 ἀκολασίαν
1189 1679 1237 1706 καὶ
1263 1679 1379 1706 ἀδικίαν.
1403 1679 1518 1714 Ὁμοίως
1541 1679 1588 1707 καὶ
1610 1681 1626 1716 ἡ
1648 1680 1734 1712 νόσος,
1750 1681 1815 1707 ὅταν

1025 1725 1228 1761 εὐχαριστῶμεν
1253 1725 1299 1752 καί⁸
1315 1725 1437 1762 συνεργῷ
1459 1725 1545 1763 ταύτῃ
1567 1725 1708 1762 χρώμεθα,
1724 1726 1813 1762 καλή·

1026 1769 1097 1805 κακὴ
1111 1770 1149 1801 δὲ,
1165 1770 1229 1796 ὅταν
1246 1770 1314 1806 πρὸς
1325 1770 1495 1806 ἀχαριστίαν,
1507 1771 1554 1798 καὶ
1569 1771 1752 1806 βλασφημίαν,
1768 1772 1815 1798 καὶ

1024 1817 1108 1852 ὀργὴν
1125 1817 1199 1852 ἡμᾶς
1213 1817 1372 1854 συνελαύνῃ.
1383 1816 1461 1853 Καλὴ
1477 1817 1524 1844 καὶ
1539 1818 1556 1852 ή
1573 1817 1737 1852 πολυμαθία,
1751 1818 1815 1845 ὅταν

1025 1863 1094 1899 πρὸς
1121 1863 1295 1890 διδασκαλίαν
1323 1864 1370 1890 καὶ
1393 1863 1519 1899 βοήθειαν
1543 1865 1600 1896 τοῖς
1626 1864 1815 1900 ἀδικουμένοις

1024 1909 1110 1944 ταύτῃ
1124 1908 1268 1944 χρώμεθα⁸
1284 1908 1355 1944 κακὴ
1370 1909 1408 1942 δὲ,
1426 1909 1490 1936 ὅταν
1507 1909 1574 1945 πρὸς
1590 1909 1751 1943 κενοδοξίαν,
1766 1911 1815 1937 καὶ

1025 1956 1187 1991 συνηγορίαν
1199 1956 1248 1990 τῆς
1263 1955 1380 1988 ἀδικίας.
1396 1956 1474 1991 Καλὴ
1484 1956 1532 1983 καὶ
1551 1956 1666 1992 ἀμαθία,
1683 1958 1746 1984 ὅταν
1761 1966 1815 1985 πα-

1025 2000 1181 2036 ρασκευάζῃ
1198 2001 1271 2036 ἡμᾶς
1284 2001 1483 2027 ὑποτάσσεσθαι
1501 2002 1557 2033 τοῖς
1574 2001 1666 2033 εἰδόσι,
1688 2001 1735 2028 καὶ
1748 2010 1805 2037 παρ

1024 2045 1114 2071 αὐτῶν
1142 2045 1300 2081 πορίζεσθαι
1329 2046 1379 2081 τὴν
1407 2046 1558 2080 ὠφέλειαν·
1585 2046 1657 2082 κακὴ
1685 2046 1725 2079 δὲ,
1749 2047 1814 2073 ὅταν

1024 2091 1105 2127 πείθῃ
1119 2092 1193 2126 ἡμᾶς
1209 2093 1242 2127 τῇ
1268 2091 1357 2127 οἰκείᾳ
1378 2094 1491 2127 στοιχεῖν
1507 2092 1622 2128 ἀμαθίᾳ,
1642 2092 1689 2118 καὶ
1706 2091 1742 2127 μὴ
1756 2094 1814 2125 τοῖς

1023 2137 1174 2173 κρείττοσιν
1196 2137 1318 2165 ἕπεσθαι.
1343 2137 1478 2170 Ὡσαύτως
1496 2138 1544 2165 καὶ
1558 2138 1592 2164 τὰ
1607 2138 1688 2164 λοιπὰ
1711 2138 1810 2171 πάντα,

1023 2183 1078 2211 οἷον
1098 2184 1222 2218 εὐγένεια
1232 2185 1279 2211 καὶ
1295 2184 1446 2219 δυσγένεια,
1458 2185 1593 2220 εὐμορφία
1610 2185 1656 2211 καὶ⁵
1677 2186 1811 2221 ἀμορφία,

1025 2230 1190 2265 καλλιφωνία
1205 2231 1251 2257 καὶ
1266 2231 1432 2265 κακοφωνία,
1450 2232 1526 2267 ἰσχὺς
1540 2232 1586 2258 καὶ
1603 2232 1745 2267 ἀδυναμία.
1763 2240 1812 2258 τα-

1022 2275 1106 2312 χύτης
1126 2277 1173 2303 καὶ
1191 2275 1340 2312 βραδύτης,
1363 2276 1444 2312 τέχνη
1466 2277 1513 2303 καὶ
1537 2277 1658 2312 ἀτεχνία,
1678 2278 1725 2303 καὶ
1742 2278 1812 2312 πρὸς

1021 2321 1159 2353 διακονίας
1179 2322 1367 2358 ἐπιτηδειότης
1391 2322 1440 2349 καὶ
1464 2323 1691 2359 ἀνεπιτηδειότης.
1719 2321 1812 2351 Ταῦτα

1022 2369 1121 2400 πάντα,
1139 2368 1176 2400 ὡς
1199 2368 1317 2404 εἴρηται,
1343 2369 1397 2396 τῶν
1419 2369 1508 2405 μέσων
1527 2369 1594 2396 είσί”
1617 2371 1665 2396 καὶ
1680 2370 1694 2396 ὁ
1720 2370 1811 2402 καλῶς

1022 2414 1126 2446 τούτοις
1140 2413 1280 2450 χρώμενος
1294 2415 1369 2442 οὐδὲν
1382 2415 1458 2451 παρὰ
1469 2415 1569 2443 τούτων
1584 2416 1758 2451 βλαδήσεται,
1773 2416 1811 2448 ὡς

1021 2460 1036 2486 ὁ
1048 2461 1182 2497 μακάριος
1205 2460 1273 2488 Ἰὼϐ.
1293 2461 1340 2492 Εἰς
1356 2461 1498 2498 ἀμφότερα
1513 2462 1566 2496 γὰρ
1585 2461 1748 2494 ἐξετασθείς,
1765 2462 1811 2488 εὐ-

1021 2505 1131 2542 δόκιμος
1149 2506 1269 2541 ἀνεφάνη
1293 2507 1340 2533 καὶ
1354 2506 1585 2541 ἀκαταγώνιστος,
1603 2507 1650 2534 καὶ
1664 2507 1708 2533 διὰ
1721 2507 1810 2534 πάντα

1022 2553 1187 2588 εὐηρέστησε
1203 2553 1242 2588 τῷ
1260 2553 1328 2588 Θεῷ.
1354 2553 1435 2580 Ὥστε
1449 2553 1480 2579 οὐ
1496 2553 1535 2580 δεῖ
1550 2553 1585 2580 τὰ
1601 2553 1750 2589 πράγματα
1769 2555 1812 2580 αἱ-

1021 2599 1129 2625 τιᾶσθαι
1141 2607 1148 2615 ·
1169 2599 1243 2626 οὐδὲν
1255 2599 1312 2634 γὰρ
1328 2599 1382 2625 τῶν
1401 2599 1476 2635 παρὰ
1487 2599 1554 2626 Θεοῦ
1571 2599 1699 2627 δοθέντων
1714 2600 1810 2633 κακὸν,

1021 2644 1088 2671 ἀλλὰ
1111 2645 1187 2681 παρὰ
1202 2645 1251 2680 τὴν
1274 2644 1446 2681 ὲσφαλμένην
1469 2645 1546 2680 ἡμῶν
1567 2645 1615 2672 καὶ
1640 2645 1811 2672 ἐθελόδουλον

1022 2691 1192 2727 προαίρεσιν,
1209 2692 1254 2718 καὶ
1274 2691 1323 2726 τὴν
1338 2691 1564 2718 ὲθελοϐλέπουσαν
1582 2691 1645 2727 περὶ
1657 2691 1742 2718 ταῦτα
1760 2691 1810 2726 τῆς

1021 2737 1110 2772 ψυχῆς
1124 2737 1201 2772 ἡμῶν
1208 2737 1420 2772 διάκρισιν,ῆτις
1428 2737 1607 2770 αὐτεξουσίως
1624 2737 1691 2773 πρὸς
1705 2737 1754 2772 τὴν
1762 2745 1811 2763 ητα-

1024 2784 1155 2819 ράχρησιν
1176 2783 1278 2810 τούτων
1295 2783 1468 2816 ὲξολισθαίνει
1485 2784 1515 2817 ἐξ
1525 2784 1628 2816 οἰκείας
1643 2783 1807 2820 φιληδονίας,

1021 2831 1068 2856 καὶ
1079 2831 1128 2865 τῆς
1140 2829 1187 2857 τοῦ
1202 2829 1269 2857 Θεοῦ
1283 2831 1329 2858 καὶ
1342 2831 1390 2866 τῆς
1409 2831 1491 2858 αὐτοῦ
1514 2830 1652 2866 βασιλείας
1672 2838 1811 2865 telamo.

1019 2876 1072 2905 νῶν
1088 2876 1135 2912 (α).
