  <div class='ocr_page' id='page_1' title='image "/cluster/home/n/w/nwhite01/storage/ocr_20150623/28/njp.32101007506148/722.png"; bbox 0 0 1926 3068; ppageno 0'>
   <div class='ocr_carea' id='block_1_1' title="bbox 144 116 232 156">
    <p class='ocr_par' dir='ltr' id='par_1_1' title="bbox 144 116 232 156">
     <span class='ocr_line' id='line_1_1' title="bbox 144 116 232 156; baseline 0.011 -3"><span class='ocrx_word' id='word_1_1' title='bbox 144 116 232 156; x_wconf 72' lang='grc' dir='ltr'>ἰιυο</span> 
     </span>
    </p>
   </div>
   <div class='ocr_carea' id='block_1_2' title="bbox 563 122 1382 158">
    <p class='ocr_par' dir='ltr' id='par_1_2' title="bbox 563 122 1382 158">
     <span class='ocr_line' id='line_1_2' title="bbox 563 122 1382 158; baseline -0.005 -5"><span class='ocrx_word' id='word_1_2' title='bbox 563 125 676 154; x_wconf 75' lang='lat' dir='ltr'><strong>SERMO</strong></span> <span class='ocrx_word' id='word_1_3' title='bbox 694 124 762 151; x_wconf 78' lang='lat' dir='ltr'><strong>PRO</strong></span> <span class='ocrx_word' id='word_1_4' title='bbox 784 124 828 152; x_wconf 90' lang='lat' dir='ltr'><strong>llS</strong></span> <span class='ocrx_word' id='word_1_5' title='bbox 848 125 907 158; x_wconf 69' lang='lat' dir='ltr'><strong>Qljl</strong></span> <span class='ocrx_word' id='word_1_6' title='bbox 929 124 1076 152; x_wconf 55' lang='lat' dir='ltr'><strong>SEllU-LO</strong></span> <span class='ocrx_word' id='word_1_7' title='bbox 1097 122 1382 150; x_wconf 63' lang='lat' dir='ltr'><strong>RlCNENTlAllUNT.</strong></span> 
     </span>
    </p>
   </div>
   <div class='ocr_carea' id='block_1_3' title="bbox 1712 121 1782 148">
    <p class='ocr_par' dir='ltr' id='par_1_3' title="bbox 1712 121 1782 148">
     <span class='ocr_line' id='line_1_3' title="bbox 1712 121 1782 148; baseline -0.014 0"><span class='ocrx_word' id='word_1_8' title='bbox 1712 121 1782 148; x_wconf 78' lang='lat' dir='ltr'><strong>mo</strong></span> 
     </span>
    </p>
   </div>
   <div class='ocr_carea' id='block_1_4' title="bbox 157 197 1762 214">
    <p class='ocr_par' dir='ltr' id='par_1_4' title="bbox 157 197 1762 214">
     <span class='ocr_line' id='line_1_4' title="bbox 157 197 1762 214; baseline -0.001 -8"><span class='ocrx_word' id='word_1_9' title='bbox 157 197 1762 214; x_wconf 53' lang='lat'><strong>_________________._______.________.—__</strong></span> 
     </span>
    </p>
   </div>
   <div class='ocr_carea' id='block_1_5' title="bbox 878 271 1037 299">
    <p class='ocr_par' dir='ltr' id='par_1_5' title="bbox 878 271 1037 299">
     <span class='ocr_line' id='line_1_5' title="bbox 878 271 1037 299; baseline -0.006 0"><span class='ocrx_word' id='word_1_10' title='bbox 878 271 1037 299; x_wconf 75' lang='lat' dir='ltr'><strong>MONITUM</strong></span> 
     </span>
    </p>
   </div>
   <div class='ocr_carea' id='block_1_6' title="bbox 196 337 1762 377">
    <p class='ocr_par' dir='ltr' id='par_1_6' title="bbox 196 337 1762 377">
     <span class='ocr_line' id='line_1_6' title="bbox 196 337 1762 377; baseline -0.003 -7"><span class='ocrx_word' id='word_1_11' title='bbox 196 341 254 371; x_wconf 81' lang='lat' dir='ltr'><strong>Hoc</strong></span> <span class='ocrx_word' id='word_1_12' title='bbox 270 344 332 370; x_wconf 77' lang='lat' dir='ltr'><strong>item</strong></span> <span class='ocrx_word' id='word_1_13' title='bbox 348 341 502 377; x_wconf 75' lang='lat' dir='ltr'><strong>opusculum</strong></span> <span class='ocrx_word' id='word_1_14' title='bbox 515 340 599 368; x_wconf 81' lang='lat' dir='ltr'><strong>Roma</strong></span> <span class='ocrx_word' id='word_1_15' title='bbox 616 340 689 367; x_wconf 78' lang='lat' dir='ltr'><strong>nobis</strong></span> <span class='ocrx_word' id='word_1_16' title='bbox 704 340 813 366; x_wconf 79' lang='lat' dir='ltr'><strong>missum</strong></span> <span class='ocrx_word' id='word_1_17' title='bbox 827 343 876 371; x_wconf 79' lang='lat' dir='ltr'><strong>est,</strong></span> <span class='ocrx_word' id='word_1_18' title='bbox 888 338 919 365; x_wconf 84' lang='lat' dir='ltr'><strong>de</strong></span> <span class='ocrx_word' id='word_1_19' title='bbox 933 347 982 373; x_wconf 86' lang='lat' dir='ltr'><strong>qua</strong></span> <span class='ocrx_word' id='word_1_20' title='bbox 1000 338 1054 364; x_wconf 76' lang='lat' dir='ltr'><strong>lucc</strong></span> <span class='ocrx_word' id='word_1_21' title='bbox 1068 343 1142 364; x_wconf 82' lang='lat' dir='ltr'><strong>natat</strong></span> <span class='ocrx_word' id='word_1_22' title='bbox 1156 339 1201 373; x_wconf 77' lang='lat' dir='ltr'><strong>qui</strong></span> <span class='ocrx_word' id='word_1_23' title='bbox 1223 338 1372 371; x_wconf 66' lang='lat' dir='ltr'><strong>exscripsit.</strong></span> <span class='ocrx_word' id='word_1_24' title='bbox 1387 337 1453 365; x_wconf 86' lang='lat' dir='ltr'><strong>Mss.</strong></span> <span class='ocrx_word' id='word_1_25' title='bbox 1472 337 1556 365; x_wconf 79' lang='lat' dir='ltr'><strong>codex</strong></span> <span class='ocrx_word' id='word_1_26' title='bbox 1573 338 1684 365; x_wconf 64' lang='lat' dir='ltr'><strong>Graecus</strong></span> <span class='ocrx_word' id='word_1_27' title='bbox 1698 346 1762 365; x_wconf 81' lang='lat' dir='ltr'><strong>num</strong></span> 
     </span>
    </p>
   </div>
   <div class='ocr_carea' id='block_1_7' title="bbox 156 385 1781 423">
    <p class='ocr_par' dir='ltr' id='par_1_7' title="bbox 156 385 1781 423">
     <span class='ocr_line' id='line_1_7' title="bbox 156 385 1781 423; baseline -0.004 -4"><span class='ocrx_word' id='word_1_28' title='bbox 156 392 222 423; x_wconf 79' lang='lat'><strong>658.</strong></span> <span class='ocrx_word' id='word_1_29' title='bbox 239 391 462 419; x_wconf 84' lang='lat' dir='ltr'><strong>membrauaceus</strong></span> <span class='ocrx_word' id='word_1_30' title='bbox 482 393 509 418; x_wconf 87' lang='lat' dir='ltr'><strong>et</strong></span> <span class='ocrx_word' id='word_1_31' title='bbox 536 389 622 422; x_wconf 72' lang='grc' dir='ltr'>ιιι-12,</span> <span class='ocrx_word' id='word_1_32' title='bbox 637 388 753 423; x_wconf 84' lang='lat' dir='ltr'><strong>eleganli</strong></span> <span class='ocrx_word' id='word_1_33' title='bbox 780 395 861 414; x_wconf 91' lang='lat' dir='ltr'><strong>manu</strong></span> <span class='ocrx_word' id='word_1_34' title='bbox 885 391 1028 416; x_wconf 67' lang='lat' dir='ltr'><strong>cvaratus.</strong></span> <span class='ocrx_word' id='word_1_35' title='bbox 1043 386 1151 412; x_wconf 85' lang='lat' dir='ltr'><strong>videtur</strong></span> <span class='ocrx_word' id='word_1_36' title='bbox 1169 385 1268 412; x_wconf 88' lang='lat' dir='ltr'><strong>habere</strong></span> <span class='ocrx_word' id='word_1_37' title='bbox 1284 392 1347 412; x_wconf 81' lang='lat' dir='ltr'><strong>cccc</strong></span> <span class='ocrx_word' id='word_1_38' title='bbox 1371 393 1458 412; x_wconf 84' lang='lat' dir='ltr'><strong>annos</strong></span> <span class='ocrx_word' id='word_1_39' title='bbox 1486 390 1513 412; x_wconf 84' lang='lat' dir='ltr'><strong>et</strong></span> <span class='ocrx_word' id='word_1_40' title='bbox 1537 389 1580 412; x_wconf 88' lang='lat' dir='ltr'><strong>est</strong></span> <span class='ocrx_word' id='word_1_41' title='bbox 1607 385 1781 412; x_wconf 68' lang='lat' dir='ltr'><strong>bibliothecae</strong></span> 
     </span>
    </p>
   </div>
   <div class='ocr_carea' id='block_1_8' title="bbox 156 431 1780 471">
    <p class='ocr_par' dir='ltr' id='par_1_8' title="bbox 156 431 1780 471">
     <span class='ocr_line' id='line_1_8' title="bbox 156 431 1780 471; baseline -0.006 -4"><span class='ocrx_word' id='word_1_42' title='bbox 156 439 307 467; x_wconf 57' lang='lat' dir='ltr'><strong>Vaticana.</strong></span> <span class='ocrx_word' id='word_1_43' title='bbox 332 438 405 466; x_wconf 83' lang='lat' dir='ltr'><strong>Inter</strong></span> <span class='ocrx_word' id='word_1_44' title='bbox 438 439 491 465; x_wconf 83' lang='lat' dir='ltr'><strong>alia</strong></span> <span class='ocrx_word' id='word_1_45' title='bbox 521 438 704 471; x_wconf 83' lang='lat' dir='ltr'><strong>coutinct,p.</strong></span> <span class='ocrx_word' id='word_1_46' title='bbox 724 435 792 467; x_wconf 79' lang='grc'><strong>150,</strong></span> <span class='ocrx_word' id='word_1_47' title='bbox 823 438 981 469; x_wconf 82' lang='lat' dir='ltr'><strong>sequentem</strong></span> <span class='ocrx_word' id='word_1_48' title='bbox 1006 437 1153 460; x_wconf 85' lang='lat' dir='ltr'><strong>tractatum</strong></span> <span class='ocrx_word' id='word_1_49' title='bbox 1183 433 1344 460; x_wconf 84' lang='lat' dir='ltr'><strong>attributum</strong></span> <span class='ocrx_word' id='word_1_50' title='bbox 1371 437 1466 459; x_wconf 85' lang='lat' dir='ltr'><strong>sancto</strong></span> <span class='ocrx_word' id='word_1_51' title='bbox 1494 433 1654 459; x_wconf 87' lang='lat' dir='ltr'><strong>Athanasio.</strong></span> <span class='ocrx_word' id='word_1_52' title='bbox 1684 431 1719 459; x_wconf 82' lang='lat' dir='ltr'><strong>At</strong></span> <span class='ocrx_word' id='word_1_53' title='bbox 1743 436 1780 458; x_wconf 73' lang='lat' dir='ltr'><strong>es!</strong></span> 
     </span>
    </p>
   </div>
   <div class='ocr_carea' id='block_1_9' title="bbox 156 479 1709 522">
    <p class='ocr_par' dir='ltr' id='par_1_9' title="bbox 156 479 1709 522">
     <span class='ocr_line' id='line_1_9' title="bbox 156 479 1709 522; baseline -0.006 -8"><span class='ocrx_word' id='word_1_54' title='bbox 156 488 242 522; x_wconf 78' lang='lat' dir='ltr'><strong>ignoti</strong></span> <span class='ocrx_word' id='word_1_55' title='bbox 256 487 394 522; x_wconf 76' lang='lat' dir='ltr'><strong>cujusdam</strong></span> <span class='ocrx_word' id='word_1_56' title='bbox 409 491 433 514; x_wconf 81' lang='lat' dir='ltr'><strong>ct</strong></span> <span class='ocrx_word' id='word_1_57' title='bbox 445 486 591 513; x_wconf 75' lang='lat' dir='ltr'><strong>Athanasio</strong></span> <span class='ocrx_word' id='word_1_58' title='bbox 612 485 686 520; x_wconf 78' lang='lat' dir='ltr'><strong>longe</strong></span> <span class='ocrx_word' id='word_1_59' title='bbox 698 484 830 519; x_wconf 77' lang='lat' dir='ltr'><strong>inferioris</strong></span> <span class='ocrx_word' id='word_1_60' title='bbox 846 482 982 516; x_wconf 81' lang='lat' dir='ltr'><strong>scripturis</strong></span> <span class='ocrx_word' id='word_1_61' title='bbox 994 489 1070 515; x_wconf 82' lang='lat' dir='ltr'><strong>opus,</strong></span> <span class='ocrx_word' id='word_1_62' title='bbox 1090 481 1220 514; x_wconf 45' lang='lat' dir='ltr'><strong>urqprima</strong></span> <span class='ocrx_word' id='word_1_63' title='bbox 1235 485 1343 514; x_wconf 75' lang='lat' dir='ltr'><strong>aspectu</strong></span> <span class='ocrx_word' id='word_1_64' title='bbox 1355 479 1471 507; x_wconf 82' lang='lat' dir='ltr'><strong>aduertet</strong></span> <span class='ocrx_word' id='word_1_65' title='bbox 1483 479 1602 506; x_wconf 81' lang='lat' dir='ltr'><strong>eruditus</strong></span> <span class='ocrx_word' id='word_1_66' title='bbox 1618 479 1709 506; x_wconf 80' lang='lat' dir='ltr'><strong>lector.</strong></span> 
     </span>
    </p>
   </div>
   <div class='ocr_carea' id='block_1_10' title="bbox 442 603 1518 636">
    <p class='ocr_par' dir='ltr' id='par_1_10' title="bbox 442 603 1518 636">
     <span class='ocr_line' id='line_1_10' title="bbox 442 603 1518 636; baseline -0.005 -1"><span class='ocrx_word' id='word_1_67' title='bbox 442 610 512 636; x_wconf 85' lang='grc' dir='ltr'><strong>ΤΟΥ</strong></span> <span class='ocrx_word' id='word_1_68' title='bbox 522 609 572 635; x_wconf 77' lang='lat' dir='ltr'><strong>EN</strong></span> <span class='ocrx_word' id='word_1_69' title='bbox 589 607 720 635; x_wconf 83' lang='grc' dir='ltr'><strong>ΑΓΙΟΙΣ</strong></span> <span class='ocrx_word' id='word_1_70' title='bbox 736 606 881 634; x_wconf 71' lang='grc' dir='ltr'><strong>ΠΑΤΡοΣ</strong></span> <span class='ocrx_word' id='word_1_71' title='bbox 894 607 999 634; x_wconf 64' lang='grc' dir='ltr'><strong>ΗΜΗΝ</strong></span> <span class='ocrx_word' id='word_1_72' title='bbox 1018 603 1234 632; x_wconf 77' lang='grc' dir='ltr'><strong>ΑΘΛΝΑΣΙΟΥ</strong></span> <span class='ocrx_word' id='word_1_73' title='bbox 1254 603 1326 630; x_wconf 86' lang='grc' dir='ltr'><strong>ΤΟΥ</strong></span> <span class='ocrx_word' id='word_1_74' title='bbox 1339 605 1488 631; x_wconf 82' lang='grc' dir='ltr'><strong>ΜΕΓΔΛΟ</strong></span> <span class='ocrx_word' id='word_1_75' title='bbox 1496 605 1518 630; x_wconf 80' lang='grc' dir='ltr'><em>Υ</em></span> 
     </span>
    </p>
   </div>
   <div class='ocr_carea' id='block_1_11' title="bbox 718 684 1223 712">
    <p class='ocr_par' dir='ltr' id='par_1_11' title="bbox 718 684 1223 712">
     <span class='ocr_line' id='line_1_11' title="bbox 718 684 1223 712; baseline -0.004 0"><span class='ocrx_word' id='word_1_76' title='bbox 718 685 939 712; x_wconf 78' lang='grc' dir='ltr'><strong>ΙΙΑΤΡΙΛΡΧΟΥ</strong></span> <span class='ocrx_word' id='word_1_77' title='bbox 967 684 1223 711; x_wconf 74' lang='grc' dir='ltr'><strong>ΛΑΕΞΑΝΔΡΕΙΑΣ</strong></span> 
     </span>
    </p>
   </div>
   <div class='ocr_carea' id='block_1_12' title="bbox 194 760 1736 803">
    <p class='ocr_par' dir='ltr' id='par_1_12' title="bbox 194 760 1736 803">
     <span class='ocr_line' id='line_1_12' title="bbox 194 760 1736 803; baseline -0.006 -6"><span class='ocrx_word' id='word_1_78' title='bbox 194 769 288 803; x_wconf 74' lang='grc' dir='ltr'>Λόγος</span> <span class='ocrx_word' id='word_1_79' title='bbox 301 766 487 802; x_wconf 81' lang='grc' dir='ltr'>διακριτικὸς,</span> <span class='ocrx_word' id='word_1_80' title='bbox 500 766 549 793; x_wconf 74' lang='grc' dir='ltr'>καὶ</span> <span class='ocrx_word' id='word_1_81' title='bbox 565 767 608 799; x_wconf 83' lang='grc' dir='ltr'><strong>εἰς</strong></span> <span class='ocrx_word' id='word_1_82' title='bbox 625 765 676 798; x_wconf 78' lang='grc' dir='ltr'><strong>τὰς</strong></span> <span class='ocrx_word' id='word_1_83' title='bbox 689 764 817 796; x_wconf 81' lang='grc' dir='ltr'><strong>ἐντολὰς</strong></span> <span class='ocrx_word' id='word_1_84' title='bbox 834 763 887 791; x_wconf 82' lang='grc' dir='ltr'>τοῦ</span> <span class='ocrx_word' id='word_1_85' title='bbox 898 763 971 791; x_wconf 83' lang='grc' dir='ltr'><strong>Θεοῦ</strong></span> <span class='ocrx_word' id='word_1_86' title='bbox 986 762 1047 795; x_wconf 78' lang='grc' dir='ltr'>τοῖς</span> <span class='ocrx_word' id='word_1_87' title='bbox 1063 763 1300 798; x_wconf 76' lang='grc' dir='ltr'>ἀποταξαμένοις</span> <span class='ocrx_word' id='word_1_88' title='bbox 1314 762 1361 788; x_wconf 74' lang='grc' dir='ltr'>καὶ</span> <span class='ocrx_word' id='word_1_89' title='bbox 1381 761 1514 795; x_wconf 80' lang='grc' dir='ltr'>σωθῆναι</span> <span class='ocrx_word' id='word_1_90' title='bbox 1525 764 1532 772; x_wconf 88' lang='lat'>&#39;</span> <span class='ocrx_word' id='word_1_91' title='bbox 1548 760 1736 795; x_wconf 75' lang='grc' dir='ltr'>θελουμένοις</span> 
     </span>
    </p>
   </div>
   <div class='ocr_carea' id='block_1_13' title="bbox 570 898 1378 932">
    <p class='ocr_par' dir='ltr' id='par_1_13' title="bbox 570 898 1378 932">
     <span class='ocr_line' id='line_1_13' title="bbox 570 898 1378 932; baseline -0.007 0"><span class='ocrx_word' id='word_1_92' title='bbox 570 904 705 932; x_wconf 75' lang='lat' dir='ltr'><strong>SANCTI</strong></span> <span class='ocrx_word' id='word_1_93' title='bbox 723 903 856 931; x_wconf 80' lang='lat' dir='ltr'><strong><em>PATRIS</em></strong></span> <span class='ocrx_word' id='word_1_94' title='bbox 874 902 1012 931; x_wconf 80' lang='lat' dir='ltr'><strong>NOSTRI</strong></span> <span class='ocrx_word' id='word_1_95' title='bbox 1029 900 1237 930; x_wconf 79' lang='lat' dir='ltr'><strong>ATIIANASII</strong></span> <span class='ocrx_word' id='word_1_96' title='bbox 1255 898 1378 928; x_wconf 80' lang='lat' dir='ltr'><strong>MAGNI</strong></span> 
     </span>
    </p>
   </div>
   <div class='ocr_carea' id='block_1_14' title="bbox 730 968 1222 1008">
    <p class='ocr_par' dir='ltr' id='par_1_14' title="bbox 730 968 1222 1008">
     <span class='ocr_line' id='line_1_14' title="bbox 730 968 1222 1008; baseline -0.002 0"><span class='ocrx_word' id='word_1_97' title='bbox 730 968 966 1008; x_wconf 69' lang='grc' dir='ltr'>ρΑτιιιΑῐιοίιιΕ</span> <span class='ocrx_word' id='word_1_98' title='bbox 987 978 1222 1007; x_wconf 69' lang='grc' dir='ltr'><strong>ΑιΕΧΑΝῡΒιᾹσ]</strong></span> 
     </span>
    </p>
   </div>
   <div class='ocr_carea' id='block_1_15' title="bbox 194 1052 1746 1116">
    <p class='ocr_par' dir='ltr' id='par_1_15' title="bbox 194 1052 1746 1116">
     <span class='ocr_line' id='line_1_15' title="bbox 194 1052 1746 1116; baseline -0.006 -29"><span class='ocrx_word' id='word_1_99' title='bbox 194 1060 285 1088; x_wconf 82' lang='lat' dir='ltr'><strong>Sermo</strong></span> <span class='ocrx_word' id='word_1_100' title='bbox 305 1058 470 1086; x_wconf 74' lang='lat' dir='ltr'><strong>discretionis</strong></span> <span class='ocrx_word' id='word_1_101' title='bbox 492 1057 583 1091; x_wconf 76' lang='lat' dir='ltr'><strong>plenus</strong></span> <span class='ocrx_word' id='word_1_102' title='bbox 604 1057 632 1083; x_wconf 79' lang='lat' dir='ltr'><strong>in</strong></span> <span class='ocrx_word' id='word_1_103' title='bbox 657 1056 705 1083; x_wconf 80' lang='lat' dir='ltr'><strong>Dei</strong></span> <span class='ocrx_word' id='word_1_104' title='bbox 722 1055 866 1088; x_wconf 81' lang='lat' dir='ltr'><strong>mandata,</strong></span> <span class='ocrx_word' id='word_1_105' title='bbox 882 1061 929 1089; x_wconf 80' lang='lat' dir='ltr'><strong>pro</strong></span> <span class='ocrx_word' id='word_1_106' title='bbox 944 1054 977 1116; x_wconf 51' lang='lat' dir='ltr'><strong>iis</strong></span> <span class='ocrx_word' id='word_1_107' title='bbox 996 1054 1040 1089; x_wconf 81' lang='lat' dir='ltr'><strong>qui</strong></span> <span class='ocrx_word' id='word_1_108' title='bbox 1060 1055 1157 1081; x_wconf 66' lang='lat' dir='ltr'><strong>arcula</strong></span> <span class='ocrx_word' id='word_1_109' title='bbox 1175 1053 1370 1080; x_wconf 66' lang='lat' dir='ltr'><strong>renuntiarunt</strong></span> <span class='ocrx_word' id='word_1_110' title='bbox 1392 1057 1416 1080; x_wconf 79' lang='lat' dir='ltr'><strong>et</strong></span> <span class='ocrx_word' id='word_1_111' title='bbox 1438 1053 1483 1088; x_wconf 79' lang='lat' dir='ltr'><strong>qui</strong></span> <span class='ocrx_word' id='word_1_112' title='bbox 1499 1052 1610 1079; x_wconf 78' lang='lat' dir='ltr'><strong>salutem</strong></span> <span class='ocrx_word' id='word_1_113' title='bbox 1627 1053 1746 1086; x_wconf 79' lang='lat' dir='ltr'><strong>consequi</strong></span> 
     </span>
     <span class='ocr_line' id='line_1_16' title="bbox 921 1094 1019 1116; baseline -0.01 0"><span class='ocrx_word' id='word_1_114' title='bbox 921 1097 950 1116; x_wconf 82' lang='lat' dir='ltr'><strong>vo</strong></span> <span class='ocrx_word' id='word_1_115' title='bbox 965 1094 1019 1115; x_wconf 85' lang='lat' dir='ltr'><strong>unt.</strong></span> 
     </span>
    </p>
   </div>
   <div class='ocr_carea' id='block_1_16' title="bbox 921 1094 1019 1116">
    <p class='ocr_par' dir='ltr' id='par_1_16' title="bbox 921 1094 1019 1116">
     <span class='ocr_line' id='line_1_17' title="bbox 921 1094 1019 1116; baseline -0.01 0"><span class='ocrx_word' id='word_1_116' title='bbox 921 1094 1019 1116; x_wconf 82' lang='lat' dir='ltr'><strong>volunt.</strong></span> 
     </span>
    </p>
   </div>
   <div class='ocr_carea' id='block_1_17' title="bbox 194 1215 944 1258">
    <p class='ocr_par' dir='ltr' id='par_1_17' title="bbox 194 1220 941 1258">
     <span class='ocr_line' id='line_1_18' title="bbox 194 1220 941 1258; baseline -0.005 -8"><span class='ocrx_word' id='word_1_117' title='bbox 194 1223 219 1250; x_wconf 73' lang='grc' dir='ltr'><strong>Ι.</strong></span> <span class='ocrx_word' id='word_1_118' title='bbox 242 1223 406 1258; x_wconf 69' lang='grc' dir='ltr'>Ἀγαπητοί,</span> <span class='ocrx_word' id='word_1_119' title='bbox 424 1221 610 1257; x_wconf 74' lang='grc' dir='ltr'><strong>φροντίσωμεν</strong></span> <span class='ocrx_word' id='word_1_120' title='bbox 626 1221 675 1256; x_wconf 81' lang='grc' dir='ltr'>τῆς</span> <span class='ocrx_word' id='word_1_121' title='bbox 701 1220 836 1256; x_wconf 81' lang='grc' dir='ltr'><strong>σωτηρίας</strong></span> <span class='ocrx_word' id='word_1_122' title='bbox 852 1221 941 1256; x_wconf 80' lang='grc' dir='ltr'>ἡμῶν,</span> 
     </span>
    </p>
   </div>
   <div class='ocr_carea' id='block_1_18' title="bbox 997 1215 1782 1258">
    <p class='ocr_par' dir='ltr' id='par_1_18' title="bbox 1029 1215 1782 1250">
     <span class='ocr_line' id='line_1_19' title="bbox 1029 1215 1782 1250; baseline -0.005 -5"><span class='ocrx_word' id='word_1_123' title='bbox 1029 1219 1054 1245; x_wconf 80' lang='grc'><strong>1.</strong></span> <span class='ocrx_word' id='word_1_124' title='bbox 1073 1217 1181 1250; x_wconf 86' lang='lat' dir='ltr'><strong>Dilecti,</strong></span> <span class='ocrx_word' id='word_1_125' title='bbox 1208 1217 1239 1244; x_wconf 90' lang='lat' dir='ltr'><strong>de</strong></span> <span class='ocrx_word' id='word_1_126' title='bbox 1256 1217 1342 1244; x_wconf 84' lang='lat' dir='ltr'><strong>salute</strong></span> <span class='ocrx_word' id='word_1_127' title='bbox 1362 1221 1457 1243; x_wconf 88' lang='lat' dir='ltr'><strong>nostra</strong></span> <span class='ocrx_word' id='word_1_128' title='bbox 1477 1215 1688 1243; x_wconf 75' lang='lat' dir='ltr'><strong>sollicitudinem</strong></span> <span class='ocrx_word' id='word_1_129' title='bbox 1704 1222 1782 1250; x_wconf 75' lang='lat' dir='ltr'><strong>gera-</strong></span> 
     </span>
    </p>
   </div>
   <div class='ocr_carea' id='block_1_19' title="bbox 157 1266 944 1305">
    <p class='ocr_par' dir='ltr' id='par_1_19' title="bbox 157 1266 944 1305">
     <span class='ocr_line' id='line_1_20' title="bbox 157 1266 944 1305; baseline -0.005 -9"><span class='ocrx_word' id='word_1_130' title='bbox 157 1270 197 1296; x_wconf 83' lang='grc' dir='ltr'>ὅτι</span> <span class='ocrx_word' id='word_1_131' title='bbox 212 1271 226 1296; x_wconf 85' lang='grc' dir='ltr'>ὁ</span> <span class='ocrx_word' id='word_1_132' title='bbox 240 1269 334 1305; x_wconf 77' lang='grc' dir='ltr'>καιρὸς</span> <span class='ocrx_word' id='word_1_133' title='bbox 348 1268 559 1303; x_wconf 78' lang='grc' dir='ltr'><strong>συνεσταλμένος</strong></span> <span class='ocrx_word' id='word_1_134' title='bbox 589 1267 647 1294; x_wconf 68' lang='grc' dir='ltr'>ἐστι</span> <span class='ocrx_word' id='word_1_135' title='bbox 665 1267 755 1293; x_wconf 84' lang='grc' dir='ltr'>λοιπόν</span> <span class='ocrx_word' id='word_1_136' title='bbox 767 1275 773 1281; x_wconf 94' lang='grc'>·</span> <span class='ocrx_word' id='word_1_137' title='bbox 789 1268 836 1293; x_wconf 68' lang='grc' dir='ltr'><strong>καὶ</strong></span> <span class='ocrx_word' id='word_1_138' title='bbox 853 1267 882 1293; x_wconf 77' lang='grc' dir='ltr'>οὑ</span> <span class='ocrx_word' id='word_1_139' title='bbox 897 1266 944 1292; x_wconf 77' lang='grc' dir='ltr'><strong>δύ-</strong></span> 
     </span>
    </p>
   </div>
   <div class='ocr_carea' id='block_1_20' title="bbox 157 1310 946 1350">
    <p class='ocr_par' dir='ltr' id='par_1_20' title="bbox 157 1310 946 1350">
     <span class='ocr_line' id='line_1_21' title="bbox 157 1310 946 1350; baseline -0.004 -9"><span class='ocrx_word' id='word_1_140' title='bbox 157 1314 236 1341; x_wconf 85' lang='grc' dir='ltr'>ναταί</span> <span class='ocrx_word' id='word_1_141' title='bbox 251 1323 295 1346; x_wconf 82' lang='grc' dir='ltr'><strong>τις</strong></span> <span class='ocrx_word' id='word_1_142' title='bbox 318 1314 458 1350; x_wconf 83' lang='grc' dir='ltr'><strong>φροντίσαι</strong></span> <span class='ocrx_word' id='word_1_143' title='bbox 470 1313 519 1348; x_wconf 80' lang='grc' dir='ltr'>τῆς</span> <span class='ocrx_word' id='word_1_144' title='bbox 535 1313 631 1340; x_wconf 77' lang='grc' dir='ltr'>ἑαυτοῦ</span> <span class='ocrx_word' id='word_1_145' title='bbox 645 1313 742 1347; x_wconf 67' lang='grc' dir='ltr'>ψυχῆς,</span> <span class='ocrx_word' id='word_1_146' title='bbox 756 1312 806 1344; x_wconf 69' lang='grc' dir='ltr'><strong>ἓως</strong></span> <span class='ocrx_word' id='word_1_147' title='bbox 820 1310 849 1339; x_wconf 76' lang='grc' dir='ltr'><strong>οὗ</strong></span> <span class='ocrx_word' id='word_1_148' title='bbox 865 1320 946 1348; x_wconf 79' lang='grc' dir='ltr'>φρον-</span> 
     </span>
    </p>
   </div>
   <div class='ocr_carea' id='block_1_21' title="bbox 157 1357 944 1394">
    <p class='ocr_par' dir='ltr' id='par_1_21' title="bbox 157 1357 944 1394">
     <span class='ocr_line' id='line_1_22' title="bbox 157 1357 944 1394; baseline -0.004 -8"><span class='ocrx_word' id='word_1_149' title='bbox 157 1359 226 1391; x_wconf 82' lang='grc' dir='ltr'>τίζει</span> <span class='ocrx_word' id='word_1_150' title='bbox 241 1359 276 1386; x_wconf 73' lang='grc' dir='ltr'>τὰ</span> <span class='ocrx_word' id='word_1_151' title='bbox 292 1358 337 1386; x_wconf 79' lang='grc' dir='ltr'><strong>τοῦ</strong></span> <span class='ocrx_word' id='word_1_152' title='bbox 365 1358 501 1394; x_wconf 88' lang='grc' dir='ltr'>σώματος.</span> <span class='ocrx_word' id='word_1_153' title='bbox 518 1358 622 1393; x_wconf 82' lang='grc' dir='ltr'>’Ὠσπερ</span> <span class='ocrx_word' id='word_1_154' title='bbox 637 1359 689 1393; x_wconf 84' lang='grc' dir='ltr'><strong>γὰρ</strong></span> <span class='ocrx_word' id='word_1_155' title='bbox 715 1358 744 1383; x_wconf 84' lang='grc' dir='ltr'><strong>οὐ</strong></span> <span class='ocrx_word' id='word_1_156' title='bbox 770 1357 880 1383; x_wconf 78' lang='grc' dir='ltr'>δύναταὶ</span> <span class='ocrx_word' id='word_1_157' title='bbox 901 1366 944 1389; x_wconf 87' lang='grc' dir='ltr'><strong>τις</strong></span> 
     </span>
    </p>
   </div>
   <div class='ocr_carea' id='block_1_22' title="bbox 159 1403 944 1441">
    <p class='ocr_par' dir='ltr' id='par_1_22' title="bbox 159 1403 944 1441">
     <span class='ocr_line' id='line_1_23' title="bbox 159 1403 944 1441; baseline -0.004 -9"><span class='ocrx_word' id='word_1_158' title='bbox 159 1405 302 1441; x_wconf 76' lang='grc' dir='ltr'><strong>προσέχειν</strong></span> <span class='ocrx_word' id='word_1_159' title='bbox 319 1406 347 1431; x_wconf 77' lang='grc' dir='ltr'>ὲν</span> <span class='ocrx_word' id='word_1_160' title='bbox 372 1405 411 1431; x_wconf 77' lang='grc' dir='ltr'>ἑνὶ</span> <span class='ocrx_word' id='word_1_161' title='bbox 425 1403 555 1439; x_wconf 48' lang='lat' dir='ltr'><strong>egeam,</strong></span> <span class='ocrx_word' id='word_1_162' title='bbox 583 1404 621 1434; x_wconf 81' lang='grc' dir='ltr'>εἰς</span> <span class='ocrx_word' id='word_1_163' title='bbox 640 1405 685 1429; x_wconf 76' lang='grc' dir='ltr'><strong>τὸν</strong></span> <span class='ocrx_word' id='word_1_164' title='bbox 701 1403 824 1438; x_wconf 77' lang='grc' dir='ltr'>οὐρανὸν,</span> <span class='ocrx_word' id='word_1_165' title='bbox 847 1403 894 1429; x_wconf 74' lang='grc' dir='ltr'>καὶ</span> <span class='ocrx_word' id='word_1_166' title='bbox 915 1404 944 1429; x_wconf 80' lang='grc' dir='ltr'>ὲν</span> 
     </span>
    </p>
   </div>
   <div class='ocr_carea' id='block_1_23' title="bbox 159 1448 944 1485">
    <p class='ocr_par' dir='ltr' id='par_1_23' title="bbox 159 1448 944 1485">
     <span class='ocr_line' id='line_1_24' title="bbox 159 1448 944 1485; baseline -0.004 -8"><span class='ocrx_word' id='word_1_167' title='bbox 159 1451 199 1477; x_wconf 79' lang='grc' dir='ltr'><strong>ἐνὶ</strong></span> <span class='ocrx_word' id='word_1_168' title='bbox 209 1451 255 1477; x_wconf 68' lang='grc' dir='ltr'><strong>ἐπὶ</strong></span> <span class='ocrx_word' id='word_1_169' title='bbox 264 1450 312 1485; x_wconf 85' lang='grc' dir='ltr'>τὴν</span> <span class='ocrx_word' id='word_1_170' title='bbox 319 1450 370 1485; x_wconf 87' lang='grc' dir='ltr'><strong>γῆν</strong></span> <span class='ocrx_word' id='word_1_171' title='bbox 378 1458 384 1464; x_wconf 89' lang='grc'><strong>·</strong></span> <span class='ocrx_word' id='word_1_172' title='bbox 397 1449 482 1481; x_wconf 69' lang='grc' dir='ltr'>οὕτως</span> <span class='ocrx_word' id='word_1_173' title='bbox 493 1449 522 1475; x_wconf 81' lang='grc' dir='ltr'><strong>οὐ</strong></span> <span class='ocrx_word' id='word_1_174' title='bbox 535 1448 643 1475; x_wconf 82' lang='grc' dir='ltr'>δύναται</span> <span class='ocrx_word' id='word_1_175' title='bbox 655 1448 701 1474; x_wconf 80' lang='grc' dir='ltr'>ἄνθ</span> <span class='ocrx_word' id='word_1_176' title='bbox 705 1457 794 1483; x_wconf 82' lang='grc' dir='ltr'>ρωπος</span> <span class='ocrx_word' id='word_1_177' title='bbox 804 1448 944 1483; x_wconf 79' lang='grc' dir='ltr'>φροντίσαι</span> 
     </span>
    </p>
   </div>
   <div class='ocr_carea' id='block_1_24' title="bbox 158 1492 943 1528">
    <p class='ocr_par' dir='ltr' id='par_1_24' title="bbox 158 1492 943 1528">
     <span class='ocr_line' id='line_1_25' title="bbox 158 1492 943 1528; baseline -0.003 -8"><span class='ocrx_word' id='word_1_178' title='bbox 158 1494 193 1521; x_wconf 79' lang='grc' dir='ltr'>τὰ</span> <span class='ocrx_word' id='word_1_179' title='bbox 203 1494 249 1520; x_wconf 74' lang='grc' dir='ltr'>τοῦ</span> <span class='ocrx_word' id='word_1_180' title='bbox 264 1493 330 1520; x_wconf 68' lang='grc' dir='ltr'>Θεοῦ</span> <span class='ocrx_word' id='word_1_181' title='bbox 343 1494 388 1520; x_wconf 72' lang='grc' dir='ltr'><strong>καὶ</strong></span> <span class='ocrx_word' id='word_1_182' title='bbox 407 1494 440 1520; x_wconf 86' lang='grc' dir='ltr'>τὰ</span> <span class='ocrx_word' id='word_1_183' title='bbox 455 1493 501 1519; x_wconf 78' lang='grc' dir='ltr'>τοῦ</span> <span class='ocrx_word' id='word_1_184' title='bbox 520 1493 653 1528; x_wconf 84' lang='grc' dir='ltr'>σώματος.</span> <span class='ocrx_word' id='word_1_185' title='bbox 668 1493 772 1528; x_wconf 82' lang='grc' dir='ltr'>Ὥσπερ</span> <span class='ocrx_word' id='word_1_186' title='bbox 789 1493 818 1518; x_wconf 74' lang='grc' dir='ltr'><strong>οὐ</strong></span> <span class='ocrx_word' id='word_1_187' title='bbox 833 1492 943 1519; x_wconf 77' lang='grc' dir='ltr'>δύναται</span> 
     </span>
    </p>
   </div>
   <div class='ocr_carea' id='block_1_25' title="bbox 159 1537 944 1575">
    <p class='ocr_par' dir='ltr' id='par_1_25' title="bbox 159 1537 944 1575">
     <span class='ocr_line' id='line_1_26' title="bbox 159 1537 944 1575; baseline -0.001 -10"><span class='ocrx_word' id='word_1_188' title='bbox 159 1539 235 1575; x_wconf 79' lang='grc' dir='ltr'>πηγὴ</span> <span class='ocrx_word' id='word_1_189' title='bbox 251 1540 283 1566; x_wconf 80' lang='grc' dir='ltr'>ἐκ</span> <span class='ocrx_word' id='word_1_190' title='bbox 295 1540 343 1574; x_wconf 83' lang='grc' dir='ltr'><strong>τῆς</strong></span> <span class='ocrx_word' id='word_1_191' title='bbox 360 1539 444 1574; x_wconf 82' lang='grc' dir='ltr'>αὐτῆς</span> <span class='ocrx_word' id='word_1_192' title='bbox 461 1539 530 1574; x_wconf 81' lang='grc' dir='ltr'>ὀπῆς</span> <span class='ocrx_word' id='word_1_193' title='bbox 548 1539 700 1572; x_wconf 69' lang='grc' dir='ltr'>ἐξενεγκεῖν</span> <span class='ocrx_word' id='word_1_194' title='bbox 717 1537 788 1573; x_wconf 74' lang='grc' dir='ltr'><strong>ὕδωρ</strong></span> <span class='ocrx_word' id='word_1_195' title='bbox 800 1538 884 1571; x_wconf 80' lang='grc' dir='ltr'>γλυκὺ</span> <span class='ocrx_word' id='word_1_196' title='bbox 898 1538 944 1564; x_wconf 77' lang='grc' dir='ltr'><strong>καὶ</strong></span> 
     </span>
    </p>
   </div>
   <div class='ocr_carea' id='block_1_26' title="bbox 159 1583 942 1621">
    <p class='ocr_par' dir='ltr' id='par_1_26' title="bbox 159 1583 942 1621">
     <span class='ocr_line' id='line_1_27' title="bbox 159 1583 942 1621; baseline -0.004 -9"><span class='ocrx_word' id='word_1_197' title='bbox 159 1585 266 1621; x_wconf 74' lang='grc' dir='ltr'>πικρὸν,</span> <span class='ocrx_word' id='word_1_198' title='bbox 275 1584 359 1617; x_wconf 69' lang='grc' dir='ltr'>οὓτως</span> <span class='ocrx_word' id='word_1_199' title='bbox 369 1585 398 1610; x_wconf 73' lang='grc' dir='ltr'><strong>οὐ</strong></span> <span class='ocrx_word' id='word_1_200' title='bbox 407 1583 517 1611; x_wconf 82' lang='grc' dir='ltr'>δύναται</span> <span class='ocrx_word' id='word_1_201' title='bbox 531 1584 671 1620; x_wconf 82' lang='grc' dir='ltr'>ἄνθρωπος</span> <span class='ocrx_word' id='word_1_202' title='bbox 684 1584 730 1610; x_wconf 77' lang='grc' dir='ltr'><strong>καὶ</strong></span> <span class='ocrx_word' id='word_1_203' title='bbox 739 1584 798 1618; x_wconf 83' lang='grc' dir='ltr'>Θεῴ</span> <span class='ocrx_word' id='word_1_204' title='bbox 805 1583 942 1619; x_wconf 77' lang='grc' dir='ltr'>ἀρέσκειν,</span> 
     </span>
    </p>
   </div>
   <div class='ocr_carea' id='block_1_27' title="bbox 160 1629 943 1666">
    <p class='ocr_par' dir='ltr' id='par_1_27' title="bbox 160 1629 943 1666">
     <span class='ocr_line' id='line_1_28' title="bbox 160 1629 943 1666; baseline -0.004 -9"><span class='ocrx_word' id='word_1_205' title='bbox 160 1631 206 1658; x_wconf 76' lang='grc' dir='ltr'><strong>καὶ</strong></span> <span class='ocrx_word' id='word_1_206' title='bbox 223 1631 322 1666; x_wconf 79' lang='grc' dir='ltr'>σαρκὸς</span> <span class='ocrx_word' id='word_1_207' title='bbox 346 1630 490 1665; x_wconf 75' lang='grc' dir='ltr'><strong>ἐπιθυμίας</strong></span> <span class='ocrx_word' id='word_1_208' title='bbox 505 1630 645 1656; x_wconf 75' lang='grc' dir='ltr'>ἐπιτελεῖν.</span> <span class='ocrx_word' id='word_1_209' title='bbox 663 1630 767 1664; x_wconf 81' lang='grc' dir='ltr'>’Ὠσπερ</span> <span class='ocrx_word' id='word_1_210' title='bbox 782 1630 811 1655; x_wconf 79' lang='grc' dir='ltr'><strong>οὐ</strong></span> <span class='ocrx_word' id='word_1_211' title='bbox 834 1629 943 1656; x_wconf 82' lang='grc' dir='ltr'>δύναται</span> 
     </span>
    </p>
   </div>
   <div class='ocr_carea' id='block_1_28' title="bbox 159 1675 943 1712">
    <p class='ocr_par' dir='ltr' id='par_1_28' title="bbox 159 1675 943 1712">
     <span class='ocr_line' id='line_1_29' title="bbox 159 1675 943 1712; baseline -0.004 -9"><span class='ocrx_word' id='word_1_212' title='bbox 159 1676 263 1704; x_wconf 79' lang='grc' dir='ltr'>ἄκανθα</span> <span class='ocrx_word' id='word_1_213' title='bbox 280 1676 385 1712; x_wconf 81' lang='grc' dir='ltr'>καρπὸν</span> <span class='ocrx_word' id='word_1_214' title='bbox 396 1675 483 1702; x_wconf 73' lang='grc' dir='ltr'>ἐλαίου</span> <span class='ocrx_word' id='word_1_215' title='bbox 501 1675 709 1710; x_wconf 75' lang='grc' dir='ltr'>προϐάλλεσθαι,</span> <span class='ocrx_word' id='word_1_216' title='bbox 723 1675 808 1706; x_wconf 80' lang='grc' dir='ltr'>οὕτως</span> <span class='ocrx_word' id='word_1_217' title='bbox 823 1675 854 1700; x_wconf 76' lang='grc' dir='ltr'><strong>οὐ</strong></span> <span class='ocrx_word' id='word_1_218' title='bbox 865 1675 943 1701; x_wconf 80' lang='grc' dir='ltr'>δύνα-</span> 
     </span>
    </p>
   </div>
   <div class='ocr_carea' id='block_1_29' title="bbox 159 1719 943 1756">
    <p class='ocr_par' dir='ltr' id='par_1_29' title="bbox 159 1719 943 1756">
     <span class='ocr_line' id='line_1_30' title="bbox 159 1719 943 1756; baseline -0.001 -9"><span class='ocrx_word' id='word_1_219' title='bbox 159 1729 204 1747; x_wconf 84' lang='grc' dir='ltr'><strong>ται</strong></span> <span class='ocrx_word' id='word_1_220' title='bbox 218 1720 359 1756; x_wconf 81' lang='grc' dir='ltr'>ἄνθρωπος</span> <span class='ocrx_word' id='word_1_221' title='bbox 376 1721 421 1747; x_wconf 75' lang='grc' dir='ltr'>καὶ</span> <span class='ocrx_word' id='word_1_222' title='bbox 433 1720 467 1746; x_wconf 70' lang='grc' dir='ltr'>τὰ</span> <span class='ocrx_word' id='word_1_223' title='bbox 485 1720 597 1755; x_wconf 76' lang='grc' dir='ltr'>οὐράνια</span> <span class='ocrx_word' id='word_1_224' title='bbox 613 1719 713 1755; x_wconf 82' lang='grc' dir='ltr'>ζητεῖν,</span> <span class='ocrx_word' id='word_1_225' title='bbox 725 1720 772 1746; x_wconf 74' lang='grc' dir='ltr'><strong>καὶ</strong></span> <span class='ocrx_word' id='word_1_226' title='bbox 783 1720 818 1746; x_wconf 74' lang='grc' dir='ltr'>τὰ</span> <span class='ocrx_word' id='word_1_227' title='bbox 835 1721 943 1754; x_wconf 77' lang='grc' dir='ltr'><strong>ἐπίγεια</strong></span> 
     </span>
    </p>
   </div>
   <div class='ocr_carea' id='block_1_30' title="bbox 160 1765 943 1802">
    <p class='ocr_par' dir='ltr' id='par_1_30' title="bbox 160 1765 943 1802">
     <span class='ocr_line' id='line_1_31' title="bbox 160 1765 943 1802; baseline 0 -10"><span class='ocrx_word' id='word_1_228' title='bbox 160 1767 262 1799; x_wconf 74' lang='grc' dir='ltr'>ποθεῖν,</span> <span class='ocrx_word' id='word_1_229' title='bbox 275 1766 365 1797; x_wconf 79' lang='grc' dir='ltr'>καθώς</span> <span class='ocrx_word' id='word_1_230' title='bbox 380 1775 460 1801; x_wconf 77' lang='grc' dir='ltr'>φησιν</span> <span class='ocrx_word' id='word_1_231' title='bbox 478 1767 492 1792; x_wconf 85' lang='grc' dir='ltr'><strong><em>ὁ</em></strong></span> <span class='ocrx_word' id='word_1_232' title='bbox 513 1766 627 1802; x_wconf 58' lang='grc' dir='ltr'>Κύριος</span> <span class='ocrx_word' id='word_1_233' title='bbox 643 1766 679 1792; x_wconf 81' lang='grc' dir='ltr'><strong>Οὺ</strong></span> <span class='ocrx_word' id='word_1_234' title='bbox 695 1765 809 1793; x_wconf 82' lang='grc' dir='ltr'>δύνασθε</span> <span class='ocrx_word' id='word_1_235' title='bbox 825 1767 871 1792; x_wconf 74' lang='grc' dir='ltr'>καὶ</span> <span class='ocrx_word' id='word_1_236' title='bbox 885 1765 943 1801; x_wconf 82' lang='grc' dir='ltr'>Θεῴ</span> 
     </span>
    </p>
   </div>
   <div class='ocr_carea' id='block_1_31' title="bbox 160 1812 943 1848">
    <p class='ocr_par' dir='ltr' id='par_1_31' title="bbox 160 1812 943 1848">
     <span class='ocr_line' id='line_1_32' title="bbox 160 1812 943 1848; baseline 0 -9"><span class='ocrx_word' id='word_1_237' title='bbox 160 1813 298 1847; x_wconf 74' lang='grc' dir='ltr'>ἀρέσκειν,</span> <span class='ocrx_word' id='word_1_238' title='bbox 313 1813 358 1839; x_wconf 72' lang='grc' dir='ltr'>καὶ</span> <span class='ocrx_word' id='word_1_239' title='bbox 373 1812 473 1848; x_wconf 78' lang='grc' dir='ltr'>σαρκὸς</span> <span class='ocrx_word' id='word_1_240' title='bbox 483 1812 630 1846; x_wconf 79' lang='grc' dir='ltr'>ἐπιθυμίας</span> <span class='ocrx_word' id='word_1_241' title='bbox 645 1812 788 1838; x_wconf 78' lang='grc' dir='ltr'>ἐπιτελεῖν.</span> <span class='ocrx_word' id='word_1_242' title='bbox 804 1812 885 1839; x_wconf 79' lang='grc' dir='ltr'>Ὅθεν</span> <span class='ocrx_word' id='word_1_243' title='bbox 897 1813 943 1839; x_wconf 74' lang='grc' dir='ltr'>καὶ</span> 
     </span>
    </p>
   </div>
   <div class='ocr_carea' id='block_1_32' title="bbox 160 1857 944 1893">
    <p class='ocr_par' dir='ltr' id='par_1_32' title="bbox 160 1857 944 1893">
     <span class='ocr_line' id='line_1_33' title="bbox 160 1857 944 1893; baseline -0.001 -8"><span class='ocrx_word' id='word_1_244' title='bbox 160 1860 173 1885; x_wconf 78' lang='grc' dir='ltr'>ὁ</span> <span class='ocrx_word' id='word_1_245' title='bbox 188 1859 334 1890; x_wconf 75' lang='grc' dir='ltr'>ἀπόστολος</span> <span class='ocrx_word' id='word_1_246' title='bbox 347 1859 450 1890; x_wconf 75' lang='grc' dir='ltr'>Παῦλος</span> <span class='ocrx_word' id='word_1_247' title='bbox 465 1857 584 1890; x_wconf 83' lang='grc' dir='ltr'>ἀκούσας</span> <span class='ocrx_word' id='word_1_248' title='bbox 599 1857 694 1891; x_wconf 77' lang='grc' dir='ltr'>ταῦτα,</span> <span class='ocrx_word' id='word_1_249' title='bbox 707 1858 753 1885; x_wconf 78' lang='grc' dir='ltr'><strong>καὶ</strong></span> <span class='ocrx_word' id='word_1_250' title='bbox 769 1858 886 1893; x_wconf 58' lang='grc' dir='ltr'>ἐκκόψας</span> <span class='ocrx_word' id='word_1_251' title='bbox 898 1858 944 1884; x_wconf 80' lang='grc' dir='ltr'>αὐ-</span> 
     </span>
    </p>
   </div>
   <div class='ocr_carea' id='block_1_33' title="bbox 160 1904 945 1940">
    <p class='ocr_par' dir='ltr' id='par_1_33' title="bbox 160 1904 945 1940">
     <span class='ocr_line' id='line_1_34' title="bbox 160 1904 945 1940; baseline -0.001 -9"><span class='ocrx_word' id='word_1_252' title='bbox 160 1905 206 1931; x_wconf 81' lang='grc' dir='ltr'>τοῦ</span> <span class='ocrx_word' id='word_1_253' title='bbox 226 1905 312 1931; x_wconf 76' lang='grc' dir='ltr'>πάντα</span> <span class='ocrx_word' id='word_1_254' title='bbox 325 1905 359 1931; x_wconf 78' lang='grc' dir='ltr'>τὰ</span> <span class='ocrx_word' id='word_1_255' title='bbox 373 1905 421 1940; x_wconf 83' lang='grc' dir='ltr'>τῆς</span> <span class='ocrx_word' id='word_1_256' title='bbox 437 1905 536 1940; x_wconf 85' lang='grc' dir='ltr'>σαρκὸς</span> <span class='ocrx_word' id='word_1_257' title='bbox 553 1905 723 1939; x_wconf 77' lang='grc' dir='ltr'>φρονήματα,</span> <span class='ocrx_word' id='word_1_258' title='bbox 736 1904 801 1939; x_wconf 66' lang='grc' dir='ltr'><strong>φησί</strong></span> <span class='ocrx_word' id='word_1_259' title='bbox 813 1913 819 1919; x_wconf 62' lang='grc' dir='ltr'><strong>ι</strong></span> <span class='ocrx_word' id='word_1_260' title='bbox 835 1913 844 1929; x_wconf 80' lang='grc' dir='ltr'><strong>ι</strong></span> <span class='ocrx_word' id='word_1_261' title='bbox 865 1905 903 1930; x_wconf 78' lang='grc' dir='ltr'><strong>Δι’</strong></span> <span class='ocrx_word' id='word_1_262' title='bbox 916 1904 945 1930; x_wconf 79' lang='grc' dir='ltr'>ὃν</span> 
     </span>
    </p>
   </div>
   <div class='ocr_carea' id='block_1_34' title="bbox 162 1949 945 1986">
    <p class='ocr_par' dir='ltr' id='par_1_34' title="bbox 162 1949 945 1986">
     <span class='ocr_line' id='line_1_35' title="bbox 162 1949 945 1986; baseline 0 -10"><span class='ocrx_word' id='word_1_263' title='bbox 162 1951 249 1977; x_wconf 76' lang='grc' dir='ltr'>πάντα</span> <span class='ocrx_word' id='word_1_264' title='bbox 262 1950 422 1986; x_wconf 78' lang='grc' dir='ltr'>ζημιοῦμαι,</span> <span class='ocrx_word' id='word_1_265' title='bbox 438 1950 482 1976; x_wconf 79' lang='grc' dir='ltr'><strong>ἵνα</strong></span> <span class='ocrx_word' id='word_1_266' title='bbox 499 1950 615 1986; x_wconf 79' lang='grc' dir='ltr'>Χριστὸν</span> <span class='ocrx_word' id='word_1_267' title='bbox 630 1950 763 1985; x_wconf 76' lang='grc' dir='ltr'>κερδήσω,</span> <span class='ocrx_word' id='word_1_268' title='bbox 779 1959 787 1976; x_wconf 77' lang='grc' dir='ltr'><strong>ι</strong></span> <span class='ocrx_word' id='word_1_269' title='bbox 808 1951 854 1976; x_wconf 75' lang='grc' dir='ltr'><strong>καὶ</strong></span> <span class='ocrx_word' id='word_1_270' title='bbox 872 1949 945 1985; x_wconf 75' lang='grc' dir='ltr'>αὐτῷ</span> 
     </span>
    </p>
   </div>
   <div class='ocr_carea' id='block_1_35' title="bbox 163 1995 944 2031">
    <p class='ocr_par' dir='ltr' id='par_1_35' title="bbox 163 1995 944 2031">
     <span class='ocr_line' id='line_1_36' title="bbox 163 1995 944 2031; baseline -0.001 -9"><span class='ocrx_word' id='word_1_271' title='bbox 163 1996 378 2031; x_wconf 75' lang='grc' dir='ltr'>συμϐασιλεύσω.</span> <span class='ocrx_word' id='word_1_272' title='bbox 392 2007 401 2022; x_wconf 83' lang='grc' dir='ltr'><strong>ι</strong></span> <span class='ocrx_word' id='word_1_273' title='bbox 415 1996 539 2031; x_wconf 87' lang='grc' dir='ltr'>Ἔχοντες</span> <span class='ocrx_word' id='word_1_274' title='bbox 558 1995 586 2022; x_wconf 80' lang='grc' dir='ltr'><strong>δὲ</strong></span> <span class='ocrx_word' id='word_1_275' title='bbox 608 1995 754 2031; x_wconf 73' lang='grc' dir='ltr'>διατροφὰς</span> <span class='ocrx_word' id='word_1_276' title='bbox 776 1995 821 2022; x_wconf 74' lang='grc' dir='ltr'><strong>καὶ</strong></span> <span class='ocrx_word' id='word_1_277' title='bbox 842 1996 944 2022; x_wconf 80' lang='grc' dir='ltr'>σκεπά-</span> 
     </span>
    </p>
   </div>
   <div class='ocr_carea' id='block_1_36' title="bbox 163 2042 945 2078">
    <p class='ocr_par' dir='ltr' id='par_1_36' title="bbox 163 2042 945 2078">
     <span class='ocr_line' id='line_1_37' title="bbox 163 2042 945 2078; baseline -0.001 -9"><span class='ocrx_word' id='word_1_278' title='bbox 163 2051 262 2078; x_wconf 79' lang='grc' dir='ltr'>σματα,</span> <span class='ocrx_word' id='word_1_279' title='bbox 281 2042 386 2074; x_wconf 86' lang='grc' dir='ltr'>τούτοις</span> <span class='ocrx_word' id='word_1_280' title='bbox 404 2042 649 2078; x_wconf 82' lang='grc' dir='ltr'>ἀρκεσθησώμεθα.</span> <span class='ocrx_word' id='word_1_281' title='bbox 667 2043 698 2068; x_wconf 80' lang='grc' dir='ltr'><strong>υἱ</strong></span> <span class='ocrx_word' id='word_1_282' title='bbox 718 2042 771 2076; x_wconf 86' lang='grc' dir='ltr'>γὰρ</span> <span class='ocrx_word' id='word_1_283' title='bbox 791 2042 945 2077; x_wconf 78' lang='grc' dir='ltr'>βουλόμενοι</span> 
     </span>
    </p>
   </div>
   <div class='ocr_carea' id='block_1_37' title="bbox 161 2088 946 2124">
    <p class='ocr_par' dir='ltr' id='par_1_37' title="bbox 161 2088 946 2124">
     <span class='ocr_line' id='line_1_38' title="bbox 161 2088 946 2124; baseline -0.003 -8"><span class='ocrx_word' id='word_1_284' title='bbox 161 2088 283 2116; x_wconf 82' lang='grc' dir='ltr'>πλουτεῖν</span> <span class='ocrx_word' id='word_1_285' title='bbox 297 2089 476 2124; x_wconf 81' lang='grc' dir='ltr'>ἐμπίπτουσιν</span> <span class='ocrx_word' id='word_1_286' title='bbox 495 2089 535 2120; x_wconf 82' lang='grc' dir='ltr'>εἰς</span> <span class='ocrx_word' id='word_1_287' title='bbox 546 2088 707 2124; x_wconf 80' lang='grc' dir='ltr'>πειρασμὸν,</span> <span class='ocrx_word' id='word_1_288' title='bbox 721 2088 766 2114; x_wconf 74' lang='grc' dir='ltr'><strong>καὶ</strong></span> <span class='ocrx_word' id='word_1_289' title='bbox 779 2088 880 2122; x_wconf 80' lang='grc' dir='ltr'>παγίδα</span> <span class='ocrx_word' id='word_1_290' title='bbox 889 2088 946 2115; x_wconf 77' lang='grc' dir='ltr'>δια-</span> 
     </span>
    </p>
   </div>
   <div class='ocr_carea' id='block_1_38' title="bbox 162 2133 636 2169">
    <p class='ocr_par' dir='ltr' id='par_1_38' title="bbox 162 2133 636 2169">
     <span class='ocr_line' id='line_1_39' title="bbox 162 2133 636 2169; baseline -0.002 -8"><span class='ocrx_word' id='word_1_291' title='bbox 162 2135 248 2166; x_wconf 74' lang='grc' dir='ltr'>ϐόλου,</span> <span class='ocrx_word' id='word_1_292' title='bbox 266 2135 313 2161; x_wconf 81' lang='grc' dir='ltr'>καὶ</span> <span class='ocrx_word' id='word_1_293' title='bbox 326 2133 472 2169; x_wconf 71' lang='grc' dir='ltr'>ἐπιθυμίας</span> <span class='ocrx_word' id='word_1_294' title='bbox 487 2134 612 2165; x_wconf 80' lang='grc' dir='ltr'>ἀτόπους.</span> <span class='ocrx_word' id='word_1_295' title='bbox 626 2144 636 2160; x_wconf 83' lang='grc'><strong>›</strong></span> 
     </span>
    </p>
   </div>
   <div class='ocr_carea' id='block_1_39' title="bbox 194 2177 945 2216">
    <p class='ocr_par' dir='ltr' id='par_1_39' title="bbox 194 2177 945 2216">
     <span class='ocr_line' id='line_1_40' title="bbox 194 2177 945 2216; baseline -0.001 -9"><span class='ocrx_word' id='word_1_296' title='bbox 194 2180 222 2208; x_wconf 76' lang='lat'><strong>‘2.</strong></span> <span class='ocrx_word' id='word_1_297' title='bbox 242 2181 278 2208; x_wconf 74' lang='grc' dir='ltr'><strong>Σὺ</strong></span> <span class='ocrx_word' id='word_1_298' title='bbox 297 2180 336 2212; x_wconf 79' lang='grc' dir='ltr'>δὲ,</span> <span class='ocrx_word' id='word_1_299' title='bbox 354 2177 377 2207; x_wconf 82' lang='grc' dir='ltr'>ὦ</span> <span class='ocrx_word' id='word_1_300' title='bbox 399 2180 506 2214; x_wconf 79' lang='grc' dir='ltr'>ἀδελφὲ,</span> <span class='ocrx_word' id='word_1_301' title='bbox 529 2180 565 2215; x_wconf 86' lang='grc' dir='ltr'>μὴ</span> <span class='ocrx_word' id='word_1_302' title='bbox 582 2180 716 2216; x_wconf 83' lang='grc' dir='ltr'>προσέχῃς</span> <span class='ocrx_word' id='word_1_303' title='bbox 733 2188 759 2206; x_wconf 88' lang='grc' dir='ltr'><strong>τι</strong></span> <span class='ocrx_word' id='word_1_304' title='bbox 774 2179 820 2206; x_wconf 82' lang='grc' dir='ltr'>τοῦ</span> <span class='ocrx_word' id='word_1_305' title='bbox 843 2180 945 2215; x_wconf 86' lang='grc' dir='ltr'>κόσμου</span> 
     </span>
    </p>
   </div>
   <div class='ocr_carea' id='block_1_40' title="bbox 162 2225 947 2261">
    <p class='ocr_par' dir='ltr' id='par_1_40' title="bbox 162 2225 947 2261">
     <span class='ocr_line' id='line_1_41' title="bbox 162 2225 947 2261; baseline 0 -9"><span class='ocrx_word' id='word_1_306' title='bbox 162 2226 265 2259; x_wconf 79' lang='grc' dir='ltr'>τούτου,</span> <span class='ocrx_word' id='word_1_307' title='bbox 277 2226 320 2252; x_wconf 83' lang='grc' dir='ltr'><strong>ἵνα</strong></span> <span class='ocrx_word' id='word_1_308' title='bbox 331 2225 446 2260; x_wconf 85' lang='grc' dir='ltr'>δυνηθῇς</span> <span class='ocrx_word' id='word_1_309' title='bbox 457 2225 587 2260; x_wconf 83' lang='grc' dir='ltr'>σωθῆναι,</span> <span class='ocrx_word' id='word_1_310' title='bbox 602 2225 670 2252; x_wconf 81' lang='grc' dir='ltr'>ἀλλὰ</span> <span class='ocrx_word' id='word_1_311' title='bbox 682 2225 801 2261; x_wconf 85' lang='grc' dir='ltr'>ἄσκησον</span> <span class='ocrx_word' id='word_1_312' title='bbox 810 2225 947 2252; x_wconf 84' lang='grc' dir='ltr'>δικαιοσύ-</span> 
     </span>
    </p>
   </div>
   <div class='ocr_carea' id='block_1_41' title="bbox 163 2271 945 2308">
    <p class='ocr_par' dir='ltr' id='par_1_41' title="bbox 163 2271 945 2308">
     <span class='ocr_line' id='line_1_42' title="bbox 163 2271 945 2308; baseline -0.001 -9"><span class='ocrx_word' id='word_1_313' title='bbox 163 2281 220 2308; x_wconf 88' lang='grc' dir='ltr'>νην,</span> <span class='ocrx_word' id='word_1_314' title='bbox 237 2273 285 2299; x_wconf 81' lang='grc' dir='ltr'>καὶ</span> <span class='ocrx_word' id='word_1_315' title='bbox 305 2271 444 2307; x_wconf 80' lang='grc' dir='ltr'>ἀλήθειαν,</span> <span class='ocrx_word' id='word_1_316' title='bbox 460 2272 508 2298; x_wconf 76' lang='grc' dir='ltr'>καὶ</span> <span class='ocrx_word' id='word_1_317' title='bbox 523 2272 643 2307; x_wconf 78' lang='grc' dir='ltr'>ἀγάπην,</span> <span class='ocrx_word' id='word_1_318' title='bbox 659 2272 705 2298; x_wconf 75' lang='grc' dir='ltr'>καὶ</span> <span class='ocrx_word' id='word_1_319' title='bbox 727 2271 808 2306; x_wconf 76' lang='grc' dir='ltr'>φόῦον</span> <span class='ocrx_word' id='word_1_320' title='bbox 830 2272 945 2308; x_wconf 83' lang='grc' dir='ltr'>Κυρίου,</span> 
     </span>
    </p>
   </div>
   <div class='ocr_carea' id='block_1_42' title="bbox 163 2317 948 2354">
    <p class='ocr_par' dir='ltr' id='par_1_42' title="bbox 163 2317 948 2354">
     <span class='ocr_line' id='line_1_43' title="bbox 163 2317 948 2354; baseline 0.003 -10"><span class='ocrx_word' id='word_1_321' title='bbox 163 2318 208 2344; x_wconf 78' lang='grc' dir='ltr'>καὶ</span> <span class='ocrx_word' id='word_1_322' title='bbox 223 2317 374 2354; x_wconf 79' lang='grc' dir='ltr'>πραότητα,</span> <span class='ocrx_word' id='word_1_323' title='bbox 389 2317 521 2352; x_wconf 81' lang='grc' dir='ltr'>ὑπακοὴν,</span> <span class='ocrx_word' id='word_1_324' title='bbox 535 2318 582 2344; x_wconf 73' lang='grc' dir='ltr'><strong>καὶ</strong></span> <span class='ocrx_word' id='word_1_325' title='bbox 596 2317 767 2353; x_wconf 78' lang='grc' dir='ltr'>ἐγκράτειαν,</span> <span class='ocrx_word' id='word_1_326' title='bbox 779 2319 825 2345; x_wconf 76' lang='grc' dir='ltr'><strong>καὶ</strong></span> <span class='ocrx_word' id='word_1_327' title='bbox 836 2320 948 2354; x_wconf 74' lang='grc' dir='ltr'>ἀμνησι-</span> 
     </span>
    </p>
   </div>
   <div class='ocr_carea' id='block_1_43' title="bbox 164 2363 945 2400">
    <p class='ocr_par' dir='ltr' id='par_1_43' title="bbox 164 2363 945 2400">
     <span class='ocr_line' id='line_1_44' title="bbox 164 2363 945 2400; baseline 0.001 -10"><span class='ocrx_word' id='word_1_328' title='bbox 164 2364 270 2391; x_wconf 86' lang='grc' dir='ltr'>κακίαν.</span> <span class='ocrx_word' id='word_1_329' title='bbox 291 2363 414 2399; x_wconf 74' lang='grc' dir='ltr'>Μισησον</span> <span class='ocrx_word' id='word_1_330' title='bbox 429 2363 523 2397; x_wconf 85' lang='grc' dir='ltr'>λόγους</span> <span class='ocrx_word' id='word_1_331' title='bbox 539 2363 697 2398; x_wconf 81' lang='grc' dir='ltr'>κοσμικοὺς,</span> <span class='ocrx_word' id='word_1_332' title='bbox 721 2364 763 2391; x_wconf 77' lang='grc' dir='ltr'>ἵνα</span> <span class='ocrx_word' id='word_1_333' title='bbox 779 2364 878 2400; x_wconf 84' lang='grc' dir='ltr'>καρδία</span> <span class='ocrx_word' id='word_1_334' title='bbox 899 2373 945 2391; x_wconf 84' lang='grc' dir='ltr'><strong>σου</strong></span> 
     </span>
    </p>
   </div>
   <div class='ocr_carea' id='block_1_44' title="bbox 163 2408 946 2445">
    <p class='ocr_par' dir='ltr' id='par_1_44' title="bbox 163 2408 946 2445">
     <span class='ocr_line' id='line_1_45' title="bbox 163 2408 946 2445; baseline 0.001 -10"><span class='ocrx_word' id='word_1_335' title='bbox 163 2409 259 2444; x_wconf 73' lang='grc' dir='ltr'>ὀψηται</span> <span class='ocrx_word' id='word_1_336' title='bbox 282 2408 327 2436; x_wconf 77' lang='grc' dir='ltr'><strong>τὸν</strong></span> <span class='ocrx_word' id='word_1_337' title='bbox 354 2409 444 2435; x_wconf 86' lang='grc' dir='ltr'>καλόν.</span> <span class='ocrx_word' id='word_1_338' title='bbox 469 2408 620 2444; x_wconf 80' lang='grc' dir='ltr'>’Δγάπησον</span> <span class='ocrx_word' id='word_1_339' title='bbox 636 2409 667 2435; x_wconf 81' lang='grc' dir='ltr'><strong>τὸ</strong></span> <span class='ocrx_word' id='word_1_340' title='bbox 690 2410 807 2444; x_wconf 85' lang='grc' dir='ltr'>συνεχῶς</span> <span class='ocrx_word' id='word_1_341' title='bbox 831 2410 946 2445; x_wconf 84' lang='grc' dir='ltr'>προσεύ-</span> 
     </span>
    </p>
   </div>
   <div class='ocr_carea' id='block_1_45' title="bbox 162 2454 946 2492">
    <p class='ocr_par' dir='ltr' id='par_1_45' title="bbox 162 2454 946 2492">
     <span class='ocr_line' id='line_1_46' title="bbox 162 2454 946 2492; baseline 0.001 -11"><span class='ocrx_word' id='word_1_342' title='bbox 162 2455 266 2491; x_wconf 72' lang='grc' dir='ltr'>χεσθαι,</span> <span class='ocrx_word' id='word_1_343' title='bbox 280 2455 324 2481; x_wconf 79' lang='grc' dir='ltr'>ἵνα</span> <span class='ocrx_word' id='word_1_344' title='bbox 341 2454 462 2489; x_wconf 83' lang='grc' dir='ltr'>φωτισθῇ</span> <span class='ocrx_word' id='word_1_345' title='bbox 481 2462 527 2480; x_wconf 80' lang='grc' dir='ltr'><strong>σου</strong></span> <span class='ocrx_word' id='word_1_346' title='bbox 551 2455 567 2490; x_wconf 79' lang='grc' dir='ltr'>ἡ</span> <span class='ocrx_word' id='word_1_347' title='bbox 584 2454 692 2490; x_wconf 79' lang='grc' dir='ltr'>καρδία.</span> <span class='ocrx_word' id='word_1_348' title='bbox 710 2455 802 2487; x_wconf 77' lang='grc' dir='ltr'>Διάόος</span> <span class='ocrx_word' id='word_1_349' title='bbox 819 2456 946 2492; x_wconf 86' lang='grc' dir='ltr'>ὑστερου-</span> 
     </span>
    </p>
   </div>
   <div class='ocr_carea' id='block_1_46' title="bbox 165 2500 946 2537">
    <p class='ocr_par' dir='ltr' id='par_1_46' title="bbox 165 2500 946 2537">
     <span class='ocr_line' id='line_1_47' title="bbox 165 2500 946 2537; baseline -0.001 -9"><span class='ocrx_word' id='word_1_350' title='bbox 165 2502 252 2537; x_wconf 81' lang='grc' dir='ltr'>μένοις</span> <span class='ocrx_word' id='word_1_351' title='bbox 267 2500 398 2536; x_wconf 79' lang='grc' dir='ltr'><strong>ὀφθαλμῷ</strong></span> <span class='ocrx_word' id='word_1_352' title='bbox 423 2500 553 2535; x_wconf 83' lang='grc' dir='ltr'>πλουσίῳ,</span> <span class='ocrx_word' id='word_1_353' title='bbox 568 2500 613 2527; x_wconf 75' lang='grc' dir='ltr'>ἵνα</span> <span class='ocrx_word' id='word_1_354' title='bbox 627 2500 664 2536; x_wconf 85' lang='grc' dir='ltr'>μὴ</span> <span class='ocrx_word' id='word_1_355' title='bbox 675 2501 876 2537; x_wconf 81' lang='grc' dir='ltr'>καταισχυνθῇς</span> <span class='ocrx_word' id='word_1_356' title='bbox 896 2501 946 2537; x_wconf 79' lang='grc' dir='ltr'><strong>ἔμ-</strong></span> 
     </span>
    </p>
   </div>
   <div class='ocr_carea' id='block_1_47' title="bbox 164 2546 949 2583">
    <p class='ocr_par' dir='ltr' id='par_1_47' title="bbox 164 2546 949 2583">
     <span class='ocr_line' id='line_1_48' title="bbox 164 2546 949 2583; baseline -0.003 -8"><span class='ocrx_word' id='word_1_357' title='bbox 164 2548 278 2583; x_wconf 81' lang='grc' dir='ltr'>προσθεν</span> <span class='ocrx_word' id='word_1_358' title='bbox 294 2547 340 2574; x_wconf 83' lang='grc' dir='ltr'>τοῦ</span> <span class='ocrx_word' id='word_1_359' title='bbox 358 2547 478 2583; x_wconf 84' lang='grc' dir='ltr'>βήματος</span> <span class='ocrx_word' id='word_1_360' title='bbox 489 2546 535 2573; x_wconf 84' lang='grc' dir='ltr'>τοῦ</span> <span class='ocrx_word' id='word_1_361' title='bbox 547 2546 666 2582; x_wconf 78' lang='grc' dir='ltr'>Χριστοῦ</span> <span class='ocrx_word' id='word_1_362' title='bbox 676 2555 682 2560; x_wconf 93' lang='grc'><strong>·</strong></span> <span class='ocrx_word' id='word_1_363' title='bbox 701 2547 815 2582; x_wconf 84' lang='grc' dir='ltr'>μίοησον</span> <span class='ocrx_word' id='word_1_364' title='bbox 829 2547 878 2582; x_wconf 84' lang='grc' dir='ltr'><strong>τὴν</strong></span> <span class='ocrx_word' id='word_1_365' title='bbox 890 2548 949 2583; x_wconf 30' lang='grc' dir='ltr'>ἐπι-</span> 
     </span>
    </p>
   </div>
   <div class='ocr_carea' id='block_1_48' title="bbox 164 2592 980 2638">
    <p class='ocr_par' dir='ltr' id='par_1_48' title="bbox 164 2592 980 2638">
     <span class='ocr_line' id='line_1_49' title="bbox 164 2592 980 2638; baseline -0.001 -18"><span class='ocrx_word' id='word_1_366' title='bbox 164 2593 260 2628; x_wconf 80' lang='grc' dir='ltr'>Θυμίαν</span> <span class='ocrx_word' id='word_1_367' title='bbox 278 2595 306 2620; x_wconf 81' lang='grc' dir='ltr'>ἐν</span> <span class='ocrx_word' id='word_1_368' title='bbox 327 2594 383 2625; x_wconf 85' lang='grc' dir='ltr'>τοῖς</span> <span class='ocrx_word' id='word_1_369' title='bbox 409 2593 560 2629; x_wconf 86' lang='grc' dir='ltr'>βρώμασιν,</span> <span class='ocrx_word' id='word_1_370' title='bbox 586 2593 629 2620; x_wconf 82' lang='grc' dir='ltr'>ἵνα</span> <span class='ocrx_word' id='word_1_371' title='bbox 653 2592 690 2628; x_wconf 82' lang='grc' dir='ltr'><strong>μὴ</strong></span> <span class='ocrx_word' id='word_1_372' title='bbox 713 2594 727 2619; x_wconf 85' lang='grc' dir='ltr'><strong><em>ὸ</em></strong></span> <span class='ocrx_word' id='word_1_373' title='bbox 748 2593 870 2629; x_wconf 80' lang='grc' dir='ltr'>Ἀμαλὴκ</span> <span class='ocrx_word' id='word_1_374' title='bbox 892 2593 945 2619; x_wconf 82' lang='grc' dir='ltr'><strong>τῶν</strong></span> <span class='ocrx_word' id='word_1_375' title='bbox 959 2611 980 2638; x_wconf 75' lang='lat' dir='ltr'>C</span> 
     </span>
    </p>
   </div>
   <div class='ocr_carea' id='block_1_49' title="bbox 165 2639 944 2675">
    <p class='ocr_par' dir='ltr' id='par_1_49' title="bbox 165 2639 944 2675">
     <span class='ocr_line' id='line_1_50' title="bbox 165 2639 944 2675; baseline -0.001 -9"><span class='ocrx_word' id='word_1_376' title='bbox 165 2639 256 2667; x_wconf 77' lang='grc' dir='ltr'>παθῶν</span> <span class='ocrx_word' id='word_1_377' title='bbox 277 2639 405 2675; x_wconf 85' lang='grc' dir='ltr'>κυκλώσῃ</span> <span class='ocrx_word' id='word_1_378' title='bbox 429 2647 469 2667; x_wconf 87' lang='grc' dir='ltr'>σε.</span> <span class='ocrx_word' id='word_1_379' title='bbox 489 2639 623 2674; x_wconf 86' lang='grc' dir='ltr'>Γοργεύου</span> <span class='ocrx_word' id='word_1_380' title='bbox 643 2640 672 2665; x_wconf 81' lang='grc' dir='ltr'>ὲν</span> <span class='ocrx_word' id='word_1_381' title='bbox 695 2640 754 2670; x_wconf 88' lang='grc' dir='ltr'>ταῖς</span> <span class='ocrx_word' id='word_1_382' title='bbox 770 2640 944 2675; x_wconf 83' lang='grc' dir='ltr'>προσευχαῖς,</span> 
     </span>
    </p>
   </div>
   <div class='ocr_carea' id='block_1_50' title="bbox 164 2683 946 2722">
    <p class='ocr_par' dir='ltr' id='par_1_50' title="bbox 164 2683 946 2722">
     <span class='ocr_line' id='line_1_51' title="bbox 164 2683 946 2722; baseline 0 -10"><span class='ocrx_word' id='word_1_383' title='bbox 164 2685 206 2712; x_wconf 83' lang='grc' dir='ltr'>ἳνα</span> <span class='ocrx_word' id='word_1_384' title='bbox 225 2685 263 2720; x_wconf 85' lang='grc' dir='ltr'>μὴ</span> <span class='ocrx_word' id='word_1_385' title='bbox 277 2684 421 2720; x_wconf 80' lang='grc' dir='ltr'>καταφάγῃ</span> <span class='ocrx_word' id='word_1_386' title='bbox 439 2693 470 2710; x_wconf 86' lang='grc' dir='ltr'><strong>σε</strong></span> <span class='ocrx_word' id='word_1_387' title='bbox 483 2685 514 2711; x_wconf 82' lang='grc' dir='ltr'>τὸ</span> <span class='ocrx_word' id='word_1_388' title='bbox 529 2685 631 2722; x_wconf 85' lang='grc' dir='ltr'>θηρίον.</span> <span class='ocrx_word' id='word_1_389' title='bbox 645 2684 729 2718; x_wconf 80' lang='grc' dir='ltr'><strong>Φεῦγε</strong></span> <span class='ocrx_word' id='word_1_390' title='bbox 745 2685 790 2711; x_wconf 77' lang='grc' dir='ltr'><strong>τὸν</strong></span> <span class='ocrx_word' id='word_1_391' title='bbox 810 2683 889 2718; x_wconf 75' lang='grc' dir='ltr'>οἶνον,</span> <span class='ocrx_word' id='word_1_392' title='bbox 902 2686 946 2712; x_wconf 79' lang='grc' dir='ltr'>ἵνα</span> 
     </span>
    </p>
   </div>
   <div class='ocr_carea' id='block_1_51' title="bbox 166 2731 945 2768">
    <p class='ocr_par' dir='ltr' id='par_1_51' title="bbox 166 2731 945 2768">
     <span class='ocr_line' id='line_1_52' title="bbox 166 2731 945 2768; baseline 0 -10"><span class='ocrx_word' id='word_1_393' title='bbox 166 2732 202 2768; x_wconf 82' lang='grc' dir='ltr'>μὴ</span> <span class='ocrx_word' id='word_1_394' title='bbox 218 2731 351 2767; x_wconf 82' lang='grc' dir='ltr'>στερηθῇς</span> <span class='ocrx_word' id='word_1_395' title='bbox 367 2732 416 2767; x_wconf 85' lang='grc' dir='ltr'>τῆς</span> <span class='ocrx_word' id='word_1_396' title='bbox 434 2731 601 2767; x_wconf 80' lang='grc' dir='ltr'>εὐφροσύνης</span> <span class='ocrx_word' id='word_1_397' title='bbox 621 2731 667 2758; x_wconf 72' lang='grc' dir='ltr'>τοῦ</span> <span class='ocrx_word' id='word_1_398' title='bbox 691 2731 767 2758; x_wconf 77' lang='grc' dir='ltr'>Θεοῦ.</span> <span class='ocrx_word' id='word_1_399' title='bbox 793 2732 945 2767; x_wconf 78' lang='grc' dir='ltr'>’Ᾱγάπησον</span> 
     </span>
    </p>
   </div>
   <div class='ocr_carea' id='block_1_52' title="bbox 200 2808 828 2845">
    <p class='ocr_par' dir='ltr' id='par_1_52' title="bbox 200 2808 828 2845">
     <span class='ocr_line' id='line_1_53' title="bbox 200 2808 828 2845; baseline 0 -9"><span class='ocrx_word' id='word_1_400' title='bbox 200 2810 221 2825; x_wconf 71' lang='grc' dir='ltr'><strong>ι’</strong></span> <span class='ocrx_word' id='word_1_401' title='bbox 239 2809 354 2845; x_wconf 80' lang='lat' dir='ltr'><strong>Philipp.</strong></span> <span class='ocrx_word' id='word_1_402' title='bbox 375 2817 422 2842; x_wconf 86' lang='grc' dir='ltr'>ιιι,</span> <span class='ocrx_word' id='word_1_403' title='bbox 441 2809 467 2837; x_wconf 87' lang='lat'><strong>8.</strong></span> <span class='ocrx_word' id='word_1_404' title='bbox 506 2810 537 2825; x_wconf 82' lang='grc'><strong>¹⁹¹</strong></span> <span class='ocrx_word' id='word_1_405' title='bbox 551 2808 562 2835; x_wconf 82' lang='grc' dir='ltr'>Ι</span> <span class='ocrx_word' id='word_1_406' title='bbox 577 2808 692 2836; x_wconf 89' lang='lat' dir='ltr'><strong>Timoth.</strong></span> <span class='ocrx_word' id='word_1_407' title='bbox 708 2817 743 2842; x_wconf 87' lang='lat' dir='ltr'><strong>vt,</strong></span> <span class='ocrx_word' id='word_1_408' title='bbox 762 2809 788 2842; x_wconf 91' lang='lat'><strong>8,</strong></span> <span class='ocrx_word' id='word_1_409' title='bbox 802 2809 828 2836; x_wconf 88' lang='lat'><strong>9.</strong></span> 
     </span>
    </p>
   </div>
   <div class='ocr_carea' id='block_1_53' title="bbox 997 1262 1781 1299">
    <p class='ocr_par' dir='ltr' id='par_1_53' title="bbox 997 1262 1781 1299">
     <span class='ocr_line' id='line_1_54' title="bbox 997 1262 1781 1299; baseline -0.005 -7"><span class='ocrx_word' id='word_1_410' title='bbox 997 1273 1068 1297; x_wconf 89' lang='lat' dir='ltr'><strong>mus,</strong></span> <span class='ocrx_word' id='word_1_411' title='bbox 1090 1264 1277 1299; x_wconf 84' lang='lat' dir='ltr'><strong>quia-tempus</strong></span> <span class='ocrx_word' id='word_1_412' title='bbox 1293 1263 1373 1290; x_wconf 84' lang='lat' dir='ltr'><strong>breve</strong></span> <span class='ocrx_word' id='word_1_413' title='bbox 1385 1267 1426 1290; x_wconf 90' lang='lat' dir='ltr'><strong>est</strong></span> <span class='ocrx_word' id='word_1_414' title='bbox 1442 1272 1449 1290; x_wconf 87' lang='lat'><strong>:</strong></span> <span class='ocrx_word' id='word_1_415' title='bbox 1467 1269 1517 1289; x_wconf 87' lang='lat' dir='ltr'><strong>nec</strong></span> <span class='ocrx_word' id='word_1_416' title='bbox 1537 1266 1624 1297; x_wconf 90' lang='lat' dir='ltr'><strong>potest</strong></span> <span class='ocrx_word' id='word_1_417' title='bbox 1637 1262 1781 1296; x_wconf 83' lang='lat' dir='ltr'><strong>quisquam</strong></span> 
     </span>
    </p>
   </div>
   <div class='ocr_carea' id='block_1_54' title="bbox 997 1308 1782 1343">
    <p class='ocr_par' dir='ltr' id='par_1_54' title="bbox 997 1308 1782 1343">
     <span class='ocr_line' id='line_1_55' title="bbox 997 1308 1782 1343; baseline -0.005 -5"><span class='ocrx_word' id='word_1_418' title='bbox 997 1319 1073 1339; x_wconf 89' lang='lat' dir='ltr'><strong>suam</strong></span> <span class='ocrx_word' id='word_1_419' title='bbox 1099 1317 1198 1337; x_wconf 89' lang='lat' dir='ltr'><strong>curare</strong></span> <span class='ocrx_word' id='word_1_420' title='bbox 1229 1309 1363 1341; x_wconf 88' lang='lat' dir='ltr'><strong>animam,</strong></span> <span class='ocrx_word' id='word_1_421' title='bbox 1382 1308 1467 1335; x_wconf 90' lang='lat' dir='ltr'><strong>dunec</strong></span> <span class='ocrx_word' id='word_1_422' title='bbox 1492 1311 1569 1334; x_wconf 90' lang='lat' dir='ltr'><strong>curat</strong></span> <span class='ocrx_word' id='word_1_423' title='bbox 1591 1315 1650 1343; x_wconf 60' lang='grc' dir='ltr'>ηοω</span> <span class='ocrx_word' id='word_1_424' title='bbox 1682 1315 1782 1342; x_wconf 88' lang='lat' dir='ltr'><strong>corpus</strong></span> 
     </span>
    </p>
   </div>
   <div class='ocr_carea' id='block_1_55' title="bbox 997 1352 1782 1391">
    <p class='ocr_par' dir='ltr' id='par_1_55' title="bbox 997 1352 1782 1391">
     <span class='ocr_line' id='line_1_56' title="bbox 997 1352 1782 1391; baseline -0.005 -8"><span class='ocrx_word' id='word_1_425' title='bbox 997 1360 1129 1391; x_wconf 84' lang='lat' dir='ltr'><strong>spectant.</strong></span> <span class='ocrx_word' id='word_1_426' title='bbox 1142 1353 1375 1387; x_wconf 86' lang='lat' dir='ltr'><strong>Quemadmodum</strong></span> <span class='ocrx_word' id='word_1_427' title='bbox 1385 1353 1456 1379; x_wconf 85' lang='lat' dir='ltr'><strong>enim</strong></span> <span class='ocrx_word' id='word_1_428' title='bbox 1469 1360 1522 1379; x_wconf 92' lang='lat' dir='ltr'><strong>non</strong></span> <span class='ocrx_word' id='word_1_429' title='bbox 1535 1357 1622 1387; x_wconf 79' lang='lat' dir='ltr'><strong>potest</strong></span> <span class='ocrx_word' id='word_1_430' title='bbox 1637 1352 1782 1387; x_wconf 80' lang='lat' dir='ltr'><strong>quisquam</strong></span> 
     </span>
    </p>
   </div>
   <div class='ocr_carea' id='block_1_56' title="bbox 996 1399 1781 1434">
    <p class='ocr_par' dir='ltr' id='par_1_56' title="bbox 996 1399 1781 1434">
     <span class='ocr_line' id='line_1_57' title="bbox 996 1399 1781 1434; baseline -0.005 -5"><span class='ocrx_word' id='word_1_431' title='bbox 996 1410 1051 1429; x_wconf 94' lang='lat' dir='ltr'><strong>uuo</strong></span> <span class='ocrx_word' id='word_1_432' title='bbox 1066 1401 1146 1428; x_wconf 88' lang='lat' dir='ltr'><strong>oculo</strong></span> <span class='ocrx_word' id='word_1_433' title='bbox 1170 1400 1197 1426; x_wconf 93' lang='lat' dir='ltr'><strong>in</strong></span> <span class='ocrx_word' id='word_1_434' title='bbox 1219 1400 1319 1426; x_wconf 86' lang='lat' dir='ltr'><strong>ccolum</strong></span> <span class='ocrx_word' id='word_1_435' title='bbox 1342 1399 1490 1434; x_wconf 83' lang='lat' dir='ltr'><strong>respicere,</strong></span> <span class='ocrx_word' id='word_1_436' title='bbox 1508 1402 1534 1425; x_wconf 88' lang='lat' dir='ltr'><strong>et</strong></span> <span class='ocrx_word' id='word_1_437' title='bbox 1550 1399 1604 1425; x_wconf 83' lang='lat' dir='ltr'><strong>alio</strong></span> <span class='ocrx_word' id='word_1_438' title='bbox 1617 1399 1644 1425; x_wconf 89' lang='lat' dir='ltr'><strong>in</strong></span> <span class='ocrx_word' id='word_1_439' title='bbox 1665 1404 1781 1431; x_wconf 84' lang='lat' dir='ltr'><strong>terram;</strong></span> 
     </span>
    </p>
   </div>
   <div class='ocr_carea' id='block_1_57' title="bbox 997 1444 1782 1480">
    <p class='ocr_par' dir='ltr' id='par_1_57' title="bbox 997 1444 1782 1480">
     <span class='ocr_line' id='line_1_58' title="bbox 997 1444 1782 1480; baseline -0.001 -7"><span class='ocrx_word' id='word_1_440' title='bbox 997 1447 1034 1473; x_wconf 88' lang='lat' dir='ltr'><strong>ita</strong></span> <span class='ocrx_word' id='word_1_441' title='bbox 1053 1454 1107 1473; x_wconf 90' lang='lat' dir='ltr'><strong>uon</strong></span> <span class='ocrx_word' id='word_1_442' title='bbox 1132 1449 1222 1480; x_wconf 82' lang='lat' dir='ltr'><strong>potest</strong></span> <span class='ocrx_word' id='word_1_443' title='bbox 1247 1445 1328 1472; x_wconf 89' lang='lat' dir='ltr'><strong>homo</strong></span> <span class='ocrx_word' id='word_1_444' title='bbox 1341 1445 1374 1471; x_wconf 84' lang='lat' dir='ltr'><strong>de</strong></span> <span class='ocrx_word' id='word_1_445' title='bbox 1395 1445 1450 1472; x_wconf 89' lang='lat' dir='ltr'><strong>Deo</strong></span> <span class='ocrx_word' id='word_1_446' title='bbox 1466 1445 1546 1472; x_wconf 85' lang='lat' dir='ltr'><strong>simul</strong></span> <span class='ocrx_word' id='word_1_447' title='bbox 1563 1448 1589 1471; x_wconf 83' lang='lat' dir='ltr'><strong>et</strong></span> <span class='ocrx_word' id='word_1_448' title='bbox 1612 1444 1646 1472; x_wconf 86' lang='lat' dir='ltr'><strong>de</strong></span> <span class='ocrx_word' id='word_1_449' title='bbox 1668 1452 1782 1480; x_wconf 82' lang='lat' dir='ltr'><strong>corpore</strong></span> 
     </span>
    </p>
   </div>
   <div class='ocr_carea' id='block_1_58' title="bbox 997 1490 1782 1526">
    <p class='ocr_par' dir='ltr' id='par_1_58' title="bbox 997 1490 1782 1526">
     <span class='ocr_line' id='line_1_59' title="bbox 997 1490 1782 1526; baseline -0.003 -7"><span class='ocrx_word' id='word_1_450' title='bbox 997 1500 1101 1519; x_wconf 85' lang='lat' dir='ltr'><strong>curare.</strong></span> <span class='ocrx_word' id='word_1_451' title='bbox 1116 1491 1193 1519; x_wconf 81' lang='lat' dir='ltr'><strong>Sicut</strong></span> <span class='ocrx_word' id='word_1_452' title='bbox 1216 1499 1270 1518; x_wconf 89' lang='lat' dir='ltr'><strong>non</strong></span> <span class='ocrx_word' id='word_1_453' title='bbox 1286 1495 1375 1526; x_wconf 82' lang='lat' dir='ltr'><strong>potest</strong></span> <span class='ocrx_word' id='word_1_454' title='bbox 1392 1490 1453 1518; x_wconf 79' lang='lat' dir='ltr'><strong>fons</strong></span> <span class='ocrx_word' id='word_1_455' title='bbox 1478 1499 1511 1517; x_wconf 77' lang='lat' dir='ltr'><strong>cx</strong></span> <span class='ocrx_word' id='word_1_456' title='bbox 1532 1490 1630 1518; x_wconf 83' lang='lat' dir='ltr'><strong>eodem</strong></span> <span class='ocrx_word' id='word_1_457' title='bbox 1648 1490 1782 1517; x_wconf 83' lang='lat' dir='ltr'><strong>foramine</strong></span> 
     </span>
    </p>
   </div>
   <div class='ocr_carea' id='block_1_59' title="bbox 996 1537 1782 1572">
    <p class='ocr_par' dir='ltr' id='par_1_59' title="bbox 996 1537 1782 1572">
     <span class='ocr_line' id='line_1_60' title="bbox 996 1537 1782 1572; baseline -0.003 -7"><span class='ocrx_word' id='word_1_458' title='bbox 996 1538 1119 1565; x_wconf 82' lang='lat' dir='ltr'><strong>emittere</strong></span> <span class='ocrx_word' id='word_1_459' title='bbox 1142 1545 1240 1572; x_wconf 84' lang='lat' dir='ltr'><strong>aquam</strong></span> <span class='ocrx_word' id='word_1_460' title='bbox 1256 1537 1360 1564; x_wconf 83' lang='lat' dir='ltr'><strong>dulcem</strong></span> <span class='ocrx_word' id='word_1_461' title='bbox 1381 1541 1407 1564; x_wconf 86' lang='lat' dir='ltr'><strong>ct</strong></span> <span class='ocrx_word' id='word_1_462' title='bbox 1422 1544 1551 1570; x_wconf 84' lang='lat' dir='ltr'><strong>amaram,</strong></span> <span class='ocrx_word' id='word_1_463' title='bbox 1566 1537 1605 1564; x_wconf 85' lang='lat' dir='ltr'><strong>sic</strong></span> <span class='ocrx_word' id='word_1_464' title='bbox 1621 1545 1674 1564; x_wconf 90' lang='lat' dir='ltr'><strong>non</strong></span> <span class='ocrx_word' id='word_1_465' title='bbox 1694 1541 1782 1572; x_wconf 83' lang='lat' dir='ltr'><strong>potest</strong></span> 
     </span>
    </p>
   </div>
   <div class='ocr_carea' id='block_1_60' title="bbox 996 1581 1780 1617">
    <p class='ocr_par' dir='ltr' id='par_1_60' title="bbox 996 1581 1780 1617">
     <span class='ocr_line' id='line_1_61' title="bbox 996 1581 1780 1617; baseline -0.001 -8"><span class='ocrx_word' id='word_1_466' title='bbox 996 1583 1077 1610; x_wconf 83' lang='lat' dir='ltr'><strong>homo</strong></span> <span class='ocrx_word' id='word_1_467' title='bbox 1090 1586 1116 1609; x_wconf 88' lang='lat' dir='ltr'><strong>et</strong></span> <span class='ocrx_word' id='word_1_468' title='bbox 1143 1581 1197 1609; x_wconf 85' lang='lat' dir='ltr'><strong>Deo</strong></span> <span class='ocrx_word' id='word_1_469' title='bbox 1223 1582 1340 1617; x_wconf 81' lang='lat' dir='ltr'><strong>placere,</strong></span> <span class='ocrx_word' id='word_1_470' title='bbox 1366 1587 1392 1609; x_wconf 90' lang='lat' dir='ltr'><strong>ct</strong></span> <span class='ocrx_word' id='word_1_471' title='bbox 1416 1582 1508 1609; x_wconf 88' lang='lat' dir='ltr'><strong>carnis</strong></span> <span class='ocrx_word' id='word_1_472' title='bbox 1529 1583 1780 1617; x_wconf 67' lang='lat' dir='ltr'><strong>concupiscentiam</strong></span> 
     </span>
    </p>
   </div>
   <div class='ocr_carea' id='block_1_61' title="bbox 996 1627 1781 1664">
    <p class='ocr_par' dir='ltr' id='par_1_61' title="bbox 996 1627 1781 1664">
     <span class='ocr_line' id='line_1_62' title="bbox 996 1627 1781 1664; baseline 0 -9"><span class='ocrx_word' id='word_1_473' title='bbox 996 1628 1135 1664; x_wconf 79' lang='lat' dir='ltr'><strong>perlicere.</strong></span> <span class='ocrx_word' id='word_1_474' title='bbox 1159 1627 1238 1655; x_wconf 90' lang='lat' dir='ltr'><strong>Sicut</strong></span> <span class='ocrx_word' id='word_1_475' title='bbox 1262 1636 1316 1655; x_wconf 90' lang='lat' dir='ltr'><strong>uou</strong></span> <span class='ocrx_word' id='word_1_476' title='bbox 1347 1633 1436 1663; x_wconf 83' lang='lat' dir='ltr'><strong>potest</strong></span> <span class='ocrx_word' id='word_1_477' title='bbox 1461 1629 1538 1663; x_wconf 82' lang='lat' dir='ltr'><strong>spina</strong></span> <span class='ocrx_word' id='word_1_478' title='bbox 1569 1629 1635 1655; x_wconf 66' lang='lat' dir='ltr'><strong>olere</strong></span> <span class='ocrx_word' id='word_1_479' title='bbox 1662 1629 1781 1656; x_wconf 83' lang='lat' dir='ltr'><strong>fructum</strong></span> 
     </span>
    </p>
   </div>
   <div class='ocr_carea' id='block_1_62' title="bbox 997 1675 1782 1710">
    <p class='ocr_par' dir='ltr' id='par_1_62' title="bbox 997 1675 1782 1710">
     <span class='ocr_line' id='line_1_63' title="bbox 997 1675 1782 1710; baseline 0.001 -9"><span class='ocrx_word' id='word_1_480' title='bbox 997 1675 1077 1707; x_wconf 74' lang='lat' dir='ltr'><strong>terre,</strong></span> <span class='ocrx_word' id='word_1_481' title='bbox 1091 1675 1129 1701; x_wconf 85' lang='lat' dir='ltr'><strong>ita</strong></span> <span class='ocrx_word' id='word_1_482' title='bbox 1144 1682 1197 1701; x_wconf 89' lang='lat' dir='ltr'><strong>non</strong></span> <span class='ocrx_word' id='word_1_483' title='bbox 1217 1678 1306 1709; x_wconf 81' lang='lat' dir='ltr'><strong>potest</strong></span> <span class='ocrx_word' id='word_1_484' title='bbox 1321 1675 1404 1702; x_wconf 87' lang='lat' dir='ltr'><strong>homo</strong></span> <span class='ocrx_word' id='word_1_485' title='bbox 1424 1679 1449 1702; x_wconf 85' lang='lat' dir='ltr'><strong>et</strong></span> <span class='ocrx_word' id='word_1_486' title='bbox 1466 1676 1587 1702; x_wconf 69' lang='lat' dir='ltr'><strong>cmicstia</strong></span> <span class='ocrx_word' id='word_1_487' title='bbox 1612 1682 1742 1710; x_wconf 59' lang='lat' dir='ltr'><strong>qttmrere,</strong></span> <span class='ocrx_word' id='word_1_488' title='bbox 1755 1680 1782 1702; x_wconf 86' lang='lat' dir='ltr'><strong>et</strong></span> 
     </span>
    </p>
   </div>
   <div class='ocr_carea' id='block_1_63' title="bbox 995 1719 1782 1756">
    <p class='ocr_par' dir='ltr' id='par_1_63' title="bbox 995 1719 1782 1756">
     <span class='ocr_line' id='line_1_64' title="bbox 995 1719 1782 1756; baseline 0.003 -10"><span class='ocrx_word' id='word_1_489' title='bbox 995 1723 1103 1747; x_wconf 83' lang='lat' dir='ltr'><strong>terrena</strong></span> <span class='ocrx_word' id='word_1_490' title='bbox 1118 1720 1324 1754; x_wconf 86' lang='lat' dir='ltr'><strong>concupiscere,</strong></span> <span class='ocrx_word' id='word_1_491' title='bbox 1340 1724 1369 1746; x_wconf 88' lang='lat' dir='ltr'><strong>ut</strong></span> <span class='ocrx_word' id='word_1_492' title='bbox 1381 1720 1418 1746; x_wconf 89' lang='lat' dir='ltr'><strong>ait</strong></span> <span class='ocrx_word' id='word_1_493' title='bbox 1433 1719 1580 1747; x_wconf 88' lang='lat' dir='ltr'><strong>Dominus:</strong></span> <span class='ocrx_word' id='word_1_494' title='bbox 1596 1720 1654 1747; x_wconf 82' lang='lat' dir='ltr'><strong>Non</strong></span> <span class='ocrx_word' id='word_1_495' title='bbox 1665 1721 1782 1756; x_wconf 81' lang='lat' dir='ltr'><strong>potestis</strong></span> 
     </span>
    </p>
   </div>
   <div class='ocr_carea' id='block_1_64' title="bbox 996 1765 1782 1803">
    <p class='ocr_par' dir='ltr' id='par_1_64' title="bbox 996 1765 1782 1803">
     <span class='ocr_line' id='line_1_65' title="bbox 996 1765 1782 1803; baseline 0 -9"><span class='ocrx_word' id='word_1_496' title='bbox 996 1770 1022 1794; x_wconf 84' lang='lat' dir='ltr'><strong>et</strong></span> <span class='ocrx_word' id='word_1_497' title='bbox 1033 1765 1088 1793; x_wconf 85' lang='lat' dir='ltr'><strong>Deo</strong></span> <span class='ocrx_word' id='word_1_498' title='bbox 1104 1766 1212 1802; x_wconf 80' lang='lat' dir='ltr'><strong>placere</strong></span> <span class='ocrx_word' id='word_1_499' title='bbox 1228 1770 1254 1794; x_wconf 86' lang='lat' dir='ltr'><strong>et</strong></span> <span class='ocrx_word' id='word_1_500' title='bbox 1266 1767 1358 1794; x_wconf 88' lang='lat' dir='ltr'><strong>carnis</strong></span> <span class='ocrx_word' id='word_1_501' title='bbox 1374 1767 1621 1801; x_wconf 79' lang='lat' dir='ltr'><strong>concupiscentiam</strong></span> <span class='ocrx_word' id='word_1_502' title='bbox 1641 1767 1782 1803; x_wconf 82' lang='lat' dir='ltr'><strong>perlicere.</strong></span> 
     </span>
    </p>
   </div>
   <div class='ocr_carea' id='block_1_65' title="bbox 998 1812 1783 1848">
    <p class='ocr_par' dir='ltr' id='par_1_65' title="bbox 998 1812 1783 1848">
     <span class='ocr_line' id='line_1_66' title="bbox 998 1812 1783 1848; baseline 0.003 -9"><span class='ocrx_word' id='word_1_503' title='bbox 998 1812 1076 1840; x_wconf 89' lang='lat' dir='ltr'><strong>Unde</strong></span> <span class='ocrx_word' id='word_1_504' title='bbox 1103 1816 1130 1840; x_wconf 87' lang='lat' dir='ltr'><strong>et</strong></span> <span class='ocrx_word' id='word_1_505' title='bbox 1154 1814 1293 1848; x_wconf 87' lang='lat' dir='ltr'><strong>apostolus</strong></span> <span class='ocrx_word' id='word_1_506' title='bbox 1317 1812 1417 1840; x_wconf 83' lang='lat' dir='ltr'><strong>Paulus</strong></span> <span class='ocrx_word' id='word_1_507' title='bbox 1441 1813 1498 1840; x_wconf 73' lang='lat' dir='ltr'><strong>haec</strong></span> <span class='ocrx_word' id='word_1_508' title='bbox 1525 1820 1586 1840; x_wconf 84' lang='lat' dir='ltr'><strong>cum</strong></span> <span class='ocrx_word' id='word_1_509' title='bbox 1610 1813 1740 1846; x_wconf 84' lang='lat' dir='ltr'><strong>audisset,</strong></span> <span class='ocrx_word' id='word_1_510' title='bbox 1756 1819 1783 1841; x_wconf 88' lang='lat' dir='ltr'><strong>et</strong></span> 
     </span>
    </p>
   </div>
   <div class='ocr_carea' id='block_1_66' title="bbox 996 1859 1785 1891">
    <p class='ocr_par' dir='ltr' id='par_1_66' title="bbox 996 1859 1785 1891">
     <span class='ocr_line' id='line_1_67' title="bbox 996 1859 1785 1891; baseline 0.003 -7"><span class='ocrx_word' id='word_1_511' title='bbox 996 1865 1091 1886; x_wconf 88' lang='lat' dir='ltr'><strong>omnes</strong></span> <span class='ocrx_word' id='word_1_512' title='bbox 1104 1859 1196 1886; x_wconf 88' lang='lat' dir='ltr'><strong>carnis</strong></span> <span class='ocrx_word' id='word_1_513' title='bbox 1209 1859 1323 1886; x_wconf 74' lang='lat' dir='ltr'><strong>alfcctus</strong></span> <span class='ocrx_word' id='word_1_514' title='bbox 1335 1859 1362 1885; x_wconf 93' lang='lat' dir='ltr'><strong>in</strong></span> <span class='ocrx_word' id='word_1_515' title='bbox 1378 1866 1407 1885; x_wconf 91' lang='lat' dir='ltr'><strong>se</strong></span> <span class='ocrx_word' id='word_1_516' title='bbox 1417 1859 1589 1891; x_wconf 76' lang='lat' dir='ltr'><strong>abscidisset,</strong></span> <span class='ocrx_word' id='word_1_517' title='bbox 1607 1859 1644 1886; x_wconf 85' lang='lat' dir='ltr'><strong>ait</strong></span> <span class='ocrx_word' id='word_1_518' title='bbox 1657 1869 1663 1887; x_wconf 92' lang='lat'>:</span> <span class='ocrx_word' id='word_1_519' title='bbox 1678 1869 1687 1885; x_wconf 79' lang='grc' dir='ltr'><strong>ι</strong></span> <span class='ocrx_word' id='word_1_520' title='bbox 1715 1860 1785 1886; x_wconf 87' lang='lat' dir='ltr'><strong>Pro—</strong></span> 
     </span>
    </p>
   </div>
   <div class='ocr_carea' id='block_1_67' title="bbox 959 1904 1781 1943">
    <p class='ocr_par' dir='ltr' id='par_1_67' title="bbox 959 1904 1781 1943">
     <span class='ocr_line' id='line_1_68' title="bbox 959 1904 1781 1943; baseline 0.002 -13"><span class='ocrx_word' id='word_1_521' title='bbox 959 1916 980 1943; x_wconf 79' lang='grc' dir='ltr'><strong>Β</strong></span> <span class='ocrx_word' id='word_1_522' title='bbox 994 1909 1053 1939; x_wconf 73' lang='lat' dir='ltr'><strong>pter</strong></span> <span class='ocrx_word' id='word_1_523' title='bbox 1065 1912 1144 1939; x_wconf 83' lang='lat' dir='ltr'><strong>quem</strong></span> <span class='ocrx_word' id='word_1_524' title='bbox 1155 1905 1247 1933; x_wconf 82' lang='lat' dir='ltr'><strong>omnia</strong></span> <span class='ocrx_word' id='word_1_525' title='bbox 1262 1905 1452 1933; x_wconf 79' lang='lat' dir='ltr'><strong>detrimentum</strong></span> <span class='ocrx_word' id='word_1_526' title='bbox 1463 1905 1526 1938; x_wconf 68' lang='lat' dir='ltr'><strong>feci,</strong></span> <span class='ocrx_word' id='word_1_527' title='bbox 1541 1910 1568 1932; x_wconf 79' lang='lat' dir='ltr'><strong>ut</strong></span> <span class='ocrx_word' id='word_1_528' title='bbox 1583 1904 1721 1932; x_wconf 89' lang='lat' dir='ltr'><strong>Christum</strong></span> <span class='ocrx_word' id='word_1_529' title='bbox 1738 1906 1781 1932; x_wconf 89' lang='lat' dir='ltr'><strong>lu-</strong></span> 
     </span>
    </p>
   </div>
   <div class='ocr_carea' id='block_1_68' title="bbox 996 1950 1784 1987">
    <p class='ocr_par' dir='ltr' id='par_1_68' title="bbox 996 1950 1784 1987">
     <span class='ocr_line' id='line_1_69' title="bbox 996 1950 1784 1987; baseline 0.004 -11"><span class='ocrx_word' id='word_1_530' title='bbox 996 1950 1135 1977; x_wconf 84' lang='lat' dir='ltr'><strong>crifaciam</strong></span> <span class='ocrx_word' id='word_1_531' title='bbox 1151 1951 1184 1984; x_wconf 72' lang='grc' dir='ltr'><strong>ιο,</strong></span> <span class='ocrx_word' id='word_1_532' title='bbox 1203 1962 1212 1978; x_wconf 84' lang='grc'><strong><em>›</em></strong></span> <span class='ocrx_word' id='word_1_533' title='bbox 1231 1959 1263 1979; x_wconf 88' lang='lat' dir='ltr'><strong>ac</strong></span> <span class='ocrx_word' id='word_1_534' title='bbox 1284 1959 1346 1979; x_wconf 91' lang='lat' dir='ltr'><strong>cum</strong></span> <span class='ocrx_word' id='word_1_535' title='bbox 1364 1953 1410 1979; x_wconf 90' lang='lat' dir='ltr'><strong>illo</strong></span> <span class='ocrx_word' id='word_1_536' title='bbox 1426 1960 1538 1987; x_wconf 79' lang='lat' dir='ltr'><strong>regnare</strong></span> <span class='ocrx_word' id='word_1_537' title='bbox 1564 1953 1676 1987; x_wconf 61' lang='lat' dir='ltr'><strong>possim;</strong></span> <span class='ocrx_word' id='word_1_538' title='bbox 1693 1951 1784 1980; x_wconf 71' lang='lat' dir='ltr'><strong>(Cum</strong></span> 
     </span>
    </p>
   </div>
   <div class='ocr_carea' id='block_1_69' title="bbox 995 1996 1779 2032">
    <p class='ocr_par' dir='ltr' id='par_1_69' title="bbox 995 1996 1779 2032">
     <span class='ocr_line' id='line_1_70' title="bbox 995 1996 1779 2032; baseline 0.005 -10"><span class='ocrx_word' id='word_1_539' title='bbox 995 1996 1056 2023; x_wconf 88' lang='lat' dir='ltr'><strong>cibo</strong></span> <span class='ocrx_word' id='word_1_540' title='bbox 1071 2001 1161 2024; x_wconf 88' lang='lat' dir='ltr'><strong>autem</strong></span> <span class='ocrx_word' id='word_1_541' title='bbox 1177 1998 1298 2032; x_wconf 85' lang='lat' dir='ltr'><strong>potimur</strong></span> <span class='ocrx_word' id='word_1_542' title='bbox 1315 2003 1341 2025; x_wconf 85' lang='lat' dir='ltr'><strong>et</strong></span> <span class='ocrx_word' id='word_1_543' title='bbox 1360 1999 1472 2030; x_wconf 88' lang='lat' dir='ltr'><strong>vestitu,</strong></span> <span class='ocrx_word' id='word_1_544' title='bbox 1491 1998 1533 2026; x_wconf 86' lang='lat' dir='ltr'><strong>his</strong></span> <span class='ocrx_word' id='word_1_545' title='bbox 1549 1999 1669 2026; x_wconf 79' lang='lat' dir='ltr'><strong>contenti</strong></span> <span class='ocrx_word' id='word_1_546' title='bbox 1683 1999 1779 2026; x_wconf 92' lang='lat' dir='ltr'><strong>simus.</strong></span> 
     </span>
    </p>
   </div>
   <div class='ocr_carea' id='block_1_70' title="bbox 993 2041 1784 2077">
    <p class='ocr_par' dir='ltr' id='par_1_70' title="bbox 993 2041 1784 2077">
     <span class='ocr_line' id='line_1_71' title="bbox 993 2041 1784 2077; baseline 0.003 -8"><span class='ocrx_word' id='word_1_547' title='bbox 993 2041 1062 2069; x_wconf 77' lang='lat' dir='ltr'><strong>Nam</strong></span> <span class='ocrx_word' id='word_1_548' title='bbox 1075 2043 1122 2077; x_wconf 89' lang='lat' dir='ltr'><strong>qui</strong></span> <span class='ocrx_word' id='word_1_549' title='bbox 1137 2043 1235 2071; x_wconf 86' lang='lat' dir='ltr'><strong>divites</strong></span> <span class='ocrx_word' id='word_1_550' title='bbox 1256 2052 1317 2072; x_wconf 85' lang='lat' dir='ltr'><strong>esse</strong></span> <span class='ocrx_word' id='word_1_551' title='bbox 1339 2045 1444 2076; x_wconf 89' lang='lat' dir='ltr'><strong>volunt,</strong></span> <span class='ocrx_word' id='word_1_552' title='bbox 1460 2045 1585 2071; x_wconf 88' lang='lat' dir='ltr'><strong>incidunt</strong></span> <span class='ocrx_word' id='word_1_553' title='bbox 1610 2045 1637 2071; x_wconf 86' lang='lat' dir='ltr'><strong>iu</strong></span> <span class='ocrx_word' id='word_1_554' title='bbox 1656 2045 1784 2071; x_wconf 87' lang='lat' dir='ltr'><strong>tentatio—</strong></span> 
     </span>
    </p>
   </div>
   <div class='ocr_carea' id='block_1_71' title="bbox 995 2090 1781 2124">
    <p class='ocr_par' dir='ltr' id='par_1_71' title="bbox 995 2090 1781 2124">
     <span class='ocr_line' id='line_1_72' title="bbox 995 2090 1781 2124; baseline 0.003 -9"><span class='ocrx_word' id='word_1_555' title='bbox 995 2096 1070 2122; x_wconf 87' lang='lat' dir='ltr'><strong>nem,</strong></span> <span class='ocrx_word' id='word_1_556' title='bbox 1087 2094 1114 2116; x_wconf 85' lang='lat' dir='ltr'><strong>et</strong></span> <span class='ocrx_word' id='word_1_557' title='bbox 1127 2090 1154 2116; x_wconf 92' lang='lat' dir='ltr'><strong>in</strong></span> <span class='ocrx_word' id='word_1_558' title='bbox 1171 2090 1296 2124; x_wconf 80' lang='lat' dir='ltr'><strong>laqueum</strong></span> <span class='ocrx_word' id='word_1_559' title='bbox 1310 2091 1423 2122; x_wconf 84' lang='lat' dir='ltr'><strong>diaboli,</strong></span> <span class='ocrx_word' id='word_1_560' title='bbox 1440 2098 1471 2117; x_wconf 82' lang='lat' dir='ltr'><strong>ac</strong></span> <span class='ocrx_word' id='word_1_561' title='bbox 1486 2091 1513 2117; x_wconf 88' lang='lat' dir='ltr'><strong>in</strong></span> <span class='ocrx_word' id='word_1_562' title='bbox 1529 2091 1662 2118; x_wconf 84' lang='lat' dir='ltr'><strong>absurdas</strong></span> <span class='ocrx_word' id='word_1_563' title='bbox 1676 2098 1781 2118; x_wconf 83' lang='lat' dir='ltr'><strong>concu-</strong></span> 
     </span>
    </p>
   </div>
   <div class='ocr_carea' id='block_1_72' title="bbox 995 2134 1225 2169">
    <p class='ocr_par' dir='ltr' id='par_1_72' title="bbox 995 2134 1225 2169">
     <span class='ocr_line' id='line_1_73' title="bbox 995 2134 1225 2169; baseline 0.009 -9"><span class='ocrx_word' id='word_1_564' title='bbox 995 2134 1144 2169; x_wconf 81' lang='lat' dir='ltr'><strong>piscentias</strong></span> <span class='ocrx_word' id='word_1_565' title='bbox 1155 2135 1199 2162; x_wconf 69' lang='grc' dir='ltr'><strong>η’.</strong></span> <span class='ocrx_word' id='word_1_566' title='bbox 1216 2145 1225 2161; x_wconf 68' lang='grc' dir='ltr'><strong>ι</strong></span> 
     </span>
    </p>
   </div>
   <div class='ocr_carea' id='block_1_73' title="bbox 1031 2180 1784 2216">
    <p class='ocr_par' dir='ltr' id='par_1_73' title="bbox 1031 2180 1784 2216">
     <span class='ocr_line' id='line_1_74' title="bbox 1031 2180 1784 2216; baseline 0 -8"><span class='ocrx_word' id='word_1_567' title='bbox 1031 2181 1058 2208; x_wconf 73' lang='grc'><strong>2.</strong></span> <span class='ocrx_word' id='word_1_568' title='bbox 1077 2180 1117 2207; x_wconf 89' lang='lat' dir='ltr'><strong>Tu</strong></span> <span class='ocrx_word' id='word_1_569' title='bbox 1133 2185 1233 2212; x_wconf 87' lang='lat' dir='ltr'><strong>autem,</strong></span> <span class='ocrx_word' id='word_1_570' title='bbox 1248 2188 1263 2208; x_wconf 89' lang='grc' dir='ltr'><strong>ο</strong></span> <span class='ocrx_word' id='word_1_571' title='bbox 1287 2180 1382 2214; x_wconf 77' lang='lat' dir='ltr'><strong>frater,</strong></span> <span class='ocrx_word' id='word_1_572' title='bbox 1397 2189 1431 2208; x_wconf 86' lang='lat' dir='ltr'><strong>ne</strong></span> <span class='ocrx_word' id='word_1_573' title='bbox 1450 2181 1570 2216; x_wconf 84' lang='lat' dir='ltr'><strong>cuipiam</strong></span> <span class='ocrx_word' id='word_1_574' title='bbox 1586 2181 1668 2216; x_wconf 89' lang='lat' dir='ltr'><strong>hujus</strong></span> <span class='ocrx_word' id='word_1_575' title='bbox 1686 2182 1784 2209; x_wconf 88' lang='lat' dir='ltr'><strong>mundi.-</strong></span> 
     </span>
    </p>
   </div>
   <div class='ocr_carea' id='block_1_74' title="bbox 996 2227 1783 2263">
    <p class='ocr_par' dir='ltr' id='par_1_74' title="bbox 996 2227 1783 2263">
     <span class='ocr_line' id='line_1_75' title="bbox 996 2227 1783 2263; baseline 0 -8"><span class='ocrx_word' id='word_1_576' title='bbox 996 2228 1035 2255; x_wconf 90' lang='lat' dir='ltr'><strong>rei</strong></span> <span class='ocrx_word' id='word_1_577' title='bbox 1052 2227 1172 2254; x_wconf 83' lang='lat' dir='ltr'><strong>animum</strong></span> <span class='ocrx_word' id='word_1_578' title='bbox 1190 2227 1331 2260; x_wconf 76' lang='lat' dir='ltr'><strong>adhibeas,</strong></span> <span class='ocrx_word' id='word_1_579' title='bbox 1346 2230 1377 2254; x_wconf 94' lang='lat' dir='ltr'><strong>ut</strong></span> <span class='ocrx_word' id='word_1_580' title='bbox 1401 2227 1518 2255; x_wconf 87' lang='lat' dir='ltr'><strong>salutem</strong></span> <span class='ocrx_word' id='word_1_581' title='bbox 1533 2228 1664 2263; x_wconf 86' lang='lat' dir='ltr'><strong>consequi</strong></span> <span class='ocrx_word' id='word_1_582' title='bbox 1679 2228 1783 2262; x_wconf 60' lang='lat' dir='ltr'><strong>possis,</strong></span> 
     </span>
    </p>
   </div>
   <div class='ocr_carea' id='block_1_75' title="bbox 996 2273 1777 2308">
    <p class='ocr_par' dir='ltr' id='par_1_75' title="bbox 996 2273 1777 2308">
     <span class='ocr_line' id='line_1_76' title="bbox 996 2273 1777 2308; baseline -0.003 -6"><span class='ocrx_word' id='word_1_583' title='bbox 996 2274 1042 2302; x_wconf 86' lang='lat' dir='ltr'><strong>sed</strong></span> <span class='ocrx_word' id='word_1_584' title='bbox 1055 2273 1187 2308; x_wconf 78' lang='lat' dir='ltr'><strong>justitiam</strong></span> <span class='ocrx_word' id='word_1_585' title='bbox 1199 2281 1305 2304; x_wconf 80' lang='lat' dir='ltr'><strong>exerce,</strong></span> <span class='ocrx_word' id='word_1_586' title='bbox 1320 2277 1347 2301; x_wconf 88' lang='lat' dir='ltr'><strong>et</strong></span> <span class='ocrx_word' id='word_1_587' title='bbox 1361 2274 1512 2304; x_wconf 85' lang='lat' dir='ltr'><strong>veritatem,</strong></span> <span class='ocrx_word' id='word_1_588' title='bbox 1529 2281 1647 2301; x_wconf 83' lang='lat' dir='ltr'><strong>amorem</strong></span> <span class='ocrx_word' id='word_1_589' title='bbox 1659 2277 1685 2302; x_wconf 86' lang='lat' dir='ltr'><strong>et</strong></span> <span class='ocrx_word' id='word_1_590' title='bbox 1700 2274 1777 2300; x_wconf 85' lang='lat' dir='ltr'><strong>timo-</strong></span> 
     </span>
    </p>
   </div>
   <div class='ocr_carea' id='block_1_76' title="bbox 996 2318 1784 2354">
    <p class='ocr_par' dir='ltr' id='par_1_76' title="bbox 996 2318 1784 2354">
     <span class='ocr_line' id='line_1_77' title="bbox 996 2318 1784 2354; baseline 0.001 -8"><span class='ocrx_word' id='word_1_591' title='bbox 996 2327 1053 2346; x_wconf 85' lang='lat' dir='ltr'><strong>rem</strong></span> <span class='ocrx_word' id='word_1_592' title='bbox 1072 2318 1178 2346; x_wconf 92' lang='lat' dir='ltr'><strong>Domini</strong></span> <span class='ocrx_word' id='word_1_593' title='bbox 1191 2339 1197 2351; x_wconf 90' lang='lat'><strong>,</strong></span> <span class='ocrx_word' id='word_1_594' title='bbox 1211 2318 1458 2350; x_wconf 83' lang='lat' dir='ltr'><strong>mansuetudinem,</strong></span> <span class='ocrx_word' id='word_1_595' title='bbox 1470 2319 1662 2351; x_wconf 82' lang='lat' dir='ltr'><strong>obedientiam,</strong></span> <span class='ocrx_word' id='word_1_596' title='bbox 1676 2324 1784 2354; x_wconf 77' lang='lat' dir='ltr'><strong>tempe--</strong></span> 
     </span>
    </p>
   </div>
   <div class='ocr_carea' id='block_1_77' title="bbox 996 2364 1785 2400">
    <p class='ocr_par' dir='ltr' id='par_1_77' title="bbox 996 2364 1785 2400">
     <span class='ocr_line' id='line_1_78' title="bbox 996 2364 1785 2400; baseline -0.001 -7"><span class='ocrx_word' id='word_1_597' title='bbox 996 2366 1125 2398; x_wconf 87' lang='lat' dir='ltr'><strong>rantiam,</strong></span> <span class='ocrx_word' id='word_1_598' title='bbox 1142 2364 1304 2400; x_wconf 88' lang='lat' dir='ltr'><strong>iujuriarum</strong></span> <span class='ocrx_word' id='word_1_599' title='bbox 1318 2365 1493 2392; x_wconf 89' lang='lat' dir='ltr'><strong>oblivionem.</strong></span> <span class='ocrx_word' id='word_1_600' title='bbox 1503 2365 1572 2393; x_wconf 88' lang='lat' dir='ltr'><strong>Odio</strong></span> <span class='ocrx_word' id='word_1_601' title='bbox 1588 2366 1687 2393; x_wconf 81' lang='lat' dir='ltr'><strong>habeto</strong></span> <span class='ocrx_word' id='word_1_602' title='bbox 1701 2373 1785 2392; x_wconf 90' lang='lat' dir='ltr'><strong>mun—</strong></span> 
     </span>
    </p>
   </div>
   <div class='ocr_carea' id='block_1_78' title="bbox 996 2410 1784 2442">
    <p class='ocr_par' dir='ltr' id='par_1_78' title="bbox 996 2410 1784 2442">
     <span class='ocr_line' id='line_1_79' title="bbox 996 2410 1784 2442; baseline -0.003 -3"><span class='ocrx_word' id='word_1_603' title='bbox 996 2411 1068 2439; x_wconf 82' lang='lat' dir='ltr'><strong>dana</strong></span> <span class='ocrx_word' id='word_1_604' title='bbox 1084 2410 1178 2442; x_wconf 78' lang='lat' dir='ltr'><strong>verba,</strong></span> <span class='ocrx_word' id='word_1_605' title='bbox 1205 2415 1234 2437; x_wconf 87' lang='lat' dir='ltr'><strong>ut</strong></span> <span class='ocrx_word' id='word_1_606' title='bbox 1258 2417 1306 2437; x_wconf 84' lang='lat' dir='ltr'><strong>cor</strong></span> <span class='ocrx_word' id='word_1_607' title='bbox 1326 2415 1407 2438; x_wconf 85' lang='lat' dir='ltr'><strong>tuum</strong></span> <span class='ocrx_word' id='word_1_608' title='bbox 1418 2411 1508 2438; x_wconf 82' lang='lat' dir='ltr'><strong>videat</strong></span> <span class='ocrx_word' id='word_1_609' title='bbox 1523 2411 1633 2439; x_wconf 86' lang='lat' dir='ltr'><strong>bonum.</strong></span> <span class='ocrx_word' id='word_1_610' title='bbox 1646 2411 1712 2437; x_wconf 84' lang='lat' dir='ltr'><strong>Ama</strong></span> <span class='ocrx_word' id='word_1_611' title='bbox 1731 2410 1784 2437; x_wconf 79' lang='lat' dir='ltr'><strong>fre-</strong></span> 
     </span>
    </p>
   </div>
   <div class='ocr_carea' id='block_1_79' title="bbox 997 2455 1781 2492">
    <p class='ocr_par' dir='ltr' id='par_1_79' title="bbox 997 2455 1781 2492">
     <span class='ocr_line' id='line_1_80' title="bbox 997 2455 1781 2492; baseline -0.001 -9"><span class='ocrx_word' id='word_1_612' title='bbox 997 2460 1125 2492; x_wconf 89' lang='lat' dir='ltr'><strong>quentem</strong></span> <span class='ocrx_word' id='word_1_613' title='bbox 1151 2456 1314 2488; x_wconf 84' lang='lat' dir='ltr'><strong>orationem,</strong></span> <span class='ocrx_word' id='word_1_614' title='bbox 1330 2457 1540 2483; x_wconf 83' lang='lat' dir='ltr'><strong>utilluminetur</strong></span> <span class='ocrx_word' id='word_1_615' title='bbox 1559 2463 1606 2483; x_wconf 89' lang='lat' dir='ltr'><strong>cor</strong></span> <span class='ocrx_word' id='word_1_616' title='bbox 1635 2460 1722 2483; x_wconf 89' lang='lat' dir='ltr'><strong>tuum.</strong></span> <span class='ocrx_word' id='word_1_617' title='bbox 1743 2455 1781 2482; x_wconf 84' lang='lat' dir='ltr'><strong>Da</strong></span> 
     </span>
    </p>
   </div>
   <div class='ocr_carea' id='block_1_80' title="bbox 997 2501 1782 2537">
    <p class='ocr_par' dir='ltr' id='par_1_80' title="bbox 997 2501 1782 2537">
     <span class='ocr_line' id='line_1_81' title="bbox 997 2501 1782 2537; baseline -0.003 -8"><span class='ocrx_word' id='word_1_618' title='bbox 997 2503 1164 2537; x_wconf 85' lang='lat' dir='ltr'><strong>pauperibus</strong></span> <span class='ocrx_word' id='word_1_619' title='bbox 1174 2502 1257 2529; x_wconf 80' lang='lat' dir='ltr'><strong>divite</strong></span> <span class='ocrx_word' id='word_1_620' title='bbox 1269 2502 1360 2535; x_wconf 88' lang='lat' dir='ltr'><strong>oculo,</strong></span> <span class='ocrx_word' id='word_1_621' title='bbox 1377 2506 1408 2530; x_wconf 89' lang='lat' dir='ltr'><strong>ut</strong></span> <span class='ocrx_word' id='word_1_622' title='bbox 1424 2509 1458 2530; x_wconf 87' lang='lat' dir='ltr'><strong>ue</strong></span> <span class='ocrx_word' id='word_1_623' title='bbox 1474 2501 1643 2529; x_wconf 70' lang='lat' dir='ltr'><strong>confundam</strong></span> <span class='ocrx_word' id='word_1_624' title='bbox 1658 2505 1720 2528; x_wconf 86' lang='lat' dir='ltr'><strong>ante</strong></span> <span class='ocrx_word' id='word_1_625' title='bbox 1732 2502 1782 2528; x_wconf 85' lang='lat' dir='ltr'><strong>tri—</strong></span> 
     </span>
    </p>
   </div>
   <div class='ocr_carea' id='block_1_81' title="bbox 998 2546 1787 2583">
    <p class='ocr_par' dir='ltr' id='par_1_81' title="bbox 998 2546 1787 2583">
     <span class='ocr_line' id='line_1_82' title="bbox 998 2546 1787 2583; baseline 0 -8"><span class='ocrx_word' id='word_1_626' title='bbox 998 2548 1082 2575; x_wconf 90' lang='lat' dir='ltr'><strong>bunal</strong></span> <span class='ocrx_word' id='word_1_627' title='bbox 1106 2548 1218 2576; x_wconf 86' lang='lat' dir='ltr'><strong>Christi.</strong></span> <span class='ocrx_word' id='word_1_628' title='bbox 1238 2549 1372 2576; x_wconf 85' lang='lat' dir='ltr'><strong>Aversare</strong></span> <span class='ocrx_word' id='word_1_629' title='bbox 1401 2548 1523 2576; x_wconf 88' lang='lat' dir='ltr'><strong>ciborum</strong></span> <span class='ocrx_word' id='word_1_630' title='bbox 1550 2546 1719 2583; x_wconf 82' lang='lat' dir='ltr'><strong>cupidinem,</strong></span> <span class='ocrx_word' id='word_1_631' title='bbox 1746 2556 1787 2575; x_wconf 77' lang='lat' dir='ltr'><strong>no</strong></span> 
     </span>
    </p>
   </div>
   <div class='ocr_carea' id='block_1_82' title="bbox 997 2593 1785 2630">
    <p class='ocr_par' dir='ltr' id='par_1_82' title="bbox 997 2593 1785 2630">
     <span class='ocr_line' id='line_1_83' title="bbox 997 2593 1785 2630; baseline 0 -10"><span class='ocrx_word' id='word_1_632' title='bbox 997 2594 1107 2621; x_wconf 81' lang='lat' dir='ltr'><strong>Amalec</strong></span> <span class='ocrx_word' id='word_1_633' title='bbox 1125 2594 1171 2622; x_wconf 82' lang='lat' dir='ltr'><strong>ille</strong></span> <span class='ocrx_word' id='word_1_634' title='bbox 1183 2595 1341 2630; x_wconf 86' lang='lat' dir='ltr'><strong>passionum</strong></span> <span class='ocrx_word' id='word_1_635' title='bbox 1358 2598 1385 2622; x_wconf 84' lang='lat' dir='ltr'><strong>te</strong></span> <span class='ocrx_word' id='word_1_636' title='bbox 1402 2594 1564 2622; x_wconf 87' lang='lat' dir='ltr'><strong>circumdet.</strong></span> <span class='ocrx_word' id='word_1_637' title='bbox 1580 2594 1651 2629; x_wconf 77' lang='lat' dir='ltr'><strong>Vigil</strong></span> <span class='ocrx_word' id='word_1_638' title='bbox 1668 2597 1694 2621; x_wconf 88' lang='lat' dir='ltr'><strong>et</strong></span> <span class='ocrx_word' id='word_1_639' title='bbox 1709 2593 1785 2621; x_wconf 71' lang='lat' dir='ltr'><strong>celer</strong></span> 
     </span>
    </p>
   </div>
   <div class='ocr_carea' id='block_1_83' title="bbox 998 2640 1768 2672">
    <p class='ocr_par' dir='ltr' id='par_1_83' title="bbox 998 2640 1768 2672">
     <span class='ocr_line' id='line_1_84' title="bbox 998 2640 1768 2672; baseline -0.001 -5"><span class='ocrx_word' id='word_1_640' title='bbox 998 2644 1058 2668; x_wconf 86' lang='lat' dir='ltr'><strong>esto</strong></span> <span class='ocrx_word' id='word_1_641' title='bbox 1071 2640 1097 2667; x_wconf 92' lang='lat' dir='ltr'><strong>in</strong></span> <span class='ocrx_word' id='word_1_642' title='bbox 1113 2642 1294 2672; x_wconf 85' lang='lat' dir='ltr'><strong>orationibus,</strong></span> <span class='ocrx_word' id='word_1_643' title='bbox 1307 2648 1340 2668; x_wconf 88' lang='lat' dir='ltr'><strong>ne</strong></span> <span class='ocrx_word' id='word_1_644' title='bbox 1351 2645 1376 2668; x_wconf 88' lang='lat' dir='ltr'><strong>te</strong></span> <span class='ocrx_word' id='word_1_645' title='bbox 1388 2640 1443 2668; x_wconf 79' lang='lat' dir='ltr'><strong>fera</strong></span> <span class='ocrx_word' id='word_1_646' title='bbox 1454 2641 1573 2668; x_wconf 81' lang='lat' dir='ltr'><strong>devoret.</strong></span> <span class='ocrx_word' id='word_1_647' title='bbox 1592 2640 1689 2667; x_wconf 79' lang='lat' dir='ltr'><strong>Vinum</strong></span> <span class='ocrx_word' id='word_1_648' title='bbox 1704 2647 1768 2666; x_wconf 85' lang='lat' dir='ltr'><strong>aver</strong></span> 
     </span>
    </p>
   </div>
   <div class='ocr_carea' id='block_1_84' title="bbox 999 2685 1781 2722">
    <p class='ocr_par' dir='ltr' id='par_1_84' title="bbox 999 2685 1781 2722">
     <span class='ocr_line' id='line_1_85' title="bbox 999 2685 1781 2722; baseline -0.003 -9"><span class='ocrx_word' id='word_1_649' title='bbox 999 2693 1070 2718; x_wconf 82' lang='lat' dir='ltr'><strong>sare,</strong></span> <span class='ocrx_word' id='word_1_650' title='bbox 1087 2694 1122 2714; x_wconf 88' lang='lat' dir='ltr'><strong>ne</strong></span> <span class='ocrx_word' id='word_1_651' title='bbox 1147 2687 1263 2721; x_wconf 86' lang='lat' dir='ltr'><strong>priveris</strong></span> <span class='ocrx_word' id='word_1_652' title='bbox 1291 2687 1391 2722; x_wconf 77' lang='lat' dir='ltr'><strong>gaudio</strong></span> <span class='ocrx_word' id='word_1_653' title='bbox 1406 2685 1463 2714; x_wconf 87' lang='lat' dir='ltr'><strong>Dei.</strong></span> <span class='ocrx_word' id='word_1_654' title='bbox 1480 2686 1548 2713; x_wconf 85' lang='lat' dir='ltr'><strong>Ama</strong></span> <span class='ocrx_word' id='word_1_655' title='bbox 1575 2686 1677 2718; x_wconf 79' lang='lat' dir='ltr'><strong>ﬁdeles,</strong></span> <span class='ocrx_word' id='word_1_656' title='bbox 1692 2691 1721 2713; x_wconf 91' lang='lat' dir='ltr'><strong>ut</strong></span> <span class='ocrx_word' id='word_1_657' title='bbox 1735 2694 1781 2720; x_wconf 67' lang='lat' dir='ltr'><strong>per</strong></span> 
     </span>
    </p>
   </div>
   <div class='ocr_carea' id='block_1_85' title="bbox 998 2733 1784 2770">
    <p class='ocr_par' dir='ltr' id='par_1_85' title="bbox 998 2733 1784 2770">
     <span class='ocr_line' id='line_1_86' title="bbox 998 2733 1784 2770; baseline 0 -10"><span class='ocrx_word' id='word_1_658' title='bbox 998 2740 1046 2760; x_wconf 87' lang='lat' dir='ltr'><strong>eos</strong></span> <span class='ocrx_word' id='word_1_659' title='bbox 1058 2733 1258 2769; x_wconf 83' lang='lat' dir='ltr'><strong>cleemosynam</strong></span> <span class='ocrx_word' id='word_1_660' title='bbox 1272 2734 1406 2770; x_wconf 80' lang='lat' dir='ltr'><strong>largiaris.</strong></span> <span class='ocrx_word' id='word_1_661' title='bbox 1419 2734 1503 2770; x_wconf 73' lang='lat' dir='ltr'><strong>Dilige</strong></span> <span class='ocrx_word' id='word_1_662' title='bbox 1519 2738 1639 2769; x_wconf 85' lang='lat' dir='ltr'><strong>sanctos,</strong></span> <span class='ocrx_word' id='word_1_663' title='bbox 1650 2738 1677 2762; x_wconf 87' lang='lat' dir='ltr'><strong>ut</strong></span> <span class='ocrx_word' id='word_1_664' title='bbox 1687 2741 1784 2762; x_wconf 84' lang='lat' dir='ltr'><strong>corum</strong></span> 
     </span>
    </p>
   </div>
  </div>
