1926 3068
149 101 212 130 NH

707 99 735 126 S.
759 96 988 126 ATHANASHJS.
1010 112 1045 117 —
1067 96 1200 124 SPURIA.

1695 94 1770 121 uti

147 164 173 187 te
189 159 263 187 zelus
280 159 370 186 trahat
388 158 420 185 ad
432 156 712 185 virtutem.Memcnto
725 156 814 183 exitus
834 155 928 182 anima:

981 153 1043 184 τοὺς
1056 154 1177 186 πιστοὺς,
1195 154 1237 179 ῖνα
1253 152 1297 179 διὰ
1321 152 1408 178 αὐτῶν
1427 151 1550 187 ἐλεήσῃς.
1568 150 1688 185 Πόθησον
1701 159 1768 182 τους

147 209 254 233 manet
268 213 321 231 non
337 205 451 231 multum
478 203 604 238 peccabis
620 203 647 230 in
660 202 755 229 Deum.
776 201 931 228 Recordare

147 250 225 286 521
244 257 350 284 semper
361 250 435 284 regni
448 249 591 280 cmlorum,
605 254 635 275 ut
651 249 710 282 ejus
728 247 891 275 desiderium
904 251 931 274 te

146 296 236 322 trahat
249 295 281 321 ad
300 294 365 321 illud
381 304 388 322 :
404 295 430 321 in
447 295 538 321 animo
561 294 659 321 habeto
678 294 828 329 gehennam
847 292 929 328 ignis,

147 346 174 368 et
185 342 318 368 atrocium
331 341 514 370 cruciatuum.
522 346 551 367 ut
562 340 625 368 odio
635 340 736 367 habeas
746 347 827 374 prava
837 347 929 373 opera.

146 387 272 422 Prtcpara
285 392 310 414 tc
321 388 403 422 igitur
412 387 532 422 quotidie
543 387 575 414 ad
592 386 791 413 occurrendum
804 384 929 418 Christo;

147 437 277 459 venturus
302 433 401 467 quippe
426 433 471 460 ille
488 437 530 460 est
553 431 736 459 invisibiliter.
754 429 882 463 Quotidie
905 434 931 456 te

147 479 235 513 ipsum
249 479 414 511 examinato,
429 486 461 505 ac
475 478 597 512 disquire
609 485 672 503 num
689 476 836 511 quodpiam
851 475 929 502 Chri--

146 524 180 551 sli
197 523 355 550 mandatqu
378 524 541 558 neglexeris,
563 527 643 557 atque
660 522 725 548 illud
743 522 864 556 impleto.
884 519 931 547 Vi-

145 568 227 596 deant
243 568 342 596 fratres
356 569 395 595 tui
417 575 499 603 opera
516 573 573 600 tua,
586 572 612 594 et
627 568 702 594 zelus
719 567 762 594 ille
776 566 822 600 qui
833 574 931 593 secun-

145 614 210 640 dum
235 613 319 641 Deum
344 618 386 641 est
414 614 556 641 det-orabit
583 614 639 641 eo's.
657 613 784 648 Tripsum
811 614 930 648 quotidie

145 660 310 690 examinato.
330 667 361 686 ac
384 659 521 691 perpende
547 667 629 694 quam
646 659 801 694 passionem
818 659 931 686 mortiﬁ-

145 705 261 736 caveris,
274 709 299 732 et
313 705 346 732 da
362 705 474 739 gloriam
494 704 559 736 Deo,
572 705 645 730 illius
661 712 777 738 namque
789 708 831 730 est
849 704 929 730 mise-

145 751 273 778 ricordia.
290 749 328 777 Ne
341 754 464 785 reputato
483 755 508 777 te
527 750 624 777 fecisse
641 754 740 777 bonum
758 757 849 776 coram
864 748 929 782 Deo,

146 797 183 823 ait
208 796 280 823 enim
297 804 303 821 :
320 805 329 822 ι
347 796 416 823 Cum
443 797 536 822 omnia
561 796 699 827 feceritis,
724 800 790 822 tunc
820 796 902 822 dicite
920 802 927 822 :

147 842 224 870 Servi
247 842 356 870 inutiles
376 850 470 869 sumus
485 843 518 869 '°.
539 852 548 868 ι
561 842 599 870 Ne
619 843 763 877 superbias
778 843 841 877 quia
856 850 928 869 nunc
946 833 965 860 Β

146 888 235 916 bonus
247 895 287 920 es,
297 895 350 914 non
364 891 440 922 potes
454 888 525 914 enim
541 887 591 914 tibi
605 887 741 915 conﬁdere
753 887 788 914 ob
804 887 928 914 inimicos

146 941 217 962 IUOS.

980 199 1083 232 ἁγίους,
1096 199 1139 226 ἵνα
1146 200 1160 225 ὁ
1167 198 1245 234 ζῆλος
1251 197 1339 225 αὐτῶν
1347 196 1448 232 ἐλκύσῃ
1459 205 1487 223 σε
1497 196 1563 231 πρὸς
1571 196 1680 232 ἀρετήν.
1688 196 1768 230 Μνη-

982 245 1076 280 μόνευε
1093 246 1142 280 τῆς
1155 244 1244 276 ἐξόδου
1259 245 1307 279 τῆς
1315 243 1402 278 ψυχῆς
1411 251 1467 273 σου,
1481 242 1527 268 καί
1536 242 1585 276 οὐχ
1595 241 1768 276 ἀμαρτήσεις

981 291 1065 317 πολλὰ
1080 291 1148 326 πρὸς
1161 291 1241 317 Θεόν”
1258 290 1467 325 ἀναμιμνήσκου
1497 289 1540 315 ἀεὶ
1554 289 1603 323 τὴν
1615 288 1668 314 τῶν
1683 289 1769 323 οὖρα-

979 337 1032 363 νῶν
1046 336 1191 371 βασιλείαν,
1207 337 1249 362 ἵνα
1264 337 1279 371 ἡ
1300 336 1429 370 ἐπιθυμία
1443 335 1528 366 αὐτῆς
1544 334 1643 369 ἑλκύσῃ
1657 343 1686 360 σε
1697 334 1768 369 πρὸς

980 383 1079 417 αὐτήν
1100 382 1250 415 διαλογίζου
1266 382 1314 417 τὴν
1334 381 1444 415 γέενναν
1458 380 1504 407 τοῦ
1531 379 1625 415 πυρὸς,
1648 379 1695 406 καὶ
1711 379 1768 406 τῶν

981 428 1103 464 βασάνων
1114 428 1167 454 τῶν
1177 427 1280 460 δεινῶν,
1298 428 1340 454 ἵνα
1354 428 1471 462 μισήσῃς
1479 427 1512 453 τὰ
1523 426 1591 462 ἔργα
1604 426 1638 453 τὰ
1648 434 1714 461 πονη
1720 426 1766 460 pii.

985 475 1126 510 Ἑτοίμαζε
1145 473 1191 501 οὖν
1210 474 1314 509 σεαυτῷ
1330 474 1389 500 καθ’
1405 474 1509 508 ἡμέραν
1527 473 1680 507 ὑπαντῆσαι
1698 473 1769 507 Χρι-

980 520 1048 555 στῷ·
1067 520 1156 555 μέλλει
1179 520 1233 554 γὰρ
1258 520 1380 555 ἀοράτως
1402 519 1539 554 ἔρχεσθαι.
1555 518 1623 545 Καθ’
1647 518 1768 553 ἑκάστην

979 565 1086 600 ἡμέραν
1110 565 1237 600 ἀνάκρινε
1251 564 1360 590 σεαυτὸν
1383 565 1415 590 ἐκ
1429 564 1482 590 τῶν
1497 563 1611 590 ἐντολῶν
1630 562 1677 589 τοῦ
1698 563 1768 598 Χρι-

980 610 1053 642 στοῦ,
1066 611 1092 636 τί
1105 610 1267 646 ὺστέρησας.
1284 611 1330 636 καὶ
1352 610 1519 644 ἁνοικοόὖμει
1530 608 1604 635 αὑτό.
1619 608 1724 634 Ἴδωσιν
1739 608 1767 634 οἱ

978 657 1089 690 ἀδελφοί
1104 665 1150 682 σοι)
1163 657 1196 682 τὰ
1211 656 1278 692 ἔργα
1292 665 1349 687 σου,
1362 657 1407 683 καὶ
1417 657 1430 682 ὁ
1441 655 1520 690 ζῆλος
1531 656 1544 681 ὁ
1560 654 1630 681 κατὰ
1642 654 1706 680 Θεὸν
1716 663 1767 680 κα“

978 702 1127 737 ταφάγεται
1139 702 1245 734 αὐτούς.
1271 702 1430 737 Ἐρεύνησον
1444 700 1555 727 σεαυτὸν
1574 700 1634 726 καθ’
1646 700 1766 734 ἑκάστην

979 750 1095 785 ἡμέραν,
1117 751 1191 775 ποῖον
1207 748 1290 780 πάθος
1314 749 1477 784 ἐνέκρωσας,
1496 748 1543 774 καὶ
1566 747 1610 779 δὸς
1626 747 1703 780 δόξαν
1725 746 1766 781 τῷ

978 795 1037 831 Θεῷ
1046 804 1052 809 ·
1071 794 1152 822 αὐτοῦ
1168 796 1221 830 γάρ
1234 797 1291 822 εστι
1303 794 1334 821 τὸ
1345 795 1428 827 ἕλεος.
1442 795 1488 830 Μὴ
1500 794 1607 828 λογίζου
1621 794 1715 820 ἑαυτὸν
1726 793 1766 824 ὡς

979 840 1186 875 κατορθώσαντα
1210 841 1240 866 τὸ
1265 840 1365 874 ἀγαθὸν
1392 839 1504 866 ἐνώπιον
1525 839 1572 865 τοῦ
1595 838 1678 865 Θεοῦ·
1698 838 1767 872 φησὶ

979 887 1046 922 γάρ·
1058 887 1155 913 ι”Οταν
1165 887 1253 913 πάντα
1265 886 1406 921 ποιήσητε,
1418 885 1478 912 τότε
1487 884 1591 918 λέγετε,
1599 883 1764 918 ὅτιἊχρεῖοι

978 933 1064 960 δοῦλοί
1076 934 1168 968 ἐσμεν.
1190 943 1199 958 ι
1215 933 1259 968 Μὴ
1277 932 1509 968 ὑψηλοφρονήσῃς,
1526 931 1567 957 ὃτι
1579 931 1625 957 ἀπ’
1640 930 1700 965 ἄρτι
1714 938 1766 955 κα-

963 979 1024 1011 Δλὸς
1046 977 1087 1006 εἶ’
1105 980 1134 1006 οὐ
1158 979 1212 1015 γὰρ
1235 979 1300 1014 δύνῃ
1318 977 1460 1005 πιστεῦσαι
1475 978 1568 1004 ἑαυτὸν
1577 978 1633 1009 τοῖς
1657 976 1765 1012 ἐχθροῖς

181 1071 207 1098 5.
226 1069 266 1097 Ne
291 1069 413 1097 conﬁdas
437 1073 485 1096 tuo
513 1069 600 1104 ipsius
621 1068 741 1104 corpori.
764 1067 794 1095 1n
820 1076 853 1096 eo
880 1068 927 1103 qui

146 1116 283 1143 daemones
297 1115 474 1150 pertimescit,
488 1115 628 1150 propalam
641 1118 683 1141 est
703 1122 756 1141 non
777 1122 838 1141 esse
852 1115 928 1141 tirno-

146 1170 202 1189 rem
220 1161 278 1188 Dei.
298 1161 349 1194 Qui
365 1161 436 1188 enim
458 1160 542 1187 Dcum
556 1161 632 1187 timet
653 1168 685 1187 ex
700 1164 757 1186 toto
771 1160 853 1186 corde
867 1167 927 1191 suo,

146 1207 241 1233 ﬁrmus
255 1210 297 1233 est
313 1205 444 1233 adversus
469 1206 540 1232 illos.
558 1205 608 1237 Qui
629 1213 688 1232 sese
707 1213 759 1231 non
778 1205 888 1232 metitur
903 1209 930 1232 et

146 1251 268 1285 respicit,
292 1250 338 1278 sed
365 1250 485 1284 ignotum
508 1257 537 1276 se
563 1252 646 1280 tenet,
671 1249 734 1275 hinc
761 1254 929 1283 compertum

147 1296 229 1323 habet
252 1304 281 1323 se
299 1303 352 1322 non
376 1302 498 1330 quaerere
519 1294 686 1322 voluntatem
710 1295 822 1329 implere
839 1303 927 1327 suam,

146 1343 193 1370 sed
209 1343 339 1370 divinam.
357 1342 407 1375 Qui
420 1341 513 1369 multis
524 1349 603 1368 suum
616 1341 721 1376 profert
734 1346 760 1368 et
773 1342 929 1369 manifestat

146 1396 310 1420 sermonem,
325 1388 388 1416 hinc
401 1392 600 1415 commonstrat
614 1389 640 1415 in
658 1388 718 1422 ipso
732 1395 786 1415 non
809 1396 868 1416 esse
881 1387 929 1416 Dei

146 1435 282 1462 timerem.
297 1433 348 1467 Qui
367 1434 424 1460 vult
448 1433 541 1461 salvus
565 1433 635 1465 ﬁeri,
654 1433 708 1461 Deo
725 1440 811 1464 vacet,
827 1438 854 1460 et
867 1441 929 1468 pas-

146 1479 238 1507 siones
253 1479 434 1507 conculcabit.
448 1479 519 1507 Cura
528 1484 554 1506 et
566 1478 723 1506 sollicitudo
738 1479 764 1506 iu
780 1479 930 1514 cogitatio-

146 1526 228 1554 nibus
251 1525 326 1561 fugat
342 1526 484 1560 passiones
499 1537 506 1552 :
522 1526 653 1560 scriptum
669 1525 742 1553 enim
759 1531 817 1553 est:
833 1535 841 1552 ι
856 1526 928 1553 Cura

146 1571 317 1605 superveniet
328 1571 355 1597 in
369 1572 456 1598 virum
472 1571 630 1606 sapientem.
645 1581 654 1597 ι
672 1570 705 1598 Ut
721 1572 831 1606 pigritia
845 1572 929 1598 auxi—

145 1617 182 1643 lio
205 1620 247 1643 est
271 1617 455 1652 passionibus,
471 1617 512 1644 sic
537 1617 728 1652 aequanimitas
742 1620 768 1644 et
784 1617 929 1644 tolerantia

145 1670 187 1692 est
203 1666 334 1692 virtutum
363 1665 456 1692 robur.
474 1663 616 1691 Neminem
634 1664 759 1699 judicare
782 1664 809 1690 id
834 1671 929 1691 murus

145 1715 188 1739 est
204 1711 384 1747 praevalidus;
402 1711 556 1745 vituperare
571 1714 662 1737 autem
678 1713 705 1738 et
719 1710 884 1741 obtrectare,
902 1709 929 1736 id

146 1759 264 1785 animam
284 1758 396 1792 coniicit
415 1758 443 1784 in
457 1757 616 1792 perniciem.
634 1755 766 1791 Linguam
786 1764 864 1784 suam
883 1763 929 1783 co-

146 1803 241 1831 hibere
257 1811 348 1838 posse,
365 1803 391 1830 id
407 1803 497 1837 palam
518 1802 583 1829 facit
605 1802 694 1829 virum
711 1809 772 1829 esse
793 1801 819 1828 in
840 1802 928 1829 virtu-

147 1850 222 1877 tibus
256 1851 452 1882 exercitatum;
477 1848 568 1883 lingua
597 1852 687 1876 autem
715 1847 826 1875 elfrenis
853 1855 929 1875 com-

146 1896 244 1931 probat
259 1895 396 1922 hominem
412 1902 467 1921 non
478 1902 540 1922 esse
554 1894 654 1921 virtute
666 1893 760 1921 intime
775 1893 927 1928 praaditum.

146 1940 334 1969 Misericordia
353 1948 413 1975 quae.
430 1941 458 1967 in
479 1943 569 1968 mente
583 1944 610 1967 et
629 1939 796 1974 cogitatione
808 1939 928 1972 exsistit,

146 1987 218 2022 parit
234 1986 420 2021 prospiciendi
442 1985 609 2018 facultatem,
626 1993 659 2013 ac
677 1985 753 2013 ducit
767 1985 799 2012 ad
813 1985 929 2012 charita-

147 2037 218 2065 tem;
235 2032 283 2060 sed
306 2033 413 2058 animus
437 2032 632 2059 immisericors
654 2032 725 2066 parit
746 2031 928 2058 inhumanita-

146 2083 211 2105 tem.
242 2077 327 2104 Mater
347 2077 478 2104 virtutum
504 2081 546 2104 est
576 2076 796 2109 commiseratio;
811 2077 930 2111 comple-

146 2127 266 2150 mentum
282 2127 373 2151 autem
386 2123 519 2150 malorum
530 2126 571 2150 est
582 2122 799 2158 inobsequentia.
817 2122 927 2150 Bonitas

942 1501 963 1532 C

980 1034 1036 1051 σου.

1013 1071 1039 1097 5.
1058 1070 1103 1106 Μὴ
1119 1070 1258 1106 θαρῥήσῃς
1275 1069 1371 1096 ἑαυτοῦ
1389 1069 1428 1104 τῷ
1448 1068 1564 1104 σώματι.
1585 1068 1614 1095 '0
1631 1067 1765 1102 φοϐούμε-

979 1125 1022 1148 νος
1046 1117 1108 1147 τοὺς
1131 1116 1262 1150 δαίμονας
1286 1115 1363 1151 δῆλον
1387 1115 1481 1142 ἑαυτὸν
1494 1115 1575 1147 ποιεῖ,
1591 1114 1692 1141 ὅτιούκ
1705 1113 1764 1140 ἔστι

979 1162 1060 1196 φόῦος
1070 1161 1139 1188 Θεοῦ
1157 1163 1186 1189 ἐν
1199 1161 1283 1196 αὐτῷ.
1304 1162 1332 1188 ’0
1348 1161 1402 1197 γὰρ
1419 1160 1584 1196 φοϐούμενος
1596 1160 1642 1187 τὸν
1655 1159 1720 1186 Θεὸν
1733 1160 1765 1192 ὲξ

977 1207 1041 1242 ὅλης
1054 1207 1135 1234 αὐτοῦ
1149 1208 1198 1243 τῆς
1219 1207 1330 1243 καρδίας
1346 1208 1450 1243 ἐδραῖός
1463 1208 1536 1234 ἐστιν
1554 1207 1598 1233 ἐπ’
1612 1207 1711 1238 αὐτοῖς.
1727 1207 1764 1233 Τὸ

980 1253 1016 1289 μὴ
1030 1253 1161 1288 μετρῆσαι
1174 1253 1277 1285 ἑαυτὸν,
1293 1253 1349 1280 ἀλλ’
1360 1253 1456 1280 ἑαυτὸν
1471 1253 1541 1288 ἔχειν
1552 1253 1699 1287 ἄγνωστον,
1712 1262 1764 1287 φας

977 1301 1051 1335 νεροῖ
1065 1299 1104 1334 τῷ
1128 1299 1272 1335 ἀνθρώπῳ,
1287 1300 1326 1326 ὅτι
1344 1300 1374 1326 οὐ
1391 1299 1466 1335 ζητεῖ
1487 1299 1595 1335 ποιῆσαι
1615 1299 1645 1325 τὸ
1667 1299 1763 1325 ἑαυτοῦ

979 1345 1092 1381 θέλημα,
1109 1345 1175 1372 ἀλλὰ
1187 1345 1216 1372 τὸ
1234 1345 1281 1372 τοῦ
1293 1345 1370 1373 θεοῦ.
1395 1347 1424 1372 '0
1439 1346 1526 1380 λέγων
1536 1346 1580 1372 τὸν
1594 1345 1670 1380 λόγον
1681 1345 1763 1372 αὐτοῦ

979 1392 1022 1420 ἐπὶ
1036 1391 1150 1424 πολλῶν,
1168 1392 1244 1427 δῆλον
1270 1392 1363 1418 ἑαυτὸν
1389 1393 1469 1425 ποιεῖ,
1489 1392 1529 1418 ὅτι
1542 1392 1592 1418 οὑκ
1610 1391 1667 1418 ἔστι
1682 1391 1764 1426 φόόος

977 1437 1044 1465 Θεοῦ
1071 1438 1099 1464 ἑν
1119 1438 1202 1473 αὐτῷ.
1220 1437 1248 1464 ’0
1272 1437 1429 1472 βουλόμενος
1446 1438 1563 1473 σωθῆναι
1582 1437 1706 1472 σχολάσει
1725 1436 1764 1471 τῷ

978 1484 1048 1519 Θεῷ,
1061 1484 1107 1511 καὶ
1121 1485 1307 1518 καταπατήσει
1321 1484 1354 1511 τὰ
1364 1483 1447 1520 πάθη.
1460 1483 1496 1510 Τὸ
1505 1483 1644 1519 φροντίσαι
1658 1484 1686 1509 ὲν
1696 1483 1764 1516 γνώ-

981 1538 1022 1557 σει
1047 1529 1171 1557 ἐκδιώκει
1187 1529 1220 1556 ea
1240 1529 1330 1566 πάθη·
1353 1530 1506 1565 γέγραπται
1531 1529 1598 1564 γάρ·
1620 1538 1629 1554 ι
1654 1529 1765 1564 Φροντὶς

980 1575 1153 1602 ἐπελεύσεται
1166 1576 1209 1602 ἐπ’
1220 1575 1304 1610 ἄνδρα
1318 1576 1408 1609 σοφόν.
1421 1585 1430 1600 ι
1445 1576 1549 1610 Ὥσπερ
1562 1576 1578 1610 ἡ
1592 1575 1690 1610 ἀκηδία
1703 1575 1764 1610 βοή-

980 1622 1040 1649 θειά
1062 1623 1118 1648 ἐστι
1137 1621 1191 1647 τῶν
1214 1620 1318 1653 παθῶν,
1335 1620 1405 1647 οὕτω
1427 1621 1472 1647 καὶ
1490 1622 1506 1656 ἡ
1524 1620 1699 1656 μακροθυμία
1717 1620 1764 1646 δύ-

980 1668 1060 1703 ναμίς
1073 1669 1131 1694 ἐστι
1145 1667 1199 1694 τῶν
1212 1667 1327 1702 ἀρετῶν.
1338 1667 1374 1693 Τὸ
1386 1667 1422 1702 μὴ
1439 1666 1542 1702 κρίνειν
1557 1666 1698 1701 ἄνθρωπον
1711 1668 1766 1693 τεῖ-

979 1714 1026 1749 χός
1040 1715 1112 1740 ἔστιν
1121 1715 1129 1724 ¹
1146 1714 1286 1748 ἀντίτητον
1295 1722 1302 1728 ·
1316 1712 1346 1739 τὸ
1362 1713 1390 1739 δὲ
1399 1712 1478 1747 ψέξαι
1489 1712 1505 1748 ἦ
1518 1713 1702 1748 καταλαλῆσαι
1714 1713 1766 1739 ἀπ-

979 1759 1076 1786 ώλειαν
1090 1761 1122 1795 τῇ
1132 1760 1204 1795 ψυχῇ
1214 1759 1419 1795 κατεργάζεται.
1430 1759 1465 1785 Τὸ
1478 1759 1614 1795 κρατῆσαι
1623 1759 1671 1794 τῆς
1681 1759 1766 1793 γλώτ-

979 1814 1028 1841 της
1051 1805 1240 1840 δηλοποιεῖται,
1256 1806 1296 1832 ὅτι
1317 1804 1468 1840 πρακτικός
1481 1806 1539 1831 ἐστι
1557 1805 1606 1840 μὲν
1622 1805 1681 1835 ταῖς
1703 1795 1767 1839 ἐρε-

978 1852 1055 1882 ταῖς·
1071 1852 1087 1887 ἡ
1105 1851 1133 1878 δὲ
1144 1851 1306 1877 ἀπαιδευσία
1321 1851 1370 1885 τῆς
1383 1850 1507 1886 γλώσσης
1525 1850 1662 1886 σημαίνει,
1676 1850 1717 1876 ὅτι
1731 1847 1766 1875 '05

979 1896 1108 1932 κέκτηται
1130 1896 1229 1932 ἀρετὴν
1244 1896 1357 1924 ἔνδοθεν.
1377 1897 1409 1924 Ἡ
1431 1898 1460 1923 ὲν
1480 1896 1580 1931 γνώσει
1597 1896 1764 1932 ἐλεημοσύνη

979 1942 1065 1968 τίκτει
1075 1943 1105 1969 τὸ
1119 1943 1247 1978 προορᾷν,
1265 1943 1310 1969 καὶ
1323 1943 1415 1978 ὁδηγεῖ
1430 1944 1469 1974 εἰς
1489 1943 1537 1977 τὴν
1556 1942 1681 1977 ἀγάπην·
1698 1943 1714 1977 ὴ
1737 1942 1766 1968 δὲ

979 1988 1178 2024 ἀνελεημοσύνη
1192 1988 1278 2014 τίκτει
1292 1987 1341 2023 τὴν
1354 1987 1561 2024 ἀπανθρωπίαν.
1582 1988 1681 2023 Μήτηρ
1699 1988 1764 2023 ἀρε-

979 2033 1032 2060 τῶν
1046 2036 1118 2061 ἐστιν
1164 2033 1332 2070 συμπάθεια·
1348 2034 1483 2070 πλήρωμα
1493 2034 1522 2060 δὲ
1533 2033 1624 2060 κακῶν
1638 2035 1654 2069 ή
1667 2034 1766 2060 ἀνυπο-

978 2082 1068 2114 ταξία.
1090 2082 1122 2108 'H
1146 2081 1280 2116 ἀγαθά-της
1295 2081 1379 2107 τίκτει
1394 2081 1444 2116 τὴν
1462 2081 1571 2114 ἁγνείαν
1581 2088 1588 2095 ”
1603 2081 1619 2115 ὴ
1633 2080 1661 2106 δὲ
1673 2080 1765 2115 ὀξυχο-

979 2129 1022 2155 λία
1031 2130 1115 2155 τίκτει
1124 2129 1157 2155 τὰ
1164 2128 1247 2163 πάθη.
1256 2128 1288 2154 Ἦ
1300 2127 1500 2164 σκληροκαρδία
1511 2128 1652 2163 τίκτειτὴν
1664 2128 1747 2164 ὀργήν
1756 2136 1763 2142 ·

147 2169 219 2204 parit
243 2169 408 2202 castitatem,
429 2169 570 2196 iracundia
597 2169 769 2197 inordinatos
802 2168 926 2197 affectus.

981 2177 996 2212 ἡ
1013 2175 1040 2202 δὲ
1053 2175 1152 2210 ἀκηδία
1164 2175 1248 2201 τίκτει
1264 2175 1312 2209 τὴν
1328 2174 1439 2201 ἔνδειαν.
1458 2174 1544 2210 Κόρος
1562 2173 1646 2201 ὕπνου
1659 2174 1764 2210 ταραχὴ

144 2215 243 2243 Cordis
257 2215 372 2242 durities
387 2216 472 2250 gignit
490 2215 568 2242 iram.
586 2214 699 2250 Pigritia
717 2216 788 2250 parit
804 2216 928 2252 indigen-

145 2262 222 2287 tiam.
241 2261 359 2288 Somnus
382 2262 484 2288 nimius
507 2261 654 2288 tumultum
670 2261 756 2296 gignit
772 2262 928 2291 aﬁectuum.

146 2306 226 2334 Salus
241 2312 331 2334 autem
347 2307 444 2334 anima:
460 2312 523 2335 sunt
536 2307 634 2342 vigiliae
643 2307 797 2336 moderatae.
811 2309 929 2338 Somnus

145 2353 248 2380 nimius
271 2353 379 2379 turbam
400 2353 501 2379 excitat
525 2353 813 2387 phantasiarumzﬁos
837 2360 928 2383 autem

147 2401 212 2425 sunt
224 2398 331 2428 animae,
350 2397 449 2432 vigilia
467 2404 530 2424 cum
548 2399 681 2425 oratione.
705 2397 799 2426 Somni
821 2399 929 2427 diutur-

145 2442 218 2470 nitas
233 2449 281 2469 cor
295 2442 415 2474 hebetat,
428 2442 477 2469 sed
488 2441 587 2477 vigilite
600 2444 722 2469 excitant
739 2443 840 2477 ipsum.
856 2445 929 2480 Vigi-

145 2487 196 2515 lias
213 2487 278 2514 dico
295 2487 356 2515 illas
373 2495 434 2522 qua:
450 2487 601 2515 secundum
615 2487 700 2516 Deum
717 2494 846 2523 aguntur,
864 2498 926 2518 cum

144 2532 268 2566 psalmis,
284 2532 393 2568 hymnis
413 2537 440 2560 et
456 2533 572 2560 canticis
604 2533 804 2568 spiritualibus.
819 2534 855 2563 lis
885 2539 959 2566 enim

145 2582 256 2613 praestat
271 2586 333 2605 cum
347 2579 456 2606 silentio
469 2579 599 2610 dormire.

179 2622 207 2651 4.
228 2623 329 2652 Luctus
352 2625 494 2660 passiones
519 2624 603 2660 fugat,
619 2626 692 2653 risus
708 2635 722 2652 a
736 2625 793 2654 Deo
808 2632 926 2662 separat.

145 2669 290 2697 Humilitas
303 2670 330 2697 id
345 2670 424 2698 efﬁcit
437 2674 467 2698 ut
476 2671 613 2698 hominem
632 2679 686 2698 non
703 2672 925 2706 reformidemus;

145 2715 231 2751 gloria
250 2719 340 2743 autem
353 2716 494 2744 hominum
510 2718 581 2752 parit
593 2718 758 2753 superbiam.
769 2719 818 2746 Ira:
833 2719 925 2747 vacui-

181 2794 204 2811 ι⁸
223 2794 288 2821 Luc.
306 2802 376 2827 xvu,
394 2795 436 2822 l0.

981 2221 1084 2248 παθῶν·
1119 2219 1239 2256 σωτηρία
1274 2220 1302 2246 δὲ
1332 2219 1421 2254 ψυχῆς
1452 2219 1588 2255 ἀγρυπνία
1616 2219 1762 2255 ἔμμετρος.

983 2267 1084 2297 Ὕπνος
1092 2266 1121 2291 ὲν
1133 2265 1204 2301 κόρῳ
1222 2264 1321 2300 πλῆθος
1337 2264 1500 2299 φαντασιῶν·
1513 2263 1592 2295 ἄνθος
1603 2263 1632 2290 δὲ
1646 2263 1692 2290 τοῦ
1706 2263 1764 2295 νοῦ,

981 2311 1118 2348 ἀγρυπνία
1126 2312 1154 2336 ὲν
1163 2312 1310 2346 προσευχῇ.
1320 2311 1406 2343 Πολὺς
1421 2311 1503 2342 ὖπνος
1514 2311 1626 2346 παχύνει
1640 2310 1763 2345 καρδίαν,

981 2356 1120 2392 (typo-mia
1136 2355 1164 2382 δὲ
1177 2355 1302 2382 λεπτύνει
1315 2356 1409 2391 αὑτήν·
1424 2355 1576 2391 ἀγρυπνίαν
1589 2355 1617 2381 δὲ
1634 2355 1704 2388 λέγω
1715 2354 1764 2389 τὴν

982 2402 1052 2429 κατὰ
1075 2402 1140 2428 Θεὸν
1162 2401 1306 2438 γινομένην
1323 2403 1352 2428 έν
1368 2402 1501 2437 ψαλμοῖς,
1526 2402 1573 2428 καὶ
1597 2401 1703 2437 ὕμνοις,
1719 2401 1765 2427 καὶ

981 2447 1062 2483 ᾠδαῖς
1087 2450 1293 2483 πνευματικαῖς.
1327 2448 1438 2482 Ἀγαθὺς
1464 2447 1518 2482 γὰρ
1532 2447 1615 2479 ὕπνος
1630 2449 1659 2474 ὲν
1676 2447 1764 2481 σιωπῇ

980 2493 1034 2519 τῶν
1049 2493 1258 2529 ἀγρυπνούντων
1274 2496 1302 2520 ὲν
1318 2494 1503 2529 ματαιολογίᾳ.

979 2540 1026 2576 qui
1053 2540 1161 2573 vigilias
1185 2539 1388 2567 confabulando
1412 2543 1439 2567 et
1464 2539 1612 2574 garriendo
1643 2537 1763 2573 exigunt,

1017 2627 1043 2654 4.
1061 2627 1098 2653 Τὸ
1115 2627 1212 2659 πένθος
1226 2627 1350 2654 ἐκδιώκει
1363 2627 1398 2654 τὰ
1416 2628 1500 2662 πάθη,
1520 2628 1549 2654 τὸ
1565 2628 1593 2655 δὲ
1612 2627 1697 2662 γέλως
1713 2636 1765 2662 χω-

983 2673 1050 2709 ρίζει
1070 2673 1124 2700 ἀπὸ
1143 2674 1220 2700 Θεοῦ.
1233 2674 1269 2700 Τὸ
1284 2673 1322 2709 μὴ
1333 2677 1341 2684 '
1358 2673 1456 2709 πλῆξαι
1470 2674 1610 2710 ἄνθρωπον
1621 2674 1707 2701 τίκτει
1719 2681 1765 2700 τας

980 2719 1121 2751 πείνωσις·
1135 2719 1188 2754 ἡδὲ
1207 2720 1269 2753 δόξα
1283 2720 1335 2748 τῶν
1352 2719 1502 2756 ἀνθρώπων
1516 2721 1601 2748 τίκτει
1614 2721 1663 2756 τὴν
1682 2720 1764 2756 ὑπερ-
