1926 3068
97 122 170 151 His

495 119 610 147 ειεῐιιιο
632 118 700 146 PRO
719 117 764 146 IIS
783 117 841 151 QUI
862 117 1009 146 SA-ZCULO
1031 115 1326 150 BENUNTMRUNT..

1645 117 1715 144 HM

97 179 226 217 ηφανῐαν.
249 179 281 205 Ἦ
307 178 439 214 ἁοργησία
463 177 548 204 τίκτει
575 176 623 212 τὴν
637 175 794 211 πραότητα·
814 176 830 211 ή
855 176 882 202 δὲ

937 181 976 202 las
1007 176 1079 210 parit
1110 173 1364 205 mansuetudinem;
1390 172 1551 207 injuriarum
1583 174 1714 201 memoria

99 224 268 261 μνησικακία
297 224 383 251 τίκτει
410 224 460 259 τὴν
488 222 634 250 ἀπώλειαν.
654 222 690 249 Τό
711 223 820 257 ἀγαπᾷν
836 222 883 248 τὸν

99 271 258 306 πλατυσμὺν
283 270 408 296 ἐκδιώκει
432 269 482 301 τὰς
501 268 646 304 ἀρετάς-ἡ
668 267 695 293 δὲ
721 266 886 302 στενοχωρία

97 318 221 343 ταπεινοῖ
236 315 269 342 τὰ
286 315 369 351 πάθη.
391 315 422 341 Ἦ
434 314 566 349 ἐπιθυμία
581 313 635 339 τῶν
657 312 812 347 ἐδεσμάτων
845 311 884 337 δι-

98 362 209 396 άγειείς
218 361 252 388 τὰ
267 361 340 396 πάθη
351 369 358 376 ’
372 360 426 396 ἡδὲ
440 360 586 395 ἐγκράτεια
602 357 725 384 ἐκδιώκει
741 357 820 384 αὑτά.
833 357 886 383 Κό-

99 416 200 443 σμησις
212 407 347 442 σώματος,
362 406 449 441 ψυχῆς
462 404 635 439 καταστροφή
646 412 652 418 ν
663 402 739 437 τῆξις
751 403 779 428 δὲ
795 401 887 437 σώμα-

97 463 155 488 τος,
164 453 359 488 ἁνακαινισμὺς
371 452 469 487 ψυχῆς.
481 451 677 487 Περιφρόνησις
687 449 820 484 σώματος,
835 457 887 475 σω-

97 500 180 536 τηρία
193 499 281 534 ψυχῆς
292 507 298 513 ·
314 498 457 533 ἐπιμέλεια
471 497 499 524 δὲ
512 497 647 532 σώματος,
658 496 740 529 παγὶς
755 496 788 529 τῇ
801 494 884 530 ψυχῇ.

97 547 182 580 Τῆξις
196 546 224 572 δὲ
237 545 360 580 σώματος
374 543 511 578 φωτισμὺς
523 542 621 577 ψυχῆς.
637 541 673 567 Τὸ
687 541 830 576 προσέχειν
841 540 886 566 τὸν

97 591 161 618 νοῦν
174 592 228 618 ἄνω
240 591 364 621 πάντοτε,
379 589 463 615 τίκτει
475 588 524 624 τὴν
537 587 646 622 ἀγάπην
658 586 707 622 τὴν
721 586 789 620 πρδς
802 585 867 612 Θεόν
879 593 885 599 ·

99 639 116 672 ὴ
131 637 159 663 δὲ
171 637 288 672 μέριμνα
301 636 347 661 τοῦ
357 636 413 670 βίου
427 634 550 661 ἐκδιώκει
564 633 614 664 τὰς
625 633 733 668 ἀρετάς.
752 631 788 657 Τὸ
804 631 888 666 φυλά-

99 684 144 716 ξαι
158 683 187 709 τὸ
200 683 296 718 στόμα,
312 681 440 717 διεγείρει
452 680 500 716 τὴν
519 680 636 706 διάνοιαν
651 679 717 713 πρὸς
738 677 782 704 τὸν
800 677 867 704 Θεόν
877 685 883 692 ·

99 731 116 762 ἡ
128 729 156 755 δὲ
169 728 315 762 πολυλογία
329 727 415 753 τίκτει
431 726 478 761 τὴν
499 724 612 759 ἀκηδίαν
639 725 685 750 καὶ
708 723 756 758 τὴν
775 723 886 757 μανίαν.

100 775 137 801 Τὸ
169 774 279 809 ποιῆσαι
306 773 336 799 τὸ
367 772 470 807 θέλημα
499 771 546 798 τοῦ
581 769 702 805 πλησίον,
722 769 848 804 σημαίνει
873 769 888 793 ὁ

99 820 162 852 νοῦς
176 820 212 854 (a)
231 819 337 854 βλέπειν
351 818 399 849 τὰς
418 817 519 854 ἀρετάς
529 825 535 831 ·
550 816 580 842 τὸ
607 815 634 841 δὲ
652 815 763 850 ποιῆσαι
779 814 808 840 τὺ
823 814 887 840 ἴδιον

99 865 214 900 Θέλημα,
229 863 407 900 σημαίνειτὴν
417 863 535 896 ἄγνοιαν.
544 862 577 888 Ἡ
591 860 687 896 μελέτη
698 862 726 887 ἐν
738 860 822 895 φόϐῳ,
835 869 887 894 φυ-

98 911 193 937 λάσσει
210 911 259 945 τὴν
267 909 355 944 ψυχὴν
370 908 423 935 ἀπὸ
436 908 535 939 παντὸς
546 906 680 934 κακοῦ-τὸ
693 906 721 932 δὲ
730 906 817 932 λαλεῖν
824 905 887 937 τοὺς

100 956 248 991 κοσμικοὺς
261 955 355 988 λόγους
372 954 488 985 σκοτίζει
503 953 552 989 τὴν
563 953 660 987 ψυχήν.
670 951 706 978 Τὸ
717 951 825 986 ἀγαπᾷν
838 951 886 985 τὴν

101 1003 166 1038 ῦλην
185 1001 231 1029 τοῦ
245 1001 358 1036 κόσμου,
373 999 484 1035 χωρίζει
500 998 554 1026 ἀπὸ
568 998 614 1024 τοῦ
633 998 699 1025 Θεοῦ
713 998 758 1024 τὸν
774 997 835 1024 νοῦν
845 1006 851 1012 ·
869 997 886 1032 ἡ

100 1049 129 1076 δὲ
160 1047 334 1083 ἀκτημοσύνη
362 1045 502 1081 παρρησίᾳ
527 1044 619 1079 βλέπει
643 1043 682 1079 τῷ
704 1043 773 1078 Θεῷ.
791 1043 827 1069 Τὸ
849 1042 886 1078 μὴ

100 1095 194 1129 ἐξάξαι
209 1095 272 1125 τοὺς
283 1093 430 1128 λογισμοὺς
445 1091 636 1126 δηλοποιεῖται,
653 1090 693 1116 ὅτι
715 1089 825 1124 ἑκζητεῖ
836 1088 885 1124 τὴν

100 1141 179 1174 δόξαν
191 1139 238 1166 τοῦ
255 1140 358 1175 κόσμου
374 1137 468 1165 τούτου
483 1137 532 1172 τὴν
547 1135 662 1171 αἰσχρὰν
689 1136 735 1162 καὶ
749 1135 885 1170 ματαίαν;

99 1184 130 1210 τὸ
142 1183 169 1209 δὲ
184 1182 312 1217 γνωρίσαι
330 1182 399 1207 αὐτὰ
412 1181 606 1215 πνευματικοῖς
622 1179 766 1214 πατράσιν,
791 1178 885 1204 ἐκδιώ-

101 1237 143 1255 κει
158 1228 236 1255 αὐτὰ.
256 1227 360 1262 ’Ὠσπερ
379 1227 393 1252 ὁ
410 1226 448 1257 ίὸς
466 1224 645 1262 βιϐρώσκεται
663 1225 677 1250 ὁ
702 1224 817 1259 μοναχὺς
833 1223 885 1250 ὑπὸ

100 1274 148 1310 τὴν
162 1273 240 1307 δόξαν
259 1273 312 1299 τῶν
332 1271 491 1307 ἀνθρώπων,
507 1271 553 1297 ἐὰν
570 1272 586 1306 ὴ
606 1270 704 1306 καρδία
719 1270 800 1296 αὐτοῦ
817 1278 885 1305 συμ-

101 1319 198 1355 mure?)
215 1317 298 1352 αὐτῷ.
312 1317 414 1352 ’Ὠσπερ
428 1315 545 1351 σκώληξ,
559 1316 617 1351 ἤτοι
633 1315 741 1350 σμίλαξ,
759 1315 885 1350 συμπλα-

101 1364 159 1396 κεὶς
170 1365 202 1399 τῇ
221 1363 344 1398 ἀμπέλῳ,
358 1362 482 1397 ἀφανίζει
499 1362 543 1388 τὸν
561 1361 665 1396 καρπὸν
683 1362 781 1396 αὐτῆς·
799 1361 885 1393 οὕτως

101 1408 227 1444 ἀφανίζει
245 1407 382 1440 κενοδοξία
402 1408 446 1434 τὸν
469 1407 573 1442 καρπὸν
589 1406 635 1433 τοῦ
654 1406 781 1441 μοναχοῦ,
805 1406 851 1432 εὰν
867 1407 883 1441 ἠ

101 1455 201 1490 καρδία
226 1454 307 1481 αὐτοῦ
337 1453 488 1489 συμπεισθῇ
518 1454 596 1488 αὐτῇ.
619 1453 675 1488 Πρὸ
696 1452 804 1479 πάντων
830 1452 884 1479 τῶν

101 1500 205 1535 ἀρετῶν
224 1501 296 1527 ἐστιν
311 1501 327 1534 ἡ
343 1498 590 1534 ταπεινοφροσύνη·
607 1498 658 1533 πρὸ
670 1497 698 1524 δὲ
712 1497 819 1524 πάντων
831 1497 884 1524 τῶν

102 1546 195 1572 παθῶν
212 1547 284 1572 ἐστιν
297 1547 314 1581 ἡ
329 1545 540 1580 γαστριμαργία.
554 1544 635 1575 Τέλος
649 1543 764 1579 ἀρετῶν,
779 1544 889 1579 ἁγάπηι

934 223 1005 258 parit
1027 223 1150 250 exitium.
1170 222 1318 249 Dissolutio
1341 223 1416 256 pellit
1438 222 1568 255 virtutes;
1590 222 1717 257 angustia

934 269 1062 304 deprimit
1091 270 1244 303 passiones.
1279 268 1507 303 Concupiscentia
1539 268 1664 295 ciborum
1687 268 1716 295 in

935 322 1034 346 pravos
1059 314 1173 342 allectus
1198 315 1312 345 inducit,
1340 314 1519 349 temperantia
1545 314 1619 349 ejicit
1643 314 1716 342 illos.

936 360 1031 388 Cultus
1054 361 1178 395 corporis
1199 364 1241 388 est
1261 361 1359 388 animae
1373 361 1520 394 pernicies,
1537 359 1640 387 macies
1654 367 1718 387 cor-

936 406 1011 440 poris
1032 410 1074 432 est
1097 406 1238 432 renovatio
1263 406 1369 432 animae.
1385 404 1516 439 Corporis
1541 394 1721 438 contemptus

935 457 977 478 est
1001 452 1075 479 salus
1106 452 1213 483 animae,
1243 458 1308 477 cura
1335 451 1458 486 corporis
1485 450 1598 484 laqueus
1621 449 1715 480 animi.

937 498 1038 524 macies
1061 497 1183 531 corporis
1207 500 1248 525 est
1278 497 1440 523 illuminatio
1468 497 1575 523 animae.
1601 495 1719 523 Mentem

937 549 1046 569 sursum
1065 549 1173 576 semper
1187 541 1338 573 intendere,
1357 542 1382 568 id
1395 541 1465 576 parit
1477 542 1638 568 charitatetu
1654 547 1718 575 erga

937 586 1038 619 Deum;
1057 586 1212 613 sollicitudo
1233 586 1294 612 vitae
1322 586 1435 613 virtutes
1448 587 1579 613 eliminat.
1597 584 1659 613 Oris
1674 594 1720 612 cu-

938 631 1025 658 stodia
1043 631 1144 658 excitat
1168 635 1284 658 mentem
1307 631 1339 657 ad
1360 631 1457 661 Deum.
1476 631 1627 665 loquacitas
1648 631 1719 665 parit

938 677 1089 704 socordiam
1100 681 1126 704 et
1135 676 1265 703 furorem.
1276 676 1395 703 Proximi
1413 677 1578 704 voluntatem
1596 677 1717 711 implere.

938 723 964 749 id
989 722 1124 757 signiﬁcat
1146 727 1262 749 mentem
1282 722 1315 748 ad
1335 724 1449 750 virtutes
1470 727 1593 756 spectare
1612 732 1619 750 ι
1641 731 1718 750 suam

937 776 1001 795 vero
1017 768 1094 802 sequi
1106 768 1284 800 voluntatem,
1299 768 1324 794 id
1339 768 1441 795 indicat
1461 769 1651 803 ignorantiam.
1665 768 1720 794 Me-

938 815 1034 842 ditatio
1047 823 1108 842 cum
1122 816 1219 842 timore
1238 815 1357 842 custodit
1369 818 1484 842 mentem
1502 815 1535 841 ab
1550 815 1622 842 enini
1638 815 1719 846 malo;

903 864 924 891 Β
939 860 1074 887 mundana
1089 860 1163 895 loqui
1180 860 1271 892 verba,
1289 860 1315 886 id
1327 861 1445 886 animam
1461 860 1581 887 tenebris
1594 859 1719 886 ullundit.

937 905 1029 933 Mundi
1047 913 1090 933 res
1110 911 1136 932 et
1159 906 1265 940 negotia
1281 906 1405 940 diligere,
1425 905 1451 932 id
1473 911 1588 933 mentem
1612 910 1722 940 separat

937 958 952 977 a
968 951 1038 984 Deo;
1065 954 1212 986 paupertas
1234 950 1313 978 edicit
1336 955 1365 978 ut
1390 958 1453 978 cum
1479 951 1578 978 ﬁducia
1595 951 1665 978 Deus
1678 960 1721 979 re-

937 997 1079 1032 spiciatur.
1102 996 1286 1031 Cogitationes
1311 1005 1367 1024 non
1393 997 1511 1032 aperire,
1534 997 1559 1023 id
1585 997 1721 1032 signiﬁcat

939 1043 1077 1069 hominem
1093 1042 1172 1077 522
1188 1050 1309 1078 querere
1329 1050 1426 1069 vanam
1443 1050 1475 1069 ac
1496 1047 1601 1077 turpem
1625 1042 1721 1068 mundi

936 1088 1065 1123 gloriam;
1082 1089 1269 1122 spiritualibus
1295 1093 1387 1116 autem
1408 1088 1531 1123 patribus
1556 1087 1720 1123 patefacere,

936 1134 961 1161 id
982 1142 1029 1161 eas
1045 1134 1178 1160 eliminat.
1196 1133 1344 1161 Monachus
1360 1141 1409 1161 ceu
1425 1133 1551 1168 rubigine
1566 1134 1721 1160 cnrroditur

936 1179 1075 1206 hominum
1089 1179 1186 1214 gloria,
1203 1180 1225 1207 si
1244 1184 1332 1206 tamen
1345 1186 1393 1206 cor
1405 1179 1465 1212 ejus
1477 1179 1501 1205 ei
1518 1186 1620 1205 morem
1633 1182 1718 1212 gerat.

935 1225 1167 1258 Quemadmodum
1183 1226 1283 1252 vermis
1296 1229 1343 1251 aut
1359 1225 1456 1252 smilax
1477 1225 1561 1251 vinea:
1574 1224 1721 1258 complica-

935 1276 978 1298 tus
1003 1270 1063 1305 ejus
1087 1270 1206 1298 fructum
1230 1275 1335 1302 enecat,
1360 1271 1400 1297 sic
1421 1278 1491 1297 vana
1515 1270 1602 1305 gloria
1624 1274 1722 1297 enecat

934 1315 1061 1343 monachi
1077 1315 1206 1348 fructum,
1228 1317 1250 1344 si
1274 1320 1364 1343 tamen
1380 1323 1427 1343 cor
1440 1316 1499 1351 ejus
1519 1316 1570 1351 ipsi
1588 1316 1722 1351 obsequa-

935 1366 988 1390 tur.
1006 1362 1085 1390 Praeit
1100 1363 1227 1390 omnibus
1243 1362 1390 1390 virtutibus
1403 1363 1554 1394 humilitas,
1570 1363 1647 1397 praeit
1663 1371 1722 1389 om-

934 1407 1015 1435 nibus
1038 1407 1212 1442 passionibus
1243 1407 1372 1434 edacitas.
1390 1406 1466 1436 Finis
1482 1407 1613 1433 virtutum
1632 1407 1722 1434 chari-

935 1457 986 1485 tas,
1011 1453 1241 1488 complementum
1269 1453 1405 1479 malorum
1430 1456 1482 1485 est,
1510 1460 1571 1480 sese
1595 1459 1722 1487 reputare

931 1489 1048 1533 justum.
1281 1497 1286 1502 “

924 1545 1046 1581 ;λήρωμα
1057 1545 1085 1571 δὲ
1098 1545 1201 1577 κακῶν,
1216 1545 1245 1571 τὸ
1256 1545 1350 1582 ἑαυτὴν
1357 1545 1516 1580 λογίσασθαι
1527 1543 1595 1572 εἶναι
1609 1545 1721 1572 δίκαιον.

135 1593 161 1620 5.
177 1592 281 1627 Ὥσπερ
298 1591 405 1627 σκώληξ
419 1590 569 1617 κατεσθίων
584 1590 660 1622 ξύλον
674 1589 798 1624 ἀφανίζει
810 1590 885 1621 αὐτὸ,

973 1592 999 1619 5.
1010 1590 1087 1629 Sicpt
1102 1592 1202 1619 vermis
1215 1578 1387 1619 corrode’ndo
1398 1592 1499 1626 lignqu
1514 1596 1610 1618 enecat
1620 1591 1721 1626 ipsum,

102 1638 188 1670 οὕτως
208 1637 332 1673 ἀφανίζει
347 1637 513 1673 μνησικακία
528 1637 577 1672 τὴν
591 1636 678 1672 ψυχὴν
693 1636 740 1662 τοῦ
759 1636 885 1671 μοναχοῦ.

103 1687 139 1714 Τὸ
146 1686 317 1723 παραρρίψαι
325 1685 418 1712 ἑαυτὸν
427 1684 541 1711 ἐνώπιον
548 1684 594 1710 τοῦ
603 1683 680 1716 Θεοῦ,
689 1684 775 1710 τίκτει
783 1683 813 1710 τὺ
823 1684 888 1709 ὑπο-

102 1732 195 1767 φέρειν
212 1732 289 1767 ὖεριν
296 1731 439 1766 ἀταράχως
450 1739 458 1746 ·
475 1731 504 1756 τὸ
520 1730 548 1756 δὲ
570 1730 606 1765 μὴ
619 1729 767 1762 ὲξουθενεῖν
783 1728 886 1760 ἑαυτὸν,

102 1778 188 1804 τίκτει
202 1777 251 1813 τὴν
264 1777 460 1812 ὑπερηφανίαν.
477 1776 522 1811 Μὴ
538 1775 583 1802 ἔσο
599 1775 738 1807 πεποιθὼς
750 1776 796 1801 ἐπὶ
808 1776 841 1810 τῇ
854 1776 886 1810 σῇ

102 1825 224 1859 δυνάμει,
238 1823 286 1850 καὶ
299 1823 316 1859 ἡ
332 1822 441 1858 βοήθεια
458 1821 503 1848 τοῦ
516 1821 583 1848 Θεοῦ
598 1822 761 1857 παροικήσει
778 1829 829 1848 σοι.
842 1821 887 1857 Μὴ

102 1870 148 1905 ἔχε
154 1869 254 1904 ἔχθραν
264 1868 333 1904 μετᾶ
343 1877 424 1899 τινος,
434 1868 494 1894 ἐπεὶ
505 1867 687 1903 ἀπρόσδεκτός
696 1868 769 1893 ἐστιν
780 1868 796 1902 ἡ
809 1875 889 1901 προσ-

103 1916 168 1950 ευχή
186 1923 241 1941 σου.
264 1913 403 1949 Ἀλήθειαν
427 1913 537 1948 ἀγάπα·
555 1913 626 1948 ’τῆς
650 1912 703 1947 γὰρ
727 1912 889 1947 ψευδόμενος

102 1961 193 1987 ἀθετεῖ
203 1960 248 1986 τὸν
259 1959 350 1986 καλόν.
363 1959 480 1991 Φύλαξον
494 1959 556 1990 τοὺς
571 1958 726 1993 ὀφθαλμούς
737 1966 795 1990 σου,
812 1959 859 1984 καὶ
871 1958 887 1993 ἡ

103 2005 200 2041 καρδία
212 2013 257 2031 σου
271 2005 301 2031 οὐ
317 2005 354 2040 μὴ
363 2005 405 2041 ἴδῃ
418 2004 545 2040 πονηρόν.
553 2004 581 2030 '0
589 2003 642 2039 γὰρ
657 2003 763 2039 βλέπων
774 2005 889 2037 γυναῖκα

102 2052 131 2077 ὲν
148 2051 238 2086 ἡδονῇ,
254 2050 375 2085 μοιχείαν
388 2050 514 2076 ἐπιτελεῖ.
528 2049 650 2077 Φύλασσε
664 2048 712 2084 τὴν
727 2049 812 2084 ἀκοήν
829 2056 887 2081 σου,

102 2097 146 2122 ἵνα
164 2096 200 2131 μὴ
221 2095 383 2132 ὲπισυνάξῃς
408 2094 513 2130 σεαυτῷ
531 2094 619 2121 πάντα
643 2093 760 2129 πονηρὸν
778 2094 888 2129 σπόρον.

102 2142 200 2175 Φεὺξου
209 2142 261 2168 ἀπὸ
276 2141 437 2172 καταλαλιᾶς
447 2139 494 2167 τοῦ
503 2140 685 2176 πονηροτάτου
693 2140 827 2175 δαίμονος,
838 2140 886 2166 καὶ

102 2189 224 2224 εἱρήνευε
239 2188 307 2223 μετὰ
313 2187 431 2218 πάντων,
442 2187 485 2213 ἵνα
494 2186 668 2222 παρρησιάσῃ
679 2186 833 2221 εὐχόμενος.
844 2185 889 2220 Μὴ

103 2233 233 2269 ὲπιποθῇς
251 2233 364 2260 ἀκοῦσαι
383 2233 586 2268 βλάϐηνλύπης
610 2232 710 2263 παντὸς
734 2231 888 2267 ἀνθρώπου,

103 2280 146 2305 ἵνα
161 2279 197 2315 μὴ
206 2262 408 2310 ¹ίίίνίτα.ποδιῖ›σεις
422 2262 502 2305 αὐτὸν
512 2279 541 2304 ἐν
601 2262 706 2314 καρδία
718 2286 775 2304 σου.
785 2262 889 2313 ’Ἑργῶ
903 2262 929 2292 D

101 2325 149 2357 ,ζου
159 2326 187 2351 ἐν
197 2324 236 2360 τῷ
247 2324 395 2360 ἐργοχείρῳ
408 2333 465 2355 σου,
479 2324 521 2350 ἵνα
536 2323 604 2359 εὕρῃ
615 2323 720 2358 πτωχὸς
733 2323 778 2349 σὸν
791 2324 886 2358 ἄρτον·

101 2372 118 2406 ὴ
146 2370 200 2406 γὰρ
227 2371 310 2405 ἀργία
335 2369 448 2401 θάνατός
475 2371 531 2396 ἐστι
550 2370 583 2404 τῇ
606 2369 688 2404 ψυχῇ.
713 2368 749 2394 Τὸ
771 2368 889 2403 συνεχῶς

103 2415 301 2451 προσεύχεσθαι
323 2415 468 2451 λυτροῦται
484 2415 534 2450 τὴν
549 2414 636 2449 ψυχὴν
654 2414 707 2441 ἀπὸ
727 2414 826 2445 παντὸς
841 2423 889 2441 κα-

103 2461 162 2488 κοῦ.
178 2461 214 2488 Τὸ
232 2462 275 2488 δὲ·
289 2461 572 2497 καταμικραμελῆσαι,
588 2460 742 2495 οἰκητήριον
754 2459 809 2486 τῶν
830 2460 888 2486 δαι-

104 2506 192 2542 μόνων
208 2503 423 2534 ἀποκαθίσταιέαι
433 2528 439 2533 .
457 2507 617 2542 Καθήμενος
634 2507 662 2533 ἐν
682 2506 720 2540 τῷ
732 2506 829 2541 κελλίῳ
842 2514 888 2532 σου

101 2552 156 2579 τῶν
175 2561 241 2579 ποτε
263 2552 364 2579 τούτων
379 2552 502 2588 φρόντιζε
523 2551 641 2587 συνεχῶς
651 2559 658 2566 ⁸
673 2552 722 2587 τῆς
734 2552 825 2587 εὐχῆς,
842 2552 889 2578 καὶ

102 2599 153 2634 τῆς
170 2599 294 2634 μελετῆς,
305 2600 351 2626 καὶ¹
366 2600 411 2626 τοῦ
427 2599 593 2635 ὲργοχείρου.
607 2598 675 2625 Καθ’
688 2598 804 2634 ἑκάστην
818 2598 888 2633 ὴμέ-

104 2653 153 2680 ραν
180 2646 342 2681 μνημόνευε,
359 2645 410 2672 ποῦ
436 2645 485 2678 εἷς,
509 2647 556 2673 καὶ
580 2646 608 2672 τί
627 2646 741 2682 ἐργάζῃ,
758 2645 805 2671 καὶ
824 2645 888 2671 ὅταν

103 2692 264 2727 ’μεταστῇς,
274 2691 324 2718 ποῦ
340 2691 412 2727 ἔχεις
428 2692 562 2724 ἀπελθεῖν,
576 2692 622 2719 καὶ
638 2691 753 2727 πρόσεχε
772 2690 886 2726 σεαυτῷ.

109 2737 172 2764 Ἐὰν
187 2740 201 2764 ὁ
216 2737 343 2773 λογισμός
363 2739 426 2764 σου⁶
442 2738 498 2769 ὓζει
515 2747 555 2771 σε,
570 2739 611 2766 ὃτι
623 2738 677 2773 ἔχει
690 2747 730 2769 τις
744 2737 814 2764 κατὰ
830 2736 885 2767 σοῦ,

140 2818 179 2855 (α)
199 2820 297 2852 Ἴσως,
316 2819 362 2846 τὸν
379 2819 451 2846 νοῦν.

938 1638 975 1664 ita
993 1638 1125 1665 memoria
1143 1638 1304 1672 injuriarum
1325 1641 1421 1664 enecat
1445 1636 1569 1663 monachi
1591 1637 1720 1663 animam.

939 1682 1005 1711 Sese
1024 1688 1196 1718 prosternere
1224 1684 1250 1710 in
1270 1687 1420 1718 conspectu
1448 1682 1567 1714 Domini,
1590 1683 1617 1709 id
1642 1681 1723 1710 eiﬁcit

940 1734 969 1757 ut
984 1730 1148 1757 contumelia
1170 1730 1303 1757 toleretur
1333 1729 1393 1756 sine
1419 1729 1624 1764 perturbatione
1641 1735 1723 1755 :sese

938 1783 992 1803 non
1012 1776 1163 1811 despicere,
1182 1775 1208 1803 id
1230 1776 1302 1810 parit
1324 1775 1491 1810 superbiam.
1510 1773 1548 1801 Ne
1563 1778 1616 1801 tua;
1627 1773 1722 1800 virtuti

938 1812 1068 1853 conﬁdas,
1092 1821 1194 1856 tibique
1218 1822 1305 1848 aderit
1322 1820 1368 1848 Dei
1389 1821 1530 1847 auxilium.
1544 1819 1582 1846 Ne
1605 1819 1723 1846 inimici-

939 1869 1004 1894 tiam
1018 1875 1080 1894 cum
1103 1867 1194 1902 aliquo
1210 1867 1328 1900 habeto;
1347 1867 1467 1901 alioquin
1485 1866 1595 1893 minime
1613 1870 1723 1900 accepta

938 1914 990 1941 erit
1005 1914 1093 1941 oratio
1107 1917 1164 1941 tua.
1175 1913 1321 1941 Veritatem
1333 1913 1414 1947 dilige
1428 1921 1434 1938 :
1447 1912 1463 1930 't‘
1475 1920 1536 1939 nam
1549 1912 1573 1940 si
1590 1911 1724 1939 mentiare

940 1961 1040 1987 bonum
1052 1960 1208 1995 vilipendis.
1223 1959 1336 1988 Custodi
1350 1960 1445 1986 oculos
1461 1963 1534 1991 tuos,
1545 1963 1572 1986 et
1588 1966 1636 1986 cor
1645 1962 1723 1985 tuum

939 2013 974 2032 ne
987 2005 1076 2032 videat
1097 2006 1208 2032 malum.
1226 2004 1278 2038 Qui
1292 2013 1410 2040 namque
1425 2012 1487 2032 cum
1506 2005 1646 2039 voluptate
1660 2012 1722 2031 mu-

940 2049 1032 2076 lierem
1052 2049 1172 2084 respicit,
1203 2049 1231 2076 in
1260 2049 1469 2076 fornicationem
1499 2049 1607 2076 incidit.
1631 2049 1720 2076 Aures

939 2101 1019 2121 serva
1046 2098 1118 2126 tuas,
1147 2103 1180 2122 ne
1210 2095 1393 2130 quodcunque
1421 2103 1533 2129 pravum
1559 2102 1651 2122 semen
1673 2094 1723 2122 tibi

939 2141 1060 2175 colligas.
1076 2140 1148 2175 Fuge
1163 2141 1387 2167 obtrectationem
1403 2140 1599 2174 nequissimum
1622 2140 1724 2166 daemo-

940 2193 1012 2216 nem,
1029 2193 1177 2220 pacemque
1194 2185 1264 2211 habe
1275 2192 1336 2211 cum
1358 2185 1498 2216 omnibus.
1514 2189 1542 2211 ut
1560 2185 1586 2211 in
1599 2185 1723 2212 oratione

942 2231 1066 2258 ﬁduciam
1088 2231 1198 2258 habeas.
1215 2230 1253 2258 Ne
1269 2232 1364 2266 cupias
1378 2232 1472 2259 audire
1483 2232 1630 2266 quidquam
1644 2232 1724 2259 triste
1773 2236 1777 2246 ‘
1823 2231 1827 2239 '

941 2283 968 2305 et
986 2278 1146 2305 damnosum
1164 2285 1195 2304 ex
1219 2278 1316 2312 quovis
1333 2278 1461 2306 homine:
1478 2286 1512 2305 ne
1529 2279 1579 2312 ipsi
1597 2279 1624 2304 in
1641 2278 1724 2305 corde

942 2328 989 2351 tuo
1005 2331 1053 2358 par
1067 2323 1179 2351 referas.
1194 2323 1275 2358 Operi
1300 2331 1430 2351 manuum
1453 2325 1590 2357 incumbe,
1607 2328 1636 2351 ut
1648 2332 1724 2350 meu-

941 2370 1019 2397 dicus
1040 2378 1136 2404 panem
1154 2378 1233 2397 suum
1261 2370 1331 2405 apud
1347 2375 1371 2397 te
1390 2371 1508 2405 reperiat
1523 2378 1530 2396 :
1547 2378 1608 2397 nam
1636 2371 1722 2397 otium

941 2421 1014 2441 mors
1028 2418 1070 2441 est
1084 2415 1190 2442 animae.
1214 2413 1354 2450 Frequens
1376 2416 1464 2443 oratio
1485 2416 1602 2442 animam
1625 2416 1724 2442 liberat

940 2460 974 2487 ab
987 2460 1060 2486 omni
1076 2460 1265 2496 malo,*nugaz
1279 2465 1379 2494 autem,
1389 2461 1540 2488 dzemonum
1555 2462 1724 2488 domicilium

941 2507 1123 2534 constituunt.
1144 2506 1247 2535 Sedens
1262 2508 1288 2534 in
1311 2508 1408 2535 cellula
1423 2513 1479 2541 tua,
1500 2508 1534 2536 de
1553 2509 1596 2536 his
1612 2505 1726 2535 assidue

941 2557 1000 2580 esto
1014 2553 1159 2584 sollicitus.
1178 2561 1274 2588 nempe
1286 2554 1319 2581 de
1335 2554 1470 2585 oratione,
1484 2554 1517 2581 de
1533 2554 1721 2586 meditatione,

941 2598 975 2625 de
990 2606 1072 2634 opere
1098 2607 1238 2626 manuum.
1255 2598 1390 2626 Memento
1405 2599 1527 2634 quotidie
1543 2599 1654 2626 ubinam
1671 2599 1721 2631 sis,

941 2649 967 2672 et
985 2645 1049 2679 quid
1065 2645 1195 2680 opereris.
1211 2645 1287 2678 Quod
1299 2645 1438 2680 siquando
1449 2653 1518 2680 opus
1537 2646 1572 2673 sit
1589 2651 1618 2673 ut
1631 2645 1723 2680 aliquo

942 2691 1125 2726 proﬁciscare,
1145 2699 1238 2718 curam
1254 2692 1294 2718 tui
1313 2691 1393 2719 habe.
1414 2691 1444 2718 Si
1465 2691 1576 2726 quando
1599 2691 1646 2718 tibi
1661 2698 1724 2727 sug-

941 2741 1016 2772 gerat
1033 2737 1162 2772 cogitatio
1187 2741 1241 2770 tua,
1265 2745 1428 2773 quemquam
1455 2730 1516 2765 csse
1542 2737 1589 2773 qui
1621 2735 1724 2773 aliquid
