1926 3068
226 75 296 103 Ηιὸ

816 77 844 103 S.
863 76 1092 104 ATIIANASIL‘S.
1113 92 1146 96 —
1165 76 1300 103 Sl’l'lllA.

1780 73 1848 100 ιιιε

225 130 323 158 habeat
340 131 481 159 adversum
499 137 534 164 te,
559 141 592 159 ne
616 133 751 167 despicias
775 141 848 165 eum,
869 133 915 160 sed
931 132 1008 159 incli-

1061 133 1098 167 μὴ
1132 133 1339 169 καταφρονήσῃς
1372 131 1456 165 αὐτῷ,
1481 130 1548 157 ἀλλὰ
1579 129 1642 165 βάλε
1674 129 1748 164 αὐτῷ
1766 130 1849 164 μετά.-

226 181 289 203 uato
309 183 335 204 te
348 183 411 204 ante
430 178 516 204 illum.

259 223 284 250 6.
306 222 345 250 Nc
359 224 478 258 negligas
495 224 645 251 ministeria
671 224 788 259 singulis
804 225 879 251 horis
895 224 1008 260 implere

224 274 290 301 tua;
313 277 344 296 ca
368 270 440 296 enim
459 270 688 297 illuminationem
708 271 825 297 afferunt
847 270 956 297 animae.
979 269 1008 297 Si

224 316 294 342 bona
309 316 397 350 egeris
411 323 445 342 ne
460 316 591 350 gloriare;
610 317 652 343 sin
668 319 753 343 multa
768 317 837 343 mala
852 316 1006 349 admiseris,

224 369 258 388 ne
278 361 454 388 inmoderate
474 362 577 395 doleas,
598 363 645 390 sed
664 368 752 390 statue
767 366 794 389 te
808 370 947 397 nunquam
962 362 1008 389 illa

223 408 446 439 commissurum,
464 411 491 434 et
506 408 622 434 salutem
642 416 819 442 consequere.
836 408 863 434 Si
883 409 932 435 tibi
950 416 1009 434 mo-

223 452 330 479 lestiam
358 452 426 479 ferat
460 453 591 487 cogitatio
621 454 831 485 fornicationis,
857 459 1007 480 orationem

223 499 283 525 sine
305 498 511 526 intermissione
537 499 590 526 Deo
609 500 687 531 olIcr,
705 503 732 526 et
752 500 857 527 sedabit
875 500 960 526 illam.
979 500 1007 526 Si

223 545 298 572 zelus
317 549 343 571 et
361 545 462 571 invidia
485 552 533 571 eor
546 549 623 572 tuum
638 550 788 579 oppugnet,
803 549 940 572 memento
956 553 1007 572 nos

223 590 345 616 membra
360 598 421 617 esse
437 590 539 617 Christi
557 598 664 623 omnes,
681 596 708 618 et
726 591 783 618 sive
798 591 930 618 honorent
951 593 1009 619 sive

223 636 388 670 vimper-ium
415 636 529 670 proximi
547 644 598 663 nos
621 644 716 663 omnes
740 640 874 670 spectare,
892 641 919 664 et
942 644 957 663 a
982 641 1008 664 te

224 679 309 714 fugiet
333 681 444 708 invidia.
464 680 527 708 [hec
545 681 637 708 omnia
657 682 679 708 9i
695 682 804 717 colligat
821 682 962 713 discretio,
976 689 1008 709 ac

224 734 316 752 sucum
333 727 379 753 illa
398 730 515 761 reputet,
534 728 648 754 virtutes
663 727 771 762 quidem
803 728 855 755 sibi
870 721 1006 762 conciliat,

222 773 291 799 vitia
307 778 396 800 autem
413 773 546 801 eliminat.
567 773 739 809 lmpossibile
752 779 842 802 autem
859 779 901 802 est
914 779 942 802 ut
957 775 1005 802 tibi

223 819 336 846 accedat
348 819 490 851 discretio,
506 819 560 847 nisi
573 820 650 854 prius
668 820 784 848 virtutes
800 821 873 847 illius
885 825 1007 848 sectatus

223 865 396 899 impleveris;
415 872 470 900 prie
490 866 617 893 omnibus
643 869 734 893 autem
757 867 840 893 animi
856 868 1009 902 tranquilli-

224 915 318 937 tatem.
344 910 539 946 Tranquillitas
562 911 646 938 animi
676 912 747 947 parit
768 913 1007 945 exercitationem;

227 955 389 982 exercitatio
405 956 475 991 parit
501 957 738 991 eompunetionem
758 961 784 984 et
806 957 913 992 ﬂetum;
929 958 1009 986 ﬂetus

223 1001 311 1036 gignit
336 1002 482 1036 timorem;
519 1003 601 1029 timor
638 1002 837 1037 humilitatem;
868 1004 1009 1031 humilitas

224 1047 408 1082 prospiciendi
445 1047 620 1082 facultatem;
655 1049 839 1083 prospiciendi
881 1049 1008 1082 facultas,

223 1101 362 1127 amorem;
378 1101 454 1120 amor
467 1093 494 1121 id
507 1095 605 1122 aniqu
615 1098 765 1129 comparat,
783 1100 813 1122 ut
829 1103 890 1122 cum
907 1097 1009 1131 angelis

223 1144 358 1167 versetur.
376 1139 452 1166 Tune
477 1145 568 1167 autem
594 1144 734 1175 postremo
759 1142 900 1176 cognoscit
929 1142 1010 1169 homo

224 1186 297 1220 quod
318 1186 354 1212 sit
369 1193 384 1212 ιι
399 1185 454 1212 Deo
466 1186 544 1220 longe
556 1191 687 1213 remotus.
700 1186 752 1218 Qui
772 1186 829 1212 vult
846 1187 939 1221 igitur,
955 1187 1009 1214 fra-

224 1234 292 1261 tres,
317 1230 351 1257 ad
372 1230 507 1264 pretiosas
523 1230 590 1258 istas
611 1238 706 1258 omnes
721 1231 837 1259 virtutes
854 1233 1008 1267 pervenire,

227 1275 350 1309 cujusvis
368 1275 468 1310 negotii
492 1283 559 1302 cura
577 1283 682 1303 vacuus
699 1276 735 1302 sit
759 1280 876 1311 oportet,
892 1276 1010 1312 odioque

224 1321 359 1348 mundum
380 1321 453 1348 hunc
476 1321 583 1349 habeat.
595 1321 634 1348 Ac
650 1325 708 1348 tum
727 1321 835 1348 demum
850 1322 948 1357 dignus
961 1323 1010 1350 ha-

222 1367 312 1399 betur,
326 1367 372 1402 qui
389 1367 472 1395 hasce
483 1367 599 1394 virtutes
613 1366 735 1394 obtineat
750 1374 765 1392 a
776 1366 902 1395 Domino.

258 1411 284 1438 7.
306 1411 362 1438 Hoc
376 1415 466 1438 autem
482 1411 590 1444 discito,
606 1410 701 1442 frater,
718 1411 843 1446 quisquis
863 1413 945 1439 homo
959 1412 1010 1439 im-

1060 187 1141 205 νοιαν.

1093 224 1120 250 6.
1141 223 1227 250 Βλέπε
1244 223 1280 258 μὴ
1301 224 1510 260 καταφρονήσῃς
1523 223 1629 259 ἑκάστῃ
1647 221 1705 257 ῶρᾳ
1720 221 1770 252 τὰς
1794 221 1850 247 λει-

1057 269 1184 304 τουργίας
1199 278 1245 296 σου
1262 269 1410 296 ἐπιτελεῖν·
1423 270 1493 296 αὐτὰ
1508 269 1563 305 γὰρ
1578 269 1690 304 φέρουσι
1703 268 1748 294 τὸν
1766 277 1851 302 φωτι-

1059 316 1126 351 σμὸν
1142 317 1170 342 ὲν
1185 318 1217 351 τῇ
1231 316 1315 351 ψυχῇ.
1328 316 1360 342 El
1377 315 1469 350 ἀγαθὰ
1482 316 1623 351 ἐποίησας,
1642 316 1679 350 μὴ
1706 323 1851 341 κατακαυ-

1058 361 1098 397 χῶ
1110 369 1116 375 “
1130 362 1154 387 εἰ
1167 361 1193 387 δὲ
1211 361 1292 388 πολλὰ
1303 361 1432 396 ἐποίησας
1458 361 1541 393 κακὰ,
1561 361 1597 396 μὴ
1619 361 1745 396 ἀμέτρως
1759 360 1836 396 λυπη

1060 406 1121 441 Θῇς,
1139 407 1207 433 ἀλλὰ
1221 406 1308 441 στῆθι,
1326 407 1424 441 μηκέτι
1439 406 1508 432 αὐτὰ
1522 407 1644 442 πράξεις,
1663 407 1710 433 καὶ
1725 407 1850 441 σωθήσῃ.

1065 452 1127 478 Ἐὰν
1152 452 1252 487 ὀχλήσῃ
1269 453 1396 486 πορνείας
1421 451 1560 487 λογισμὸς,
1576 452 1656 487 εὐχὴν
1674 452 1851 478 ἀδιάλειπτον

1059 497 1138 523 θῦσον
1152 497 1189 532 τῷ
1203 497 1270 532 (θεῷ,
1289 497 1336 523 καὶ
1358 497 1507 524 ἀναπαύσει
1526 505 1577 523 σοι.
1599 497 1662 523 Ἐὰν
1677 498 1690 523 ὁ
1708 496 1789 532 ζῆλος
1807 498 1853 523 καὶ

1035 533 1042 542 ’
1057 544 1072 569 ὁ
1083 543 1177 577 φθόνος
1185 543 1288 578 πολεμῇ
1301 542 1349 578 τὴν
1365 542 1477 577 καρδίαν
1490 551 1547 574 σου,
1563 542 1712 578 μνήσθησο,
1721 543 1762 568 ὄτι
1783 543 1852 578 μέλη

1058 590 1175 625 Χριστοῦ
1190 591 1272 624 ἐσμεν
1289 589 1399 620 πάντες,
1411 589 1457 615 καὶ
1471 589 1510 615 ὅτι
1525 590 1541 624 ἡ
1558 590 1634 624 τιμὴ,
1648 590 1694 615 καὶ
1707 589 1736 615 τὸ
1749 589 1853 620 δνειδος

1058 635 1104 661 τοῦ
1123 635 1236 669 πλησίον
1257 635 1366 661 πάντων
1381 634 1460 669 ἡμῶν
1478 635 1551 667 ἐστι,
1568 635 1616 661 καὶ
1641 634 1770 669 φεύξεται
1798 635 1853 661 ἀπὸ

1060 678 1117 706 σοῦ.
1141 679 1232 705 Ταῦτα
1256 679 1284 705 δὲ
1312 680 1400 706 πάντα
1424 679 1578 713 συνάγουσα
1600 680 1616 714 ἡ
1639 680 1775 715 διάκρισις
1804 681 1852 707 καὶ

1058 724 1281 760 ἀναλογιζςμὲνη,
1295 725 1344 757 τὰς
1358 726 1406 760 μὲν
1419 725 1518 760 ἀρετὰς
1532 726 1762 761 περιπύσεταιία),
1774 726 1810 752 τὰ
1823 726 1851 752 δὲ

1059 771 1163 806 πονηρὰ
1188 771 1307 798 ἐκποδὼν
1327 772 1453 798 ποιεῖται.
1477 771 1620 798 Ἀδύνατον
1647 772 1676 798 δὲ
1701 772 1790 798 ἐλθεῖν
1809 780 1851 798 σοι

1058 816 1107 852 τὴν
1117 816 1260 852 διάκρισιν,
1284 816 1331 842 sitv
1348 816 1385 851 μὴ
1398 815 1504 851 πρῶτον
1515 815 1563 846 τὰς
1577 815 1677 850 ἀρετὰς
1694 816 1779 850 αὐτῆς
1794 816 1853 841 ὲπι-

1059 862 1184 897 τελέσῃς,
1209 861 1262 897 πρὸ
1285 861 1394 887 πάντων
1419 861 1447 887 δὲ
1474 860 1523 896 τὴν
1548 861 1674 895 ἡσυχίαν.
1694 860 1726 886 Ἦ
1748 860 1851 895 ἡσυχία

1059 908 1144 933 τίκτει
1159 907 1209 942 τὴν
1225 907 1356 942 ἄσκησιν·
1369 907 1385 941 ἡ
1398 906 1514 939 ἄσκησις
1528 905 1615 932 τίκτει
1630 906 1679 941 τὴν
1700 906 1851 938 κατάνυξιν

1059 954 1106 980 καὶ
1121 953 1166 980 τὸν
1187 953 1365 988 κλαυθμόννὸ
1386 952 1522 988 κλαυθμὸς
1543 952 1629 979 τίκτει
1648 952 1693 979 τὸν
1714 953 1815 987 φόϐον·
1837 954 1851 979 ὁ

1060 999 1140 1034 φόϐος
1150 999 1236 1025 τίκτει
1251 999 1300 1034 τὴν
1313 998 1476 1025 ταπείνωσιν
1507 999 1523 1033 ἡ
1539 999 1702 1030 ταπείνωσις
1720 999 1808 1025 τίκτει
1820 999 1852 1025 τὸ

1060 1045 1196 1080 προορᾷν,·
1212 1044 1242 1070 τὸ
1264 1045 1383 1080 προορᾷν
1398 1044 1485 1070 τίκτει
1498 1044 1547 1079 τὴν
1563 1045 1673 1080 ἀγάπην
1684 1053 1690 1059 ”
1723 1045 1739 1080 ἡ
1754 1045 1850 1080 ἀγάπη

1059 1091 1146 1117 τίκτει
1163 1092 1195 1126 τῇ
1211 1090 1283 1125 ψυχῇ
1295 1090 1326 1116 τὸ
1341 1090 1411 1125 μετὰ
1425 1090 1548 1124 ἀγγέλων
1560 1091 1673 1125 ὁμιλεῖν.
1687 1091 1753 1117 Τότε
1768 1090 1852 1125 γινώ-

1061 1144 1119 1162 σκει
1133 1138 1147 1162 ὁ
1163 1136 1304 1172 ἄνθρωπος
1319 1136 1421 1167 λοιπὴν,
1437 1137 1478 1163 ὃτι
1492 1137 1598 1172 μακράν
1612 1138 1685 1163 ἐστιν
1700 1137 1754 1163 ἀπὸ
1767 1136 1849 1163 Θεοῦ.

1065 1182 1094 1209 '0
1108 1182 1191 1208 Θέλων
1204 1179 1260 1213 οὖν,
1271 1182 1390 1216 ἀδελφοὶ,
1399 1182 1485 1208 ἐλθεῖν
1497 1183 1543 1208 ἐπὶ
1559 1182 1648 1214 πάσας
1661 1183 1710 1214 τὰς
1722 1182 1850 1217 ἐντίμους

1059 1228 1159 1264 ἀρετὰς
1178 1228 1290 1260 ταύτας,
1314 1228 1465 1264 ἀμέριμνός
1480 1237 1510 1255 τε
1536 1229 1576 1255 δεῖ
1592 1226 1661 1255 εἶναι
1680 1229 1734 1255 ἀπὸ
1748 1228 1851 1258 παντὸς

1060 1275 1231 1309 πράγματος,
1244 1275 1291 1300 καὶ
1305 1275 1417 1310 μισῆσαι
1433 1274 1477 1300 τὸν
1495 1274 1597 1308 κόσμον
1608 1274 1715 1301 τοῦτον
1731 1274 1777 1301 καὶ
1791 1273 1851 1300 λοι-

1060 1321 1110 1348 πὸν
1134 1321 1195 1348 τότε
1225 1321 1347 1354 ἀξιοῦται
1378 1321 1530 1356 κτήσασθαι
1550 1321 1598 1353 τὰς
1622 1321 1720 1356 ἀρετὰς
1745 1319 1850 1350 ταύτας

1061 1367 1136 1403 παρὰ
1151 1368 1265 1401 Κυρίου.

1095 1411 1122 1438 7.
1130 1411 1214 1438 Τοῦτο
1223 1412 1252 1438 δὲ
1270 1411 1348 1447 μάθε,
1359 1411 1465 1445 aesaes,
1476 1412 1517 1438 ὅτι
1526 1411 1578 1442 πᾶς
1595 1410 1736 1446 ἄνθρωπος
1750 1410 1850 1437 ἐσθίων

222 1457 361 1485 moderate
378 1457 434 1484 edit
447 1462 494 1483 aut
507 1457 585 1489 bibit,
603 1462 650 1484 aut
663 1465 724 1484 eum
743 1458 794 1484 hoc
810 1458 913 1484 mundo
929 1458 1008 1485 abre-

1061 1458 1107 1484 καὶ
1130 1458 1214 1485 πίνων
1242 1458 1378 1493 ἀμέτρως,
1397 1458 1412 1492 ἢ
1430 1457 1678 1493 ἐμπεριφερόμενος
1693 1457 1732 1491 τῷ
1753 1457 1850 1492 κόσμῳ

223 1507 286 1537 plus
307 1503 512 1535 circumfertur,
532 1504 556 1530 is
576 1502 675 1538 dignus
698 1503 808 1530 habitus
827 1511 881 1530 non
897 1502 948 1530 fuit
961 1503 1007 1538 qui

222 1550 256 1576 ad
277 1549 361 1576 hosce
385 1549 515 1576 terminos
543 1549 696 1576 accederet.
722 1548 789 1575 Nam
814 1549 836 1576 si
862 1550 962 1584 praedia
982 1555 1008 1577 et

222 1596 330 1622 vineam
357 1595 451 1626 habes,
479 1598 527 1621 aut
555 1595 704 1627 domicilia,
733 1603 780 1622 seu
809 1595 918 1630 quidvis
934 1596 1008 1622 aliud

223 1641 339 1675 hnjuSce
361 1640 464 1671 saeculi,
490 1647 540 1666 cur
560 1648 614 1666 non
631 1647 743 1666 uxorem
765 1640 846 1666 etiam
859 1640 1009 1675 accepisti?

221 1687 278 1714 Cur
291 1691 318 1713 te
328 1687 389 1721 ipse
405 1686 513 1714 scducis
527 1686 657 1721 ignorans
672 1694 733 1713 eum
753 1687 801 1721 qui
818 1687 845 1713 in
861 1688 947 1721 spinis
963 1695 1007 1714 se-

224 1733 354 1764 minatur,
372 1740 424 1759 non
447 1732 481 1758 ad
503 1731 654 1766 perfectam
676 1731 842 1758 feracitatem
863 1732 1009 1771 devenire?

223 1780 276 1812 Qui
298 1787 379 1814 porro
402 1779 513 1809 otiatur,
532 1785 585 1804 non
604 1781 693 1813 potest
710 1785 792 1804 nosse
809 1777 903 1805 Deum.
927 1777 1006 1813 523

226 1824 324 1851 Moneo
346 1825 428 1851 etiam
448 1823 572 1858 quemvis
590 1823 730 1850 hominum
751 1823 798 1857 qui
819 1824 1007 1858 pmnitentiam

226 1876 305 1896 suam
330 1868 385 1895 Ι)υο
409 1868 506 1894 oll'erre
522 1868 596 1900 velit,
618 1871 648 1894 ut
666 1875 727 1895 sese
747 1869 872 1896 cohibeat
888 1877 904 1896 a
923 1870 1008 1898 nimio

223 1915 281 1942 vini
294 1918 358 1950 potu
374 1914 470 1941 :inulti
486 1922 602 1949 namque
619 1914 670 1941 hac
682 1915 709 1941 in
721 1922 751 1941 re
767 1919 831 1942 sunt
850 1916 953 1950 lapsus.
969 1916 1008 1943 Ne

224 1969 343 1997 pugnam
362 1961 443 1995 igitur
455 1960 612 1987 consideres
630 1964 656 1987 et
671 1961 859 1995 pertimescas,
877 1962 964 1989 donec
978 1971 1008 1990 es

225 2009 254 2035 in
272 2009 324 2034 hoc
346 2005 471 2042 corpore,
486 2014 574 2041 neque
594 2006 644 2033 tibi
669 2007 722 2041 ipsi
743 2008 876 2034 conlidas.
899 2008 1008 2035 Stemus

226 2054 328 2088 itaque,
340 2052 449 2085 fratres,
465 2057 568 2080 stemus
588 2052 615 2079 in
631 2053 728 2080 timore
747 2052 864 2086 Domini,
875 2061 964 2088 neque
981 2055 1008 2081 in

226 2099 277 2126 hac
288 2106 378 2133 pugna
393 2098 484 2125 animo
501 2098 669 2126 deficiamus.
688 2107 697 2124 ι
710 2097 771 2125 Non
785 2098 859 2126 enim
873 2103 915 2126 est
928 2100 1008 2127 nobis

225 2152 317 2180 pugna
331 2151 393 2171 cum
409 2151 492 2170 carne
506 2147 532 2170 et
549 2143 692 2178 sanguine,
709 2143 757 2170 sed
770 2151 832 2170 cum
851 2144 1009 2179 principati-
1024 2145 1046 2172 Ι)

226 2190 289 2220 bus,
307 2196 370 2215 cum
393 2188 586 2223 potestatibus,
613 2187 746 2214 adversus
772 2187 865 2214 mundi
890 2193 1011 2216 rectores

227 2236 401 2262 tenebrarqu
425 2234 506 2268 hujus
527 2233 630 2265 saaculi,
646 2233 775 2261 adversus
790 2234 941 2268 spiritualia
962 2242 1011 2261 ne-

229 2279 320 2314 quitiae
332 2279 359 2305 in
371 2279 530 2306 cwlestibus
542 2279 576 2306 ¹¹.
590 2287 599 2303 ι
616 2278 765 2305 lnduamus
780 2286 855 2306 arma
869 2279 1010 2312 virtutum,

229 2325 308 2359 quasi
336 2325 449 2356 milites,
471 2324 536 2358 quia
563 2324 650 2356 labor,
675 2324 847 2359 defatigatio,
872 2326 1011 2360 angustia,

229 2371 409 2405 tranquillitas
430 2370 640 2402 desideriorum,
666 2378 722 2398 non
749 2371 829 2398 modo
852 2379 904 2398 nos
919 2376 1014 2399 custn-

230 2417 308 2444 diunt
325 2424 340 2442 a
358 2417 419 2443 telis
447 2416 573 2448 inimici,
596 2416 644 2443 sed
671 2417 754 2444 etiam
782 2417 859 2452 regni
879 2418 1011 2445 caelorum

229 2463 350 2490 haeredes
364 2470 415 2490 nos
430 2463 610 2490 constituunt.

264 2509 291 2535 8.
304 2507 478 2535 Decertemus
492 2508 595 2542 itaque,
611 2507 718 2538 fratres,
732 2508 759 2534 in
776 2508 828 2535 hoc
843 2509 918 2536 brevi
943 2513 1013 2536 tem-

228 2561 305 2588 pore,
319 2557 349 2580 ut
366 2561 479 2588 regnum
500 2555 632 2580 cmiorum
654 2561 864 2588 consequamur.
885 2554 1014 2590 Magister

230 2599 303 2626 enim
319 2603 412 2626 noster
425 2598 506 2627 Iesus
521 2599 647 2627 Christus
666 2600 703 2626 ita
728 2600 797 2627 dixit
813 2610 819 2628 :
840 2610 849 2625 (
871 2601 1013 2629 Deeertate

233 2644 318 2672 donec
334 2645 449 2672 veniatis
461 2653 509 2680 per
523 2651 664 2681 angustam
681 2650 788 2680 portam
798 2654 829 2672 ac
846 2654 894 2681 per
908 2650 1012 2673 arctam

231 2691 312 2718 viam.
328 2690 441 2726 Vigilate
458 2692 548 2726 itaque
562 2693 635 2718 omni
657 2693 734 2724 hora,
749 2693 814 2727 quia
830 2693 942 2720 nescitis
959 2701 1013 2728 qua

268 2736 287 2750 “
300 2735 439 2770 liplicsuvi
448 2755 464 2767 ,.
479 2736 533 2762 12.!

267 2779 304 2814 (ιι)
322 2777 712 2816 νοιξιετεριπῖύσσεται-Εοιτ
730 2780 854 2810 Parant.

1058 1503 1155 1538 τούτῳ,
1169 1504 1198 1529 οὐ
1216 1503 1252 1538 μὴ
1267 1503 1368 1539 ἀξιωθῇ
1392 1503 1478 1530 ἐλθεῖν
1496 1505 1535 1535 εἰς
1548 1503 1583 1529 τὰ
1601 1504 1686 1539 μέτρα
1701 1503 1788 1529 ταῦτα
1798 1511 1805 1517 ·
1825 1503 1850 1528 εί

1057 1550 1111 1586 γὰρ
1130 1550 1257 1585 κτήματα
1273 1550 1319 1576 καὶ
1334 1549 1482 1585 ἀμπελῶνα
1500 1549 1582 1584 ἔχεις,
1594 1550 1610 1583 ἢ
1625 1549 1773 1585 οἰκήματα.
1787 1548 1805 1583 ἦ
1823 1557 1848 1574 τι

1057 1595 1103 1622 τοῦ
1119 1595 1216 1626 αἰῶνος
1229 1595 1336 1627 τούτου,
1346 1595 1390 1622 ἵνα
1404 1596 1432 1621 τί
1444 1596 1490 1621 καὶ
1503 1596 1618 1629 γυναῖκα
1629 1595 1678 1620 οὐκ
1691 1594 1797 1629 ἔγημας
1808 1602 1814 1626 ;
1825 1593 1850 1619 τί

1058 1642 1153 1668 ἑαυτὸν
1162 1641 1340 1677 φρεναπατῶν
1348 1643 1355 1652 ”
1364 1641 1478 1676 ἀγνοῶν,
1487 1641 1527 1667 ὅτι
1535 1641 1580 1668 τὸν
1590 1642 1618 1668 ὲν
1629 1641 1759 1671 ἀκάνθαις
1773 1648 1850 1666 σπει-

1059 1688 1170 1723 ρόμενον
1190 1689 1220 1714 οὺ
1239 1688 1420 1724 τελειοφορεῖ;
1440 1688 1494 1714 Καὶ
1519 1689 1534 1714 ὁ
1559 1688 1595 1722 μὴ
1620 1687 1764 1722 σχολάσας,
1781 1686 1849 1712 Θεὸν

1058 1734 1157 1768 γνῶναι
1174 1735 1204 1760 οὐ
1217 1734 1336 1761 δύναται.
1358 1734 1412 1760 Καὶ
1427 1733 1506 1760 τοῦτο
1530 1733 1557 1760 δὲ
1582 1732 1733 1768 παρακαλῶ
1757 1732 1850 1758 πάντα

1057 1781 1198 1816 ἄνθρωπον
1217 1780 1375 1815 βουλόμενον
1388 1779 1479 1806 δοῦναι
1494 1779 1636 1814 μετάνοιαν
1655 1778 1694 1814 τῷ
1708 1778 1780 1812 Θεῷ,
1798 1787 1849 1813 φυ-

1058 1826 1136 1859 λάξαι
1155 1826 1235 1852 αὑτδν
1259 1827 1313 1852 ἀπὸ
1341 1825 1510 1856 πολυοινίας·
1534 1824 1620 1851 πολλὰ
1641 1825 1696 1860 γὰρ
1715 1824 1800 1850 αὑτοῦ
1816 1824 1849 1850 τὰ

1058 1873 1200 1908 πτώματα.
1216 1873 1261 1908 Μὴ
1273 1873 1408 1909 προσέχῃς
1422 1870 1467 1898 οὖν
1481 1872 1520 1903 εἰς
1537 1871 1636 1906 πάλην,
1652 1871 1703 1902 ἓως
1720 1867 1750 1896 οὗ
1770 1869 1805 1907 ᾗς
1821 1871 1848 1896 ὲν

1057 1920 1096 1954 τῷ
1122 1919 1238 1955 σώματι,
1265 1920 1331 1955 μηδὲ
1357 1919 1504 1955 πιστεύσῃς
1532 1918 1631 1953 ἑαυτῷ.
1654 1917 1767 1952 Στῶμεν
1792 1916 1847 1949 οὖν,

1057 1966 1176 2001 ἀδελφοὶ,
1203 1966 1309 2001 στῶμεν
1337 1967 1365 1992 ὲν
1387 1967 1461 2001 φόδῳ
1479 1966 1593 2001 Κυρίου,
1608 1966 1655 1992 καὶ
1674 1965 1710 2001 μὴ
1726 1967 1847 2002 ὲκκακή-

1059 2021 1149 2048 σωμεν
1164 2014 1192 2038 ὲν
1206 2014 1239 2048 τῇ
1256 2012 1338 2049 πάλῃ.
1358 2021 1366 2038 ι
1379 2013 1416 2038 Οὐ
1432 2012 1486 2048 γάρ
1500 2013 1573 2038 ἐστιν
1586 2013 1680 2047 ἡμῖνὴ
1695 2011 1767 2047 πάλη
1782 2012 1848 2048 πρὸς

1056 2057 1127 2093 αἷμα
1140 2059 1185 2085 καὶ
1200 2059 1301 2094 σάρκα,
1312 2058 1379 2085 ἀλλὰ
1391 2058 1458 2094 πρὸς
1465 2057 1514 2090 τὰς
1527 2058 1622 2093 ἀρχὰς,
1638 2058 1704 2094 πρὸς
1711 2058 1761 2089 τὰς
1774 2058 1847 2090 ἐξου-

1059 2105 1129 2137 σίας,
1145 2105 1212 2140 πρὸς
1222 2105 1286 2136 τοὺς
1301 2104 1524 2140 κοσμοκράτορας
1537 2104 1583 2130 τοῦ
1599 2104 1711 2135 σκότους
1723 2103 1773 2130 τοῦ
1786 2103 1847 2138 αἰῶ-

1060 2159 1104 2181 νος
1113 2151 1218 2183 τούτου,
1233 2151 1300 2186 προς
1312 2151 1346 2177 τὰ
1356 2150 1528 2185 πνευματικὰ
1544 2151 1593 2185 τῆς
1610 2150 1741 2185 πονηρίας
1751 2151 1784 2177 ὲν
1795 2151 1845 2180 τοῖς

1061 2197 1239 2232 ἐπουρανίοις.
1247 2206 1255 2222 ι
1262 2196 1490 2232 Περισαλλωμεθα
1502 2196 1537 2222 τὰ
1545 2195 1615 2223 ὅπλα
1622 2195 1676 2222 τῶν
1683 2196 1802 2230 ἀρετῶν,
1811 2196 1845 2226 ὡς

1061 2243 1165 2269 ὁπλῖται
1176 2250 1183 2258 ο
1200 2242 1266 2269 διότι
1278 2242 1292 2268 ὁ
1307 2242 1390 2274 κόπος
1402 2243 1450 2268 καὶ
1460 2243 1474 2268 ὁ
1503 2241 1611 2277 μόχθος,
1625 2242 1671 2268 καὶ
1683 2242 1699 2277 ή
1716 2250 1845 2277 στενοχω-

1063 2288 1117 2323 ρία,
1140 2288 1187 2314 καὶ
1204 2289 1221 2323 ἡ
1240 2287 1384 2318 στενοτεία,
1400 2288 1447 2314 καὶ
1461 2289 1476 2323 ἡ
1493 2287 1568 2314 εὐδία
1580 2287 1633 2313 τῶν
1647 2287 1802 2322 ἐπιθυμιῶν
1817 2287 1843 2312 οὐ

1063 2334 1142 2369 μόνον
1158 2334 1336 2368 φυλάττουσιν
1351 2335 1425 2371 ἡμᾶς
1439 2334 1493 2361 ἀπὸ
1505 2334 1559 2360 τῶν
1575 2333 1658 2369 βελῶν
1674 2333 1720 2359 τοῦ
1737 2332 1842 2368 ἐχθροῦ.

1062 2378 1130 2406 ἀλλὰ
1148 2380 1193 2406 καὶ
1219 2379 1355 2414 βασιλείας
1376 2379 1498 2416 οὐρανῶν
1515 2378 1698 2414 κληρονόμους
1726 2377 1843 2405 ἀποκαο-

1065 2424 1180 2460 ίστησιν.

1098 2515 1125 2543 8.
1157 2515 1365 2551 ’Ᾱγωνιζὼμεθα
1385 2513 1447 2547 οὖν,
1480 2515 1603 2550 ἀδελφοὶ,
1637 2516 1666 2543 ὲν
1692 2515 1732 2551 τῷ
1762 2514 1843 2551 καιρῷ

1062 2563 1150 2598 τούτῳ
1163 2563 1194 2589 τὺ
1214 2562 1311 2598 βραχὺ,
1329 2563 1401 2602 aii?
1417 2561 1541 2597 τύχωμεν
1563 2561 1698 2596 βασιλείας
1713 2561 1840 2597 οὐρανῶν.

1070 2607 1098 2633 ’0
1113 2607 1167 2642 γὰρ
1183 2607 1340 2637 διδάσκαλος
1353 2606 1431 2641 ήμῶν
1454 2607 1557 2641 Ἰησοῦς
1574 2608 1690 2644 Χριστὸς
1703 2607 1791 2639 οὕτως
1810 2605 1843 2632 ετ-

1065 2661 1164 2689 ρηκενι
1186 2662 1195 2678 ε
1219 2652 1396 2686 Ἀγωνίζεσθέ
1416 2653 1469 2684 ἕως
1485 2653 1571 2680 ἐλθεῖν
1592 2653 1636 2679 διὰ
1668 2653 1718 2688 τῆς
1753 2651 1842 2683 στενῆς

1064 2698 1160 2733 πύλης,
1189 2698 1236 2725 καὶ
1259 2697 1440 2734 τεθλιμμένης
1466 2698 1537 2725 ὁδοῦ.
1562 2699 1722 2734 Γρηγορεῖτε
1745 2695 1790 2725 οὖν
1816 2696 1841 2721 ἐν
