1926 3068
61 139 125 164 HI?

462 136 577 164 SERMO
596 134 664 163 PRO
683 135 726 161 IIS
745 134 803 167 QUI
824 132 970 160 δέεαι]ιο
989 130 1269 159 RENUNTIARUNT.

1607 130 1674 157 MIS

62 195 135 229 πάσῃ
156 193 226 230 ὧρα,
243 194 284 220 ὅτι
298 195 348 220 οὐκ
362 195 450 221 οἴδατε
473 194 537 228 ποίᾳ.
561 194 620 229 ὥρᾳ.
643 196 657 221 6
673 194 772 229 Κύριος
797 193 843 228 ἕρ-

914 198 961 218 ora
981 190 1110 217 Dominus
1132 194 1264 217 venturus
1280 189 1335 216 sit:
1351 195 1384 215 ne
1402 187 1470 214 forte
1495 188 1578 215 intret
1598 186 1676 214 dere-

62 250 137 277 χεται
146 250 152 255 ·
165 242 267 276 μήποτε
277 241 384 276 εἰσέλθῃ
397 242 482 276 ἄφνω,
491 242 538 268 καὶ
551 241 654 276 εὑρήσῃ
668 241 738 275 ὑμᾶς
749 238 845 266 καθεύοη

62 287 165 318 δοντας.
182 286 300 312 Βλέπετε
318 287 354 322 μή
370 295 435 313 ποτε
450 286 619 322 βαρυνθῶσιν
642 285 718 320 ὑμῶν
737 286 765 311 at
780 293 846 319 καρ-

63 333 115 359 δίαι
135 334 164 359 ἐν
181 332 320 367 κραιπάλῃ
346 333 393 358 καὶ
417 332 496 368 μέθῃ.
520 333 566 358 καὶ
593 331 738 367 μερίμναις
755 330 846 366 βιωτι-

64 380 140 409 καῖς,
166 378 214 404 καὶ
242 377 416 404 ἐπελεύσεται
443 378 507 412 ὑμῖν
535 377 611 411 ἄφνω
637 377 653 412 ἡ
679 376 747 412 ὥρα.
782 376 846 402 Ἰδοὺ

64 423 220 451 ἀποστέλλω
246 424 318 458 ὑμᾶς
342 423 379 454 ὼς
403 422 525 458 πρόϐατα
542 423 570 449 ὲν
587 422 661 456 μέσῳ
684 422 781 448 λύκων.
803 421 847 457 Μὴ

62 470 182 505 κτήσητε
205 468 313 504 χρυσὸν,
335 469 403 504 μήτε
426 468 554 504 ἄργυρον,
571 469 639 503 μήτε
655 468 701 494 δύο
716 467 846 502 χιτῶναςο

66 516 133 551 μηδὲ
148 515 296 550 δειμάσητε
312 515 365 541 ἀπὸ
384 514 598 541 ἀποκτεινόντων
613 514 643 541 τὸ
663 514 751 548 σῶμα.
773 511 849 539 Εἶδον

65 559 118 594 γὰρ
131 560 176 585 τὸν
199 559 321 585 Σατανᾶν
343 559 380 589 ὡς
406 559 548 594 ἀστραπὴν
558 560 589 585 ὲκ
604 558 651 585 τοῦ
672 558 785 594 οὐρανοῦ
802 566 850 584 πε-

66 605 157 632 σόντα.
189 605 254 631 Ἰδοὺ
278 605 381 631 δέδωκα
398 606 461 640 ὑμῖν
487 606 535 641 τὴν
552 605 675 638 ἐξουσίαν
691 605 738 631 τοῦ
756 606 850 631 πατεῖν

65 650 159 676 ἐπάνω
182 649 270 684 δφεων
286 649 333 675 καὶ
350 649 496 685 σκορπίων,
511 650 558 676 καὶ
574 650 619 676 ἐπὶ
634 651 723 676 πᾶσαν
740 650 789 685 τὴν
804 649 850 675 δύ-

65 702 147 729 ναμιν
160 694 206 720 τοῦ
223 693 331 729 ἐχθροῦ,
347 695 393 720 καὶ
411 695 441 720 οὐ
460 694 496 729 μὴ
514 693 677 730 ἀδικήσωσιν
694 695 775 729 ὑμᾶς.
796 694 852 720 Καὶ

66 742 116 766 οὑκ
141 740 232 771 αὐτοῖς
260 739 416 771 ἀποστόλοις
432 740 510 774 μόνον
526 740 604 766 τοῦτο
625 739 740 767 δέδωκεν
762 741 776 766 6
795 740 852 766 Κύ-

68 793 135 821 ριος,
152 785 220 812 ἀλλὰ
238 785 286 812 καὶ
309 786 375 812 πᾶσι
399 787 455 817 τοῖς
472 785 641 821 βουλομένοις
665 785 781 821 σωθῆναι
805 786 852 812 καὶ

68 831 250 866 ἀκολουθῆσαι
271 832 327 863 τοῖς
343 831 552 867 προστάγμασιν
574 831 667 859 αὑτοῦ.
687 832 741 858 Καὶ
758 832 851 867 βλέπε,

67 877 82 902 6
95 877 253 910 ἀντιλέγων,
270 876 318 908 τὰς
338 877 469 912 μυριάδας
483 876 536 903 τῶν
552 877 648 912 ἁγίων.
673 877 777 905 Ἔδωκε
799 877 854 914 γὰρ

68 923 136 957 ⁴ἡμῖν
154 923 203 957 τὴν
227 922 349 954 ἐξουσίαν
369 922 453 950 τέκνα
475 923 543 949 Θεοῦ
559 923 693 958 γενέσθαι.
716 933 725 950 ‹
745 924 791 959 Μὴ
808 933 855 959 φο-

68 967 130 1000 ϐοῦ,
145 968 176 994 τὸ
202 968 299 1004 μικρὸν
325 969 460 1004 ποίμνιον,
489 969 529 996 ὅτι
554 969 703 1005 ηὐδόκησεν
723 971 738 996 ὁ
761 968 855 1006 Πατὴρ

70 1013 148 1048 ὑμῶν
178 1012 268 1040 δοῦναι
296 1014 361 1048 ὑμῖν
394 1014 443 1049 τὴν
471 1014 609 1050 βασιλείαν
638 1015 692 1042 τῶν
720 1015 853 1050 οὐρανῶν.

70 1058 220 1093 Πωλήσατε
245 1058 281 1085 τὰ
304 1059 460 1095 ὑπάρχοντα
480 1059 566 1095 ὑμῶν,
593 1060 640 1086 καὶ
661 1060 719 1087 δότε
742 1060 857 1096 ἐλεημο-

70 1103 166 1139 σύνην,
177 1104 223 1130 καὶ
234 1104 308 1136 ἕξετε
321 1104 450 1140 βαλάντια
463 1105 500 1140 μὴ
513 1105 709 1141 παλαιούμενα,
721 1106 856 1142 θησαυρὸν

70 1149 246 1176 ἀνέκλειπτον
271 1151 300 1176 ὲν
324 1152 380 1182 τοῖς
395 1151 527 1188 οὐρανοῖς.
547 1160 556 1177 ι
570 1151 743 1186 Ποιησάντων
761 1152 790 1179 δὲ
803 1152 857 1178 τῶν

72 1196 159 1230 ἁγίων
177 1195 305 1230 μαθητῶν
321 1197 403 1223 αὐτοῦ
419 1197 466 1223 καὶ
489 1197 590 1232 ταύτην
608 1199 657 1233 τὴν
673 1198 792 1234 ἐντολὴν,
819 1198 858 1224 εἴ-

73 1249 143 1276 ρηκε
158 1241 225 1277 πρὸς
241 1242 339 1273 αὐτούς
351 1252 355 1256 ”
373 1252 382 1267 ι
397 1243 515 1278 Εἰρήνην
529 1242 578 1278 τὴν
592 1243 661 1279 ἐμὴν
675 1243 769 1279 δίδωμι
783 1244 858 1279 ὑμῖν,

73 1287 186 1322 εἰρήνην
201 1287 249 1322 τὴν
263 1287 331 1322 ἐμὴν
346 1288 447 1323 ἀφίημι
466 1289 556 1323 ὑμῖν.»
571 1299 579 1314 ι
592 1289 620 1315 '0
635 1299 642 1314 ι
658 1290 712 1325 γὰρ
724 1300 732 1315 ι
745 1291 859 1325 ἀγαπῶν

74 1340 109 1366 με
132 1332 182 1363 τὰς
206 1333 315 1364 ἐντολάς
339 1342 388 1368 μου
403 1335 533 1370 τηρήσει’
562 1335 640 1368 κάγὼ
661 1336 707 1362 καὶ
730 1337 744 1363 6
767 1336 860 1373 Πατὴρ

73 1377 251 1413 ἐλευσόμεθα,
269 1380 317 1406 καὶ
331 1380 413 1415 μονὴν
430 1380 494 1415 παρ’
511 1381 585 1416 αὐτῳ
600 1383 778 1417 ποιησόμεθα.
803 1392 813 1409 ι

108 1424 137 1452 9.
163 1425 359 1452 ’Υποδεικνύων
370 1426 397 1452 δὲ
413 1427 485 1462 ἡμᾶς
495 1427 625 1461 γενναίως
640 1428 785 1463 ὑποφέρειν
799 1429 862 1461 τοὺς

74 1472 248 1507 πειρασμοὺς
268 1473 315 1498 καὶ
330 1471 365 1499 τὰ
389 1473 575 1508 παλαίσματα,
598 1474 724 1510 εἴρηκεν·
758 1474 802 1502 Ἐν
823 1475 862 1511 τῷ

75 1517 172 1552 κόσμῳ
193 1517 282 1552 θλίψιν
305 1518 389 1550 ἕξετε.
413 1519 491 1545 Ἀλλὰ
516 1529 526 1545 ‹
552 1520 693 1555 θαρσεῖτε·
714 1521 769 1555 ἐγὼ
790 1522 861 1548 νενί-

75 1550 213 1598 κηκα-τὸν
227 1550 338 1599 κόσμον.
363 1566 457 1600 Ὑμεῖς
481 1566 509 1592 δέ
535 1550 596 1593 ὲστε
612 1568 636 1593 οἱ
657 1567 690 1594 δι’
704 1550 753 1602 ἐμὲ
777 1577 861 1603 μεμε·
877 1550 898 1580 C

74 1608 190 1643 νηκὸτες
215 1609 243 1634 ὲν
264 1611 319 1640 τοῖς
344 1612 507 1645 πειρασμοῖς
533 1619 594 1645 μου,
619 1610 696 1645 κάγὼ
724 1611 863 1647 διατίθημι

75 1654 155 1690 ὑμῖν,
171 1654 262 1687 καθὼς
277 1655 379 1682 διέθετό
396 1665 438 1691 μοι
454 1657 468 1682 6
483 1657 578 1692 Πατήρ
593 1666 642 1692 μου
658 1657 805 1692 βασιλείαν,
821 1659 864 1685 ἵνα

76 1700 189 1734 ἐσθίητε
214 1709 244 1726 τε
271 1701 317 1727 καὶ
342 1701 439 1736 πίνητε
463 1703 510 1729 ἐπὶ
534 1703 583 1738 τῆς
608 1702 747 1739 τραπέζης
771 1713 831 1739 μου.
851 1713 861 1730 ›

76 1746 172 1773 Ταῦτα
189 1746 216 1772 δὲ
230 1747 260 1772 οὐ
280 1748 344 1773 πᾶσι
367 1747 451 1781 λέγει,
475 1748 542 1774 ἀλλὰ
561 1750 617 1780 τοῖς
632 1749 795 1784 ὑπομένουσι
808 1751 864 1782 τοῖς

77 1795 252 1828 πειρασμοῖς,
266 1793 312 1819 καὶ
323 1795 382 1825 ταῖς
393 1793 514 1828 θλίψεσιν
526 1795 554 1820 ὲν
566 1795 750 1831 μακροθυμίᾳ.
771 1797 866 1832 Ἀπερ-

77 1838 195 1873 χόμενος
220 1839 265 1865 ἐπὶ
285 1839 315 1865 τὸ
336 1839 412 1873 ἅγιον
428 1840 512 1871 πάθος
527 1840 575 1866 τοῦ
590 1841 706 1876 σταυροῦ
721 1843 735 1868 6
752 1841 863 1877 Κύριος,

76 1884 166 1915 οὕτως
192 1884 256 1918 ἔφη’
280 1885 309 1910 '0
337 1885 419 1911 θέλων
447 1886 544 1913 ἐσθίειν
572 1887 618 1913 καὶ
647 1888 733 1914 πίνειν
756 1889 802 1915 ἐπὶ
817 1889 867 1924 τῆς

76 1930 220 1965 τραπέζης
251 1939 317 1965 μου,
349 1931 536 1967 συμπορεὺσαι
563 1933 620 1967 μετ’
648 1933 715 1968 ἐμοῦ
746 1934 792 1960 ἐπὶ
821 1934 866 1960 τὸν

78 1976 199 2012 σταυρὸν
210 1985 217 1991 ·
238 1977 359 2002 τουτέστι
374 1977 537 2013 νεκρωθήτω
553 1979 600 2005 καὶ
614 1980 693 2010 αὐτὸς
708 1979 747 2014 τῷ
761 1980 866 2015 κόσμῳ,

76 2021 115 2052 ὼς
128 2021 196 2056 ἐγὼ,
206 2022 248 2048 διὰ
262 2023 310 2058 τῆς
320 2023 374 2049 τῶν
388 2018 501 2050 ἐντολῶν
518 2033 568 2059 μου
585 2025 719 2062 πράξεως.
736 2027 867 2058 ’Λκούσας

77 2067 106 2094 δὲ
129 2069 144 2094 6
171 2068 318 2101 ἀπόστολος
346 2069 460 2101 Παῦλος,
483 2071 530 2097 καὶ
546 2071 668 2106 ἐκκόψας
682 2071 764 2098 αὑτοῦ
779 2072 867 2099 πάντα

77 2113 128 2148 τῆς
150 2114 252 2149 σαρκὸς
269 2115 439 2150 φρονήματα,
463 2116 565 2151 ἐτόλμα
590 2116 695 2151 λέγειν·
716 2127 725 2142 ι
757 2118 868 2153 Χριστῷ

79 2160 297 2195 συσταυροῦμαι.
324 2161 366 2186 Ζῶ
387 2161 416 2187 δὲ
439 2162 529 2188 οὐκέτι
554 2162 669 2198 ἐγὼ,ζῇ
695 2162 723 2189 δὲ
751 2164 779 2189 ὲν
807 2164 869 2198 ἐμοὶ

895 243 985 271 pente,
996 239 1023 262 et
1039 234 1160 261 inveniat
1172 241 1220 261 vos
1235 233 1410 260 dormientes.
1424 231 1519 259 Videte
1534 231 1678 266 nequando

896 285 1042 317 graventur
1061 280 1142 307 corda
1165 284 1253 306 vestra
1272 280 1298 306 in
1317 278 1428 313 crapula
1445 281 1472 305 et
1494 278 1637 310 ebrietate,
1652 283 1680 304 et

897 327 971 354 curis
987 326 1069 360 hujus
1085 326 1156 356 vita},
1179 332 1211 351 ac
1236 324 1409 359 superveniat
1433 323 1511 350 vobis
1534 323 1680 358 derepente

896 373 974 400 hora.
988 371 1058 398 Ecce
1072 371 1150 398 mitto
1165 379 1213 398 vos
1228 370 1299 397 sicut
1315 377 1380 397 oves
1396 369 1424 396 in
1437 369 1527 396 medio
1542 369 1679 404 luporum.

897 417 986 444 Nolite
1004 417 1144 451 possidere
1160 423 1273 447 aurum,
1298 422 1387 449 neque
1410 417 1569 449 argentum,
1593 420 1682 448 neque

898 464 966 491 duas
986 464 1102 490 tunicas.
1118 462 1211 498 Neque
1232 462 1351 488 timeatis
1372 461 1406 488 ab
1428 460 1462 488 iis
1481 460 1527 495 qui
1552 460 1683 487 occidunt

899 517 1009 544 corpus.
1025 508 1153 536 Videbam
1173 509 1245 535 enim
1263 506 1409 539 Satanam,
1434 506 1513 541 quasi
1540 506 1631 541 fulgur
1648 505 1683 533 de

900 556 970 582 cmlo
996 554 1148 582 cadentem.
1178 554 1245 580 Ecce
1261 553 1324 580 dedi
1347 552 1425 580 vobis
1445 555 1606 588 potestatem
1627 552 1683 578 cal-

900 601 980 629 candi
995 609 1076 635 supra
1093 604 1232 635 serpentes
1257 604 1283 627 et
1300 599 1468 634 scorpiones,
1482 605 1508 626 et
1524 606 1606 634 super
1623 605 1685 625 om-

901 656 963 676 nem
977 647 1105 674 virtutem
1127 646 1239 678 inimici,
1268 653 1354 680 neque
1368 645 1466 672 laedent
1485 652 1542 673 vos.
1558 644 1616 672 Hoc
1631 652 1685 672 non

902 694 989 721 solum
1008 692 1076 728 ipsis
1098 691 1229 726 apostolis
1248 690 1361 718 tradidit
1380 690 1527 721 Dominus,
1550 690 1605 717 imo
1621 696 1687 717 vero

902 739 1028 766 omnibus
1048 737 1095 773 qui
1115 737 1230 764 salutem
1248 736 1378 771 consequi
1403 736 1555 766 voluerinl,
1578 743 1609 762 ac
1628 735 1688 770 ejus

903 784 1015 818 exsequi
1034 782 1172 810 mandata.
1194 781 1262 810 Vide
1277 785 1378 814 autem,
1395 785 1425 808 tu
1446 781 1493 816 qui
1516 781 1560 809 his
1577 785 1689 808 contra-

904 831 984 864 di'cis,
1000 834 1158 858 sanctorum
1182 828 1329 864 myriadas.
1351 828 1431 856 Dedit
1447 829 1519 856 enim
1545 829 1625 856 nobis
1640 835 1690 863 po-

870 872 1031 905 Btestatem
1058 876 1128 903 ﬁlios
1154 875 1201 903 Dei
1226 875 1295 903 ﬁeri.
1310 885 1319 900 ε
1345 874 1406 901 Noli
1430 875 1545 906 timere,
1574 875 1690 910 pusillus

907 922 990 959 grex,
1016 922 1080 957 quia
1108 921 1274 957 complacuit
1301 921 1377 948 Patri
1401 925 1493 948 vestro
1517 920 1584 948 dare
1611 921 1688 948 vobis

907 977 1021 1004 regnum
1042 969 1184 997 caelorum.
1206 967 1319 995 Vendite
1341 975 1401 1003 qua:
1421 967 1567 1002 possidetis
1584 970 1611 995 et
1628 967 1690 994 dale

908 1016 1125 1051 eleemosynam,
1149 1017 1176 1042 ct
1200 1013 1335 1041 habebitis
1358 1020 1454 1041 saccos
1475 1013 1522 1048 qui
1547 1020 1603 1040 non
1619 1018 1692 1040 vete—

910 1066 1031 1093 rascunt,
1048 1061 1208 1088 thesaurum
1223 1066 1278 1087 non
1294 1058 1464 1086 deﬁcientem
1486 1059 1513 1085 in
1539 1058 1616 1086 CIDIIS
1634 1058 1666 1086 ".
1680 1068 1689 1084 ι

910 1106 978 1134 Cum
995 1109 1084 1132 autem
1100 1105 1185 1132 sancti
1201 1104 1260 1139 ejus
1281 1104 1409 1140 discipuli
1429 1105 1480 1131 hoc
1500 1103 1560 1139 ejus
1578 1104 1692 1131 manda-

909 1155 968 1180 tum
995 1152 1169 1187 implessent,
1193 1151 1231 1178 ait
1267 1151 1320 1178 illis
1343 1160 1349 1177 ε
1377 1159 1387 1176 ‹
1409 1150 1507 1178 Pacem
1540 1158 1627 1179 meam
1659 1151 1694 1177 do

911 1199 1004 1231 vobis,
1029 1206 1124 1233 pacem
1152 1206 1240 1226 meam
1270 1198 1395 1232 relinquo
1420 1197 1499 1225 vobis
1516 1197 1549 1225 ²⁰.
1570 1207 1579 1223 ι
1607 1197 1694 1228 Nam,

915 1253 925 1270 ι
936 1244 982 1279 qui
997 1244 1085 1279 diligit
1100 1251 1153 1276 me,
1171 1243 1298 1270 mandata
1320 1250 1380 1270 mca
1397 1243 1533 1276 servabit;
1552 1247 1580 1271 et
1603 1251 1653 1279 ego
1668 1247 1696 1270 et

912 1290 994 1317 Pater
1015 1290 1171 1322 veniemus,
1192 1295 1219 1317 et
1240 1289 1408 1317 mansionem
1432 1289 1503 1324 apud
1527 1297 1590 1318 cum
1614 1290 1697 1319 facie-

913 1345 975 1365 mus
988 1337 1021 1364 ".
1035 1347 1044 1362 ι

949 1437 975 1463 9.
999 1434 1104 1462 Docens
1119 1439 1209 1462 autem
1226 1442 1277 1462 nos
1292 1435 1457 1462 tenlationes
1475 1442 1605 1470 generose
1626 1434 1698 1463 ferre.

916 1484 997 1516 atque
1020 1481 1169 1508 certamina
1194 1489 1199 1507 :
1224 1480 1251 1507 In
1277 1481 1388 1512 mundo,
1415 1480 1470 1511 ait,
1493 1480 1698 1509 tribulationem

916 1526 1060 1554 habebitis.
1087 1525 1138 1553 Sed
1163 1535 1173 1552 ι
1196 1526 1340 1558 conﬁdite,
1365 1533 1414 1561 ego
1440 1526 1493 1553 vici
1518 1527 1649 1554 mundum
1664 1527 1697 1553 ".

915 1572 969 1599 Vos
986 1576 1075 1598 autem
1095 1571 1161 1599 estis
1180 1571 1225 1606 qui
1255 1571 1446 1606 permansistis
1472 1575 1583 1606 propter
1605 1580 1649 1600 me
1671 1573 1698 1599 in

915 1618 1109 1645 tentationihus
1136 1617 1217 1648 meis,
1241 1621 1268 1644 et
1291 1625 1341 1652 ego
1366 1618 1483 1652 dispono
1508 1617 1602 1650 vobis,
1627 1618 1700 1646 sicut

915 1662 1049 1696 disposuit
1071 1661 1137 1688 mihi
1163 1661 1242 1688 Pater
1267 1669 1345 1688 meus
1362 1669 1487 1697 regnum,
1503 1666 1531 1689 ut
1548 1663 1699 1690 comedatis

915 1712 941 1735 et
968 1708 1065 1735 bibatis
1092 1715 1173 1742 super
1202 1715 1324 1735 mensam
1344 1715 1432 1735 meam
1445 1708 1499 1735 η.»
1518 1708 1581 1736 Ilaec
1608 1714 1698 1736 autem

915 1762 970 1782 non
986 1754 1112 1781 omnibus
1131 1754 1178 1784 ait,
1195 1752 1243 1780 sed
1259 1753 1292 1779 iis
1307 1753 1353 1787 qui
1382 1752 1472 1780 ferunt
1498 1754 1660 1781 tentationes
1674 1758 1701 1781 et

916 1807 1052 1828 aerumnas
1078 1807 1138 1826 cum
1166 1799 1378 1834 aequanimitate.
1404 1798 1472 1825 Cum
1501 1799 1643 1827 accederet
1666 1801 1701 1826 ad

917 1849 1040 1873 sanetam
1056 1845 1210 1880 passionem
1233 1845 1334 1877 crucis,
1362 1844 1403 1872 sic
1418 1844 1456 1871 ait
1479 1845 1552 1878 :Qui
1573 1845 1630 1873 vult
1653 1853 1701 1872 co-

917 1892 1024 1918 medere
1044 1897 1071 1917 ct
1094 1891 1186 1918 bibere
1212 1898 1294 1925 super
1319 1897 1442 1918 mensam
1469 1898 1570 1921 meam,
1595 1898 1700 1918 mecum

918 1937 994 1964 adeat
1014 1944 1138 1968 crucem,
1160 1936 1186 1963 id
1201 1940 1260 1967 est,
1283 1941 1408 1964 mortuus
1422 1939 1449 1963 et
1464 1936 1522 1971 ipse
1541 1937 1577 1964 sit
1599 1937 1702 1964 mundo

919 1983 990 2010 sicut
1014 1985 1041 2008 et
1066 1989 1125 2017 ego,
1153 1981 1259 2008 scilicet
1282 1989 1330 2016 per
1362 1982 1552 2008 mandatorum
1578 1989 1702 2008 meorum

918 2028 1080 2056 custodiam.
1105 2027 1170 2060 Quae
1195 2035 1257 2054 cum
1285 2027 1408 2054 audisset
1430 2027 1531 2054 Paulus
1548 2027 1701 2061 apostolus,

918 2082 1068 2109 omnesque
1083 2074 1175 2101 carnis
1197 2081 1296 2101 sensus
1313 2073 1486 2104 abscidisset,
1499 2081 1584 2100 ausus
1603 2077 1646 2100 est
1660 2073 1702 2100 di-

918 2127 999 2147 cere:
1021 2129 1029 2145 (
1042 2120 1110 2146 Cum
1127 2119 1237 2146 Christo
1253 2119 1401 2146 cruciﬁxus
1420 2126 1492 2146 sum.
1510 2118 1577 2146 Vivo
1599 2124 1702 2149 autem,

916 2167 973 2201 jam
987 2174 1041 2193 non
1055 2173 1114 2201 ego,
1129 2166 1196 2192 vivit
1211 2173 1273 2192 vero
1289 2165 1316 2192 in
1331 2173 1373 2193 me
1388 2165 1513 2193 Christus
1524 2165 1556 2192 ’⁸.
1570 2175 1580 2191 ›
1597 2165 1704 2193 Etenim

77 2205 210 2240 Χριστός.
231 2216 240 2232 ι
254 2207 308 2233 Καὶ
319 2207 373 2242 γὰρ
388 2208 429 2241 ἐφ’
445 2208 507 2234 ὅσον
524 2209 644 2243 σαρκικὰ
660 2208 856 2245 περιπατῶμεν

920 2212 1040 2246 quandiu
1075 2212 1221 2238 carnaliter
1254 2211 1443 2243 ambulamus,
1479 2211 1579 2238 mortui
1609 2219 1705 2239 sumus

77 2252 173 2286 νεκροί
192 2253 274 2287 ἐσμεν
288 2254 348 2284 ταῖς
372 2253 529 2288 ἁμαρτίαις.
548 2255 616 2290 Φησὶ
641 2254 711 2289 γάρ-
731 2264 740 2279 α
763 2256 794 2281 Οἱ
822 2255 868 2282 τοῦ

77 2296 202 2332 Χριστοῦ
218 2298 268 2332 τὴν
286 2299 374 2334 σάρκα
392 2299 565 2334 ἐσταύρωσαν
581 2301 629 2327 σὺν
650 2302 706 2332 τοῖς
728 2301 869 2337 παθήμασι

78 2342 128 2369 καὶ
145 2344 207 2374 ταῖς
225 2343 393 2378 ἐπιθυμίαις.
419 2354 427 2369 ι
445 2345 500 2371 Καὶ
525 2346 549 2371 εί
575 2345 805 2381 συναποοάνομεν,
823 2347 870 2373 καὶ

78 2389 248 2425 συζήσομεν.
281 2391 312 2416 Εἰ
337 2391 517 2426 ὑπομένομεν,
544 2392 591 2418 καὶ
618 2392 870 2427 συμϐασιλεύσομεν

77 2435 172 2470 αὐτῷ·
190 2437 213 2461 εί
233 2435 399 2471 ἀρνούμεθα,
421 2437 545 2468 κάκεῖνος
560 2437 704 2471 ἀρνήσεται
722 2438 804 2472 ἡμᾶς.
823 2438 871 2469 Τίς

78 2478 127 2507 οὖν
142 2482 218 2507 ἐστιν
235 2482 248 2507 ό
267 2482 432 2517 ἀρνούμενος
444 2482 461 2517 ἢ
476 2483 490 2508 6
509 2482 578 2509 κατὰ
595 2482 643 2514 τὰς
658 2482 803 2517 ἐπιθυμίας
820 2484 869 2519 τῆς

80 2527 187 2562 σαρκὸς
201 2527 377 2562 momen-mw;
392 2525 475 2558 Οὗτος
488 2528 541 2562 γάρ
557 2529 630 2554 ἐστιν
644 2529 658 2554 6
671 2528 818 2564 ἐνυϐρίζων
832 2529 871 2564 τῷ

80 2573 264 2608 βαπτίσματι.
283 2573 338 2599 Καὶ
355 2573 397 2604 τίς
411 2575 484 2600 ἐστιν
501 2574 514 2599 6
531 2574 568 2609 μὴ
591 2573 734 2609 ἐνυϐρίσας
748 2575 777 2606 ἐξ
793 2576 872 2610 ἡμῶν

77 2619 110 2645 τὸ
129 2619 274 2654 βάπτισμα
295 2620 339 2646 διὰ
359 2619 393 2646 τὰ
413 2619 459 2646 τοῦ
483 2620 600 2655 πονηροῦ
625 2620 733 2647 ποικίλα
751 2622 872 2656 μηχανή-

80 2673 177 2700 ματα;
196 2665 276 2692 Ἀλλὰ
287 2665 331 2692 διὰ
346 2666 395 2701 τὴν
409 2666 508 2701 πολλὴν
523 2666 632 2700 ἀγάπην
646 2666 740 2699 αὐτοῦ,
758 2667 791 2701 ἢν
803 2667 872 2701 ἠγά-

78 2719 172 2747 πησεν
194 2712 267 2746 ἡμεῖς
285 2712 299 2737 6
316 2711 417 2747 Κύριος
440 2711 519 2747 ἡμῶν
544 2711 646 2747 Ἰησοῦς
662 2713 789 2747 Χριστὸς,
808 2712 872 2738 ἔδω-

120 2823 143 2839 "
165 2821 232 2848 Luc.
251 2829 300 2852 xu,
316 2820 364 2852 52,
381 2820 425 2847 755.
477 2821 499 2836 ¹⁰
519 2819 596 2847 Joan.
617 2828 678 2852 xw,
693 2820 739 2848 27.

81 2859 105 2874 “
122 2858 216 2885 Galat.
234 2865 263 2889 ιι,
281 2856 323 2887 I9,
341 2856 385 2882 20.
424 2856 446 2872 "
466 2855 553 2883 Galat.
572 2865 598 2884 v.
615 2856 660 2884 24.

248 2904 382 2934 ΡΑτιιοι..
398 2904 455 2934 Gn.
477 2903 625 2934 XXVIII.

788 2821 809 2837 ἰ
831 2819 896 2848 ibid.
917 2821 969 2854 15,
987 2820 1030 2848 25.

920 2263 1029 2292 propter
1045 2261 1165 2292 peccata.
1181 2257 1225 2284 Ait
1237 2257 1308 2284 enim
1323 2266 1329 2283 :
1351 2267 1360 2282 ‹
1376 2257 1426 2290 Qui
1443 2257 1544 2284 Christi
1565 2261 1630 2285 sunt
1645 2265 1706 2284 car~

921 2310 983 2329 nem
998 2303 1192 2329 crucilixerunt
1204 2309 1266 2328 cum
1283 2302 1356 2328 vitiis
1371 2305 1398 2329 et
1414 2301 1643 2336 concupiscentiis
1654 2301 1703 2328 ".-

923 2346 950 2374 Si
971 2355 1024 2374 una
1039 2348 1181 2379 morimur,
1196 2354 1250 2373 una
1265 2347 1398 2374 vivemus.
1415 2346 1443 2374 Si
1457 2348 1634 2379 sustinemus,
1651 2354 1706 2373 una

922 2401 983 2420 cum
1013 2393 1071 2427 ipso
1097 2392 1290 2427 regnabimus;
1317 2392 1360 2419 sin
1388 2392 1569 2426 abnegamus,
1594 2396 1621 2419 et
1648 2391 1707 2426 ipse

923 2439 1067 2474 abnegabit
1093 2445 1152 2465 nos.
1175 2438 1242 2471 Quis
1261 2438 1353 2472 itaque
1374 2441 1416 2465 est
1435 2437 1481 2472 qui
1499 2438 1629 2473 abnegat,
1653 2437 1706 2464 nisi

922 2486 969 2520 qui
996 2484 1146 2512 secundum
1174 2484 1266 2512 carnis
1300 2483 1538 2518 concupiscentias
1566 2483 1709 2510 ambulat?

922 2530 982 2565 Ipse
1011 2537 1129 2564 namque
1159 2534 1200 2557 est
1225 2529 1270 2564 qui
1301 2529 1492 2555 contumeliam
1517 2527 1599 2555 infert
1620 2528 1709 2563 bapti-

926 2577 1015 2603 smali.
1037 2575 1136 2610 Ecquis
1161 2579 1194 2603 ei:
1218 2575 1297 2603 nobis
1312 2578 1354 2602 est
1377 2575 1423 2609 qui
1440 2582 1492 2601 non
1515 2574 1708 2602 contumeliam

926 2621 1025 2648 inferat
1041 2621 1207 2656 baptismati,
1223 2621 1258 2648 ob
1272 2621 1346 2647 varia
1362 2620 1470 2655 maligni
1487 2620 1560 2647 illius
1574 2619 1709 2646 artiﬁcia?

927 2667 979 2694 Sed
1003 2671 1113 2703 propter
1126 2668 1236 2694 nimiam
1254 2666 1413 2693 charitatcm
1435 2674 1522 2697 suam,
1543 2673 1596 2700 qua
1615 2665 1708 2692 dilexit

925 2721 976 2741 nos
999 2713 1129 2741 Dominus
1153 2716 1246 2740 noster
1260 2711 1340 2740 Iesus
1364 2711 1502 2744 Christus,
1527 2711 1603 2739 dedit
1629 2711 1708 2738 nobis

1083 2821 1104 2836 ¹¹
1124 2819 1204 2848 Joan.
1221 2829 1282 2854 xw,
1301 2821 1345 2849 53.
1393 2821 1416 2838 ¹³
1435 2821 1502 2850 Luc.
1521 2829 1597 2852 xm,
1613 2819 1708 2848 28-50.

1557 2899 1596 2930 1ιὸ
