1926 3068
250 151 318 180 1Η9

817 154 846 182 S.
866 154 1098 183 ATllANASlUS.
1121 170 1156 176 —-
1174 156 1308 184 SPL‘RIA.

1797 159 1804 184 l
1810 159 1856 187 420

249 208 435 244 pmnitentiam
473 216 559 243 usque
587 208 669 244 525
699 209 732 237 ad
772 215 924 238 extremum
962 211 1032 238 hali-

1086 219 1131 237 κεν
1147 212 1213 246 ἡμῖν
1228 211 1278 247 τὴν
1301 211 1444 246 μετάνοιαν
1466 219 1518 242 eo);
1534 211 1652 246 εσχᾱτης
1669 211 1807 246 ἀναπνοῆς.
1828 212 1856 239 ΕΞ

248 259 316 281 tmn.
334 253 391 282 Nisi
406 254 479 281 enim
493 259 565 282 esset
581 256 750 289 pcenitentia,
770 264 942 291 nequaquam
958 257 1033 284 salva

248 299 325 327 ﬂeret
338 300 428 327 omnis
445 307 521 332 caro,
535 305 565 327 ιιι
581 301 618 327 ait
642 301 793 329 Dominus:
813 311 822 328 ‹
837 302 932 335 Amen,
955 310 1033 330 amen

248 345 311 372 dico
333 345 420 379 vobis,
438 353 492 372 non
509 346 545 372 ita
565 346 663 381 gaudet
685 347 755 375 Deus
771 348 804 375 de
821 349 968 383 nonaginta
986 356 1034 376 no-

248 399 307 419 vem
333 392 432 426 justis.
459 395 489 419 ιιι
514 393 548 420 de
577 400 632 420 uno
663 398 807 428 peccatore
843 395 1032 429 paenitentiam

249 441 345 473 agente
358 437 390 464 “.
405 447 414 463 ›

285 483 327 510 10.
349 484 492 514 Curemus,
510 483 619 513 fratres.
635 485 822 519 pmnitentiam
840 494 930 521 agere.
947 486 1034 513 donec

248 537 344 557 sumus
359 530 386 556 in
402 538 531 564 corpore.
558 529 686 562 ﬂeamus,
707 535 733 558 et
759 531 901 559 abluamus
927 533 1034 559 occulta

249 576 342 603 cordis
366 576 489 603 vulnera.
516 575 648 602 Futurum
675 577 746 603 enim
774 581 815 604 est
835 581 863 604 ut
888 582 1035 612 appareant

249 625 344 648 nostra
367 621 487 647 facinora
516 625 578 648 ante
604 622 725 648 tribunal
755 622 819 649 illud
850 623 1032 650 tremendum.

248 667 485 702 Appropinquahit
509 667 580 694 enim
614 667 761 700 Dominus,
787 673 815 696 et
837 669 928 696 veniet
953 677 1035 704 super

249 712 347 739 throno
371 718 467 740 sam-to
489 713 582 748 gloria:
605 721 670 745 sum,
693 721 724 740 ac
747 715 984 749 congregabuntur
1008 715 1034 741 in

248 764 395 793 conspectu
411 759 470 792 ejus
490 766 584 785 omnes
604 763 709 794 gentes.
726 759 758 786 Et
782 761 898 795 quisque
921 769 970 788 sua
993 761 1034 788 lu-

248 811 330 831 cerna
347 803 546 831 illuminabitur
560 814 566 832 :
583 805 710 840 quisquis
733 809 823 832 autem
844 806 904 833 oleo
919 807 1033 837 carebit,

248 849 308 883 ejus
321 849 424 884 lampas
438 850 637 884 exstinguetur,
647 855 673 877 et
691 851 777 878 abibit
792 849 850 885 ipse
864 851 891 877 in
907 851 1033 878 tenebras

1086 257 1123 292 μὴ
1139 257 1194 292 γὰρ
1208 255 1242 293 ἦν
1260 257 1399 292 μετάνοια,
1423 257 1472 283 οὐκ
1486 256 1518 283 ἂν
1532 257 1620 292 ἐσώθη
1645 257 1718 283 πᾶσα
1734 257 1807 292 σὰρξ,
1823 258 1855 290 ὥς

1085 310 1166 337 φησιν
1181 304 1194 329 ὁ
1217 303 1315 338 Κύριος
1326 311 1333 318 ·
1351 312 1361 328 ί
1388 302 1483 338 Ἀμὴν,
1498 302 1570 338 ἀμὴν
1590 302 1661 337 λέγω
1676 303 1749 338 ὑμῖν,
1763 304 1792 330 οὺ
1804 303 1857 339 χαί-

1086 357 1126 383 ρει
1151 350 1165 375 ὁ
1181 349 1246 381 θεὸς
1272 349 1318 376 ἐπὶ
1342 350 1502 384 ἐνενήκοντα
1527 349 1604 375 ἐννέα
1629 349 1749 382 δικαίοις,
1772 349 1856 385 ὼςὲφ¹

1085 395 1125 420 ἑνὶ
1141 395 1294 431 ἁμαρτωλῷ
1309 395 1495 432 μετανοοῦντι.
1519 404 1529 421 ι

1122 483 1164 510 10.
1184 483 1392 519 Σπουδάσωμεν,
1405 483 1526 518 ἀδελφοὶ,
1540 484 1712 519 μετανοῆσαι,
1723 484 1773 516 ἓως
1784 485 1857 519 ἐσμὲν

1085 530 1114 555 ὲν
1129 528 1168 563 τῷ
1187 528 1302 564 σώματι,
1328 529 1500 564 κλαύσωμεν,
1527 530 1574 556 καὶ
1600 530 1742 564 πλύνωμεν
1762 530 1796 556 τὰ
1814 530 1858 565 τῆς

1086 567 1197 609 καρδίαξ
1212 574 1321 610 κρυπτὰ
1337 575 1492 610 τραύματα.
1510 575 1609 601 Μέλλει
1624 575 1677 610 γὰρ
1690 575 1860 610 φανεροῦσθαι

1085 619 1119 645 τὰ
1141 620 1170 645 ὲν
1195 620 1260 654 ἡμῖν
1278 620 1461 654 πεπραγμένα
1474 619 1548 646 δεινὰ
1570 620 1615 646 ἐπὶ
1631 619 1678 646 τοῦ
1696 620 1806 655 φοϐεροῦ
1819 620 1860 654 βή-

1087 673 1171 700 ματος
1187 665 1302 692 ἐκείνου.
1324 665 1441 699 Ἰἰγγικε
1458 665 1511 700 γὰρ
1532 666 1546 692 ὁ
1566 665 1677 700 Κύριος,
1698 666 1744 692 καὶ
1762 665 1861 701 ἔρχεται

1085 709 1132 735 ἐπὶ
1160 709 1255 744 θρόνου
1279 708 1358 744 δόξης
1385 710 1462 744 ἁγίου
1484 709 1576 742 αὑτοῦ,
1591 711 1638 736 καὶ
1662 710 1863 746 συναχθήσονται

1085 754 1238 790 ἔμπροσθεν
1257 755 1338 782 αὑτοῦ
1356 756 1444 782 πάντα
1467 755 1503 782 τὰ
1524 755 1598 790 ἔθνη.
1617 756 1671 782 Καὶ
1688 756 1799 788 ἕκαστος
1814 765 1861 790 φα-

1084 799 1209 835 νεροῦται
1228 801 1260 826 ἐκ
1282 801 1332 836 τῆς
1358 801 1426 833 ἰδίας
1444 801 1599 837 λαμπάδος”
1619 802 1694 834 ὅστις
1719 802 1747 828 δὲ
1769 802 1798 829 οὑ
1820 802 1863 829 κέ.

1087 854 1183 881 κτηται
1199 845 1298 879 ἔλαιον,
1312 846 1489 883 σϐεσθήσεται
1503 847 1584 874 αὑτοῦ
1600 848 1616 882 ἡ
1633 847 1758 883 λάμπαςο
1775 849 1862 875 κάκεῖ-

248 894 407 921 exteriores.
429 894 530 921 Curam
557 895 648 930 itaque
675 895 843 926 habeamus,
864 896 983 927 fratres,
1006 901 1032 923 et

1086 899 1128 923 νος
1148 892 1266 927 πορευθῇ
1289 892 1317 918 ἐν
1334 891 1372 927 τῷ
1397 891 1521 928 ἐξωτέρῳ
1545 893 1645 920 σκότει.
1675 894 1863 929 Σπουδάσωμεν

248 939 409 974 impleamus
424 940 483 967 oleo
499 948 564 967 vasa
581 945 685 970 nostra.
708 949 742 968 ne
759 941 787 968 in
804 942 930 969 tenebras
949 942 1033 977 proji-

247 984 353 1011 ciamur
371 989 397 1011 et
418 985 446 1011 in
466 985 555 1019 ignem
569 989 712 1013 :eternum.
726 985 780 1013 Vas
798 987 869 1014 enim
886 992 929 1014 est
947 988 1034 1022 potni-

247 1029 347 1062 tentia;
373 1029 462 1055 oleum
484 1037 558 1060 vero,
583 1030 713 1056 virtutum
738 1030 917 1063 exercitium;
941 1031 1034 1066 splen-

247 1073 310 1100 dida
326 1073 441 1108 lampas,
455 1077 496 1100 est
511 1077 605 1101 saneta
620 1074 721 1101 anima.
738 1074 915 1102 Decertemus
930 1076 1032 1111 itaque,

247 1119 362 1152 fratres,
382 1119 446 1154 quia
470 1119 698 1154 appropinquavit
733 1121 802 1147 dies.
828 1121 929 1148 Beatus
954 1122 1034 1148 homo

248 1165 293 1200 qui
318 1165 473 1200 huiusmodi
501 1166 716 1192 sollicitudinem
740 1166 822 1193 habet
847 1166 980 1202 quotidie,
1007 1171 1034 1194 et

248 1211 363 1245 singulis
386 1211 472 1238 horis.
496 1210 563 1237 Nam
585 1210 690 1238 fructus
714 1211 760 1238 ille
782 1219 878 1243 serus,
905 1219 969 1238 vera
993 1216 1035 1239 est

247 1256 345 1283 messis
361 1253 527 1290 ιοηιροειοε.’
536 1255 633 1283 Beatus
650 1257 694 1283 ille
708 1256 755 1292 qui
778 1256 896 1284 fructum
917 1258 1035 1284 servavit

192 1311 199 1319 κ
247 1308 343 1334 suum;
362 1309 424 1328 eum
439 1301 569 1335 colligent
587 1302 675 1337 angeli
697 1302 724 1329 in
741 1308 872 1330 aeternum
895 1303 1032 1331 horreum.

248 1346 294 1374 Vae
308 1350 398 1374 autem
419 1347 472 1373 mei
489 1347 640 1378 similibus,
664 1348 715 1374 hoc
734 1352 794 1380 est,
818 1349 946 1380 zizaniis,
971 1349 1035 1384 quia

247 1394 318 1429 ignis
332 1394 392 1421 illos
408 1393 569 1429 possidebit.
583 1393 731 1429 Fugianms
743 1402 819 1429 ergo,
836 1394 946 1428 fratres,
961 1403 1035 1422 mun-

247 1439 311 1466 dum
333 1443 360 1466 et
375 1439 467 1466 omnia
481 1447 541 1474 qua:
556 1440 584 1466 in
605 1447 639 1467 eo
660 1446 735 1472 sunt,
749 1445 777 1467 et
794 1441 950 1468 haereditate
964 1441 1036 1468 acci-

246 1486 353 1519 piemus
378 1485 449 1512 bona
469 1486 527 1517 illa,
556 1494 566 1511 ¢
586 1493 646 1521 quze
671 1486 768 1513 oculus
800 1494 854 1513 non
878 1487 961 1518 vidit,
983 1495 1034 1514 nec

214 1562 219 1567 ι
247 1530 322 1558 auris
339 1530 457 1562 audivit,
474 1537 525 1557 nec
545 1531 572 1557 in
596 1538 644 1557 cor
670 1530 790 1557 hominis
814 1531 953 1564 ascendit,
975 1539 1036 1566 qua:

1084 935 1140 968 οὖν,
1158 937 1277 971 ἀδελφοὶ,
1295 938 1342 964 καὶ
1357 937 1504 972 πλήσωμεν
1516 938 1550 964 τὰ
1563 938 1660 972 ἀγγεῖα
1679 939 1757 974 ἡμῶν
1771 939 1862 970 ἐλαίου,

1085 983 1127 1009 ἵνα
1143 983 1180 1018 μὴ
1205 982 1326 1018 ριφῶμεν
1347 984 1375 1010 ἐν
1393 983 1432 1018 τῷ
1453 983 1542 1010 σκότει
1557 984 1603 1010 καὶ
1619 985 1722 1020 αἰωνίῳ
1742 985 1817 1021 πυρί.
1832 984 1864 1011 Τὸ

1084 1029 1138 1065 γὰρ
1153 1029 1264 1062 ἀγγεῖόν
1278 1029 1352 1056 ἐστιν
1365 1031 1381 1065 ἡ
1397 1031 1533 1065 μετάνοια·
1547 1031 1577 1057 τὸ
1591 1031 1618 1057 δὲ
1631 1031 1721 1058 ἔλαιον
1743 1032 1794 1058 τῶν
1805 1032 1864 1066 ἀρε-

1083 1075 1137 1102 τῶν
1151 1077 1168 1111 ἡ
1180 1074 1294 1111 πρᾶξις·
1313 1077 1329 1111 ἡ
1343 1076 1371 1102 δὲ
1388 1077 1505 1112 φωτεινὴ
1518 1076 1628 1111 λαμπὰς
1645 1077 1764 1113 ὑπάρχει
1779 1078 1795 1113 ὴ
1807 1077 1865 1112 ἁγία

1084 1122 1168 1157 ψυχή.
1200 1121 1414 1157 Ἀγωνιζώμεῦα
1438 1121 1495 1153 οὖν,
1520 1123 1637 1157 ἀδελφοὶ,
1657 1124 1697 1150 ὅτι
1724 1125 1865 1159 ἧτγικενή

1085 1167 1187 1203 ἡμέρα.
1213 1169 1357 1204 Μακάριος
1381 1168 1522 1204 ἄνθρωπος
1538 1170 1552 1195 ὁ
1572 1169 1642 1204 ἔχων
1663 1170 1714 1205 τὴν
1739 1171 1865 1206 μέριμναν

1084 1212 1186 1247 ταύτην
1213 1209 1293 1240 καίν’
1312 1213 1432 1249 ἑκάστην
1457 1215 1563 1249 ἡμέραν
1587 1215 1634 1241 καὶ
1659 1215 1744 1251 ὥραν.
1773 1216 1800 1243 Ὀ
1817 1215 1866 1251 γὰρ

1085 1259 1190 1292 καρπὸς
1209 1258 1309 1294 bal/tuo;
1330 1259 1448 1292 γεγονὼς
1473 1261 1565 1295 καιρός
1586 1261 1644 1287 ἐστι
1665 1261 1712 1288 τοῦ
1733 1261 1864 1297 θερισμοῦ.

1084 1303 1227 1338 Μακάριος
1247 1305 1319 1330 ἐστιν
1335 1305 1437 1336 ἐκεῖνος
1451 1305 1466 1330 ὸ
1486 1304 1574 1345 cuba;
1588 1306 1634 1332 τὸν
1651 1307 1758 1342 καρπον
1771 1306 1848 1334 αὑτοῦ
1858 1314 1864 1321 ·

1087 1349 1244 1382 συνάξουσιν
1262 1349 1343 1376 αὑτὸν
1360 1351 1384 1376 οἱ
1405 1350 1515 1384 ἄγγελοι
1530 1352 1570 1383 εἰς
1584 1351 1633 1387 τὴν
1649 1352 1758 1380 αιώνιον
1772 1352 1867 1388 ἀποθή-

1086 1403 1147 1430 κην,
1165 1395 1234 1422 Οὐαὶ
1258 1395 1287 1421 δὲ
1311 1397 1367 1427 τοῖς
1386 1396 1488 1431 ὁμοίοις
1505 1405 1567 1431 μου,
1591 1397 1717 1425 τουτέστι
1730 1399 1785 1430 τοῖς
1798 1397 1868 1430 ζιζα-

1085 1441 1163 1472 νίοις,
1185 1441 1227 1467 ὅτι
1250 1441 1280 1468 τὸ
1309 1441 1365 1476 πῦρ
1388 1442 1488 1474 αὐτοὺς
1509 1442 1720 1478 κληρονομήσει.
1743 1444 1866 1479 Φύγωμεν

1086 1482 1143 1517 οὖν,
1159 1482 1181 1512 ὦ
1199 1485 1319 1520 ἀδελφοὶ,
1335 1485 1382 1512 τὸν
1404 1486 1516 1521 κόσμον,
1535 1488 1581 1514 καὶ
1596 1488 1685 1515 πάντα
1705 1489 1739 1516 τὰ
1749 1490 1778 1515 ὲν
1789 1488 1866 1524 αὐτῷ,

1087 1529 1155 1564 ὅπερ
1181 1529 1429 1566 κληρονομήσωμεν
1459 1531 1495 1558 τὰ
1525 1532 1616 1566 ἀγαθὰ
1650 1534 1754 1566 ἐκεῖνα,
1782 1542 1792 1559 ε
1819 1533 1836 1560 ἃ
1855 1533 1868 1558 ὁ

246 1575 409 1610 praeparavit
425 1574 496 1602 Deus
511 1575 687 1610 diligentibus
711 1583 740 1603 se
751 1576 784 1602 ".
799 1585 808 1601 ι
827 1574 959 1610 Denique,
977 1563 1031 1603 fra-

1087 1563 1225 1610 ὗῖρθαλμὸς
1237 1563 1288 1602 οὐκ
1298 1563 1364 1608 εἶδε,
1378 1563 1426 1602 imi
1436 1573 1482 1607 οὖς
1494 1563 1668 1612 οὺκῆχουσε,
1687 1579 1734 1605 καὶ
1749 1578 1796 1605 ἐπὶ
1807 1586 1868 1613 καρ-

247 1625 314 1652 tres,
329 1621 357 1647 in
373 1621 416 1648 his
431 1625 510 1653 state,
531 1622 587 1648 haec
603 1621 782 1652 meditamini,
800 1629 850 1648 nec
873 1622 1033 1657 negligatis;

247 1670 277 1694 ut
297 1667 425 1702 dignetur
443 1666 576 1694 Dominus
593 1671 724 1702 prtestare
749 1672 778 1694 ut
796 1667 846 1694 hoc
870 1672 1034 1702 praeceptum

169 1727 174 1734 ν
210 1726 214 1731 -
247 1716 328 1740 nocte
347 1713 445 1749 dieque
470 1712 649 1744 custodiatis.
671 1717 697 1739 et
721 1713 811 1740 salvos
834 1712 914 1740 faciat
940 1721 989 1740 vos
1007 1714 1035 1741 in

246 1767 331 1794 regno
347 1765 398 1786 suo
415 1758 530 1786 cmlesti.
541 1758 670 1792 Quisquis
688 1758 744 1784 haec
761 1761 895 1792 praecepta
908 1758 982 1792 legit,
994 1758 1036 1784 vel

197 1824 201 1828 .
248 1804 335 1835 audit,
356 1811 407 1831 nec
434 1809 521 1831 servat
541 1812 584 1835 ea,
608 1804 635 1830 in
651 1811 684 1830 eo
704 1803 831 1838 impletur
854 1804 981 1838 parabola
1002 1804 1035 1831 de

248 1849 362 1879 semine,
384 1851 456 1883 quod
481 1849 580 1875 cecidit
605 1849 632 1875 in
651 1854 769 1883 pz-tram,
797 1849 912 1883 etquod
935 1852 1035 1876 terram

247 1902 301 1920 non
318 1894 429 1921 haberet
443 1895 534 1921 statim
551 1894 718 1922 exsiccatum
735 1898 787 1922 est.
801 1893 853 1927 Qui
866 1898 956 1920 autem
972 1895 1036 1930 legit

246 1942 273 1965 et
293 1938 367 1970 facit,
383 1939 482 1966 similis
495 1943 537 1966 est
561 1939 659 1966 semini
680 1939 786 1966 cadenti
813 1941 840 1966 iu
864 1943 964 1967 terrain
988 1940 1035 1965 bu-

246 1991 320 2016 nam,
334 1985 406 2019 quod
423 1985 542 2012 fructum
559 1986 660 2015 attulit.
677 1985 750 2012 aliud
766 1986 945 2019 tricesimum,
962 1984 1035 2012 aliud

246 2031 462 2066 sexagesimum,
485 2031 559 2058 aliud
578 2032 760 2059 centesimum
771 2052 778 2063 ,
802 2033 829 2059 in
845 2032 956 2060 Christo
970 2031 1035 2060 Jcsu

246 2074 362 2103 Domino
377 2082 481 2109 nostro,
495 2077 540 2104 cui
558 2077 645 2112 gloria
663 2077 691 2103 in
707 2077 816 2104 saecula.
832 2076 928 2104 Amen.

1087 1620 1146 1647 δίαν
1165 1620 1308 1656 ἀνθρώπου
1325 1621 1374 1647 οὐκ
1389 1621 1482 1657 ἀνέϐη,
1499 1621 1516 1648 ἃ
1538 1623 1687 1658 ἡτοίμασεν
1706 1625 1720 1651 ὀ
1740 1624 1803 1656 Θεὸς
1816 1625 1868 1655 τοῖς

1085 1666 1229 1701 ἀγαπῶσιν
1246 1666 1337 1694 αὐτόν.
1359 1676 1368 1692 ι
1385 1667 1422 1693 Τὸ
1436 1666 1539 1700 λοιπὸν,
1553 1665 1575 1695 ὦ
1589 1669 1711 1704 ἀδελφοὶ,
1727 1671 1755 1697 ἐν
1770 1670 1868 1701 τούτοις

1085 1711 1177 1746 στῆτε,
1198 1711 1284 1738 ταῦτα
1312 1711 1452 1746 μελετᾶτε,
1478 1712 1526 1738 καὶ
1551 1712 1588 1748 μὴ
1612 1713 1780 1749 ἁμελήσητε,
1805 1714 1867 1748 ὅπερ

1086 1757 1189 1794 ἀξιώσῃ
1212 1758 1282 1793 ὑμᾶς
1305 1757 1407 1794 Κύριος
1428 1759 1546 1794 τηρῆσαι
1566 1759 1615 1795 τὴν
1642 1760 1752 1795 ἐντολὴν
1774 1754 1867 1794 ταύτὴν

1086 1803 1191 1839 ἡμέρας
1212 1803 1259 1830 καὶ
1285 1804 1392 1836 νυκτὸς.
1414 1805 1461 1831 καὶ
1485 1804 1560 1842 σώσῃ
1587 1807 1627 1837 εἰς
1655 1806 1706 1842 τὴν
1739 1806 1867 1841 βασιλείαν

1085 1847 1168 1874 αὑτοῦ
1198 1848 1248 1882 τὴν
1282 1849 1451 1884 ἐπουράνιον.
1489 1850 1581 1882 Ὅστις
1615 1851 1795 1885 ἀναγινώσκει
1823 1850 1867 1881 τὰς

1086 1891 1194 1923 ἐντολὰς
1213 1892 1331 1925 ταύτας,
1364 1893 1380 1928 ἢ
1408 1893 1512 1925 ἀκούει,
1543 1895 1590 1920 καὶ
1619 1895 1656 1930 μὴ
1675 1897 1746 1922 ποιεῖ
1777 1894 1865 1926 αὑτὰς,

1086 1938 1261 1974 πεπλήρωται
1285 1939 1313 1964 ὲν
1328 1939 1403 1974 αὐτῷ
1415 1941 1429 1965 ὀ
1447 1940 1545 1976 σπόρος
1561 1942 1576 1967 ὁ
1596 1940 1689 1968 πεσὼν
1704 1943 1744 1974 είς
1762 1941 1810 1977 τὴν
1825 1939 1865 1967 πέ-

1086 1992 1163 2020 τραν,
1183 1985 1230 2010 καὶ
1252 1984 1296 2011 διὰ
1316 1985 1346 2011 τὸ
1377 1985 1414 2021 μὴ
1441 1985 1514 2021 ἔχειν
1542 1986 1609 2021 γῆν,
1632 1987 1802 2024 παραχρῆμα
1814 1986 1866 2020 ἐξη-

1087 2029 1182 2067 ράνθη.
1202 2030 1231 2056 Ὀ
1256 2030 1284 2056 δὲ
1300 2029 1492 2064 ἀναγινώσκων
1506 2032 1553 2058 καὶ
1567 2032 1650 2059 ποιῶν
1662 2034 1736 2060 ἐστιν
1745 2035 1758 2060 ό
1773 2032 1864 2067 σπόρος

1085 2077 1100 2102 ὁ
1119 2075 1210 2102 πεσὼν
1225 2075 1265 2108 είς
1291 2076 1339 2111 τὴν
1354 2075 1407 2110 γῆν
1425 2076 1473 2112 τὴν
1485 2076 1600 2113 ἀγαθὴν,
1621 2079 1668 2106 καὶ
1688 2078 1865 2114 ὲκαρποφόρῃ-

245 2132 291 2150 σεν
305 2124 333 2151 ἓν
347 2124 380 2157 λ’,
395 2125 440 2151 καὶ
453 2124 481 2151 ἓν
499 2125 529 2157 ξ’,
548 2125 595 2151 καὶ
608 2124 636 2150 ἓν
657 2127 689 2160 ρ’,
706 2124 736 2149 ὲν
751 2123 860 2158 Χριστῷ
879 2122 966 2158 ἰησοῦ
989 2122 1027 2158 τῷ
1043 2122 1140 2158 Κυρίῳ
1155 2122 1245 2158 ἡμῶν,
1265 2120 1286 2156 ᾧ
1304 2123 1321 2158 ὴ
1336 2122 1412 2155 δόξα.
1439 2123 1534 2159 Ἀμήν.

281 2193 304 2208 ’⁸
324 2191 389 2220 Luc.
411 2201 456 2225 xv,
477 2193 501 2219 7.
541 2193 562 2209 "
585 2192 675 2220 lCor.
696 2201 734 2225 ιι,
752 2192 778 2219 9.

692 2321 852 2348 MONlTUM
873 2320 906 2347 IN
926 2318 1113 2347 OPUSCULA
1132 2317 1203 2346 DUO
1223 2317 1430 2351 SEQUENTIA.

279 2401 375 2427 Postea
397 2400 513 2434 sequitur
534 2399 560 2424 in
575 2401 704 2433 exacriplo
724 2398 807 2426 Roma
824 2397 898 2425 nobis
924 2396 1082 2423 transmisso
1097 2395 1173 2422 aliud
1191 2395 1348 2430 opusculum
1368 2403 1401 2423 ea:
1425 2396 1513 2424 codice
1530 2405 1580 2424 mc.
1602 2395 1772 2425 Bibliotheca:
1797 2395 1861 2423 Vati-

242 2455 326 2478 cauw,
342 2454 414 2474 num.
428 2445 507 2476 1148,
523 2445 551 2471 in
565 2444 659 2471 charta
674 2453 824 2480 papyracea
839 2445 867 2471 in
882 2444 920 2476 4',
937 2451 963 2478 ρ.
978 2443 1023 2475 65,
1040 2454 1044 2469 4

1086 2450 1115 2469 us
1131 2442 1245 2469 titulus:
1263 2441 1316 2468 Τοῦ
1336 2442 1365 2468 ἐν
1381 2442 1469 2476 ἁγίοις
1489 2443 1594 2479 Πατρὺς
1612 2443 1691 2479 ἡμῶν
1710 2442 1860 2470 Ἀθανασίου

240 2492 288 2518 τοῦ
307 2490 422 2526 μεγάλου
438 2490 598 2516 διδασκαλία
615 2491 683 2526 πρὸς
707 2490 851 2526 μονιαχοὺς,
869 2490 984 2524 imperiti
999 2489 1044 2515 hor

1086 2488 1124 2521 is,
1138 2493 1163 2515 et
1177 2488 1276 2523 iit/imm
1290 2497 1400 2524 prorsus
1417 2490 1516 2517 (etatis.
1531 2488 1580 2516 Est
1596 2495 1685 2517 autem
1706 2490 1788 2517 codex
1806 2487 1862 2523 inli-

241 2538 303 2564 nitis
317 2545 379 2571 pene
395 2536 494 2563 utendis
510 2543 654 2570 respersus,
669 2541 697 2561 ut
715 2537 758 2562 vix
775 2536 831 2562 erui
845 2535 928 2570 possit
943 2539 1005 2568 apta
1025 2534 1163 2561 sententia.

276 2584 356 2610 Aliud
375 2582 531 2617 opusculum
552 2591 567 2608 [ι
582 2582 711 2616 fratribus
726 2583 824 2609 nostris
840 2581 924 2608 Roma
944 2580 1132 2607 transmissum
1146 2579 1289 2614 infacundi
1313 2580 1426 2607 hominis
1442 2584 1466 2606 et
1483 2581 1653 2615 nugacissimi
1676 2589 1742 2616 opus
1761 2584 1813 2611 est,
1832 2585 1861 2606 ex

240 2632 328 2659 codice
344 2630 464 2657 Vatican.
475 2630 485 2656 l
495 2630 543 2656 I98
555 2630 714 2663 exscriplmn
728 2638 736 2656 :
751 2629 851 2656 mendis
866 2629 1013 2655 innumeris
1030 2635 1177 2662 respersum
1189 2632 1213 2654 et
1235 2628 1311 2662 nugis
1325 2627 1518 2662 plenissimum,
1532 2628 1607 2663 cujus
1622 2629 1715 2655 titulus
1727 2633 1776 2662 est,
1789 2628 1862 2654 Ἀθα-

239 2678 330 2705 νασίου
348 2676 394 2704 τοῦ
414 2676 531 2711 μεγάλου
548 2676 710 2711 ἐξηγητικὸν
728 2675 854 2711 περὶτοῦ
878 2676 906 2701 ὲν
926 2675 1044 2709 nomen

1086 2673 1149 2706 ναοῦ,
1166 2673 1269 2700 initium
1284 2681 1343 2700 vero
1358 2673 1425 2700 idem
1441 2673 1509 2708 quod
1526 2674 1575 2701 156
1590 2675 1743 2710 quastionis
1761 2674 1794 2701 ad
1809 2674 1860 2700 An-

239 2724 369 2752 tiochum:
382 2723 450 2754 Τοὺς
465 2723 514 2754 τὰς
529 2722 603 2754 θείας
620 2722 731 2758 Γραφὰς
750 2723 786 2758 μὴ
804 2721 1013 2757 ἐπισταμένους.

274 2769 410 2796 Edendunt
426 2772 512 2794 tamen
526 2767 662 2800 duximus,
676 2772 704 2794 ut
720 2768 816 2799 rideas,
833 2767 925 2793 Lector
940 2766 1052 2796 erudite,
1064 2773 1196 2800 quousque
1212 2765 1368 2799 ineptiarum
1383 2766 1505 2801 progredi
1520 2769 1597 2800 queat
1620 2765 1723 2792 Graecia
1739 2764 1858 2792 menda].

240 2815 332 2842 Prodit
349 2820 435 2842 autem
454 2822 486 2840 ea:
507 2823 556 2841 ms.
571 2815 657 2841 codice
675 2814 765 2842 (ἶνα-ρο
788 2814 949 2840 bibliothecw
980 2811 1117 2839 Vatican
1133 2819 1204 2838 num.
1222 2811 1300 2845 1193,
1326 2812 1352 2838 in
1369 2812 1435 2846 [alio
1452 2813 1477 2839 in
1504 2813 1597 2838 charta
1618 2818 1784 2846 papyratea,
1801 2813 1861 2838 teta-

239 2865 271 2889 tis
287 2865 389 2890 circiter
406 2863 460 2889 *ὶου
481 2871 621 2890 annorum.
