1926 3068
67 148 136 178 “9.!

654 147 829 177 DOCTRINA
847 148 892 175 AD
911 147 1107 176 HONACHOS.

1619 149 1630 176 Ι
1640 147 1690 176 £12

384 237 453 266 ΤΟΥ
468 237 514 264 ΕΝ
529 236 638 263 ΑΓΙΟῙΣ
658 236 792 263 ΠΑΤΡΟΣ
806 236 903 263 ΠΜΩΝ
919 235 1112 263 ΛΘΑΝΑΣΙΟΥ
1132 235 1200 262 ΤΟΥ
1218 235 1380 263 ΜΕΓΑΛΟΥ

454 315 637 343 Διδασκαλία
662 315 737 349 ,πρὸς
755 315 909 350 μοναχοὺς
933 314 1089 349 πραοτέρα,
1114 315 1308 350 πνευματική.

511 430 636 458 SANCTI
654 430 779 458 PATRIS
797 429 924 458 NOSTBI
944 428 1128 456 ATHANASll
1149 428 1256 457 MAGNI

526 508 656 536 Doctrina
670 509 704 536 ad
720 509 872 541 monachos,
890 507 965 540 lenis,
979 512 1056 543 atque
1072 506 1230 542 spiritualis.

101 621 155 649 Τὸν
179 619 342 649 πιστεύοντα
365 621 405 657 τῷ
431 621 535 657 Κυρίῳ,
560 623 606 648 καὶ
625 623 770 658 προσιόντα
791 625 850 651 ἑαυ-

935 620 989 654 Qui
1014 620 1127 648 Domino
1149 619 1250 652 credit,
1273 624 1300 648 et
1324 621 1351 647 in
1369 628 1429 648 sese
1454 623 1631 656 convertitur,
1655 633 1687 652 ac

64 667 122 702 τῷ,
154 668 201 694 καὶ
228 667 274 694 ἐπὶ
302 667 402 693 τέλειον
439 668 479 698 είς
507 666 674 702 μαθητείαν,
707 667 851 702 μανθάνειν

62 715 106 742 δεῖ
142 714 276 750 πρότερον
308 712 472 748 ἀφίστασθαι
500 713 601 743 παντὸς
637 713 850 749 ἁμαρτήματος·

64 762 162 788 ἔπειτα
172 760 264 787 δὲ-καὶ
276 760 442 794 ἀφέλκοντας
454 759 509 795 (‘26)
520 761 576 791 τοῖς
585 759 770 795 ὀφειλομένοις
783 759 853 787 κατὰ

64 805 181 837 πολλοὺς
210 805 306 839 λόγους
331 804 458 831 εὐπαθεῖν
486 804 525 840 τῷ
554 805 648 840 Κυρίῳ
682 804 777 840 ἡμῶν,
801 805 852 832 κᾶν

63 852 276 887 ὰλογοφάνειρος
299 849 368 878 εἶναι
390 851 460 877 δοκῶ
484 859 535 877 σοι.
567 850 708 878 Ἀδύνατον
731 851 786 886 γὰρ
805 851 851 878 τὸν

64 897 206 932 ἁμαρτίαν
242 896 386 928 ποιοῦντα,
423 896 440 931 ἢ
476 896 680 931 ὲμπλεκὸμενυν
709 898 768 928 ταῖς
802 897 850 924 τοῦ

65 943 124 978 βίου
141 942 343 979 πραγματείαις
360 943 376 978 ἢ
402 941 634 978 φροντίσι,δοῦναι
647 943 727 970 αὐτὸν
749 945 780 979 τῇ
796 943 851 970 τῶν

63 986 132 1021 πρὸς
158 986 189 1012 τὸ
210 986 258 1020 ζῇν
284 985 440 1018 ἀναγκαίων
466 985 613 1016 δουλεύσει,
631 985 680 1020 οὺχ
702 985 743 1012 ὅτι
770 987 852 1022 μαθη-

62 1031 192 1066 τευθῆναι
222 1030 261 1066 τῷ
294 1031 406 1066 Κυρίῳ·
438 1031 469 1057 οὺ
511 1031 643 1066 πρότερον
676 1032 779 1058 εἰπόντι
811 1032 850 1067 τῷ

62 1077 209 1112 νεανίσκῳ,
227 1086 236 1102 ι
247 1076 330 1112 Δεῦρο
345 1077 483 1104 ἀκολούθει
498 1086 552 1112 μοι,
565 1087 573 1102 ι
584 1078 635 1109 ἕως
643 1078 675 1105 ἃν
683 1078 849 1105 ἐντείλασθαι

62 1123 187 1158 πωλῆσαι
203 1122 237 1149 τὰ
256 1122 412 1158 ὑπάρχοντα
429 1122 474 1149 καὶ
489 1123 579 1150 δοῦναι
590 1123 705 1158 πτωχιξν
721 1123 789 1150 ἀλλὰ
805 1125 850 1150 ού-

60 1169 89 1196 δὲ
105 1170 136 1196 τὸ
154 1169 234 1196 τοῦτο
257 1168 414 1204 προσέταξε,
432 1169 496 1204 πρὶν
512 1169 678 1205 ὁμολογῆσαι
690 1170 782 1202 αὑτὸν,
807 1171 848 1197 ὅτι

63 1226 73 1242 ι
90 1217 185 1243 Πάντα
199 1215 285 1242 ταῦτα
298 1215 476 1251 ἐφυλαξάμην
487 1217 520 1242 ὲκ
529 1215 654 1250 νεότητός
665 1224 742 1251 μου.»
753 1217 782 1243 '0
794 1216 848 1252 γὰρ

63 1264 170 1298 μήποτε
188 1262 278 1288 λαϐὼν
299 1262 348 1298 τὴν
365 1262 461 1295 άφεσιν
475 1261 529 1288 τῶν
543 1261 685 1297 ἁμαρτιῶν
699 1263 745 1288 καὶ
760 1270 846 1289 κατα-

903 666 1022 702 perl‘ecte
1043 667 1076 693 ad
1094 666 1266 702 disciplinam
1296 673 1357 694 sese
1381 667 1479 700 tradit,
1499 667 1587 696 discat
1606 677 1689 705 opor-

904 717 956 745 tet,
972 720 1033 740 esse
1055 713 1172 748 primum
1188 713 1223 739 ab
1245 713 1319 740 omni
1337 717 1451 747 peccato
1473 714 1687 744 abscedendum.

904 758 1006 786 Deinde
1040 765 1100 786 sese
1122 759 1262 794 pertrahat
1291 759 1325 786 ad
1355 759 1446 786 debita
1476 760 1579 790 otiicia.
1605 763 1689 797 probe

903 804 1016 832 allectus
1038 811 1102 839 erga
1127 804 1271 831 Dominum
1294 809 1428 832 nostrum.
1447 805 1560 834 Etiamsi
1576 807 1633 835 haec
1650 810 1690 835 lo-

902 849 1022 883 quendo,
1047 848 1182 876 absurdus
1205 848 1255 876 tibi
1281 848 1397 876 fortasse
1414 850 1507 877 videar
1528 859 1598 879 esse.
1620 851 1688 879 Nam

902 894 961 921 ﬁeri
982 895 1076 929 nequit
1093 902 1153 921 eum
1171 894 1217 929 qui
1244 899 1385 929 peccatum
1403 896 1532 927 admittit.
1562 898 1688 932 implica-

902 945 999 976 turque
1021 941 1134 976 hujusCe
1157 941 1218 968 vita:
1240 942 1367 976 negotiis,
1389 949 1421 969 ac
1446 943 1687 978 sollicitudinibus,

901 987 1023 1014 servituti
1038 994 1132 1024 earum
1149 994 1240 1013 rerum
1262 994 1322 1021 quae
1339 986 1372 1013 ad
1391 987 1474 1015 vitam
1502 992 1566 1015 sunt
1592 997 1688 1017 neces-

900 1032 980 1060 sariae
995 1040 1057 1060 sese
1073 1032 1191 1064 tradere,
1207 1036 1255 1058 aut
1267 1033 1440 1067 disciplinam
1461 1034 1555 1062 subire
1569 1035 1687 1069 Christi;

899 1077 947 1113 qui
963 1085 1017 1105 non
1037 1081 1100 1105 ante
1124 1077 1290 1105 adolescenti
1312 1078 1351 1104 illi
1375 1078 1464 1106 dixit:
1486 1079 1566 1115 525
1584 1089 1592 1106 ι
1609 1080 1687 1114 Veni,

899 1132 1014 1159 sequere
1024 1133 1065 1152 me
1075 1125 1108 1156 ",
1121 1134 1130 1150 ›
1146 1132 1226 1160 quam
1243 1126 1415 1160 praecepisset
1431 1127 1480 1158 illi,
1498 1132 1527 1154 ut
1543 1135 1608 1155 suas
1622 1136 1688 1155 ven-

899 1171 975 1198 deret
987 1171 1186 1206 possessiones,
1207 1170 1339 1206 daretque
1363 1172 1529 1206 pauperibus
1546 1183 1552 1200 :
1575 1174 1622 1201 sed
1640 1182 1688 1202 ne-

898 1224 951 1251 que
977 1216 1053 1251 prius
1075 1217 1127 1244 ista
1151 1216 1252 1251 jussit.
1269 1224 1350 1250 quam
1375 1217 1420 1244 ille
1448 1218 1591 1246 confessus
1615 1223 1688 1248 esset

899 1263 1030 1290 dicendo:
1043 1272 1053 1288 ‹
1066 1262 1128 1290 llaec
1140 1263 1231 1290 omnia
1245 1263 1378 1291 custodivi
1393 1272 1406 1290 a
1417 1264 1559 1298 juventute
1570 1266 1685 1293 mea".t

61 1309 151 1341 λυθεὶς
169 1309 223 1336 ἀπὸ
247 1308 349 1335 τούτων
363 1309 392 1334 ὲν
407 1307 446 1343 τῷ
471 1307 566 1343 αἵματι
585 1307 632 1334 τοῦ
648 1307 750 1343 Κυρίου
772 1307 851 1342 ἡμῶν

901 1308 1007 1336 Etenim
1025 1310 1072 1344 qui
1086 1310 1273 1337 remissionem
1289 1314 1461 1344 peccatorum
1474 1311 1594 1338 nondum
1611 1319 1690 1339 acce—

69 1356 155 1391 Ὶησοῦ
177 1354 308 1390 Χριστοῦ,
323 1353 455 1381 δουλεύων
481 1353 509 1380 δὲ
525 1353 564 1390 τῷ
577 1353 691 1389 διαϐόλῳ
708 1353 754 1380 καὶ
781 1362 850 1389 κρα-

62 1402 193 1437 τούμενος
206 1402 258 1428 ὑπὸ
271 1401 320 1436 τῆς
339 1402 367 1427 ὲν
384 1400 458 1436 αὐτῷ
477 1400 625 1436 ἁμαρτίας,
640 1399 778 1432 ἀδυνάτως
793 1400 848 1436 ἔχει

62 1448 203 1474 δουλεῦσαι
220 1447 258 1482 τῷ
273 1447 368 1483 Κυρίῳ
379 1446 418 1482 τῷ
432 1446 608 1482 ἀπαράϐατον
621 1446 756 1482 ἀπόφασιν
767 1446 849 1473 δεδω-

64 1494 120 1520 κότε⁸
131 1494 161 1520 τὸ
176 1494 280 1520 εἰπεῖν·
304 1503 313 1519 ‹
334 1494 392 1525 Πᾶς
405 1494 419 1520 ὁ
433 1492 517 1520 ποιῶν
532 1493 581 1528 τὴν
593 1493 740 1528 ἁμαρτίαν,
758 1488 854 1524 δοῦλόξ

63 1541 119 1567 ἐστι
131 1541 180 1576 τῆς
188 1540 336 1576 ἁμαρτίας.
356 1541 384 1567 '0
399 1539 427 1566 δὲ
442 1539 534 1571 δοῦλος
550 1539 580 1566 οὐ
597 1539 671 1574 μένει
684 1539 713 1565 ὲν
727 1540 759 1574 τῇ
776 1539 850 1575 οίκίᾳ

64 1588 102 1618 εἰς
117 1586 163 1612 τὸν
184 1585 279 1612 αἰῶνα.
295 1595 305 1611 ι
321 1586 463 1621 Μαρτυρεί
479 1585 525 1612 καὶ
539 1585 554 1610 ὸ
569 1585 599 1611 ὲν
629 1583 739 1620 Χριστῷ
762 1583 849 1610 λαλῶν

64 1632 179 1664 Παῦλος,
207 1633 248 1658 ὅτι
273 1641 283 1657 ‹
306 1633 321 1658 ὁ
346 1631 437 1663 δοῦλος
458 1631 508 1666 τῆς
530 1630 677 1666 ἁμαρτίας,
709 1629 850 1666 ἐλεύθερός

65 1682 137 1707 ἐστιν
155 1680 211 1707 ἀπὸ
222 1679 270 1714 τῆς
295 1679 478 1714 δικαιοσύνης.
498 1687 507 1704 ›
524 1677 579 1704 Καὶ
600 1676 681 1703 πάλιν
694 1677 708 1703 ό
728 1676 848 1712 Κύριος”

65 1737 76 1752 ε
90 1727 184 1759 Οὐδεὶς
215 1726 324 1753 δύναται
350 1726 410 1752 δυσὶ
423 1724 527 1760 κυρίοις
553 1723 697 1757 δουλεύειν,
715 1733 724 1749 ι
753 1722 851 1750 καὶτὰ

65 1774 126 1808 ἑξῆς
138 1782 144 1788 ·
162 1775 196 1800 δι’
210 1770 247 1800 ὧν
261 1772 374 1805 ἐδίδαξε,
389 1771 436 1798 καὶ
453 1771 554 1804 ἔδειξεν
568 1769 723 1806 ὁριστίζων,
748 1769 796 1796 καὶ
809 1769 850 1795 εί-

66 1818 132 1851 πὼν,
153 1819 195 1846 ὅτι
209 1817 270 1844 οὔτε
288 1818 311 1844 οἱ
324 1817 388 1852 περὶ
405 1816 454 1852 τὴν
468 1815 552 1847 ὅντως
567 1814 720 1849 ἀναγκαίαν
737 1813 784 1840 τοῦ
801 1814 850 1849 ζῇν

67 1865 202 1900 μέριμναν
221 1863 385 1898 ὲνεχόμενοι,
403 1862 536 1889 δουλεύειν
559 1861 696 1893 δύνανται,
709 1860 770 1896 οὐχ).
791 1860 850 1886 τόδε

67 1911 240 1946 μαθητεύειν,
251 1911 264 1937 ὅ
278 1918 305 1936 τι
318 1909 418 1944 ἔμαθεν
426 1908 585 1940 Ἀπόστολος
602 1907 768 1943 πλατύτερον
782 1906 849 1933 θεω-

67 1958 166 1993 ρήσας·
182 1956 242 1984 εἶπε
254 1957 323 1992 γάρ’
339 1966 347 1982 ι
363 1957 411 1988 Τίς
425 1956 525 1991 μετοχὴ
541 1955 712 1990 δικαιοσύνης
726 1955 774 1982 καὶ
791 1955 851 1981 ἀνο-

69 2002 140 2037 μίας,
156 2003 203 2029 καὶ
214 2002 256 2034 τίς
272 2002 398 2029 κοινωνία
411 2001 480 2036 φωτὶ
491 2001 558 2037 πρὸς
573 2001 677 2033 σκότος,
687 2000 730 2032 τίς
745 2000 773 2027 δὲ
783 2008 851 2035 συμ-

67 2048 184 2083 φώνησις
196 2047 315 2083 Χριστοῦ
339 2047 407 2083 πρὸς
434 2046 548 2078 Βελίαδ;
566 2046 583 2082 ἢ
598 2046 641 2077 τίς
657 2046 736 2080 μερὶς
762 2044 850 2079 πιστῷ

68 2095 135 2129 μετὰ
148 2094 274 2126 ἀπίστου,
289 2094 330 2125 τίς
344 2094 373 2120 δὲ
395 2093 593 2127 συγκατάθεσις
617 2092 674 2128 ναῷ
691 2091 759 2127 μετὰ
776 2091 852 2118 εἰδώ-

65 2140 128 2173 λους
144 2150 153 2167 ι
166 2141 221 2168 Καὶ
235 2140 317 2166 πάλιν
331 2139 477 2174 ὀριστίζειθ
493 2148 502 2164 ι
514 2139 546 2166 Ἡ
560 2138 627 2174 σὰρξ
636 2138 765 2174 ἐπιθυμεῖ
779 2138 851 2165 κατὰ

66 2187 110 2214 τοῦ
139 2188 304 2222 πνεύματος,
333 2187 363 2212 τὸ
392 2186 420 2212 δὲ
447 2185 556 2221 πνεῦμα
578 2185 648 2211 κατὰ
660 2185 710 2219 τῆς
733 2184 849 2220 σαρκός·

66 2233 150 2260 ’ταῦτα
160 2234 188 2260 δὲ
203 2233 370 2260 ἁντῐκεινται
397 2231 523 2267 ἀλλήλοις
537 2251 543 2262 ,
561 2231 605 2258 ἵνα
627 2231 664 2266 μὴ
677 2230 695 2257 ἃ
708 2229 740 2257 ἂν
756 2229 852 2265 θέλητε

67 2279 150 2306 ταῦτα
163 2281 269 2315 ποιῆτε.
285 2289 294 2305 ι
315 2278 460 2313 Ῥυσθῆναι
472 2278 513 2304 δεῖ
524 2278 654 2313 πρότερον
669 2276 716 2302 τοῦ
734 2275 851 2302 καταδυ-

67 2326 163 2353 ναστοῦ
176 2326 223 2352 τοῦ
238 2325 361 2352 διαϐόλου
373 2324 516 2358 ἐνάγοντος
530 2323 576 2349 ἐπὶ
588 2323 640 2358 τὴν
653 2322 790 2358 ἁμαρτίαν
806 2321 852 2348 τὸν

68 2371 111 2397 ὑπ’
128 2371 223 2406 αὐτῆς]
235 2370 429 2407 κρατούμενον.
453 2369 578 2404 Ἐφαμεν
599 2367 741 2403 βούλεσθαι
755 2367 782 2394 δὲ
799 2367 852 2402 ἄρα

67 2418 113 2444 καὶ
129 2419 193 2444 πότε
210 2417 436 2453 ἀπαρνησάμενον
451 2415 538 2442 πάντα
548 2414 583 2441 τὰ
593 2414 714 2449 παρόντα
728 2413 775 2440 καὶ
789 2414 852 2439 ἐαυ-

67 2463 121 2495 τὸν,
138 2464 187 2499 τῆς
212 2464 240 2490 δὲ
260 2462 449 2499 προσπαθείας
477 2460 524 2487 τοῦ
556 2460 605 2496 ζῇν
635 2460 852 2495 ἀναχωρήσαντα

68 2509 269 2545 μαθητευθῆναι
285 2507 324 2544 τῷ
337 2507 442 2543 Κυρίῳ,
459 2505 527 2533 καθὸ
539 2505 621 2536 αὐτὸς
641 2505 752 2540 εἴρηκεν
763 2513 770 2519 ·
793 2513 801 2529 l
820 2504 854 2530 Εῐ

66 2564 107 2588 τις
119 2556 257 2583 ἐλεύσεται
271 2555 338 2591 πρὸς
353 2555 396 2589 μὲ,
410 2551 614 2588 ἀπαρνησάσθω
625 2550 715 2581 αὑτὸν,
726 2551 772 2577 καὶ
784 2550 853 2586 ἀρά-

65 2610 103 2628 τω
110 2603 155 2629 τὸν
165 2602 280 2637 σταυρὸν
291 2600 383 2632 αὑτοῦ,
392 2600 440 2626 καὶ
449 2598 628 2626 ἀκολουθείτω
639 2606 694 2633 μοι,
702 2597 783 2632 »ὅπερ
794 2596 853 2622 ἐστὶ

69 2648 189 2684 μαθητής
205 2657 254 2684 μου
271 2647 397 2674 ἐνταῦθα.
412 2646 450 2674 Οὐ
470 2646 548 2681 μόνον
559 2645 587 2671 δὲ
597 2643 652 2671 τῶν
664 2643 851 2678 ὑπαρχόντων,

66 2695 113 2721 καὶ
128 2695 181 2722 τῶν
192 2695 260 2731 πρὸς
277 2695 308 2722 τὸ
322 2694 372 2730 ζῇν
384 2693 540 2728 ἀναγκαίων
562 2691 739 2726 καταφρονεῖν
768 2696 846 2724 προσ-

102 2774 124 2788 ¹⁸
144 2773 226 2799 Marc.
244 2781 276 2803 ι,
291 2771 336 2799 21.
375 2772 397 2786 ’⁸
417 2770 483 2797 Luc.
505 2777 580 2801 xvul,
596 2769 641 2795 "2|.
662 2767 703 2784 λ²ο
722 2765 801 2794 Joan.
821 2772 880 2796 wn.

102 2816 129 2830 η’.
149 2816 191 2830 νι,
212 2807 304 2830 uno.
351 2807 373 2822 υ
393 2805 452 2830 Gnl.
472 2814 497 2830 ν.
517 2805 557 2830 17.
605 2805 627 2820 υ
648 2802 740 2830 Matth.
761 2809 817 2830 χιιι
835 2801 880 2829 Ἡ.

648 2806 740 2830 Matth.
761 2809 818 2834 xu,
835 2806 880 2829 Ἡ.

67 2807 129 2835 Cor.
149 2816 192 2839 Vl,
212 2807 305 2836 M-iti.

104 2870 159 2899 (26)
180 2870 269 2897 Locus
287 2869 411 2896 vitiosus.

351 2807 373 2822 ³³
393 2805 452 2832 Gal.
472 2814 497 2838 ι’,
517 2805 557 2831 Π.

900 1354 949 1389 pit,
963 1362 1051 1389 neque
1066 1362 1082 1381 ει
1099 1355 1207 1382 delictis
1221 1355 1364 1383 absolutus
1387 1356 1437 1383 fuit
1458 1364 1505 1391 per
1528 1358 1687 1393 sanguinem

900 1400 1007 1428 Domini
1024 1401 1111 1428 nostri
1122 1400 1187 1429 Jesu
1201 1402 1320 1434 Christi;
1333 1402 1380 1429 sed
1395 1403 1505 1430 diabolo
1517 1404 1687 1439 obsequitur.

900 1449 982 1481 atque
997 1446 1117 1481 peccatis
1136 1446 1195 1481 ipse
1219 1447 1278 1474 suis
1290 1453 1386 1482 captus
1399 1447 1555 1482 detinetur;
1572 1450 1689 1476 nullate-

901 1499 953 1520 nus
961 1495 1050 1526 potest
1060 1492 1162 1520 servire
1177 1491 1303 1526 Dumino,
1313 1494 1357 1528 qui
1376 1502 1515 1529 nunquam
1532 1499 1690 1523 controver-

901 1538 1011 1565 tendam
1030 1538 1143 1573 protulit
1156 1540 1318 1566 sententiam
1338 1547 1399 1567 cum
1416 1540 1485 1568 dixit
1503 1550 1509 1568 :
1530 1551 1540 1567 ι
1558 1541 1689 1576 Quisquis

900 1588 1041 1620 peccatum
1059 1584 1134 1617 facit,
1154 1592 1249 1612 servus
1271 1589 1313 1612 est
1337 1586 1453 1619 peccati.
1471 1586 1572 1614 Servus
1598 1591 1688 1614 autem

900 1638 954 1657 non
967 1634 1058 1658 manet
1072 1630 1099 1657 in
1123 1630 1205 1657 domo
1221 1630 1249 1656 in
1264 1630 1393 1657 saaculum
1403 1631 1436 1658 '°.
1451 1640 1461 1657 ι
1481 1631 1609 1659 Testatur
1623 1633 1687 1660 item

900 1677 946 1712 qui
967 1677 996 1704 in
1017 1676 1126 1704 Christo
1153 1677 1273 1711 loquitur
1288 1677 1413 1704 Paulus:
1437 1686 1446 1702 ε
1464 1676 1516 1710 Qui
1536 1684 1631 1706 servus
1646 1682 1689 1706 est

900 1722 1016 1757 peccati,
1028 1721 1096 1749 liber
1106 1725 1148 1748 est
1161 1729 1176 1747 a
1189 1721 1295 1755 iustitia
1303 1721 1336 1747 ³¹.
1348 1731 1356 1747 ι
1366 1719 1404 1747 Ac
1416 1728 1526 1748 rursum
1539 1720 1686 1749 Dominus:

904 1766 1003 1794 «Nemo
1014 1770 1103 1802 potest
1115 1766 1223 1793 duobus
1231 1765 1353 1793 dominis
1364 1766 1468 1793 servire
1474 1766 1512 1793 "z
1528 1776 1536 1792 ι
1546 1771 1571 1793 et
1579 1770 1688 1799 caetera,

901 1812 1002 1847 quibus
1018 1812 1110 1840 docuit
1126 1812 1270 1846 palamque
1296 1811 1424 1843 ostendit,
1446 1820 1480 1839 ne
1502 1812 1563 1839 illos
1578 1812 1689 1847 quidem

902 1859 948 1894 qui
965 1865 1056 1886 rerum
1076 1857 1110 1885 ad
1122 1858 1205 1884 vitam
1227 1857 1444 1884 necessariarum
1456 1856 1639 1884 sollicitudine
1651 1861 1691 1884 le-

903 1909 1011 1935 nentur,
1024 1911 1104 1938 posse
1118 1903 1169 1937 ipsi
1183 1903 1296 1934 servire,
1309 1910 1397 1937 neque
1418 1902 1445 1929 id
1460 1901 1592 1934 ediscere,
1611 1902 1690 1937 cujus

904 1950 1051 1986 Apostolus
1064 1949 1283 1976 consideratione
1304 1955 1365 1980 sua,
1383 1948 1542 1983 ampliorem
1566 1948 1690 1976 notitiam

903 2001 945 2025 est
961 2000 1123 2024 assecutus:
1141 1995 1180 2022 ait
1199 1995 1272 2022 enim
1289 2004 1296 2022 :
1315 2004 1324 2020 t
1343 1994 1408 2027 Qua:
1424 1994 1595 2029 participatio
1607 1995 1691 2029 justi-

903 2043 949 2070 tiae
967 2050 1029 2069 cum
1041 2042 1195 2076 iniquitate,
1211 2045 1238 2068 et
1254 2049 1314 2076 quae
1335 2041 1546 2067 communicatio
1564 2040 1616 2067 luei
1628 2047 1690 2066 cum

901 2088 1040 2120 tenebris,
1057 2088 1120 2123 quis
1137 2095 1289 2115 consensus
1305 2086 1408 2114 Christi
1429 2093 1491 2113 cum
1508 2085 1588 2113 Belial
1603 2085 1690 2118 ?Qua:

901 2134 992 2170 portio
1010 2134 1099 2161 ﬁdelis
1116 2141 1177 2160 cum
1201 2132 1303 2159 inlideli
1318 2132 1330 2158 ?
1352 2139 1412 2166 quae
1430 2132 1577 2158 concordia
1595 2131 1689 2165 templi

901 2190 964 2210 cum
977 2182 1051 2209 idolo
1062 2182 1093 2196 “'
1105 2181 1116 2207 ?
1132 2190 1142 2207 ι
1156 2179 1330 2213 Rursumque
1347 2178 1384 2204 ita
1396 2177 1554 2212 pronuntiat
1571 2184 1576 2202 :
1589 2185 1599 2202 ί
1617 2177 1690 2203 Caro

902 2227 1072 2262 concupiscit
1083 2226 1215 2253 adversus
1231 2225 1369 2259 spiritum,
1382 2227 1408 2251 et
1424 2223 1539 2258 spiritus
1555 2222 1690 2249 adversus

903 2280 1036 2306 carnem;
1054 2272 1111 2299 Ιηεο
1129 2271 1201 2298 enim
1220 2270 1272 2297 sibi
1296 2269 1487 2301 adversantur,
1504 2274 1533 2296 ut
1558 2276 1612 2295 non
1629 2275 1689 2302 quae

902 2319 1045 2347 volueritis
1065 2317 1172 2345 faciatis
1191 2316 1224 2343 ⁸³.
1244 2325 1254 2342 ι
1271 2315 1392 2342 Primum
1413 2319 1520 2350 oportet
1542 2314 1690 2341 liberaria

904 2367 1076 2394 dominatore
1101 2363 1220 2394 diabolo,
1232 2363 1279 2397 qui
1295 2363 1322 2389 in
1337 2366 1478 2397 peceatum
1500 2361 1606 2388 inducit
1628 2368 1690 2388 eum

904 2413 952 2448 qui
969 2411 1095 2440 subditus
1111 2410 1163 2444 ipsi
1176 2413 1227 2437 est.
1248 2408 1372 2435 Diximus
1392 2407 1460 2434 velle
1477 2414 1538 2438 nos,
1559 2405 1692 2434 abdicatis

904 2458 1031 2486 omnibus
1047 2455 1227 2492 praesentibus
1247 2458 1328 2489 atque
1350 2453 1431 2480 nobis
1445 2453 1524 2488 ipsis,
1539 2460 1571 2479 ac
1596 2452 1692 2479 relicta

903 2505 965 2531 vitae
994 2502 1152 2533 aifectione,
1168 2500 1340 2535 disciplinam
1363 2498 1456 2526 subire
1479 2497 1592 2529 Christi,
1621 2496 1692 2522 sicut

904 2549 963 2584 ipse
974 2548 1081 2575 locutus
1096 2550 1139 2574 est
1153 2554 1160 2572 :
1176 2554 1185 2571 (
1207 2544 1236 2572 Si
1250 2545 1312 2580 quis
1330 2547 1392 2579 post
1406 2551 1450 2570 me
1465 2543 1565 2574 veniat,
1578 2541 1694 2576 abneget

905 2594 1093 2630 semetipsum,
1109 2595 1137 2619 et
1163 2590 1239 2618 tollat
1262 2596 1370 2616 crucem
1399 2595 1493 2618 suam,
1510 2591 1537 2614 et
1562 2588 1693 2620 sequatur

906 2648 951 2668 me
961 2629 1012 2671 ",i
1023 2639 1050 2666 id
1062 2642 1116 2671 est,
1129 2646 1192 2666 eum
1201 2636 1246 2672 qui
1255 2634 1406 2670 discipulus
1421 2639 1498 2660 meus
1508 2635 1561 2659 est.
1571 2629 1629 2657 Non
1639 2637 1694 2656 mo-

905 2687 940 2714 do
951 2687 1022 2714 bona
1029 2689 1056 2713 et
1065 2686 1127 2713 vitae
1137 2683 1291 2712 necessaria
1302 2681 1441 2717 despicere
1448 2677 1634 2715 prmeipimur;
1646 2674 1693 2703 sed

900 2765 944 2797 δι,
961 2765 1006 2792 55’.
1045 2764 1065 2780 ²¹
1086 2763 1166 2790 Rom.
1183 2762 1278 2794 “,20.
1317 2760 1339 2776 ⁸²
1360 2758 1454 2787 Matth.
1474 2765 1513 2789 γι,
1531 2756 1577 2783 24.
1617 2753 1650 2770 ³⁸⁵
1671 2753 1693 2779 ll
