1926 3068
246 127 323 156 .ίόἓὸ

779 156 787 161 ,
818 130 845 157 5.
864 130 1093 159 ATHANASIUS.
1114 146 1148 150 —
1169 130 1302 158 SPURIA.

1799 134 1870 162 ηξι

246 186 328 214 etiam
346 190 438 212 mutua
454 185 540 213 ollicia
567 193 627 221 quae
645 187 795 214 secundum
813 193 938 215 naturam
956 193 982 216 et
995 189 1024 216 le-

1084 188 1252 224 τασσόμεθα,
1266 188 1333 216 ἀλλὰ
1345 188 1392 215 καὶ
1412 189 1466 216 τῶν
1482 189 1551 225 πρὸς
1563 190 1694 226 ἀλλήλους
1708 193 1866 226 νενομισμέ-

247 240 306 268 gem
326 236 405 265 sunt,
423 239 552 266 superare
568 236 594 258 et
619 232 745 261 omittere
764 233 903 268 jubemur,
926 234 1032 263 dicente

243 279 362 306 Domino
379 288 384 304 2
405 288 413 303 ε
428 277 479 311 Qui
496 278 583 313 diligit
598 283 700 313 patrem
711 284 738 306 et
753 283 866 307 matrem
880 282 940 316 plus
951 289 1032 317 quam

246 334 297 356 me,
314 333 368 352 non
383 329 426 352 est
441 332 483 351 me
497 324 596 359 dignus
610 325 643 350 ".
666 335 675 351 ι
698 324 830 353 Similiter
845 327 918 362 quod
935 336 1032 356 conse-

243 373 348 407 quitur,
367 371 491 407 proxime
510 372 592 399 situm
613 376 665 403 est,
692 373 746 399 imo
765 372 922 407 longissime
945 375 979 401 ab
998 375 1031 402 iis

242 418 289 452 qui
314 422 379 445 sunt
395 418 517 445 extranei
534 424 549 444 a
566 417 628 445 tide.
648 417 831 450 Quamobrem
857 419 1032 448 vehementer

243 463 380 495 hortatur,
401 466 430 490 ut
457 470 519 490 cum
550 463 752 497 perseverantia
772 470 899 490 asceseos
925 463 1031 491 labores

243 511 439 542 sustineamus,
458 511 484 536 in
501 510 575 536 nullo
591 513 742 537 metuentes
758 509 862 537 inimici
885 510 1029 537 adversum

243 565 293 585 nos
308 561 417 592 paratas
438 556 563 583 insidias.
583 555 802 590 Prmteritligura
820 555 901 590 hujus
924 555 1028 583 mundi.

240 601 282 629 Ad
299 602 366 633 hate,
381 601 487 628 fallacia
502 606 529 628 et
544 601 683 628 tribulatio
708 600 790 636 hujus
813 601 876 628 vita:
894 605 1030 636 tempora-

241 656 291 676 nea
306 652 358 679 est,
371 648 513 682 brevisque
529 647 658 681 temporis
673 655 679 673 :
695 646 749 673 vita
763 654 827 674 vero
842 655 901 682 qure
912 648 938 674 in
951 647 1030 674 Chri-

241 697 275 721 sli
289 693 419 721 servitute
433 693 524 726 agitur
537 696 577 718 est
599 695 711 722 aeterna,
728 695 857 726 perpetua
871 695 899 718 et
915 690 1029 717 immor-

241 739 303 766 talis
328 749 334 765 :
361 746 442 773 quam
468 741 659 772 exspectamus
682 743 732 764 nos
756 736 804 771 qui
830 735 933 763 Christi
958 735 1028 763 servi

240 793 336 813 smnus
353 783 506 818 :cujusque
522 790 605 810 causa
620 782 752 808 mundum
769 781 956 810 ahdicavimus
971 789 1029 808 om-

239 837 344 865 nesque
355 828 591 864 concupiscentias
604 829 674 862 ejus.
684 826 776 861 Neque
791 827 922 855 debemus
933 835 1028 854 eorum

1083 244 1136 262 νων
1152 236 1197 262 καὶ
1210 235 1280 262 κατὰ
1299 235 1380 270 φύσιν
1399 236 1446 262 καὶ
1465 235 1545 271 νόμον
1561 236 1672 262 διί-νζων
1692 236 1868 272 καθηκόντων

1083 283 1260 318 ὑπερφρονεῖν
1272 282 1464 317 παιδευόμεθα,
1476 282 1522 309 τοῦ
1536 283 1635 318 Κυρίου
1649 282 1790 317 λέγοντος·
1811 294 1821 309 ι
1839 284 1868 311 ’0

1082 328 1196 362 ἀγαπῶν
1219 328 1354 364 πατέραῆ
1373 328 1479 364 μητέρα
1496 329 1567 364 ὑπὲρ
1596 329 1658 363 ἐμὲ,
1676 330 1726 355 οὐκ
1742 329 1800 356 ἐστι
1818 339 1867 365 μου

1082 373 1166 406 ἄξιος.
1191 382 1200 398 ι
1225 372 1341 408 Ὁμοίως
1370 373 1417 399 καὶ
1447 373 1478 399 τὸ
1499 373 1591 400 λοιπον
1617 374 1758 408 ἐγγυτάτω
1788 377 1866 407 obesi,

1081 418 1159 453 δῆλον
1167 419 1195 445 δὲ
1208 419 1249 445 ὅτι
1260 419 1327 445 πολὺ
1341 420 1507 455 πορρωτέρω
1518 419 1564 446 καὶ
1577 418 1659 452 ξένων
1672 420 1722 456 τῆς
1738 421 1866 453 πίστεως.

1081 465 1127 491 Διὸ
1146 465 1314 501 παρακαλῶν
1340 465 1465 500 μεγάλως
1488 466 1711 502 ἀοργετουμένοις
1728 468 1756 494 ἐν
1771 477 1868 504 καρτε-

1083 510 1127 546 ρίᾳ
1141 512 1204 542 τοὺς
1231 511 1281 546 τῆς
1296 512 1437 547 ἀσκήσεως
1465 513 1572 544 πόνους,
1588 514 1617 539 ὲν
1633 514 1727 548 μηδενὶ
1749 514 1869 548 δεδιότας

1080 557 1129 588 τὰς
1143 556 1204 583 καθ’
1228 557 1306 592 ἡμῶν
1320 557 1367 583 τοῦ
1383 557 1480 592 ἐχθροῦ
1493 558 1630 593 μεθόδους.
1646 559 1769 594 Παράγει
1788 559 1869 586 τοῦτο

1081 602 1172 637 σχῆμα
1187 601 1233 628 τοῦ
1247 602 1351 637 κόσμου
1367 603 1474 629 τούτου.
1490 604 1544 630 Καὶ
1551 604 1636 630 ταῦτα
1653 605 1669 640 ὴ
1689 605 1794 639 ἀπάτη,
1816 606 1868 632 καὶ

1081 648 1168 682 θλίψις
1181 649 1226 675 τοῦ
1245 648 1302 683 βίου
1323 649 1416 675 τούτου
1436 649 1602 686 πρόσκαιρός
1617 651 1674 676 ἐστι
1702 652 1748 678 καὶ
1779 651 1868 686 ὀλιγο-

1080 694 1195 730 χρόνιος,
1209 695 1224 729 ἠ
1236 694 1264 720 δὲ
1275 693 1314 729 τῷ
1327 694 1386 729 Θεῷ
1400 694 1546 725 δουλεύειν,
1560 694 1616 730 ζωὴ
1641 695 1761 727 αἰώνιος,
1779 696 1867 727 ἀΐδιος

1080 740 1127 766 καὶ
1138 739 1280 772 ἀθάνατος,
1293 739 1345 766 ποῦ
1362 739 1531 774 ἀναμένομεν
1548 740 1572 765 οἱ
1586 740 1624 774 τῷ
1638 740 1747 776 Χριστῷ
1761 741 1867 767 δουλεύ-

1079 793 1169 816 οντεςο
1184 785 1217 811 δι’
1228 785 1261 820 ἣν
1274 785 1320 810 καὶ
1343 785 1539 820 ἀπεταξάμεθα
1565 785 1603 820 τῷ
1619 786 1724 821 κόσμῳ,
1746 786 1794 813 καὶ
1810 787 1861 813 πά.-

1081 838 1141 861 σαις
1150 831 1208 861 ταῖς
1225 829 1383 864 ἐπιθυμίαις
1394 829 1489 856 αὑτοῦ.
1500 830 1554 856 Καὶ
1565 830 1614 856 οὐκ
1633 830 1774 865 ὀφείλομεν
1801 838 1866 865 μνη-

238 876 406 908 meminisse,
424 882 484 910 qua:
499 875 559 909 ejus
574 874 701 909 praecepti
714 873 841 902 servandi
856 881 940 901 eausa
953 874 1024 902 dere-

1080 875 1202 911 μονεύειν
1218 876 1320 908 ἐκεῖνα,
1343 876 1415 912 ἅπερ
1430 876 1474 902 διὰ
1488 876 1537 910 τὴν
1553 875 1661 911 ἐντολὴν
1676 875 1777 911 ταύτην
1797 884 1865 903 κατ⁹

239 922 391 957 liquimus;
416 929 450 948 ne
478 920 637 955 temporalia
664 928 772 947 rursum
797 923 966 955 expetentes,
987 919 1028 948 vi-

237 972 293 995 tam
317 973 445 995 aeternam
468 967 636 1000 amittamus.
664 966 772 994 Mentiri
802 966 902 1001 quippe
922 965 1026 1001 nequit,

236 1015 284 1051 qui
297 1015 366 1042 dixit
388 1024 393 1041 :
410 1023 419 1039 ε
434 1013 565 1049 Quisquis
577 1012 711 1041 dimiserit
726 1013 837 1040 domum
851 1022 860 1038 ι
872 1015 898 1040 et
910 1013 1025 1048 reliqua,

238 1059 412 1095 «centuplum
421 1059 542 1094 recipiet,
553 1062 579 1086 et
588 1059 669 1085 vitam
681 1063 809 1087 aeternam
819 1058 1006 1092 possidebit“.
1015 1068 1024 1083 ι

234 1106 331 1141 Neque
343 1106 427 1143 enim,
441 1109 469 1132 ut
482 1105 590 1140 quidam
607 1106 831 1139 interpretantur,
846 1104 903 1131 haec
919 1105 1026 1133 loeutus

236 1157 279 1181 est
298 1151 429 1179 Dominus
444 1151 478 1179 de
491 1151 526 1179 iis
538 1151 583 1186 qui
599 1154 722 1185 tempore
739 1150 960 1185 persecutionum
977 1158 1026 1185 pro

235 1199 347 1226 nomine
357 1198 418 1233 ejus
432 1198 591 1233 martyrium
603 1197 756 1225 subierunt.
764 1195 942 1232 Nequaquam
952 1197 1024 1224 enim

235 1245 304 1272 dixit
320 1253 326 1270 :
345 1244 364 1271 li
383 1244 471 1271 solum
490 1243 536 1278 qui
560 1251 607 1278 pro
633 1243 742 1270 nomine
765 1251 836 1274 meo,
861 1243 886 1270 in
905 1248 1025 1278 tempore

235 1290 457 1325 persecutionum
476 1297 592 1324 corpora
615 1297 664 1316 sua
688 1289 804 1321 tradent,
833 1289 894 1316 vita:
917 1293 1025 1316 aeterna:

235 1336 420 1363 luereditatem
438 1335 687 1370 possidebunt;sed
700 1339 833 1370 quotquot
851 1342 901 1370 pro
915 1335 1024 1363 nomine

234 1382 294 1415 ejus
318 1382 448 1409 mundum
475 1385 502 1408 et
519 1382 755 1417 concupiscentias
773 1382 833 1417 ejus
849 1386 932 1416 atque
953 1382 1024 1409 bona

234 1428 432 1457 abdicabimus.
448 1435 509 1455 cum
523 1428 661 1459 omnibus,
678 1432 759 1463 atque
771 1429 804 1456 iis
819 1429 900 1456 etiam
918 1429 964 1464 qui
975 1436 1024 1464 pro

233 1475 345 1502 nomine
359 1475 418 1509 ejus
437 1474 597 1510 martyrium
625 1474 769 1507 subierint,
792 1482 852 1501 eam
870 1475 1024 1510 possidebi-

233 1528 306 1548 mus.
319 1520 442 1556 Namque
458 1528 554 1548 omnes
567 1528 701 1555 pauperes
713 1521 820 1556 spiritu,
833 1529 928 1549 omnes
944 1530 1023 1549 mun-

234 1567 284 1595 dos
306 1567 400 1598 corde,
426 1566 524 1597 mites,
540 1574 690 1601 omnesque
712 1567 838 1594 similiter
864 1567 910 1601 qui
927 1567 1024 1595 timent

234 1621 334 1641 nomen
347 1613 407 1647 ejus
427 1614 520 1640 beatos
539 1620 601 1640 esse
611 1613 680 1640 dixit
695 1612 821 1640 Salvator
838 1621 844 1638 :
865 1623 873 1638 ‹
888 1613 1022 1646 Quoniam

234 1659 471 1693 vestrum,inquit,
483 1662 525 1686 est
539 1666 651 1692 regnum
663 1658 795 1685 cotlorum
806 1659 837 1685 ³⁷.
859 1667 868 1684 ι
890 1657 1022 1694 Martyres

232 1705 304 1732 enim
317 1705 476 1739 plerumque
489 1704 530 1730 vel
544 1711 597 1730 uno
614 1703 746 1738 temporis
761 1707 900 1730 momento
913 1710 1024 1730 concer-

232 1756 322 1779 tantes
343 1750 521 1778 consummati
539 1754 623 1783 sunt;
640 1750 838 1777 monachorum
860 1757 926 1777 vero
943 1750 1023 1778 insti-

233 1801 321 1824 tutqu
342 1797 420 1827 vita}.
437 1795 632 1823 certaminibus
648 1795 706 1822 suis
722 1795 845 1830 quotidie
859 1795 1020 1830 martyrium

232 1842 317 1871 subit,
333 1849 387 1868 non
403 1849 416 1867 a
429 1840 562 1875 sanguine
579 1844 605 1867 et
616 1847 714 1872 carne;
732 1840 779 1867 sed
795 1840 927 1867 adversus
944 1840 1020 1874 prin-

231 1888 338 1922 cipatus
355 1891 382 1914 et
403 1891 568 1921 potestates,
586 1886 680 1913 mundi
703 1888 824 1912 rectores
847 1885 1020 1912 tenebrarum

231 1934 335 1964 saeculi,
354 1933 484 1960 adversus
501 1932 654 1967 spiritualia
675 1932 812 1966 nequitiae,
829 1939 915 1966 usque
928 1932 961 1959 ad
975 1939 1022 1959 ex-

231 1985 349 2008 tremum
364 1980 478 2006 halitum
495 1979 614 2005 luctatur
627 1982 709 2012 atque
725 1978 885 2005 dimicat....

1079 920 1234 955 ελείψαμεν,
1249 920 1291 946 ἵνα
1305 920 1342 956 μὴ
1355 921 1437 947 πάλιν
1452 920 1485 947 τὰ
1502 921 1658 956 πρόσκαιρα
1684 921 1865 955 ποθήσαντες,

1077 966 1126 1002 τὴν
1139 966 1246 992 αἰώνιον
1259 965 1330 1002 ζωὴν
1343 966 1556 1002 ὰποϐαλώμεθα,
1580 966 1711 1002 Ἀψευδὴς
1728 967 1783 1003 γὰρ
1798 967 1812 993 ὁ
1823 967 1864 993 εἰ-

1078 1012 1136 1039 πὼν
1150 1013 1190 1039 ὅτι
1208 1022 1216 1038 ι
1238 1013 1291 1044 πᾶς
1311 1013 1340 1044 ὂς
1363 1013 1468 1048 ἀφῆκεν
1496 1013 1595 1045 οὶκίαν,
1613 1023 1623 1038 ι
1639 1014 1686 1040 καὶ
1710 1013 1745 1040 τὰ
1770 1014 1862 1046 λοιπὰ,

1080 1068 1089 1084 ι
1108 1058 1372 1085 ἑκατονταπλασίονα
1383 1059 1508 1094 λήψεται,
1524 1059 1571 1085 καὶ
1585 1058 1656 1094 ζωὴν
1677 1058 1783 1085 αἰώνιον
1797 1059 1865 1095 κλη-

1077 1106 1231 1140 ρονομήσει.
1247 1115 1256 1130 ι
1266 1105 1303 1132 Ut’)
1312 1106 1376 1140 γὰρ,
1385 1105 1422 1137 ὥς
1436 1114 1506 1138 τινες
1514 1106 1598 1133 ταῦτα
1607 1106 1766 1142 ἑρμηνεύειν
1773 1106 1864 1133 δοκοῦ·

1077 1159 1129 1182 σιν,
1157 1151 1197 1177 ὅτι
1219 1151 1282 1186 περὶ
1305 1151 1359 1177 τῶν
1383 1152 1412 1177 ἐν
1427 1151 1466 1186 τῷ
1481 1151 1568 1187 καιρῷ
1581 1151 1634 1178 τῶν
1651 1152 1778 1187 διωγμῶν
1793 1152 1863 1188 ὑπὲρ

1075 1195 1122 1222 τοῦ
1144 1196 1274 1231 ὀνόματος
1290 1196 1372 1222 αὑτοῦ
1391 1197 1624 1232 μαρτυρησάντων
1640 1195 1715 1223 εἶπεν
1725 1198 1738 1223 ό
1749 1196 1862 1232 Κύριος.

1076 1243 1114 1270 Οὐ
1131 1243 1185 1278 γὰρ
1196 1243 1247 1278 ἔφη
1262 1244 1313 1276 ὅτι,
1328 1243 1416 1270 Μόνον
1433 1244 1457 1270 οἱ
1477 1245 1505 1270 ἐν
1519 1244 1557 1279 τῷ
1568 1243 1656 1279 καιρῷ
1668 1243 1724 1270 τῶν
1736 1244 1864 1278 διωγμῶν

1075 1290 1144 1325 ὑπὲρ
1163 1289 1208 1316 τοῦ
1224 1290 1354 1325 ὀνόματός
1373 1299 1423 1325 μου
1446 1290 1481 1316 τὰ
1499 1291 1602 1317 ἑαυτῶν
1629 1290 1742 1326 σώματα
1770 1299 1862 1325 παρα-

1075 1335 1214 1368 δώσοντες,
1227 1335 1299 1370 ζωὴν
1312 1335 1419 1362 αἰώνιον
1432 1335 1697 1371 κληρονομήσονται·
1713 1335 1780 1362 ἀλλὰ
1794 1336 1863 1362 πάν-

1074 1389 1120 1412 τες
1132 1381 1156 1407 οἳ
1167 1381 1211 1408 διὰ
1226 1381 1256 1407 τὸ
1268 1381 1355 1416 δνομά
1368 1390 1417 1417 μου
1429 1382 1476 1409 καὶ
1494 1382 1598 1417 κόσμῳ,
1617 1383 1665 1408 καὶ
1685 1382 1784 1413 πάσαις
1800 1383 1863 1413 ταῖς

1075 1426 1234 1462 ἐπιθυμίαις
1248 1427 1330 1453 αὐτοῦ
1348 1425 1556 1462 ἀποταξώμεθα,
1571 1427 1617 1453 καὶ
1632 1428 1761 1458 πᾶσιτοῖς
1773 1426 1863 1461 ὑπάρ-

1069 1475 1166 1508 ’χουσιν
1181 1473 1263 1500 αὑτοῦ
1274 1473 1484 1508 ἀποταξώμεθα,
1496 1471 1568 1508 ζωὴν
1581 1473 1700 1505 αἰώνιον,
1715 1473 1782 1508 μετὰ
1793 1473 1862 1499 πὰν-

1074 1528 1128 1546 των
1142 1519 1243 1554 δηλαδὴ
1263 1519 1318 1546 τῶν
1338 1519 1408 1555 ὑπὲρ
1431 1518 1478 1546 τοῦ
1493 1519 1625 1553 ὀνόματός
1645 1527 1695 1554 μου
1723 1527 1863 1554 μαρτυρη-

1075 1565 1189 1597 σάντων,
1207 1565 1451 1602 κληρονομήσουσι.
1468 1566 1575 1597 Πάντας
1592 1566 1655 1597 τοὺς
1676 1565 1800 1600 πτωχοὺς
1822 1565 1863 1600 τῷ

1074 1611 1220 1647 πνεύματι.
1238 1612 1357 1643 καὶτοὺς
1373 1611 1509 1647 καθαροὺς
1534 1613 1566 1646 τῇ
1595 1611 1702 1647 καρδίᾳ,
1731 1611 1778 1638 καὶ
1796 1611 1862 1643 τοὺς

1075 1659 1182 1693 πραεῖς,
1197 1658 1316 1689 καὶτοὺς
1334 1657 1518 1692 φοϐουμένους
1529 1657 1558 1684 τὺ
1571 1657 1655 1692 ὖνομα
1671 1656 1752 1684 αὑτοῦ
1771 1665 1862 1692 μακα-

1074 1703 1196 1740 ρίζεσθαι
1209 1703 1303 1739 Σωτὴρ
1318 1703 1419 1737 ἔλεγεν,
1431 1712 1440 1728 ι
1453 1702 1514 1729 ’Ότι
1527 1702 1602 1737 ὑμῶν
1617 1703 1689 1729 ἐστιν
1705 1703 1721 1738 ἡ
1740 1703 1862 1738 βασιλεία

1073 1750 1127 1777 τῶν
1142 1750 1274 1786 οὐρανῶν.
1298 1759 1306 1775 ι
1320 1749 1352 1777 Οἱ
1367 1749 1416 1785 μὲν
1429 1749 1483 1785 γὰρ
1500 1749 1637 1784 μάρτυρες
1657 1749 1797 1781 πολλάκις,
1813 1749 1863 1776 καὶ

1074 1796 1120 1822 ἐπὶ
1139 1797 1188 1831 μιᾷ
1208 1795 1305 1831 καιροῦ
1329 1796 1398 1831 ῥοπῇ
1412 1795 1610 1830 ἀγωνισάμενοι
1643 1795 1840 1830 ἐτελειώθησαν
1852 1804 1860 1810 ·

1074 1844 1091 1878 ὴ
1105 1842 1133 1868 δὲ
1146 1842 1200 1868 τῶν
1218 1842 1343 1877 μοναχῶν
1356 1842 1476 1868 πολιτεία
1501 1841 1591 1874 ἄθλοις
1610 1842 1672 1868 καθ’
1692 1842 1811 1877 ἑκάστην
1827 1841 1861 1868 δι’

1074 1889 1154 1915 αὐτὸν
1171 1890 1312 1924 μαρτυρεῖ,
1327 1889 1377 1915 οὐκ
1385 1888 1438 1916 ἀπὸ
1449 1889 1574 1924 αἵματος,
1590 1889 1638 1915 καὶ
1655 1888 1755 1924 σαρκὸς
1773 1896 1863 1924 παρα-

1074 1934 1240 1969 τασσόμεθα,
1254 1934 1321 1960 ἀλλὰ
1333 1934 1400 1970 πρὸς
1409 1933 1458 1965 τὰς
1466 1934 1563 1969 ἀρχὰς,
1578 1934 1646 1968 πρὸς
1652 1933 1776 1965 ἐξουσίας
1787 1942 1863 1969 πρω-

1075 1980 1330 2015 τοκοσμοκράτορας
1342 1979 1389 2006 τοῦ
1417 1979 1528 2010 σκότους
1551 1979 1598 2005 τοῦ
1611 1979 1720 2012 αἰῶνος,
1743 1979 1811 2013 πρὸς
1827 1978 1863 2005 τὰ

231 2025 403 2062 πνευματικὰ
419 2025 467 2060 τῆς
479 2024 610 2060 πονηρίας
623 2025 801 2060 ἓωςὲσχάτης
826 2025 964 2059 ἀναπνοῆς
982 2024 1031 2060 τὴν
1063 2025 1151 2062 πάλην
1174 2026 1283 2061 ἔχουσα,
1307 2026 1355 2052 καὶ
1379 2025 1464 2057 ὰθλεῖ,
1491 2026 1537 2052 καὶ
1557 2025 1729 2060 είσφανοῦται
1742 2027 1774 2062 τῇ
1791 2035 1862 2053 παν-

231 2074 334 2109 οπλίᾳ..
341 2092 359 2100 ..

286 2119 367 2155 526
377 2119 422 2146 Dei
431 2122 570 2146 armatura
585 2118 707 2145 munita:
722 2125 754 2145 ac
767 2117 859 2145 omnia
869 2121 958 2153 potest
974 2125 1022 2153 per

230 2174 293 2193 eum
310 2166 355 2201 qui
385 2173 473 2200 ipsum
494 2165 630 2192 confortat
649 2169 677 2192 et
697 2165 854 2196 miseratur,
868 2165 1018 2192 Christum.

1133 2117 1180 2144 τοῦ
1194 2117 1261 2144 Θεοῦ
1277 2126 1525 2154 περιφραττομενη,
1553 2119 1600 2146 καὶ
1611 2120 1699 2146 πάντα
1710 2119 1796 2155 ἰσχύει
1815 2119 1862 2148 διὰ

1074 2162 1120 2189 τὸν
1134 2162 1342 2198 ὲνδυναμοῦντα,
1356 2164 1404 2190 καὶ
1414 2163 1540 2190 ἐλεοῦντα
1554 2165 1680 2200 Χριστόν.
1704 2165 1783 2200 Ἡμῖν
1805 2165 1862 2202 γὰρ

231 2212 315 2240 Nobis
331 2213 357 2239 iu
372 2211 500 2246 parabola
518 2211 628 2238 divitias
644 2219 709 2239 suas
720 2212 840 2238 tribuere
855 2218 916 2238 cum
928 2211 1020 2245 cupiat

1076 2209 1102 2235 ὲν
1118 2208 1256 2244 παραϐολῇ
1287 2208 1333 2235 τὸν
1354 2209 1451 2236 ἑαυτοῦ
1467 2210 1579 2237 πλοῦτον
1594 2210 1678 2237 θέλων
1694 2211 1862 2246 χαρίσασθαι

229 2258 371 2289 Dominus,
388 2258 425 2284 ait
444 2266 449 2283 :
467 2267 476 2282 ‹
496 2257 590 2284 Simile
604 2261 646 2285 est
667 2265 779 2292 regnum
793 2258 925 2284 caelorum
942 2265 1021 2291 nego-

229 2305 321 2333 tiatori
330 2305 460 2340 quaerenti
470 2305 556 2331 bonas
569 2304 766 2338 margaritas“,
774 2315 782 2330 ι
792 2308 817 2331 et
828 2307 935 2331 caetera.
947 2303 1021 2330 Hanc

228 2351 396 2379 conlirmans
425 2351 597 2381 sententiam,
622 2351 657 2377 ita
683 2349 804 2384 loquitur
828 2349 1018 2383 evangelista:

229 2407 240 2424 ‹
261 2397 350 2425 Nolite
364 2397 476 2432 diligere
489 2397 632 2428 mundum.
650 2404 737 2431 neque
752 2404 783 2423 ea
799 2404 859 2430 qua:
876 2396 902 2423 in
918 2394 1020 2422 mundo

227 2448 303 2472 sunt.
321 2443 372 2476 Qui
386 2444 458 2470 enim
474 2443 563 2477 diligit
575 2442 716 2473 mundum,
729 2449 783 2468 non
795 2441 883 2476 diligit
899 2448 961 2468 eum
972 2439 1019 2475 qui

228 2490 317 2524 ipsum
330 2489 425 2516 dilexit
440 2487 584 2514 Dominum
593 2487 626 2513 ".
641 2497 649 2513 ι
659 2486 710 2520 Qui
721 2494 786 2514 vero
799 2486 873 2513 hunc
887 2484 1019 2512 mundum

227 2539 253 2563 et
271 2534 401 2563 scandala
416 2542 477 2568 qiue
493 2534 520 2560 in
531 2541 564 2560 eo
579 2536 642 2560 sunt
656 2533 719 2560 odio
734 2532 840 2564 habu‘t,
853 2535 880 2559 et
895 2531 1020 2558 volunta—

227 2586 281 2609 tem
310 2580 358 2608 Dei
380 2580 477 2615 diligit,
506 2580 529 2607 is
559 2584 651 2607 manet
672 2580 699 2606 in
723 2579 863 2606 szeeulum.
887 2577 1018 2605 Dominus

225 2629 315 2660 enim,
331 2635 386 2662 quo
411 2635 462 2654 nos
483 2634 498 2652 a
524 2627 618 2652 mundi
642 2625 850 2652 conversatione
877 2623 1018 2658 dejiccrel,

225 2675 291 2701 dixit
303 2683 310 2701 :
322 2683 332 2698 ‹
347 2672 432 2700 Nemo
448 2673 558 2700 mittens
575 2680 686 2699 manum
704 2680 781 2699 suam
794 2671 827 2698 ad
845 2675 977 2703 aratrum,
993 2673 1020 2697 et

225 2725 298 2748 retro
309 2727 470 2751 conversus,
489 2723 569 2754 aptus
582 2724 623 2747 est
634 2719 667 2745 ad
681 2726 794 2754 regnum
810 2718 941 2745 emlorum
957 2717 990 2742 ⁸ο.
1007 2726 1017 2742 ι

1073 2257 1087 2282 ὁ
1104 2255 1206 2291 Κύριος
1231 2255 1339 2289 ἔλεγεν
1363 2265 1372 2280 ι
1399 2255 1495 2291 Ὁμοία
1519 2257 1624 2292 ἐστὶνή
1652 2257 1773 2292 βασιλεία
1805 2258 1862 2285 τῶν

1073 2300 1194 2336 οὐρανῶν
1210 2299 1321 2335 ἐμπόρῳ
1338 2299 1462 2335 ζητοῦντι
1479 2301 1577 2332 καλοὺς
1593 2302 1774 2336 μαργαρίτας,
1791 2311 1800 2327 ›
1815 2303 1862 2329 καὶ

1073 2346 1107 2372 τὰ
1124 2345 1197 2380 ἑξῆς.
1218 2345 1325 2380 Ταύτην
1340 2345 1389 2380 τὴν
1406 2345 1515 2380 ἐντολὴν
1533 2344 1649 2380 βεϐαιῶν
1673 2345 1760 2377 οὕτως
1776 2346 1862 2380 εὐαγ-

1073 2391 1200 2426 γελιστὴς
1216 2391 1285 2425 ἔφη’
1308 2400 1316 2416 ι
1330 2390 1376 2425 Μὴ
1388 2391 1513 2424 ἀγαπᾶτε
1528 2389 1574 2416 τὸν
1590 2389 1693 2425 κόσμον
1706 2390 1773 2425 μηδὲ
1790 2390 1825 2417 τὰ
1834 2392 1863 2417 ἐν

1072 2438 1176 2473 κόσμῳ.
1198 2436 1229 2464 Ὀ
1239 2436 1293 2472 γὰρ
1315 2436 1360 2463 τὸν
1375 2436 1476 2470 κόσμον
1498 2435 1623 2468 ἀγαπῶν,
1639 2436 1688 2462 οὐκ
1702 2436 1799 2472 ἀγαπᾷ
1815 2437 1862 2462 τὸν

1071 2485 1253 2520 ἀγαπήσαντα
1270 2482 1350 2509 αὑτὸν
1370 2482 1482 2517 Κύριον.
1511 2491 1520 2507 ι
1543 2481 1573 2508 Ὁ
1597 2481 1626 2507 δὲ
1639 2481 1733 2508 τοῦτον
1755 2482 1802 2509 τὸν
1817 2483 1864 2509 κό-

1072 2539 1140 2565 σμον
1156 2529 1203 2556 καὶ
1214 2528 1247 2555 τὰ
1259 2529 1288 2554 ὲν
1303 2527 1377 2562 αὐτῷ
1393 2526 1529 2554 σκάνδαλα
1545 2527 1675 2562 μισήσας,
1695 2527 1742 2553 καὶ
1763 2527 1793 2554 τὸ
1818 2527 1864 2554 θέ-

1069 2576 1143 2610 λημα
1156 2574 1202 2601 τοῦ
1216 2573 1283 2600 Θεοῦ
1300 2573 1446 2608 ἀγαπήσας
1460 2572 1565 2607 εὐμένει
1582 2573 1622 2603 εἰς
1634 2572 1680 2599 τὸν
1691 2572 1786 2599 αἰῶνα.
1803 2573 1863 2601 Χω-

1072 2622 1145 2658 ρισαι
1162 2620 1216 2656 γὰρ
1229 2619 1390 2654 βουλόμενος
1406 2619 1479 2654 ἡμᾶς
1487 2620 1501 2645 ὁ
1512 2619 1651 2654 Δεσπότης
1662 2618 1711 2654 τῆς
1719 2619 1747 2644 ὲν
1765 2618 1864 2654 κόσμῳ

1070 2668 1211 2703 διατριϐῆς
1223 2667 1329 2701 ἔλεγεν
1352 2676 1360 2692 ι
1377 2665 1473 2697 Οὐδεὶς
1501 2665 1590 2701 βαλὼν
1605 2665 1655 2701 τὴν
1671 2667 1750 2701 χεῖρα
1776 2665 1863 2693 αὐτοῦ

1071 2715 1113 2742 ἐπ’
1133 2714 1257 2750 ἄροτρον,
1283 2712 1330 2740 καὶ
1349 2712 1479 2747 στραφεὶς
1504 2713 1543 2744 εἰς
1570 2711 1605 2739 τὰ
1629 2712 1726 2745 ὀπίσω,
1751 2711 1864 2744 εὔθετός

261 2814 283 2829 ³³
303 2815 396 2842 Matth.
416 2823 443 2847 x,
463 2815 506 2842 57.
546 2815 568 2830 ³⁸
588 2815 685 2842 Matth.
705 2823 766 2847 xux,
785 2814 828 2841 29.
868 2814 889 2829 ³⁷
910 2813 976 2840 Luc.
998 2821 1021 2840 \‘l

1076 2813 1098 2839 3.
1137 2811 1158 2827 ³⁸
1180 2809 1273 2837 Matth.
1291 2816 1351 2840 xm,
1369 2807 1413 2834 53.
1453 2807 1474 2823 3°
1496 2806 1503 2834 l
1521 2805 1599 2834 Joan.
1619 2813 1647 2838 ll,
1666 2805 1708 2832 l5.
1747 2804 1771 2821 “
1791 2804 1862 2834 Luc.

225 2856 252 2878 ιχ
264 2869 271 2882 ,
289 2850 334 2878 62.
