1926 3068
188 67 252 96 “Si
766 72 794 99 S.
816 72 1048 100 ATIIANASIUS.
1068 88 1101 93 —-
1120 71 1257 100 SPURIA.
1732 65 1819 98 ’1452

185 134 240 154 non
255 125 368 154 initialis
384 128 514 162 possibile
528 134 569 156 est
588 125 721 164 ejusmodi
737 131 806 157 tradi
825 132 966 166 mysteria,

1021 131 1101 158 αὑτοῦ
1109 131 1182 162 Υἱὸν,
1193 132 1239 158 καὶ
1247 131 1342 165 Λόγον,
1354 131 1399 156 καὶ
1409 130 1439 156 τδ
1448 129 1590 166 σύνθρονην
1598 129 1679 156 αὐτοῦ
1687 130 1734 156 καὶ
1743 131 1819 165 ὁμο-

184 171 232 200 sed
249 172 350 205 audite,
370 169 402 200 ac
430 177 519 202 tuente
536 176 632 202 attenti
654 180 750 203 estote.
774 176 862 203 L‘num
882 178 966 204 solum

1024 177 1113 203 ούσιον
1129 177 1240 213 Πνεῦμα
1255 175 1454 212 προεκήρυξαν,
1472 176 1518 202 καὶ
1529 176 1561 202 τὰ
1570 175 1646 210 τέμια
1659 175 1706 201 τοῦ
1728 184 1818 202 σταυ-

184 222 254 244 erat.
287 217 345 245 Lux
382 219 531 254 spiritualis
565 225 628 248 ante
653 221 740 248 lucem
776 221 966 256 spiritualem:

1025 220 1072 256 ροῦ
1090 221 1162 255 πάθη
1174 220 1364 256 προεκήρυξαν
1374 228 1380 234 ·
1399 221 1472 256 αὐτῷ
1486 221 1502 256 ἠ
1517 220 1590 253 δόξα,
1608 220 1654 247 καὶ
1664 220 1694 246 τὸ
1708 221 1817 256 κράτος

184 267 317 298 erantque
334 263 379 291 illa
390 285 396 297 ,
411 265 569 300 coniunctio
584 267 684 298 mentis
705 275 766 294 cum
783 267 844 294 luce
859 272 886 294 et
906 275 966 294 cum

1025 267 1072 293 σὺν
1087 267 1126 302 τῷ
1139 267 1248 303 ἀνάρχῳ
1259 268 1355 302 Πατρὶ,
1372 267 1417 293 καὶ
1429 266 1468 302 τῷ
1477 267 1602 302 παναγίῳ
1617 266 1758 302 Πνεύματι
1769 267 1816 298 εἰς

186 309 300 344 Spiritu.
319 309 416 337 Omnia
432 319 463 338 ex
486 312 546 346 ipso
564 316 590 339 et
611 313 637 339 in
655 313 754 348 ipsum.
771 313 798 340 in
816 313 966 348 prolilicum

1022 314 1084 344 τοὺς
1101 313 1201 345 αἰῶνας
1212 313 1266 339 τῶν
1281 313 1396 340 αἰώνων.
1412 314 1508 348 Ἀμήν.

184 364 215 384 ex
246 356 377 391 proliﬁco.
410 357 583 386 Descendens
613 360 641 386 in
675 359 835 399 proliﬁcam.
858 359 1269 394 aquam.pr:egnaulcmclfccit
1301 367 1409 394 aquam.
1430 359 1596 394 Viden‘qno
1630 363 1710 394 pacto
1730 359 1813 386 Gree—

183 403 208 430 ci
243 404 449 438 prophetavere.
473 413 504 432 ac
529 414 591 434 eum
619 407 665 441 qui
693 413 755 434 ante
778 415 860 434 omne
885 407 1050 442 principium
1087 411 1162 438 erat,
1193 407 1295 442 quique
1317 415 1371 434 una
1393 415 1454 434 cum
1481 407 1527 434 illo
1555 415 1652 441 expers
1678 407 1813 442 principii

183 456 235 482 est,
264 451 362 479 Filium
391 456 418 480 et
447 452 564 480 Verbum
584 462 714 481 :necnon
735 454 856 488 ejusdem
878 455 970 482 throni
993 454 1156 490 participem
1181 459 1207 482 ct
1226 455 1488 482 consubstantialem
1517 454 1665 490 Spiritum,
1688 456 1815 490 itemque

184 499 366 528 venerandam
386 501 477 528 crucis
496 501 650 536 passionem
673 503 900 537 praenuntiarunt.
922 503 975 537 lpsi
1003 503 1091 537 gloria
1111 506 1138 530 et
1159 503 1315 537 imperium,
1337 511 1399 531 cum
1419 502 1500 531 Patre
1520 503 1657 538 principio
1677 507 1811 533 carentc,

183 549 210 572 et
243 546 418 574 sanctissimo
454 546 568 582 Spiritu,
605 548 633 575 in
662 549 761 576 saecula
794 549 967 576 smculornm.
988 549 1082 575 Amen.

548 699 581 726 IN
602 699 815 727 TRACTATUM
837 700 880 726 DE
899 698 1060 727 CORPORE
1079 699 1123 727 ΕΤ
1143 700 1252 727 ANIMA
1271 699 1439 727 MONITUM.

217 768 257 795 En
271 768 327 800 tibi,
344 767 438 795 Lector
453 768 564 799 erudite,
577 777 636 796 eum
655 770 774 796 sistimus
787 773 940 799 tractatum,
953 777 1028 804 quem
1041 770 1193 796 memorat-it
1213 768 1346 796 Ccrardus
1365 768 1473 795 Vassius
1488 771 1515 796 in
1529 768 1650 804 Gregorii
1669 769 1809 798 Thauma—

181 816 251 851 turgi
275 815 388 843 editione
412 815 559 843 Parisiensi
577 825 646 844 anno
663 817 742 848 1622,
757 825 783 851 p.
806 817 867 846 1‘20.
888 816 937 844 l'bi
954 817 992 843 ait
1011 817 1066 848 ille,
1083 822 1188 844 exstare
1210 816 1298 844 Gra'ce
1319 816 1409 843 Romw
1435 818 1462 843 in
1488 816 1642 842 bibliotheca
1667 815 1810 846 Sfortiarm

180 871 254 890 num.
272 863 318 895 77,
335 863 473 898 pulchram
490 863 576 890 sancti
589 862 730 889 Athanasii
744 862 858 896 episcopi
872 861 1047 888 Alexandrini
1062 862 1257 894 tractationem,
1273 861 1304 887 de
1321 867 1418 887 natura
1433 861 1549 894 corporis
1561 865 1585 886 et
1609 861 1720 890 animal,
1735 866 1759 886 et
1775 861 1811 887 de

180 910 346 944 separatione
366 910 462 936 animm
479 918 494 935 rt
507 917 623 943 corpore.
641 908 674 934 At
686 916 775 935 vereor
791 912 818 934 ut
835 908 874 934 vir
892 907 1010 934 eruditus
1025 916 1114 942 (equus
1128 908 1177 934 hac
1192 908 1218 934 in
1235 913 1309 942 parte
1324 915 1411 934 rerum
1429 907 1575 934 (estimator
1587 906 1809 941 deprehendatur.

181 957 299 984 Tametsi
314 965 425 992 uanique
446 956 568 991 qua‘dam
584 956 626 982 hic
643 961 714 988 sunt,
731 964 789 991 quae
803 964 855 982 non
872 955 918 982 abs
939 963 965 982 re
979 955 1103 982 dicuntur
1115 976 1122 987 ,
1140 956 1194 982 alia
1210 960 1297 983 tamen
1321 960 1380 983 sunt
1398 955 1487 989 [utilia
1503 960 1526 982 et
1543 955 1688 982 Athanasio
1711 964 1810 990 magna

179 1003 298 1038 indigna,
315 1003 462 1038 cujusmodi
475 1008 513 1030 est
527 1002 626 1038 {rigida
641 1002 689 1028 illa
706 1002 803 1029 anima:
818 1001 948 1036 definitio,
963 1006 987 1028 et
1011 1002 1111 1028 similia
1128 1010 1186 1036 qua:
1209 1007 1262 1029 tute
1279 1002 1411 1029 advertas.
1432 1002 1505 1029 Unda
1519 1010 1597 1036 porro
1616 1002 1674 1036 jam
1697 1001 1809 1037 prodeat

180 1049 228 1075 hoc
243 1049 408 1083 opusculum,
429 1057 461 1076 ex
477 1049 547 1075 hisce
561 1047 675 1075 Joannis
697 1047 822 1075 Guillotii
840 1047 925 1074 nostri
938 1047 1021 1074 verbis
1037 1048 1138 1081 accipe,
1151 1048 1195 1082 qui
1209 1057 1258 1075 sua
1274 1057 1352 1075 manu
1365 1048 1516 1083 exscripsit,
1535 1048 1659 1083 uobisque
1680 1049 1810 1074 transmi-

180 1093 225 1121 sit.
243 1093 284 1120 Ea:
301 1093 359 1121 cod.
377 1093 467 1120 στωεο
485 1093 647 1121 bibliotheca
668 1093 813 1124 Vaticanw,
830 1101 902 1119 num.
921 1092 984 1123 700,
1002 1092 1029 1118 in
1053 1093 1147 1120 charta
1160 1102 1318 1128 papyracea,
1333 1094 1436 1122 ridetur
1459 1096 1553 1123 habere
1575 1096 1627 1123 400
1648 1104 1741 1122 annos.
1758 1094 1808 1121 Est

179 1139 292 1174 eleganti
306 1147 398 1171 manu,
411 1138 456 1166 sed
474 1138 628 1165 minusculis
642 1138 738 1164 litteris
748 1142 884 1164 exoratus.
903 1136 950 1164 Εδι
964 1136 1084 1164 collectio
1106 1138 1270 1166 diuersorum
1289 1148 1407 1175 operum,
1419 1145 1445 1169 et
1459 1141 1667 1178 fragmentorum
1683 1141 1734 1170 SS.
1751 1140 1810 1168 Pa-

181 1191 260 1213 trum.
285 1186 405 1214 Continet
423 1187 490 1214 inter
511 1191 606 1213 ca-tera
623 1193 731 1220 sequens
746 1184 910 1219 opusculum.

671 1294 752 1330 529
779 1295 847 1322 ΤΟΥ
865 1295 911 1322 EN
929 1294 1042 1322 ΑΓΙΟΙΣ
1060 1294 1196 1321 narro:
1215 1294 1313 1322 HMDN

835 1374 1153 1422 ΑΘΑΝΑΣΙΟΥ

721 1468 820 1505 ,ΠΕΡι
841 1469 1009 1497 summa
1029 1468 1093 1495 ΚΑΙ
1116 1468 1252 1497 arma.

691 1611 738 1655 S.
769 1611 823 1655 P.
862 1613 921 1656 N.
961 1612 1284 1658 ATHANASH

760 1709 811 1736 DE
826 1709 996 1737 CORPORE
1020 1710 1067 1738 ET
1087 1710 1221 1738 ΑΝΙΜΑ.

217 1818 392 1854 Exploratum
406 1821 448 1845 est
461 1824 560 1852 corpus
571 1817 795 1845 constitutionem
809 1825 885 1845 suam
899 1818 966 1846 acci-

1058 1821 1141 1857 Σῶμα
1164 1821 1202 1857 τῷ
1219 1822 1305 1857 ἔχοντα
1327 1823 1375 1858 τὴν
1399 1822 1522 1849 σύνθεσιν
1536 1824 1568 1850 ὲκ
1591 1823 1644 1851 τῶν
1668 1825 1806 1859 στοιχείων

182 1872 246 1900 pere
256 1872 288 1892 ex
302 1863 444 1891 elementis
452 1883 459 1894 ,
473 1863 628 1898 pariterque
638 1863 857 1891 dissolutionem.
869 1863 970 1896 Quam-

182 1911 276 1937 obrem
297 1916 412 1944 corpora
432 1909 489 1938 sive
505 1909 646 1936 hominum
664 1909 721 1936 sive
738 1914 898 1937 cmterorum
915 1910 972 1936 ani—

184 1957 316 1984 mantium
340 1956 418 1983 facile
439 1960 652 1990 corrumpuntur
671 1963 704 1983 ac
721 1956 886 1987 moriuntur,
907 1963 969 1983 cum

183 2011 217 2031 ex
231 2007 349 2038 quatuor
362 2002 505 2029 elementis
520 2001 576 2028 sint
590 2001 742 2036 composita
754 2022 761 2034 ,
775 2009 871 2036 nempe
883 2005 969 2033 terra,

184 2050 251 2081 sole,
266 2056 336 2084 aqua
349 2052 376 2076 et
389 2055 462 2080 aere,
474 2055 535 2083 quae
548 2051 576 2075 et
589 2048 648 2082 ipsa
664 2055 715 2075 nec
730 2048 817 2081 senio,
830 2055 882 2074 nec
898 2055 970 2074 mar-

183 2104 247 2124 core
257 2096 343 2124 libera
356 2098 476 2126 manent,
489 2093 718 2129 quemadmodum
730 2098 758 2121 et
768 2100 893 2128 corpora,
907 2101 968 2119 cum

182 2149 298 2177 corpora
313 2141 404 2168 omnia
419 2148 452 2168 ex
467 2144 540 2168 terra
555 2139 610 2167 sint
625 2139 705 2167 facta.
723 2138 777 2166 Res
796 2143 886 2166 autem
902 2139 969 2165 sim-

183 2188 268 2223 plices
285 2195 335 2215 nec
351 2187 508 2221 composita:
530 2186 609 2213 facile
634 2189 826 2221 perseverant,
843 2188 870 2212 et
883 2192 970 2219 usque

183 2233 218 2260 ad
244 2232 507 2260 consummationem
533 2231 700 2259 indissoluta:
724 2235 854 2258 manent:
879 2230 987 2269 qualia_

185 2283 259 2311 sunt,
272 2279 328 2310 sol.
340 2279 458 2306 hominis
470 2279 571 2310 anima,
585 2279 641 2310 lux,
653 2277 810 2308 luminaria,
821 2284 877 2309 aer,
887 2284 968 2311 aqua,

185 2325 255 2360 ignis
266 2346 272 2358 ,
290 2325 403 2360 spiritus
414 2345 421 2358 ,
436 2325 528 2353 omnia
543 2326 651 2352 demum
667 2326 812 2361 simplicia.
829 2326 866 2354 De
880 2327 970 2354 anima

182 2378 249 2398 vero
261 2371 318 2398 haec
330 2371 448 2399 dicimus
464 2380 471 2398 :
485 2373 557 2406 quod
569 2371 675 2399 scilicet
688 2372 715 2398 in
730 2372 776 2398 illa
787 2372 842 2399 sint
851 2373 970 2407 quinque

184 2418 345 2452 passiones;
359 2425 419 2452 qua:
435 2417 579 2452 passiones
594 2417 727 2444 animales
741 2421 885 2445 vocantur.
902 2417 970 2444 Sunt

184 2468 274 2491 autem
290 2464 362 2491 illae:
378 2464 437 2495 lra,
453 2463 568 2491 tristitia
579 2483 587 2496 ,
601 2464 694 2495 timor,
708 2463 882 2496 sollicitudo,
900 2463 971 2490 invi-

1021 1866 1138 1902 δέχεται,
1151 1868 1198 1894 καὶ
1213 1868 1342 1900 διάλυσιν,
1361 1869 1409 1895 καὶ
1431 1869 1598 1903 ἀφανίζεται.
1618 1869 1666 1896 Διὰ
1681 1869 1759 1896 τοῦτο
1772 1869 1807 1896 τὰ

1022 1911 1147 1947 σώματα,
1164 1913 1211 1939 καὶ
1226 1912 1386 1949 ἀνθρώπων.
1403 1915 1448 1940 καὶ
1465 1913 1551 1947 ζώων,
1561 1913 1700 1950 εὔφθαρτά
1717 1923 1747 1940 τε
1759 1915 1806 1941 καὶ

1021 1957 1138 1993 εῠθνητα
1159 1959 1348 1994 τυγχάνουσιν,
1366 1960 1399 1985 ἐκ
1426 1959 1565 1995 τεσσάρων
1588 1960 1725 1994 στοιχείων
1744 1969 1806 1986 συν-

1022 2004 1165 2039 ιστάμενα,
1187 2004 1258 2039 λέγω
1281 2005 1324 2040 δὴ,
1340 2006 1401 2040 γῆς,
1418 2005 1504 2041 ἡλίου,
1521 2005 1625 2036 ὕδατος,
1646 2006 1692 2032 καὶ
1713 2006 1803 2042 ἀέρος,

1021 2051 1067 2077 καὶ
1084 2051 1152 2078 αὐτὰ
1163 2051 1212 2077 οὑκ
1226 2052 1360 2087 ἀγήρατα,
1372 2052 1421 2078 οὐκ
1433 2053 1576 2087 ἀμάραντα
1591 2052 1628 2084 ὡς
1643 2052 1675 2078 τὰ
1692 2051 1806 2087 σώματα

1023 2097 1106 2131 μένει,
1119 2097 1186 2124 ἀλλὰ
1201 2097 1311 2133 Θνήσκει
1324 2098 1395 2124 καοὰ
1405 2097 1493 2124 καὶτὰ
1506 2097 1630 2134 σώματα,
1639 2098 1804 2133 ποιηθέντων

1021 2143 1129 2170 πάντων
1147 2143 1280 2178 σωμάτων
1297 2145 1328 2170 ἐκ
1341 2144 1403 2179 γῆς.
1415 2144 1455 2171 Τὰ
1471 2145 1498 2171 δὲ
1520 2145 1592 2171 ἁπλᾶ
1607 2145 1654 2172 καὶ
1669 2144 1806 2170 ἀσύνθετα.

1020 2189 1074 2216 τῶν
1082 2188 1257 2225 ’πραγμάτων
1279 2189 1434 2224 εὐδιάμονα,
1455 2191 1502 2217 καὶ
1517 2190 1568 2222 ἕως
1585 2192 1633 2225 τῆς
1651 2189 1804 2221 συντελείας

1021 2236 1177 2263 ἀκατάλυτα
1192 2235 1265 2270 μένει
1276 2243 1282 2250 ·
1294 2234 1349 2262 οἷον
1363 2237 1377 2262 ὁ
1391 2236 1475 2270 ἥλιος,
1487 2236 1559 2271 ψυχὴ
1573 2235 1726 2271 ἀνθρώπου,
1737 2235 1806 2270 φῶς,

1022 2281 1173 2316 φωστῆρες,
1187 2281 1251 2317 ἀὴρ,
1267 2280 1360 2313 ὕδατα,
1379 2281 1445 2316 πῦρ,
1463 2281 1581 2316 πνεῦμα,
1597 2282 1644 2307 καὶ
1663 2281 1751 2307 πάντα
1771 2281 1805 2307 τὲ

1022 2328 1104 2358 ἁπλᾶ,
1120 2328 1167 2354 καὶ
1182 2328 1210 2353 ἐν
1225 2327 1364 2362 ἰδίᾳ.Περ“ι
1377 2327 1405 2353 δὲ
1416 2327 1503 2361 ψυχῆς
1518 2327 1632 2361 λέγομεν
1645 2325 1748 2357 οὕτως’
1765 2326 1804 2352 ὅτι

1021 2373 1075 2399 εἰσὶ
1100 2372 1180 2398 πέντε
1195 2372 1267 2407 πάθη
1288 2374 1316 2398 ἐν
1337 2372 1420 2407 αὐτῇ,
1447 2372 1525 2398 ἅτινα
1544 2371 1647 2406 ψυχικὰ
1667 2371 1740 2406 πάθη
1757 2380 1805 2398 κα-

1021 2418 1137 2444 λοῦνται.
1150 2417 1211 2444 Εἰσὶ
1225 2418 1253 2443 δὲ
1273 2417 1374 2443 ταῦτα·
1387 2417 1466 2453 ὀργὴ,
1482 2417 1564 2452 λύπη,
1579 2416 1670 2451 φόϐος,
1685 2417 1803 2452 φροντὶς,

1021 2466 1068 2491 καὶ
1093 2463 1198 2498 φθόνος.
1215 2464 1244 2490 '0
1274 2461 1319 2489 οὖν
1348 2463 1476 2498 φρόνιμον
1498 2462 1567 2497 ἔχων
1585 2463 1630 2489 τὸν
1658 2462 1802 2497 λογισμὸν,

184 2512 238 2539 dia.
249 2511 301 2544 Qui
313 2519 378 2539 vero
391 2512 481 2547 sagaci
490 2511 642 2538 instructus
650 2516 691 2538 cst
699 2511 872 2546 cogitatione,
881 2510 966 2537 omni-

1022 2510 1132 2536 δύναται
1149 2509 1238 2536 πάντα
1263 2511 1384 2545 κρατεῖν.
1402 2510 1435 2535 Ἠ
1460 2509 1487 2535 δὲ
1512 2509 1585 2544 ψυχὴ
1606 2509 1723 2544 ὑπάρχει
1745 2509 1804 2535 καθ’

182 2559 234 2586 bus
255 2561 344 2592 potest
361 2558 506 2592 imperare.
527 2557 624 2584 Anima
654 2565 737 2589 vero,
758 2556 910 2584 secundum
939 2563 968 2583 sc

183 2605 290 2632 exsistit
305 2605 383 2640 quasi
398 2604 469 2639 ignis
483 2604 593 2631 ardens.
603 2603 836 2636 Quemadmodum
851 2603 922 2637 ignis
937 2610 967 2629 ea

183 2658 244 2684 quae
258 2651 285 2676 in
300 2650 414 2677 lebetcm
430 2649 615 2683 conjiciuntur
626 2649 771 2683 concoquit
784 2657 791 2678 :
803 2648 840 2674 ita
851 2653 877 2675 et
892 2648 968 2682 ignea

184 2696 275 2722 anima
303 2695 380 2722 cibos
403 2696 430 2722 in
453 2699 575 2722 ventrem
596 2694 735 2721 immissos
758 2693 918 2720 comminuit
942 2696 969 2720 et

184 2743 330 2769 consumit.
348 2742 461 2770 Etiamsi
476 2751 556 2778 porro
570 2742 642 2777 ψυχή
660 2750 707 2769 seu
724 2742 813 2768 anima
829 2747 969 2775 nuncupa-

186 2793 239 2818 tur,
255 2795 307 2815 non
323 2789 359 2815 ita
372 2792 461 2815 tamen
477 2795 599 2822 vocatur,
615 2788 686 2823 quod
702 2788 737 2816 sit
753 2786 842 2822 ψυχρά
856 2794 902 2814 seu
921 2785 970 2819 fri-

1023 2557 1132 2592 ἑαυτῆς,
1142 2556 1179 2587 ὡς
1195 2555 1249 2591 πῦρ
1269 2549 1421 2591 καιόμενόν.
1435 2556 1540 2591 Ὥσπερ
1550 2556 1580 2583 τὺ
1595 2555 1649 2592 πῦρ
1664 2556 1697 2582 τὰ
1713 2554 1804 2590 βαλλό-

1025 2611 1092 2637 μενα
1119 2603 1159 2633 εἰς
1186 2602 1232 2628 τὸν
1252 2601 1352 2636 λέϐητα
1376 2601 1446 2636 ἕψει,
1470 2601 1540 2628 οὕτω
1566 2602 1613 2628 καὶ
1634 2602 1650 2637 ὴ
1681 2600 1804 2637 πυρώδης

1021 2647 1093 2682 ψυχὴ
1118 2647 1151 2673 τὰ
1172 2647 1411 2682 παραπεμπόμενα
1430 2649 1489 2674 σῖτα
1509 2649 1542 2683 τῇ
1559 2647 1647 2682 κοιλίᾳ
1662 2646 1804 2678 λεπτύνει,

1023 2694 1069 2720 καὶ
1083 2693 1198 2728 δαπανᾷ,
1211 2692 1269 2718 Κᾶν
1281 2692 1309 2718 δὲ
1320 2693 1392 2728 ψυχὴ
1407 2693 1526 2727 λέγεται,
1541 2693 1570 2719 οὐ
1591 2692 1698 2726 λέγεται
1717 2692 1761 2718 διὰ
1775 2693 1804 2718 τὸ

1022 2738 1107 2770 οὕτως
1122 2736 1190 2764 εἶναι
1205 2737 1310 2773 ψυχρὰν
1326 2739 1375 2772 τὴν
1387 2739 1490 2771 οὐσίαν,
1509 2739 1546 2770 ὣς
1557 2747 1628 2770 τινες
1639 2738 1691 2765 τῶν
1705 2738 1804 2764 ἁπλου-

1025 2784 1126 2819 στέρων
1149 2783 1304 2818 διενὸησαν·
1328 2783 1396 2811 ἀλλὰ
1417 2784 1460 2811 διὰ
1480 2785 1509 2811 τὸ
1533 2785 1563 2811 ἐκ
1588 2783 1688 2816 πολλῆς
1709 2783 1803 2811 οεοιιό;
