1926 3068
166 111 236 140 μείς
708 118 712 123 ’
734 108 763 136 S.
785 105 1016 134 ATIIANASIL'S.
1035 120 1067 126 -
1093 103 1228 131 SPURIA.
1723 97 1795 126 “56

164 169 249 204 Cujus
270 169 427 204 principium
456 174 494 196 est
509 177 517 195 :
533 169 631 196 lnterr.
661 167 710 194 llic
731 168 786 202 iani
810 167 844 194 de
863 166 978 201 Singulis
997 165 1153 191 nominibus
1174 168 1257 198 atque
1277 161 1403 197 personis
1437 159 1585 187 idemidem
1607 159 1694 187 refers
1716 158 1795 186 mihi.

200 214 241 241 Ad
261 215 404 249 quintum:
425 213 522 247 Incipit
542 213 611 240 liber
630 212 754 247 quintus,
767 211 804 238 De
824 211 899 238 unita
919 218 950 236 ac
970 210 1135 243 sempiterna
1154 208 1309 235 substantia
1329 206 1484 232 Trinitatis.
1506 205 1671 239 Principium
1691 205 1729 231 sic
1747 204 1797 231 ha-

166 261 229 286 bet:
250 261 348 286 lnterr.
370 259 419 285 llic
438 257 654 285 contradicentis
674 263 791 292 persona
817 259 860 282 est
888 254 1132 281 Ariomanitarum.
1152 253 1208 280 Cur
1225 259 1368 279 connexus
1387 258 1417 277 es
1436 250 1650 285 sempiternum,
1670 255 1724 276 etc.

200 302 240 330 Ad
260 311 363 329 sextum
378 310 386 328 :
403 302 497 337 Incipit
514 303 584 330 liber
600 307 706 332 sextus.
723 301 761 328 De
775 299 944 328 beatitudine
959 300 1020 327 lidei
1033 319 1040 332 ,
1057 304 1085 327 et
1099 299 1307 334 praescriptione
1322 303 1402 325 sectae
1417 298 1553 331 pessimze.
1572 295 1654 331 Cujus
1670 296 1774 322 initium
1786 303 1796 322 :

166 351 301 387 Interrog.
323 351 412 379 Poseo
432 359 446 377 a
466 356 492 378 te
511 352 545 378 de
565 352 643 378 unito
662 353 774 380 deitatis
794 353 907 379 nomine
927 351 1078 379 multifarie
1099 350 1220 381 dictum,
1242 354 1270 376 ut
1290 348 1439 375 identidem
1459 350 1577 380 repetas.

205 399 246 425 Ad
267 399 406 432 septimum
423 397 540 433 :Ineipit
556 398 626 425 liber
651 399 796 433 septimus,
823 397 860 425 De
884 396 1055 432 professione
1083 396 1194 432 Regula:
1221 395 1362 422 catholico
1385 401 1448 420 eum
1473 392 1661 426 increpatione
1687 391 1799 418 lucreti-

165 453 272 473 coruin.
297 443 380 478 Cujus
406 445 530 471 initiavit:
554 444 670 479 Propter
695 445 770 479 quod
793 445 996 479 impensissime
1019 444 1134 471 obsecro
1159 449 1232 470 inani
1253 441 1431 469 sublimitatis
1452 440 1583 475 gloriam,
1603 443 1632 466 ut
1650 439 1761 473 elonges
1781 444 1797 463 a

167 493 295 521 sensibus
320 493 433 520 nostris.

202 539 243 566 Ad
263 545 405 566 actarum:
426 539 520 574 Incipit
538 541 607 568 liber
625 544 761 572 octavus,
782 540 820 568 De
840 539 915 567 Fidei
937 539 1056 566 unitate.
1076 538 1160 572 Cujus
1180 537 1341 572 principium
1360 541 1421 563 est:
1440 533 1515 562 Fidei
1541 533 1624 560 unius
1638 530 1799 559 substantiae

165 587 311 614 Trinitatis
324 607 331 618 ,
351 587 402 614 hoc
421 592 462 614 est
475 607 482 617 .
505 587 595 615 Patris
614 592 641 614 et
661 587 723 614 Filii
744 592 771 614 et
791 588 881 614 sancti
903 587 1035 622 Spiritus.

204 633 317 661 Octncus
336 642 414 668 porro
437 635 503 660 liber
523 635 547 660 in
569 635 622 661 hac
643 635 719 661 i-crba
738 635 857 661 desinit:
877 634 985 661 Corona
1013 637 1104 660 autem
1131 632 1229 666 capitis
1256 633 1380 658 continet
1407 637 1556 666 purpuram
1580 632 1607 656 et
1635 628 1798 660 hominem;

167 688 252 707 unum
279 681 421 715 imperium
448 681 558 707 virtutis
585 681 726 708 ostendit:
755 681 795 707 sic
821 679 902 706 Pater
930 680 957 706 in
977 678 1047 705 Filio
1071 683 1099 705 et
1128 677 1217 705 Filius
1241 678 1268 704 in
1298 677 1400 704 Patre:
1423 676 1542 711 Spiritus
1568 679 1658 701 autem
1687 678 1799 700 satietas

168 726 348 759 eonjuuctio,
376 725 463 752 deitas
484 726 570 760 (Reg.
593 727 726 760 deiialis)
746 727 834 753 Virtus
863 729 888 753 et
917 725 1009 752 unitas
1034 725 1189 752 Trinitatis.
1221 723 1316 750 Postea
1342 724 1398 750 hwc
1422 722 1564 756 leguntur:
1590 720 1708 755 Explieit
1731 720 1801 746 liber

168 776 284 798 octavus
311 771 357 798 Dei
384 771 474 799 Patris
499 777 525 799 et
546 763 606 800 Filii
634 778 661 800 et
688 775 807 808 Spiritus
827 774 930 803 sancti.
958 772 1101 799 Athanasii
1120 771 1254 807 episcopi.
1276 771 1332 799 llos
1353 771 1458 798 libellos
1479 777 1527 796 vni
1548 767 1731 803 transcripsi,
1751 767 1799 802 qui

169 817 255 845 multa
275 818 367 844 addita
387 823 414 844 et
434 819 577 845 immutata
598 820 748 846 continent.
772 819 868 853 Incipit
888 818 995 845 libellus
1015 817 1076 845 fidei
1089 838 1096 848 ,
1119 817 1208 846 Patris
1229 821 1255 844 et
1271 816 1331 844 Filii
1348 821 1375 843 et
1391 815 1510 850 Spiritus
1530 814 1617 842 sancti
1630 834 1637 846 ,
1657 813 1800 840 Athanasii

169 862 302 897 episcopi.
326 860 422 888 Postea
442 863 480 888 sic
501 863 644 897 incipitur:
666 863 735 890 Cum
756 864 854 898 legeris
875 871 922 898 per
943 863 1012 889 hanc
1032 863 1123 894 ﬁdem,
1145 869 1242 889 moneo
1263 866 1292 889 ut
1313 862 1365 889 mei
1387 869 1492 888 memor
1511 861 1550 887 sis
1574 860 1601 886 in
1626 858 1801 886 orationibus

169 908 235 935 tuis.
254 907 292 934 Ne
313 907 428 934 forsitan
447 909 613 943 negligentior
632 910 776 944 quisquam
797 910 848 936 hoe
869 910 1037 936 obtrectator
1059 911 1220 944 contingat,
1241 910 1306 943 quia
1329 908 1461 942 scriptum
1482 910 1523 933 est
1539 915 1545 933 :
1563 915 1572 930 ι
1589 905 1628 932 Ne
1644 905 1797 940 projieiatis

169 955 332 990 margaritas
358 959 422 982 ante
448 962 545 989 porcos
565 955 599 980 δ’.
616 963 625 979 ι
642 954 731 980 Credo
745 954 772 981 in
800 954 882 981 Dcuin
899 954 1007 981 Patrem
1022 955 1255 988 omnipotentem,
1276 959 1303 980 et
1319 953 1345 980 in
1366 952 1559 986 unigenitum,
1580 955 1634 977 etc.
1658 950 1722 977 Post
1741 958 1800 977 eam

168 1003 231 1037 ﬁdei
252 1003 440 1037 confessionem
461 1003 516 1030 lucc
536 1002 731 1037 subsequuntur
744 1011 754 1029 :
773 1002 892 1037 Iisplicit
912 1002 1052 1037 Expositio
1071 1003 1152 1035 ﬁdei,
1174 1003 1269 1036 incipit.
1286 1001 1408 1036 ejusdem
1429 1001 1463 1027 de
1485 999 1619 1026 'I‘rinitate
1639 1002 1666 1026 et
1685 999 1719 1025 de
1739 997 1801 1032 Spin

170 1048 225 1074 ritu
251 1052 356 1076 sancto.
386 1048 496 1076 Initium
523 1058 602 1084 porro
629 1051 667 1076 sic
695 1050 797 1077 habet:
817 1049 866 1076 IIis
891 1050 937 1084 qui
963 1049 1061 1076 Filium
1089 1050 1135 1078 Dei
1157 1054 1279 1078 creatum
1301 1057 1363 1076 esse
1381 1047 1555 1084 proﬁtentur,
1576 1054 1748 1081 nequaquam
1768 1046 1803 1073 de

171 1093 274 1128 Spiritu
295 1098 391 1121 saneto
411 1095 538 1122 dabimus
559 1103 723 1129 responsum
736 1113 743 1126 ,
764 1098 818 1122 etc.
840 1093 904 1121 Post
926 1094 1023 1121 huncce
1044 1095 1137 1121 librum
1159 1094 1340 1129 superioribus
1357 1093 1527 1128 prolixiorem
1543 1114 1550 1126 ,
1573 1094 1689 1128 legitur:
1705 1093 1802 1120 Sancti

170 1141 314 1169 Athanasii
335 1142 455 1176 episcopi
476 1143 509 1169 de
527 1141 661 1169 Trinitate
680 1143 748 1170 liber
767 1142 888 1177 explieit.
909 1143 1005 1178 Incipit
1024 1142 1174 1169 Altercatio
1194 1143 1223 1170 S.
1245 1141 1385 1168 Athanasii
1410 1142 1530 1176 episeopi
1558 1146 1654 1167 contra
1677 1140 1771 1166 Arium
1788 1161 1795 1173 ,

171 1188 321 1217 Sabellium
341 1190 382 1217 vel
401 1189 548 1217 Photinum
568 1189 722 1223 hmreticos.
744 1189 821 1222 Quod
841 1198 905 1224 opus
925 1195 984 1224 post
1005 1190 1086 1217 libros
1106 1190 1137 1217 de
1158 1190 1289 1217 Triuitute
1308 1197 1324 1216 a
1345 1189 1419 1216 nobis
1438 1189 1559 1216 codicum
1573 1189 1680 1224 vestigio
1699 1189 1803 1215 lucren-

170 1235 240 1262 tibus
260 1240 409 1270 reponetur.

206 1281 241 1308 In
268 1281 356 1308 codice
381 1281 443 1316 Reg.
469 1281 555 1313 3624,
582 1280 652 1307 idem
676 1281 741 1308 ordo
766 1286 896 1308 servatur.
920 1281 952 1308 In
979 1281 1030 1316 ﬁne
1057 1289 1137 1316 porro
1162 1287 1221 1308 octo
1250 1282 1377 1308 librorum
1402 1283 1440 1309 sic
1460 1283 1577 1317 legitur:
1597 1282 1714 1318 Explicit
1733 1282 1802 1310 liber

170 1333 288 1358 octavus
313 1329 391 1357 Fidei
418 1329 509 1357 Puris
542 1333 569 1357 et
594 1329 658 1356 Filii
680 1333 708 1357 et
733 1330 852 1365 Spiritus
879 1330 986 1363 sancti,
1012 1330 1154 1357 Athanasii
1181 1330 1313 1364 episcopi.
1343 1330 1440 1356 Deinde
1465 1331 1503 1356 ita
1523 1330 1598 1357 habet
1614 1338 1623 1356 :
1657 1330 1802 1365 Expositio

171 1375 234 1403 ﬁdei
255 1376 407 1404 catholicae.
427 1376 516 1404 Credo
537 1376 564 1402 in
585 1375 670 1404 Deum
684 1396 692 1408 ,
711 1381 764 1404 etc.
779 1397 786 1410 ,
806 1377 846 1404 uti
866 1385 958 1412 supra.
977 1377 1090 1412 Reliqua
1108 1377 1197 1404 eodem
1217 1385 1268 1411 quo
1289 1376 1523 1411 Sangermanciisis
1543 1377 1624 1404 codex
1643 1378 1746 1405 ordine.

208 1421 241 1448 In
262 1422 377 1450 editione
396 1432 502 1458 operum
522 1425 664 1452 Athanasii
685 1433 754 1452 anno
776 1425 845 1453 1556
860 1446 867 1457 ,
888 1426 1021 1457 Itasilew,
1040 1430 1064 1452 et
1087 1426 1113 1452 in
1133 1425 1360 1457 Commetiniana,
1380 1430 1477 1459 septem
1496 1430 1599 1452 tantum
1618 1426 1720 1460 priores
1740 1425 1803 1452 libri

172 1473 340 1502 comparent,
362 1470 466 1497 omissis
486 1471 518 1497 iis
539 1471 663 1498 omnibus
676 1479 735 1506 qua:
753 1475 811 1506 post
832 1471 914 1498 libros
934 1472 965 1498 de
986 1471 1119 1498 Triuitate
1139 1471 1168 1497 in
1187 1472 1376 1504 manuscriptis
1397 1471 1530 1506 leguntur.

210 1513 242 1540 In
261 1514 373 1542 editione
392 1520 479 1542 autem
498 1516 646 1545 Parisiensi
665 1518 881 1552 Grauia-Latina,
902 1519 1022 1546 undecim
1039 1519 1100 1546 libri
1115 1519 1265 1546 habentur:
1281 1520 1405 1546 nimirum
1424 1520 1569 1553 prmitissis
1590 1524 1685 1554 septem
1704 1519 1781 1547 libris
1793 1539 1802 1551 ,

172 1566 201 1588 ιιι
219 1567 326 1589 exstant
345 1565 372 1590 in
391 1564 602 1593 Conmmliniana
621 1567 734 1594 editione
747 1587 754 1598 ,
775 1571 882 1594 octut‘us
902 1570 938 1594 sic
960 1567 1114 1593 inscribitur
1127 1575 1136 1592 .'
1160 1565 1197 1593 De
1222 1566 1324 1593 Ariana
1349 1570 1376 1593 et
1404 1566 1539 1593 catholica
1565 1566 1740 1593 confessione
1764 1565 1801 1593 ad

173 1607 366 1643 Theophilum.
396 1610 479 1645 Cujus
504 1613 631 1638 initium:
650 1613 743 1640 Ariani
764 1613 881 1646 dicunt,
902 1612 1001 1639 Filium
1023 1612 1071 1639 Dei
1096 1620 1152 1639 non
1176 1611 1210 1638 de
1236 1611 1391 1639 substantia
1417 1611 1462 1638 Dei
1481 1611 1571 1638 Patris
1590 1612 1732 1646 genitum,
1752 1612 1804 1640 sed

173 1655 346 1683 extrinsecus
372 1661 493 1684 creatum
514 1668 520 1685 :
541 1659 586 1694 qui
605 1659 671 1686 liber
691 1668 741 1687 non
769 1664 807 1687 est
834 1661 861 1686 in
886 1660 1075 1693 manuscriptis
1105 1660 1222 1691 nostris,
1250 1667 1296 1686 nec
1321 1661 1366 1694 qui
1390 1667 1452 1686 mox
1477 1660 1603 1694 sequitur.
1628 1659 1744 1687 Nonus:
1764 1659 1805 1688 De

173 1700 240 1728 Fide
259 1709 306 1729 sua
324 1703 361 1733 ad
382 1703 579 1739 Theophilum.
598 1707 674 1741 cujus
694 1707 820 1733 initium:
841 1706 958 1734 Credere
975 1706 1104 1740 jubemur
1124 1707 1150 1732 in
1172 1706 1218 1733 Dei
1237 1706 1327 1734 Patris
1347 1706 1592 1741 omnipotentiam,
1612 1711 1639 1733 et
1660 1706 1720 1734 Filii
1741 1705 1803 1741 eius

173 1745 239 1773 Jesu
258 1747 371 1776 Cnri‘s‘t‘i.
393 1749 526 1782 Decimus,
548 1752 585 1780 De
606 1755 710 1781 unitate
731 1754 805 1781 Fidei
827 1754 860 1781 ad
881 1753 1074 1788 Theophilum,
1099 1753 1175 1788 cujus
1202 1754 1325 1786 initium,
1355 1753 1428 1780 Fidei
1457 1753 1537 1779 unius
1561 1753 1722 1780 substantiae
1742 1753 1804 1780 Tri-

174 1794 268 1822 nitatis
282 1816 289 1826 ,
311 1796 362 1822 hoc
382 1801 442 1829 est,
463 1797 553 1826 Patris
571 1804 598 1827 et
617 1800 679 1828 Filii
700 1805 727 1828 et
747 1801 867 1836 Spiritus
885 1801 983 1827 sancti.
1013 1800 1064 1826 llic
1090 1806 1197 1827 octavus
1224 1801 1308 1834 fertur
1334 1800 1362 1826 in
1389 1808 1452 1827 mss.
1484 1799 1642 1827 Undecimus
1655 1820 1662 1832 ,
1694 1801 1732 1828 De
1751 1802 1804 1829 ﬁde

175 1842 287 1870 unitatis
307 1847 333 1870 et
353 1843 513 1877 Trinitatis,
536 1847 625 1875 Patris
645 1853 671 1875 et
690 1848 750 1875 Filii
771 1854 798 1875 et
818 1848 937 1882 Spiritus
958 1847 1056 1875 sancti.
1076 1847 1159 1881 Cujus
1179 1848 1304 1874 initium:
1323 1846 1411 1874 Credo
1431 1847 1458 1873 in
1478 1845 1561 1874 Deum
1582 1846 1689 1875 Patrem
1709 1849 1802 1875 omni-

174 1890 310 1920 potentem
323 1908 330 1920 ,
349 1893 376 1915 et
395 1890 421 1916 in
442 1891 608 1925 unigenitum
621 1913 628 1924 ,
648 1899 699 1920 etc.
722 1892 787 1920 [lucc
806 1898 843 1920 est
864 1892 940 1919 Fidei
961 1893 1089 1926 confessio
1113 1901 1170 1925 qum
1189 1893 1216 1919 in
1236 1901 1299 1920 mss.
1321 1892 1487 1927 subsequitur
1506 1897 1563 1926 post
1583 1898 1641 1920 octo
1658 1893 1739 1920 libros
1764 1894 1798 1921 de

176 1935 306 1963 Trinitate
328 1937 363 1963 ad
384 1937 564 1974 Theophilum.
589 1940 655 1967 lluic
673 1941 831 1975 confessioni
851 1946 1037 1975 consequenter
1066 1941 1221 1976 adjungitur
1243 1941 1308 1968 liber
1336 1941 1380 1968 ille
1410 1945 1451 1966 sat
1478 1941 1598 1975 prolixus
1622 1942 1667 1976 qui
1695 1943 1723 1968 in
1745 1951 1804 1969 ma-

175 1983 316 2016 nuscriptis
335 1986 452 2019 sequitur
470 1992 526 2020 post
550 1986 625 2014 Fidei
644 1988 844 2022 confessionem,
864 1988 956 2023 hisque
975 1987 1058 2015 verbis
1077 1988 1239 2015 inchoatur:
1260 1988 1307 2016 [Iis
1327 1990 1373 2023 qui
1399 1987 1497 2014 Filium
1524 1986 1571 2015 Dei
1594 1992 1716 2015 creatum
1742 1996 1805 2017 esse

174 2027 336 2062 proﬁtentur
356 2038 526 2066 nequaquam
547 2031 579 2058 de
600 2031 703 2066 Spiritu
725 2037 830 2059 sancto.

212 2073 308 2102 Petrus
336 2075 497 2104 Francis-cus
522 2077 666 2112 Chiﬂlctius
704 2086 717 2104 ε
743 2078 874 2105 Societate
898 2077 984 2110 Jesu,
1011 2079 1055 2114 qui
1087 2079 1200 2106 Victoris
1234 2078 1348 2106 Viteusis
1382 2083 1407 2105 et
1439 2079 1530 2114 Vigilii
1557 2078 1699 2112 Tapsensis
1725 2086 1805 2113 opera

173 2120 275 2148 edenda
296 2125 398 2150 curarit
413 2133 486 2152 anno
508 2124 578 2151 1664
591 2145 598 2155 ,
618 2127 665 2151 hos
684 2125 718 2152 de
738 2125 872 2152 Trinitaie
893 2126 974 2153 libros
997 2125 1086 2161 Vigilii
1106 2127 1210 2153 nomine
1227 2125 1329 2153 edidit:
1345 2126 1407 2161 jure
1429 2134 1464 2152 an
1490 2125 1591 2159 injuria
1607 2125 1632 2151 ei
1651 2125 1805 2159 ascripserit

175 2179 237 2197 mox
252 2172 426 2206 eapendemus
447 2170 512 2200 Jan:
533 2174 651 2200 ordinem
670 2173 739 2208 quod
759 2179 857 2207 spectat
870 2193 878 2206 ,
900 2179 957 2201 octo
978 2175 1078 2209 priores
1097 2174 1178 2201 libros
1198 2175 1269 2202 utin
1288 2175 1475 2207 manuscriptis
1493 2173 1589 2208 digesti
1606 2173 1747 2203 habentur.
1764 2182 1806 2201 re-

173 2219 285 2245 censuit.
308 2218 401 2246 Nonus
422 2226 510 2246 autent
530 2225 569 2246 est
583 2239 589 2250 ,
613 2219 733 2247 Libellus
755 2220 842 2254 Fidei,
873 2222 948 2256 cujus
967 2222 1073 2248 initium
1089 2230 1098 2248 :
1113 2221 1201 2249 Credo
1217 2222 1245 2248 in
1265 2221 1350 2249 Deum
1366 2221 1475 2248 Patrem
1495 2221 1711 2255 omnipotentem
1726 2241 1733 2253 ,
1755 2221 1805 2247 illa

173 2267 272 2294 scilicet
295 2267 372 2295 Fidei
391 2269 522 2303 confessio
541 2271 661 2304 superius
682 2277 840 2300 memorata.
863 2272 986 2300 Decimus
1000 2294 1006 2306 ,
1029 2273 1170 2307 Expositio
1186 2273 1247 2300 ﬁdei
1265 2273 1408 2300 catholicae
1421 2292 1427 2303 .
1446 2272 1522 2306 cujus
1539 2272 1646 2298 initium
1661 2279 1670 2297 -‘
1685 2271 1806 2299 Credere

171 2314 301 2348 jubeinur
320 2316 415 2343 inDei
437 2317 527 2345 Patris
547 2319 785 2353 omnipotentiam.
806 2320 860 2353 Qui
880 2320 947 2347 liber
967 2329 1049 2348 nonus
1070 2321 1155 2355 fertur
1175 2321 1201 2347 in
1221 2321 1334 2348 editione
1351 2320 1442 2346 Paris.
1463 2319 1623 2345 Undecimus
1637 2337 1644 2350 ,
1665 2317 1805 2346 Professio

173 2359 291 2390 Ariona,
313 2364 340 2387 et
359 2361 499 2390 confessio
518 2363 654 2390 catholica
674 2364 763 2391 sancti
783 2364 925 2392 Athanasii
941 2385 949 2398 ,
970 2366 1045 2400 cujus
1067 2366 1192 2392 initium:
1211 2366 1303 2392 Ariani
1322 2365 1416 2392 dicunt
1432 2365 1530 2392 Filium
1547 2364 1593 2392 Dei
1613 2371 1668 2391 non
1685 2363 1720 2390 de
1739 2363 1806 2391 sub-

173 2408 273 2435 stantia
295 2407 382 2436 Patris
401 2409 533 2444 genitum.
554 2409 653 2445 Estque
683 2411 750 2438 liber
768 2419 877 2439 octavus
896 2413 922 2439 in
940 2412 1004 2439 edit.
1028 2412 1116 2439 Paris.
1139 2411 1328 2444 Duodecimus,
1355 2411 1393 2439 De
1416 2411 1562 2442 Trinitate.
1583 2414 1610 2438 et
1635 2410 1669 2437 de
1697 2409 1803 2444 Spiritu

173 2459 286 2484 sancto.
308 2455 384 2489 cujus
403 2456 560 2490 principium
580 2461 619 2483 est
632 2465 641 2483 :
658 2456 706 2485 His
722 2458 767 2492 qui
783 2457 882 2485 Filium
902 2458 948 2485 Dei
966 2462 1088 2485 creatum
1109 2467 1171 2485 esse
1190 2458 1364 2493 proﬁtentur,
1383 2465 1567 2492 nequaquam,
1589 2464 1654 2490 ele.,
1674 2457 1718 2492 qui
1738 2456 1804 2483 liber

172 2502 200 2528 in
219 2503 283 2530 edit.
307 2502 396 2530 Paris.
418 2509 604 2538 consequenter
622 2505 730 2539 ponitur
748 2510 806 2539 post
827 2506 888 2540 [idci
909 2506 1098 2540 confessionem
1126 2507 1172 2533 sub
1202 2515 1253 2532 uno
1272 2511 1379 2539 uterque
1407 2505 1494 2531 titulo.
1518 2505 1559 2531 En;
1579 2506 1650 2532 hisce
1668 2513 1748 2540 porro
1770 2505 1804 2531 li-

172 2549 281 2584 quidum
299 2554 338 2576 est
357 2558 435 2584 quam
455 2550 545 2577 multis
567 2551 737 2578 varietatibus
749 2553 991 2588 mutatimiibusque
1002 2554 1129 2580 obnoxias
1143 2553 1221 2587 fuerit
1232 2552 1353 2579 horumce
1364 2550 1491 2577 librorum
1503 2550 1568 2578 ordo
1579 2557 1656 2587 atque
1667 2560 1801 2580 numerus.

174 2593 230 2621 Nec
251 2595 362 2622 minores
382 2596 410 2622 in
430 2601 582 2624 contextum
603 2598 710 2625 invecta:
730 2603 791 2625 sunt
803 2601 961 2627 mutationes
977 2606 1000 2628 et
1013 2602 1178 2630 udditioues.
1199 2605 1226 2626 ut
1244 2599 1343 2626 monuit
1359 2599 1443 2625 nostri
1459 2599 1557 2626 codicis
1571 2601 1728 2634 exscriptor,
1744 2609 1804 2636 quae

174 2645 261 2667 tamen
278 2642 305 2667 in
325 2642 517 2670 Athanasianis
536 2644 614 2671 editis
634 2653 686 2672 non
705 2651 867 2680 comparent.
892 2645 925 2673 Ut
947 2652 1034 2674 autem
1055 2647 1146 2673 lectori
1175 2646 1296 2673 studioso
1314 2638 1346 2670 'in
1374 2649 1496 2677 promptu
1515 2645 1568 2677 sit,
1595 2653 1639 2672 eas
1666 2654 1682 2672 α
1707 2646 1803 2679 primi-

171 2689 248 2724 genio
267 2694 391 2716 contextu
410 2690 575 2722 discernere,
595 2691 698 2718 uncinis
717 2691 875 2719 inclusimus
895 2691 1021 2727 quidquid
1041 2693 1100 2719 ιιουὶ
1121 2700 1153 2719 cx
1172 2690 1361 2724 ntanuscriptis
1382 2689 1433 2715 huc
1453 2692 1640 2718 transmissum
1659 2691 1721 2725 fuit.
1742 2690 1805 2718 Μα-

172 2739 372 2773 nuscriptorum
392 2749 470 2775 porro
489 2742 623 2777 sequimur
643 2742 762 2769 ordinent
774 2762 781 2775 ,
803 2751 834 2769 ac
855 2742 982 2770 librorum
999 2752 1136 2770 numerarii
1151 2764 1158 2775 ,
1175 2744 1219 2778 qui
1241 2741 1380 2768 Ilincmari
1401 2745 1513 2773 tempore
1532 2737 1600 2763 idem
1621 2737 1704 2772 fuisse
1723 2736 1802 2772 531

173 2786 277 2813 videtur
298 2795 307 2813 :
327 2796 387 2813 nam
407 2793 465 2815 octo
485 2788 566 2816 libros
586 2790 762 2818 Athanasium
784 2796 875 2819 contra
896 2792 1010 2820 .Irianos
1030 2792 1145 2820 edidisse
1165 2796 1275 2818 testatur
1296 2791 1361 2821 ille;
1383 2788 1492 2816 totidem
1521 2786 1640 2817 scilicet,
1670 2790 1733 2820 quot
1756 2792 1806 2812 ea:-

211 2844 233 2859 ⁵¹
255 2843 348 2870 Matth.
365 2852 402 2871 vn
414 2867 420 2878 ,
437 2845 464 2872 6.
