1926 3068
157 147 223 175 1437
616 143 649 171 ΙΝ
669 143 792 171 LIBROS
813 143 855 170 DE
874 140 1060 170 TBINITATE
1080 140 1278 169 ADMONITIO.
1712 137 1783 164 M38

157 209 228 232 stant
240 213 266 230 tn
286 203 418 230 codicibus
434 203 532 230 nostris
547 203 744 236 manuscriptis.
757 203 795 228 Ac
808 201 866 228 licet
877 202 931 236 ipse
943 201 1040 228 librum
1051 201 1193 228 Athanasii
1206 199 1336 226 decimum
1347 198 1379 225 de
1395 197 1526 225 Trinitate
1536 195 1636 229 laudet,
1648 194 1782 230 pag.497,

157 259 207 278 non
224 259 253 277 eo
267 250 294 277 id
305 249 435 285 agitquod
453 249 518 276 liber
529 249 572 276 ille
581 249 675 276 decimi
691 249 887 283 inscriptionem
904 250 983 283 ferret
993 250 1020 276 in
1031 248 1176 280 codicibus,
1188 248 1257 274 alias
1272 247 1341 272 enim
1351 245 1401 272 sibi
1416 246 1466 279 ipsi
1482 248 1638 278 repugnaret
1653 242 1781 269 "inemo-

156 305 213 328 rus,
228 297 273 332 qui
289 301 347 323 οιῖο
359 300 461 322 tantum
476 295 541 321 alibi
554 295 701 326 recensuit;
717 294 761 321 sed
777 294 901 328 fortassis
920 299 1065 321 tractatum
1079 293 1156 321 illum
1172 293 1204 319 de
1226 292 1356 319 Trinitate
1370 295 1443 333 uocat
1463 289 1603 319 decimum,
1631 289 1694 323 quia
1723 290 1783 322 post

156 349 214 370 octo
225 343 328 370 libellos
346 343 513 377 supradictas
526 342 579 369 duo
593 346 737 377 sequuntur
753 341 881 376 opuscula
903 341 1044 368 Athanasii
1060 341 1174 371 nomine,
1198 346 1308 374 quorum
1319 342 1477 372 postremum
1486 336 1517 362 de
1535 335 1664 362 Trinitate
1678 341 1781 361 nuncu-

155 395 256 424 patum,
269 390 397 426 decimum
412 394 495 424 potest
508 389 561 416 dici
576 391 598 416 si
618 398 678 416 cum
694 388 896 423 pra'cedentibus
912 394 1073 415 numeretur.
1092 387 1146 414 Illa
1160 392 1248 414 autent
1260 390 1392 420 postrema
1414 384 1466 411 duo
1495 383 1632 417 opuscula.
1658 386 1687 408 ut
1705 388 1781 408 nemo

157 445 208 463 non
224 437 303 468 videt,
320 438 389 464 alius
406 441 466 464 sunt
482 437 650 471 argumenti;
666 442 743 468 atque
753 435 817 462 adeo
829 436 961 470 prioribus
977 436 1052 462 libris
1071 435 1176 462 minime
1186 432 1400 463 annumeranda;
1414 437 1440 458 ut
1458 439 1503 457 nec
1519 430 1571 456 duo
1583 429 1631 456 alii
1654 427 1715 454 libri
1734 426 1778 461 qui

158 490 207 508 non
223 488 372 513 comparent
389 483 416 508 in
433 482 621 514 manuscriptis
635 483 744 513 nostris,
762 481 863 508 scilicet
888 482 933 516 qui
958 486 1066 507 octavus
1088 480 1172 513 fertur
1194 480 1220 506 in
1249 479 1361 504 editione
1380 477 1544 507 Parisiensi,
1559 474 1700 509 incipitque
1712 473 1751 498 ὶια
1768 480 1778 499 ἔ

156 528 249 555 Ariani
262 529 356 554 dicunt
373 527 471 554 Filium
486 526 546 559 Dei;
565 527 627 554 item
645 527 688 562 qui
702 536 786 554 nonus
799 527 895 554 ibidem
907 527 1028 558 habetur,
1044 527 1120 560 cujus
1137 526 1240 553 initium
1256 534 1264 551 :
1280 524 1398 551 Credere
1415 523 1544 557 jubomur
1570 521 1597 548 in
1625 520 1671 546 Dei
1689 518 1777 545 Patris

157 574 392 609 omnipotentiam.
409 574 498 607 Quare
511 573 587 600 hosce
604 573 684 599 libros
696 573 731 599 ad
746 573 845 600 calcent
859 578 916 600 octo
931 575 1050 607 priorum
1071 572 1227 606 rejiciendos
1248 571 1406 597 censuimus.
1429 569 1466 596 De
1483 569 1608 602 scriptore
1624 574 1703 601 porro
1731 565 1778 591 ho-

156 627 245 647 rumce
263 627 369 652 operum
384 619 464 645 varia:
476 623 537 644 sunt
553 618 706 652 opiniones:
725 622 749 644 et
764 617 877 649 primum
888 618 957 644 inter
971 625 1060 644 omnes
1078 617 1194 643 convertit
1212 624 1262 642 non
1276 623 1332 642 esse
1354 614 1505 643 Athanasii.
1521 613 1589 648 quod
1605 612 1693 646 utique
1714 617 1777 644 pro-

156 664 245 698 palant
259 668 297 690 est
309 672 341 690 ex
353 664 443 690 multis
460 662 583 698 loquendi
596 663 732 697 generibus
752 663 900 690 Athanasio
913 663 1019 690 minime
1034 661 1226 697 familiaribus,
1242 666 1296 687 tum
1311 661 1390 687 etiam
1404 660 1471 694 quod
1488 660 1591 686 nolit-us
1602 658 1724 684 horumce
1745 656 1778 683 li-

157 711 282 737 bellorum
313 711 408 745 stylus,
423 709 534 737 Latinus
546 718 596 736 non
609 709 714 736 Gra’cus
728 709 858 741 vdeatur.
873 718 918 736 nec
933 718 1087 745 aquoquant
1104 715 1216 736 ueterum
1232 712 1391 735 memoretur
1411 705 1531 733 Gnaeum
1547 703 1677 738 ejusmodi
1694 702 1778 729 Atha-

155 756 224 782 nasii
239 763 314 790 opus,
327 755 400 789 cujus
414 757 475 782 item
490 756 593 783 nullum
608 756 744 791 vestigium
760 762 847 784 exstat
859 757 885 784 itt
897 756 995 784 Grtvcis
1015 756 1154 783 Athanasii
1168 764 1274 789 operum
1298 754 1444 782 codicibus.
1463 753 1495 779 Id
1526 753 1607 786 igitur
1636 759 1683 785 pro
1707 759 1778 776 rom-

155 808 229 837 perto
243 802 365 834 habetur,
382 803 524 831 Athanasii
539 813 590 832 non
606 813 662 832 esse
673 806 719 832 hos
734 804 848 832 libellos.
871 804 970 839 l’igilio
983 804 1113 838 Tapsensi
1127 802 1263 830 ascribunt
1277 804 1324 830 viri
1338 801 1492 831 clarissimi,
1511 798 1679 828 Sirmondus.
1708 797 1778 824 Lab-

153 851 225 882 beus,
250 855 275 877 et
293 851 446 886 Chiﬂletius,
459 853 504 887 qui
518 858 664 887 postremus
677 854 817 880 duodecim
831 853 912 880 libros
922 853 954 879 de
973 853 1103 880 Trinitate
1124 852 1215 886 Vigilii
1234 852 1338 878 nomine
1357 850 1438 877 edidit
1454 857 1523 876 anno
1546 847 1624 878 1664,
1639 855 1669 874 ac
1694 846 1776 873 eidem

152 896 193 923 his
212 896 327 923 vindicat
343 896 374 923 de
388 898 487 924 causis.
512 898 538 924 1⁸³
553 898 628 931 Quod
645 907 709 932 opus
737 897 805 925 illud
829 899 854 924 in
873 897 1008 924 codicibus
1032 897 1219 931 manuscriptis
1241 896 1372 930 jungatur
1403 902 1462 920 curn
1482 892 1667 919 Allercalione
1682 894 1776 918 contra

152 943 255 976 Arium,
269 942 415 970 Sabellium
433 943 474 969 vel
490 942 635 971 letinnm
651 945 803 975 hmreticos,
819 943 888 978 quod
901 951 965 977 opus
981 948 1083 970 constat
1097 951 1153 969 esse
1173 941 1272 976 Vigilii.
1289 941 1317 967 ‘2"
1333 939 1410 973 Quod
1425 940 1451 966 in
1467 939 1624 973 prtufatione
1641 936 1702 964 libri
1715 943 1778 962 con-

153 995 195 1017 tra
205 989 384 1022 Harii-udum,
401 991 506 1018 Idatius
523 991 630 1024 Clarus,
647 1000 702 1024 seu,
716 996 744 1020 ac
757 992 881 1021 opinatur
896 990 1051 1026 Chi/fictilis,
1064 991 1118 1024 ipse
1138 990 1248 1025 Vigilius
1264 990 1393 1019 larvatus,
1407 995 1463 1014 sese
1476 986 1570 1022 prodat
1587 986 1695 1020 hujusce
1715 992 1776 1017 epe-

151 1036 188 1062 ris
204 1036 426 1068 auctorem,hisce
437 1037 522 1064 verbis
540 1045 549 1063 :
565 1037 681 1070 Dudum,
697 1037 869 1065 dilectissimi
891 1037 1003 1068 fratres,
1022 1036 1049 1063 in
1063 1036 1176 1071 Neapoli
1192 1035 1258 1062 urbe
1272 1034 1426 1069 Campanis:
1437 1033 1617 1063 constitutus,
1630 1031 1775 1065 cujusdam

151 1080 288 1109 Varimadi
302 1083 410 1110 Arianae
423 1087 505 1110 secta:
520 1083 628 1111 diaconi
646 1084 892 1119 propositionibus,
912 1090 927 1109 a
949 1083 1066 1118 quodam
1086 1083 1210 1110 studioso
1223 1089 1254 1109 ac
1272 1080 1479 1116 religiosissimo
1496 1080 1556 1107 viro
1572 1078 1638 1106 mihi
1664 1076 1775 1106 oblatis.

152 1127 254 1155 rustico
266 1127 375 1162 quidem
391 1135 518 1155 sermone
529 1130 708 1164 respondens,
722 1130 748 1156 in
762 1137 817 1156 uno
829 1136 945 1164 corpore
957 1129 1039 1156 simul
1064 1128 1172 1156 libellos
1187 1128 1220 1155 de
1235 1128 1340 1155 unitate
1367 1125 1511 1153 Trinitatis
1527 1125 1639 1160 digessi.
1660 1124 1694 1150 At
1720 1123 1776 1157 pri-

150 1181 220 1199 mum
231 1172 299 1208 quod
317 1173 428 1207 affertur
452 1173 505 1200 leve
529 1173 671 1200 admodum
688 1178 746 1206 est;
765 1174 823 1200 licet
843 1175 912 1200 enini
931 1173 957 1199 in
973 1172 1108 1200 codicibus
1127 1172 1277 1207 junguntur
1288 1172 1315 1198 hi
1332 1171 1393 1198 libri
1407 1178 1466 1197 cum
1483 1170 1665 1197 Altercatione
1679 1172 1775 1196 contra

149 1219 255 1249 Arium,
278 1218 424 1245 Sabellium
438 1222 466 1245 et.
481 1217 636 1251 Pbotinum,
660 1227 825 1254 nequaquam
838 1219 899 1245 hinc
914 1218 1054 1253 conﬁcitur
1066 1222 1205 1253 utrumque
1221 1226 1285 1252 opus
1298 1217 1414 1252 ejusdem
1426 1225 1481 1245 esse
1502 1218 1657 1252 scriptoris;
1672 1216 1776 1243 librarii

151 1265 220 1292 enim
232 1264 367 1296 complura
379 1265 406 1291 in
419 1265 509 1292 eodem
524 1265 612 1292 codice
625 1265 706 1293 etiam
719 1265 860 1300 disparata
878 1273 957 1300 opera
973 1265 1136 1300 compingare
1150 1265 1245 1296 solent,
1259 1265 1391 1300 multoque
1403 1265 1524 1293 libentius
1535 1274 1566 1292 ea
1579 1265 1702 1299 copulant
1716 1271 1774 1300 quae

153 1309 267 1342 ejusdem
280 1310 416 1342 scriptoris
434 1318 527 1337 nomen
541 1309 696 1344 prwferunt,
714 1309 783 1345 quod
792 1310 834 1336 hic
846 1318 910 1337 sane
924 1310 1043 1344 contigit.

187 1355 375 1382 Testimonium
388 1356 471 1383 Idatii
482 1355 552 1392 quod
567 1360 678 1390 spectat,
698 1363 761 1382 sane
770 1360 890 1390 apertum
904 1355 973 1382 illud
985 1355 1216 1391 indubitatumque
1229 1355 1342 1387 videtur,
1358 1361 1383 1383 et
1400 1356 1515 1390 fortasse
1539 1357 1578 1384 rel
1604 1357 1691 1384 solum
1705 1361 1774 1384 esset

148 1401 183 1427 ad
195 1400 316 1437 CIti/fletii
333 1402 489 1429 sententiam
503 1401 663 1436 ﬁrmandam
685 1402 761 1433 satis.
774 1402 798 1428 si
812 1401 919 1436 perinde
930 1402 1102 1436 exploratum
1117 1407 1195 1433 esset,
1207 1402 1327 1429 eumdem
1343 1410 1398 1429 esse
1414 1402 1533 1429 Idalium
1543 1403 1619 1429 illum
1630 1403 1704 1435 cuius
1719 1411 1773 1430 no-

148 1456 206 1475 men
219 1449 245 1475 in
259 1448 419 1484 quibusdam
434 1449 625 1482 manuscriptis
636 1448 820 1482 prtemittitur,
834 1454 910 1483 atque
930 1448 1076 1483 l'igilium,‘
1094 1456 1139 1475 seu
1148 1449 1236 1482 potius
1258 1448 1383 1483 Vigilium
1400 1448 1485 1476 Idatii
1507 1457 1600 1476 nomen
1620 1449 1769 1483 affectasse.

148 1495 182 1522 At
196 1504 237 1523 res
251 1497 356 1523 mininte
378 1500 453 1524 vacat
469 1496 636 1531 difﬁcultate.
648 1496 713 1529 Qute
725 1505 772 1531 pro
787 1496 881 1531 Vigilio
897 1496 1047 1530 afferuntur
1057 1496 1112 1523 han:
1124 1501 1202 1523 sunt:
1220 1496 1251 1523 In
1265 1497 1432 1532 subsequettti
1446 1497 1629 1524 Alteri-alioue
1639 1496 1772 1524 adversus

147 1542 252 1574 Arium,
265 1542 412 1569 Sabellium
424 1546 451 1570 et
462 1542 620 1575 Photinum,
642 1543 752 1579 Vigilius
767 1544 840 1570 illius
852 1544 946 1578 operis,
963 1549 992 1570 ut
1006 1549 1127 1578 putatur,
1147 1549 1249 1575 auctor,
1264 1544 1319 1570 hac
1334 1544 1424 1571 scribit
1442 1546 1461 1572 ι.
1478 1552 1507 1576 ll,
1517 1554 1543 1571 η.
1554 1544 1588 1572 45
1602 1552 1607 1570 :
1621 1544 1771 1570 Audiamus

148 1592 238 1615 autem
250 1592 277 1615 et
293 1587 490 1615 beatissimum
502 1587 627 1621 Paulum,
649 1589 683 1616 de
698 1589 750 1616 hoc
762 1592 857 1616 eodem
873 1590 1003 1624 mysterio
1019 1595 1139 1624 apertius
1152 1589 1340 1623 disserentem,
1357 1595 1383 1618 et
1400 1595 1455 1617 tres
1470 1598 1554 1617 unum
1569 1589 1651 1617 Deum
1668 1589 1770 1616 contir-

147 1638 281 1669 mantem;
297 1635 369 1662 sicut
385 1636 412 1662 in
425 1635 496 1663 libro
510 1642 591 1669 quem
606 1633 739 1661 adversus
757 1633 938 1666 Maribadum,
954 1634 1079 1661 nefanda:
1107 1634 1242 1662 haereseos
1257 1640 1355 1662 vestra:
1369 1635 1515 1662 diaconum
1538 1635 1673 1662 edidimus
1684 1655 1690 1665 .
1713 1635 1770 1669 pte-

147 1680 262 1708 nissime
278 1686 386 1708 constat.
400 1688 579 1715 expressum;
595 1679 628 1706 de
652 1687 707 1714 quo
721 1687 794 1706 nunc
819 1679 845 1706 iu
871 1679 923 1706 hoc
943 1679 1004 1706 loco
1019 1687 1155 1714 perpauca
1172 1680 1370 1708 interserimus.
1389 1680 1457 1707 Dum
1482 1688 1548 1714 ergo
1566 1680 1610 1706 ille
1623 1679 1767 1714 objiceret,

146 1726 220 1761 quod
242 1727 307 1754 unio
323 1727 452 1754 excludat
463 1724 628 1761 aequalitatis
643 1723 818 1756 Trinitatem,
832 1727 858 1750 et
875 1723 1018 1758 aequalitas
1034 1724 1148 1759 repellat
1162 1724 1302 1762 unionem,
1320 1724 1392 1752 inter
1407 1725 1460 1751 alia
1479 1725 1563 1751 multa
1586 1724 1639 1751 hoc
1657 1731 1707 1759 ego
1725 1731 1769 1751 re—

147 1773 207 1800 tuli.
231 1773 312 1806 Audi,
337 1774 460 1809 inquam,
483 1773 644 1808 Apostolum
663 1771 734 1798 hanc
758 1771 899 1799 Trinitatis
928 1772 1056 1799 unionem
1073 1772 1204 1799 calcatius
1220 1772 1423 1807 prmdicantem,
1438 1776 1491 1800 etc.
1523 1772 1617 1799 Totum
1630 1772 1665 1798 ibi
1684 1773 1769 1799 locum

146 1819 226 1853 affert
249 1820 294 1854 qui
308 1828 334 1846 n.
360 1819 396 1847 45
410 1820 651 1854 comprehenditur,
669 1821 713 1846 ubi
727 1824 840 1854 quatuor
855 1820 1002 1854 afferuntur
1012 1828 1043 1847 ex
1056 1819 1134 1847 Pauli
1147 1820 1274 1855 Epistolis
1286 1821 1431 1848 sementim.
1452 1820 1534 1847 Putat
1559 1821 1640 1856 igitur
1665 1820 1770 1856 Cltiﬂle-

147 1865 209 1898 tius,
223 1864 394 1892 Maribadum
409 1866 451 1892 ltic
465 1872 650 1897 memoratum,
664 1865 740 1892 illum
755 1865 842 1900 ipsum
856 1874 911 1892 esse
923 1866 967 1900 qui
986 1865 1145 1893 Varimadus
1161 1871 1283 1898 vocatur;
1299 1867 1341 1893 cui
1360 1866 1431 1893 haud
1444 1866 1574 1893 illibemer
1594 1867 1767 1898 assentimur,

145 1912 271 1946 proclivis
287 1913 357 1939 enim
374 1912 518 1940 admodum
535 1914 597 1941 levis
612 1913 660 1940 illa
675 1913 826 1939 litteratura
840 1913 1104 1945 ccnmtutatio;cum
1119 1914 1235 1940 maxime
1250 1918 1349 1940 certum
1372 1913 1406 1940 sit
1429 1913 1497 1939 alios
1518 1921 1577 1938 cum
1599 1911 1768 1938 .llaribadum

145 1959 233 1992 illum,
249 1965 305 1987 tum
330 1960 503 1988 Varimadum
518 1960 642 1987 celebrent
657 1959 795 1994 quemdam
811 1959 892 1994 fuisse
909 1960 1200 1992 Arianumdiaconum,
1212 1961 1255 1996 qui
1272 1965 1364 1987 contra
1380 1967 1465 1987 veratri
1482 1959 1513 1986 de
1536 1959 1666 1986 Trinitate
1689 1959 1767 1994 ﬁdem

144 2006 260 2040 scripsit.
276 2006 316 2033 Ea
333 2007 452 2042 igiturin
467 2015 494 2034 re
505 2006 632 2042 Chiﬂletio
648 2006 754 2032 minime
767 2013 956 2040 repugnamus.
972 2005 1005 2031 At
1022 2014 1074 2032 non
1088 2014 1159 2040 a‘quc
1175 2012 1333 2040 comportant
1347 2012 1395 2037 est.
1408 2006 1505 2033 librant
1528 2011 1625 2033 contra
1651 2006 1768 2033 Moribu-

144 2051 210 2079 dum
224 2053 357 2087 superiore
368 2053 424 2080 loco
438 2052 586 2086 laudatum,
599 2061 657 2079 eum
675 2053 761 2086 ipsum
780 2060 836 2078 esse
862 2055 1004 2078 tractaturi:
1021 2052 1065 2086 qui
1083 2052 1237 2079 inscribitur
1256 2052 1339 2079 Idatii
1362 2053 1436 2080 Clari
1454 2056 1549 2079 contra
1578 2051 1766 2083 V‘urimadum,

145 2097 218 2125 locus
233 2098 325 2133 quippe
339 2099 383 2126 ille
395 2103 436 2126 sat
451 2098 570 2133 prolixus
584 2099 628 2129 qui
645 2098 672 2124 in
690 2097 861 2124 altercatione
876 2102 969 2124 contra
984 2098 1077 2124 Arium
1087 2105 1119 2124 ex
1138 2098 1205 2124 libro
1224 2103 1319 2126 contra
1337 2099 1506 2129 Maribadum
1532 2102 1653 2136 affertur,
1666 2108 1765 2135 nequa-

144 2153 224 2180 quam
237 2151 325 2173 esrstat
337 2147 364 2173 in
376 2146 459 2174 tribus
474 2145 559 2173 Idatii
571 2148 666 2172 contra
683 2143 858 2171 Varimadum
874 2144 959 2171 libris.
976 2143 1033 2171 Nec
1050 2145 1196 2172 audiendus
1213 2146 1339 2174 laudatus
1359 2149 1397 2174 rir
1415 2148 1568 2184 Chiﬂletius,
1588 2149 1632 2183 qui
1645 2153 1671 2174 ut
1681 2153 1765 2174 totum

144 2192 211 2218 illud
222 2193 397 2228 fragmentum
413 2194 532 2228 superius
548 2193 674 2222 allatum,
689 2201 716 2219 tu
731 2191 808 2219 libris
828 2192 917 2227 Vigilii
935 2193 1060 2227 reperiat,
1077 2194 1223 2221 sententias
1236 2199 1260 2220 et
1276 2195 1390 2223 Paulina
1406 2197 1463 2224 loca
1476 2197 1536 2224 ltinc
1555 2197 1614 2224 inde
1630 2196 1765 2225 corradit:

144 2241 196 2268 into
207 2250 239 2268 ea:
258 2242 412 2270 duodecimo
430 2242 466 2269 De
479 2242 612 2269 Trinitate
625 2242 691 2268 libro
704 2246 787 2268 totum
804 2241 908 2267 initium
924 2241 1038 2276 collegit,
1052 2242 1097 2276 qui
1110 2247 1197 2269 tamen
1222 2242 1288 2269 liber
1316 2245 1438 2279 nuspiam
1451 2245 1594 2278 inscriptus
1607 2249 1646 2271 est
1669 2247 1765 2272 contra

145 2285 320 2316 Varimadum
333 2289 371 2315 vel
384 2288 564 2320 Marivadum,
579 2293 606 2314 ut
627 2296 673 2315 nec
682 2288 772 2314 cwteri
790 2287 822 2314 de
838 2287 970 2314 Trinitate
983 2287 1055 2314 libri.
1083 2287 1149 2314 Cum
1166 2289 1247 2322 igitur
1263 2289 1335 2316 loctts
1358 2291 1402 2318 ille
1427 2291 1452 2317 in
1479 2291 1553 2317 libris
1577 2289 1661 2317 Idatii
1690 2289 1764 2316 Clari

145 2332 275 2362 adversus
291 2333 467 2362 Varimadum
486 2336 593 2361 minimc
609 2338 771 2368 compareat,
790 2341 949 2368 consequens
962 2334 1040 2367 plane
1058 2334 1137 2367 fuerit
1167 2333 1263 2360 librant
1283 2334 1373 2370 Vigilii
1395 2336 1525 2363 adversus
1542 2335 1719 2366 Maribadum,
1733 2343 1765 2362 ex

144 2386 194 2412 quo
214 2379 268 2412 ipse
280 2379 439 2413 superiorem
452 2379 580 2413 excerpsit
597 2379 693 2410 locum,
715 2378 847 2404 diversum
871 2385 927 2404 esse
942 2386 958 2403 a
975 2377 1059 2404 tribus
1073 2377 1128 2404 illis
1146 2377 1231 2404 Idatii
1257 2378 1332 2406 Clari
1358 2380 1444 2406 libris.
1468 2380 1513 2407 Vir
1528 2380 1693 2407 clarissimus
1709 2380 1765 2406 An-

145 2424 266 2451 t/wlmius
275 2425 377 2452 erudite
390 2425 480 2452 istha'c
493 2433 523 2451 ac
536 2425 593 2460 fuse
604 2425 768 2460 persequitur
785 2425 811 2450 in
821 2432 869 2450 sua
882 2423 914 2450 de
929 2422 1055 2458 Symbolo
1074 2423 1256 2451 Athanasiano
1269 2425 1461 2459 disquisitione.
1474 2427 1517 2452 cui
1532 2427 1652 2452 lectorem
1677 2425 1765 2451 remit-

143 2470 241 2497 timus:
262 2470 337 2497 nobis
354 2471 484 2498 enimnon
496 2470 556 2497 licet
569 2479 625 2497 esse
644 2475 696 2497 tam
714 2470 838 2504 prolixis.
855 2469 919 2496 lla'c
935 2475 1033 2500 tamen,
1046 2469 1072 2495 ni
1083 2469 1176 2503 fallor,
1193 2471 1260 2497 satis
1274 2477 1361 2502 erunt,
1383 2476 1411 2498 ut
1430 2471 1530 2506 liquido
1555 2476 1652 2498 constet
1672 2472 1764 2498 imme-

143 2516 194 2542 rito
212 2517 310 2543 ascribi
325 2517 405 2544 libros
419 2516 503 2543 Idatii
518 2517 594 2544 Clari
614 2517 709 2551 Vigilio
726 2516 853 2550 Tapsensi
869 2517 945 2550 Afro.
969 2515 1036 2543 Cum
1050 2516 1132 2550 igitur
1153 2516 1243 2543 Idalio
1263 2517 1437 2549 adjudicondi
1466 2517 1603 2544 videantur
1617 2518 1679 2544 libri
1711 2523 1762 2544 tres

142 2567 237 2590 contra
254 2562 441 2594 Varimadum,
457 2563 516 2590 hinc
529 2563 696 2598 consequitur
709 2563 810 2590 libellos
822 2563 854 2590 de
866 2563 993 2590 Trinitate
1016 2571 1081 2598 quos
1097 2572 1113 2590 a
1128 2571 1155 2589 se
1169 2563 1284 2598 digestos
1301 2568 1429 2590 memorat
1446 2563 1551 2591 Idalias
1560 2565 1586 2590 in
1597 2563 1688 2591 iisdem
1699 2571 1764 2591 con-

142 2615 182 2636 tm
194 2608 370 2636 Varimadum
388 2608 600 2642 libris,ejusdem
617 2607 713 2640 Idatii,
729 2617 781 2635 non
800 2608 892 2643 Vigilii
905 2616 972 2635 esse.
984 2607 1055 2640 Quia
1067 2612 1154 2634 tamen
1170 2608 1197 2634 in
1213 2608 1334 2635 omnibus
1362 2609 1493 2636 codicibus
1511 2617 1604 2636 nomen
1623 2609 1763 2644 pra‘fertur

140 2656 284 2683 Athanasii
294 2660 319 2682 et
333 2656 456 2690 fortassis
471 2657 527 2690 ipso
544 2656 680 2690 scriptoris
701 2655 822 2688 consilio,
839 2655 913 2682 nobis
926 2655 1017 2690 religio
1029 2655 1079 2689 fuit
1095 2655 1237 2682 Athanasii
1247 2663 1392 2691 expungere
1415 2664 1507 2683 nomen
1521 2676 1528 2690 ,
1553 2655 1622 2692 quod
1648 2656 1762 2690 scriptor

141 2710 198 2738 tpse
213 2702 380 2736 prtemissum
395 2702 487 2730 uoluit.

175 2749 240 2783 Quis
252 2757 331 2784 porro
349 2750 383 2776 sit
394 2749 500 2776 Idatius
513 2751 561 2777 iste
575 2751 682 2777 minime
695 2755 809 2777 constat.
829 2750 887 2776 Duo
902 2749 1005 2784 quidem
1031 2754 1210 2777 memorantur
1230 2748 1312 2775 Idatii
1331 2750 1471 2783 scriptores
1483 2769 1490 2779 .
1520 2748 1596 2775 ambo
1624 2748 1758 2783 Hispani;

141 2795 208 2822 alter
224 2795 374 2830 cognomine
390 2795 497 2828 Clarus,
507 2796 551 2830 qui
562 2796 686 2824 adversus
699 2797 898 2824 Priscillianum
914 2797 1032 2832 scripsit,
1051 2806 1081 2823 ac
1098 2797 1244 2824 Theodosio
1257 2797 1359 2823 seniore
1373 2801 1398 2823 et
1418 2795 1602 2823 Valentiniano
1630 2797 1761 2830 imperan-

141 2841 210 2868 tibus
226 2841 295 2868 diem
307 2841 405 2868 clausit
420 2847 573 2876 extremum,
589 2847 651 2870 teste
664 2843 768 2871 Isidoro
783 2844 877 2878 cap.‘2.
895 2843 969 2871 Alter
983 2848 1020 2871 est
1034 2843 1139 2871 Idatius
1154 2844 1294 2879 provinciw
1309 2842 1442 2871 Galla'cia’
1456 2844 1602 2878 episcopus,
1614 2841 1762 2870 Chronico-
