1926 3068
136 127 204 154 uno
714 127 742 153 s.
762 127 991 155 ATll.\.\lASlL'S.
1012 144 1047 148 ——
1068 117 1210 156 senius!
1683 127 1752 154 tuo

136 191 196 210 rum
212 184 333 218 scriptor,
350 183 510 211 Lcmicensis
522 193 537 210 a
558 183 820 219 Sigebcrtovocatns,
833 186 878 220 qui
895 185 978 212 Leone
993 186 1136 219 imperante
1152 186 1221 213 diem
1238 185 1312 212 obiit.
1332 184 1419 217 Prior,
1447 186 1570 212 adversus
1586 184 1754 211 Marieadum

135 230 212 257 illum
224 230 364 257 diaconum
380 230 520 262 Ariauum,
532 232 588 265 qui,
606 236 633 257 ut
652 231 689 257 ait
709 231 799 257 l'ictor
821 231 943 263 l'iteusis.
961 231 1092 258 lluuerico
1111 233 1164 266 regi
1184 232 1327 266 familiaris
1345 232 1405 266 fuit,
1423 233 1558 266 scripsisse
1575 232 1679 266 nequit;
1707 238 1754 258 nec

137 279 217 305 trium
233 278 364 305 adversus
375 277 551 304 Varimailum
567 278 695 304 librorum
711 283 805 304 auctor
816 279 883 309 erit;
909 279 932 305 si
957 283 1043 305 tamen
1073 278 1140 304 idem
1165 279 1219 312 ipse
1234 280 1268 306 sit
1295 278 1461 308 Marihadus.
1478 279 1521 313 qui
1539 277 1707 310 l’arimadus,
1725 283 1755 305 ut

136 333 196 352 tero
209 325 274 351 satis
294 324 380 350 simile
400 328 450 350 est.
468 323 552 350 Alteri
566 332 640 359 ergo,
656 324 816 359 chronologo
835 324 946 356 scilicet,
962 325 1127 358 probabilius
1143 325 1313 352 inscribuntur
1327 333 1336 351 :
1350 325 1391 352 eui
1411 324 1485 352 Cluri
1503 325 1617 359 fortasse
1632 331 1725 351 nomen
1737 332 1755 351 α

136 371 258 405 quopiam
272 370 382 396 librario
394 370 474 404 fuerit
490 370 633 404 adjectum.

173 417 304 444 Ca'terum
319 418 458 450 opinamur
472 423 530 443 octo
549 422 651 443 tantum
662 418 763 451 priores
779 417 860 444 libros
873 417 907 443 ad
924 416 1041 443 Idalium
1058 418 1204 451 pertinere;
1228 426 1289 444 nam
1311 418 1445 451 sequentia
1469 416 1606 451 opuscula,
1620 424 1670 451 quo
1689 417 1756 443 scri-

136 467 210 497 ptore
223 463 367 496 prodierint
383 463 537 497 ignoratur;
553 463 647 489 etenim
667 464 709 489 eui
735 463 787 490 sint
802 462 957 490 aseribenda
971 463 1060 489 nullus
1081 462 1173 495 eodem,
1189 463 1278 490 nullus
1288 464 1402 497 scriptor
1414 464 1460 498 qui
1483 464 1509 489 in
1525 470 1619 489 manus
1632 462 1755 489 inciderit

137 515 254 540 nostras,
267 509 378 536 indicat.
392 510 444 536 Sed
459 510 524 536 liber
538 511 582 544 qui
592 516 741 543 postremus
758 511 784 537 in
797 511 984 543 manuscriplis
997 515 1020 537 et
1035 511 1060 536 in
1077 511 1150 544 prius
1162 510 1240 537 editis
1252 510 1373 543 habetur,
1383 511 1431 537 hoc
1451 510 1528 538 titulo
1540 519 1549 537 .'
1569 509 1606 537 De
1623 510 1756 537 Trinilate

137 558 165 581 et
178 554 212 581 de
227 554 330 588 Spiritu
341 559 448 588 sancto,
462 561 484 582 et
501 556 570 582 hisce
587 557 669 583 verbis
683 557 836 583 inchoatur:
847 558 894 584 llis
908 558 954 591 qui
971 556 1067 583 Filium
1084 556 1130 583 Dei
1152 561 1275 584 creatum
1290 566 1350 584 esse
1362 557 1532 592 proﬁtentur,
1563 557 1635 584 nobis
1654 555 1757 584 videtur

139 600 279 628 Athanasii
295 610 350 628 esse
364 623 370 629 .
389 604 505 637 apprime
519 604 588 630 enim
610 605 726 631 convenit
739 613 796 631 eum
810 605 872 631 aliis
890 605 1045 639 πολεμικοῖς
1064 606 1117 632 sive
1129 605 1226 640 stylum
1237 611 1333 639 spectes
1350 606 1403 632 sive
1415 610 1586 641 argumenta:
1597 613 1678 641 quare
1689 605 1757 632 inter

139 654 264 681 germana
283 648 424 676 Athanasii
437 656 514 682 opera
530 655 600 676 tanto
618 650 705 684 primo
724 658 803 680 (usus
815 651 878 684 fuit,
895 650 940 677 ubi
951 650 982 676 de
998 650 1045 676 illo
1061 650 1157 684 fusius.

490 814 587 876 DE
630 814 937 879 SANCTA
975 815 1407 881 TRINITATE

798 944 962 988 LIBRI
1008 945 1101 988 XI.
1384 946 1390 949 “

397 1050 478 1080 (Vide
496 1051 661 1087 Patrotogiw
676 1051 780 1079 Latina
793 1054 859 1078 tom.
875 1049 955 1084 LXII,
971 1051 1024 1078 col.
1042 1050 1172 1084 257-507,
1191 1051 1219 1078 in
1237 1050 1332 1086 Vigilio
1347 1050 1503 1086 'l‘apscnsi.)

1186 1203 1742 1216 —————

401 1281 433 1308 IN
454 1281 737 1309 DISPUTATIONEM
758 1281 787 1308 S.
807 1280 994 1308 ATHANASH
1009 1280 1149 1308 CONTRA
1170 1281 1280 1308 ARIUM
1306 1281 1504 1309 ADMUNITIO.

183 1353 280 1388 Vigilio
296 1353 423 1387 Tapsensi
438 1353 485 1379 hoc
499 1361 562 1387 opus
580 1353 685 1386 iamdiu
706 1353 846 1380 vindicavit
870 1353 995 1388 Georgius
1010 1352 1161 1380 Cassander
1175 1354 1203 1380 in
1219 1354 1282 1381 edit.
1303 1353 1395 1382 Colon.
1413 1362 1482 1382 anno
1496 1354 1574 1387 1555,
1589 1358 1613 1381 ει
1629 1359 1686 1389 post
1701 1361 1761 1382 eum

144 1400 261 1427 eruditus
287 1400 326 1426 vir
351 1399 505 1434 Chiﬂletius,
527 1407 558 1426 επ
577 1404 666 1433 aperto
679 1400 779 1426 scilicet
802 1400 887 1434 ipsius
905 1399 995 1435 Vigilii
1016 1400 1174 1431 testimonio,
1196 1401 1240 1435 qui
1265 1400 1292 1426 in
1312 1400 1378 1426 libro
1404 1408 1421 1427 v
1442 1400 1574 1428 adversus
1600 1399 1759 1436 Eutycllem,

145 1454 202 1480 cap.
217 1445 234 1472 9
248 1446 302 1472 Iure
315 1445 391 1472 habet
405 1454 413 1472 :
426 1445 458 1472 Et
471 1455 640 1482 quanquam,
654 1449 751 1483 inquit,
765 1448 798 1475 «le
815 1448 994 1475 conciliorum
1012 1447 1129 1475 diversis
1147 1448 1348 1479 sanctionibus,
1364 1452 1391 1474 et.
1410 1447 1551 1474 nominum
1570 1447 1696 1482 religiose
1713 1446 1761 1474 ad-

146 1494 210 1521 ditis
227 1493 403 1526 novitatibus,
420 1493 576 1528 plenissime
598 1495 625 1522 in
651 1495 691 1522 eis
718 1495 804 1528 libris,
819 1503 889 1530 quos
903 1496 1034 1522 adversus
1055 1493 1216 1525 Sabellium,
1238 1493 1384 1520 Photinum
1396 1514 1402 1524 ,
1423 1498 1449 1520 (ιι
1463 1493 1568 1525 Arium,
1582 1494 1633 1520 sub
1652 1493 1762 1520 nomine

147 1539 286 1566 Athanasii
306 1543 434 1574 tanquam
449 1541 472 1567 si
485 1545 631 1574 praesentes
644 1549 706 1568 cum
722 1541 903 1576 pnusontibus
920 1545 1042 1575 agerent.
1060 1539 1107 1567 ubi
1127 1539 1209 1566 etiam
1225 1539 1374 1574 cognitoris
1392 1546 1506 1573 persona
1521 1538 1628 1565 videtur
1640 1539 1762 1570 inductu,

146 1585 371 1618 conscripsimus,
385 1588 439 1611 etc.
461 1585 576 1620 Hujusce
591 1595 649 1614 vero
666 1588 751 1622 operis
767 1588 827 1614 dua:
842 1592 903 1614 sunt
918 1595 965 1614 nec
983 1586 1113 1613 modicum
1134 1586 1201 1612 inter
1217 1594 1244 1612 se
1267 1585 1442 1619 discrepantes
1456 1585 1557 1619 formte.
1573 1584 1651 1612 Prior
1665 1593 1724 1620 (μιαν
1735 1585 1767 1611 in

147 1633 220 1666 prius
245 1632 323 1660 editis
338 1633 478 1660 Athanasii
492 1638 634 1667 comparet,
653 1634 852 1661 altercationem
878 1633 958 1668 refert
982 1632 1156 1659 Athanasium
1176 1632 1243 1658 inter
1262 1636 1285 1658 et
1306 1631 1397 1657 Arium
1413 1631 1497 1659 solum
1511 1639 1519 1658 :
1533 1631 1662 1664 posterior
1676 1631 1765 1664 priore

148 1681 222 1715 longe
239 1681 341 1707 auctior
356 1689 372 1707 α
385 1680 512 1715 Chi/fictio
526 1681 596 1708 edita
611 1681 785 1715 disputationi
809 1681 940 1708 interserit
958 1679 1104 1707 Sabellium
1123 1683 1147 1705 et
1167 1678 1324 1709 Photinum;
1343 1681 1367 1703 et
1383 1677 1410 1703 in
1427 1677 1478 1711 [ine
1491 1676 1586 1710 adjicit
1605 1676 1764 1702 sententiam

148 1727 245 1758 iudicis
261 1727 352 1754 Probi.
369 1727 467 1754 Ambas
494 1728 555 1755 illas
578 1729 694 1763 integras
706 1728 812 1755 reddere
832 1728 916 1755 visum
937 1727 999 1761 fuit.
1025 1725 1106 1753 Putat
1125 1726 1282 1761 Chiﬂletius.
1301 1725 1414 1759 priorem
1430 1735 1446 1753 a
1468 1725 1575 1760 Vigilio,
1592 1729 1646 1750 tum
1665 1724 1764 1750 editam

148 1774 230 1808 fuisse
243 1783 301 1801 cum
318 1775 402 1801 adhuc
425 1775 679 1810 l'andatorumjugo
693 1781 864 1811 premeretur.
882 1775 997 1810 adeoque
1014 1775 1070 1810 ejus
1088 1779 1181 1801 auctor
1201 1774 1307 1809 agnosci
1326 1773 1423 1804 nollet;
1442 1770 1608 1806 posteriorem
1622 1777 1690 1800 vero,
1706 1777 1766 1795 eum

149 1826 224 1848 extra
241 1830 331 1848 eorum
348 1826 503 1855 potestatem
515 1825 582 1848 esset
595 1829 604 1847 :
615 1821 707 1855 quippe
723 1822 749 1847 in
764 1829 816 1855 qua
828 1829 855 1847 sc
868 1825 893 1848 et
918 1820 1060 1846 Athanasii
1084 1827 1221 1854 personant
1244 1819 1395 1845 ementitum
1417 1825 1481 1848 esse,
1497 1821 1521 1843 et
1546 1814 1712 1842 Maribadum
1735 1821 1767 1840 ac

152 1859 303 1896 Palladium
319 1870 432 1896 Arianns
448 1870 552 1904 scriptis
568 1869 643 1895 libris
659 1869 809 1903 confutasse
828 1869 917 1903 palam
935 1869 1083 1903 proﬁtetur.
1105 1867 1155 1895 Sed
1170 1868 1259 1902 palam
1275 1872 1313 1894 est
1331 1867 1385 1893 ha’e
1400 1863 1568 1900 conjectando
1584 1867 1685 1890 tantum
1702 1861 1766 1889 dici.

153 1915 208 1943 Nec
223 1925 280 1952 qua:
293 1925 374 1944 causa
383 1918 417 1944 sit
429 1906 509 1944 tanta!
520 1919 588 1944 inter
602 1923 740 1952 utramque
753 1917 868 1952 formam
882 1917 1031 1948 varietatis,
1045 1917 1112 1943 satis
1127 1920 1288 1950 compertum
1299 1914 1418 1942 habetur.

425 2079 788 2128 DISPUTATIO
824 2082 1148 2128 ATHANASII
1185 2082 1304 2127 CUM
1351 2079 1498 2126 ABIO

761 2187 880 2216 CORAM
897 2188 1011 2217 PBOBO
1028 2188 1157 2216 JUDICE.

444 2268 523 2304 (Vide
539 2267 702 2304 Patrologia:
719 2268 820 2296 Latinae
837 2274 902 2296 tom.
917 2268 998 2301 LXII,
1015 2269 1069 2297 col.
1090 2269 1152 2302 155,
1167 2268 1195 2296 in
1214 2268 1314 2304 Vigilio
1327 2268 1493 2304 Tapsensi.»

556 2392 931 2439 ALTERCATIO
967 2393 1016 2437 S.
1055 2393 1376 2438 ATHANASH

504 2489 619 2521 Contra
633 2488 757 2525 Arium,
775 2487 948 2525 SMium
968 2487 1020 2519 vel
1041 2488 1212 2522 Photinum
1237 2487 1414 2520 hmretic05.

796 2569 876 2609 (Vide
884 2565 971 2605 ῖίηιι.,
989 2572 1042 2600 col.
1059 2567 1133 2608 179.,
