1926 3068
583 151 719 178 PONTIF.
741 151 823 178 ROM.
845 151 888 178 ET
906 152 1091 179 ATllAN.\Sll
1113 151 1303 181 EPlSTOL/E.

140 153 204 180 MM
583 153 719 178 PONTIF.
741 153 823 178 ROM.
845 153 888 178 ET
906 153 1091 179 ATIIAN.\SI|
1113 153 1303 181 EPISTOLIE.
1688 153 1758 182 ιιιε

620 288 652 314 ΙΝ
674 288 879 321 δίεἶρυΕΝΤΕὸ
899 289 1088 316 EPISTOLAS
1106 290 1277 318 MONI'I'UM.

173 349 343 385 532-597
358 348 398 375 En
412 348 470 380 tibi,
481 347 574 374 Lector
597 347 709 378 erudite,
721 348 840 374 sistimus
866 348 992 382 epistolas
1011 350 1144 375 variorum
1167 350 1322 384 pontificum
1340 349 1375 375 ad
1394 348 1581 381 Athanasium,
1601 355 1626 378 et
1644 352 1757 380 vicissim

140 398 278 427 Athanasii
291 398 324 424 ad
340 397 486 431 pontiﬁces,
505 397 537 424 ab
552 398 642 424 otiosis
658 397 806 424 hominibus
822 398 992 431 conscriptas.
1016 398 1081 425 Dua:
1102 400 1202 432 priores
1229 399 1319 426 Cra-ce
1333 399 1440 434 jamdiu
1455 403 1561 425 exstant
1577 400 1603 426 in
1624 401 1757 428 codicibus

139 443 339 473 Athanasianis.
360 443 442 477 iisque
451 443 623 477 perantiquis,
643 447 754 476 suntque
770 443 884 474 imperiti
900 442 1013 469 erculi
1030 451 1093 476 opus
1111 451 1120 470 :
1136 452 1196 470 nam
1211 452 1269 478 qua:
1291 444 1323 471 de
1337 445 1466 474 Trinitate
1481 447 1543 475 istic
1565 449 1756 483 pradicantur,

138 490 276 517 ἀσύστατα
291 490 441 524 plerumque
455 496 526 520 sunt.
540 495 563 517 et
577 491 609 517 ab
625 491 730 516 usitatis
744 490 891 517 Athanasio
912 490 1032 524 loquendi
1050 491 1172 525 formulis
1186 499 1294 525 prorsus
1316 493 1413 520 aliena.
1434 494 1515 522 Prior
1531 496 1643 529 epistola
1658 496 1758 525 Liberii

138 535 173 562 ad
188 535 372 568 Athanasium,
385 535 479 561 mutila
493 535 593 562 videtur
609 535 696 566 initio,
714 539 742 561 ut
757 535 857 562 indicat
871 536 952 562 codex
974 534 1161 570 Seguerianus.
1184 537 1234 570 qui.
1244 537 1320 564 habet
1333 538 1367 564 ad
1387 541 1547 574 marginem,
1566 541 1642 577 ζήτει
1658 543 1756 578 ἀρχήν,

138 589 229 616 ηυωτθ
253 581 370 608 initium.
397 579 516 608 Secunda
535 589 593 615 qnte
612 586 651 607 est
669 580 808 607 Athanasii
824 581 857 606 ad
873 581 1017 614 Liberium,
1046 583 1147 610 nullam
1168 583 1275 616 prtvfert
1298 584 1417 618 epistola:
1443 587 1567 621 foratum,
1585 589 1630 615 sed
1651 593 1690 616 est
1710 598 1757 617 ceu

138 629 225 663 inepta
238 627 369 663 quwdam,
385 632 408 654 et
425 627 566 654 admodum
584 627 719 661 implicata
737 627 798 662 fidei
809 630 948 663 expositio.
965 629 1064 665 Estque
1084 635 1223 665 utrumque
1245 632 1409 665 opusculum,
1424 638 1452 658 ut
1467 641 1498 660 ex
1514 634 1596 660 verbis
1611 636 1758 670 conjectare

139 675 208 706 licet,
221 675 253 701 ab
276 674 365 701 eodem
382 675 508 707 scriptore
522 680 672 702 exaratum.
703 675 787 702 Nemo
811 683 908 709 autem,
930 682 958 704 ut
975 679 1076 711 opinor,
1092 678 1129 704 vel
1145 678 1278 704 tantillum
1295 679 1405 712 peritus,
1421 680 1475 706 Izwc
1501 686 1547 707 aut
1568 681 1684 714 Liberio,
1711 689 1758 710 aut

137 720 283 746 Athanasio
295 718 498 754 adjudicaturus
514 726 562 747 est.
583 720 650 747 Nam
667 726 762 754 printer
773 722 835 756 styli
850 723 1055 757 discrepantiam
1071 723 1148 758 plane
1158 725 1336 757 conspicuam,
1350 733 1402 751 non
1416 725 1479 752 leris
1493 731 1532 752 est
1543 727 1609 753 illud
1621 729 1757 762 momenti,

137 768 205 803 quod
217 769 243 795 in
257 773 331 795 tanta
343 776 428 794 rerum
443 767 681 794 ecclesiasticarum
693 769 901 801 perturbatione,
918 774 1018 803 quanta
1040 770 1145 795 ineunte
1160 769 1264 796 Liberio
1280 770 1473 804 pontiﬁcatum,
1494 772 1520 798 in
1535 777 1588 799 toto
1605 773 1758 801 Christiano

137 815 198 842 orbe
212 815 381 846 versabatur;
402 823 447 841 nec
473 814 504 841 de
529 820 673 848 temporum
695 815 854 846 conditione,
871 823 917 842 nec
944 816 976 843 de
999 818 1183 844 controversiis
1201 817 1354 844 Catholicos
1373 818 1441 844 inter
1464 821 1489 844 et
1505 818 1633 850 Ariauos,
1664 821 1758 854 quibus

139 861 231 888 Oriens
243 861 343 895 pariter
353 865 377 887 et
392 860 517 888 Occidens
537 869 566 887 eo
587 866 699 894 tempore
726 861 938 896 conﬂagrabant,
955 862 1040 888 ullam
1062 863 1164 896 faciant
1186 864 1352 890 metnionent.
1369 863 1403 890 In
1423 864 1463 890 his
1478 865 1558 891 etiam
1575 865 1630 892 ha’c
1642 867 1759 900 formula

137 917 186 935 usu
199 909 266 935 venit
283 916 292 934 :
305 907 423 939 Patrem,
440 906 540 934 Filium
556 913 580 934 et
597 907 725 942 Spiritum
739 913 871 941 sanctum,
899 917 980 936 unum
1005 917 1060 936 esse
1074 910 1233 942 ὑποστάσει,
1248 918 1305 944 qua:
1324 910 1384 937 licet
1398 909 1540 937 Athanasii
1561 917 1673 945 tempore
1693 922 1759 940 non-

137 958 198 984 dum
213 957 359 991 proscripta
369 960 446 986 esset,
465 963 480 982 a
500 960 590 982 sancto
611 960 698 982 tamen
721 955 827 982 doctore
842 965 976 992 nunquam
1000 962 1154 992 usurpatur.
1174 957 1240 983 Eam
1266 957 1438 984 nihilominus
1459 959 1486 985 in
1504 959 1625 993 confesso
1641 969 1708 993 esse,
1727 970 1759 988 ac

136 1008 204 1033 inter
214 1014 281 1033 verte
294 1005 355 1040 fidei
367 1004 502 1032 clausulas
516 1005 601 1032 locum
618 1005 723 1039 habere,
737 1011 853 1034 statuere
867 1007 969 1034 videtur
982 1009 1027 1042 qui
1040 1008 1164 1035 ementita
1178 1007 1276 1035 Liberii
1292 1014 1316 1035 et
1332 1009 1474 1036 Athanasii
1488 1011 1592 1037 nomine
1609 1009 1657 1036 has
1676 1009 1758 1036 edidit

135 1053 270 1089 epistolas.

171 1101 292 1135 Reliquas
303 1104 390 1126 autem
408 1099 608 1135 epistolas,qute
617 1098 710 1126 Latine
720 1105 810 1134 postea
819 1100 1159 1135 subsequuntur.Itresimus
1177 1102 1320 1137 aliquando
1342 1101 1426 1133 dubii,
1446 1110 1480 1128 an
1498 1101 1643 1134 ederemus,
1659 1108 1738 1128 necne
1749 1109 1758 1127 .'

134 1147 196 1182 quia
211 1146 347 1178 nimirum,
371 1147 484 1181 exceptis
494 1147 627 1182 prioribus
640 1148 754 1181 duabus,
772 1149 833 1176 alite
849 1157 937 1175 onmes
957 1157 973 1175 a
988 1148 1204 1176 Commelinianis
1219 1154 1242 1176 et
1253 1149 1458 1182 Parisiensibus,
1473 1149 1542 1183 quod
1559 1149 1656 1175 nullius
1668 1149 1756 1183 pretii,

136 1203 166 1221 ac
176 1203 207 1222 ne
221 1193 396 1221 memorandw
412 1194 516 1229 quidem
535 1196 684 1229 videantur,
698 1197 947 1230 pra'termittuntur.
964 1195 999 1222 Et
1012 1205 1075 1223 sane
1088 1196 1240 1222 commentis
1254 1201 1314 1222 sunt
1328 1201 1351 1222 et
1364 1195 1506 1222 mendaciis
1524 1202 1658 1227 respersa',
1679 1202 1760 1228 eaque

135 1243 215 1270 variis
227 1243 289 1270 locis
312 1244 511 1274 consarcinatae,
529 1247 557 1268 ut
574 1250 605 1268 ne
630 1242 751 1268 umbram
768 1241 872 1277 quidem
885 1241 1061 1276 γνησιότητος
1085 1237 1211 1276 refe'r'ant.
1242 1241 1335 1267 Verum
1360 1249 1391 1267 ne
1407 1239 1469 1275 quid
1489 1240 1516 1265 in
1538 1243 1628 1266 nostra
1646 1238 1761 1265 editione

136 1289 218 1317 lector
229 1289 267 1316 vel
284 1296 317 1316 ex
330 1289 427 1323 spuriis
445 1288 615 1319 desideraret,
633 1288 716 1314 visunt
731 1292 769 1314 est
784 1295 828 1314 eas
845 1286 930 1313 denuo
943 1285 1087 1320 publicare.

176 1336 210 1363 Ut
229 1342 316 1364 autem
332 1337 416 1372 primo
430 1340 566 1371 conspectu
580 1335 695 1362 advertet
713 1335 832 1362 eruditus
845 1335 945 1367 lector,
959 1342 1010 1360 non
1022 1339 1083 1360 sunt
1098 1334 1189 1361 ist/nec
1209 1334 1260 1360 nisi
1277 1333 1392 1366 iaciniw,
1410 1340 1442 1359 es;
1461 1331 1580 1359 Historia
1598 1330 1758 1366 Tripartita,

134 1393 167 1412 ex
179 1384 269 1411 multis
283 1383 453 1420 synodalibus
465 1383 594 1418 epistolis,
606 1387 630 1409 et
646 1383 757 1409 decretis
777 1381 960 1412 conciliorum,
981 1381 1041 1407 hinc
1065 1381 1125 1408 inde
1138 1386 1277 1415 excerptar,
1292 1387 1317 1408 et
1335 1389 1351 1407 a
1369 1381 1481 1414 falsario
1494 1379 1606 1415 quodam
1622 1380 1754 1406 consarci-

136 1434 215 1460 nalte,
227 1429 272 1464 qui
287 1433 316 1456 ut
327 1429 416 1463 fucum
430 1428 572 1464 legentibus
586 1428 694 1462 faceret,
712 1427 819 1454 nomina
838 1433 952 1461 persa‘pe
963 1427 1070 1459 propria
1086 1427 1246 1458 immutavit,
1273 1434 1356 1453 annos
1377 1425 1508 1451 arbitratu
1523 1433 1580 1456 suo,
1598 1428 1622 1450 et
1640 1425 1760 1451 consules

133 1475 268 1510 ascripsit.
284 1474 325 1502 Ad
340 1475 484 1510 marginem
494 1483 541 1501 nos
556 1473 689 1501 undenam
704 1473 809 1500 lacinite
821 1471 952 1506 eiusmodi
965 1471 1103 1505 prodeant,
1119 1480 1166 1507 pro
1180 1471 1308 1507 facultate
1323 1471 1540 1507 signiﬁcavinms.

359 1563 545 1592 ATIIANASII
565 1563 609 1590 ET
629 1562 850 1596 QUORUMDAM
873 1560 1094 1590 ROMANOBUM
1114 1560 1322 1588 PONTIFICUM
1342 1559 1533 1587 EPISTOLIE.

134 1614 280 1648 Λιϐερίου,
303 1613 470 1640 ἐπισκόπου
492 1612 610 1648 Ῥώμης,
623 1612 770 1646 ἐπιστολὴ
785 1613 858 1646 πρὸς
873 1612 924 1639 τὸν

979 1611 1084 1641 Liberii,
1096 1609 1210 1648 episcopi
1227 1608 1455 1648 Itonia-Lepistola
1468 1608 1503 1648 ad
1518 1607 1691 1648 Athanasium
1704 1609 1759 1643 epi-

169 1647 261 1676 αὑτὸν
289 1648 470 1680 Ὰθανάσιον,
489 1647 533 1674 ὅτι
550 1647 665 1674 τέλειον
684 1648 841 1681 ἄνθρωπον
854 1647 925 1674 ἕλα-

170 1686 220 1711 ϐεν
237 1686 253 1711 ό
270 1684 342 1716 Θεὸς
358 1685 463 1718 Λόγος.
710 1707 716 1711 .

173 1741 265 1767 Ἔστιν
280 1738 326 1767 οὖν
344 1741 409 1775 ἡμῖν
425 1740 442 1774 ἡ
454 1738 593 1774 ὁμολογία,
611 1737 757 1774 ἐπιπόθητὲ
776 1747 820 1773 μοι
846 1738 925 1765 Ἀθα-

135 1786 220 1818 νάσιε,
238 1786 322 1820 Λόγος
331 1785 408 1817 Θεοῦ,
422 1785 485 1816 Tib;
501 1784 574 1810 κατὰ
584 1784 673 1818 φύσιν,
691 1784 723 1810 ἐκ
738 1783 784 1810 τοῦ
798 1783 864 1810 Θεοῦ
877 1783 924 1810 καὶ

134 1832 241 1868 Πατρὸς
255 1831 405 1867 γεννηθεὶς,
423 1832 452 1858 οὐ
470 1830 599 1861 κτισοεὶς,
617 1829 674 1856 ἀλλ’
689 1830 732 1856 ἀεὶ
744 1829 781 1856 ὢν
793 1830 924 1866 συνάναρ-

134 1887 180 1914 χος
197 1878 234 1913 τῷ
251 1878 309 1914 Θεῷ
322 1877 368 1904 καὶ
383 1878 479 1912 Πατρὶ.
496 1877 542 1903 καὶ
558 1876 774 1907 ἀκαταπαύστως
795 1876 825 1902 τὸ
845 1875 925 1910 βασί-

134 1924 205 1951 λειον
220 1924 287 1958 ἔχων
301 1925 340 1955 εἰς
355 1924 417 1954 τοὺς
431 1923 623 1958 ἀτελευτήτους
637 1922 747 1954 αἰῶνας.
757 1922 853 1957 Ἀμήν.
869 1922 925 1948 Καὶ

134 1970 166 1997 τὸ
180 1969 292 2004 Πνεῦμα
306 1969 334 1995 δὲ
347 1969 377 1995 τὸ
386 1969 462 2002 ἅγιον
478 1968 585 2003 ἀληθῶς
598 1969 629 1994 ἐκ
646 1967 692 1994 τοῦ
706 1966 773 1993 Θεοῦ
789 1967 859 1993 κατὰ
873 1967 923 2002 φύ-

135 2025 177 2043 σιν
188 2018 221 2052 τῇ
236 2015 379 2050 φύσει(28ι
397 2015 472 2046 Θεὸν,
487 2014 633 2049 ἀμέριστον
651 2015 683 2040 ὲκ
699 2012 766 2040 Θεοῦ
784 2013 855 2040 κατὰ
876 2013 925 2045 τὰς

134 2062 214 2096 ἁγίας
238 2061 365 2097 Γραφάς·
395 2059 443 2086 τοῦ
470 2057 538 2085 εἶναι
561 2058 668 2093 ἀληθῶς
680 2058 726 2084 τὸν
742 2058 861 2094 Πατέρα,
878 2059 925 2084 καὶ

131 2108 180 2135 τοῦ
195 2107 265 2135 εἶναι
287 2106 394 2142 ἀληθῶς
410 2106 454 2132 τὸν
471 2105 545 2136 Υἱὸν,
563 2105 610 2130 καὶ
630 2104 676 2131 τοῦ
693 2102 760 2130 εἶναι
774 2103 881 2139 ἀληθῶς
895 2103 924 2130 τὺ

133 2156 210 2190 ἅγιον
226 2154 347 2189 Πνεῦμα,
376 2153 491 2180 ἕκαστον
516 2152 602 2187 δνομα
629 2152 666 2187 μὴ
692 2151 924 2187 μεταϐαλὶόμενυν

133 2203 179 2230 ἐπὶ
192 2201 341 2236 ἁναΟέματι
355 2201 386 2226 ἐκ
401 2200 450 2234 τῆς
465 2199 569 2229 οἰκείας
583 2197 766 2232 ὲπονομασίας
776 2205 783 2212 ’
794 2197 841 2223 τοῦ
854 2194 925 2223 εἶναι

131 2248 181 2284 τὴν
194 2247 295 2283 Τριὰδα
313 2245 420 2281 ἀληθῶς
439 2245 542 2279 Τριάδα
570 2245 598 2270 ἐν
625 2244 673 2278 μιᾷ
698 2243 814 2277 Οεότητι,
832 2242 878 2269 καὶ
895 2242 924 2268 ὲν

135 2295 184 2329 μιᾷ
192 2293 314 2328 δυνάμει,
328 2291 375 2318 καὶ
391 2292 403 2316 ὲ

133 2337 172 2365 οὐ
197 2337 250 2373 γὰρ
274 2335 412 2372 μερίζεται
426 2336 439 2361 ὁ
455 2334 518 2365 Υἱὸς
537 2335 568 2360 ἐκ
586 2334 637 2368 τῆς
656 2334 792 2368 πατρικῆς
804 2333 922 2359 ὑποστά-

134 2392 212 2414 σεως,
231 2383 288 2409 οὐδὲ
319 2382 349 2409 τὸ
373 2381 486 2415 Πνεῦμα
502 2379 532 2405 τὸ
545 2379 631 2412 ἆγιον,
645 2379 693 2414 τῆς
707 2379 862 2414 πληρούσης
877 2378 922 2404 τὸν

133 2427 243 2462 οὐρανὸν
252 2427 298 2453 καὶ
310 2426 358 2461 τὴν
373 2425 435 2460 γῆν.
457 2426 550 2451 Ἔστιν
561 2421 618 2454 οὖν,
636 2422 726 2451 καθὼς
744 2423 884 2458 προεῖπον,
904 2422 921 2456 ἡ

133 2473 218 2509 Τριὰς
233 2474 260 2499 ὲν
276 2473 325 2508 μιᾷ
337 2471 484 2498 ὑποστάσει
501 2470 538 2506 μὴ
557 2468 731 2504 μεριζομένπ,
742 2468 789 2494 καὶ
799 2469 832 2502 τῇ
845 2467 923 2503 οὐσίᾳ

134 2520 173 2551 ἓν,
189 2520 236 2546 καὶ
246 2520 278 2554 τῇ
291 2519 395 2554 θεότητι
407 2518 446 2547 ἒν,
463 2517 509 2543 καὶ
526 2516 559 2551 τῇ
576 2514 688 2549 δυνάμει
705 2513 744 2545 ἓν,
760 2514 808 2540 καὶ
821 2514 854 2548 τῇ
875 2513 922 2548 βα-

134 2566 220 2601 σιλείᾳ
232 2565 273 2596 ἓν,
290 2565 337 2591 καὶ
350 2566 383 2600 τῇ
397 2563 535 2598 δοξολογίᾳ
550 2561 589 2592 ἓν,
611 2561 656 2587 καὶ
672 2561 704 2595 τῇ
724 2559 807 2586 εἰκόνι
824 2559 863 2590 ἓν,
876 2559 924 2585 καὶ

132 2612 171 2647 τῷ
184 2612 321 2646 Πνεύματι
333 2610 362 2637 ἓν
373 2619 379 2624 ·
398 2608 509 2644 Πνεῦμα
523 2607 576 2643 γὰρ
593 2607 623 2633 οὺ
643 2605 793 2642 μερίζεται.
815 2604 924 2631 ’ΛνὰΘε-

135 2667 172 2693 μα
183 2656 230 2684 οὖν
243 2657 314 2690 λέγω
328 2655 472 2682 Σαϐελλίου
484 2654 514 2681 τὸ
524 2654 612 2688 δόγμα
627 2652 675 2678 καὶ
686 2651 804 2686 Ἀρείου.
816 2651 863 2677 καὶ
873 2650 923 2681 τὰς

132 2701 412 2738 προαπηγορευμὲνας
425 2699 554 2735 αἱρέσεις,
563 2700 601 2730 εἰς
615 2698 727 2724 αἰωνίαν
742 2696 863 2725 κόλασιν,
873 2703 924 2722 κα-

131 2748 167 2774 τὰ
179 2747 228 2782 τὴν
241 2746 288 2773 τοῦ
305 2746 430 2781 Σωτῆρος
445 2744 546 2778 φωνήν.
560 2743 652 2778 Ταύτῃ
670 2739 715 2768 οὖν
730 2742 762 2776 τῇ
782 2740 921 2776 ὁμολογίᾳ,

132 2793 230 2828 Malos
247 2792 400 2823 ἋΟανάσιε,
416 2792 449 2826 τῇ
464 2789 531 2825 οὔσῃ
551 2789 618 2824 μόνῃ
641 2788 687 2815 καὶ
708 2786 816 2822 ἀληθῶς
832 2786 922 2812 πίστει

173 2871 228 2906 (2'3)
258 2869 295 2897 lla
320 2868 512 2905 Segueriauus.
535 2866 563 2893 In
584 2866 680 2898 editis,
701 2874 733 2900 τῃ
754 2863 830 2899 φύσει
854 2863 940 2890 deest.

1013 1653 1120 1680 scopum
1129 1644 1308 1671 Alexandriw.
1318 1643 1394 1675 Quod
1405 1644 1474 1671 Deus
1483 1643 1603 1675 Verbum,
1615 1644 1759 1677 perfectum

1011 1681 1141 1706 hominem
1163 1684 1344 1713 assumpscnt.

1012 1733 1074 1761 Haec
1084 1734 1167 1768 igitur
1175 1737 1217 1760 est
1229 1737 1322 1761 nostra
1331 1732 1479 1764 confessio,
1490 1733 1660 1768 optatissime
1674 1733 1759 1760 Atha—

976 1780 1048 1811 nasi,
1079 1779 1198 1806 Verbum
1220 1778 1267 1806 Dei
1291 1778 1376 1806 Filius
1399 1779 1548 1806 secundum
1575 1783 1713 1811 naturam,
1726 1788 1760 1806 ex

975 1826 1032 1854 Deo
1047 1830 1073 1853 et
1081 1825 1162 1853 Patre
1177 1828 1296 1861 genitus,
1312 1834 1365 1853 non
1378 1831 1502 1857 creatus;
1517 1825 1564 1853 sed
1582 1833 1688 1860 semper
1701 1826 1762 1853 sine

976 1873 1054 1900 initio
1067 1881 1121 1899 una
1133 1880 1194 1899 cum
1213 1871 1267 1899 Deo
1283 1875 1310 1898 et
1331 1871 1421 1903 Patre,
1439 1875 1466 1899 ct.
1477 1872 1536 1899 sine
1552 1871 1604 1898 line
1617 1871 1760 1906 imperium

976 1918 1080 1945 habens
1095 1925 1143 1952 per
1154 1917 1259 1944 inﬁnita
1274 1916 1384 1944 saecula.
1402 1917 1498 1944 Amen.
1515 1916 1578 1943 ltcm
1600 1915 1761 1951 (credimus)

977 1963 1107 1999 Spiritum
1125 1967 1248 1991 sanctum
1267 1970 1329 1989 vere
1344 1970 1377 1990 ex
1394 1961 1449 1989 Deo
1467 1961 1619 1989 secundum
1634 1965 1761 1988 naturam

975 2014 1002 2036 et
1013 2013 1110 2036 natura
1125 2008 1219 2040 Deum,
1238 2008 1385 2035 indivisum
1405 2015 1420 2034 a
1433 2007 1488 2034 Deo
1500 2007 1650 2035 secundum
1668 2015 1762 2034 sacras

977 2053 1155 2089 Scripturas;
1174 2054 1211 2080 ita
1232 2058 1261 2080 ut
1276 2054 1311 2080 sit
1337 2061 1400 2080 vere
1424 2052 1514 2085 Pater,
1530 2060 1594 2080 vere
1618 2052 1715 2083 Filius,
1734 2056 1762 2078 et

975 2108 1039 2127 vere
1060 2100 1178 2135 Spiritus
1199 2103 1322 2131 sanctus,
1337 2098 1504 2132 vetitumque
1518 2101 1560 2125 est
1582 2097 1634 2125 sub
1649 2097 1762 2123 anathe-

975 2146 1057 2174 matis
1072 2152 1153 2173 horna
1177 2145 1315 2180 quodlibet
1342 2151 1442 2170 nomen
1460 2151 1474 2169 a
1488 2143 1597 2178 propria
1621 2143 1761 2176 signiﬁca»

976 2190 1049 2217 lione
1063 2190 1231 2222 transferre;
1254 2189 1290 2215 ita
1314 2191 1343 2214 ut
1364 2187 1485 2214 Trinitas
1503 2188 1538 2214 sit
1555 2195 1617 2214 vere
1639 2186 1762 2214 Trinitas

976 2236 1004 2263 in
1017 2244 1071 2263 una
1100 2236 1209 2268 dcitate,
1226 2235 1252 2261 in
1266 2242 1319 2260 una
1335 2237 1480 2268 potestate,
1501 2233 1528 2260 in
1552 2241 1606 2260 una
1627 2233 1759 2264 essentia,

405 2300 419 2317 ν
432 2291 481 2326 μιᾷ
493 2289 582 2324 οὐσίᾳ,
600 2289 645 2315 καὶ
656 2289 684 2315 ἐν
700 2289 749 2324 μιᾷ
763 2288 921 2314 ὑποστάσει.

979 2286 1001 2309 ιιι.
1017 2282 1044 2308 in
1059 2289 1111 2308 una
1126 2280 1288 2308 substantia.
1317 2279 1495 2314 Nequaquam
1523 2278 1597 2305 enim
1629 2278 1762 2304 dividitur

976 2327 1071 2358 Filius,
1094 2334 1182 2362 neque
1202 2326 1319 2361 Spiritus
1340 2329 1452 2352 sanctus
1467 2332 1482 2351 a
1499 2329 1610 2359 paterna
1632 2325 1762 2351 substan-

976 2374 1024 2404 tia,
1049 2380 1108 2407 qua:
1123 2372 1216 2406 implet
1239 2371 1338 2398 malum
1354 2375 1381 2399 et
1401 2375 1513 2398 terram.
1535 2369 1583 2397 Est
1609 2370 1700 2405 igitur,
1721 2370 1760 2397 uti

976 2425 1060 2453 supra
1078 2418 1145 2449 dixi,
1164 2417 1284 2444 Trinitas
1297 2418 1324 2444 in
1341 2425 1394 2444 una
1410 2416 1684 2450 substantia;estque
1697 2416 1762 2443 sub-

976 2463 1077 2491 stantia
1094 2471 1190 2495 uuum,
1201 2463 1301 2490 deitate
1316 2465 1554 2497 unum.potestate
1569 2469 1664 2493 unum.
1678 2469 1763 2496 regno

978 2518 1073 2542 unum,
1090 2510 1398 2544 gloriticationeuuum,
1413 2509 1531 2544 imagine
1547 2515 1642 2539 unum,
1658 2507 1761 2542 Spiritu

977 2563 1061 2582 unum
1080 2564 1086 2581 :
1100 2554 1220 2590 Spiritus
1233 2563 1350 2590 namque
1366 2562 1419 2581 non
1445 2554 1586 2581 dividitur.
1610 2553 1762 2580 Anathcma

975 2602 1059 2637 igitur
1074 2601 1220 2635 pronuntio
1234 2601 1260 2628 in
1275 2601 1387 2628 Sabellii
1406 2605 1433 2628 et
1453 2600 1508 2626 Arii
1525 2600 1634 2632 dogma,
1656 2607 1762 2626 necnon

976 2649 1004 2675 in
1017 2654 1094 2677 antea
1114 2648 1282 2682 proscriptus
1295 2647 1424 2678 haereses,
1438 2646 1471 2673 ad
1489 2645 1683 2679 sempiternum
1697 2652 1763 2679 sup-

977 2695 1099 2729 plicium.
1128 2693 1206 2728 juxta
1235 2692 1385 2719 Salvatoris
1402 2696 1506 2718 vocem.
1527 2690 1554 2717 Si
1568 2689 1661 2725 igitur,
1679 2689 1763 2717 frater

976 2740 1120 2770 Atlmnnsi,
1133 2739 1159 2765 in
1172 2738 1223 2765 hac
1238 2737 1421 2768 confessione,
1437 2745 1497 2771 quae
1510 2736 1567 2763 sola
1579 2739 1607 2763 et
1619 2743 1681 2763 vera
1695 2736 1762 2763 tidcs

975 2790 1016 2814 est
1029 2785 1055 2812 in
1070 2789 1165 2813 sancta
1173 2783 1306 2812 catholica
1315 2787 1341 2811 et
1353 2783 1502 2818 apostolica
1511 2781 1643 2814 Ecclesia,
1657 2788 1762 2809 mecum
