1926 3068
122 157 191 186 ωδ

529 153 664 182 PONTIF.
687 153 769 181 B0“.
791 153 834 180 ΕΤ
856 153 972 180 ΑΤΗᾹΝ
983 154 1042 180 \Sll
1063 153 1256 181 EPH'I'OIUE.

1685 155 1757 182 14-16

121 216 182 247 σίας
205 216 279 251 μιᾶς,
296 214 448 248 δοξολογίας
467 215 541 249 μιᾶς,
555 213 716 248 κυριότητος
736 214 810 247 μιᾶς,
840 213 915 248 βασε-

968 212 1142 247 onmipolens
1164 221 1179 239 a
1195 212 1274 239 nobis
1290 213 1412 240 creditur
1430 223 1434 228 -
1454 213 1569 247 ideoque
1588 214 1653 241 ﬁdes
1665 218 1760 242 nostra

120 261 193 292 λείας
209 261 273 295 μιᾶς
286 269 292 274 ·
314 260 417 291 εἰκόνος
433 259 483 293 τῆς
495 258 609 294 Τριάδος
623 257 764 293 ὁμοοὺσιον
775 266 781 272 ·
799 267 808 282 ‹
829 257 866 282 Δι’
883 253 914 282 οὗ

119 306 154 333 τὰ
170 307 258 334 πάντα
273 306 395 340 ὲγὲνετο’
410 315 418 330 ι
431 304 502 331 οὕτω
517 304 564 330 καὶ
585 303 686 339 σαρκὸς
702 303 850 330 ἀνάστασιν
870 313 915 329 πι-

121 352 262 388 στεύομεν,
283 352 415 382 τουτέστι,
439 349 488 376 τοῦ
516 349 640 385 σώματος
670 349 749 385 ἡμῶν
776 349 848 376 κατὰ
866 350 915 380 τὰς

121 399 201 433 ἁγίας
216 398 311 434 Γραφὰ
322 407 337 429 ‘,
352 397 398 424 τοῦ
422 396 543 432 φθαρτοῦ
559 397 605 422 καὶ
618 395 715 431 θνητοῦ
733 394 816 422 αὑτοῦ
833 404 914 430 μετα-

121 443 284 477 ϐαλλομένου
308 443 348 474 εἰς
374 441 528 478 ἀφθαρσίαν
548 442 595 468 καὶ
618 441 766 468 ἀθανασίαν
792 441 844 467 ὑπὸ
865 441 912 467 τοῦ

121 490 200 517 Θεοῦ.
216 490 314 525 Ἀμὴν.

967 263 1019 290 est,
1034 259 1060 286 in
1090 267 1174 285 unum
1195 259 1278 286 Deum
1304 258 1411 286 Patrem
1438 260 1665 295 omnipotentem.
1684 266 1710 288 et
1732 262 1759 288 in

967 304 1066 331 Filium
1084 305 1144 339 ejus
1160 304 1304 332 Dominum
1320 310 1445 332 nostrum
1461 305 1555 334 Jesum
1571 306 1722 338 Christum,
1733 312 1760 334 et
1776 309 1780 314 ⁴

967 350 994 377 in
1019 349 1153 385 Spiritum
1177 348 1314 377 sam-tum.
1336 350 1399 378 llaec
1417 355 1506 378 autem
1525 360 1556 379 ex
1574 353 1678 379 unitate
1694 360 1758 385 una,

967 397 1070 424 virtute
1099 404 1165 429 una.
1187 398 1342 424 substantia
1373 405 1439 429 una,
1468 398 1667 432 gloriﬁcationc
1693 407 1758 429 una.

966 443 1155 470 dominatione
1179 452 1242 475 una,
1267 452 1352 479 regno
1378 453 1445 478 uno,
1463 445 1589 480 imaginis
1617 444 1760 472 Trinitatis

966 488 1204 515 consubstantiale
1223 498 1230 515 :
1247 498 1256 514 ‹
1275 488 1326 516 Per
1336 497 1417 524 quem
1427 489 1519 516 omnia
1537 489 1608 516 facta
1627 493 1690 517 sunt
1705 490 1756 515 ⁵⁵.»

122 536 160 563 lla
173 540 200 564 et.
225 536 318 563 carnis
335 535 567 563 resurrectionem
586 534 734 565 credimus,
747 534 798 561 hoc
815 537 867 565 est,
882 534 1007 568 corpmis
1020 534 1118 567 nostri,
1137 534 1288 562 secundum
1307 543 1401 563 sacras
1411 535 1577 570 Seripturas,
1593 540 1759 562 commutato

120 589 153 610 eo
166 582 239 617 quod
255 582 433 618 corruptibile
448 586 474 609 et
489 583 604 609 mortale
617 585 685 614 erat,
707 582 734 608 in
752 581 1040 616 incorruptibilitatem
1057 586 1083 609 et
1101 582 1346 614 immortalitatem,
1364 590 1411 617 per
1432 583 1527 610 Deum.
1547 583 1646 610 Amen.

121 653 218 687 Incipit
235 653 375 680 Athanasii
389 652 511 687 epistola,
528 657 551 679 et
572 651 760 686 [Egyplt'arum
775 651 942 685 pontiﬁcum,
961 651 996 678 ad
1013 650 1135 677 Marcum
1154 651 1258 683 Papam
1270 659 1318 685 pro
1333 652 1527 686 exemplaribus
1545 651 1650 679 Nicwni
1671 654 1759 680 conci-

577 687 616 720 lii,
631 688 694 721 quia
707 687 803 713 Ariani
817 695 909 713 eorum
931 687 1096 722 exemplaria
1114 686 1294 714 incenderant.

156 759 270 787 Domino
283 762 389 791 saneto,
402 762 429 785 et
442 757 586 793 apostolici
602 757 732 784 culminis
744 757 914 790 venerando,

120 805 223 838 Marco,
242 808 344 832 sanctae
359 803 490 831 Roman
505 808 532 831 et
545 803 703 838 apostolicae
726 803 812 835 sedis,
830 807 915 838 atque

121 850 283 878 universalis
311 849 440 877 Ecclesia:
469 857 555 885 papae,
569 849 738 878 Athanasius
753 853 780 877 et
792 850 915 878 universi

121 897 313 933 IEgyptiorum
326 897 459 932 episcopi.

155 943 197 970 Ad
219 950 269 969 vos
292 941 451 977 pervenisse
476 949 530 968 non
550 940 726 974 dubitamus,
752 944 855 976 quanta
887 944 914 968 et

120 989 212 1024 qualia
226 987 261 1015 ab
272 987 419 1017 haereticis.
429 992 455 1014 et
467 987 583 1014 maxime
598 987 632 1014 ab
655 986 774 1018 Arianis,
792 987 915 1022 quotidie

121 1034 251 1068 patimur.
268 1033 403 1067 Quoniam
424 1033 452 1060 in
478 1037 584 1060 tantum
603 1033 638 1060 ab
656 1033 696 1061 eis
711 1033 913 1068 persequimur,

121 1084 150 1108 ut
166 1081 248 1108 etiam
263 1081 353 1107 vivere
367 1079 423 1114 jam
438 1087 488 1107 nos
506 1078 604 1106 tatdeat
620 1088 627 1106 :
644 1087 706 1106 nam
722 1079 835 1106 instanti
850 1084 916 1109 tem-

120 1134 196 1161 pore,
215 1126 307 1153 subito
332 1130 358 1152 et
374 1125 514 1160 insperate
535 1126 562 1152 in
578 1133 629 1153 nos
644 1125 792 1156 irruentes.
810 1135 915 1163 nosque

118 1173 197 1208 juxta
213 1176 376 1207 praeceptum
395 1171 515 1204 Domini,
531 1173 577 1206 qui
599 1172 636 1199 ait
651 1181 658 1197 τ
678 1172 708 1199 Si
725 1180 769 1200 vos
786 1174 915 1208 persecuti

121 1218 220 1252 fuerint
231 1219 258 1245 in
269 1226 350 1245 unam
359 1218 500 1250 civitatem,
516 1217 597 1253 fugite
607 1219 633 1244 in
645 1218 728 1246 aliom
738 1220 760 1234 "7
770 1229 776 1250 ;
787 1220 914 1256 fugiendo

122 1268 233 1300 propter
250 1263 356 1290 cladem
385 1264 476 1298 populi
493 1271 540 1290 eos
558 1263 739 1296 declinantes.
766 1274 816 1294 nos
837 1275 914 1293 com-

122 1311 292 1346 prehendere
304 1318 358 1337 non
374 1311 529 1341 valuerunt,
551 1311 597 1338 sed
610 1312 702 1339 omnia
719 1317 813 1340 nostra
828 1313 914 1348 depo-

123 1356 208 1391 pulati
220 1360 296 1383 sunt.
311 1356 340 1382 lu
356 1359 462 1382 tantum
477 1356 559 1382 etiam
576 1362 669 1385 nostra
685 1363 870 1390 vastaverunt,
885 1364 914 1386 ut

121 1410 171 1429 nec
182 1403 276 1432 libros,
292 1410 342 1429 nec
354 1403 515 1429 vestimenta
531 1404 730 1438 ecclesiastica,
746 1405 854 1440 aliaque
872 1414 915 1433 or-

121 1452 260 1479 namenta,
275 1456 325 1476 nec
342 1449 446 1483 reliqua
458 1450 587 1477 utensilia
601 1450 680 1477 nobis
696 1450 914 1477 dimiserint.Li-

121 1495 184 1521 bros
207 1494 287 1530 599
304 1503 367 1521 vero
383 1499 492 1522 nostros
507 1503 593 1531 usque
607 1496 640 1522 ad
660 1496 802 1523 minimum
821 1497 914 1524 incert-

121 1540 227 1571 dentes,
243 1549 293 1567 nec
307 1541 361 1567 iota
385 1549 468 1569 unum
494 1542 691 1577 relinquentes,
715 1547 827 1578 propter
841 1545 913 1570 veri-

967 764 1084 792 guarum
1108 757 1294 792 septuaginta,
1309 756 1377 784 tanti
1395 760 1422 784 et
1447 761 1502 784 tam
1518 757 1678 784 excellentis
1692 765 1758 785 eou-

967 804 1022 830 eilii
1049 804 1145 831 tierent
1169 803 1300 838 capitula,
1326 811 1388 839 qua:
1405 811 1513 831 omnetn
1539 804 1757 831 Christianomm

966 850 1148 878 informarent
1178 851 1296 883 orbem,
1323 855 1350 878 et
1377 858 1474 878 omnes
1510 851 1562 878 sub
1595 851 1758 878 sacerdotali

967 895 1089 927 nomine,
1105 898 1132 922 et
1148 895 1307 924 Christiano
1328 895 1470 930 degentes,
1491 903 1545 922 una
1567 895 1646 924 lidcs.
1663 900 1690 922 et
1706 903 1758 921 una

967 942 1148 971 sacerdotalis
1164 946 1270 978 regeret
1283 949 1376 969 norma
1390 941 1458 977 (52),
1475 950 1525 969 nec
1541 942 1658 977 quisque
1671 950 1686 968 a
1708 950 1758 969 suo

965 988 1111 1017 dissideret
1128 990 1227 1024 capite.
1246 989 1324 1016 Nunc
1339 996 1421 1024 ergo,
1449 988 1513 1023 quia
1525 1009 1532 1020 ,
1549 993 1579 1015 ut
1598 988 1757 1024 pra‘dttlum

965 1040 1018 1068 est,
1031 1036 1135 1062 inimici
1151 1040 1255 1063 sanctae
1270 1035 1314 1062 Dei
1327 1035 1468 1066 Ecclesize,
1479 1036 1636 1066 etinaximc
1650 1035 1755 1067 Ariani,

966 1090 981 1108 a
996 1083 1097 1117 quibus
1111 1082 1232 1117 quotidie
1245 1089 1436 1117 expugnamur
1446 1087 1473 1108 et
1484 1081 1675 1115 opprimimur,
1689 1089 1757 1116 prte-

967 1126 1022 1154 fata
1045 1127 1217 1162 septuaginta
1244 1126 1345 1154 Nicmni
1373 1126 1483 1153 concilii
1507 1126 1624 1161 capitula
1642 1134 1702 1160 qua:
1724 1126 1758 1154 de

965 1172 1076 1208 pra'i'ata
1099 1173 1205 1208 synodo
1225 1173 1282 1207 jam
1310 1173 1398 1204 facta,
1420 1172 1534 1206 jubentc
1560 1172 1676 1199 Domino
1697 1180 1757 1200 meo

965 1218 1140 1250 Alexandro,
1168 1219 1290 1246 omnium
1315 1218 1508 1254 episcoporum
1534 1218 1645 1245 decreto
1661 1219 1756 1251 attuli,

966 1271 1026 1298 qum
1050 1264 1132 1290 etiam
1157 1271 1251 1291 coram
1279 1264 1408 1291 omnibus
1437 1263 1549 1290 recitavi
1572 1268 1654 1298 atque
1680 1268 1758 1290 tran-

965 1310 1074 1345 scripsi,
1096 1313 1160 1337 sunt
1181 1310 1243 1344 igne
1261 1310 1426 1343 combusta;
1443 1315 1570 1344 optamus
1586 1313 1615 1336 ut
1630 1318 1643 1336 a
1661 1315 1758 1337 vestrm

966 1360 1067 1383 sancta:
1089 1355 1163 1383 sedis
1179 1355 1309 1382 Ecclesia:
1331 1355 1508 1388 auctoritate,
1524 1363 1585 1390 quae
1606 1361 1648 1383 est
1670 1358 1758 1383 ma'ter

965 1405 991 1429 et
1006 1405 1089 1436 caput
1103 1401 1226 1428 oninium
1243 1401 1442 1433 Ecclesiarum,
1456 1409 1487 1428 ea
1512 1401 1545 1428 ad
1559 1402 1756 1428 ςυπεειίοιιειηι

964 1451 991 1475 et
1013 1448 1208 1475 recreatiouem
1235 1448 1355 1474 lidelium
1380 1448 1597 1474 orthodoxorum
1617 1449 1758 1483 peregiere

965 1502 1014 1528 pl‘l‘
1029 1498 1178 1528 pl'iUSClllOS
1195 1494 1298 1529 legatos
1312 1501 1486 1525 mereamur,
1508 1498 1644 1529 quatrnus
1667 1501 1757 1521 \'(‘Sll‘.’l

965 1540 1025 1567 fulti
1040 1541 1216 1572 auctoritate,
1228 1541 1381 1576 vestrisque
1392 1541 1520 1575 precibus
1534 1541 1666 1571 rohorali.
1680 1541 1756 1567 illaesi

120 1589 185 1614 tatis
213 1588 291 1614 iidem
303 1609 310 1619 .
338 1588 476 1616 Niemnam
507 1588 640 1624 synodum
656 1608 663 1621 ,
683 1596 736 1624 qua
765 1589 856 1616 clerus
884 1593 911 1616 et
925 1595 947 1624 (ι
964 1596 979 1614 a
990 1588 1149 1614 memoratis
1159 1587 1265 1614 teniulis
1278 1591 1380 1614 sanctae
1396 1586 1443 1614 Dei
1456 1586 1586 1614 Ecclesia:
1599 1590 1626 1614 et
1640 1587 1756 1618 nostris,

121 1634 237 1668 populus
256 1634 439 1666 imbuebatur,
457 1638 483 1660 et
501 1634 618 1660 maxime
630 1634 686 1668 jam
707 1634 803 1661 imbuti
822 1639 910 1666 erant,

121 1679 148 1706 in
163 1680 354 1707 contumeliam
373 1685 495 1707 nostram
505 1683 531 1707 ct
542 1680 664 1707 omnium
677 1680 910 1713 Christianorum,

120 1725 311 1753 incenderunt.
331 1726 504 1761 Quapropter
520 1733 681 1761 precamur,
705 1725 785 1753 Patcr
808 1726 912 1753 beatis«

120 1771 200 1802 sitne,
219 1772 282 1806 quia
300 1780 355 1798 non
379 1772 537 1799 dubitamus
559 1772 631 1806 apud
649 1779 696 1798 vos
717 1772 837 1806 plenaria
851 1780 913 1800 esse

120 1817 222 1844 Nicaeui
250 1818 359 1845 concilii
393 1817 578 1853 exemplaria,
606 1821 636 1844 ut
661 1817 705 1844 illa
735 1817 831 1850 nobis,
852 1825 913 1852 (ιιιιυ

121 1867 224 1889 saneta:
236 1863 437 1890 recordationis
453 1863 662 1896 praalecessoris
680 1862 762 1889 vestri
780 1861 911 1897 Sylvestri

120 1909 242 1939 fuerunt,
258 1908 310 1936 sub
323 1912 379 1934 tuta
394 1908 510 1935 mittatis
526 1907 713 1942 stipulatione.
723 1908 789 1934 Nam
802 1908 913 1943 quando

119 1955 256 1989 praedicta:
288 1954 394 1990 synodo
415 1962 478 1981 eum
504 1954 633 1989 pontiﬁce
658 1958 772 1987 nostro,
803 1954 829 1981 id
851 1959 910 1987 est,

119 2001 312 2029 Alexandrina:
336 2010 442 2037 magna:
460 2002 580 2030 civitatis
601 2002 750 2037 episcopo,
772 2002 798 2028 in
821 2002 913 2029 diaco-

119 2051 201 2074 natus
225 2047 400 2074 interfuimus
427 2048 534 2081 ollieio,
560 2048 611 2075 sub
637 2054 736 2075 nostrae
762 2049 913 2082 pratscntize

119 2091 292 2125 testimonio,
304 2100 352 2127 per
370 2093 462 2120 beatos
476 2093 561 2125 viros,
571 2091 707 2120 Victorem
721 2092 870 2128 [Vituuemj
887 2099 913 2120 el.

120 2136 293 2163 Vincentium
303 2137 488 2172 presbyteros,
505 2137 663 2172 apostolicae
677 2137 750 2164 sedis
763 2137 910 2172 apocrisia-

118 2183 187 2216 rios,
198 2183 281 2211 missa
290 2187 355 2210 sunt
363 2182 492 2218 prmdicto
500 2191 577 2218 papa:
587 2183 725 2218 Sylvestro
738 2190 799 2210 cum
811 2183 914 2218 astipu-

120 2231 221 2257 latione
233 2231 357 2257 subnexa
371 2230 553 2265 capitulorum
568 2230 750 2265 septuaginta.
761 2229 833 2257 Sane
844 2237 914 2264 pra:-

963 1633 1091 1666 cvadcre,
1103 1634 1238 1668 nobisque
1249 1626 1413 1660 commissos
1427 1641 1524 1660 eruere
1538 1634 1677 1660 valeamus
1687 1634 1755 1668 (35).

963 1678 1034 1706 Vere
1053 1679 1180 1706 novimus
1199 1679 1370 1713 apostolatus
1392 1679 1477 1705 vestri
1498 1687 1546 1706 cor
1559 1680 1645 1715 gratia
1668 1681 1756 1707 sancti

964 1724 1084 1759 Spiritus
1113 1724 1141 1750 in
1168 1728 1274 1750 tantum
1300 1731 1362 1751 esse
1389 1731 1555 1755 accensum,
1573 1727 1602 1750 ut
1627 1725 1755 1752 omn'tms

964 1771 1104 1806 oppressis
1131 1770 1302 1797 succurratis
1324 1779 1331 1796 :
1353 1774 1458 1805 quanto
1484 1771 1570 1805 magis
1592 1771 1688 1800 nobis,
1709 1772 1755 1806 qui

964 1818 1026 1844 licet
1042 1817 1132 1851 exigui
1150 1816 1265 1848 ordinis,
1285 1820 1376 1843 tamen
1392 1816 1477 1843 vestri
1498 1825 1605 1847 sumus,
1623 1817 1755 1852 vobisque

963 1863 1122 1890 obedientes
1139 1871 1201 1890 cum
1223 1863 1352 1890 omnibus
1373 1863 1454 1890 nobis
1475 1864 1648 1895 commissis,
1665 1868 1692 1891 et
1709 1873 1757 1891 sa-

964 1917 1036 1940 mus,
1046 1913 1072 1936 et
1083 1916 1144 1936 esse
1161 1917 1268 1944 semper
1281 1909 1417 1937 volumus.
1434 1909 1497 1937 Ideo
1512 1909 1601 1942 decet,
1611 1916 1638 1937 et
1648 1915 1756 1945 oportet

964 1961 1014 1981 vos
1028 1955 1107 1981 nobis
1134 1954 1191 1981 [nec
1209 1963 1270 1990 qum
1294 1963 1434 1991 rogamus,
1457 1960 1485 1983 et
1508 1957 1561 1983 alia
1579 1965 1640 1992 qua:
1657 1965 1755 1985 neces-

964 2000 1036 2026 saria
1050 2000 1128 2034 juxta
1145 2001 1308 2036 sapientiam
1328 2009 1410 2036 quam
1426 2002 1504 2030 vobis
1526 2003 1653 2038 praestitit
1668 2003 1754 2031 Altis-

964 2046 1062 2077 simus.
1085 2054 1147 2074 esse
1168 2048 1372 2083 coguoveritis,
1400 2048 1505 2083 absque
1530 2049 1660 2076 tarditate
1684 2058 1756 2084 prae»

964 2096 1049 2124 stare,
1063 2097 1092 2120 ut
1107 2097 1189 2120 tanta:
1207 2094 1323 2121 miseria:
1344 2095 1486 2129 squalorcs
1506 2102 1522 2120 a
1539 2095 1658 2122 lidelium
1677 2104 1754 2123 incn-

964 2138 1038 2165 tibus
1049 2138 1238 2173 detergantur,
1251 2143 1278 2166 et
1293 2140 1371 2174 quasi
1385 2140 1486 2167 vulnus
1501 2141 1610 2174 corpori
1628 2141 1753 2175 inlixum,

964 2184 1060 2211 auditu
1088 2188 1170 2212 tanta:
1191 2185 1310 2212 miseria:
1332 2186 1478 2219 obserata,
1506 2187 1620 2214 salutari
1643 2191 1757 2214 curetur

965 2230 1098 2263 antidoto,
1119 2235 1147 2257 ut
1168 2231 1261 2258 divino
1276 2231 1337 2258 freti
1361 2231 1515 2267 juvamiue,
1536 2238 1682 2268 vestraque
1704 2242 1755 2260 all-

120 2278 244 2305 sentibus
270 2277 366 2309 nobis,
390 2277 528 2312 octoginta
552 2276 672 2311 capitula
701 2277 728 2303 in
762 2280 911 2303 memorata
929 2266 950 2294 D
965 2276 1093 2303 etoritate
1106 2280 1188 2310 atque
1200 2276 1303 2303 auxilio
1318 2277 1453 2310 roborati,
1474 2266 1679 2305 adversantium
1698 2282 1755 2305 ter-

120 2327 236 2350 traetata
254 2329 321 2350 sunt
337 2323 444 2359 synodo
460 2322 556 2355 semel,
573 2327 601 2349 et
612 2322 794 2357 quadraginta
809 2330 824 2348 a
836 2322 912 2350 Gne-

119 2370 160 2398 cis
175 2370 269 2398 Grazca
293 2370 367 2398 dicta
388 2370 491 2406 lingua,
509 2374 536 2398 et
554 2369 735 2405 quadraginta
755 2377 770 2396 a
791 2369 908 2402 Latinis.

119 2416 246 2444 similiter
264 2416 338 2444 dicta
360 2415 457 2443 Latina
480 2416 583 2450 lingua.
605 2415 657 2442 Sed
684 2415 772 2442 visum
793 2419 835 2443 est
856 2420 911 2442 tre-

118 2462 206 2489 centis
224 2461 317 2489 decem
339 2466 366 2489 et
378 2465 440 2488 octo
459 2460 597 2491 Patribus,
619 2464 715 2487 sancto
737 2459 840 2495 Spiritu
864 2468 908 2488 re-

117 2508 252 2543 pletis,'in
265 2507 396 2543 praedicto
410 2508 529 2536 concilio
546 2507 730 2542 congregatis,
752 2511 779 2534 et
793 2507 910 2535 maxime

115 2555 172 2588 jam
187 2554 262 2582 dicto
281 2555 456 2584 Alexandro.
472 2558 499 2581 et
519 2553 681 2589 apostolica:
703 2553 776 2580 sedis
799 2554 909 2588 ap0cri-

118 2601 220 2634 siariis,
236 2605 265 2628 ut
280 2601 374 2628 decem
393 2601 512 2636 capitula
535 2601 725 2627 adunarentur
743 2601 814 2633 aliis,
827 2603 910 2635 atque

117 2647 248 2680 congruis
267 2647 294 2674 in
315 2647 383 2674 locis
404 2647 607 2678 insererentur,
629 2651 656 2674 et
681 2646 714 2673 ad
734 2645 849 2673 formam
868 2654 910 2673 se.-

117 2692 259 2727 ptuaginta
272 2692 481 2727 discipulorum,
503 2694 543 2720 vel
559 2694 643 2720 totius
663 2693 738 2720 orbis
759 2697 838 2719 terra:
857 2692 910 2719 lin-

152 2783 177 2798 “
195 2782 275 2810 Joan.
294 2791 313 2815 t,
332 2783 359 2809 5.
397 2783 419 2798 ⁸⁷
439 2782 533 2809 Matth.
553 2791 579 2814 x,
596 2782 641 2810 ’25.

154 2860 210 2896 (52)
229 2861 258 2888 S.
278 2861 342 2895 Leo,
359 2869 392 2896 cp
419 2861 462 2888 85.

965 2321 1164 2357 giversationcs
1190 2321 1305 2349 evadere
1332 2322 1483 2354 valeamus,
1506 2329 1589 2358 atque
1609 2323 1755 2351 inconl'aso

965 2369 1057 2400 vultu,
1082 2377 1136 2395 non
1165 2367 1261 2396 fraude
1279 2369 1443 2405 cujusquam
1470 2371 1605 2405 perculsi,
1625 2371 1756 2398 assiste-re

964 2419 1069 2442 aeterno
1083 2415 1171 2450 judici
1187 2422 1352 2448 mereamur,
1365 2421 1392 2443 et
1404 2423 1498 2443 vocem
1514 2417 1612 2444 audire
1628 2418 1756 2452 inquien-

965 2465 1039 2489 tem:
1060 2461 1140 2496 Euge,
1160 2470 1231 2489 serve
1256 2462 1320 2489 bone
1339 2467 1364 2489 el
1378 2463 1476 2497 fidelia,
1492 2463 1554 2498 quia
1579 2472 1658 2498 super
1669 2473 1755 2499 pauca

963 2508 1040 2542 fuisti
1061 2507 1167 2542 ﬁdelis,
1190 2516 1272 2542 supra
1293 2509 1378 2535 multa
1399 2514 1423 2535 le
1441 2509 1613 2537 constituant.
1636 2509 1712 2537 Intra
1728 2511 1755 2538 in

960 2554 1088 2589 gaudium
1109 2554 1217 2581 Domini
1243 2555 1282 2580 lui
1293 2555 1325 2580 ".

997 2599 1029 2626 Et
1039 2600 1222 2635 subscriptio:
1232 2600 1362 2628 Orantem
1377 2609 1425 2636 pro
1435 2602 1515 2630 nobfs
1524 2607 1649 2630 sanctum
1659 2608 1755 2637 aposto

960 2646 1045 2673 latum
1063 2651 1185 2674 vestrum
1197 2647 1325 2682 longaevis
1342 2647 1474 2676 Dominus
1486 2652 1630 2677 conservet
1648 2652 1755 2684 tempo-

961 2693 1050 2721 ribus.

679 2784 702 2799 ⁸³
723 2782 818 2810 Matth.
836 2790 899 2815 xxv,
916 2782 947 2809 2|
982 2781 1026 2809 25.

990 2860 1055 2895 '{55}
1073 2860 1178 2888 Concil.
1195 2859 1348 2887 Romanum
1364 2868 1436 2888 anno
1457 2859 1518 2887 7'21.
