1926 3068
188 137 257 164 MU

769 138 796 166 S.
818 139 1048 168 ATllANASlUS.
1069 157 1102 161 —
1123 140 1258 168 SPURIA.

1740 146 1806 173 1448

187 205 350 241 Βειετίριιιηι
373 206 458 234 Marci
478 215 562 241 papte,
581 208 612 236 de
642 209 764 236 missione
786 211 969 253 capitulorum
989 213 1092 254 Nion-ni
1113 214 1218 240 (oncilii
1244 213 1406 246 Athanasio,
1429 219 1453 241 et
1479 214 1599 241 omnibus
1621 215 1807 251 Az'gyptiorum

927 255 1066 283 episcopis.

221 297 342 325 Dominis
350 299 550 326 venerabilibus
563 299 703 333 fratribus,
714 301 863 329 Athanasio
873 307 901 331 et
912 305 975 331 uni-
989 308 1011 336 Α
1026 305 1139 336 scrinio,
1158 305 1253 332 eadem
1277 313 1337 340 qua
1358 310 1462 334 sancta:
1483 308 1682 337 recordationis
1704 311 1806 345 praede-

186 344 274 370 vctsis
294 343 485 379 Egyptiorutn
505 345 644 380 episcopis
656 366 664 377 ,
683 346 792 374 Mat-cus
806 352 908 375 saneta:
922 349 973 375 llo-

186 396 282 420 manae,
301 390 509 425 apostolicaeque
525 390 603 418 Sedis
618 395 645 419 et
661 392 825 421 universalis
842 394 972 422 Ecclesia:

186 434 341 469 cpiscopus.

222 490 313 523 Doleo,
331 491 439 524 fratres.
461 496 488 520 et
511 494 623 520 nimiutn
638 495 787 522 contristor
805 503 887 530 super
904 495 970 522 afIli-

184 536 276 563 ctione
297 542 405 570 vestra,
429 539 475 566 sed
499 540 598 574 oppido
629 542 767 572 consolor,
791 541 865 576 quod
890 546 970 568 vento

184 582 284 616 agitata
301 590 355 610 non
375 584 440 610 estis
460 586 576 616 arundo,
599 586 646 613 sed
672 588 740 614 recti
765 587 792 613 in
820 587 885 619 fide,
898 587 969 614 inter

183 634 279 654 Otones
294 629 472 662 procellarum
490 635 518 657 et.
544 632 684 658 turbinum
707 631 880 664 afuit-tiones,
898 633 969 660 ittter

184 681 279 700 omnes
297 675 525 708 collnctationes,
549 678 718 704 incessanter
734 677 899 712 perduratis.
916 678 968 705 Le—

183 719 236 746 ctis
250 726 315 752 ergo
329 720 508 747 fraternitatis
525 727 621 748 vestrm
636 722 746 753 litteris,
763 723 885 757 vigorem
899 731 968 750 con-

184 765 290 791 statuite
304 771 410 796 vestrm.
426 775 507 800 quam
523 767 586 793 olim
604 775 779 798 noveramus,
796 770 966 804 agnovimus.

183 810 412 845 Congratulantcs
431 813 518 844 vobis,
540 813 613 848 quod
629 813 661 839 ad
682 814 890 841 custodiendum
907 823 968 850 gre-

182 865 254 891 gem,
272 859 438 892 pastoraletn
452 866 546 885 curam
567 859 712 894 vigilantes
728 860 915 895 inscquimini.
930 861 967 888 Ne

183 903 250 937 lupi,
267 903 313 936 qtti
330 903 382 930 sub
405 904 496 938 specie
521 904 612 930 ovium
630 905 838 936 subintrarnnt,
858 905 965 932 bestiali

182 949 286 975 smvitia
302 949 441 984 simplices
461 958 584 984 quasque
605 950 765 978 dilacercnt.
784 952 835 984 Qui
860 959 914 978 non
931 951 964 978 ad

182 994 233 1021 hoc
251 995 451 1027 snbintrarunt,
465 1001 494 1022 ut
511 996 601 1031 aliqua
624 997 795 1024 correctione
809 998 963 1032 proficiant,

181 1041 229 1068 sed
248 1045 277 1067 ιιι
291 1048 335 1072 ea,
350 1049 411 1076 qua:
419 1046 482 1068 sunt
493 1049 570 1074 sana,
588 1047 776 1078 corrumpant.
793 1043 965 1078 Quapropter

180 1096 278 1114 moneo
294 1092 321 1115 et
346 1088 442 1114 hortor
463 1088 636 1115 dilectionem
662 1093 792 1121 Vestram,
814 1094 843 1116 ιιι
863 1089 963 1116 bonum

181 1134 252 1169 quod
269 1135 404 1169 cmpistis,
424 1135 638 1161 adminiculante
648 1135 740 1162 divina
761 1135 861 1170 gratia,
878 1144 965 1170 usque

180 1182 208 1208 in
226 1182 305 1208 linem
331 1181 481 1215 perducere
506 1182 655 1214 satagatis,
675 1182 799 1208 veritatis
819 1189 886 1208 voce
906 1190 964 1208 ma—

181 1231 261 1253 nentc
276 1235 282 1252 :
307 1226 403 1252 Beatus
418 1226 462 1260 qui
473 1227 672 1259 perseveraverit
693 1227 720 1253 in
736 1227 869 1261 ﬁttettt's‘.
888 1225 964 1253 Unde

179 1271 252 1299 enim
270 1271 347 1298 beata
368 1272 589 1306 perseverantia,
609 1272 663 1298 nisi
680 1271 714 1298 de
739 1272 838 1299 \irtute
856 1274 963 1306 patien-

180 1318 242 1345 tiaz?
262 1317 328 1344 Nam
347 1318 424 1351 juxta
446 1317 605 1352 Apostolunt
622 1328 627 1344 :
647 1317 742 1344 Omnes
764 1318 808 1352 qui
834 1318 962 1345 voluerint

178 1364 220 1397 pie
231 1364 313 1390 vivere
325 1363 351 1389 itt
363 1362 478 1396 Christo,
488 1363 691 1397 persecutionem
703 1364 835 1397 patientur
846 1364 879 1391 ".
897 1365 963 1397 Qua:

180 1418 235 1437 non
255 1410 282 1436 itt
307 1417 339 1436 eo
355 1413 460 1436 tantttm
486 1409 668 1444 computanda
686 1415 746 1441 est,
771 1410 842 1443 quod
867 1415 963 1437 contra

179 1455 362 1482 Christianam
381 1454 519 1488 pietatem,
538 1458 585 1481 aut
605 1454 689 1485 ferro,
707 1459 753 1481 attt
775 1455 883 1489 ignibus
905 1457 962 1491 agi-

180 1507 240 1534 tur,
264 1505 310 1528 aut
329 1500 538 1535 quibuscunque
567 1501 725 1535 suppliciis,
745 1509 807 1527 cum
833 1510 961 1535 persecu-

178 1548 285 1574 tionum
316 1547 447 1574 saevitiam
469 1546 624 1580 suppleant,
652 1546 699 1573 sed
722 1547 961 1576 dissimilitudines

178 1600 297 1623 morum,
311 1596 338 1620 et
355 1592 532 1618 contumacize
545 1592 756 1619 iuobedientium
767 1612 774 1624 ,
791 1597 818 1619 et
831 1593 961 1629 maligna-

176 1647 238 1666 rum
251 1639 301 1665 tela
311 1638 475 1673 linguarum.
485 1638 582 1672 quibus
596 1638 842 1666 conflictationibus
852 1643 962 1666 utcom-
975 1652 996 1679 ε

177 1684 269 1711 munia
286 1691 392 1718 semper
407 1684 528 1710 membra
548 1684 701 1718 pulsantur,
719 1689 748 1711 ut
766 1685 838 1711 nulla
855 1685 960 1719 piorum

177 1732 266 1765 portio
297 1729 496 1756 conflictatione
524 1729 559 1756 sit
585 1730 679 1761 libera,
709 1734 803 1757 utnec
823 1731 960 1765 periculis,

177 1784 227 1803 nec
236 1777 291 1802 otio
299 1780 417 1806 careant,
426 1783 475 1802 nec.
484 1775 654 1802 labore.Nam
667 1776 733 1807 huic,
741 1780 767 1803 et
777 1777 866 1803 omnia
877 1777 962 1803 incre-

176 1827 266 1849 rlettta
277 1821 454 1856 probabilium
464 1821 627 1852 studiorum,
635 1822 695 1848 etin
704 1822 743 1849 eis
752 1830 836 1856 usque
844 1822 869 1848 in
880 1822 959 1849 finem

176 1868 419 1903 perseverantium,
436 1871 517 1901 atque
533 1867 609 1893 bonze
621 1867 768 1894 voluntatis
779 1868 958 1899 incrementa,

175 1915 208 1942 ad
225 1914 326 1941 Christi
349 1913 464 1947 gratiam
490 1921 597 1947 semper
620 1917 683 1940 sunt
705 1913 858 1946 referenda,
875 1918 904 1940 ut
931 1914 958 1940 in

175 1960 301 1987 omnibus
315 1967 374 1993 qua:
391 1958 507 1992 agimus,
520 1957 591 1984 Deus
610 1958 683 1984 onmi
699 1958 817 1992 perfecte
834 1958 958 1985 laudetur

174 2011 305 2041 teutpore.
324 2006 360 2032 De
375 2005 555 2039 capitulorum
576 2012 693 2038 namque
717 2004 830 2031 veritate
853 2009 880 2032 et
905 2013 956 2031 mt-

173 2059 249 2079 tnero
264 2051 363 2077 Nicacni
381 2050 502 2082 concilii,
518 2050 617 2084 quibus
636 2058 683 2077 vos
698 2050 865 2082 interfuisse,
885 2051 951 2077 litte.

172 2098 212 2124 ris
231 2101 329 2124 vestrae
348 2096 528 2123 fraternitatis
544 2095 731 2130 significastis,
750 2104 764 2122 a
781 2096 893 2128 nostris,
909 2096 956 2130 qui

172 2151 226 2170 una
242 2144 383 2170 vobiscum
408 2141 604 2173 interfuerunt,
624 2142 842 2176 diligentioribus
865 2142 956 2176 requi-

172 2190 286 2217 sivimtts
299 2188 534 2216 colloctttlouibns.
552 2187 603 2220 Qui
622 2188 669 2220 ita,
690 2191 718 2214 ut
737 2192 833 2214 vestra:
850 2191 955 2214 testata:

171 2240 236 2263 sunt
251 2236 355 2266 litterm,
373 2242 480 2261 omnem
505 2233 585 2260 nobis
606 2233 729 2260 ordinem
751 2237 951 2268 exposuerunt,

169 2285 193 2309 et
213 2285 330 2308 vestram
346 2273 554 2315 epistolam-per
567 2279 658 2306 omnia
675 2287 765 2306 veram
779 2287 840 2306 esse
860 2279 952 2306 testati

1023 351 1127 378 cessori
1149 359 1209 378 meo
1232 351 1371 387 Sylvestro
1396 357 1460 380 sunt
1481 353 1602 386 directa,
1622 356 1804 390 septuaginta,

1022 394 1093 421 sicut
1105 395 1294 429 significastis,
1312 396 1430 431 capitttla
1453 397 1616 426 invenimus.
1637 399 1696 434 Ipsa
1716 405 1805 428 autem

1021 440 1110 472 vobis,
1127 444 1239 475 propter
1256 443 1443 470 auctoritatem
1459 447 1486 470 et
1500 444 1730 479 subscriptionem
1745 451 1807 474 tan-

1021 489 1110 512 torum
1137 485 1307 518 Patrutn,et
1331 488 1391 522 ejus
1419 489 1510 524 magni
1538 490 1667 522 concilii,
1693 491 1806 519 minime

1021 532 1163 562 misimus,
1182 533 1230 559 sed
1253 541 1301 567 per
1316 534 1408 561 eadem
1420 554 1427 566 ,
1453 542 1601 570 coramque
1618 538 1804 571 apocrisiariis

1020 578 1128 608 vestris,
1144 578 1196 604 alia
1214 579 1325 610 similia,
1338 579 1463 607 eumdetn
1482 589 1637 614 numerum,
1654 583 1804 618 eademque

1020 623 1113 654 verba,
1133 628 1160 650 et
1176 624 1262 658 ipsam
1287 625 1517 660 subscriptionem
1534 629 1712 661 continentia,
1725 620 1804 658 vobis

1020 670 1181 702 rescribere,
1200 675 1227 697 et
1243 671 1294 698 sub
1306 671 1387 706 600
1401 678 1477 699 certa
1497 673 1675 707 stipulatione
1689 679 1715 702 et
1735 684 1803 703 con-

1020 716 1173 743 firtnatione
1187 717 1294 743 mittere
1309 718 1476 745 curavimus.
1492 718 1524 745 Et
1543 719 1604 754 quis
1623 724 1664 747 est
1681 722 1726 756 qui
1747 722 1803 749 fra-

1019 761 1107 788 tribus
1119 762 1184 789 talia
1199 770 1299 797 negare
1312 763 1428 789 audeat?
1439 764 1504 790 Nam
1521 772 1575 791 non
1587 766 1708 800 neganda
1723 767 1802 794 nobis

1018 807 1076 834 haec
1102 807 1190 834 sancti
1220 807 1340 841 Spiritus
1362 808 1433 835 dona
1462 808 1594 838 Dominus
1618 811 1728 843 docuit,
1754 813 1802 840 sed

1019 852 1133 879 fideliter
1157 853 1321 884 exercenda,
1344 860 1371 881 et
1399 854 1531 883 fratribus
1547 857 1749 889 contradenda,
1774 862 1802 885 et

1018 898 1139 925 docenda
1153 899 1294 927 distribuit
1308 900 1374 936 (54).
1390 900 1453 928 Ηίεο
1469 904 1653 936 apostolorum
1670 904 1730 930 viva
1747 908 1802 931 tra-

1017 943 1095 976 ditio,
1114 944 1170 971 hzec
1191 949 1232 972 est
1248 953 1310 972 vera
1334 946 1467 980 charitas,
1482 955 1542 982 qua:
1556 948 1729 982 praedicanda
1747 953 1799 982 est,

1016 993 1041 1016 et
1056 991 1193 1025 praecipue
1207 991 1342 1025 diligenda
1355 1000 1387 1018 ac
1399 992 1526 1026 fovenda,
1543 999 1624 1029 atque
1637 995 1802 1024 fiducialiter

1016 1035 1050 1062 ab
1063 1037 1190 1064 omnibus
1202 1037 1334 1064 tenenda:
1351 1038 1407 1065 haec
1425 1044 1519 1066 sancta
1535 1044 1562 1066 ct
1577 1042 1725 1074 apostolica
1743 1050 1796 1070 ma-

1017 1085 1058 1107 ter
1074 1082 1197 1108 omnium
1222 1082 1404 1110 Ecclesiarum
1417 1103 1424 1115 ,
1453 1084 1555 1112 Christi
1580 1085 1720 1119 Ecclesia,
1739 1096 1800 1122 quae

1015 1136 1064 1163 per
1079 1129 1274 1164 omnipotentis
1290 1129 1336 1157 Dei
1356 1131 1470 1165 gratiam
1484 1139 1498 1158 a
1522 1132 1629 1159 tramite
1644 1134 1799 1168 apostolica!

1016 1174 1170 1201 traditionis
1190 1183 1328 1210 nunquam
1351 1184 1459 1204 errasse
1477 1177 1616 1212 probatur,
1642 1187 1693 1206 nec
1714 1179 1800 1208 haere-

1015 1219 1131 1246 ticorttnt
1148 1221 1315 1248 novitatibtts
1329 1221 1503 1256 depravanda
1519 1223 1683 1256 succubuit;
1698 1225 1744 1252 sed
1769 1229 1799 1252 ut

1015 1264 1042 1291 in
1065 1266 1179 1293 cvm-dio
1202 1274 1325 1294 normam
1349 1267 1409 1295 fidei
1435 1268 1598 1296 Christianae
1621 1271 1742 1305 percepit
1764 1271 1799 1298 ab

1015 1313 1173 1340 auctoribus
1200 1313 1257 1340 suis
1282 1315 1466 1348 apostolorum
1493 1314 1595 1342 Christi
1615 1316 1796 1351 principibus,

1015 1356 1116 1383 illibata
1135 1358 1187 1384 fine
1205 1361 1286 1386 tenus
1304 1362 1404 1391 manet,
1422 1359 1573 1386 secundum
1589 1360 1675 1394 ipsius
1690 1360 1797 1388 Domini

1015 1403 1166 1431 Salvatoris
1195 1403 1316 1431 divinam
1341 1405 1563 1439 pollicitationem
1580 1425 1588 1438 ,
1613 1407 1659 1441 qtti
1685 1415 1796 1434 suorum

1014 1450 1211 1485 discipulorum
1225 1451 1341 1486 principi
1358 1451 1384 1477 in
1397 1451 1456 1478 suis
1471 1451 1543 1479 fatus
1558 1455 1600 1479 est.
1620 1453 1774 1487 Evangeliis
1788 1463 1794 1480 :

1014 1491 1101 1524 Petre,
1117 1494 1261 1528 inquiens,
1284 1503 1342 1521 ecce
1367 1494 1452 1522 Satan
1473 1497 1597 1531 expetivit
1618 1501 1646 1523 ut
1667 1497 1796 1524 cribrarct

1013 1547 1067 1570 vos,
1100 1540 1167 1565 sicut
1194 1541 1238 1574 qui
1262 1539 1361 1566 cribrat
1381 1541 1498 1568 triticum
1514 1550 1523 1568 :
1542 1550 1588 1576 ego
1604 1547 1691 1569 autem
1709 1551 1756 1577 pro
1773 1549 1797 1570 te

1012 1585 1113 1619 rogavi,
1137 1590 1165 1611 ut
1191 1594 1242 1612 non
1266 1585 1373 1620 deﬁciat
1388 1587 1454 1621 ﬁdes
1479 1592 1535 1620 tua,
1554 1594 1579 1615 et
1597 1596 1624 1615 tu
1650 1590 1795 1624 aliquando

1013 1641 1151 1660 conversus
1163 1634 1292 1668 conﬁrma
1304 1635 1400 1668 fratres
1414 1640 1471 1661 tuas
1480 1636 1514 1663 δ’),
1528 1635 1689 1664 Consideret
1704 1637 1796 1671 itaque

1014 1681 1103 1704 vestra
1121 1678 1256 1705 excellens
1278 1679 1434 1713 prudentia,
1459 1688 1541 1714 quam
1559 1681 1658 1708 hortum
1680 1682 1715 1709 sit
1733 1690 1796 1717 pcr-

1012 1724 1110 1751 sistcre
1138 1724 1165 1751 in
1189 1725 1392 1758 dispensatione
1407 1726 1485 1753 vobis
1508 1727 1622 1759 credita,
1639 1733 1665 1754 et
1691 1727 1718 1754 in
1743 1728 1795 1756 ﬁde

1011 1773 1096 1801 recta,
1111 1773 1191 1804 atque
1205 1770 1339 1798 haereticis
1353 1775 1380 1798 et
1393 1772 1498 1799 :emulis
1513 1771 1614 1799 Christi
1631 1781 1793 1808 repugnare,

1010 1820 1037 1841 et
1054 1823 1192 1850 nunquam
1205 1824 1220 1842 ει
1238 1816 1360 1843 veritatis
1372 1818 1478 1844 tramite
1494 1817 1642 1846 declinare.
1659 1819 1794 1850 Quoniam

1010 1860 1141 1888 Dominus
1161 1866 1188 1889 et
1203 1861 1328 1889 Salvator
1339 1863 1471 1893 omnium.
1492 1865 1571 1898 cujus
1589 1865 1655 1892 fides
1677 1870 1729 1897 est,
1746 1866 1794 1900 qui

1010 1915 1059 1941 pro
1080 1908 1157 1934 nobis
1174 1909 1242 1934 tnori
1263 1917 1316 1936 non
1333 1909 1483 1942 dubitavit,
1504 1917 1530 1938 ct
1547 1912 1657 1946 proprio
1673 1920 1724 1939 nos
1742 1920 1793 1939 suo

1009 1954 1142 1988 sanguine
1160 1954 1284 1985 redemit,
1304 1956 1350 1989 qtti
1366 1956 1444 1983 fidetn
1461 1956 1531 1983 beati
1551 1956 1621 1984 Petri
1640 1965 1692 1984 non
1718 1958 1793 1986 defe-

1007 2004 1112 2026 cturam
1138 2000 1270 2034 promisit,
1289 2005 1316 2028 et
1333 2002 1495 2028 continuare
1518 2009 1581 2028 eum
1603 2003 1701 2030 fratres
1726 2012 1792 2031 suos

1007 2045 1158 2072 admonuit.
1171 2045 1248 2078 Quod
1267 2047 1432 2080 apostolicos
1448 2047 1590 2081 pontifices
1606 2055 1672 2074 mea:
1687 2048 1792 2083 exigui-

1006 2091 1070 2117 tatis
1093 2092 1310 2124 prmdecessores
1342 2092 1510 2119 confidenter
1535 2093 1654 2125 fecisse,
1683 2102 1791 2128 semper

1005 2138 1111 2163 cunctis
1126 2141 1167 2163 est
1187 2137 1336 2171 cognitum.
1353 2137 1473 2170 Quorum
1492 2143 1519 2164 et
1546 2138 1682 2172 pusillitas
1711 2147 1788 2171 mea,

1004 2181 1066 2207 licet
1078 2181 1166 2215 impar
1181 2181 1215 2207 sit
1230 2185 1256 2207 ct
1271 2182 1372 2211 infima,
1386 2189 1436 2216 pro
1450 2188 1575 2217 suscepta
1592 2186 1683 2209 tamen
1695 2183 1788 2210 divina

1003 2227 1178 2263 dignatione,
1199 2228 1351 2255 ministerio
1376 2228 1525 2263 pedisequa
1545 2229 1619 2263 cupit
1643 2229 1786 2257 exsistere.

1004 2274 1049 2300 Va:
1072 2274 1144 2300 cnitn
1167 2274 1219 2300 erit
1243 2274 1339 2305 nobis,
1367 2274 1413 2308 qui
1437 2274 1518 2308 hujus
1545 2274 1687 2301 ministerii
1715 2282 1787 2301 onus

170 2331 245 2360 sunt,
270 2335 324 2353 non
347 2330 377 2352 ut
403 2325 503 2360 aliquid
530 2325 673 2352 sinistrum
700 2329 790 2352 vestra
816 2333 848 2352 ex
875 2330 952 2360 parte
967 2327 990 2356 ι)
1004 2324 1160 2353 susceptum
1178 2319 1320 2351 habemus,
1337 2320 1359 2346 si
1372 2320 1512 2347 veritatem
1532 2319 1683 2347 Salvatoris
1698 2321 1786 2348 nostri

169 2372 344 2402 arbitremttr,
361 2370 408 2397 sed
436 2378 485 2397 nos
501 2374 528 2396 et
551 2377 610 2400 vos,
636 2370 751 2404 illosque
771 2370 873 2404 absque
898 2371 952 2397 ulla

168 2419 195 2446 in
208 2422 343 2451 posterum
356 2416 518 2442 titubatione
534 2423 616 2441 unum
633 2415 734 2442 sentire
746 2419 913 2449 optaretnus,
926 2420 952 2442 et

167 2468 261 2491 sancta
280 2462 401 2489 Romana
420 2461 552 2492 Ecclesia,
570 2469 630 2495 qua:
651 2468 759 2495 semper
777 2461 950 2487 immaculata

168 2509 277 2540 mansit,
293 2513 320 2535 ct
340 2508 453 2534 Domino
481 2507 658 2541 providente,
679 2510 705 2533 et
730 2506 809 2533 beato
827 2507 950 2540 apestolo

166 2555 246 2582 Petro
261 2562 339 2589 opetn
366 2555 477 2582 ferente.
499 2553 527 2580 in
549 2553 642 2580 futuro
667 2553 799 2583 manebit,
819 2553 878 2579 sine
895 2552 950 2578 ulla

166 2600 355 2627 haereticorum
374 2598 561 2628 insultatione,
577 2598 653 2624 firma
672 2601 699 2624 et
714 2597 861 2624 immobilis
875 2596 949 2623 onnti

165 2650 288 2679 tempore
309 2645 445 2679 persistet.
466 2644 514 2672 llis
540 2645 631 2679 itaque
653 2644 782 2678 peractis,
806 2643 950 2678 diligenter

163 2691 344 2726 requirentes,
362 2691 390 2718 in
406 2695 501 2719 sancto
522 2695 624 2719 nostra;
647 2694 674 2718 et
693 2690 849 2725 apostolica:
877 2689 949 2716 sedis

198 2769 232 2786 ”‘
249 2769 344 2796 Matth.
361 2778 435 2801 xxtv,
456 2770 498 2797 l3.
517 2769 538 2785 "
559 2769 582 2796 ιι
600 2768 671 2796 Tim.
689 2776 728 2802 ιιι,
748 2768 789 2795 12.

1001 2365 1064 2392 Jcsu
1082 2365 1195 2398 Christi,
1215 2372 1296 2399 quam
1322 2366 1438 2400 apostoli
1465 2365 1699 2400 praedicaverunt,
1717 2375 1787 2401 prte—

1001 2411 1092 2438 dicare
1109 2411 1318 2446 neglexerimns.
1329 2410 1375 2437 Va:
1389 2411 1470 2437 ctiatn
1482 2411 1533 2437 erit
1549 2411 1639 2442 nobis,
1659 2412 1681 2439 si
1699 2412 1784 2439 silen—

1000 2457 1038 2483 tio
1051 2457 1191 2483 veritatem
1213 2457 1440 2491 oppresserimus,
1468 2456 1513 2490 qtti
1531 2464 1644 2491 erogare
1657 2465 1786 2484 nummu-

1001 2503 1076 2530 lariis
1090 2502 1237 2537 jubetnur,
1263 2502 1290 2529 id
1318 2507 1370 2533 est,
1392 2502 1562 2530 Christianos
1590 2503 1706 2537 populos
1733 2503 1785 2529 im-

1000 2549 1094 2581 buere,
1123 2554 1150 2576 et
1172 2549 1280 2576 docere.
1307 2548 1376 2581 Quid
1403 2549 1431 2575 in
1454 2548 1541 2583 ipsius
1563 2548 1665 2576 Christi
1692 2548 1784 2575 futuro

999 2595 1098 2622 dicturi
1113 2604 1208 2622 stnnus
1223 2595 1357 2626 examine,
1375 2594 1397 2621 si
1416 2595 1550 2621 sermonis
1565 2595 1626 2628 ejus
1640 2594 1782 2621 veritatem

999 2641 1195 2668 confundimur
1216 2641 1384 2676 pra-dicare?
1402 2640 1472 2672 Quid
1494 2641 1545 2668 erit
1561 2641 1595 2667 de
1611 2640 1700 2672 nobis,
1718 2647 1782 2666 cum

998 2687 1032 2714 de
1048 2687 1202 2714 commissis
1225 2685 1304 2714 nobis
1324 2685 1480 2718 animabus,
1495 2689 1523 2713 et
1537 2686 1570 2714 de
1584 2685 1672 2714 ofﬁcio
1684 2691 1780 2714 susce-

828 2768 850 2784 ⁶⁰
870 2765 937 2794 Luc.
956 2775 1024 2800 nn,
1042 2768 1086 2800 5|,
1104 2767 1147 2793 5-3.

196 2849 254 2884 (54)
271 2849 376 2884 Agatho
396 2850 428 2877 ad
442 2850 535 2877 Const.
553 2849 716 2885 Augustum,
733 2853 785 2877 act.
803 2849 818 2875 4
834 2848 942 2877 concilii
955 2856 980 2875 Vl
1002 2856 1063 2883 gen.
