1926 3068
100 142 113 168 i
118 141 170 169 449

545 137 678 169 PONTIF.
699 139 780 169 non.
798 137 840 168 ET
860 135 1042 168 ATHANASII
1062 134 1250 167 EPIs’t‘oLAE.

1645 135 1654 164 Ι
1659 136 1710 166 ιὸὓ

100 202 158 234 pto,
175 198 309 225 rationem
335 198 426 233 justus
447 198 528 233 judex
546 198 670 226 Christus
694 197 764 225 Deus
787 197 880 225 distri-
896 200 916 227 Α
932 196 979 231 qui
1011 196 1167 231 diligentius
1193 194 1264 230 quod
1282 193 1314 222 ad
1341 194 1455 221 salutem
1479 193 1632 222 commissae
1659 193 1713 223 sibi

99 248 171 272 ctam
185 244 291 278 egerit?
308 244 380 276 Ideo,
403 245 510 276 fratres.
525 245 619 271 hortor
639 243 811 271 dilectionem
835 251 880 270 ve-

100 295 198 322 stram,
217 290 349 322 obtestor,
373 295 400 318 et
417 298 524 322 moneo,
546 294 576 317 ut
599 297 651 325 qua
678 290 782 317 debetis
805 289 881 317 solli-

100 334 231 366 citudine,
253 335 369 369 vigilelis
388 335 419 362 ad
448 335 651 370 investigandos
676 334 835 361 haereticos.
856 337 883 360 et

100 379 228 407 inimicos
245 384 346 408 sanctae
359 380 406 408 Dei
424 380 563 413 Ecclesiae,
574 385 601 407 et
616 388 630 406 a
651 380 726 407 sanis
745 379 883 406 mentibus

100 433 134 453 ne
161 427 246 461 pestis
274 427 331 454 lucc
360 427 441 454 latius
468 427 632 462 divulgetur,
656 426 799 454 severitate
826 433 880 461 qua

99 473 223 505 potestis,
242 481 292 508 pro
320 473 424 502 viribus
449 473 617 508 exstirpetis.
644 474 780 506 Quantum
805 472 877 499 enim

98 518 209 546 habebit
235 527 249 546 a
276 518 329 546 Deo
353 519 441 553 digna:
473 519 699 547 remunerationis
718 518 875 554 praemium,

932 242 1018 276 plebis
1040 241 1142 277 prosit,
1168 240 1250 268 fuerit
1271 244 1433 273 exsecutus;
1457 239 1494 266 ita
1517 243 1579 267 ante
1594 238 1714 267 tribunal

933 287 1040 314 Domini
1059 287 1093 314 de
1114 292 1191 314 reatu
1207 286 1377 322 negligentia
1394 294 1424 314 se
1440 293 1494 313 non
1509 286 1609 321 poterit
1627 293 1712 314 escu-

933 340 1014 365 sare,
1041 332 1196 368 quicunque
1225 331 1330 367 plebem
1356 339 1432 359 suam
1458 336 1554 359 contra
1574 332 1714 368 sacrilegas

933 379 1119 414 persuasionis
1134 382 1259 404 auctores
1276 377 1394 405 noluerit
1414 378 1562 406 custodire.
1583 378 1650 405 Data
1663 385 1710 406 νιιι

933 423 993 451 Kal.
1010 423 1181 454 Novembris,
1196 423 1345 458 Nepotiane
1361 427 1388 450 et
1414 421 1549 457 Secundo,
1570 423 1636 451 viris
1656 423 1710 450 cla-

932 469 1062 502 rissimis,
1072 469 1240 497 consulibus.

150 577 273 613 Epistola
290 579 465 614 increpatoria
476 579 544 606 Julii
559 587 633 614 papw
649 579 682 606 ad
699 579 847 640 Orielipales
862 570 1071 638 episgopgs,_pro
1085 575 1173 602 causis
1188 574 1340 606 Athanasii,
1355 577 1380 601 et
1396 575 1542 601 excessibus
1569 578 1661 601 contra

781 621 904 640 cumnam
941 620 968 639 cc
980 618 1072 638 estum.

781 621 904 641 omanem
917 618 1072 639 bcctestum.

132 667 343 698 Vcnerabilibus
372 669 503 698 fratribus
534 672 671 700 universis
695 671 884 700 Orientalibus

97 714 244 750 episcopis,
262 714 360 742 Julius.

134 759 267 787 Decuerat
293 768 362 792 vos,
390 760 504 793 fratres,
529 761 598 788 alios
623 761 818 789 ecclesiasticis
840 762 883 788 in.

933 668 999 695 catis
1017 667 1125 694 nostris.
1138 665 1309 698 Charissimi,
1324 666 1347 693 si
1363 665 1430 693 Deus
1446 666 1537 693 dilexit
1552 675 1610 699 nos,
1627 672 1651 694 et
1663 676 1709 696 nos

934 713 1056 740 debemus
1070 713 1179 740 invicem
1189 713 1308 748 diligere.
1325 712 1408 739 Deum
1421 721 1494 740 nemo
1506 712 1568 740 vidit
1587 721 1708 749 unquam.

934 758 965 786 Si
983 759 1126 794 diligamus
1139 758 1262 789 invicem.
1276 757 1347 785 Deus
1369 758 1395 785 in
1413 758 1488 785 nobis
1502 763 1598 791 manet,
1610 763 1635 786 et
1649 759 1712 786 cha-

97 808 206 832 struere
219 805 384 840 disciplinis,
403 810 426 832 et
445 813 498 833 non
521 807 621 834 talibus
640 814 754 841 arguere
777 807 882 834 machi—
897 826 918 853 Β
933 805 1000 831 ritas
1016 804 1073 839 ejus
1087 805 1115 831 in
1128 804 1201 831 nobis
1212 804 1327 838 perfecta
1343 809 1391 831 est.
1410 803 1442 830 In
1462 803 1510 831 hoc
1531 804 1706 839 intelligimus

98 850 245 881 namentis.
267 851 374 878 dicente
397 850 531 878 Domino:
556 851 693 879 Neminem
709 853 879 885 concutiatis,

98 904 178 932 neque
195 896 356 923 calumniam
375 897 482 931 faciatis
498 898 531 930 “,
548 903 575 925 et
593 898 708 933 reliqua.
726 899 762 926 De
779 907 831 933 qua
852 907 881 927 re

99 943 240 977 apostolus
255 942 356 970 Paulus
370 952 421 971 nos
437 944 564 975 instruit.
579 945 673 972 dicens
686 954 692 972 :
719 944 840 976 Fratres,
856 945 880 972 si

97 993 294 1023 praeoccupatus
311 989 390 1023 fuerit
407 990 484 1017 homo
500 991 527 1016 in
548 990 636 1025 aliquo
656 990 760 1022 delicto,
777 999 821 1018 vos
836 991 880 1025 qui

97 1035 251 1069 spirituales
268 1035 342 1068 estis,
358 1035 481 1062 inslruite
501 1035 652 1070 hujusmodi
663 1036 690 1062 in
705 1036 800 1070 spiritu
813 1036 880 1063 leni-

98 1081 173 1111 tatis,
191 1080 361 1107 considerans
384 1081 506 1114 teipsum,
527 1089 558 1108 ne
573 1085 598 1108 et
619 1086 647 1107 tu
671 1082 775 1109 tenteris
797 1083 830 1114 υ,
854 1086 881 1110 et

98 1125 214 1159 reliqua.
233 1125 264 1151 Et
280 1125 344 1152 alibi
363 1125 459 1152 Petrus
475 1127 616 1160 apostolus
631 1126 667 1153 ait
681 1135 687 1152 :
704 1125 799 1153 Omnes
814 1134 882 1153 una-

97 1171 180 1197 nimes
196 1171 222 1197 in
233 1171 351 1197 oratione
374 1175 467 1204 estote,
488 1172 685 1206 compatientes,
705 1172 880 1206 fraternitatis

97 1221 243 1248 amatores,
261 1217 455 1250 misericordes,
476 1217 597 1250 ntodesti,
615 1217 737 1250 humiles,
755 1227 807 1245 non
821 1218 880 1246 red-

97 1261 186 1288 dentes
203 1262 303 1288 malum
320 1270 366 1296 pro
383 1263 464 1295 malo,
487 1263 526 1290 vel
546 1263 714 1290 maledictum
732 1271 779 1298 pro
798 1264 881 1291 male-

97 1308 180 1342 dicto,
195 1308 240 1335 sed
249 1310 398 1336 econtrario
413 1309 601 1340 benedicentes.
617 1311 680 1345 quia
694 1311 721 1337 in
736 1311 785 1338 hoc
797 1311 882 1337 vocati

96 1355 171 1386 estis,
193 1360 222 1381 ut
244 1355 447 1382 benedictionem
467 1355 618 1383 Iuereditate
640 1355 809 1390 possidentis.
829 1355 882 1388 Qui

96 1402 166 1428 enim
177 1402 231 1428 vult
244 1402 322 1428 vitam
331 1401 450 1437 diligere,
461 1407 485 1429 et
499 1402 584 1428 videre
597 1402 652 1429 dies
662 1402 753 1434 bonos,
765 1407 882 1429 coerceat

98 1447 215 1482 linguam
232 1456 308 1474 suam
331 1457 347 1475 a
368 1449 451 1480 malo,
473 1453 498 1476 et
519 1449 590 1476 labia
613 1457 662 1475 sua
687 1457 718 1475 ne
740 1449 882 1484 loquantur

931 850 1056 886 quoniam
1070 850 1097 877 in
1117 858 1146 877 eo
1165 858 1311 881 manemus,
1327 853 1352 876 et
1367 850 1421 883 ipse
1438 850 1465 876 in
1486 849 1578 881 nobis,
1589 849 1713 884 quoniam

931 895 963 922 de
978 895 1074 930 spiritu
1091 903 1138 922 suo
1150 894 1221 922 dedit
1241 894 1326 922 nobis.
1343 893 1436 922 Eluas
1449 895 1575 927 vidimus,
1593 899 1617 921 et
1636 894 1712 921 testi-

930 942 1055 974 ]icamur,
1071 942 1195 976 quoniam
1208 941 1290 968 Pater
1309 941 1383 968 misit
1402 940 1503 967 Filium
1522 948 1598 968 suum
1618 939 1713 968 Salvae

932 991 1013 1015 torem
1023 988 1123 1015 mundi.
1137 987 1263 1023 Quisquis
1273 988 1418 1022 confessus,
1435 987 1558 1022 quoniam
1577 986 1655 1015 Jesus
1673 993 1712 1015 est

932 1032 1019 1060 Filius
1031 1033 1090 1066 Dei,
1101 1032 1171 1060 Deus
1188 1033 1215 1060 in
1226 1042 1256 1060 eo
1267 1038 1366 1065 manet,
1384 1038 1409 1060 et
1421 1034 1475 1068 ipse
1493 1034 1521 1060 in
1537 1033 1601 1061 Deo.
1617 1033 1652 1060 Et
1665 1042 1712 1061 nos

931 1079 1115 1114 cognovimus,
1140 1083 1165 1106 et
1192 1079 1350 1106 credidimus
1373 1079 1517 1111 charituti,
1538 1087 1617 1114 quam
1637 1078 1713 1106 habet

933 1121 1002 1149 Deus
1019 1123 1046 1150 in
1074 1122 1160 1150 nobis.
1183 1122 1254 1150 Deus
1270 1123 1387 1150 c/taritas
1410 1127 1460 1157 est,
1474 1128 1498 1151 et
1517 1125 1562 1159 qui
1584 1129 1670 1151 manet
1686 1125 1714 1150 in

931 1167 1071 1201 charitate,
1087 1168 1115 1195 in
1134 1167 1186 1196 Deo
1201 1173 1300 1202 manet,
1320 1173 1345 1195 et
1359 1168 1430 1196 Deus
1442 1169 1468 1196 in
1485 1177 1525 1196 eo.
1541 1168 1575 1196 In
1592 1169 1640 1196 hoc
1654 1177 1714 1204 per-

932 1215 1001 1249 fecta
1012 1220 1052 1242 est
1067 1215 1183 1243 charitas
1199 1215 1350 1248 nobiscum,
1374 1220 1403 1242 ut
1426 1215 1552 1250 fiduciam
1571 1215 1714 1243 habeamus

931 1262 959 1288 in
974 1261 1017 1288 die
1035 1261 1142 1296 judicii,
1157 1263 1221 1297 quia
1242 1262 1309 1290 sicut
1329 1262 1374 1289 ille
1397 1267 1449 1294 est,
1464 1267 1489 1290 et
1509 1270 1557 1290 nos
1581 1270 1671 1289 sumus
1686 1263 1714 1290 in

932 1307 980 1334 hoc
992 1307 1101 1334 mundo.
1120 1307 1211 1335 Timor
1221 1316 1273 1336 non
1286 1313 1325 1336 est
1338 1309 1366 1335 in
1387 1308 1526 1341 charitate,
1537 1308 1582 1336 sed
1599 1308 1715 1343 perfecta

932 1353 1048 1380 charitas
1065 1353 1138 1388 foras
1150 1354 1230 1381 mittit
1243 1355 1371 1387 timorem,
1380 1355 1505 1389 quoniam
1523 1355 1601 1381 timor
1612 1362 1714 1388 poenam

931 1397 1018 1425 habet.
1035 1398 1088 1431 Qui
1102 1404 1189 1426 autem
1208 1400 1291 1431 timet,
1316 1408 1367 1427 non
1388 1404 1426 1426 est
1450 1400 1579 1434 perfectus
1603 1399 1630 1426 in
1648 1399 1712 1427 altae

933 1445 1022 1472 ritate.
1050 1444 1108 1471 Nos
1130 1453 1192 1480 ergo
1218 1446 1359 1481 diligamus
1373 1446 1472 1477 Deum,
1494 1446 1618 1481 quoniam
1642 1445 1712 1473 Deus

97 1492 198 1520 dolum.
216 1493 332 1520 Destinet
349 1502 365 1520 a
380 1495 466 1526 malo,
482 1500 507 1521 et
528 1495 610 1529 faciat
632 1493 744 1527 bouum,
762 1495 880 1529 inquirat
894 1502 915 1531 α
931 1491 1005 1524 Prior
1024 1490 1119 1517 dilexit
1143 1499 1201 1518 nos.
1226 1490 1257 1518 Si
1278 1492 1336 1526 quis
1355 1492 1468 1523 dixerit,
1485 1492 1609 1526 quoniam
1631 1491 1713 1526 diligo

97 1546 198 1572 pacem,
212 1544 236 1566 et
251 1546 423 1574 persequatur
436 1548 503 1572 eam,
521 1541 583 1575 quia
600 1541 669 1567 oculi
684 1540 791 1567 Domini
803 1548 880 1575 super

93 1583 192 1619 justas,
206 1588 230 1610 et
247 1592 323 1610 aures
340 1584 397 1618 ejus
420 1585 447 1611 in
463 1593 551 1619 preces
564 1593 665 1612 eorum.
687 1584 780 1612 Vultus
792 1590 879 1612 autent

100 1627 215 1660 Domitii,
235 1636 312 1662 super
333 1628 457 1662 facientes
485 1630 556 1656 mala
571 1630 604 1657 ⁸³.
629 1630 699 1663 Quid
720 1629 798 1665 pejus
826 1635 878 1664 est,

99 1673 209 1705 fratres,
219 1681 300 1708 quam
312 1675 384 1708 quod
400 1675 556 1703 sacerdotes
567 1675 685 1707 Domini,
700 1677 746 1710 qui
761 1677 796 1704 ab
805 1677 879 1704 Omni

98 1719 169 1746 mala
185 1719 416 1755 coinquinatione,
430 1725 480 1747 eta
495 1726 660 1749 nocumento
670 1722 789 1748 omnium
800 1721 880 1749 Chri—

98 1766 252 1793 stianorum
269 1766 350 1793 alieni
364 1766 464 1794 debent
477 1767 620 1798 exsistere,
639 1772 741 1802 quanto
761 1768 848 1803 magis
864 1775 880 1794 a

98 1809 214 1837 fratrum
228 1814 255 1838 et
271 1811 498 1846 eoepiscoporum
527 1812 654 1846 insidiis,
673 1821 743 1848 quos
758 1813 829 1841 tueri
853 1817 881 1841 et

98 1855 245 1882 sublevare
259 1855 368 1886 debent.
386 1864 456 1891 quos
470 1856 563 1884 fovere
579 1861 606 1884 et
631 1857 745 1892 diligere
759 1865 880 1885 summo-

102 1908 167 1936 pere
192 1905 309 1936 oportet,
332 1906 534 1937 persequuntur
549 1910 613 1935 eos,
639 1903 738 1937 ejicere
764 1909 790 1931 et
806 1911 881 1931 com.

100 1947 176 1974 muni
194 1955 225 1975 re
249 1948 358 1983 privare
383 1949 541 1976 decertant?
560 1949 614 1977 Nec
634 1950 817 1977 recordamini
831 1949 880 1977 Sa-

98 1992 240 2027 pientiam,
258 2001 318 2028 qua
333 1993 370 2019 ait
381 2002 387 2020 :
400 1993 533 2021 Pervcrsa:
546 1995 614 2021 enim
626 1995 795 2029 cogitationes
805 2003 880 2029 sepa-

99 2045 161 2066 rant
182 2039 300 2066 homines
314 2048 329 2066 a
343 2040 398 2067 Deo
411 2040 443 2071 “.
456 2045 559 2076 quanto
576 2041 662 2076 magis
675 2049 757 2076 opera
771 2042 881 2076 iniqua?

98 2086 169 2119 Quid
183 2087 256 2113 enim
282 2087 397 2121 nequius
411 2092 462 2118 est,
487 2095 570 2122 quam
591 2091 621 2114 ut
643 2088 714 2119 illos,
732 2087 765 2115 de
780 2089 880 2123 quibus

99 2132 232 2160 Dominus
247 2132 304 2159 ait:
318 2133 370 2166 Qui
385 2141 429 2160 vos
447 2134 540 2168 tangit,
564 2136 647 2169 tangit
660 2134 788 2168 pupillam
811 2135 880 2162 oculi

931 1536 1028 1569 Deum,
1042 1540 1067 1562 et
1083 1536 1194 1571 fratrem
1208 1536 1303 1569 oderit,
1323 1537 1436 1564 mendax
1446 1542 1495 1564 est.
1507 1537 1559 1570 Qui
1575 1538 1644 1564 enim
1661 1546 1713 1565 non

932 1582 1019 1618 diligit
1035 1583 1146 1617 fratrem
1167 1591 1254 1615 suum,
1269 1591 1344 1618 quem
1367 1583 1434 1611 uidet
1445 1603 1452 1614 ,
1470 1583 1599 1619 quomodo
1611 1583 1712 1616 Deum,

931 1635 1008 1662 quem
1039 1636 1090 1654 non
1118 1627 1206 1660 uidet,
1231 1632 1317 1661 potest
1345 1628 1474 1662 diligere?
1503 1627 1538 1655 Et
1567 1628 1615 1655 hoc
1639 1636 1715 1655 man-

931 1674 1024 1702 datum
1048 1675 1173 1702 habemus
1192 1683 1208 1701 a
1236 1675 1302 1707 Deo,
1319 1680 1347 1702 ut
1375 1675 1420 1710 qui
1442 1675 1530 1710 diligit
1550 1674 1649 1708 Deum,
1673 1675 1715 1702 di-

931 1720 998 1756 ligat
1025 1725 1051 1747 et
1076 1721 1187 1756 fratrem
1222 1729 1298 1748 suum
1324 1721 1356 1748 ⁸⁷.
1385 1721 1453 1748 Nam
1485 1722 1544 1756 ipsa
1578 1721 1714 1756 Sapientia

931 1767 969 1794 ait
991 1775 998 1792 :
1027 1765 1130 1802 Lingua
1153 1767 1311 1801 sapientium
1345 1772 1420 1794 ornat
1456 1768 1608 1800 scientiam,
1633 1767 1712 1804 σοι

931 1821 961 1839 os
988 1813 1122 1847 fautorum
1139 1813 1232 1840 ebullit
1261 1813 1413 1840 stultitiam.
1430 1812 1463 1840 In
1479 1815 1549 1841 omni
1567 1813 1624 1840 loco
1645 1815 1715 1841 oculi

935 1857 1042 1885 Domini
1074 1859 1282 1893 contemplemur
1313 1859 1393 1887 bonos
1426 1864 1450 1887 et
1484 1860 1579 1887 malos.
1610 1859 1713 1896 Lingua

930 1903 1067 1937 placabilis
1085 1922 1093 1935 ,
1123 1904 1223 1939 lignum
1259 1904 1318 1931 uitta
1336 1911 1347 1932 :
1377 1912 1435 1939 quas
1461 1909 1548 1932 autem
1588 1905 1713 1932 immode-

931 1953 993 1975 rata
1009 1953 1066 1981 est,
1083 1953 1197 1976 conteret
1220 1950 1353 1983 spiritum.
1372 1950 1470 1978 Domus
1491 1950 1573 1985 justi,
1597 1951 1713 1985 plurima

931 1994 1070 2029 fortitudo,
1089 2000 1114 2022 et
1136 1995 1163 2022 in
1186 1995 1315 2030 fructibus
1336 1996 1410 2030 impii
1429 1998 1604 2024 conturbatio.
1626 1996 1712 2024 Labia

931 2042 1089 2076 sapientium
1104 2042 1312 2070 disseminabunt
1330 2044 1497 2078 sapientiam,
1513 2052 1557 2071 cor
1570 2044 1712 2072 stultorum

931 2088 1060 2116 dissimile
1074 2089 1134 2116 erit.
1160 2088 1279 2117 Victima:
1294 2089 1432 2124 impiorum
1447 2089 1634 2116 abominabiles
1650 2095 1712 2117 sunt

932 2136 1054 2169 Domino,
1068 2141 1128 2163 uota
1136 2136 1270 2171 justorum
1284 2136 1437 2171 placabilia.
1455 2136 1508 2169 Qui
1526 2138 1643 2172 sequitur
1663 2137 1712 2172 ju-

97 2179 147 2206 mei
163 2180 198 2211 '3,
227 2179 374 2214 quisquam
400 2184 539 2211 evertere,
568 2180 714 2215 persequi,
738 2181 879 2209 destruere
895 2177 917 2206 Π
931 2181 1043 2212 uitium,
1067 2180 1186 2216 diligitur
1202 2189 1219 2208 a
1242 2180 1356 2207 Domino
1372 2181 1404 2208 ⁸⁸.
1432 2179 1497 2208 Item
1521 2181 1606 2209 alibi:
1628 2181 1712 2209 Labia

97 2226 218 2253 nitatur?
235 2225 352 2253 Probata
367 2229 457 2253 autem
479 2226 566 2254 virtus
585 2230 683 2262 portat,
706 2227 835 2262 protegit,
851 2232 878 2254 et

97 2273 256 2300 consolatur
285 2279 450 2308 oppressos,
477 2277 504 2300 et
530 2272 609 2300 docet
635 2273 806 2309 insipientes.
828 2273 876 2300 Est

97 2318 166 2345 enim
181 2319 252 2345 testis
271 2318 381 2344 humani
395 2317 493 2350 cordis,
506 2323 689 2353 scrutatorque
702 2326 775 2345 verus
789 2319 877 2354 singu-

96 2363 184 2390 larum
200 2364 429 2395 conscientiarum,
446 2369 471 2390 et
485 2364 634 2398 linguarum
649 2364 812 2399 singularum
826 2372 876 2392 au-

95 2408 178 2441 ditor,
193 2409 316 2443 quoniam
329 2409 439 2444 spiritus
451 2409 558 2435 Domini
573 2409 679 2442 replevit
693 2410 780 2436 orbem
795 2414 876 2437 terra-

95 2462 167 2486 rum,
189 2459 213 2480 et
238 2454 286 2481 hoc
309 2455 377 2490 quod
399 2456 513 2482 continet
535 2455 623 2481 omnia
646 2455 784 2482 scientiam
800 2455 876 2482 habet

95 2501 166 2527 uocis
178 2500 210 2526 “.
227 2500 259 2527 Et
276 2501 343 2528 alias
362 2500 432 2528 idem
447 2500 505 2535 ipse
529 2501 584 2527 ait:
602 2500 670 2528 Deus
687 2501 804 2528 charitas
824 2506 875 2530 est.

96 2543 130 2571 In
142 2545 189 2571 hoc
209 2545 330 2578 apparuit
345 2545 461 2572 charitas
483 2545 529 2572 Dei
544 2546 570 2572 in
583 2545 668 2578 nobis,
683 2546 808 2580 quoniam
826 2546 875 2572 Fi-

96 2589 158 2616 lium
174 2598 250 2616 suum
273 2590 436 2625 unigenitum
457 2591 528 2618 misit
549 2590 618 2618 Deus
637 2591 666 2618 in
684 2591 826 2625 ntundum,
846 2597 874 2618 ut

95 2636 211 2663 vivamus
227 2643 273 2670 per
283 2644 352 2663 eum.
366 2635 399 2663 In
413 2637 460 2664 hoc
475 2642 513 2664 est
533 2637 661 2669 charitas,
673 2646 724 2664 non
740 2638 817 2673 quasi
830 2646 876 2664 nos

94 2681 264 2710 dilexerimus
280 2682 373 2714 Deum,
399 2683 444 2710 sed
467 2684 592 2719 quoniam
611 2685 665 2719 ipse
686 2684 760 2716 prior
784 2684 876 2710 dilexit

96 2737 154 2761 nos,
166 2735 191 2756 et
206 2729 279 2756 misit
295 2728 397 2756 Filium
412 2737 489 2756 suum
508 2731 722 2765 propitiationem
741 2737 789 2764 pro
813 2739 875 2765 pec-

131 2812 151 2827 "
173 2811 239 2840 Luc.
259 2820 304 2844 III,
323 2812 366 2839 Η.
403 2813 437 2838 ι⁶¹
456 2812 543 2840 Galat.
559 2821 601 2843 vr.
619 2813 643 2840 i.

94 2847 130 2880 6,
148 2847 175 2876 'l.
221 2848 242 2863 ⁸⁷
262 2848 269 2874 l
288 2848 366 2874 Joan.
387 2855 423 2878 Iv,
441 2847 518 2874 9-21.

254 2894 389 2925 Ριιτιιοι..
406 2894 464 2924 Gn.
481 2893 627 2924 XXVIII.

695 2813 716 2829 "
736 2813 745 2840 I
763 2812 835 2840 Pctr.
854 2821 898 2844 Ill,
915 2813 993 2841 8-12.

556 2849 578 2864 “
598 2847 678 2876 Pr0v.
699 2856 742 2881 xv,
759 2848 819 2876 2-9.
858 2849 879 2865 "
899 2848 979 2876 Prov.
996 2857 1034 2883 ι,
1051 2849 1102 2883 32;
1123 2847 1160 2882 si,
1179 2849 1255 2877 5-H.

927 2227 996 2261 justi
1024 2226 1191 2253 considerant
1217 2226 1334 2260 placida,
1360 2234 1388 2253 os
1412 2226 1553 2260 impiorum
1581 2235 1711 2262 perversa.

931 2272 1092 2306 Simplicitas
1101 2272 1237 2306 justorum
1247 2271 1341 2307 diriget
1355 2281 1409 2304 eos,
1422 2277 1446 2300 et
1460 2273 1639 2307 supplantatio
1653 2282 1712 2308 per-

929 2325 1063 2345 cersorum
1082 2318 1195 2344 vastabit
1214 2317 1286 2345 illos.
1308 2317 1420 2345 Iustitia
1440 2323 1570 2345 rectorum
1591 2320 1711 2347 liberabit

927 2373 983 2396 eos,
999 2368 1023 2391 et
1036 2364 1063 2390 in
1074 2364 1178 2390 insidiis
1190 2365 1246 2391 suis
1256 2365 1392 2399 capientur
1403 2365 1495 2399 iniqui.
1511 2364 1604 2392 Justus
1619 2366 1651 2393 de
1663 2375 1712 2393 an-

929 2411 1018 2447 gustia
1035 2410 1198 2441 liberabitur,
1216 2415 1241 2438 et
1263 2411 1381 2438 tradetur
1394 2412 1490 2445 impius
1504 2419 1550 2446 pro
1565 2420 1605 2440 eo.
1621 2412 1712 2439 Simu-

929 2456 1000 2484 lator
1012 2465 1057 2484 ore
1071 2456 1166 2491 decipit
1181 2457 1296 2484 amicum
1319 2465 1406 2492 suum,
1424 2458 1492 2492 justi
1506 2463 1592 2485 autem
1614 2458 1711 2486 libera-

929 2503 1025 2530 buntur
1037 2502 1156 2530 scientia.
1170 2502 1202 2530 In
1213 2503 1287 2530 bonis
1294 2503 1428 2538 juswrum
1437 2504 1598 2530 exaltabitur
1605 2504 1710 2537 ciuitas,

928 2553 953 2575 et
971 2549 1000 2574 in
1014 2549 1159 2583 perditione
1175 2549 1314 2583 impiorum
1337 2550 1387 2576 erit
1403 2549 1534 2577 laudatio.
1556 2549 1590 2577 In
1609 2550 1708 2578 benedia

930 2595 1013 2622 ctione
1027 2594 1161 2629 justorum
1178 2595 1341 2623 exaltabitur
1357 2596 1461 2628 cit-itas,
1475 2601 1501 2623 et
1518 2597 1545 2623 in
1560 2605 1605 2624 ore
1618 2597 1710 2631 impio-

930 2649 989 2667 rum
1008 2641 1169 2668 suboertetur
1187 2642 1220 2668 ι’.
1242 2641 1298 2670 Nec
1322 2642 1513 2675 consideratis,
1540 2643 1586 2678 qui
1612 2642 1711 2671 fratres

930 2687 1057 2722 persequi
1080 2695 1134 2715 non
1154 2688 1280 2721 cessatis,
1305 2688 1396 2724 qualia
1420 2688 1472 2717 Job
1496 2690 1710 2724 patientissimus

930 2732 1001 2758 inter
1014 2737 1111 2760 cetera
1127 2740 1253 2767 exorsus,
1272 2734 1393 2769 loquitur
1408 2744 1415 2761 :
1430 2735 1510 2762 Auris
1525 2735 1634 2763 audiens
1649 2736 1710 2764 bea-

1047 2813 1154 2855 °_‘nSap.
1173 2821 1200 2855 ι..
1298 2816 1320 2832 ⁸⁸
1341 2816 1421 2846 Zach.
1441 2826 1470 2851 ιι,
1493 2818 1519 2845 8.
1558 2819 1581 2835 ⁸³
1602 2818 1664 2855 Sap.
1684 2827 1710 2852 l,

1534 2898 1573 2928 56
