  <div class='ocr_page' id='page_1' title='image "/cluster/home/n/w/nwhite01/storage/ocr_20150623/28/njp.32101007506148/743.png"; bbox 0 0 1926 3068; ppageno 0'>
   <div class='ocr_carea' id='block_1_1' title="bbox 229 137 294 166">
    <p class='ocr_par' dir='ltr' id='par_1_1' title="bbox 229 137 294 166">
     <span class='ocr_line' id='line_1_1' title="bbox 229 137 294 166; baseline -0.015 0"><span class='ocrx_word' id='word_1_1' title='bbox 229 137 294 166; x_wconf 67' lang='lat' dir='ltr'><strong><em>“Si</em></strong></span> 
     </span>
    </p>
   </div>
   <div class='ocr_carea' id='block_1_2' title="bbox 791 131 1280 161">
    <p class='ocr_par' dir='ltr' id='par_1_2' title="bbox 791 131 1280 161">
     <span class='ocr_line' id='line_1_2' title="bbox 791 131 1280 161; baseline 0.002 -1"><span class='ocrx_word' id='word_1_2' title='bbox 791 133 819 161; x_wconf 88' lang='lat' dir='ltr'><strong><em>S.</em></strong></span> <span class='ocrx_word' id='word_1_3' title='bbox 840 131 1068 160; x_wconf 76' lang='lat' dir='ltr'><strong><em>ATHANASIUS.</em></strong></span> <span class='ocrx_word' id='word_1_4' title='bbox 1082 148 1117 153; x_wconf 90' lang='lat'><strong>—</strong></span> <span class='ocrx_word' id='word_1_5' title='bbox 1137 132 1280 161; x_wconf 78' lang='lat' dir='ltr'><strong><em>SPURIA.‘</em></strong></span> 
     </span>
    </p>
   </div>
   <div class='ocr_carea' id='block_1_3' title="bbox 1768 131 1831 160">
    <p class='ocr_par' dir='ltr' id='par_1_3' title="bbox 1768 131 1831 160">
     <span class='ocr_line' id='line_1_3' title="bbox 1768 131 1831 160; baseline 0.016 -1"><span class='ocrx_word' id='word_1_6' title='bbox 1768 131 1831 160; x_wconf 70' lang='lat' dir='ltr'><strong><em>H59</em></strong></span> 
     </span>
    </p>
   </div>
   <div class='ocr_carea' id='block_1_4' title="bbox 227 191 1830 232">
    <p class='ocr_par' dir='ltr' id='par_1_4' title="bbox 227 191 1830 232">
     <span class='ocr_line' id='line_1_4' title="bbox 227 191 1830 232; baseline -0.002 -8"><span class='ocrx_word' id='word_1_7' title='bbox 227 197 346 232; x_wconf 81' lang='lat' dir='ltr'><strong><em>tiﬁcabat</em></strong></span> <span class='ocrx_word' id='word_1_8' title='bbox 370 204 420 228; x_wconf 85' lang='lat' dir='ltr'><strong><em>me,</em></strong></span> <span class='ocrx_word' id='word_1_9' title='bbox 439 200 463 223; x_wconf 85' lang='lat' dir='ltr'><strong><em>et</em></strong></span> <span class='ocrx_word' id='word_1_10' title='bbox 483 195 573 222; x_wconf 81' lang='lat' dir='ltr'><strong><em>oculus</em></strong></span> <span class='ocrx_word' id='word_1_11' title='bbox 588 195 675 222; x_wconf 80' lang='lat' dir='ltr'><strong><em>videns</em></strong></span> <span class='ocrx_word' id='word_1_12' title='bbox 693 195 869 222; x_wconf 84' lang='lat' dir='ltr'><strong><em>testimonium</em></strong></span> <span class='ocrx_word' id='word_1_13' title='bbox 884 194 1006 221; x_wconf 87' lang='lat' dir='ltr'><strong><em>reddebat</em></strong></span> <span class='ocrx_word' id='word_1_14' title='bbox 1022 198 1044 225; x_wconf 78' lang='grc' dir='ltr'>Α</span> <span class='ocrx_word' id='word_1_15' title='bbox 1059 193 1137 221; x_wconf 87' lang='lat' dir='ltr'><strong><em>aliter</em></strong></span> <span class='ocrx_word' id='word_1_16' title='bbox 1160 197 1353 228; x_wconf 57' lang='lat' dir='ltr'><strong><em>praesumptum</em></strong></span> <span class='ocrx_word' id='word_1_17' title='bbox 1370 200 1385 219; x_wconf 91' lang='lat' dir='ltr'><strong><em>a</em></strong></span> <span class='ocrx_word' id='word_1_18' title='bbox 1409 192 1571 229; x_wconf 81' lang='lat' dir='ltr'><strong>quibusdam</strong></span> <span class='ocrx_word' id='word_1_19' title='bbox 1595 191 1684 224; x_wconf 81' lang='lat' dir='ltr'><strong><em>fuerit,</em></strong></span> <span class='ocrx_word' id='word_1_20' title='bbox 1699 191 1727 218; x_wconf 92' lang='lat' dir='ltr'><strong><em>in</em></strong></span> <span class='ocrx_word' id='word_1_21' title='bbox 1739 200 1830 220; x_wconf 88' lang='lat' dir='ltr'><strong><em>vanum</em></strong></span> 
     </span>
    </p>
   </div>
   <div class='ocr_carea' id='block_1_5' title="bbox 227 241 1005 278">
    <p class='ocr_par' dir='ltr' id='par_1_5' title="bbox 227 241 1005 278">
     <span class='ocr_line' id='line_1_5' title="bbox 227 241 1005 278; baseline -0.005 -8"><span class='ocrx_word' id='word_1_22' title='bbox 227 243 301 275; x_wconf 81' lang='lat' dir='ltr'><strong><em>mihi,</em></strong></span> <span class='ocrx_word' id='word_1_23' title='bbox 318 251 348 270; x_wconf 82' lang='lat' dir='ltr'><strong><em>eo</em></strong></span> <span class='ocrx_word' id='word_1_24' title='bbox 362 242 431 278; x_wconf 89' lang='lat' dir='ltr'><strong><em>quod</em></strong></span> <span class='ocrx_word' id='word_1_25' title='bbox 445 243 596 269; x_wconf 71' lang='lat' dir='ltr'><strong><em>liberassem</em></strong></span> <span class='ocrx_word' id='word_1_26' title='bbox 614 249 753 276; x_wconf 86' lang='lat' dir='ltr'><strong><em>pauperem</em></strong></span> <span class='ocrx_word' id='word_1_27' title='bbox 769 241 965 275; x_wconf 86' lang='lat' dir='ltr'><strong><em>vociferantem,</em></strong></span> <span class='ocrx_word' id='word_1_28' title='bbox 981 245 1005 267; x_wconf 83' lang='lat' dir='ltr'><strong><em>et</em></strong></span> 
     </span>
    </p>
   </div>
   <div class='ocr_carea' id='block_1_6' title="bbox 225 287 1007 324">
    <p class='ocr_par' dir='ltr' id='par_1_6' title="bbox 225 287 1007 324">
     <span class='ocr_line' id='line_1_6' title="bbox 225 287 1007 324; baseline -0.004 -8"><span class='ocrx_word' id='word_1_29' title='bbox 225 289 364 324; x_wconf 79' lang='lat' dir='ltr'><strong><em>pupillum,</em></strong></span> <span class='ocrx_word' id='word_1_30' title='bbox 381 290 423 315; x_wconf 90' lang='lat' dir='ltr'><strong><em>cui</em></strong></span> <span class='ocrx_word' id='word_1_31' title='bbox 443 297 494 315; x_wconf 87' lang='lat' dir='ltr'><strong><em>non</em></strong></span> <span class='ocrx_word' id='word_1_32' title='bbox 515 293 580 315; x_wconf 82' lang='lat' dir='ltr'><strong><em>esset</em></strong></span> <span class='ocrx_word' id='word_1_33' title='bbox 602 288 718 322; x_wconf 86' lang='lat' dir='ltr'><strong><em>adjutor.</em></strong></span> <span class='ocrx_word' id='word_1_34' title='bbox 735 288 884 315; x_wconf 74' lang='lat' dir='ltr'><strong><em>Benedictio</em></strong></span> <span class='ocrx_word' id='word_1_35' title='bbox 897 287 1007 321; x_wconf 85' lang='lat' dir='ltr'><strong><em>perituri</em></strong></span> 
     </span>
    </p>
   </div>
   <div class='ocr_carea' id='block_1_7' title="bbox 226 334 1006 370">
    <p class='ocr_par' dir='ltr' id='par_1_7' title="bbox 226 334 1006 370">
     <span class='ocr_line' id='line_1_7' title="bbox 226 334 1006 370; baseline -0.004 -8"><span class='ocrx_word' id='word_1_36' title='bbox 226 344 304 370; x_wconf 89' lang='lat' dir='ltr'><strong><em>super</em></strong></span> <span class='ocrx_word' id='word_1_37' title='bbox 318 344 358 362; x_wconf 90' lang='lat' dir='ltr'><strong><em>me</em></strong></span> <span class='ocrx_word' id='word_1_38' title='bbox 370 335 495 367; x_wconf 75' lang='lat' dir='ltr'><strong><em>veniebat,</em></strong></span> <span class='ocrx_word' id='word_1_39' title='bbox 511 339 534 361; x_wconf 88' lang='lat' dir='ltr'><strong><em>et</em></strong></span> <span class='ocrx_word' id='word_1_40' title='bbox 549 342 594 361; x_wconf 87' lang='lat' dir='ltr'><strong><em>cor</em></strong></span> <span class='ocrx_word' id='word_1_41' title='bbox 608 334 692 361; x_wconf 73' lang='lat' dir='ltr'><strong><em>vidum</em></strong></span> <span class='ocrx_word' id='word_1_42' title='bbox 708 334 859 360; x_wconf 78' lang='lat' dir='ltr'><strong><em>consolatus</em></strong></span> <span class='ocrx_word' id='word_1_43' title='bbox 876 341 949 365; x_wconf 86' lang='lat' dir='ltr'><strong><em>sum;</em></strong></span> <span class='ocrx_word' id='word_1_44' title='bbox 962 334 1006 364; x_wconf 82' lang='lat' dir='ltr'><strong><em>in—</em></strong></span> 
     </span>
    </p>
   </div>
   <div class='ocr_carea' id='block_1_8' title="bbox 225 379 1007 413">
    <p class='ocr_par' dir='ltr' id='par_1_8' title="bbox 225 379 1007 413">
     <span class='ocr_line' id='line_1_8' title="bbox 225 379 1007 413; baseline -0.004 -5"><span class='ocrx_word' id='word_1_45' title='bbox 225 382 300 408; x_wconf 79' lang='lat' dir='ltr'><strong><em>stitia</em></strong></span> <span class='ocrx_word' id='word_1_46' title='bbox 313 381 419 408; x_wconf 81' lang='lat' dir='ltr'><strong><em>indutus</em></strong></span> <span class='ocrx_word' id='word_1_47' title='bbox 434 389 502 413; x_wconf 84' lang='lat' dir='ltr'><strong><em>sum,</em></strong></span> <span class='ocrx_word' id='word_1_48' title='bbox 516 385 540 407; x_wconf 86' lang='lat' dir='ltr'><strong><em>ct</em></strong></span> <span class='ocrx_word' id='word_1_49' title='bbox 555 381 653 407; x_wconf 77' lang='lat' dir='ltr'><strong><em>vestivit</em></strong></span> <span class='ocrx_word' id='word_1_50' title='bbox 669 389 709 407; x_wconf 87' lang='lat' dir='ltr'><strong><em>me</em></strong></span> <span class='ocrx_word' id='word_1_51' title='bbox 730 381 796 407; x_wconf 84' lang='lat' dir='ltr'><strong><em>sicut</em></strong></span> <span class='ocrx_word' id='word_1_52' title='bbox 821 379 969 406; x_wconf 79' lang='lat' dir='ltr'><strong><em>uestimento</em></strong></span> <span class='ocrx_word' id='word_1_53' title='bbox 982 383 1007 405; x_wconf 85' lang='lat' dir='ltr'><strong><em>et</em></strong></span> 
     </span>
    </p>
   </div>
   <div class='ocr_carea' id='block_1_9' title="bbox 225 427 1004 463">
    <p class='ocr_par' dir='ltr' id='par_1_9' title="bbox 225 427 1004 463">
     <span class='ocr_line' id='line_1_9' title="bbox 225 427 1004 463; baseline 0 -8"><span class='ocrx_word' id='word_1_54' title='bbox 225 428 491 463; x_wconf 83' lang='lat' dir='ltr'><strong><em>diademate,judicio</em></strong></span> <span class='ocrx_word' id='word_1_55' title='bbox 500 428 668 456; x_wconf 78' lang='lat' dir='ltr'><strong><em>meo.0culus</em></strong></span> <span class='ocrx_word' id='word_1_56' title='bbox 675 428 714 463; x_wconf 85' lang='lat' dir='ltr'><strong><em>fui</em></strong></span> <span class='ocrx_word' id='word_1_57' title='bbox 723 436 800 460; x_wconf 67' lang='grc' dir='ltr'><strong><em>(ατο,</em></strong></span> <span class='ocrx_word' id='word_1_58' title='bbox 815 432 839 454; x_wconf 85' lang='lat' dir='ltr'><strong><em>et</em></strong></span> <span class='ocrx_word' id='word_1_59' title='bbox 848 435 891 462; x_wconf 88' lang='lat' dir='ltr'><strong><em>pes</em></strong></span> <span class='ocrx_word' id='word_1_60' title='bbox 900 427 1004 455; x_wconf 78' lang='lat' dir='ltr'><strong><em>claudo.</em></strong></span> 
     </span>
    </p>
   </div>
   <div class='ocr_carea' id='block_1_10' title="bbox 226 472 1004 508">
    <p class='ocr_par' dir='ltr' id='par_1_10' title="bbox 226 472 1004 508">
     <span class='ocr_line' id='line_1_10' title="bbox 226 472 1004 508; baseline -0.004 -7"><span class='ocrx_word' id='word_1_61' title='bbox 226 474 307 501; x_wconf 84' lang='lat' dir='ltr'><strong><em>Pater</em></strong></span> <span class='ocrx_word' id='word_1_62' title='bbox 320 483 392 501; x_wconf 85' lang='lat' dir='ltr'><strong><em>eram</em></strong></span> <span class='ocrx_word' id='word_1_63' title='bbox 413 482 566 508; x_wconf 71' lang='lat' dir='ltr'><strong><em>pauperum,</em></strong></span> <span class='ocrx_word' id='word_1_64' title='bbox 577 478 601 500; x_wconf 80' lang='lat' dir='ltr'><strong><em>et</em></strong></span> <span class='ocrx_word' id='word_1_65' title='bbox 617 482 726 500; x_wconf 87' lang='lat' dir='ltr'><strong><em>causam</em></strong></span> <span class='ocrx_word' id='word_1_66' title='bbox 756 481 834 507; x_wconf 88' lang='lat' dir='ltr'><strong><em>quam</em></strong></span> <span class='ocrx_word' id='word_1_67' title='bbox 850 472 1004 503; x_wconf 83' lang='lat' dir='ltr'><strong><em>nesciebam,</em></strong></span> 
     </span>
    </p>
   </div>
   <div class='ocr_carea' id='block_1_11' title="bbox 224 519 1007 556">
    <p class='ocr_par' dir='ltr' id='par_1_11' title="bbox 224 519 1007 556">
     <span class='ocr_line' id='line_1_11' title="bbox 224 519 1007 556; baseline -0.003 -9"><span class='ocrx_word' id='word_1_68' title='bbox 224 520 422 556; x_wconf 69' lang='lat' dir='ltr'><strong><em>diligentissime</em></strong></span> <span class='ocrx_word' id='word_1_69' title='bbox 450 520 646 554; x_wconf 77' lang='lat' dir='ltr'><strong><em>inuestigabam.</em></strong></span> <span class='ocrx_word' id='word_1_70' title='bbox 663 519 832 546; x_wconf 86' lang='lat' dir='ltr'><strong><em>Conterebam</em></strong></span> <span class='ocrx_word' id='word_1_71' title='bbox 857 520 940 546; x_wconf 87' lang='lat' dir='ltr'><strong><em>molas</em></strong></span> <span class='ocrx_word' id='word_1_72' title='bbox 955 519 1007 545; x_wconf 86' lang='lat' dir='ltr'><strong><em>ini-</em></strong></span> 
     </span>
    </p>
   </div>
   <div class='ocr_carea' id='block_1_12' title="bbox 224 564 1006 600">
    <p class='ocr_par' dir='ltr' id='par_1_12' title="bbox 224 564 1006 600">
     <span class='ocr_line' id='line_1_12' title="bbox 224 564 1006 600; baseline -0.003 -8"><span class='ocrx_word' id='word_1_73' title='bbox 224 567 278 600; x_wconf 86' lang='lat' dir='ltr'><strong><em>qui,</em></strong></span> <span class='ocrx_word' id='word_1_74' title='bbox 295 571 320 593; x_wconf 88' lang='lat' dir='ltr'><strong><em>et</em></strong></span> <span class='ocrx_word' id='word_1_75' title='bbox 339 566 370 593; x_wconf 86' lang='lat' dir='ltr'><strong><em>de</em></strong></span> <span class='ocrx_word' id='word_1_76' title='bbox 381 566 500 593; x_wconf 76' lang='lat' dir='ltr'><strong><em>dentibus</em></strong></span> <span class='ocrx_word' id='word_1_77' title='bbox 520 566 592 592; x_wconf 83' lang='lat' dir='ltr'><strong><em>illius</em></strong></span> <span class='ocrx_word' id='word_1_78' title='bbox 611 565 774 599; x_wconf 72' lang='lat' dir='ltr'><strong><em>conferebam</em></strong></span> <span class='ocrx_word' id='word_1_79' title='bbox 797 565 958 599; x_wconf 60' lang='lat' dir='ltr'><strong><em>predum&quot;.</em></strong></span> <span class='ocrx_word' id='word_1_80' title='bbox 973 564 1006 590; x_wconf 87' lang='lat' dir='ltr'><strong><em>Et</em></strong></span> 
     </span>
    </p>
   </div>
   <div class='ocr_carea' id='block_1_13' title="bbox 225 610 1005 647">
    <p class='ocr_par' dir='ltr' id='par_1_13' title="bbox 225 610 1005 647">
     <span class='ocr_line' id='line_1_13' title="bbox 225 610 1005 647; baseline -0.004 -8"><span class='ocrx_word' id='word_1_81' title='bbox 225 612 305 647; x_wconf 89' lang='lat' dir='ltr'><strong><em>paulo</em></strong></span> <span class='ocrx_word' id='word_1_82' title='bbox 319 615 400 644; x_wconf 89' lang='lat' dir='ltr'><strong><em>post:</em></strong></span> <span class='ocrx_word' id='word_1_83' title='bbox 419 611 447 638; x_wconf 89' lang='lat' dir='ltr'><strong><em>Si</em></strong></span> <span class='ocrx_word' id='word_1_84' title='bbox 467 612 568 646; x_wconf 80' lang='lat' dir='ltr'><strong><em>negavi,</em></strong></span> <span class='ocrx_word' id='word_1_85' title='bbox 588 611 685 646; x_wconf 80' lang='lat' dir='ltr'><strong><em>inquit,</em></strong></span> <span class='ocrx_word' id='word_1_86' title='bbox 701 610 769 646; x_wconf 78' lang='lat' dir='ltr'><strong><em>quod</em></strong></span> <span class='ocrx_word' id='word_1_87' title='bbox 788 611 918 642; x_wconf 80' lang='lat' dir='ltr'><strong><em>valebant,</em></strong></span> <span class='ocrx_word' id='word_1_88' title='bbox 937 618 1005 644; x_wconf 81' lang='lat' dir='ltr'><strong><em>pau-</em></strong></span> 
     </span>
    </p>
   </div>
   <div class='ocr_carea' id='block_1_14' title="bbox 223 657 1004 692">
    <p class='ocr_par' dir='ltr' id='par_1_14' title="bbox 223 657 1004 692">
     <span class='ocr_line' id='line_1_14' title="bbox 223 657 1004 692; baseline -0.003 -8"><span class='ocrx_word' id='word_1_89' title='bbox 223 658 337 692; x_wconf 82' lang='lat' dir='ltr'><strong><em>peribus,</em></strong></span> <span class='ocrx_word' id='word_1_90' title='bbox 358 662 382 684; x_wconf 88' lang='lat' dir='ltr'><strong><em>et</em></strong></span> <span class='ocrx_word' id='word_1_91' title='bbox 401 657 490 684; x_wconf 87' lang='lat' dir='ltr'><strong><em>oculos</em></strong></span> <span class='ocrx_word' id='word_1_92' title='bbox 515 657 599 684; x_wconf 75' lang='lat' dir='ltr'><strong><em>vidua:</em></strong></span> <span class='ocrx_word' id='word_1_93' title='bbox 613 662 764 691; x_wconf 69' lang='lat' dir='ltr'><strong><em>exspectare</em></strong></span> <span class='ocrx_word' id='word_1_94' title='bbox 782 657 842 691; x_wconf 86' lang='lat' dir='ltr'><strong><em>feci.</em></strong></span> <span class='ocrx_word' id='word_1_95' title='bbox 861 657 891 684; x_wconf 88' lang='lat' dir='ltr'><strong><em>Si</em></strong></span> <span class='ocrx_word' id='word_1_96' title='bbox 903 657 1004 683; x_wconf 82' lang='lat' dir='ltr'><strong><em>comedi</em></strong></span> 
     </span>
    </p>
   </div>
   <div class='ocr_carea' id='block_1_15' title="bbox 224 701 1002 736">
    <p class='ocr_par' dir='ltr' id='par_1_15' title="bbox 224 701 1002 736">
     <span class='ocr_line' id='line_1_15' title="bbox 224 701 1002 736; baseline -0.003 -6"><span class='ocrx_word' id='word_1_97' title='bbox 224 703 366 730; x_wconf 84' lang='lat' dir='ltr'><strong><em>buccellam</em></strong></span> <span class='ocrx_word' id='word_1_98' title='bbox 378 711 462 729; x_wconf 85' lang='lat' dir='ltr'><strong><em>meam</em></strong></span> <span class='ocrx_word' id='word_1_99' title='bbox 473 702 557 734; x_wconf 79' lang='lat' dir='ltr'><strong><em>solus,</em></strong></span> <span class='ocrx_word' id='word_1_100' title='bbox 568 707 592 729; x_wconf 91' lang='lat' dir='ltr'><strong><em>et</em></strong></span> <span class='ocrx_word' id='word_1_101' title='bbox 603 711 654 729; x_wconf 85' lang='lat' dir='ltr'><strong><em>non</em></strong></span> <span class='ocrx_word' id='word_1_102' title='bbox 664 702 773 729; x_wconf 87' lang='lat' dir='ltr'><strong><em>comedit</em></strong></span> <span class='ocrx_word' id='word_1_103' title='bbox 787 701 905 736; x_wconf 85' lang='lat' dir='ltr'><strong><em>pupillus</em></strong></span> <span class='ocrx_word' id='word_1_104' title='bbox 917 709 949 729; x_wconf 64' lang='lat' dir='ltr'><strong><em>ex</em></strong></span> <span class='ocrx_word' id='word_1_105' title='bbox 961 709 1002 731; x_wconf 83' lang='lat' dir='ltr'><strong><em>ea.</em></strong></span> 
     </span>
    </p>
   </div>
   <div class='ocr_carea' id='block_1_16' title="bbox 223 746 1003 785">
    <p class='ocr_par' dir='ltr' id='par_1_16' title="bbox 223 746 1003 785">
     <span class='ocr_line' id='line_1_16' title="bbox 223 746 1003 785; baseline -0.004 -9"><span class='ocrx_word' id='word_1_106' title='bbox 223 751 285 785; x_wconf 81' lang='lat' dir='ltr'><strong><em>quia</em></strong></span> <span class='ocrx_word' id='word_1_107' title='bbox 304 749 336 776; x_wconf 89' lang='lat' dir='ltr'><strong><em>ab</em></strong></span> <span class='ocrx_word' id='word_1_108' title='bbox 352 749 466 783; x_wconf 79' lang='lat' dir='ltr'><strong><em>infantia</em></strong></span> <span class='ocrx_word' id='word_1_109' title='bbox 480 757 538 775; x_wconf 89' lang='lat' dir='ltr'><strong><em>mea</em></strong></span> <span class='ocrx_word' id='word_1_110' title='bbox 552 749 630 775; x_wconf 80' lang='lat' dir='ltr'><strong><em>crevit</em></strong></span> <span class='ocrx_word' id='word_1_111' title='bbox 647 756 746 774; x_wconf 88' lang='lat' dir='ltr'><strong><em>mecum</em></strong></span> <span class='ocrx_word' id='word_1_112' title='bbox 765 748 910 780; x_wconf 81' lang='lat' dir='ltr'><strong><em>miseratio,</em></strong></span> <span class='ocrx_word' id='word_1_113' title='bbox 928 752 952 774; x_wconf 83' lang='lat' dir='ltr'><strong><em>et</em></strong></span> <span class='ocrx_word' id='word_1_114' title='bbox 972 746 1003 773; x_wconf 85' lang='lat' dir='ltr'><strong><em>de</em></strong></span> 
     </span>
    </p>
   </div>
   <div class='ocr_carea' id='block_1_17' title="bbox 223 792 1003 828">
    <p class='ocr_par' dir='ltr' id='par_1_17' title="bbox 223 792 1003 828">
     <span class='ocr_line' id='line_1_17' title="bbox 223 792 1003 828; baseline -0.003 -6"><span class='ocrx_word' id='word_1_115' title='bbox 223 800 297 822; x_wconf 83' lang='lat' dir='ltr'><strong><em>utero</em></strong></span> <span class='ocrx_word' id='word_1_116' title='bbox 313 795 406 821; x_wconf 83' lang='lat' dir='ltr'><strong><em>matris</em></strong></span> <span class='ocrx_word' id='word_1_117' title='bbox 419 802 483 820; x_wconf 77' lang='lat' dir='ltr'><strong><em>mea:</em></strong></span> <span class='ocrx_word' id='word_1_118' title='bbox 492 802 597 828; x_wconf 78' lang='lat' dir='ltr'><strong><em>egressa</em></strong></span> <span class='ocrx_word' id='word_1_119' title='bbox 607 798 645 820; x_wconf 88' lang='lat' dir='ltr'><strong><em>est</em></strong></span> <span class='ocrx_word' id='word_1_120' title='bbox 661 801 760 820; x_wconf 82' lang='lat' dir='ltr'><strong><em>mecum</em></strong></span> <span class='ocrx_word' id='word_1_121' title='bbox 773 792 895 825; x_wconf 83' lang='lat' dir='ltr'><strong><em>“.Nam,</em></strong></span> <span class='ocrx_word' id='word_1_122' title='bbox 907 793 929 820; x_wconf 90' lang='lat' dir='ltr'><strong><em>si</em></strong></span> <span class='ocrx_word' id='word_1_123' title='bbox 942 793 1003 828; x_wconf 87' lang='lat' dir='ltr'><strong><em>quis</em></strong></span> 
     </span>
    </p>
   </div>
   <div class='ocr_carea' id='block_1_18' title="bbox 222 838 1002 873">
    <p class='ocr_par' dir='ltr' id='par_1_18' title="bbox 222 838 1002 873">
     <span class='ocr_line' id='line_1_18' title="bbox 222 838 1002 873; baseline -0.001 -7"><span class='ocrx_word' id='word_1_124' title='bbox 222 840 279 866; x_wconf 67' lang='lat' dir='ltr'><strong><em>haec</em></strong></span> <span class='ocrx_word' id='word_1_125' title='bbox 292 843 367 866; x_wconf 87' lang='lat' dir='ltr'><strong><em>recto</em></strong></span> <span class='ocrx_word' id='word_1_126' title='bbox 382 838 472 866; x_wconf 86' lang='lat' dir='ltr'><strong><em>omnia</em></strong></span> <span class='ocrx_word' id='word_1_127' title='bbox 491 839 704 866; x_wconf 88' lang='lat' dir='ltr'><strong><em>consideraverit</em></strong></span> <span class='ocrx_word' id='word_1_128' title='bbox 723 838 812 871; x_wconf 89' lang='lat' dir='ltr'><strong><em>oculo,</em></strong></span> <span class='ocrx_word' id='word_1_129' title='bbox 830 845 1002 873; x_wconf 92' lang='lat' dir='ltr'><strong><em>nequaquam</em></strong></span> 
     </span>
    </p>
   </div>
   <div class='ocr_carea' id='block_1_19' title="bbox 222 884 1002 917">
    <p class='ocr_par' dir='ltr' id='par_1_19' title="bbox 222 884 1002 917">
     <span class='ocr_line' id='line_1_19' title="bbox 222 884 1002 917; baseline -0.001 -5"><span class='ocrx_word' id='word_1_130' title='bbox 222 886 321 913; x_wconf 76' lang='lat' dir='ltr'><strong><em>fratres</em></strong></span> <span class='ocrx_word' id='word_1_131' title='bbox 339 891 449 915; x_wconf 84' lang='lat' dir='ltr'><strong><em>nocere.</em></strong></span> <span class='ocrx_word' id='word_1_132' title='bbox 470 885 518 912; x_wconf 86' lang='lat' dir='ltr'><strong><em>sed</em></strong></span> <span class='ocrx_word' id='word_1_133' title='bbox 540 885 656 911; x_wconf 86' lang='lat' dir='ltr'><strong><em>liberare</em></strong></span> <span class='ocrx_word' id='word_1_134' title='bbox 678 884 826 912; x_wconf 86' lang='lat' dir='ltr'><strong><em>festinabit.</em></strong></span> <span class='ocrx_word' id='word_1_135' title='bbox 843 884 913 917; x_wconf 93' lang='lat' dir='ltr'><strong><em>Quia</em></strong></span> <span class='ocrx_word' id='word_1_136' title='bbox 935 884 1002 911; x_wconf 90' lang='lat' dir='ltr'><strong><em>nihil</em></strong></span> 
     </span>
    </p>
   </div>
   <div class='ocr_carea' id='block_1_20' title="bbox 221 930 1003 966">
    <p class='ocr_par' dir='ltr' id='par_1_20' title="bbox 221 930 1003 966">
     <span class='ocr_line' id='line_1_20' title="bbox 221 930 1003 966; baseline -0.003 -6"><span class='ocrx_word' id='word_1_137' title='bbox 221 933 341 960; x_wconf 86' lang='lat' dir='ltr'><strong><em>deterius</em></strong></span> <span class='ocrx_word' id='word_1_138' title='bbox 355 935 407 963; x_wconf 86' lang='lat' dir='ltr'><strong><em>est,</em></strong></span> <span class='ocrx_word' id='word_1_139' title='bbox 420 939 502 966; x_wconf 91' lang='lat' dir='ltr'><strong><em>quam</em></strong></span> <span class='ocrx_word' id='word_1_140' title='bbox 517 931 589 958; x_wconf 85' lang='lat' dir='ltr'><strong><em>cives</em></strong></span> <span class='ocrx_word' id='word_1_141' title='bbox 601 930 706 957; x_wconf 87' lang='lat' dir='ltr'><strong><em>civibus</em></strong></span> <span class='ocrx_word' id='word_1_142' title='bbox 717 930 847 961; x_wconf 77' lang='lat' dir='ltr'><strong><em>invidere,</em></strong></span> <span class='ocrx_word' id='word_1_143' title='bbox 862 934 890 958; x_wconf 91' lang='lat' dir='ltr'><strong><em>et</em></strong></span> <span class='ocrx_word' id='word_1_144' title='bbox 903 930 1003 958; x_wconf 79' lang='lat' dir='ltr'><strong><em>fratres</em></strong></span> 
     </span>
    </p>
   </div>
   <div class='ocr_carea' id='block_1_21' title="bbox 222 974 1003 1006">
    <p class='ocr_par' dir='ltr' id='par_1_21' title="bbox 222 974 1003 1006">
     <span class='ocr_line' id='line_1_21' title="bbox 222 974 1003 1006; baseline 0 -3"><span class='ocrx_word' id='word_1_145' title='bbox 222 977 352 1004; x_wconf 78' lang='lat' dir='ltr'><strong><em>fratribus</em></strong></span> <span class='ocrx_word' id='word_1_146' title='bbox 376 975 510 1006; x_wconf 90' lang='lat' dir='ltr'><strong><em>insidiari,</em></strong></span> <span class='ocrx_word' id='word_1_147' title='bbox 533 980 579 1002; x_wconf 85' lang='lat' dir='ltr'><strong><em>aut</em></strong></span> <span class='ocrx_word' id='word_1_148' title='bbox 598 974 749 1002; x_wconf 84' lang='lat' dir='ltr'><strong><em>calumnias</em></strong></span> <span class='ocrx_word' id='word_1_149' title='bbox 773 974 872 1002; x_wconf 88' lang='lat' dir='ltr'><strong><em>facere.</em></strong></span> <span class='ocrx_word' id='word_1_150' title='bbox 890 974 1003 1003; x_wconf 88' lang='lat' dir='ltr'><strong><em>Talibus</em></strong></span> 
     </span>
    </p>
   </div>
   <div class='ocr_carea' id='block_1_22' title="bbox 220 1019 1002 1057">
    <p class='ocr_par' dir='ltr' id='par_1_22' title="bbox 220 1019 1002 1057">
     <span class='ocr_line' id='line_1_22' title="bbox 220 1019 1002 1057; baseline -0.005 -7"><span class='ocrx_word' id='word_1_151' title='bbox 220 1023 293 1050; x_wconf 75' lang='lat' dir='ltr'><strong><em>extim</em></strong></span> <span class='ocrx_word' id='word_1_152' title='bbox 316 1021 460 1057; x_wconf 78' lang='lat' dir='ltr'><strong><em>suffragari</em></strong></span> <span class='ocrx_word' id='word_1_153' title='bbox 481 1021 602 1048; x_wconf 90' lang='lat' dir='ltr'><strong><em>volentes</em></strong></span> <span class='ocrx_word' id='word_1_154' title='bbox 625 1019 730 1047; x_wconf 86' lang='lat' dir='ltr'><strong><em>insidiis</em></strong></span> <span class='ocrx_word' id='word_1_155' title='bbox 751 1020 848 1052; x_wconf 87' lang='lat' dir='ltr'><strong><em>sancti,</em></strong></span> <span class='ocrx_word' id='word_1_156' title='bbox 868 1019 1002 1055; x_wconf 83' lang='lat' dir='ltr'><strong><em>synodum</em></strong></span> 
     </span>
    </p>
   </div>
   <div class='ocr_carea' id='block_1_23' title="bbox 221 1064 1001 1103">
    <p class='ocr_par' dir='ltr' id='par_1_23' title="bbox 221 1064 1001 1103">
     <span class='ocr_line' id='line_1_23' title="bbox 221 1064 1001 1103; baseline -0.005 -8"><span class='ocrx_word' id='word_1_157' title='bbox 221 1070 453 1103; x_wconf 74' lang='lat' dir='ltr'><strong><em>congregaverunt</em></strong></span> <span class='ocrx_word' id='word_1_158' title='bbox 467 1065 619 1101; x_wconf 71' lang='lat' dir='ltr'><strong><em>generalan</em></strong></span> <span class='ocrx_word' id='word_1_159' title='bbox 639 1065 667 1092; x_wconf 94' lang='lat' dir='ltr'><strong><em>in</em></strong></span> <span class='ocrx_word' id='word_1_160' title='bbox 689 1064 789 1097; x_wconf 70' lang='lat' dir='ltr'><strong><em>Nicaea,</em></strong></span> <span class='ocrx_word' id='word_1_161' title='bbox 808 1065 892 1092; x_wconf 89' lang='lat' dir='ltr'><strong><em>vitam</em></strong></span> <span class='ocrx_word' id='word_1_162' title='bbox 913 1065 1001 1092; x_wconf 90' lang='lat' dir='ltr'><strong><em>corri-</em></strong></span> 
     </span>
    </p>
   </div>
   <div class='ocr_carea' id='block_1_24' title="bbox 220 1111 1000 1147">
    <p class='ocr_par' dir='ltr' id='par_1_24' title="bbox 220 1111 1000 1147">
     <span class='ocr_line' id='line_1_24' title="bbox 220 1111 1000 1147; baseline -0.005 -6"><span class='ocrx_word' id='word_1_163' title='bbox 220 1121 283 1147; x_wconf 64' lang='lat' dir='ltr'><strong><em>gere</em></strong></span> <span class='ocrx_word' id='word_1_164' title='bbox 291 1113 431 1140; x_wconf 86' lang='lat' dir='ltr'><strong><em>hominum</em></strong></span> <span class='ocrx_word' id='word_1_165' title='bbox 441 1112 581 1147; x_wconf 81' lang='lat' dir='ltr'><strong><em>cupientes</em></strong></span> <span class='ocrx_word' id='word_1_166' title='bbox 592 1112 620 1138; x_wconf 88' lang='lat' dir='ltr'><strong><em>in</em></strong></span> <span class='ocrx_word' id='word_1_167' title='bbox 631 1111 752 1138; x_wconf 86' lang='lat' dir='ltr'><strong><em>Ecclesia</em></strong></span> <span class='ocrx_word' id='word_1_168' title='bbox 764 1111 1000 1138; x_wconf 86' lang='lat' dir='ltr'><strong><em>commorantium.</em></strong></span> 
     </span>
    </p>
   </div>
   <div class='ocr_carea' id='block_1_25' title="bbox 221 1156 1002 1186">
    <p class='ocr_par' dir='ltr' id='par_1_25' title="bbox 221 1156 1002 1186">
     <span class='ocr_line' id='line_1_25' title="bbox 221 1156 1002 1186; baseline -0.004 0"><span class='ocrx_word' id='word_1_169' title='bbox 221 1158 295 1186; x_wconf 82' lang='lat' dir='ltr'><strong><em>Licet</em></strong></span> <span class='ocrx_word' id='word_1_170' title='bbox 305 1158 407 1186; x_wconf 92' lang='lat' dir='ltr'><strong><em>dudum</em></strong></span> <span class='ocrx_word' id='word_1_171' title='bbox 424 1157 547 1185; x_wconf 89' lang='lat' dir='ltr'><strong><em>instituta</em></strong></span> <span class='ocrx_word' id='word_1_172' title='bbox 561 1162 718 1185; x_wconf 89' lang='lat' dir='ltr'><strong><em>sanctorum</em></strong></span> <span class='ocrx_word' id='word_1_173' title='bbox 732 1156 844 1183; x_wconf 82' lang='lat' dir='ltr'><strong><em>Patrum</em></strong></span> <span class='ocrx_word' id='word_1_174' title='bbox 859 1157 944 1183; x_wconf 89' lang='lat' dir='ltr'><strong><em>multa</em></strong></span> <span class='ocrx_word' id='word_1_175' title='bbox 959 1165 1002 1184; x_wconf 88' lang='lat' dir='ltr'><strong><em>es-</em></strong></span> 
     </span>
    </p>
   </div>
   <div class='ocr_carea' id='block_1_26' title="bbox 220 1202 1002 1238">
    <p class='ocr_par' dir='ltr' id='par_1_26' title="bbox 220 1202 1002 1238">
     <span class='ocr_line' id='line_1_26' title="bbox 220 1202 1002 1238; baseline -0.003 -7"><span class='ocrx_word' id='word_1_176' title='bbox 220 1207 282 1231; x_wconf 87' lang='lat' dir='ltr'><strong><em>sent</em></strong></span> <span class='ocrx_word' id='word_1_177' title='bbox 304 1204 469 1238; x_wconf 87' lang='lat' dir='ltr'><strong><em>conscripta,</em></strong></span> <span class='ocrx_word' id='word_1_178' title='bbox 487 1206 635 1237; x_wconf 76' lang='lat' dir='ltr'><strong><em>posuerunt</em></strong></span> <span class='ocrx_word' id='word_1_179' title='bbox 652 1202 734 1237; x_wconf 82' lang='lat' dir='ltr'><strong><em>leges,</em></strong></span> <span class='ocrx_word' id='word_1_180' title='bbox 757 1210 827 1237; x_wconf 86' lang='lat' dir='ltr'><strong><em>quos</em></strong></span> <span class='ocrx_word' id='word_1_181' title='bbox 846 1209 940 1230; x_wconf 85' lang='lat' dir='ltr'><strong><em>sacros</em></strong></span> <span class='ocrx_word' id='word_1_182' title='bbox 957 1209 1002 1229; x_wconf 86' lang='lat' dir='ltr'><strong><em>ca-</em></strong></span> 
     </span>
    </p>
   </div>
   <div class='ocr_carea' id='block_1_27' title="bbox 219 1249 1003 1284">
    <p class='ocr_par' dir='ltr' id='par_1_27' title="bbox 219 1249 1003 1284">
     <span class='ocr_line' id='line_1_27' title="bbox 219 1249 1003 1284; baseline -0.001 -8"><span class='ocrx_word' id='word_1_183' title='bbox 219 1257 304 1277; x_wconf 86' lang='lat' dir='ltr'><strong><em>nones</em></strong></span> <span class='ocrx_word' id='word_1_184' title='bbox 327 1249 505 1284; x_wconf 84' lang='lat' dir='ltr'><strong><em>appellamus,</em></strong></span> <span class='ocrx_word' id='word_1_185' title='bbox 527 1249 626 1283; x_wconf 82' lang='lat' dir='ltr'><strong><em>quibus</em></strong></span> <span class='ocrx_word' id='word_1_186' title='bbox 641 1249 727 1276; x_wconf 88' lang='lat' dir='ltr'><strong><em>multa</em></strong></span> <span class='ocrx_word' id='word_1_187' title='bbox 743 1249 947 1283; x_wconf 85' lang='lat' dir='ltr'><strong><em>pernecessaria</em></strong></span> <span class='ocrx_word' id='word_1_188' title='bbox 968 1249 1003 1276; x_wconf 91' lang='lat' dir='ltr'><strong><em>ad</em></strong></span> 
     </span>
    </p>
   </div>
   <div class='ocr_carea' id='block_1_28' title="bbox 218 1294 1002 1329">
    <p class='ocr_par' dir='ltr' id='par_1_28' title="bbox 218 1294 1002 1329">
     <span class='ocr_line' id='line_1_28' title="bbox 218 1294 1002 1329; baseline 0 -7"><span class='ocrx_word' id='word_1_189' title='bbox 218 1299 320 1323; x_wconf 86' lang='lat' dir='ltr'><strong><em>statum</em></strong></span> <span class='ocrx_word' id='word_1_190' title='bbox 334 1294 464 1322; x_wconf 74' lang='lat' dir='ltr'><strong><em>Ecclesia:</em></strong></span> <span class='ocrx_word' id='word_1_191' title='bbox 480 1299 581 1322; x_wconf 66' lang='lat' dir='ltr'><strong><em>sancta:</em></strong></span> <span class='ocrx_word' id='word_1_192' title='bbox 598 1295 654 1326; x_wconf 86' lang='lat' dir='ltr'><strong><em>Dei,</em></strong></span> <span class='ocrx_word' id='word_1_193' title='bbox 672 1299 699 1321; x_wconf 90' lang='lat' dir='ltr'><strong><em>et</em></strong></span> <span class='ocrx_word' id='word_1_194' title='bbox 717 1295 938 1329; x_wconf 83' lang='lat' dir='ltr'><strong><em>supplementum</em></strong></span> <span class='ocrx_word' id='word_1_195' title='bbox 954 1303 1002 1322; x_wconf 92' lang='lat' dir='ltr'><strong><em>co-</em></strong></span> 
     </span>
    </p>
   </div>
   <div class='ocr_carea' id='block_1_29' title="bbox 219 1340 1003 1376">
    <p class='ocr_par' dir='ltr' id='par_1_29' title="bbox 219 1340 1003 1376">
     <span class='ocr_line' id='line_1_29' title="bbox 219 1340 1003 1376; baseline 0.003 -10"><span class='ocrx_word' id='word_1_196' title='bbox 219 1341 375 1367; x_wconf 86' lang='lat' dir='ltr'><strong><em>lumnarum</em></strong></span> <span class='ocrx_word' id='word_1_197' title='bbox 386 1340 456 1374; x_wconf 83' lang='lat' dir='ltr'><strong><em>ejus,</em></strong></span> <span class='ocrx_word' id='word_1_198' title='bbox 475 1340 502 1367; x_wconf 89' lang='lat' dir='ltr'><strong><em>id</em></strong></span> <span class='ocrx_word' id='word_1_199' title='bbox 516 1344 567 1373; x_wconf 90' lang='lat' dir='ltr'><strong><em>est,</em></strong></span> <span class='ocrx_word' id='word_1_200' title='bbox 584 1341 785 1375; x_wconf 85' lang='lat' dir='ltr'><strong><em>episcoporum,</em></strong></span> <span class='ocrx_word' id='word_1_201' title='bbox 802 1341 848 1376; x_wconf 90' lang='lat' dir='ltr'><strong><em>qui</em></strong></span> <span class='ocrx_word' id='word_1_202' title='bbox 862 1349 921 1368; x_wconf 86' lang='lat' dir='ltr'><strong><em>eam</em></strong></span> <span class='ocrx_word' id='word_1_203' title='bbox 942 1349 1003 1376; x_wconf 86' lang='lat' dir='ltr'><strong><em>pro-</em></strong></span> 
     </span>
    </p>
   </div>
   <div class='ocr_carea' id='block_1_30' title="bbox 205 1385 1002 1420">
    <p class='ocr_par' dir='ltr' id='par_1_30' title="bbox 205 1385 1002 1420">
     <span class='ocr_line' id='line_1_30' title="bbox 205 1385 1002 1420; baseline 0.003 -9"><span class='ocrx_word' id='word_1_204' title='bbox 205 1385 285 1418; x_wconf 64' lang='lat' dir='ltr'><strong><em>.priis</em></strong></span> <span class='ocrx_word' id='word_1_205' title='bbox 304 1385 424 1412; x_wconf 89' lang='lat' dir='ltr'><strong><em>humeris</em></strong></span> <span class='ocrx_word' id='word_1_206' title='bbox 439 1389 556 1420; x_wconf 75' lang='lat' dir='ltr'><strong><em>gestant,</em></strong></span> <span class='ocrx_word' id='word_1_207' title='bbox 578 1390 607 1412; x_wconf 89' lang='lat' dir='ltr'><strong><em>ut</em></strong></span> <span class='ocrx_word' id='word_1_208' title='bbox 622 1385 668 1420; x_wconf 88' lang='lat' dir='ltr'><strong><em>qui</em></strong></span> <span class='ocrx_word' id='word_1_209' title='bbox 683 1385 746 1412; x_wconf 88' lang='lat' dir='ltr'><strong><em>talia</em></strong></span> <span class='ocrx_word' id='word_1_210' title='bbox 767 1387 939 1418; x_wconf 86' lang='lat' dir='ltr'><strong><em>tentaverint,</em></strong></span> <span class='ocrx_word' id='word_1_211' title='bbox 956 1391 1002 1413; x_wconf 81' lang='lat' dir='ltr'><strong><em>aut</em></strong></span> 
     </span>
    </p>
   </div>
   <div class='ocr_carea' id='block_1_31' title="bbox 217 1430 1001 1466">
    <p class='ocr_par' dir='ltr' id='par_1_31' title="bbox 217 1430 1001 1466">
     <span class='ocr_line' id='line_1_31' title="bbox 217 1430 1001 1466; baseline 0.003 -9"><span class='ocrx_word' id='word_1_212' title='bbox 217 1430 258 1458; x_wconf 91' lang='lat' dir='ltr'><strong><em>eis</em></strong></span> <span class='ocrx_word' id='word_1_213' title='bbox 274 1437 371 1457; x_wconf 87' lang='lat' dir='ltr'><strong><em>nocere</em></strong></span> <span class='ocrx_word' id='word_1_214' title='bbox 380 1431 614 1465; x_wconf 75' lang='lat' dir='ltr'><strong><em>praesumpserint,</em></strong></span> <span class='ocrx_word' id='word_1_215' title='bbox 629 1432 651 1459; x_wconf 88' lang='lat' dir='ltr'><strong><em>si</em></strong></span> <span class='ocrx_word' id='word_1_216' title='bbox 663 1431 773 1466; x_wconf 88' lang='lat' dir='ltr'><strong><em>quidem</em></strong></span> <span class='ocrx_word' id='word_1_217' title='bbox 786 1432 875 1459; x_wconf 77' lang='lat' dir='ltr'><strong><em>clerici</em></strong></span> <span class='ocrx_word' id='word_1_218' title='bbox 890 1432 1001 1465; x_wconf 89' lang='lat' dir='ltr'><strong><em>fuerint,</em></strong></span> 
     </span>
    </p>
   </div>
   <div class='ocr_carea' id='block_1_32' title="bbox 221 1476 1001 1511">
    <p class='ocr_par' dir='ltr' id='par_1_32' title="bbox 221 1476 1001 1511">
     <span class='ocr_line' id='line_1_32' title="bbox 221 1476 1001 1511; baseline 0.003 -9"><span class='ocrx_word' id='word_1_219' title='bbox 221 1484 236 1503; x_wconf 92' lang='lat' dir='ltr'><strong><em>e</em></strong></span> <span class='ocrx_word' id='word_1_220' title='bbox 253 1476 363 1511; x_wconf 90' lang='lat' dir='ltr'><strong><em>proprio</em></strong></span> <span class='ocrx_word' id='word_1_221' title='bbox 372 1476 458 1511; x_wconf 76' lang='lat' dir='ltr'><strong><em>gradu</em></strong></span> <span class='ocrx_word' id='word_1_222' title='bbox 470 1476 605 1504; x_wconf 84' lang='lat' dir='ltr'><strong><em>deciderit.</em></strong></span> <span class='ocrx_word' id='word_1_223' title='bbox 624 1476 652 1503; x_wconf 89' lang='lat' dir='ltr'><strong><em>Si</em></strong></span> <span class='ocrx_word' id='word_1_224' title='bbox 663 1484 728 1504; x_wconf 89' lang='lat' dir='ltr'><strong><em>vero</em></strong></span> <span class='ocrx_word' id='word_1_225' title='bbox 743 1477 869 1504; x_wconf 87' lang='lat' dir='ltr'><strong><em>monachi</em></strong></span> <span class='ocrx_word' id='word_1_226' title='bbox 881 1481 927 1504; x_wconf 89' lang='lat' dir='ltr'><strong><em>aut</em></strong></span> <span class='ocrx_word' id='word_1_227' title='bbox 939 1477 1001 1504; x_wconf 88' lang='lat' dir='ltr'><strong><em>laici</em></strong></span> 
     </span>
    </p>
   </div>
   <div class='ocr_carea' id='block_1_33' title="bbox 218 1521 1032 1564">
    <p class='ocr_par' dir='ltr' id='par_1_33' title="bbox 218 1521 1032 1564">
     <span class='ocr_line' id='line_1_33' title="bbox 218 1521 1032 1564; baseline 0 -16"><span class='ocrx_word' id='word_1_228' title='bbox 218 1521 329 1554; x_wconf 88' lang='lat' dir='ltr'><strong><em>fuerint,</em></strong></span> <span class='ocrx_word' id='word_1_229' title='bbox 342 1521 617 1549; x_wconf 85' lang='lat' dir='ltr'><strong><em>anathematizantur.</em></strong></span> <span class='ocrx_word' id='word_1_230' title='bbox 630 1521 733 1554; x_wconf 88' lang='lat' dir='ltr'><strong><em>Quibus</em></strong></span> <span class='ocrx_word' id='word_1_231' title='bbox 745 1521 842 1548; x_wconf 87' lang='lat' dir='ltr'><strong><em>armati</em></strong></span> <span class='ocrx_word' id='word_1_232' title='bbox 854 1521 997 1556; x_wconf 77' lang='lat' dir='ltr'><strong><em>exemplis,</em></strong></span> <span class='ocrx_word' id='word_1_233' title='bbox 1012 1536 1032 1564; x_wconf 64' lang='grc' dir='ltr'><strong>ρ</strong></span> 
     </span>
    </p>
   </div>
   <div class='ocr_carea' id='block_1_34' title="bbox 215 1566 997 1602">
    <p class='ocr_par' dir='ltr' id='par_1_34' title="bbox 215 1566 997 1602">
     <span class='ocr_line' id='line_1_34' title="bbox 215 1566 997 1602; baseline -0.001 -7"><span class='ocrx_word' id='word_1_234' title='bbox 215 1572 341 1602; x_wconf 84' lang='lat' dir='ltr'><strong><em>oportere</em></strong></span> <span class='ocrx_word' id='word_1_235' title='bbox 365 1567 489 1594; x_wconf 84' lang='lat' dir='ltr'><strong><em>arbitrati</em></strong></span> <span class='ocrx_word' id='word_1_236' title='bbox 509 1574 604 1594; x_wconf 90' lang='lat' dir='ltr'><strong><em>sumus</em></strong></span> <span class='ocrx_word' id='word_1_237' title='bbox 621 1566 654 1594; x_wconf 90' lang='lat' dir='ltr'><strong><em>ab</em></strong></span> <span class='ocrx_word' id='word_1_238' title='bbox 671 1567 856 1601; x_wconf 87' lang='lat' dir='ltr'><strong><em>omnipotente</em></strong></span> <span class='ocrx_word' id='word_1_239' title='bbox 882 1566 936 1594; x_wconf 89' lang='lat' dir='ltr'><strong><em>Deo</em></strong></span> <span class='ocrx_word' id='word_1_240' title='bbox 955 1566 997 1594; x_wconf 79' lang='lat' dir='ltr'><strong><em>il-</em></strong></span> 
     </span>
    </p>
   </div>
   <div class='ocr_carea' id='block_1_35' title="bbox 215 1613 996 1649">
    <p class='ocr_par' dir='ltr' id='par_1_35' title="bbox 215 1613 996 1649">
     <span class='ocr_line' id='line_1_35' title="bbox 215 1613 996 1649; baseline -0.001 -9"><span class='ocrx_word' id='word_1_241' title='bbox 215 1614 321 1649; x_wconf 86' lang='lat' dir='ltr'><strong><em>spirati,</em></strong></span> <span class='ocrx_word' id='word_1_242' title='bbox 357 1618 387 1640; x_wconf 88' lang='lat' dir='ltr'><strong><em>ut</em></strong></span> <span class='ocrx_word' id='word_1_243' title='bbox 414 1613 484 1640; x_wconf 87' lang='lat' dir='ltr'><strong><em>hanc</em></strong></span> <span class='ocrx_word' id='word_1_244' title='bbox 517 1620 658 1640; x_wconf 86' lang='lat' dir='ltr'><strong><em>accensam</em></strong></span> <span class='ocrx_word' id='word_1_245' title='bbox 686 1613 829 1640; x_wconf 62' lang='lat' dir='ltr'><strong><em>discordia:</em></strong></span> <span class='ocrx_word' id='word_1_246' title='bbox 861 1613 996 1640; x_wconf 84' lang='lat' dir='ltr'><strong><em>flammam</em></strong></span> 
     </span>
    </p>
   </div>
   <div class='ocr_carea' id='block_1_36' title="bbox 214 1657 996 1693">
    <p class='ocr_par' dir='ltr' id='par_1_36' title="bbox 214 1657 996 1693">
     <span class='ocr_line' id='line_1_36' title="bbox 214 1657 996 1693; baseline -0.003 -7"><span class='ocrx_word' id='word_1_247' title='bbox 214 1660 387 1693; x_wconf 75' lang='lat' dir='ltr'><strong><em>exstinguere</em></strong></span> <span class='ocrx_word' id='word_1_248' title='bbox 398 1658 555 1691; x_wconf 80' lang='lat' dir='ltr'><strong><em>debeamus,</em></strong></span> <span class='ocrx_word' id='word_1_249' title='bbox 570 1658 718 1692; x_wconf 88' lang='lat' dir='ltr'><strong><em>apostolica</em></strong></span> <span class='ocrx_word' id='word_1_250' title='bbox 728 1657 933 1690; x_wconf 88' lang='lat' dir='ltr'><strong><em>auctoritate,et</em></strong></span> <span class='ocrx_word' id='word_1_251' title='bbox 941 1666 996 1685; x_wconf 92' lang='lat' dir='ltr'><strong><em>non</em></strong></span> 
     </span>
    </p>
   </div>
   <div class='ocr_carea' id='block_1_37' title="bbox 213 1703 994 1738">
    <p class='ocr_par' dir='ltr' id='par_1_37' title="bbox 213 1703 994 1738">
     <span class='ocr_line' id='line_1_37' title="bbox 213 1703 994 1738; baseline 0 -8"><span class='ocrx_word' id='word_1_252' title='bbox 213 1705 362 1732; x_wconf 84' lang='lat' dir='ltr'><strong><em>concedere</em></strong></span> <span class='ocrx_word' id='word_1_253' title='bbox 382 1711 441 1731; x_wconf 87' lang='lat' dir='ltr'><strong><em>eam</em></strong></span> <span class='ocrx_word' id='word_1_254' title='bbox 461 1704 576 1732; x_wconf 89' lang='lat' dir='ltr'><strong><em>ulterius</em></strong></span> <span class='ocrx_word' id='word_1_255' title='bbox 593 1704 698 1731; x_wconf 86' lang='lat' dir='ltr'><strong><em>animas</em></strong></span> <span class='ocrx_word' id='word_1_256' title='bbox 716 1703 825 1738; x_wconf 90' lang='lat' dir='ltr'><strong><em>depasci</em></strong></span> <span class='ocrx_word' id='word_1_257' title='bbox 849 1703 994 1730; x_wconf 86' lang='lat' dir='ltr'><strong><em>humanas.</em></strong></span> 
     </span>
    </p>
   </div>
   <div class='ocr_carea' id='block_1_38' title="bbox 213 1749 994 1785">
    <p class='ocr_par' dir='ltr' id='par_1_38' title="bbox 213 1749 994 1785">
     <span class='ocr_line' id='line_1_38' title="bbox 213 1749 994 1785; baseline -0.001 -8"><span class='ocrx_word' id='word_1_258' title='bbox 213 1750 384 1785; x_wconf 85' lang='lat' dir='ltr'><strong><em>Quapropter</em></strong></span> <span class='ocrx_word' id='word_1_259' title='bbox 398 1758 451 1776; x_wconf 93' lang='lat' dir='ltr'><strong><em>una</em></strong></span> <span class='ocrx_word' id='word_1_260' title='bbox 467 1757 530 1777; x_wconf 93' lang='lat' dir='ltr'><strong><em>cum</em></strong></span> <span class='ocrx_word' id='word_1_261' title='bbox 544 1750 670 1777; x_wconf 90' lang='lat' dir='ltr'><strong><em>omnibus</em></strong></span> <span class='ocrx_word' id='word_1_262' title='bbox 691 1750 846 1784; x_wconf 87' lang='lat' dir='ltr'><strong><em>apostolicae</em></strong></span> <span class='ocrx_word' id='word_1_263' title='bbox 863 1749 994 1784; x_wconf 83' lang='lat' dir='ltr'><strong><em>subjectis</em></strong></span> 
     </span>
    </p>
   </div>
   <div class='ocr_carea' id='block_1_39' title="bbox 212 1795 994 1831">
    <p class='ocr_par' dir='ltr' id='par_1_39' title="bbox 212 1795 994 1831">
     <span class='ocr_line' id='line_1_39' title="bbox 212 1795 994 1831; baseline -0.001 -8"><span class='ocrx_word' id='word_1_264' title='bbox 212 1796 322 1831; x_wconf 68' lang='lat' dir='ltr'><strong><em>Regula:</em></strong></span> <span class='ocrx_word' id='word_1_265' title='bbox 338 1796 486 1828; x_wconf 87' lang='lat' dir='ltr'><strong><em>sancimus,</em></strong></span> <span class='ocrx_word' id='word_1_266' title='bbox 502 1804 536 1823; x_wconf 89' lang='lat' dir='ltr'><strong><em>ne</em></strong></span> <span class='ocrx_word' id='word_1_267' title='bbox 550 1797 694 1831; x_wconf 88' lang='lat' dir='ltr'><strong><em>quisquam</em></strong></span> <span class='ocrx_word' id='word_1_268' title='bbox 718 1796 847 1830; x_wconf 86' lang='lat' dir='ltr'><strong><em>deinceps</em></strong></span> <span class='ocrx_word' id='word_1_269' title='bbox 861 1795 994 1823; x_wconf 88' lang='lat' dir='ltr'><strong><em>Christia-</em></strong></span> 
     </span>
    </p>
   </div>
   <div class='ocr_carea' id='block_1_40' title="bbox 213 1841 994 1876">
    <p class='ocr_par' dir='ltr' id='par_1_40' title="bbox 213 1841 994 1876">
     <span class='ocr_line' id='line_1_40' title="bbox 213 1841 994 1876; baseline 0 -8"><span class='ocrx_word' id='word_1_270' title='bbox 213 1849 308 1868; x_wconf 92' lang='lat' dir='ltr'><strong><em>norum</em></strong></span> <span class='ocrx_word' id='word_1_271' title='bbox 323 1841 388 1868; x_wconf 87' lang='lat' dir='ltr'><strong><em>talia</em></strong></span> <span class='ocrx_word' id='word_1_272' title='bbox 404 1846 569 1876; x_wconf 86' lang='lat' dir='ltr'><strong><em>perpetrare,</em></strong></span> <span class='ocrx_word' id='word_1_273' title='bbox 585 1846 631 1868; x_wconf 84' lang='lat' dir='ltr'><strong><em>aut</em></strong></span> <span class='ocrx_word' id='word_1_274' title='bbox 643 1841 777 1876; x_wconf 82' lang='lat' dir='ltr'><strong><em>episcopis</em></strong></span> <span class='ocrx_word' id='word_1_275' title='bbox 792 1841 855 1867; x_wconf 86' lang='lat' dir='ltr'><strong><em>talia</em></strong></span> <span class='ocrx_word' id='word_1_276' title='bbox 872 1848 994 1868; x_wconf 88' lang='lat' dir='ltr'><strong><em>asserere</em></strong></span> 
     </span>
    </p>
   </div>
   <div class='ocr_carea' id='block_1_41' title="bbox 212 1886 993 1922">
    <p class='ocr_par' dir='ltr' id='par_1_41' title="bbox 212 1886 993 1922">
     <span class='ocr_line' id='line_1_41' title="bbox 212 1886 993 1922; baseline 0 -9"><span class='ocrx_word' id='word_1_277' title='bbox 212 1891 385 1918; x_wconf 86' lang='lat' dir='ltr'><strong><em>nocumenta,</em></strong></span> <span class='ocrx_word' id='word_1_278' title='bbox 401 1891 502 1914; x_wconf 89' lang='lat' dir='ltr'><strong><em>temere</em></strong></span> <span class='ocrx_word' id='word_1_279' title='bbox 514 1890 671 1922; x_wconf 76' lang='lat' dir='ltr'><strong><em>praesumat,</em></strong></span> <span class='ocrx_word' id='word_1_280' title='bbox 684 1894 746 1914; x_wconf 89' lang='lat' dir='ltr'><strong><em>cum</em></strong></span> <span class='ocrx_word' id='word_1_281' title='bbox 758 1886 857 1914; x_wconf 88' lang='lat' dir='ltr'><strong><em>Doctor</em></strong></span> <span class='ocrx_word' id='word_1_282' title='bbox 871 1887 993 1921; x_wconf 79' lang='lat' dir='ltr'><strong><em>gentium</em></strong></span> 
     </span>
    </p>
   </div>
   <div class='ocr_carea' id='block_1_42' title="bbox 210 1931 993 1968">
    <p class='ocr_par' dir='ltr' id='par_1_42' title="bbox 210 1931 993 1968">
     <span class='ocr_line' id='line_1_42' title="bbox 210 1931 993 1968; baseline 0.003 -10"><span class='ocrx_word' id='word_1_283' title='bbox 210 1932 237 1958; x_wconf 85' lang='lat' dir='ltr'><strong><em>id</em></strong></span> <span class='ocrx_word' id='word_1_284' title='bbox 254 1932 342 1966; x_wconf 91' lang='lat' dir='ltr'><strong><em>ipsum</em></strong></span> <span class='ocrx_word' id='word_1_285' title='bbox 355 1931 506 1966; x_wconf 85' lang='lat' dir='ltr'><strong><em>prohibeat,</em></strong></span> <span class='ocrx_word' id='word_1_286' title='bbox 522 1933 615 1960; x_wconf 88' lang='lat' dir='ltr'><strong><em>dicens</em></strong></span> <span class='ocrx_word' id='word_1_287' title='bbox 628 1942 634 1960; x_wconf 73' lang='grc' dir='ltr'>ί</span> <span class='ocrx_word' id='word_1_288' title='bbox 652 1933 785 1960; x_wconf 86' lang='lat' dir='ltr'><strong><em>Seniorem</em></strong></span> <span class='ocrx_word' id='word_1_289' title='bbox 797 1942 827 1960; x_wconf 92' lang='lat' dir='ltr'><strong><em>ne</em></strong></span> <span class='ocrx_word' id='word_1_290' title='bbox 843 1934 993 1968; x_wconf 82' lang='lat' dir='ltr'><strong><em>increpave-</em></strong></span> 
     </span>
    </p>
   </div>
   <div class='ocr_carea' id='block_1_43' title="bbox 209 1978 992 2016">
    <p class='ocr_par' dir='ltr' id='par_1_43' title="bbox 209 1978 992 2016">
     <span class='ocr_line' id='line_1_43' title="bbox 209 1978 992 2016; baseline 0 -10"><span class='ocrx_word' id='word_1_291' title='bbox 209 1980 258 2010; x_wconf 86' lang='lat' dir='ltr'><strong><em>ris,</em></strong></span> <span class='ocrx_word' id='word_1_292' title='bbox 280 1978 324 2005; x_wconf 83' lang='lat' dir='ltr'><strong><em>sed</em></strong></span> <span class='ocrx_word' id='word_1_293' title='bbox 346 1978 451 2005; x_wconf 80' lang='lat' dir='ltr'><strong><em>obsecra</em></strong></span> <span class='ocrx_word' id='word_1_294' title='bbox 471 1983 499 2005; x_wconf 87' lang='lat' dir='ltr'><strong><em>ut</em></strong></span> <span class='ocrx_word' id='word_1_295' title='bbox 523 1984 624 2013; x_wconf 85' lang='lat' dir='ltr'><strong><em>patrem</em></strong></span> <span class='ocrx_word' id='word_1_296' title='bbox 637 1979 672 2011; x_wconf 86' lang='grc'><strong><em>⁷²,</em></strong></span> <span class='ocrx_word' id='word_1_297' title='bbox 695 1983 722 2006; x_wconf 88' lang='lat' dir='ltr'><strong><em>et</em></strong></span> <span class='ocrx_word' id='word_1_298' title='bbox 745 1980 860 2016; x_wconf 84' lang='lat' dir='ltr'><strong><em>reliqua.</em></strong></span> <span class='ocrx_word' id='word_1_299' title='bbox 886 1979 992 2008; x_wconf 89' lang='lat' dir='ltr'><strong><em>Bonum</em></strong></span> 
     </span>
    </p>
   </div>
   <div class='ocr_carea' id='block_1_44' title="bbox 209 2025 992 2060">
    <p class='ocr_par' dir='ltr' id='par_1_44' title="bbox 209 2025 992 2060">
     <span class='ocr_line' id='line_1_44' title="bbox 209 2025 992 2060; baseline 0.001 -8"><span class='ocrx_word' id='word_1_300' title='bbox 209 2029 253 2052; x_wconf 88' lang='lat' dir='ltr'><strong><em>est</em></strong></span> <span class='ocrx_word' id='word_1_301' title='bbox 277 2032 394 2059; x_wconf 88' lang='lat' dir='ltr'><strong><em>namque</em></strong></span> <span class='ocrx_word' id='word_1_302' title='bbox 409 2025 607 2060; x_wconf 82' lang='lat' dir='ltr'><strong><em>proculdubio,</em></strong></span> <span class='ocrx_word' id='word_1_303' title='bbox 633 2029 659 2053; x_wconf 88' lang='lat' dir='ltr'><strong><em>et</em></strong></span> <span class='ocrx_word' id='word_1_304' title='bbox 684 2025 810 2053; x_wconf 88' lang='lat' dir='ltr'><strong><em>omnibus</em></strong></span> <span class='ocrx_word' id='word_1_305' title='bbox 833 2026 992 2053; x_wconf 88' lang='lat' dir='ltr'><strong><em>timentibus</em></strong></span> 
     </span>
    </p>
   </div>
   <div class='ocr_carea' id='block_1_45' title="bbox 209 2069 992 2102">
    <p class='ocr_par' dir='ltr' id='par_1_45' title="bbox 209 2069 992 2102">
     <span class='ocr_line' id='line_1_45' title="bbox 209 2069 992 2102; baseline 0.001 -5"><span class='ocrx_word' id='word_1_306' title='bbox 209 2069 295 2097; x_wconf 90' lang='lat' dir='ltr'><strong><em>Deum</em></strong></span> <span class='ocrx_word' id='word_1_307' title='bbox 310 2070 499 2102; x_wconf 87' lang='lat' dir='ltr'><strong><em>desiderabile,</em></strong></span> <span class='ocrx_word' id='word_1_308' title='bbox 517 2070 644 2098; x_wconf 89' lang='lat' dir='ltr'><strong><em>cohibere</em></strong></span> <span class='ocrx_word' id='word_1_309' title='bbox 668 2070 854 2098; x_wconf 83' lang='lat' dir='ltr'><strong><em>dissensiones</em></strong></span> <span class='ocrx_word' id='word_1_310' title='bbox 868 2075 894 2098; x_wconf 86' lang='lat' dir='ltr'><strong><em>et</em></strong></span> <span class='ocrx_word' id='word_1_311' title='bbox 910 2072 992 2098; x_wconf 86' lang='lat' dir='ltr'><strong><em>aitet--</em></strong></span> 
     </span>
    </p>
   </div>
   <div class='ocr_carea' id='block_1_46' title="bbox 209 2115 990 2148">
    <p class='ocr_par' dir='ltr' id='par_1_46' title="bbox 209 2115 990 2148">
     <span class='ocr_line' id='line_1_46' title="bbox 209 2115 990 2148; baseline 0.001 -6"><span class='ocrx_word' id='word_1_312' title='bbox 209 2116 341 2148; x_wconf 90' lang='lat' dir='ltr'><strong><em>cationes,</em></strong></span> <span class='ocrx_word' id='word_1_313' title='bbox 357 2115 487 2143; x_wconf 83' lang='lat' dir='ltr'><strong><em>fratribus</em></strong></span> <span class='ocrx_word' id='word_1_314' title='bbox 507 2116 661 2148; x_wconf 80' lang='lat' dir='ltr'><strong><em>subvenire,</em></strong></span> <span class='ocrx_word' id='word_1_315' title='bbox 677 2120 703 2142; x_wconf 88' lang='lat' dir='ltr'><strong><em>et</em></strong></span> <span class='ocrx_word' id='word_1_316' title='bbox 719 2117 834 2143; x_wconf 86' lang='lat' dir='ltr'><strong><em>invicem</em></strong></span> <span class='ocrx_word' id='word_1_317' title='bbox 848 2124 902 2143; x_wconf 91' lang='lat' dir='ltr'><strong><em>non</em></strong></span> <span class='ocrx_word' id='word_1_318' title='bbox 919 2117 990 2144; x_wconf 91' lang='lat' dir='ltr'><strong><em>invi-</em></strong></span> 
     </span>
    </p>
   </div>
   <div class='ocr_carea' id='block_1_47' title="bbox 207 2160 990 2197">
    <p class='ocr_par' dir='ltr' id='par_1_47' title="bbox 207 2160 990 2197">
     <span class='ocr_line' id='line_1_47' title="bbox 207 2160 990 2197; baseline 0.001 -9"><span class='ocrx_word' id='word_1_319' title='bbox 207 2161 281 2193; x_wconf 86' lang='lat' dir='ltr'><strong><em>dere,</em></strong></span> <span class='ocrx_word' id='word_1_320' title='bbox 300 2161 346 2189; x_wconf 88' lang='lat' dir='ltr'><strong><em>sed</em></strong></span> <span class='ocrx_word' id='word_1_321' title='bbox 364 2162 502 2196; x_wconf 85' lang='lat' dir='ltr'><strong><em>adjuvare.</em></strong></span> <span class='ocrx_word' id='word_1_322' title='bbox 518 2160 662 2193; x_wconf 81' lang='lat' dir='ltr'><strong><em>Audiatur,</em></strong></span> <span class='ocrx_word' id='word_1_323' title='bbox 685 2162 783 2196; x_wconf 88' lang='lat' dir='ltr'><strong><em>inquit,</em></strong></span> <span class='ocrx_word' id='word_1_324' title='bbox 801 2162 857 2197; x_wconf 88' lang='lat' dir='ltr'><strong><em>jam</em></strong></span> <span class='ocrx_word' id='word_1_325' title='bbox 873 2162 944 2189; x_wconf 87' lang='lat' dir='ltr'><strong><em>dicta</em></strong></span> <span class='ocrx_word' id='word_1_326' title='bbox 962 2163 990 2189; x_wconf 95' lang='lat' dir='ltr'><strong><em>in</em></strong></span> 
     </span>
    </p>
   </div>
   <div class='ocr_carea' id='block_1_48' title="bbox 1058 238 1830 274">
    <p class='ocr_par' dir='ltr' id='par_1_48' title="bbox 1058 238 1830 274">
     <span class='ocr_line' id='line_1_48' title="bbox 1058 238 1830 274; baseline -0.003 -7"><span class='ocrx_word' id='word_1_327' title='bbox 1058 240 1207 267; x_wconf 83' lang='lat' dir='ltr'><strong><em>deducatur</em></strong></span> <span class='ocrx_word' id='word_1_328' title='bbox 1218 239 1288 274; x_wconf 90' lang='lat' dir='ltr'><strong><em>quod</em></strong></span> <span class='ocrx_word' id='word_1_329' title='bbox 1302 239 1418 273; x_wconf 76' lang='lat' dir='ltr'><strong><em>egerint,</em></strong></span> <span class='ocrx_word' id='word_1_330' title='bbox 1435 245 1486 266; x_wconf 81' lang='lat' dir='ltr'><strong><em>nec</em></strong></span> <span class='ocrx_word' id='word_1_331' title='bbox 1500 239 1571 265; x_wconf 88' lang='lat' dir='ltr'><strong><em>inter</em></strong></span> <span class='ocrx_word' id='word_1_332' title='bbox 1585 238 1767 265; x_wconf 86' lang='lat' dir='ltr'><strong><em>ecclesiastica</em></strong></span> <span class='ocrx_word' id='word_1_333' title='bbox 1780 238 1830 266; x_wconf 91' lang='lat' dir='ltr'><strong><em>ullo</em></strong></span> 
     </span>
    </p>
   </div>
   <div class='ocr_carea' id='block_1_49' title="bbox 1057 285 1361 319">
    <p class='ocr_par' dir='ltr' id='par_1_49' title="bbox 1057 285 1361 319">
     <span class='ocr_line' id='line_1_49' title="bbox 1057 285 1361 319; baseline -0.007 -7"><span class='ocrx_word' id='word_1_334' title='bbox 1057 285 1138 313; x_wconf 91' lang='lat' dir='ltr'><strong><em>modo</em></strong></span> <span class='ocrx_word' id='word_1_335' title='bbox 1153 285 1361 319; x_wconf 88' lang='lat' dir='ltr'><strong><em>reputabuntur.</em></strong></span> 
     </span>
    </p>
   </div>
   <div class='ocr_carea' id='block_1_50' title="bbox 1094 328 1830 364">
    <p class='ocr_par' dir='ltr' id='par_1_50' title="bbox 1094 328 1830 364">
     <span class='ocr_line' id='line_1_50' title="bbox 1094 328 1830 364; baseline -0.001 -7"><span class='ocrx_word' id='word_1_336' title='bbox 1094 331 1118 357; x_wconf 83' lang='lat' dir='ltr'><strong><em>l.</em></strong></span> <span class='ocrx_word' id='word_1_337' title='bbox 1145 330 1195 364; x_wconf 89' lang='lat' dir='ltr'><strong><em>Ipsi</em></strong></span> <span class='ocrx_word' id='word_1_338' title='bbox 1220 337 1284 357; x_wconf 91' lang='lat' dir='ltr'><strong><em>vero</em></strong></span> <span class='ocrx_word' id='word_1_339' title='bbox 1309 330 1403 364; x_wconf 57' lang='lat' dir='ltr'><strong><em>prima;</em></strong></span> <span class='ocrx_word' id='word_1_340' title='bbox 1428 329 1500 357; x_wconf 89' lang='lat' dir='ltr'><strong><em>sedis</em></strong></span> <span class='ocrx_word' id='word_1_341' title='bbox 1525 328 1662 360; x_wconf 68' lang='lat' dir='ltr'><strong><em>Ecclesiae,</em></strong></span> <span class='ocrx_word' id='word_1_342' title='bbox 1687 337 1830 356; x_wconf 83' lang='lat' dir='ltr'><strong><em>convocan-</em></strong></span> 
     </span>
    </p>
   </div>
   <div class='ocr_carea' id='block_1_51' title="bbox 1057 374 1830 411">
    <p class='ocr_par' dir='ltr' id='par_1_51' title="bbox 1057 374 1830 411">
     <span class='ocr_line' id='line_1_51' title="bbox 1057 374 1830 411; baseline -0.001 -8"><span class='ocrx_word' id='word_1_343' title='bbox 1057 376 1150 403; x_wconf 91' lang='lat' dir='ltr'><strong><em>darum</em></strong></span> <span class='ocrx_word' id='word_1_344' title='bbox 1167 375 1331 411; x_wconf 79' lang='lat' dir='ltr'><strong><em>generalium</em></strong></span> <span class='ocrx_word' id='word_1_345' title='bbox 1357 375 1523 410; x_wconf 84' lang='lat' dir='ltr'><strong><em>synodorum</em></strong></span> <span class='ocrx_word' id='word_1_346' title='bbox 1541 375 1603 409; x_wconf 90' lang='lat' dir='ltr'><strong><em>jura</em></strong></span> <span class='ocrx_word' id='word_1_347' title='bbox 1618 379 1645 402; x_wconf 81' lang='lat' dir='ltr'><strong><em>et</em></strong></span> <span class='ocrx_word' id='word_1_348' title='bbox 1663 374 1763 409; x_wconf 81' lang='lat' dir='ltr'><strong><em>judicia</em></strong></span> <span class='ocrx_word' id='word_1_349' title='bbox 1779 376 1830 410; x_wconf 83' lang='lat' dir='ltr'><strong><em>epi-</em></strong></span> 
     </span>
    </p>
   </div>
   <div class='ocr_carea' id='block_1_52' title="bbox 1057 421 1830 456">
    <p class='ocr_par' dir='ltr' id='par_1_52' title="bbox 1057 421 1830 456">
     <span class='ocr_line' id='line_1_52' title="bbox 1057 421 1830 456; baseline -0.001 -7"><span class='ocrx_word' id='word_1_350' title='bbox 1057 429 1213 456; x_wconf 82' lang='lat' dir='ltr'><strong><em>scoporum,</em></strong></span> <span class='ocrx_word' id='word_1_351' title='bbox 1237 421 1368 456; x_wconf 77' lang='lat' dir='ltr'><strong><em>singulari</em></strong></span> <span class='ocrx_word' id='word_1_352' title='bbox 1384 421 1525 456; x_wconf 78' lang='lat' dir='ltr'><strong><em>privilegio</em></strong></span> <span class='ocrx_word' id='word_1_353' title='bbox 1541 421 1714 456; x_wconf 80' lang='lat' dir='ltr'><strong><em>evangelicis,</em></strong></span> <span class='ocrx_word' id='word_1_354' title='bbox 1729 426 1754 448; x_wconf 86' lang='lat' dir='ltr'><strong><em>et</em></strong></span> <span class='ocrx_word' id='word_1_355' title='bbox 1769 429 1830 456; x_wconf 89' lang='lat' dir='ltr'><strong><em>apo-</em></strong></span> 
     </span>
    </p>
   </div>
   <div class='ocr_carea' id='block_1_53' title="bbox 1056 468 1830 502">
    <p class='ocr_par' dir='ltr' id='par_1_53' title="bbox 1056 468 1830 502">
     <span class='ocr_line' id='line_1_53' title="bbox 1056 468 1830 502; baseline -0.001 -6"><span class='ocrx_word' id='word_1_356' title='bbox 1056 468 1171 501; x_wconf 84' lang='lat' dir='ltr'><strong><em>stolicis,</em></strong></span> <span class='ocrx_word' id='word_1_357' title='bbox 1195 472 1275 502; x_wconf 85' lang='lat' dir='ltr'><strong><em>atque</em></strong></span> <span class='ocrx_word' id='word_1_358' title='bbox 1294 468 1433 494; x_wconf 86' lang='lat' dir='ltr'><strong><em>canonicis</em></strong></span> <span class='ocrx_word' id='word_1_359' title='bbox 1457 474 1587 494; x_wconf 86' lang='lat' dir='ltr'><strong><em>concessa</em></strong></span> <span class='ocrx_word' id='word_1_360' title='bbox 1611 473 1674 494; x_wconf 89' lang='lat' dir='ltr'><strong><em>sunt</em></strong></span> <span class='ocrx_word' id='word_1_361' title='bbox 1696 468 1830 502; x_wconf 84' lang='lat' dir='ltr'><strong><em>institutis,</em></strong></span> 
     </span>
    </p>
   </div>
   <div class='ocr_carea' id='block_1_54' title="bbox 1056 513 1831 550">
    <p class='ocr_par' dir='ltr' id='par_1_54' title="bbox 1056 513 1831 550">
     <span class='ocr_line' id='line_1_54' title="bbox 1056 513 1831 550; baseline -0.001 -9"><span class='ocrx_word' id='word_1_362' title='bbox 1056 523 1116 550; x_wconf 71' lang='lat' dir='ltr'><strong><em>qum</em></strong></span> <span class='ocrx_word' id='word_1_363' title='bbox 1129 521 1236 548; x_wconf 82' lang='lat' dir='ltr'><strong><em>semper</em></strong></span> <span class='ocrx_word' id='word_1_364' title='bbox 1250 513 1304 548; x_wconf 77' lang='lat'><strong><em>(35)</em></strong></span> <span class='ocrx_word' id='word_1_365' title='bbox 1321 513 1437 547; x_wconf 85' lang='lat' dir='ltr'><strong><em>majores</em></strong></span> <span class='ocrx_word' id='word_1_366' title='bbox 1449 520 1539 540; x_wconf 75' lang='lat' dir='ltr'><strong><em>causa:</em></strong></span> <span class='ocrx_word' id='word_1_367' title='bbox 1555 513 1588 539; x_wconf 92' lang='lat' dir='ltr'><strong><em>ad</em></strong></span> <span class='ocrx_word' id='word_1_368' title='bbox 1619 514 1709 541; x_wconf 87' lang='lat' dir='ltr'><strong><em>sedem</em></strong></span> <span class='ocrx_word' id='word_1_369' title='bbox 1724 514 1831 549; x_wconf 87' lang='lat' dir='ltr'><strong><em>Aposto-</em></strong></span> 
     </span>
    </p>
   </div>
   <div class='ocr_carea' id='block_1_55' title="bbox 1056 558 1829 593">
    <p class='ocr_par' dir='ltr' id='par_1_55' title="bbox 1056 558 1829 593">
     <span class='ocr_line' id='line_1_55' title="bbox 1056 558 1829 593; baseline 0 -7"><span class='ocrx_word' id='word_1_370' title='bbox 1056 560 1134 587; x_wconf 89' lang='lat' dir='ltr'><strong><em>licam</em></strong></span> <span class='ocrx_word' id='word_1_371' title='bbox 1156 559 1249 586; x_wconf 88' lang='lat' dir='ltr'><strong><em>multis</em></strong></span> <span class='ocrx_word' id='word_1_372' title='bbox 1266 558 1474 585; x_wconf 84' lang='lat' dir='ltr'><strong><em>auctoritatibus</em></strong></span> <span class='ocrx_word' id='word_1_373' title='bbox 1492 558 1587 585; x_wconf 82' lang='lat' dir='ltr'><strong><em>referri</em></strong></span> <span class='ocrx_word' id='word_1_374' title='bbox 1609 564 1747 593; x_wconf 58' lang='lat' dir='ltr'><strong><em>praceptaa</em></strong></span> <span class='ocrx_word' id='word_1_375' title='bbox 1761 561 1829 586; x_wconf 84' lang='lat' dir='ltr'><strong><em>sunt.</em></strong></span> 
     </span>
    </p>
   </div>
   <div class='ocr_carea' id='block_1_56' title="bbox 1054 604 1830 639">
    <p class='ocr_par' dir='ltr' id='par_1_56' title="bbox 1054 604 1830 639">
     <span class='ocr_line' id='line_1_56' title="bbox 1054 604 1830 639; baseline -0.003 -7"><span class='ocrx_word' id='word_1_376' title='bbox 1054 604 1109 632; x_wconf 88' lang='lat' dir='ltr'><strong><em>Nec</em></strong></span> <span class='ocrx_word' id='word_1_377' title='bbox 1121 605 1175 632; x_wconf 91' lang='lat' dir='ltr'><strong><em>ullo</em></strong></span> <span class='ocrx_word' id='word_1_378' title='bbox 1191 605 1271 632; x_wconf 91' lang='lat' dir='ltr'><strong><em>modo</em></strong></span> <span class='ocrx_word' id='word_1_379' title='bbox 1285 608 1375 639; x_wconf 88' lang='lat' dir='ltr'><strong><em>potest</em></strong></span> <span class='ocrx_word' id='word_1_380' title='bbox 1391 604 1478 638; x_wconf 88' lang='lat' dir='ltr'><strong><em>major</em></strong></span> <span class='ocrx_word' id='word_1_381' title='bbox 1494 611 1510 630; x_wconf 90' lang='lat' dir='ltr'><strong><em>a</em></strong></span> <span class='ocrx_word' id='word_1_382' title='bbox 1521 604 1626 631; x_wconf 87' lang='lat' dir='ltr'><strong><em>minore</em></strong></span> <span class='ocrx_word' id='word_1_383' title='bbox 1637 604 1763 637; x_wconf 86' lang='lat' dir='ltr'><strong><em>judicari.</em></strong></span> <span class='ocrx_word' id='word_1_384' title='bbox 1775 604 1830 638; x_wconf 85' lang='lat' dir='ltr'><strong><em>ipsa</em></strong></span> 
     </span>
    </p>
   </div>
   <div class='ocr_carea' id='block_1_57' title="bbox 1055 649 1828 686">
    <p class='ocr_par' dir='ltr' id='par_1_57' title="bbox 1055 649 1828 686">
     <span class='ocr_line' id='line_1_57' title="bbox 1055 649 1828 686; baseline 0 -8"><span class='ocrx_word' id='word_1_385' title='bbox 1055 659 1172 686; x_wconf 87' lang='lat' dir='ltr'><strong><em>namque</em></strong></span> <span class='ocrx_word' id='word_1_386' title='bbox 1193 650 1320 677; x_wconf 88' lang='lat' dir='ltr'><strong><em>omnibus</em></strong></span> <span class='ocrx_word' id='word_1_387' title='bbox 1341 649 1428 684; x_wconf 89' lang='lat' dir='ltr'><strong><em>major</em></strong></span> <span class='ocrx_word' id='word_1_388' title='bbox 1452 653 1478 676; x_wconf 88' lang='lat' dir='ltr'><strong><em>et</em></strong></span> <span class='ocrx_word' id='word_1_389' title='bbox 1499 650 1609 684; x_wconf 57' lang='lat' dir='ltr'><strong><em>praelata</em></strong></span> <span class='ocrx_word' id='word_1_390' title='bbox 1632 654 1674 676; x_wconf 89' lang='lat' dir='ltr'><strong><em>est</em></strong></span> <span class='ocrx_word' id='word_1_391' title='bbox 1697 649 1828 678; x_wconf 83' lang='lat' dir='ltr'><strong><em>Ecclesiis.</em></strong></span> 
     </span>
    </p>
   </div>
   <div class='ocr_carea' id='block_1_58' title="bbox 1054 695 1831 731">
    <p class='ocr_par' dir='ltr' id='par_1_58' title="bbox 1054 695 1831 731">
     <span class='ocr_line' id='line_1_58' title="bbox 1054 695 1831 731; baseline -0.003 -7"><span class='ocrx_word' id='word_1_392' title='bbox 1054 697 1119 731; x_wconf 69' lang='lat' dir='ltr'><strong><em>Quae</em></strong></span> <span class='ocrx_word' id='word_1_393' title='bbox 1142 706 1197 724; x_wconf 89' lang='lat' dir='ltr'><strong><em>non</em></strong></span> <span class='ocrx_word' id='word_1_394' title='bbox 1217 696 1387 725; x_wconf 88' lang='lat' dir='ltr'><strong><em>solummodo</em></strong></span> <span class='ocrx_word' id='word_1_395' title='bbox 1405 703 1551 728; x_wconf 85' lang='lat' dir='ltr'><strong><em>canonum,</em></strong></span> <span class='ocrx_word' id='word_1_396' title='bbox 1569 700 1596 724; x_wconf 92' lang='lat' dir='ltr'><strong><em>et</em></strong></span> <span class='ocrx_word' id='word_1_397' title='bbox 1618 701 1770 724; x_wconf 85' lang='lat' dir='ltr'><strong><em>sanctorum</em></strong></span> <span class='ocrx_word' id='word_1_398' title='bbox 1783 695 1831 723; x_wconf 84' lang='lat' dir='ltr'><strong><em>Pa-</em></strong></span> 
     </span>
    </p>
   </div>
   <div class='ocr_carea' id='block_1_59' title="bbox 1053 744 1828 778">
    <p class='ocr_par' dir='ltr' id='par_1_59' title="bbox 1053 744 1828 778">
     <span class='ocr_line' id='line_1_59' title="bbox 1053 744 1828 778; baseline -0.004 -4"><span class='ocrx_word' id='word_1_399' title='bbox 1053 751 1126 774; x_wconf 87' lang='lat' dir='ltr'><strong><em>trum</em></strong></span> <span class='ocrx_word' id='word_1_400' title='bbox 1145 746 1272 778; x_wconf 88' lang='lat' dir='ltr'><strong><em>decretis,</em></strong></span> <span class='ocrx_word' id='word_1_401' title='bbox 1295 746 1342 773; x_wconf 89' lang='lat' dir='ltr'><strong><em>scd</em></strong></span> <span class='ocrx_word' id='word_1_402' title='bbox 1364 745 1471 772; x_wconf 89' lang='lat' dir='ltr'><strong><em>Domini</em></strong></span> <span class='ocrx_word' id='word_1_403' title='bbox 1488 744 1637 772; x_wconf 87' lang='lat' dir='ltr'><strong><em>Salvatoris</em></strong></span> <span class='ocrx_word' id='word_1_404' title='bbox 1659 744 1742 772; x_wconf 85' lang='lat' dir='ltr'><strong><em>nostri</em></strong></span> <span class='ocrx_word' id='word_1_405' title='bbox 1759 751 1828 776; x_wconf 82' lang='lat' dir='ltr'><strong><em>voce.</em></strong></span> 
     </span>
    </p>
   </div>
   <div class='ocr_carea' id='block_1_60' title="bbox 1054 789 1829 827">
    <p class='ocr_par' dir='ltr' id='par_1_60' title="bbox 1054 789 1829 827">
     <span class='ocr_line' id='line_1_60' title="bbox 1054 789 1829 827; baseline -0.005 -8"><span class='ocrx_word' id='word_1_406' title='bbox 1054 792 1217 827; x_wconf 80' lang='lat' dir='ltr'><strong><em>singularem</em></strong></span> <span class='ocrx_word' id='word_1_407' title='bbox 1233 791 1350 818; x_wconf 87' lang='lat' dir='ltr'><strong><em>obtinuit</em></strong></span> <span class='ocrx_word' id='word_1_408' title='bbox 1364 790 1556 825; x_wconf 84' lang='lat' dir='ltr'><strong><em>principatum.</em></strong></span> <span class='ocrx_word' id='word_1_409' title='bbox 1575 789 1614 816; x_wconf 86' lang='lat' dir='ltr'><strong><em>Tu</em></strong></span> <span class='ocrx_word' id='word_1_410' title='bbox 1637 798 1663 816; x_wconf 88' lang='lat' dir='ltr'><strong><em>es</em></strong></span> <span class='ocrx_word' id='word_1_411' title='bbox 1677 789 1829 824; x_wconf 83' lang='lat' dir='ltr'><strong><em>(inquiens)</em></strong></span> 
     </span>
    </p>
   </div>
   <div class='ocr_carea' id='block_1_61' title="bbox 1056 834 1829 870">
    <p class='ocr_par' dir='ltr' id='par_1_61' title="bbox 1056 834 1829 870">
     <span class='ocr_line' id='line_1_61' title="bbox 1056 834 1829 870; baseline -0.004 -6"><span class='ocrx_word' id='word_1_412' title='bbox 1056 837 1160 868; x_wconf 80' lang='lat' dir='ltr'><strong><em>Petrus,</em></strong></span> <span class='ocrx_word' id='word_1_413' title='bbox 1186 842 1210 864; x_wconf 88' lang='lat' dir='ltr'><strong><em>et</em></strong></span> <span class='ocrx_word' id='word_1_414' title='bbox 1230 844 1307 870; x_wconf 85' lang='lat' dir='ltr'><strong><em>super</em></strong></span> <span class='ocrx_word' id='word_1_415' title='bbox 1326 835 1392 862; x_wconf 82' lang='lat' dir='ltr'><strong><em>hanc</em></strong></span> <span class='ocrx_word' id='word_1_416' title='bbox 1410 841 1511 870; x_wconf 88' lang='lat' dir='ltr'><strong><em>petram</em></strong></span> <span class='ocrx_word' id='word_1_417' title='bbox 1533 835 1670 869; x_wconf 77' lang='lat' dir='ltr'><strong><em>wdiﬁcabo</em></strong></span> <span class='ocrx_word' id='word_1_418' title='bbox 1693 834 1829 861; x_wconf 77' lang='lat' dir='ltr'><strong><em>Ecclesium</em></strong></span> 
     </span>
    </p>
   </div>
   <div class='ocr_carea' id='block_1_62' title="bbox 1054 882 1831 917">
    <p class='ocr_par' dir='ltr' id='par_1_62' title="bbox 1054 882 1831 917">
     <span class='ocr_line' id='line_1_62' title="bbox 1054 882 1831 917; baseline -0.004 -7"><span class='ocrx_word' id='word_1_419' title='bbox 1054 892 1138 910; x_wconf 81' lang='lat' dir='ltr'><strong><em>meum</em></strong></span> <span class='ocrx_word' id='word_1_420' title='bbox 1154 883 1187 915; x_wconf 82' lang='grc'><strong><em>⁷³,</em></strong></span> <span class='ocrx_word' id='word_1_421' title='bbox 1205 887 1232 910; x_wconf 88' lang='lat' dir='ltr'><strong><em>et</em></strong></span> <span class='ocrx_word' id='word_1_422' title='bbox 1253 883 1365 917; x_wconf 89' lang='lat' dir='ltr'><strong><em>reliqua.</em></strong></span> <span class='ocrx_word' id='word_1_423' title='bbox 1393 882 1427 908; x_wconf 85' lang='lat' dir='ltr'><strong><em>Et</em></strong></span> <span class='ocrx_word' id='word_1_424' title='bbox 1447 889 1605 916; x_wconf 74' lang='lat' dir='ltr'><strong><em>quwcunque</em></strong></span> <span class='ocrx_word' id='word_1_425' title='bbox 1625 882 1743 916; x_wconf 74' lang='lat' dir='ltr'><strong><em>ligaveris</em></strong></span> <span class='ocrx_word' id='word_1_426' title='bbox 1759 889 1831 915; x_wconf 81' lang='lat' dir='ltr'><strong><em>super</em></strong></span> 
     </span>
    </p>
   </div>
   <div class='ocr_carea' id='block_1_63' title="bbox 1055 927 1829 963">
    <p class='ocr_par' dir='ltr' id='par_1_63' title="bbox 1055 927 1829 963">
     <span class='ocr_line' id='line_1_63' title="bbox 1055 927 1829 963; baseline -0.005 -6"><span class='ocrx_word' id='word_1_427' title='bbox 1055 936 1165 962; x_wconf 81' lang='lat' dir='ltr'><strong><em>ter-ram,</em></strong></span> <span class='ocrx_word' id='word_1_428' title='bbox 1180 935 1204 957; x_wconf 89' lang='lat' dir='ltr'><strong><em>et</em></strong></span> <span class='ocrx_word' id='word_1_429' title='bbox 1220 930 1338 963; x_wconf 75' lang='lat' dir='ltr'><strong><em>solveris,</em></strong></span> <span class='ocrx_word' id='word_1_430' title='bbox 1354 934 1430 956; x_wconf 85' lang='lat' dir='ltr'><strong><em>erunt</em></strong></span> <span class='ocrx_word' id='word_1_431' title='bbox 1447 929 1528 963; x_wconf 82' lang='lat' dir='ltr'><strong><em>ligata</em></strong></span> <span class='ocrx_word' id='word_1_432' title='bbox 1544 933 1568 955; x_wconf 89' lang='lat' dir='ltr'><strong><em>et</em></strong></span> <span class='ocrx_word' id='word_1_433' title='bbox 1583 928 1672 955; x_wconf 86' lang='lat' dir='ltr'><strong><em>soluta</em></strong></span> <span class='ocrx_word' id='word_1_434' title='bbox 1687 928 1712 954; x_wconf 84' lang='lat' dir='ltr'><strong><em>in</em></strong></span> <span class='ocrx_word' id='word_1_435' title='bbox 1726 927 1795 961; x_wconf 74' lang='lat' dir='ltr'><strong><em>caelo,</em></strong></span> <span class='ocrx_word' id='word_1_436' title='bbox 1807 932 1829 953; x_wconf 84' lang='lat' dir='ltr'><strong><em>et</em></strong></span> 
     </span>
    </p>
   </div>
   <div class='ocr_carea' id='block_1_64' title="bbox 1054 975 1210 1003">
    <p class='ocr_par' dir='ltr' id='par_1_64' title="bbox 1054 975 1210 1003">
     <span class='ocr_line' id='line_1_64' title="bbox 1054 975 1210 1003; baseline -0.013 0"><span class='ocrx_word' id='word_1_437' title='bbox 1054 978 1081 1003; x_wconf 74' lang='lat' dir='ltr'><strong><em>in</em></strong></span> <span class='ocrx_word' id='word_1_438' title='bbox 1096 981 1166 1003; x_wconf 85' lang='lat' dir='ltr'><strong><em>terra</em></strong></span> <span class='ocrx_word' id='word_1_439' title='bbox 1177 975 1210 1001; x_wconf 76' lang='lat'><strong>’“’.</strong></span> 
     </span>
    </p>
   </div>
   <div class='ocr_carea' id='block_1_65' title="bbox 1087 1019 1828 1055">
    <p class='ocr_par' dir='ltr' id='par_1_65' title="bbox 1087 1019 1828 1055">
     <span class='ocr_line' id='line_1_65' title="bbox 1087 1019 1828 1055; baseline -0.004 -7"><span class='ocrx_word' id='word_1_440' title='bbox 1087 1022 1114 1048; x_wconf 73' lang='lat'><strong><em>2.</em></strong></span> <span class='ocrx_word' id='word_1_441' title='bbox 1132 1021 1217 1049; x_wconf 83' lang='lat' dir='ltr'><strong><em>Porro</em></strong></span> <span class='ocrx_word' id='word_1_442' title='bbox 1231 1021 1334 1048; x_wconf 88' lang='lat' dir='ltr'><strong><em>dudum</em></strong></span> <span class='ocrx_word' id='word_1_443' title='bbox 1351 1028 1366 1048; x_wconf 91' lang='lat' dir='ltr'><strong><em>a</em></strong></span> <span class='ocrx_word' id='word_1_444' title='bbox 1380 1020 1483 1048; x_wconf 86' lang='lat' dir='ltr'><strong><em>sanctis</em></strong></span> <span class='ocrx_word' id='word_1_445' title='bbox 1503 1020 1645 1055; x_wconf 85' lang='lat' dir='ltr'><strong><em>apostolis,</em></strong></span> <span class='ocrx_word' id='word_1_446' title='bbox 1667 1019 1828 1047; x_wconf 88' lang='lat' dir='ltr'><strong><em>successori-</em></strong></span> 
     </span>
    </p>
   </div>
   <div class='ocr_carea' id='block_1_66' title="bbox 1054 1065 1829 1101">
    <p class='ocr_par' dir='ltr' id='par_1_66' title="bbox 1054 1065 1829 1101">
     <span class='ocr_line' id='line_1_66' title="bbox 1054 1065 1829 1101; baseline -0.004 -7"><span class='ocrx_word' id='word_1_447' title='bbox 1054 1068 1158 1101; x_wconf 88' lang='lat' dir='ltr'><strong><em>busque</em></strong></span> <span class='ocrx_word' id='word_1_448' title='bbox 1172 1074 1276 1098; x_wconf 88' lang='lat' dir='ltr'><strong><em>eorum,</em></strong></span> <span class='ocrx_word' id='word_1_449' title='bbox 1293 1066 1320 1093; x_wconf 94' lang='lat' dir='ltr'><strong><em>in</em></strong></span> <span class='ocrx_word' id='word_1_450' title='bbox 1341 1065 1460 1101; x_wconf 74' lang='lat' dir='ltr'><strong><em>praefatis</em></strong></span> <span class='ocrx_word' id='word_1_451' title='bbox 1476 1066 1595 1100; x_wconf 89' lang='lat' dir='ltr'><strong><em>antiquis</em></strong></span> <span class='ocrx_word' id='word_1_452' title='bbox 1614 1065 1723 1093; x_wconf 85' lang='lat' dir='ltr'><strong><em>statutis</em></strong></span> <span class='ocrx_word' id='word_1_453' title='bbox 1741 1065 1829 1092; x_wconf 84' lang='lat' dir='ltr'><strong><em>decre-</em></strong></span> 
     </span>
    </p>
   </div>
   <div class='ocr_carea' id='block_1_67' title="bbox 1054 1109 1830 1147">
    <p class='ocr_par' dir='ltr' id='par_1_67' title="bbox 1054 1109 1830 1147">
     <span class='ocr_line' id='line_1_67' title="bbox 1054 1109 1830 1147; baseline -0.004 -8"><span class='ocrx_word' id='word_1_454' title='bbox 1054 1117 1110 1139; x_wconf 89' lang='lat' dir='ltr'><strong><em>tum</em></strong></span> <span class='ocrx_word' id='word_1_455' title='bbox 1127 1112 1214 1140; x_wconf 89' lang='lat' dir='ltr'><strong><em>fuerat</em></strong></span> <span class='ocrx_word' id='word_1_456' title='bbox 1226 1112 1294 1147; x_wconf 78' lang='lat'><strong><em>(56),</em></strong></span> <span class='ocrx_word' id='word_1_457' title='bbox 1305 1120 1366 1146; x_wconf 73' lang='lat' dir='ltr'><strong><em>quze</em></strong></span> <span class='ocrx_word' id='word_1_458' title='bbox 1374 1111 1507 1138; x_wconf 83' lang='lat' dir='ltr'><strong><em>hactenus</em></strong></span> <span class='ocrx_word' id='word_1_459' title='bbox 1523 1114 1619 1137; x_wconf 87' lang='lat' dir='ltr'><strong><em>sancta</em></strong></span> <span class='ocrx_word' id='word_1_460' title='bbox 1634 1114 1661 1137; x_wconf 88' lang='lat' dir='ltr'><strong><em>et</em></strong></span> <span class='ocrx_word' id='word_1_461' title='bbox 1675 1109 1830 1137; x_wconf 85' lang='lat' dir='ltr'><strong><em>universalis</em></strong></span> 
     </span>
    </p>
   </div>
   <div class='ocr_carea' id='block_1_68' title="bbox 1054 1157 1829 1193">
    <p class='ocr_par' dir='ltr' id='par_1_68' title="bbox 1054 1157 1829 1193">
     <span class='ocr_line' id='line_1_68' title="bbox 1054 1157 1829 1193; baseline -0.004 -8"><span class='ocrx_word' id='word_1_462' title='bbox 1054 1158 1201 1193; x_wconf 86' lang='lat' dir='ltr'><strong><em>apostolica</em></strong></span> <span class='ocrx_word' id='word_1_463' title='bbox 1217 1162 1291 1184; x_wconf 80' lang='lat' dir='ltr'><strong><em>tenet</em></strong></span> <span class='ocrx_word' id='word_1_464' title='bbox 1303 1157 1435 1189; x_wconf 86' lang='lat' dir='ltr'><strong><em>Ecclesia,</em></strong></span> <span class='ocrx_word' id='word_1_465' title='bbox 1452 1164 1507 1184; x_wconf 90' lang='lat' dir='ltr'><strong><em>non</em></strong></span> <span class='ocrx_word' id='word_1_466' title='bbox 1520 1160 1648 1191; x_wconf 89' lang='lat' dir='ltr'><strong><em>oportere</em></strong></span> <span class='ocrx_word' id='word_1_467' title='bbox 1659 1160 1755 1190; x_wconf 73' lang='lat' dir='ltr'><strong><em>praeter</em></strong></span> <span class='ocrx_word' id='word_1_468' title='bbox 1771 1163 1829 1182; x_wconf 86' lang='lat' dir='ltr'><strong><em>sen-</em></strong></span> 
     </span>
    </p>
   </div>
   <div class='ocr_carea' id='block_1_69' title="bbox 1055 1202 1827 1237">
    <p class='ocr_par' dir='ltr' id='par_1_69' title="bbox 1055 1202 1827 1237">
     <span class='ocr_line' id='line_1_69' title="bbox 1055 1202 1827 1237; baseline -0.004 -7"><span class='ocrx_word' id='word_1_469' title='bbox 1055 1205 1164 1231; x_wconf 85' lang='lat' dir='ltr'><strong><em>tentiam</em></strong></span> <span class='ocrx_word' id='word_1_470' title='bbox 1186 1203 1300 1230; x_wconf 73' lang='lat' dir='ltr'><strong><em>Romani</em></strong></span> <span class='ocrx_word' id='word_1_471' title='bbox 1322 1203 1460 1237; x_wconf 82' lang='lat' dir='ltr'><strong><em>pontificis</em></strong></span> <span class='ocrx_word' id='word_1_472' title='bbox 1480 1203 1595 1230; x_wconf 88' lang='lat' dir='ltr'><strong><em>concilia</em></strong></span> <span class='ocrx_word' id='word_1_473' title='bbox 1620 1202 1760 1233; x_wconf 89' lang='lat' dir='ltr'><strong><em>celebrari,</em></strong></span> <span class='ocrx_word' id='word_1_474' title='bbox 1782 1208 1827 1228; x_wconf 88' lang='lat' dir='ltr'><strong><em>nec</em></strong></span> 
     </span>
    </p>
   </div>
   <div class='ocr_carea' id='block_1_70' title="bbox 1053 1247 1828 1285">
    <p class='ocr_par' dir='ltr' id='par_1_70' title="bbox 1053 1247 1828 1285">
     <span class='ocr_line' id='line_1_70' title="bbox 1053 1247 1828 1285; baseline -0.005 -8"><span class='ocrx_word' id='word_1_475' title='bbox 1053 1251 1209 1285; x_wconf 74' lang='lat' dir='ltr'><strong><em>episcopum</em></strong></span> <span class='ocrx_word' id='word_1_476' title='bbox 1229 1249 1362 1281; x_wconf 88' lang='lat' dir='ltr'><strong><em>damnari,</em></strong></span> <span class='ocrx_word' id='word_1_477' title='bbox 1386 1249 1514 1285; x_wconf 89' lang='lat' dir='ltr'><strong><em>quoniam</em></strong></span> <span class='ocrx_word' id='word_1_478' title='bbox 1538 1252 1662 1276; x_wconf 87' lang='lat' dir='ltr'><strong><em>sanctam</em></strong></span> <span class='ocrx_word' id='word_1_479' title='bbox 1686 1247 1828 1274; x_wconf 79' lang='lat' dir='ltr'><strong><em>Romanam</em></strong></span> 
     </span>
    </p>
   </div>
   <div class='ocr_carea' id='block_1_71' title="bbox 1053 1293 1828 1330">
    <p class='ocr_par' dir='ltr' id='par_1_71' title="bbox 1053 1293 1828 1330">
     <span class='ocr_line' id='line_1_71' title="bbox 1053 1293 1828 1330; baseline -0.003 -8"><span class='ocrx_word' id='word_1_480' title='bbox 1053 1295 1201 1322; x_wconf 83' lang='lat' dir='ltr'><strong><em>Ecclesiam</em></strong></span> <span class='ocrx_word' id='word_1_481' title='bbox 1216 1295 1359 1330; x_wconf 89' lang='lat' dir='ltr'><strong><em>primatem</em></strong></span> <span class='ocrx_word' id='word_1_482' title='bbox 1374 1295 1496 1322; x_wconf 93' lang='lat' dir='ltr'><strong><em>omnium</em></strong></span> <span class='ocrx_word' id='word_1_483' title='bbox 1513 1293 1698 1322; x_wconf 86' lang='lat' dir='ltr'><strong><em>Ecclesiarum</em></strong></span> <span class='ocrx_word' id='word_1_484' title='bbox 1713 1301 1771 1322; x_wconf 90' lang='lat' dir='ltr'><strong><em>esse</em></strong></span> <span class='ocrx_word' id='word_1_485' title='bbox 1785 1300 1828 1321; x_wconf 90' lang='lat' dir='ltr'><strong><em>vo-</em></strong></span> 
     </span>
    </p>
   </div>
   <div class='ocr_carea' id='block_1_72' title="bbox 1054 1341 1827 1376">
    <p class='ocr_par' dir='ltr' id='par_1_72' title="bbox 1054 1341 1827 1376">
     <span class='ocr_line' id='line_1_72' title="bbox 1054 1341 1827 1376; baseline -0.004 -8"><span class='ocrx_word' id='word_1_486' title='bbox 1054 1342 1172 1370; x_wconf 83' lang='lat' dir='ltr'><strong><em>luerunt.</em></strong></span> <span class='ocrx_word' id='word_1_487' title='bbox 1189 1341 1220 1368; x_wconf 84' lang='lat' dir='ltr'><strong><em>Et</em></strong></span> <span class='ocrx_word' id='word_1_488' title='bbox 1236 1342 1307 1369; x_wconf 91' lang='lat' dir='ltr'><strong><em>sicut</em></strong></span> <span class='ocrx_word' id='word_1_489' title='bbox 1329 1341 1425 1369; x_wconf 82' lang='lat' dir='ltr'><strong><em>beatus</em></strong></span> <span class='ocrx_word' id='word_1_490' title='bbox 1448 1341 1544 1368; x_wconf 89' lang='lat' dir='ltr'><strong><em>Petrus</em></strong></span> <span class='ocrx_word' id='word_1_491' title='bbox 1567 1342 1709 1376; x_wconf 88' lang='lat' dir='ltr'><strong><em>apostolus</em></strong></span> <span class='ocrx_word' id='word_1_492' title='bbox 1731 1341 1827 1375; x_wconf 81' lang='lat' dir='ltr'><strong><em>primus</em></strong></span> 
     </span>
    </p>
   </div>
   <div class='ocr_carea' id='block_1_73' title="bbox 1054 1385 1826 1421">
    <p class='ocr_par' dir='ltr' id='par_1_73' title="bbox 1054 1385 1826 1421">
     <span class='ocr_line' id='line_1_73' title="bbox 1054 1385 1826 1421; baseline -0.005 -7"><span class='ocrx_word' id='word_1_493' title='bbox 1054 1387 1104 1414; x_wconf 87' lang='lat' dir='ltr'><strong><em>fuit</em></strong></span> <span class='ocrx_word' id='word_1_494' title='bbox 1121 1387 1241 1414; x_wconf 90' lang='lat' dir='ltr'><strong><em>omnium</em></strong></span> <span class='ocrx_word' id='word_1_495' title='bbox 1259 1387 1456 1421; x_wconf 86' lang='lat' dir='ltr'><strong><em>apostolorum,</em></strong></span> <span class='ocrx_word' id='word_1_496' title='bbox 1478 1386 1515 1413; x_wconf 83' lang='lat' dir='ltr'><strong><em>ita</em></strong></span> <span class='ocrx_word' id='word_1_497' title='bbox 1536 1390 1563 1414; x_wconf 92' lang='lat' dir='ltr'><strong><em>et</em></strong></span> <span class='ocrx_word' id='word_1_498' title='bbox 1577 1387 1635 1413; x_wconf 62' lang='lat' dir='ltr'><strong><em>haec</em></strong></span> <span class='ocrx_word' id='word_1_499' title='bbox 1651 1385 1767 1414; x_wconf 83' lang='lat' dir='ltr'><strong><em>Ecclesia</em></strong></span> <span class='ocrx_word' id='word_1_500' title='bbox 1782 1391 1826 1412; x_wconf 90' lang='lat' dir='ltr'><strong><em>suo</em></strong></span> 
     </span>
    </p>
   </div>
   <div class='ocr_carea' id='block_1_74' title="bbox 1053 1431 1829 1467">
    <p class='ocr_par' dir='ltr' id='par_1_74' title="bbox 1053 1431 1829 1467">
     <span class='ocr_line' id='line_1_74' title="bbox 1053 1431 1829 1467; baseline 0 -9"><span class='ocrx_word' id='word_1_501' title='bbox 1053 1431 1163 1458; x_wconf 87' lang='lat' dir='ltr'><strong><em>nomine</em></strong></span> <span class='ocrx_word' id='word_1_502' title='bbox 1187 1435 1347 1459; x_wconf 88' lang='lat' dir='ltr'><strong><em>consecrata</em></strong></span> <span class='ocrx_word' id='word_1_503' title='bbox 1373 1431 1488 1459; x_wconf 87' lang='lat' dir='ltr'><strong><em>Domino</em></strong></span> <span class='ocrx_word' id='word_1_504' title='bbox 1507 1432 1677 1463; x_wconf 85' lang='lat' dir='ltr'><strong><em>instituente,</em></strong></span> <span class='ocrx_word' id='word_1_505' title='bbox 1700 1432 1783 1467; x_wconf 85' lang='lat' dir='ltr'><strong><em>prima</em></strong></span> <span class='ocrx_word' id='word_1_506' title='bbox 1802 1435 1829 1458; x_wconf 87' lang='lat' dir='ltr'><strong><em>et</em></strong></span> 
     </span>
    </p>
   </div>
   <div class='ocr_carea' id='block_1_75' title="bbox 1053 1479 1825 1514">
    <p class='ocr_par' dir='ltr' id='par_1_75' title="bbox 1053 1479 1825 1514">
     <span class='ocr_line' id='line_1_75' title="bbox 1053 1479 1825 1514; baseline -0.001 -9"><span class='ocrx_word' id='word_1_507' title='bbox 1053 1483 1134 1514; x_wconf 89' lang='lat' dir='ltr'><strong><em>caput</em></strong></span> <span class='ocrx_word' id='word_1_508' title='bbox 1148 1479 1183 1506; x_wconf 89' lang='lat' dir='ltr'><strong><em>sit</em></strong></span> <span class='ocrx_word' id='word_1_509' title='bbox 1195 1484 1355 1506; x_wconf 73' lang='lat' dir='ltr'><strong><em>caelerarum</em></strong></span> <span class='ocrx_word' id='word_1_510' title='bbox 1370 1489 1376 1505; x_wconf 88' lang='lat'><strong>:</strong></span> <span class='ocrx_word' id='word_1_511' title='bbox 1400 1485 1426 1506; x_wconf 89' lang='lat' dir='ltr'><strong><em>ct</em></strong></span> <span class='ocrx_word' id='word_1_512' title='bbox 1442 1479 1475 1506; x_wconf 87' lang='lat' dir='ltr'><strong><em>ad</em></strong></span> <span class='ocrx_word' id='word_1_513' title='bbox 1488 1487 1557 1509; x_wconf 78' lang='lat' dir='ltr'><strong><em>eam.</em></strong></span> <span class='ocrx_word' id='word_1_514' title='bbox 1573 1480 1651 1514; x_wconf 84' lang='lat' dir='ltr'><strong><em>quasi</em></strong></span> <span class='ocrx_word' id='word_1_515' title='bbox 1668 1479 1701 1506; x_wconf 91' lang='lat' dir='ltr'><strong><em>ad</em></strong></span> <span class='ocrx_word' id='word_1_516' title='bbox 1720 1483 1825 1506; x_wconf 86' lang='lat' dir='ltr'><strong><em>matrem</em></strong></span> 
     </span>
    </p>
   </div>
   <div class='ocr_carea' id='block_1_76' title="bbox 1053 1523 1826 1558">
    <p class='ocr_par' dir='ltr' id='par_1_76' title="bbox 1053 1523 1826 1558">
     <span class='ocr_line' id='line_1_76' title="bbox 1053 1523 1826 1558; baseline -0.003 -8"><span class='ocrx_word' id='word_1_517' title='bbox 1053 1527 1133 1558; x_wconf 87' lang='lat' dir='ltr'><strong><em>atque</em></strong></span> <span class='ocrx_word' id='word_1_518' title='bbox 1155 1524 1269 1558; x_wconf 88' lang='lat' dir='ltr'><strong><em>apicem,</em></strong></span> <span class='ocrx_word' id='word_1_519' title='bbox 1288 1531 1382 1551; x_wconf 84' lang='lat' dir='ltr'><strong><em>omnes</em></strong></span> <span class='ocrx_word' id='word_1_520' title='bbox 1404 1524 1521 1558; x_wconf 89' lang='lat' dir='ltr'><strong><em>majores</em></strong></span> <span class='ocrx_word' id='word_1_521' title='bbox 1543 1523 1672 1551; x_wconf 62' lang='lat' dir='ltr'><strong><em>Ecclesiae</em></strong></span> <span class='ocrx_word' id='word_1_522' title='bbox 1693 1531 1787 1555; x_wconf 71' lang='lat' dir='ltr'><strong><em>causae,</em></strong></span> <span class='ocrx_word' id='word_1_523' title='bbox 1801 1526 1826 1549; x_wconf 91' lang='lat' dir='ltr'><strong><em>et</em></strong></span> 
     </span>
    </p>
   </div>
   <div class='ocr_carea' id='block_1_77' title="bbox 1047 1569 1826 1604">
    <p class='ocr_par' dir='ltr' id='par_1_77' title="bbox 1047 1569 1826 1604">
     <span class='ocr_line' id='line_1_77' title="bbox 1047 1569 1826 1604; baseline -0.003 -8"><span class='ocrx_word' id='word_1_524' title='bbox 1047 1569 1151 1604; x_wconf 90' lang='lat' dir='ltr'><strong><em>judicia</em></strong></span> <span class='ocrx_word' id='word_1_525' title='bbox 1171 1569 1362 1604; x_wconf 86' lang='lat' dir='ltr'><strong><em>episcoporum</em></strong></span> <span class='ocrx_word' id='word_1_526' title='bbox 1382 1573 1536 1600; x_wconf 89' lang='lat' dir='ltr'><strong><em>recurrant,</em></strong></span> <span class='ocrx_word' id='word_1_527' title='bbox 1552 1569 1668 1604; x_wconf 87' lang='lat' dir='ltr'><strong><em>ejusque</em></strong></span> <span class='ocrx_word' id='word_1_528' title='bbox 1687 1569 1761 1604; x_wconf 72' lang='lat' dir='ltr'><strong><em>juxta</em></strong></span> <span class='ocrx_word' id='word_1_529' title='bbox 1776 1572 1826 1594; x_wconf 81' lang='lat' dir='ltr'><strong><em>ter-</em></strong></span> 
     </span>
    </p>
   </div>
   <div class='ocr_carea' id='block_1_78' title="bbox 1048 1614 1824 1643">
    <p class='ocr_par' dir='ltr' id='par_1_78' title="bbox 1048 1614 1824 1643">
     <span class='ocr_line' id='line_1_78' title="bbox 1048 1614 1824 1643; baseline -0.004 -1"><span class='ocrx_word' id='word_1_530' title='bbox 1048 1616 1152 1642; x_wconf 93' lang='lat' dir='ltr'><strong><em>minum</em></strong></span> <span class='ocrx_word' id='word_1_531' title='bbox 1178 1620 1287 1643; x_wconf 83' lang='lat' dir='ltr'><strong><em>sumant</em></strong></span> <span class='ocrx_word' id='word_1_532' title='bbox 1313 1615 1485 1643; x_wconf 83' lang='lat' dir='ltr'><strong><em>sententiam.</em></strong></span> <span class='ocrx_word' id='word_1_533' title='bbox 1510 1614 1565 1642; x_wconf 87' lang='lat' dir='ltr'><strong><em>Nec</em></strong></span> <span class='ocrx_word' id='word_1_534' title='bbox 1581 1619 1660 1642; x_wconf 86' lang='lat' dir='ltr'><strong><em>extra</em></strong></span> <span class='ocrx_word' id='word_1_535' title='bbox 1682 1615 1824 1641; x_wconf 80' lang='lat' dir='ltr'><strong><em>Romanum</em></strong></span> 
     </span>
    </p>
   </div>
   <div class='ocr_carea' id='block_1_79' title="bbox 1048 1661 1826 1697">
    <p class='ocr_par' dir='ltr' id='par_1_79' title="bbox 1048 1661 1826 1697">
     <span class='ocr_line' id='line_1_79' title="bbox 1048 1661 1826 1697; baseline -0.004 -9"><span class='ocrx_word' id='word_1_536' title='bbox 1048 1662 1195 1697; x_wconf 88' lang='lat' dir='ltr'><strong><em>quidquam</em></strong></span> <span class='ocrx_word' id='word_1_537' title='bbox 1212 1669 1243 1689; x_wconf 82' lang='lat' dir='ltr'><strong><em>ex</em></strong></span> <span class='ocrx_word' id='word_1_538' title='bbox 1259 1661 1302 1689; x_wconf 91' lang='lat' dir='ltr'><strong><em>his</em></strong></span> <span class='ocrx_word' id='word_1_539' title='bbox 1317 1661 1416 1688; x_wconf 88' lang='lat' dir='ltr'><strong><em>debere</em></strong></span> <span class='ocrx_word' id='word_1_540' title='bbox 1430 1661 1542 1688; x_wconf 90' lang='lat' dir='ltr'><strong><em>decerni</em></strong></span> <span class='ocrx_word' id='word_1_541' title='bbox 1557 1662 1724 1695; x_wconf 86' lang='lat' dir='ltr'><strong><em>pontificem,</em></strong></span> <span class='ocrx_word' id='word_1_542' title='bbox 1741 1663 1826 1695; x_wconf 84' lang='lat' dir='ltr'><strong><em>quate-</em></strong></span> 
     </span>
    </p>
   </div>
   <div class='ocr_carea' id='block_1_80' title="bbox 1046 1706 1824 1742">
    <p class='ocr_par' dir='ltr' id='par_1_80' title="bbox 1046 1706 1824 1742">
     <span class='ocr_line' id='line_1_80' title="bbox 1046 1706 1824 1742; baseline -0.005 -7"><span class='ocrx_word' id='word_1_543' title='bbox 1046 1715 1098 1735; x_wconf 93' lang='lat' dir='ltr'><strong><em>nus</em></strong></span> <span class='ocrx_word' id='word_1_544' title='bbox 1118 1715 1172 1734; x_wconf 92' lang='lat' dir='ltr'><strong><em>non</em></strong></span> <span class='ocrx_word' id='word_1_545' title='bbox 1196 1707 1234 1734; x_wconf 86' lang='lat' dir='ltr'><strong><em>ita</em></strong></span> <span class='ocrx_word' id='word_1_546' title='bbox 1256 1711 1392 1742; x_wconf 86' lang='lat' dir='ltr'><strong><em>proterve,</em></strong></span> <span class='ocrx_word' id='word_1_547' title='bbox 1408 1710 1434 1734; x_wconf 87' lang='lat' dir='ltr'><strong><em>et</em></strong></span> <span class='ocrx_word' id='word_1_548' title='bbox 1457 1714 1506 1741; x_wconf 92' lang='lat' dir='ltr'><strong><em>pro</em></strong></span> <span class='ocrx_word' id='word_1_549' title='bbox 1528 1706 1608 1734; x_wconf 87' lang='lat' dir='ltr'><strong><em>libitu</em></strong></span> <span class='ocrx_word' id='word_1_550' title='bbox 1632 1707 1755 1741; x_wconf 85' lang='lat' dir='ltr'><strong><em>cuiquam</em></strong></span> <span class='ocrx_word' id='word_1_551' title='bbox 1777 1711 1824 1733; x_wconf 91' lang='lat' dir='ltr'><strong><em>suo</em></strong></span> 
     </span>
    </p>
   </div>
   <div class='ocr_carea' id='block_1_81' title="bbox 1046 1751 1821 1788">
    <p class='ocr_par' dir='ltr' id='par_1_81' title="bbox 1046 1751 1821 1788">
     <span class='ocr_line' id='line_1_81' title="bbox 1046 1751 1821 1788; baseline -0.003 -9"><span class='ocrx_word' id='word_1_552' title='bbox 1046 1753 1156 1788; x_wconf 90' lang='lat' dir='ltr'><strong><em>proprio</em></strong></span> <span class='ocrx_word' id='word_1_553' title='bbox 1189 1752 1303 1779; x_wconf 91' lang='lat' dir='ltr'><strong><em>arbitrio</em></strong></span> <span class='ocrx_word' id='word_1_554' title='bbox 1326 1752 1482 1787; x_wconf 89' lang='lat' dir='ltr'><strong><em>quibusque</em></strong></span> <span class='ocrx_word' id='word_1_555' title='bbox 1514 1751 1732 1787; x_wconf 90' lang='lat' dir='ltr'><strong><em>metropolitanis</em></strong></span> <span class='ocrx_word' id='word_1_556' title='bbox 1757 1751 1821 1779; x_wconf 86' lang='lat' dir='ltr'><strong><em>sicut</em></strong></span> 
     </span>
    </p>
   </div>
   <div class='ocr_carea' id='block_1_82' title="bbox 1046 1797 1823 1833">
    <p class='ocr_par' dir='ltr' id='par_1_82' title="bbox 1046 1797 1823 1833">
     <span class='ocr_line' id='line_1_82' title="bbox 1046 1797 1823 1833; baseline 0 -8"><span class='ocrx_word' id='word_1_557' title='bbox 1046 1806 1125 1833; x_wconf 84' lang='lat' dir='ltr'><strong><em>agere</em></strong></span> <span class='ocrx_word' id='word_1_558' title='bbox 1140 1798 1256 1830; x_wconf 87' lang='lat' dir='ltr'><strong><em>solebat,</em></strong></span> <span class='ocrx_word' id='word_1_559' title='bbox 1273 1798 1353 1825; x_wconf 88' lang='lat' dir='ltr'><strong><em>liceat</em></strong></span> <span class='ocrx_word' id='word_1_560' title='bbox 1368 1798 1525 1825; x_wconf 88' lang='lat' dir='ltr'><strong><em>inconsulto</em></strong></span> <span class='ocrx_word' id='word_1_561' title='bbox 1548 1798 1674 1826; x_wconf 80' lang='lat' dir='ltr'><strong><em>Romano</em></strong></span> <span class='ocrx_word' id='word_1_562' title='bbox 1690 1797 1823 1833; x_wconf 69' lang='lat' dir='ltr'><strong><em>pontifice.</em></strong></span> 
     </span>
    </p>
   </div>
   <div class='ocr_carea' id='block_1_83' title="bbox 1044 1842 1823 1877">
    <p class='ocr_par' dir='ltr' id='par_1_83' title="bbox 1044 1842 1823 1877">
     <span class='ocr_line' id='line_1_83' title="bbox 1044 1842 1823 1877; baseline -0.004 -7"><span class='ocrx_word' id='word_1_563' title='bbox 1044 1847 1091 1870; x_wconf 83' lang='lat' dir='ltr'><strong><em>aut</em></strong></span> <span class='ocrx_word' id='word_1_564' title='bbox 1106 1842 1225 1877; x_wconf 84' lang='lat' dir='ltr'><strong><em>majores</em></strong></span> <span class='ocrx_word' id='word_1_565' title='bbox 1235 1842 1365 1870; x_wconf 80' lang='lat' dir='ltr'><strong><em>Ecclesiae</em></strong></span> <span class='ocrx_word' id='word_1_566' title='bbox 1380 1850 1478 1870; x_wconf 86' lang='lat' dir='ltr'><strong><em>causas</em></strong></span> <span class='ocrx_word' id='word_1_567' title='bbox 1493 1843 1650 1877; x_wconf 86' lang='lat' dir='ltr'><strong><em>deturbare,</em></strong></span> <span class='ocrx_word' id='word_1_568' title='bbox 1667 1848 1713 1869; x_wconf 87' lang='lat' dir='ltr'><strong><em>aut</em></strong></span> <span class='ocrx_word' id='word_1_569' title='bbox 1724 1842 1823 1877; x_wconf 87' lang='lat' dir='ltr'><strong><em>episco-</em></strong></span> 
     </span>
    </p>
   </div>
   <div class='ocr_carea' id='block_1_84' title="bbox 1044 1886 1823 1924">
    <p class='ocr_par' dir='ltr' id='par_1_84' title="bbox 1044 1886 1823 1924">
     <span class='ocr_line' id='line_1_84' title="bbox 1044 1886 1823 1924; baseline -0.004 -7"><span class='ocrx_word' id='word_1_570' title='bbox 1044 1897 1094 1924; x_wconf 90' lang='lat' dir='ltr'><strong><em>pos</em></strong></span> <span class='ocrx_word' id='word_1_571' title='bbox 1110 1889 1261 1922; x_wconf 86' lang='lat' dir='ltr'><strong><em>damnare;</em></strong></span> <span class='ocrx_word' id='word_1_572' title='bbox 1277 1888 1324 1916; x_wconf 90' lang='lat' dir='ltr'><strong><em>sed</em></strong></span> <span class='ocrx_word' id='word_1_573' title='bbox 1346 1889 1486 1916; x_wconf 88' lang='lat' dir='ltr'><strong><em>communi</em></strong></span> <span class='ocrx_word' id='word_1_574' title='bbox 1500 1893 1603 1917; x_wconf 63' lang='lat' dir='ltr'><strong><em>sancta;</em></strong></span> <span class='ocrx_word' id='word_1_575' title='bbox 1617 1890 1744 1917; x_wconf 72' lang='lat' dir='ltr'><strong><em>Romanae</em></strong></span> <span class='ocrx_word' id='word_1_576' title='bbox 1756 1886 1823 1915; x_wconf 80' lang='lat' dir='ltr'><strong><em>sedis</em></strong></span> 
     </span>
    </p>
   </div>
   <div class='ocr_carea' id='block_1_85' title="bbox 1043 1934 1822 1971">
    <p class='ocr_par' dir='ltr' id='par_1_85' title="bbox 1043 1934 1822 1971">
     <span class='ocr_line' id='line_1_85' title="bbox 1043 1934 1822 1971; baseline -0.004 -10"><span class='ocrx_word' id='word_1_577' title='bbox 1043 1934 1163 1969; x_wconf 84' lang='lat' dir='ltr'><strong><em>episcopi</em></strong></span> <span class='ocrx_word' id='word_1_578' title='bbox 1176 1935 1303 1967; x_wconf 86' lang='lat' dir='ltr'><strong><em>consilio,</em></strong></span> <span class='ocrx_word' id='word_1_579' title='bbox 1319 1939 1345 1962; x_wconf 92' lang='lat' dir='ltr'><strong><em>et</em></strong></span> <span class='ocrx_word' id='word_1_580' title='bbox 1355 1935 1485 1962; x_wconf 90' lang='lat' dir='ltr'><strong><em>concordi</em></strong></span> <span class='ocrx_word' id='word_1_581' title='bbox 1501 1935 1621 1969; x_wconf 90' lang='lat' dir='ltr'><strong><em>actione,</em></strong></span> <span class='ocrx_word' id='word_1_582' title='bbox 1637 1943 1747 1971; x_wconf 63' lang='lat' dir='ltr'><strong><em>qumque</em></strong></span> <span class='ocrx_word' id='word_1_583' title='bbox 1765 1936 1822 1961; x_wconf 84' lang='lat' dir='ltr'><strong><em>sunt</em></strong></span> 
     </span>
    </p>
   </div>
   <div class='ocr_carea' id='block_1_86' title="bbox 1043 1979 1823 2014">
    <p class='ocr_par' dir='ltr' id='par_1_86' title="bbox 1043 1979 1823 2014">
     <span class='ocr_line' id='line_1_86' title="bbox 1043 1979 1823 2014; baseline -0.001 -9"><span class='ocrx_word' id='word_1_584' title='bbox 1043 1979 1146 2006; x_wconf 82' lang='lat' dir='ltr'><strong><em>Christi</em></strong></span> <span class='ocrx_word' id='word_1_585' title='bbox 1158 1979 1216 2006; x_wconf 84' lang='lat' dir='ltr'><strong><em>zelo</em></strong></span> <span class='ocrx_word' id='word_1_586' title='bbox 1228 1979 1341 2014; x_wconf 82' lang='lat' dir='ltr'><strong><em>agenda,</em></strong></span> <span class='ocrx_word' id='word_1_587' title='bbox 1356 1979 1503 2014; x_wconf 88' lang='lat' dir='ltr'><strong><em>disponant</em></strong></span> <span class='ocrx_word' id='word_1_588' title='bbox 1516 1980 1693 2012; x_wconf 87' lang='lat' dir='ltr'><strong><em>unanimiter,</em></strong></span> <span class='ocrx_word' id='word_1_589' title='bbox 1704 1982 1823 2012; x_wconf 82' lang='lat' dir='ltr'><strong><em>recteque</em></strong></span> 
     </span>
    </p>
   </div>
   <div class='ocr_carea' id='block_1_87' title="bbox 1044 2024 1821 2060">
    <p class='ocr_par' dir='ltr' id='par_1_87' title="bbox 1044 2024 1821 2060">
     <span class='ocr_line' id='line_1_87' title="bbox 1044 2024 1821 2060; baseline -0.004 -9"><span class='ocrx_word' id='word_1_590' title='bbox 1044 2025 1174 2058; x_wconf 88' lang='lat' dir='ltr'><strong><em>sentiant,</em></strong></span> <span class='ocrx_word' id='word_1_591' title='bbox 1197 2029 1224 2052; x_wconf 90' lang='lat' dir='ltr'><strong><em>et</em></strong></span> <span class='ocrx_word' id='word_1_592' title='bbox 1245 2033 1276 2052; x_wconf 89' lang='lat' dir='ltr'><strong><em>ea</em></strong></span> <span class='ocrx_word' id='word_1_593' title='bbox 1290 2033 1351 2060; x_wconf 67' lang='lat' dir='ltr'><strong><em>qua:</em></strong></span> <span class='ocrx_word' id='word_1_594' title='bbox 1372 2026 1519 2057; x_wconf 88' lang='lat' dir='ltr'><strong><em>senserint,</em></strong></span> <span class='ocrx_word' id='word_1_595' title='bbox 1543 2033 1596 2053; x_wconf 91' lang='lat' dir='ltr'><strong><em>non</em></strong></span> <span class='ocrx_word' id='word_1_596' title='bbox 1626 2025 1704 2053; x_wconf 89' lang='lat' dir='ltr'><strong><em>nobis</em></strong></span> <span class='ocrx_word' id='word_1_597' title='bbox 1722 2024 1821 2052; x_wconf 89' lang='lat' dir='ltr'><strong><em>sibimet</em></strong></span> 
     </span>
    </p>
   </div>
   <div class='ocr_carea' id='block_1_88' title="bbox 1042 2070 1654 2106">
    <p class='ocr_par' dir='ltr' id='par_1_88' title="bbox 1042 2070 1654 2106">
     <span class='ocr_line' id='line_1_88' title="bbox 1042 2070 1654 2106; baseline 0.002 -9"><span class='ocrx_word' id='word_1_598' title='bbox 1042 2070 1233 2106; x_wconf 88' lang='lat' dir='ltr'><strong><em>discrepando,</em></strong></span> <span class='ocrx_word' id='word_1_599' title='bbox 1251 2070 1298 2098; x_wconf 90' lang='lat' dir='ltr'><strong><em>sed</em></strong></span> <span class='ocrx_word' id='word_1_600' title='bbox 1312 2070 1367 2098; x_wconf 87' lang='lat' dir='ltr'><strong><em>Deo</em></strong></span> <span class='ocrx_word' id='word_1_601' title='bbox 1382 2072 1482 2106; x_wconf 86' lang='lat' dir='ltr'><strong><em>placita</em></strong></span> <span class='ocrx_word' id='word_1_602' title='bbox 1498 2071 1654 2106; x_wconf 83' lang='lat' dir='ltr'><strong><em>perficiant.</em></strong></span> 
     </span>
    </p>
   </div>
   <div class='ocr_carea' id='block_1_89' title="bbox 1076 2114 1821 2152">
    <p class='ocr_par' dir='ltr' id='par_1_89' title="bbox 1076 2114 1821 2152">
     <span class='ocr_line' id='line_1_89' title="bbox 1076 2114 1821 2152; baseline -0.007 -8"><span class='ocrx_word' id='word_1_603' title='bbox 1076 2117 1103 2144; x_wconf 73' lang='lat'><strong><em>3.</em></strong></span> <span class='ocrx_word' id='word_1_604' title='bbox 1124 2116 1172 2144; x_wconf 89' lang='lat' dir='ltr'><strong><em>Est</em></strong></span> <span class='ocrx_word' id='word_1_605' title='bbox 1183 2117 1262 2144; x_wconf 83' lang='lat' dir='ltr'><strong><em>etiam</em></strong></span> <span class='ocrx_word' id='word_1_606' title='bbox 1278 2117 1305 2144; x_wconf 92' lang='lat' dir='ltr'><strong><em>in</em></strong></span> <span class='ocrx_word' id='word_1_607' title='bbox 1319 2117 1374 2152; x_wconf 89' lang='lat' dir='ltr'><strong><em>jam</em></strong></span> <span class='ocrx_word' id='word_1_608' title='bbox 1390 2117 1444 2144; x_wconf 86' lang='lat' dir='ltr'><strong><em>fata</em></strong></span> <span class='ocrx_word' id='word_1_609' title='bbox 1461 2116 1569 2144; x_wconf 67' lang='lat' dir='ltr'><strong><em>Nicaeua</em></strong></span> <span class='ocrx_word' id='word_1_610' title='bbox 1586 2117 1691 2152; x_wconf 78' lang='lat' dir='ltr'><strong><em>synodo</em></strong></span> <span class='ocrx_word' id='word_1_611' title='bbox 1710 2114 1821 2149; x_wconf 46' lang='lat' dir='ltr'><strong><em>concorﬁ</em></strong></span> 
     </span>
    </p>
   </div>
   <div class='ocr_carea' id='block_1_90' title="bbox 1042 2163 1821 2200">
    <p class='ocr_par' dir='ltr' id='par_1_90' title="bbox 1042 2163 1821 2200">
     <span class='ocr_line' id='line_1_90' title="bbox 1042 2163 1821 2200; baseline -0.005 -10"><span class='ocrx_word' id='word_1_612' title='bbox 1042 2163 1112 2190; x_wconf 88' lang='lat' dir='ltr'><strong><em>diter</em></strong></span> <span class='ocrx_word' id='word_1_613' title='bbox 1121 2166 1263 2195; x_wconf 89' lang='lat' dir='ltr'><strong><em>statutum,</em></strong></span> <span class='ocrx_word' id='word_1_614' title='bbox 1277 2167 1307 2190; x_wconf 83' lang='lat' dir='ltr'><strong><em>ut</em></strong></span> <span class='ocrx_word' id='word_1_615' title='bbox 1318 2168 1494 2191; x_wconf 89' lang='lat' dir='ltr'><strong><em>accusatores</em></strong></span> <span class='ocrx_word' id='word_1_616' title='bbox 1509 2167 1535 2190; x_wconf 88' lang='lat' dir='ltr'><strong><em>et</em></strong></span> <span class='ocrx_word' id='word_1_617' title='bbox 1548 2164 1744 2194; x_wconf 80' lang='lat' dir='ltr'><strong><em>accusationes,</em></strong></span> <span class='ocrx_word' id='word_1_618' title='bbox 1757 2165 1821 2200; x_wconf 70' lang='lat' dir='ltr'><strong><em>quas</em></strong></span> 
     </span>
    </p>
   </div>
   <div class='ocr_carea' id='block_1_91' title="bbox 205 2205 1820 2245">
    <p class='ocr_par' dir='ltr' id='par_1_91' title="bbox 205 2205 1820 2245">
     <span class='ocr_line' id='line_1_91' title="bbox 205 2205 1820 2245; baseline -0.001 -11"><span class='ocrx_word' id='word_1_619' title='bbox 205 2207 296 2235; x_wconf 81' lang='lat' dir='ltr'><strong><em>Nicaea</em></strong></span> <span class='ocrx_word' id='word_1_620' title='bbox 310 2208 420 2235; x_wconf 87' lang='lat' dir='ltr'><strong><em>civitate</em></strong></span> <span class='ocrx_word' id='word_1_621' title='bbox 437 2208 567 2243; x_wconf 84' lang='lat' dir='ltr'><strong><em>synodus,</em></strong></span> <span class='ocrx_word' id='word_1_622' title='bbox 581 2208 623 2235; x_wconf 88' lang='lat' dir='ltr'><strong><em>cui</em></strong></span> <span class='ocrx_word' id='word_1_623' title='bbox 636 2212 662 2236; x_wconf 91' lang='lat' dir='ltr'><strong><em>et</em></strong></span> <span class='ocrx_word' id='word_1_624' title='bbox 673 2216 723 2242; x_wconf 80' lang='lat' dir='ltr'><strong><em>ego</em></strong></span> <span class='ocrx_word' id='word_1_625' title='bbox 738 2209 796 2242; x_wconf 89' lang='lat' dir='ltr'><strong><em>ipse</em></strong></span> <span class='ocrx_word' id='word_1_626' title='bbox 810 2208 988 2236; x_wconf 76' lang='lat' dir='ltr'><strong><em>conscientia:</em></strong></span> <span class='ocrx_word' id='word_1_627' title='bbox 1005 2205 1027 2232; x_wconf 83' lang='lat' dir='ltr'><strong>D</strong></span> <span class='ocrx_word' id='word_1_628' title='bbox 1042 2209 1134 2236; x_wconf 74' lang='lat' dir='ltr'><strong><em>saeculi</em></strong></span> <span class='ocrx_word' id='word_1_629' title='bbox 1154 2209 1226 2243; x_wconf 77' lang='lat' dir='ltr'><strong><em>leges</em></strong></span> <span class='ocrx_word' id='word_1_630' title='bbox 1242 2217 1296 2236; x_wconf 88' lang='lat' dir='ltr'><strong><em>non</em></strong></span> <span class='ocrx_word' id='word_1_631' title='bbox 1316 2209 1473 2242; x_wconf 88' lang='lat' dir='ltr'><strong><em>admittunt,</em></strong></span> <span class='ocrx_word' id='word_1_632' title='bbox 1488 2217 1503 2235; x_wconf 89' lang='lat' dir='ltr'><strong><em>a</em></strong></span> <span class='ocrx_word' id='word_1_633' title='bbox 1520 2209 1684 2237; x_wconf 87' lang='lat' dir='ltr'><strong><em>sacerdotali</em></strong></span> <span class='ocrx_word' id='word_1_634' title='bbox 1705 2206 1820 2245; x_wconf 73' lang='lat' dir='ltr'><strong><em>funditus</em></strong></span> 
     </span>
    </p>
   </div>
   <div class='ocr_carea' id='block_1_92' title="bbox 205 2253 989 2287">
    <p class='ocr_par' dir='ltr' id='par_1_92' title="bbox 205 2253 989 2287">
     <span class='ocr_line' id='line_1_92' title="bbox 205 2253 989 2287; baseline 0.003 -7"><span class='ocrx_word' id='word_1_635' title='bbox 205 2262 272 2281; x_wconf 69' lang='lat' dir='ltr'><strong><em>mete</em></strong></span> <span class='ocrx_word' id='word_1_636' title='bbox 289 2254 392 2281; x_wconf 91' lang='lat' dir='ltr'><strong><em>cultum</em></strong></span> <span class='ocrx_word' id='word_1_637' title='bbox 410 2253 538 2281; x_wconf 80' lang='lat' dir='ltr'><strong><em>decenter</em></strong></span> <span class='ocrx_word' id='word_1_638' title='bbox 560 2254 680 2287; x_wconf 80' lang='lat' dir='ltr'><strong><em>exhibui,</em></strong></span> <span class='ocrx_word' id='word_1_639' title='bbox 699 2254 765 2281; x_wconf 84' lang='lat' dir='ltr'><strong><em>nihil</em></strong></span> <span class='ocrx_word' id='word_1_640' title='bbox 789 2255 863 2282; x_wconf 89' lang='lat' dir='ltr'><strong><em>aliud</em></strong></span> <span class='ocrx_word' id='word_1_641' title='bbox 882 2255 989 2287; x_wconf 80' lang='lat' dir='ltr'><strong><em>volens.</em></strong></span> 
     </span>
    </p>
   </div>
   <div class='ocr_carea' id='block_1_93' title="bbox 204 2300 991 2336">
    <p class='ocr_par' dir='ltr' id='par_1_93' title="bbox 204 2300 991 2336">
     <span class='ocr_line' id='line_1_93' title="bbox 204 2300 991 2336; baseline 0.003 -9"><span class='ocrx_word' id='word_1_642' title='bbox 204 2308 287 2334; x_wconf 85' lang='lat' dir='ltr'><strong><em>quam</em></strong></span> <span class='ocrx_word' id='word_1_643' title='bbox 303 2300 478 2327; x_wconf 89' lang='lat' dir='ltr'><strong><em>concordiam</em></strong></span> <span class='ocrx_word' id='word_1_644' title='bbox 494 2301 620 2328; x_wconf 89' lang='lat' dir='ltr'><strong><em>omnibus</em></strong></span> <span class='ocrx_word' id='word_1_645' title='bbox 643 2300 788 2333; x_wconf 87' lang='lat' dir='ltr'><strong><em>fabricare,</em></strong></span> <span class='ocrx_word' id='word_1_646' title='bbox 802 2306 829 2328; x_wconf 88' lang='lat' dir='ltr'><strong><em>et</em></strong></span> <span class='ocrx_word' id='word_1_647' title='bbox 850 2309 905 2336; x_wconf 74' lang='lat' dir='ltr'><strong><em>pra:</em></strong></span> <span class='ocrx_word' id='word_1_648' title='bbox 922 2309 991 2329; x_wconf 91' lang='lat' dir='ltr'><strong><em>cun-</em></strong></span> 
     </span>
    </p>
   </div>
   <div class='ocr_carea' id='block_1_94' title="bbox 203 2346 989 2380">
    <p class='ocr_par' dir='ltr' id='par_1_94' title="bbox 203 2346 989 2380">
     <span class='ocr_line' id='line_1_94' title="bbox 203 2346 989 2380; baseline 0.003 -8"><span class='ocrx_word' id='word_1_649' title='bbox 203 2346 257 2373; x_wconf 88' lang='lat' dir='ltr'><strong><em>ctis</em></strong></span> <span class='ocrx_word' id='word_1_650' title='bbox 275 2353 399 2380; x_wconf 80' lang='lat' dir='ltr'><strong><em>arguere,</em></strong></span> <span class='ocrx_word' id='word_1_651' title='bbox 419 2350 446 2373; x_wconf 90' lang='lat' dir='ltr'><strong><em>et</em></strong></span> <span class='ocrx_word' id='word_1_652' title='bbox 462 2353 601 2373; x_wconf 85' lang='lat' dir='ltr'><strong><em>removere</em></strong></span> <span class='ocrx_word' id='word_1_653' title='bbox 615 2346 685 2374; x_wconf 89' lang='lat' dir='ltr'><strong><em>hanc</em></strong></span> <span class='ocrx_word' id='word_1_654' title='bbox 701 2346 890 2374; x_wconf 89' lang='lat' dir='ltr'><strong><em>insidiantium</em></strong></span> <span class='ocrx_word' id='word_1_655' title='bbox 905 2348 989 2375; x_wconf 89' lang='lat' dir='ltr'><strong><em>alter-</em></strong></span> 
     </span>
    </p>
   </div>
   <div class='ocr_carea' id='block_1_95' title="bbox 203 2391 990 2426">
    <p class='ocr_par' dir='ltr' id='par_1_95' title="bbox 203 2391 990 2426">
     <span class='ocr_line' id='line_1_95' title="bbox 203 2391 990 2426; baseline 0.006 -9"><span class='ocrx_word' id='word_1_656' title='bbox 203 2391 348 2418; x_wconf 89' lang='lat' dir='ltr'><strong><em>cationem.</em></strong></span> <span class='ocrx_word' id='word_1_657' title='bbox 366 2391 439 2424; x_wconf 87' lang='lat' dir='ltr'><strong><em>Quas</em></strong></span> <span class='ocrx_word' id='word_1_658' title='bbox 456 2391 633 2426; x_wconf 65' lang='lat' dir='ltr'><strong><em>praeﬁdentes</em></strong></span> <span class='ocrx_word' id='word_1_659' title='bbox 650 2393 738 2420; x_wconf 89' lang='lat' dir='ltr'><strong><em>sancti</em></strong></span> <span class='ocrx_word' id='word_1_660' title='bbox 755 2392 852 2420; x_wconf 90' lang='lat' dir='ltr'><strong><em>Patres</em></strong></span> <span class='ocrx_word' id='word_1_661' title='bbox 875 2394 990 2422; x_wconf 89' lang='lat' dir='ltr'><strong><em>insidias</em></strong></span> 
     </span>
    </p>
   </div>
   <div class='ocr_carea' id='block_1_96' title="bbox 203 2437 990 2472">
    <p class='ocr_par' dir='ltr' id='par_1_96' title="bbox 203 2437 990 2472">
     <span class='ocr_line' id='line_1_96' title="bbox 203 2437 990 2472; baseline 0.005 -9"><span class='ocrx_word' id='word_1_662' title='bbox 203 2440 231 2464; x_wconf 86' lang='lat' dir='ltr'><strong><em>et</em></strong></span> <span class='ocrx_word' id='word_1_663' title='bbox 245 2437 447 2469; x_wconf 87' lang='lat' dir='ltr'><strong><em>altercationes,</em></strong></span> <span class='ocrx_word' id='word_1_664' title='bbox 457 2437 621 2465; x_wconf 87' lang='lat' dir='ltr'><strong><em>unanimiter</em></strong></span> <span class='ocrx_word' id='word_1_665' title='bbox 635 2438 662 2465; x_wconf 91' lang='lat' dir='ltr'><strong><em>in</em></strong></span> <span class='ocrx_word' id='word_1_666' title='bbox 674 2438 802 2472; x_wconf 56' lang='lat' dir='ltr'><strong><em>praadicta</em></strong></span> <span class='ocrx_word' id='word_1_667' title='bbox 811 2438 919 2466; x_wconf 65' lang='lat' dir='ltr'><strong><em>Nicarna</em></strong></span> <span class='ocrx_word' id='word_1_668' title='bbox 934 2444 990 2467; x_wconf 92' lang='lat' dir='ltr'><strong><em>sta-</em></strong></span> 
     </span>
    </p>
   </div>
   <div class='ocr_carea' id='block_1_97' title="bbox 204 2483 989 2520">
    <p class='ocr_par' dir='ltr' id='par_1_97' title="bbox 204 2483 989 2520">
     <span class='ocr_line' id='line_1_97' title="bbox 204 2483 989 2520; baseline 0.003 -10"><span class='ocrx_word' id='word_1_669' title='bbox 204 2487 316 2511; x_wconf 87' lang='lat' dir='ltr'><strong><em>tuerunt</em></strong></span> <span class='ocrx_word' id='word_1_670' title='bbox 332 2483 446 2518; x_wconf 84' lang='lat' dir='ltr'><strong><em>synodo,</em></strong></span> <span class='ocrx_word' id='word_1_671' title='bbox 466 2487 496 2510; x_wconf 90' lang='lat' dir='ltr'><strong><em>ut</em></strong></span> <span class='ocrx_word' id='word_1_672' title='bbox 516 2483 606 2510; x_wconf 90' lang='lat' dir='ltr'><strong><em>nullus</em></strong></span> <span class='ocrx_word' id='word_1_673' title='bbox 623 2484 777 2518; x_wconf 89' lang='lat' dir='ltr'><strong><em>episcopus,</em></strong></span> <span class='ocrx_word' id='word_1_674' title='bbox 796 2484 850 2512; x_wconf 91' lang='lat' dir='ltr'><strong><em>nisi</em></strong></span> <span class='ocrx_word' id='word_1_675' title='bbox 874 2485 901 2512; x_wconf 93' lang='lat' dir='ltr'><strong><em>in</em></strong></span> <span class='ocrx_word' id='word_1_676' title='bbox 923 2485 989 2520; x_wconf 78' lang='lat' dir='ltr'><strong><em>legi-</em></strong></span> 
     </span>
    </p>
   </div>
   <div class='ocr_carea' id='block_1_98' title="bbox 203 2528 989 2564">
    <p class='ocr_par' dir='ltr' id='par_1_98' title="bbox 203 2528 989 2564">
     <span class='ocr_line' id='line_1_98' title="bbox 203 2528 989 2564; baseline 0.004 -9"><span class='ocrx_word' id='word_1_677' title='bbox 203 2529 269 2555; x_wconf 86' lang='lat' dir='ltr'><strong><em>tima</em></strong></span> <span class='ocrx_word' id='word_1_678' title='bbox 285 2528 398 2564; x_wconf 84' lang='lat' dir='ltr'><strong><em>synodo.</em></strong></span> <span class='ocrx_word' id='word_1_679' title='bbox 414 2532 441 2555; x_wconf 85' lang='lat' dir='ltr'><strong><em>et</em></strong></span> <span class='ocrx_word' id='word_1_680' title='bbox 455 2536 505 2556; x_wconf 91' lang='lat' dir='ltr'><strong><em>suo</em></strong></span> <span class='ocrx_word' id='word_1_681' title='bbox 520 2533 641 2563; x_wconf 88' lang='lat' dir='ltr'><strong><em>tempore</em></strong></span> <span class='ocrx_word' id='word_1_682' title='bbox 657 2530 808 2563; x_wconf 87' lang='lat' dir='ltr'><strong><em>apostolica</em></strong></span> <span class='ocrx_word' id='word_1_683' title='bbox 825 2530 989 2558; x_wconf 85' lang='lat' dir='ltr'><strong><em>auctoritate</em></strong></span> 
     </span>
    </p>
   </div>
   <div class='ocr_carea' id='block_1_99' title="bbox 203 2574 988 2610">
    <p class='ocr_par' dir='ltr' id='par_1_99' title="bbox 203 2574 988 2610">
     <span class='ocr_line' id='line_1_99' title="bbox 203 2574 988 2610; baseline 0.004 -10"><span class='ocrx_word' id='word_1_684' title='bbox 203 2577 364 2605; x_wconf 86' lang='lat' dir='ltr'><strong><em>convocata,</em></strong></span> <span class='ocrx_word' id='word_1_685' title='bbox 381 2577 462 2608; x_wconf 83' lang='lat' dir='ltr'><strong><em>super</em></strong></span> <span class='ocrx_word' id='word_1_686' title='bbox 477 2574 641 2608; x_wconf 84' lang='lat' dir='ltr'><strong><em>quibusdam</em></strong></span> <span class='ocrx_word' id='word_1_687' title='bbox 661 2575 898 2603; x_wconf 86' lang='lat' dir='ltr'><strong><em>criminationibus</em></strong></span> <span class='ocrx_word' id='word_1_688' title='bbox 925 2577 988 2610; x_wconf 91' lang='lat' dir='ltr'><strong><em>pul-</em></strong></span> 
     </span>
    </p>
   </div>
   <div class='ocr_carea' id='block_1_100' title="bbox 204 2620 987 2656">
    <p class='ocr_par' dir='ltr' id='par_1_100' title="bbox 204 2620 987 2656">
     <span class='ocr_line' id='line_1_100' title="bbox 204 2620 987 2656; baseline 0.003 -10"><span class='ocrx_word' id='word_1_689' title='bbox 204 2624 279 2647; x_wconf 86' lang='lat' dir='ltr'><strong><em>satus</em></strong></span> <span class='ocrx_word' id='word_1_690' title='bbox 293 2620 429 2653; x_wconf 88' lang='lat' dir='ltr'><strong><em>audiatur,</em></strong></span> <span class='ocrx_word' id='word_1_691' title='bbox 444 2620 470 2647; x_wconf 91' lang='lat' dir='ltr'><strong><em>id</em></strong></span> <span class='ocrx_word' id='word_1_692' title='bbox 485 2624 536 2654; x_wconf 90' lang='lat' dir='ltr'><strong><em>est,</em></strong></span> <span class='ocrx_word' id='word_1_693' title='bbox 550 2621 697 2656; x_wconf 88' lang='lat' dir='ltr'><strong><em>judicetur,</em></strong></span> <span class='ocrx_word' id='word_1_694' title='bbox 714 2622 756 2648; x_wconf 86' lang='lat' dir='ltr'><strong><em>vel</em></strong></span> <span class='ocrx_word' id='word_1_695' title='bbox 769 2621 924 2649; x_wconf 84' lang='lat' dir='ltr'><strong><em>damnetur.</em></strong></span> <span class='ocrx_word' id='word_1_696' title='bbox 940 2622 987 2648; x_wconf 88' lang='lat' dir='ltr'><strong><em>Sin</em></strong></span> 
     </span>
    </p>
   </div>
   <div class='ocr_carea' id='block_1_101' title="bbox 239 2696 554 2729">
    <p class='ocr_par' dir='ltr' id='par_1_101' title="bbox 239 2696 554 2729">
     <span class='ocr_line' id='line_1_101' title="bbox 239 2696 554 2729; baseline 0.006 -6"><span class='ocrx_word' id='word_1_697' title='bbox 239 2697 262 2712; x_wconf 89' lang='grc'>⁷⁰</span> <span class='ocrx_word' id='word_1_698' title='bbox 280 2696 331 2724; x_wconf 78' lang='lat' dir='ltr'><strong><em>Joh</em></strong></span> <span class='ocrx_word' id='word_1_699' title='bbox 349 2705 430 2729; x_wconf 62' lang='grc' dir='ltr'>χχιχ,</span> <span class='ocrx_word' id='word_1_700' title='bbox 461 2698 554 2726; x_wconf 78' lang='grc' dir='ltr'><strong><em>Η-Π.</em></strong></span> 
     </span>
    </p>
   </div>
   <div class='ocr_carea' id='block_1_102' title="bbox 604 2698 933 2734">
    <p class='ocr_par' dir='ltr' id='par_1_102' title="bbox 604 2698 933 2734">
     <span class='ocr_line' id='line_1_102' title="bbox 604 2698 933 2734; baseline 0.003 -8"><span class='ocrx_word' id='word_1_701' title='bbox 604 2699 625 2715; x_wconf 85' lang='grc'><strong><em>⁷¹</em></strong></span> <span class='ocrx_word' id='word_1_702' title='bbox 643 2698 694 2727; x_wconf 81' lang='lat' dir='ltr'><strong><em>Job</em></strong></span> <span class='ocrx_word' id='word_1_703' title='bbox 720 2707 802 2734; x_wconf 61' lang='lat' dir='ltr'><strong><em>aut,</em></strong></span> <span class='ocrx_word' id='word_1_704' title='bbox 834 2699 933 2727; x_wconf 80' lang='grc'><strong><em>16-18.</em></strong></span> 
     </span>
    </p>
   </div>
   <div class='ocr_carea' id='block_1_103' title="bbox 203 2730 470 2765">
    <p class='ocr_par' dir='ltr' id='par_1_103' title="bbox 203 2730 470 2765">
     <span class='ocr_line' id='line_1_103' title="bbox 203 2730 470 2765; baseline 0.007 -8"><span class='ocrx_word' id='word_1_705' title='bbox 203 2730 227 2748; x_wconf 83' lang='grc'><strong><em>⁷⁸</em></strong></span> <span class='ocrx_word' id='word_1_706' title='bbox 246 2731 317 2759; x_wconf 88' lang='lat' dir='ltr'><strong><em>Psal.</em></strong></span> <span class='ocrx_word' id='word_1_707' title='bbox 336 2740 426 2765; x_wconf 77' lang='lat' dir='ltr'><strong><em>eux,</em></strong></span> <span class='ocrx_word' id='word_1_708' title='bbox 446 2733 470 2759; x_wconf 81' lang='grc'><strong><em>1.</em></strong></span> 
     </span>
    </p>
   </div>
   <div class='ocr_carea' id='block_1_104' title="bbox 241 2820 556 2856">
    <p class='ocr_par' dir='ltr' id='par_1_104' title="bbox 241 2820 556 2856">
     <span class='ocr_line' id='line_1_104' title="bbox 241 2820 556 2856; baseline 0.01 -10"><span class='ocrx_word' id='word_1_709' title='bbox 241 2820 296 2855; x_wconf 74' lang='grc'>(55)</span> <span class='ocrx_word' id='word_1_710' title='bbox 312 2820 448 2848; x_wconf 86' lang='lat' dir='ltr'><strong><em>inuocem.</em></strong></span> <span class='ocrx_word' id='word_1_711' title='bbox 465 2829 508 2856; x_wconf 87' lang='lat' dir='ltr'><strong><em>ep.</em></strong></span> <span class='ocrx_word' id='word_1_712' title='bbox 529 2821 556 2848; x_wconf 73' lang='lat'><strong><em>2.</em></strong></span> 
     </span>
    </p>
   </div>
   <div class='ocr_carea' id='block_1_105' title="bbox 987 2699 1244 2732">
    <p class='ocr_par' dir='ltr' id='par_1_105' title="bbox 987 2699 1244 2732">
     <span class='ocr_line' id='line_1_105' title="bbox 987 2699 1244 2732; baseline 0 -6"><span class='ocrx_word' id='word_1_713' title='bbox 987 2700 1010 2716; x_wconf 74' lang='grc' dir='ltr'><strong><em>τ’</em></strong></span> <span class='ocrx_word' id='word_1_714' title='bbox 1029 2699 1040 2726; x_wconf 90' lang='lat' dir='ltr'><strong>l</strong></span> <span class='ocrx_word' id='word_1_715' title='bbox 1060 2699 1130 2727; x_wconf 89' lang='lat' dir='ltr'><strong><em>Tim.</em></strong></span> <span class='ocrx_word' id='word_1_716' title='bbox 1156 2708 1182 2732; x_wconf 92' lang='lat' dir='ltr'><strong><em>v,</em></strong></span> <span class='ocrx_word' id='word_1_717' title='bbox 1218 2700 1244 2726; x_wconf 75' lang='grc' dir='ltr'><strong><em>ί.</em></strong></span> 
     </span>
    </p>
   </div>
   <div class='ocr_carea' id='block_1_106' title="bbox 1042 2253 1818 2289">
    <p class='ocr_par' dir='ltr' id='par_1_106' title="bbox 1042 2253 1818 2289">
     <span class='ocr_line' id='line_1_106' title="bbox 1042 2253 1818 2289; baseline -0.003 -9"><span class='ocrx_word' id='word_1_718' title='bbox 1042 2257 1200 2280; x_wconf 83' lang='lat' dir='ltr'><strong><em>avertantur</em></strong></span> <span class='ocrx_word' id='word_1_719' title='bbox 1211 2257 1385 2281; x_wconf 89' lang='lat' dir='ltr'><strong><em>nocumento.</em></strong></span> <span class='ocrx_word' id='word_1_720' title='bbox 1396 2253 1473 2287; x_wconf 88' lang='lat' dir='ltr'><strong><em>Ecce,</em></strong></span> <span class='ocrx_word' id='word_1_721' title='bbox 1486 2254 1573 2289; x_wconf 89' lang='lat' dir='ltr'><strong><em>inquit</em></strong></span> <span class='ocrx_word' id='word_1_722' title='bbox 1587 2253 1730 2289; x_wconf 85' lang='lat' dir='ltr'><strong><em>Propheta,</em></strong></span> <span class='ocrx_word' id='word_1_723' title='bbox 1745 2258 1818 2287; x_wconf 86' lang='lat' dir='ltr'><strong><em>quam</em></strong></span> 
     </span>
    </p>
   </div>
   <div class='ocr_carea' id='block_1_107' title="bbox 1042 2288 1819 2339">
    <p class='ocr_par' dir='ltr' id='par_1_107' title="bbox 1042 2288 1819 2339">
     <span class='ocr_line' id='line_1_107' title="bbox 1042 2288 1819 2339; baseline -0.001 -14"><span class='ocrx_word' id='word_1_724' title='bbox 1042 2298 1137 2326; x_wconf 84' lang='lat' dir='ltr'><strong><em>bonum</em></strong></span> <span class='ocrx_word' id='word_1_725' title='bbox 1147 2303 1171 2325; x_wconf 89' lang='lat' dir='ltr'><strong><em>et</em></strong></span> <span class='ocrx_word' id='word_1_726' title='bbox 1179 2307 1257 2334; x_wconf 84' lang='lat' dir='ltr'><strong><em>quant</em></strong></span> <span class='ocrx_word' id='word_1_727' title='bbox 1265 2299 1413 2333; x_wconf 82' lang='lat' dir='ltr'><strong><em>jucundum</em></strong></span> <span class='ocrx_word' id='word_1_728' title='bbox 1425 2300 1545 2327; x_wconf 85' lang='lat' dir='ltr'><strong><em>habitare</em></strong></span> <span class='ocrx_word' id='word_1_729' title='bbox 1557 2301 1653 2335; x_wconf 85' lang='lat' dir='ltr'><strong><em>fratres</em></strong></span> <span class='ocrx_word' id='word_1_730' title='bbox 1666 2301 1691 2327; x_wconf 89' lang='lat' dir='ltr'><strong><em>in</em></strong></span> <span class='ocrx_word' id='word_1_731' title='bbox 1703 2306 1777 2326; x_wconf 87' lang='lat' dir='ltr'><strong><em>unum</em></strong></span> <span class='ocrx_word' id='word_1_732' title='bbox 1785 2288 1819 2339; x_wconf 42' lang='lat'><strong><em>&quot;.1</em></strong></span> 
     </span>
    </p>
   </div>
   <div class='ocr_carea' id='block_1_108' title="bbox 1041 2343 1817 2381">
    <p class='ocr_par' dir='ltr' id='par_1_108' title="bbox 1041 2343 1817 2381">
     <span class='ocr_line' id='line_1_108' title="bbox 1041 2343 1817 2381; baseline 0 -11"><span class='ocrx_word' id='word_1_733' title='bbox 1041 2343 1081 2370; x_wconf 86' lang='lat' dir='ltr'><strong><em>Illi</em></strong></span> <span class='ocrx_word' id='word_1_734' title='bbox 1104 2352 1168 2372; x_wconf 89' lang='lat' dir='ltr'><strong><em>vero</em></strong></span> <span class='ocrx_word' id='word_1_735' title='bbox 1190 2353 1244 2372; x_wconf 86' lang='lat' dir='ltr'><strong><em>non</em></strong></span> <span class='ocrx_word' id='word_1_736' title='bbox 1261 2345 1289 2372; x_wconf 89' lang='lat' dir='ltr'><strong><em>in</em></strong></span> <span class='ocrx_word' id='word_1_737' title='bbox 1311 2353 1394 2373; x_wconf 91' lang='lat' dir='ltr'><strong><em>unum</em></strong></span> <span class='ocrx_word' id='word_1_738' title='bbox 1415 2346 1549 2378; x_wconf 87' lang='lat' dir='ltr'><strong><em>habitant,</em></strong></span> <span class='ocrx_word' id='word_1_739' title='bbox 1567 2347 1613 2381; x_wconf 81' lang='lat' dir='ltr'><strong><em>qui</em></strong></span> <span class='ocrx_word' id='word_1_740' title='bbox 1632 2355 1647 2373; x_wconf 88' lang='lat' dir='ltr'><strong><em>a</em></strong></span> <span class='ocrx_word' id='word_1_741' title='bbox 1668 2345 1775 2372; x_wconf 88' lang='lat' dir='ltr'><strong><em>fratrum</em></strong></span> <span class='ocrx_word' id='word_1_742' title='bbox 1791 2349 1817 2379; x_wconf 66' lang='lat' dir='ltr'><strong><em>se</em></strong></span> 
     </span>
    </p>
   </div>
   <div class='ocr_carea' id='block_1_109' title="bbox 1040 2381 1816 2426">
    <p class='ocr_par' dir='ltr' id='par_1_109' title="bbox 1040 2381 1816 2426">
     <span class='ocr_line' id='line_1_109' title="bbox 1040 2381 1816 2426; baseline -0.003 -10"><span class='ocrx_word' id='word_1_743' title='bbox 1040 2390 1138 2416; x_wconf 87' lang='lat' dir='ltr'><strong><em>solatio</em></strong></span> <span class='ocrx_word' id='word_1_744' title='bbox 1149 2390 1324 2423; x_wconf 87' lang='lat' dir='ltr'><strong><em>subtrahunt,</em></strong></span> <span class='ocrx_word' id='word_1_745' title='bbox 1335 2395 1382 2418; x_wconf 90' lang='lat' dir='ltr'><strong><em>aut</em></strong></span> <span class='ocrx_word' id='word_1_746' title='bbox 1394 2391 1523 2419; x_wconf 85' lang='lat' dir='ltr'><strong><em>fratribus</em></strong></span> <span class='ocrx_word' id='word_1_747' title='bbox 1536 2392 1651 2419; x_wconf 87' lang='lat' dir='ltr'><strong><em>insidias</em></strong></span> <span class='ocrx_word' id='word_1_748' title='bbox 1662 2381 1816 2426; x_wconf 36' lang='lat' dir='ltr'><strong><em>praiparant.‘</em></strong></span> 
     </span>
    </p>
   </div>
   <div class='ocr_carea' id='block_1_110' title="bbox 1041 2434 1814 2473">
    <p class='ocr_par' dir='ltr' id='par_1_110' title="bbox 1041 2434 1814 2473">
     <span class='ocr_line' id='line_1_110' title="bbox 1041 2434 1814 2473; baseline -0.003 -11"><span class='ocrx_word' id='word_1_749' title='bbox 1041 2434 1101 2462; x_wconf 86' lang='lat' dir='ltr'><strong><em>Non</em></strong></span> <span class='ocrx_word' id='word_1_750' title='bbox 1116 2436 1204 2468; x_wconf 84' lang='lat' dir='ltr'><strong><em>aliter,</em></strong></span> <span class='ocrx_word' id='word_1_751' title='bbox 1224 2437 1332 2468; x_wconf 85' lang='lat' dir='ltr'><strong><em>fratres,</em></strong></span> <span class='ocrx_word' id='word_1_752' title='bbox 1350 2445 1398 2464; x_wconf 91' lang='lat' dir='ltr'><strong><em>vos</em></strong></span> <span class='ocrx_word' id='word_1_753' title='bbox 1418 2438 1558 2472; x_wconf 90' lang='lat' dir='ltr'><strong><em>patiamini</em></strong></span> <span class='ocrx_word' id='word_1_754' title='bbox 1580 2443 1692 2473; x_wconf 85' lang='lat' dir='ltr'><strong><em>peccato</em></strong></span> <span class='ocrx_word' id='word_1_755' title='bbox 1705 2434 1814 2472; x_wconf 79' lang='lat' dir='ltr'><strong><em>gravari,</em></strong></span> 
     </span>
    </p>
   </div>
   <div class='ocr_carea' id='block_1_111' title="bbox 1042 2478 1814 2517">
    <p class='ocr_par' dir='ltr' id='par_1_111' title="bbox 1042 2478 1814 2517">
     <span class='ocr_line' id='line_1_111' title="bbox 1042 2478 1814 2517; baseline 0 -7"><span class='ocrx_word' id='word_1_756' title='bbox 1042 2481 1106 2516; x_wconf 86' lang='lat' dir='ltr'><strong><em>quia</em></strong></span> <span class='ocrx_word' id='word_1_757' title='bbox 1121 2478 1193 2516; x_wconf 85' lang='lat' dir='ltr'><strong><em>quod</em></strong></span> <span class='ocrx_word' id='word_1_758' title='bbox 1210 2491 1323 2511; x_wconf 88' lang='lat' dir='ltr'><strong><em>necesse</em></strong></span> <span class='ocrx_word' id='word_1_759' title='bbox 1335 2487 1386 2517; x_wconf 88' lang='lat' dir='ltr'><strong><em>est,</em></strong></span> <span class='ocrx_word' id='word_1_760' title='bbox 1404 2491 1454 2511; x_wconf 89' lang='lat' dir='ltr'><strong><em>nos</em></strong></span> <span class='ocrx_word' id='word_1_761' title='bbox 1467 2483 1558 2511; x_wconf 86' lang='lat' dir='ltr'><strong><em>dicere</em></strong></span> <span class='ocrx_word' id='word_1_762' title='bbox 1575 2491 1710 2515; x_wconf 84' lang='lat' dir='ltr'><strong><em>veremur,</em></strong></span> <span class='ocrx_word' id='word_1_763' title='bbox 1727 2481 1752 2508; x_wconf 90' lang='lat' dir='ltr'><strong><em>id</em></strong></span> <span class='ocrx_word' id='word_1_764' title='bbox 1766 2483 1814 2510; x_wconf 67' lang='lat' dir='ltr'><strong><em>est.</em></strong></span> 
     </span>
    </p>
   </div>
   <div class='ocr_carea' id='block_1_112' title="bbox 1042 2529 1814 2565">
    <p class='ocr_par' dir='ltr' id='par_1_112' title="bbox 1042 2529 1814 2565">
     <span class='ocr_line' id='line_1_112' title="bbox 1042 2529 1814 2565; baseline -0.004 -11"><span class='ocrx_word' id='word_1_765' title='bbox 1042 2535 1077 2554; x_wconf 89' lang='lat' dir='ltr'><strong><em>ne</em></strong></span> <span class='ocrx_word' id='word_1_766' title='bbox 1091 2529 1169 2563; x_wconf 91' lang='lat' dir='ltr'><strong><em>cujus</em></strong></span> <span class='ocrx_word' id='word_1_767' title='bbox 1188 2529 1283 2564; x_wconf 77' lang='lat' dir='ltr'><strong><em>religio</em></strong></span> <span class='ocrx_word' id='word_1_768' title='bbox 1298 2529 1457 2565; x_wconf 89' lang='lat' dir='ltr'><strong><em>dissipatur,</em></strong></span> <span class='ocrx_word' id='word_1_769' title='bbox 1479 2530 1629 2564; x_wconf 80' lang='lat' dir='ltr'><strong><em>indignatio</em></strong></span> <span class='ocrx_word' id='word_1_770' title='bbox 1651 2531 1814 2564; x_wconf 81' lang='lat' dir='ltr'><strong><em>provocetur.</em></strong></span> 
     </span>
    </p>
   </div>
   <div class='ocr_carea' id='block_1_113' title="bbox 1041 2572 1814 2607">
    <p class='ocr_par' dir='ltr' id='par_1_113' title="bbox 1041 2572 1814 2607">
     <span class='ocr_line' id='line_1_113' title="bbox 1041 2572 1814 2607; baseline -0.005 -8"><span class='ocrx_word' id='word_1_771' title='bbox 1041 2572 1101 2600; x_wconf 83' lang='lat' dir='ltr'><strong><em>Prae</em></strong></span> <span class='ocrx_word' id='word_1_772' title='bbox 1120 2575 1208 2602; x_wconf 89' lang='lat' dir='ltr'><strong><em>oculis</em></strong></span> <span class='ocrx_word' id='word_1_773' title='bbox 1231 2575 1337 2607; x_wconf 87' lang='lat' dir='ltr'><strong><em>habete,</em></strong></span> <span class='ocrx_word' id='word_1_774' title='bbox 1359 2580 1385 2602; x_wconf 92' lang='lat' dir='ltr'><strong><em>et</em></strong></span> <span class='ocrx_word' id='word_1_775' title='bbox 1402 2579 1457 2601; x_wconf 85' lang='lat' dir='ltr'><strong><em>tota</em></strong></span> <span class='ocrx_word' id='word_1_776' title='bbox 1473 2575 1573 2602; x_wconf 88' lang='lat' dir='ltr'><strong><em>mentis</em></strong></span> <span class='ocrx_word' id='word_1_777' title='bbox 1599 2575 1657 2601; x_wconf 91' lang='lat' dir='ltr'><strong><em>acie</em></strong></span> <span class='ocrx_word' id='word_1_778' title='bbox 1671 2575 1814 2601; x_wconf 82' lang='lat' dir='ltr'><strong><em>reverenter</em></strong></span> 
     </span>
    </p>
   </div>
   <div class='ocr_carea' id='block_1_114' title="bbox 1042 2619 1813 2655">
    <p class='ocr_par' dir='ltr' id='par_1_114' title="bbox 1042 2619 1813 2655">
     <span class='ocr_line' id='line_1_114' title="bbox 1042 2619 1813 2655; baseline -0.008 -8"><span class='ocrx_word' id='word_1_779' title='bbox 1042 2619 1166 2654; x_wconf 81' lang='lat' dir='ltr'><strong><em>aspicite,</em></strong></span> <span class='ocrx_word' id='word_1_780' title='bbox 1185 2621 1255 2649; x_wconf 89' lang='lat' dir='ltr'><strong><em>beati</em></strong></span> <span class='ocrx_word' id='word_1_781' title='bbox 1271 2621 1344 2648; x_wconf 74' lang='lat' dir='ltr'><strong><em>Petri</em></strong></span> <span class='ocrx_word' id='word_1_782' title='bbox 1360 2621 1485 2655; x_wconf 80' lang='lat' dir='ltr'><strong><em>gloriam,</em></strong></span> <span class='ocrx_word' id='word_1_783' title='bbox 1502 2624 1528 2646; x_wconf 89' lang='lat' dir='ltr'><strong><em>et</em></strong></span> <span class='ocrx_word' id='word_1_784' title='bbox 1547 2628 1609 2647; x_wconf 89' lang='lat' dir='ltr'><strong><em>cum</em></strong></span> <span class='ocrx_word' id='word_1_785' title='bbox 1625 2620 1684 2654; x_wconf 89' lang='lat' dir='ltr'><strong><em>ipso</em></strong></span> <span class='ocrx_word' id='word_1_786' title='bbox 1701 2622 1813 2645; x_wconf 89' lang='lat' dir='ltr'><strong><em>commu-</em></strong></span> 
     </span>
    </p>
   </div>
   <div class='ocr_carea' id='block_1_115' title="bbox 1312 2692 1813 2729">
    <p class='ocr_par' dir='ltr' id='par_1_115' title="bbox 1312 2692 1813 2729">
     <span class='ocr_line' id='line_1_115' title="bbox 1312 2692 1813 2729; baseline -0.012 -4"><span class='ocrx_word' id='word_1_787' title='bbox 1312 2699 1335 2715; x_wconf 82' lang='grc'>⁷³</span> <span class='ocrx_word' id='word_1_788' title='bbox 1355 2697 1450 2725; x_wconf 81' lang='lat' dir='ltr'><strong><em>Matth.</em></strong></span> <span class='ocrx_word' id='word_1_789' title='bbox 1469 2706 1533 2729; x_wconf 77' lang='lat' dir='ltr'><strong><em>xw,</em></strong></span> <span class='ocrx_word' id='word_1_790' title='bbox 1553 2699 1596 2724; x_wconf 79' lang='lat' dir='ltr'><strong><em>l8.</em></strong></span> <span class='ocrx_word' id='word_1_791' title='bbox 1649 2697 1671 2712; x_wconf 78' lang='lat'>&quot;</span> <span class='ocrx_word' id='word_1_792' title='bbox 1694 2695 1758 2722; x_wconf 89' lang='lat' dir='ltr'><strong><em>ibid.</em></strong></span> <span class='ocrx_word' id='word_1_793' title='bbox 1772 2692 1813 2720; x_wconf 64' lang='lat'><strong><em>59.</em></strong></span> 
     </span>
    </p>
   </div>
   <div class='ocr_carea' id='block_1_116' title="bbox 1074 2819 1724 2856">
    <p class='ocr_par' dir='ltr' id='par_1_116' title="bbox 1074 2819 1724 2856">
     <span class='ocr_line' id='line_1_116' title="bbox 1074 2819 1724 2856; baseline 0.003 -10"><span class='ocrx_word' id='word_1_794' title='bbox 1074 2819 1129 2855; x_wconf 81' lang='lat'><strong><em>(56)</em></strong></span> <span class='ocrx_word' id='word_1_795' title='bbox 1146 2819 1174 2847; x_wconf 94' lang='lat' dir='ltr'><strong><em>ln</em></strong></span> <span class='ocrx_word' id='word_1_796' title='bbox 1190 2819 1319 2848; x_wconf 89' lang='lat' dir='ltr'><strong><em>decretali</em></strong></span> <span class='ocrx_word' id='word_1_797' title='bbox 1335 2821 1457 2856; x_wconf 74' lang='lat' dir='ltr'><strong><em>epistola</em></strong></span> <span class='ocrx_word' id='word_1_798' title='bbox 1472 2820 1619 2849; x_wconf 89' lang='lat' dir='ltr'><strong><em>Eleutherii</em></strong></span> <span class='ocrx_word' id='word_1_799' title='bbox 1639 2826 1724 2855; x_wconf 60' lang='lat' dir='ltr'><strong><em>papae.</em></strong></span> 
     </span>
    </p>
   </div>
  </div>
