  <div class='ocr_page' id='page_1' title='image "/cluster/home/n/w/nwhite01/storage/ocr_20150623/28/njp.32101007506148/744.png"; bbox 0 0 1926 3068; ppageno 0'>
   <div class='ocr_carea' id='block_1_1' title="bbox 84 163 150 197">
    <p class='ocr_par' dir='ltr' id='par_1_1' title="bbox 84 163 150 197">
     <span class='ocr_line' id='line_1_1' title="bbox 84 163 150 197; baseline 0.015 -1"><span class='ocrx_word' id='word_1_1' title='bbox 84 163 150 197; x_wconf 69' lang='lat' dir='ltr'><strong>n55</strong></span> 
     </span>
    </p>
   </div>
   <div class='ocr_carea' id='block_1_2' title="bbox 534 162 1243 198">
    <p class='ocr_par' dir='ltr' id='par_1_2' title="bbox 534 162 1243 198">
     <span class='ocr_line' id='line_1_2' title="bbox 534 162 1243 198; baseline -0.001 -1"><span class='ocrx_word' id='word_1_2' title='bbox 534 164 666 197; x_wconf 69' lang='lat' dir='ltr'><strong>PONTIF.</strong></span> <span class='ocrx_word' id='word_1_3' title='bbox 687 167 769 198; x_wconf 76' lang='lat' dir='ltr'><strong>ROM.</strong></span> <span class='ocrx_word' id='word_1_4' title='bbox 791 170 834 197; x_wconf 84' lang='lat' dir='ltr'><strong>ET</strong></span> <span class='ocrx_word' id='word_1_5' title='bbox 853 168 1035 197; x_wconf 81' lang='lat' dir='ltr'><strong>ATllANASll</strong></span> <span class='ocrx_word' id='word_1_6' title='bbox 1054 162 1243 197; x_wconf 72' lang='lat' dir='ltr'><strong>EPISTOL/E.</strong></span> 
     </span>
    </p>
   </div>
   <div class='ocr_carea' id='block_1_3' title="bbox 1628 162 1699 197">
    <p class='ocr_par' dir='ltr' id='par_1_3' title="bbox 1628 162 1699 197">
     <span class='ocr_line' id='line_1_3' title="bbox 1628 162 1699 197; baseline 0.028 -2"><span class='ocrx_word' id='word_1_7' title='bbox 1628 162 1699 197; x_wconf 66' lang='lat' dir='ltr'><strong>ttat</strong></span> 
     </span>
    </p>
   </div>
   <div class='ocr_carea' id='block_1_4' title="bbox 82 220 1700 264">
    <p class='ocr_par' dir='ltr' id='par_1_4' title="bbox 82 220 1700 264">
     <span class='ocr_line' id='line_1_4' title="bbox 82 220 1700 264; baseline 0.001 -10"><span class='ocrx_word' id='word_1_8' title='bbox 82 235 130 256; x_wconf 83' lang='lat' dir='ltr'><strong>nes</strong></span> <span class='ocrx_word' id='word_1_9' title='bbox 144 226 264 254; x_wconf 92' lang='lat' dir='ltr'><strong>omnium</strong></span> <span class='ocrx_word' id='word_1_10' title='bbox 287 227 470 262; x_wconf 79' lang='lat' dir='ltr'><strong>apostolorum</strong></span> <span class='ocrx_word' id='word_1_11' title='bbox 494 235 620 261; x_wconf 79' lang='lat' dir='ltr'><strong>coronas,</strong></span> <span class='ocrx_word' id='word_1_12' title='bbox 645 220 863 264; x_wconf 86' lang='lat' dir='ltr'><strong>cunctornmque</strong></span> <span class='ocrx_word' id='word_1_13' title='bbox 877 232 900 260; x_wconf 84' lang='grc' dir='ltr'><strong>Α</strong></span> <span class='ocrx_word' id='word_1_14' title='bbox 913 234 966 256; x_wconf 90' lang='lat' dir='ltr'><strong>tur.</strong></span> <span class='ocrx_word' id='word_1_15' title='bbox 982 228 1065 261; x_wconf 87' lang='lat' dir='ltr'><strong>Nam,</strong></span> <span class='ocrx_word' id='word_1_16' title='bbox 1079 229 1146 256; x_wconf 79' lang='lat' dir='ltr'><strong>sicut</strong></span> <span class='ocrx_word' id='word_1_17' title='bbox 1156 229 1183 255; x_wconf 89' lang='lat' dir='ltr'><strong>in</strong></span> <span class='ocrx_word' id='word_1_18' title='bbox 1198 236 1249 255; x_wconf 88' lang='lat' dir='ltr'><strong>uno</strong></span> <span class='ocrx_word' id='word_1_19' title='bbox 1264 236 1370 262; x_wconf 84' lang='lat' dir='ltr'><strong>corpore</strong></span> <span class='ocrx_word' id='word_1_20' title='bbox 1385 228 1501 256; x_wconf 82' lang='lat' dir='ltr'><strong>membra</strong></span> <span class='ocrx_word' id='word_1_21' title='bbox 1519 227 1605 254; x_wconf 83' lang='lat' dir='ltr'><strong>multa</strong></span> <span class='ocrx_word' id='word_1_22' title='bbox 1620 226 1700 256; x_wconf 80' lang='lat' dir='ltr'><strong>habe-</strong></span> 
     </span>
    </p>
   </div>
   <div class='ocr_carea' id='block_1_5' title="bbox 82 273 861 309">
    <p class='ocr_par' dir='ltr' id='par_1_5' title="bbox 82 273 861 309">
     <span class='ocr_line' id='line_1_5' title="bbox 82 273 861 309; baseline 0.003 -9"><span class='ocrx_word' id='word_1_23' title='bbox 82 277 229 308; x_wconf 88' lang='lat' dir='ltr'><strong>martyrtnn</strong></span> <span class='ocrx_word' id='word_1_24' title='bbox 253 273 367 307; x_wconf 78' lang='lat' dir='ltr'><strong>palmas,</strong></span> <span class='ocrx_word' id='word_1_25' title='bbox 390 274 436 308; x_wconf 90' lang='lat' dir='ltr'><strong>qui</strong></span> <span class='ocrx_word' id='word_1_26' title='bbox 464 281 512 309; x_wconf 91' lang='lat' dir='ltr'><strong>pro</strong></span> <span class='ocrx_word' id='word_1_27' title='bbox 536 274 652 301; x_wconf 86' lang='lat' dir='ltr'><strong>fratrum</strong></span> <span class='ocrx_word' id='word_1_28' title='bbox 674 283 728 302; x_wconf 93' lang='lat' dir='ltr'><strong>non</strong></span> <span class='ocrx_word' id='word_1_29' title='bbox 752 275 861 302; x_wconf 88' lang='lat' dir='ltr'><strong>destru-</strong></span> 
     </span>
    </p>
   </div>
   <div class='ocr_carea' id='block_1_6' title="bbox 81 319 862 350">
    <p class='ocr_par' dir='ltr' id='par_1_6' title="bbox 81 319 862 350">
     <span class='ocr_line' id='line_1_6' title="bbox 81 319 862 350; baseline 0.004 -4"><span class='ocrx_word' id='word_1_30' title='bbox 81 319 180 350; x_wconf 85' lang='lat' dir='ltr'><strong>ctione,</strong></span> <span class='ocrx_word' id='word_1_31' title='bbox 205 319 253 346; x_wconf 91' lang='lat' dir='ltr'><strong>sed</strong></span> <span class='ocrx_word' id='word_1_32' title='bbox 277 320 480 347; x_wconf 89' lang='lat' dir='ltr'><strong>conﬁrmatione</strong></span> <span class='ocrx_word' id='word_1_33' title='bbox 505 324 532 348; x_wconf 87' lang='lat' dir='ltr'><strong>et</strong></span> <span class='ocrx_word' id='word_1_34' title='bbox 559 321 673 348; x_wconf 82' lang='lat' dir='ltr'><strong>veritate</strong></span> <span class='ocrx_word' id='word_1_35' title='bbox 699 321 726 348; x_wconf 90' lang='lat' dir='ltr'><strong>in</strong></span> <span class='ocrx_word' id='word_1_36' title='bbox 752 322 862 349; x_wconf 88' lang='lat' dir='ltr'><strong>Christo</strong></span> 
     </span>
    </p>
   </div>
   <div class='ocr_carea' id='block_1_7' title="bbox 82 365 249 400">
    <p class='ocr_par' dir='ltr' id='par_1_7' title="bbox 82 365 249 400">
     <span class='ocr_line' id='line_1_7' title="bbox 82 365 249 400; baseline 0 -8"><span class='ocrx_word' id='word_1_37' title='bbox 82 365 154 400; x_wconf 82' lang='lat' dir='ltr'><strong>passi</strong></span> <span class='ocrx_word' id='word_1_38' title='bbox 174 369 249 392; x_wconf 89' lang='lat' dir='ltr'><strong>sunt.</strong></span> 
     </span>
    </p>
   </div>
   <div class='ocr_carea' id='block_1_8' title="bbox 117 411 862 447">
    <p class='ocr_par' dir='ltr' id='par_1_8' title="bbox 117 411 862 447">
     <span class='ocr_line' id='line_1_8' title="bbox 117 411 862 447; baseline 0.004 -10"><span class='ocrx_word' id='word_1_39' title='bbox 117 411 143 438; x_wconf 72' lang='grc'><strong>4.</strong></span> <span class='ocrx_word' id='word_1_40' title='bbox 161 411 216 438; x_wconf 86' lang='lat' dir='ltr'><strong>Nos</strong></span> <span class='ocrx_word' id='word_1_41' title='bbox 224 419 298 446; x_wconf 79' lang='lat' dir='ltr'><strong>ergo,</strong></span> <span class='ocrx_word' id='word_1_42' title='bbox 310 412 355 446; x_wconf 89' lang='lat' dir='ltr'><strong>qui</strong></span> <span class='ocrx_word' id='word_1_43' title='bbox 373 411 478 439; x_wconf 90' lang='lat' dir='ltr'><strong>Domini</strong></span> <span class='ocrx_word' id='word_1_44' title='bbox 490 411 628 447; x_wconf 84' lang='lat' dir='ltr'><strong>discipuli,</strong></span> <span class='ocrx_word' id='word_1_45' title='bbox 643 416 669 439; x_wconf 91' lang='lat' dir='ltr'><strong>et</strong></span> <span class='ocrx_word' id='word_1_46' title='bbox 683 412 747 445; x_wconf 90' lang='lat' dir='ltr'><strong>dici,</strong></span> <span class='ocrx_word' id='word_1_47' title='bbox 762 417 788 439; x_wconf 87' lang='lat' dir='ltr'><strong>et</strong></span> <span class='ocrx_word' id='word_1_48' title='bbox 802 420 862 441; x_wconf 85' lang='lat' dir='ltr'><strong>esse</strong></span> 
     </span>
    </p>
   </div>
   <div class='ocr_carea' id='block_1_9' title="bbox 82 457 862 493">
    <p class='ocr_par' dir='ltr' id='par_1_9' title="bbox 82 457 862 493">
     <span class='ocr_line' id='line_1_9' title="bbox 82 457 862 493; baseline 0.003 -10"><span class='ocrx_word' id='word_1_49' title='bbox 82 457 217 488; x_wconf 63' lang='lat' dir='ltr'><strong>Volumus,</strong></span> <span class='ocrx_word' id='word_1_50' title='bbox 234 461 343 491; x_wconf 89' lang='lat' dir='ltr'><strong>portare</strong></span> <span class='ocrx_word' id='word_1_51' title='bbox 358 465 466 484; x_wconf 90' lang='lat' dir='ltr'><strong>crucem</strong></span> <span class='ocrx_word' id='word_1_52' title='bbox 481 457 594 490; x_wconf 77' lang='lat' dir='ltr'><strong>Christi,</strong></span> <span class='ocrx_word' id='word_1_53' title='bbox 612 462 638 485; x_wconf 92' lang='lat' dir='ltr'><strong>et</strong></span> <span class='ocrx_word' id='word_1_54' title='bbox 653 458 769 493; x_wconf 92' lang='lat' dir='ltr'><strong>compati</strong></span> <span class='ocrx_word' id='word_1_55' title='bbox 785 458 862 486; x_wconf 84' lang='lat' dir='ltr'><strong>fratri</strong></span> 
     </span>
    </p>
   </div>
   <div class='ocr_carea' id='block_1_10' title="bbox 81 498 860 539">
    <p class='ocr_par' dir='ltr' id='par_1_10' title="bbox 81 498 860 539">
     <span class='ocr_line' id='line_1_10' title="bbox 81 498 860 539; baseline 0.004 -11"><span class='ocrx_word' id='word_1_56' title='bbox 81 498 221 532; x_wconf 90' lang='lat' dir='ltr'><strong>debemus,</strong></span> <span class='ocrx_word' id='word_1_57' title='bbox 249 507 275 528; x_wconf 90' lang='lat' dir='ltr'><strong>et</strong></span> <span class='ocrx_word' id='word_1_58' title='bbox 300 511 354 529; x_wconf 90' lang='lat' dir='ltr'><strong>non</strong></span> <span class='ocrx_word' id='word_1_59' title='bbox 376 503 512 538; x_wconf 86' lang='lat' dir='ltr'><strong>persequi.</strong></span> <span class='ocrx_word' id='word_1_60' title='bbox 528 502 695 536; x_wconf 87' lang='lat' dir='ltr'><strong>Sttblrahite,</strong></span> <span class='ocrx_word' id='word_1_61' title='bbox 722 508 860 539; x_wconf 75' lang='lat' dir='ltr'><strong>rogamus,</strong></span> 
     </span>
    </p>
   </div>
   <div class='ocr_carea' id='block_1_11' title="bbox 82 548 861 583">
    <p class='ocr_par' dir='ltr' id='par_1_11' title="bbox 82 548 861 583">
     <span class='ocr_line' id='line_1_11' title="bbox 82 548 861 583; baseline 0.003 -9"><span class='ocrx_word' id='word_1_62' title='bbox 82 552 158 575; x_wconf 88' lang='lat' dir='ltr'><strong>actus</strong></span> <span class='ocrx_word' id='word_1_63' title='bbox 186 548 418 583; x_wconf 79' lang='lat' dir='ltr'><strong>cogitationesque</strong></span> <span class='ocrx_word' id='word_1_64' title='bbox 433 556 447 575; x_wconf 94' lang='lat' dir='ltr'><strong>a</strong></span> <span class='ocrx_word' id='word_1_65' title='bbox 461 549 559 576; x_wconf 85' lang='lat' dir='ltr'><strong>talibus</strong></span> <span class='ocrx_word' id='word_1_66' title='bbox 575 550 756 582; x_wconf 86' lang='lat' dir='ltr'><strong>nocumentis,</strong></span> <span class='ocrx_word' id='word_1_67' title='bbox 770 550 792 576; x_wconf 89' lang='lat' dir='ltr'><strong>si</strong></span> <span class='ocrx_word' id='word_1_68' title='bbox 808 558 861 576; x_wconf 90' lang='lat' dir='ltr'><strong>non</strong></span> 
     </span>
    </p>
   </div>
   <div class='ocr_carea' id='block_1_12' title="bbox 82 594 861 630">
    <p class='ocr_par' dir='ltr' id='par_1_12' title="bbox 82 594 861 630">
     <span class='ocr_line' id='line_1_12' title="bbox 82 594 861 630; baseline 0.004 -11"><span class='ocrx_word' id='word_1_69' title='bbox 82 594 164 621; x_wconf 83' lang='lat' dir='ltr'><strong>vultis</strong></span> <span class='ocrx_word' id='word_1_70' title='bbox 180 594 265 629; x_wconf 85' lang='lat' dir='ltr'><strong>ipsam</strong></span> <span class='ocrx_word' id='word_1_71' title='bbox 289 596 426 629; x_wconf 82' lang='lat' dir='ltr'><strong>suscipere</strong></span> <span class='ocrx_word' id='word_1_72' title='bbox 450 595 478 623; x_wconf 91' lang='lat' dir='ltr'><strong>in</strong></span> <span class='ocrx_word' id='word_1_73' title='bbox 503 603 551 622; x_wconf 91' lang='lat' dir='ltr'><strong>vos</strong></span> <span class='ocrx_word' id='word_1_74' title='bbox 568 594 708 628; x_wconf 83' lang='lat' dir='ltr'><strong>ultionem,</strong></span> <span class='ocrx_word' id='word_1_75' title='bbox 734 596 861 630; x_wconf 91' lang='lat' dir='ltr'><strong>quoniam</strong></span> 
     </span>
    </p>
   </div>
   <div class='ocr_carea' id='block_1_13' title="bbox 81 635 862 675">
    <p class='ocr_par' dir='ltr' id='par_1_13' title="bbox 81 635 862 675">
     <span class='ocr_line' id='line_1_13' title="bbox 81 635 862 675; baseline 0.001 -9"><span class='ocrx_word' id='word_1_76' title='bbox 81 640 208 666; x_wconf 87' lang='lat' dir='ltr'><strong>talionem</strong></span> <span class='ocrx_word' id='word_1_77' title='bbox 230 643 358 671; x_wconf 89' lang='lat' dir='ltr'><strong>meretur,</strong></span> <span class='ocrx_word' id='word_1_78' title='bbox 380 639 426 674; x_wconf 91' lang='lat' dir='ltr'><strong>qui</strong></span> <span class='ocrx_word' id='word_1_79' title='bbox 449 638 526 666; x_wconf 81' lang='lat' dir='ltr'><strong>fratri</strong></span> <span class='ocrx_word' id='word_1_80' title='bbox 543 639 647 667; x_wconf 89' lang='lat' dir='ltr'><strong>foveam</strong></span> <span class='ocrx_word' id='word_1_81' title='bbox 667 644 812 675; x_wconf 80' lang='lat' dir='ltr'><strong>praeparat.</strong></span> <span class='ocrx_word' id='word_1_82' title='bbox 830 635 862 667; x_wconf 81' lang='lat' dir='ltr'><strong>Et</strong></span> 
     </span>
    </p>
   </div>
   <div class='ocr_carea' id='block_1_14' title="bbox 81 680 861 721">
    <p class='ocr_par' dir='ltr' id='par_1_14' title="bbox 81 680 861 721">
     <span class='ocr_line' id='line_1_14' title="bbox 81 680 861 721; baseline 0.003 -9"><span class='ocrx_word' id='word_1_83' title='bbox 81 693 130 712; x_wconf 90' lang='lat' dir='ltr'><strong>vos</strong></span> <span class='ocrx_word' id='word_1_84' title='bbox 146 686 244 712; x_wconf 84' lang='lat' dir='ltr'><strong>scitote</strong></span> <span class='ocrx_word' id='word_1_85' title='bbox 266 685 393 721; x_wconf 84' lang='lat' dir='ltr'><strong>deinceps</strong></span> <span class='ocrx_word' id='word_1_86' title='bbox 417 685 490 712; x_wconf 91' lang='lat' dir='ltr'><strong>hunc</strong></span> <span class='ocrx_word' id='word_1_87' title='bbox 507 680 561 721; x_wconf 77' lang='lat'><strong>(57)</strong></span> <span class='ocrx_word' id='word_1_88' title='bbox 586 685 698 720; x_wconf 88' lang='lat' dir='ltr'><strong>typhum</strong></span> <span class='ocrx_word' id='word_1_89' title='bbox 721 693 776 713; x_wconf 90' lang='lat' dir='ltr'><strong>non</strong></span> <span class='ocrx_word' id='word_1_90' title='bbox 801 694 861 714; x_wconf 88' lang='lat' dir='ltr'><strong>esse</strong></span> 
     </span>
    </p>
   </div>
   <div class='ocr_carea' id='block_1_15' title="bbox 82 729 861 765">
    <p class='ocr_par' dir='ltr' id='par_1_15' title="bbox 82 729 861 765">
     <span class='ocr_line' id='line_1_15' title="bbox 82 729 861 765; baseline 0.003 -10"><span class='ocrx_word' id='word_1_91' title='bbox 82 736 222 763; x_wconf 83' lang='lat' dir='ltr'><strong>passuros,</strong></span> <span class='ocrx_word' id='word_1_92' title='bbox 237 733 265 756; x_wconf 87' lang='lat' dir='ltr'><strong>ut</strong></span> <span class='ocrx_word' id='word_1_93' title='bbox 280 737 322 762; x_wconf 89' lang='lat' dir='ltr'><strong>ea,</strong></span> <span class='ocrx_word' id='word_1_94' title='bbox 337 737 397 765; x_wconf 60' lang='lat' dir='ltr'><strong>quae</strong></span> <span class='ocrx_word' id='word_1_95' title='bbox 413 729 446 756; x_wconf 85' lang='lat' dir='ltr'><strong>ad</strong></span> <span class='ocrx_word' id='word_1_96' title='bbox 467 730 538 756; x_wconf 90' lang='lat' dir='ltr'><strong>hanc</strong></span> <span class='ocrx_word' id='word_1_97' title='bbox 560 730 716 764; x_wconf 88' lang='lat' dir='ltr'><strong>specialiter</strong></span> <span class='ocrx_word' id='word_1_98' title='bbox 739 733 861 758; x_wconf 88' lang='lat' dir='ltr'><strong>sanctam</strong></span> 
     </span>
    </p>
   </div>
   <div class='ocr_carea' id='block_1_16' title="bbox 83 774 862 809">
    <p class='ocr_par' dir='ltr' id='par_1_16' title="bbox 83 774 862 809">
     <span class='ocr_line' id='line_1_16' title="bbox 83 774 862 809; baseline 0 -8"><span class='ocrx_word' id='word_1_99' title='bbox 83 774 219 808; x_wconf 87' lang='lat' dir='ltr'><strong>pertinent</strong></span> <span class='ocrx_word' id='word_1_100' title='bbox 236 774 337 805; x_wconf 86' lang='lat' dir='ltr'><strong>sedem,</strong></span> <span class='ocrx_word' id='word_1_101' title='bbox 351 775 421 802; x_wconf 90' lang='lat' dir='ltr'><strong>sicut</strong></span> <span class='ocrx_word' id='word_1_102' title='bbox 433 775 537 809; x_wconf 88' lang='lat' dir='ltr'><strong>judicia</strong></span> <span class='ocrx_word' id='word_1_103' title='bbox 552 775 754 809; x_wconf 87' lang='lat' dir='ltr'><strong>episcoporum,</strong></span> <span class='ocrx_word' id='word_1_104' title='bbox 767 781 793 803; x_wconf 91' lang='lat' dir='ltr'><strong>et</strong></span> <span class='ocrx_word' id='word_1_105' title='bbox 805 783 862 802; x_wconf 87' lang='lat' dir='ltr'><strong>ma-</strong></span> 
     </span>
    </p>
   </div>
   <div class='ocr_carea' id='block_1_17' title="bbox 79 819 862 856">
    <p class='ocr_par' dir='ltr' id='par_1_17' title="bbox 79 819 862 856">
     <span class='ocr_line' id='line_1_17' title="bbox 79 819 862 856; baseline 0.004 -10"><span class='ocrx_word' id='word_1_106' title='bbox 79 819 154 853; x_wconf 84' lang='lat' dir='ltr'><strong>jores</strong></span> <span class='ocrx_word' id='word_1_107' title='bbox 167 827 275 852; x_wconf 83' lang='lat' dir='ltr'><strong>causas,</strong></span> <span class='ocrx_word' id='word_1_108' title='bbox 291 824 320 847; x_wconf 90' lang='lat' dir='ltr'><strong>ut</strong></span> <span class='ocrx_word' id='word_1_109' title='bbox 335 821 415 855; x_wconf 91' lang='lat' dir='ltr'><strong>paulo</strong></span> <span class='ocrx_word' id='word_1_110' title='bbox 429 821 552 856; x_wconf 86' lang='lat' dir='ltr'><strong>superius</strong></span> <span class='ocrx_word' id='word_1_111' title='bbox 563 822 733 855; x_wconf 66' lang='lat' dir='ltr'><strong>przelibatum</strong></span> <span class='ocrx_word' id='word_1_112' title='bbox 746 825 798 852; x_wconf 83' lang='lat' dir='ltr'><strong>est.</strong></span> <span class='ocrx_word' id='word_1_113' title='bbox 814 828 862 850; x_wconf 77' lang='lat' dir='ltr'><strong>vos</strong></span> 
     </span>
    </p>
   </div>
   <div class='ocr_carea' id='block_1_18' title="bbox 81 865 860 901">
    <p class='ocr_par' dir='ltr' id='par_1_18' title="bbox 81 865 860 901">
     <span class='ocr_line' id='line_1_18' title="bbox 81 865 860 901; baseline 0.004 -10"><span class='ocrx_word' id='word_1_114' title='bbox 81 865 223 900; x_wconf 85' lang='lat' dir='ltr'><strong>patiamini</strong></span> <span class='ocrx_word' id='word_1_115' title='bbox 240 866 318 893; x_wconf 84' lang='lat' dir='ltr'><strong>nobis</strong></span> <span class='ocrx_word' id='word_1_116' title='bbox 336 866 498 893; x_wconf 84' lang='lat' dir='ltr'><strong>inconsultis</strong></span> <span class='ocrx_word' id='word_1_117' title='bbox 514 866 642 893; x_wconf 86' lang='lat' dir='ltr'><strong>invadere</strong></span> <span class='ocrx_word' id='word_1_118' title='bbox 656 867 758 901; x_wconf 84' lang='lat' dir='ltr'><strong>absque</strong></span> <span class='ocrx_word' id='word_1_119' title='bbox 777 868 860 894; x_wconf 89' lang='lat' dir='ltr'><strong>vestri</strong></span> 
     </span>
    </p>
   </div>
   <div class='ocr_carea' id='block_1_19' title="bbox 913 272 1699 307">
    <p class='ocr_par' dir='ltr' id='par_1_19' title="bbox 913 272 1699 307">
     <span class='ocr_line' id='line_1_19' title="bbox 913 272 1699 307; baseline -0.001 -5"><span class='ocrx_word' id='word_1_120' title='bbox 913 283 981 307; x_wconf 82' lang='lat' dir='ltr'><strong>mus,</strong></span> <span class='ocrx_word' id='word_1_121' title='bbox 998 275 1087 301; x_wconf 80' lang='lat' dir='ltr'><strong>omnia</strong></span> <span class='ocrx_word' id='word_1_122' title='bbox 1105 279 1191 301; x_wconf 88' lang='lat' dir='ltr'><strong>autem</strong></span> <span class='ocrx_word' id='word_1_123' title='bbox 1205 274 1319 302; x_wconf 82' lang='lat' dir='ltr'><strong>membra</strong></span> <span class='ocrx_word' id='word_1_124' title='bbox 1336 282 1385 300; x_wconf 87' lang='lat' dir='ltr'><strong>non</strong></span> <span class='ocrx_word' id='word_1_125' title='bbox 1399 272 1518 301; x_wconf 79' lang='lat' dir='ltr'><strong>“eumdem</strong></span> <span class='ocrx_word' id='word_1_126' title='bbox 1541 279 1629 300; x_wconf 83' lang='lat' dir='ltr'><strong>actum</strong></span> <span class='ocrx_word' id='word_1_127' title='bbox 1650 274 1699 301; x_wconf 84' lang='lat' dir='ltr'><strong>Itu-</strong></span> 
     </span>
    </p>
   </div>
   <div class='ocr_carea' id='block_1_20' title="bbox 913 319 1698 355">
    <p class='ocr_par' dir='ltr' id='par_1_20' title="bbox 913 319 1698 355">
     <span class='ocr_line' id='line_1_20' title="bbox 913 319 1698 355; baseline 0.001 -8"><span class='ocrx_word' id='word_1_128' title='bbox 913 321 982 352; x_wconf 83' lang='lat' dir='ltr'><strong>bent,</strong></span> <span class='ocrx_word' id='word_1_129' title='bbox 1003 321 1040 347; x_wconf 88' lang='lat' dir='ltr'><strong>ita</strong></span> <span class='ocrx_word' id='word_1_130' title='bbox 1054 321 1131 347; x_wconf 80' lang='lat' dir='ltr'><strong>multi</strong></span> <span class='ocrx_word' id='word_1_131' title='bbox 1146 329 1227 347; x_wconf 84' lang='lat' dir='ltr'><strong>unum</strong></span> <span class='ocrx_word' id='word_1_132' title='bbox 1242 329 1335 355; x_wconf 81' lang='lat' dir='ltr'><strong>corpus</strong></span> <span class='ocrx_word' id='word_1_133' title='bbox 1349 328 1439 347; x_wconf 82' lang='lat' dir='ltr'><strong>sumus</strong></span> <span class='ocrx_word' id='word_1_134' title='bbox 1454 321 1481 346; x_wconf 85' lang='lat' dir='ltr'><strong>in</strong></span> <span class='ocrx_word' id='word_1_135' title='bbox 1501 319 1617 347; x_wconf 74' lang='lat' dir='ltr'><strong>Christo.</strong></span> <span class='ocrx_word' id='word_1_136' title='bbox 1636 320 1698 348; x_wconf 78' lang='lat' dir='ltr'><strong>Sin—</strong></span> 
     </span>
    </p>
   </div>
   <div class='ocr_carea' id='block_1_21' title="bbox 912 365 1697 402">
    <p class='ocr_par' dir='ltr' id='par_1_21' title="bbox 912 365 1697 402">
     <span class='ocr_line' id='line_1_21' title="bbox 912 365 1697 402; baseline 0.003 -10"><span class='ocrx_word' id='word_1_137' title='bbox 912 367 967 402; x_wconf 86' lang='lat' dir='ltr'><strong>guli</strong></span> <span class='ocrx_word' id='word_1_138' title='bbox 982 370 1079 398; x_wconf 77' lang='lat' dir='ltr'><strong>autem,</strong></span> <span class='ocrx_word' id='word_1_139' title='bbox 1091 367 1159 393; x_wconf 83' lang='lat' dir='ltr'><strong>alter</strong></span> <span class='ocrx_word' id='word_1_140' title='bbox 1170 366 1278 393; x_wconf 78' lang='lat' dir='ltr'><strong>alterius</strong></span> <span class='ocrx_word' id='word_1_141' title='bbox 1287 367 1402 393; x_wconf 78' lang='lat' dir='ltr'><strong>membra</strong></span> <span class='ocrx_word' id='word_1_142' title='bbox 1413 365 1445 392; x_wconf 83' lang='lat'><strong>&quot;&#39;.</strong></span> <span class='ocrx_word' id='word_1_143' title='bbox 1459 365 1602 394; x_wconf 81' lang='lat' dir='ltr'><strong>Contextio</strong></span> <span class='ocrx_word' id='word_1_144' title='bbox 1613 367 1697 395; x_wconf 85' lang='lat' dir='ltr'><strong>totius</strong></span> 
     </span>
    </p>
   </div>
   <div class='ocr_carea' id='block_1_22' title="bbox 912 411 1699 445">
    <p class='ocr_par' dir='ltr' id='par_1_22' title="bbox 912 411 1699 445">
     <span class='ocr_line' id='line_1_22' title="bbox 912 411 1699 445; baseline 0 -7"><span class='ocrx_word' id='word_1_145' title='bbox 912 411 1045 445; x_wconf 90' lang='lat' dir='ltr'><strong>corporis,</strong></span> <span class='ocrx_word' id='word_1_146' title='bbox 1070 418 1151 437; x_wconf 92' lang='lat' dir='ltr'><strong>unam</strong></span> <span class='ocrx_word' id='word_1_147' title='bbox 1175 411 1330 442; x_wconf 86' lang='lat' dir='ltr'><strong>sanitatem,</strong></span> <span class='ocrx_word' id='word_1_148' title='bbox 1358 418 1438 437; x_wconf 91' lang='lat' dir='ltr'><strong>unam</strong></span> <span class='ocrx_word' id='word_1_149' title='bbox 1465 411 1699 445; x_wconf 85' lang='lat' dir='ltr'><strong>pulchritudinem</strong></span> 
     </span>
    </p>
   </div>
   <div class='ocr_carea' id='block_1_23' title="bbox 902 455 1700 491">
    <p class='ocr_par' dir='ltr' id='par_1_23' title="bbox 902 455 1700 491">
     <span class='ocr_line' id='line_1_23' title="bbox 902 455 1700 491; baseline 0 -9"><span class='ocrx_word' id='word_1_150' title='bbox 902 455 987 483; x_wconf 81' lang='lat' dir='ltr'><strong>&#39;facit.</strong></span> <span class='ocrx_word' id='word_1_151' title='bbox 1002 455 1035 482; x_wconf 88' lang='lat' dir='ltr'><strong>Et</strong></span> <span class='ocrx_word' id='word_1_152' title='bbox 1047 456 1104 483; x_wconf 59' lang='lat' dir='ltr'><strong>hac</strong></span> <span class='ocrx_word' id='word_1_153' title='bbox 1117 455 1227 490; x_wconf 83' lang='lat' dir='ltr'><strong>quidem</strong></span> <span class='ocrx_word' id='word_1_154' title='bbox 1245 456 1384 484; x_wconf 88' lang='lat' dir='ltr'><strong>contextio</strong></span> <span class='ocrx_word' id='word_1_155' title='bbox 1395 455 1616 491; x_wconf 85' lang='lat' dir='ltr'><strong>totius&#39;corporis</strong></span> <span class='ocrx_word' id='word_1_156' title='bbox 1631 463 1700 483; x_wconf 90' lang='lat' dir='ltr'><strong>una-</strong></span> 
     </span>
    </p>
   </div>
   <div class='ocr_carea' id='block_1_24' title="bbox 912 501 1698 538">
    <p class='ocr_par' dir='ltr' id='par_1_24' title="bbox 912 501 1698 538">
     <span class='ocr_line' id='line_1_24' title="bbox 912 501 1698 538; baseline 0.003 -10"><span class='ocrx_word' id='word_1_157' title='bbox 912 502 1063 529; x_wconf 86' lang='lat' dir='ltr'><strong>nimitatem</strong></span> <span class='ocrx_word' id='word_1_158' title='bbox 1075 501 1201 536; x_wconf 80' lang='lat' dir='ltr'><strong>requirit,</strong></span> <span class='ocrx_word' id='word_1_159' title='bbox 1216 502 1262 529; x_wconf 87' lang='lat' dir='ltr'><strong>sed</strong></span> <span class='ocrx_word' id='word_1_160' title='bbox 1274 502 1408 538; x_wconf 80' lang='lat' dir='ltr'><strong>praecipue</strong></span> <span class='ocrx_word' id='word_1_161' title='bbox 1417 502 1501 537; x_wconf 76' lang='lat' dir='ltr'><strong>exigit</strong></span> <span class='ocrx_word' id='word_1_162' title='bbox 1523 503 1698 530; x_wconf 79' lang='lat' dir='ltr'><strong>concordiam</strong></span> 
     </span>
    </p>
   </div>
   <div class='ocr_carea' id='block_1_25' title="bbox 913 547 1699 582">
    <p class='ocr_par' dir='ltr' id='par_1_25' title="bbox 913 547 1699 582">
     <span class='ocr_line' id='line_1_25' title="bbox 913 547 1699 582; baseline 0.003 -8"><span class='ocrx_word' id='word_1_163' title='bbox 913 547 1097 574; x_wconf 87' lang='lat' dir='ltr'><strong>sacerdotum.</strong></span> <span class='ocrx_word' id='word_1_164' title='bbox 1120 547 1226 580; x_wconf 82' lang='lat' dir='ltr'><strong>Quibus</strong></span> <span class='ocrx_word' id='word_1_165' title='bbox 1247 547 1297 575; x_wconf 87' lang='lat' dir='ltr'><strong>etsi</strong></span> <span class='ocrx_word' id='word_1_166' title='bbox 1319 548 1437 582; x_wconf 80' lang='lat' dir='ltr'><strong>dignitas</strong></span> <span class='ocrx_word' id='word_1_167' title='bbox 1462 550 1616 578; x_wconf 85' lang='lat' dir='ltr'><strong>communis</strong></span> <span class='ocrx_word' id='word_1_168' title='bbox 1643 557 1699 577; x_wconf 90' lang='lat' dir='ltr'><strong>non</strong></span> 
     </span>
    </p>
   </div>
   <div class='ocr_carea' id='block_1_26' title="bbox 913 592 1700 627">
    <p class='ocr_par' dir='ltr' id='par_1_26' title="bbox 913 592 1700 627">
     <span class='ocr_line' id='line_1_26' title="bbox 913 592 1700 627; baseline 0.003 -8"><span class='ocrx_word' id='word_1_169' title='bbox 913 596 970 624; x_wconf 90' lang='lat' dir='ltr'><strong>est,</strong></span> <span class='ocrx_word' id='word_1_170' title='bbox 990 595 1082 619; x_wconf 87' lang='lat' dir='ltr'><strong>tamen</strong></span> <span class='ocrx_word' id='word_1_171' title='bbox 1109 592 1176 619; x_wconf 77' lang='lat' dir='ltr'><strong>ordo</strong></span> <span class='ocrx_word' id='word_1_172' title='bbox 1198 592 1332 627; x_wconf 80' lang='lat' dir='ltr'><strong>generalis</strong></span> <span class='ocrx_word' id='word_1_173' title='bbox 1356 595 1407 619; x_wconf 86' lang='lat' dir='ltr'><strong>est.</strong></span> <span class='ocrx_word' id='word_1_174' title='bbox 1428 592 1561 625; x_wconf 81' lang='lat' dir='ltr'><strong>Quoniam</strong></span> <span class='ocrx_word' id='word_1_175' title='bbox 1581 598 1608 621; x_wconf 91' lang='lat' dir='ltr'><strong>et</strong></span> <span class='ocrx_word' id='word_1_176' title='bbox 1629 594 1700 622; x_wconf 90' lang='lat' dir='ltr'><strong>inter</strong></span> 
     </span>
    </p>
   </div>
   <div class='ocr_carea' id='block_1_27' title="bbox 913 638 1699 673">
    <p class='ocr_par' dir='ltr' id='par_1_27' title="bbox 913 638 1699 673">
     <span class='ocr_line' id='line_1_27' title="bbox 913 638 1699 673; baseline 0.003 -8"><span class='ocrx_word' id='word_1_177' title='bbox 913 638 1084 665; x_wconf 76' lang='lat' dir='ltr'><strong>beatiSSlmos</strong></span> <span class='ocrx_word' id='word_1_178' title='bbox 1104 639 1253 673; x_wconf 83' lang='lat' dir='ltr'><strong>apostolos,</strong></span> <span class='ocrx_word' id='word_1_179' title='bbox 1271 638 1298 665; x_wconf 94' lang='lat' dir='ltr'><strong>in</strong></span> <span class='ocrx_word' id='word_1_180' title='bbox 1318 638 1496 666; x_wconf 87' lang='lat' dir='ltr'><strong>similitudine</strong></span> <span class='ocrx_word' id='word_1_181' title='bbox 1516 639 1630 667; x_wconf 84' lang='lat' dir='ltr'><strong>honoris</strong></span> <span class='ocrx_word' id='word_1_182' title='bbox 1645 640 1699 667; x_wconf 81' lang='lat' dir='ltr'><strong>fuit</strong></span> 
     </span>
    </p>
   </div>
   <div class='ocr_carea' id='block_1_28' title="bbox 914 683 1700 722">
    <p class='ocr_par' dir='ltr' id='par_1_28' title="bbox 914 683 1700 722">
     <span class='ocr_line' id='line_1_28' title="bbox 914 683 1700 722; baseline 0.004 -12"><span class='ocrx_word' id='word_1_183' title='bbox 914 684 1036 718; x_wconf 72' lang='lat' dir='ltr'><strong>quaedam</strong></span> <span class='ocrx_word' id='word_1_184' title='bbox 1060 683 1190 711; x_wconf 89' lang='lat' dir='ltr'><strong>discretio</strong></span> <span class='ocrx_word' id='word_1_185' title='bbox 1205 684 1358 718; x_wconf 87' lang='lat' dir='ltr'><strong>potestatis,</strong></span> <span class='ocrx_word' id='word_1_186' title='bbox 1376 688 1402 712; x_wconf 87' lang='lat' dir='ltr'><strong>et</strong></span> <span class='ocrx_word' id='word_1_187' title='bbox 1425 692 1488 712; x_wconf 91' lang='lat' dir='ltr'><strong>cum</strong></span> <span class='ocrx_word' id='word_1_188' title='bbox 1509 686 1630 713; x_wconf 70' lang='lat' dir='ltr'><strong>annium</strong></span> <span class='ocrx_word' id='word_1_189' title='bbox 1649 689 1700 722; x_wconf 88' lang='lat' dir='ltr'><strong>par‘</strong></span> 
     </span>
    </p>
   </div>
   <div class='ocr_carea' id='block_1_29' title="bbox 914 727 1701 764">
    <p class='ocr_par' dir='ltr' id='par_1_29' title="bbox 914 727 1701 764">
     <span class='ocr_line' id='line_1_29' title="bbox 914 727 1701 764; baseline 0.004 -10"><span class='ocrx_word' id='word_1_190' title='bbox 914 730 986 754; x_wconf 86' lang='lat' dir='ltr'><strong>esset</strong></span> <span class='ocrx_word' id='word_1_191' title='bbox 1003 727 1108 759; x_wconf 83' lang='lat' dir='ltr'><strong>electio,</strong></span> <span class='ocrx_word' id='word_1_192' title='bbox 1127 727 1173 754; x_wconf 93' lang='lat' dir='ltr'><strong>uni</strong></span> <span class='ocrx_word' id='word_1_193' title='bbox 1189 731 1280 754; x_wconf 88' lang='lat' dir='ltr'><strong>tatnen</strong></span> <span class='ocrx_word' id='word_1_194' title='bbox 1293 727 1386 754; x_wconf 91' lang='lat' dir='ltr'><strong>datum</strong></span> <span class='ocrx_word' id='word_1_195' title='bbox 1401 731 1432 754; x_wconf 91' lang='lat' dir='ltr'><strong>ut</strong></span> <span class='ocrx_word' id='word_1_196' title='bbox 1447 729 1552 756; x_wconf 68' lang='lat' dir='ltr'><strong>catteris</strong></span> <span class='ocrx_word' id='word_1_197' title='bbox 1581 731 1701 764; x_wconf 48' lang='lat' dir='ltr'><strong>pratetnié</strong></span> 
     </span>
    </p>
   </div>
   <div class='ocr_carea' id='block_1_30' title="bbox 914 771 1700 808">
    <p class='ocr_par' dir='ltr' id='par_1_30' title="bbox 914 771 1700 808">
     <span class='ocr_line' id='line_1_30' title="bbox 914 771 1700 808; baseline 0.004 -9"><span class='ocrx_word' id='word_1_198' title='bbox 914 776 1001 799; x_wconf 90' lang='lat' dir='ltr'><strong>neret.</strong></span> <span class='ocrx_word' id='word_1_199' title='bbox 1023 771 1061 800; x_wconf 90' lang='lat' dir='ltr'><strong>De</strong></span> <span class='ocrx_word' id='word_1_200' title='bbox 1078 780 1131 807; x_wconf 87' lang='lat' dir='ltr'><strong>qua</strong></span> <span class='ocrx_word' id='word_1_201' title='bbox 1146 772 1232 799; x_wconf 88' lang='lat' dir='ltr'><strong>forma</strong></span> <span class='ocrx_word' id='word_1_202' title='bbox 1248 773 1450 808; x_wconf 81' lang='lat' dir='ltr'><strong>episcoporum,</strong></span> <span class='ocrx_word' id='word_1_203' title='bbox 1466 774 1591 808; x_wconf 73' lang='lat' dir='ltr'><strong>quatdam</strong></span> <span class='ocrx_word' id='word_1_204' title='bbox 1604 780 1700 803; x_wconf 88' lang='lat' dir='ltr'><strong>exorta</strong></span> 
     </span>
    </p>
   </div>
   <div class='ocr_carea' id='block_1_31' title="bbox 913 818 1698 854">
    <p class='ocr_par' dir='ltr' id='par_1_31' title="bbox 913 818 1698 854">
     <span class='ocr_line' id='line_1_31' title="bbox 913 818 1698 854; baseline 0.005 -9"><span class='ocrx_word' id='word_1_205' title='bbox 913 822 955 845; x_wconf 89' lang='lat' dir='ltr'><strong>est</strong></span> <span class='ocrx_word' id='word_1_206' title='bbox 971 819 1127 849; x_wconf 87' lang='lat' dir='ltr'><strong>distinctio,</strong></span> <span class='ocrx_word' id='word_1_207' title='bbox 1142 822 1169 845; x_wconf 91' lang='lat' dir='ltr'><strong>et</strong></span> <span class='ocrx_word' id='word_1_208' title='bbox 1183 825 1279 853; x_wconf 73' lang='lat' dir='ltr'><strong>magna</strong></span> <span class='ocrx_word' id='word_1_209' title='bbox 1298 818 1472 846; x_wconf 90' lang='lat' dir='ltr'><strong>ordinatione</strong></span> <span class='ocrx_word' id='word_1_210' title='bbox 1486 821 1625 854; x_wconf 88' lang='lat' dir='ltr'><strong>provisum</strong></span> <span class='ocrx_word' id='word_1_211' title='bbox 1646 826 1698 854; x_wconf 87' lang='lat' dir='ltr'><strong>est,</strong></span> 
     </span>
    </p>
   </div>
   <div class='ocr_carea' id='block_1_32' title="bbox 913 864 1699 898">
    <p class='ocr_par' dir='ltr' id='par_1_32' title="bbox 913 864 1699 898">
     <span class='ocr_line' id='line_1_32' title="bbox 913 864 1699 898; baseline 0.004 -7"><span class='ocrx_word' id='word_1_212' title='bbox 913 871 948 891; x_wconf 91' lang='lat' dir='ltr'><strong>ne</strong></span> <span class='ocrx_word' id='word_1_213' title='bbox 971 872 1066 892; x_wconf 90' lang='lat' dir='ltr'><strong>omnes</strong></span> <span class='ocrx_word' id='word_1_214' title='bbox 1091 864 1142 891; x_wconf 87' lang='lat' dir='ltr'><strong>sibi</strong></span> <span class='ocrx_word' id='word_1_215' title='bbox 1164 865 1256 891; x_wconf 89' lang='lat' dir='ltr'><strong>omnia</strong></span> <span class='ocrx_word' id='word_1_216' title='bbox 1285 864 1467 898; x_wconf 88' lang='lat' dir='ltr'><strong>vindicarent,</strong></span> <span class='ocrx_word' id='word_1_217' title='bbox 1488 865 1535 893; x_wconf 88' lang='lat' dir='ltr'><strong>sed</strong></span> <span class='ocrx_word' id='word_1_218' title='bbox 1553 870 1646 894; x_wconf 87' lang='lat' dir='ltr'><strong>essent</strong></span> <span class='ocrx_word' id='word_1_219' title='bbox 1670 867 1699 894; x_wconf 92' lang='lat' dir='ltr'><strong>in</strong></span> 
     </span>
    </p>
   </div>
   <div class='ocr_carea' id='block_1_33' title="bbox 81 909 1701 948">
    <p class='ocr_par' dir='ltr' id='par_1_33' title="bbox 81 909 1701 948">
     <span class='ocr_line' id='line_1_33' title="bbox 81 909 1701 948; baseline 0.002 -12"><span class='ocrx_word' id='word_1_220' title='bbox 81 916 172 939; x_wconf 84' lang='lat' dir='ltr'><strong>status</strong></span> <span class='ocrx_word' id='word_1_221' title='bbox 196 912 328 947; x_wconf 81' lang='lat' dir='ltr'><strong>periculo.</strong></span> <span class='ocrx_word' id='word_1_222' title='bbox 352 911 404 939; x_wconf 85' lang='lat' dir='ltr'><strong>Sed</strong></span> <span class='ocrx_word' id='word_1_223' title='bbox 428 912 453 939; x_wconf 78' lang='lat' dir='ltr'><strong>si</strong></span> <span class='ocrx_word' id='word_1_224' title='bbox 477 912 538 948; x_wconf 83' lang='lat' dir='ltr'><strong>quis</strong></span> <span class='ocrx_word' id='word_1_225' title='bbox 558 912 592 939; x_wconf 85' lang='lat' dir='ltr'><strong>ab</strong></span> <span class='ocrx_word' id='word_1_226' title='bbox 618 912 749 940; x_wconf 72' lang='lat' dir='ltr'><strong>hodierna</strong></span> <span class='ocrx_word' id='word_1_227' title='bbox 765 913 819 944; x_wconf 79' lang='lat' dir='ltr'><strong>die,</strong></span> <span class='ocrx_word' id='word_1_228' title='bbox 836 916 863 940; x_wconf 82' lang='lat' dir='ltr'><strong>et</strong></span> <span class='ocrx_word' id='word_1_229' title='bbox 880 921 899 947; x_wconf 73' lang='grc' dir='ltr'><strong>Β</strong></span> <span class='ocrx_word' id='word_1_230' title='bbox 914 909 1029 944; x_wconf 77' lang='lat' dir='ltr'><strong>singulis</strong></span> <span class='ocrx_word' id='word_1_231' title='bbox 1057 909 1206 944; x_wconf 87' lang='lat' dir='ltr'><strong>provinciis</strong></span> <span class='ocrx_word' id='word_1_232' title='bbox 1226 909 1336 944; x_wconf 77' lang='lat' dir='ltr'><strong>singuli.</strong></span> <span class='ocrx_word' id='word_1_233' title='bbox 1362 909 1483 943; x_wconf 89' lang='lat' dir='ltr'><strong>Quorum</strong></span> <span class='ocrx_word' id='word_1_234' title='bbox 1511 911 1583 939; x_wconf 92' lang='lat' dir='ltr'><strong>inter</strong></span> <span class='ocrx_word' id='word_1_235' title='bbox 1602 911 1701 940; x_wconf 81' lang='lat' dir='ltr'><strong>fratres</strong></span> 
     </span>
    </p>
   </div>
   <div class='ocr_carea' id='block_1_34' title="bbox 81 956 864 993">
    <p class='ocr_par' dir='ltr' id='par_1_34' title="bbox 81 956 864 993">
     <span class='ocr_line' id='line_1_34' title="bbox 81 956 864 993; baseline 0 -9"><span class='ocrx_word' id='word_1_236' title='bbox 81 957 210 992; x_wconf 86' lang='lat' dir='ltr'><strong>deinceps</strong></span> <span class='ocrx_word' id='word_1_237' title='bbox 221 956 301 993; x_wconf 76' lang='lat'><strong>602</strong></span> <span class='ocrx_word' id='word_1_238' title='bbox 320 958 477 992; x_wconf 88' lang='lat' dir='ltr'><strong>episcopum</strong></span> <span class='ocrx_word' id='word_1_239' title='bbox 495 962 594 993; x_wconf 65' lang='lat' dir='ltr'><strong>praeter</strong></span> <span class='ocrx_word' id='word_1_240' title='bbox 610 958 692 993; x_wconf 87' lang='lat' dir='ltr'><strong>hujus</strong></span> <span class='ocrx_word' id='word_1_241' title='bbox 707 963 807 985; x_wconf 69' lang='lat' dir='ltr'><strong>sanclm</strong></span> <span class='ocrx_word' id='word_1_242' title='bbox 821 964 864 985; x_wconf 90' lang='lat' dir='ltr'><strong>se-</strong></span> 
     </span>
    </p>
   </div>
   <div class='ocr_carea' id='block_1_35' title="bbox 82 1003 864 1038">
    <p class='ocr_par' dir='ltr' id='par_1_35' title="bbox 82 1003 864 1038">
     <span class='ocr_line' id='line_1_35' title="bbox 82 1003 864 1038; baseline 0 -8"><span class='ocrx_word' id='word_1_243' title='bbox 82 1003 124 1030; x_wconf 89' lang='lat' dir='ltr'><strong>dis</strong></span> <span class='ocrx_word' id='word_1_244' title='bbox 139 1004 301 1030; x_wconf 86' lang='lat' dir='ltr'><strong>sententiam</strong></span> <span class='ocrx_word' id='word_1_245' title='bbox 324 1003 462 1035; x_wconf 87' lang='lat' dir='ltr'><strong>damnare,</strong></span> <span class='ocrx_word' id='word_1_246' title='bbox 480 1007 526 1030; x_wconf 89' lang='lat' dir='ltr'><strong>aut</strong></span> <span class='ocrx_word' id='word_1_247' title='bbox 545 1004 654 1038; x_wconf 88' lang='lat' dir='ltr'><strong>propria</strong></span> <span class='ocrx_word' id='word_1_248' title='bbox 678 1003 777 1038; x_wconf 87' lang='lat' dir='ltr'><strong>pellere</strong></span> <span class='ocrx_word' id='word_1_249' title='bbox 801 1004 864 1031; x_wconf 88' lang='lat' dir='ltr'><strong>sede</strong></span> 
     </span>
    </p>
   </div>
   <div class='ocr_carea' id='block_1_36' title="bbox 82 1050 863 1085">
    <p class='ocr_par' dir='ltr' id='par_1_36' title="bbox 82 1050 863 1085">
     <span class='ocr_line' id='line_1_36' title="bbox 82 1050 863 1085; baseline 0.001 -9"><span class='ocrx_word' id='word_1_250' title='bbox 82 1051 297 1085; x_wconf 71' lang='lat' dir='ltr'><strong>praesumpserit,</strong></span> <span class='ocrx_word' id='word_1_251' title='bbox 318 1050 387 1076; x_wconf 87' lang='lat' dir='ltr'><strong>sciat</strong></span> <span class='ocrx_word' id='word_1_252' title='bbox 409 1057 438 1077; x_wconf 89' lang='lat' dir='ltr'><strong>se</strong></span> <span class='ocrx_word' id='word_1_253' title='bbox 459 1050 708 1084; x_wconf 87' lang='lat' dir='ltr'><strong>irrecupcrabiliter</strong></span> <span class='ocrx_word' id='word_1_254' title='bbox 732 1056 792 1078; x_wconf 87' lang='lat' dir='ltr'><strong>esse</strong></span> <span class='ocrx_word' id='word_1_255' title='bbox 815 1051 863 1077; x_wconf 89' lang='lat' dir='ltr'><strong>da-</strong></span> 
     </span>
    </p>
   </div>
   <div class='ocr_carea' id='block_1_37' title="bbox 82 1095 858 1130">
    <p class='ocr_par' dir='ltr' id='par_1_37' title="bbox 82 1095 858 1130">
     <span class='ocr_line' id='line_1_37' title="bbox 82 1095 858 1130; baseline 0.003 -9"><span class='ocrx_word' id='word_1_256' title='bbox 82 1098 216 1127; x_wconf 90' lang='lat' dir='ltr'><strong>mnatum,</strong></span> <span class='ocrx_word' id='word_1_257' title='bbox 234 1098 261 1122; x_wconf 90' lang='lat' dir='ltr'><strong>et</strong></span> <span class='ocrx_word' id='word_1_258' title='bbox 276 1095 385 1130; x_wconf 86' lang='lat' dir='ltr'><strong>proprio</strong></span> <span class='ocrx_word' id='word_1_259' title='bbox 408 1102 500 1122; x_wconf 88' lang='lat' dir='ltr'><strong>carere</strong></span> <span class='ocrx_word' id='word_1_260' title='bbox 520 1095 649 1130; x_wconf 85' lang='lat' dir='ltr'><strong>perpetim</strong></span> <span class='ocrx_word' id='word_1_261' title='bbox 662 1095 776 1123; x_wconf 88' lang='lat' dir='ltr'><strong>honore.</strong></span> <span class='ocrx_word' id='word_1_262' title='bbox 794 1095 858 1124; x_wconf 87' lang='lat' dir='ltr'><strong>Eos-</strong></span> 
     </span>
    </p>
   </div>
   <div class='ocr_carea' id='block_1_38' title="bbox 81 1141 862 1176">
    <p class='ocr_par' dir='ltr' id='par_1_38' title="bbox 81 1141 862 1176">
     <span class='ocr_line' id='line_1_38' title="bbox 81 1141 862 1176; baseline 0.001 -8"><span class='ocrx_word' id='word_1_263' title='bbox 81 1149 134 1176; x_wconf 89' lang='lat' dir='ltr'><strong>que</strong></span> <span class='ocrx_word' id='word_1_264' title='bbox 156 1141 203 1176; x_wconf 91' lang='lat' dir='ltr'><strong>qui</strong></span> <span class='ocrx_word' id='word_1_265' title='bbox 227 1141 330 1175; x_wconf 84' lang='lat' dir='ltr'><strong>absque</strong></span> <span class='ocrx_word' id='word_1_266' title='bbox 354 1141 435 1175; x_wconf 66' lang='lat' dir='ltr'><strong>hujm</strong></span> <span class='ocrx_word' id='word_1_267' title='bbox 450 1141 523 1168; x_wconf 88' lang='lat' dir='ltr'><strong>sedis</strong></span> <span class='ocrx_word' id='word_1_268' title='bbox 538 1146 601 1169; x_wconf 88' lang='lat' dir='ltr'><strong>sunt</strong></span> <span class='ocrx_word' id='word_1_269' title='bbox 619 1141 697 1176; x_wconf 87' lang='lat' dir='ltr'><strong>ejecti</strong></span> <span class='ocrx_word' id='word_1_270' title='bbox 718 1143 862 1175; x_wconf 88' lang='lat' dir='ltr'><strong>sententia,</strong></span> 
     </span>
    </p>
   </div>
   <div class='ocr_carea' id='block_1_39' title="bbox 82 1187 861 1221">
    <p class='ocr_par' dir='ltr' id='par_1_39' title="bbox 82 1187 861 1221">
     <span class='ocr_line' id='line_1_39' title="bbox 82 1187 861 1221; baseline 0.003 -8"><span class='ocrx_word' id='word_1_271' title='bbox 82 1188 123 1214; x_wconf 81' lang='lat' dir='ltr'><strong>vel</strong></span> <span class='ocrx_word' id='word_1_272' title='bbox 142 1187 264 1214; x_wconf 79' lang='lat' dir='ltr'><strong>damnati</strong></span> <span class='ocrx_word' id='word_1_273' title='bbox 281 1187 341 1214; x_wconf 89' lang='lat' dir='ltr'><strong>sine</strong></span> <span class='ocrx_word' id='word_1_274' title='bbox 362 1187 444 1221; x_wconf 81' lang='lat' dir='ltr'><strong>hujus</strong></span> <span class='ocrx_word' id='word_1_275' title='bbox 465 1191 566 1215; x_wconf 73' lang='lat' dir='ltr'><strong>sancta:</strong></span> <span class='ocrx_word' id='word_1_276' title='bbox 583 1187 656 1214; x_wconf 89' lang='lat' dir='ltr'><strong>sedis</strong></span> <span class='ocrx_word' id='word_1_277' title='bbox 681 1188 861 1220; x_wconf 86' lang='lat' dir='ltr'><strong>auctoritate,</strong></span> 
     </span>
    </p>
   </div>
   <div class='ocr_carea' id='block_1_40' title="bbox 82 1232 863 1269">
    <p class='ocr_par' dir='ltr' id='par_1_40' title="bbox 82 1232 863 1269">
     <span class='ocr_line' id='line_1_40' title="bbox 82 1232 863 1269; baseline 0.001 -10"><span class='ocrx_word' id='word_1_278' title='bbox 82 1233 180 1259; x_wconf 87' lang='lat' dir='ltr'><strong>scitote</strong></span> <span class='ocrx_word' id='word_1_279' title='bbox 192 1232 333 1267; x_wconf 87' lang='lat' dir='ltr'><strong>pristinam</strong></span> <span class='ocrx_word' id='word_1_280' title='bbox 347 1233 467 1268; x_wconf 80' lang='lat' dir='ltr'><strong>recipere</strong></span> <span class='ocrx_word' id='word_1_281' title='bbox 480 1233 708 1265; x_wconf 79' lang='lat' dir='ltr'><strong>cummunionem,</strong></span> <span class='ocrx_word' id='word_1_282' title='bbox 724 1238 751 1260; x_wconf 90' lang='lat' dir='ltr'><strong>et</strong></span> <span class='ocrx_word' id='word_1_283' title='bbox 763 1234 790 1260; x_wconf 95' lang='lat' dir='ltr'><strong>in</strong></span> <span class='ocrx_word' id='word_1_284' title='bbox 805 1241 863 1269; x_wconf 90' lang='lat' dir='ltr'><strong>pro-</strong></span> 
     </span>
    </p>
   </div>
   <div class='ocr_carea' id='block_1_41' title="bbox 82 1278 862 1315">
    <p class='ocr_par' dir='ltr' id='par_1_41' title="bbox 82 1278 862 1315">
     <span class='ocr_line' id='line_1_41' title="bbox 82 1278 862 1315; baseline 0.004 -11"><span class='ocrx_word' id='word_1_285' title='bbox 82 1278 148 1312; x_wconf 91' lang='lat' dir='ltr'><strong>priis</strong></span> <span class='ocrx_word' id='word_1_286' title='bbox 163 1278 271 1305; x_wconf 87' lang='lat' dir='ltr'><strong>restitui</strong></span> <span class='ocrx_word' id='word_1_287' title='bbox 287 1278 406 1306; x_wconf 87' lang='lat' dir='ltr'><strong>sedibus.</strong></span> <span class='ocrx_word' id='word_1_288' title='bbox 423 1278 556 1311; x_wconf 86' lang='lat' dir='ltr'><strong>Quoniam</strong></span> <span class='ocrx_word' id='word_1_289' title='bbox 575 1283 602 1306; x_wconf 89' lang='lat' dir='ltr'><strong>et</strong></span> <span class='ocrx_word' id='word_1_290' title='bbox 617 1279 693 1314; x_wconf 89' lang='lat' dir='ltr'><strong>prius</strong></span> <span class='ocrx_word' id='word_1_291' title='bbox 710 1287 725 1306; x_wconf 92' lang='lat' dir='ltr'><strong>a</strong></span> <span class='ocrx_word' id='word_1_292' title='bbox 740 1283 862 1315; x_wconf 89' lang='lat' dir='ltr'><strong>tempore</strong></span> 
     </span>
    </p>
   </div>
   <div class='ocr_carea' id='block_1_42' title="bbox 82 1325 862 1359">
    <p class='ocr_par' dir='ltr' id='par_1_42' title="bbox 82 1325 862 1359">
     <span class='ocr_line' id='line_1_42' title="bbox 82 1325 862 1359; baseline 0.003 -7"><span class='ocrx_word' id='word_1_293' title='bbox 82 1325 188 1352; x_wconf 82' lang='lat' dir='ltr'><strong>scilicet</strong></span> <span class='ocrx_word' id='word_1_294' title='bbox 201 1325 385 1359; x_wconf 87' lang='lat' dir='ltr'><strong>apostolorum</strong></span> <span class='ocrx_word' id='word_1_295' title='bbox 400 1325 456 1353; x_wconf 70' lang='lat' dir='ltr'><strong>hare</strong></span> <span class='ocrx_word' id='word_1_296' title='bbox 467 1326 530 1353; x_wconf 91' lang='lat' dir='ltr'><strong>huic</strong></span> <span class='ocrx_word' id='word_1_297' title='bbox 544 1330 645 1353; x_wconf 72' lang='lat' dir='ltr'><strong>sancta:</strong></span> <span class='ocrx_word' id='word_1_298' title='bbox 659 1326 716 1354; x_wconf 89' lang='lat' dir='ltr'><strong>sedi</strong></span> <span class='ocrx_word' id='word_1_299' title='bbox 730 1334 862 1354; x_wconf 85' lang='lat' dir='ltr'><strong>concessa</strong></span> 
     </span>
    </p>
   </div>
   <div class='ocr_carea' id='block_1_43' title="bbox 81 1369 863 1407">
    <p class='ocr_par' dir='ltr' id='par_1_43' title="bbox 81 1369 863 1407">
     <span class='ocr_line' id='line_1_43' title="bbox 81 1369 863 1407; baseline 0.005 -11"><span class='ocrx_word' id='word_1_300' title='bbox 81 1374 153 1397; x_wconf 84' lang='lat' dir='ltr'><strong>sunt.</strong></span> <span class='ocrx_word' id='word_1_301' title='bbox 173 1369 207 1396; x_wconf 84' lang='lat' dir='ltr'><strong>Et</strong></span> <span class='ocrx_word' id='word_1_302' title='bbox 223 1374 315 1404; x_wconf 88' lang='lat' dir='ltr'><strong>postea</strong></span> <span class='ocrx_word' id='word_1_303' title='bbox 332 1370 358 1397; x_wconf 93' lang='lat' dir='ltr'><strong>in</strong></span> <span class='ocrx_word' id='word_1_304' title='bbox 375 1375 521 1398; x_wconf 92' lang='lat' dir='ltr'><strong>memorata</strong></span> <span class='ocrx_word' id='word_1_305' title='bbox 537 1370 646 1398; x_wconf 79' lang='lat' dir='ltr'><strong>Niczena</strong></span> <span class='ocrx_word' id='word_1_306' title='bbox 666 1371 780 1407; x_wconf 84' lang='lat' dir='ltr'><strong>synodo,</strong></span> <span class='ocrx_word' id='word_1_307' title='bbox 800 1380 863 1407; x_wconf 92' lang='lat' dir='ltr'><strong>pro-</strong></span> 
     </span>
    </p>
   </div>
   <div class='ocr_carea' id='block_1_44' title="bbox 81 1415 864 1452">
    <p class='ocr_par' dir='ltr' id='par_1_44' title="bbox 81 1415 864 1452">
     <span class='ocr_line' id='line_1_44' title="bbox 81 1415 864 1452; baseline 0.003 -10"><span class='ocrx_word' id='word_1_308' title='bbox 81 1419 140 1451; x_wconf 88' lang='lat' dir='ltr'><strong>pter</strong></span> <span class='ocrx_word' id='word_1_309' title='bbox 160 1423 308 1450; x_wconf 87' lang='lat' dir='ltr'><strong>pravorutu</strong></span> <span class='ocrx_word' id='word_1_310' title='bbox 323 1415 463 1443; x_wconf 93' lang='lat' dir='ltr'><strong>hominum</strong></span> <span class='ocrx_word' id='word_1_311' title='bbox 487 1416 689 1449; x_wconf 89' lang='lat' dir='ltr'><strong>infestationes,</strong></span> <span class='ocrx_word' id='word_1_312' title='bbox 713 1420 794 1452; x_wconf 89' lang='lat' dir='ltr'><strong>atque</strong></span> <span class='ocrx_word' id='word_1_313' title='bbox 809 1417 864 1444; x_wconf 72' lang='lat' dir='ltr'><strong>hat-</strong></span> 
     </span>
    </p>
   </div>
   <div class='ocr_carea' id='block_1_45' title="bbox 81 1462 863 1496">
    <p class='ocr_par' dir='ltr' id='par_1_45' title="bbox 81 1462 863 1496">
     <span class='ocr_line' id='line_1_45' title="bbox 81 1462 863 1496; baseline 0.003 -8"><span class='ocrx_word' id='word_1_314' title='bbox 81 1463 230 1489; x_wconf 89' lang='lat' dir='ltr'><strong>reticorum</strong></span> <span class='ocrx_word' id='word_1_315' title='bbox 246 1462 460 1496; x_wconf 87' lang='lat' dir='ltr'><strong>persecutiones,</strong></span> <span class='ocrx_word' id='word_1_316' title='bbox 475 1467 502 1489; x_wconf 88' lang='lat' dir='ltr'><strong>et</strong></span> <span class='ocrx_word' id='word_1_317' title='bbox 515 1462 703 1490; x_wconf 87' lang='lat' dir='ltr'><strong>insidiantium</strong></span> <span class='ocrx_word' id='word_1_318' title='bbox 723 1463 863 1490; x_wconf 86' lang='lat' dir='ltr'><strong>molimina</strong></span> 
     </span>
    </p>
   </div>
   <div class='ocr_carea' id='block_1_46' title="bbox 82 1507 862 1542">
    <p class='ocr_par' dir='ltr' id='par_1_46' title="bbox 82 1507 862 1542">
     <span class='ocr_line' id='line_1_46' title="bbox 82 1507 862 1542; baseline 0.003 -8"><span class='ocrx_word' id='word_1_319' title='bbox 82 1507 211 1539; x_wconf 83' lang='lat' dir='ltr'><strong>fratrum,</strong></span> <span class='ocrx_word' id='word_1_320' title='bbox 225 1511 289 1534; x_wconf 89' lang='lat' dir='ltr'><strong>sunt</strong></span> <span class='ocrx_word' id='word_1_321' title='bbox 302 1508 473 1535; x_wconf 86' lang='lat' dir='ltr'><strong>concorditer</strong></span> <span class='ocrx_word' id='word_1_322' title='bbox 487 1508 521 1536; x_wconf 89' lang='lat' dir='ltr'><strong>ab</strong></span> <span class='ocrx_word' id='word_1_323' title='bbox 533 1509 661 1537; x_wconf 90' lang='lat' dir='ltr'><strong>omnibus</strong></span> <span class='ocrx_word' id='word_1_324' title='bbox 674 1510 862 1542; x_wconf 84' lang='lat' dir='ltr'><strong>corroborata,</strong></span> 
     </span>
    </p>
   </div>
   <div class='ocr_carea' id='block_1_47' title="bbox 83 1553 862 1590">
    <p class='ocr_par' dir='ltr' id='par_1_47' title="bbox 83 1553 862 1590">
     <span class='ocr_line' id='line_1_47' title="bbox 83 1553 862 1590; baseline 0.003 -10"><span class='ocrx_word' id='word_1_325' title='bbox 83 1559 112 1580; x_wconf 88' lang='lat' dir='ltr'><strong>ut</strong></span> <span class='ocrx_word' id='word_1_326' title='bbox 132 1554 219 1589; x_wconf 81' lang='lat' dir='ltr'><strong>magis</strong></span> <span class='ocrx_word' id='word_1_327' title='bbox 237 1553 336 1588; x_wconf 77' lang='lat' dir='ltr'><strong>singuli</strong></span> <span class='ocrx_word' id='word_1_328' title='bbox 351 1553 519 1588; x_wconf 83' lang='lat' dir='ltr'><strong>provideant,</strong></span> <span class='ocrx_word' id='word_1_329' title='bbox 540 1562 574 1581; x_wconf 88' lang='lat' dir='ltr'><strong>ne</strong></span> <span class='ocrx_word' id='word_1_330' title='bbox 591 1555 653 1581; x_wconf 89' lang='lat' dir='ltr'><strong>talia</strong></span> <span class='ocrx_word' id='word_1_331' title='bbox 669 1555 787 1582; x_wconf 89' lang='lat' dir='ltr'><strong>audeant</strong></span> <span class='ocrx_word' id='word_1_332' title='bbox 802 1562 862 1590; x_wconf 87' lang='lat' dir='ltr'><strong>per-</strong></span> 
     </span>
    </p>
   </div>
   <div class='ocr_carea' id='block_1_48' title="bbox 915 955 1702 991">
    <p class='ocr_par' dir='ltr' id='par_1_48' title="bbox 915 955 1702 991">
     <span class='ocr_line' id='line_1_48' title="bbox 915 955 1702 991; baseline 0.005 -10"><span class='ocrx_word' id='word_1_333' title='bbox 915 955 1059 982; x_wconf 87' lang='lat' dir='ltr'><strong>haberetur</strong></span> <span class='ocrx_word' id='word_1_334' title='bbox 1068 955 1153 990; x_wconf 87' lang='lat' dir='ltr'><strong>prima</strong></span> <span class='ocrx_word' id='word_1_335' title='bbox 1168 955 1315 986; x_wconf 86' lang='lat' dir='ltr'><strong>sententia,</strong></span> <span class='ocrx_word' id='word_1_336' title='bbox 1327 959 1353 982; x_wconf 86' lang='lat' dir='ltr'><strong>et</strong></span> <span class='ocrx_word' id='word_1_337' title='bbox 1361 963 1471 983; x_wconf 89' lang='lat' dir='ltr'><strong>rursum</strong></span> <span class='ocrx_word' id='word_1_338' title='bbox 1483 957 1593 991; x_wconf 84' lang='lat' dir='ltr'><strong>quidam</strong></span> <span class='ocrx_word' id='word_1_339' title='bbox 1608 958 1635 984; x_wconf 95' lang='lat' dir='ltr'><strong>in</strong></span> <span class='ocrx_word' id='word_1_340' title='bbox 1647 966 1702 985; x_wconf 57' lang='lat' dir='ltr'><strong>mas</strong></span> 
     </span>
    </p>
   </div>
   <div class='ocr_carea' id='block_1_49' title="bbox 911 1001 1702 1038">
    <p class='ocr_par' dir='ltr' id='par_1_49' title="bbox 911 1001 1702 1038">
     <span class='ocr_line' id='line_1_49' title="bbox 911 1001 1702 1038; baseline 0.006 -11"><span class='ocrx_word' id='word_1_341' title='bbox 911 1001 1018 1036; x_wconf 85' lang='lat' dir='ltr'><strong>joribus</strong></span> <span class='ocrx_word' id='word_1_342' title='bbox 1031 1001 1144 1028; x_wconf 83' lang='lat' dir='ltr'><strong>urbibus</strong></span> <span class='ocrx_word' id='word_1_343' title='bbox 1156 1001 1308 1035; x_wconf 80' lang='lat' dir='ltr'><strong>constituti,</strong></span> <span class='ocrx_word' id='word_1_344' title='bbox 1321 1002 1530 1030; x_wconf 86' lang='lat' dir='ltr'><strong>sollicitudinem</strong></span> <span class='ocrx_word' id='word_1_345' title='bbox 1542 1003 1601 1038; x_wconf 83' lang='lat' dir='ltr'><strong>ejus</strong></span> <span class='ocrx_word' id='word_1_346' title='bbox 1617 1005 1702 1033; x_wconf 56' lang='lat' dir='ltr'><strong>suscia</strong></span> 
     </span>
    </p>
   </div>
   <div class='ocr_carea' id='block_1_50' title="bbox 913 1048 1700 1083">
    <p class='ocr_par' dir='ltr' id='par_1_50' title="bbox 913 1048 1700 1083">
     <span class='ocr_line' id='line_1_50' title="bbox 913 1048 1700 1083; baseline 0.005 -9"><span class='ocrx_word' id='word_1_347' title='bbox 913 1052 1008 1083; x_wconf 90' lang='lat' dir='ltr'><strong>perent</strong></span> <span class='ocrx_word' id='word_1_348' title='bbox 1030 1048 1198 1082; x_wconf 84' lang='lat' dir='ltr'><strong>ampliorem,</strong></span> <span class='ocrx_word' id='word_1_349' title='bbox 1221 1055 1270 1083; x_wconf 89' lang='lat' dir='ltr'><strong>per</strong></span> <span class='ocrx_word' id='word_1_350' title='bbox 1289 1055 1358 1083; x_wconf 83' lang='lat' dir='ltr'><strong>quos</strong></span> <span class='ocrx_word' id='word_1_351' title='bbox 1376 1048 1411 1076; x_wconf 88' lang='lat' dir='ltr'><strong>ad</strong></span> <span class='ocrx_word' id='word_1_352' title='bbox 1430 1057 1512 1076; x_wconf 86' lang='lat' dir='ltr'><strong>unam</strong></span> <span class='ocrx_word' id='word_1_353' title='bbox 1534 1049 1604 1077; x_wconf 87' lang='lat' dir='ltr'><strong>beati</strong></span> <span class='ocrx_word' id='word_1_354' title='bbox 1625 1049 1700 1078; x_wconf 90' lang='lat' dir='ltr'><strong>Petri</strong></span> 
     </span>
    </p>
   </div>
   <div class='ocr_carea' id='block_1_51' title="bbox 913 1094 1702 1130">
    <p class='ocr_par' dir='ltr' id='par_1_51' title="bbox 913 1094 1702 1130">
     <span class='ocr_line' id='line_1_51' title="bbox 913 1094 1702 1130; baseline 0.004 -8"><span class='ocrx_word' id='word_1_355' title='bbox 913 1094 1022 1126; x_wconf 85' lang='lat' dir='ltr'><strong>sedem,</strong></span> <span class='ocrx_word' id='word_1_356' title='bbox 1048 1094 1212 1122; x_wconf 81' lang='lat' dir='ltr'><strong>universalis</strong></span> <span class='ocrx_word' id='word_1_357' title='bbox 1241 1094 1370 1122; x_wconf 73' lang='lat' dir='ltr'><strong>Ecclesiae</strong></span> <span class='ocrx_word' id='word_1_358' title='bbox 1396 1103 1462 1122; x_wconf 90' lang='lat' dir='ltr'><strong>cura</strong></span> <span class='ocrx_word' id='word_1_359' title='bbox 1487 1096 1646 1130; x_wconf 83' lang='lat' dir='ltr'><strong>conﬂueret,</strong></span> <span class='ocrx_word' id='word_1_360' title='bbox 1672 1103 1702 1125; x_wconf 87' lang='lat' dir='ltr'><strong>et.</strong></span> 
     </span>
    </p>
   </div>
   <div class='ocr_carea' id='block_1_52' title="bbox 913 1141 1700 1179">
    <p class='ocr_par' dir='ltr' id='par_1_52' title="bbox 913 1141 1700 1179">
     <span class='ocr_line' id='line_1_52' title="bbox 913 1141 1700 1179; baseline 0.004 -12"><span class='ocrx_word' id='word_1_361' title='bbox 913 1141 981 1168; x_wconf 91' lang='lat' dir='ltr'><strong>nihil</strong></span> <span class='ocrx_word' id='word_1_362' title='bbox 997 1148 1111 1176; x_wconf 88' lang='lat' dir='ltr'><strong>usquam</strong></span> <span class='ocrx_word' id='word_1_363' title='bbox 1129 1149 1143 1167; x_wconf 90' lang='lat' dir='ltr'><strong>a</strong></span> <span class='ocrx_word' id='word_1_364' title='bbox 1161 1148 1212 1168; x_wconf 90' lang='lat' dir='ltr'><strong>suo</strong></span> <span class='ocrx_word' id='word_1_365' title='bbox 1226 1142 1316 1176; x_wconf 87' lang='lat' dir='ltr'><strong>capite</strong></span> <span class='ocrx_word' id='word_1_366' title='bbox 1335 1141 1491 1169; x_wconf 80' lang='lat' dir='ltr'><strong>dissideret.</strong></span> <span class='ocrx_word' id='word_1_367' title='bbox 1508 1142 1559 1175; x_wconf 82' lang='lat' dir='ltr'><strong>Qui</strong></span> <span class='ocrx_word' id='word_1_368' title='bbox 1572 1151 1636 1179; x_wconf 76' lang='lat' dir='ltr'><strong>ergo</strong></span> <span class='ocrx_word' id='word_1_369' title='bbox 1648 1145 1700 1171; x_wconf 89' lang='lat' dir='ltr'><strong>scit</strong></span> 
     </span>
    </p>
   </div>
   <div class='ocr_carea' id='block_1_53' title="bbox 914 1185 1702 1221">
    <p class='ocr_par' dir='ltr' id='par_1_53' title="bbox 914 1185 1702 1221">
     <span class='ocr_line' id='line_1_53' title="bbox 914 1185 1702 1221; baseline 0.004 -9"><span class='ocrx_word' id='word_1_370' title='bbox 914 1193 943 1212; x_wconf 83' lang='lat' dir='ltr'><strong>se</strong></span> <span class='ocrx_word' id='word_1_371' title='bbox 963 1185 1126 1221; x_wconf 88' lang='lat' dir='ltr'><strong>quibusdam</strong></span> <span class='ocrx_word' id='word_1_372' title='bbox 1149 1186 1336 1221; x_wconf 52' lang='lat' dir='ltr'><strong>praepositum,</strong></span> <span class='ocrx_word' id='word_1_373' title='bbox 1353 1194 1408 1213; x_wconf 90' lang='lat' dir='ltr'><strong>non</strong></span> <span class='ocrx_word' id='word_1_374' title='bbox 1427 1187 1541 1214; x_wconf 82' lang='lat' dir='ltr'><strong>moleste</strong></span> <span class='ocrx_word' id='word_1_375' title='bbox 1562 1187 1632 1215; x_wconf 90' lang='lat' dir='ltr'><strong>ferat</strong></span> <span class='ocrx_word' id='word_1_376' title='bbox 1650 1189 1702 1215; x_wconf 56' lang='lat' dir='ltr'><strong>alia</strong></span> 
     </span>
    </p>
   </div>
   <div class='ocr_carea' id='block_1_54' title="bbox 913 1231 1700 1268">
    <p class='ocr_par' dir='ltr' id='par_1_54' title="bbox 913 1231 1700 1268">
     <span class='ocr_line' id='line_1_54' title="bbox 913 1231 1700 1268; baseline 0.003 -10"><span class='ocrx_word' id='word_1_377' title='bbox 913 1238 993 1266; x_wconf 90' lang='lat' dir='ltr'><strong>quem</strong></span> <span class='ocrx_word' id='word_1_378' title='bbox 1015 1231 1067 1259; x_wconf 87' lang='lat' dir='ltr'><strong>sibi</strong></span> <span class='ocrx_word' id='word_1_379' title='bbox 1085 1239 1145 1259; x_wconf 88' lang='lat' dir='ltr'><strong>esse</strong></span> <span class='ocrx_word' id='word_1_380' title='bbox 1161 1232 1314 1266; x_wconf 62' lang='lat' dir='ltr'><strong>prwlatum,</strong></span> <span class='ocrx_word' id='word_1_381' title='bbox 1339 1232 1386 1260; x_wconf 93' lang='lat' dir='ltr'><strong>sed</strong></span> <span class='ocrx_word' id='word_1_382' title='bbox 1404 1232 1595 1266; x_wconf 86' lang='lat' dir='ltr'><strong>obedientiam,</strong></span> <span class='ocrx_word' id='word_1_383' title='bbox 1617 1241 1700 1268; x_wconf 81' lang='lat' dir='ltr'><strong>quam</strong></span> 
     </span>
    </p>
   </div>
   <div class='ocr_carea' id='block_1_55' title="bbox 917 1275 1700 1312">
    <p class='ocr_par' dir='ltr' id='par_1_55' title="bbox 917 1275 1700 1312">
     <span class='ocr_line' id='line_1_55' title="bbox 917 1275 1700 1312; baseline 0.003 -9"><span class='ocrx_word' id='word_1_384' title='bbox 917 1276 1012 1311; x_wconf 82' lang='lat' dir='ltr'><strong>exigit,</strong></span> <span class='ocrx_word' id='word_1_385' title='bbox 1034 1275 1116 1304; x_wconf 91' lang='lat' dir='ltr'><strong>etiam</strong></span> <span class='ocrx_word' id='word_1_386' title='bbox 1141 1276 1200 1311; x_wconf 88' lang='lat' dir='ltr'><strong>ipse</strong></span> <span class='ocrx_word' id='word_1_387' title='bbox 1218 1276 1358 1311; x_wconf 88' lang='lat' dir='ltr'><strong>rependat.</strong></span> <span class='ocrx_word' id='word_1_388' title='bbox 1381 1276 1472 1304; x_wconf 82' lang='lat' dir='ltr'><strong>Nolite</strong></span> <span class='ocrx_word' id='word_1_389' title='bbox 1494 1277 1582 1312; x_wconf 84' lang='lat' dir='ltr'><strong>itaque</strong></span> <span class='ocrx_word' id='word_1_390' title='bbox 1599 1286 1700 1310; x_wconf 81' lang='lat' dir='ltr'><strong>errare,-</strong></span> 
     </span>
    </p>
   </div>
   <div class='ocr_carea' id='block_1_56' title="bbox 915 1322 1701 1357">
    <p class='ocr_par' dir='ltr' id='par_1_56' title="bbox 915 1322 1701 1357">
     <span class='ocr_line' id='line_1_56' title="bbox 915 1322 1701 1357; baseline 0.001 -8"><span class='ocrx_word' id='word_1_391' title='bbox 915 1323 1011 1357; x_wconf 73' lang='lat' dir='ltr'><strong>(ratres</strong></span> <span class='ocrx_word' id='word_1_392' title='bbox 1025 1323 1075 1349; x_wconf 88' lang='lat' dir='ltr'><strong>mei</strong></span> <span class='ocrx_word' id='word_1_393' title='bbox 1091 1322 1276 1354; x_wconf 76' lang='lat' dir='ltr'><strong>dilectissimi;</strong></span> <span class='ocrx_word' id='word_1_394' title='bbox 1292 1322 1418 1350; x_wconf 76' lang='lat' dir='ltr'><strong>doctrinis</strong></span> <span class='ocrx_word' id='word_1_395' title='bbox 1433 1324 1514 1350; x_wconf 81' lang='lat' dir='ltr'><strong>variis</strong></span> <span class='ocrx_word' id='word_1_396' title='bbox 1528 1328 1552 1350; x_wconf 82' lang='lat' dir='ltr'><strong>et</strong></span> <span class='ocrx_word' id='word_1_397' title='bbox 1567 1325 1701 1351; x_wconf 65' lang='lat' dir='ltr'><strong>extraneis</strong></span> 
     </span>
    </p>
   </div>
   <div class='ocr_carea' id='block_1_57' title="bbox 914 1368 1701 1405">
    <p class='ocr_par' dir='ltr' id='par_1_57' title="bbox 914 1368 1701 1405">
     <span class='ocr_line' id='line_1_57' title="bbox 914 1368 1701 1405; baseline 0.001 -10"><span class='ocrx_word' id='word_1_398' title='bbox 914 1369 994 1395; x_wconf 86' lang='lat' dir='ltr'><strong>nolite</strong></span> <span class='ocrx_word' id='word_1_399' title='bbox 1011 1368 1108 1395; x_wconf 74' lang='lat' dir='ltr'><strong>abduci</strong></span> <span class='ocrx_word' id='word_1_400' title='bbox 1121 1369 1156 1400; x_wconf 89' lang='lat'><strong>&quot;&quot;,</strong></span> <span class='ocrx_word' id='word_1_401' title='bbox 1172 1372 1199 1395; x_wconf 90' lang='lat' dir='ltr'><strong>at</strong></span> <span class='ocrx_word' id='word_1_402' title='bbox 1226 1368 1351 1396; x_wconf 89' lang='lat' dir='ltr'><strong>instituta</strong></span> <span class='ocrx_word' id='word_1_403' title='bbox 1376 1369 1561 1403; x_wconf 91' lang='lat' dir='ltr'><strong>apostolorum</strong></span> <span class='ocrx_word' id='word_1_404' title='bbox 1582 1373 1610 1396; x_wconf 84' lang='lat' dir='ltr'><strong>et</strong></span> <span class='ocrx_word' id='word_1_405' title='bbox 1635 1377 1701 1405; x_wconf 67' lang='lat' dir='ltr'><strong>ap0a</strong></span> 
     </span>
    </p>
   </div>
   <div class='ocr_carea' id='block_1_58' title="bbox 915 1414 1702 1448">
    <p class='ocr_par' dir='ltr' id='par_1_58' title="bbox 915 1414 1702 1448">
     <span class='ocr_line' id='line_1_58' title="bbox 915 1414 1702 1448; baseline 0 -6"><span class='ocrx_word' id='word_1_406' title='bbox 915 1415 1078 1442; x_wconf 89' lang='lat' dir='ltr'><strong>stolicorum</strong></span> <span class='ocrx_word' id='word_1_407' title='bbox 1097 1414 1238 1446; x_wconf 85' lang='lat' dir='ltr'><strong>virorum,</strong></span> <span class='ocrx_word' id='word_1_408' title='bbox 1265 1421 1440 1448; x_wconf 88' lang='lat' dir='ltr'><strong>canonesque</strong></span> <span class='ocrx_word' id='word_1_409' title='bbox 1474 1414 1622 1447; x_wconf 84' lang='lat' dir='ltr'><strong>habentes,</strong></span> <span class='ocrx_word' id='word_1_410' title='bbox 1657 1415 1702 1443; x_wconf 88' lang='lat' dir='ltr'><strong>his</strong></span> 
     </span>
    </p>
   </div>
   <div class='ocr_carea' id='block_1_59' title="bbox 913 1457 1701 1492">
    <p class='ocr_par' dir='ltr' id='par_1_59' title="bbox 913 1457 1701 1492">
     <span class='ocr_line' id='line_1_59' title="bbox 913 1457 1701 1492; baseline 0.003 -7"><span class='ocrx_word' id='word_1_411' title='bbox 913 1459 1054 1492; x_wconf 85' lang='lat' dir='ltr'><strong>fruamini,</strong></span> <span class='ocrx_word' id='word_1_412' title='bbox 1079 1459 1121 1486; x_wconf 83' lang='lat' dir='ltr'><strong>his</strong></span> <span class='ocrx_word' id='word_1_413' title='bbox 1141 1457 1360 1492; x_wconf 84' lang='lat' dir='ltr'><strong>circumdemini,</strong></span> <span class='ocrx_word' id='word_1_414' title='bbox 1388 1459 1430 1486; x_wconf 90' lang='lat' dir='ltr'><strong>his</strong></span> <span class='ocrx_word' id='word_1_415' title='bbox 1450 1459 1632 1491; x_wconf 87' lang='lat' dir='ltr'><strong>delectemini,</strong></span> <span class='ocrx_word' id='word_1_416' title='bbox 1656 1461 1701 1487; x_wconf 83' lang='lat' dir='ltr'><strong>his</strong></span> 
     </span>
    </p>
   </div>
   <div class='ocr_carea' id='block_1_60' title="bbox 913 1504 1700 1540">
    <p class='ocr_par' dir='ltr' id='par_1_60' title="bbox 913 1504 1700 1540">
     <span class='ocr_line' id='line_1_60' title="bbox 913 1504 1700 1540; baseline 0 -8"><span class='ocrx_word' id='word_1_417' title='bbox 913 1504 1068 1536; x_wconf 76' lang='lat' dir='ltr'><strong>armamini.</strong></span> <span class='ocrx_word' id='word_1_418' title='bbox 1087 1509 1118 1531; x_wconf 89' lang='lat' dir='ltr'><strong>ut</strong></span> <span class='ocrx_word' id='word_1_419' title='bbox 1137 1505 1179 1532; x_wconf 90' lang='lat' dir='ltr'><strong>his</strong></span> <span class='ocrx_word' id='word_1_420' title='bbox 1200 1504 1278 1538; x_wconf 84' lang='lat' dir='ltr'><strong>freti,</strong></span> <span class='ocrx_word' id='word_1_421' title='bbox 1300 1505 1478 1540; x_wconf 84' lang='lat' dir='ltr'><strong>circumdati,</strong></span> <span class='ocrx_word' id='word_1_422' title='bbox 1497 1505 1631 1536; x_wconf 87' lang='lat' dir='ltr'><strong>delectati,</strong></span> <span class='ocrx_word' id='word_1_423' title='bbox 1656 1513 1700 1532; x_wconf 64' lang='grc' dir='ltr'><strong>πη</strong></span> 
     </span>
    </p>
   </div>
   <div class='ocr_carea' id='block_1_61' title="bbox 915 1551 1701 1586">
    <p class='ocr_par' dir='ltr' id='par_1_61' title="bbox 915 1551 1701 1586">
     <span class='ocr_line' id='line_1_61' title="bbox 915 1551 1701 1586; baseline 0.001 -9"><span class='ocrx_word' id='word_1_424' title='bbox 915 1551 990 1582; x_wconf 86' lang='lat' dir='ltr'><strong>mati,</strong></span> <span class='ocrx_word' id='word_1_425' title='bbox 1010 1554 1105 1578; x_wconf 87' lang='lat' dir='ltr'><strong>contra</strong></span> <span class='ocrx_word' id='word_1_426' title='bbox 1129 1555 1227 1578; x_wconf 89' lang='lat' dir='ltr'><strong>cuncta</strong></span> <span class='ocrx_word' id='word_1_427' title='bbox 1266 1551 1439 1579; x_wconf 92' lang='lat' dir='ltr'><strong>inimicorum</strong></span> <span class='ocrx_word' id='word_1_428' title='bbox 1460 1551 1551 1586; x_wconf 85' lang='lat' dir='ltr'><strong>jacula</strong></span> <span class='ocrx_word' id='word_1_429' title='bbox 1572 1552 1701 1579; x_wconf 84' lang='lat' dir='ltr'><strong>resistere</strong></span> 
     </span>
    </p>
   </div>
   <div class='ocr_carea' id='block_1_62' title="bbox 83 1595 1699 1636">
    <p class='ocr_par' dir='ltr' id='par_1_62' title="bbox 83 1595 1699 1636">
     <span class='ocr_line' id='line_1_62' title="bbox 83 1595 1699 1636; baseline -0.002 -9"><span class='ocrx_word' id='word_1_430' title='bbox 83 1605 205 1633; x_wconf 77' lang='lat' dir='ltr'><strong>petrare;</strong></span> <span class='ocrx_word' id='word_1_431' title='bbox 228 1603 254 1626; x_wconf 88' lang='lat' dir='ltr'><strong>et</strong></span> <span class='ocrx_word' id='word_1_432' title='bbox 276 1603 399 1632; x_wconf 85' lang='lat' dir='ltr'><strong>caveant,</strong></span> <span class='ocrx_word' id='word_1_433' title='bbox 420 1599 444 1627; x_wconf 87' lang='lat' dir='ltr'><strong>si</strong></span> <span class='ocrx_word' id='word_1_434' title='bbox 468 1607 522 1626; x_wconf 94' lang='lat' dir='ltr'><strong>non</strong></span> <span class='ocrx_word' id='word_1_435' title='bbox 546 1604 657 1636; x_wconf 83' lang='lat' dir='ltr'><strong>propter</strong></span> <span class='ocrx_word' id='word_1_436' title='bbox 675 1599 819 1627; x_wconf 83' lang='lat' dir='ltr'><strong>Dominum</strong></span> <span class='ocrx_word' id='word_1_437' title='bbox 835 1604 862 1628; x_wconf 81' lang='lat' dir='ltr'><strong>et</strong></span> <span class='ocrx_word' id='word_1_438' title='bbox 877 1596 899 1627; x_wconf 88' lang='lat' dir='ltr'><strong>C</strong></span> <span class='ocrx_word' id='word_1_439' title='bbox 915 1596 1035 1624; x_wconf 82' lang='lat' dir='ltr'><strong>valeatis.</strong></span> <span class='ocrx_word' id='word_1_440' title='bbox 1060 1595 1132 1624; x_wconf 84' lang='lat' dir='ltr'><strong>Satis</strong></span> <span class='ocrx_word' id='word_1_441' title='bbox 1153 1597 1225 1624; x_wconf 91' lang='lat' dir='ltr'><strong>enim</strong></span> <span class='ocrx_word' id='word_1_442' title='bbox 1245 1597 1385 1633; x_wconf 74' lang='lat' dir='ltr'><strong>indignum</strong></span> <span class='ocrx_word' id='word_1_443' title='bbox 1407 1599 1449 1625; x_wconf 89' lang='lat' dir='ltr'><strong>est</strong></span> <span class='ocrx_word' id='word_1_444' title='bbox 1469 1605 1633 1632; x_wconf 80' lang='lat' dir='ltr'><strong>quemquam</strong></span> <span class='ocrx_word' id='word_1_445' title='bbox 1656 1597 1699 1624; x_wconf 78' lang='lat' dir='ltr'><strong>vel</strong></span> 
     </span>
    </p>
   </div>
   <div class='ocr_carea' id='block_1_63' title="bbox 83 1644 862 1681">
    <p class='ocr_par' dir='ltr' id='par_1_63' title="bbox 83 1644 862 1681">
     <span class='ocr_line' id='line_1_63' title="bbox 83 1644 862 1681; baseline 0 -9"><span class='ocrx_word' id='word_1_446' title='bbox 83 1653 204 1673; x_wconf 88' lang='lat' dir='ltr'><strong>amorem</strong></span> <span class='ocrx_word' id='word_1_447' title='bbox 230 1644 355 1678; x_wconf 82' lang='lat' dir='ltr'><strong>fratrum,</strong></span> <span class='ocrx_word' id='word_1_448' title='bbox 378 1648 468 1673; x_wconf 90' lang='lat' dir='ltr'><strong>tamen</strong></span> <span class='ocrx_word' id='word_1_449' title='bbox 489 1650 599 1681; x_wconf 91' lang='lat' dir='ltr'><strong>propter</strong></span> <span class='ocrx_word' id='word_1_450' title='bbox 618 1646 792 1681; x_wconf 91' lang='lat' dir='ltr'><strong>opprobrium</strong></span> <span class='ocrx_word' id='word_1_451' title='bbox 813 1646 862 1673; x_wconf 95' lang='lat' dir='ltr'><strong>ho-</strong></span> 
     </span>
    </p>
   </div>
   <div class='ocr_carea' id='block_1_64' title="bbox 82 1691 861 1726">
    <p class='ocr_par' dir='ltr' id='par_1_64' title="bbox 82 1691 861 1726">
     <span class='ocr_line' id='line_1_64' title="bbox 82 1691 861 1726; baseline 0 -8"><span class='ocrx_word' id='word_1_452' title='bbox 82 1691 185 1718; x_wconf 92' lang='lat' dir='ltr'><strong>minum</strong></span> <span class='ocrx_word' id='word_1_453' title='bbox 200 1691 328 1718; x_wconf 88' lang='lat' dir='ltr'><strong>ruborem</strong></span> <span class='ocrx_word' id='word_1_454' title='bbox 343 1698 432 1724; x_wconf 92' lang='lat' dir='ltr'><strong>suum,</strong></span> <span class='ocrx_word' id='word_1_455' title='bbox 451 1695 531 1726; x_wconf 91' lang='lat' dir='ltr'><strong>atque</strong></span> <span class='ocrx_word' id='word_1_456' title='bbox 544 1693 703 1719; x_wconf 87' lang='lat' dir='ltr'><strong>canonicam</strong></span> <span class='ocrx_word' id='word_1_457' title='bbox 719 1691 861 1724; x_wconf 88' lang='lat' dir='ltr'><strong>ultionem,</strong></span> 
     </span>
    </p>
   </div>
   <div class='ocr_carea' id='block_1_65' title="bbox 82 1736 862 1772">
    <p class='ocr_par' dir='ltr' id='par_1_65' title="bbox 82 1736 862 1772">
     <span class='ocr_line' id='line_1_65' title="bbox 82 1736 862 1772; baseline 0 -9"><span class='ocrx_word' id='word_1_458' title='bbox 82 1737 178 1764; x_wconf 83' lang='lat' dir='ltr'><strong>saltem</strong></span> <span class='ocrx_word' id='word_1_459' title='bbox 193 1737 252 1764; x_wconf 56' lang='lat' dir='ltr'><strong>hac</strong></span> <span class='ocrx_word' id='word_1_460' title='bbox 271 1737 368 1764; x_wconf 90' lang='lat' dir='ltr'><strong>timore</strong></span> <span class='ocrx_word' id='word_1_461' title='bbox 386 1740 413 1764; x_wconf 91' lang='lat' dir='ltr'><strong>et</strong></span> <span class='ocrx_word' id='word_1_462' title='bbox 432 1736 595 1764; x_wconf 85' lang='lat' dir='ltr'><strong>verecundia</strong></span> <span class='ocrx_word' id='word_1_463' title='bbox 608 1742 763 1772; x_wconf 89' lang='lat' dir='ltr'><strong>compressa</strong></span> <span class='ocrx_word' id='word_1_464' title='bbox 777 1737 862 1764; x_wconf 89' lang='lat' dir='ltr'><strong>silen-</strong></span> 
     </span>
    </p>
   </div>
   <div class='ocr_carea' id='block_1_66' title="bbox 81 1781 861 1816">
    <p class='ocr_par' dir='ltr' id='par_1_66' title="bbox 81 1781 861 1816">
     <span class='ocr_line' id='line_1_66' title="bbox 81 1781 861 1816; baseline 0 -8"><span class='ocrx_word' id='word_1_465' title='bbox 81 1783 120 1809; x_wconf 92' lang='lat' dir='ltr'><strong>tio</strong></span> <span class='ocrx_word' id='word_1_466' title='bbox 150 1782 377 1816; x_wconf 87' lang='lat' dir='ltr'><strong>comprimantur,</strong></span> <span class='ocrx_word' id='word_1_467' title='bbox 404 1785 543 1816; x_wconf 87' lang='lat' dir='ltr'><strong>amputato</strong></span> <span class='ocrx_word' id='word_1_468' title='bbox 571 1781 676 1809; x_wconf 88' lang='lat' dir='ltr'><strong>scilicet</strong></span> <span class='ocrx_word' id='word_1_469' title='bbox 701 1781 785 1809; x_wconf 92' lang='lat' dir='ltr'><strong>totius</strong></span> <span class='ocrx_word' id='word_1_470' title='bbox 805 1781 861 1816; x_wconf 80' lang='grc'><strong>(58)</strong></span> 
     </span>
    </p>
   </div>
   <div class='ocr_carea' id='block_1_67' title="bbox 81 1827 863 1863">
    <p class='ocr_par' dir='ltr' id='par_1_67' title="bbox 81 1827 863 1863">
     <span class='ocr_line' id='line_1_67' title="bbox 81 1827 863 1863; baseline -0.003 -8"><span class='ocrx_word' id='word_1_471' title='bbox 81 1827 270 1863; x_wconf 87' lang='lat' dir='ltr'><strong>usurpationis</strong></span> <span class='ocrx_word' id='word_1_472' title='bbox 280 1835 404 1854; x_wconf 70' lang='lat' dir='ltr'><strong>excessu.</strong></span> <span class='ocrx_word' id='word_1_473' title='bbox 415 1827 484 1860; x_wconf 85' lang='lat' dir='ltr'><strong>Quia</strong></span> <span class='ocrx_word' id='word_1_474' title='bbox 496 1827 588 1854; x_wconf 85' lang='lat' dir='ltr'><strong>nullus</strong></span> <span class='ocrx_word' id='word_1_475' title='bbox 605 1827 683 1854; x_wconf 89' lang='lat' dir='ltr'><strong>debet</strong></span> <span class='ocrx_word' id='word_1_476' title='bbox 700 1833 863 1861; x_wconf 64' lang='lat' dir='ltr'><strong>praesumere</strong></span> 
     </span>
    </p>
   </div>
   <div class='ocr_carea' id='block_1_68' title="bbox 81 1871 863 1908">
    <p class='ocr_par' dir='ltr' id='par_1_68' title="bbox 81 1871 863 1908">
     <span class='ocr_line' id='line_1_68' title="bbox 81 1871 863 1908; baseline -0.001 -9"><span class='ocrx_word' id='word_1_477' title='bbox 81 1880 140 1908; x_wconf 72' lang='lat' dir='ltr'><strong>quae</strong></span> <span class='ocrx_word' id='word_1_478' title='bbox 159 1872 213 1900; x_wconf 89' lang='lat' dir='ltr'><strong>sibi</strong></span> <span class='ocrx_word' id='word_1_479' title='bbox 232 1879 285 1899; x_wconf 90' lang='lat' dir='ltr'><strong>non</strong></span> <span class='ocrx_word' id='word_1_480' title='bbox 310 1872 435 1899; x_wconf 89' lang='lat' dir='ltr'><strong>videntur</strong></span> <span class='ocrx_word' id='word_1_481' title='bbox 455 1879 515 1899; x_wconf 88' lang='lat' dir='ltr'><strong>esse</strong></span> <span class='ocrx_word' id='word_1_482' title='bbox 537 1879 678 1899; x_wconf 86' lang='lat' dir='ltr'><strong>concessa.</strong></span> <span class='ocrx_word' id='word_1_483' title='bbox 702 1871 789 1904; x_wconf 84' lang='lat' dir='ltr'><strong>Quam</strong></span> <span class='ocrx_word' id='word_1_484' title='bbox 805 1871 863 1898; x_wconf 86' lang='lat' dir='ltr'><strong>cul-</strong></span> 
     </span>
    </p>
   </div>
   <div class='ocr_carea' id='block_1_69' title="bbox 81 1916 862 1953">
    <p class='ocr_par' dir='ltr' id='par_1_69' title="bbox 81 1916 862 1953">
     <span class='ocr_line' id='line_1_69' title="bbox 81 1916 862 1953; baseline -0.003 -8"><span class='ocrx_word' id='word_1_485' title='bbox 81 1924 143 1953; x_wconf 89' lang='lat' dir='ltr'><strong>pam</strong></span> <span class='ocrx_word' id='word_1_486' title='bbox 161 1917 321 1953; x_wconf 89' lang='lat' dir='ltr'><strong>potuissetis</strong></span> <span class='ocrx_word' id='word_1_487' title='bbox 338 1917 413 1944; x_wconf 92' lang='lat' dir='ltr'><strong>nullo</strong></span> <span class='ocrx_word' id='word_1_488' title='bbox 425 1917 505 1943; x_wconf 89' lang='lat' dir='ltr'><strong>modo</strong></span> <span class='ocrx_word' id='word_1_489' title='bbox 522 1916 649 1948; x_wconf 89' lang='lat' dir='ltr'><strong>incidere,</strong></span> <span class='ocrx_word' id='word_1_490' title='bbox 668 1917 690 1944; x_wconf 92' lang='lat' dir='ltr'><strong>si</strong></span> <span class='ocrx_word' id='word_1_491' title='bbox 706 1916 778 1944; x_wconf 89' lang='lat' dir='ltr'><strong>unde</strong></span> <span class='ocrx_word' id='word_1_492' title='bbox 796 1924 862 1944; x_wconf 89' lang='lat' dir='ltr'><strong>con-</strong></span> 
     </span>
    </p>
   </div>
   <div class='ocr_carea' id='block_1_70' title="bbox 82 1962 862 1998">
    <p class='ocr_par' dir='ltr' id='par_1_70' title="bbox 82 1962 862 1998">
     <span class='ocr_line' id='line_1_70' title="bbox 82 1962 862 1998; baseline -0.001 -7"><span class='ocrx_word' id='word_1_493' title='bbox 82 1964 262 1991; x_wconf 78' lang='lat' dir='ltr'><strong>Secrationem</strong></span> <span class='ocrx_word' id='word_1_494' title='bbox 287 1963 398 1990; x_wconf 89' lang='lat' dir='ltr'><strong>honoris</strong></span> <span class='ocrx_word' id='word_1_495' title='bbox 420 1962 553 1998; x_wconf 84' lang='lat' dir='ltr'><strong>accipitis,</strong></span> <span class='ocrx_word' id='word_1_496' title='bbox 578 1962 641 1989; x_wconf 89' lang='lat' dir='ltr'><strong>inde</strong></span> <span class='ocrx_word' id='word_1_497' title='bbox 666 1962 750 1998; x_wconf 76' lang='lat' dir='ltr'><strong>legem</strong></span> <span class='ocrx_word' id='word_1_498' title='bbox 778 1962 862 1990; x_wconf 86' lang='lat' dir='ltr'><strong>totius</strong></span> 
     </span>
    </p>
   </div>
   <div class='ocr_carea' id='block_1_71' title="bbox 82 2005 860 2041">
    <p class='ocr_par' dir='ltr' id='par_1_71' title="bbox 82 2005 860 2041">
     <span class='ocr_line' id='line_1_71' title="bbox 82 2005 860 2041; baseline -0.004 -6"><span class='ocrx_word' id='word_1_499' title='bbox 82 2008 262 2036; x_wconf 85' lang='lat' dir='ltr'><strong>observantiae</strong></span> <span class='ocrx_word' id='word_1_500' title='bbox 273 2008 426 2035; x_wconf 83' lang='lat' dir='ltr'><strong>sumeretis.</strong></span> <span class='ocrx_word' id='word_1_501' title='bbox 439 2007 471 2034; x_wconf 85' lang='lat' dir='ltr'><strong>Et</strong></span> <span class='ocrx_word' id='word_1_502' title='bbox 479 2007 550 2034; x_wconf 89' lang='lat' dir='ltr'><strong>beati</strong></span> <span class='ocrx_word' id='word_1_503' title='bbox 563 2007 633 2034; x_wconf 84' lang='lat' dir='ltr'><strong>Petri</strong></span> <span class='ocrx_word' id='word_1_504' title='bbox 646 2006 761 2041; x_wconf 86' lang='lat' dir='ltr'><strong>apostoli</strong></span> <span class='ocrx_word' id='word_1_505' title='bbox 772 2005 860 2037; x_wconf 84' lang='lat' dir='ltr'><strong>sedes,</strong></span> 
     </span>
    </p>
   </div>
   <div class='ocr_carea' id='block_1_72' title="bbox 82 2052 862 2089">
    <p class='ocr_par' dir='ltr' id='par_1_72' title="bbox 82 2052 862 2089">
     <span class='ocr_line' id='line_1_72' title="bbox 82 2052 862 2089; baseline -0.004 -8"><span class='ocrx_word' id='word_1_506' title='bbox 82 2062 142 2089; x_wconf 64' lang='lat' dir='ltr'><strong>qua:</strong></span> <span class='ocrx_word' id='word_1_507' title='bbox 156 2055 235 2082; x_wconf 90' lang='lat' dir='ltr'><strong>vobis</strong></span> <span class='ocrx_word' id='word_1_508' title='bbox 259 2053 437 2081; x_wconf 86' lang='lat' dir='ltr'><strong>sacerdotalis</strong></span> <span class='ocrx_word' id='word_1_509' title='bbox 453 2058 538 2080; x_wconf 88' lang='lat' dir='ltr'><strong>mater</strong></span> <span class='ocrx_word' id='word_1_510' title='bbox 559 2057 601 2080; x_wconf 88' lang='lat' dir='ltr'><strong>est</strong></span> <span class='ocrx_word' id='word_1_511' title='bbox 617 2052 766 2088; x_wconf 80' lang='lat' dir='ltr'><strong>dignitatis,</strong></span> <span class='ocrx_word' id='word_1_512' title='bbox 789 2055 862 2079; x_wconf 86' lang='lat' dir='ltr'><strong>esset</strong></span> 
     </span>
    </p>
   </div>
   <div class='ocr_carea' id='block_1_73' title="bbox 82 2098 863 2136">
    <p class='ocr_par' dir='ltr' id='par_1_73' title="bbox 82 2098 863 2136">
     <span class='ocr_line' id='line_1_73' title="bbox 82 2098 863 2136; baseline -0.004 -8"><span class='ocrx_word' id='word_1_513' title='bbox 82 2101 277 2129; x_wconf 71' lang='lat' dir='ltr'><strong>ecclesiastica:</strong></span> <span class='ocrx_word' id='word_1_514' title='bbox 304 2101 433 2136; x_wconf 76' lang='lat' dir='ltr'><strong>magistra</strong></span> <span class='ocrx_word' id='word_1_515' title='bbox 456 2099 578 2127; x_wconf 86' lang='lat' dir='ltr'><strong>rationis.</strong></span> <span class='ocrx_word' id='word_1_516' title='bbox 611 2098 698 2131; x_wconf 84' lang='lat' dir='ltr'><strong>Unde,</strong></span> <span class='ocrx_word' id='word_1_517' title='bbox 716 2098 788 2126; x_wconf 90' lang='lat' dir='ltr'><strong>sicut</strong></span> <span class='ocrx_word' id='word_1_518' title='bbox 812 2106 863 2126; x_wconf 83' lang='lat' dir='ltr'><strong>nos</strong></span> 
     </span>
    </p>
   </div>
   <div class='ocr_carea' id='block_1_74' title="bbox 83 2145 862 2182">
    <p class='ocr_par' dir='ltr' id='par_1_74' title="bbox 83 2145 862 2182">
     <span class='ocr_line' id='line_1_74' title="bbox 83 2145 862 2182; baseline -0.005 -7"><span class='ocrx_word' id='word_1_519' title='bbox 83 2149 196 2175; x_wconf 91' lang='lat' dir='ltr'><strong>multum</strong></span> <span class='ocrx_word' id='word_1_520' title='bbox 216 2154 250 2174; x_wconf 91' lang='lat' dir='ltr'><strong>ea</strong></span> <span class='ocrx_word' id='word_1_521' title='bbox 264 2154 324 2182; x_wconf 63' lang='lat' dir='ltr'><strong>quae</strong></span> <span class='ocrx_word' id='word_1_522' title='bbox 339 2146 415 2173; x_wconf 84' lang='lat' dir='ltr'><strong>vobis</strong></span> <span class='ocrx_word' id='word_1_523' title='bbox 432 2145 478 2180; x_wconf 84' lang='lat' dir='ltr'><strong>pie</strong></span> <span class='ocrx_word' id='word_1_524' title='bbox 500 2149 627 2180; x_wconf 85' lang='lat' dir='ltr'><strong>recteque</strong></span> <span class='ocrx_word' id='word_1_525' title='bbox 649 2148 712 2172; x_wconf 91' lang='lat' dir='ltr'><strong>sunt</strong></span> <span class='ocrx_word' id='word_1_526' title='bbox 727 2149 799 2177; x_wconf 87' lang='lat' dir='ltr'><strong>acta,</strong></span> <span class='ocrx_word' id='word_1_527' title='bbox 816 2145 862 2171; x_wconf 68' lang='lat' dir='ltr'><strong>lat-</strong></span> 
     </span>
    </p>
   </div>
   <div class='ocr_carea' id='block_1_75' title="bbox 83 2193 862 2228">
    <p class='ocr_par' dir='ltr' id='par_1_75' title="bbox 83 2193 862 2228">
     <span class='ocr_line' id='line_1_75' title="bbox 83 2193 862 2228; baseline -0.003 -8"><span class='ocrx_word' id='word_1_528' title='bbox 83 2194 198 2225; x_wconf 89' lang='lat' dir='ltr'><strong>tiﬁcant,</strong></span> <span class='ocrx_word' id='word_1_529' title='bbox 217 2195 254 2221; x_wconf 89' lang='lat' dir='ltr'><strong>ita</strong></span> <span class='ocrx_word' id='word_1_530' title='bbox 277 2193 390 2219; x_wconf 92' lang='lat' dir='ltr'><strong>nimium</strong></span> <span class='ocrx_word' id='word_1_531' title='bbox 411 2201 442 2220; x_wconf 90' lang='lat' dir='ltr'><strong>ea</strong></span> <span class='ocrx_word' id='word_1_532' title='bbox 462 2200 522 2228; x_wconf 67' lang='lat' dir='ltr'><strong>qua:</strong></span> <span class='ocrx_word' id='word_1_533' title='bbox 537 2196 602 2220; x_wconf 91' lang='lat' dir='ltr'><strong>sunt</strong></span> <span class='ocrx_word' id='word_1_534' title='bbox 622 2199 762 2227; x_wconf 89' lang='lat' dir='ltr'><strong>perperam</strong></span> <span class='ocrx_word' id='word_1_535' title='bbox 775 2196 862 2226; x_wconf 81' lang='lat' dir='ltr'><strong>gesta,</strong></span> 
     </span>
    </p>
   </div>
   <div class='ocr_carea' id='block_1_76' title="bbox 83 2237 863 2272">
    <p class='ocr_par' dir='ltr' id='par_1_76' title="bbox 83 2237 863 2272">
     <span class='ocr_line' id='line_1_76' title="bbox 83 2237 863 2272; baseline -0.005 -6"><span class='ocrx_word' id='word_1_536' title='bbox 83 2239 258 2268; x_wconf 84' lang='lat' dir='ltr'><strong>contristant.</strong></span> <span class='ocrx_word' id='word_1_537' title='bbox 279 2238 413 2271; x_wconf 85' lang='lat' dir='ltr'><strong>Quoniam</strong></span> <span class='ocrx_word' id='word_1_538' title='bbox 429 2245 541 2265; x_wconf 84' lang='lat' dir='ltr'><strong>necesse</strong></span> <span class='ocrx_word' id='word_1_539' title='bbox 555 2241 606 2270; x_wconf 86' lang='lat' dir='ltr'><strong>est,</strong></span> <span class='ocrx_word' id='word_1_540' title='bbox 634 2241 694 2272; x_wconf 91' lang='lat' dir='ltr'><strong>post</strong></span> <span class='ocrx_word' id='word_1_541' title='bbox 717 2237 863 2263; x_wconf 88' lang='lat' dir='ltr'><strong>multarum</strong></span> 
     </span>
    </p>
   </div>
   <div class='ocr_carea' id='block_1_77' title="bbox 82 2283 863 2320">
    <p class='ocr_par' dir='ltr' id='par_1_77' title="bbox 82 2283 863 2320">
     <span class='ocr_line' id='line_1_77' title="bbox 82 2283 863 2320; baseline -0.004 -8"><span class='ocrx_word' id='word_1_542' title='bbox 82 2285 178 2312; x_wconf 84' lang='lat' dir='ltr'><strong>talium</strong></span> <span class='ocrx_word' id='word_1_543' title='bbox 209 2285 395 2320; x_wconf 80' lang='lat' dir='ltr'><strong>experimenta</strong></span> <span class='ocrx_word' id='word_1_544' title='bbox 417 2291 572 2315; x_wconf 82' lang='lat' dir='ltr'><strong>causarum,</strong></span> <span class='ocrx_word' id='word_1_545' title='bbox 595 2284 651 2310; x_wconf 65' lang='lat' dir='ltr'><strong>hate</strong></span> <span class='ocrx_word' id='word_1_546' title='bbox 674 2283 701 2309; x_wconf 95' lang='lat' dir='ltr'><strong>in</strong></span> <span class='ocrx_word' id='word_1_547' title='bbox 724 2285 863 2317; x_wconf 82' lang='lat' dir='ltr'><strong>posterum</strong></span> 
     </span>
    </p>
   </div>
   <div class='ocr_carea' id='block_1_78' title="bbox 83 2330 863 2365">
    <p class='ocr_par' dir='ltr' id='par_1_78' title="bbox 83 2330 863 2365">
     <span class='ocr_line' id='line_1_78' title="bbox 83 2330 863 2365; baseline -0.004 -6"><span class='ocrx_word' id='word_1_548' title='bbox 83 2331 228 2359; x_wconf 87' lang='lat' dir='ltr'><strong>sollicitius</strong></span> <span class='ocrx_word' id='word_1_549' title='bbox 240 2330 369 2365; x_wconf 89' lang='lat' dir='ltr'><strong>prospici,</strong></span> <span class='ocrx_word' id='word_1_550' title='bbox 384 2334 411 2357; x_wconf 89' lang='lat' dir='ltr'><strong>et</strong></span> <span class='ocrx_word' id='word_1_551' title='bbox 421 2330 578 2364; x_wconf 80' lang='lat' dir='ltr'><strong>diligentius</strong></span> <span class='ocrx_word' id='word_1_552' title='bbox 591 2331 748 2364; x_wconf 59' lang='lat' dir='ltr'><strong>praecaveri,</strong></span> <span class='ocrx_word' id='word_1_553' title='bbox 767 2333 863 2364; x_wconf 91' lang='lat' dir='ltr'><strong>quate-</strong></span> 
     </span>
    </p>
   </div>
   <div class='ocr_carea' id='block_1_79' title="bbox 83 2377 863 2412">
    <p class='ocr_par' dir='ltr' id='par_1_79' title="bbox 83 2377 863 2412">
     <span class='ocr_line' id='line_1_79' title="bbox 83 2377 863 2412; baseline 0 -8"><span class='ocrx_word' id='word_1_554' title='bbox 83 2385 135 2404; x_wconf 90' lang='lat' dir='ltr'><strong>nus</strong></span> <span class='ocrx_word' id='word_1_555' title='bbox 160 2385 191 2404; x_wconf 89' lang='lat' dir='ltr'><strong>ea</strong></span> <span class='ocrx_word' id='word_1_556' title='bbox 205 2385 266 2412; x_wconf 83' lang='lat' dir='ltr'><strong>quae</strong></span> <span class='ocrx_word' id='word_1_557' title='bbox 288 2382 352 2405; x_wconf 88' lang='lat' dir='ltr'><strong>sunt</strong></span> <span class='ocrx_word' id='word_1_558' title='bbox 374 2378 408 2404; x_wconf 89' lang='lat' dir='ltr'><strong>ah</strong></span> <span class='ocrx_word' id='word_1_559' title='bbox 430 2377 560 2412; x_wconf 86' lang='lat' dir='ltr'><strong>apostolis</strong></span> <span class='ocrx_word' id='word_1_560' title='bbox 580 2383 730 2410; x_wconf 85' lang='lat' dir='ltr'><strong>eorumque</strong></span> <span class='ocrx_word' id='word_1_561' title='bbox 752 2383 863 2404; x_wconf 84' lang='lat' dir='ltr'><strong>succes-</strong></span> 
     </span>
    </p>
   </div>
   <div class='ocr_carea' id='block_1_80' title="bbox 82 2421 862 2457">
    <p class='ocr_par' dir='ltr' id='par_1_80' title="bbox 82 2421 862 2457">
     <span class='ocr_line' id='line_1_80' title="bbox 82 2421 862 2457; baseline -0.005 -5"><span class='ocrx_word' id='word_1_562' title='bbox 82 2423 192 2452; x_wconf 80' lang='lat' dir='ltr'><strong>soribus</strong></span> <span class='ocrx_word' id='word_1_563' title='bbox 215 2428 326 2457; x_wconf 86' lang='lat' dir='ltr'><strong>statuta,</strong></span> <span class='ocrx_word' id='word_1_564' title='bbox 351 2424 424 2451; x_wconf 90' lang='lat' dir='ltr'><strong>nulla</strong></span> <span class='ocrx_word' id='word_1_565' title='bbox 450 2423 554 2451; x_wconf 70' lang='lat' dir='ltr'><strong>desidia</strong></span> <span class='ocrx_word' id='word_1_566' title='bbox 581 2423 762 2457; x_wconf 82' lang='lat' dir='ltr'><strong>negligantur.</strong></span> <span class='ocrx_word' id='word_1_567' title='bbox 789 2421 862 2449; x_wconf 91' lang='lat' dir='ltr'><strong>nulla</strong></span> 
     </span>
    </p>
   </div>
   <div class='ocr_carea' id='block_1_81' title="bbox 83 2468 861 2503">
    <p class='ocr_par' dir='ltr' id='par_1_81' title="bbox 83 2468 861 2503">
     <span class='ocr_line' id='line_1_81' title="bbox 83 2468 861 2503; baseline -0.004 -5"><span class='ocrx_word' id='word_1_568' title='bbox 83 2470 256 2498; x_wconf 87' lang='lat' dir='ltr'><strong>dissensione</strong></span> <span class='ocrx_word' id='word_1_569' title='bbox 270 2471 416 2503; x_wconf 86' lang='lat' dir='ltr'><strong>violentur,</strong></span> <span class='ocrx_word' id='word_1_570' title='bbox 441 2470 515 2497; x_wconf 87' lang='lat' dir='ltr'><strong>nulla</strong></span> <span class='ocrx_word' id='word_1_571' title='bbox 532 2469 736 2496; x_wconf 86' lang='lat' dir='ltr'><strong>concertatione</strong></span> <span class='ocrx_word' id='word_1_572' title='bbox 749 2468 861 2495; x_wconf 84' lang='lat' dir='ltr'><strong>turben-</strong></span> 
     </span>
    </p>
   </div>
   <div class='ocr_carea' id='block_1_82' title="bbox 116 2580 403 2614">
    <p class='ocr_par' dir='ltr' id='par_1_82' title="bbox 116 2580 403 2614">
     <span class='ocr_line' id='line_1_82' title="bbox 116 2580 403 2614; baseline -0.003 -5"><span class='ocrx_word' id='word_1_573' title='bbox 116 2582 139 2597; x_wconf 84' lang='lat'><strong>&quot;</strong></span> <span class='ocrx_word' id='word_1_574' title='bbox 157 2582 235 2610; x_wconf 78' lang='lat' dir='ltr'><strong>Rom.</strong></span> <span class='ocrx_word' id='word_1_575' title='bbox 255 2588 308 2614; x_wconf 88' lang='lat' dir='ltr'><strong>xtl,</strong></span> <span class='ocrx_word' id='word_1_576' title='bbox 324 2580 358 2614; x_wconf 77' lang='grc'><strong>4,</strong></span> <span class='ocrx_word' id='word_1_577' title='bbox 376 2581 403 2608; x_wconf 76' lang='lat'><strong>5.</strong></span> 
     </span>
    </p>
   </div>
   <div class='ocr_carea' id='block_1_83' title="bbox 115 2690 710 2727">
    <p class='ocr_par' dir='ltr' id='par_1_83' title="bbox 115 2690 710 2727">
     <span class='ocr_line' id='line_1_83' title="bbox 115 2690 710 2727; baseline -0.007 -7"><span class='ocrx_word' id='word_1_578' title='bbox 115 2693 171 2727; x_wconf 78' lang='lat'><strong>(57)</strong></span> <span class='ocrx_word' id='word_1_579' title='bbox 186 2691 309 2720; x_wconf 85' lang='lat' dir='ltr'><strong>Africani</strong></span> <span class='ocrx_word' id='word_1_580' title='bbox 323 2691 374 2718; x_wconf 83' lang='lat' dir='ltr'><strong>PP.</strong></span> <span class='ocrx_word' id='word_1_581' title='bbox 389 2691 416 2719; x_wconf 89' lang='lat' dir='ltr'><strong>in</strong></span> <span class='ocrx_word' id='word_1_582' title='bbox 430 2699 473 2727; x_wconf 89' lang='lat' dir='ltr'><strong>ep.</strong></span> <span class='ocrx_word' id='word_1_583' title='bbox 485 2692 518 2719; x_wconf 90' lang='lat' dir='ltr'><strong>ad</strong></span> <span class='ocrx_word' id='word_1_584' title='bbox 533 2690 710 2718; x_wconf 85' lang='lat' dir='ltr'><strong>Bonifacium.</strong></span> 
     </span>
    </p>
   </div>
   <div class='ocr_carea' id='block_1_84' title="bbox 913 1641 1701 1677">
    <p class='ocr_par' dir='ltr' id='par_1_84' title="bbox 913 1641 1701 1677">
     <span class='ocr_line' id='line_1_84' title="bbox 913 1641 1701 1677; baseline 0.001 -9"><span class='ocrx_word' id='word_1_585' title='bbox 913 1641 1083 1676; x_wconf 83' lang='lat' dir='ltr'><strong>pontiﬁcum,</strong></span> <span class='ocrx_word' id='word_1_586' title='bbox 1097 1642 1137 1668; x_wconf 90' lang='lat' dir='ltr'><strong>vel</strong></span> <span class='ocrx_word' id='word_1_587' title='bbox 1149 1642 1277 1669; x_wconf 90' lang='lat' dir='ltr'><strong>ordinum</strong></span> <span class='ocrx_word' id='word_1_588' title='bbox 1290 1643 1515 1677; x_wconf 84' lang='lat' dir='ltr'><strong>subsequentium</strong></span> <span class='ocrx_word' id='word_1_589' title='bbox 1533 1643 1603 1670; x_wconf 87' lang='lat' dir='ltr'><strong>hanc</strong></span> <span class='ocrx_word' id='word_1_590' title='bbox 1622 1650 1701 1677; x_wconf 73' lang='lat' dir='ltr'><strong>regu-</strong></span> 
     </span>
    </p>
   </div>
   <div class='ocr_carea' id='block_1_85' title="bbox 912 1686 1697 1724">
    <p class='ocr_par' dir='ltr' id='par_1_85' title="bbox 912 1686 1697 1724">
     <span class='ocr_line' id='line_1_85' title="bbox 912 1686 1697 1724; baseline 0.004 -11"><span class='ocrx_word' id='word_1_591' title='bbox 912 1686 967 1713; x_wconf 86' lang='lat' dir='ltr'><strong>lam</strong></span> <span class='ocrx_word' id='word_1_592' title='bbox 979 1686 1107 1718; x_wconf 83' lang='lat' dir='ltr'><strong>refutare,</strong></span> <span class='ocrx_word' id='word_1_593' title='bbox 1116 1694 1197 1722; x_wconf 90' lang='lat' dir='ltr'><strong>qnam</strong></span> <span class='ocrx_word' id='word_1_594' title='bbox 1214 1687 1286 1714; x_wconf 88' lang='lat' dir='ltr'><strong>beati</strong></span> <span class='ocrx_word' id='word_1_595' title='bbox 1300 1687 1372 1715; x_wconf 86' lang='lat' dir='ltr'><strong>Petri</strong></span> <span class='ocrx_word' id='word_1_596' title='bbox 1386 1688 1466 1716; x_wconf 89' lang='lat' dir='ltr'><strong>ﬁdem</strong></span> <span class='ocrx_word' id='word_1_597' title='bbox 1475 1689 1563 1716; x_wconf 79' lang='lat' dir='ltr'><strong>valeat</strong></span> <span class='ocrx_word' id='word_1_598' title='bbox 1577 1693 1605 1716; x_wconf 89' lang='lat' dir='ltr'><strong>et</strong></span> <span class='ocrx_word' id='word_1_599' title='bbox 1619 1689 1697 1724; x_wconf 85' lang='lat' dir='ltr'><strong>sequi</strong></span> 
     </span>
    </p>
   </div>
   <div class='ocr_carea' id='block_1_86' title="bbox 913 1731 1695 1772">
    <p class='ocr_par' dir='ltr' id='par_1_86' title="bbox 913 1731 1695 1772">
     <span class='ocr_line' id='line_1_86' title="bbox 913 1731 1695 1772; baseline 0.004 -14"><span class='ocrx_word' id='word_1_600' title='bbox 913 1737 938 1758; x_wconf 89' lang='lat' dir='ltr'><strong>et</strong></span> <span class='ocrx_word' id='word_1_601' title='bbox 954 1731 1062 1759; x_wconf 86' lang='lat' dir='ltr'><strong>docere.</strong></span> <span class='ocrx_word' id='word_1_602' title='bbox 1084 1731 1196 1768; x_wconf 81' lang='lat' dir='ltr'><strong>Multum</strong></span> <span class='ocrx_word' id='word_1_603' title='bbox 1216 1733 1287 1760; x_wconf 92' lang='lat' dir='ltr'><strong>enim</strong></span> <span class='ocrx_word' id='word_1_604' title='bbox 1308 1734 1434 1761; x_wconf 88' lang='lat' dir='ltr'><strong>convenit</strong></span> <span class='ocrx_word' id='word_1_605' title='bbox 1447 1739 1477 1761; x_wconf 90' lang='lat' dir='ltr'><strong>ut</strong></span> <span class='ocrx_word' id='word_1_606' title='bbox 1492 1738 1577 1761; x_wconf 76' lang='lat' dir='ltr'><strong>toturn</strong></span> <span class='ocrx_word' id='word_1_607' title='bbox 1595 1742 1695 1772; x_wconf 80' lang='lat' dir='ltr'><strong>corpus</strong></span> 
     </span>
    </p>
   </div>
   <div class='ocr_carea' id='block_1_87' title="bbox 913 1777 1696 1812">
    <p class='ocr_par' dir='ltr' id='par_1_87' title="bbox 913 1777 1696 1812">
     <span class='ocr_line' id='line_1_87' title="bbox 913 1777 1696 1812; baseline 0.005 -9"><span class='ocrx_word' id='word_1_608' title='bbox 913 1777 1040 1805; x_wconf 75' lang='lat' dir='ltr'><strong>Ecclesia:</strong></span> <span class='ocrx_word' id='word_1_609' title='bbox 1060 1777 1088 1804; x_wconf 91' lang='lat' dir='ltr'><strong>in</strong></span> <span class='ocrx_word' id='word_1_610' title='bbox 1108 1778 1158 1805; x_wconf 92' lang='lat' dir='ltr'><strong>hac</strong></span> <span class='ocrx_word' id='word_1_611' title='bbox 1180 1778 1288 1806; x_wconf 89' lang='lat' dir='ltr'><strong>sibimet</strong></span> <span class='ocrx_word' id='word_1_612' title='bbox 1309 1779 1500 1807; x_wconf 84' lang='lat' dir='ltr'><strong>observatione</strong></span> <span class='ocrx_word' id='word_1_613' title='bbox 1531 1780 1696 1812; x_wconf 74' lang='lat' dir='ltr'><strong>concordet,</strong></span> 
     </span>
    </p>
   </div>
   <div class='ocr_carea' id='block_1_88' title="bbox 913 1823 1700 1858">
    <p class='ocr_par' dir='ltr' id='par_1_88' title="bbox 913 1823 1700 1858">
     <span class='ocr_line' id='line_1_88' title="bbox 913 1823 1700 1858; baseline 0.005 -9"><span class='ocrx_word' id='word_1_614' title='bbox 913 1830 973 1857; x_wconf 76' lang='lat' dir='ltr'><strong>quae</strong></span> <span class='ocrx_word' id='word_1_615' title='bbox 994 1823 1056 1851; x_wconf 86' lang='lat' dir='ltr'><strong>inde</strong></span> <span class='ocrx_word' id='word_1_616' title='bbox 1078 1824 1268 1852; x_wconf 87' lang='lat' dir='ltr'><strong>auctoritatem</strong></span> <span class='ocrx_word' id='word_1_617' title='bbox 1287 1825 1378 1858; x_wconf 90' lang='lat' dir='ltr'><strong>habet,-</strong></span> <span class='ocrx_word' id='word_1_618' title='bbox 1395 1826 1441 1853; x_wconf 94' lang='lat' dir='ltr'><strong>ubi</strong></span> <span class='ocrx_word' id='word_1_619' title='bbox 1463 1825 1593 1854; x_wconf 84' lang='lat' dir='ltr'><strong>Dominus</strong></span> <span class='ocrx_word' id='word_1_620' title='bbox 1608 1825 1700 1853; x_wconf 86' lang='lat' dir='ltr'><strong>Eccle-</strong></span> 
     </span>
    </p>
   </div>
   <div class='ocr_carea' id='block_1_89' title="bbox 913 1869 1697 1906">
    <p class='ocr_par' dir='ltr' id='par_1_89' title="bbox 913 1869 1697 1906">
     <span class='ocr_line' id='line_1_89' title="bbox 913 1869 1697 1906; baseline 0.003 -10"><span class='ocrx_word' id='word_1_621' title='bbox 913 1869 960 1896; x_wconf 68' lang='lat' dir='ltr'><strong>sia:</strong></span> <span class='ocrx_word' id='word_1_622' title='bbox 977 1869 1060 1897; x_wconf 88' lang='lat' dir='ltr'><strong>totius</strong></span> <span class='ocrx_word' id='word_1_623' title='bbox 1081 1871 1172 1905; x_wconf 68' lang='lat' dir='ltr'><strong>posuit</strong></span> <span class='ocrx_word' id='word_1_624' title='bbox 1188 1871 1380 1906; x_wconf 88' lang='lat' dir='ltr'><strong>principatum,</strong></span> <span class='ocrx_word' id='word_1_625' title='bbox 1403 1872 1511 1899; x_wconf 88' lang='lat' dir='ltr'><strong>dicente</strong></span> <span class='ocrx_word' id='word_1_626' title='bbox 1531 1871 1672 1906; x_wconf 83' lang='lat' dir='ltr'><strong>Scriptura</strong></span> <span class='ocrx_word' id='word_1_627' title='bbox 1690 1881 1697 1899; x_wconf 89' lang='lat'><strong>:</strong></span> 
     </span>
    </p>
   </div>
   <div class='ocr_carea' id='block_1_90' title="bbox 914 1914 1700 1945">
    <p class='ocr_par' dir='ltr' id='par_1_90' title="bbox 914 1914 1700 1945">
     <span class='ocr_line' id='line_1_90' title="bbox 914 1914 1700 1945; baseline 0.003 -3"><span class='ocrx_word' id='word_1_628' title='bbox 914 1914 1052 1942; x_wconf 84' lang='lat' dir='ltr'><strong>Ordinavit</strong></span> <span class='ocrx_word' id='word_1_629' title='bbox 1076 1915 1104 1941; x_wconf 83' lang='lat' dir='ltr'><strong>in</strong></span> <span class='ocrx_word' id='word_1_630' title='bbox 1127 1924 1167 1942; x_wconf 78' lang='lat' dir='ltr'><strong>me</strong></span> <span class='ocrx_word' id='word_1_631' title='bbox 1191 1916 1348 1944; x_wconf 79' lang='lat' dir='ltr'><strong>charitatem</strong></span> <span class='ocrx_word' id='word_1_632' title='bbox 1367 1916 1401 1942; x_wconf 81' lang='lat'><strong>&quot;.-</strong></span> <span class='ocrx_word' id='word_1_633' title='bbox 1424 1917 1456 1944; x_wconf 85' lang='lat' dir='ltr'><strong>Et</strong></span> <span class='ocrx_word' id='word_1_634' title='bbox 1484 1917 1548 1945; x_wconf 88' lang='lat' dir='ltr'><strong>item</strong></span> <span class='ocrx_word' id='word_1_635' title='bbox 1572 1925 1579 1943; x_wconf 73' lang='grc' dir='ltr'><strong>ε</strong></span> <span class='ocrx_word' id='word_1_636' title='bbox 1603 1917 1700 1945; x_wconf 82' lang='lat' dir='ltr'><strong>Omnia</strong></span> 
     </span>
    </p>
   </div>
   <div class='ocr_carea' id='block_1_91' title="bbox 914 1960 1699 1999">
    <p class='ocr_par' dir='ltr' id='par_1_91' title="bbox 914 1960 1699 1999">
     <span class='ocr_line' id='line_1_91' title="bbox 914 1960 1699 1999; baseline 0.004 -12"><span class='ocrx_word' id='word_1_637' title='bbox 914 1969 972 1988; x_wconf 78' lang='lat' dir='ltr'><strong>eum</strong></span> <span class='ocrx_word' id='word_1_638' title='bbox 999 1960 1093 1988; x_wconf 85' lang='lat' dir='ltr'><strong>ordine</strong></span> <span class='ocrx_word' id='word_1_639' title='bbox 1114 1962 1180 1996; x_wconf 84' lang='lat' dir='ltr'><strong>ﬁant</strong></span> <span class='ocrx_word' id='word_1_640' title='bbox 1200 1963 1234 1989; x_wconf 69' lang='grc' dir='ltr'><strong>τ’.</strong></span> <span class='ocrx_word' id='word_1_641' title='bbox 1261 1962 1415 1999; x_wconf 87' lang='lat' dir='ltr'><strong>lternmque</strong></span> <span class='ocrx_word' id='word_1_642' title='bbox 1432 1962 1578 1991; x_wconf 88' lang='lat' dir='ltr'><strong>Psalmista</strong></span> <span class='ocrx_word' id='word_1_643' title='bbox 1600 1963 1699 1999; x_wconf 54' lang='lat' dir='ltr'><strong>praediv</strong></span> 
     </span>
    </p>
   </div>
   <div class='ocr_carea' id='block_1_92' title="bbox 914 2006 1698 2044">
    <p class='ocr_par' dir='ltr' id='par_1_92' title="bbox 914 2006 1698 2044">
     <span class='ocr_line' id='line_1_92' title="bbox 914 2006 1698 2044; baseline 0.004 -11"><span class='ocrx_word' id='word_1_644' title='bbox 914 2011 993 2034; x_wconf 90' lang='lat' dir='ltr'><strong>cante</strong></span> <span class='ocrx_word' id='word_1_645' title='bbox 1024 2016 1031 2034; x_wconf 87' lang='lat'><strong>:</strong></span> <span class='ocrx_word' id='word_1_646' title='bbox 1056 2006 1225 2035; x_wconf 76' lang='lat' dir='ltr'><strong>Circumdatc</strong></span> <span class='ocrx_word' id='word_1_647' title='bbox 1254 2009 1318 2036; x_wconf 86' lang='lat' dir='ltr'><strong>Sion</strong></span> <span class='ocrx_word' id='word_1_648' title='bbox 1343 2014 1369 2037; x_wconf 87' lang='lat' dir='ltr'><strong>et</strong></span> <span class='ocrx_word' id='word_1_649' title='bbox 1395 2010 1599 2044; x_wconf 77' lang='lat' dir='ltr'><strong>complectimini</strong></span> <span class='ocrx_word' id='word_1_650' title='bbox 1628 2018 1698 2042; x_wconf 74' lang='lat' dir='ltr'><strong>eam,</strong></span> 
     </span>
    </p>
   </div>
   <div class='ocr_carea' id='block_1_93' title="bbox 913 2053 1699 2089">
    <p class='ocr_par' dir='ltr' id='par_1_93' title="bbox 913 2053 1699 2089">
     <span class='ocr_line' id='line_1_93' title="bbox 913 2053 1699 2089; baseline 0.005 -10"><span class='ocrx_word' id='word_1_651' title='bbox 913 2058 1022 2079; x_wconf 71' lang='lat' dir='ltr'><strong>narrate</strong></span> <span class='ocrx_word' id='word_1_652' title='bbox 1045 2053 1073 2079; x_wconf 88' lang='lat' dir='ltr'><strong>in</strong></span> <span class='ocrx_word' id='word_1_653' title='bbox 1102 2054 1218 2081; x_wconf 74' lang='lat' dir='ltr'><strong>turribus</strong></span> <span class='ocrx_word' id='word_1_654' title='bbox 1242 2055 1309 2089; x_wconf 79' lang='lat' dir='ltr'><strong>ejus.</strong></span> <span class='ocrx_word' id='word_1_655' title='bbox 1336 2055 1431 2082; x_wconf 84' lang='lat' dir='ltr'><strong>Ponite</strong></span> <span class='ocrx_word' id='word_1_656' title='bbox 1456 2056 1537 2082; x_wconf 85' lang='lat' dir='ltr'><strong>corda</strong></span> <span class='ocrx_word' id='word_1_657' title='bbox 1559 2061 1646 2083; x_wconf 79' lang='lat' dir='ltr'><strong>vestra</strong></span> <span class='ocrx_word' id='word_1_658' title='bbox 1672 2058 1699 2083; x_wconf 87' lang='lat' dir='ltr'><strong>in</strong></span> 
     </span>
    </p>
   </div>
   <div class='ocr_carea' id='block_1_94' title="bbox 913 2098 1700 2137">
    <p class='ocr_par' dir='ltr' id='par_1_94' title="bbox 913 2098 1700 2137">
     <span class='ocr_line' id='line_1_94' title="bbox 913 2098 1700 2137; baseline 0.006 -13"><span class='ocrx_word' id='word_1_659' title='bbox 913 2099 1008 2125; x_wconf 79' lang='lat' dir='ltr'><strong>virtute</strong></span> <span class='ocrx_word' id='word_1_660' title='bbox 1028 2098 1095 2133; x_wconf 82' lang='lat' dir='ltr'><strong>ejus,</strong></span> <span class='ocrx_word' id='word_1_661' title='bbox 1110 2105 1139 2126; x_wconf 83' lang='lat' dir='ltr'><strong>ut</strong></span> <span class='ocrx_word' id='word_1_662' title='bbox 1155 2103 1283 2128; x_wconf 85' lang='lat' dir='ltr'><strong>enarretis</strong></span> <span class='ocrx_word' id='word_1_663' title='bbox 1303 2102 1330 2128; x_wconf 83' lang='lat' dir='ltr'><strong>in</strong></span> <span class='ocrx_word' id='word_1_664' title='bbox 1345 2102 1477 2136; x_wconf 74' lang='lat' dir='ltr'><strong>progenies</strong></span> <span class='ocrx_word' id='word_1_665' title='bbox 1494 2102 1591 2128; x_wconf 84' lang='lat' dir='ltr'><strong>alteras</strong></span> <span class='ocrx_word' id='word_1_666' title='bbox 1610 2110 1618 2128; x_wconf 86' lang='lat'><strong>.&#39;</strong></span> <span class='ocrx_word' id='word_1_667' title='bbox 1634 2111 1700 2137; x_wconf 87' lang='lat' dir='ltr'><strong>quo-</strong></span> 
     </span>
    </p>
   </div>
   <div class='ocr_carea' id='block_1_95' title="bbox 915 2144 1699 2177">
    <p class='ocr_par' dir='ltr' id='par_1_95' title="bbox 915 2144 1699 2177">
     <span class='ocr_line' id='line_1_95' title="bbox 915 2144 1699 2177; baseline 0.006 -7"><span class='ocrx_word' id='word_1_668' title='bbox 915 2145 986 2171; x_wconf 84' lang='lat' dir='ltr'><strong>niam</strong></span> <span class='ocrx_word' id='word_1_669' title='bbox 1005 2144 1046 2171; x_wconf 84' lang='lat' dir='ltr'><strong>hic</strong></span> <span class='ocrx_word' id='word_1_670' title='bbox 1067 2150 1104 2172; x_wconf 89' lang='lat' dir='ltr'><strong>est</strong></span> <span class='ocrx_word' id='word_1_671' title='bbox 1125 2145 1254 2174; x_wconf 83' lang='lat' dir='ltr'><strong>Dominus</strong></span> <span class='ocrx_word' id='word_1_672' title='bbox 1271 2146 1341 2174; x_wconf 86' lang='lat' dir='ltr'><strong>Deus</strong></span> <span class='ocrx_word' id='word_1_673' title='bbox 1363 2152 1451 2174; x_wconf 80' lang='lat' dir='ltr'><strong>noster</strong></span> <span class='ocrx_word' id='word_1_674' title='bbox 1467 2147 1498 2174; x_wconf 77' lang='lat' dir='ltr'><strong>in</strong></span> <span class='ocrx_word' id='word_1_675' title='bbox 1522 2152 1659 2177; x_wconf 77' lang='lat' dir='ltr'><strong>wternum.</strong></span> <span class='ocrx_word' id='word_1_676' title='bbox 1674 2153 1699 2175; x_wconf 79' lang='lat' dir='ltr'><strong>et</strong></span> 
     </span>
    </p>
   </div>
   <div class='ocr_carea' id='block_1_96' title="bbox 914 2191 1700 2226">
    <p class='ocr_par' dir='ltr' id='par_1_96' title="bbox 914 2191 1700 2226">
     <span class='ocr_line' id='line_1_96' title="bbox 914 2191 1700 2226; baseline 0.004 -9"><span class='ocrx_word' id='word_1_677' title='bbox 914 2192 969 2225; x_wconf 82' lang='lat' dir='ltr'><strong>ipse</strong></span> <span class='ocrx_word' id='word_1_678' title='bbox 984 2196 1051 2226; x_wconf 84' lang='lat' dir='ltr'><strong>reget</strong></span> <span class='ocrx_word' id='word_1_679' title='bbox 1067 2199 1114 2218; x_wconf 82' lang='lat' dir='ltr'><strong>nos</strong></span> <span class='ocrx_word' id='word_1_680' title='bbox 1133 2192 1159 2217; x_wconf 89' lang='lat' dir='ltr'><strong>in</strong></span> <span class='ocrx_word' id='word_1_681' title='bbox 1176 2192 1273 2218; x_wconf 74' lang='lat' dir='ltr'><strong>swcula</strong></span> <span class='ocrx_word' id='word_1_682' title='bbox 1287 2192 1321 2219; x_wconf 64' lang='grc' dir='ltr'><strong>κθ.</strong></span> <span class='ocrx_word' id='word_1_683' title='bbox 1335 2191 1421 2219; x_wconf 77' lang='lat' dir='ltr'><strong>Ofﬁcii</strong></span> <span class='ocrx_word' id='word_1_684' title='bbox 1440 2193 1512 2220; x_wconf 92' lang='lat' dir='ltr'><strong>enim</strong></span> <span class='ocrx_word' id='word_1_685' title='bbox 1528 2194 1615 2221; x_wconf 86' lang='lat' dir='ltr'><strong>nostri</strong></span> <span class='ocrx_word' id='word_1_686' title='bbox 1632 2201 1700 2220; x_wconf 90' lang='lat' dir='ltr'><strong>con-</strong></span> 
     </span>
    </p>
   </div>
   <div class='ocr_carea' id='block_1_97' title="bbox 916 2236 1698 2271">
    <p class='ocr_par' dir='ltr' id='par_1_97' title="bbox 916 2236 1698 2271">
     <span class='ocr_line' id='line_1_97' title="bbox 916 2236 1698 2271; baseline 0.005 -8"><span class='ocrx_word' id='word_1_687' title='bbox 916 2236 1098 2269; x_wconf 85' lang='lat' dir='ltr'><strong>sideratione,</strong></span> <span class='ocrx_word' id='word_1_688' title='bbox 1122 2245 1177 2264; x_wconf 92' lang='lat' dir='ltr'><strong>non</strong></span> <span class='ocrx_word' id='word_1_689' title='bbox 1205 2241 1248 2264; x_wconf 90' lang='lat' dir='ltr'><strong>est</strong></span> <span class='ocrx_word' id='word_1_690' title='bbox 1272 2238 1350 2266; x_wconf 91' lang='lat' dir='ltr'><strong>nobis</strong></span> <span class='ocrx_word' id='word_1_691' title='bbox 1371 2238 1553 2271; x_wconf 85' lang='lat' dir='ltr'><strong>dissimulare,</strong></span> <span class='ocrx_word' id='word_1_692' title='bbox 1574 2247 1629 2267; x_wconf 91' lang='lat' dir='ltr'><strong>non</strong></span> <span class='ocrx_word' id='word_1_693' title='bbox 1656 2244 1698 2267; x_wconf 89' lang='lat' dir='ltr'><strong>est</strong></span> 
     </span>
    </p>
   </div>
   <div class='ocr_carea' id='block_1_98' title="bbox 881 2275 1700 2319">
    <p class='ocr_par' dir='ltr' id='par_1_98' title="bbox 881 2275 1700 2319">
     <span class='ocr_line' id='line_1_98' title="bbox 881 2275 1700 2319; baseline 0.004 -9"><span class='ocrx_word' id='word_1_694' title='bbox 881 2275 903 2302; x_wconf 79' lang='lat' dir='ltr'><strong>D</strong></span> <span class='ocrx_word' id='word_1_695' title='bbox 916 2286 1007 2310; x_wconf 90' lang='lat' dir='ltr'><strong>tacere</strong></span> <span class='ocrx_word' id='word_1_696' title='bbox 1028 2283 1159 2314; x_wconf 87' lang='lat' dir='ltr'><strong>liberum,</strong></span> <span class='ocrx_word' id='word_1_697' title='bbox 1179 2284 1278 2318; x_wconf 88' lang='lat' dir='ltr'><strong>quibus</strong></span> <span class='ocrx_word' id='word_1_698' title='bbox 1297 2284 1384 2319; x_wconf 81' lang='lat' dir='ltr'><strong>major</strong></span> <span class='ocrx_word' id='word_1_699' title='bbox 1409 2285 1517 2312; x_wconf 89' lang='lat' dir='ltr'><strong>cunctis</strong></span> <span class='ocrx_word' id='word_1_700' title='bbox 1537 2284 1700 2313; x_wconf 71' lang='lat' dir='ltr'><strong>Christianae</strong></span> 
     </span>
    </p>
   </div>
   <div class='ocr_carea' id='block_1_99' title="bbox 917 2328 1697 2365">
    <p class='ocr_par' dir='ltr' id='par_1_99' title="bbox 917 2328 1697 2365">
     <span class='ocr_line' id='line_1_99' title="bbox 917 2328 1697 2365; baseline 0.006 -11"><span class='ocrx_word' id='word_1_701' title='bbox 917 2328 1057 2363; x_wconf 78' lang='lat' dir='ltr'><strong>religionis</strong></span> <span class='ocrx_word' id='word_1_702' title='bbox 1081 2329 1155 2356; x_wconf 89' lang='lat' dir='ltr'><strong>zelus</strong></span> <span class='ocrx_word' id='word_1_703' title='bbox 1179 2329 1326 2362; x_wconf 85' lang='lat' dir='ltr'><strong>incumbit,</strong></span> <span class='ocrx_word' id='word_1_704' title='bbox 1345 2338 1380 2358; x_wconf 92' lang='lat' dir='ltr'><strong>ne</strong></span> <span class='ocrx_word' id='word_1_705' title='bbox 1400 2338 1449 2365; x_wconf 86' lang='lat' dir='ltr'><strong>per</strong></span> <span class='ocrx_word' id='word_1_706' title='bbox 1467 2331 1697 2365; x_wconf 86' lang='lat' dir='ltr'><strong>taciturnitatem,</strong></span> 
     </span>
    </p>
   </div>
   <div class='ocr_carea' id='block_1_100' title="bbox 916 2376 1699 2408">
    <p class='ocr_par' dir='ltr' id='par_1_100' title="bbox 916 2376 1699 2408">
     <span class='ocr_line' id='line_1_100' title="bbox 916 2376 1699 2408; baseline 0.005 -6"><span class='ocrx_word' id='word_1_707' title='bbox 916 2381 963 2403; x_wconf 91' lang='lat' dir='ltr'><strong>aut</strong></span> <span class='ocrx_word' id='word_1_708' title='bbox 987 2376 1088 2408; x_wconf 89' lang='lat' dir='ltr'><strong>favere,</strong></span> <span class='ocrx_word' id='word_1_709' title='bbox 1110 2380 1157 2403; x_wconf 89' lang='lat' dir='ltr'><strong>aut</strong></span> <span class='ocrx_word' id='word_1_710' title='bbox 1181 2377 1336 2405; x_wconf 86' lang='lat' dir='ltr'><strong>consentire</strong></span> <span class='ocrx_word' id='word_1_711' title='bbox 1359 2377 1500 2405; x_wconf 90' lang='lat' dir='ltr'><strong>videamur</strong></span> <span class='ocrx_word' id='word_1_712' title='bbox 1520 2377 1633 2406; x_wconf 83' lang='lat' dir='ltr'><strong>fratrum</strong></span> <span class='ocrx_word' id='word_1_713' title='bbox 1649 2387 1699 2406; x_wconf 83' lang='lat' dir='ltr'><strong>no-</strong></span> 
     </span>
    </p>
   </div>
   <div class='ocr_carea' id='block_1_101' title="bbox 914 2421 1699 2456">
    <p class='ocr_par' dir='ltr' id='par_1_101' title="bbox 914 2421 1699 2456">
     <span class='ocr_line' id='line_1_101' title="bbox 914 2421 1699 2456; baseline 0.004 -7"><span class='ocrx_word' id='word_1_714' title='bbox 914 2422 1059 2449; x_wconf 87' lang='lat' dir='ltr'><strong>cumentis.</strong></span> <span class='ocrx_word' id='word_1_715' title='bbox 1079 2421 1176 2449; x_wconf 87' lang='lat' dir='ltr'><strong>Datum</strong></span> <span class='ocrx_word' id='word_1_716' title='bbox 1197 2422 1326 2451; x_wconf 76' lang='lat' dir='ltr'><strong>Kalendis</strong></span> <span class='ocrx_word' id='word_1_717' title='bbox 1354 2422 1493 2456; x_wconf 86' lang='lat' dir='ltr'><strong>Octobris,</strong></span> <span class='ocrx_word' id='word_1_718' title='bbox 1515 2423 1652 2452; x_wconf 84' lang='lat' dir='ltr'><strong>Feliciano</strong></span> <span class='ocrx_word' id='word_1_719' title='bbox 1671 2429 1699 2452; x_wconf 87' lang='lat' dir='ltr'><strong>et</strong></span> 
     </span>
    </p>
   </div>
   <div class='ocr_carea' id='block_1_102' title="bbox 915 2467 1544 2503">
    <p class='ocr_par' dir='ltr' id='par_1_102' title="bbox 915 2467 1544 2503">
     <span class='ocr_line' id='line_1_102' title="bbox 915 2467 1544 2503; baseline 0.006 -9"><span class='ocrx_word' id='word_1_720' title='bbox 915 2467 1089 2502; x_wconf 78' lang='lat' dir='ltr'><strong>Maximiano,</strong></span> <span class='ocrx_word' id='word_1_721' title='bbox 1106 2469 1172 2496; x_wconf 79' lang='lat' dir='ltr'><strong>viris</strong></span> <span class='ocrx_word' id='word_1_722' title='bbox 1187 2469 1359 2503; x_wconf 88' lang='lat' dir='ltr'><strong>clarissimis,</strong></span> <span class='ocrx_word' id='word_1_723' title='bbox 1375 2470 1544 2499; x_wconf 88' lang='lat' dir='ltr'><strong>consulibus.</strong></span> 
     </span>
    </p>
   </div>
   <div class='ocr_carea' id='block_1_103' title="bbox 440 2577 861 2616">
    <p class='ocr_par' dir='ltr' id='par_1_103' title="bbox 440 2577 850 2611">
     <span class='ocr_line' id='line_1_103' title="bbox 440 2577 850 2611; baseline -0.005 -5"><span class='ocrx_word' id='word_1_724' title='bbox 440 2579 462 2596; x_wconf 90' lang='grc'><strong>⁷⁷</strong></span> <span class='ocrx_word' id='word_1_725' title='bbox 480 2578 560 2606; x_wconf 88' lang='lat' dir='ltr'><strong>Hebr.</strong></span> <span class='ocrx_word' id='word_1_726' title='bbox 580 2586 628 2605; x_wconf 73' lang='lat' dir='ltr'><strong>nn</strong></span> <span class='ocrx_word' id='word_1_727' title='bbox 641 2599 648 2611; x_wconf 95' lang='lat'><strong>,</strong></span> <span class='ocrx_word' id='word_1_728' title='bbox 666 2579 692 2606; x_wconf 89' lang='lat'><strong>9.</strong></span> <span class='ocrx_word' id='word_1_729' title='bbox 730 2577 753 2594; x_wconf 82' lang='grc'><strong>⁷⁸</strong></span> <span class='ocrx_word' id='word_1_730' title='bbox 772 2577 850 2605; x_wconf 88' lang='lat' dir='ltr'><strong>Cant.</strong></span> 
     </span>
    </p>
   </div>
   <div class='ocr_carea' id='block_1_104' title="bbox 913 2577 1622 2616">
    <p class='ocr_par' dir='ltr' id='par_1_104' title="bbox 923 2579 1622 2616">
     <span class='ocr_line' id='line_1_104' title="bbox 923 2579 1622 2616; baseline 0.006 -9"><span class='ocrx_word' id='word_1_731' title='bbox 923 2579 950 2608; x_wconf 70' lang='grc'><strong>4.</strong></span> <span class='ocrx_word' id='word_1_732' title='bbox 986 2581 1008 2596; x_wconf 89' lang='grc'><strong>⁷³</strong></span> <span class='ocrx_word' id='word_1_733' title='bbox 1028 2580 1038 2607; x_wconf 89' lang='lat' dir='ltr'><strong>l</strong></span> <span class='ocrx_word' id='word_1_734' title='bbox 1055 2579 1118 2608; x_wconf 87' lang='lat' dir='ltr'><strong>Cor.</strong></span> <span class='ocrx_word' id='word_1_735' title='bbox 1138 2588 1192 2613; x_wconf 77' lang='lat' dir='ltr'><strong>xtv,</strong></span> <span class='ocrx_word' id='word_1_736' title='bbox 1210 2581 1254 2609; x_wconf 67' lang='grc'><strong>60.</strong></span> <span class='ocrx_word' id='word_1_737' title='bbox 1292 2582 1315 2599; x_wconf 73' lang='grc' dir='ltr'><strong>⁸ο</strong></span> <span class='ocrx_word' id='word_1_738' title='bbox 1334 2581 1406 2610; x_wconf 81' lang='lat' dir='ltr'><strong>Psal.</strong></span> <span class='ocrx_word' id='word_1_739' title='bbox 1424 2590 1508 2616; x_wconf 75' lang='lat' dir='ltr'><strong>nvn,</strong></span> <span class='ocrx_word' id='word_1_740' title='bbox 1527 2583 1622 2612; x_wconf 57' lang='lat'><strong>15-151</strong></span> 
     </span>
    </p>
   </div>
   <div class='ocr_carea' id='block_1_105' title="bbox 946 2689 1252 2726">
    <p class='ocr_par' dir='ltr' id='par_1_105' title="bbox 946 2689 1252 2726">
     <span class='ocr_line' id='line_1_105' title="bbox 946 2689 1252 2726; baseline 0.007 -9"><span class='ocrx_word' id='word_1_741' title='bbox 946 2689 1002 2725; x_wconf 80' lang='lat'><strong>(38)</strong></span> <span class='ocrx_word' id='word_1_742' title='bbox 1022 2690 1051 2719; x_wconf 89' lang='lat' dir='ltr'><strong>S.</strong></span> <span class='ocrx_word' id='word_1_743' title='bbox 1065 2690 1129 2724; x_wconf 86' lang='lat' dir='ltr'><strong>Leo,</strong></span> <span class='ocrx_word' id='word_1_744' title='bbox 1147 2699 1190 2726; x_wconf 88' lang='lat' dir='ltr'><strong>ep.</strong></span> <span class='ocrx_word' id='word_1_745' title='bbox 1208 2691 1252 2720; x_wconf 72' lang='grc'><strong>84.</strong></span> 
     </span>
    </p>
   </div>
  </div>
