1926 3068
223 155 291 184 N55

817 152 846 180 S.
870 150 1100 179 ATHANASIUS.
1121 165 1154 170 —-
1171 149 1307 178 SPURIA.‘

1768 151 1829 181 H56

256 236 376 273 Epistola
393 234 569 263 Orientalium
585 233 619 259 ad
642 232 745 259 Iulium
762 240 858 267 papam
886 232 1067 273 causantium'
1086 231 1155 266 quod
1172 232 1198 258 in
1214 231 1422 258 communionem
1444 232 1567 266 receperit
1583 231 1763 265 Athanasium,
1775 238 1798 261 ει

784 273 891 294 cetera:
905 275 970 302 quos
988 267 1038 302 ipsi
1051 266 1253 294 damnaverant.

255 330 371 358 Domino
394 328 568 361 beatissimo,
591 332 617 355 et
642 327 795 355 honorabili
822 327 897 354 Patri
922 326 1005 359 Iulio,
1022 326 1169 361 Aeligitis,
1189 330 1254 354 tunc
1278 327 1372 362 liquet,
1389 326 1460 362 quod
1486 334 1535 354 nos
1565 327 1678 362 perdere
1700 329 1784 359 vultis.
1804 333 1828 358 et

220 377 378 412 apostolica:
405 375 478 403 sedis
504 374 651 402 venerabili
682 375 829 410 episcopo,
859 373 1005 404 Eusebius,

222 420 480 458 Theogonius,(59)
508 419 680 452 Theodorus,
706 424 733 447 ct
762 419 925 452 Berinthus,
953 427 1007 446 una

220 476 282 496 cum
306 467 418 502 reliquis
442 466 573 493 fratribus
596 470 624 493 et
649 466 819 501 coepiscopis
845 466 948 493 nostris
979 466 1006 492 in

219 514 363 542 Antiochia
380 512 562 548 congregatis.

254 560 309 595 (‘0)
338 559 414 586 Licet
439 557 512 584 circa
538 565 633 584 omnes
668 556 816 584 Ecclesium
856 555 1005 583 Romanam

219 606 342 634 sciamus
364 612 426 633 esse
447 604 616 636 muniﬁcam,
645 607 672 630 et
699 603 876 638 apostolicam
905 602 1006 630 habere

218 659 325 684 curam,
342 654 369 679 et
381 655 495 678 matrem
510 657 617 684 semper
630 649 764 676 exsistere
779 648 899 683 pietatis,
918 655 1008 683 quan-

218 706 301 734 quam
334 698 368 725 ab
392 697 504 725 Oriente
529 696 562 723 ad
590 703 650 723 eam
675 695 868 730 praedicatores
896 695 1005 730 pietatis

218 745 398 775 advenerunt,
415 747 507 772 tamen
531 747 688 778 optaremus
701 750 750 769 vos
772 742 914 770 nobiscum
937 749 1003 769 con-

218 790 348 822 cordare,
369 794 396 817 et
417 797 488 825 quos
508 796 522 816 a
542 788 736 816 communione
763 787 967 822 suspendimus,
990 794 1005 813 a

220 836 296 863 vobis
309 842 371 863 esse
384 842 545 870 suspensos.
558 833 591 860 Et
604 841 673 868 quos
693 833 720 860 in
742 833 838 860 ordine
861 832 1006 860 conﬁrma-

219 890 279 910 mus
293 883 494 918 episcoporum,
510 888 525 908 a
541 881 618 908 vobis
633 888 694 908 esse
714 879 874 912 ﬁrmandos,
890 887 940 907 nec
955 886 1005 907 nos

219 928 341 956 secundo
370 928 432 956 loco
457 926 597 955 habendos
619 934 680 954 curn
697 926 731 954 iis
751 925 798 961 qui
818 933 850 953 ex
870 925 912 952 his
943 933 1006 960 par-

217 974 291 1001 tibus
314 974 347 1001 ad
366 981 415 1002 vos
435 982 522 1009 usque
537 972 754 1008 dogmatizantes
772 972 887 1007 apostoli
911 979 1005 1007 perve-

1060 380 1114 398 non
1134 376 1164 398 ut
1181 377 1257 407 pater
1282 371 1352 400 ﬁlios
1382 372 1481 400 favere.
1510 372 1609 400 Dicunt
1633 374 1704 400 enim
1719 379 1742 402 el
1765 376 1828 402 aﬁlr-

1061 422 1145 447 mant.
1162 422 1217 445 tam
1234 418 1308 446 cives
1329 419 1454 450 istorum,
1476 426 1557 453 quam
1573 420 1776 448 consacerdotes
1789 428 1830 449 eo-

1061 471 1132 494 rum,
1156 463 1206 491 hos
1231 463 1322 498 [overe
1344 472 1392 491 vos
1414 465 1492 497 velle,
1520 465 1681 498 homicidas,
1702 473 1830 494 sacrorum

1060 510 1220 544 templorum
1237 517 1388 542 eversores,
1404 511 1537 546 virginum
1554 515 1732 547 stupratores,
1748 521 1831 540 sacro-

1060 563 1120 582 rum
1145 556 1277 583 librorum
1299 557 1469 588 inccnsores.
1485 564 1680 593 sacrorumque
1703 566 1829 591 vasorum,

1059 605 1086 628 et
1100 606 1259 628 cacterorum
1276 609 1417 630 sacrorum
1431 602 1643 630 ministeriorum
1660 603 1829 637 fraudatores,

1059 646 1208 674 oﬁiciorum
1228 647 1407 682 neglectores,
1430 648 1624 683 imperatorum
1651 650 1756 682 inﬁdos,
1774 659 1831 686 gen-

1059 693 1095 720 tis
1109 697 1136 720 et
1153 693 1247 728 patria:
1262 693 1426 729 proditores,
1445 698 1472 722 ct
1491 695 1563 722 inter
1577 696 1731 724 sacerdotes
1753 697 1831 724 maxi-

1059 746 1130 765 mam
1148 743 1309 774 gencrantes
1328 740 1505 773 discordiam,
1524 749 1556 768 eo
1581 741 1654 776 quod
1674 742 1830 770 substantia-

1059 784 1144 813 litatis
1162 793 1265 818 vocem,
1288 794 1349 821 quae
1373 786 1474 821 scripta
1499 794 1553 814 non
1579 787 1718 815 invenitur
1737 788 1762 815 in
1777 788 1832 816 ﬁdei

1058 830 1194 863 doctrina.
1219 836 1379 866 posuerunt.
1410 831 1479 866 Quid
1505 833 1582 868 plura
1607 827 1765 862 enumerare
1789 842 1833 862 ue-

1059 885 1136 905 cosse
1149 881 1201 911 est,
1220 885 1281 905 cum
1299 882 1409 914 propter
1425 887 1473 906 eos
1488 880 1577 912 nobis,
1593 884 1620 907 et
1633 881 1739 909 cunctis
1752 881 1832 917 regio-

1059 923 1102 951 nis
1115 923 1197 959 hujus
1207 924 1409 953 habitatoribus
1426 925 1585 957 scientibus,
1599 930 1674 954 tanta
1692 928 1775 956 caules
1793 929 1833 955 ho-

1059 970 1164 997 minum
1179 971 1215 997 sit
1235 976 1399 1006 perpetrata,
1420 976 1449 999 ut
1465 973 1581 1008 amplius
1598 982 1679 1009 quam
1699 974 1769 1002 mille
1789 973 1833 1000 ho—

218 1021 320 1048 nerint.
341 1019 396 1048 Nec
407 1020 479 1048 enim
491 1028 542 1048 nos
552 1020 630 1047 vobis
647 1019 775 1046 reluctati
792 1025 898 1049 sumus,
910 1025 1008 1053 quam-
1022 1011 1045 1041 Β
1059 1017 1146 1043 mines
1171 1017 1227 1044 sint
1244 1017 1395 1052 prostrati?
1416 1017 1527 1046 Talibus
1543 1024 1631 1047 autem
1649 1020 1748 1053 favere,
1774 1019 1833 1054 quid

218 1067 259 1095 vis
279 1067 330 1094 hoc
355 1074 434 1102 agere
455 1066 651 1101 potuissemus,
668 1063 778 1100 quando
801 1063 968 1092 Novatianus
989 1071 1005 1091 a

219 1113 342 1140 Romana
362 1113 459 1149 pulsus
478 1118 521 1140 est
537 1112 670 1140 Ecclesia.
692 1110 845 1144 Quoniam,
869 1110 907 1137 uti
926 1110 1005 1145 juxta

217 1161 357 1196 vulgarem
396 1158 622 1187 consuetudinem
658 1157 821 1192 loquamur,
849 1157 1004 1184 inimicitias

217 1207 311 1242 quierit
334 1206 420 1233 omnis
442 1205 559 1240 quivult
584 1203 704 1231 recedere
725 1203 758 1230 ab
783 1203 868 1231 amico
895 1202 928 1229 ⁸¹.
950 1201 1005 1230 Nec

217 1253 332 1280 crimine
353 1259 448 1279 carere
461 1254 561 1286 potest,
585 1251 631 1286 qui
650 1250 764 1278 alterius
783 1249 1004 1277 excommunica-

217 1303 274 1326 tum
295 1297 398 1333 absque
418 1297 479 1332 ejus
501 1296 622 1327 licentia.
639 1303 654 1323 a
675 1303 729 1331 quo
751 1296 944 1323 communione
963 1299 1006 1323 est

218 1344 351 1379 privatus,
372 1343 399 1370 in
412 1342 632 1370 communionem
662 1341 830 1376 susceperit,
852 1341 1004 1369 canonibus

218 1390 301 1417 semel
320 1389 500 1424 iubentibus,
524 1388 778 1416 excommunicatus
805 1387 840 1414 ab
864 1387 943 1420 aliis,
972 1387 1006 1415 ab

217 1437 278 1465 aliis
313 1444 367 1463 non
385 1435 563 1469 suscipiatur,
592 1434 745 1462 viventibus
773 1433 826 1461 illis
840 1453 846 1465 ,
868 1441 883 1460 a
905 1433 1004 1468 quibus

217 1482 410 1510 communione
426 1481 549 1517 privatus
563 1488 623 1508 esse
646 1480 826 1516 dignoscitur.
844 1479 900 1507 Nec
915 1479 1003 1507 solum

217 1530 244 1557 in
259 1528 302 1556 his
317 1528 397 1556 nobis
407 1526 599 1554 contumeliam
612 1525 748 1560 irrogatis,
759 1524 807 1553 scd
821 1526 903 1552 etiam
919 1525 946 1551 in
960 1525 1003 1552 his

216 1574 340 1610 quaedam
356 1573 470 1602 consilia
489 1576 582 1599 nostra
596 1571 758 1603 dissolvitis,
774 1579 862 1606 neque
877 1578 909 1599 ea
931 1574 1005 1598 recte

217 1620 336 1648 deﬁnitis
353 1627 424 1648 esse.
442 1619 512 1654 Sunt
527 1626 645 1654 namque
665 1625 681 1645 a
699 1618 789 1650 nobis,
808 1621 834 1645 et
855 1617 973 1644 maxime
989 1623 1005 1643 a

217 1667 302 1694 totius
328 1665 448 1693 Orientis
486 1663 623 1699 episcopis
654 1663 794 1695 damnati,
836 1662 1004 1689 Athanasius

217 1711 429 1742 Alexandrinus,
437 1697 539 1737 Paulus
551 1697 880 1744 Cdnstantinopolitanus,
889 1707 1004 1735 Marcel—
1017 1697 1040 1728 (ἶ

218 1759 261 1786 lus
270 1757 392 1788 Ancirze,
410 1756 551 1791 Asclepius
567 1755 660 1787 Gazae,
672 1753 864 1789 Lucianusque
878 1752 1003 1789 [Lucius]

219 1800 456 1835 Adrianopolites,
492 1807 543 1834 pro
574 1799 658 1827 certis
695 1798 876 1831 criminibus,
903 1798 1004 1833 quibus

218 1843 367 1872 adversarii
382 1848 447 1871 sunt
465 1844 539 1879 apud
560 1851 610 1872 nos
635 1843 770 1879 inscripti,
793 1851 852 1878 qua:
870 1851 919 1878 per
936 1851 1006 1878 pra:-

218 1896 309 1918 sentes
345 1890 427 1924 hujus
452 1890 575 1925 epistolae
604 1890 705 1917 latores
729 1889 822 1916 omnia
850 1890 902 1916 sub
929 1894 1004 1917 certa

217 1936 348 1964 relatione
363 1940 462 1963 vestra:
473 1937 643 1964 innotescere
661 1943 714 1964 non
731 1935 883 1964 omittimus
899 1937 1004 1964 Sancti-

217 1983 278 2011 tati.
294 1982 400 2015 Quibus
416 1983 527 2018 agnitis,
546 1983 568 2010 si
583 1982 686 2010 nostris
702 1982 810 2018 placitis
824 1982 910 2017 magis
921 1989 1004 2017 quam

215 2036 311 2057 eorum
328 2029 575 2057 machinationibus
587 2028 736 2061 assentire,
749 2032 776 2055 et
788 2028 928 2056 ordinatos
947 2028 1004 2063 epi-

217 2082 316 2110 scopos
331 2075 359 2102 in
375 2074 565 2103 damnatorum
583 2075 645 2102 loco
661 2075 770 2102 ﬁrmare
786 2074 896 2107 eligitis,
908 2081 1004 2110 pacem

217 2120 370 2152 vobiscum,
391 2123 418 2146 et
442 2120 664 2147 communionem
687 2119 789 2147 habere
809 2118 948 2146 volumus.
974 2118 1003 2146 Si

217 2173 283 2193 vero
295 2165 374 2192 aliter
384 2165 506 2201 egeritis,
520 2169 547 2193 et
566 2165 605 2193 eis
623 2165 739 2200 amplius
750 2172 831 2200 quam
845 2165 925 2192 nobis
938 2173 1005 2193 con-

216 2211 318 2239 sentire
330 2211 411 2247 603
429 2211 629 2246 judicaveritis,
642 2211 781 2239 contraria
793 2211 1003 2244 celebrabimus,

217 2262 244 2284 et
269 2257 408 2285 vobiscum
427 2257 556 2292 deinceps
580 2265 630 2285 nec
656 2257 827 2293 congregari,
852 2265 902 2285 nec
926 2258 1003 2285 vobis

217 2305 337 2337 obedire,
357 2313 408 2332 nec
422 2305 499 2333 vobis
515 2305 669 2340 vestrisque
691 2304 782 2332 favcrc
803 2305 939 2337 volumus,
955 2304 1003 2332 sed

1059 1062 1131 1090 aliud
1143 1066 1196 1094 est,
1213 1070 1294 1098 quam
1311 1064 1460 1092 sceleribus
1476 1072 1569 1092 eorum
1585 1066 1758 1094 consentire?
1773 1067 1834 1094 Cum

1057 1115 1134 1135 sacra
1148 1107 1288 1145 Scriptura
1306 1110 1363 1138 haec
1377 1110 1529 1146 prohibeat,
1547 1112 1641 1139 dicens
1655 1122 1662 1139 :
1680 1112 1741 1140 Non
1756 1113 1834 1140 solum

1055 1155 1101 1189 qui
1116 1155 1217 1189 faciunt
1235 1156 1378 1190 culpabiles
1393 1158 1534 1190 exsistunt,
1559 1159 1604 1185 sed
1624 1160 1705 1185 etiam
1723 1159 1766 1194 qui
1778 1166 1834 1185 conn

1056 1201 1171 1228 sentiunt
1189 1201 1349 1236 facientibus
1366 1203 1399 1230 9'.
1419 1202 1533 1231 Talibus
1551 1205 1624 1232 enim
1643 1212 1693 1233 vos
1708 1206 1834 1232 obsistere

1056 1247 1122 1274 totis
1136 1247 1241 1276 viribus
1257 1249 1402 1284 optimum,
1417 1257 1451 1277 ne
1462 1250 1638 1278 involvamini
1654 1252 1774 1286 peccatis
1791 1258 1833 1278 e0-

1056 1301 1128 1326 rum,
1153 1302 1188 1322 ne
1216 1295 1527 1324 excommunicationem
1553 1304 1648 1324 eorum
1673 1297 1833 1333 suscipiatis.

1057 1340 1136 1368 Tales
1155 1341 1227 1368 enim
1242 1346 1258 1367 a
1270 1341 1346 1368 vobis
1363 1342 1456 1376 procul
1472 1342 1589 1377 abjicite,
1606 1351 1641 1370 ne
1660 1347 1768 1378 propter
1782 1343 1835 1370 ani-

1057 1387 1210 1414 mositatem
1229 1387 1331 1422 populi,
1348 1387 1481 1423 sacrilega
1490 1388 1661 1416 dissensione
1673 1389 1834 1424 dispeream,

1056 1432 1149 1467 itaque
1163 1433 1296 1467 optimum
1310 1440 1358 1461 vos
1374 1433 1506 1468 improbis
1520 1434 1604 1469 probe
1619 1436 1758 1463 resistere.
1773 1434 1836 1467 Qua-

1056 1481 1167 1513 propter
1188 1478 1210 1505 si
1237 1478 1412 1514 neglexeritis
1427 1479 1574 1506 deturbare
1585 1487 1741 1515 perversos,
1757 1479 1836 1514 liquet

1055 1524 1129 1558 quod
1154 1531 1249 1551 eorum
1275 1525 1425 1560 protegatis
1449 1532 1579 1553 errorem.
1601 1525 1657 1553 Nec
1685 1528 1836 1554 vero'caret

1056 1569 1185 1604 scrupulo
1202 1570 1340 1598 s0cietatis
1353 1571 1478 1603 occultae,
1492 1571 1539 1606 qui
1551 1571 1697 1600 manifeste
1711 1571 1835 1599 facinori-

1056 1615 1108 1644 bus
1121 1615 1222 1643 desinit
1239 1617 1361 1644 obviare.
1376 1619 1457 1644 Decet
1471 1617 1543 1644 enim
1560 1625 1609 1646 vos
1626 1618 1659 1645 ad
1678 1616 1835 1654 arguendant

1056 1662 1220 1698 pr0terviam
1241 1670 1348 1694 eorum,
1368 1663 1487 1699 linguam
1505 1668 1623 1691 vestram
1647 1671 1789 1696 exacuere,
1813 1666 1837 1689 et

1056 1706 1129 1734 velut
1151 1714 1303 1735 venenosos
1327 1715 1342 1735 a
1369 1709 1446 1737 vobis
1467 1710 1609 1745 repellere,
1634 1718 1670 1738 ne
1687 1717 1780 1738 eorum
1795 1716 1836 1736 ve-

1056 1759 1128 1780 neno
1141 1760 1200 1785 vos,
1217 1754 1356 1789 vestrique
1369 1755 1396 1781 in
1412 1755 1503 1790 aliquo
1514 1757 1686 1785 sancieniini.
1703 1756 1836 1784 Suﬁiciant

1056 1798 1097 1826 lite
1111 1799 1190 1827 vobis
1213 1800 1394 1835 querimoniae
1411 1805 1508 1829 contra
1524 1809 1571 1830 eos
1585 1802 1692 1835 delatae,
1712 1802 1836 1838 quoniam

1055 1846 1222 1882 derelinquet
1234 1855 1285 1875 nos
1298 1852 1417 1884 tempus,
1430 1849 1580 1876 secundum
1591 1850 1664 1884 quod
1675 1851 1714 1877 ait
1725 1850 1836 1885 Aposto-

1057 1893 1110 1924 lus,
1128 1893 1151 1920 si
1176 1894 1346 1922 voluerimus
1364 1895 1487 1922 omnium
1512 1896 1718 1932 obloquentium
1735 1895 1837 1923 oblatas

1055 1943 1151 1967 contra
1173 1947 1221 1967 eos
1246 1940 1397 1975 producere
1412 1941 1546 1976 querelas.
1562 1942 1681 1970 maxime
1697 1949 1760 1969 cum
1783 1940 1836 1967 hzec

1055 1986 1136 2013 nobis
1158 1985 1303 2019 suﬁiciant,
1321 1994 1382 2022 quae
1394 1987 1520 2022 superius
1537 1987 1609 2014 dicta
1625 1991 1700 2015 sunt.
1723 1986 1777 2014 Nec
1790 1992 1836 2012 no-

1056 2031 1098 2058 bis
1123 2039 1237 2060 necesse
1263 2032 1362 2060 iterum
1389 2040 1483 2061 eorum
1509 2033 1650 2068 divulgare
1674 2035 1757 2066 mala,
1779 2039 1837 2060 cum

1054 2078 1113 2113 ipsa
1132 2086 1180 2113 per
1201 2086 1231 2106 se
1250 2079 1394 2114 prodeant,
1411 2083 1438 2107 et
1451 2079 1567 2108 maxime
1582 2087 1678 2109 omnes
1695 2078 1837 2108 orientales

1055 2128 1138 2152 testes
1154 2132 1237 2160 super
1257 2133 1352 2152 eorum
1370 2125 1450 2153 malis
1473 2126 1618 2153 exsistant.
1644 2125 1677 2153 1η
1693 2134 1737 2153 ore
1759 2124 1835 2153 enim.

1052 2169 1131 2205 juxta
1145 2169 1218 2205 quod
1235 2170 1368 2206 scriptum
1384 2175 1437 2204 est,
1453 2171 1565 2199 duorum
1581 2172 1620 2199 vel
1636 2173 1716 2198 trium
1737 2170 1836 2198 testium

1054 2215 1135 2242 stabit
1161 2223 1236 2242 omne
1252 2214 1357 2242 verbum
1379 2215 1412 2244 ³³.
1432 2215 1540 2249 Quanto
1555 2217 1642 2252 magis
1667 2217 1694 2244 in
1718 2215 1836 2243 multitu-

1053 2261 1118 2289 dine
1140 2264 1278 2288 tantorum
1303 2261 1487 2295 sacerdotum,
1504 2263 1679 2298 populorum,
1701 2263 1836 2292 abbatum.

1053 2307 1096 2334 vel
1111 2307 1319 2340 monachorum,
1335 2313 1362 2336 et
1376 2309 1480 2343 scripto
1499 2313 1526 2336 et
1544 2317 1611 2336 voce
1631 2313 1729 2337 contra
1745 2308 1836 2336 horam

216 2358 264 2386 per
281 2359 332 2378 nos
349 2350 481 2386 quidquid
496 2351 594 2378 melius
609 2351 771 2386 elegerimus
789 2359 869 2386 agere
889 2351 1001 2379 conabi-
1018 2367 1039 2395 ι)
1054 2353 1217 2388 pravitatem
1236 2354 1359 2388 quotidie
1376 2355 1606 2382 acclamantium?
1630 2355 1687 2383 Nos
1711 2362 1777 2383 vero
1792 2353 1837 2381 diu

215 2407 287 2426 tuur.
306 2399 372 2426 Nam
389 2399 481 2426 nullus
499 2404 541 2426 est
556 2399 583 2426 in
594 2399 644 2426 hac
661 2402 739 2434 parte
752 2403 885 2426 terrarum
896 2403 1001 2427 aetatem

214 2445 330 2477 habens,
348 2446 395 2480 qui
412 2445 519 2481 ignoret
545 2446 738 2481 praedictorum
762 2446 901 2473 volumina
917 2446 1001 2474 scdu-

213 2496 331 2518 ctorum.
346 2491 461 2526 Propter
472 2499 520 2519 eos
532 2492 604 2519 enitn
616 2492 703 2518 multa
718 2496 782 2520 sunt
795 2493 864 2519 mala
880 2496 1002 2526 peracta,

214 2537 300 2563 multa
319 2537 436 2564 concilia
456 2537 574 2565 diversis
596 2541 622 2564 et
642 2537 748 2572 asperis
773 2538 941 2572 temporibus
957 2545 1002 2565 ce-

214 2583 330 2614 lebrata,
347 2584 440 2610 multae
457 2583 642 2615 seductioncs,
661 2583 753 2611 multa;
772 2584 998 2615 machinationes,

214 2630 300 2656 multa
318 2629 399 2657 nobis
422 2630 568 2665 opprobria
587 2630 672 2662 illata,
697 2633 724 2657 et
749 2629 802 2656 alia
825 2630 920 2662 multa,
940 2637 1001 2665 qua:

214 2683 375 2704 enumerare
397 2677 556 2712 perlongum
574 2681 625 2704 est.
647 2676 727 2709 Nam,
740 2676 763 2704 si
783 2676 825 2704 bis
845 2677 1000 2705 consentire

250 2767 272 2784 "
291 2767 371 2795 Prov.
388 2775 474 2799 xvm,
490 2767 515 2794 1.
553 2768 576 2784 ⁸⁸
596 2766 673 2795 Rom.
692 2775 718 2800 l,
735 2767 779 2795 52.

251 2855 306 2888 (39)
326 2854 486 2884 Theodorus
496 2855 663 2884 Perinthius.

1054 2399 1274 2434 exspectavimus
1294 2407 1352 2432 eos,
1372 2408 1420 2436 per
1439 2401 1552 2428 mttltam
1568 2401 1739 2437 patientiam,
1756 2405 1785 2427 ut
1799 2397 1837 2426 fa-

1053 2449 1147 2473 cerent
1161 2453 1240 2478 uvas,
1251 2445 1300 2474 sed
1313 2446 1351 2473 illi
1363 2454 1378 2474 c
1391 2447 1530 2474 contrario
1547 2446 1672 2475 fecerunt
1687 2447 1834 2474 labruscas.

1053 2491 1110 2520 Vos
1137 2499 1202 2528 ergo
1225 2501 1279 2520 non
1303 2493 1435 2529 optimum
1461 2493 1495 2520 de
1519 2498 1618 2521 caetero
1636 2494 1785 2529 negligere,
1812 2494 1837 2518 et

1053 2537 1163 2566 diﬁ‘erre
1185 2539 1265 2572 tales,
1281 2547 1315 2567 ne
1337 2539 1420 2575 (quod
1436 2538 1538 2575 absit!)
1555 2545 1706 2567 memorata
1728 2537 1836 2566 crimina

1053 2591 1148 2611 eorum
1163 2584 1361 2612 subimitemini
1382 2584 1606 2613 irrationabiliter
1626 2585 1773 2620 episcopos
1793 2590 1836 2618 po—

1054 2634 1160 2658 nentes.
1181 2629 1234 2666 lpsi
1248 2631 1331 2663 enim,
1349 2631 1402 2658 nisi
1417 2630 1472 2658 cito
1485 2630 1667 2666 corrigentur,
1677 2631 1758 2666 juxta
1770 2626 1835 2664 quod

1053 2677 1150 2704 beatus
1176 2677 1324 2712 Apostolus
1345 2681 1523 2712 protestatur,
1550 2676 1703 2705 Secundam
1715 2675 1834 2704 duritiam

831 2767 841 2782 ²
860 2766 954 2794 Matth.
976 2774 1059 2799 xvnt,
1078 2766 1120 2794 l6.

1088 2853 1143 2886 (40)
1160 2853 1221 2882 Haec
1236 2861 1268 2882 ex
1291 2853 1412 2881 Historia
1433 2855 1579 2885 tripartita.
