1926 3068
117 158 186 186 H57

574 156 708 185 PONTIF.
730 156 812 185 ROM.
835 157 878 185 ET
897 156 1082 186 ATHANASII
1102 156 1290 185 EPlSTOL/E.

1655 157 1724 186 M58

109 222 211 246 eorum,
227 217 253 241 et
269 221 313 240 cor
331 213 492 248 impamitens
517 213 695 240 thesaurizant
714 214 764 241 sibi
785 214 851 240 iram
867 214 893 240 in
908 217 930 244 Α
946 217 1056 249 propter
1072 221 1133 241 eum
1149 214 1204 241 sint
1219 217 1338 249 peracta,
1356 213 1401 241 sed
1422 213 1503 241 etiam
1518 213 1625 248 quidem
1641 222 1655 241 a
1668 215 1724 249 jam

109 260 152 288 die
168 260 225 291 ine,
241 264 266 286 et
282 259 445 286 reuelationis
465 259 534 293 justi
543 259 639 293 judicii
663 259 721 291 Dei,
745 260 789 294 qui
804 259 892 286 reddet

107 307 247 341 unicuique
271 305 412 332 secundum
427 313 506 340 opera
520 305 576 339 ejus
602 306 635 333 ⁸⁸.
660 305 710 339 Qui
725 306 891 342 georrigendi

107 355 183 384 sunt,
201 359 249 386 per
264 350 440 386 temporalem
460 349 678 383 delectationem,
701 355 727 378 et
750 359 797 386 per
820 359 893 379 men-

107 397 196 429 dacia,
207 400 288 431 atque
299 397 424 432 figmenta
441 403 501 428 sua,
516 395 594 424 vobis
611 397 650 424 eis
665 403 807 424 assensum
824 405 892 432 prae-

108 442 247 474 bentibus,
267 445 367 469 aeterna
390 440 504 476 perdent
519 441 640 476 praemia.
655 449 715 476 qua:
730 449 778 477 per
799 449 890 468 veram

107 488 297 524 paenitentiam
312 487 442 522 consequi
457 490 581 522 possunt.
599 486 655 514 Nec
674 487 729 514 haec
743 494 802 522 qua:
824 494 892 522 pra:-

106 533 179 561 dicta
206 537 269 560 sunt
295 533 466 560 solummodo
503 532 653 560 Athanasio
675 536 704 560 ct
727 533 891 568 sequacibus

107 577 166 612 ejus
183 577 345 613 irrogamus,
370 577 418 604 sed
441 577 537 610 etiam,
552 577 625 612 quod
648 581 744 604 contra
769 578 889 612 regulam

106 623 202 659 egerit,
219 631 300 658 quam
316 630 366 651 nos
380 615 600 651 decieveramus.
618 622 688 656 Quia
710 631 765 650 non
779 623 889 651 decreto

107 669 260 696 communis
284 669 393 696 concilii
415 669 606 705 episcoporum
637 668 739 704 recepit
763 668 891 697 sacerdo—

107 715 185 747 tium,
210 714 257 742 sed
276 715 384 743 sibimet
408 715 570 750 arrogando,
597 715 746 743 Ecclesiam
771 714 823 742 fuit
847 715 889 742 in-

107 767 229 795 gressus,
247 764 274 788 et
294 761 322 788 in
338 761 402 789 sede
424 761 536 794 resedit,
553 769 616 788 cum
630 761 733 789 dudum
749 761 888 789 decretum

107 805 204 834 fuisset
221 806 326 833 nullum
342 813 356 833 a
372 806 500 842 pauciore
517 815 631 835 numero
649 807 756 835 restitui
779 807 886 839 debere,

106 858 188 885 quem
200 850 352 886 depositum
368 851 452 879 fuisse
466 855 614 880 constaret.
635 851 747 884 Deinde,
759 852 887 887 quoniam

943 259 1016 286 dicto
1032 259 1180 286 Athanasio
1199 260 1272 291 caesi,
1285 259 1423 294 judicibus
1437 259 1565 286 dicuntur
1579 266 1640 286 esse
1659 267 1725 286 con-

942 304 1045 332 traditi.
1072 304 1152 338 limo,
1172 309 1198 332 et
1226 305 1277 331 alia
1308 304 1515 332 innumerabilia
1544 308 1607 332 sunt
1634 305 1668 332 ab
1692 312 1724 333 eo

942 349 1054 383 suisque
1077 349 1241 383 sequacibus
1266 349 1435 384 impudenter
1456 353 1630 383 perpetrata,
1654 357 1725 384 quos

941 395 1204 427 cvcommunicatos,
1221 395 1416 427 communioni,
1434 399 1464 422 ut
1477 395 1641 426 audivimus.
1655 403 1723 423 con-

940 443 984 466 tra
1008 441 1128 475 regulam
1146 440 1174 466 in
1199 440 1390 468 contumeliam
1407 440 1528 467 on‘nium
1544 440 1724 468 Orientalium

941 485 1077 512 sociastis.
1095 484 1212 512 Prmfato
1225 485 1315 520 itaque
1332 485 1429 513 debita:
1445 485 1618 514 salutationis
1635 485 1724 513 cilicio

941 535 1051 564 propter
1064 529 1134 557 beati
1149 529 1221 557 Petri
1239 530 1380 562 honorem,
1398 531 1522 565 impense
1540 531 1721 565 postulamus,

941 580 971 602 ut
984 576 1112 610 deinceps
1128 576 1161 603 ad
1186 581 1289 604 vestras
1314 576 1378 604 hinc
1402 576 1542 604 venientes
1567 584 1646 605 aures
1667 584 1722 604 non

939 626 994 649 tam
1011 622 1089 649 facile
1114 621 1273 648 admittatis.
1290 621 1381 657 Neque
1406 629 1421 648 a
1443 621 1522 649 nobis
1537 622 1724 650 excommuni-

940 673 1016 697 cams
1030 669 1099 696 ultra
1117 668 1205 696 velitis
1221 669 1358 704 excipere,
1375 677 1408 697 ne
1422 676 1557 696 canonum
1569 673 1722 706 transgres-

940 722 1016 742 sores
1033 713 1220 746 inveniamini,
1237 713 1284 742 sed
1301 713 1387 749 magis
1400 714 1474 742 salva
1493 714 1612 742 fraterna
1632 715 1723 742 chari-

940 763 1006 791 tate,
1023 765 1144 787 erratum
1163 759 1214 787 hoc
1233 760 1260 787 in
1287 764 1425 796 posterum
1443 761 1554 788 minime
1570 760 1720 795 patiamini.

939 804 973 832 Et
994 805 1161 840 subscriptio
1178 804 1324 832 :Orantcm
1352 813 1402 840 pro
1429 805 1508 833 nobis
1540 806 1722 841 apostolatum

940 855 1060 878 vestrum
1084 849 1214 878 Dominus
1239 858 1296 878 aevo
1315 850 1452 878 custodiat
1476 851 1606 887 longiore,
1622 851 1723 879 beatis-

106 895 167 929 ejus
184 885 299 924 adventu
321 896 357 924 sit
376 897 455 924 turba
470 900 615 930 commota,
630 885 794 932 plurimique
816 897 889 924 sedi-
905 885 925 914 Β
941 896 1010 924 sime
1023 895 1113 924 Pater.
1131 898 1227 924 Amen.

107 938 182 967 tione
207 940 261 968 sint
276 941 386 974 mortui,
409 945 435 968 et
461 948 516 968 non
531 941 621 969 solum
637 941 694 969 haec
719 949 766 976 per
785 948 846 969 eum
862 944 889 969 et

401 998 564 1034 Rescripmm
579 1000 648 1026 Julii
671 1007 747 1035 papa
761 1003 854 1027 contra
874 999 1022 1028 Orientales
1041 1008 1088 1035 pro
1103 1000 1249 1029 Athanasio
1265 1007 1289 1029 et
1309 1003 1421 1030 ceteris.

140 1053 228 1082 Julius
252 1059 354 1082 sanctae
375 1055 504 1084 Romanae
528 1060 555 1084 et
577 1057 734 1092 apostollcae
759 1056 886 1085 Ecclesiae

106 1097 261 1134 cpiscopus,
278 1099 406 1132 Eusebio,
421 1100 590 1136 Thcogonio,
614 1101 768 1135 Theodoro,
789 1101 885 1129 Berin-

107 1145 164 1177 tho,
182 1148 210 1172 et
224 1145 329 1172 caeteris
343 1144 528 1173 Orientalibus
541 1147 686 1182 episcopis.

142 1189 198 1225 (41)
220 1189 352 1217 Decuerat
373 1198 422 1218 vos
438 1190 713 1223 adversussauctam
738 1191 887 1218 Romanam

107 1239 134 1263 et
149 1237 324 1271 apostolicam
350 1236 510 1269 Ecclesiam,
536 1237 637 1269 limale,
653 1241 680 1264 et
704 1245 759 1264 non
786 1237 888 1264 ironice

108 1281 191 1316 loqui.
222 1281 356 1314 Quoniam
386 1286 413 1310 et
442 1283 499 1318 ipse
527 1282 658 1310 Dominus
688 1286 781 1310 noster
808 1282 888 1317 Jesus

106 1327 233 1354 Christus
250 1335 309 1355 eam
334 1328 463 1355 decenter
487 1328 632 1361 allocutus,
657 1328 715 1356 ait:
733 1329 772 1356 Ta
792 1337 830 1361 es,
847 1329 888 1355 in-

107 1372 176 1407 quit,
193 1372 298 1405 Petrus,
313 1377 337 1400 et
353 1381 430 1407 super
443 1373 509 1400 Itane
523 1379 623 1408 petram
642 1373 778 1409 adi/italia
796 1373 887 1401 Eccle-

107 1418 175 1444 siam
195 1426 289 1451 meam,
305 1423 328 1445 et
344 1424 426 1453 porta:
441 1419 519 1453 inferi
539 1428 591 1447 non
604 1420 782 1455 pra’ualcbunt
797 1420 888 1447 adver—

108 1471 152 1490 sus
168 1471 237 1495 eam,
252 1468 276 1490 et
294 1464 340 1490 tibi
355 1463 422 1491 dabo
438 1465 523 1492 claves
541 1467 613 1500 regni
636 1465 759 1493 calorum
775 1466 809 1494 ".
836 1466 889 1494 lla-

108 1508 153 1536 bet
188 1509 259 1536 enitn
299 1513 459 1544 potestatem
493 1511 625 1546 singulari
660 1511 800 1547 privilegio
836 1512 887 1540 sibi

108 1561 283 1586 concessam,
311 1556 417 1591 aperire
442 1561 468 1584 et
493 1557 621 1585 claudere
643 1558 743 1592 januas
769 1558 888 1586 cwlestis

108 1601 193 1635 regni,
219 1601 318 1635 quibus
344 1602 467 1630 voluerit.
488 1602 554 1630 Nam
570 1603 593 1630 si
611 1604 636 1631 ei
659 1603 813 1636 detrahere,
830 1612 889 1640 qua:

109 1645 216 1674 Domini
239 1655 287 1676 ore
313 1653 429 1682 sacrata,
458 1653 539 1685 atque
561 1649 678 1684 desuper
694 1651 809 1678 exaltata
836 1656 887 1685 est,

108 1700 162 1719 non
185 1693 325 1726 timuistis,
341 1702 392 1722 nec
410 1695 508 1722 mirum
526 1695 550 1723 si
565 1695 696 1724 fratribus
712 1697 832 1732 irrogare
846 1697 888 1724 in-

105 1737 193 1771 jurias
211 1738 321 1766 minime
335 1741 460 1768 cessatis.
474 1740 550 1768 Unde
570 1741 626 1776 jam
642 1741 751 1769 silentio
771 1750 825 1770 non
850 1747 889 1770 te-

107 1785 219 1816 guntur,
232 1791 293 1817 qum
308 1788 399 1811 vestro
412 1785 529 1812 concilio
543 1787 711 1819 turbulento,
728 1791 809 1823 atque
827 1796 889 1816 cum

109 1829 242 1860 potestate
264 1828 372 1856 decreta
401 1830 466 1857 sint.
496 1831 614 1866 Apparet
644 1833 734 1865 enim,
760 1834 889 1868 quoniam

108 1871 226 1906 quadam
256 1873 424 1902 tumultuosa
450 1874 698 1910 indisciplinatione
723 1878 823 1905 veritas
849 1881 890 1905 est

109 1922 248 1950 oppressa.
275 1917 330 1953 (42)
347 1917 430 1947 Vobis
452 1920 552 1955 quippe
575 1928 627 1948 non
652 1922 889 1950 considerantibus

109 1967 168 1994 qua:
184 1961 292 1995 placent
304 1962 366 1995 Deo,
378 1970 487 1998 propter
499 1965 600 2001 jurgia,
613 1973 673 2000 quae
687 1970 783 1994 contra
797 1967 889 2002 proxi-

109 2015 168 2036 mos
185 2013 290 2037 vestros
309 2010 425 2043 habetis,
450 2016 511 2039 vota
532 2017 620 2041 vestra
646 2014 811 2042 inevitabilia
828 2023 888 2043 esse

108 2054 282 2083 contenditis.
312 2055 365 2083 Sed
393 2058 445 2084 erit
474 2066 542 2092 opus
571 2059 669 2086 divinas
700 2060 886 2094 providentiae,

108 2103 244 2134 quatenus
265 2109 280 2128 e
306 2102 442 2129 contrario
458 2110 473 2128 a
490 2108 566 2138 parte
591 2104 758 2142 deprehensa
782 2105 888 2140 possint

108 2146 244 2174 cvacuari.
266 2147 297 2174 Et
316 2148 446 2183 quidquid
464 2150 518 2177 illic
535 2152 738 2184 convenientes,
756 2152 813 2179 sine
833 2153 888 2179 ulla

109 2192 227 2225 qualibet
241 2193 339 2227 gratia,
355 2195 427 2226 odio,
444 2199 490 2222 aut
507 2196 711 2224 inimicitiarum
727 2205 809 2225 causa
826 2206 886 2233 ges-

109 2237 194 2269 sistis,
210 2237 333 2266 funditus
344 2241 446 2275 repelli.
462 2240 642 2277 Quapropter,
652 2251 714 2270 cum
723 2245 796 2270 omni
811 2243 887 2271 festi-

107 2282 218 2311 natione
231 2291 278 2312 vos
292 2292 386 2313 omnes
407 2286 440 2313 ad
456 2287 538 2322 hujus
558 2293 658 2316 sancta:
673 2289 747 2316 sedis
764 2297 889 2317 reveren-

109 2327 173 2354 tiam
189 2329 250 2355 volo
265 2337 438 2363 concurrere,
455 2336 590 2366 quatenus
605 2337 742 2368 gestorum
757 2325 828 2369 apud
841 2342 888 2362 vos

109 2372 289 2408 integritatem
307 2383 353 2410 per
369 2384 418 2404 vos
435 2377 508 2412 ipsos
525 2378 637 2412 possitis
653 2379 806 2407 ostendere.
820 2380 887 2407 Nam

108 2425 160 2445 nec
184 2418 308 2447 dubitare
333 2429 381 2448 vos
403 2422 484 2450 credo
507 2423 695 2456 Athanasium,
717 2432 802 2452 sacrm
824 2425 889 2460 legis

108 2463 258 2498 doctorem,
275 2474 328 2493 non
345 2468 432 2496 solum
448 2476 462 2495 a
477 2469 566 2502 nobis,
585 2469 632 2497 sed
651 2470 733 2498 etiam
750 2478 766 2507 ξι
779 2470 887 2498 Niczena

108 2509 222 2544 synodo,
255 2519 324 2539 verae
357 2513 417 2541 ﬁdei
449 2514 531 2550 604
560 2515 692 2542 cultorem
723 2523 784 2543 esse
812 2524 885 2544 com-

109 2555 260 2590 probatum.
276 2557 327 2590 Qui
341 2559 469 2587 defuncto
486 2560 639 2588 Alexandro
665 2562 783 2588 mirabili
808 2570 883 2594 sene,

108 2601 155 2634 qui
166 2600 223 2629 Arii
253 2607 438 2637 prostraverat
463 2605 655 2641 blasphemias,
685 2612 746 2642 post
768 2608 887 2643 quinque

108 2654 217 2677 menses
232 2649 333 2678 Nicaaui
349 2651 466 2686 concilii,
492 2653 736 2681 Alexandrinorum
760 2653 887 2683 Ecclesia!

143 2727 166 2742 "
186 2727 265 2756 Rom.
284 2737 320 2762 ιι,
337 2731 370 2763 5,
388 2731 416 2757 6.
454 2731 476 2747 ⁸³
497 2732 590 2760 Matth.
609 2741 664 2764 xw,
684 2733 734 2766 18,
753 2734 796 2761 l9.

111 2808 278 2877 “$3.!ch
289 2819 321 2838 ex
337 2810 456 2838 Historia
485 2813 618 2846 tripartita
646 2814 709 2842 hinc
725 2819 752 2842 ct
763 2815 825 2842 inde
840 2823 886 2842 ex-

939 1057 1060 1092 suscepit
1069 1058 1253 1092 praesulatum.
1264 1059 1403 1086 Adversus
1415 1065 1495 1093 quem
1507 1057 1621 1092 ejusque
1632 1060 1721 1084 secta-

939 1105 1023 1134 tores,
1050 1102 1135 1129 multa
1159 1103 1300 1130 mendacia
1324 1107 1457 1136 texentes,
1484 1106 1510 1130 et
1531 1101 1619 1130 nudas
1641 1103 1720 1130 valde

939 1147 1099 1179 calumnias,
1117 1148 1195 1183 quasi
1210 1156 1288 1176 veras
1304 1148 1493 1176 accusationes
1514 1154 1719 1183 componentes,

939 1193 1019 1220 nobis
1034 1193 1181 1220 multorum
1199 1194 1331 1220 malorum
1348 1201 1409 1221 cum
1427 1201 1548 1224 causam,
1567 1196 1623 1220 tum
1639 1197 1721 1228 caput

939 1246 1000 1266 esse
1017 1238 1204 1273 pei-hibuistis.
1233 1238 1265 1265 Et
1286 1247 1340 1266 non
1364 1239 1451 1266 solum
1470 1238 1541 1273 apud
1559 1237 1720 1274 Egyptum,

939 1282 986 1310 sed
1006 1282 1088 1310 etiam
1113 1283 1183 1318 apud
1209 1281 1381 1310 Palaestinam
1413 1286 1440 1310 et
1466 1282 1634 1314 Phoenicem,
1650 1283 1720 1310 vici-

939 1336 1042 1364 nasque
1069 1333 1162 1364 gentes
1184 1330 1294 1364 scriptis
1315 1329 1413 1357 vestris
1441 1329 1514 1355 illam
1537 1329 1722 1364 perturbatio-

939 1381 1000 1402 nem
1025 1382 1085 1402 esse
1111 1374 1295 1409 signiticastis.
1320 1373 1379 1406 Qua
1403 1374 1436 1406 de
1453 1380 1481 1400 re
1504 1373 1720 1401 ecclesiasticam

939 1423 1084 1454 sequentes
1102 1420 1233 1454 regulam,
1249 1428 1297 1447 vos
1313 1424 1340 1446 et
1363 1419 1434 1451 illos,
1452 1418 1544 1446 Romae
1560 1419 1721 1454 regulariter

939 1465 973 1492 ad
987 1465 1120 1499 judicium
1137 1467 1181 1492 die
1195 1468 1307 1498 statuta,
1323 1472 1376 1492 non
1394 1465 1445 1492 sub
1460 1468 1576 1499 angusto
1592 1466 1721 1500 temporis

939 1511 1038 1545 spatio,
1057 1514 1087 1537 ut
1100 1511 1241 1537 excusatio
1255 1511 1343 1538 locum
1359 1518 1413 1537 non
1431 1510 1560 1542 inveniat,
1581 1510 1680 1538 litteris
1693 1515 1721 1538 et

940 1556 1124 1591 apocrisiariis
1143 1557 1326 1584 evocavimus.
1351 1556 1446 1592 Illique
1466 1556 1607 1584 vocatione
1627 1564 1722 1585 susce-

939 1605 996 1636 pta,
1023 1601 1056 1629 ad
1084 1601 1154 1629 diem
1178 1602 1357 1636 praestitutum
1387 1608 1496 1629 venere.
1525 1601 1578 1629 Sed
1602 1609 1660 1634 vos,
1686 1610 1721 1629 ne

940 1648 1038 1676 vestris
1062 1647 1211 1675 mendaciis
1227 1648 1402 1683 caperemini,
1422 1653 1568 1683 vestraque
1584 1648 1721 1675 calumnia

939 1693 1114 1725 euudaretur,
1132 1695 1225 1722 venire
1238 1694 1396 1722 distulistis.
1413 1694 1468 1722 Nec
1483 1694 1525 1722 his
1543 1694 1721 1722 machinatio-

940 1740 1021 1768 nibus
1036 1740 1206 1768 solummodo
1221 1741 1341 1768 contenti
1356 1740 1433 1773 estis,
1457 1740 1504 1768 sed
1520 1740 1601 1768 etiam
1627 1740 1721 1768 viden-

940 1790 981 1814 tes
998 1794 1062 1814 oves
1085 1787 1242 1822 pastoribus
1261 1787 1408 1820 desolatas,
1434 1788 1511 1822 lupos
1538 1795 1586 1822 pro
1602 1787 1721 1822 pastori-

939 1833 991 1860 bus
1007 1841 1088 1867 super
1104 1840 1152 1860 eos
1166 1833 1307 1868 posuistis.
1336 1832 1467 1861 Decuerat
1487 1841 1551 1868 ergo
1572 1839 1600 1860 ut
1624 1834 1657 1860 ad
1678 1841 1721 1860 rc-

939 1879 1060 1914 gularem
1079 1879 1208 1906 veniretis
1233 1880 1468 1912 convocationem,
1498 1887 1552 1914 quo
1575 1880 1608 1907 de
1632 1879 1674 1906 his
1695 1883 1722 1906 et

941 1925 974 1952 de
992 1924 1053 1952 aliis
1067 1925 1166 1953 vestris
1179 1925 1438 1960 prmsumptionibus
1464 1926 1615 1954 rcdderctis
1637 1926 1722 1952 ratio—

941 1977 1013 1998 nem.
1023 1970 1154 2003 Quoniam
1172 1976 1328 1999 occurreret
1345 1972 1456 2004 veritas,
1471 1972 1494 2000 si
1509 1972 1613 2000 falsitas
1626 1972 1722 2007 displi-

940 2020 1022 2043 ceret.
1044 2016 1077 2043 Et
1098 2017 1191 2044 nullus
1210 2017 1317 2044 dubitat
1336 2017 1409 2052 quod
1424 2017 1459 2044 ita
1469 2017 1604 2052 judicium
1618 2026 1721 2046 nocens

941 2062 1114 2098 subterfugit,
1133 2063 1360 2098 quemadmodum
1383 2064 1429 2098 qui
1452 2068 1493 2092 est
1521 2064 1664 2096 innocens,
1691 2068 1721 2091 ut

940 2108 1112 2140 absolvatur,
1141 2110 1265 2144 requirit.
1292 2109 1347 2138 Nec
1378 2110 1534 2144 suspicione
1559 2114 1652 2142 caret,
1673 2111 1720 2145 qui

943 2154 1024 2181 alium
1043 2155 1184 2182 calumniis
1194 2156 1317 2191 objurgat
1331 2155 1397 2183 falsa
1411 2156 1522 2187 dixisse,
1534 2164 1596 2183 cum
1615 2157 1672 2191 ipse
1686 2156 1721 2183 ad

939 2199 1082 2234 judicium,
1110 2204 1138 2226 ut
1163 2202 1258 2236 probet.
1279 2209 1338 2236 quae
1366 2201 1466 2233 intulit,
1483 2206 1612 2230 evocatus
1629 2202 1722 2229 venire

944 2244 1088 2272 distulerit.
1105 2245 1206 2273 Vellem
1224 2247 1295 2274 enim
1318 2254 1366 2274 vos
1388 2247 1474 2282 magis
1487 2247 1521 2274 ad
1541 2247 1595 2281 jam
1620 2247 1720 2274 dictam

943 2289 1086 2316 convenire
1099 2290 1276 2322 vocationem,
1289 2293 1318 2317 ut
1333 2297 1424 2317 coram
1443 2290 1588 2317 universali
1604 2289 1720 2317 concilio

942 2338 1090 2366 redderetis
1106 2339 1248 2370 rationem,
1264 2347 1313 2366 cur
1335 2339 1467 2374 synodum
1493 2338 1526 2366 ad
1546 2342 1645 2366 statum
1669 2337 1720 2365 Ec-

941 2383 1086 2410 clesiarum
1101 2387 1128 2411 ct
1150 2384 1264 2411 fratrum
1289 2385 1315 2411 in
1339 2384 1481 2412 Antiochia
1497 2384 1718 2416 subvertendum,

942 2433 968 2456 et
995 2428 1096 2456 Niczeni
1124 2429 1213 2464 magni
1235 2429 1344 2457 concilii
1369 2430 1581 2457 destructionem
1605 2428 1719 2462 fecistis,

942 2477 988 2500 aut
1004 2481 1054 2500 cur
1078 2474 1157 2502 nobis
1173 2474 1334 2502 inconsultis
1360 2474 1505 2510 episcopos
1526 2474 1560 2501 ad
1575 2482 1635 2502 eam
1651 2481 1719 2501 con-

941 2519 1070 2551 vocastis,
1085 2520 1117 2547 ad
1141 2528 1222 2555 quam
1240 2528 1290 2547 nec
1305 2520 1437 2548 Maximus
1458 2520 1719 2556 ilierosolymitanus

940 2564 1028 2596 venit.
1057 2573 1108 2592 nec
1139 2570 1232 2593 nostra
1269 2565 1393 2592 interfuit
1425 2566 1533 2601 legatio.
1561 2565 1719 2594 Canonibus

940 2611 1039 2645 quippe
1061 2611 1088 2638 in
1111 2610 1217 2638 Nicaeus
1235 2611 1340 2646 synodo
1358 2611 1526 2646 jubcntibus,
1543 2618 1596 2638 non
1621 2610 1720 2638 debere

941 2660 1037 2691 praeter
1065 2657 1226 2685 sententiam
1251 2657 1364 2685 Romani
1392 2657 1539 2692 pontificis,
1561 2657 1617 2684 ullo
1637 2656 1718 2683 modo

976 2813 1032 2850 (42)
1054 2813 1114 2841 llaec
1141 2808 1196 2843 lere
1221 2814 1254 2842 ad
1279 2815 1390 2842 verbum
1415 2815 1442 2842 in
1475 2822 1517 2850 ep.
1547 2811 1719 2842 Constantini

943 2849 1014 2881 apud
1030 2849 1128 2877 Athan.
