1926 3068
212 167 280 196 uas
303 204 305 206 _

761 168 790 196 S.
812 166 1040 195 ATIIANAblUS.
1059 181 1095 188 —
1112 165 1246 195 SPURIA.

1744 165 1806 194 “$0

211 227 327 260 concilin
341 227 484 258 celebrari.
500 235 550 255 nec
562 227 707 263 episcopos
726 228 859 256 damnari.
877 229 931 255 Aut
945 237 994 255 cur
1008 231 1031 259 A
1046 234 1113 261 tum,
1133 237 1186 256 non
1205 228 1319 256 moleste
1341 227 1409 265 ferat
1435 227 1551 262 aliquem
1576 226 1627 254 sibi
1643 234 1700 254 esse
1721 226 1806 262 pra’ala.

211 275 239 307 in
257 274 446 308 praidictorum
465 274 524 300 loco
551 273 665 301 fratrum
693 274 762 302 alios
782 274 920 302 adulteros
941 282 989 309 po-

210 319 322 352 suistis,
351 323 494 354 antequam
519 327 602 354 penes
627 326 695 350 nos,
724 324 770 346 aut
797 319 990 354 apocrisiarios

211 370 331 398 nostros,
349 372 442 392 eorum
465 372 548 392 causa
577 365 709 392 canonice
731 369 803 392 esset
826 365 988 397 examinata,

211 411 345 446 finemque
359 411 508 445 perciperet
523 414 637 438 rectum.
656 411 702 438 Isti
719 411 803 442 enim,
824 411 870 444 qui
885 411 917 437 ad
935 418 990 437 me-

210 459 342 484 moratam
375 457 495 491 regulam
521 463 637 488 venere,
676 457 844 486 vocationem
869 456 990 484 videntes

208 508 258 531 vos
281 510 296 528 a
322 502 459 537 pnedictis
483 502 642 529 subtrahere
666 501 820 534 calumniis,
842 502 926 529 multa
943 501 991 528 ad-

209 556 306 579 versus
321 556 368 574 vos
395 547 578 583 lacrymabilia
603 551 630 577 et
661 547 801 574 doloribus
819 547 897 581 plena
920 546 990 574 refe~

209 598 282 621 runt.
306 594 474 625 Accusantes
487 601 535 620 vos
549 598 576 620 et
590 592 722 624 dicentes,
739 593 821 618 multa
839 600 868 619 se
889 592 990 628 impor-

209 640 302 672 labilia
328 647 342 666 a
366 639 442 666 vobis
457 646 518 666 esse
539 645 643 673 passos.
658 637 712 665 Vos
734 646 799 675 ergo
822 637 989 674 refugientes

209 684 317 716 venire,
346 684 461 718 illosque
488 688 694 718 perseverantes
723 682 750 709 in
780 690 843 710 vera
873 683 988 715 ratione,

208 737 326 764 suasque
348 728 499 755 calumnias
524 728 713 759 reclamanles,
737 735 819 764 super
844 728 943 762 quibus
963 733 989 756 et

209 773 396 810 (Egyptiorum
426 774 547 809 episcopi
571 774 671 801 litteris
705 773 782 800 nobis
809 774 900 800 missis
925 782 989 809 pro-

209 823 342 847 testantur
355 820 424 849 suis,
445 819 511 846 falsa
523 827 593 852 esse,
611 827 671 854 quae
683 823 779 846 contra
795 819 987 853 Athanasium,

209 873 328 900 suosque
351 868 500 893 sectatores
516 866 716 898 machinantur,
734 869 886 900 cunctaque
908 865 987 892 Aria-

1043 279 1111 307 tum,
1127 275 1173 302 sed
1198 274 1449 308 obtemperantium,
1467 280 1547 307 quam
1564 273 1598 299 ab
1616 273 1675 300 aliis
1692 273 1805 307 requirit,

1044 322 1128 356 gratis
1150 324 1177 348 et
1204 321 1261 355 ipse
1285 320 1426 354 rependat.
1457 319 1626 354 Quapropter
1654 319 1805 354 increpando

1043 366 1120 392 vobis
1137 365 1238 392 scribo.
1254 365 1322 396 Quia
1340 371 1394 391 non
1411 368 1484 391 recte
1499 364 1634 391 tractastis
1646 363 1715 390 viros
1728 364 1803 390 incul—

1043 415 1130 446 patos,
1150 415 1176 438 et
1193 418 1208 437 a
1232 411 1310 438 nobis
1324 410 1434 437 minime
1450 411 1620 437 examinatos
1638 409 1670 437 de
1693 410 1748 436 suis
1761 409 1801 436 Ec~

1043 457 1134 484 Cll‘SliS
1160 457 1350 483 communione
1375 456 1493 491 privatos
1519 456 1657 490 pellentes,
1680 460 1705 482 et
1726 455 1804 482 eccle-

1044 503 1160 529 siasticae
1183 501 1334 536 disciplina:
1358 501 1484 535 injuriam
1502 501 1663 536 irrogantes,
1683 501 1804 527 constitu<

1043 553 1154 582 tumque
1180 547 1280 574 Nicmni
1306 547 1415 574 concilii
1439 547 1550 574 minime
1575 552 1726 577 servantes,
1748 545 1805 571 talia

1043 593 1245 628 indisciplinate
1257 601 1334 628 agere
1355 601 1407 620 non
1426 592 1602 620 formidastis.
1620 591 1730 622 Idcirco,
1745 598 1806 625 quo-

1042 641 1113 666 niam
1129 640 1229 666 dudum
1245 641 1335 666 venire
1353 640 1439 665 vocati
1461 638 1599 669 renuistis,
1614 638 1693 664 modo
1707 637 1737 663 ad
1752 643 1805 663 cer-

1042 689 1098 712 tum
1122 685 1203 717 diem,
1223 686 1248 712 id
1271 689 1324 716 est,
1341 694 1375 712 xv
1389 685 1448 712 Kal.
1466 684 1636 715 Novembris,
1652 691 1699 710 vos
1717 683 1805 709 iterum

1042 730 1203 764 regulariter
1219 730 1322 759 litteris.
1341 730 1484 764 missisque
1500 736 1655 760 evocanius.
1671 732 1699 754 nt
1721 735 1805 755 coram

1041 773 1118 801 vobis
1148 774 1322 802 ostendamus
1351 782 1400 801 nos
1421 774 1522 809 justam
1549 774 1575 800 in
1600 782 1647 801 eos
1671 773 1807 808 protulisse

1042 818 1214 850 sententiam,
1229 822 1255 846 et
1273 819 1307 846 de
1323 823 1420 846 caztero
1439 827 1491 846 non
1513 819 1576 845 talia
1591 827 1651 847 esse
1672 826 1804 853 passuros.

1042 863 1089 890 Est
1105 864 1203 891 etenim
1224 864 1249 891 in
1265 865 1383 899 antiquis
1401 865 1527 892 Ecclesiae
1542 865 1650 892 statutis
1667 865 1806 893 decretum,

209 920 307 941 norum
334 912 487 940 machinata
512 912 700 947 blasphcmiis.
733 912 843 941 Talibus
872 910 1025 948 namqueB
1041 913 1070 935 ut
1087 909 1132 943 qui
1157 910 1245 936 aliena
1271 910 1385 943 invadit,
1412 918 1466 937 non
1490 914 1567 937 exeat
1589 911 1744 944 impunitus,
1765 909 1807 937 sed

208 957 343 991 ﬁgmentis
361 957 445 992 liquet
461 965 508 984 eos
522 965 583 984 esse
605 957 795 992 inculpabiles,
812 966 914 993 vosque
928 959 987 986 cul-

208 1002 311 1037 pabiles
328 1011 335 1030 :
354 1003 418 1037 quia
443 1002 467 1029 si
494 1003 527 1029 de
552 1009 614 1030 vera
631 1001 985 1037 contideretisinnocentia,

207 1048 283 1075 nullo
299 1048 380 1075 modo
395 1048 474 1083 ajam
492 1048 563 1075 dicta
583 1053 632 1076 v0s
646 1049 776 1077 canonica
792 1049 986 1077 subtraheretis

206 1095 375 1126 evocatione,
397 1102 457 1129 quae
479 1102 533 1121 non
554 1095 657 1125 subito,
686 1095 733 1123 sed
748 1096 864 1130 spatiose
882 1096 986 1124 denuno

206 1138 272 1167 tiata
295 1141 337 1165 est
359 1147 366 1164 :
386 1138 433 1165 sed
459 1139 534 1165 omni
559 1138 691 1166 subducta
718 1139 855 1174 apologia,
884 1140 986 1175 absque

207 1183 361 1210 tardatione
385 1183 485 1216 venire,
510 1187 536 1210 et
557 1191 654 1212 causas
672 1184 784 1212 reddere
808 1185 984 1215 festinaretis.

206 1225 311 1258 Quibus
325 1226 362 1252 ita
379 1226 474 1260 gestis,
493 1227 591 1262 scripsi
607 1228 696 1259 vobis,
713 1232 739 1256 et
752 1229 879 1256 omnibus
893 1231 939 1265 qui
957 1232 984 1258 in

205 1271 348 1298 Antiochia
364 1276 459 1298 contra
476 1273 652 1307 apostolicam
674 1275 888 1311 canonicamque
904 1284 984 1312 reguv

205 1315 258 1342 lam
269 1315 347 1342 nobis
358 1315 519 1344 inconsultis
534 1317 655 1351 fueratis,
679 1326 794 1355 arguens
807 1329 854 1348 vos
867 1322 983 1356 primum

204 1359 238 1389 de
264 1359 372 1394 injuriis
404 1361 570 1394 litterarum,
603 1362 710 1391 demum
734 1371 783 1391 cur
806 1364 983 1394 Athanasium

205 1412 324 1440 mosque
346 1410 547 1434 consectatores
563 1407 596 1434 ad
617 1412 737 1435 vestrum
755 1409 901 1436 concilium
918 1419 984 1438 con-

204 1450 370 1483 vocassetis;
400 1452 552 1480 canonibus
570 1454 654 1480 semel
670 1455 899 1490 praecipientibus,
916 1457 984 1484 nihil

202 1499 279 1523 extra
309 1495 460 1527 Romanum
486 1497 596 1526 decerni
623 1500 794 1534 pontiﬁcem;
810 1502 853 1529 cui
870 1502 937 1534 haec,
957 1507 984 1532 et

204 1541 306 1575 majora
321 1541 504 1571 Ecclesiarum
519 1545 637 1578 negotia,
655 1549 711 1572 tam
732 1547 766 1574 ab
783 1547 842 1581 ipso
857 1547 981 1582 Domino,

1041 963 1103 982 cum
1127 955 1351 990 multiplicatione
1366 956 1501 983 restituat.
1522 955 1596 982 Unde
1612 959 1639 982 et
1654 957 1680 982 in
1696 955 1807 989 Evangee

1042 1001 1077 1027 lio
1095 1001 1226 1035 scriptum
1242 1005 1284 1028 est
1298 1011 1304 1029 :
1319 1001 1394 1034 Quod
1409 1002 1431 1028 si
1444 996 1544 1036 aliquid
1559 1001 1721 1036 defraudavi,
1735 1000 1807 1027 reddo

1040 1046 1216 1080 quadruplum
1231 1047 1263 1073 ⁸⁸.
1282 1047 1311 1074 In
1328 1047 1384 1081 lege
1400 1055 1506 1082 quoque
1527 1053 1636 1074 cautum
1651 1052 1692 1075 est
1707 1057 1712 1074 :
1730 1046 1809 1073 Male-

1039 1092 1123 1118 dictus
1140 1093 1235 1124 omnis,
1251 1093 1295 1127 qui
1311 1091 1438 1128 transfert
1454 1093 1576 1120 terminos
1591 1094 1705 1127 proximi
1725 1092 1773 1122 sui,
1785 1096 1807 1118 et

1039 1137 1105 1163 dicet
1123 1138 1207 1164 omnis
1223 1138 1333 1172 populus
1347 1138 1379 1164 ⁸⁷.
1393 1138 1480 1165 Amen.
1498 1137 1587 1171 Quare
1604 1139 1689 1165 miror
1703 1146 1747 1166 vos
1757 1142 1806 1164 tam

1039 1183 1156 1212 audaces
1172 1191 1242 1215 esse,
1258 1187 1284 1210 et
1304 1188 1356 1209 tam
1373 1183 1557 1218 imprudenter
1570 1183 1669 1218 egisse,
1684 1187 1709 1210 et
1722 1181 1808 1210 termi-

1038 1235 1100 1259 nos,
1115 1235 1146 1254 ac
1161 1227 1222 1262 jura
1240 1228 1311 1256 beati
1325 1225 1397 1255 Petri
1420 1229 1602 1264 apostolorum
1625 1228 1754 1263 principis
1770 1228 1808 1254 in-

1038 1274 1151 1301 vasisse.
1169 1272 1218 1301 Sui
1235 1274 1318 1306 enim,
1331 1277 1359 1300 ut
1377 1274 1455 1308 paulo
1472 1275 1596 1308 superius
1608 1274 1807 1308 comprobatum

1037 1323 1088 1351 est,
1107 1319 1178 1352 juris
1192 1324 1261 1351 erat,
1275 1324 1305 1346 ut
1319 1319 1421 1354 absque
1437 1320 1496 1354 ejus
1511 1324 1610 1347 sanctae
1632 1320 1705 1349 sedis
1720 1323 1808 1346 aucto-

1037 1365 1118 1392 ritate
1147 1364 1238 1392 nullus
1259 1364 1371 1392 deberet
1392 1368 1439 1395 aut
1461 1364 1575 1391 concilia
1597 1364 1743 1396 celebrare,
1766 1365 1808 1389 aut

1037 1412 1178 1446 episcopos
1207 1411 1241 1438 ad
1269 1411 1401 1445 synodum
1425 1418 1590 1443 convocare,
1619 1411 1659 1438 vel
1687 1411 1808 1437 damnare

1037 1465 1095 1489 eos,
1116 1461 1163 1484 aut
1180 1457 1298 1491 propriis
1319 1457 1419 1491 pellere
1435 1456 1555 1488 sedibus,
1572 1462 1618 1483 aut
1636 1456 1705 1483 alios
1721 1456 1746 1482 in
1767 1462 1809 1482 eo-

1037 1511 1097 1530 rum
1122 1503 1183 1529 loco
1204 1502 1340 1533 ordinare,
1357 1509 1416 1536 qua:
1437 1502 1527 1528 omnia
1546 1509 1594 1528 vos
1611 1505 1744 1528 temerare
1757 1508 1808 1528 non

1037 1549 1175 1576 timuistis.
1204 1548 1272 1581 Quid
1297 1556 1360 1583 ergo
1383 1548 1456 1575 aliud
1477 1552 1519 1576 est
1544 1548 1606 1575 talis
1627 1547 1806 1583 praesumptio,

203 1594 284 1621 quam
295 1587 329 1614 ab
337 1587 463 1616 omnibus
475 1589 661 1617 universorum
669 1592 844 1619 conciliorum
859 1592 984 1623 Patribus
999 1581 1019 1609 θ
1037 1594 1088 1622 ιιῐεί
1116 1594 1188 1630 quod
1215 1594 1397 1628 apostolorum
1432 1601 1597 1628 suorumque
1621 1599 1806 1621 successorum

203 1633 314 1667 speciali
328 1637 402 1667 sunt,
423 1639 452 1660 ut
464 1635 519 1669 jam
537 1636 639 1664 dictum
651 1641 702 1668 est,
719 1638 858 1674 privilegio
874 1640 982 1670 tradita.

203 1679 288 1709 Vobis
307 1687 372 1715 ergo
398 1680 606 1716 refugientibus,
631 1687 658 1710 et
680 1675 719 1711 ad
739 1685 884 1712 concilium
903 1687 983 1715 toties

201 1725 357 1755 convocatis
375 1726 471 1755 adesse
491 1727 655 1760 nolentibus,
681 1729 734 1756 illis
750 1738 857 1765 quoque
880 1731 907 1758 in
934 1741 982 1760 sua

202 1771 404 1804 reclamatione,
421 1776 447 1800 et
470 1772 544 1806 justa
569 1774 675 1801 ratione
699 1776 918 1810 persistentibus,
935 1786 981 1805 ve-

201 1819 312 1850 straque
334 1822 530 1851 cognoscentes
552 1819 677 1852 crimina,
701 1825 727 1847 et
749 1821 856 1848 illorum
879 1823 981 1855 justam

200 1863 388 1892 examinantes
403 1864 545 1896 rationem,
560 1872 708 1900 omnesque
721 1874 768 1894 eos
788 1866 897 1895 Nicazno
912 1877 980 1896 con-

200 1907 262 1939 cilio
277 1913 465 1943 cooperantes,
480 1914 507 1938 et
521 1911 622 1937 nostris
638 1913 796 1945 apostolicis
809 1913 980 1947 jussionibus

199 1954 427 1988 oblemperantes,
443 1955 532 1984 visum
554 1961 596 1983 est
611 1957 699 1989 nobis,
723 1965 755 1986 ac
771 1959 899 1987 universo
914 1967 980 1987 c0n~

199 1998 273 2030 eilia.
290 2002 319 2031 nt
342 2007 392 2029 nos
408 2000 508 2032 divinis
527 2001 679 2036 przcceptis,
697 2006 723 2029 et
740 2003 898 2037 apostolicis
922 2012 980 2031 mo-

198 2043 263 2079 nilis
277 2044 426 2077 informati,
442 2046 488 2081 qui
504 2054 552 2082 pro
569 2047 689 2076 omnium
711 2047 893 2079 Ecclesiarum
907 2053 978 2077 statu

197 2091 313 2129 iqnpigro
333 2091 445 2126 vigilare
464 2092 594 2123 debemus
609 2093 716 2126 effectu,
735 2094 757 2120 si
774 2094 921 2129 quidquam
935 2103 978 2122 re-

197 2137 373 2172 prehensioni
400 2145 515 2173 usquam
543 2139 680 2168 invenitur
705 2140 871 2173 obnoxium,
897 2141 977 2168 celeri

196 2182 378 2216 sollicitudine
403 2183 436 2212 ab
454 2184 613 2219 ignorantiae
636 2186 770 2220 imperitia
798 2190 844 2215 aut
869 2194 884 2213 a
909 2194 978 2222 pra:-

195 2229 359 2264 sumptionis
376 2230 551 2264 usurpatione
567 2238 738 2259 revocemus.

231 2274 256 2302 1.
266 2274 314 2304 His
324 2275 414 2304 taliter
421 2275 601 2305 consideratis
610 2280 691 2311 atque
701 2276 835 2308 discretis,
844 2281 972 2312 tanquam

194 2320 315 2352 omnium
329 2328 421 2351 curam
436 2324 570 2355 gerentes,
585 2326 694 2356 propter
712 2322 785 2349 sedis
806 2323 921 2357 propriae
932 2323 974 2352 di-

193 2366 333 2403 gnitatem,
345 2365 515 2400 suscepimus
527 2372 574 2393 eos
587 2366 614 2393 in
629 2366 789 2398 orationem,
805 2367 973 2401 singulisque

194 2419 255 2443 pum
270 2411 432 2441 auctoritate
446 2410 528 2446 hujus
540 2415 642 2439 sancta:
657 2412 730 2439 sedis
745 2412 835 2445 rebus,
848 2413 971 2447 proprias

193 2456 360 2485 reddidimus
378 2456 525 2489 Ecclesias,
553 2457 610 2492 (45)
638 2458 767 2492 quoniam
789 2458 851 2485 huic
871 2464 972 2487 sancta“:

194 2501 262 2535 sedi,
280 2504 389 2535 propter
417 2501 585 2536 privatorum
614 2502 752 2532 hominum
770 2501 893 2534 insidias,
912 2503 971 2538 ipso

194 2545 306 2579 Domino
320 2546 490 2578 instituente,
509 2550 536 2578 et
553 2547 654 2575 sanctis
670 2547 809 2582 apostolis,
823 2555 971 2583 eorumque

193 2592 398 2620 successoribus
423 2600 470 2627 per
494 2593 601 2628 singula
628 2594 743 2622 concilia
767 2594 967 2627 roborantibus,

194 2642 243 2671 hoc
257 2645 364 2673 semper
380 2638 466 2671 licuit,
483 2639 638 2674 licebitque,
648 2639 762 2670 Omnino
774 2640 932 2673 auxiliante,
942 2641 969 2670 in

194 2690 361 2726 perpetuum,
385 2685 472 2719 Unde,
493 2688 539 2722 qui
555 2689 607 2716 scit
625 2696 653 2716 se
673 2688 734 2716 aliis
756 2697 818 2717 esse
841 2690 970 2726 prreposi-

224 2763 247 2779 ⁸⁸
266 2762 333 2791 Luc.
355 2771 418 2797 xu,
437 2765 464 2793 8.
502 2764 524 2781 "’
544 2764 621 2793 Deut.
639 2773 729 2798 xxvii,
748 2765 789 2794 l7.

1034 1639 1140 1666 decreta
1152 1639 1315 1673 transgredi,
1331 1643 1357 1665 et
1369 1638 1582 1666 maledictioncm
1600 1639 1725 1673 superius
1739 1645 1808 1665 com-

1034 1686 1206 1720 prehensam,
1232 1686 1260 1712 in
1274 1685 1331 1720 lege
1356 1684 1439 1711 semel
1461 1689 1578 1716 cautam,
1596 1692 1677 1720 quam
1697 1684 1806 1720 populus

1033 1739 1086 1758 uno
1099 1739 1155 1762 ore,
1174 1738 1346 1766 consonaque
1360 1731 1536 1765 responsione
1551 1738 1598 1765 per
1611 1739 1698 1761 amen.
1722 1730 1748 1756 id
1768 1731 1807 1756 est

1033 1778 1089 1808 liat,
1103 1776 1283 1808 confirmavit,
1298 1776 1436 1810 suscipere
1453 1784 1505 1803 non
1519 1776 1667 1803 timuistis?
1688 1775 1804 1805 Necnon,

1032 1828 1061 1850 ut
1086 1830 1158 1854 reor,
1190 1822 1289 1850 talibus
1317 1822 1564 1857 transgressionum
1594 1821 1722 1849 funiculis
1744 1828 1806 1848 con-

1031 1868 1130 1900 stricti,
1157 1872 1300 1899 nostrum,
1326 1876 1360 1895 ne
1385 1871 1475 1895 vestra
1503 1868 1681 1902 proderentur
1700 1867 1804 1902 ﬂagitia,

1031 1921 1144 1945 examen
1158 1913 1325 1946 declinastis,
1340 1917 1367 1940 et
1384 1913 1417 1940 ad
1438 1913 1618 1947 supradictam
1640 1913 1804 1940 vocationem

1031 1960 1123 1987 venire
1138 1959 1294 1988 distulistis.
1321 1958 1391 1986 Sane
1405 1959 1578 1986 manifestum
1601 1963 1652 1989 est,
1669 1966 1746 1986 suum
1761 1964 1804 1984 eos

1030 2007 1154 2034 conliteri
1170 2006 1284 2038 crimen,
1302 2006 1348 2041 qui
1361 2006 1442 2033 toties
1459 2005 1561 2033 evocati
1579 2005 1682 2040 absque
1696 2003 1804 2031 inevita-

1028 2051 1077 2078 bili
1094 2059 1175 2078 causa
1189 2051 1281 2079 venire
1291 2051 1466 2082 distulerunt,
1479 2054 1505 2077 et
1520 2049 1653 2085 purgandi
1667 2057 1696 2077 se
1713 2048 1803 2075 volun-

1030 2099 1085 2126 tate
1102 2105 1156 2124 non
1170 2100 1292 2127 utuntur,
1306 2095 1372 2122 Nam
1390 2096 1413 2123 si
1431 2095 1464 2122 de
1479 2095 1577 2123 vestris
1589 2095 1671 2122 dictis
1687 2092 1802 2122 conlide—

1028 2141 1103 2173 retis,
1120 2141 1201 2168 etiam
1228 2142 1254 2168 in
1281 2140 1378 2167 faciem
1405 2141 1519 2175 probare
1540 2148 1594 2167 non
1617 2138 1800 2169 distulissetis.

1029 2186 1108 2219 Tales
1132 2186 1305 2213 insidiatores
1333 2186 1431 2221 spiritu
1453 2185 1631 2220 praevidentes
1651 2184 1739 2212 sancti
1754 2182 1802 2209 Pa-

990 2250 1012 2277 D
1027 2236 1083 2260 tres
1106 2234 1133 2260 in
1152 2231 1239 2262 Nicaea
1264 2231 1430 2266 congregati,
1457 2231 1529 2265 leges
1551 2234 1713 2261 statuerunt,
1737 2234 1803 2263 quas

1026 2287 1077 2306 nos
1094 2285 1213 2310 canones
1230 2277 1405 2312 appellamus,
1425 2284 1458 2303 ne
1473 2276 1550 2303 facile
1562 2275 1639 2311 probi
1654 2275 1688 2302 ab
1703 2275 1801 2309 impro-

1026 2325 1068 2355 bis
1091 2324 1296 2351 damnarentur.
1324 2322 1457 2358 Equibus
1484 2322 1628 2349 nonnullas
1655 2319 1801 2349 sententias

1024 2370 1070 2398 hic
1084 2370 1168 2397 inseri
1181 2369 1374 2404 judicavimus,
1386 2373 1416 2396 ut
1432 2373 1569 2396 tantorum
1584 2367 1696 2395 Patrum
1710 2369 1801 2394 aucto-

1024 2418 1121 2448 ritate,
1148 2421 1242 2445 nostra
1256 2417 1431 2445 roboraretur
1452 2416 1582 2452 epistola,
1606 2419 1686 2450 atque
1710 2420 1800 2441 omnes

1024 2461 1174 2491 Orientales
1197 2462 1253 2490 sive
1275 2462 1441 2497 reliquarum
1463 2462 1579 2496 partium
1599 2459 1731 2495 episcopi,
1747 2458 1800 2484 haee

1023 2507 1176 2538 audientes,
1194 2507 1226 2533 in-
1253 2510 1355 2534 tantam
1383 2506 1486 2533 foveam
1516 2513 1569 2532 non
1603 2505 1741 2534 incidant,
1768 2509 1800 2528 ne

1021 2552 1224 2579 damnationem‘
1258 2559 1274 2578 a
1306 2551 1431 2579 Patribus
1469 2551 1605 2578 decretam
1640 2549 1797 2585 percipiant.

1023 2597 1179 2632 Sequuntur
1210 2597 1282 2626 enim
1314 2605 1346 2625 ex
1385 2595 1512 2632 praedicto
1547 2596 1662 2623 concilio
1693 2594 1800 2621 Niczeno

1022 2643 1104 2682 605
1133 2644 1267 2680 capitula,
1296 2643 1322 2669 id
1347 2646 1404 2675 est,
1433 2650 1517 2675 xvur,
1542 2650 1599 2671 XIX.
1627 2649 1690 2673 xxr.
1721 2647 1797 2667 xnn.

1023 2697 1104 2723 xxvr,
1135 2698 1226 2722 xxvu,
1249 2697 1349 2723 xxvrn,
1374 2697 1473 2722 sunt,
1498 2697 1562 2720 xu,
1588 2691 1665 2719 etv,
1697 2693 1753 2717 vn,
1774 2687 1798 2710 et

223 2852 281 2892 “3)
301 2851 424 2881 Canones
441 2853 636 2891 subscquentes
657 2862 688 2882 ex
705 2853 912 2887 Sardicensibus
931 2859 956 2882 et
971 2862 1002 2883 ex
1020 2853 1080 2883 aliis
1097 2854 1277 2885 consarcinati
1294 2859 1366 2883 sum.
