1926 3068
138 139 206 168 Ηιϐί

137 205 195 230 vtn,
226 203 258 223 ac
278 204 315 228 LI,
338 203 385 228 ut,
403 203 461 228 ιιιι,
478 203 532 228 t.tv,
555 203 598 229 ιγ,
617 204 684 229 Lvn,
700 204 776 230 Lvttt,
792 205 848 230 ιιι,
869 205 915 230 Lx,

136 251 190 273 LXI,
207 247 274 272 ιιιι,
289 249 372 269 LXVII.

170 287 198 317 2,
214 287 246 314 Et
259 295 353 314 omnes
373 287 492 321 episcopi
510 287 556 321 qui
567 287 595 314 in
609 287 768 322 quibusdam
784 287 917 322 graviori—

136 333 188 366 bus
212 332 365 366 pulsantur,
382 331 422 358 vel
442 331 620 359 criminantur
641 333 741 364 causis,
753 333 858 367 quoties
869 341 916 360 ne-

136 385 213 404 cesse
231 377 321 408 fuerit,
348 376 431 403 libere
457 377 634 411 apostolicam
653 377 787 411 appellent
813 377 914 404 sedem.

135 422 222 457 Atque
236 422 270 448 ad
283 429 342 449 eam
366 421 444 456 quasi
462 421 494 448 ad
521 425 633 449 matrem
653 422 819 457 confugiant,
837 426 867 449 ut
883 422 916 450 ab

134 477 177 500 ea,
193 469 264 496 sicut
289 475 396 502 semper
409 468 469 499 fuit,
486 469 531 502 pie
547 468 703 500 fulciantur,
725 467 915 502 defendantur,

134 517 162 542 et
178 514 338 541 liberentur.
351 513 436 547 Cujus
451 513 623 548 dispositioni
637 521 731 540 omnes
744 514 860 548 majores
871 521 917 541 ec-

135 558 304 586 clesiasticas
319 566 424 591 causas,
441 562 467 586 ct
481 559 668 594 episcoporum
681 559 794 593 judicia,
806 559 916 594 antiqua

135 606 331 640 apostolorum,
350 613 496 639 eorumque
513 613 712 636 SUCCESSOI‘UDI,
730 610 810 640 atque
833 613 916 633 cano-

135 659 200 678 num
216 645 364 678 auctoritas
378 651 536 678 reservavit.
554 651 687 684 Quoniam
704 651 850 685 culpantur
859 652 916 686 epi-

135 697 210 731 scopi
232 696 277 731 qui
296 696 374 723 aliter
384 703 447 730 erga
464 696 561 724 fratres
579 697 683 732 egerint
699 704 779 732 quam
794 697 915 732 ejusdem

135 742 208 770 sedis
222 749 298 777 papa:
314 742 370 769 ﬁeri
386 742 529 776 placuerit.

168 787 195 814 3.
212 787 314 815 Placuit
336 791 364 814 ut
385 793 529 815 accusatus
546 789 589 816 vel
601 788 740 823 judicatus
760 797 774 816 a
789 797 916 825 compro-

134 834 296 861 vincialibus
316 835 343 860 in
364 834 455 869 aliqua
475 842 557 862 causa
569 835 724 871 episcopus,
741 836 854 863 licenter
868 844 916 871 ap-

135 879 225 914 pellet,
238 885 264 907 et
277 880 355 907 adeat
369 881 524 915 apostolica:
537 881 610 908 sedis
624 880 788 916 pontiﬁcem.
805 881 854 914 Qui
866 887 913 908 aut

134 933 183 962 per
196 933 234 958 se,
252 930 298 953 aut
314 934 362 961 per
377 927 493 954 vicarios
507 935 582 959 suos,
602 927 660 962 ejus
672 928 813 954 retractari
830 936 914 963 nego-

134 972 200 999 tium
215 977 352 1006 procuret.
367 972 399 998 Et
409 972 472 999 dum
491 973 589 1000 iterato
599 973 702 1008 judicio
716 973 836 1008 pontifex
849 981 915 1000 cau-

134 1024 192 1044 sam
205 1017 269 1051 agit,
285 1017 375 1045 nullus
390 1018 459 1045 alius
477 1018 504 1044 in
520 1018 578 1052 ejus
591 1019 651 1045 loco
668 1023 795 1054 ponatur,
812 1023 858 1046 aut
869 1027 914 1046 or-

133 1061 241 1090 dinetur
254 1063 407 1098 episcopus.
421 1064 564 1096 Quoniam,
574 1072 727 1100 quanquam
744 1066 915 1100 comprovin-

133 1109 248 1136 cialibus
263 1109 400 1144 episcopis
412 1111 533 1138 accusati
559 1118 650 1138 coram
666 1111 767 1139 eisdem
780 1111 915 1146 pontiﬁci-

132 1154 184 1182 bus
212 1158 273 1181 acta
288 1156 403 1182 scrutari
415 1156 506 1188 liceat,
523 1163 576 1183 non
593 1160 680 1184 tamen
692 1157 804 1185 delinire
819 1158 914 1185 incon-

133 1200 205 1227 sulto
217 1200 339 1227 Romano
360 1201 487 1236 pontiﬁce
502 1202 664 1236 permissum
687 1207 739 1230 est.
755 1203 821 1230 Cum
836 1204 914 1231 beato

132 1243 213 1272 Petro
234 1246 356 1280 apostolo
371 1254 425 1273 non
450 1247 483 1274 ab
508 1247 562 1274 alio
585 1254 665 1282 quam
686 1248 720 1275 ab
736 1248 796 1283 ipso
811 1249 913 1276 dictum

133 1290 169 1317 sit
199 1290 331 1319 Domino:
360 1291 524 1327 Quaecunque
552 1293 673 1328 ligaveris
700 1302 778 1329 super
801 1299 913 1328 terram,

132 1340 208 1363 erunt
219 1335 300 1371 ligata
312 1342 337 1363 et
354 1338 380 1364 in
396 1338 487 1371 caelis;
502 1343 528 1366 et
542 1347 700 1375 quaecunque
711 1340 819 1367 solveris
837 1349 914 1376 super

133 1387 241 1413 terram,
257 1388 332 1410 erant
348 1384 436 1410 saluta
452 1389 477 1410 et
492 1385 519 1412 in
530 1386 602 1412 etatis
619 1386 652 1413 ³⁸.

167 1428 193 1455 4.
211 1428 238 1455 Si
256 1429 318 1463 quis
335 1429 470 1464 putaverit
491 1438 520 1458 se
536 1439 551 1458 a
572 1432 782 1467 metropolitano
794 1433 912 1468 gravari,

132 1474 204 1509 apud
225 1475 367 1508 primatem
391 1475 551 1510 dimceseos,
576 1482 624 1504 aut
647 1485 730 1512 penes
751 1478 912 1506 universalis

133 1522 287 1555 apostolicae
301 1521 428 1550 Ecclesiae
438 1531 534 1558 papam
548 1523 696 1558 judicetur.

166 1567 191 1594 5.
205 1567 396 1600 Accusatores,
409 1573 435 1596 et
458 1569 658 1601 accusationes,
679 1577 748 1605 quas
764 1570 836 1605 leges
860 1578 912 1598 sar

132 1613 186 1640 culi
201 1621 256 1640 non
267 1614 417 1646 asciscunt,
429 1618 456 1642 et
469 1622 519 1642 nos
534 1616 697 1642 unanimiter
710 1615 910 1650 submovemus,

132 1667 167 1687 ne
182 1659 228 1686 ﬁat
252 1659 406 1687 indistricta
427 1661 587 1695 probatione
606 1661 743 1696 impietas,
760 1669 822 1689 cum
838 1667 912 1690 recta

132 1707 270 1742 sitjudicii
286 1708 312 1734 in
328 1708 460 1735 electione
474 1708 621 1735 sententia.

168 1753 195 1780 6.
208 1753 303 1780 Nullus
316 1753 461 1788 episcopus
476 1753 587 1781 alterius
602 1754 796 1788 parochianum
811 1762 912 1790 praesu-

132 1802 189 1826 mat
200 1799 327 1831 retinere,
345 1802 392 1826 aut
411 1799 549 1832 ordinare,
565 1799 668 1834 absque
684 1801 743 1835 ejus
764 1801 910 1834 voluntate,

133 1845 175 1872 vel
196 1835 329 1880 judicare,
351 1845 426 1872 salva
451 1849 541 1872 tamen
562 1845 591 1872 in
618 1846 745 1873 omnibus
764 1847 911 1881 apostolica

133 1890 309 1923 auctoritate;
322 1890 394 1925 quia,
405 1890 475 1918 sicut
490 1890 566 1917 irrita
581 1891 632 1918 erit
643 1891 702 1926 ejus
715 1891 860 1924 ordinatio,
875 1892 911 1919 ita

133 1939 160 1963 et
180 1935 355 1970 dijudicatio;
372 1936 500 1971 quoniam
524 1943 667 1964 censemus
682 1937 782 1963 nullam
800 1938 911 1965 alterius

132 1981 242 2016 judicis,
255 1981 306 2009 nisi
327 1981 368 2008 sui
382 1982 514 2009 sententia
531 1982 616 2009 teneri
633 1991 640 2008 :
657 1989 718 2008 nam
731 1982 776 2017 qui
791 1990 851 2010 eum
867 1990 911 2010 or-

132 2026 227 2054 dinare
243 2033 296 2053 non
313 2026 409 2060 potuit,
422 2025 604 2060 neejudieare
622 2026 757 2053 ullatenus
768 2028 875 2060 poterit.
898 2035 906 2046 '

168 2072 194 2098 Ἰ.
212 2070 240 2098 Si
257 2071 318 2105 quis
339 2079 401 2105 erga
418 2071 576 2106 episcopum
600 2072 641 2098 vel
662 2076 768 2100 actores
785 2071 836 2099 Eur

132 2126 161 2146 se
173 2117 312 2153 proprium
327 2117 424 2145 habere
436 2117 580 2145 crediderit
595 2118 745 2152 negotium,
769 2125 822 2145 non
837 2126 909 2151 prius

132 2164 210 2191 adeat
223 2164 339 2198 judiccs,
355 2170 435 2198 quam
451 2163 483 2190 ad
500 2171 547 2191 eos
561 2167 693 2196 recurrat,
706 2163 847 2190 charitatis
857 2167 910 2190 stu-

131 2209 187 2241 dio,
203 2213 231 2236 ut
246 2209 372 2236 familiari
390 2209 525 2243 colloquio
536 2209 694 2236 commoniti
709 2217 740 2236 ea
754 2217 851 2238 sanare
863 2209 910 2237 de-

132 2255 221 2288 beant,
241 2263 301 2290 qttze
323 2255 351 2282 in
373 2255 571 2290 querimoniam
595 2254 775 2282 deducuntur.
793 2255 870 2288 Quod
886 2256 910 2284 si

132 2302 209 2328 aliter
225 2301 320 2337 egerit,
335 2301 525 2328 communione
536 2301 666 2336 privetur.

166 2349 193 2376 8.
211 2348 294 2375 Nemo
305 2348 462 2383 pontificum
479 2347 607 2382 deinceps
622 2348 737 2383 aliquem
752 2348 908 2383 episcopum

132 2392 190 2421 suis
204 2393 382 2427 exspoliatum
396 2393 488 2425 rebus,
499 2396 545 2419 aut
561 2400 575 2418 a
591 2392 654 2419 sede
667 2393 785 2427 pulsum,
800 2400 909 2419 excom-

131 2439 272 2466 municare
283 2443 328 2466 aut.
340 2439 462 2473 judicare
478 2441 632 2473 praesumat,
650 2438 713 2472 quia
728 2446 781 2466 non
795 2442 836 2467 est
855 2439 910 2474 pri<

131 2485 257 2520 vilegium
269 2493 323 2520 quo
335 2485 445 2520 spoliari
464 2485 549 2520 possit
564 2484 618 2518 jam
633 2483 772 2511 nudatus.‘

164 2530 191 2557 9.
207 2528 270 2556 Pari
292 2533 386 2558 tenore
413 2530 594 2560 decernimus,
621 2536 674 2555 non
697 2529 770 2555 credi
798 2536 910 2556 accusa-

130 2577 195 2608 tori,
208 2576 254 2611 qui
269 2576 380 2603 absente
393 2576 548 2603 adversario
562 2582 672 2602 causam
688 2575 817 2610 suggerit,
830 2580 910 2610 atque

130 2621 274 2655 utriusque
299 2620 385 2654 partis
409 2621 619 2652 discussionem,
649 2628 698 2647 nec
725 2625 908 2654 accusatores,

131 2665 171 2692 vcl
190 2669 274 2692 testes
290 2665 403 2699 suscipi,
419 2665 464 2699 qui
478 2673 531 2692 non
548 2669 611 2691 sunt
623 2664 722 2692 idonei.

166 2711 210 2738 10.
228 2710 343 2742 Placuit,
364 2715 393 2737 ut
417 2711 440 2737 si
469 2715 612 2737 accusatus
628 2709 669 2736 vel
692 2709 836 2738 damnatus
853 2711 909 2745 epi-

132 2765 230 2792 scopus
252 2757 426 2792 appellaverit
446 2756 597 2784 Romanum
619 2756 781 2793 pontiﬁcem,
808 2756 834 2784 id
856 2761 910 2785 sta-

168 2848 189 2863 "
210 2848 302 2875 Matth.
321 2855 381 2880 va,
401 2847 444 2874 19.

569 137 703 166 PONTIF.
725 138 806 167 80M.
827 138 870 166 ΕΤ
889 138 1077 167 ATIIANASII
1097 140 1284 168 EPISTOLE.

1677 142 1745 170 1462

930 198 954 226 Α
969 197 1098 224 tuendum
1114 198 1187 232 quod
1207 198 1264 233 ipse
1279 198 1352 233 juste
1371 197 1516 226 censuerit.
1532 197 1564 225 Et
1578 204 1681 232 omnes,
1699 199 1745 233 qui

970 242 1101 270 adversus
1116 242 1210 271 Patres
1225 247 1374 276 armantur,
1393 243 1507 271 infames
1521 251 1581 271 esse
1593 251 1744 272 censemus.

969 287 1061 322 Neque
1082 296 1128 316 eos
1145 289 1191 324 qui
1205 296 1266 315 cum
1283 288 1402 316 inimicis
1415 293 1566 322 morantur,
1587 289 1620 316 ad
1634 296 1746 318 accusa-

968 332 1068 359 tionem
1085 334 1126 360 vel
1147 334 1180 360 ad
1198 333 1382 361 testimonium
1398 333 1577 368 recipiendos.

1005 378 1047 404 11.
1063 378 1168 406 Placuit
1185 383 1214 406 ut
1225 387 1332 414 semper
1346 379 1373 406 in
1384 379 1558 407 accusatione
1573 379 1744 414 clericorum,

967 424 1055 458 primo
1076 432 1203 459 persona,
1220 425 1295 457 ﬁdes,
1308 425 1362 452 vita
1383 429 1410 452 et
1430 425 1599 453 conversatio
1611 425 1745 460 blasphe-

967 469 1100 496 mantium
1113 473 1307 504 perscrutetur.
1325 469 1392 496 Nam
1409 470 1474 497 ﬁdes
1498 478 1591 498 omnes
1603 474 1679 498 actus
1694 471 1745 498 ho-

967 514 1048 542 minis
1069 515 1221 550 precedere
1240 515 1319 542 debet
1335 525 1341 542 :
1358 515 1421 550 quia
1440 516 1550 549 dubius,
1566 516 1682 544 infidelis
1693 521 1744 550 est,

966 567 1016 587 nec
1027 560 1067 587 eis
1082 561 1193 588 omnino
1207 568 1267 588 esse
1282 560 1458 594 credendum,
1474 562 1519 596 qui
1531 562 1654 590 veritatis
1666 562 1744 589 ﬁdem

966 607 1103 641 ignorant,
1124 614 1174 634 nec
1199 611 1272 634 recte
1289 608 1502 635 conversationis
1518 608 1600 640 vitam
1621 608 1744 641 ducunt;

967 652 1097 688 quoniam
1119 653 1198 685 tales,
1223 657 1249 680 et
1272 653 1361 685 facile,
1376 657 1403 680 et
1425 653 1609 681 indiﬁ‘ercnter
1625 654 1745 681 lacerant

965 702 992 726 et
1010 698 1190 726 criminantur
1213 705 1286 727 recte
1301 704 1328 727 et
1347 699 1389 734 pie
1406 699 1535 727 viventes.
1550 699 1612 727 Ideo
1625 699 1744 734 suspicio

965 752 1061 772 eorum
1078 745 1248 773 discutienda
1267 750 1308 774 est
1322 746 1410 781 primo
1424 750 1451 773 et
1466 745 1635 780 corrigenda.
1652 745 1744 780 Neque

966 791 1173 818 accusatoribus
1199 792 1345 827 suspectis,
1366 796 1392 820 et
1415 793 1448 820 de
1472 792 1640 819 inimicorum
1663 792 1744 819 domo

966 836 1162 871 prodeuntibus
1177 837 1351 865 credendum.

1003 881 1046 908 12.
1062 881 1138 915 Quod
1163 891 1216 910 non
1234 883 1292 910 aliae
1318 883 1531 918 metropolitante
1549 882 1686 915 Ecclesiae,
1701 882 1744 908 vel

964 928 1092 962 primates
1106 928 1170 961 sint,
1185 928 1237 956 nisi
1253 929 1302 962 illi,
1319 929 1365 963 qui
1383 929 1457 963 prius
1472 929 1600 963 primates
1613 931 1700 960 erant,
1717 932 1745 954 et

964 973 1133 1008 postChristi
1146 974 1290 1002 adventum
1299 976 1459 1002 auctoritate
1471 974 1618 1010 apostolica
1625 978 1651 1002 et
1662 981 1744 1009 syno-

965 1020 1030 1052 dali,
1062 1020 1209 1055 primatum
1236 1020 1336 1048 habere
1357 1024 1524 1048 meruerunt.
1546 1019 1665 1054 Reliqua:
1688 1027 1744 1046 non

964 1065 1103 1100 primates,
1119 1065 1167 1093 sed
1184 1066 1345 1100 metropoles
1361 1069 1501 1098 vocentur,
1523 1073 1671 1100 eorumque
1684 1065 1743 1099 cpi--

965 1112 1041 1147 scopi
1066 1120 1122 1139 non
1148 1112 1303 1147 primatum,
1321 1112 1368 1139 sed
1392 1116 1437 1139 aut
1460 1112 1742 1147 metropolitanorum,

965 1163 1013 1186 aut
1027 1158 1295 1193 archiepiscoporum
1308 1158 1418 1186 nomine
1431 1158 1566 1186 fruantur.

999 1205 1041 1231 15.
1059 1203 1174 1232 lnfames
1184 1212 1245 1232 esse
1259 1211 1402 1232 censemus
1415 1211 1519 1235 omnes,
1533 1203 1578 1238 qui
1593 1211 1670 1231 suam
1696 1206 1744 1230 aut

963 1249 1146 1278 Christianam
1167 1250 1379 1284 praevaricantur
1402 1248 1497 1283 legem,
1516 1251 1562 1275 aut
1583 1249 1741 1276 canonicam

964 1297 1128 1330 postponunt
1147 1294 1345 1321 auctoritatem.

1000 1341 1044 1367 11.
1061 1340 1141 1367 Salvo
1163 1340 1189 1366 in
1212 1340 1339 1366 omnibus
1356 1339 1483 1366 Romanae
1508 1338 1635 1367 Ecclesiae
1658 1339 1743 1374 privi-

963 1385 1044 1420 legio,
1075 1385 1166 1412 nullus
1194 1384 1420 1419 metropolitanus
1448 1384 1551 1419 absque
1582 1388 1741 1412 cancrorum

963 1431 1083 1458 omnium
1109 1429 1376 1464 comprovincialium
1403 1429 1589 1464 episcoporum
1614 1430 1742 1460 astantia,

965 1475 1116 1510 aliquorum
1134 1483 1166 1502 ex
1178 1475 1231 1502 illis
1244 1482 1350 1507 causas,
1365 1475 1427 1509 quia
1443 1474 1526 1502 irritat
1545 1478 1635 1508 erunt,
1650 1475 1704 1502 imo
1715 1480 1742 1502 et

927 1530 948 1559 α
965 1528 1076 1548 causam
1090 1521 1117 1547 in
1132 1520 1236 1556 synodo
1247 1527 1295 1554 pro
1311 1519 1384 1547 facto
1395 1520 1479 1547 dabit.

1000 1566 1043 1593 15.
1060 1565 1163 1592 Alienis
1178 1564 1317 1592 erroribus
1332 1565 1475 1596 sociatum,
1493 1564 1535 1591 vel
1553 1571 1567 1591 a
1584 1564 1625 1591 sui
1644 1571 1742 1599 propo—

965 1612 1011 1640 siti
1028 1612 1137 1639 tramite
1153 1611 1334 1644 recedentem,
1350 1615 1396 1637 aut
1422 1611 1508 1638 sacris
1528 1610 1678 1637 canonibus
1699 1611 1739 1641 ιπ-

964 1657 1144 1689 obedientem,
1157 1657 1295 1691 suscipere
1311 1663 1365 1683 non
1376 1663 1531 1691 possumus.
1548 1654 1603 1683 Nec
1615 1656 1742 1690 impetere

964 1706 1038 1730 recte
1052 1701 1203 1735 credentes,
1216 1702 1257 1729 vel
1268 1705 1423 1728 sanctorum
1435 1699 1543 1727 Patrum
1556 1701 1742 1729 sanctionibus

965 1748 1184 1783 obtemperantes
1200 1748 1391 1783 permittimus.

1001 1794 1046 1821 16.
1073 1793 1219 1828 Peregrina
1239 1793 1341 1828 judicia
1361 1793 1479 1829 generali
1493 1793 1632 1821 sanctione
1649 1793 1742 1828 prohi-

965 1838 1069 1866 bemus.
1087 1838 1156 1872 Quia
1182 1839 1320 1874 indignum
1337 1843 1379 1866 est
1395 1843 1424 1866 ut
1437 1839 1470 1866 ab
1482 1840 1582 1867 exteris
1593 1839 1745 1874 judicetur,

964 1886 1011 1920 qui
1036 1886 1216 1920 provinciales
1236 1890 1263 1913 et
1278 1893 1293 1912 a
1315 1894 1344 1914 se
1363 1887 1464 1914 electos
1485 1885 1563 1914 debet
1584 1887 1684 1915 habere
1698 1886 1742 1922 ju-

964 1931 1047 1959 dices.

1001 1976 1043 2003 17.
1062 1976 1141 2004 Salva
1156 1978 1311 2012 apostolicae
1328 1977 1455 2005 Ecclesia:
1465 1978 1635 2010 auctoritate,
1651 1978 1742 2005 nullus

964 2023 1108 2058 episcopus
1119 2028 1195 2051 extra
1206 2031 1282 2051 suam
1297 2024 1461 2058 provinciam
1474 2024 1507 2051 ad
1516 2024 1648 2059 judicium
1661 2025 1742 2052 devo-

964 2074 1051 2101 cetur,
1064 2069 1110 2096 sed
1124 2074 1219 2096 vocato
1231 2077 1262 2096 eo
1275 2069 1416 2102 canonice,
1430 2069 1457 2096 in
1471 2069 1530 2096 loco
1541 2070 1666 2097 omnibus
1677 2077 1743 2097 con-

965 2122 1044 2149 gruo,
1069 2119 1190 2150 tempore
1214 2115 1347 2151 synodali,
1366 2116 1399 2143 ab
1422 2115 1549 2142 omnibus
1568 2115 1741 2150 comprovin-

964 2162 1079 2190 cialibus
1104 2163 1240 2197 episcopis
1262 2163 1398 2195 audiatur,
1420 2161 1466 2197 qui
1490 2161 1635 2188 concilium
1661 2169 1743 2196 super

925 2207 1036 2241 Deum,
1062 2208 1275 2242 canonicamque
1303 2207 1425 2242 proferre
1445 2207 1543 2235 debent
1568 2207 1740 2236 sententiam.

964 2253 1099 2286 Quoniam
1115 2253 1139 2280 si
1159 2254 1210 2280 boc
1225 2254 1385 2285 minoribus,
1399 2259 1451 2280 tam
1468 2253 1574 2281 clericis
1595 2261 1675 2288 quam
1692 2253 1741 2280 lai-

963 2299 1013 2331 cis,
1026 2306 1185 2327 concessum
1199 2302 1250 2331 est,
1263 2303 1365 2334 quanto
1380 2299 1467 2333 magis
1483 2298 1516 2326 de
1532 2298 1666 2334 episcopis
1681 2306 1740 2326 ser-

963 2344 1020 2372 vari
1034 2344 1174 2371 convenit!
1191 2344 1258 2371 Nam
1271 2344 1294 2371 si
1307 2344 1365 2378 ipse
1379 2344 1628 2379 metropolitanum,
1643 2344 1742 2378 autju<

963 2390 1037 2417 dices
1061 2394 1201 2425 suspectos
1225 2389 1365 2422 habuerit,
1394 2394 1440 2417 aut
1468 2389 1588 2417 infensos
1614 2383 1740 2421 senserit,

963 2435 1035 2470 apud
1051 2436 1181 2470 primates
1192 2435 1353 2467 dimceseos,
1370 2439 1417 2462 aut
1433 2436 1503 2470 apud
1522 2435 1649 2463 Romana:
1669 2435 1740 2463 sedis

962 2481 1102 2516 pontiﬁces
1115 2481 1261 2515 judicetur.

999 2528 1043 2555 18.
1059 2527 1166 2554 Nemini
1178 2527 1211 2554 de
1222 2535 1250 2554 se
1265 2527 1391 2554 confesso
1405 2527 1478 2554 credi
1492 2531 1579 2562 potest
1595 2535 1677 2562 super
1687 2527 1740 2554 cri-

962 2580 1023 2599 men
1046 2572 1172 2599 alienum.
1192 2571 1324 2604 Quoniam
1341 2572 1400 2606 ejus
1415 2575 1494 2606 atque
1514 2571 1602 2599 omnis
1618 2571 1656 2598 rei
1678 2579 1740 2606 pro-

963 2618 1046 2645 fessio
1075 2618 1237 2653 periculosa,
1261 2622 1288 2646 et
1315 2617 1420 2644 admitti
1443 2616 1573 2644 adversus
1596 2617 1740 2651 quemlibet

963 2672 1016 2692 non
1028 2665 1118 2692 debet.

998 2711 1041 2739 19.
1064 2711 1169 2739 Incerta
1192 2718 1271 2739 nemo
1295 2718 1412 2746 unquam
1439 2709 1596 2745 pontiﬁcum
1619 2708 1742 2743 judicaee

964 2761 1119 2794 pratsnmat.
1132 2757 1200 2791 Quia
1216 2757 1340 2793 quamvis
1354 2763 1416 2784 vera
1432 2756 1500 2789 sint,
1516 2763 1570 2783 non
1582 2759 1671 2782 tamen
1683 2761 1742 2782 eis:
