1919 3064
201 130 259 160 ηδε

193 189 286 223 ﬂenda,
300 191 354 218 nisi
370 198 430 226 quae
443 191 594 220 manifestis
607 192 717 227 judiciis
741 193 963 228 comprobantur,
980 195 1001 223 Α

193 235 243 264 nisi
257 244 316 270 qua:
329 237 474 264 manifesto
494 237 597 272 judicio
613 238 822 272 convincuntur,
837 239 890 266 nisi
904 247 964 274 quae

193 283 331 310 udiciario
346 283 441 311 ordine
457 285 635 318 publicantur.

223 329 267 355 ‘20.
284 329 493 357 Criminationes
520 331 652 365 majorum
682 335 745 358 natu
773 338 822 366 per
842 331 909 359 alios
931 339 966 359 nc

190 373 265 405 ﬂant,
282 374 333 401 nisi
346 382 394 409 per
407 375 480 409 ipsos
491 376 536 410 qui
545 376 660 403 crimina
671 376 824 410 intendunt,
837 377 860 405 si
875 382 965 404 tamen

193 418 240 452 ipsi
259 418 333 453 digni
348 422 375 446 et
390 419 641 454 irreprehensibiles
655 422 839 456 apparuerint,
854 426 881 449 et
897 423 966 450 actis

192 464 332 491 docuerint
345 465 461 499 publicis
473 466 594 493 omnium
607 474 637 494 se
647 474 740 494 carere
753 467 909 502 suspicione
925 471 966 494 at-

190 518 243 544 que
265 510 417 545 inimicitia,
439 516 466 540 et
492 513 862 548 irreprebensibilem-iiilem
885 519 966 550 atque

190 556 423 583 conversationem
438 556 549 585 ducere.

223 601 268 628 2i.
284 600 316 628 Et
339 602 512 635 provincialis
536 602 657 638 synodus
680 607 842 631 retractetur
863 611 912 638 per
927 605 967 632 vi-

189 647 279 675 carios
291 648 367 676 urbis
378 648 470 675 Romae
481 648 613 683 episcopi,
628 649 651 676 si
666 649 724 684 ipse
736 650 895 678 decreverit.

224 692 268 719 22.
292 692 396 720 Placuit
413 697 443 720 ut
464 701 479 720 a
496 694 704 729 quibuscunque
721 694 860 730 judicibus
881 695 968 723 ecclev

190 737 308 766 tiasticis
326 738 359 765 ad
377 739 445 766 alios
456 738 563 773 judices
578 740 787 772 ecclesiasticas,
805 740 850 768 ubi
865 745 906 768 est
917 749 968 768 au—

190 783 304 811 ctoritas
323 783 422 818 major,
448 783 529 813 fuerit
552 789 739 820 provocatum,
755 784 891 813 audientia
914 792 967 812 non

190 833 311 863 negetur.

223 874 268 901 25.
283 873 312 901 Si
329 875 391 910 quis
415 875 639 910 metropolitanus
659 876 813 912 episcopus,
832 876 883 905 nisi
896 877 967 912 quod
982 866 1004 896 Β

191 920 224 950 ad
238 928 314 948 suam
332 921 502 948 solummodo
518 922 653 957 propriam
670 923 786 956 pertinet
799 924 966 958 parochiam,

191 967 250 997 sine
273 967 388 995 consilio
411 971 437 994 et
452 967 590 995 voluntate
607 968 728 995 omnium
753 969 968 1004 comprovincia-

191 1012 257 1042 lium
272 1013 462 1048 episcoporum
480 1013 583 1048 aliquid
597 1021 677 1049 agere
698 1015 852 1045 tentaverit,
868 1013 968 1049 gradus

190 1059 233 1087 sui
248 1059 370 1094 periculo
382 1059 545 1094 subiacebit,
559 1064 586 1087 et
600 1060 671 1095 quod
683 1060 778 1095 egerit,
794 1061 901 1087 irritum
917 1060 969 1087 erit

190 1109 219 1135 et
230 1112 354 1133 vacuum.
373 1105 425 1132 Sed
441 1105 571 1140 quidquid
583 1105 618 1133 de
633 1106 900 1141 comprovincialium
912 1106 970 1140 epi~

192 1159 336 1186 scaporum
358 1153 458 1186 causis.
475 1159 641 1188 suarumque
663 1152 856 1185 Ecclesiarum,
871 1156 898 1179 et
913 1152 968 1179 cle-

191 1198 320 1228 ricorum,
334 1201 414 1232 atque
427 1197 596 1225 saecularium
610 1197 818 1225 necessitatibus
832 1204 910 1232 agere
923 1200 969 1223 aut

191 1244 335 1278 disponere
346 1250 456 1271 necesse
467 1243 559 1275 fuerit,
570 1243 621 1271 hoc
630 1251 691 1270 cum
700 1244 820 1270 omnium
834 1250 969 1270 consensu

192 1289 464 1323 comprovincialium
489 1293 584 1324 agatur
607 1289 774 1323 pontiﬁcum.
800 1288 858 1315 Non
880 1289 970 1323 aliquo

192 1334 385 1363 dominationis
399 1334 481 1368 tastu,
497 1334 544 1362 sed
567 1335 717 1362 humillima
738 1338 765 1362 et
779 1334 907 1362 concordi
922 1334 970 1361 ad-

193 1380 403 1413 ministratione,
420 1381 490 1408 sicut
516 1381 646 1409 Dominus
667 1381 704 1407 ait
721 1391 727 1410 :
745 1380 806 1407 Non
825 1380 970 1408 mimini-

192 1425 284 1458 “rari,
300 1425 383 1462 606
398 1425 443 1452 sed
458 1426 609 1452 ministrare
626 1425 659 1452 ⁸³.
673 1424 705 1451 Et
720 1425 783 1452 alibi
801 1434 809 1452 :
823 1425 874 1457 Qui
885 1424 971 1458 major

193 1477 231 1501 est
245 1477 369 1503 vestrum,
382 1472 431 1499 erit
444 1472 561 1498 minister
573 1476 654 1499 vester
670 1472 703 1504 ”,
720 1475 746 1499 et
760 1472 874 1506 reliqua.
891 1470 971 1497 Simi-

193 1518 255 1549 liter
267 1521 294 1547 et
309 1518 359 1553 ipsi
370 1518 611 1553 comprovinciales
625 1518 745 1552 episcopi
760 1525 822 1544 cum
835 1518 894 1552 ejus
906 1525 971 1544 con-
985 1535 1005 1564 ε

193 1563 266 1594 cilio,
281 1563 334 1592 nisi
350 1567 480 1598 quantum
496 1564 529 1591 ad
546 1565 670 1599 proprias
688 1563 803 1598 pertinet
817 1563 971 1598 parochias,

195 1612 275 1644 agant
289 1609 366 1644 juxta
385 1613 540 1637 sanctorum
565 1610 713 1637 constituta
736 1609 857 1642 Patrum,
872 1614 898 1636 et
919 1615 972 1636 uno

195 1655 296 1687 animo,
310 1663 364 1683 uno
378 1663 435 1688 ore,
447 1656 618 1685 concorditer
632 1659 725 1684 sancta
737 1654 902 1690 gioriﬁcetur
913 1653 974 1681 Tri-

195 1701 268 1732 nitas
281 1701 307 1729 in
322 1701 432 1728 saecula.

230 1745 275 1776 24.
291 1745 410 1775 Caveant
423 1746 528 1780 judices
539 1745 678 1777 Ecclesiae,
693 1753 726 1774 ne
742 1745 854 1772 absente
867 1752 900 1772 eo
923 1752 973 1772 cu-

195 1792 240 1830 jus
268 1799 350 1819 causa
376 1792 520 1820 ventilatur
549 1792 711 1819 sententiam
738 1791 885 1827 proferant,
909 1791 973 1825 quia

198 1838 273 1867 irrita
286 1837 347 1868 erit,
357 1841 383 1864 et
399 1837 529 1865 rationem
544 1845 593 1872 pro
609 1838 714 1865 actione
726 1837 839 1864 reddent
851 1838 878 1863 in
893 1844 975 1871 syno-

198 1883 242 1915 do,
268 1887 304 1914 et,
329 1886 360 1910 ut
382 1883 528 1917 proditoris
553 1883 700 1915 calumnia,
733 1890 783 1910 nec
809 1890 902 1910 eorum
928 1889 974 1916 po-

198 1933 255 1961 stea
274 1937 324 1956 vox
348 1929 482 1957 audiatur.
499 1929 581 1956 Nemo
602 1930 674 1956 enim
693 1929 842 1956 debitorem
859 1928 975 1963 amplius

197 1979 287 2013 potest
300 1982 474 2010 cognoscere,
495 1982 576 2010 quam
594 1974 639 2004 ille
656 1975 702 2010 qui
717 1966 844 2009 iuj'uriam
862 1974 976 2010 ejusque

199 2021 330 2054 sustinuit
345 2021 504 2055 nequitiam,

233 2067 275 2094 25.
290 2066 317 2093 Si
335 2067 396 2101 quis
408 2074 488 2099 super
500 2065 666 2100 quibuslibet
677 2065 836 2092 criminibus
848 2065 975 2092 clericum

199 2113 360 2149 pulsandum
377 2111 522 2139 crediderit
533 2111 560 2138 in
576 2111 724 2146 provincia,
745 2111 773 2138 in
787 2119 838 2146 qua
858 2111 902 2138 ille
912 2119 977 2138 con-

198 2160 271 2189 sistit
289 2159 334 2194 qui
359 2159 492 2193 pulsatur,
510 2165 573 2185 suas
596 2161 720 2185 exerceat
739 2157 904 2184 exactiones.
921 2157 976 2184 Nec

748 133 776 161 8.
798 132 1027 164 ATHANASIUS.
1045 151 1079 156 —
1099 135 1234 165 SPURIA.

1723 139 1797 169 “64

1048 194 1092 221 28.
1106 194 1288 227 Detractores,
1302 196 1349 230 qui
1361 196 1451 223 divina
1463 196 1622 224 auctoritate
1634 197 1794 225 eradicandi

1015 245 1088 272 sunt.
1105 245 1132 268 et
1145 241 1264 269 fautores
1277 242 1458 272 inimicorum.
1475 243 1509 269 ab
1519 243 1664 277 episcopali
1680 243 1796 271 submo-

1013 294 1108 314 vemus
1125 287 1308 315 accusatione.
1328 287 1458 315 Similiter
1476 296 1510 315 ne
1529 295 1696 316 summorum
1713 289 1795 323 quis-

1014 332 1086 367 piam
1113 333 1247 360 minorum
1265 333 1484 361 accusationibus
1513 334 1656 368 impetatur
1675 338 1720 361 aut
1735 335 1797 362 dis-

1015 382 1116 412 pereat,
1139 385 1227 412 neque
1248 377 1276 404 in
1299 385 1328 405 re
1340 377 1421 406 dubia
1440 381 1512 405 certa
1534 378 1614 406 detur
1647 379 1796 411 sententia,

1015 430 1066 449 nec
1091 423 1175 450 ullum
1201 422 1345 458 judicium,
1368 424 1420 450 nisi
1441 423 1587 458 prudenter
1615 423 1736 451 habitum
1752 428 1799 452 te-

1015 473 1123 497 neatur.

1050 515 1095 543 29.
1110 515 1191 542 Plura
1202 515 1236 543 de
1250 515 1293 543 bis
1309 508 1369 542 ideo
1381 514 1425 541 hic
1437 522 1492 542 non
1508 515 1683 548 inseruimus,
1699 523 1733 542 ne
1747 523 1800 541 va-

1015 567 1107 592 cuare,
1124 560 1238 587 vilemve
1254 559 1345 587 facere
1358 559 1512 595 pnedictam
1532 559 1664 595 synodum
1684 559 1796 588 videre-

1015 613 1087 637 mur,
1103 609 1149 632 aut
1173 605 1312 634 fastidium
1329 606 1479 640 legentibus
1493 605 1717 640 audientibusque
1732 613 1799 640 pro.

1016 651 1069 678 lixa
1086 651 1187 679 faceret
1199 652 1322 687 epistola.
1339 650 1367 678 Si
1382 651 1445 686 quis
1460 656 1548 678 autem
1562 651 1596 678 de
1609 651 1651 678 his
1663 651 1798 685 ampliora

1016 700 1098 732 atque
1117 688 1316 725 abundantiora
1331 697 1402 724 scire
1420 696 1545 729 voluerit,
1563 695 1589 722 in
1608 703 1686 724 sacro
1700 700 1799 724 nostro

1017 743 1090 770 sedis
1105 742 1231 770 Ecclesia:
1248 743 1360 775 scrinio,
1378 746 1405 770 et
1419 750 1452 769 ea
1468 750 1528 777 quae
1547 742 1731 777 prtediximus,
1752 743 1799 770 in-

1016 787 1110 815 venire
1126 787 1225 823 poterit
1242 797 1249 814 :
1265 794 1358 814 verum
1374 794 1417 814 me
1428 787 1529 818 dicere,
1547 787 1624 814 testis
1636 791 1679 814 est
1693 786 1799 814 Divini-

1017 838 1069 861 tas.
1087 833 1125 861 De
1141 834 1294 869 receptione
1316 840 1381 860 vero
1395 833 1478 864 sedis,
1493 836 1520 860 et
1542 833 1696 865 sacerdotii,
1714 837 1800 868 atque

1018 880 1140 914 honoris,
1157 888 1217 916 qua:
1240 880 1348 908 dixistis
1361 879 1542 909 Athanasium
1562 879 1664 915 absque
1685 879 1798 907 concilii

1017 927 1125 955 decreto
1155 926 1302 961 suscipere,
1328 933 1380 953 non
1394 926 1431 952 ita
1456 926 1608 953 invenimus
1629 925 1700 952 sicut
1721 925 1798 951 calu-

1017 973 1111 1000 mniati
1126 973 1202 1001 estis.
1217 972 1268 1000 Sed
1279 971 1458 1007 quorumdam
1474 972 1662 1006 episcoporum
1677 971 1800 998 concilio

1017 1024 1099 1055 atque
1111 1019 1220 1047 decreto
1228 1019 1330 1054 recepit
1340 1026 1429 1050 suum,
1439 1018 1511 1052 quod
1520 1017 1620 1052 injuste
1631 1016 1799 1052 perdiderat.

1018 1065 1210 1096 sacerdotium,
1224 1072 1256 1092 ac
1272 1064 1372 1092 resedit
1387 1064 1413 1091 in
1429 1063 1503 1091 sede.
1518 1063 1595 1096 Quod
1611 1071 1673 1090 cum
1687 1063 1802 1098 scripsi-

1018 1110 1077 1141 stis,
1090 1117 1143 1136 non
1159 1117 1239 1145 posse
1251 1117 1313 1136 eum
1324 1116 1338 1135 a
1348 1108 1474 1143 pauciore
1486 1115 1598 1134 numero
1608 1108 1801 1142 episcoporum

1018 1155 1135 1187 restitui,
1164 1162 1244 1190 quam
1262 1155 1402 1190 depositus
1426 1154 1524 1185 fuerat,
1546 1161 1600 1180 non
1625 1154 1662 1180 ita
1677 1157 1727 1180 est.
1744 1153 1802 1180 Nec

1019 1201 1076 1228 Ι]ωο
1094 1201 1187 1236 regula
1204 1200 1418 1227 orthodoxorum
1433 1203 1534 1227 sancta:
1545 1199 1672 1226 Ecclesia
1687 1202 1729 1226 est
1741 1199 1804 1232 cpi-

1019 1253 1175 1280 scoporum,
1190 1245 1237 1273 sed
1260 1245 1432 1276 Arianorum,
1454 1245 1590 1272 sooiorum
1616 1244 1739 1271 videlicet
1754 1251 1804 1270 ve-

1020 1295 1139 1318 strorum
1160 1291 1216 1318 haec
1231 1290 1397 1322 adinventio,
1416 1291 1449 1318 ad
1467 1290 1648 1325 perditionem
1669 1289 1804 1316 orthodo—

1022 1344 1116 1364 xorum
1140 1337 1327 1371 episcoporum
1347 1339 1472 1363 contexta
1489 1338 1541 1362 est.
1557 1334 1635 1367 Nam,
1647 1338 1676 1360 ut
1696 1333 1773 1360 vobis
1785 1341 1802 1362 ιι

1020 1382 1161 1409 veracibus
1183 1385 1224 1409 est
1239 1381 1355 1409 testibus
1377 1381 1502 1413 relatum,
1524 1379 1634 1415 quando
1650 1378 1804 1406 Antiochiae

1022 1437 1069 1464 pro
1083 1428 1257 1456 damnatione
1279 1428 1340 1455 tidei
1355 1427 1388 1455 de
1401 1426 1682 1454 consubstantialitate
1695 1425 1804 1460 prolata

1022 1474 1113 1502 fuistis
1124 1474 1291 1509 congregati,
1307 1474 1370 1501 odio
1385 1473 1505 1508 prmdicti
1521 1472 1661 1499 Athanasii
1672 1471 1742 1498 hanc
1759 1478 1805 1497 re—

1022 1521 1111 1556 gulam
1128 1519 1290 1555 protulistis,
1305 1527 1366 1554 quae
1387 1519 1476 1546 nullas
1490 1518 1569 1545 habet
1584 1518 1665 1549 vires,
1682 1524 1731 1544 nec
1750 1517 1785 1542 ha
1795 1530 1801 1536 -

1023 1566 1085 1594 bere
1102 1566 1213 1601 poterit,
1227 1565 1360 1598 Quoniam
1376 1572 1426 1592 nec
1441 1565 1475 1590 ab
1491 1563 1650 1591 orthodoxis
1666 1562 1806 1597 episcopis

1022 1610 1073 1638 hoc
1091 1610 1237 1637 concilium
1248 1614 1337 1636 actum
1349 1613 1400 1642 est,
1415 1616 1466 1636 nec
1479 1607 1606 1635 Romana:
1621 1606 1750 1634 Ecclesiae
1762 1607 1805 1634 le-

1021 1656 1095 1692 satio
1111 1655 1242 1683 interfuit.
1258 1654 1415 1682 Canonibus
1429 1653 1658 1689 praecipientibus,
1673 1652 1732 1679 sine
1742 1651 1807 1686 ejus

1023 1701 1184 1729 auctoritate
1196 1700 1311 1727 concilia
1331 1699 1388 1726 ﬁeri
1401 1706 1455 1726 non
1470 1699 1580 1730 debere,
1596 1705 1645 1725 nec
1661 1697 1746 1724 ullum
1759 1704 1808 1723 ra-

1024 1753 1081 1775 tum
1096 1752 1136 1775 est
1148 1751 1195 1774 aut
1210 1747 1261 1774 erit
1283 1753 1404 1781 unquam
1419 1745 1577 1778 concilium,
1595 1744 1666 1780 quod
1683 1751 1738 1771 non
1753 1743 1808 1773 ful-

1024 1800 1080 1822 tum
1097 1793 1179 1820 fuerit
1197 1793 1256 1828 ejus
1271 1792 1442 1820 auctoritate.

1058 1841 1103 1868 2.10.
1121 1840 1205 1875 Igitur
1217 1841 1252 1868 de
1265 1840 1338 1875 fuga,
1355 1847 1438 1875 super
1451 1846 1504 1874 qua
1518 1838 1694 1865 Athanasium
1711 1844 1808 1872 repre~

1024 1886 1153 1917 benditis,
1170 1893 1224 1913 non
1241 1891 1313 1914 recte
1329 1885 1418 1921 agitis.
1433 1892 1495 1911 cum
1514 1884 1572 1918 ipse
1586 1882 1717 1910 Dominus
1731 1889 1811 1908 man-

1024 1932 1116 1959 datum
1132 1932 1184 1959 hoc
1196 1932 1273 1959 nobis
1290 1931 1394 1958 dederit
1411 1941 1417 1958 :
1432 1930 1496 1958 Cum
1512 1930 1638 1964 persecuti
1651 1937 1694 1955 vos
1708 1927 1808 1962 fuerint

1024 1979 1051 2005 in
1065 1986 1118 2005 una
1131 1978 1246 2009 civitate,
1263 1977 1345 2013 fugite
1359 1978 1385 2004 in
1401 1973 1538 2004 atiant"'.
1549 1975 1582 2003 Et
1601 1975 1659 2010 ipse
1674 1974 1809 2001 Dominus

1024 2031 1072 2058 per
1084 2024 1257 2058 semetipsum
1269 2023 1420 2058 exemplum
1433 2022 1510 2049 nobis
1522 2019 1727 2048 demonstravit.
1739 2018 1811 2045 Pha-

1026 2068 1096 2095 risaei
1111 2067 1255 2095 concilium
1270 2066 1393 2094 fecerunt
1408 2065 1537 2093 adversus
1555 2072 1628 2096 eum,
1640 2067 1671 2090 ut
1686 2071 1747 2090 eum
1758 2070 1809 2089 oc-

1026 2114 1148 2141 ciderent
1167 2125 1171 2140 :
1187 2113 1276 2140 Sciens
1297 2118 1382 2140 autent
1403 2111 1490 2143 Jesus,
1510 2112 1631 2139 discessit
1650 2110 1709 2137 inde
1721 2111 1753 2138 9'.
1773 2109 1809 2138 Et

1027 2159 1090 2186 alibi
1108 2169 1113 2185 ε
1130 2159 1256 2186 Tulerunt
1271 2158 1368 2192 lapides
1385 2157 1483 2189 Judwi,
1502 2161 1530 2183 ut
1547 2157 1679 2183 mitterent
1695 2156 1722 2182 in
1737 2163 1807 2182 eum.

199 2205 334 2236 existimet
355 2204 402 2239 qui
424 2203 548 2231 eumdem
571 2207 693 2236 accusat,
708 2203 784 2235 alibi,
808 2207 854 2230 aut
871 2203 976 2238 longius
992 2203 1014 2230 D
1027 2204 1105 2232 Jesus
1122 2209 1208 2231 autem
1225 2203 1361 2230 abscondit
1375 2211 1412 2234 se,
1426 2209 1449 2230 et
1464 2203 1542 2230 exivit
1554 2203 1585 2229 de
1599 2202 1693 2235 templo
1704 2201 1736 2228 θ’.
1754 2200 1786 2228 Et
1800 2209 1808 2227 :

199 2250 411 2286 protrahendum
429 2249 462 2276 ad
487 2250 629 2284 judicium.
646 2249 686 2276 Ilii
702 2257 767 2276 vero
788 2249 834 2284 qui
853 2249 976 2284 pulsatus

199 2297 290 2330 fuerit,
315 2297 339 2328 si
351 2296 458 2332 judices
472 2299 613 2331 suspectos
636 2295 770 2328 habuerit,
787 2296 867 2323 liceat
885 2296 977 2331 apper

198 2344 265 2375 lare.

233 2389 278 2420 26.
292 2388 425 2416 Primates
446 2391 604 2415 accusatum
621 2387 798 2415 discutientes
808 2387 976 2423 episcopum,

198 2444 254 2466 non
271 2439 332 2462 ante
346 2434 508 2463 sententiam
531 2433 671 2468 proferant
686 2433 879 2467 damnationis,
895 2441 976 2468 quam

199 2482 348 2520 apostolica
371 2481 433 2508 freti
452 2481 624 2512 auctoritate,
643 2484 689 2507 aut
708 2487 771 2506 reus
788 2487 836 2514 per
848 2480 976 2513 seipsum,

199 2532 246 2556 aut
259 2535 306 2563 per
317 2527 476 2555 innocentes
488 2529 514 2553 et
524 2525 655 2553 canonice
668 2525 837 2552 examinatus
850 2525 980 2560 regulari-

199 2578 242 2603 ter
255 2577 338 2601 testes
357 2572 547 2599 convincatur.

233 2619 279 2646 2'1.
295 2619 400 2646 irritam
421 2625 482 2645 esse
506 2617 635 2651 injustam
657 2616 846 2651 episcoporum
867 2616 979 2644 damna-

199 2666 312 2698 tionem,
324 2655 425 2692 idcirco
438 2671 452 2690 a
466 2662 569 2698 synodo
584 2662 756 2690 retractando
770 2663 981 2695 retractandum,

201 2711 239 2739 ita
255 2716 285 2738 ut
299 2718 429 2747 oppresso
447 2710 480 2737 ab
494 2709 622 2737 omnibus
640 2709 668 2736 in
682 2709 788 2736 cunctis
808 2709 982 2737 subveniatur

201 2764 302 2785 εθυειδ.

237 2817 260 2833 ⁸⁸
279 2816 371 2844 Matth.
390 2826 436 2849 xx,
454 2817 498 2844 28.
551 2817 573 2832 ¹⁰
593 2815 687 2843 Matth.
705 2823 788 2848 xxiii,
805 2816 847 2842 ii.

201 2853 223 2873 "
242 2851 305 2884 ωε.
324 2860 360 2887 iv,
375 2852 419 2882 5.0.
459 2852 481 2868 ⁹³
499 2851 520 2882 ll
536 2851 598 2880 Cor.
616 2859 660 2885 ιι,
677 2851 721 2880 53.

899 2815 931 2832 “'
953 2814 1047 2845 Matth.
1063 2823 1090 2849 x,
1106 2815 1150 2844 95.

1031 2251 1171 2278 Transiens
1184 2258 1229 2285 per
1237 2250 1348 2277 medium
1359 2258 1449 2276 eorum
1460 2249 1549 2281 abicit,
1561 2253 1584 2276 et
1597 2249 1635 2275 ita
1645 2248 1765 2274 discessit
1775 2247 1808 2275 ⁸³.

1028 2297 1137 2324 Necnon
1146 2301 1172 2324 et
1187 2296 1313 2331 discipuli
1322 2299 1432 2330 propter
1445 2293 1704 2322 metumJudaeorum
1720 2300 1811 2320 reces-

1031 2346 1134 2374 serunt,
1147 2342 1265 2369 celantes
1277 2341 1446 2376 semetipsos.
1460 2340 1492 2367 Et
1501 2340 1600 2367 Paulus
1609 2339 1635 2366 in
1652 2338 1783 2365 Damasco
1795 2345 1810 2364 a

1030 2388 1152 2423 principe
1167 2388 1297 2422 quaesitus
1313 2388 1410 2422 gentis,
1422 2388 1455 2414 de
1470 2394 1546 2414 muro
1558 2386 1585 2413 in
1598 2389 1690 2420 sporta
1704 2385 1810 2419 positus

1030 2437 1082 2466 est,
1103 2437 1130 2460 et
1143 2441 1240 2461 manus
1253 2433 1402 2467 quaerentis
1412 2432 1506 2467 effugit
1518 2432 1550 2458 ".
1569 2431 1601 2458 Et
1615 2429 1811 2465 aliiquamplu-

1031 2479 1093 2506 rimi
1110 2484 1136 2506 et
1154 2479 1363 2507 innumerabiles
1379 2478 1477 2510 sancti,
1496 2481 1551 2504 tam
1567 2477 1594 2504 in
1610 2476 1700 2503 Veteri
1718 2475 1812 2503 Testa-

1031 2528 1134 2556 mento,
1150 2532 1231 2559 quam
1246 2524 1273 2550 in
1286 2523 1372 2556 Novo,
1385 2523 1484 2558 fugisse
1501 2523 1639 2558 leguntur.
1654 2520 1683 2548 Si
1698 2527 1762 2555 ergo
1774 2519 1812 2546 fu-

1031 2577 1092 2605 gam
1123 2571 1312 2605 improperatis
1338 2569 1513 2604 fugientibus,
1543 2567 1695 2595 erubescite
1722 2566 1812 2600 potius

1032 2615 1169 2650 persequi,
1185 2619 1212 2642 et
1225 2614 1356 2650 quiescite
1370 2613 1503 2645 insidiari,
1519 2613 1714 2648 quiescentque
1725 2611 1813 2638 conti-

1032 2669 1087 2688 nuo
1104 2661 1247 2696 fugientes.
1259 2660 1326 2687 Nam
1339 2661 1396 2688 sive
1411 2659 1552 2695 perimatis
1564 2667 1622 2690 eos,
1635 2665 1707 2685 mors
1718 2660 1813 2684 contra

1033 2717 1082 2736 vos
1097 2716 1203 2744 semper
1214 2708 1348 2736 exclamat
1361 2717 1367 2734 :
1386 2707 1444 2735 sive
1459 2714 1556 2734 rursus
1571 2705 1665 2733 exsilia
1682 2710 1812 2739 superpo-

1034 2755 1115 2787 natis,
1131 2755 1230 2790 ubique
1241 2755 1267 2781 in
1283 2761 1331 2781 vos
1340 2753 1403 2780 mali
1412 2753 1568 2780 memoriam
1578 2751 1714 2778 destinare
1724 2748 1814 2776 nosci-

1204 2815 1225 2831 "
1245 2813 1339 2842 Matth.
1362 2820 1419 2848 xu,
1436 2812 1478 2840 i5.
1534 2812 1555 2828 "
1574 2809 1651 2839 Joan.
1670 2816 1735 2842 vui,
1767 2805 1810 2836 59.
