1919 3064
113 155 179 184 14ϋὸ

581 156 713 184 PONTIF.
735 156 817 186 ROM.
839 157 882 185 ET
902 157 1085 186 ATHANASII
1104 157 1295 186 EPISTOL/E.

1653 158 1722 186 1466

113 218 216 248 .nur,et
227 214 264 242 illi
278 215 403 250 patiendo
414 215 466 244 sibi
481 216 635 251 proﬁciunt,
645 218 716 245 unde
726 221 754 245 et
764 217 894 246 Dominus
909 223 931 251 Α
946 219 1025 254 plena
1043 219 1221 254 inquisitione
1240 219 1385 246 discutere.
1401 217 1456 245 Nec
1479 218 1514 245 de
1535 217 1588 245 illis
1604 225 1664 252 quae
1681 218 1722 244 in-

114 261 150 288 ait
166 270 171 288 :
189 260 278 287 Nolite
293 261 382 288 timere
398 269 441 288 eos
460 263 504 296 qui
521 262 641 290 occidunt
657 271 760 297 corpus,
775 263 890 290 animam

113 310 199 334 autem
213 315 264 334 non
279 311 388 341 possunt
409 307 544 339 occidere;
560 307 605 335 sed
619 309 706 342 potius
725 316 784 335 eum
807 309 892 335 timete

113 354 156 388 qui
169 358 251 387 potest
267 362 359 388 corpus
374 359 398 381 et
409 355 526 381 animam
540 354 646 389 perdere
659 355 685 382 in
701 355 840 390 gehennam
857 357 905 382 ’5.‘

113 400 211 428 Multos
227 400 299 428 enim
315 401 492 436 cognovimus
507 401 632 435 pessimis
647 400 892 427 machinationibus

113 445 214 479 injuste
233 446 382 480 depositos.
408 445 470 474 Ideo
490 454 660 481 summopere
679 446 756 478 mihi,
776 446 820 473 cui
836 446 903 477 \ice,

113 492 298 525 apostolorum
325 492 456 527 principis
487 492 650 520 universalis
674 492 802 519 Ecclesia:
827 499 893 518 cura

113 537 258 564 commissa
274 540 327 569 est,
340 537 545 572 providendum,
557 537 703 565 auxiliante
714 538 773 572 ipso
789 543 894 564 summo

114 583 248 616 apostolo,
263 591 297 610 ne
308 583 437 618 deinceps
450 583 513 611 talia
523 583 597 611 ﬁant.
609 584 709 618 Nempe
720 583 782 610 huic
795 587 895 610 sancta:

113 627 171 654 sedi
195 627 306 662 praefata
326 629 466 664 privilegia
491 629 552 656 ideo
569 629 724 664 specialiter
742 632 806 656 sunt
829 636 895 655 con-

114 681 203 706 cessa,
215 673 248 701 de
256 675 454 710 congregandis
468 675 602 706 conciliis,
613 678 668 701 tam
682 674 715 702 de
727 675 838 709 judiciis
864 682 895 702 ac

114 719 333 747 restitutionibus
343 719 543 755 episcoporum.
552 728 633 755 quam
640 720 673 748 de
681 721 794 748 summis
804 720 897 748 Eccle-

115 764 218 792 siarum
232 765 359 800 negotiis,
373 769 403 792 ut
418 765 452 805 a_h
466 773 497 793 ea
511 773 606 793 omnes
620 766 743 802 oppressi
754 766 895 798 auxilium,

115 814 142 838 et
156 810 256 845 injuste
269 811 388 838 damnati
401 811 605 839 restitutionem.
617 816 736 844 sumant,
748 817 775 839 et
789 811 852 838 talia
863 811 897 838 ab

116 856 259 891 lmprobis,
288 864 322 884 ne
352 860 552 891 praesumantur
580 857 683 892 absque
707 857 821 888 ultione,
847 863 897 884 nec

116 907 295 929 exerceantur
306 901 410 937 absque
421 909 471 929 sua
482 902 665 930 damnatione.
680 901 739 929 Non
750 910 815 937 ergo
826 904 899 929 recte
915 901 935 928 Β

116 947 222 983 egistis,
234 947 306 982 quod
324 948 469 983 praedictos
479 947 577 976 fratres
594 948 751 975 calutnniati
765 948 842 979 estis,
856 947 899 974 di-

116 996 196 1021 cente
210 993 326 1021 Domino
340 1003 347 1020 :
362 993 423 1020 Non
439 993 520 1028 facies
536 994 697 1021 calumniam
710 993 829 1027 proximo
842 997 898 1024 tuo,

116 1048 164 1067 nec
178 1040 202 1067 ai
215 1040 343 1074 opprimes
354 1048 412 1066 eum
427 1040 460 1067 “.
472 1039 530 1067 Non
543 1043 615 1067 recte
628 1039 722 1075 egistis
733 1039 805 1074 quod
821 1039 899 1066 nobis

117 1087 281 1115 inconsultis
297 1087 443 1114 concilium
460 1086 629 1117 celebrastis,
643 1093 743 1120 eosque
759 1085 791 1112 ad
807 1085 898 1112 conci-

117 1132 183 1160 lium
200 1132 329 1164 vocastis.
347 1135 374 1159 et
398 1131 528 1159 damnare
552 1130 774 1166 praesumpsistis,
787 1129 900 1156 canoni-

117 1177 180 1209 bus,
207 1180 236 1204 ut
257 1176 426 1211 praemissum
451 1179 504 1206 est,
530 1175 688 1210 jubentibus
712 1175 780 1202 nihil
801 1182 834 1202 ex
859 1174 900 1201 his

117 1223 221 1258 absque
239 1222 320 1256 hujus
337 1226 439 1249 sancta
456 1221 529 1249 sedis
544 1221 705 1248 auctoritate
720 1221 778 1248 tieri
792 1219 899 1247 debere.

117 1267 178 1296 Non
191 1271 265 1295 recte
279 1268 384 1303 egistis,
400 1267 471 1303 quod
491 1267 652 1302 regulariter
666 1275 680 1293 a
696 1266 774 1294 nobis
788 1266 822 1293 ad
832 1273 899 1293 con-

117 1313 211 1341 cilium
228 1313 316 1340 vocati
329 1313 485 1341 distulistis.
499 1312 558 1340 Non
575 1317 647 1340 recte
657 1312 762 1348 egistis,
781 1311 852 1346 quod
868 1311 902 1339 de

117 1359 163 1386 his
179 1359 312 1386 rationem
328 1359 449 1391 reddere,
469 1362 498 1386 ut
512 1362 601 1385 vestra
617 1366 681 1392 erga
701 1365 759 1390 eos,
774 1362 820 1384 aut
837 1365 902 1392 pro-

118 1406 230 1433 baretur
242 1409 314 1433 recta
324 1405 468 1437 sententia,
482 1408 528 1432 aut
539 1404 748 1439 improbaretur,
760 1412 814 1431 non
826 1403 902 1431 veni—

118 1452 181 1480 stis.
190 1451 245 1479 Nec
253 1451 411 1478 rationalem
421 1451 570 1478 mandastis
580 1458 689 1478 causam
701 1454 811 1485 propter
822 1457 902 1484 quam

121 1498 180 1525 haec
196 1497 335 1525 renuistis.
359 1496 406 1525 llis
421 1504 486 1532 ergo
500 1497 626 1524 omnibus
647 1496 799 1532 perpensis,
815 1495 904 1523 mani-

120 1544 221 1571 festum
233 1547 275 1570 est
289 1550 337 1570 vos
349 1550 410 1570 reos
420 1543 562 1574 exsistere,
577 1545 604 1568 et
616 1542 675 1569 illos
691 1542 848 1568 innocentes
863 1549 900 1569 re-

121 1596 243 1620 manere.
253 1591 279 1616 et
293 1595 340 1615 vos
351 1591 423 1614 recte
435 1587 695 1618 excommunicatos,
710 1587 824 1621 illosque
833 1586 906 1621 juste
920 1582 940 1609 C

122 1634 244 1663 liberari.
261 1633 353 1661 Noluit
368 1641 485 1667 namque
501 1633 631 1660 Dominus
654 1636 709 1659 tam
729 1633 824 1660 leviter
841 1640 905 1660 suos

123 1680 232 1709 tractari
257 1680 408 1711 miniStros,
430 1679 501 1706 sicut
529 1678 629 1710 facitis,
651 1682 699 1705 aut
722 1685 737 1704 a
755 1677 832 1705 vobis
858 1678 907 1704 da-

122 1727 212 1754 mnari
224 1736 230 1753 :
241 1726 299 1758 sed,
309 1726 380 1753 sicut
387 1729 564 1752 memoratum
571 1727 623 1757 est,
632 1724 724 1758 abjhac
730 1728 824 1751 sancta
831 1723 906 1755 sedo,

123 1773 169 1800 cui
190 1772 330 1799 commissi
351 1775 426 1802 sunt,
445 1774 492 1798 aut
508 1777 559 1798 suo
575 1770 711 1797 reservari
733 1769 847 1804 judicio.
864 1769 908 1796 Ait

123 1819 198 1847 enim
215 1828 222 1846 :
240 1818 292 1850 Qui
306 1826 349 1845 uas
364 1816 539 1848 contristabit,
558 1824 597 1844 me
621 1815 786 1843 contristabit
803 1815 835 1841 '7.
855 1815 907 1848 Qui

124 1865 216 1900 fecerit
240 1864 309 1891 vobis
332 1863 469 1898 injuriant,
490 1863 595 1897 recipiet
611 1862 638 1889 id
658 1862 726 1898 quod
747 1861 834 1895 inique
852 1869 909 1896 ges-

125 1911 160 1939 sit
179 1911 211 1938 ⁸³³.
228 1910 260 1937 Et
283 1915 384 1945 quanta
404 1916 484 1945 poma
509 1911 647 1943 exspectet
669 1915 715 1935 eos
734 1907 780 1941 qui
802 1906 908 1933 Domini

126 1956 315 1986 scandalizant
329 1956 488 1990 discipulos,
506 1955 678 1990 Evangelium
694 1953 856 1981 sullicienter
866 1961 910 1980 ex-

127 2004 214 2040 ponit,
231 2003 277 2031 ubi
292 2003 326 2030 de
349 2003 596 2033 scandalizantibus
614 2001 762 2036 discipulos
778 2000 908 2036 loquitur.

126 2050 195 2079 Nam
211 2050 283 2085 quod
298 2057 313 2076 a
327 2049 404 2077 vobis
425 2057 477 2076 non
492 2050 547 2076 sint
566 2048 725 2080 damnandi,
746 2048 793 2075 sed
812 2051 859 2074 aut
876 2048 910 2075 ab

127 2098 180 2125 hac
197 2102 302 2128 sancta,
314 2100 344 2123 ut
362 2095 505 2131 praefatum
524 2099 577 2128 est,
597 2095 669 2127 sede,
686 2098 732 2121 aut
747 2095 799 2121 sibi
822 2102 911 2122 reser-

127 2142 222 2176 vandi,
243 2143 301 2178 ipse
317 2142 461 2169 manifeste
477 2142 522 2169 dat
539 2141 702 2176 exempturo,
720 2141 829 2176 quando
849 2148 911 2175 pec-

129 2194 223 2217 cantes
242 2188 409 2220 sacerdotes,
425 2196 540 2223 quorum
561 2188 650 2214 locum
674 2187 753 2214 modo
771 2187 798 2214 in
816 2190 909 2214 sancta

943 272 1074 292 concessa
1090 268 1164 296 sunt,
1184 265 1239 292 ullo
1255 264 1335 292 modo
1347 263 1478 298 judicium
1496 271 1670 298 praesumere,
1683 265 1726 290 iu-

944 310 1099 345 terrogandi
1111 319 1143 337 ac
1153 311 1319 346 proponendi
1331 309 1510 344 audiendique
1521 310 1649 344 patientia
1662 316 1727 343 pne-

944 357 1000 384 bita
1015 357 1095 392 607
1111 357 1145 383 ab
1165 364 1208 387 eo,
1225 361 1254 383 ut
1271 356 1306 383 ibi
1323 356 1396 383 actio
1419 355 1535 390 partium
1554 355 1667 381 limitata
1690 354 1726 381 sit

945 403 1071 436 pleniter.
1092 402 1147 430 Nec
1160 403 1236 437 prius
1255 402 1424 438 litigantibus
1448 408 1497 429 sua
1513 400 1577 427 velit
1592 400 1726 427 sententia

945 449 1066 480 obviare,
1083 456 1164 483 quam
1180 449 1217 474 illi
1235 448 1351 483 peractis
1364 447 1502 478 omnibus,
1514 446 1569 481 jam
1585 445 1653 473 nihil
1670 453 1726 471 am-

947 495 1018 528 plius
1035 494 1179 521 habuerint
1194 494 1221 521 in
1238 494 1387 529 quaestione
1402 493 1474 528 quod
1492 495 1651 527 proponant.
1672 489 1728 517 Nec

946 544 1053 575 oportet
1067 548 1230 575 quemquam
1244 540 1360 574 judicari
1378 544 1423 566 aut
1440 538 1561 565 damnari
1583 541 1727 571 antequam

947 595 1013 615 suos
1034 590 1209 614 accusatores
1229 589 1378 621 prtescntes
1397 584 1504 616 habeat,
1521 584 1664 618 locumque
1681 578 1731 609 de;

948 633 1074 661 t‘eudcndi
1096 632 1212 667 accipiat
1229 631 1379 666 spatiosum
1396 630 1429 657 ad
1453 628 1587 656 abluenda
1602 627 1727 655 crimina.

981 679 1026 706 32.
1048 677 1142 705 Simile
1161 677 1189 704 in
1201 677 1257 712 jam
1274 676 1329 703 lata
1351 675 1455 711 synodo
1478 677 1607 702 statutum
1627 676 1680 705 est,
1699 675 1730 699 ut

950 724 1022 751 ultra
1043 721 1191 758 provincia
1213 721 1344 748 terminos
1369 718 1517 746 accusandi
1543 717 1651 744 licentia
1675 724 1730 743 non

949 769 1149 806 progrediatur,
1165 768 1218 796 nisi
1240 768 1273 794 ad
1290 767 1361 793 hanc
1387 765 1563 801 apostolicam
1581 763 1664 790 fuerit
1685 770 1730 789 se-

949 817 1010 844 dem
1035 820 1222 851 provocatum.
1243 814 1284 841 Ad
1300 820 1381 848 quam
1402 819 1496 839 omnes
1517 810 1564 845 qui
1585 809 1731 840 voluerint,

950 863 1035 891 libere
1056 866 1082 890 ct
1103 861 1204 896 absque
1226 860 1282 887 ullo
1305 858 1497 893 impedimento
1523 857 1551 884 in
1569 854 1732 891 quibusdam

950 908 1061 944 agendis
1076 907 1213 934 conﬂuere
1228 905 1338 933 debent.

985 954 1030 982 53.
1052 953 1183 980 Similiter
1195 952 1221 978 in
1235 949 1344 985 praeﬁxa
1361 948 1465 984 synodo
1482 950 1524 974 est
1535 946 1685 976 decretum,
1700 951 1734 972 ne

951 1001 1083 1036 suspecti,
1097 998 1223 1030 infames,
1240 997 1281 1025 vel
1304 995 1456 1026 criminosi,
1481 999 1529 1021 aut
1548 992 1669 1028 gratiosi,
1688 995 1734 1018 aut

951 1046 1175 1078 calumniatores,
1193 1044 1234 1072 vel
1252 1043 1355 1074 atiines,
1371 1046 1417 1069 aut
1440 1039 1575 1072 scelerati,
1594 1042 1640 1065 aut
1655 1038 1734 1065 facile

952 1093 1090 1128 litigantes
1117 1090 1302 1125 suscipiantur
1317 1091 1502 1118 accusatores,
1530 1084 1578 1112 sed
1601 1084 1669 1111 tales
1688 1083 1734 1118 qui

952 1126 1027 1166 omni
1048 1141 1160 1164 careant
1175 1134 1342 1169 suspicione.
1359 1132 1429 1165 Quia
1443 1131 1584 1158 columnas
1600 1135 1665 1156 suas
1681 1126 1735 1154 Uo-

954 1185 1044 1211 minus
1065 1182 1178 1210 ﬁrmiter
1202 1184 1276 1208 stare
1299 1179 1394 1211 voluit,
1419 1185 1470 1204 nec
1492 1184 1506 1203 a
1528 1176 1737 1210 quibuscunque

954 1229 1062 1265 agitari.
1631 1231 1642 1234 ·

989 1276 1032 1303 34.
1054 1274 1187 1302 Similiter
1212 1272 1266 1299 l'ata
1288 1270 1382 1299 statuit
1408 1269 1546 1305 synodus,
1578 1271 1607 1294 ut
1631 1265 1736 1292 nullum

955 1321 1092 1350 sententia
1109 1328 1163 1346 non
1179 1326 1193 1345 a
1208 1326 1258 1346 suo
1271 1317 1363 1352 judice
1377 1315 1450 1343 dicta
1465 1313 1643 1348 constringat.
1661 1310 1738 1338 Judi-

955 1376 1001 1396 ces
1017 1371 1106 1394 autem
1124 1366 1168 1392 alii
1183 1372 1244 1392 esse
1264 1371 1317 1390 non
1335 1363 1445 1392 debent,
1460 1360 1513 1387 nisi
1527 1366 1597 1395 quos
1618 1358 1675 1392 ipse
1691 1355 1739 1392 qui

955 1415 1095 1451 impetitur
1110 1414 1231 1449 elegerit,
1245 1415 1291 1438 aut
1306 1418 1374 1446 quos
1388 1417 1437 1438 suo
1451 1416 1513 1435 cum
1529 1413 1663 1435 consensu
1682 1405 1739 1432 haec

955 1450 1051 1491 sancta
1070 1460 1160 1492 sedes,
1180 1462 1225 1485 aut
1241 1458 1300 1492 ejus
1319 1457 1461 1492 primates,
1477 1453 1639 1480 auctoritate
1656 1450 1739 1484 hujus

957 1513 1057 1536 sancta:
1077 1506 1151 1534 sedis
1171 1503 1363 1539 delegaverint.
1388 1502 1416 1528 ln
1437 1501 1480 1528 his
1503 1505 1592 1526 autem
1615 1501 1642 1524 et
1666 1495 1738 1527 aliis,

957 1562 1016 1590 quae
1034 1558 1087 1580 tam
1106 1556 1133 1580 in
1153 1551 1204 1578 hac
1217 1553 1312 1577 sancta
1328 1550 1402 1580 sede,
1419 1554 1500 1582 quant
1519 1549 1545 1571 et
1559 1544 1594 1570 ab
1609 1541 1740 1590 apostolis

956 1586 1105 1634 eorumque
1121 1595 1328 1626 suecessoribus
1344 1597 1408 1622 sunt
1431 1595 1542 1630 statjtta.
1562 1588 1629 1616 nihil
1643 1586 1741 1623 prmia.

957 1647 992 1674 tis
1007 1645 1144 1681 episcopis
1167 1641 1356 1673 concessistis,
1372 1638 1419 1667 sed
1438 1638 1492 1665 vim
1517 1636 1557 1663 eis
1580 1634 1739 1664 inferentes,

958 1693 1122 1728 iujusteque,
1148 1694 1178 1717 ut
1199 1688 1326 1724 superius
1351 1686 1593 1714 commemoratum
1618 1684 1670 1712 cst,
1693 1687 1740 1706 eos

957 1725 1130 1770 damnantes,
1149 1737 1256 1771 aliquos
1276 1735 1403 1762 absentes
1417 1730 1571 1766 expulistis,
1584 1727 1656 1762 quod
1666 1725 1740 1752 omni

957 1783 1119 1812 Christianae
1135 1780 1260 1816 religioni
1282 1783 1323 1807 est
1349 1777 1502 1804 inimicum.
1523 1773 1553 1801 In
1567 1772 1667 1808 quibus
1693 1778 1742 1805 ap-

959 1833 1034 1865 paret
1056 1828 1130 1864 quod
1150 1835 1201 1855 nec
1221 1826 1335 1853 Domino
1363 1831 1412 1851 sua
1439 1821 1570 1851 servastis
1592 1818 1666 1854 jura,
1690 1825 1742 1844 nec

960 1875 1022 1902 huic
1044 1876 1146 1901 sanctas
1160 1871 1240 1899 matri
1259 1874 1285 1898 ct
1297 1869 1453 1905 apOStolicse
1470 1867 1611 1899 Ecclesia),
1626 1872 1695 1901 qum,
1713 1868 1742 1891 ut

959 1919 1147 1955 praescriptum
1168 1921 1220 1949 est,
1242 1924 1292 1944 suo
1305 1915 1417 1951 judicio,
1433 1918 1480 1941 aut
1496 1913 1560 1940 huic
1582 1912 1639 1940 sedi
1657 1910 1742 1938 voluit

959 1965 1105 1996 reservari,
1125 1971 1158 1991 ne
1173 1971 1188 1990 a
1207 1966 1262 1990 tam
1282 1961 1383 1996 pravis,
1399 1961 1471 1988 sicut
1490 1959 1568 1990 estis,
1586 1956 1742 1985 hominibus

960 2012 1154 2039 damnarentur
1176 2013 1223 2036 aut
1245 2008 1419 2043 ejicerentur.
1436 2006 1464 2032 ln
1490 2005 1533 2032 his
1555 2004 1681 2031 omnibus
1695 2009 1742 2028 vos

960 2058 1057 2086 stultos
1080 2061 1107 2084 et
1127 2056 1349 2091 praevaricatores
1372 2051 1579 2086 Evangeliorum
1603 2053 1630 2076 et
1659 2055 1742 2075 cano-

961 2112 1024 2132 num
1040 2111 1112 2135 esse,
1137 2102 1203 2129 nulli
1220 2109 1286 2129 sane
1303 2099 1454 2134 sapientum
1479 2101 1521 2124 e~t
1541 2095 1741 2123 absconditum.

995 2150 1039 2177 55.
1061 2148 1115 2176 Nec
1135 2148 1177 2174 his
1199 2145 1320 2174 contenti
1341 2144 1408 2172 estis
1423 2142 1450 2169 in
1465 2145 1554 2169 vestra
1577 2139 1740 2176 praevarica-

961 2197 1046 2227 tione,
1062 2195 1109 2222 scd
1122 2194 1203 2221 etiam
1222 2194 1296 2225 prius
1312 2190 1440 2225 expulsos
1461 2196 1508 2215 eos
1525 2191 1551 2215 et
1571 2187 1627 2214 suis
1643 2193 1740 2219 exspo-

130 2233 251 2262 Ecclesia
265 2233 385 2268 episcopi
406 2237 508 2265 tenent,
524 2240 578 2259 non
592 2240 639 2267 per
649 2232 743 2264 aliunt,
758 2231 802 2259 sed
815 2239 860 2266 per
870 2239 903 2258 se-

963 2241 1043 2268 liatos
1061 2240 1142 2266 rebus
1160 2237 1279 2264 vocastis
1294 2239 1375 2270 atque
1389 2234 1551 2264 damnastis,
1565 2239 1627 2258 cum
1650 2231 1742 2257 nullus

130 2281 268 2314 metipsum
280 2279 416 2307 uendentes
437 2284 461 2306 et
481 2283 593 2306 ementes
608 2279 683 2313 ejecit
707 2279 739 2305 de
761 2279 865 2312 templo.
886 2283 911 2306 et

130 2334 233 2354 mensas
250 2325 488 2353 nummulariorum
499 2326 582 2360 primo
594 2326 682 2352 evertit
693 2324 811 2360 ﬂagello,
825 2329 849 2351 et
861 2324 914 2359 eje-

130 2372 166 2400 cit
177 2371 208 2398 de
221 2372 315 2406 templo
329 2372 363 2399 °’.
381 2370 412 2398 Et
428 2371 486 2406 ipse
502 2371 565 2398 alibi
583 2371 621 2397 ait
635 2381 640 2398 :
656 2371 785 2398 Dominus
801 2372 870 2398 stetit
886 2372 914 2397 in

132 2417 271 2453 Synagoga
284 2418 403 2449 deorum,
417 2417 445 2444 in
459 2416 543 2444 medio
565 2421 651 2443 autent
671 2417 733 2444 deos
752 2417 876 2444 discernit
894 2418 912 2444 '.

130 2463 164 2490 Et
183 2463 286 2498 reliqua
302 2463 377 2496 talia,
398 2463 497 2498 hisque
512 2462 623 2490 similia.
640 2462 672 2488 Et
687 2462 750 2489 alibi
767 2462 837 2489 idem
857 2462 914 2496 ipse

130 2511 188 2537 ait:
206 2509 296 2537 Nolite
306 2510 438 2545 judicare,
456 2514 484 2536 ut
503 2517 554 2536 non
562 2508 729 2544 judicentini.
748 2508 838 2535 Nolite
851 2516 914 2535 cott-

130 2556 264 2589 demnare,
279 2560 308 2583 ut
325 2564 376 2583 non
392 2555 610 2584 condemnemini.
628 2554 661 2583 In
676 2563 725 2589 quo
737 2555 805 2581 enim
813 2553 915 2589 judicio

127 2602 320 2637 judicaveritis,
331 2601 517 2636 judicabimini
534 2602 555 2629 ².

165 2649 210 2677 3i.
223 2648 395 2684 Quapropter
413 2656 466 2676 non
489 2653 545 2675 tam
568 2652 679 2680 temere,
699 2651 730 2674 ut
745 2655 793 2675 vos
815 2647 916 2680 facitis,

130 2695 275 2731 quisquam
289 2702 366 2722 suam
381 2699 526 2730 praesumat
540 2694 855 2729 evomereiniquitatem,
868 2693 913 2721 sed

128 2739 296 2776 iudicantem
307 2745 413 2776 oportet
426 2744 524 2769 cuncta
539 2741 677 2774 rimari,et
691 2741 813 2768 ordinetu
826 2749 911 2769 reruni

167 2819 191 2835 "
211 2818 304 2847 Matth.
323 2819 418 2854 1528.
455 2819 478 2835 "
498 2818 583 2846 Levit.
601 2827 663 2854 xtx,
682 2819 725 2847 15.

133 2860 232 2886 unt.
251 2855 275 2882 1.
315 2855 324 2870 ³
344 2853 437 2883 Matth.
456 2862 510 2885 vn,
529 2854 539 2881 1
555 2874 561 2886 .
579 2854 605 2885 2.

763 2819 785 2836 ‘-‘"
802 2818 867 2847 Luc.
887 2827 920 2852 κ,
937 2817 979 2846 16.
1019 2819 1042 2835 ’⁸
1061 2818 1166 2847 Coloss.
1186 2826 1234 2851 ιιι,
1252 2818 1297 2846 25.

962 2287 1123 2322 regulariter
1137 2283 1309 2311 damnandus
1318 2282 1364 2313 sit,
1381 2281 1434 2308 nisi
1449 2280 1530 2307 fuerit
1547 2278 1701 2306 restitutus.
1717 2281 1744 2304 et

961 2339 1009 2360 sua
1031 2331 1121 2359 omnia
1148 2329 1173 2357 ei
1199 2328 1303 2364 legibus
1330 2328 1386 2355 sint
1408 2325 1583 2360 integerrime
1606 2322 1742 2349 restituta.

961 2376 1008 2405 Est
1032 2382 1149 2410 namque
1166 2375 1193 2401 in
1213 2381 1283 2409 saepe
1302 2373 1355 2408 jam
1380 2372 1453 2399 dicta
1477 2374 1569 2398 sancta
1584 2368 1688 2404 synodo
1710 2368 1744 2394 ab

960 2422 1087 2450 omnibus
1108 2420 1274 2448 unanimiter
1288 2420 1438 2450 decretum,
1457 2421 1484 2444 et
1498 2415 1662 2443 auctoritate
1680 2420 1745 2447 apo-

962 2468 1058 2495 stolica
1087 2467 1256 2497 roboratutu,
1282 2469 1312 2492 ut
1335 2465 1357 2493 si
1381 2465 1442 2499 quis
1468 2463 1657 2498 episcoporum
1687 2459 1744 2486 suis

963 2512 1046 2540 fuerit
1063 2512 1144 2539 rebus
1163 2511 1342 2547 exspoliatus,
1366 2513 1392 2537 et
1407 2510 1434 2535 in
1460 2508 1634 2535 accusatione
1649 2506 1745 2542 pulsa«

963 2557 1211 2588 tus,,ordinatione
1238 2556 1396 2591 pontiﬁcum
1420 2558 1527 2589 oportet
1546 2558 1572 2581 et
1584 2552 1662 2580 decet
1685 2558 1747 2579 san-

963 2607 1036 2631 ctum
1063 2603 1231 2638 propositutn
1250 2603 1334 2638 prima
1360 2602 1448 2629 fronte
1466 2604 1588 2633 certare;
1608 2603 1637 2625 ut
1655 2597 1746 2625 omnia

964 2657 1024 2684 quae
1037 2656 1086 2684 per
1106 2649 1295 2684 suggestiones
1318 2648 1490 2675 inimicorum
1515 2652 1625 2674 suorum
1648 2644 1748 2671 amise-

964 2700 1017 2727 rat,
1045 2695 1167 2730 legaliter
1189 2695 1277 2730 primo
1298 2693 1425 2729 potestati
1447 2693 1508 2728 ejus
1531 2692 1566 2719 ab
1594 2690 1747 2718 honorabili

964 2740 1082 2768 concilio
1096 2739 1327 2776 redintegrentur,
1344 2744 1370 2767 ct
1386 2739 1485 2774 prasul
1497 2737 1659 2774 regulariter
1672 2737 1748 2772 prius

1335 2817 1460 2845 “Matth.
1479 2815 1590 2850 ut,l2.
1645 2817 1652 2833 ‘
1673 2795 1745 2845 ésal.
