1919 3064
186 150 254 180 ΙᾶὃἸ

731 146 763 174 S.
782 142 1014 172 ATHANASIUS.
1033 157 1067 162 —
1089 141 1224 170 SPURIA.

1730 139 1799 166 1468

185 211 269 239 statui
285 209 402 245 pristino
427 207 567 239 reddatur,
582 211 609 234 et
630 207 688 242 ipse
703 205 838 240 depositis
857 204 966 232 ordinau
981 208 1004 235 Α
1018 206 1074 229 stra
1087 201 1211 229 consulta
1229 199 1495 245 rescriberemus,7iu
1511 201 1616 224 tantum
1632 201 1661 224 ut
1717 197 1797 224 etiam

185 258 274 291 ti2que
288 255 369 282 rebus
384 254 453 284 suis,
471 258 537 279 tttnc
559 253 592 279 ad
614 256 723 287 tempus
737 251 827 278 veniat
847 250 880 277 ad
899 257 967 276 cau-

184 309 253 329 sam.
275 300 307 327 Et
327 300 349 326 si
365 303 401 326 ita
418 299 490 334 juste
504 299 620 329 videtur,
638 297 827 324 accusantium
843 293 967 330 proposi-

184 347 303 373 tionibus
323 345 495 379 respondeat.
517 344 607 376 Quare
628 351 693 378 ergo
717 341 885 376 transgressi
899 339 967 367 estis

184 393 314 419 terminos
340 391 462 421 Patrum,
497 390 651 424 judicantes
680 392 707 415 et
731 387 891 414 damnantes
919 393 966 412 eos

183 444 254 472 quos
289 444 343 463 non
370 435 524 463 debuistis?
550 434 638 467 Quare
660 433 804 467 judicastis
827 440 874 459 cos
898 438 966 466 quos

183 488 236 508 non
247 480 404 516 regulariter
415 479 597 514 approbastis,
605 479 676 513 quod
689 478 716 505 in
730 477 884 512 Regncrum
897 476 966 503 libro

182 528 313 562 scriptum
329 531 369 553 est
382 536 387 552 :
405 525 465 552 Non
476 525 605 560 quomodo
618 525 685 551 ridet
700 527 787 556 homo,
806 523 873 549 videt
886 522 964 554 Dens,

180 573 243 607 quia
253 573 329 598 homo
341 572 407 598 videt
422 573 447 598 in
459 572 537 606 facie,
551 571 620 598 Deus
633 575 719 596 autem
737 570 762 596 in
777 568 854 596 corde
869 568 936 595 videt
944 568 964 595 ³.

181 617 214 645 Et
227 619 255 645 in
278 617 493 651 Paralipomenis
505 627 512 644 :
526 616 622 643 Omnia
637 615 717 642 corda
735 619 868 642 scrutatur
883 614 964 645 Deus,

180 668 205 690 et
232 671 333 690 onmem
356 663 540 697 cogitationem
564 661 665 688 norit‘.
693 660 726 687 Et
748 661 810 687 alibi
832 661 964 694 scriptum

179 715 221 737 est
238 719 244 736 :
259 708 319 735 Non
331 714 415 743 poles!
431 709 545 735 Inunano
563 707 731 734 condemnari
747 707 876 737 examine.
891 714 966 741 quem

180 754 251 781 Deus
265 762 312 781 suo
330 753 552 787 reservatjudicio
562 753 582 783 ξ.
601 752 664 778 llaec
680 752 770 779 omnia
786 759 961 786 summopere

179 799 357 835 praecavenda
370 804 444 831 sunt,
459 806 508 825 nec
524 798 663 825 accusatio
679 797 870 832 episcoporum
887 796 965 824 facile

178 850 220 874 εει
236 845 401 880 recipienda,
419 845 526 872 dicente
542 844 654 871 Domino
669 853 674 870 :
690 843 751 870 Non
773 843 902 877 suscipias
921 851 965 868 vo-

1017 248 1164 283 quidquam
1190 254 1272 281 grave
1308 244 1564 279 intolerandumque
1587 243 1796 274 commisissem,

1017 297 1110 320 nostra
1121 291 1304 327 exspectanda
1320 298 1436 318 censura
1445 310 1452 322 ,
1461 294 1488 317 et
1502 290 1568 317 nihil
1582 290 1656 324 prius
1668 293 1714 316 aut
1724 289 1798 316 aliud

1017 341 1174 373 decernere,
1190 347 1271 375 quam
1286 339 1358 374 quod
1372 339 1452 366 nobis
1469 339 1575 373 placere
1589 338 1796 374 cognovissetis,

1017 385 1053 413 ita
1072 389 1102 413 ut
1123 393 1139 412 a
1161 385 1260 419 regulis
1274 383 1432 419 praestitutis
1461 383 1534 410 nulla
1557 387 1602 410 aut
1633 383 1798 419 negligentia

1017 436 1064 459 aut
1090 432 1301 467 praesumptione
1327 430 1498 457 recederetis.
1521 430 1616 457 Cesset
1642 430 1797 464 hujusmodi

1018 485 1111 512 pressa
1126 477 1289 504 auctoritate
1307 475 1492 510 praesumptio,
1507 476 1627 503 vitentur
1642 475 1797 510 lmjusmodi

1017 525 1190 554 nocumenta,
1214 521 1279 556 quia
1298 528 1468 555 nequaquam
1493 521 1557 547 talia
1581 521 1712 555 patienter
1728 521 1799 548 ferre

1017 575 1162 602 possumus
1190 567 1417 594 machinamenta.
1441 567 1574 599 Quoniam
1601 567 1727 593 convenit
1746 575 1798 594 nos

1017 616 1190 647 paternarum
1215 611 1386 639 sanctionum
1408 611 1549 646 diligentes
1570 619 1630 639 esse
1657 611 1794 638 custodes.

1017 657 1114 685 Merito
1128 665 1245 692 namque
1260 665 1310 684 nos
1333 663 1414 684 causa
1440 657 1560 691 respicit,
1585 657 1608 684 si
1629 657 1737 684 silentio
1755 657 1797 684 ia-

1016 710 1127 730 veamus
1142 709 1239 729 CH‘OI'I.

1050 749 1094 775 56.
1115 747 1162 775 Est
1186 748 1296 783 insuper
1313 748 1340 775 in
1355 748 1483 783 praedicta
1507 752 1601 775 sancta
1624 747 1731 775 Nicaena
1752 756 1798 783 sy-

1015 793 1087 820 nodo
1102 797 1244 825 statutum,
1260 797 1289 820 ut
1308 801 1388 821 nemo
1402 794 1543 820 anathema
1560 794 1586 820 in
1602 798 1694 821 nostra
1711 794 1799 820 susci-

1017 841 1107 874 piatur
1125 839 1308 871 accusatione,
1327 847 1376 866 nec
1396 840 1432 865 illi
1466 840 1512 873 qui
1528 846 1578 866 nos
1592 839 1619 866 in
1634 846 1683 866 sua
1701 839 1798 865 uolunt

179 899 233 917 cem
245 890 373 916 mendacii
386 891 406 916 “.
421 890 453 916 Et
463 890 608 924 Apostolus
625 890 738 924 tnquit",
754 889 888 917 adversus
899 897 962 923 pre-
981 883 1000 910 Β
1017 885 1137 920 recipere
1154 885 1265 920 querela
1285 885 1327 912 vel
1352 885 1526 912 accusatione
1542 894 1548 911 :
1565 892 1628 911 cum
1648 891 1698 912 nos
1715 892 1798 920 supl‘l'

179 936 318 971 sbyterum
344 936 547 971 inscriptionem
573 943 627 962 non
652 935 834 970 recipiendam
860 934 963 969 absque

179 982 286 1009 duobus
311 983 353 1009 vel
371 982 458 1010 tribus
474 982 580 1009 idoneis
595 982 723 1009 testibus.
741 982 769 1008 Si
787 982 842 1009 haec
857 981 890 1008 de
902 989 963 1016 pre-

179 1028 308 1063 sbyteris,
335 1028 377 1054 vel
404 1028 512 1055 caeteris
537 1028 662 1055 ﬁdelibus
688 1034 752 1056 sunt
774 1028 961 1063 praecavenda,

178 1079 281 1108 quanto
295 1074 382 1108 magis
394 1074 427 1101 de
441 1074 593 1109 episcopis?
609 1073 714 1106 Quibus
729 1075 858 1108 cognitis,
876 1073 961 1107 magis

179 1127 229 1147 vos
243 1119 376 1146 dominari
393 1120 461 1147 velle
484 1119 656 1148 manifestum
679 1124 731 1152 est,
756 1127 837 1154 quam
862 1127 963 1146 consu-

180 1166 238 1192 lere
269 1164 406 1197 ﬁdelibus,
424 1169 471 1192 aut
490 1169 644 1193 sustentare
659 1173 716 1193 eos.
733 1165 801 1197 Quia
819 1165 906 1191 honor
920 1166 962 1191 in-

179 1211 225 1238 ﬁat
240 1211 273 1237 ad
285 1211 440 1245 superbiam
458 1215 485 1238 et
500 1211 573 1246 quod
591 1211 730 1246 provisum
745 1217 786 1238 est
800 1211 833 1237 ad
847 1218 962 1237 concor-

178 1256 263 1288 diam,
279 1256 364 1283 tendit
375 1256 408 1283 ad
421 1264 530 1284 noxam.
548 1256 681 1283 Decuerat
695 1264 812 1290 namque
826 1263 874 1283 vos
884 1257 962 1289 juxta

179 1300 306 1335 praefatas
325 1301 442 1335 regulas,
467 1302 489 1328 si
509 1300 611 1335 aliquid
626 1302 745 1336 egissent
767 1305 863 1327 contra
881 1308 960 1327 suum

179 1345 313 1378 ordinem,
329 1345 458 1374 mandare
470 1346 549 1374 nobis
565 1350 592 1374 et
604 1351 764 1381 exspectare
779 1345 843 1382 quid
861 1346 894 1372 ad
913 1352 959 1372 ve-

1016 931 1078 958 illos
1095 931 1214 958 sciamus
1227 939 1241 957 a
1255 930 1367 958 Domino
1380 931 1555 964 constitutos,
1569 939 1624 958 non
1640 931 1700 959 illos
1716 939 1799 966 super

1015 986 1076 1005 nos.
1094 976 1126 1004 Et
1145 977 1216 1004 sicut
1232 977 1318 1011 major
1333 984 1387 1003 non
1403 980 1492 1011 potest
1515 984 1529 1003 a
1551 977 1657 1004 minore
1667 977 1797 1011 judicari,

1015 1031 1066 1050 nec
1087 1024 1123 1049 ita
1139 1023 1272 1057 colligari,
1288 1024 1352 1057 quia
1376 1027 1465 1049 ratum
1491 1027 1532 1050 est
1548 1030 1629 1050 omne
1644 1022 1716 1057 quod
1740 1030 1799 1049 ma—

1014 1078 1097 1105 gnum
1117 1073 1168 1096 est.
1186 1070 1331 1096 Portamus
1359 1076 1443 1096 onera
1464 1069 1584 1096 omnium
1608 1069 1654 1104 qui
1686 1077 1799 1104 gravan-

1014 1120 1075 1149 tur;
1098 1116 1221 1151 quinimo
1240 1116 1296 1143 haec
1312 1119 1400 1149 portat
1415 1116 1442 1142 in
1453 1115 1531 1143 nobis
1545 1116 1641 1143 beatus
1655 1116 1803 1150 apostolus

1013 1160 1121 1193 Petrus,
1139 1161 1219 1195 cujus
1230 1161 1288 1188 vice
1304 1160 1443 1195 fungimur
1459 1161 1603 1195 legatione.
1618 1165 1644 1188 et
1661 1162 1740 1196 cujus
1754 1169 1800 1189 re-

1011 1207 1073 1241 gula
1100 1206 1289 1238 informamur,
1314 1209 1449 1240 quatenus
1469 1206 1530 1240 ejus
1552 1205 1613 1232 [ulti
1630 1206 1741 1238 auxilio,
1763 1207 1806 1233 ab-

1012 1252 1138 1279 omnibus
1158 1258 1231 1278 nunc
1255 1255 1282 1278 et
1308 1251 1334 1277 in
1362 1255 1491 1286 perpetuo
1515 1255 1640 1278 tueamur
1662 1252 1797 1279 adversis.

1013 1297 1081 1324 Data
1094 1297 1154 1323 Kal.
1171 1296 1344 1328 Novembris,
1363 1295 1501 1325 Felieiano
1514 1301 1542 1325 et
1557 1297 1719 1328 Maximiano
1727 1297 1797 1326 viris

1013 1344 1175 1372 clarissimis
1190 1343 1361 1372 consulibus.

355 1415 473 1450 Epistula
487 1416 627 1443 Athanasii
643 1422 667 1444 et
680 1415 867 1452 [Egyptiorum
882 1417 917 1443 ad
929 1415 1047 1443 eumdem
1065 1423 1162 1450 papam
1177 1415 1208 1442 de
1223 1416 1435 1450 oppressionibus
1449 1415 1620 1443 Arianorum.

215 1485 328 1514 Domino
351 1487 520 1520 beatissimo,
543 1491 570 1514 et
593 1488 746 1515 honorabili
773 1491 866 1515 sancto
883 1487 959 1514 Patri

177 1531 285 1560 Liberio
299 1540 384 1568 papae,
396 1533 574 1567 Athanasius,
592 1538 619 1561 et
634 1534 752 1561 universi
769 1533 958 1568 Egyptiorum

177 1577 316 1612 episcopi,
347 1578 373 1604 in
404 1586 488 1605 unum
515 1579 646 1614 synodice
669 1579 741 1614 apud
768 1579 959 1606 Alexandriam

177 1623 344 1657 congregati.

211 1668 268 1703 (At)
288 1667 391 1696 Vestrae
415 1669 578 1698 beatissima;
601 1670 774 1704 paternitatis
793 1670 855 1704 jura
879 1678 961 1705 penes

177 1711 262 1740 Deum
277 1714 332 1740 sint
345 1714 500 1747 manifesta,
516 1715 580 1742 dum
596 1715 837 1750 praedicationibus
857 1715 962 1743 scilicet

177 1760 354 1794 apostolicis,
382 1765 409 1788 et
429 1761 561 1789 doctrinis
587 1769 658 1789 verte
682 1762 743 1789 ﬁdei
770 1763 876 1789 cultura
905 1763 963 1789 uni-

177 1813 255 1832 versa
279 1807 381 1841 repleta
398 1807 433 1833 sit
454 1811 538 1835 terra.
553 1808 605 1834 Per
620 1808 773 1835 divinorum
788 1812 879 1835 tamen
899 1816 962 1836 eru-

176 1851 306 1879 ditionem
333 1853 514 1888 eloquiorum,
544 1858 635 1881 vestra
665 1855 816 1882 instruente
838 1855 961 1882 admoni-

177 1894 251 1921 tione
265 1895 461 1928 cxhortatoria,
475 1897 707 1932 superzediﬁcatur
717 1899 870 1926 orthodoxa
882 1899 961 1926 Chri-

176 1939 211 1966 sti
226 1938 358 1972 Ecclesia,
372 1942 520 1975 apostolica
536 1942 708 1970 institutione
721 1943 843 1976 fundata,
859 1949 886 1971 et
898 1952 912 1971 a
929 1944 961 1970 ﬁ-

175 1985 282 2013 delibus
309 1987 436 2015 Pati-ibus
461 1987 616 2016 ﬁrmissime
641 1989 778 2017 roborata.
809 1990 849 2018 Ad
879 1999 960 2025 quam

175 2039 270 2058 omnes
282 2031 433 2059 beatissimi
450 2035 577 2068 apostoli.
596 2035 655 2069 pari
677 2035 788 2062 honoris
799 2039 825 2063 et
838 2040 959 2070 potesta-

175 2078 211 2103 tis
228 2078 368 2105 consortio
388 2078 505 2113 praediti,
535 2081 696 2115 populorum
716 2082 825 2115 agmina
850 2089 960 2109 conver-

176 2127 274 2156 tentes,
299 2125 343 2159 pie
365 2129 515 2161 sancteque
540 2127 574 2153 de
600 2127 720 2154 tenebris
742 2127 776 2154 ad
801 2127 903 2158 lumen.
926 2128 959 2155 de

174 2172 253 2205 lapsu
268 2172 302 2199 ad
318 2180 409 2200 veram
432 2172 523 2206 ﬁdem,
538 2173 571 2200 de
586 2177 673 2200 morte
685 2173 718 2200 ad
737 2175 819 2201 vitam
834 2174 958 2202 homines

174 2216 274 2243 divinae
288 2217 538 2251 prtedestinalionis
557 2218 643 2252 gratia
661 2219 813 2252 priescitos,
828 2219 958 2246 salutari-

174 2261 226 2288 bus
249 2263 391 2297 praceptis
417 2270 450 2290 ac
475 2263 587 2290 monitis
614 2263 810 2298 perduxerunt.
837 2263 958 2297 Quorum

175 2309 332 2333 sanctorum
359 2308 546 2342 apostolorum
574 2312 665 2335 vestra
690 2308 848 2337 fraternitas
873 2309 959 2336 hono-

175 2352 261 2379 randa
277 2360 395 2387 sequens
411 2353 518 2386 merita,
534 2356 560 2380 et
571 2353 720 2388 perfectius
736 2354 851 2389 implens
865 2363 959 2383 exem-

176 2399 230 2434 pla,
253 2398 402 2426 Ecclesiam
423 2398 470 2426 Dei
497 2406 602 2426 morum
629 2400 766 2434 probitate
794 2405 822 2428 et
847 2406 960 2429 actuum

176 2444 321 2471 sanctitate
346 2444 521 2477 condecorat,
541 2449 569 2472 et
593 2445 645 2473 ﬁde
669 2453 759 2477 sacra,
778 2447 959 2476 Christianis-

176 2497 229 2523 que
245 2488 367 2516 moribus
384 2497 498 2524 augens.
515 2497 575 2524 quae
600 2489 657 2517 ﬁeri
674 2488 729 2517 Deo
743 2490 841 2524 placita
864 2491 960 2525 praeci-

177 2534 226 2569 pit,
243 2534 343 2562 studiis
360 2535 562 2569 pontiﬁcalibus
578 2535 763 2563 indesinenter
789 2540 918 2571 operatur
933 2540 959 2564 et

178 2579 292 2613 perﬁcit,
309 2587 421 2606 servans
438 2579 504 2614 legis
530 2578 628 2607 divinis
652 2581 779 2607 mandata
796 2580 885 2613 :Quia
907 2590 959 2608 non

177 2624 240 2660 legis
262 2624 484 2658 auditores,justi
498 2630 559 2652 sunt
578 2625 647 2660 apud
671 2625 762 2658 Deum,
781 2627 852 2654 sicut
865 2631 960 2654 narrat

213 2711 224 2727 ⁸
243 2711 251 2737 l
270 2711 336 2763 Reg.
354 2721 416 2742 xvi.
436 2713 460 2739 7.
499 2713 510 2729 ⁵
529 2713 538 2740 l
557 2713 646 2742 Paral.
663 2723 764 2748 nvnl,
782 2716 810 2743 9.

234 2747 266 2763 με
344 2747 425 2763 Multi.
456 2755 518 2763 νιν...
548 2749 579 2763 ea

177 2753 216 2778 tt,
234 2747 276 2774 l5.
313 2747 323 2763 ⁹
343 2747 437 2775 Matth.
456 2755 528 2791 μιν,
548 2749 589 2775 l2.

976 2242 997 2269 Ι)

851 2716 860 2731 ⁸
881 2715 890 2742 Ι
906 2714 970 2742 Cor.

1013 1486 1172 1521 Apostolus,
1195 1485 1239 1512 sed
1256 1485 1368 1519 factores
1392 1486 1456 1521 legis
1468 1483 1723 1520 Ῐαδιίνίεαινιιηιιιν⁵,¹
1741 1485 1797 1514 Nos

1013 1532 1084 1559 enim
1103 1532 1159 1559 hac
1181 1531 1305 1558 meditari
1324 1531 1476 1566 cupientes,
1492 1534 1518 1558 et
1542 1539 1574 1558 ea
1590 1538 1650 1566 quae
1664 1539 1680 1558 a
1700 1538 1795 1559 sancta

974 1569 996 1600 Ο
1011 1576 1076 1604 sede
1096 1579 1197 1607 vestra,
1221 1576 1407 1611 apostolorum
1432 1583 1581 1610 eorumque
1606 1583 1796 1604 successorqu

1013 1622 1207 1657 praedicatione
1221 1622 1303 1657 608
1317 1622 1500 1656 suscepimus,
1521 1625 1602 1656 atque
1617 1630 1676 1656 quae
1699 1622 1725 1649 in
1750 1622 1796 1649 Ni-

1011 1675 1087 1695 ctena
1106 1667 1212 1703 synodo
1238 1668 1365 1695 roborata
1386 1668 1564 1702 cognovimus
1588 1668 1745 1702 przedicare,
1769 1673 1797 1695 ct

1011 1713 1177 1740 Arianorum
1203 1713 1397 1747 blasphemias,
1420 1716 1502 1747 atque
1523 1713 1637 1740 aliorum
1655 1713 1794 1740 haeretico-

1012 1766 1072 1786 rum
1088 1759 1236 1793 repellerc:
1251 1758 1298 1792 qui
1312 1757 1434 1793 quotidie
1447 1758 1480 1784 ab
1496 1757 1539 1786 his
1553 1757 1753 1793 persequimur,
1769 1764 1794 1785 et

1011 1803 1179 1831 damnationi
1193 1803 1339 1835 tradimur,
1351 1807 1433 1838 atque
1445 1803 1527 1830 morti
1541 1803 1720 1831 destinantur.
1736 1803 1795 1836 Qua

1011 1849 1045 1876 de
1058 1857 1086 1876 re
1100 1857 1255 1884 precamur,
1272 1852 1301 1875 ut
1314 1849 1413 1876 vestris
1423 1849 1670 1880 exhortationibus,
1683 1853 1737 1876 tam
1749 1857 1796 1884 per

1011 1902 1059 1922 vos
1073 1902 1154 1929 quam
1175 1899 1201 1922 et
1224 1894 1418 1929 apocrisiarius
1436 1899 1542 1922 vestros
1562 1895 1733 1930 adjuvcmur,
1750 1903 1795 1927 ne,

1011 1941 1074 1968 dum
1093 1941 1131 1967 illi
1148 1944 1276 1968 crescunt
1301 1945 1329 1968 et
1347 1948 1397 1968 nos
1419 1941 1577 1972 minuimur.
1592 1949 1655 1968 vera
1670 1940 1736 1968 ﬁdes
1748 1941 1797 1968 de-

1011 1992 1144 2020 struatur,
1166 1992 1311 2015 et~eorum
1336 1988 1449 2014 haeresis
1473 1988 1543 2014 ultra
1570 1987 1649 2016 ﬁdem
1672 1993 1794 2015 nostram

1010 2038 1128 2061 crescat.
1143 2033 1277 2066 Quoniam
1291 2034 1373 2061 titnco
1393 2038 1432 2065 ut,
1451 2037 1594 2068 postquam
1616 2034 1795 2061 abundaverit

1009 2079 1151 2114 iniquitas,
1169 2079 1330 2113 refrigescat
1346 2079 1467 2106 charitas
1484 2079 1633 2105 multorum
1645 2079 1666 2105 9.
1679 2079 1731 2106 Pro
1741 2087 1794 2114 qua

1009 2133 1048 2156 re,
1069 2125 1153 2152 multa
1173 2129 1270 2152 vestra:
1286 2132 1371 2151 sacra:
1385 2124 1526 2156 doctrime,
1542 2128 1596 2151 tam
1613 2125 1683 2159 apud
1710 2124 1794 2152 Deum

1009 2178 1089 2205 quam
1103 2169 1174 2204 apud
1190 2174 1305 2197 cunctos
1323 2169 1426 2201 ﬁdeles,
1442 2177 1547 2197 merces
1561 2174 1588 2197 et
1605 2170 1663 2197 laus
1677 2170 1794 2205 reposita

1011 2219 1063 2246 est.
1079 2216 1103 2243 si
1118 2220 1209 2243 vestra
1222 2221 1381 2253 resecantur
1396 2217 1568 2243 auctoritate.
1584 2216 1709 2243 Nostram
1721 2216 1795 2243 enim

1014 2262 1105 2294 ﬁdem,
1118 2270 1199 2296 quam
1220 2270 1234 2288 a
1249 2263 1351 2290 sanctis
1367 2262 1495 2290 Patrihus
1509 2263 1664 2297 accepimus
1675 2267 1702 2290 et
1718 2266 1795 2290 tene—

1013 2315 1085 2339 mus,
1102 2311 1184 2342 atque
1200 2306 1340 2340 docemus,
1357 2309 1449 2336 subter
1464 2308 1639 2335 inseruimus.
1657 2307 1691 2334 Ut
1705 2309 1728 2335 si
1745 2308 1795 2335 ali-

1013 2353 1074 2388 quis
1093 2354 1170 2381 vobis
1183 2354 1262 2381 aliter
1284 2362 1335 2382 nos
1350 2354 1470 2386 credere,
1490 2359 1536 2381 aut
1559 2356 1666 2387 docere,
1686 2358 1732 2380 aut
1750 2361 1795 2380 ac-

1013 2399 1146 2432 cusando,
1167 2404 1214 2427 aut
1239 2401 1409 2428 mussitando
1427 2401 1559 2432 retulerit,
1571 2400 1613 2427 vel
1629 2400 1795 2427 detrahendo

1010 2446 1120 2480 scriptis
1145 2446 1327 2478 mandaverit,
1350 2455 1397 2482 per
1421 2446 1490 2473 hanc
1516 2446 1661 2474 manifeste
1686 2454 1736 2474 nos
1757 2447 1795 2473 ita

1010 2491 1123 2518 credere
1136 2497 1163 2519 et
1182 2492 1281 2519 docere
1295 2492 1461 2527 agnoscatis.
1477 2491 1619 2519 Credimus
1638 2499 1754 2527 namque
1767 2493 1796 2519 in

1011 2544 1094 2564 unum
1106 2536 1190 2564 Deum
1203 2537 1312 2565 Patrem
1328 2538 1554 2572 omnipotentem,
1569 2538 1691 2564 omnium
1704 2538 1797 2565 visibi-

1011 2582 1088 2614 lium,
1115 2590 1220 2610 necnon
1248 2587 1275 2610 ct
1301 2583 1478 2610 invisibilium
1506 2583 1687 2610 conditorem.
1714 2583 1745 2609 Et
1769 2584 1796 2610 in

1011 2636 1095 2655 unum
1119 2629 1263 2655 Dominum
1284 2633 1408 2656 nostrum
1425 2628 1516 2656 Jesum
1543 2629 1681 2656 Christum
1695 2628 1794 2655 Filium

989 2723 1025 2749 tv,
1044 2718 1070 2744 5.
1109 2719 1119 2734 °
1139 2718 1224 2745 Exod.
1243 2726 1328 2752 mn,
1349 2719 1373 2745 l.
1412 2719 1421 2734 ⁷
1442 2717 1451 2744 l
1469 2717 1540 2745 Tim.
1558 2726 1585 2750 v,
1603 2717 1645 2745 l9.
1683 2718 1694 2734 '
1713 2715 1792 2744 Rom.

214 2825 270 2860 (ιι)
285 2825 352 2854 Vide
365 2826 482 2855 Victoris
493 2827 715 2864 Carthaginiensis
731 2828 810 2864 epist.
826 2829 859 2856 ad
875 2828 1047 2856 Theodorum
1064 2836 1170 2863 papam.
