1919 3064
134 121 203 149 “69

589 121 722 150 PONTIF.
743 122 825 151 ROM.
845 123 889 150 ET
908 124 1090 151 ATHANASII
1111 123 1298 152 EPISTOLrE.

1677 125 1747 154 H70

135 178 180 205 Dei
202 181 294 205 natum
316 185 347 205 ex
363 178 444 206 Patre
464 180 643 215 unigenitum,
660 181 711 208 hoe
725 185 777 212 cst,
797 189 828 208 ex
852 182 917 208 sub-
931 186 953 213 Α
968 183 1000 209 tis
1016 184 1060 218 qui
1070 182 1224 217 prophetam
1241 184 1268 209 in
1283 183 1386 210 nomine
1399 191 1454 210 meo
1471 182 1634 210 mendacium
1647 191 1656 210 .'
1668 189 1745 210 erunt

133 224 232 251 stantia
256 224 345 251 Patris
366 234 371 251 :
388 225 472 253 Deum
498 234 531 253 ex
554 226 618 258 Deo,
635 228 727 254 lumen
747 228 780 254 de
800 228 911 260 lumine,

132 269 215 297 Deum
238 277 331 296 verum
357 278 389 297 ex
411 271 464 298 Deo
488 279 563 304 vero,
586 277 679 299 natum
705 281 759 300 non
781 277 912 305 creatum,

132 315 306 347 homousion,
323 315 375 343 hoc
390 320 441 348 est,
460 317 581 351 ejusdem
601 325 662 344 cum
680 318 760 346 Patre
786 319 913 346 substan-

131 361 186 387 tiae.
200 361 251 388 Per
263 369 344 396 quem
359 362 451 388 omnia
467 363 538 390 facta
557 369 631 397 sunt,
647 364 768 391 cmlestia
787 368 814 391 et
829 367 914 391 terre—

132 406 210 434 stria.
227 406 278 439 Qui
294 411 406 442 propter
419 415 469 434 nos
482 409 616 441 homines,
632 414 658 437 et
670 414 780 444 propter
791 415 913 437 nostram

132 451 247 478 salutem
270 451 411 479 descendit
426 453 459 480 dc
480 454 568 481 emlis.
588 454 619 481 Et
642 455 800 482 incarnatus
813 460 863 486 est,
887 459 914 482 et

132 498 214 525 homo
228 497 327 528 factus.
346 506 444 533 passus
459 504 510 532 est,
537 504 564 527 et
588 502 738 529 resurrexit
760 502 838 530 tertia
859 502 911 529 die.

131 543 260 570 Ascendit
274 544 301 571 in
316 545 427 576 malum,
444 545 505 572 inde
521 550 651 574 venturus
663 547 787 582 judicare
798 548 874 575 vivos
886 552 913 575 et

131 593 264 616 mortuos.
281 589 313 615 Et
338 590 366 617 in
382 589 512 624 Spiritum
531 596 666 619 sanctum.
690 592 743 620 Eos
762 597 850 620 autem
867 593 913 628 qui

131 633 237 666 dicunt,
256 634 321 661 Erat
336 639 442 670 tempus
462 637 572 671 quando
591 645 645 665 non
671 641 729 664 erat
746 643 804 669 :et,
818 638 912 665 Prius—

131 688 214 714 quam
231 684 390 708 nasceretur
405 689 457 709 non
473 687 532 710 erat
544 692 551 710 :
565 687 602 713 et.
620 683 688 716 Quia
704 692 736 711 ex
751 684 833 712 nullis
849 685 914 712 sub-

132 726 293 753 sistentibus
308 726 396 755 lactus
407 731 460 760 est,
476 733 522 754 aut
535 736 568 756 ex
584 729 636 755 alia
649 729 802 756 substantia
815 729 855 756 vel
870 737 914 757 es-

130 771 228 802 sentia,
240 771 335 798 dicunt
350 779 411 799 esse
425 773 639 805 convertibilem,
656 777 738 808 atque
755 775 913 802 mutabilem

131 814 229 842 Filium
255 815 300 843 Dei
315 825 320 842 :
335 816 385 844 hos
405 818 615 845 anathematizat
634 819 769 845 catholica
793 824 821 846 et
849 827 914 855 apo-

966 229 1075 263 projecti
1095 230 1121 255 in
1133 229 1179 256 viis
1198 229 1358 262 Jerusalem,
1371 233 1396 255 et
1407 229 1570 256 conculcatio
1579 229 1692 256 omnium
1705 229 1747 264 pic

964 275 1142 309 conﬁtentium
1169 283 1219 305 me,
1241 278 1265 301 et
1293 283 1344 301 non
1372 274 1421 301 erit
1442 274 1487 309 qui
1519 275 1627 308 sepeliat
1656 275 1743 302 eos".

963 319 1047 347 Nemo
1067 322 1139 347 enim
1166 320 1333 347 abscondere
1355 323 1444 354 potest
1465 320 1627 354 quibusdam
1648 320 1745 348 subre-

964 366 1102 400 ptionibus
1115 365 1352 395 commendatitiis.
1369 365 1440 392 sicut
1454 373 1503 392 nec
1521 365 1592 392 foliis
1613 365 1654 392 ﬁci
1673 366 1745 393 anti‘

963 417 1035 445 quus
1052 414 1239 445 transgressor
1265 411 1392 444 praecepti
1413 409 1497 436 Adam
1513 410 1611 445 potuit,
1635 412 1680 444 qui
1696 417 1745 444 per

964 456 1100 490 propriam
1122 456 1240 490 linguam
1266 456 1447 483 inverecunde
1474 455 1743 490 nudaturzLaqueus

963 501 1031 527 enim
1046 500 1122 534 fortis
1136 501 1189 526 viro
1204 500 1274 526 labia
1286 500 1353 534 ejus,
1369 505 1392 526 at
1412 505 1501 534 captus
1513 501 1626 534 propriis
1645 509 1744 530 sermo-

964 546 1049 577 nibus.
1065 551 1089 573 et
1102 555 1178 580 opera
1193 554 1317 572 manuum
1330 546 1397 577 eius,
1412 546 1546 574 retributio
1565 552 1652 573 autem
1667 546 1743 574 labo-

964 601 1022 619 rum
1045 592 1101 626 ejus
1122 592 1228 618 dabitur
1252 593 1284 624 ei,
1315 596 1340 618 et
1363 592 1505 625 impietatis
1531 592 1694 626 reprehensio
1707 591 1740 620 ⁸³.

963 637 1078 671 Arguam
1094 641 1128 667 te,
1145 637 1243 671 inquit,
1259 641 1283 663 at
1299 641 1415 662 statuant
1438 641 1529 662 contra
1548 637 1641 670 [aciem
1659 642 1741 668 tuam,

963 683 1122 709 existimasti
1142 682 1239 716 inique,
1255 681 1323 716 quod
1347 689 1428 708 essent
1454 681 1500 707 tibi
1522 682 1616 709 similis
1630 682 1660 709 '5.
1675 682 1744 710 Pro-

963 732 1061 760 pterea,
1078 727 1149 753 sicut
1165 726 1231 753 dicit
1248 725 1378 752 Dominus
1393 726 1426 752 ad
1441 725 1560 757 chcon,
1583 726 1742 760 deponantus

964 780 1006 799 eos
1021 773 1055 798 ad
1073 779 1168 805 aquam
1184 780 1249 798 vera;
1264 771 1438 802 discretionis,
1455 776 1479 798 et
1494 771 1631 806 probemus
1647 781 1690 798 eos
1707 773 1743 798 ibi

965 817 1080 852 regulari
1103 817 1295 844 examinatione
1320 819 1347 843 in
1366 817 1479 851 idipsum
1503 825 1597 851 pronos
1622 826 1743 845 corrueri-

130 861 228 887 stolica
254 860 386 889 Ecclesia.
410 861 485 890 Hanc
505 864 685 891 venerabilem
702 864 781 892 iidem
799 852 915 892 trecenti
930 852 950 879 Β
966 863 1048 894 tes”,
1075 870 1122 897 per
1145 863 1328 890 ostensionem
1360 863 1434 897 pravi
1457 863 1610 890 intellectus
1637 871 1741 894 eorum.

130 905 240 939 quidem
254 906 347 934 decem
371 911 399 934 et
415 912 487 939 octo,
509 913 536 936 et
552 913 737 944 cognoverunt
754 914 780 937 et
797 911 912 945 amplexi

131 955 205 982 sunt,
222 955 248 978 et
259 956 442 979 consonantes
453 957 480 980 ct
497 955 641 982 unanimes
653 955 764 990 scriptis
780 956 914 982 exclama—

131 1000 237 1023 verunt.
256 997 309 1025 Sed
328 998 419 1031 modo,
434 1001 561 1034 quoniam
584 1007 676 1028 contra
692 1001 748 1028 limo
768 1009 800 1029 ex
814 1002 913 1029 nostris

130 1042 194 1069 talia
215 1048 375 1078 exsurgunt,
390 1046 478 1080 qualia
500 1054 552 1073 non
570 1046 677 1076 debent.
700 1047 790 1075 venite
805 1052 837 1075 et
854 1056 911 1080 vos,

130 1087 304 1115 dilectissimi
326 1088 435 1123 fratres,
458 1098 520 1117 cum
542 1090 605 1122 Deo,
624 1096 650 1118 et
667 1091 864 1120 descendamus
879 1092 913 1119 ad

130 1132 325 1167 visitationem,
352 1135 379 1161 id
394 1139 447 1167 est,
466 1136 672 1171 inquisitionem
696 1145 850 1165 sermonum
867 1146 913 1165 eo-

129 1185 202 1210 rum,
226 1182 254 1205 et
268 1179 470 1208 confundamns
487 1189 534 1215 per
554 1183 777 1216 approbationem
800 1183 913 1210 verissi-

130 1230 202 1250 mam
218 1223 316 1251 ibidem
334 1225 439 1259 linguas
463 1233 558 1254 eornm
580 1227 698 1254 elevatas
714 1231 808 1255 contra
826 1228 915 1255 scien-

129 1268 196 1295 tiam
216 1269 347 1303 unigeniti
363 1269 423 1296 Filii
442 1270 500 1302 Dei,
517 1270 685 1305 iniquitatem
700 1271 727 1298 in
744 1271 912 1298 altitudinem

130 1313 309 1341 humanitatis
332 1314 392 1349 ejus
418 1315 559 1350 loquentes
576 1316 781 1350 :Dirumpamus
809 1318 913 1343 uincula

131 1366 233 1390 eorum,
249 1367 297 1394 per
313 1359 431 1394 gladium
447 1360 628 1395 spiritualem,
648 1362 719 1396 quod
741 1366 782 1389 est
795 1361 912 1389 Verbum

130 1403 189 1436 Dei,
216 1409 240 1431 ct
254 1405 423 1439 proficiamus
441 1415 457 1432 a
477 1406 549 1433 nobis
566 1407 659 1441 jugum
683 1408 799 1442 ipsorum
813 1408 846 1439 ¹⁰,
866 1416 913 1442 per

131 1451 357 1485 expugnationem
371 1451 476 1486 profani
488 1453 711 1480 sensusillorum.
726 1452 802 1480 Tunc
813 1454 912 1481 etenim

132 1495 191 1530 ipse
212 1500 319 1531 qucque
332 1496 460 1525 Dominus
476 1497 594 1525 irridebit
615 1507 668 1530 eos,
691 1503 715 1525 et
731 1498 911 1530 subsannabit,

131 1545 156 1567 et
184 1545 244 1568 tunc
256 1541 375 1576 loquetur
391 1542 425 1568 ad
445 1551 488 1570 eos
505 1543 531 1569 in
549 1543 590 1569 ira
606 1552 665 1575 sua,
682 1547 706 1570 et
721 1544 746 1570 in
762 1543 848 1577 furore
866 1551 913 1571 suo

133 1586 296 1614 conturbabit
310 1595 352 1614 eos
365 1588 395 1619 “;
414 1588 563 1615 secundum
579 1588 686 1615 beatum
699 1587 854 1620 Jeremiam,
872 1588 915 1615 di-

130 1639 216 1659 cens:
235 1632 318 1659 Falso
339 1635 471 1668 propheta:
494 1635 539 1661 isti
560 1635 736 1662 caticinantur
758 1635 784 1660 in
811 1635 914 1661 nomine

132 1685 199 1704 meo.
216 1676 276 1704 Non
296 1678 365 1704 enim
386 1678 446 1705 misi
461 1687 514 1712 eos,
531 1684 555 1706 et
573 1688 624 1706 non
645 1680 754 1714 pra’cepi
769 1680 817 1710 cis,
834 1688 913 1714 neque

133 1723 235 1750 locutus
248 1732 305 1751 sum
320 1725 354 1752 ad
371 1733 414 1752 eos
427 1733 436 1751 :
453 1726 578 1752 visionem
594 1725 753 1757 mendacem,
770 1730 794 1752 et
815 1726 913 1752 divina—

132 1770 238 1802 tionem,
255 1775 279 1797 ει
294 1770 511 1804 fraudulentiam,
533 1776 558 1798 et
573 1771 748 1798 seductionem
767 1772 854 1798 cordis
871 1773 913 1799 sui

132 1815 286 1851 prophetarit
297 1816 378 1843 vobis.
395 1815 458 1843 Ideo
473 1816 527 1843 haec
539 1816 603 1843 dicit
619 1816 746 1843 Dominus
758 1815 790 1842 de
805 1816 912 1850 prophe-

927 1529 947 1556 Ε

965 913 1054 936 utrum
1072 916 1106 935 ne
1119 908 1174 935 sint
1185 908 1257 942 apud
1273 915 1302 935 se
1317 909 1453 942 sapientes
1472 908 1557 935 divini
1568 909 1642 936 verbi
1655 909 1742 935 scien-

963 954 1027 980 tiam
1048 954 1213 988 ignorantes.
1230 953 1361 986 Quoniam
1379 953 1499 981 dicentes
1515 961 1544 981 se
1566 961 1625 981 esse
1642 955 1744 988 sapien-

964 1005 1014 1031 tes,
1033 999 1108 1027 stulti
1123 999 1186 1026 lacti
1208 1003 1282 1031 sunt,
1305 1004 1332 1026 et
1346 1003 1520 1027 mutaverunt
1537 1000 1650 1035 gloriam
1663 1000 1685 1016 "
1698 1008 1740 1027 ca-

964 1045 1070 1072 tholica:
1084 1044 1210 1072 Ecclesiae
1225 1045 1334 1079 propria
1345 1046 1473 1078 novitate,
1488 1045 1545 1073 sive
1559 1053 1606 1080 per
1621 1053 1652 1073 ea
1685 1053 1744 1080 qua:

963 1091 1058 1117 illicite
1080 1090 1108 1117 in
1131 1090 1190 1124 ejus
1209 1089 1365 1117 defensione
1388 1094 1464 1125 gesta
1497 1094 1574 1121 sunt;
1589 1090 1742 1117 hazreticam

963 1136 1154 1163 turbulentiam
1180 1135 1395 1167 introducentcs,
1414 1135 1479 1162 illud
1504 1138 1690 1169 competenter
1710 1135 1743 1161 ad

962 1189 1011 1208 nos
1026 1181 1183 1211 retinentes.
1199 1181 1270 1216 quod
1287 1181 1354 1208 bene
1371 1180 1405 1207 ad
1419 1180 1511 1208 Jesum
1526 1180 1622 1207 Filium
1637 1180 1742 1208 Sirachi

962 1227 1064 1253 dictum
1085 1230 1145 1254 est:
1162 1225 1246 1261 Usque
1259 1226 1292 1253 ad
1311 1230 1419 1252 mortem
1435 1230 1505 1252 certa
1520 1234 1567 1260 pro
1589 1226 1704 1257 veritate,
1720 1230 1744 1252 et

963 1271 1089 1299 Dominus
1111 1271 1235 1306 pugnabit
1252 1279 1298 1305 pro
1320 1272 1386 1298 te”.
1402 1270 1487 1306 Hujus
1508 1271 1546 1297 rei
1571 1271 1657 1306 gratia
1683 1271 1745 1297 tini-

962 1317 1075 1345 versalis
1092 1317 1170 1344 vobis
1192 1324 1206 1343 a
1230 1316 1339 1344 Christo
1352 1316 1416 1343 Jcsu
1432 1317 1578 1343 commissa
1596 1320 1638 1343 est
1653 1315 1745 1343 Eccle-

963 1362 1014 1393 sia,
1031 1367 1059 1389 ut
1070 1369 1119 1396 pro
1132 1362 1258 1389 omnibus
1271 1362 1408 1393 laborctis,
1426 1365 1452 1389 et
1466 1362 1573 1388 cunctis
1585 1369 1662 1396 opem
1676 1361 1746 1389 ferre

963 1415 1016 1434 non
1041 1408 1183 1442 negligatis
1197 1417 1203 1434 :
1216 1407 1295 1440 Quia,
1309 1407 1371 1434 dum
1386 1408 1462 1442 [ortis
1481 1411 1599 1434 armatus
1627 1406 1744 1434 custodit

964 1454 1061 1480 atrium
1083 1461 1170 1485 suum,
1189 1454 1217 1479 in
1240 1461 1303 1487 pare
1329 1458 1389 1479 sunt
1407 1453 1494 1479 omnia
1510 1461 1566 1488 qua:
1584 1453 1698 1487 possidet
1712 1453 1733 1468 "‘

965 1498 1078 1532 ideoque
1089 1502 1164 1524 tanta
1181 1503 1290 1532 urgente
1303 1498 1476 1528 necessitate,
1491 1505 1661 1531 summopere
1673 1505 1731 1523 com
1740 1510 1746 1516 -

967 1543 1076 1578 primite
1091 1547 1181 1570 vestra
1197 1550 1302 1570 Summa
1316 1542 1478 1569 auctoritate
1492 1541 1616 1573 infestos,
1629 1542 1746 1570 relevsta

966 1597 1122 1624 oppressos,
1139 1594 1166 1616 ut
1180 1589 1282 1623 absque
1297 1589 1381 1623 gravi,
1395 1587 1509 1614 Domino
1521 1588 1679 1622 opitulante,
1693 1587 1744 1614 dif-

966 1635 1096 1666 ﬁcultate,
1121 1634 1172 1669 ipsi
1195 1638 1333 1668 gratanter
1353 1634 1426 1660 omni
1448 1637 1569 1668 tempore
1592 1633 1745 1660 sacriﬁcare

966 1687 1119 1708 mereamur
1133 1680 1217 1707 ill-.esi.
1239 1679 1270 1706 Et
1286 1679 1450 1714 subscriptio
1465 1689 1471 1706 :
1487 1679 1600 1706 Alterna
1618 1684 1642 1706 te
1656 1684 1745 1706 servet

966 1725 1107 1757 Divinitas,
1132 1733 1178 1760 per
1201 1725 1302 1752 multos
1319 1732 1415 1756 annos,
1443 1724 1615 1752 sanctissime
1636 1723 1746 1750 Patrum

965 1770 1056 1798 Pater.
1074 1770 1170 1798 Amen.

653 1871 815 1904 Rescriptum
831 1871 928 1898 Liberii
940 1879 1013 1906 papa:
1027 1871 1061 1898 ad
1076 1871 1190 1899 eosdem.

167 1929 348 1957 Dilectissimo
363 1929 418 1957 lilio
429 1929 588 1962 Athanasio,
603 1934 628 1957 et
642 1929 770 1956 omnibus
785 1929 813 1956 in
829 1937 912 1956 unum

133 1977 315 2012 congregatis,
332 1979 360 2003 et
373 1977 407 2003 de
422 1975 565 2003 Trinitatis
580 1975 632 2003 ﬁde
648 1979 720 2002 recte
735 1975 913 2003 sentientibus

135 2021 321 2057 Egyptiorum
337 2022 481 2060 episcopis,
498 2021 622 2049 Liberius
638 2029 716 2056 papa.

169 2067 224 2103 (45)
246 2067 315 2094 Olim
332 2071 358 2094 et
371 2068 404 2095 ab
415 2067 492 2094 initio
503 2070 605 2094 tantam
616 2066 786 2101 percepimus
802 2073 817 2093 a
834 2066 913 2093 beato

134 2112 214 2140 Petro
230 2113 414 2148 apostolorum
429 2113 552 2148 principe
568 2112 704 2144 fiduciam,
721 2116 750 2139 ut
766 2112 913 2139 habeamus

134 2160 324 2187 auctoritatem
341 2166 390 2194 pro
408 2159 556 2186 universali
571 2158 691 2186 Ecclesia
702 2158 735 2185 ad
748 2161 849 2185 rectam
864 2157 912 2184 do-

966 1937 1047 1964 super
1058 1937 1111 1964 qua
1121 1933 1147 1956 et
1164 1928 1219 1956 Deo
1234 1929 1336 1964 gratias
1351 1929 1503 1956 uberrimas
1525 1929 1679 1956 retulimus.
1694 1927 1747 1956 Pro

966 1983 1018 2010 qua
1028 1983 1083 2002 non
1094 1975 1265 2003 solummodo
1279 1976 1482 2010 persecutiones
1503 1980 1529 2002 et
1550 1975 1690 2009 passiones
1701 1983 1745 2001 su-

966 2021 1067 2048 stinere
1077 2021 1218 2048 vobiscum
1231 2021 1316 2055 parati
1329 2029 1433 2051 sumus.
1446 2020 1492 2048 sed
1508 2021 1588 2047 etiam
1600 2020 1623 2046 si
1635 2027 1747 2047 necesse

965 2066 1058 2098 fuerit,
1072 2067 1140 2094 mori
1156 2074 1204 2101 pro
1217 2066 1317 2094 Christi
1331 2067 1453 2098 nomine,
1469 2067 1495 2092 in
1510 2070 1640 2100 quantum
1654 2069 1747 2100 nostra

966 2112 1198 2148 sinit-fragilitas,
1220 2120 1275 2140 non
1300 2112 1464 2147 respuimus.
1483 2111 1567 2147 Igitur
1589 2111 1746 2146 praedictum

966 2163 1102 2190 sanctum,
1116 2163 1144 2185 ut
1160 2159 1283 2193 legimus,
1302 2157 1449 2184 concilium
1463 2157 1584 2184 delinivit
1595 2155 1745 2187 Nicaenum,

134 2207 296 2235 fendendam
314 2205 404 2236 ﬁdem.
419 2209 554 2240 quatenus
562 2205 629 2232 nulli
645 2205 724 2232 liceat
738 2208 838 2232 statum
850 2211 912 2231 san<
930 2195 951 2222 θ
966 2205 1024 2239 (46)
1038 2205 1117 2231 aliam
1142 2204 1220 2231 ﬁdem
1244 2205 1311 2231 nulli
1326 2204 1407 2231 licere
1424 2202 1545 2238 proferre
1561 2206 1607 2229 aut
1621 2201 1746 2229 conscri-

134 2255 183 2279 cta:
202 2251 330 2278 Ecclesia:
355 2258 525 2277 commovere
544 2250 577 2277 ad
604 2250 740 2277 laesio‘nem
761 2253 834 2277 recte
855 2257 913 2276 cre-

133 2297 265 2330 dentium,
289 2296 392 2330 absque
411 2295 452 2322 sui
473 2295 594 2330 periculo
611 2295 732 2322 honoris.
762 2294 912 2329 Epistolam

134 2343 267 2379 siquidem
280 2347 399 2370 vestram
411 2341 544 2376 nobisque
561 2340 704 2372 directam,
725 2344 788 2368 ante
802 2349 853 2368 nos
871 2348 908 2367 re-
932 2361 937 2366 .

134 2388 211 2416 citari
225 2387 348 2419 fecimus,
367 2386 557 2414 tribulationes
572 2389 598 2413 et
614 2386 826 2421 persecutiones,
845 2394 914 2421 quas

133 2442 183 2476 pr.o
199 2437 273 2461 recta
288 2433 339 2460 [ide
352 2432 487 2467 patimini,
503 2432 695 2458 intelleximus.
713 2431 801 2466 Super
813 2433 912 2466 quibus

131 2484 159 2512 et
169 2488 220 2508 nos
232 2487 285 2507 una
294 2479 433 2507 vobiscum
444 2478 631 2509 condolemus,
640 2481 667 2505 et
679 2478 803 2505 laborare
812 2485 860 2512 pro
872 2485 914 2505 vo-

132 2527 186 2559 bis,
203 2529 232 2554 ut
249 2529 326 2562 pater
339 2533 388 2560 pro
412 2524 485 2556 ﬁliis,
509 2525 594 2560 parati
611 2532 714 2552 sumus.
739 2523 832 2551 Fidem
848 2531 913 2551 vero

132 2573 234 2601 Nicani
245 2563 354 2606 concilii
365 2571 392 2598 in
404 2571 498 2599 cadent
508 2571 622 2606 epistola
637 2575 738 2599 rectam
752 2571 912 2605 reperimus,

462 2684 481 2699 ”
503 2683 566 2710 ibid.
582 2682 598 2708 4
609 2703 614 2710 .
627 2681 652 2709 5.

418 2719 439 2734 ιθ
461 2718 536 2746 Itoni.
557 2726 581 2751 l,
599 2717 648 2750 Ἡ,
667 2717 710 2745 2'5.

176 2683 199 2700 “
224 2683 296 2712 Psal.
325 2693 355 2714 It.
381 2684 407 2711 5.

132 2718 155 2736 ⁸⁸
173 2718 263 2747 Judic.
282 2728 336 2750 vlt,
351 2720 377 2746 4.

167 2797 224 2829 tttsl
242 2798 305 2830 Leo,
317 2797 396 2834 epist.
413 2797 456 2827 24.

698 2683 719 2699 ¹¹
738 2681 836 2708 Jerern.
857 2689 912 2712 xtv,
932 2681 1023 2708 M-l6.

750 2717 770 2733 ¹⁷
792 2716 873 2744 Eccli.
892 2725 928 2749 tv,
945 2717 985 2744 55,

966 2250 1040 2281 bere,
1053 2250 1095 2277 vel
1112 2258 1285 2284 componere,
1302 2253 1348 2276 aut
1364 2257 1469 2284 sapere,
1487 2249 1529 2274 vel
1545 2248 1642 2275 docere
1657 2247 1745 2279 aliter,

966 2302 1015 2321 nec
1032 2293 1180 2329 quidquam
1197 2294 1224 2320 in
1237 2293 1287 2320 lide
1300 2293 1402 2320 sentire
1414 2296 1461 2319 aut
1474 2291 1604 2326 proferre,
1621 2290 1693 2325 quod
1705 2290 1747 2317 his

965 2340 1075 2367 Patrum
1089 2339 1188 2374 regulis
1207 2339 1293 2374 possit
1307 2338 1428 2366 obviare.
1442 2338 1492 2370 Qui
1509 2341 1597 2364 autem
1618 2344 1746 2371 prmsum-

966 2386 1051 2421 pserit
1065 2386 1145 2412 aliam
1162 2385 1242 2412 Iidem
1253 2392 1426 2420 componere.
1442 2387 1488 2410 aut
1503 2382 1633 2418 proferre,
1645 2381 1685 2408 vel
1699 2381 1747 2407 do—

966 2439 1037 2462 cere,
1050 2435 1095 2457 aut
1106 2431 1213 2458 tradere
1224 2430 1296 2457 aliud
1313 2430 1475 2465 symbolum,
1489 2429 1522 2455 ad
1543 2427 1612 2453 viam
1624 2426 1747 2454 veritatis

966 2477 1088 2504 converti
1106 2476 1325 2503 desiderantibus
1349 2475 1382 2502 de
1405 2481 1566 2509 quacunque
1581 2471 1689 2502 han-esi,
1704 2471 1746 2498 vel

966 2531 999 2550 ex
1016 2522 1118 2550 Iudaeis
1137 2527 1183 2549 aut
1195 2523 1308 2557 paganis
1324 2521 1494 2548 Christianos
1513 2527 1542 2546 se
1564 2518 1620 2545 ﬁeri
1634 2517 1743 2544 volenti-

967 2569 1033 2604 busi;
1046 2569 1073 2596 hi
1090 2569 1111 2596 si
1125 2569 1245 2604 episcopi
1257 2567 1358 2595 fuerint
1369 2571 1415 2594 aut
1428 2567 1531 2598 clerici,
1549 2565 1679 2592 alienatos
1690 2564 1743 2599 qui

1081 2681 1102 2696 ¹³
1129 2681 1209 2707 Prov.
1239 2688 1281 2712 vt,
1310 2679 1343 2710 9,
1360 2680 1385 2706 3.
1450 2679 1471 2694 η
1492 2678 1563 2706 Psai.
1597 2686 1678 2710 nix,
1695 2675 1742 2706 ει.

1036 2716 1056 2731 ’³
1076 2715 1140 2742 Luc.
1160 2723 1197 2747 XI,
1214 2716 1258 2741 2t.

1003 2795 1058 2832 (ίῦ)
1075 2796 1111 2823 Ex
1126 2803 1205 2824 conc.
1224 2794 1350 2823 Lateran.
1372 2801 1443 2822 anno
1458 2793 1518 2825 649,
1536 2793 1629 2820 multa.
