  <div class='ocr_page' id='page_1' title='image "/cluster/home/n/w/nwhite01/storage/ocr_20150623/28/njp.32101007506148/753.png"; bbox 0 0 1919 3064; ppageno 0'>
   <div class='ocr_carea' id='block_1_1' title="bbox 183 153 249 183">
    <p class='ocr_par' dir='ltr' id='par_1_1' title="bbox 183 153 249 183">
     <span class='ocr_line' id='line_1_1' title="bbox 183 153 249 183; baseline -0.03 -2"><span class='ocrx_word' id='word_1_1' title='bbox 183 153 249 183; x_wconf 71' lang='grc'><strong>1471</strong></span> 
     </span>
    </p>
   </div>
   <div class='ocr_carea' id='block_1_2' title="bbox 727 145 1213 177">
    <p class='ocr_par' dir='ltr' id='par_1_2' title="bbox 727 145 1213 177">
     <span class='ocr_line' id='line_1_2' title="bbox 727 145 1213 177; baseline -0.006 0"><span class='ocrx_word' id='word_1_2' title='bbox 727 149 755 177; x_wconf 91' lang='lat' dir='ltr'><strong>S.</strong></span> <span class='ocrx_word' id='word_1_3' title='bbox 777 147 1008 177; x_wconf 70' lang='lat' dir='ltr'><strong>ATHANASIUS.</strong></span> <span class='ocrx_word' id='word_1_4' title='bbox 1026 161 1062 168; x_wconf 89' lang='lat'><strong>—-</strong></span> <span class='ocrx_word' id='word_1_5' title='bbox 1079 145 1213 175; x_wconf 68' lang='lat' dir='ltr'><strong>SPURIA.</strong></span> 
     </span>
    </p>
   </div>
   <div class='ocr_carea' id='block_1_3' title="bbox 1723 144 1794 172">
    <p class='ocr_par' dir='ltr' id='par_1_3' title="bbox 1723 144 1794 172">
     <span class='ocr_line' id='line_1_3' title="bbox 1723 144 1794 172; baseline 0 -1"><span class='ocrx_word' id='word_1_6' title='bbox 1723 144 1735 171; x_wconf 74' lang='grc'><strong>1</strong></span> <span class='ocrx_word' id='word_1_7' title='bbox 1740 145 1794 172; x_wconf 68' lang='grc' dir='ltr'><strong>ΗΞ</strong></span> 
     </span>
    </p>
   </div>
   <div class='ocr_carea' id='block_1_4' title="bbox 183 199 1797 244">
    <p class='ocr_par' dir='ltr' id='par_1_4' title="bbox 183 199 1797 244">
     <span class='ocr_line' id='line_1_4' title="bbox 183 199 1797 244; baseline -0.006 -7"><span class='ocrx_word' id='word_1_8' title='bbox 183 210 244 238; x_wconf 85' lang='lat' dir='ltr'><strong>dem</strong></span> <span class='ocrx_word' id='word_1_9' title='bbox 264 209 406 244; x_wconf 80' lang='lat' dir='ltr'><strong>episcopos</strong></span> <span class='ocrx_word' id='word_1_10' title='bbox 421 209 454 235; x_wconf 90' lang='lat' dir='ltr'><strong>ab</strong></span> <span class='ocrx_word' id='word_1_11' title='bbox 474 208 641 243; x_wconf 87' lang='lat' dir='ltr'><strong>episcopatu,</strong></span> <span class='ocrx_word' id='word_1_12' title='bbox 656 208 770 236; x_wconf 84' lang='lat' dir='ltr'><strong>clericos</strong></span> <span class='ocrx_word' id='word_1_13' title='bbox 795 215 809 234; x_wconf 89' lang='lat' dir='ltr'><strong>a</strong></span> <span class='ocrx_word' id='word_1_14' title='bbox 832 208 914 235; x_wconf 85' lang='lat' dir='ltr'><strong>clero.</strong></span> <span class='ocrx_word' id='word_1_15' title='bbox 935 206 963 234; x_wconf 88' lang='lat' dir='ltr'><strong>Si</strong></span> <span class='ocrx_word' id='word_1_16' title='bbox 979 211 1002 238; x_wconf 70' lang='grc' dir='ltr'>Α</span> <span class='ocrx_word' id='word_1_17' title='bbox 1017 208 1091 232; x_wconf 83' lang='lat' dir='ltr'><strong>sunt.</strong></span> <span class='ocrx_word' id='word_1_18' title='bbox 1112 204 1248 238; x_wconf 73' lang='lat' dir='ltr'><strong>Scriptum</strong></span> <span class='ocrx_word' id='word_1_19' title='bbox 1269 206 1310 230; x_wconf 90' lang='lat' dir='ltr'><strong>est</strong></span> <span class='ocrx_word' id='word_1_20' title='bbox 1330 202 1401 230; x_wconf 88' lang='lat' dir='ltr'><strong>enim</strong></span> <span class='ocrx_word' id='word_1_21' title='bbox 1416 202 1443 229; x_wconf 95' lang='lat' dir='ltr'><strong>in</strong></span> <span class='ocrx_word' id='word_1_22' title='bbox 1467 200 1582 228; x_wconf 84' lang='lat' dir='ltr'><strong>Jeremia</strong></span> <span class='ocrx_word' id='word_1_23' title='bbox 1599 209 1604 226; x_wconf 95' lang='lat'><strong>:</strong></span> <span class='ocrx_word' id='word_1_24' title='bbox 1623 199 1797 228; x_wconf 82' lang='lat' dir='ltr'><strong>Probatorent</strong></span> 
     </span>
    </p>
   </div>
   <div class='ocr_carea' id='block_1_5' title="bbox 182 253 964 291">
    <p class='ocr_par' dir='ltr' id='par_1_5' title="bbox 182 253 964 291">
     <span class='ocr_line' id='line_1_5' title="bbox 182 253 964 291; baseline -0.001 -10"><span class='ocrx_word' id='word_1_25' title='bbox 182 256 265 291; x_wconf 75' lang='lat'><strong>609</strong></span> <span class='ocrx_word' id='word_1_26' title='bbox 276 263 340 282; x_wconf 82' lang='lat' dir='ltr'><strong>vero</strong></span> <span class='ocrx_word' id='word_1_27' title='bbox 357 254 493 287; x_wconf 83' lang='lat' dir='ltr'><strong>monachi,</strong></span> <span class='ocrx_word' id='word_1_28' title='bbox 510 259 557 281; x_wconf 91' lang='lat' dir='ltr'><strong>aut</strong></span> <span class='ocrx_word' id='word_1_29' title='bbox 574 253 634 281; x_wconf 79' lang='lat' dir='ltr'><strong>laici</strong></span> <span class='ocrx_word' id='word_1_30' title='bbox 658 254 774 285; x_wconf 83' lang='lat' dir='ltr'><strong>iuerint,</strong></span> <span class='ocrx_word' id='word_1_31' title='bbox 792 254 964 281; x_wconf 90' lang='lat' dir='ltr'><strong>anathemate</strong></span> 
     </span>
    </p>
   </div>
   <div class='ocr_carea' id='block_1_6' title="bbox 184 298 961 333">
    <p class='ocr_par' dir='ltr' id='par_1_6' title="bbox 184 298 961 333">
     <span class='ocr_line' id='line_1_6' title="bbox 184 298 961 333; baseline -0.001 -7"><span class='ocrx_word' id='word_1_32' title='bbox 184 301 268 327; x_wconf 75' lang='lat' dir='ltr'><strong>l‘etiri.</strong></span> <span class='ocrx_word' id='word_1_33' title='bbox 286 300 457 326; x_wconf 80' lang='lat' dir='ltr'><strong>Protestatur</strong></span> <span class='ocrx_word' id='word_1_34' title='bbox 479 299 551 326; x_wconf 88' lang='lat' dir='ltr'><strong>enim</strong></span> <span class='ocrx_word' id='word_1_35' title='bbox 571 298 666 325; x_wconf 87' lang='lat' dir='ltr'><strong>beatus</strong></span> <span class='ocrx_word' id='word_1_36' title='bbox 680 299 836 333; x_wconf 78' lang='lat' dir='ltr'><strong>Apostolus,</strong></span> <span class='ocrx_word' id='word_1_37' title='bbox 851 299 961 326; x_wconf 89' lang='lat' dir='ltr'><strong>dicens:</strong></span> 
     </span>
    </p>
   </div>
   <div class='ocr_carea' id='block_1_7' title="bbox 183 344 963 379">
    <p class='ocr_par' dir='ltr' id='par_1_7' title="bbox 183 344 963 379">
     <span class='ocr_line' id='line_1_7' title="bbox 183 344 963 379; baseline -0.001 -8"><span class='ocrx_word' id='word_1_38' title='bbox 183 345 213 371; x_wconf 92' lang='lat' dir='ltr'><strong>Si</strong></span> <span class='ocrx_word' id='word_1_39' title='bbox 226 344 284 378; x_wconf 80' lang='lat' dir='ltr'><strong>quis</strong></span> <span class='ocrx_word' id='word_1_40' title='bbox 311 348 474 375; x_wconf 85' lang='lat' dir='ltr'><strong>certat,non</strong></span> <span class='ocrx_word' id='word_1_41' title='bbox 500 349 651 376; x_wconf 87' lang='lat' dir='ltr'><strong>coronatur,</strong></span> <span class='ocrx_word' id='word_1_42' title='bbox 675 344 726 370; x_wconf 72' lang='lat' dir='ltr'><strong>nisi</strong></span> <span class='ocrx_word' id='word_1_43' title='bbox 752 344 864 379; x_wconf 83' lang='lat' dir='ltr'><strong>legitime</strong></span> <span class='ocrx_word' id='word_1_44' title='bbox 881 349 963 370; x_wconf 91' lang='lat' dir='ltr'><strong>certa-</strong></span> 
     </span>
    </p>
   </div>
   <div class='ocr_carea' id='block_1_8' title="bbox 182 389 964 424">
    <p class='ocr_par' dir='ltr' id='par_1_8' title="bbox 182 389 964 424">
     <span class='ocr_line' id='line_1_8' title="bbox 182 389 964 424; baseline 0.001 -8"><span class='ocrx_word' id='word_1_45' title='bbox 182 390 246 416; x_wconf 79' lang='lat' dir='ltr'><strong>verit</strong></span> <span class='ocrx_word' id='word_1_46' title='bbox 262 389 293 416; x_wconf 83' lang='lat'><strong>&quot;.</strong></span> <span class='ocrx_word' id='word_1_47' title='bbox 311 389 343 415; x_wconf 85' lang='lat' dir='ltr'><strong>Et</strong></span> <span class='ocrx_word' id='word_1_48' title='bbox 359 389 456 417; x_wconf 90' lang='lat' dir='ltr'><strong>iterum</strong></span> <span class='ocrx_word' id='word_1_49' title='bbox 485 389 613 417; x_wconf 70' lang='lat' dir='ltr'><strong>liouiinus</strong></span> <span class='ocrx_word' id='word_1_50' title='bbox 629 390 667 416; x_wconf 88' lang='lat' dir='ltr'><strong>ait</strong></span> <span class='ocrx_word' id='word_1_51' title='bbox 681 398 687 415; x_wconf 71' lang='grc' dir='ltr'><em>τ</em></span> <span class='ocrx_word' id='word_1_52' title='bbox 706 390 758 423; x_wconf 85' lang='lat' dir='ltr'><strong>Qui</strong></span> <span class='ocrx_word' id='word_1_53' title='bbox 771 395 857 416; x_wconf 87' lang='lat' dir='ltr'><strong>autem</strong></span> <span class='ocrx_word' id='word_1_54' title='bbox 877 398 964 424; x_wconf 87' lang='lat' dir='ltr'><strong>perse-</strong></span> 
     </span>
    </p>
   </div>
   <div class='ocr_carea' id='block_1_9' title="bbox 184 434 964 469">
    <p class='ocr_par' dir='ltr' id='par_1_9' title="bbox 184 434 964 469">
     <span class='ocr_line' id='line_1_9' title="bbox 184 434 964 469; baseline 0.003 -8"><span class='ocrx_word' id='word_1_55' title='bbox 184 435 307 461; x_wconf 61' lang='lat' dir='ltr'><strong>veraverit</strong></span> <span class='ocrx_word' id='word_1_56' title='bbox 320 443 400 469; x_wconf 83' lang='lat' dir='ltr'><strong>usque</strong></span> <span class='ocrx_word' id='word_1_57' title='bbox 414 435 441 462; x_wconf 85' lang='lat' dir='ltr'><strong>in</strong></span> <span class='ocrx_word' id='word_1_58' title='bbox 452 435 541 469; x_wconf 78' lang='lat' dir='ltr'><strong>ﬁnem,</strong></span> <span class='ocrx_word' id='word_1_59' title='bbox 556 435 597 462; x_wconf 84' lang='lat' dir='ltr'><strong>hic</strong></span> <span class='ocrx_word' id='word_1_60' title='bbox 617 434 703 461; x_wconf 79' lang='lat' dir='ltr'><strong>salvus</strong></span> <span class='ocrx_word' id='word_1_61' title='bbox 715 436 765 462; x_wconf 87' lang='lat' dir='ltr'><strong>erit</strong></span> <span class='ocrx_word' id='word_1_62' title='bbox 783 436 814 462; x_wconf 82' lang='grc'><strong>²⁰.</strong></span> <span class='ocrx_word' id='word_1_63' title='bbox 833 435 964 464; x_wconf 81' lang='lat' dir='ltr'><strong>Videlicet</strong></span> 
     </span>
    </p>
   </div>
   <div class='ocr_carea' id='block_1_10' title="bbox 182 479 964 515">
    <p class='ocr_par' dir='ltr' id='par_1_10' title="bbox 182 479 964 515">
     <span class='ocr_line' id='line_1_10' title="bbox 182 479 964 515; baseline 0.004 -10"><span class='ocrx_word' id='word_1_64' title='bbox 182 479 378 506; x_wconf 82' lang='lat' dir='ltr'><strong>certaminibus</strong></span> <span class='ocrx_word' id='word_1_65' title='bbox 390 480 476 506; x_wconf 89' lang='lat' dir='ltr'><strong>sacris</strong></span> <span class='ocrx_word' id='word_1_66' title='bbox 485 480 629 514; x_wconf 70' lang='lat' dir='ltr'><strong>propositis</strong></span> <span class='ocrx_word' id='word_1_67' title='bbox 640 480 728 513; x_wconf 87' lang='lat' dir='ltr'><strong>nobis,</strong></span> <span class='ocrx_word' id='word_1_68' title='bbox 745 488 792 515; x_wconf 90' lang='lat' dir='ltr'><strong>pro</strong></span> <span class='ocrx_word' id='word_1_69' title='bbox 807 480 964 508; x_wconf 81' lang='lat' dir='ltr'><strong>defensione</strong></span> 
     </span>
    </p>
   </div>
   <div class='ocr_carea' id='block_1_11' title="bbox 182 525 963 562">
    <p class='ocr_par' dir='ltr' id='par_1_11' title="bbox 182 525 963 562">
     <span class='ocr_line' id='line_1_11' title="bbox 182 525 963 562; baseline 0.004 -11"><span class='ocrx_word' id='word_1_70' title='bbox 182 526 323 553; x_wconf 69' lang='lat' dir='ltr'><strong>catholicae</strong></span> <span class='ocrx_word' id='word_1_71' title='bbox 339 525 475 557; x_wconf 68' lang='lat' dir='ltr'><strong>Ecclesiae,</strong></span> <span class='ocrx_word' id='word_1_72' title='bbox 489 534 638 561; x_wconf 80' lang='lat' dir='ltr'><strong>magnaque</strong></span> <span class='ocrx_word' id='word_1_73' title='bbox 650 527 737 554; x_wconf 88' lang='lat' dir='ltr'><strong>salute</strong></span> <span class='ocrx_word' id='word_1_74' title='bbox 745 535 778 554; x_wconf 84' lang='lat' dir='ltr'><strong>ex</strong></span> <span class='ocrx_word' id='word_1_75' title='bbox 794 527 844 554; x_wconf 89' lang='lat' dir='ltr'><strong>hoc</strong></span> <span class='ocrx_word' id='word_1_76' title='bbox 855 532 963 562; x_wconf 86' lang='lat' dir='ltr'><strong>sperata</strong></span> 
     </span>
    </p>
   </div>
   <div class='ocr_carea' id='block_1_12' title="bbox 183 570 962 603">
    <p class='ocr_par' dir='ltr' id='par_1_12' title="bbox 183 570 962 603">
     <span class='ocr_line' id='line_1_12' title="bbox 183 570 962 603; baseline 0.004 -6"><span class='ocrx_word' id='word_1_77' title='bbox 183 570 217 597; x_wconf 89' lang='lat' dir='ltr'><strong>ab</strong></span> <span class='ocrx_word' id='word_1_78' title='bbox 231 572 351 598; x_wconf 92' lang='lat' dir='ltr'><strong>omnium</strong></span> <span class='ocrx_word' id='word_1_79' title='bbox 365 571 497 598; x_wconf 91' lang='lat' dir='ltr'><strong>bonorum</strong></span> <span class='ocrx_word' id='word_1_80' title='bbox 509 572 600 599; x_wconf 76' lang='lat' dir='ltr'><strong>:latore</strong></span> <span class='ocrx_word' id='word_1_81' title='bbox 613 572 676 603; x_wconf 88' lang='lat' dir='ltr'><strong>Deo,</strong></span> <span class='ocrx_word' id='word_1_82' title='bbox 694 580 749 599; x_wconf 88' lang='lat' dir='ltr'><strong>non</strong></span> <span class='ocrx_word' id='word_1_83' title='bbox 763 572 889 600; x_wconf 80' lang='lat' dir='ltr'><strong>deﬁciant</strong></span> <span class='ocrx_word' id='word_1_84' title='bbox 904 581 962 600; x_wconf 92' lang='lat' dir='ltr'><strong>ma-</strong></span> 
     </span>
    </p>
   </div>
   <div class='ocr_carea' id='block_1_13' title="bbox 183 616 964 652">
    <p class='ocr_par' dir='ltr' id='par_1_13' title="bbox 183 616 964 652">
     <span class='ocr_line' id='line_1_13' title="bbox 183 616 964 652; baseline 0.005 -10"><span class='ocrx_word' id='word_1_85' title='bbox 183 623 235 643; x_wconf 84' lang='lat' dir='ltr'><strong>nus</strong></span> <span class='ocrx_word' id='word_1_86' title='bbox 248 620 359 648; x_wconf 71' lang='lat' dir='ltr'><strong>nostrze,</strong></span> <span class='ocrx_word' id='word_1_87' title='bbox 373 616 541 644; x_wconf 83' lang='lat' dir='ltr'><strong>dilectissimi</strong></span> <span class='ocrx_word' id='word_1_88' title='bbox 553 616 661 649; x_wconf 81' lang='lat' dir='ltr'><strong>fratres,</strong></span> <span class='ocrx_word' id='word_1_89' title='bbox 675 625 721 652; x_wconf 86' lang='lat' dir='ltr'><strong>per</strong></span> <span class='ocrx_word' id='word_1_90' title='bbox 733 619 903 646; x_wconf 82' lang='lat' dir='ltr'><strong>occasionem</strong></span> <span class='ocrx_word' id='word_1_91' title='bbox 915 626 964 646; x_wconf 91' lang='lat' dir='ltr'><strong>cu-</strong></span> 
     </span>
    </p>
   </div>
   <div class='ocr_carea' id='block_1_14' title="bbox 180 661 964 695">
    <p class='ocr_par' dir='ltr' id='par_1_14' title="bbox 180 661 964 695">
     <span class='ocr_line' id='line_1_14' title="bbox 180 661 964 695; baseline 0.005 -8"><span class='ocrx_word' id='word_1_92' title='bbox 180 661 293 695; x_wconf 86' lang='lat' dir='ltr'><strong>juslibet</strong></span> <span class='ocrx_word' id='word_1_93' title='bbox 310 661 422 689; x_wconf 68' lang='lat' dir='ltr'><strong>desidiae</strong></span> <span class='ocrx_word' id='word_1_94' title='bbox 448 662 604 694; x_wconf 63' lang='lat' dir='ltr'><strong>dissoluta,</strong></span> <span class='ocrx_word' id='word_1_95' title='bbox 621 663 668 690; x_wconf 87' lang='lat' dir='ltr'><strong>sed</strong></span> <span class='ocrx_word' id='word_1_96' title='bbox 696 662 795 692; x_wconf 79' lang='lat' dir='ltr'><strong>fratres</strong></span> <span class='ocrx_word' id='word_1_97' title='bbox 816 664 964 691; x_wconf 83' lang='lat' dir='ltr'><strong>elliciamur</strong></span> 
     </span>
    </p>
   </div>
   <div class='ocr_carea' id='block_1_15' title="bbox 183 707 960 745">
    <p class='ocr_par' dir='ltr' id='par_1_15' title="bbox 183 707 960 745">
     <span class='ocr_line' id='line_1_15' title="bbox 183 707 960 745; baseline 0.005 -12"><span class='ocrx_word' id='word_1_98' title='bbox 183 714 231 742; x_wconf 87' lang='lat' dir='ltr'><strong>per</strong></span> <span class='ocrx_word' id='word_1_99' title='bbox 241 707 356 742; x_wconf 78' lang='lat' dir='ltr'><strong>gratiam</strong></span> <span class='ocrx_word' id='word_1_100' title='bbox 369 707 485 739; x_wconf 89' lang='lat' dir='ltr'><strong>Domini,</strong></span> <span class='ocrx_word' id='word_1_101' title='bbox 500 712 581 743; x_wconf 89' lang='lat' dir='ltr'><strong>atque</strong></span> <span class='ocrx_word' id='word_1_102' title='bbox 596 709 720 737; x_wconf 80' lang='lat' dir='ltr'><strong>virtutem</strong></span> <span class='ocrx_word' id='word_1_103' title='bbox 738 710 864 744; x_wconf 63' lang='lat' dir='ltr'><strong>potentiae</strong></span> <span class='ocrx_word' id='word_1_104' title='bbox 880 711 941 745; x_wconf 86' lang='lat' dir='ltr'><strong>ejus</strong></span> <span class='ocrx_word' id='word_1_105' title='bbox 954 720 960 737; x_wconf 73' lang='grc' dir='ltr'>ε</span> 
     </span>
    </p>
   </div>
   <div class='ocr_carea' id='block_1_16' title="bbox 183 752 961 790">
    <p class='ocr_par' dir='ltr' id='par_1_16' title="bbox 183 752 961 790">
     <span class='ocr_line' id='line_1_16' title="bbox 183 752 961 790; baseline 0.008 -12"><span class='ocrx_word' id='word_1_106' title='bbox 183 752 315 785; x_wconf 79' lang='lat' dir='ltr'><strong>Quoniam</strong></span> <span class='ocrx_word' id='word_1_107' title='bbox 327 753 433 788; x_wconf 83' lang='lat' dir='ltr'><strong>perfecit</strong></span> <span class='ocrx_word' id='word_1_108' title='bbox 445 754 519 789; x_wconf 85' lang='lat' dir='ltr'><strong>pedes</strong></span> <span class='ocrx_word' id='word_1_109' title='bbox 543 761 648 782; x_wconf 83' lang='lat' dir='ltr'><strong>nostros</strong></span> <span class='ocrx_word' id='word_1_110' title='bbox 674 760 799 790; x_wconf 84' lang='lat' dir='ltr'><strong>tanquam</strong></span> <span class='ocrx_word' id='word_1_111' title='bbox 814 765 961 790; x_wconf 79' lang='lat' dir='ltr'><strong>cervorum,</strong></span> 
     </span>
    </p>
   </div>
   <div class='ocr_carea' id='block_1_17' title="bbox 181 799 963 836">
    <p class='ocr_par' dir='ltr' id='par_1_17' title="bbox 181 799 963 836">
     <span class='ocr_line' id='line_1_17' title="bbox 181 799 963 836; baseline 0.008 -12"><span class='ocrx_word' id='word_1_112' title='bbox 181 803 206 825; x_wconf 88' lang='lat' dir='ltr'><strong>et</strong></span> <span class='ocrx_word' id='word_1_113' title='bbox 222 807 300 832; x_wconf 75' lang='lat' dir='ltr'><strong>super</strong></span> <span class='ocrx_word' id='word_1_114' title='bbox 311 799 413 826; x_wconf 68' lang='lat' dir='ltr'><strong>excelsa</strong></span> <span class='ocrx_word' id='word_1_115' title='bbox 428 800 531 828; x_wconf 86' lang='lat' dir='ltr'><strong>tlrmius</strong></span> <span class='ocrx_word' id='word_1_116' title='bbox 558 801 654 828; x_wconf 79' lang='lat' dir='ltr'><strong>statuit</strong></span> <span class='ocrx_word' id='word_1_117' title='bbox 670 801 693 817; x_wconf 91' lang='lat'><strong><em>“</em></strong></span> <span class='ocrx_word' id='word_1_118' title='bbox 704 821 711 833; x_wconf 96' lang='lat'><strong>,</strong></span> <span class='ocrx_word' id='word_1_119' title='bbox 731 809 779 836; x_wconf 89' lang='lat' dir='ltr'><strong>per</strong></span> <span class='ocrx_word' id='word_1_120' title='bbox 796 802 963 830; x_wconf 91' lang='lat' dir='ltr'><strong>intellectum</strong></span> 
     </span>
    </p>
   </div>
   <div class='ocr_carea' id='block_1_18' title="bbox 182 845 961 882">
    <p class='ocr_par' dir='ltr' id='par_1_18' title="bbox 182 845 961 882">
     <span class='ocr_line' id='line_1_18' title="bbox 182 845 961 882; baseline 0.005 -11"><span class='ocrx_word' id='word_1_121' title='bbox 182 845 361 879; x_wconf 68' lang='lat' dir='ltr'><strong>summaeejus</strong></span> <span class='ocrx_word' id='word_1_122' title='bbox 379 845 554 874; x_wconf 84' lang='lat' dir='ltr'><strong>humanitatis</strong></span> <span class='ocrx_word' id='word_1_123' title='bbox 571 851 682 882; x_wconf 84' lang='lat' dir='ltr'><strong>propter</strong></span> <span class='ocrx_word' id='word_1_124' title='bbox 698 852 819 876; x_wconf 88' lang='lat' dir='ltr'><strong>nostram</strong></span> <span class='ocrx_word' id='word_1_125' title='bbox 835 849 961 881; x_wconf 86' lang='lat' dir='ltr'><strong>salutem,</strong></span> 
     </span>
    </p>
   </div>
   <div class='ocr_carea' id='block_1_19' title="bbox 181 885 965 926">
    <p class='ocr_par' dir='ltr' id='par_1_19' title="bbox 181 885 965 926">
     <span class='ocr_line' id='line_1_19' title="bbox 181 885 965 926; baseline 0.008 -10"><span class='ocrx_word' id='word_1_126' title='bbox 181 885 299 917; x_wconf 67' lang='lat' dir='ltr'><strong>marime</strong></span> <span class='ocrx_word' id='word_1_127' title='bbox 321 894 409 918; x_wconf 85' lang='lat' dir='ltr'><strong>tamen</strong></span> <span class='ocrx_word' id='word_1_128' title='bbox 425 891 555 918; x_wconf 84' lang='lat' dir='ltr'><strong>habentes</strong></span> <span class='ocrx_word' id='word_1_129' title='bbox 579 891 731 926; x_wconf 87' lang='lat' dir='ltr'><strong>impositam</strong></span> <span class='ocrx_word' id='word_1_130' title='bbox 754 898 910 921; x_wconf 91' lang='lat' dir='ltr'><strong>sanctorum</strong></span> <span class='ocrx_word' id='word_1_131' title='bbox 925 899 965 922; x_wconf 87' lang='lat' dir='ltr'><strong>te-</strong></span> 
     </span>
    </p>
   </div>
   <div class='ocr_carea' id='block_1_20' title="bbox 182 935 963 972">
    <p class='ocr_par' dir='ltr' id='par_1_20' title="bbox 182 935 963 972">
     <span class='ocr_line' id='line_1_20' title="bbox 182 935 963 972; baseline 0.006 -10"><span class='ocrx_word' id='word_1_132' title='bbox 182 935 265 962; x_wconf 83' lang='lat' dir='ltr'><strong>stium</strong></span> <span class='ocrx_word' id='word_1_133' title='bbox 277 936 374 962; x_wconf 85' lang='lat' dir='ltr'><strong>nubem</strong></span> <span class='ocrx_word' id='word_1_134' title='bbox 387 945 392 962; x_wconf 89' lang='lat'>:</span> <span class='ocrx_word' id='word_1_135' title='bbox 407 936 567 970; x_wconf 88' lang='lat' dir='ltr'><strong>Deponentes</strong></span> <span class='ocrx_word' id='word_1_136' title='bbox 581 945 642 972; x_wconf 84' lang='lat' dir='ltr'><strong>ergo</strong></span> <span class='ocrx_word' id='word_1_137' title='bbox 659 946 733 964; x_wconf 81' lang='lat' dir='ltr'><strong>omne</strong></span> <span class='ocrx_word' id='word_1_138' title='bbox 743 939 855 972; x_wconf 82' lang='lat' dir='ltr'><strong>pondus,</strong></span> <span class='ocrx_word' id='word_1_139' title='bbox 870 944 894 966; x_wconf 88' lang='lat' dir='ltr'><strong>et</strong></span> <span class='ocrx_word' id='word_1_140' title='bbox 909 940 963 966; x_wconf 82' lang='lat' dir='ltr'><strong>cir-</strong></span> 
     </span>
    </p>
   </div>
   <div class='ocr_carea' id='block_1_21' title="bbox 179 981 963 1018">
    <p class='ocr_par' dir='ltr' id='par_1_21' title="bbox 179 981 963 1018">
     <span class='ocr_line' id='line_1_21' title="bbox 179 981 963 1018; baseline 0.009 -13"><span class='ocrx_word' id='word_1_141' title='bbox 179 985 353 1007; x_wconf 80' lang='lat' dir='ltr'><strong>cumstantem</strong></span> <span class='ocrx_word' id='word_1_142' title='bbox 366 981 577 1009; x_wconf 72' lang='lat' dir='ltr'><strong>adversariorum</strong></span> <span class='ocrx_word' id='word_1_143' title='bbox 589 984 739 1015; x_wconf 75' lang='lat' dir='ltr'><strong>novitatem,</strong></span> <span class='ocrx_word' id='word_1_144' title='bbox 752 992 797 1018; x_wconf 84' lang='lat' dir='ltr'><strong>per</strong></span> <span class='ocrx_word' id='word_1_145' title='bbox 809 986 963 1018; x_wconf 86' lang='lat' dir='ltr'><strong>patientium</strong></span> 
     </span>
    </p>
   </div>
   <div class='ocr_carea' id='block_1_22' title="bbox 181 1027 964 1064">
    <p class='ocr_par' dir='ltr' id='par_1_22' title="bbox 181 1027 964 1064">
     <span class='ocr_line' id='line_1_22' title="bbox 181 1027 964 1064; baseline 0.009 -13"><span class='ocrx_word' id='word_1_146' title='bbox 181 1033 319 1052; x_wconf 78' lang='lat' dir='ltr'><strong>curramus</strong></span> <span class='ocrx_word' id='word_1_147' title='bbox 334 1027 486 1060; x_wconf 80' lang='lat' dir='ltr'><strong>aspicientes</strong></span> <span class='ocrx_word' id='word_1_148' title='bbox 502 1029 528 1054; x_wconf 84' lang='lat' dir='ltr'><strong>in</strong></span> <span class='ocrx_word' id='word_1_149' title='bbox 553 1034 685 1056; x_wconf 86' lang='lat' dir='ltr'><strong>auctorem</strong></span> <span class='ocrx_word' id='word_1_150' title='bbox 711 1030 783 1064; x_wconf 78' lang='lat' dir='ltr'><strong>ﬁdei,</strong></span> <span class='ocrx_word' id='word_1_151' title='bbox 799 1036 823 1057; x_wconf 92' lang='lat' dir='ltr'><strong>et</strong></span> <span class='ocrx_word' id='word_1_152' title='bbox 841 1039 964 1058; x_wconf 86' lang='lat' dir='ltr'><strong>consum-</strong></span> 
     </span>
    </p>
   </div>
   <div class='ocr_carea' id='block_1_23' title="bbox 181 1071 962 1111">
    <p class='ocr_par' dir='ltr' id='par_1_23' title="bbox 181 1071 962 1111">
     <span class='ocr_line' id='line_1_23' title="bbox 181 1071 962 1111; baseline 0.01 -15"><span class='ocrx_word' id='word_1_153' title='bbox 181 1075 309 1098; x_wconf 87' lang='lat' dir='ltr'><strong>matorem</strong></span> <span class='ocrx_word' id='word_1_154' title='bbox 328 1071 459 1103; x_wconf 69' lang='lat' dir='ltr'><strong>Iesum&quot;.</strong></span> <span class='ocrx_word' id='word_1_155' title='bbox 471 1074 529 1108; x_wconf 90' lang='lat' dir='ltr'><strong>qui,</strong></span> <span class='ocrx_word' id='word_1_156' title='bbox 544 1075 683 1109; x_wconf 86' lang='lat' dir='ltr'><strong>proposito</strong></span> <span class='ocrx_word' id='word_1_157' title='bbox 691 1075 769 1103; x_wconf 91' lang='lat' dir='ltr'><strong>nobis</strong></span> <span class='ocrx_word' id='word_1_158' title='bbox 780 1081 888 1111; x_wconf 89' lang='lat' dir='ltr'><strong>propter</strong></span> <span class='ocrx_word' id='word_1_159' title='bbox 901 1085 962 1104; x_wconf 91' lang='lat' dir='ltr'><strong>eum</strong></span> 
     </span>
    </p>
   </div>
   <div class='ocr_carea' id='block_1_24' title="bbox 181 1117 962 1156">
    <p class='ocr_par' dir='ltr' id='par_1_24' title="bbox 181 1117 962 1156">
     <span class='ocr_line' id='line_1_24' title="bbox 181 1117 962 1156; baseline 0.008 -13"><span class='ocrx_word' id='word_1_160' title='bbox 181 1118 299 1152; x_wconf 71' lang='lat' dir='ltr'><strong>negotio,</strong></span> <span class='ocrx_word' id='word_1_161' title='bbox 313 1117 443 1152; x_wconf 82' lang='lat' dir='ltr'><strong>Spiritum</strong></span> <span class='ocrx_word' id='word_1_162' title='bbox 462 1126 517 1146; x_wconf 70' lang='lat' dir='ltr'><strong>sua:</strong></span> <span class='ocrx_word' id='word_1_163' title='bbox 530 1119 650 1149; x_wconf 86' lang='lat' dir='ltr'><strong>veritatis</strong></span> <span class='ocrx_word' id='word_1_164' title='bbox 664 1121 796 1148; x_wconf 85' lang='lat' dir='ltr'><strong>condonet</strong></span> <span class='ocrx_word' id='word_1_165' title='bbox 811 1123 962 1156; x_wconf 81' lang='lat' dir='ltr'><strong>loquentem</strong></span> 
     </span>
    </p>
   </div>
   <div class='ocr_carea' id='block_1_25' title="bbox 182 1163 964 1202">
    <p class='ocr_par' dir='ltr' id='par_1_25' title="bbox 182 1163 964 1202">
     <span class='ocr_line' id='line_1_25' title="bbox 182 1163 964 1202; baseline 0.006 -13"><span class='ocrx_word' id='word_1_166' title='bbox 182 1163 209 1189; x_wconf 92' lang='lat' dir='ltr'><strong>in</strong></span> <span class='ocrx_word' id='word_1_167' title='bbox 237 1164 334 1195; x_wconf 89' lang='lat' dir='ltr'><strong>nobis,</strong></span> <span class='ocrx_word' id='word_1_168' title='bbox 357 1168 438 1199; x_wconf 88' lang='lat' dir='ltr'><strong>atque</strong></span> <span class='ocrx_word' id='word_1_169' title='bbox 466 1165 653 1199; x_wconf 90' lang='lat' dir='ltr'><strong>perhibentem</strong></span> <span class='ocrx_word' id='word_1_170' title='bbox 674 1167 806 1202; x_wconf 80' lang='lat' dir='ltr'><strong>magnalia</strong></span> <span class='ocrx_word' id='word_1_171' title='bbox 829 1167 899 1201; x_wconf 82' lang='lat' dir='ltr'><strong>ﬁdei,</strong></span> <span class='ocrx_word' id='word_1_172' title='bbox 916 1176 964 1202; x_wconf 76' lang='lat' dir='ltr'><strong>per</strong></span> 
     </span>
    </p>
   </div>
   <div class='ocr_carea' id='block_1_26' title="bbox 181 1205 964 1245">
    <p class='ocr_par' dir='ltr' id='par_1_26' title="bbox 181 1205 964 1245">
     <span class='ocr_line' id='line_1_26' title="bbox 181 1205 964 1245; baseline 0.006 -12"><span class='ocrx_word' id='word_1_173' title='bbox 181 1205 334 1234; x_wconf 82' lang='lat' dir='ltr'><strong>doctrinam</strong></span> <span class='ocrx_word' id='word_1_174' title='bbox 351 1213 507 1235; x_wconf 84' lang='lat' dir='ltr'><strong>sanctorum</strong></span> <span class='ocrx_word' id='word_1_175' title='bbox 526 1209 647 1241; x_wconf 79' lang='lat' dir='ltr'><strong>Patrum,</strong></span> <span class='ocrx_word' id='word_1_176' title='bbox 668 1218 737 1245; x_wconf 88' lang='lat' dir='ltr'><strong>quos</strong></span> <span class='ocrx_word' id='word_1_177' title='bbox 757 1210 904 1238; x_wconf 76' lang='lat' dir='ltr'><strong>adversarii</strong></span> <span class='ocrx_word' id='word_1_178' title='bbox 921 1220 964 1238; x_wconf 86' lang='lat' dir='ltr'><strong>ca-</strong></span> 
     </span>
    </p>
   </div>
   <div class='ocr_carea' id='block_1_27' title="bbox 182 1250 958 1290">
    <p class='ocr_par' dir='ltr' id='par_1_27' title="bbox 182 1250 958 1290">
     <span class='ocr_line' id='line_1_27' title="bbox 182 1250 958 1290; baseline 0.012 -14"><span class='ocrx_word' id='word_1_179' title='bbox 182 1250 348 1278; x_wconf 90' lang='lat' dir='ltr'><strong>lumniantur</strong></span> <span class='ocrx_word' id='word_1_180' title='bbox 362 1253 491 1287; x_wconf 80' lang='lat' dir='ltr'><strong>quotidie.</strong></span> <span class='ocrx_word' id='word_1_181' title='bbox 503 1255 530 1280; x_wconf 93' lang='lat' dir='ltr'><strong>tn</strong></span> <span class='ocrx_word' id='word_1_182' title='bbox 542 1255 678 1289; x_wconf 76' lang='lat' dir='ltr'><strong>prophetis</strong></span> <span class='ocrx_word' id='word_1_183' title='bbox 693 1263 809 1290; x_wconf 77' lang='lat' dir='ltr'><strong>namque</strong></span> <span class='ocrx_word' id='word_1_184' title='bbox 826 1257 940 1284; x_wconf 84' lang='lat' dir='ltr'><strong>habetur</strong></span> <span class='ocrx_word' id='word_1_185' title='bbox 953 1268 958 1285; x_wconf 85' lang='lat'>:</span> 
     </span>
    </p>
   </div>
   <div class='ocr_carea' id='block_1_28' title="bbox 180 1295 962 1334">
    <p class='ocr_par' dir='ltr' id='par_1_28' title="bbox 180 1295 962 1334">
     <span class='ocr_line' id='line_1_28' title="bbox 180 1295 962 1334; baseline 0.01 -13"><span class='ocrx_word' id='word_1_186' title='bbox 180 1295 291 1329; x_wconf 81' lang='lat' dir='ltr'><strong>Propter</strong></span> <span class='ocrx_word' id='word_1_187' title='bbox 303 1296 366 1324; x_wconf 88' lang='lat' dir='ltr'><strong>Sion</strong></span> <span class='ocrx_word' id='word_1_188' title='bbox 379 1306 430 1324; x_wconf 87' lang='lat' dir='ltr'><strong>non</strong></span> <span class='ocrx_word' id='word_1_189' title='bbox 449 1299 548 1329; x_wconf 86' lang='lat' dir='ltr'><strong>tacebo,</strong></span> <span class='ocrx_word' id='word_1_190' title='bbox 575 1305 601 1326; x_wconf 87' lang='lat' dir='ltr'><strong>et</strong></span> <span class='ocrx_word' id='word_1_191' title='bbox 633 1305 736 1334; x_wconf 83' lang='lat' dir='ltr'><strong>propter</strong></span> <span class='ocrx_word' id='word_1_192' title='bbox 752 1300 899 1329; x_wconf 75' lang='lat' dir='ltr'><strong>Jerusalem</strong></span> <span class='ocrx_word' id='word_1_193' title='bbox 911 1311 962 1330; x_wconf 87' lang='lat' dir='ltr'><strong>non</strong></span> 
     </span>
    </p>
   </div>
   <div class='ocr_carea' id='block_1_29' title="bbox 179 1340 960 1380">
    <p class='ocr_par' dir='ltr' id='par_1_29' title="bbox 179 1340 960 1380">
     <span class='ocr_line' id='line_1_29' title="bbox 179 1340 960 1380; baseline 0.01 -15"><span class='ocrx_word' id='word_1_194' title='bbox 179 1340 322 1374; x_wconf 76' lang='lat' dir='ltr'><strong>quiescam,</strong></span> <span class='ocrx_word' id='word_1_195' title='bbox 336 1340 416 1368; x_wconf 88' lang='lat' dir='ltr'><strong>donec</strong></span> <span class='ocrx_word' id='word_1_196' title='bbox 433 1343 582 1376; x_wconf 84' lang='lat' dir='ltr'><strong>egrediatur</strong></span> <span class='ocrx_word' id='word_1_197' title='bbox 602 1348 629 1370; x_wconf 86' lang='lat' dir='ltr'><strong>ut</strong></span> <span class='ocrx_word' id='word_1_198' title='bbox 642 1342 765 1378; x_wconf 54' lang='lat' dir='ltr'><strong>splendor</strong></span> <span class='ocrx_word' id='word_1_199' title='bbox 782 1344 876 1373; x_wconf 79' lang='lat' dir='ltr'><strong>Justus</strong></span> <span class='ocrx_word' id='word_1_200' title='bbox 892 1347 960 1380; x_wconf 85' lang='lat' dir='ltr'><strong>ejus,</strong></span> 
     </span>
    </p>
   </div>
   <div class='ocr_carea' id='block_1_30' title="bbox 179 1383 961 1421">
    <p class='ocr_par' dir='ltr' id='par_1_30' title="bbox 179 1383 961 1421">
     <span class='ocr_line' id='line_1_30' title="bbox 179 1383 961 1421; baseline 0.012 -11"><span class='ocrx_word' id='word_1_201' title='bbox 179 1388 204 1410; x_wconf 85' lang='lat' dir='ltr'><strong>et</strong></span> <span class='ocrx_word' id='word_1_202' title='bbox 224 1383 349 1412; x_wconf 78' lang='lat' dir='ltr'><strong>Salvator</strong></span> <span class='ocrx_word' id='word_1_203' title='bbox 372 1386 428 1420; x_wconf 83' lang='lat' dir='ltr'><strong>ejus</strong></span> <span class='ocrx_word' id='word_1_204' title='bbox 449 1392 476 1413; x_wconf 86' lang='lat' dir='ltr'><strong>ut</strong></span> <span class='ocrx_word' id='word_1_205' title='bbox 495 1388 596 1421; x_wconf 84' lang='lat' dir='ltr'><strong>lampas</strong></span> <span class='ocrx_word' id='word_1_206' title='bbox 609 1389 769 1416; x_wconf 83' lang='lat' dir='ltr'><strong>accendatur</strong></span> <span class='ocrx_word' id='word_1_207' title='bbox 783 1391 815 1417; x_wconf 78' lang='lat'><strong>”.</strong></span> <span class='ocrx_word' id='word_1_208' title='bbox 835 1390 961 1419; x_wconf 78' lang='lat' dir='ltr'><strong>Profecto</strong></span> 
     </span>
    </p>
   </div>
   <div class='ocr_carea' id='block_1_31' title="bbox 179 1430 961 1470">
    <p class='ocr_par' dir='ltr' id='par_1_31' title="bbox 179 1430 961 1470">
     <span class='ocr_line' id='line_1_31' title="bbox 179 1430 961 1470; baseline 0.013 -15"><span class='ocrx_word' id='word_1_209' title='bbox 179 1430 313 1457; x_wconf 84' lang='lat' dir='ltr'><strong>catholica</strong></span> <span class='ocrx_word' id='word_1_210' title='bbox 330 1431 460 1463; x_wconf 82' lang='lat' dir='ltr'><strong>Ecclesia,</strong></span> <span class='ocrx_word' id='word_1_211' title='bbox 476 1441 535 1468; x_wconf 47' lang='lat' dir='ltr'><strong>quae</strong></span> <span class='ocrx_word' id='word_1_212' title='bbox 546 1442 608 1461; x_wconf 90' lang='lat' dir='ltr'><strong>vera</strong></span> <span class='ocrx_word' id='word_1_213' title='bbox 623 1436 750 1463; x_wconf 88' lang='lat' dir='ltr'><strong>consistit</strong></span> <span class='ocrx_word' id='word_1_214' title='bbox 762 1435 837 1470; x_wconf 86' lang='lat' dir='ltr'><strong>Sion,</strong></span> <span class='ocrx_word' id='word_1_215' title='bbox 852 1441 878 1464; x_wconf 86' lang='lat' dir='ltr'><strong>et</strong></span> <span class='ocrx_word' id='word_1_216' title='bbox 894 1438 961 1465; x_wconf 89' lang='lat' dir='ltr'><strong>civi-</strong></span> 
     </span>
    </p>
   </div>
   <div class='ocr_carea' id='block_1_32' title="bbox 180 1476 961 1517">
    <p class='ocr_par' dir='ltr' id='par_1_32' title="bbox 180 1476 961 1517">
     <span class='ocr_line' id='line_1_32' title="bbox 180 1476 961 1517; baseline 0.01 -15"><span class='ocrx_word' id='word_1_217' title='bbox 180 1480 221 1503; x_wconf 86' lang='lat' dir='ltr'><strong>tas</strong></span> <span class='ocrx_word' id='word_1_218' title='bbox 233 1476 335 1504; x_wconf 88' lang='lat' dir='ltr'><strong>Christi</strong></span> <span class='ocrx_word' id='word_1_219' title='bbox 354 1479 485 1505; x_wconf 81' lang='lat' dir='ltr'><strong>ccelorum</strong></span> <span class='ocrx_word' id='word_1_220' title='bbox 503 1480 585 1514; x_wconf 83' lang='lat' dir='ltr'><strong>regis,</strong></span> <span class='ocrx_word' id='word_1_221' title='bbox 601 1488 649 1515; x_wconf 90' lang='lat' dir='ltr'><strong>per</strong></span> <span class='ocrx_word' id='word_1_222' title='bbox 659 1489 791 1508; x_wconf 88' lang='lat' dir='ltr'><strong>annorum</strong></span> <span class='ocrx_word' id='word_1_223' title='bbox 815 1483 902 1517; x_wconf 89' lang='lat' dir='ltr'><strong>spatia</strong></span> <span class='ocrx_word' id='word_1_224' title='bbox 917 1491 961 1510; x_wconf 86' lang='lat' dir='ltr'><strong>ex-</strong></span> 
     </span>
    </p>
   </div>
   <div class='ocr_carea' id='block_1_33' title="bbox 179 1524 960 1563">
    <p class='ocr_par' dir='ltr' id='par_1_33' title="bbox 179 1524 960 1563">
     <span class='ocr_line' id='line_1_33' title="bbox 179 1524 960 1563; baseline 0.01 -16"><span class='ocrx_word' id='word_1_225' title='bbox 179 1526 297 1556; x_wconf 84' lang='lat' dir='ltr'><strong>pugnata</strong></span> <span class='ocrx_word' id='word_1_226' title='bbox 319 1524 353 1550; x_wconf 92' lang='lat' dir='ltr'><strong>ab</strong></span> <span class='ocrx_word' id='word_1_227' title='bbox 376 1524 583 1553; x_wconf 83' lang='lat' dir='ltr'><strong>adversantibus</strong></span> <span class='ocrx_word' id='word_1_228' title='bbox 607 1527 690 1554; x_wconf 89' lang='lat' dir='ltr'><strong>verbo</strong></span> <span class='ocrx_word' id='word_1_229' title='bbox 718 1527 847 1563; x_wconf 82' lang='lat' dir='ltr'><strong>ﬁdei,qui</strong></span> <span class='ocrx_word' id='word_1_230' title='bbox 871 1536 960 1563; x_wconf 69' lang='lat' dir='ltr'><strong>neque</strong></span> 
     </span>
    </p>
   </div>
   <div class='ocr_carea' id='block_1_34' title="bbox 179 1567 959 1612">
    <p class='ocr_par' dir='ltr' id='par_1_34' title="bbox 179 1567 959 1612">
     <span class='ocr_line' id='line_1_34' title="bbox 179 1567 959 1612; baseline 0.01 -18"><span class='ocrx_word' id='word_1_231' title='bbox 179 1567 263 1595; x_wconf 86' lang='lat' dir='ltr'><strong>Deum</strong></span> <span class='ocrx_word' id='word_1_232' title='bbox 279 1569 383 1612; x_wconf 66' lang='lat' dir='ltr'><strong>timent,</strong></span> <span class='ocrx_word' id='word_1_233' title='bbox 400 1578 488 1605; x_wconf 87' lang='lat' dir='ltr'><strong>neque</strong></span> <span class='ocrx_word' id='word_1_234' title='bbox 514 1571 649 1599; x_wconf 83' lang='lat' dir='ltr'><strong>hominem</strong></span> <span class='ocrx_word' id='word_1_235' title='bbox 665 1578 835 1606; x_wconf 81' lang='lat' dir='ltr'><strong>reverentur,</strong></span> <span class='ocrx_word' id='word_1_236' title='bbox 854 1574 901 1602; x_wconf 87' lang='lat' dir='ltr'><strong>sed</strong></span> <span class='ocrx_word' id='word_1_237' title='bbox 918 1575 959 1601; x_wconf 77' lang='lat' dir='ltr'><strong>in—</strong></span> 
     </span>
    </p>
   </div>
   <div class='ocr_carea' id='block_1_35' title="bbox 179 1614 959 1651">
    <p class='ocr_par' dir='ltr' id='par_1_35' title="bbox 179 1614 959 1651">
     <span class='ocr_line' id='line_1_35' title="bbox 179 1614 959 1651; baseline 0.009 -12"><span class='ocrx_word' id='word_1_238' title='bbox 179 1620 287 1640; x_wconf 83' lang='lat' dir='ltr'><strong>cassum</strong></span> <span class='ocrx_word' id='word_1_239' title='bbox 315 1614 525 1648; x_wconf 84' lang='lat' dir='ltr'><strong>perducentibus</strong></span> <span class='ocrx_word' id='word_1_240' title='bbox 552 1617 610 1651; x_wconf 85' lang='lat' dir='ltr'><strong>pias</strong></span> <span class='ocrx_word' id='word_1_241' title='bbox 635 1622 661 1644; x_wconf 90' lang='lat' dir='ltr'><strong>et</strong></span> <span class='ocrx_word' id='word_1_242' title='bbox 673 1619 820 1645; x_wconf 88' lang='lat' dir='ltr'><strong>canonicas</strong></span> <span class='ocrx_word' id='word_1_243' title='bbox 847 1619 880 1646; x_wconf 92' lang='lat' dir='ltr'><strong>de</strong></span> <span class='ocrx_word' id='word_1_244' title='bbox 908 1619 959 1647; x_wconf 89' lang='lat' dir='ltr'><strong>hoc</strong></span> 
     </span>
    </p>
   </div>
   <div class='ocr_carea' id='block_1_36' title="bbox 180 1657 958 1699">
    <p class='ocr_par' dir='ltr' id='par_1_36' title="bbox 180 1657 958 1699">
     <span class='ocr_line' id='line_1_36' title="bbox 180 1657 958 1699; baseline 0.009 -15"><span class='ocrx_word' id='word_1_245' title='bbox 180 1657 260 1684; x_wconf 81' lang='lat' dir='ltr'><strong>verbo</strong></span> <span class='ocrx_word' id='word_1_246' title='bbox 277 1659 427 1693; x_wconf 87' lang='lat' dir='ltr'><strong>doctrinas,</strong></span> <span class='ocrx_word' id='word_1_247' title='bbox 445 1660 509 1687; x_wconf 88' lang='lat' dir='ltr'><strong>dum</strong></span> <span class='ocrx_word' id='word_1_248' title='bbox 527 1668 541 1687; x_wconf 90' lang='lat' dir='ltr'><strong>a</strong></span> <span class='ocrx_word' id='word_1_249' title='bbox 554 1662 671 1690; x_wconf 87' lang='lat' dir='ltr'><strong>diversis</strong></span> <span class='ocrx_word' id='word_1_250' title='bbox 687 1663 825 1698; x_wconf 87' lang='lat' dir='ltr'><strong>tantisque</strong></span> <span class='ocrx_word' id='word_1_251' title='bbox 846 1664 958 1699; x_wconf 88' lang='lat' dir='ltr'><strong>scripto,</strong></span> 
     </span>
    </p>
   </div>
   <div class='ocr_carea' id='block_1_37' title="bbox 177 1704 960 1740">
    <p class='ocr_par' dir='ltr' id='par_1_37' title="bbox 177 1704 960 1740">
     <span class='ocr_line' id='line_1_37' title="bbox 177 1704 960 1740; baseline 0.01 -10"><span class='ocrx_word' id='word_1_252' title='bbox 177 1707 204 1730; x_wconf 86' lang='lat' dir='ltr'><strong>et</strong></span> <span class='ocrx_word' id='word_1_253' title='bbox 219 1704 278 1731; x_wconf 87' lang='lat' dir='ltr'><strong>sine</strong></span> <span class='ocrx_word' id='word_1_254' title='bbox 306 1705 408 1740; x_wconf 90' lang='lat' dir='ltr'><strong>scripto</strong></span> <span class='ocrx_word' id='word_1_255' title='bbox 421 1725 428 1737; x_wconf 91' lang='lat'><strong>,</strong></span> <span class='ocrx_word' id='word_1_256' title='bbox 455 1708 698 1736; x_wconf 85' lang='lat' dir='ltr'><strong>contestationibus</strong></span> <span class='ocrx_word' id='word_1_257' title='bbox 718 1709 822 1736; x_wconf 81' lang='lat' dir='ltr'><strong>invitati</strong></span> <span class='ocrx_word' id='word_1_258' title='bbox 846 1709 960 1738; x_wconf 83' lang='lat' dir='ltr'><strong>fuissent</strong></span> 
     </span>
    </p>
   </div>
   <div class='ocr_carea' id='block_1_38' title="bbox 177 1749 957 1788">
    <p class='ocr_par' dir='ltr' id='par_1_38' title="bbox 177 1749 957 1788">
     <span class='ocr_line' id='line_1_38' title="bbox 177 1749 957 1788; baseline 0.01 -13"><span class='ocrx_word' id='word_1_259' title='bbox 177 1749 315 1784; x_wconf 74' lang='lat' dir='ltr'><strong>corrigere</strong></span> <span class='ocrx_word' id='word_1_260' title='bbox 327 1752 464 1786; x_wconf 89' lang='lat' dir='ltr'><strong>propriam</strong></span> <span class='ocrx_word' id='word_1_261' title='bbox 481 1757 506 1779; x_wconf 89' lang='lat' dir='ltr'><strong>et</strong></span> <span class='ocrx_word' id='word_1_262' title='bbox 521 1760 535 1779; x_wconf 90' lang='lat' dir='ltr'><strong>a</strong></span> <span class='ocrx_word' id='word_1_263' title='bbox 549 1761 578 1780; x_wconf 91' lang='lat' dir='ltr'><strong>se</strong></span> <span class='ocrx_word' id='word_1_264' title='bbox 595 1754 695 1788; x_wconf 89' lang='lat' dir='ltr'><strong>pellere</strong></span> <span class='ocrx_word' id='word_1_265' title='bbox 718 1754 853 1782; x_wconf 71' lang='lat' dir='ltr'><strong>haeresim.</strong></span> <span class='ocrx_word' id='word_1_266' title='bbox 869 1756 957 1783; x_wconf 89' lang='lat' dir='ltr'><strong>Sicuti</strong></span> 
     </span>
    </p>
   </div>
   <div class='ocr_carea' id='block_1_39' title="bbox 177 1797 960 1833">
    <p class='ocr_par' dir='ltr' id='par_1_39' title="bbox 177 1797 960 1833">
     <span class='ocr_line' id='line_1_39' title="bbox 177 1797 960 1833; baseline 0.011 -13"><span class='ocrx_word' id='word_1_267' title='bbox 177 1799 205 1821; x_wconf 92' lang='lat' dir='ltr'><strong>et</strong></span> <span class='ocrx_word' id='word_1_268' title='bbox 227 1803 274 1829; x_wconf 90' lang='lat' dir='ltr'><strong>per</strong></span> <span class='ocrx_word' id='word_1_269' title='bbox 288 1797 451 1824; x_wconf 86' lang='lat' dir='ltr'><strong>anteriorem</strong></span> <span class='ocrx_word' id='word_1_270' title='bbox 468 1798 651 1833; x_wconf 77' lang='lat' dir='ltr'><strong>cognitionem</strong></span> <span class='ocrx_word' id='word_1_271' title='bbox 667 1799 835 1829; x_wconf 89' lang='lat' dir='ltr'><strong>luculentlus</strong></span> <span class='ocrx_word' id='word_1_272' title='bbox 848 1801 960 1829; x_wconf 87' lang='lat' dir='ltr'><strong>demon-</strong></span> 
     </span>
    </p>
   </div>
   <div class='ocr_carea' id='block_1_40' title="bbox 179 1845 960 1882">
    <p class='ocr_par' dir='ltr' id='par_1_40' title="bbox 179 1845 960 1882">
     <span class='ocr_line' id='line_1_40' title="bbox 179 1845 960 1882; baseline 0.01 -15"><span class='ocrx_word' id='word_1_273' title='bbox 179 1846 293 1869; x_wconf 88' lang='lat' dir='ltr'><strong>stratum</strong></span> <span class='ocrx_word' id='word_1_274' title='bbox 304 1848 356 1873; x_wconf 87' lang='lat' dir='ltr'><strong>est,</strong></span> <span class='ocrx_word' id='word_1_275' title='bbox 371 1847 425 1869; x_wconf 90' lang='lat' dir='ltr'><strong>tam</strong></span> <span class='ocrx_word' id='word_1_276' title='bbox 441 1851 488 1878; x_wconf 89' lang='lat' dir='ltr'><strong>per</strong></span> <span class='ocrx_word' id='word_1_277' title='bbox 505 1845 620 1878; x_wconf 87' lang='lat' dir='ltr'><strong>libellos,</strong></span> <span class='ocrx_word' id='word_1_278' title='bbox 638 1853 720 1880; x_wconf 92' lang='lat' dir='ltr'><strong>quam</strong></span> <span class='ocrx_word' id='word_1_279' title='bbox 743 1855 790 1881; x_wconf 80' lang='lat' dir='ltr'><strong>per</strong></span> <span class='ocrx_word' id='word_1_280' title='bbox 809 1849 960 1882; x_wconf 82' lang='lat' dir='ltr'><strong>suggestio-</strong></span> 
     </span>
    </p>
   </div>
   <div class='ocr_carea' id='block_1_41' title="bbox 177 1888 958 1925">
    <p class='ocr_par' dir='ltr' id='par_1_41' title="bbox 177 1888 958 1925">
     <span class='ocr_line' id='line_1_41' title="bbox 177 1888 958 1925; baseline 0.01 -12"><span class='ocrx_word' id='word_1_281' title='bbox 177 1895 226 1914; x_wconf 85' lang='lat' dir='ltr'><strong>nes</strong></span> <span class='ocrx_word' id='word_1_282' title='bbox 247 1888 535 1916; x_wconf 86' lang='lat' dir='ltr'><strong>reverendissimorum</strong></span> <span class='ocrx_word' id='word_1_283' title='bbox 561 1892 749 1925; x_wconf 86' lang='lat' dir='ltr'><strong>sacerdotum,</strong></span> <span class='ocrx_word' id='word_1_284' title='bbox 770 1897 797 1920; x_wconf 88' lang='lat' dir='ltr'><strong>et</strong></span> <span class='ocrx_word' id='word_1_285' title='bbox 816 1894 958 1921; x_wconf 84' lang='lat' dir='ltr'><strong>venerabi-</strong></span> 
     </span>
    </p>
   </div>
   <div class='ocr_carea' id='block_1_42' title="bbox 177 1931 960 1972">
    <p class='ocr_par' dir='ltr' id='par_1_42' title="bbox 177 1931 960 1972">
     <span class='ocr_line' id='line_1_42' title="bbox 177 1931 960 1972; baseline 0.009 -12"><span class='ocrx_word' id='word_1_286' title='bbox 177 1931 243 1960; x_wconf 90' lang='lat' dir='ltr'><strong>lium</strong></span> <span class='ocrx_word' id='word_1_287' title='bbox 270 1933 409 1966; x_wconf 86' lang='lat' dir='ltr'><strong>abbatum,</strong></span> <span class='ocrx_word' id='word_1_288' title='bbox 427 1934 557 1969; x_wconf 89' lang='lat' dir='ltr'><strong>Apostolo</strong></span> <span class='ocrx_word' id='word_1_289' title='bbox 574 1941 740 1971; x_wconf 86' lang='lat' dir='ltr'><strong>protestante</strong></span> <span class='ocrx_word' id='word_1_290' title='bbox 760 1939 850 1972; x_wconf 89' lang='lat' dir='ltr'><strong>nobis,</strong></span> <span class='ocrx_word' id='word_1_291' title='bbox 871 1944 898 1966; x_wconf 89' lang='lat' dir='ltr'><strong>ut</strong></span> <span class='ocrx_word' id='word_1_292' title='bbox 913 1939 960 1966; x_wconf 84' lang='lat' dir='ltr'><strong>ho-</strong></span> 
     </span>
    </p>
   </div>
   <div class='ocr_carea' id='block_1_43' title="bbox 178 1979 959 2020">
    <p class='ocr_par' dir='ltr' id='par_1_43' title="bbox 178 1979 959 2020">
     <span class='ocr_line' id='line_1_43' title="bbox 178 1979 959 2020; baseline 0.012 -16"><span class='ocrx_word' id='word_1_293' title='bbox 178 1979 273 2005; x_wconf 86' lang='lat' dir='ltr'><strong>minem</strong></span> <span class='ocrx_word' id='word_1_294' title='bbox 284 1979 444 2012; x_wconf 75' lang='lat' dir='ltr'><strong>hwreticum,</strong></span> <span class='ocrx_word' id='word_1_295' title='bbox 456 1986 514 2015; x_wconf 86' lang='lat' dir='ltr'><strong>post</strong></span> <span class='ocrx_word' id='word_1_296' title='bbox 531 1983 644 2015; x_wconf 83' lang='lat' dir='ltr'><strong>primum</strong></span> <span class='ocrx_word' id='word_1_297' title='bbox 662 1987 685 2010; x_wconf 86' lang='lat' dir='ltr'><strong>et</strong></span> <span class='ocrx_word' id='word_1_298' title='bbox 701 1984 843 2012; x_wconf 82' lang='lat' dir='ltr'><strong>secundam</strong></span> <span class='ocrx_word' id='word_1_299' title='bbox 855 1994 959 2020; x_wconf 84' lang='lat' dir='ltr'><strong>correp-</strong></span> 
     </span>
    </p>
   </div>
   <div class='ocr_carea' id='block_1_44' title="bbox 178 2025 958 2066">
    <p class='ocr_par' dir='ltr' id='par_1_44' title="bbox 178 2025 958 2066">
     <span class='ocr_line' id='line_1_44' title="bbox 178 2025 958 2066; baseline 0.012 -15"><span class='ocrx_word' id='word_1_300' title='bbox 178 2025 285 2056; x_wconf 84' lang='lat' dir='ltr'><strong>tionem,</strong></span> <span class='ocrx_word' id='word_1_301' title='bbox 300 2026 397 2053; x_wconf 81' lang='lat' dir='ltr'><strong>evitare</strong></span> <span class='ocrx_word' id='word_1_302' title='bbox 420 2027 569 2055; x_wconf 78' lang='lat' dir='ltr'><strong>debeamus.</strong></span> <span class='ocrx_word' id='word_1_303' title='bbox 596 2028 727 2061; x_wconf 80' lang='lat' dir='ltr'><strong>Scientes,</strong></span> <span class='ocrx_word' id='word_1_304' title='bbox 741 2031 803 2066; x_wconf 85' lang='lat' dir='ltr'><strong>quia</strong></span> <span class='ocrx_word' id='word_1_305' title='bbox 821 2032 958 2060; x_wconf 78' lang='lat' dir='ltr'><strong>subversas</strong></span> 
     </span>
    </p>
   </div>
   <div class='ocr_carea' id='block_1_45' title="bbox 176 2071 957 2110">
    <p class='ocr_par' dir='ltr' id='par_1_45' title="bbox 176 2071 957 2110">
     <span class='ocr_line' id='line_1_45' title="bbox 176 2071 957 2110; baseline 0.008 -11"><span class='ocrx_word' id='word_1_306' title='bbox 176 2075 215 2099; x_wconf 73' lang='lat' dir='ltr'><strong>est</strong></span> <span class='ocrx_word' id='word_1_307' title='bbox 229 2071 391 2106; x_wconf 81' lang='lat' dir='ltr'><strong>hujusmodi,</strong></span> <span class='ocrx_word' id='word_1_308' title='bbox 406 2078 430 2099; x_wconf 90' lang='lat' dir='ltr'><strong>et</strong></span> <span class='ocrx_word' id='word_1_309' title='bbox 448 2073 556 2109; x_wconf 84' lang='lat' dir='ltr'><strong>deliquit</strong></span> <span class='ocrx_word' id='word_1_310' title='bbox 569 2076 674 2109; x_wconf 86' lang='lat' dir='ltr'><strong>proprio</strong></span> <span class='ocrx_word' id='word_1_311' title='bbox 686 2076 788 2110; x_wconf 87' lang='lat' dir='ltr'><strong>judicio</strong></span> <span class='ocrx_word' id='word_1_312' title='bbox 801 2078 957 2105; x_wconf 84' lang='lat' dir='ltr'><strong>condemno-</strong></span> 
     </span>
    </p>
   </div>
   <div class='ocr_carea' id='block_1_46' title="bbox 178 2117 958 2158">
    <p class='ocr_par' dir='ltr' id='par_1_46' title="bbox 178 2117 958 2158">
     <span class='ocr_line' id='line_1_46' title="bbox 178 2117 958 2158; baseline 0.01 -15"><span class='ocrx_word' id='word_1_313' title='bbox 178 2117 267 2144; x_wconf 76' lang='lat' dir='ltr'><strong>tus“?</strong></span> <span class='ocrx_word' id='word_1_314' title='bbox 278 2117 358 2146; x_wconf 85' lang='lat' dir='ltr'><strong>Nullo</strong></span> <span class='ocrx_word' id='word_1_315' title='bbox 374 2119 453 2147; x_wconf 86' lang='lat' dir='ltr'><strong>modo</strong></span> <span class='ocrx_word' id='word_1_316' title='bbox 466 2125 572 2155; x_wconf 86' lang='lat' dir='ltr'><strong>oportet</strong></span> <span class='ocrx_word' id='word_1_317' title='bbox 588 2130 637 2149; x_wconf 88' lang='lat' dir='ltr'><strong>nos</strong></span> <span class='ocrx_word' id='word_1_318' title='bbox 657 2122 785 2158; x_wconf 80' lang='lat' dir='ltr'><strong>deinceps</strong></span> <span class='ocrx_word' id='word_1_319' title='bbox 801 2127 891 2151; x_wconf 87' lang='lat' dir='ltr'><strong>tacere</strong></span> <span class='ocrx_word' id='word_1_320' title='bbox 911 2130 958 2151; x_wconf 85' lang='lat' dir='ltr'><strong>aut</strong></span> 
     </span>
    </p>
   </div>
   <div class='ocr_carea' id='block_1_47' title="bbox 176 2165 957 2204">
    <p class='ocr_par' dir='ltr' id='par_1_47' title="bbox 176 2165 957 2204">
     <span class='ocr_line' id='line_1_47' title="bbox 176 2165 957 2204; baseline 0.008 -13"><span class='ocrx_word' id='word_1_321' title='bbox 176 2165 327 2198; x_wconf 83' lang='lat' dir='ltr'><strong>quiescere,</strong></span> <span class='ocrx_word' id='word_1_322' title='bbox 343 2173 376 2193; x_wconf 91' lang='lat' dir='ltr'><strong>ne</strong></span> <span class='ocrx_word' id='word_1_323' title='bbox 396 2174 505 2202; x_wconf 89' lang='lat' dir='ltr'><strong>quoquo</strong></span> <span class='ocrx_word' id='word_1_324' title='bbox 524 2167 604 2194; x_wconf 89' lang='lat' dir='ltr'><strong>modo</strong></span> <span class='ocrx_word' id='word_1_325' title='bbox 616 2168 878 2204; x_wconf 82' lang='lat' dir='ltr'><strong>iniquijudicemur,</strong></span> <span class='ocrx_word' id='word_1_326' title='bbox 898 2171 957 2198; x_wconf 91' lang='lat' dir='ltr'><strong>odi-</strong></span> 
     </span>
    </p>
   </div>
   <div class='ocr_carea' id='block_1_48' title="bbox 1016 247 1796 284">
    <p class='ocr_par' dir='ltr' id='par_1_48' title="bbox 1016 247 1796 284">
     <span class='ocr_line' id='line_1_48' title="bbox 1016 247 1796 284; baseline -0.004 -6"><span class='ocrx_word' id='word_1_327' title='bbox 1016 251 1077 278; x_wconf 85' lang='lat' dir='ltr'><strong>dedi</strong></span> <span class='ocrx_word' id='word_1_328' title='bbox 1093 256 1116 278; x_wconf 86' lang='lat' dir='ltr'><strong>te</strong></span> <span class='ocrx_word' id='word_1_329' title='bbox 1131 251 1156 277; x_wconf 89' lang='lat' dir='ltr'><strong>in</strong></span> <span class='ocrx_word' id='word_1_330' title='bbox 1174 250 1268 284; x_wconf 90' lang='lat' dir='ltr'><strong>populo</strong></span> <span class='ocrx_word' id='word_1_331' title='bbox 1281 257 1336 276; x_wconf 89' lang='lat' dir='ltr'><strong>meo</strong></span> <span class='ocrx_word' id='word_1_332' title='bbox 1352 248 1497 280; x_wconf 73' lang='lat' dir='ltr'><strong>robustum,</strong></span> <span class='ocrx_word' id='word_1_333' title='bbox 1515 253 1539 274; x_wconf 88' lang='lat' dir='ltr'><strong>et</strong></span> <span class='ocrx_word' id='word_1_334' title='bbox 1554 248 1620 274; x_wconf 73' lang='lat' dir='ltr'><strong>scies</strong></span> <span class='ocrx_word' id='word_1_335' title='bbox 1633 253 1659 274; x_wconf 84' lang='lat' dir='ltr'><strong>et</strong></span> <span class='ocrx_word' id='word_1_336' title='bbox 1671 247 1796 282; x_wconf 71' lang='lat' dir='ltr'><strong>probabis</strong></span> 
     </span>
    </p>
   </div>
   <div class='ocr_carea' id='block_1_49' title="bbox 1016 292 1797 328">
    <p class='ocr_par' dir='ltr' id='par_1_49' title="bbox 1016 292 1797 328">
     <span class='ocr_line' id='line_1_49' title="bbox 1016 292 1797 328; baseline -0.003 -6"><span class='ocrx_word' id='word_1_337' title='bbox 1016 297 1085 322; x_wconf 85' lang='lat' dir='ltr'><strong>viam</strong></span> <span class='ocrx_word' id='word_1_338' title='bbox 1100 303 1189 322; x_wconf 87' lang='lat' dir='ltr'><strong>eorum</strong></span> <span class='ocrx_word' id='word_1_339' title='bbox 1205 295 1238 321; x_wconf 82' lang='grc'><strong>’⁷.</strong></span> <span class='ocrx_word' id='word_1_340' title='bbox 1256 293 1337 320; x_wconf 82' lang='lat' dir='ltr'><strong>Multa</strong></span> <span class='ocrx_word' id='word_1_341' title='bbox 1355 300 1471 328; x_wconf 83' lang='lat' dir='ltr'><strong>namque</strong></span> <span class='ocrx_word' id='word_1_342' title='bbox 1490 292 1569 320; x_wconf 79' lang='lat' dir='ltr'><strong>nobis</strong></span> <span class='ocrx_word' id='word_1_343' title='bbox 1584 292 1737 320; x_wconf 87' lang='lat' dir='ltr'><strong>necessaria</strong></span> <span class='ocrx_word' id='word_1_344' title='bbox 1753 296 1797 320; x_wconf 84' lang='lat' dir='ltr'><strong>est</strong></span> 
     </span>
    </p>
   </div>
   <div class='ocr_carea' id='block_1_50' title="bbox 1016 338 1797 376">
    <p class='ocr_par' dir='ltr' id='par_1_50' title="bbox 1016 338 1797 376">
     <span class='ocr_line' id='line_1_50' title="bbox 1016 338 1797 376; baseline -0.003 -8"><span class='ocrx_word' id='word_1_345' title='bbox 1016 341 1166 376; x_wconf 81' lang='lat' dir='ltr'><strong>vigilantia,</strong></span> <span class='ocrx_word' id='word_1_346' title='bbox 1181 345 1207 368; x_wconf 89' lang='lat' dir='ltr'><strong>et</strong></span> <span class='ocrx_word' id='word_1_347' title='bbox 1233 344 1307 367; x_wconf 87' lang='lat' dir='ltr'><strong>tanta</strong></span> <span class='ocrx_word' id='word_1_348' title='bbox 1324 339 1423 366; x_wconf 71' lang='lat' dir='ltr'><strong>divinae</strong></span> <span class='ocrx_word' id='word_1_349' title='bbox 1443 338 1581 374; x_wconf 60' lang='lat' dir='ltr'><strong>sapientiai</strong></span> <span class='ocrx_word' id='word_1_350' title='bbox 1602 338 1720 371; x_wconf 88' lang='lat' dir='ltr'><strong>rimatio,</strong></span> <span class='ocrx_word' id='word_1_351' title='bbox 1736 345 1797 373; x_wconf 69' lang='lat' dir='ltr'><strong>quas</strong></span> 
     </span>
    </p>
   </div>
   <div class='ocr_carea' id='block_1_51' title="bbox 1016 383 1796 419">
    <p class='ocr_par' dir='ltr' id='par_1_51' title="bbox 1016 383 1796 419">
     <span class='ocr_line' id='line_1_51' title="bbox 1016 383 1796 419; baseline -0.008 -4"><span class='ocrx_word' id='word_1_352' title='bbox 1016 387 1123 415; x_wconf 89' lang='lat' dir='ltr'><strong>occulta</strong></span> <span class='ocrx_word' id='word_1_353' title='bbox 1148 386 1324 414; x_wconf 86' lang='lat' dir='ltr'><strong>tenebrarum</strong></span> <span class='ocrx_word' id='word_1_354' title='bbox 1344 385 1446 412; x_wconf 85' lang='lat' dir='ltr'><strong>revelat</strong></span> <span class='ocrx_word' id='word_1_355' title='bbox 1467 384 1500 411; x_wconf 90' lang='lat' dir='ltr'><strong>ad</strong></span> <span class='ocrx_word' id='word_1_356' title='bbox 1519 384 1723 419; x_wconf 86' lang='lat' dir='ltr'><strong>requisitionem</strong></span> <span class='ocrx_word' id='word_1_357' title='bbox 1745 383 1796 410; x_wconf 88' lang='lat' dir='ltr'><strong>hu-</strong></span> 
     </span>
    </p>
   </div>
   <div class='ocr_carea' id='block_1_52' title="bbox 1014 430 1795 470">
    <p class='ocr_par' dir='ltr' id='par_1_52' title="bbox 1014 430 1795 470">
     <span class='ocr_line' id='line_1_52' title="bbox 1014 430 1795 470; baseline -0.003 -10"><span class='ocrx_word' id='word_1_358' title='bbox 1014 434 1134 470; x_wconf 72' lang='lat' dir='ltr'><strong>iusmodi</strong></span> <span class='ocrx_word' id='word_1_359' title='bbox 1145 435 1194 466; x_wconf 88' lang='lat' dir='ltr'><strong>rei,</strong></span> <span class='ocrx_word' id='word_1_360' title='bbox 1206 439 1232 460; x_wconf 91' lang='lat' dir='ltr'><strong>et</strong></span> <span class='ocrx_word' id='word_1_361' title='bbox 1243 433 1446 464; x_wconf 84' lang='lat' dir='ltr'><strong>scrutationem,</strong></span> <span class='ocrx_word' id='word_1_362' title='bbox 1454 439 1514 467; x_wconf 60' lang='lat' dir='ltr'><strong>quae</strong></span> <span class='ocrx_word' id='word_1_363' title='bbox 1526 430 1795 466; x_wconf 85' lang='lat' dir='ltr'><strong>latetquodammodo</strong></span> 
     </span>
    </p>
   </div>
   <div class='ocr_carea' id='block_1_53' title="bbox 1016 475 1794 511">
    <p class='ocr_par' dir='ltr' id='par_1_53' title="bbox 1016 475 1794 511">
     <span class='ocr_line' id='line_1_53' title="bbox 1016 475 1794 511; baseline -0.003 -6"><span class='ocrx_word' id='word_1_364' title='bbox 1016 484 1042 506; x_wconf 88' lang='lat' dir='ltr'><strong>et</strong></span> <span class='ocrx_word' id='word_1_365' title='bbox 1054 478 1240 510; x_wconf 86' lang='lat' dir='ltr'><strong>absconditur,</strong></span> <span class='ocrx_word' id='word_1_366' title='bbox 1258 477 1355 511; x_wconf 77' lang='lat' dir='ltr'><strong>vixque</strong></span> <span class='ocrx_word' id='word_1_367' title='bbox 1376 475 1623 511; x_wconf 88' lang='lat' dir='ltr'><strong>comprehenditur,</strong></span> <span class='ocrx_word' id='word_1_368' title='bbox 1639 476 1732 503; x_wconf 85' lang='lat' dir='ltr'><strong>dolosa</strong></span> <span class='ocrx_word' id='word_1_369' title='bbox 1748 484 1794 503; x_wconf 77' lang='lat' dir='ltr'><strong>ex-</strong></span> 
     </span>
    </p>
   </div>
   <div class='ocr_carea' id='block_1_54' title="bbox 1017 521 1798 557">
    <p class='ocr_par' dir='ltr' id='par_1_54' title="bbox 1017 521 1798 557">
     <span class='ocr_line' id='line_1_54' title="bbox 1017 521 1798 557; baseline -0.003 -5"><span class='ocrx_word' id='word_1_370' title='bbox 1017 525 1117 552; x_wconf 86' lang='lat' dir='ltr'><strong>sistens</strong></span> <span class='ocrx_word' id='word_1_371' title='bbox 1141 523 1255 555; x_wconf 86' lang='lat' dir='ltr'><strong>malitia,</strong></span> <span class='ocrx_word' id='word_1_372' title='bbox 1275 530 1324 557; x_wconf 89' lang='lat' dir='ltr'><strong>pro</strong></span> <span class='ocrx_word' id='word_1_373' title='bbox 1342 529 1375 550; x_wconf 91' lang='lat' dir='ltr'><strong>eo</strong></span> <span class='ocrx_word' id='word_1_374' title='bbox 1390 522 1461 557; x_wconf 88' lang='lat' dir='ltr'><strong>quod</strong></span> <span class='ocrx_word' id='word_1_375' title='bbox 1479 522 1531 548; x_wconf 84' lang='lat' dir='ltr'><strong>sibi</strong></span> <span class='ocrx_word' id='word_1_376' title='bbox 1549 522 1675 556; x_wconf 86' lang='lat' dir='ltr'><strong>pietatem</strong></span> <span class='ocrx_word' id='word_1_377' title='bbox 1698 521 1798 550; x_wconf 83' lang='lat' dir='ltr'><strong>callide</strong></span> 
     </span>
    </p>
   </div>
   <div class='ocr_carea' id='block_1_55' title="bbox 1017 567 1795 601">
    <p class='ocr_par' dir='ltr' id='par_1_55' title="bbox 1017 567 1795 601">
     <span class='ocr_line' id='line_1_55' title="bbox 1017 567 1795 601; baseline -0.004 -5"><span class='ocrx_word' id='word_1_378' title='bbox 1017 569 1182 601; x_wconf 84' lang='lat' dir='ltr'><strong>blandiatur,</strong></span> <span class='ocrx_word' id='word_1_379' title='bbox 1203 573 1231 595; x_wconf 93' lang='lat' dir='ltr'><strong>ut</strong></span> <span class='ocrx_word' id='word_1_380' title='bbox 1249 569 1336 595; x_wconf 88' lang='lat' dir='ltr'><strong>valeat</strong></span> <span class='ocrx_word' id='word_1_381' title='bbox 1355 567 1536 595; x_wconf 85' lang='lat' dir='ltr'><strong>scrutantium</strong></span> <span class='ocrx_word' id='word_1_382' title='bbox 1557 572 1674 594; x_wconf 79' lang='lat' dir='ltr'><strong>tuentem</strong></span> <span class='ocrx_word' id='word_1_383' title='bbox 1698 567 1795 594; x_wconf 88' lang='lat' dir='ltr'><strong>latere.</strong></span> 
     </span>
    </p>
   </div>
   <div class='ocr_carea' id='block_1_56' title="bbox 1016 611 1797 650">
    <p class='ocr_par' dir='ltr' id='par_1_56' title="bbox 1016 611 1797 650">
     <span class='ocr_line' id='line_1_56' title="bbox 1016 611 1797 650; baseline -0.005 -8"><span class='ocrx_word' id='word_1_384' title='bbox 1016 615 1092 648; x_wconf 88' lang='lat' dir='ltr'><strong>Quod</strong></span> <span class='ocrx_word' id='word_1_385' title='bbox 1106 616 1198 650; x_wconf 89' lang='lat' dir='ltr'><strong>utique</strong></span> <span class='ocrx_word' id='word_1_386' title='bbox 1210 614 1299 641; x_wconf 90' lang='lat' dir='ltr'><strong>sciens</strong></span> <span class='ocrx_word' id='word_1_387' title='bbox 1313 614 1408 641; x_wconf 82' lang='lat' dir='ltr'><strong>beatus</strong></span> <span class='ocrx_word' id='word_1_388' title='bbox 1421 612 1577 648; x_wconf 84' lang='lat' dir='ltr'><strong>Apostolus,</strong></span> <span class='ocrx_word' id='word_1_389' title='bbox 1587 613 1624 639; x_wconf 85' lang='lat' dir='ltr'><strong>ait</strong></span> <span class='ocrx_word' id='word_1_390' title='bbox 1638 620 1645 638; x_wconf 83' lang='lat'><strong>:</strong></span> <span class='ocrx_word' id='word_1_391' title='bbox 1662 611 1732 639; x_wconf 88' lang='lat' dir='ltr'><strong>Nam</strong></span> <span class='ocrx_word' id='word_1_392' title='bbox 1747 613 1797 638; x_wconf 85' lang='lat' dir='ltr'><strong>hu-</strong></span> 
     </span>
    </p>
   </div>
   <div class='ocr_carea' id='block_1_57' title="bbox 1011 659 1796 697">
    <p class='ocr_par' dir='ltr' id='par_1_57' title="bbox 1011 659 1796 697">
     <span class='ocr_line' id='line_1_57' title="bbox 1011 659 1796 697; baseline -0.004 -8"><span class='ocrx_word' id='word_1_393' title='bbox 1011 663 1132 697; x_wconf 81' lang='lat' dir='ltr'><strong>jasmodi</strong></span> <span class='ocrx_word' id='word_1_394' title='bbox 1144 661 1366 696; x_wconf 81' lang='lat' dir='ltr'><strong>pseudoapostoli,</strong></span> <span class='ocrx_word' id='word_1_395' title='bbox 1387 666 1412 688; x_wconf 84' lang='lat' dir='ltr'><strong>et</strong></span> <span class='ocrx_word' id='word_1_396' title='bbox 1425 661 1538 695; x_wconf 86' lang='lat' dir='ltr'><strong>operarii</strong></span> <span class='ocrx_word' id='word_1_397' title='bbox 1560 660 1673 691; x_wconf 84' lang='lat' dir='ltr'><strong>subdoli,</strong></span> <span class='ocrx_word' id='word_1_398' title='bbox 1687 659 1796 693; x_wconf 78' lang='lat' dir='ltr'><strong>transﬁ-</strong></span> 
     </span>
    </p>
   </div>
   <div class='ocr_carea' id='block_1_58' title="bbox 1016 706 1795 743">
    <p class='ocr_par' dir='ltr' id='par_1_58' title="bbox 1016 706 1795 743">
     <span class='ocr_line' id='line_1_58' title="bbox 1016 706 1795 743; baseline -0.004 -8"><span class='ocrx_word' id='word_1_399' title='bbox 1016 713 1112 743; x_wconf 83' lang='lat' dir='ltr'><strong>gurant</strong></span> <span class='ocrx_word' id='word_1_400' title='bbox 1127 716 1154 735; x_wconf 86' lang='lat' dir='ltr'><strong>se</strong></span> <span class='ocrx_word' id='word_1_401' title='bbox 1179 709 1207 734; x_wconf 88' lang='lat' dir='ltr'><strong>in</strong></span> <span class='ocrx_word' id='word_1_402' title='bbox 1222 707 1353 742; x_wconf 74' lang='lat' dir='ltr'><strong>apostolos</strong></span> <span class='ocrx_word' id='word_1_403' title='bbox 1369 707 1469 734; x_wconf 75' lang='lat' dir='ltr'><strong>Christi</strong></span> <span class='ocrx_word' id='word_1_404' title='bbox 1486 706 1518 734; x_wconf 77' lang='grc'><strong>’⁵.</strong></span> <span class='ocrx_word' id='word_1_405' title='bbox 1535 706 1588 734; x_wconf 81' lang='lat' dir='ltr'><strong>Sed</strong></span> <span class='ocrx_word' id='word_1_406' title='bbox 1605 713 1660 733; x_wconf 90' lang='lat' dir='ltr'><strong>non</strong></span> <span class='ocrx_word' id='word_1_407' title='bbox 1683 706 1795 738; x_wconf 80' lang='lat' dir='ltr'><strong>mirum,</strong></span> 
     </span>
    </p>
   </div>
   <div class='ocr_carea' id='block_1_59' title="bbox 1016 750 1796 788">
    <p class='ocr_par' dir='ltr' id='par_1_59' title="bbox 1016 750 1796 788">
     <span class='ocr_line' id='line_1_59' title="bbox 1016 750 1796 788; baseline -0.003 -8"><span class='ocrx_word' id='word_1_408' title='bbox 1016 753 1145 788; x_wconf 87' lang='lat' dir='ltr'><strong>quoniam</strong></span> <span class='ocrx_word' id='word_1_409' title='bbox 1164 756 1190 780; x_wconf 88' lang='lat' dir='ltr'><strong>et</strong></span> <span class='ocrx_word' id='word_1_410' title='bbox 1203 753 1256 787; x_wconf 86' lang='lat' dir='ltr'><strong>ipse</strong></span> <span class='ocrx_word' id='word_1_411' title='bbox 1272 751 1387 779; x_wconf 75' lang='lat' dir='ltr'><strong>Satanas</strong></span> <span class='ocrx_word' id='word_1_412' title='bbox 1405 751 1577 786; x_wconf 77' lang='lat' dir='ltr'><strong>transﬁgurat</strong></span> <span class='ocrx_word' id='word_1_413' title='bbox 1591 759 1617 778; x_wconf 85' lang='lat' dir='ltr'><strong>se</strong></span> <span class='ocrx_word' id='word_1_414' title='bbox 1631 750 1699 778; x_wconf 76' lang='lat' dir='ltr'><strong>velut</strong></span> <span class='ocrx_word' id='word_1_415' title='bbox 1716 758 1796 786; x_wconf 80' lang='lat' dir='ltr'><strong>ange-</strong></span> 
     </span>
    </p>
   </div>
   <div class='ocr_carea' id='block_1_60' title="bbox 1017 797 1795 831">
    <p class='ocr_par' dir='ltr' id='par_1_60' title="bbox 1017 797 1795 831">
     <span class='ocr_line' id='line_1_60' title="bbox 1017 797 1795 831; baseline -0.003 -6"><span class='ocrx_word' id='word_1_416' title='bbox 1017 799 1057 826; x_wconf 79' lang='lat' dir='ltr'><strong>lus</strong></span> <span class='ocrx_word' id='word_1_417' title='bbox 1071 799 1136 825; x_wconf 86' lang='lat' dir='ltr'><strong>lucis</strong></span> <span class='ocrx_word' id='word_1_418' title='bbox 1151 799 1184 825; x_wconf 84' lang='lat'><strong>&quot;.</strong></span> <span class='ocrx_word' id='word_1_419' title='bbox 1203 797 1234 824; x_wconf 84' lang='lat' dir='ltr'><strong>Et</strong></span> <span class='ocrx_word' id='word_1_420' title='bbox 1250 798 1309 825; x_wconf 91' lang='lat' dir='ltr'><strong>ideo</strong></span> <span class='ocrx_word' id='word_1_421' title='bbox 1325 805 1377 824; x_wconf 90' lang='lat' dir='ltr'><strong>non</strong></span> <span class='ocrx_word' id='word_1_422' title='bbox 1387 798 1486 824; x_wconf 89' lang='lat' dir='ltr'><strong>mirum</strong></span> <span class='ocrx_word' id='word_1_423' title='bbox 1499 797 1522 825; x_wconf 92' lang='lat' dir='ltr'><strong>si</strong></span> <span class='ocrx_word' id='word_1_424' title='bbox 1536 805 1589 824; x_wconf 93' lang='lat' dir='ltr'><strong>non</strong></span> <span class='ocrx_word' id='word_1_425' title='bbox 1606 797 1723 824; x_wconf 88' lang='lat' dir='ltr'><strong>ministri</strong></span> <span class='ocrx_word' id='word_1_426' title='bbox 1734 797 1795 831; x_wconf 81' lang='lat' dir='ltr'><strong>ejus</strong></span> 
     </span>
    </p>
   </div>
   <div class='ocr_carea' id='block_1_61' title="bbox 1017 841 1795 879">
    <p class='ocr_par' dir='ltr' id='par_1_61' title="bbox 1017 841 1795 879">
     <span class='ocr_line' id='line_1_61' title="bbox 1017 841 1795 879; baseline -0.003 -9"><span class='ocrx_word' id='word_1_427' title='bbox 1017 844 1256 879; x_wconf 79' lang='lat' dir='ltr'><strong>transﬁgurantur,</strong></span> <span class='ocrx_word' id='word_1_428' title='bbox 1282 843 1355 871; x_wconf 86' lang='lat' dir='ltr'><strong>velut</strong></span> <span class='ocrx_word' id='word_1_429' title='bbox 1381 842 1497 870; x_wconf 90' lang='lat' dir='ltr'><strong>ministri</strong></span> <span class='ocrx_word' id='word_1_430' title='bbox 1523 842 1647 877; x_wconf 65' lang='lat' dir='ltr'><strong>iustitiae,</strong></span> <span class='ocrx_word' id='word_1_431' title='bbox 1665 841 1795 877; x_wconf 87' lang='lat' dir='ltr'><strong>quoniam</strong></span> 
     </span>
    </p>
   </div>
   <div class='ocr_carea' id='block_1_62' title="bbox 981 881 1795 924">
    <p class='ocr_par' dir='ltr' id='par_1_62' title="bbox 981 881 1795 924">
     <span class='ocr_line' id='line_1_62' title="bbox 981 881 1795 924; baseline -0.004 -7"><span class='ocrx_word' id='word_1_432' title='bbox 981 881 1000 908; x_wconf 73' lang='grc' dir='ltr'><strong><em>Β</em></strong></span> <span class='ocrx_word' id='word_1_433' title='bbox 1016 890 1077 918; x_wconf 89' lang='lat' dir='ltr'><strong>linis</strong></span> <span class='ocrx_word' id='word_1_434' title='bbox 1105 890 1253 917; x_wconf 83' lang='lat' dir='ltr'><strong>secundum</strong></span> <span class='ocrx_word' id='word_1_435' title='bbox 1270 897 1351 924; x_wconf 92' lang='lat' dir='ltr'><strong>opera</strong></span> <span class='ocrx_word' id='word_1_436' title='bbox 1373 896 1477 916; x_wconf 90' lang='lat' dir='ltr'><strong>eorum.</strong></span> <span class='ocrx_word' id='word_1_437' title='bbox 1496 888 1548 915; x_wconf 83' lang='lat' dir='ltr'><strong>Sed</strong></span> <span class='ocrx_word' id='word_1_438' title='bbox 1569 892 1596 915; x_wconf 86' lang='lat' dir='ltr'><strong>et</strong></span> <span class='ocrx_word' id='word_1_439' title='bbox 1622 887 1752 914; x_wconf 84' lang='lat' dir='ltr'><strong>Dominus</strong></span> <span class='ocrx_word' id='word_1_440' title='bbox 1767 887 1795 914; x_wconf 93' lang='lat' dir='ltr'><strong>in</strong></span> 
     </span>
    </p>
   </div>
   <div class='ocr_carea' id='block_1_63' title="bbox 1014 932 1795 969">
    <p class='ocr_par' dir='ltr' id='par_1_63' title="bbox 1014 932 1795 969">
     <span class='ocr_line' id='line_1_63' title="bbox 1014 932 1795 969; baseline -0.004 -7"><span class='ocrx_word' id='word_1_441' title='bbox 1014 935 1065 962; x_wconf 89' lang='lat' dir='ltr'><strong>hoc</strong></span> <span class='ocrx_word' id='word_1_442' title='bbox 1077 934 1259 969; x_wconf 69' lang='lat' dir='ltr'><strong>prtemuniens</strong></span> <span class='ocrx_word' id='word_1_443' title='bbox 1274 942 1335 967; x_wconf 87' lang='lat' dir='ltr'><strong>nos,</strong></span> <span class='ocrx_word' id='word_1_444' title='bbox 1351 934 1388 960; x_wconf 87' lang='lat' dir='ltr'><strong>ait</strong></span> <span class='ocrx_word' id='word_1_445' title='bbox 1401 933 1549 960; x_wconf 80' lang='lat' dir='ltr'><strong>:Attendite</strong></span> <span class='ocrx_word' id='word_1_446' title='bbox 1565 941 1580 959; x_wconf 88' lang='lat' dir='ltr'><strong>a</strong></span> <span class='ocrx_word' id='word_1_447' title='bbox 1593 932 1669 967; x_wconf 85' lang='lat' dir='ltr'><strong>falsis</strong></span> <span class='ocrx_word' id='word_1_448' title='bbox 1684 932 1795 966; x_wconf 85' lang='lat' dir='ltr'><strong>prophe-</strong></span> 
     </span>
    </p>
   </div>
   <div class='ocr_carea' id='block_1_64' title="bbox 1015 979 1795 1016">
    <p class='ocr_par' dir='ltr' id='par_1_64' title="bbox 1015 979 1795 1016">
     <span class='ocr_line' id='line_1_64' title="bbox 1015 979 1795 1016; baseline -0.004 -8"><span class='ocrx_word' id='word_1_449' title='bbox 1015 982 1059 1012; x_wconf 86' lang='lat' dir='ltr'><strong>tis,</strong></span> <span class='ocrx_word' id='word_1_450' title='bbox 1071 981 1116 1016; x_wconf 85' lang='lat' dir='ltr'><strong>qui</strong></span> <span class='ocrx_word' id='word_1_451' title='bbox 1127 981 1230 1007; x_wconf 81' lang='lat' dir='ltr'><strong>veniunt</strong></span> <span class='ocrx_word' id='word_1_452' title='bbox 1242 979 1276 1006; x_wconf 90' lang='lat' dir='ltr'><strong>ad</strong></span> <span class='ocrx_word' id='word_1_453' title='bbox 1293 988 1337 1007; x_wconf 81' lang='lat' dir='ltr'><strong>vos</strong></span> <span class='ocrx_word' id='word_1_454' title='bbox 1354 980 1382 1006; x_wconf 85' lang='lat' dir='ltr'><strong>in</strong></span> <span class='ocrx_word' id='word_1_455' title='bbox 1398 980 1547 1006; x_wconf 81' lang='lat' dir='ltr'><strong>vestimento</strong></span> <span class='ocrx_word' id='word_1_456' title='bbox 1562 979 1657 1012; x_wconf 79' lang='lat' dir='ltr'><strong>ovium,</strong></span> <span class='ocrx_word' id='word_1_457' title='bbox 1668 979 1795 1006; x_wconf 71' lang='lat' dir='ltr'><strong>intrinse-</strong></span> 
     </span>
    </p>
   </div>
   <div class='ocr_carea' id='block_1_65' title="bbox 1013 1025 1795 1059">
    <p class='ocr_par' dir='ltr' id='par_1_65' title="bbox 1013 1025 1795 1059">
     <span class='ocr_line' id='line_1_65' title="bbox 1013 1025 1795 1059; baseline -0.003 -6"><span class='ocrx_word' id='word_1_458' title='bbox 1013 1035 1058 1054; x_wconf 83' lang='lat' dir='ltr'><strong>cus</strong></span> <span class='ocrx_word' id='word_1_459' title='bbox 1071 1031 1158 1053; x_wconf 84' lang='lat' dir='ltr'><strong>autem</strong></span> <span class='ocrx_word' id='word_1_460' title='bbox 1174 1031 1235 1053; x_wconf 86' lang='lat' dir='ltr'><strong>sunt</strong></span> <span class='ocrx_word' id='word_1_461' title='bbox 1250 1026 1303 1059; x_wconf 89' lang='lat' dir='ltr'><strong>lupi</strong></span> <span class='ocrx_word' id='word_1_462' title='bbox 1320 1033 1437 1059; x_wconf 76' lang='lat' dir='ltr'><strong>rapaces.</strong></span> <span class='ocrx_word' id='word_1_463' title='bbox 1449 1026 1471 1051; x_wconf 83' lang='lat' dir='ltr'><strong><em>A</em></strong></span> <span class='ocrx_word' id='word_1_464' title='bbox 1489 1025 1618 1059; x_wconf 84' lang='lat' dir='ltr'><strong>fructibus</strong></span> <span class='ocrx_word' id='word_1_465' title='bbox 1633 1033 1724 1052; x_wconf 86' lang='lat' dir='ltr'><strong>eorum</strong></span> <span class='ocrx_word' id='word_1_466' title='bbox 1748 1032 1795 1051; x_wconf 90' lang='lat' dir='ltr'><strong>co-</strong></span> 
     </span>
    </p>
   </div>
   <div class='ocr_carea' id='block_1_66' title="bbox 1012 1070 1794 1107">
    <p class='ocr_par' dir='ltr' id='par_1_66' title="bbox 1012 1070 1794 1107">
     <span class='ocr_line' id='line_1_66' title="bbox 1012 1070 1794 1107; baseline -0.001 -8"><span class='ocrx_word' id='word_1_467' title='bbox 1012 1072 1142 1107; x_wconf 73' lang='lat' dir='ltr'><strong>gnoscetis</strong></span> <span class='ocrx_word' id='word_1_468' title='bbox 1157 1080 1200 1099; x_wconf 84' lang='lat' dir='ltr'><strong>eos</strong></span> <span class='ocrx_word' id='word_1_469' title='bbox 1213 1072 1245 1098; x_wconf 80' lang='grc'><strong>⁸⁰.</strong></span> <span class='ocrx_word' id='word_1_470' title='bbox 1261 1071 1331 1106; x_wconf 80' lang='lat' dir='ltr'><strong>Ergo</strong></span> <span class='ocrx_word' id='word_1_471' title='bbox 1343 1071 1370 1098; x_wconf 89' lang='lat' dir='ltr'><strong>in</strong></span> <span class='ocrx_word' id='word_1_472' title='bbox 1385 1071 1501 1106; x_wconf 86' lang='lat' dir='ltr'><strong>idipsum</strong></span> <span class='ocrx_word' id='word_1_473' title='bbox 1516 1079 1548 1097; x_wconf 84' lang='lat' dir='ltr'><strong>ex</strong></span> <span class='ocrx_word' id='word_1_474' title='bbox 1569 1075 1625 1098; x_wconf 90' lang='lat' dir='ltr'><strong>toto</strong></span> <span class='ocrx_word' id='word_1_475' title='bbox 1640 1070 1722 1098; x_wconf 89' lang='lat' dir='ltr'><strong>corde</strong></span> <span class='ocrx_word' id='word_1_476' title='bbox 1753 1070 1794 1098; x_wconf 77' lang='lat' dir='ltr'><strong>ie-</strong></span> 
     </span>
    </p>
   </div>
   <div class='ocr_carea' id='block_1_67' title="bbox 1014 1117 1796 1152">
    <p class='ocr_par' dir='ltr' id='par_1_67' title="bbox 1014 1117 1796 1152">
     <span class='ocr_line' id='line_1_67' title="bbox 1014 1117 1796 1152; baseline -0.003 -7"><span class='ocrx_word' id='word_1_477' title='bbox 1014 1122 1105 1146; x_wconf 83' lang='lat' dir='ltr'><strong>renles</strong></span> <span class='ocrx_word' id='word_1_478' title='bbox 1118 1122 1180 1144; x_wconf 90' lang='lat' dir='ltr'><strong>ante</strong></span> <span class='ocrx_word' id='word_1_479' title='bbox 1194 1118 1285 1144; x_wconf 83' lang='lat' dir='ltr'><strong>omnia</strong></span> <span class='ocrx_word' id='word_1_480' title='bbox 1307 1125 1390 1152; x_wconf 85' lang='lat' dir='ltr'><strong>super</strong></span> <span class='ocrx_word' id='word_1_481' title='bbox 1403 1117 1450 1143; x_wconf 89' lang='lat' dir='ltr'><strong>tali</strong></span> <span class='ocrx_word' id='word_1_482' title='bbox 1463 1117 1612 1152; x_wconf 63' lang='lat' dir='ltr'><strong>quaestione</strong></span> <span class='ocrx_word' id='word_1_483' title='bbox 1627 1117 1796 1151; x_wconf 89' lang='lat' dir='ltr'><strong>deprecatio-</strong></span> 
     </span>
    </p>
   </div>
   <div class='ocr_carea' id='block_1_68' title="bbox 1013 1162 1793 1195">
    <p class='ocr_par' dir='ltr' id='par_1_68' title="bbox 1013 1162 1793 1195">
     <span class='ocr_line' id='line_1_68' title="bbox 1013 1162 1793 1195; baseline -0.003 -5"><span class='ocrx_word' id='word_1_484' title='bbox 1013 1171 1086 1195; x_wconf 87' lang='lat' dir='ltr'><strong>nem,</strong></span> <span class='ocrx_word' id='word_1_485' title='bbox 1099 1167 1126 1190; x_wconf 89' lang='lat' dir='ltr'><strong>et</strong></span> <span class='ocrx_word' id='word_1_486' title='bbox 1151 1163 1274 1190; x_wconf 88' lang='lat' dir='ltr'><strong>dicentes</strong></span> <span class='ocrx_word' id='word_1_487' title='bbox 1291 1171 1352 1190; x_wconf 91' lang='lat' dir='ltr'><strong>cum</strong></span> <span class='ocrx_word' id='word_1_488' title='bbox 1371 1162 1471 1189; x_wconf 87' lang='lat' dir='ltr'><strong>David:</strong></span> <span class='ocrx_word' id='word_1_489' title='bbox 1495 1162 1589 1189; x_wconf 80' lang='lat' dir='ltr'><strong>Revela</strong></span> <span class='ocrx_word' id='word_1_490' title='bbox 1607 1162 1696 1189; x_wconf 84' lang='lat' dir='ltr'><strong>oculos</strong></span> <span class='ocrx_word' id='word_1_491' title='bbox 1712 1171 1793 1195; x_wconf 86' lang='lat' dir='ltr'><strong>meos,</strong></span> 
     </span>
    </p>
   </div>
   <div class='ocr_carea' id='block_1_69' title="bbox 1011 1208 1794 1244">
    <p class='ocr_par' dir='ltr' id='par_1_69' title="bbox 1011 1208 1794 1244">
     <span class='ocr_line' id='line_1_69' title="bbox 1011 1208 1794 1244; baseline -0.001 -8"><span class='ocrx_word' id='word_1_492' title='bbox 1011 1214 1036 1237; x_wconf 88' lang='lat' dir='ltr'><strong>et</strong></span> <span class='ocrx_word' id='word_1_493' title='bbox 1050 1209 1221 1236; x_wconf 70' lang='lat' dir='ltr'><strong>considerabo</strong></span> <span class='ocrx_word' id='word_1_494' title='bbox 1233 1209 1369 1236; x_wconf 87' lang='lat' dir='ltr'><strong>mirabilia</strong></span> <span class='ocrx_word' id='word_1_495' title='bbox 1384 1209 1415 1234; x_wconf 79' lang='lat' dir='ltr'><strong>de</strong></span> <span class='ocrx_word' id='word_1_496' title='bbox 1437 1209 1491 1244; x_wconf 84' lang='lat' dir='ltr'><strong>lege</strong></span> <span class='ocrx_word' id='word_1_497' title='bbox 1508 1214 1563 1236; x_wconf 79' lang='lat' dir='ltr'><strong>tua.</strong></span> <span class='ocrx_word' id='word_1_498' title='bbox 1580 1208 1699 1235; x_wconf 82' lang='lat' dir='ltr'><strong>Lucerna</strong></span> <span class='ocrx_word' id='word_1_499' title='bbox 1722 1209 1794 1235; x_wconf 88' lang='lat' dir='ltr'><strong>enim</strong></span> 
     </span>
    </p>
   </div>
   <div class='ocr_carea' id='block_1_70' title="bbox 1011 1255 1795 1289">
    <p class='ocr_par' dir='ltr' id='par_1_70' title="bbox 1011 1255 1795 1289">
     <span class='ocr_line' id='line_1_70' title="bbox 1011 1255 1795 1289; baseline 0 -7"><span class='ocrx_word' id='word_1_500' title='bbox 1011 1256 1118 1289; x_wconf 83' lang='lat' dir='ltr'><strong>pedibus</strong></span> <span class='ocrx_word' id='word_1_501' title='bbox 1134 1256 1197 1283; x_wconf 87' lang='lat' dir='ltr'><strong>meis</strong></span> <span class='ocrx_word' id='word_1_502' title='bbox 1216 1255 1320 1282; x_wconf 84' lang='lat' dir='ltr'><strong>verbum</strong></span> <span class='ocrx_word' id='word_1_503' title='bbox 1337 1260 1419 1287; x_wconf 86' lang='lat' dir='ltr'><strong>tuum,</strong></span> <span class='ocrx_word' id='word_1_504' title='bbox 1429 1255 1547 1286; x_wconf 83' lang='lat' dir='ltr'><strong>Domine,</strong></span> <span class='ocrx_word' id='word_1_505' title='bbox 1559 1260 1583 1282; x_wconf 88' lang='lat' dir='ltr'><strong>et</strong></span> <span class='ocrx_word' id='word_1_506' title='bbox 1598 1255 1683 1281; x_wconf 89' lang='lat' dir='ltr'><strong>lumen</strong></span> <span class='ocrx_word' id='word_1_507' title='bbox 1695 1255 1795 1282; x_wconf 70' lang='lat' dir='ltr'><strong>semitis</strong></span> 
     </span>
    </p>
   </div>
   <div class='ocr_carea' id='block_1_71' title="bbox 1013 1300 1794 1337">
    <p class='ocr_par' dir='ltr' id='par_1_71' title="bbox 1013 1300 1794 1337">
     <span class='ocr_line' id='line_1_71' title="bbox 1013 1300 1794 1337; baseline -0.001 -9"><span class='ocrx_word' id='word_1_508' title='bbox 1013 1302 1075 1328; x_wconf 85' lang='lat' dir='ltr'><strong>meis</strong></span> <span class='ocrx_word' id='word_1_509' title='bbox 1091 1302 1122 1334; x_wconf 82' lang='lat'><strong>&quot;,</strong></span> <span class='ocrx_word' id='word_1_510' title='bbox 1139 1302 1267 1337; x_wconf 88' lang='lat' dir='ltr'><strong>quoniam</strong></span> <span class='ocrx_word' id='word_1_511' title='bbox 1293 1302 1380 1336; x_wconf 85' lang='lat' dir='ltr'><strong>ipsius</strong></span> <span class='ocrx_word' id='word_1_512' title='bbox 1394 1305 1450 1334; x_wconf 84' lang='lat' dir='ltr'><strong>est,</strong></span> <span class='ocrx_word' id='word_1_513' title='bbox 1467 1305 1538 1328; x_wconf 89' lang='lat' dir='ltr'><strong>sicut</strong></span> <span class='ocrx_word' id='word_1_514' title='bbox 1557 1302 1594 1327; x_wconf 91' lang='lat' dir='ltr'><strong>ait</strong></span> <span class='ocrx_word' id='word_1_515' title='bbox 1618 1302 1714 1328; x_wconf 88' lang='lat' dir='ltr'><strong>beatus</strong></span> <span class='ocrx_word' id='word_1_516' title='bbox 1732 1300 1794 1327; x_wconf 87' lang='lat' dir='ltr'><strong>Da—</strong></span> 
     </span>
    </p>
   </div>
   <div class='ocr_carea' id='block_1_72' title="bbox 1011 1347 1794 1382">
    <p class='ocr_par' dir='ltr' id='par_1_72' title="bbox 1011 1347 1794 1382">
     <span class='ocr_line' id='line_1_72' title="bbox 1011 1347 1794 1382; baseline -0.001 -8"><span class='ocrx_word' id='word_1_517' title='bbox 1011 1348 1066 1375; x_wconf 87' lang='lat' dir='ltr'><strong>niel</strong></span> <span class='ocrx_word' id='word_1_518' title='bbox 1082 1348 1229 1382; x_wconf 89' lang='lat' dir='ltr'><strong>propheta:</strong></span> <span class='ocrx_word' id='word_1_519' title='bbox 1247 1347 1382 1381; x_wconf 82' lang='lat' dir='ltr'><strong>Sapientia</strong></span> <span class='ocrx_word' id='word_1_520' title='bbox 1397 1352 1421 1374; x_wconf 85' lang='lat' dir='ltr'><strong>et</strong></span> <span class='ocrx_word' id='word_1_521' title='bbox 1439 1347 1566 1381; x_wconf 80' lang='lat' dir='ltr'><strong>fortitudo</strong></span> <span class='ocrx_word' id='word_1_522' title='bbox 1579 1347 1623 1373; x_wconf 88' lang='lat' dir='ltr'><strong>dat</strong></span> <span class='ocrx_word' id='word_1_523' title='bbox 1637 1347 1794 1381; x_wconf 82' lang='lat' dir='ltr'><strong>sapientiam</strong></span> 
     </span>
    </p>
   </div>
   <div class='ocr_carea' id='block_1_73' title="bbox 1012 1392 1791 1428">
    <p class='ocr_par' dir='ltr' id='par_1_73' title="bbox 1012 1392 1791 1428">
     <span class='ocr_line' id='line_1_73' title="bbox 1012 1392 1791 1428; baseline -0.003 -8"><span class='ocrx_word' id='word_1_524' title='bbox 1012 1393 1185 1427; x_wconf 78' lang='lat' dir='ltr'><strong>sapientibus,</strong></span> <span class='ocrx_word' id='word_1_525' title='bbox 1201 1399 1225 1420; x_wconf 88' lang='lat' dir='ltr'><strong>et</strong></span> <span class='ocrx_word' id='word_1_526' title='bbox 1241 1393 1377 1420; x_wconf 81' lang='lat' dir='ltr'><strong>scientiam</strong></span> <span class='ocrx_word' id='word_1_527' title='bbox 1395 1392 1599 1428; x_wconf 80' lang='lat' dir='ltr'><strong>intelligentibus</strong></span> <span class='ocrx_word' id='word_1_528' title='bbox 1613 1393 1791 1427; x_wconf 87' lang='lat' dir='ltr'><strong>disciplinam.</strong></span> 
     </span>
    </p>
   </div>
   <div class='ocr_carea' id='block_1_74' title="bbox 1012 1438 1793 1474">
    <p class='ocr_par' dir='ltr' id='par_1_74' title="bbox 1012 1438 1793 1474">
     <span class='ocr_line' id='line_1_74' title="bbox 1012 1438 1793 1474; baseline -0.003 -8"><span class='ocrx_word' id='word_1_529' title='bbox 1012 1439 1072 1473; x_wconf 74' lang='lat' dir='ltr'><strong>Ipse</strong></span> <span class='ocrx_word' id='word_1_530' title='bbox 1086 1440 1182 1467; x_wconf 88' lang='lat' dir='ltr'><strong>revelat</strong></span> <span class='ocrx_word' id='word_1_531' title='bbox 1196 1438 1328 1474; x_wconf 86' lang='lat' dir='ltr'><strong>profunda</strong></span> <span class='ocrx_word' id='word_1_532' title='bbox 1341 1443 1366 1466; x_wconf 88' lang='lat' dir='ltr'><strong>et</strong></span> <span class='ocrx_word' id='word_1_533' title='bbox 1380 1439 1545 1470; x_wconf 85' lang='lat' dir='ltr'><strong>abscondita,</strong></span> <span class='ocrx_word' id='word_1_534' title='bbox 1559 1443 1583 1465; x_wconf 85' lang='lat' dir='ltr'><strong>et</strong></span> <span class='ocrx_word' id='word_1_535' title='bbox 1598 1439 1666 1465; x_wconf 81' lang='lat' dir='ltr'><strong>not-it</strong></span> <span class='ocrx_word' id='word_1_536' title='bbox 1681 1439 1708 1464; x_wconf 86' lang='lat' dir='ltr'><strong>in</strong></span> <span class='ocrx_word' id='word_1_537' title='bbox 1724 1443 1793 1465; x_wconf 73' lang='lat' dir='ltr'><strong>teneo</strong></span> 
     </span>
    </p>
   </div>
   <div class='ocr_carea' id='block_1_75' title="bbox 1011 1484 1792 1518">
    <p class='ocr_par' dir='ltr' id='par_1_75' title="bbox 1011 1484 1792 1518">
     <span class='ocr_line' id='line_1_75' title="bbox 1011 1484 1792 1518; baseline -0.003 -6"><span class='ocrx_word' id='word_1_538' title='bbox 1011 1485 1064 1512; x_wconf 81' lang='lat' dir='ltr'><strong>bris</strong></span> <span class='ocrx_word' id='word_1_539' title='bbox 1078 1486 1231 1517; x_wconf 81' lang='lat' dir='ltr'><strong>constituta,</strong></span> <span class='ocrx_word' id='word_1_540' title='bbox 1243 1490 1266 1512; x_wconf 89' lang='lat' dir='ltr'><strong>et</strong></span> <span class='ocrx_word' id='word_1_541' title='bbox 1279 1485 1325 1511; x_wconf 78' lang='lat' dir='ltr'><strong>lux</strong></span> <span class='ocrx_word' id='word_1_542' title='bbox 1341 1493 1400 1511; x_wconf 88' lang='lat' dir='ltr'><strong>cum</strong></span> <span class='ocrx_word' id='word_1_543' title='bbox 1417 1493 1446 1512; x_wconf 91' lang='lat' dir='ltr'><strong>eo</strong></span> <span class='ocrx_word' id='word_1_544' title='bbox 1463 1489 1511 1512; x_wconf 79' lang='lat' dir='ltr'><strong>est.</strong></span> <span class='ocrx_word' id='word_1_545' title='bbox 1534 1485 1603 1517; x_wconf 75' lang='lat' dir='ltr'><strong>Quia</strong></span> <span class='ocrx_word' id='word_1_546' title='bbox 1626 1484 1792 1518; x_wconf 81' lang='lat' dir='ltr'><strong>sapientiam,</strong></span> 
     </span>
    </p>
   </div>
   <div class='ocr_carea' id='block_1_76' title="bbox 1012 1529 1792 1565">
    <p class='ocr_par' dir='ltr' id='par_1_76' title="bbox 1012 1529 1792 1565">
     <span class='ocr_line' id='line_1_76' title="bbox 1012 1529 1792 1565; baseline -0.001 -9"><span class='ocrx_word' id='word_1_547' title='bbox 1012 1530 1111 1565; x_wconf 88' lang='lat' dir='ltr'><strong>inquit,</strong></span> <span class='ocrx_word' id='word_1_548' title='bbox 1128 1535 1152 1557; x_wconf 89' lang='lat' dir='ltr'><strong>et</strong></span> <span class='ocrx_word' id='word_1_549' title='bbox 1178 1530 1360 1565; x_wconf 85' lang='lat' dir='ltr'><strong>fortitudinem</strong></span> <span class='ocrx_word' id='word_1_550' title='bbox 1385 1530 1480 1557; x_wconf 84' lang='lat' dir='ltr'><strong>dedisti</strong></span> <span class='ocrx_word' id='word_1_551' title='bbox 1508 1530 1589 1561; x_wconf 87' lang='lat' dir='ltr'><strong>ntilti,</strong></span> <span class='ocrx_word' id='word_1_552' title='bbox 1610 1535 1634 1556; x_wconf 89' lang='lat' dir='ltr'><strong>et</strong></span> <span class='ocrx_word' id='word_1_553' title='bbox 1656 1529 1792 1556; x_wconf 85' lang='lat' dir='ltr'><strong>ostendisti</strong></span> 
     </span>
    </p>
   </div>
   <div class='ocr_carea' id='block_1_77' title="bbox 1012 1576 1794 1612">
    <p class='ocr_par' dir='ltr' id='par_1_77' title="bbox 1012 1576 1794 1612">
     <span class='ocr_line' id='line_1_77' title="bbox 1012 1576 1794 1612; baseline 0 -10"><span class='ocrx_word' id='word_1_554' title='bbox 1012 1577 1085 1609; x_wconf 85' lang='lat' dir='ltr'><strong>mihi,</strong></span> <span class='ocrx_word' id='word_1_555' title='bbox 1101 1585 1158 1611; x_wconf 66' lang='lat' dir='ltr'><strong>quae</strong></span> <span class='ocrx_word' id='word_1_556' title='bbox 1172 1577 1259 1612; x_wconf 80' lang='lat' dir='ltr'><strong>rogavi</strong></span> <span class='ocrx_word' id='word_1_557' title='bbox 1276 1582 1301 1604; x_wconf 85' lang='lat' dir='ltr'><strong>te</strong></span> <span class='ocrx_word' id='word_1_558' title='bbox 1318 1577 1350 1604; x_wconf 80' lang='lat'><strong>&quot;.</strong></span> <span class='ocrx_word' id='word_1_559' title='bbox 1364 1577 1430 1604; x_wconf 84' lang='lat' dir='ltr'><strong>Cum</strong></span> <span class='ocrx_word' id='word_1_560' title='bbox 1449 1584 1500 1611; x_wconf 91' lang='lat' dir='ltr'><strong>ope</strong></span> <span class='ocrx_word' id='word_1_561' title='bbox 1508 1576 1599 1603; x_wconf 86' lang='lat' dir='ltr'><strong>divina</strong></span> <span class='ocrx_word' id='word_1_562' title='bbox 1618 1576 1794 1610; x_wconf 81' lang='lat' dir='ltr'><strong>uniuscujus-</strong></span> 
     </span>
    </p>
   </div>
   <div class='ocr_carea' id='block_1_78' title="bbox 1010 1621 1793 1656">
    <p class='ocr_par' dir='ltr' id='par_1_78' title="bbox 1010 1621 1793 1656">
     <span class='ocr_line' id='line_1_78' title="bbox 1010 1621 1793 1656; baseline 0 -7"><span class='ocrx_word' id='word_1_563' title='bbox 1010 1630 1062 1656; x_wconf 87' lang='lat' dir='ltr'><strong>que</strong></span> <span class='ocrx_word' id='word_1_564' title='bbox 1092 1630 1213 1656; x_wconf 66' lang='lat' dir='ltr'><strong>personze</strong></span> <span class='ocrx_word' id='word_1_565' title='bbox 1237 1622 1386 1656; x_wconf 85' lang='lat' dir='ltr'><strong>descripta,</strong></span> <span class='ocrx_word' id='word_1_566' title='bbox 1412 1629 1506 1649; x_wconf 85' lang='lat' dir='ltr'><strong>eorum</strong></span> <span class='ocrx_word' id='word_1_567' title='bbox 1523 1621 1568 1656; x_wconf 89' lang='lat' dir='ltr'><strong>qui</strong></span> <span class='ocrx_word' id='word_1_568' title='bbox 1592 1629 1640 1656; x_wconf 92' lang='lat' dir='ltr'><strong>pro</strong></span> <span class='ocrx_word' id='word_1_569' title='bbox 1661 1622 1793 1649; x_wconf 78' lang='lat' dir='ltr'><strong>novitatis</strong></span> 
     </span>
    </p>
   </div>
   <div class='ocr_carea' id='block_1_79' title="bbox 1010 1667 1794 1695">
    <p class='ocr_par' dir='ltr' id='par_1_79' title="bbox 1010 1667 1794 1695">
     <span class='ocr_line' id='line_1_79' title="bbox 1010 1667 1794 1695; baseline 0 -1"><span class='ocrx_word' id='word_1_570' title='bbox 1010 1673 1162 1694; x_wconf 88' lang='lat' dir='ltr'><strong>commento</strong></span> <span class='ocrx_word' id='word_1_571' title='bbox 1188 1668 1309 1695; x_wconf 87' lang='lat' dir='ltr'><strong>accusati</strong></span> <span class='ocrx_word' id='word_1_572' title='bbox 1336 1667 1369 1695; x_wconf 90' lang='lat' dir='ltr'><strong>de</strong></span> <span class='ocrx_word' id='word_1_573' title='bbox 1393 1667 1538 1695; x_wconf 85' lang='lat' dir='ltr'><strong>venerabili</strong></span> <span class='ocrx_word' id='word_1_574' title='bbox 1567 1673 1661 1695; x_wconf 89' lang='lat' dir='ltr'><strong>nostro</strong></span> <span class='ocrx_word' id='word_1_575' title='bbox 1691 1669 1794 1695; x_wconf 89' lang='lat' dir='ltr'><strong>scrinio</strong></span> 
     </span>
    </p>
   </div>
   <div class='ocr_carea' id='block_1_80' title="bbox 1011 1711 1794 1746">
    <p class='ocr_par' dir='ltr' id='par_1_80' title="bbox 1011 1711 1794 1746">
     <span class='ocr_line' id='line_1_80' title="bbox 1011 1711 1794 1746; baseline 0 -6"><span class='ocrx_word' id='word_1_576' title='bbox 1011 1713 1275 1746; x_wconf 83' lang='lat' dir='ltr'><strong>obsecundantibus,</strong></span> <span class='ocrx_word' id='word_1_577' title='bbox 1292 1717 1319 1741; x_wconf 88' lang='lat' dir='ltr'><strong>et</strong></span> <span class='ocrx_word' id='word_1_578' title='bbox 1342 1714 1420 1741; x_wconf 91' lang='lat' dir='ltr'><strong>nobis</strong></span> <span class='ocrx_word' id='word_1_579' title='bbox 1444 1711 1632 1740; x_wconf 75' lang='lat' dir='ltr'><strong>ordinabiliter</strong></span> <span class='ocrx_word' id='word_1_580' title='bbox 1656 1714 1794 1741; x_wconf 88' lang='lat' dir='ltr'><strong>oll&#39;erenti-</strong></span> 
     </span>
    </p>
   </div>
   <div class='ocr_carea' id='block_1_81' title="bbox 1011 1758 1794 1794">
    <p class='ocr_par' dir='ltr' id='par_1_81' title="bbox 1011 1758 1794 1794">
     <span class='ocr_line' id='line_1_81' title="bbox 1011 1758 1794 1794; baseline 0.003 -9"><span class='ocrx_word' id='word_1_581' title='bbox 1011 1758 1072 1790; x_wconf 89' lang='lat' dir='ltr'><strong>bus,</strong></span> <span class='ocrx_word' id='word_1_582' title='bbox 1101 1759 1228 1786; x_wconf 85' lang='lat' dir='ltr'><strong>solertius</strong></span> <span class='ocrx_word' id='word_1_583' title='bbox 1252 1759 1437 1791; x_wconf 89' lang='lat' dir='ltr'><strong>intendamus,</strong></span> <span class='ocrx_word' id='word_1_584' title='bbox 1462 1759 1499 1786; x_wconf 86' lang='lat' dir='ltr'><strong>ita</strong></span> <span class='ocrx_word' id='word_1_585' title='bbox 1524 1763 1553 1786; x_wconf 88' lang='lat' dir='ltr'><strong>ut</strong></span> <span class='ocrx_word' id='word_1_586' title='bbox 1578 1760 1623 1794; x_wconf 92' lang='lat' dir='ltr'><strong>qui</strong></span> <span class='ocrx_word' id='word_1_587' title='bbox 1648 1760 1705 1786; x_wconf 71' lang='lat' dir='ltr'><strong>haec</strong></span> <span class='ocrx_word' id='word_1_588' title='bbox 1725 1767 1794 1794; x_wconf 61' lang='lat' dir='ltr'><strong>prae-</strong></span> 
     </span>
    </p>
   </div>
   <div class='ocr_carea' id='block_1_82' title="bbox 1010 1805 1793 1840">
    <p class='ocr_par' dir='ltr' id='par_1_82' title="bbox 1010 1805 1793 1840">
     <span class='ocr_line' id='line_1_82' title="bbox 1010 1805 1793 1840; baseline 0 -8"><span class='ocrx_word' id='word_1_589' title='bbox 1010 1805 1176 1839; x_wconf 85' lang='lat' dir='ltr'><strong>sumpserint</strong></span> <span class='ocrx_word' id='word_1_590' title='bbox 1205 1805 1388 1840; x_wconf 59' lang='lat' dir='ltr'><strong>praevaricati,</strong></span> <span class='ocrx_word' id='word_1_591' title='bbox 1419 1805 1537 1840; x_wconf 92' lang='lat' dir='ltr'><strong>primum</strong></span> <span class='ocrx_word' id='word_1_592' title='bbox 1568 1805 1675 1839; x_wconf 82' lang='lat' dir='ltr'><strong>quidem</strong></span> <span class='ocrx_word' id='word_1_593' title='bbox 1700 1806 1793 1840; x_wconf 87' lang='lat' dir='ltr'><strong>subja-</strong></span> 
     </span>
    </p>
   </div>
   <div class='ocr_carea' id='block_1_83' title="bbox 1010 1850 1792 1886">
    <p class='ocr_par' dir='ltr' id='par_1_83' title="bbox 1010 1850 1792 1886">
     <span class='ocr_line' id='line_1_83' title="bbox 1010 1850 1792 1886; baseline 0.003 -9"><span class='ocrx_word' id='word_1_594' title='bbox 1010 1856 1089 1878; x_wconf 89' lang='lat' dir='ltr'><strong>ceant</strong></span> <span class='ocrx_word' id='word_1_595' title='bbox 1110 1850 1214 1885; x_wconf 87' lang='lat' dir='ltr'><strong>judicio</strong></span> <span class='ocrx_word' id='word_1_596' title='bbox 1244 1851 1359 1878; x_wconf 91' lang='lat' dir='ltr'><strong>terribili</strong></span> <span class='ocrx_word' id='word_1_597' title='bbox 1393 1851 1588 1886; x_wconf 75' lang='lat' dir='ltr'><strong>omnipotentis</strong></span> <span class='ocrx_word' id='word_1_598' title='bbox 1610 1851 1668 1882; x_wconf 83' lang='lat' dir='ltr'><strong>Dei,</strong></span> <span class='ocrx_word' id='word_1_599' title='bbox 1694 1851 1792 1879; x_wconf 87' lang='lat' dir='ltr'><strong>deinde</strong></span> 
     </span>
    </p>
   </div>
   <div class='ocr_carea' id='block_1_84' title="bbox 1010 1896 1793 1932">
    <p class='ocr_par' dir='ltr' id='par_1_84' title="bbox 1010 1896 1793 1932">
     <span class='ocr_line' id='line_1_84' title="bbox 1010 1896 1793 1932; baseline 0.003 -10"><span class='ocrx_word' id='word_1_600' title='bbox 1010 1900 1099 1923; x_wconf 89' lang='lat' dir='ltr'><strong>autem</strong></span> <span class='ocrx_word' id='word_1_601' title='bbox 1123 1897 1342 1931; x_wconf 87' lang='lat' dir='ltr'><strong>qualemcunque</strong></span> <span class='ocrx_word' id='word_1_602' title='bbox 1359 1896 1476 1931; x_wconf 80' lang='lat' dir='ltr'><strong>regalem</strong></span> <span class='ocrx_word' id='word_1_603' title='bbox 1491 1897 1701 1932; x_wconf 69' lang='lat' dir='ltr'><strong>indignationem</strong></span> <span class='ocrx_word' id='word_1_604' title='bbox 1717 1905 1793 1924; x_wconf 82' lang='lat' dir='ltr'><strong>reve-</strong></span> 
     </span>
    </p>
   </div>
   <div class='ocr_carea' id='block_1_85' title="bbox 1010 1940 1790 1975">
    <p class='ocr_par' dir='ltr' id='par_1_85' title="bbox 1010 1940 1790 1975">
     <span class='ocr_line' id='line_1_85' title="bbox 1010 1940 1790 1975; baseline -0.001 -8"><span class='ocrx_word' id='word_1_605' title='bbox 1010 1945 1131 1968; x_wconf 88' lang='lat' dir='ltr'><strong>reantur.</strong></span> <span class='ocrx_word' id='word_1_606' title='bbox 1149 1940 1199 1967; x_wconf 87' lang='lat' dir='ltr'><strong>Per</strong></span> <span class='ocrx_word' id='word_1_607' title='bbox 1220 1948 1301 1975; x_wconf 92' lang='lat' dir='ltr'><strong>quam</strong></span> <span class='ocrx_word' id='word_1_608' title='bbox 1318 1941 1453 1975; x_wconf 90' lang='lat' dir='ltr'><strong>siquidem</strong></span> <span class='ocrx_word' id='word_1_609' title='bbox 1477 1940 1609 1974; x_wconf 88' lang='lat' dir='ltr'><strong>episcopi,</strong></span> <span class='ocrx_word' id='word_1_610' title='bbox 1631 1945 1678 1966; x_wconf 89' lang='lat' dir='ltr'><strong>aut</strong></span> <span class='ocrx_word' id='word_1_611' title='bbox 1698 1941 1790 1967; x_wconf 89' lang='lat' dir='ltr'><strong>clerici</strong></span> 
     </span>
    </p>
   </div>
   <div class='ocr_carea' id='block_1_86' title="bbox 1010 1985 1792 2018">
    <p class='ocr_par' dir='ltr' id='par_1_86' title="bbox 1010 1985 1792 2018">
     <span class='ocr_line' id='line_1_86' title="bbox 1010 1985 1792 2018; baseline 0 -5"><span class='ocrx_word' id='word_1_612' title='bbox 1010 1985 1119 2018; x_wconf 86' lang='lat' dir='ltr'><strong>fuerint,</strong></span> <span class='ocrx_word' id='word_1_613' title='bbox 1139 1994 1154 2013; x_wconf 88' lang='lat' dir='ltr'><strong>a</strong></span> <span class='ocrx_word' id='word_1_614' title='bbox 1170 1987 1214 2014; x_wconf 86' lang='lat' dir='ltr'><strong>sui</strong></span> <span class='ocrx_word' id='word_1_615' title='bbox 1241 1986 1396 2018; x_wconf 76' lang='lat' dir='ltr'><strong>sacerdotii,</strong></span> <span class='ocrx_word' id='word_1_616' title='bbox 1421 1986 1478 2012; x_wconf 85' lang='lat' dir='ltr'><strong>sive</strong></span> <span class='ocrx_word' id='word_1_617' title='bbox 1500 1993 1515 2012; x_wconf 87' lang='lat' dir='ltr'><strong>a</strong></span> <span class='ocrx_word' id='word_1_618' title='bbox 1538 1987 1580 2012; x_wconf 89' lang='lat' dir='ltr'><strong>sui</strong></span> <span class='ocrx_word' id='word_1_619' title='bbox 1604 1986 1669 2013; x_wconf 88' lang='lat' dir='ltr'><strong>cieri</strong></span> <span class='ocrx_word' id='word_1_620' title='bbox 1695 1986 1792 2014; x_wconf 90' lang='lat' dir='ltr'><strong>ordine</strong></span> 
     </span>
    </p>
   </div>
   <div class='ocr_carea' id='block_1_87' title="bbox 1010 2032 1789 2064">
    <p class='ocr_par' dir='ltr' id='par_1_87' title="bbox 1010 2032 1789 2064">
     <span class='ocr_line' id='line_1_87' title="bbox 1010 2032 1789 2064; baseline -0.004 -2"><span class='ocrx_word' id='word_1_621' title='bbox 1010 2034 1099 2062; x_wconf 90' lang='lat' dir='ltr'><strong>modis</strong></span> <span class='ocrx_word' id='word_1_622' title='bbox 1113 2034 1241 2061; x_wconf 89' lang='lat' dir='ltr'><strong>omnibus</strong></span> <span class='ocrx_word' id='word_1_623' title='bbox 1254 2034 1391 2061; x_wconf 73' lang='lat' dir='ltr'><strong>excidant.</strong></span> <span class='ocrx_word' id='word_1_624' title='bbox 1408 2032 1456 2059; x_wconf 89' lang='lat' dir='ltr'><strong>Sin</strong></span> <span class='ocrx_word' id='word_1_625' title='bbox 1468 2038 1557 2061; x_wconf 79' lang='lat' dir='ltr'><strong>autem</strong></span> <span class='ocrx_word' id='word_1_626' title='bbox 1574 2033 1698 2060; x_wconf 91' lang='lat' dir='ltr'><strong>monachi</strong></span> <span class='ocrx_word' id='word_1_627' title='bbox 1715 2039 1789 2064; x_wconf 88' lang='lat' dir='ltr'><strong>sunt,</strong></span> 
     </span>
    </p>
   </div>
   <div class='ocr_carea' id='block_1_88' title="bbox 1009 2078 1790 2115">
    <p class='ocr_par' dir='ltr' id='par_1_88' title="bbox 1009 2078 1790 2115">
     <span class='ocr_line' id='line_1_88' title="bbox 1009 2078 1790 2115; baseline -0.003 -8"><span class='ocrx_word' id='word_1_628' title='bbox 1009 2084 1196 2115; x_wconf 81' lang='lat' dir='ltr'><strong>segregentur,</strong></span> <span class='ocrx_word' id='word_1_629' title='bbox 1213 2084 1241 2107; x_wconf 89' lang='lat' dir='ltr'><strong>et</strong></span> <span class='ocrx_word' id='word_1_630' title='bbox 1261 2080 1342 2107; x_wconf 87' lang='lat' dir='ltr'><strong>alieni</strong></span> <span class='ocrx_word' id='word_1_631' title='bbox 1366 2080 1420 2108; x_wconf 80' lang='lat' dir='ltr'><strong>sitit</strong></span> <span class='ocrx_word' id='word_1_632' title='bbox 1436 2087 1450 2106; x_wconf 89' lang='lat' dir='ltr'><strong>a</strong></span> <span class='ocrx_word' id='word_1_633' title='bbox 1468 2080 1525 2107; x_wconf 90' lang='lat' dir='ltr'><strong>suis</strong></span> <span class='ocrx_word' id='word_1_634' title='bbox 1539 2079 1617 2106; x_wconf 90' lang='lat' dir='ltr'><strong>locis.</strong></span> <span class='ocrx_word' id='word_1_635' title='bbox 1636 2078 1682 2105; x_wconf 91' lang='lat' dir='ltr'><strong>Sin</strong></span> <span class='ocrx_word' id='word_1_636' title='bbox 1701 2085 1790 2105; x_wconf 86' lang='lat' dir='ltr'><strong>autem</strong></span> 
     </span>
    </p>
   </div>
   <div class='ocr_carea' id='block_1_89' title="bbox 1009 2124 1788 2160">
    <p class='ocr_par' dir='ltr' id='par_1_89' title="bbox 1009 2124 1788 2160">
     <span class='ocr_line' id='line_1_89' title="bbox 1009 2124 1788 2160; baseline -0.003 -8"><span class='ocrx_word' id='word_1_637' title='bbox 1009 2125 1178 2160; x_wconf 81' lang='lat' dir='ltr'><strong>dignitatem,</strong></span> <span class='ocrx_word' id='word_1_638' title='bbox 1206 2129 1253 2151; x_wconf 89' lang='lat' dir='ltr'><strong>aut</strong></span> <span class='ocrx_word' id='word_1_639' title='bbox 1278 2125 1427 2159; x_wconf 82' lang='lat' dir='ltr'><strong>cingulum,</strong></span> <span class='ocrx_word' id='word_1_640' title='bbox 1443 2129 1488 2151; x_wconf 90' lang='lat' dir='ltr'><strong>aut</strong></span> <span class='ocrx_word' id='word_1_641' title='bbox 1510 2125 1635 2151; x_wconf 87' lang='lat' dir='ltr'><strong>militiam</strong></span> <span class='ocrx_word' id='word_1_642' title='bbox 1659 2124 1788 2154; x_wconf 86' lang='lat' dir='ltr'><strong>habeant,</strong></span> 
     </span>
    </p>
   </div>
   <div class='ocr_carea' id='block_1_90' title="bbox 1009 2169 1790 2205">
    <p class='ocr_par' dir='ltr' id='par_1_90' title="bbox 1009 2169 1790 2205">
     <span class='ocr_line' id='line_1_90' title="bbox 1009 2169 1790 2205; baseline -0.004 -6"><span class='ocrx_word' id='word_1_643' title='bbox 1009 2172 1147 2199; x_wconf 87' lang='lat' dir='ltr'><strong>nudentur</strong></span> <span class='ocrx_word' id='word_1_644' title='bbox 1167 2172 1217 2198; x_wconf 90' lang='lat' dir='ltr'><strong>eis.</strong></span> <span class='ocrx_word' id='word_1_645' title='bbox 1234 2170 1311 2204; x_wconf 86' lang='lat' dir='ltr'><strong>Quod</strong></span> <span class='ocrx_word' id='word_1_646' title='bbox 1337 2170 1359 2197; x_wconf 91' lang='lat' dir='ltr'><strong>si</strong></span> <span class='ocrx_word' id='word_1_647' title='bbox 1380 2170 1489 2205; x_wconf 82' lang='lat' dir='ltr'><strong>privati,</strong></span> <span class='ocrx_word' id='word_1_648' title='bbox 1511 2171 1534 2197; x_wconf 91' lang='lat' dir='ltr'><strong>si</strong></span> <span class='ocrx_word' id='word_1_649' title='bbox 1558 2169 1667 2205; x_wconf 91' lang='lat' dir='ltr'><strong>quidem</strong></span> <span class='ocrx_word' id='word_1_650' title='bbox 1685 2169 1790 2196; x_wconf 82' lang='lat' dir='ltr'><strong>nobiles</strong></span> 
     </span>
    </p>
   </div>
   <div class='ocr_carea' id='block_1_91' title="bbox 176 2209 1787 2250">
    <p class='ocr_par' dir='ltr' id='par_1_91' title="bbox 176 2209 1787 2250">
     <span class='ocr_line' id='line_1_91' title="bbox 176 2209 1787 2250; baseline 0.004 -15"><span class='ocrx_word' id='word_1_651' title='bbox 176 2209 257 2236; x_wconf 90' lang='lat' dir='ltr'><strong>bilem</strong></span> <span class='ocrx_word' id='word_1_652' title='bbox 272 2209 325 2237; x_wconf 88' lang='lat' dir='ltr'><strong>Deo</strong></span> <span class='ocrx_word' id='word_1_653' title='bbox 340 2214 444 2245; x_wconf 87' lang='lat' dir='ltr'><strong>partem</strong></span> <span class='ocrx_word' id='word_1_654' title='bbox 461 2212 666 2246; x_wconf 83' lang='lat' dir='ltr'><strong>amplectentes.</strong></span> <span class='ocrx_word' id='word_1_655' title='bbox 676 2213 810 2246; x_wconf 89' lang='lat' dir='ltr'><strong>Quoniam</strong></span> <span class='ocrx_word' id='word_1_656' title='bbox 823 2215 955 2250; x_wconf 88' lang='lat' dir='ltr'><strong>scriptum</strong></span> <span class='ocrx_word' id='word_1_657' title='bbox 974 2214 994 2241; x_wconf 85' lang='lat' dir='ltr'><strong>D</strong></span> <span class='ocrx_word' id='word_1_658' title='bbox 1007 2218 1171 2249; x_wconf 73' lang='lat' dir='ltr'><strong>conSistunt,</strong></span> <span class='ocrx_word' id='word_1_659' title='bbox 1187 2224 1299 2244; x_wconf 87' lang='lat' dir='ltr'><strong>suarum</strong></span> <span class='ocrx_word' id='word_1_660' title='bbox 1323 2216 1537 2244; x_wconf 84' lang='lat' dir='ltr'><strong>substantiarum</strong></span> <span class='ocrx_word' id='word_1_661' title='bbox 1561 2215 1787 2250; x_wconf 86' lang='lat' dir='ltr'><strong>proscriptionem</strong></span> 
     </span>
    </p>
   </div>
   <div class='ocr_carea' id='block_1_92' title="bbox 175 2254 960 2294">
    <p class='ocr_par' dir='ltr' id='par_1_92' title="bbox 175 2254 960 2294">
     <span class='ocr_line' id='line_1_92' title="bbox 175 2254 960 2294; baseline 0.008 -12"><span class='ocrx_word' id='word_1_662' title='bbox 175 2259 240 2282; x_wconf 90' lang='lat' dir='ltr'><strong>est:</strong></span> <span class='ocrx_word' id='word_1_663' title='bbox 265 2254 354 2282; x_wconf 84' lang='lat' dir='ltr'><strong>Zelavi</strong></span> <span class='ocrx_word' id='word_1_664' title='bbox 376 2257 403 2283; x_wconf 89' lang='lat' dir='ltr'><strong>in</strong></span> <span class='ocrx_word' id='word_1_665' title='bbox 423 2259 599 2291; x_wconf 81' lang='lat' dir='ltr'><strong>peccatoribus</strong></span> <span class='ocrx_word' id='word_1_666' title='bbox 624 2266 713 2292; x_wconf 87' lang='lat' dir='ltr'><strong>pacem</strong></span> <span class='ocrx_word' id='word_1_667' title='bbox 733 2265 897 2294; x_wconf 63' lang='lat' dir='ltr'><strong>peccatorum</strong></span> <span class='ocrx_word' id='word_1_668' title='bbox 922 2262 960 2288; x_wconf 82' lang='lat' dir='ltr'><strong>ci-</strong></span> 
     </span>
    </p>
   </div>
   <div class='ocr_carea' id='block_1_93' title="bbox 175 2300 953 2334">
    <p class='ocr_par' dir='ltr' id='par_1_93' title="bbox 175 2300 953 2334">
     <span class='ocr_line' id='line_1_93' title="bbox 175 2300 953 2334; baseline 0.008 -6"><span class='ocrx_word' id='word_1_669' title='bbox 175 2300 237 2328; x_wconf 82' lang='lat' dir='ltr'><strong>dens</strong></span> <span class='ocrx_word' id='word_1_670' title='bbox 252 2302 285 2329; x_wconf 83' lang='lat'><strong>&quot;.</strong></span> <span class='ocrx_word' id='word_1_671' title='bbox 298 2301 330 2328; x_wconf 87' lang='lat' dir='ltr'><strong>Et</strong></span> <span class='ocrx_word' id='word_1_672' title='bbox 344 2303 451 2330; x_wconf 86' lang='lat' dir='ltr'><strong>dicatur</strong></span> <span class='ocrx_word' id='word_1_673' title='bbox 461 2304 542 2331; x_wconf 84' lang='lat' dir='ltr'><strong>etiam</strong></span> <span class='ocrx_word' id='word_1_674' title='bbox 559 2305 592 2332; x_wconf 89' lang='lat' dir='ltr'><strong>de</strong></span> <span class='ocrx_word' id='word_1_675' title='bbox 612 2306 691 2333; x_wconf 87' lang='lat' dir='ltr'><strong>nobis</strong></span> <span class='ocrx_word' id='word_1_676' title='bbox 709 2315 717 2333; x_wconf 85' lang='lat'><strong>:</strong></span> <span class='ocrx_word' id='word_1_677' title='bbox 734 2305 889 2334; x_wconf 81' lang='lat' dir='ltr'><strong>Sacerdotes</strong></span> <span class='ocrx_word' id='word_1_678' title='bbox 902 2308 953 2334; x_wconf 86' lang='lat' dir='ltr'><strong>mei</strong></span> 
     </span>
    </p>
   </div>
   <div class='ocr_carea' id='block_1_94' title="bbox 174 2349 957 2384">
    <p class='ocr_par' dir='ltr' id='par_1_94' title="bbox 174 2349 957 2384">
     <span class='ocr_line' id='line_1_94' title="bbox 174 2349 957 2384; baseline 0.009 -12"><span class='ocrx_word' id='word_1_679' title='bbox 174 2351 383 2381; x_wconf 83' lang='lat' dir='ltr'><strong>contempserunt</strong></span> <span class='ocrx_word' id='word_1_680' title='bbox 395 2356 477 2374; x_wconf 85' lang='lat' dir='ltr'><strong>nteant</strong></span> <span class='ocrx_word' id='word_1_681' title='bbox 493 2349 582 2383; x_wconf 77' lang='lat' dir='ltr'><strong>legem,</strong></span> <span class='ocrx_word' id='word_1_682' title='bbox 599 2354 623 2376; x_wconf 85' lang='lat' dir='ltr'><strong>et</strong></span> <span class='ocrx_word' id='word_1_683' title='bbox 638 2351 788 2384; x_wconf 83' lang='lat' dir='ltr'><strong>polluerunt</strong></span> <span class='ocrx_word' id='word_1_684' title='bbox 804 2353 957 2379; x_wconf 75' lang='lat' dir='ltr'><strong>sanctuariu</strong></span> 
     </span>
    </p>
   </div>
   <div class='ocr_carea' id='block_1_95' title="bbox 175 2393 955 2429">
    <p class='ocr_par' dir='ltr' id='par_1_95' title="bbox 175 2393 955 2429">
     <span class='ocr_line' id='line_1_95' title="bbox 175 2393 955 2429; baseline 0.008 -11"><span class='ocrx_word' id='word_1_685' title='bbox 175 2400 243 2424; x_wconf 87' lang='lat' dir='ltr'><strong>mea,</strong></span> <span class='ocrx_word' id='word_1_686' title='bbox 256 2393 324 2419; x_wconf 84' lang='lat' dir='ltr'><strong>inter</strong></span> <span class='ocrx_word' id='word_1_687' title='bbox 334 2398 454 2420; x_wconf 83' lang='lat' dir='ltr'><strong>sanctum</strong></span> <span class='ocrx_word' id='word_1_688' title='bbox 473 2400 494 2421; x_wconf 87' lang='lat' dir='ltr'><strong>et</strong></span> <span class='ocrx_word' id='word_1_689' title='bbox 506 2395 646 2429; x_wconf 85' lang='lat' dir='ltr'><strong>profanum</strong></span> <span class='ocrx_word' id='word_1_690' title='bbox 661 2404 712 2422; x_wconf 88' lang='lat' dir='ltr'><strong>non</strong></span> <span class='ocrx_word' id='word_1_691' title='bbox 723 2395 835 2423; x_wconf 84' lang='lat' dir='ltr'><strong>habuere</strong></span> <span class='ocrx_word' id='word_1_692' title='bbox 849 2396 955 2424; x_wconf 84' lang='lat' dir='ltr'><strong>distan-</strong></span> 
     </span>
    </p>
   </div>
   <div class='ocr_carea' id='block_1_96' title="bbox 175 2437 956 2473">
    <p class='ocr_par' dir='ltr' id='par_1_96' title="bbox 175 2437 956 2473">
     <span class='ocr_line' id='line_1_96' title="bbox 175 2437 956 2473; baseline 0.008 -9"><span class='ocrx_word' id='word_1_693' title='bbox 175 2437 250 2468; x_wconf 84' lang='lat' dir='ltr'><strong>tiam,</strong></span> <span class='ocrx_word' id='word_1_694' title='bbox 267 2443 291 2464; x_wconf 91' lang='lat' dir='ltr'><strong>et</strong></span> <span class='ocrx_word' id='word_1_695' title='bbox 307 2439 374 2465; x_wconf 88' lang='lat' dir='ltr'><strong>inter</strong></span> <span class='ocrx_word' id='word_1_696' title='bbox 395 2439 526 2473; x_wconf 86' lang='lat' dir='ltr'><strong>pollutum</strong></span> <span class='ocrx_word' id='word_1_697' title='bbox 546 2447 570 2468; x_wconf 88' lang='lat' dir='ltr'><strong>et</strong></span> <span class='ocrx_word' id='word_1_698' title='bbox 592 2441 719 2468; x_wconf 87' lang='lat' dir='ltr'><strong>mundum</strong></span> <span class='ocrx_word' id='word_1_699' title='bbox 742 2450 792 2469; x_wconf 88' lang='lat' dir='ltr'><strong>non</strong></span> <span class='ocrx_word' id='word_1_700' title='bbox 821 2443 956 2470; x_wconf 69' lang='lat' dir='ltr'><strong>intellexe-</strong></span> 
     </span>
    </p>
   </div>
   <div class='ocr_carea' id='block_1_97' title="bbox 174 2484 956 2521">
    <p class='ocr_par' dir='ltr' id='par_1_97' title="bbox 174 2484 956 2521">
     <span class='ocr_line' id='line_1_97' title="bbox 174 2484 956 2521; baseline 0.006 -11"><span class='ocrx_word' id='word_1_701' title='bbox 174 2489 235 2511; x_wconf 87' lang='lat' dir='ltr'><strong>runt</strong></span> <span class='ocrx_word' id='word_1_702' title='bbox 250 2484 352 2512; x_wconf 81' lang='lat' dir='ltr'><strong>&quot;.-Sed</strong></span> <span class='ocrx_word' id='word_1_703' title='bbox 361 2493 524 2521; x_wconf 77' lang='lat' dir='ltr'><strong>consurgere</strong></span> <span class='ocrx_word' id='word_1_704' title='bbox 538 2494 587 2514; x_wconf 91' lang='lat' dir='ltr'><strong>nos</strong></span> <span class='ocrx_word' id='word_1_705' title='bbox 597 2488 724 2515; x_wconf 87' lang='lat' dir='ltr'><strong>convenit</strong></span> <span class='ocrx_word' id='word_1_706' title='bbox 737 2496 798 2515; x_wconf 92' lang='lat' dir='ltr'><strong>cum</strong></span> <span class='ocrx_word' id='word_1_707' title='bbox 814 2488 878 2521; x_wconf 90' lang='lat' dir='ltr'><strong>Deo,</strong></span> <span class='ocrx_word' id='word_1_708' title='bbox 891 2497 956 2516; x_wconf 91' lang='lat' dir='ltr'><strong>con-</strong></span> 
     </span>
    </p>
   </div>
   <div class='ocr_carea' id='block_1_98' title="bbox 174 2531 956 2570">
    <p class='ocr_par' dir='ltr' id='par_1_98' title="bbox 174 2531 956 2570">
     <span class='ocr_line' id='line_1_98' title="bbox 174 2531 956 2570; baseline 0.006 -12"><span class='ocrx_word' id='word_1_709' title='bbox 174 2531 270 2559; x_wconf 87' lang='lat' dir='ltr'><strong>sistere</strong></span> <span class='ocrx_word' id='word_1_710' title='bbox 284 2536 418 2567; x_wconf 88' lang='lat' dir='ltr'><strong>prompte,</strong></span> <span class='ocrx_word' id='word_1_711' title='bbox 438 2533 581 2561; x_wconf 89' lang='lat' dir='ltr'><strong>induentes</strong></span> <span class='ocrx_word' id='word_1_712' title='bbox 598 2541 672 2560; x_wconf 91' lang='lat' dir='ltr'><strong>arma</strong></span> <span class='ocrx_word' id='word_1_713' title='bbox 689 2533 808 2570; x_wconf 88' lang='lat' dir='ltr'><strong>Spiritus</strong></span> <span class='ocrx_word' id='word_1_714' title='bbox 825 2535 956 2563; x_wconf 83' lang='lat' dir='ltr'><strong>adversus</strong></span> 
     </span>
    </p>
   </div>
   <div class='ocr_carea' id='block_1_99' title="bbox 172 2578 955 2616">
    <p class='ocr_par' dir='ltr' id='par_1_99' title="bbox 172 2578 955 2616">
     <span class='ocr_line' id='line_1_99' title="bbox 172 2578 955 2616; baseline 0.006 -12"><span class='ocrx_word' id='word_1_715' title='bbox 172 2578 355 2613; x_wconf 79' lang='lat' dir='ltr'><strong>malignantes</strong></span> <span class='ocrx_word' id='word_1_716' title='bbox 385 2583 479 2606; x_wconf 90' lang='lat' dir='ltr'><strong>contra</strong></span> <span class='ocrx_word' id='word_1_717' title='bbox 510 2579 588 2607; x_wconf 84' lang='lat' dir='ltr'><strong>iidem</strong></span> <span class='ocrx_word' id='word_1_718' title='bbox 614 2580 692 2614; x_wconf 88' lang='lat' dir='ltr'><strong>ejus,</strong></span> <span class='ocrx_word' id='word_1_719' title='bbox 721 2585 748 2607; x_wconf 92' lang='lat' dir='ltr'><strong>ut</strong></span> <span class='ocrx_word' id='word_1_720' title='bbox 775 2582 955 2616; x_wconf 86' lang='lat' dir='ltr'><strong>approbemus</strong></span> 
     </span>
    </p>
   </div>
   <div class='ocr_carea' id='block_1_100' title="bbox 174 2620 954 2659">
    <p class='ocr_par' dir='ltr' id='par_1_100' title="bbox 174 2620 954 2659">
     <span class='ocr_line' id='line_1_100' title="bbox 174 2620 954 2659; baseline 0.008 -9"><span class='ocrx_word' id='word_1_721' title='bbox 174 2621 294 2658; x_wconf 87' lang='lat' dir='ltr'><strong>Spiritus</strong></span> <span class='ocrx_word' id='word_1_722' title='bbox 309 2625 456 2659; x_wconf 88' lang='lat' dir='ltr'><strong>sapienter,</strong></span> <span class='ocrx_word' id='word_1_723' title='bbox 475 2625 501 2652; x_wconf 88' lang='lat' dir='ltr'><strong>id</strong></span> <span class='ocrx_word' id='word_1_724' title='bbox 515 2629 568 2657; x_wconf 88' lang='lat' dir='ltr'><strong>est,</strong></span> <span class='ocrx_word' id='word_1_725' title='bbox 587 2620 670 2654; x_wconf 88' lang='lat' dir='ltr'><strong>verba</strong></span> <span class='ocrx_word' id='word_1_726' title='bbox 684 2635 790 2659; x_wconf 89' lang='lat' dir='ltr'><strong>eorum,</strong></span> <span class='ocrx_word' id='word_1_727' title='bbox 806 2629 829 2655; x_wconf 91' lang='lat' dir='ltr'><strong>si</strong></span> <span class='ocrx_word' id='word_1_728' title='bbox 851 2636 882 2655; x_wconf 77' lang='lat' dir='ltr'><strong>ex</strong></span> <span class='ocrx_word' id='word_1_729' title='bbox 900 2628 954 2656; x_wconf 86' lang='lat' dir='ltr'><strong>Deo</strong></span> 
     </span>
    </p>
   </div>
   <div class='ocr_carea' id='block_1_101' title="bbox 209 2734 749 2769">
    <p class='ocr_par' dir='ltr' id='par_1_101' title="bbox 209 2734 749 2769">
     <span class='ocr_line' id='line_1_101' title="bbox 209 2734 749 2769; baseline 0.006 -8"><span class='ocrx_word' id='word_1_730' title='bbox 209 2734 231 2751; x_wconf 79' lang='grc'><strong>¹⁹</strong></span> <span class='ocrx_word' id='word_1_731' title='bbox 250 2734 270 2761; x_wconf 93' lang='lat' dir='ltr'><strong>ll</strong></span> <span class='ocrx_word' id='word_1_732' title='bbox 287 2735 358 2763; x_wconf 90' lang='lat' dir='ltr'><strong>Tim.</strong></span> <span class='ocrx_word' id='word_1_733' title='bbox 377 2745 394 2763; x_wconf 88' lang='grc' dir='ltr'><strong>ιι</strong></span> <span class='ocrx_word' id='word_1_734' title='bbox 408 2757 415 2766; x_wconf 90' lang='grc'><strong>.</strong></span> <span class='ocrx_word' id='word_1_735' title='bbox 433 2737 459 2763; x_wconf 83' lang='lat'><strong>5.</strong></span> <span class='ocrx_word' id='word_1_736' title='bbox 500 2738 522 2753; x_wconf 82' lang='grc'><strong>¹⁰</strong></span> <span class='ocrx_word' id='word_1_737' title='bbox 543 2737 636 2764; x_wconf 82' lang='lat' dir='ltr'><strong>Matth.</strong></span> <span class='ocrx_word' id='word_1_738' title='bbox 656 2746 670 2764; x_wconf 74' lang='grc' dir='ltr'><strong>κ</strong></span> <span class='ocrx_word' id='word_1_739' title='bbox 683 2759 690 2769; x_wconf 86' lang='grc'><strong>,</strong></span> <span class='ocrx_word' id='word_1_740' title='bbox 705 2737 749 2764; x_wconf 70' lang='lat'><strong>‘22.</strong></span> 
     </span>
    </p>
   </div>
   <div class='ocr_carea' id='block_1_102' title="bbox 174 2769 957 2804">
    <p class='ocr_par' dir='ltr' id='par_1_102' title="bbox 174 2769 957 2804">
     <span class='ocr_line' id='line_1_102' title="bbox 174 2769 957 2804; baseline 0.005 -8"><span class='ocrx_word' id='word_1_741' title='bbox 174 2775 217 2799; x_wconf 87' lang='lat' dir='ltr'><strong>III,</strong></span> <span class='ocrx_word' id='word_1_742' title='bbox 235 2769 282 2800; x_wconf 76' lang='lat'><strong>10,</strong></span> <span class='ocrx_word' id='word_1_743' title='bbox 300 2771 341 2796; x_wconf 83' lang='lat' dir='ltr'><strong>tl.</strong></span> <span class='ocrx_word' id='word_1_744' title='bbox 380 2772 402 2787; x_wconf 76' lang='grc'><strong>’³</strong></span> <span class='ocrx_word' id='word_1_745' title='bbox 421 2770 492 2799; x_wconf 82' lang='lat' dir='ltr'><strong>Psal.</strong></span> <span class='ocrx_word' id='word_1_746' title='bbox 513 2780 580 2804; x_wconf 78' lang='lat' dir='ltr'><strong>uti,</strong></span> <span class='ocrx_word' id='word_1_747' title='bbox 597 2774 623 2800; x_wconf 78' lang='lat'><strong>5.</strong></span> <span class='ocrx_word' id='word_1_748' title='bbox 662 2773 685 2788; x_wconf 82' lang='lat'>&quot;</span> <span class='ocrx_word' id='word_1_749' title='bbox 704 2773 801 2800; x_wconf 75' lang='lat' dir='ltr'><strong>Ezech.</strong></span> <span class='ocrx_word' id='word_1_750' title='bbox 822 2781 876 2799; x_wconf 66' lang='grc' dir='ltr'>χχιι</span> <span class='ocrx_word' id='word_1_751' title='bbox 889 2793 896 2802; x_wconf 86' lang='grc'><strong>,</strong></span> <span class='ocrx_word' id='word_1_752' title='bbox 913 2773 957 2800; x_wconf 70' lang='grc'><strong>26.</strong></span> 
     </span>
    </p>
   </div>
   <div class='ocr_carea' id='block_1_103' title="bbox 175 2803 917 2839">
    <p class='ocr_par' dir='ltr' id='par_1_103' title="bbox 175 2803 917 2839">
     <span class='ocr_line' id='line_1_103' title="bbox 175 2803 917 2839; baseline 0.005 -8"><span class='ocrx_word' id='word_1_753' title='bbox 175 2804 198 2821; x_wconf 77' lang='grc'><strong>³⁸</strong></span> <span class='ocrx_word' id='word_1_754' title='bbox 216 2803 310 2832; x_wconf 79' lang='lat' dir='ltr'><strong>Matth.</strong></span> <span class='ocrx_word' id='word_1_755' title='bbox 329 2813 384 2837; x_wconf 81' lang='lat' dir='ltr'><strong>m,</strong></span> <span class='ocrx_word' id='word_1_756' title='bbox 406 2807 452 2839; x_wconf 71' lang='lat' dir='ltr'><strong>t3,</strong></span> <span class='ocrx_word' id='word_1_757' title='bbox 475 2808 515 2834; x_wconf 71' lang='lat' dir='ltr'><strong>tu&quot;.</strong></span> <span class='ocrx_word' id='word_1_758' title='bbox 554 2809 574 2823; x_wconf 79' lang='lat'>“</span> <span class='ocrx_word' id='word_1_759' title='bbox 597 2807 665 2835; x_wconf 77' lang='lat' dir='ltr'><strong>l‘s.il.</strong></span> <span class='ocrx_word' id='word_1_760' title='bbox 686 2815 778 2837; x_wconf 65' lang='lat' dir='ltr'><strong>cxx-nt,</strong></span> <span class='ocrx_word' id='word_1_761' title='bbox 798 2809 838 2839; x_wconf 77' lang='lat' dir='ltr'><strong>l8,</strong></span> <span class='ocrx_word' id='word_1_762' title='bbox 860 2808 917 2835; x_wconf 67' lang='lat' dir='ltr'><strong>til‘i.</strong></span> 
     </span>
    </p>
   </div>
   <div class='ocr_carea' id='block_1_104' title="bbox 802 2737 1556 2807">
    <p class='ocr_par' dir='ltr' id='par_1_104' title="bbox 802 2737 1556 2807">
     <span class='ocr_line' id='line_1_104' title="bbox 802 2737 1556 2770; baseline 0.004 -6"><span class='ocrx_word' id='word_1_763' title='bbox 802 2739 821 2754; x_wconf 82' lang='lat'><strong>&quot;</strong></span> <span class='ocrx_word' id='word_1_764' title='bbox 836 2737 908 2766; x_wconf 86' lang='lat' dir='ltr'><strong>Psal.</strong></span> <span class='ocrx_word' id='word_1_765' title='bbox 928 2746 1000 2769; x_wconf 80' lang='lat' dir='ltr'><strong>xvu,</strong></span> <span class='ocrx_word' id='word_1_766' title='bbox 1018 2738 1062 2765; x_wconf 77' lang='lat'><strong>34.</strong></span> <span class='ocrx_word' id='word_1_767' title='bbox 1099 2739 1122 2754; x_wconf 82' lang='lat'><strong>&quot;</strong></span> <span class='ocrx_word' id='word_1_768' title='bbox 1141 2737 1221 2765; x_wconf 85' lang='lat' dir='ltr'><strong>Hebr.</strong></span> <span class='ocrx_word' id='word_1_769' title='bbox 1240 2745 1293 2769; x_wconf 79' lang='grc' dir='ltr'>ιιιι,</span> <span class='ocrx_word' id='word_1_770' title='bbox 1311 2738 1336 2770; x_wconf 82' lang='lat' dir='ltr'><strong>l,</strong></span> <span class='ocrx_word' id='word_1_771' title='bbox 1354 2737 1379 2764; x_wconf 77' lang='grc'><strong>2.</strong></span> <span class='ocrx_word' id='word_1_772' title='bbox 1418 2739 1441 2755; x_wconf 81' lang='grc'>³³</span> <span class='ocrx_word' id='word_1_773' title='bbox 1460 2738 1510 2767; x_wconf 71' lang='lat' dir='ltr'><strong>lia.</strong></span> <span class='ocrx_word' id='word_1_774' title='bbox 1530 2748 1556 2767; x_wconf 70' lang='lat' dir='ltr'><strong>in</strong></span> 
     </span>
     <span class='ocr_line' id='line_1_105' title="bbox 822 2771 1556 2807; baseline 0.004 -8"><span class='ocrx_word' id='word_1_775' title='bbox 822 2781 876 2799; x_wconf 66' lang='grc' dir='ltr'>χχιι</span> <span class='ocrx_word' id='word_1_776' title='bbox 889 2793 896 2802; x_wconf 85' lang='grc'><strong>,</strong></span> <span class='ocrx_word' id='word_1_777' title='bbox 913 2773 957 2800; x_wconf 70' lang='grc'><strong>26.</strong></span> <span class='ocrx_word' id='word_1_778' title='bbox 996 2774 1016 2789; x_wconf 87' lang='grc'>²⁷</span> <span class='ocrx_word' id='word_1_779' title='bbox 1037 2773 1135 2800; x_wconf 83' lang='lat' dir='ltr'><strong>Jerem.</strong></span> <span class='ocrx_word' id='word_1_780' title='bbox 1154 2773 1197 2807; x_wconf 68' lang='lat' dir='ltr'><strong>Vl:,</strong></span> <span class='ocrx_word' id='word_1_781' title='bbox 1214 2773 1257 2798; x_wconf 72' lang='grc'><strong>27.</strong></span> <span class='ocrx_word' id='word_1_782' title='bbox 1297 2773 1319 2788; x_wconf 85' lang='grc'><strong>¹¹⁴</strong></span> <span class='ocrx_word' id='word_1_783' title='bbox 1339 2771 1358 2798; x_wconf 91' lang='grc' dir='ltr'><strong>ΙΙ</strong></span> <span class='ocrx_word' id='word_1_784' title='bbox 1375 2773 1439 2801; x_wconf 85' lang='lat' dir='ltr'><strong>Cor.</strong></span> <span class='ocrx_word' id='word_1_785' title='bbox 1458 2783 1496 2807; x_wconf 74' lang='grc' dir='ltr'><strong>ιι,</strong></span> <span class='ocrx_word' id='word_1_786' title='bbox 1514 2776 1556 2803; x_wconf 74' lang='lat'><strong>15‘.</strong></span> 
     </span>
    </p>
   </div>
   <div class='ocr_carea' id='block_1_105' title="bbox 957 2807 1244 2841">
    <p class='ocr_par' dir='ltr' id='par_1_105' title="bbox 957 2807 1244 2841">
     <span class='ocr_line' id='line_1_106' title="bbox 957 2807 1244 2841; baseline -0.003 -6"><span class='ocrx_word' id='word_1_787' title='bbox 957 2809 977 2824; x_wconf 82' lang='grc'><strong>³¹</strong></span> <span class='ocrx_word' id='word_1_788' title='bbox 998 2807 1064 2835; x_wconf 80' lang='lat' dir='ltr'><strong>Dan.</strong></span> <span class='ocrx_word' id='word_1_789' title='bbox 1083 2816 1119 2841; x_wconf 85' lang='grc' dir='ltr'><strong>ιι,</strong></span> <span class='ocrx_word' id='word_1_790' title='bbox 1138 2807 1183 2839; x_wconf 77' lang='grc'><strong>21,</strong></span> <span class='ocrx_word' id='word_1_791' title='bbox 1200 2808 1244 2834; x_wconf 71' lang='grc'><strong>22.</strong></span> 
     </span>
    </p>
   </div>
   <div class='ocr_carea' id='block_1_106' title="bbox 1008 2261 1787 2298">
    <p class='ocr_par' dir='ltr' id='par_1_106' title="bbox 1008 2261 1787 2298">
     <span class='ocr_line' id='line_1_107' title="bbox 1008 2261 1787 2298; baseline -0.004 -9"><span class='ocrx_word' id='word_1_792' title='bbox 1008 2264 1157 2298; x_wconf 89' lang='lat' dir='ltr'><strong>patiantur.</strong></span> <span class='ocrx_word' id='word_1_793' title='bbox 1191 2262 1238 2289; x_wconf 92' lang='lat' dir='ltr'><strong>Sin</strong></span> <span class='ocrx_word' id='word_1_794' title='bbox 1264 2267 1352 2288; x_wconf 88' lang='lat' dir='ltr'><strong>autem</strong></span> <span class='ocrx_word' id='word_1_795' title='bbox 1375 2261 1508 2296; x_wconf 79' lang='lat' dir='ltr'><strong>ignobiles</strong></span> <span class='ocrx_word' id='word_1_796' title='bbox 1534 2261 1706 2292; x_wconf 86' lang='lat' dir='ltr'><strong>consistunt,</strong></span> <span class='ocrx_word' id='word_1_797' title='bbox 1732 2268 1787 2287; x_wconf 86' lang='lat' dir='ltr'><strong>non</strong></span> 
     </span>
    </p>
   </div>
   <div class='ocr_carea' id='block_1_107' title="bbox 1009 2309 1784 2344">
    <p class='ocr_par' dir='ltr' id='par_1_107' title="bbox 1009 2309 1784 2344">
     <span class='ocr_line' id='line_1_108' title="bbox 1009 2309 1784 2344; baseline -0.004 -7"><span class='ocrx_word' id='word_1_798' title='bbox 1009 2310 1097 2337; x_wconf 88' lang='lat' dir='ltr'><strong>solum</strong></span> <span class='ocrx_word' id='word_1_799' title='bbox 1113 2310 1140 2336; x_wconf 89' lang='lat' dir='ltr'><strong>in</strong></span> <span class='ocrx_word' id='word_1_800' title='bbox 1160 2317 1272 2344; x_wconf 88' lang='lat' dir='ltr'><strong>corpore</strong></span> <span class='ocrx_word' id='word_1_801' title='bbox 1294 2309 1479 2341; x_wconf 84' lang='lat' dir='ltr'><strong>verberentur,</strong></span> <span class='ocrx_word' id='word_1_802' title='bbox 1500 2309 1549 2336; x_wconf 89' lang='lat' dir='ltr'><strong>sed</strong></span> <span class='ocrx_word' id='word_1_803' title='bbox 1573 2309 1670 2335; x_wconf 85' lang='lat' dir='ltr'><strong>exsilio</strong></span> <span class='ocrx_word' id='word_1_804' title='bbox 1688 2315 1784 2343; x_wconf 87' lang='lat' dir='ltr'><strong>perpe-</strong></span> 
     </span>
    </p>
   </div>
   <div class='ocr_carea' id='block_1_108' title="bbox 1009 2353 1786 2391">
    <p class='ocr_par' dir='ltr' id='par_1_108' title="bbox 1009 2353 1786 2391">
     <span class='ocr_line' id='line_1_109' title="bbox 1009 2353 1786 2391; baseline -0.005 -8"><span class='ocrx_word' id='word_1_805' title='bbox 1009 2360 1055 2384; x_wconf 91' lang='lat' dir='ltr'><strong>tuo</strong></span> <span class='ocrx_word' id='word_1_806' title='bbox 1079 2356 1257 2391; x_wconf 78' lang='lat' dir='ltr'><strong>castigentur,</strong></span> <span class='ocrx_word' id='word_1_807' title='bbox 1272 2358 1301 2382; x_wconf 92' lang='lat' dir='ltr'><strong>ut</strong></span> <span class='ocrx_word' id='word_1_808' title='bbox 1326 2361 1421 2382; x_wconf 89' lang='lat' dir='ltr'><strong>onmes</strong></span> <span class='ocrx_word' id='word_1_809' title='bbox 1438 2354 1535 2381; x_wconf 88' lang='lat' dir='ltr'><strong>timore</strong></span> <span class='ocrx_word' id='word_1_810' title='bbox 1555 2353 1602 2380; x_wconf 89' lang='lat' dir='ltr'><strong>Dei</strong></span> <span class='ocrx_word' id='word_1_811' title='bbox 1626 2353 1786 2388; x_wconf 87' lang='lat' dir='ltr'><strong>compressi,</strong></span> 
     </span>
    </p>
   </div>
   <div class='ocr_carea' id='block_1_109' title="bbox 1008 2399 1786 2435">
    <p class='ocr_par' dir='ltr' id='par_1_109' title="bbox 1008 2399 1786 2435">
     <span class='ocr_line' id='line_1_110' title="bbox 1008 2399 1786 2435; baseline -0.005 -6"><span class='ocrx_word' id='word_1_812' title='bbox 1008 2405 1035 2429; x_wconf 87' lang='lat' dir='ltr'><strong>ct</strong></span> <span class='ocrx_word' id='word_1_813' title='bbox 1056 2401 1222 2428; x_wconf 89' lang='lat' dir='ltr'><strong>comminata</strong></span> <span class='ocrx_word' id='word_1_814' title='bbox 1245 2401 1284 2427; x_wconf 89' lang='lat' dir='ltr'><strong>eis</strong></span> <span class='ocrx_word' id='word_1_815' title='bbox 1298 2400 1380 2435; x_wconf 83' lang='lat' dir='ltr'><strong>digna</strong></span> <span class='ocrx_word' id='word_1_816' title='bbox 1397 2399 1529 2435; x_wconf 90' lang='lat' dir='ltr'><strong>supplicia</strong></span> <span class='ocrx_word' id='word_1_817' title='bbox 1549 2402 1719 2430; x_wconf 84' lang='lat' dir='ltr'><strong>reverentes,</strong></span> <span class='ocrx_word' id='word_1_818' title='bbox 1735 2399 1786 2425; x_wconf 86' lang='lat' dir='ltr'><strong>itu-</strong></span> 
     </span>
    </p>
   </div>
   <div class='ocr_carea' id='block_1_110' title="bbox 1008 2445 1786 2481">
    <p class='ocr_par' dir='ltr' id='par_1_110' title="bbox 1008 2445 1786 2481">
     <span class='ocr_line' id='line_1_111' title="bbox 1008 2445 1786 2481; baseline -0.003 -6"><span class='ocrx_word' id='word_1_819' title='bbox 1008 2447 1134 2475; x_wconf 87' lang='lat' dir='ltr'><strong>mobilem</strong></span> <span class='ocrx_word' id='word_1_820' title='bbox 1150 2450 1177 2474; x_wconf 90' lang='lat' dir='ltr'><strong>et</strong></span> <span class='ocrx_word' id='word_1_821' title='bbox 1194 2447 1254 2474; x_wconf 90' lang='lat' dir='ltr'><strong>sine</strong></span> <span class='ocrx_word' id='word_1_822' title='bbox 1271 2447 1426 2474; x_wconf 88' lang='lat' dir='ltr'><strong>turbatione</strong></span> <span class='ocrx_word' id='word_1_823' title='bbox 1451 2453 1544 2481; x_wconf 87' lang='lat' dir='ltr'><strong>pacem</strong></span> <span class='ocrx_word' id='word_1_824' title='bbox 1562 2449 1718 2472; x_wconf 86' lang='lat' dir='ltr'><strong>sanctarum</strong></span> <span class='ocrx_word' id='word_1_825' title='bbox 1739 2445 1786 2473; x_wconf 92' lang='lat' dir='ltr'><strong>Dei</strong></span> 
     </span>
    </p>
   </div>
   <div class='ocr_carea' id='block_1_111' title="bbox 1008 2490 1788 2524">
    <p class='ocr_par' dir='ltr' id='par_1_111' title="bbox 1008 2490 1788 2524">
     <span class='ocr_line' id='line_1_112' title="bbox 1008 2490 1788 2524; baseline -0.001 -4"><span class='ocrx_word' id='word_1_826' title='bbox 1008 2493 1189 2520; x_wconf 84' lang='lat' dir='ltr'><strong>Ecclesiarum</strong></span> <span class='ocrx_word' id='word_1_827' title='bbox 1211 2492 1377 2520; x_wconf 90' lang='lat' dir='ltr'><strong>custodiant.</strong></span> <span class='ocrx_word' id='word_1_828' title='bbox 1399 2491 1465 2518; x_wconf 83' lang='lat' dir='ltr'><strong>Data</strong></span> <span class='ocrx_word' id='word_1_829' title='bbox 1486 2498 1533 2519; x_wconf 86' lang='lat' dir='ltr'><strong>vnt</strong></span> <span class='ocrx_word' id='word_1_830' title='bbox 1554 2490 1613 2518; x_wconf 84' lang='lat' dir='ltr'><strong>Kal.</strong></span> <span class='ocrx_word' id='word_1_831' title='bbox 1635 2490 1718 2524; x_wconf 77' lang='lat' dir='ltr'><strong>Junii,</strong></span> <span class='ocrx_word' id='word_1_832' title='bbox 1736 2491 1788 2519; x_wconf 81' lang='lat' dir='ltr'><strong>As-</strong></span> 
     </span>
    </p>
   </div>
   <div class='ocr_carea' id='block_1_112' title="bbox 1006 2535 1784 2572">
    <p class='ocr_par' dir='ltr' id='par_1_112' title="bbox 1006 2535 1784 2572">
     <span class='ocr_line' id='line_1_113' title="bbox 1006 2535 1784 2572; baseline -0.004 -7"><span class='ocrx_word' id='word_1_833' title='bbox 1006 2538 1093 2572; x_wconf 84' lang='lat' dir='ltr'><strong>clepio</strong></span> <span class='ocrx_word' id='word_1_834' title='bbox 1129 2543 1156 2565; x_wconf 88' lang='lat' dir='ltr'><strong>et</strong></span> <span class='ocrx_word' id='word_1_835' title='bbox 1187 2537 1305 2565; x_wconf 86' lang='lat' dir='ltr'><strong>Deodato</strong></span> <span class='ocrx_word' id='word_1_836' title='bbox 1332 2535 1529 2564; x_wconf 86' lang='lat' dir='ltr'><strong>venerabilibus</strong></span> <span class='ocrx_word' id='word_1_837' title='bbox 1556 2543 1627 2563; x_wconf 85' lang='lat' dir='ltr'><strong>coss.</strong></span> <span class='ocrx_word' id='word_1_838' title='bbox 1661 2535 1784 2570; x_wconf 77' lang='lat' dir='ltr'><strong>Explicit.</strong></span> 
     </span>
    </p>
   </div>
   <div class='ocr_carea' id='block_1_113' title="bbox 1007 2580 1785 2611">
    <p class='ocr_par' dir='ltr' id='par_1_113' title="bbox 1007 2580 1785 2611">
     <span class='ocr_line' id='line_1_114' title="bbox 1007 2580 1785 2611; baseline -0.004 -1"><span class='ocrx_word' id='word_1_839' title='bbox 1007 2583 1098 2610; x_wconf 89' lang='lat' dir='ltr'><strong>Gloria</strong></span> <span class='ocrx_word' id='word_1_840' title='bbox 1127 2583 1236 2611; x_wconf 89' lang='lat' dir='ltr'><strong>Christo</strong></span> <span class='ocrx_word' id='word_1_841' title='bbox 1257 2581 1321 2610; x_wconf 82' lang='lat' dir='ltr'><strong>Jesu</strong></span> <span class='ocrx_word' id='word_1_842' title='bbox 1347 2582 1460 2609; x_wconf 91' lang='lat' dir='ltr'><strong>Domino</strong></span> <span class='ocrx_word' id='word_1_843' title='bbox 1487 2585 1591 2608; x_wconf 86' lang='lat' dir='ltr'><strong>nostro.</strong></span> <span class='ocrx_word' id='word_1_844' title='bbox 1613 2580 1666 2607; x_wconf 78' lang='lat' dir='ltr'><strong>Pax</strong></span> <span class='ocrx_word' id='word_1_845' title='bbox 1698 2581 1785 2608; x_wconf 84' lang='lat' dir='ltr'><strong>vobis.</strong></span> 
     </span>
    </p>
   </div>
   <div class='ocr_carea' id='block_1_114' title="bbox 1008 2629 1102 2656">
    <p class='ocr_par' dir='ltr' id='par_1_114' title="bbox 1008 2629 1102 2656">
     <span class='ocr_line' id='line_1_115' title="bbox 1008 2629 1102 2656; baseline 0.011 -1"><span class='ocrx_word' id='word_1_846' title='bbox 1008 2629 1102 2656; x_wconf 85' lang='lat' dir='ltr'><strong>Amen.</strong></span> 
     </span>
    </p>
   </div>
   <div class='ocr_carea' id='block_1_115' title="bbox 1099 2737 1785 2803">
    <p class='ocr_par' dir='ltr' id='par_1_115' title="bbox 1099 2737 1785 2803">
     <span class='ocr_line' id='line_1_116' title="bbox 1099 2737 1785 2771; baseline 0.001 -7"><span class='ocrx_word' id='word_1_847' title='bbox 1099 2739 1122 2754; x_wconf 82' lang='lat'><strong>&quot;</strong></span> <span class='ocrx_word' id='word_1_848' title='bbox 1141 2737 1221 2765; x_wconf 85' lang='lat' dir='ltr'><strong>Hebr.</strong></span> <span class='ocrx_word' id='word_1_849' title='bbox 1240 2745 1293 2769; x_wconf 79' lang='grc' dir='ltr'>ιιιι,</span> <span class='ocrx_word' id='word_1_850' title='bbox 1311 2738 1336 2770; x_wconf 82' lang='lat' dir='ltr'><strong>l,</strong></span> <span class='ocrx_word' id='word_1_851' title='bbox 1354 2737 1379 2764; x_wconf 77' lang='grc'><strong>2.</strong></span> <span class='ocrx_word' id='word_1_852' title='bbox 1418 2739 1441 2755; x_wconf 81' lang='grc'>³³</span> <span class='ocrx_word' id='word_1_853' title='bbox 1460 2738 1510 2767; x_wconf 71' lang='lat' dir='ltr'><strong>lia.</strong></span> <span class='ocrx_word' id='word_1_854' title='bbox 1530 2747 1599 2771; x_wconf 75' lang='lat' dir='ltr'><strong>uti,</strong></span> <span class='ocrx_word' id='word_1_855' title='bbox 1619 2739 1644 2767; x_wconf 81' lang='lat' dir='ltr'><strong>t.</strong></span> <span class='ocrx_word' id='word_1_856' title='bbox 1688 2739 1711 2755; x_wconf 73' lang='grc'><strong><em>’⁵</em></strong></span> <span class='ocrx_word' id='word_1_857' title='bbox 1729 2737 1785 2766; x_wconf 57' lang='lat' dir='ltr'><strong>T53.</strong></span> 
     </span>
     <span class='ocr_line' id='line_1_117' title="bbox 1099 2771 1782 2803; baseline 0.004 -5"><span class='ocrx_word' id='word_1_858' title='bbox 1099 2781 1135 2799; x_wconf 87' lang='grc' dir='ltr'>ιιι.</span> <span class='ocrx_word' id='word_1_859' title='bbox 1154 2773 1197 2803; x_wconf 70' lang='lat' dir='ltr'><strong>vrf,</strong></span> <span class='ocrx_word' id='word_1_860' title='bbox 1214 2773 1257 2798; x_wconf 72' lang='grc'><strong>27.</strong></span> <span class='ocrx_word' id='word_1_861' title='bbox 1297 2773 1319 2788; x_wconf 84' lang='grc'><strong>¹¹⁴</strong></span> <span class='ocrx_word' id='word_1_862' title='bbox 1339 2771 1358 2798; x_wconf 91' lang='grc' dir='ltr'><strong>ΙΙ</strong></span> <span class='ocrx_word' id='word_1_863' title='bbox 1375 2773 1439 2801; x_wconf 85' lang='lat' dir='ltr'><strong>Cor.</strong></span> <span class='ocrx_word' id='word_1_864' title='bbox 1458 2783 1496 2803; x_wconf 73' lang='grc' dir='ltr'>ιι.</span> <span class='ocrx_word' id='word_1_865' title='bbox 1514 2776 1556 2803; x_wconf 69' lang='grc'><strong>13⁵.</strong></span> <span class='ocrx_word' id='word_1_866' title='bbox 1612 2775 1633 2790; x_wconf 83' lang='grc'><strong>²⁹</strong></span> <span class='ocrx_word' id='word_1_867' title='bbox 1654 2773 1717 2801; x_wconf 85' lang='lat' dir='ltr'><strong>ibid.</strong></span> <span class='ocrx_word' id='word_1_868' title='bbox 1737 2773 1782 2803; x_wconf 66' lang='grc' dir='ltr'><strong>ΗΞ.</strong></span> 
     </span>
    </p>
   </div>
   <div class='ocr_carea' id='block_1_116' title="bbox 1711 2786 1782 2804">
    <p class='ocr_par' dir='ltr' id='par_1_116' title="bbox 1711 2786 1782 2804">
     <span class='ocr_line' id='line_1_118' title="bbox 1711 2786 1782 2804; baseline 0.014 -4"><span class='ocrx_word' id='word_1_869' title='bbox 1711 2795 1717 2800; x_wconf 94' lang='grc'>.</span> <span class='ocrx_word' id='word_1_870' title='bbox 1737 2786 1782 2804; x_wconf 58' lang='grc' dir='ltr'><strong>Συ-</strong></span> 
     </span>
    </p>
   </div>
  </div>
