1919 3064
121 157 191 186 “7'5

572 149 702 180 PONTIF,
723 149 804 177 [ιοιι.
826 149 868 175 ET
890 147 1073 176 ATHANASII
1090 147 1279 175 EPISTOL/E.

1660 145 1728 174 H7}

363 220 480 256 Epistula
494 218 676 255 zEgyptiorum
692 217 843 252 ponti/itum
857 216 890 242 ad
906 216 1016 242 Felicem
1033 215 1064 242 de
1080 215 1289 250 infestationibus
1306 214 1465 241 Arianorum

158 283 270 312 Domino
297 285 339 309 ter
364 280 543 311 beatissimo,
569 282 595 306 et
623 277 776 305 honorabili
805 279 900 303 sancto
914 279 936 306 Α

122 330 195 357 Patri
211 327 294 355 Felici
312 330 412 354 sanctae
437 325 509 352 sedis
534 323 689 359 apostolica;
711 321 787 349 urbis
808 320 900 348 Romae

122 383 213 412 papae;
236 372 412 404 Athanasius,
424 370 544 398 universi
562 369 763 404 Egyptiorum,
780 365 899 393 Thebai-

123 422 186 449 dum
206 425 233 448 et
265 420 411 455 Libyorum
446 415 576 452 episcopi,
600 415 626 442 in
652 419 745 442 sancta
782 413 900 440 Alexan-

122 468 199 495 drina
214 466 316 502 synodo
331 465 415 500 gratia
429 463 475 490 Dei
490 461 654 498 congregati.

158 513 256 540 Vestro
288 515 381 538 sancto
408 509 578 544 suggerimus
601 505 775 542 apostolatui,
799 507 830 531 ut
850 511 901 530 no-

125 559 186 589 stri,
204 564 280 584 more
296 556 385 588 solito,
406 553 615 582 sollicitudinem
632 558 726 586 gerere
741 548 899 585 dignemini.

122 602 198 636 juxta
225 604 343 628 vestram
369 597 610 634 prudentissimam
636 596 816 630 sapientiam,
842 600 902 628 qua:

123 647 250 674 omnibus
274 645 334 672 luce
354 645 455 672 clarius
471 643 616 671 manifesta
639 645 692 674 est,
710 641 773 676 quia
793 644 902 675 aposto-

124 693 183 720 licis
208 697 298 719 vestra
321 691 459 718 beatitudo
480 689 630 717 visceribus
651 690 796 717 commota,
822 693 902 720 super

123 738 299 765 tribulatione
314 741 418 768 nostra,
436 743 486 763 nos
500 742 595 762 omnes
611 734 719 760 hortata
736 736 778 760 est
797 731 830 758 ad
848 732 902 758 tui-

123 783 224 809 tionem
244 782 384 808 catholicm
397 784 423 808 et
439 780 595 815 apostolicm
612 778 749 808 Ecclesiae,
768 777 794 804 in
817 784 901 803 unum

123 826 279 857 convenire,
297 830 323 852 et
344 825 377 852 de
402 828 496 852 nostra
519 824 649 851 canonice
671 822 848 857 oppressione
875 824 902 848 ct

123 872 287 898 unanimiter
298 875 423 902 tractare,
433 870 497 897 dum
509 872 615 897 constat
627 876 677 895 nos
688 876 741 895 una
750 875 811 894 cum
823 866 903 894 beato

123 917 207 946 Paulo
219 917 342 952 apostolo
358 916 451 943 eadem
469 914 695 950 compassibiliter
710 913 820 940 dicere:
837 912 901 944 Quis

123 963 286 997 inﬁrmatur,
302 966 326 988 et
345 970 391 996 ego
415 969 466 988 non
487 961 630 995 iuﬁrmor?
653 959 718 992 Quis
738 957 904 985 scandaliza-
921 955 941 982 Β

124 1013 176 1040 tur,
194 1013 217 1035 et
228 1016 273 1043 ego
289 1015 339 1034 non
356 1007 464 1034 uror"?
480 1006 649 1041 Satagentes,
667 1012 700 1032 ne
713 1005 802 1039 aliqua
814 1004 847 1031 de
861 1004 904 1036 iis,

123 1061 183 1088 qua:
206 1053 282 1079 vobis
307 1052 417 1079 creditae
440 1054 503 1078 sunt
529 1049 736 1078 rationabilibus
758 1049 865 1080 ovibus,
891 1055 906 1075 a

123 1099 216 1127 bestiis
233 1099 365 1134 capiatur.
383 1094 454 1129 lde'o,
471 1097 549 1123 Pater
563 1095 731 1126 beatissime,
747 1095 810 1129 quia
835 1101 906 1121 sem-

123 1153 171 1180 per
187 1149 374 1172 antecessores
390 1143 488 1174 nostri,
503 1147 529 1170 et
547 1149 597 1170 nos
610 1149 624 1168 a
643 1145 732 1168 vestra
757 1139 905 1174 apostolica

125 1195 219 1219 sancta
243 1191 307 1217 sede
323 1189 455 1215 auxilium
469 1187 622 1218 hausimus,
637 1190 661 1214 et
679 1185 767 1213 nostri
787 1193 835 1212 vos
856 1185 906 1211 ha-

124 1236 189 1264 bere
204 1243 297 1262 curatn
320 1235 462 1266 novimus,
479 1232 619 1268 praefatam
633 1232 715 1268 610
730 1231 905 1266 apostolicam

124 1287 151 1309 et
173 1288 308 1308 summam
337 1280 498 1314 expetimus,
523 1279 600 1313 juxta
627 1285 761 1305 canonum
786 1277 904 1307 decreta,

125 1327 227 1360 sedem,
245 1330 275 1353 ut
298 1325 361 1353 inde
383 1325 514 1351 auxilium
539 1323 690 1358 capiamus,
707 1322 778 1349 unde
799 1321 905 1357 prcede-

124 1379 249 1400 cessores
273 1371 359 1398 nostri
385 1370 572 1397 ordinationes
599 1372 626 1395 et
653 1368 796 1403 dogmata,
826 1371 906 1402 atque

124 1417 325 1446 sublevationcs
349 1419 500 1443 traxerunt.
518 1415 558 1442 Ad
573 1422 631 1442 eam
648 1422 755 1448 quoque
777 1414 856 1448 quasi
872 1412 906 1439 ad

125 1467 237 1490 matrem
262 1461 440 1491 rccurrimus.
460 1466 488 1486 ttt
511 1461 571 1494 ejus
588 1459 716 1486 uberibus
742 1459 903 1490 nutriantur,

125 1508 253 1544 quoniam
267 1515 320 1534 non
334 1511 422 1542 potest
432 1509 519 1533 mater
531 1505 655 1532 oblivisci
670 1504 799 1531 infantem
815 1511 904 1531 suunt.

127 1554 173 1582 Sic
190 1558 217 1582 et
233 1561 280 1581 vos
300 1553 384 1580 nolite
405 1551 528 1579 oblivisci
556 1558 606 1578 n05
631 1551 707 1578 vobis
732 1550 903 1577 commissos.

126 1600 260 1633 Quoniam
285 1607 339 1626 nott
366 1598 472 1625 levibus
498 1605 549 1624 ttos
573 1596 676 1623 inimici
701 1595 788 1622 nostri
817 1594 904 1629 impli-

125 1648 252 1676 cuerunt,
264 1649 290 1671 et
299 1643 419 1679 quotidie
435 1642 523 1669 facere
534 1642 684 1669 moliuntur
700 1640 902 1671 emit-tionibus,

127 1694 153 1718 et
169 1689 388 1725 apprehendere,
404 1696 435 1715 ac
453 1688 509 1724 (Η)
527 1687 607 1715 ferris
622 1695 672 1715 nos
687 1686 834 1721 constringi
852 1686 904 1712 mi~

127 1740 236 1768 nantur,
255 1735 308 1763 nisi
324 1742 419 1762 corunt
441 1734 645 1761 consentiamus
661 1733 810 1764 erroribus,
833 1731 905 1766 quod

127 1788 297 1817 nequaquam
314 1780 392 1808 vobis
413 1779 577 1806 inconsultis
603 1786 683 1814 agere
707 1777 903 1813 prmsumitnus.

127 1828 284 1856 Canonibus
301 1827 401 1862 quippe
411 1826 571 1861 iubentibus
587 1826 692 1860 absque
707 1824 829 1851 Romano
844 1831 908 1858 pon-

127 1874 201 1901 tiﬁce
226 1881 278 1901 nos
292 1873 325 1900 de
344 1872 495 1907 majoribus
513 1872 604 1899 causis
618 1871 685 1898 nihil
704 1870 802 1909 debere
817 1869 908 1897 decer-

128 1926 201 1946 nere.
224 1917 342 1953 Ideoque
365 1917 398 1944 ad
424 1916 592 1951 propositum
617 1918 798 1946 recurrentes,
823 1919 849 1942 et
874 1915 906 1941 ad

128 1965 252 1992 bravium
278 1969 465 1998 properantes,
483 1970 580 1990 vestra:
597 1962 752 1996 apostolica:
771 1961 843 1988 sedis
858 1961 908 1987 im-

128 2010 267 2046 ploramus
289 2009 430 2036 auxilium.
450 2009 534 2041 Quia,
555 2011 584 2034 ut
607 2008 753 2036 credimus.
783 2014 836 2033 non
861 2007 907 2033 de-

129 2055 219 2090 spexit
235 2053 307 2081 Deus
321 2060 416 2088 preces
434 2060 496 2080 cum
513 2053 640 2088 lacrymis
662 2052 713 2079 sibi
732 2051 837 2079 oblatas
851 2059 909 2078 ser-

129 2107 224 2127 vorum
245 2107 366 2131 suorum,
390 2098 437 2126 sed
464 2099 500 2126 ob
524 2099 551 2126 id
575 2106 624 2126 vos
643 2098 910 2134 prmdecessoresque

128 2150 247 2178 vestros,
267 2145 433 2180 apostolicos
456 2144 580 2172 videlicet
602 2145 732 2180 praesules
754 2144 781 2171 in
798 2145 910 2172 summi-

129 2192 194 2220 tatis
209 2199 272 2218 arce
294 2191 446 2222 constituit,
469 2191 643 2225 omniumque
663 2190 846 2218 Ecclesiarum
861 2198 909 2218 cu-

129 2245 188 2264 ram
201 2237 300 2264 habere
316 2228 453 2272 praecepit,
470 2240 500 2263 ut
517 2237 595 2264 nobis
608 2237 786 2269 succurratis,
805 2244 910 2272 nosque

129 2287 247 2315 tuentes,
275 2283 374 2318 quibus
393 2290 475 2310 omne
502 2283 691 2318 episcoporum
711 2283 844 2318 judicium
867 2288 910 2311 est
925 2295 947 2322 Ι)

128 2330 326 2362 commissum,
353 2330 470 2357 liberare
497 2329 530 2356 ab
557 2330 683 2358 hostibus
713 2330 816 2358 nostris
854 2338 909 2358 non

130 2376 282 2410 negligatis.
298 2375 365 2403 Nam
390 2376 494 2403 scimus
511 2375 538 2402 in
560 2375 670 2403 Nicmna
689 2384 785 2412 magna
806 2377 910 2412 synodo

131 2425 313 2449 trecentorum
330 2422 423 2449 decem
439 2426 465 2449 et
486 2426 548 2449 octo
562 2421 763 2456 episcoporum,
777 2423 811 2450 ab
822 2423 911 2450 omni-

130 2464 183 2491 bus
198 2466 368 2493 concorditer
378 2473 439 2494 esse
451 2466 681 2498 roboratum,non
696 2467 794 2494 debere
809 2468 910 2503 absque

131 2509 246 2537 Romani
268 2512 403 2546 pontiﬁcis
418 2512 554 2540 sententia
568 2511 684 2539 concilia
702 2513 845 2545 celebrari,
862 2521 911 2542 nec

132 2556 277 2591 episcopos
293 2556 435 2590 damnare,
451 2557 515 2584 licet
529 2557 585 2583 haec
599 2561 626 2584 et
645 2557 774 2592 synodica
792 2558 911 2593 capitula

133 2602 185 2628 alia
203 2602 342 2637 complura
357 2603 570 2637 pernecessaria,
592 2603 626 2630 ab
646 2603 792 2637 htereticis,
806 2605 850 2639 qui
862 2612 911 2633 nos

134 2647 254 2683 quotidie
276 2647 406 2676 infestant
420 2652 447 2677 et
461 2648 575 2684 perdere
599 2649 734 2683 nituntur,
751 2653 780 2677 ut
803 2650 910 2678 facilius

113 2751 121 2779 ἱ
166 2723 189 2739 ³³
208 2723 230 2751 ll
244 2723 307 2752 Cor.
325 2732 369 2757 ιι,
386 2725 430 2752 “£9.
468 2725 490 2741 ³⁸
509 2725 603 2752 Matth.
622 2726 686 2754 xvt'.
703 2725 747 2753 18.

168 2781 222 2818 (47)
242 2781 395 2818 Stephanus
413 2782 541 2811 Dorensis
555 2783 588 2810 ad
602 2783 747 2818 blartinum
767 2790 872 2818 papam.

168 2816 224 2852 (A8)
242 2816 360 2854 Habetur
371 2817 397 2844 in
405 2817 502 2854 epist”t
515 2819 618 2846 decret.
626 2817 692 2846 Julii
708 2816 908 2846 contraOrien-

135 2852 200 2879 tales
217 2859 265 2886 pro
282 2852 447 2888 Athanasio._

950 282 1001 302 nos
1012 282 1109 310 capere
1122 275 1238 310 possint,
1252 274 1306 301 sint
1320 274 1442 306 incettsa,
1460 273 1594 309 nobisque
1612 274 1730 304 sublata.

951 319 1009 353 Qtta
1036 320 1069 347 de
1094 328 1123 347 re
1149 320 1200 347 hac
1228 320 1337 347 inventa
1364 319 1518 352 occasione,
1548 319 1733 348 indiderenter

950 366 1025 392 omni
1053 366 1184 392 canonica
1208 369 1235 392 et
1258 365 1407 400 apostolica
1433 365 1583 400 postposita
1612 366 1733 392 auctori-

950 415 1016 443 tate,
1040 419 1090 438 nos
1116 411 1142 437 vi
1167 418 1181 437 a
1202 411 1330 445 propriis,
1354 410 1431 437 vobis
1450 410 1622 440 inconsultis,
1639 410 1732 437 illicite

950 457 1088 491 expellunt
1106 456 1228 487 sedibus,
1240 463 1359 490 ovesque
1376 455 1455 482 nobis
1471 462 1485 482 a
1496 455 1606 483 Christo
1618 455 1732 482 Domino

953 502 1102 536 apostolica
1127 503 1287 530 commissas
1313 502 1416 537 gratia,
1444 501 1585 533 invadunt,
1603 502 1732 537 gradibus

952 547 1059 581 privant
1075 554 1081 572 ε
1097 550 1124 574 et
1143 547 1214 581 quod
1234 548 1382 581 pessimunt
1402 551 1454 577 est.
1471 551 1498 573 et
1516 547 1642 574 omnibus
1653 547 1732 574 Citri-

953 593 1049 621 stianis
1072 593 1177 628 legibus
1214 593 1374 623 inimicum,
1408 593 1558 620 interﬁcere
1582 593 1732 619 decertant.

955 638 1007 666 Vos
1021 645 1085 673 ergo
1098 642 1128 665 ιιι
1143 645 1250 672 semper
1267 642 1362 665 vestrae
1375 638 1432 665 sedi
1452 643 1553 665 saneta!
1566 639 1733 666 consuetudo

952 684 1013 716 fuit,
1034 684 1251 720 periclitantibus
1267 684 1420 715 subvenite,
1437 692 1582 719 oppressos
1595 684 1731 716 roborata,

952 731 1090 758 tribulatis
1107 737 1217 757 manum
1238 730 1378 765 porrigite,
1402 730 1519 764 taliaque
1542 730 1692 765 prohibete.
1707 733 1734 758 et

953 777 1026 808 leges
1042 776 1182 811 imponite,
1202 779 1232 803 ut
1248 775 1397 810 apostolica
1414 775 1549 808 doctrina,
1564 784 1624 810 quae
1636 776 1662 802 in
1680 776 1735 803 Deo

952 827 1011 853 est,
1037 823 1092 850 cito
1119 822 1150 849 ad
1175 822 1309 849 victorum
1329 822 1460 856 judicium
1479 821 1626 856 perducere
1647 822 1736 849 valeat

953 873 1088 900 nostrum,
1108 875 1212 903 nosque
1226 867 1411 902 apostolorum
1427 867 1548 902 principe
1571 867 1736 909 suffragante

954 913 1046 944 Petro,
1072 914 1106 940 ab
1116 913 1320 940 imminentibus
1333 913 1459 947 periculis
1471 912 1587 940 liberare
1602 912 1668 946 (48).
1685 912 1737 939 Νο-

957 960 1044 987 vimus
1062 967 1177 994 namque
1197 959 1224 986 in
1238 959 1294 993 jam
1309 958 1363 985 fata
1388 958 1495 985 Nicama
1508 958 1611 994 synodo
1622 966 1737 994 genera-

955 1005 1015 1032 liter
1040 1012 1100 1032 esse
1123 1005 1280 1036 decretum,
1302 1007 1332 1031 ut
1355 1005 1447 1031 nullus
1474 1005 1586 1039 passim,
1614 1012 1736 1039 vageque

955 1051 1106 1086 episcopos,
1123 1055 1169 1077 aut
1184 1051 1374 1085 prtesumptive
1390 1050 1520 1082 lacerare,
1535 1054 1581 1076 aut
1595 1057 1735 1082 accusare,

955 1100 982 1124 ct
1012 1096 1059 1130 qui
1083 1103 1137 1123 non
1161 1099 1225 1123 sunt
1249 1100 1331 1122 rectae
1355 1095 1416 1122 ﬁdei
1437 1095 1477 1122 vel
1500 1095 1578 1122 bona:
1600 1095 1672 1128 vitae,
1694 1095 1737 1122 vel

955 1142 1036 1169 clarae
1069 1141 1304 1172 conversationis,
1332 1141 1465 1168 infamare
1500 1146 1655 1176 pra‘sumat.
1683 1141 1737 1168 Sed

955 1188 1034 1222 prius
1049 1187 1070 1214 si
1087 1195 1150 1222 erga
1165 1187 1318 1222 episcopos,
1334 1187 1376 1213 vel
1384 1191 1510 1213 auctores
1522 1187 1649 1214 Ecclesiae
1661 1188 1737 1222 quis—

955 1241 1036 1269 quam
1059 1240 1170 1260 causam
1191 1233 1327 1264 habuerit,
1353 1240 1401 1260 eos
1425 1240 1486 1259 cum
1512 1233 1644 1260 charitale
1659 1241 1738 1260 man-

956 1284 1032 1308 suete
1056 1279 1213 1310 conveniat,
1243 1282 1273 1304 ut
1299 1278 1333 1305 ab
1355 1278 1395 1305 eis
1424 1279 1524 1305 vulnus
1549 1279 1619 1306 unde
1639 1280 1736 1314 agitur,

955 1329 1028 1352 recte
1043 1328 1164 1351 sanetur.
1186 1323 1240 1349 Aut
1263 1322 1330 1356 ipse,
1344 1323 1366 1350 si
1379 1330 1457 1350 secus
1479 1324 1575 1358 egerit,
1594 1328 1739 1352 accu5ator

955 1371 1217 1400 excommunicetur.
1231 1370 1308 1403 Quod
1328 1370 1350 1397 si
1367 1370 1401 1397 ab
1417 1370 1456 1398 eis
1477 1371 1543 1397 nihil
1560 1375 1633 1398 recte
1648 1371 1740 1399 value-

955 1418 991 1444 rit
1008 1417 1156 1453 percipere.
1173 1421 1237 1442 tunc
1256 1416 1342 1450 pritno
1358 1423 1480 1442 summos
1499 1415 1578 1442 adeat
1597 1416 1736 1450 primates.

955 1467 982 1490 et
1002 1463 1052 1497 ipsi
1077 1466 1197 1496 tempore
1219 1468 1340 1496 congruo
1367 1461 1498 1488 canonice
1522 1468 1568 1488 eos
1587 1469 1739 1490 convocare

956 1509 1102 1536 debebunt.
1119 1506 1170 1540 Qui
1193 1507 1215 1534 si
1234 1510 1281 1533 aut
1306 1506 1363 1533 suis
1383 1506 1465 1533 rebus
1486 1506 1642 1540 exspoliati,
1659 1511 1705 1534 aut
1722 1515 1738 1533 a

956 1554 1074 1589 propriis
1092 1553 1202 1580 sedibus
1223 1553 1314 1586 ejecti,
1333 1557 1378 1578 aut
1397 1551 1525 1584 exsiliati,
1541 1552 1582 1579 vel
1601 1548 1737 1587 oppressi,

956 1602 1003 1626 aut
1030 1598 1122 1634 inique
1150 1598 1257 1624 tractati
1286 1597 1396 1628 fuerint,
1423 1596 1511 1631 primo
1538 1603 1679 1629 eruantur,
1711 1601 1739 1625 et

956 1645 1088 1672 canonice
1112 1645 1303 1674 restituantur,
1331 1647 1412 1677 atque
1440 1642 1530 1669 omnia
1563 1643 1615 1670 sibi
1645 1643 1738 1671 subla-

956 1695 982 1717 ta
997 1690 1064 1726 (49)
1078 1690 1251 1724 integerrime
1275 1689 1315 1716 eis
1347 1688 1452 1723 legibus
1487 1688 1645 1715 reddantur.
1667 1689 1741 1722 Quo-

957 1737 1028 1763 niam
1065 1737 1222 1771 priusquam
1253 1735 1310 1762 htec
1343 1734 1431 1766 fiant,
1469 1739 1499 1761 ut
1544 1735 1571 1762 in
1609 1735 1739 1770 praedicto

956 1783 1133 1812 constitutum
1155 1786 1197 1811 est
1213 1782 1340 1814 concilio,
1365 1789 1415 1808 nec
1435 1781 1566 1808 canonice
1581 1783 1739 1814 convocari,

957 1837 1008 1856 nec
1028 1827 1154 1863 distringi
1176 1835 1190 1853 a
1214 1834 1378 1862 quocunque
1399 1830 1523 1861 possunt.
1538 1825 1671 1859 Quoniam
1690 1835 1739 1854 nec

958 1874 1049 1900 saeculi
1071 1874 1143 1908 leges
1167 1873 1224 1900 haec
1246 1873 1302 1899 lieri
1327 1873 1502 1907 permittunt,
1525 1876 1627 1908 quanto
1649 1873 1741 1901 minus

957 1920 1170 1948 ecclesiasticae?
1186 1919 1318 1946 Similiter
1341 1924 1368 1946 et
1386 1927 1400 1946 a
1426 1919 1591 1954 supradictis
1612 1918 1742 1947 Patribus

958 1969 1000 1992 est
1032 1964 1174 1992 definitum
1195 1968 1389 1996 consonanter,
1415 1967 1445 1991 ut
1469 1964 1492 1991 si
1512 1964 1655 1999 quisquam
1683 1965 1741 1999 epi-

960 2018 1089 2045 scopum,
1105 2015 1151 2037 aut
1166 2011 1470 2045 metropolitanum,aut
1487 2010 1741 2045 comprovinciales,

958 2057 1002 2084 vel
1021 2057 1128 2092 judices
1149 2061 1293 2091 suspectos
1311 2056 1448 2088 habuerit,
1472 2059 1590 2082 vestram
1616 2059 1740 2083 sanctam

959 2101 1109 2129 Romanam
1134 2101 1304 2136 interpellent
1321 2100 1423 2131 sedem.
1441 2099 1485 2127 cui
1504 2100 1539 2127 ab
1553 2100 1612 2134 ipso
1626 2099 1742 2127 Domino

958 2151 1081 2183 potestas
1103 2147 1216 2182 ligandi,
1238 2155 1270 2174 ac
1286 2146 1455 2179 absolvendi,
1481 2146 1593 2181 speciali
1617 2150 1658 2173 est
1686 2146 1741 2180 pri-

959 2193 1057 2228 vilegio
1073 2201 1154 2228 super
1169 2193 1237 2220 alios
1252 2199 1393 2220 concessa.
1407 2191 1466 2226 Ipsa
1485 2191 1557 2218 enim
1575 2191 1631 2227 (50)
1649 2191 1740 2218 ﬁrma-

960 2242 1129 2274 mentumja
1160 2238 1215 2266 Deo
1249 2238 1331 2265 fixum
1367 2241 1394 2265 et
1437 2237 1576 2265 immobile
1609 2238 1742 2272 percepit,

962 2286 1091 2320 quoniam
1119 2285 1205 2320 ipsam
1234 2284 1349 2311 formam
1380 2283 1572 2310 universorum
1600 2283 1742 2310 titulorum

961 2330 1157 2358 lucidissimam
1199 2329 1331 2357 Dominus
1367 2328 1446 2357 Jesus
1484 2328 1611 2356 Christus
1649 2336 1742 2356 veram

961 2376 1140 2412 apostolicam
1160 2375 1302 2403 constituit
1318 2375 1420 2403 sedem.
1438 2376 1498 2410 Ipsa
1512 2379 1554 2402 est
1570 2374 1642 2402 enim
1665 2382 1743 2402 sacer

961 2426 1066 2456 vertex,
1082 2422 1110 2449 in
1124 2430 1179 2456 qllO
1197 2429 1291 2449 omnes
1305 2425 1458 2452 vertuntur,
1481 2425 1678 2452 sustentantur,
1702 2420 1742 2446 le-

961 2472 1070 2498 vantur.
1087 2472 1114 2495 et
1131 2468 1202 2495 sicut
1220 2468 1247 2495 in
1263 2467 1371 2495 Christo
1385 2466 1552 2497 Christiani,
1569 2470 1596 2493 et
1613 2466 1640 2493 in
1655 2470 1741 2501 petra,

960 2515 986 2542 id
1001 2519 1042 2542 est
1056 2514 1175 2547 Christo,
1190 2514 1298 2546 Petrus,
1321 2514 1394 2542 Petri
1411 2519 1576 2541 renovantur
1592 2512 1719 2540 Ecclesiae
1734 2521 1741 2539 :

961 2561 999 2588 Tu
1030 2569 1056 2588 es
1081 2561 1171 2592 enim,
1199 2561 1270 2588 sicut
1297 2560 1421 2588 divinum
1459 2559 1594 2587 veraciter
1625 2562 1743 2595 testatur

961 2606 1110 2641 eloquium,
1127 2605 1221 2633 Petrus
1233 2606 1266 2639 ⁸⁸,
1285 2610 1312 2633 et
1328 2613 1410 2641 super
1436 2605 1641 2632 fundamentum
1665 2608 1742 2631 tuum

961 2652 1091 2680 Ecclesia:
1107 2653 1244 2686 columna,
1257 2652 1285 2680 id
1301 2657 1354 2685 est,
1376 2651 1508 2687 episcopi,
1525 2651 1570 2686 qui
1594 2650 1742 2686 Ecclesiant

999 2779 1053 2816 (49)
1072 2780 1137 2808 Adr.
1152 2781 1214 2808 coll.
1231 2781 1274 2808 35.

962 2859 982 2878 η
997 2815 1282 2879 qsggcﬁergiaqzlgﬁpri,
1296 2819 1374 2854 epist.
1390 2821 1423 2848 ad
1437 2820 1540 2850 Theod.
1557 2815 1654 2859 papa‘m
1666 2829 1740 2850 cons.
