1919 3064
174 119 242 146 1475

727 119 756 146 S.
778 117 1006 146 ATHANASIL'S.
1028 133 1061 137 —
1080 116 1214 144 SPURIL

1727 117 1800 146 Ιιῖὒ

173 177 326 208 sustinere,
353 180 380 204 et
407 175 526 211 propriis
554 175 676 203 humeris
705 180 816 211 portare
841 175 958 207 debent,
975 173 1096 204 Acidem
1122 178 1222 201 sancta:
1243 172 1300 200 sedi
1320 177 1417 201 vestra:
1443 173 1470 200 in
1492 173 1623 202 honorem
1642 173 1802 201 beatissimi

174 225 238 249 sunt
265 221 431 248 confirmati.
466 221 581 256 Tibique
610 222 702 248 claves
725 221 801 256 regni
826 221 958 248 (-uzlorum

175 269 327 300 commisit,
345 272 425 302 atque
441 268 535 302 ligare.
550 273 576 294 et
588 268 692 295 solvere
711 268 882 303 potestatire,
900 273 960 301 quae

174 315 202 340 in
222 318 294 340 terra
319 318 346 339 et
371 321 430 347 qua:
456 313 482 340 in
509 314 587 340 cwlis
611 318 685 344 sunt,
712 313 901 348 promulgavit.
918 312 959 339 Tu

175 359 350 394 profanarmn
368 359 499 386 limresum
511 379 518 390 ,
533 363 562 385 et
581 359 766 394 impetitorum
780 379 787 390 ,
807 363 888 393 alque
902 366 960 384 om~

176 405 250 431 nium
274 405 463 438 infestaptium
484 405 635 439 depositor,
654 409 680 431 et
705 405 841 440 princeps,
859 408 886 430 et
910 403 960 430 do-

175 455 245 481 ctor,
269 455 404 485 caputque
431 451 552 477 omnium
584 451 742 478 orthodoxa:
770 451 900 478 doctrina:
933 454 961 477 et

175 496 357 523 immaculata:
393 496 453 523 fldci
485 497 606 523 exsistis.
645 495 730 531 Igitur
760 504 794 523 ne
824 496 960 530 despicias

175 541 285 568 Patrum
307 547 426 572 tuorum,
444 542 532 573 Pater,
550 543 686 577 pietatem,
703 543 857 577 bonamque
873 542 961 568 inlen—

176 587 287 614 tionem.
317 587 349 614 Et
380 588 450 615 sicut
482 589 519 615 illi
547 587 642 615 Patres
677 592 703 615 et
744 589 962 624 praedecessores

175 638 286 660 nostros
310 641 324 660 a
351 634 443 661 multis
475 634 659 662 liberaverunt
684 635 911 669 oppressionibus
935 639 963 662 et

176 679 320 714 angustiis,
340 679 375 705 ita
392 686 442 706 nos
457 679 575 706 liberare
591 680 722 714 digneris.
742 679 809 706 Nam
829 680 879 706 fuit
891 687 963 706 sem-

176 732 224 759 per
245 729 340 751 vestrm
367 729 467 751 sancte
486 729 511 751 et
528 726 681 760 apostolicae
697 726 754 752 sedi
775 726 884 752 licentia
898 746 904 758 ,
922 725 963 752 iti-

176 774 248 803 ,nste
276 770 419 797 damnatus
442 771 483 797 rel
505 771 775 803 excommunicatos,
802 772 964 806 potestative

175 823 226 842 sua
249 817 411 843 auctoritate
434 817 589 850 restituere,
610 821 637 844 ct
660 825 710 844 sua
735 818 776 845 eis
795 818 885 844 omnia
901 817 964 844 red-

176 860 250 891 dere,
266 865 293 887 et
316 860 375 887 illos
389 862 434 896 qui
449 869 496 888 eos
511 861 770 894 cundemnaverunt,
787 867 833 889 aut
847 870 959 890 excom-
979 857 998 884 Β

178 907 400 938 municaverunt,
420 907 571 942 apostolico
586 908 682 941 punire
703 908 843 943 privilegio
863 917 870 935 :
893 909 964 934 sicut

176 952 259 979 etiam
272 953 374 980 nostris
397 957 424 980 et
446 952 665 980 antecessoribus
680 954 857 988 cognorimus
873 958 962 981 actum

177 999 356 1034 temporibus.
368 999 453 1026 Porro
472 1005 498 1027 et
522 1000 574 1035 ipsi
595 1001 735 1035 primates,
750 1001 795 1036 qui
818 1002 963 1037 episcopo-

178 1053 238 1073 rum
255 1050 281 1073 et
298 1053 468 1073 summorum
491 1046 743 1074 ecclesiasticorum
762 1054 862 1075 causas
877 1049 964 1075 susci-

178 1100 241 1126 pere
276 1092 386 1123 debent,
420 1092 447 1119 in
482 1091 590 1127 praeﬁxa
624 1091 733 1119 Nicmna
765 1093 870 1128 synodo
900 1098 965 1121 sunt

177 1138 354 1170 dinumerati,
371 1146 404 1165 ne
420 1138 446 1164 in
462 1143 602 1172 posterum
624 1146 655 1165 ex
681 1139 732 1165 hoc
752 1139 892 1166 contentio
908 1140 962 1167 ori-

178 1187 265 1211 retur.
283 1184 339 1219 (Si)
356 1182 378 1211 Ο
400 1184 573 1211 sanctissime
595 1183 675 1212 Pater
691 1184 814 1217 Patrum,
833 1186 964 1213 abscinde

178 1231 361 1265 blasphemias
384 1235 412 1257 et
435 1230 593 1264 jactantiam
617 1231 824 1266 vaniloquorum
848 1236 874 1259 et
898 1232 964 1258 insi-

177 1275 312 1302 diantium
353 1275 564 1305 infestatioues,
591 1282 642 1302 nos
668 1279 695 1303 et
723 1275 822 1302 fratres
852 1281 963 1303 nostros

179 1321 400 1356 opprimentium,
414 1326 494 1355 atque
508 1320 622 1355 perdere
633 1321 792 1348 volentium.
805 1321 851 1356 qui
867 1322 901 1348 ad
916 1329 963 1349 vos

179 1367 256 1400 quasi
274 1366 307 1392 ad
323 1370 405 1401 caput
416 1366 601 1400 confugimus,
620 1370 650 1393 ut
664 1371 755 1394 V‘cstro
769 1367 872 1394 suﬂ‘ulti
885 1368 963 1394 auxi-

179 1413 216 1439 lio
231 1413 386 1443 liberemur.
403 1417 430 1440 et
442 1413 520 1440 vobis
535 1413 668 1448 nobisque
685 1413 786 1441 Christi
801 1414 964 1441 commissas

179 1465 244 1484 ovcs
275 1465 290 1483 a
324 1458 451 1493 luporuln
488 1465 552 1490 ore,
584 1458 700 1484 Domino
732 1458 962 1490 adminiculante,

180 1507 324 1538 antequam
347 1503 542 1538 deglutiantur,
563 1504 714 1538 rapiamus.
731 1503 786 1530 Nec
810 1504 881 1530 enim
907 1503 963 1538 (52)

178 1549 221 1577 fas
247 1553 288 1577 est
314 1550 469 1585 supplicum
494 1550 648 1584 apostolica:
678 1549 751 1577 sedis
777 1550 889 1585 scripto,
917 1554 964 1576 aut

179 1596 240 1622 sine
263 1595 376 1631 scripto,
397 1603 492 1630 preces
508 1596 612 1623 oblatas
630 1595 780 1631 despicere,
793 1596 840 1624 sed
858 1599 887 1623 ut
902 1603 966 1623 con-

179 1642 268 1675 decet,
291 1646 317 1669 et
335 1641 505 1676 privilegium
531 1647 629 1669 vestra:
650 1641 724 1669 sedis
747 1646 799 1674 est,
815 1645 842 1669 et
857 1650 918 1673 nos,
939 1647 966 1670 et

180 1687 219 1714 llli
239 1688 436 1715 canonicaliter
461 1694 655 1720 convocemur,
673 1692 699 1714 et
719 1691 782 1714 ante
799 1695 846 1715 vos
866 1688 898 1715 de
914 1695 965 1715 no-

180 1734 246 1761 stris
272 1734 473 1768 objectionibus
495 1735 625 1761 canonice
649 1741 711 1760 cum
735 1733 809 1760 omni
831 1734 966 1768 probitate

179 1785 382 1806 concertemus.
414 1779 491 1806 Sicut
522 1779 737 1814 prtedecessores
765 1779 851 1806 nostri
882 1787 966 1814 penes

181 1829 288 1852 vestros
304 1824 426 1852 fecerunt
440 1828 638 1856 antecessores,
653 1828 680 1851 et
699 1825 771 1852 sicut
790 1825 921 1852 canonica
938 1825 965 1852 in

181 1871 310 1906 przedicta
343 1875 436 1898 sancta
471 1872 575 1905 synodo
605 1871 704 1898 decent
738 1872 903 1905 constituta,
939 1877 967 1900 et

181 1916 264 1943 veluti
300 1916 398 1950 paleati
432 1916 506 1943 verbi
544 1924 591 1952 per
617 1917 796 1944 ventilabrum
830 1919 967 1946 canonica:

180 1961 388 1989 examinationis
418 1962 525 1997 plenam
550 1963 750 1997 purgationem,
775 1963 803 1990 in
828 1966 966 1991 communi

180 2009 364 2036 consistentes
384 2009 528 2040 auditorio,
548 2008 581 2036 de
604 2009 718 2037 maturis
738 2014 764 2037 ct
782 2011 966 2038 nutrientibus

180 2055 321 2083 catholica:
351 2055 480 2083 Ecclesia),
510 2055 698 2091 dogmatibus,
720 2063 781 2090 qua)
805 2056 968 2084 confirmant

180 2108 228 2127 cor
241 2100 369 2132 hominis,
388 2107 436 2135 per
454 2101 689 2136 participationem
706 2105 881 2135 paternarum
898 2109 966 2128 con—

181 2154 328 2181 sequamur
348 2147 566 2174 institutionum.
580 2147 635 2182 (55)
649 2146 776 2181 Antiquis
793 2147 865 2174 enim
889 2155 968 2182 regu-

1009 218 1094 251 Pctri,
1108 219 1220 246 Patrum
1241 220 1351 247 decreta
1365 221 1528 255 peculiarem
1548 220 1703 248 decrevisse
1718 226 1801 247 rere-

1010 266 1125 293 rentiam
1150 265 1214 297 Dei,
1236 273 1285 300 pro
1308 267 1391 295 rebus
1412 266 1581 301 inquirendis
1604 270 1686 301 atque
1707 265 1801 292 deter-

1011 312 1158 343 minandis,
1186 320 1255 347 quas
1279 313 1404 340 sollicite
1424 312 1502 340 decet
1529 313 1656 346 justeque
1681 311 1716 338 ab
1737 312 1803 346 ipso

1011 357 1156 392 przesulum
1194 357 1347 384 examinari
1375 357 1476 385 vertice
1517 357 1685 392 apostolico,
1718 357 1801 391 cujus

1012 403 1166 432 Sollicitudo
1188 407 1296 439 Semper
1323 403 1374 432 fuit
1391 407 1418 431 et
1434 407 1476 430 est
1493 407 1548 431 tam
1572 403 1643 431 mala
1668 402 1803 430 damnare

1012 458 1092 485 quam
1122 450 1239 485 probare
1268 450 1413 477 laudanda.
1444 449 1582 482 Quoniam
1615 449 1802 476 humillimum

1012 501 1102 524 vestro
1117 496 1273 531 apostolico
1289 496 1401 523 culmini
1422 496 1609 530 persolvenles
1624 494 1801 529 obsequium,

1012 547 1043 569 ut
1064 543 1122 577 ipse
1146 541 1277 570 Dominus
1295 541 1438 577 pmcepit,
1459 545 1486 569 et
1508 545 1666 568 sanctorum
1688 540 1803 567 decreta

1014 588 1126 616 Patrum
1169 592 1339 619 statuerunt,
1375 596 1436 614 cum
1474 587 1602 622 lacrymis
1630 587 1804 621 suggerimus

1013 636 1087 671 quod
1114 636 1173 663 sine
1193 635 1294 670 gemitu
1323 635 1416 662 cordis
1438 635 1552 662 reticere
1582 642 1637 661 non
1665 634 1801 663 valemus.

1014 681 1081 708 Nam
1115 682 1142 708 in
1180 685 1285 707 tantum
1316 688 1331 707 a
1361 680 1584 715 persecutoribus
1619 685 1720 707 sancta:
1751 679 1801 708 Dei

1015 727 1142 756 Ecclesize
1176 728 1334 762 nostrisque
1371 727 1490 754 inimicis
1537 727 1740 762 persequimur,
1770 731 1805 753 ut

1014 774 1093 809 611
1111 774 1198 808 magis
1213 781 1264 800 nos
1288 773 1388 805 virere,
1405 780 1486 808 quam
1507 774 1573 800 mori
1596 773 1702 800 taedeat.
1725 771 1805 800 Unde

1016 828 1071 855 pra:
1090 820 1217 847 omnibus
1232 819 1358 850 fatemur.
1374 819 1401 845 in
1416 822 1522 845 tantum
1538 826 1587 845 cor
1602 826 1664 846 esse
1674 823 1804 846 nostrum

1014 866 1184 893 vulneratum
1199 885 1206 896 ,
1221 869 1250 891 ut
1266 865 1456 900 propheticum
1486 864 1562 891 illum
1586 863 1725 898 planctum
1739 870 1807 891 διο-ν

1013 914 1132 944 ptemus,
1147 909 1269 936 dicentes
1284 918 1290 935 :
1305 909 1371 942 Quis
1384 908 1457 935 dabit
1477 909 1557 942 capiti
1569 917 1624 935 meo
1641 912 1805 943 aquam,aut

1016 956 1099 983 oculis
1114 955 1212 982 nostris
1233 955 1331 990 fontem
1359 955 1549 989 lacrymarum,
1566 959 1594 980 ut
1608 955 1724 981 sedentes
1745 954 1806 988 plo-

1013 1010 1099 1029 remus
1115 1001 1157 1028 die
1167 1010 1198 1028 ac
1211 1006 1284 1028 nocte
1294 1001 1339 1027 "1'
1367 1000 1437 1028 Ecce
1457 1000 1529 1028 enim
1544 1007 1619 1032 oves,
1636 1007 1696 1035 qua:
1721 1000 1807 1027 nimis

1013 1048 1187 1082 infestantur,
1200 1052 1281 1082 atque
1292 1055 1306 1074 a
1330 1048 1422 1082 pravis
1437 1047 1557 1075 amoveri
1577 1047 1734 1074 hominibus
1753 1048 1806 1074 im-

1014 1095 1162 1130 pelluntur.
1190 1094 1409 1122 Christianorum
1439 1101 1503 1121 vero
1521 1101 1602 1121 voces
1631 1101 1663 1121 ac
1688 1093 1806 1129 gemitus

1013 1141 1202 1175 episcoporum
1222 1140 1302 1175 longe
1318 1140 1428 1174 lateque
1445 1147 1467 1166 ri
1477 1143 1586 1171 sonant,
1610 1139 1747 1167 novitates
1761 1141 1804 1167 in-

1014 1189 1140 1220 surgunt,
1164 1185 1307 1212 calumnia:
1320 1188 1459 1217 crescunt,
1476 1184 1633 1219 persecutio
1648 1188 1806 1220 grassatur,

1014 1233 1131 1267 perditio
1147 1232 1175 1259 [it
1192 1232 1364 1267 populorum.
1392 1230 1519 1258 Vestrum
1543 1235 1585 1258 est
1600 1230 1680 1258 nobis
1695 1238 1806 1258 manum

1015 1278 1162 1313 porrigere,
1191 1278 1268 1305 vobis
1291 1278 1363 1305 enim
1393 1277 1532 1304 commissi
1553 1285 1658 1309 sumus,
1683 1281 1806 1305 vestrum

1013 1330 1056 1353 est
1080 1334 1130 1353 nos
1152 1326 1298 1353 defendere
1313 1329 1394 1359 atque
1411 1324 1539 1357 liberare,
1561 1328 1740 1360 nostrumque
1764 1323 1808 1351 esI

1014 1379 1029 1398 a
1046 1371 1121 1398 vobis
1138 1371 1269 1398 auxilium
1287 1374 1426 1406 expetere,
1444 1374 1471 1396 et
1481 1369 1579 1396 vestris
1594 1376 1690 1404 parere
1703 1369 1808 1403 jussio-

1014 1418 1105 1445 nibus.
1126 1414 1179 1444 Pro
1195 1417 1278 1445 nimio
1309 1425 1374 1453 ergo
1397 1416 1502 1447 dolore,
1527 1420 1610 1451 atque
1621 1415 1722 1450 gemitu
1748 1421 1808 1441 om-

1015 1465 1089 1491 nium
1125 1472 1186 1499 qua:
1216 1472 1265 1491 nos
1298 1464 1428 1491 infestant
1461 1462 1617 1491 necessario
1657 1461 1807 1492 recordari.

1015 1510 1147 1545 vobisque
1169 1509 1326 1544 significare
1354 1509 1511 1545 nequimus.
1540 1508 1603 1536 ideo
1630 1509 1733 1535 almum
1758 1515 1808 1535 ve-

1015 1560 1102 1582 strum
1117 1562 1262 1582 exoramus
1278 1555 1472 1589 apostolatum,
1490 1557 1520 1580 ut
1538 1560 1620 1588 super
1641 1552 1684 1580 his
1709 1553 1806 1588 legem,

1015 1609 1075 1636 qua:
1094 1600 1122 1627 in
1145 1604 1296 1628 memorata
1310 1599 1419 1628 Nictena
1435 1599 1539 1635 synodo
1553 1603 1595 1627 est
1618 1599 1802 1634 promulgata,

1015 1645 1140 1680 quamvis
1151 1645 1342 1680 prtedictorum
1354 1645 1558 1676 insidiatorum,
1574 1648 1602 1671 et
1615 1644 1733 1670 aliorum
1749 1650 1809 1670 ma-

1019 1691 1106 1718 lorum
1123 1691 1281 1724 hominum,
1294 1699 1348 1726 quo
1368 1690 1476 1718 facilius
1498 1691 1641 1726 episcopos
1655 1689 1703 1717 Dei
1723 1690 1807 1716 mini-

1016 1740 1089 1764 stros
1115 1736 1222 1763 valeant
1236 1736 1395 1771 illaqueare,
1416 1741 1459 1764 est
1481 1735 1623 1767 sul‘focata,
1652 1735 1805 1770 reparatis:

1015 1788 1043 1811 et
1056 1791 1116 1818 quae
1138 1785 1294 1811 necessaria
1306 1783 1364 1810 fore
1387 1782 1566 1818 cognoscitis,
1590 1786 1688 1809 vestrae
1702 1786 1807 1809 saneta:

1016 1830 1089 1858 sedis
1108 1830 1270 1857 auctoritate
1285 1837 1334 1857 nos
1349 1834 1519 1865 cunctosque
1533 1829 1631 1856 fratres
1644 1828 1808 1860 informetis,

1017 1881 1046 1903 ut
1068 1875 1200 1902 malorum
1216 1875 1329 1903 insidias
1347 1875 1499 1908 hominum,
1516 1879 1608 1903 vestra
1634 1873 1694 1902 fulti
1709 1879 1807 1902 aucto-

1016 1921 1096 1948 ritate
1117 1918 1204 1952 iilzesi,
1222 1920 1336 1947 Domino
1346 1919 1508 1955 opitulante,
1524 1919 1638 1946 evadere
1657 1918 1807 1948 valeamus.

1016 1967 1079 2002 quia
1104 1966 1218 1994 insidias
1233 1966 1359 2001 luporum
1374 1965 1536 2000 prtevidere,
1557 1972 1612 1992 non
1636 1960 1806 1999 ovium(5i).

1017 2013 1064 2040 sed
1078 2016 1217 2047 pastorum
1235 2016 1288 2039 est.
1306 2011 1415 2038 Scimus
1429 2011 1501 2039 enim
1515 2010 1587 2046 quod
1602 2010 1628 2037 id
1644 2017 1751 2045 semper
1766 2017 1810 2036 ve-

1017 2064 1079 2085 stra:
1095 2058 1167 2085 sedis
1182 2058 1323 2093 prmsules,
1335 2058 1423 2092 pritno
1440 2057 1568 2092 apostoli,
1587 2056 1686 2084 deinde
1699 2063 1809 2083 succes-

1017 2111 1094 2131 sores
1101 2111 1194 2131 eorum
1209 2102 1342 2131 fecerunt.
1355 2103 1413 2138 (55)
1428 2101 1483 2130 Vos
1494 2102 1658 2130 universalis
1670 2101 1807 2133 Ecclesim,

1018 2153 1045 2176 et
1059 2150 1177 2176 maxime
1204 2150 1396 2184 episcoporutn
1428 2149 1474 2182 qui
1490 2148 1561 2175 oculi
1578 2146 1684 2174 Domini
1697 2149 1809 2182 propter

180 2193 214 2221 iis
227 2193 361 2220 sancitum
380 2196 431 2225 est,
448 2198 476 2219 ut
492 2193 637 2228 quidquid,
667 2193 792 2227 quamvis
809 2193 836 2220 in
857 2194 967 2221 remotis
985 2202 1007 2231 υ
1019 2194 1274 2230 contemplationem
1289 2195 1538 2229 etspeculationem
1555 2198 1698 2226 vocantur,
1714 2200 1807 2220 curam

179 2243 227 2265 aut
242 2239 269 2265 in
291 2238 447 2273 longinquis
463 2238 560 2273 positis
582 2238 741 2273 provinciis,
762 2245 844 2273 super
861 2239 967 2273 episco-

182 2291 276 2318 porum
296 2285 414 2318 querelis
436 2288 484 2310 aut
509 2284 732 2311 accusationibus
750 2288 886 2319 ageretur,
911 2292 967 2311 non

181 2331 256 2365 prius
272 2330 443 2357 tractandum
461 2330 504 2357 vel
519 2329 707 2364 accipiendum
730 2335 815 2361 esset,
834 2337 915 2364 quam
934 2331 967 2357 ad

182 2377 305 2403 notitiam
331 2377 408 2403 altnre
431 2376 504 2404 sedis
531 2381 632 2404 vcstrze
661 2376 757 2403 fuisset
781 2377 969 2411 pronuntiatio

181 2422 270 2453 facta,
296 2430 349 2457 qua
372 2423 567 2453 intirmaretur,
589 2427 635 2449 aut
654 2422 817 2450 firmaretur.
848 2422 966 2457 Indeque

180 2472 320 2496 sumerent
339 2477 473 2501 normam,
491 2469 563 2495 unde
578 2468 707 2495 Ecclesite
728 2475 869 2502 sumpsere
885 2476 966 2495 exor-

180 2514 255 2540 dium
278 2513 492 2549 praadicationis,
516 2521 551 2541 ne
577 2514 678 2548 possint
703 2513 737 2540 ab
761 2514 966 2542 insidiatoribus

180 2561 313 2588 columna:
328 2565 515 2588 evertercntur
532 2560 669 2588 Ecclesite.
692 2559 801 2587 Certum
826 2561 869 2587 est
891 2561 964 2587 enim

215 2637 238 2654 ³⁵
255 2637 355 2666 Jerem.
373 2646 418 2670 ιι,
437 2639 462 2665 1.
501 2639 524 2653 ³⁸
541 2637 612 2666 Psal.
632 2645 657 2670 ι,
675 2637 701 2664 2.

216 2719 271 2754 (5i)
283 2720 355 2746 idem
372 2718 493 2754 Sergius.

216 2755 271 2788 (52)
287 2755 420 2790 Martinus
436 2763 515 2790 papa.
528 2755 638 2783 ibidem.

217 2790 272 2824 (55)
288 2789 340 2817 PP.
356 2789 487 2826 Afra-Trin
508 2799 550 2826 ep.
574 2791 608 2818 ad
627 2790 731 2818 Tlicod.
757 2797 852 2825 papam
881 2795 960 2816 conc.

181 2823 306 2852 Lateran.
327 2833 390 2852 ann.
407 2824 470 2852 649.

1017 2249 1119 2276 gerere,
1143 2249 1175 2268 ac
1199 2241 1233 2267 de
1249 2240 1415 2267 revelatione
1445 2244 1472 2267 et
1499 2240 1559 2274 lege
1581 2243 1676 2267 nostra
1698 2237 1808 2266 assidue

1017 2287 1138 2323 cogitare
1153 2287 1269 2319 debetis,
1285 2286 1357 2314 sicut
1370 2286 1502 2321 scriptum
1516 2290 1558 2313 est
1572 2293 1579 2311 :
1592 2284 1689 2311 Beatus
1703 2285 1809 2319 quinte-

1017 2331 1118 2358 ditatur
1130 2331 1156 2358 in
1171 2331 1223 2367 lege
1241 2328 1345 2358 Domini
1361 2331 1402 2358 die
1423 2339 1454 2358 ac
1469 2336 1543 2358 nocte
1557 2331 1589 2357 ".
1610 2330 1676 2364 Qua:
1693 2330 1808 2357 medita-

1017 2378 1067 2408 tio,
1093 2385 1147 2404 non
1173 2377 1289 2405 lectione
1312 2385 1360 2412 per
1384 2377 1498 2412 figuram
1525 2376 1678 2403 litterarum
1702 2379 1807 2404 tantum

1020 2428 1179 2458 conspecta,
1206 2423 1253 2450 sed
1274 2423 1407 2450 uberante
1420 2423 1447 2450 in
1470 2422 1548 2450 vobis
1562 2422 1665 2450 Christi
1679 2422 1807 2458 graliain

1019 2474 1110 2497 vestra
1133 2470 1308 2505 cognoscitur
1322 2470 1491 2497 conscientia
1509 2469 1688 2497 immobiiiter
1712 2468 1806 2499 insita.

1018 2521 1045 2542 et
1056 2516 1211 2544 nullatenus
1234 2516 1269 2544 de
1290 2521 1381 2544 vestro
1393 2516 1475 2543 corde
1490 2515 1634 2543 recedente
1656 2516 1716 2550 lege
1729 2514 1808 2543 Chri-

1019 2561 1053 2588 sti
1069 2561 1114 2588 Dei
1136 2567 1323 2594 sacrosancta,
1339 2562 1412 2590 sicut
1427 2563 1454 2588 in
1476 2558 1594 2591 Psalmis
1610 2562 1676 2590 dicit
1687 2556 1807 2596 Prophe-

1058 2717 1113 2754 (δέ)
1129 2717 1214 2754 gone.
1230 2725 1260 2745 nt
1275 2717 1354 2745 Rom.
1376 2719 1427 2746 sub
1443 2719 1616 2754 Symmacho.

1052 2753 1108 2790 (55)
1123 2752 1231 2790 rVictor.
1254 2754 1349 2781 Carth.
1368 2762 1412 2789 ep.
1434 2752 1468 2782 ad
1485 2754 1587 2782 Tlieod.
1606 2761 1715 2790 papam,
1734 2755 1805 2783 uale

1015 2788 1101 2815 multa
1122 2789 1176 2815 huc
1193 2788 1300 2816 invecta
1315 2793 1390 2817 sunt.
