1919 3064
118 142 200 170 ,1477

593 144 726 172 PONTIF.
745 143 828 172 ROM.
848 145 891 171 ET
910 144 1095 171 ATIlANASll
1115 143 1304 171 EPISTOLE.

1678 143 1745 172 1478

128 207 171 229 ta:
186 201 221 230 Os
245 202 312 236 justi
327 201 496 230 meditabitur
512 204 678 238 sapientiam,
703 208 727 230 et
747 204 837 238 lingua
852 204 908 238 ejus
925 206 947 234 Α
961 211 1065 236 versos,
1081 203 1146 230 nihil
1163 203 1234 230 aliud
1249 209 1291 231 est
1303 210 1382 239 quam
1396 203 1495 231 fovere.
1517 203 1570 232 Nec
1582 207 1656 232 caret
1671 213 1735 234 seru

127 248 245 282 loquetur
263 248 405 282 judicium,
435 250 475 276 lea:
494 249 540 276 Dei
559 250 616 283 ejus
640 251 667 276 iu
688 250 764 276 corde
785 250 867 284 ipsius
876 250 909 282 ⁸⁷,

126 302 179 322 non
194 297 356 326 atramento,
382 295 431 322 sed
445 295 542 329 spiritu
560 294 607 322 Dei
624 295 678 322 vivi
697 295 796 322 vestris
816 295 843 322 in
865 303 911 321 ar-

126 340 202 367 canis
218 341 382 375 conscripta,
410 348 497 375 neque
514 340 541 367 in
562 340 661 368 tabulis
675 341 799 376 lapideis,
819 341 866 368 sed
882 341 910 367 in

126 386 225 413 tabulis
247 386 339 413 cordis
355 386 522 418 carnalibus,
539 386 611 413 sicut
626 385 776 413 beatissimi
793 386 909 420 apostoli

126 429 200 457 Pauli
220 430 253 456 ad
267 430 423 458 Corinthios
437 431 519 457 missa
538 437 588 458 nos
604 431 682 458 docet
698 429 828 465 Epistola.
843 429 906 462 Qui-

126 476 174 503 bus
190 476 339 510 praemissis
352 476 540 510 signiticamus
555 475 609 503 Deo
624 477 729 511 placita:
745 475 908 503 fraternitati

126 525 220 548 vestra:
234 521 276 548 die
291 521 407 555 septimo
421 520 603 548 Kalendarum
616 520 810 556 Augustarum,
838 520 909 547 indi-

125 567 221 594 ctiouis
235 571 348 601 quart-e,
358 571 481 594 nostram
500 566 679 594 humilitatem
699 566 790 593 divina
808 566 906 601 gratia,

124 620 175 640 suo
197 616 226 639 ut
245 613 371 647 praecepit
397 603 509 639 munere
524 612 716 646 prmveniente,
733 612 831 639 vestris
844 619 908 638 san~

124 659 175 686 ctis
188 666 219 684 ac
233 657 287 685 Deo
299 657 389 692 dignis
405 657 542 692 precibus,
564 657 591 683 in
609 661 702 684 sancta
717 655 837 682 Romana
856 655 907 682 Ee-

123 703 206 730 clesia
234 702 397 737 pontiﬁcalis
419 702 531 729 honoris
554 702 693 736 accepisse
720 701 906 728 consecratio-

124 757 184 776 nem
198 753 225 775 et
239 749 346 780 stolam,
362 748 389 774 in
403 755 456 783 quo
468 748 605 784 dignitatis
619 747 727 781 fastigio
745 750 774 773 ut
787 747 840 773 Deo
850 753 905 773 om-

123 795 261 829 nipotente
293 793 427 820 altissimo
461 800 596 828 regamur,
612 796 653 819 ’et
677 799 692 818 a
720 792 799 818 malis
817 792 905 818 omni-

123 840 174 866 bus
196 839 353 866 liberemur.
380 837 415 865 Ut
429 846 482 864 non
499 837 667 865 sacerdotale
681 844 778 864 nomen
788 842 902 867 tantum,

963 249 1025 284 pulo
1040 250 1178 277 societatis
1199 250 1321 282 occultae,
1344 250 1389 284 qui
1410 250 1554 278 manifesto
1569 251 1682 279 facinori
1698 252 1732 280 de

961 296 1026 323 sinit
1044 296 1163 323 obviare.
1196 296 1338 323 Manifesta
1359 301 1410 329 est,
1436 296 1535 324 Doctor
1559 298 1733 325 sanctissime

959 347 1093 368 venenosa
1115 345 1270 374 serpentum
1291 341 1350 368 sine
1365 342 1539 376 simplicitate
1551 343 1662 375 astutia,
1678 343 1738 370 dutr

959 385 1103 412 manifesta
1128 389 1169 413 est
1186 386 1280 414 dolosa
1297 387 1470 414 inimicorum
1487 387 1603 415 fallacia.
1625 389 1737 416 Succur-

959 430 1020 462 rite,
1045 438 1214 465 quzesumus,
1232 433 1381 467 oppressis,
1395 433 1506 461 liberate
1530 442 1581 461 nos
1605 434 1639 462 de
1659 442 1740 462 manu

959 478 1190 510 persequentium,
1205 482 1233 504 ut
1251 486 1312 505 cum
1330 478 1408 505 beato
1431 478 1481 506 Job
1497 480 1612 506 cantetis
1631 489 1637 507 :
1656 480 1739 507 Bene-

958 522 1036 548 dictio
1052 523 1161 556 perituri
1176 532 1253 558 super
1271 533 1310 551 me
1321 524 1448 557 veniebat,
1472 530 1496 552 et
1518 534 1563 552 cor
1578 526 1663 553 vidua:
1677 535 1738 553 con-

957 566 1057 593 solatus
1069 575 1137 598 sum,
1149 568 1256 601 justitia
1268 570 1376 596 indutus
1392 578 1459 602 sum,
1471 575 1495 597 et
1512 571 1602 598 uestiui
1620 580 1669 603 me,
1686 572 1739 599 sic-

956 616 985 637 ut
1000 614 1148 640 uestimento
1160 619 1183 640 et
1194 614 1352 647 diademate,
1372 615 1473 649 judicia
1488 625 1554 643 meo.
1573 616 1671 644 Oculus
1701 617 1739 651 tui

955 665 1032 689 cwco,
1048 663 1072 684 et
1084 666 1127 692 pes
1144 659 1249 687 claudo.
1264 659 1344 687 Pater
1359 669 1432 687 eram
1444 669 1598 695 pauperum,
1614 670 1739 689 causam-

955 711 1003 737 que
1009 712 1085 738 quam
1097 704 1251 737 nesciebant,
1260 705 1456 740 diligentissime
1464 707 1657 742 inuestigabam.
1667 707 1738 735 Con—

956 749 1068 775 terebam
1077 750 1160 776 malas
1177 750 1271 784 iniqui,
1281 755 1304 777 et
1316 751 1347 778 de
1361 751 1480 778 dentibus
1491 761 1579 779 eorum
1589 753 1738 787 auferebam

954 794 1070 827 prmdam
1081 795 1113 827 ⁸⁸,
1129 799 1154 821 et
1169 795 1282 830 reliqua.
1296 795 1350 823 Nos
1367 796 1449 828 enim,
1467 804 1535 831 quos
1551 801 1596 824 tua
1621 798 1737 824 maxima

955 839 1094 870 exspectat
1113 844 1189 868 cura,
1203 837 1228 863 id
1246 841 1297 869 est,
1331 838 1451 873 episcopi
1469 846 1575 872 omnes,
1604 839 1738 874 praecipue

123 886 170 913 sed
183 886 281 913 Christi
297 885 403 911 Domini
421 885 507 912 nostri
525 883 570 911 Dei
586 887 744 919 protegente
759 883 861 910 auxilio
874 887 900 910 et
916 881 936 908 Β
950 883 1027 907 tuum
1055 881 1185 909 debemus
1200 884 1296 910 mereri
1312 883 1458 918 judicium,
1482 889 1509 912 et
1537 893 1590 911 non
1613 885 1646 912 ab
1675 885 1737 913 aliis

123 932 250 959 meritum
265 931 422 962 habeamus,
443 930 541 957 vestris
558 930 660 957 sanctis
684 937 715 956 ac
744 929 798 956 Deo
824 937 900 956 acce-

122 977 268 1011 ptabilibus
282 983 332 1003 nos
342 975 562 1003 commendantes
573 975 750 1007 orationibus,
764 976 901 1010 poscimus

121 1027 253 1057 quatenus
281 1026 307 1049 et
320 1022 420 1049 vestris
444 1021 682 1056 deprecationibus
703 1028 752 1056 pro
771 1021 850 1048 nobis
867 1021 901 1048 ad

121 1068 205 1096 Deum
233 1068 325 1096 elIusis
350 1068 459 1100 muniti,
485 1072 512 1095 et
538 1068 740 1095 eruditionibus
757 1068 836 1096 bonis
859 1068 902 1095 in-

121 1113 229 1145 structi,
247 1114 322 1149 digni
350 1113 497 1141 eliiciamur
516 1121 577 1140 cum
602 1114 675 1140 omni
699 1113 777 1141 nobis
801 1114 901 1149 populo

120 1158 276 1185 Christiano
300 1158 447 1185 commisso
465 1157 553 1189 illaesi,
571 1157 677 1192 protegi
692 1158 843 1184 velamento
859 1157 901 1184 di-

121 1203 193 1230 vino.
211 1203 251 1229 Ad
268 1202 459 1229 salutationem
471 1209 536 1237 ergo
549 1206 648 1229 vestrae
663 1206 762 1229 sanctas
776 1206 802 1229 et
816 1202 900 1228 hono-

121 1248 211 1276 randae
228 1247 417 1280 fraternitatis,
431 1248 489 1275 vice
507 1252 613 1278 nostra.
626 1247 799 1274 Benedictum
812 1248 901 1274 humi-

121 1295 171 1322 lem
185 1298 308 1321 nostrum
316 1294 426 1321 fratrem
440 1297 562 1321 vestrum
572 1294 739 1328 episcopum,
751 1297 777 1320 et
787 1294 901 1321 Alexan-

120 1340 198 1366 drum
218 1339 416 1374 presbyterum,
439 1338 595 1373 Crispinum
612 1347 720 1374 quoque
744 1339 900 1372 diaconum,

119 1389 225 1412 vestros
243 1385 358 1412 famulos
374 1384 580 1411 destinavimus.
596 1383 709 1419 Propter
724 1393 792 1420 quos
808 1389 901 1420 postu-

120 1432 208 1458 lamus
223 1431 339 1458 celerius
354 1431 434 1458 nobis
449 1438 464 1457 a
482 1434 571 1458 vestra
586 1430 752 1458 beatitudine
771 1430 899 1465 persolvi,

121 1481 149 1503 ut
169 1476 266 1504 vestris
281 1475 515 1503 cohortationibus
529 1476 660 1508 roborati,
676 1476 772 1503 vestris
788 1476 899 1510 regulis,

120 1523 237 1550 inimicis
260 1522 384 1550 videlicet
406 1523 580 1557 compressis,
608 1522 756 1554 informati,
780 1522 813 1549 ad
836 1529 899 1556 pro-

119 1569 192 1603 prias
204 1569 349 1604 prudenter
368 1569 500 1596 consolati
524 1569 664 1596 valeamus
691 1568 821 1605 ecclesias
838 1572 900 1594 ante

118 1615 233 1641 hiemem
258 1613 372 1649 Domino
400 1613 518 1648 propitio
545 1621 676 1640 remeare.
704 1613 828 1640 Vestrum
861 1616 902 1640 est

118 1660 226 1694 quippe,
253 1659 334 1686 Pater
358 1659 543 1690 sanctissime,
564 1659 696 1685 canonica
720 1658 902 1686 instructions

118 1706 232 1733 sollicite
249 1705 439 1732 ecclesiastica:
462 1704 559 1738 regula
574 1703 788 1733 adversantibus,
805 1706 832 1729 et
847 1702 902 1729 fra-

117 1756 189 1778 trum
204 1750 410 1778 insidiatm'ibus
423 1750 542 1782 obviare,
560 1756 610 1776 nec
627 1748 782 1783 permittere
794 1748 901 1775 noviter

117 1797 172 1823 diei
201 1795 273 1831 quod
291 1795 400 1822 Patrum
415 1794 607 1822 venerabilium
618 1794 764 1821 auctoritas
789 1793 900 1820 omnino

117 1848 172 1868 non
191 1841 307 1868 censuit.
334 1839 389 1866 Nos
404 1840 474 1867 enim
492 1840 606 1866 humiles
635 1839 726 1871 corde,
752 1839 897 1873 sapientes,

116 1886 259 1920 adiuvante
273 1885 397 1917 Domino,
410 1893 470 1919 qua:
481 1890 553 1911 recta
569 1888 633 1911 sunt
648 1892 701 1911 uno
714 1885 822 1912 vinculo
836 1885 902 1912 cba~

117 1932 206 1958 ritatis
226 1931 365 1958 vobiscum
378 1938 473 1960 sumus
486 1931 640 1963 constricti,
655 1938 746 1958 veram
762 1930 840 1958 ﬁdem
866 1938 898 1958 ac

116 1977 275 2011 religionem
305 1977 468 2003 catholicam
492 1976 519 2003 in
535 1976 661 2003 omnibus
681 1975 786 2003 fortiter
804 1976 897 2003 defen-

119 2027 222 2050 santes.
264 2022 418 2049 Studiosius
445 2022 536 2056 itaque
552 2029 567 2048 a
589 2021 735 2048 Catlnolicis
767 2022 896 2057 improbis

115 2069 200 2103 probe
218 2069 345 2095 resistere
362 2067 502 2094 nitendum
527 2071 579 2098 est,
597 2075 631 2094 ne
649 2071 795 2101 torpentes,
823 2068 896 2095 desi-

115 2115 159 2140 dia
170 2115 302 2148 oppressi,
312 2113 398 2147 culpa:
409 2113 603 2139 taciturnitatis
614 2116 756 2139 teneamur
770 2113 892 2146 obnoxii,

66 2152 74 2161 ’
114 2166 141 2188 ct
168 2160 246 2195 quasi
271 2159 389 2186 favorem
417 2159 601 2193 impendentes
625 2158 788 2193 judiccmur.
818 2159 894 2188 Unde

115 2206 216 2233 dictum
231 2208 272 2233 est
288 2213 295 2231 :
313 2204 462 2239 Negligere,
484 2212 546 2231 cum
568 2204 658 2239 possis
671 2204 818 2231 deturbare
832 2213 894 2240 per-

952 925 1084 953 devorari.
1117 927 1213 954 Merito
1223 936 1287 963 ergo
1302 936 1351 956 nos
1364 929 1519 960 sacerdotes
1531 930 1637 958 Domini
1654 939 1735 959 causa

951 972 1072 1006 respicit,
1087 972 1110 1000 si
1125 973 1233 1000 silentio
1248 974 1303 1009 (56)
1318 975 1457 1002 faveamus
1477 976 1575 1002 errori.
1585 975 1614 1003 Si
1627 976 1736 1011 quidem

951 1018 1133 1052 corripiantur
1147 1019 1313 1053 hujusmodi,
1327 1028 1377 1047 nec
1392 1021 1427 1048 sit
1445 1021 1560 1048 liberum
1572 1022 1612 1049 eis
1628 1030 1678 1057 pro
1692 1029 1737 1050 vo-

951 1063 1054 1091 lunlate
1065 1064 1165 1092 habere
1182 1065 1326 1100 judicium,
1343 1066 1503 1101 desinatque
1524 1067 1631 1095 novitas
1646 1068 1735 1095 inces-

951 1116 1010 1137 sere
1025 1113 1198 1142 vetustatem,
1225 1111 1330 1138 desinat
1344 1112 1527 1139 Ecelesiarum
1552 1113 1669 1148 quietem
1694 1114 1736 1140 in-

951 1155 1081 1189 quietudo
1105 1156 1224 1183 turbare.
1244 1156 1311 1183 Nam
1333 1165 1428 1185 omnes
1457 1159 1669 1194 metropolitani,
1692 1161 1735 1187 vel

951 1200 1048 1234 reliqui
1063 1200 1195 1235 episcopi,
1211 1208 1260 1228 sua
1277 1201 1338 1228 odia
1353 1205 1399 1228 aut
1411 1203 1547 1230 vindictas
1561 1204 1589 1230 in
1614 1205 1734 1239 reliquos

951 1246 1092 1280 episcopos
1104 1254 1232 1274 exercere
1246 1255 1301 1274 non
1315 1248 1432 1275 valeant.
1450 1247 1512 1276 Ideo
1530 1250 1689 1276 nominatim
1705 1250 1735 1277 in

951 1291 1058 1319 Nicazna
1074 1293 1178 1328 synodo
1201 1294 1324 1328 expressi
1342 1298 1406 1321 sunt
1426 1295 1567 1328 primates,
1598 1296 1645 1330 qui
1669 1296 1736 1323 reli-

950 1345 1019 1371 quos
1033 1338 1175 1373 episcopos
1191 1339 1285 1366 audire
1298 1343 1324 1366 et
1341 1339 1464 1373 judicare
1487 1341 1614 1373 debeant.
1629 1349 1664 1369 ne
1678 1341 1734 1368 ulla

952 1382 1027 1410 fraus
1054 1384 1081 1410 in
1105 1384 1208 1418 judicio
1228 1385 1417 1420 episcoporum
1435 1386 1523 1420 possit
1540 1386 1654 1414 irruere.
1681 1386 1734 1414 Vos

950 1436 1015 1462 ergo
1032 1429 1077 1462 qni
1101 1429 1128 1455 in
1144 1437 1249 1456 summo
1267 1431 1379 1464 speculo
1394 1431 1488 1465 gratiae
1500 1431 1546 1458 Dei
1562 1431 1630 1459 estis
1651 1431 1735 1467 depo-

951 1473 1006 1505 siti,
1022 1474 1162 1501 attendere
1173 1482 1232 1505 eos,
1248 1479 1275 1502 et
1288 1476 1441 1510 opprimere
1451 1480 1566 1510 oportet,
1582 1477 1627 1511 qui
1643 1477 1670 1503 in
1683 1478 1735 1504 fra-

951 1523 1007 1546 tres
1033 1519 1181 1548 seditiones
1209 1520 1265 1556 (57)
1282 1526 1308 1548 et
1323 1521 1449 1548 scandala
1468 1521 1599 1549 excitant.
1617 1522 1734 1558 Ideoque

952 1572 1104 1597 exoramus,
1133 1570 1163 1593 ut
1192 1567 1301 1594 minime
1327 1567 1483 1601 despiciatis
1507 1568 1668 1596 humilitatis
1683 1576 1734 1596 no-

952 1618 1024 1643 strae,
1040 1616 1066 1639 et
1080 1613 1200 1639 omnium
1222 1613 1400 1640 Orientalium
1415 1614 1627 1642 orthodoxorum
1642 1623 1734 1643 sacer-

950 1656 1052 1688 dotum,
1081 1661 1108 1684 et
1135 1659 1295 1692 populorum
1317 1658 1475 1687 afﬂictiones
1492 1664 1519 1687 et
1532 1661 1730 1694 damnationes,

950 1709 1011 1728 cum
1030 1702 1157 1738 lacrymis
1170 1704 1284 1731 oblatas.
1298 1701 1348 1731 Sed
1365 1705 1435 1732 sicut
1446 1706 1589 1733 luminaria
1605 1707 1733 1735 universo

950 1747 1061 1779 mundo,
1078 1748 1188 1775 verbum
1203 1749 1263 1776 vita:
1275 1750 1431 1782 retinentes,
1445 1751 1614 1779 introductas
1625 1752 1731 1779 exstin-

950 1794 1022 1828 guite
1033 1795 1157 1822 tenebras
1172 1795 1430 1823 nefandissimorum
1444 1797 1645 1832 insidiatorum,
1663 1802 1730 1826 tern-

948 1841 1061 1876 poribus
1077 1841 1157 1869 etiam
1170 1842 1272 1869 nostris
1289 1843 1443 1876 procaciter
1462 1843 1626 1877 germinatas
1641 1853 1646 1871 :
1663 1851 1731 1879 qua-

948 1891 1027 1914 tenus
1051 1887 1173 1915 funditus
1193 1889 1326 1916 exstincta
1347 1889 1503 1924 bujusmodi
1518 1890 1642 1925 caligine,
1663 1891 1730 1918 luci-

948 1932 988 1960 fer
1000 1933 1078 1960 nobis
1096 1934 1267 1968 resplendeat
1283 1942 1330 1969 per
1342 1943 1399 1968 vos,
1413 1936 1585 1963 sanctissime
1602 1936 1691 1969 Pater,
1702 1941 1729 1965 et

947 1978 1099 2012 dogmatiea
1122 1978 1242 2005 definitio
1259 1980 1359 2014 ubique
1382 1988 1477 2008 omnes
1494 1981 1643 2014 laetificans,
1676 1989 1728 2016 qua

946 2023 1055 2058 gloriosi
1072 2024 1157 2051 sancti
1172 2023 1266 2052 Patres
1286 2033 1332 2059 per
1347 2026 1455 2060 propria
1471 2027 1593 2061 piissime
1604 2027 1728 2062 dogmata

946 2071 973 2097 in
991 2074 1095 2096 mternm
1109 2069 1170 2096 vita
1190 2069 1295 2096 firmam
1309 2070 1489 2098 hzereditatem
1506 2072 1668 2106 prmdicasse
1679 2080 1728 2099 no-

946 2120 1070 2142 scuntur.
1081 2115 1113 2142 Et
1128 2117 1292 2150 subscriptio
1311 2126 1316 2143 :
1334 2116 1497 2144 Incolumem
1517 2123 1551 2148 te,
1559 2122 1585 2144 et
1599 2118 1728 2153 benepla-

944 2163 1027 2188 citum
1055 2161 1120 2193 Deo,
1145 2163 1317 2190 sanctissime
1345 2162 1425 2189 Pater
1455 2161 1578 2193 Patrum.
1606 2168 1729 2192 orantem

944 2215 992 2242 pro
1005 2207 1084 2235 nobis
1096 2207 1228 2236 Dominus
1244 2207 1378 2235 custodiat
1396 2208 1423 2235 in
1436 2216 1532 2235 aevum.
1547 2209 1646 2236 Amen.

643 2262 804 2297 Rescriptum
819 2263 915 2291 Felicis
928 2272 1002 2300 papa:
1021 2265 1055 2292 ad
1068 2265 1181 2293 eosdem.

149 2320 229 2355 612
248 2319 491 2347 Reverendissimis
509 2324 589 2354 atque
603 2320 786 2347 dilectissimis
801 2320 893 2348 fratri-
909 2326 932 2354 ι)
946 2323 1010 2350 tiam
1026 2323 1142 2358 Spiritus
1157 2325 1254 2356 sancti,
1271 2328 1298 2352 et
1318 2324 1370 2352 Deo
1388 2324 1517 2359 placitum
1528 2325 1647 2352 studium
1661 2333 1726 2352 con-

115 2366 167 2392 bus
183 2366 341 2399 Athanasio,
362 2371 388 2393 et
415 2366 548 2393 universis
563 2364 763 2400 (Egyptiorum,
779 2366 896 2394 Thebai-

114 2411 190 2443 dam,
213 2410 412 2446 Libyorumque
427 2412 560 2446 episcopis
581 2412 609 2438 in
623 2416 716 2438 sancta
734 2411 894 2439 Alexandri-

114 2465 149 2484 na
167 2457 269 2492 synodo
293 2458 471 2493 congregatis,
488 2457 564 2484 Felix
581 2457 658 2483 almae
671 2457 800 2484 Romanae
818 2459 894 2486 urbis

113 2508 140 2531 et
160 2498 322 2530 universalis
344 2504 471 2531 Ecclesiae
488 2503 640 2537 cpiscopus,
657 2508 685 2530 et
705 2509 798 2531 sancta
813 2512 894 2539 syno-

112 2551 174 2581 dus,
199 2557 258 2584 qua:
273 2551 300 2576 in
321 2550 414 2576 urbem
434 2549 547 2576 Romam
576 2550 712 2581 convenit,
734 2550 761 2576 in
777 2549 891 2580 Domino

111 2595 238 2622 salutem.

147 2641 256 2668 Sacram
280 2645 398 2668 vestram
422 2641 578 2676 synodicam
600 2641 740 2676 epistolam
763 2649 811 2676 per
829 2649 890 2677 gra-

146 2719 167 2735 "
187 2719 259 2747 Psal.
278 2727 376 2751 xxxvn,
396 2719 445 2752 50,
462 2719 505 2745 3|.
544 2719 566 2735 ³⁸
584 2719 635 2746 Job
653 2727 733 2751 xxtx,
753 2719 846 2746 15-17.

156 2794 200 2828 56)
217 2795 253 2822 Ex
269 2796 349 2831 epist.
364 2795 376 2822 1
395 2795 534 2823 leestini
550 2795 557 2821 1
575 2795 607 2822 ad
625 2795 727 2823 Gallos.

145 2796 205 2865 ἕδη
216 2830 347 2865 Stephan.
364 2830 501 2862 Dorensis,
518 2830 550 2857 ad
565 2831 697 2865 synodum
714 2830 727 2857 Ι.

945 2370 1086 2404 scriptam.
1099 2374 1194 2397 vestrae
1210 2379 1224 2397 a
1238 2371 1292 2398 Deo
1309 2370 1473 2398 honoranda:
1497 2371 1650 2398 sanctitatis
1667 2379 1727 2406 gra-

945 2415 981 2441 tia
997 2415 1114 2442 libenter
1140 2416 1418 2450 suscepimushatque
1433 2416 1566 2443 instanter
1580 2421 1673 2442 nostra
1697 2417 1726 2442 in

945 2461 1048 2495 synodo
1074 2461 1189 2488 recitare
1207 2469 1254 2496 per
1282 2462 1388 2496 singula
1407 2462 1551 2496 jussimus,
1577 2467 1604 2488 et
1631 2469 1726 2490 omnes

945 2505 1046 2532 intente
1071 2506 1130 2539 ejus
1146 2507 1272 2541 colligere
1303 2507 1386 2533 verba
1415 2508 1603 2542 praecepimus.
1635 2506 1724 2541 Super

944 2559 1004 2585 qum
1028 2551 1092 2578 dum
1110 2553 1194 2579 laetari
1218 2552 1394 2587 sperabamus
1407 2557 1433 2580 et
1452 2553 1636 2588 cupiebamus,
1651 2559 1725 2580 versa

940 2597 1019 2623 estin
1037 2597 1136 2623 luctum
1158 2598 1262 2624 cithara
1287 2603 1378 2624 nostra
1388 2599 1420 2631 ³9,
1445 2602 1471 2626 ct
1482 2599 1601 2626 cantatio
1616 2599 1643 2626 in
1665 2599 1724 2633 plo-

940 2644 1082 2675 rationem,
1099 2647 1125 2670 et
1140 2643 1251 2670 omnino
1267 2644 1349 2672 totius
1365 2645 1460 2680 synodi
1476 2645 1602 2680 gaudium
1614 2645 1642 2672 in
1656 2651 1726 2674 meo-

884 2719 905 2735 ³⁵
925 2718 976 2746 Job
993 2727 1064 2752 xxx,
1082 2720 1127 2747 5i.

157 2830 205 2865 57)-
216 2828 347 2866 Stepiian.
364 2830 501 2862 Dorensis,
518 2830 550 2857 ad
565 2831 697 2865 synodum
714 2830 921 2858 Laterancnscm
942 2836 1013 2858 anno
1031 2828 1090 2856 649-
