1919 3064
188 124 255 152 I479

759 121 787 148 S.
802 118 1031 148 ΛιιίιΑΝΑςιυδ.
1046 135 1079 140 -
1102 119 1236 146 δνιιίιΑ.

1734 118 1807 147 1480

188 189 274 210 rorem
307 179 466 207 translatum
493 183 543 209 est,
576 178 638 214 quia
665 185 716 205 non
732 178 871 209 decuerat,
900 182 928 205 ut
952 178 969 204 ii
987 183 1008 209 Α
1023 178 1050 204 in
1066 177 1192 203 volumen
1214 175 1366 202 litterarum
1383 177 1533 202 vestrarum
1555 174 1738 208 comperimus
1763 184 1809 204 re-

187 227 231 263 qui
247 234 346 261 corpus
364 225 420 260 (58)
442 224 545 251 Christi
561 223 682 258 quotidie
699 223 808 257 proprio
825 222 973 250 conficiunt

187 280 243 304 ore,
270 275 373 298 tantam
398 274 556 305 paterentur
580 269 807 303 persecutionem.
840 266 972 300 Quoniam

188 317 318 344 Dominus
341 315 410 343 Deus
437 319 530 342 noster
558 315 673 341 salutem
701 313 848 348 providens
866 313 973 348 generis

188 363 311 393 humani.
330 361 466 388 mandavit
492 360 696 396 persecutiones
714 367 768 386 non
789 359 858 389 fieri,
885 366 973 392 neque

188 407 376 433 fluctuationes
401 405 506 436 inferri,
523 409 568 430 aut
598 404 710 431 invideri
738 404 923 430 laborantibus
946 404 972 430 in

187 459 252 487 agro
283 451 398 482 Dotnini,
426 458 513 484 neque
545 450 748 484 dispensatores
779 449 869 483 magni
891 449 973 484 Regis

188 497 288 527 vexari,
309 499 355 521 aut
369 495 475 529 expelli.
491 494 636 527 Quies:-ite,
652 494 738 528 inquit
765 497 859 520 sancta
876 501 972 528 magna

187 541 295 568 Nicama
317 540 449 576 synodus,
471 543 498 566 et
520 539 603 566 nolite
625 538 752 573 persequi
780 546 827 564 eos
848 537 894 571 qui
919 537 972 564 Deo

187 587 307 623 perfecte
336 587 502 616 ministrant,
528 590 554 612 et
575 585 681 611 sincera
703 585 842 610 voluntate
860 583 971 618 superni

187 634 235 661 Dei
253 632 380 660 mandata
395 631 564 661 custodiunt,
589 635 615 657 ct
631 630 733 657 nostris
749 630 853 664 legibus
878 629 972 663 subju-

188 684 298 714 gantur.
317 677 385 711 Quia
412 684 462 704 nec
484 676 561 703 decet
587 683 636 702 nec
659 675 725 702 ordo
743 675 855 709 patitur,
877 678 905 700 ut
919 675 970 701 ini-

187 726 233 760 qui
251 729 277 751 et
295 723 419 751 carnales
448 722 604 756 spirituales
633 724 848 756 persequantur.
878 719 972 746 Omnis

187 770 259 797 enim
286 769 330 803 qui
349 769 450 795 resistit
466 767 557 797 alicui.
583 774 655 793 nunc
684 765 824 798 vertendo,
842 772 913 792 nunc
927 772 971 791 ce.

188 814 269 842 lando
292 813 442 843 veritatem,
473 812 602 839 tnentitur
631 811 764 839 adversus
787 819 847 838 eum
876 815 970 837 contra

1024 227 1183 253 tractemus,
1215 226 1242 248 et
1271 221 1322 247 alia
1353 221 1484 247 nonnulla
1515 220 1643 248 instantis
1675 223 1808 257 temporis

1022 269 1175 297 necessaria
1201 271 1281 302 prout
1307 268 1397 302 petitis
1418 275 1560 302 ponamus.

1058 314 1114 350 (62)
1133 315 1156 340 ι.
1174 313 1220 341 Est
1236 321 1353 348 namque
1366 312 1503 348 synodicis
1512 314 1649 340 decretum
1661 313 1806 347 institutis,

1023 364 1053 387 ut
1066 367 1145 387 nemo
1168 359 1328 393 episcopum
1351 365 1434 393 penes
1460 358 1604 386 sazculares
1623 359 1740 387 arbitros
1759 367 1807 387 ac-

1023 409 1110 437 cuSet,
1127 405 1174 432 sed
1188 404 1221 431 ad
1241 411 1363 432 summos
1382 404 1522 439 primates.

1057 451 1084 477 2.
1105 449 1133 477 Si
1153 451 1215 484 quis
1238 449 1369 477 adversus
1391 449 1549 485 episcopum
1571 457 1682 478 causam
1701 450 1813 478 liabuei

1023 496 1067 528 rit,
1088 504 1142 523 non
1158 495 1233 530 prius
1253 495 1320 522 alios
1337 495 1481 530 episcopos
1495 494 1585 527 adeat,
1603 501 1631 523 ut
1646 503 1707 524 eum
1724 504 1808 523 accu-

1023 545 1074 573 set,
1097 548 1179 576 quam
1205 539 1376 567 familiariter
1395 539 1418 567 ei
1439 547 1516 567 suam
1536 539 1636 568 indicet
1651 541 1805 575 querelam,

1022 591 1048 613 et
1067 586 1101 613 ab
1119 593 1152 613 eo
1164 586 1265 620 justam
1285 585 1502 613 emendationem
1516 605 1524 616 ,
1545 589 1591 612 aut
1614 586 1805 613 rationabilem

1023 632 1156 667 percipiat
1175 632 1392 663 excusationem.
1416 631 1476 666 ipsa
1501 639 1550 658 nos
1568 631 1720 659 instruente
1735 631 1807 659 veri-

1022 681 1077 704 tate
1092 687 1098 704 :
1117 677 1146 704 Si
1162 678 1304 711 peccaverit
1321 678 1346 704 in
1359 683 1382 704 te
1398 677 1482 712 frater
1502 682 1573 709 tuus,
1589 676 1653 704 vade
1665 681 1690 703 et
1704 677 1808 712 corripe

1022 731 1079 751 eum
1095 724 1162 750 inter
1178 729 1202 750 te
1217 729 1241 751 et
1256 725 1341 758 ipsum
1355 724 1449 750 solum.
1466 723 1495 751 Si
1511 728 1535 750 te
1545 731 1596 750 non
1615 723 1739 753 audierit.
1757 723 1807 749 ad-

1022 769 1078 796 hibe
1092 769 1157 796 duos
1174 770 1212 797 uel
1224 775 1274 796 (res
1293 775 1385 796 tecum.
1403 769 1435 796 Et
1458 769 1542 796 sinon
1563 769 1687 801 audieril,
1704 769 1745 795 dic
1759 767 1807 795 Ec-

1023 815 1108 842 rlesiw
1120 815 1154 847 ",
1171 815 1196 842 id
1210 819 1262 846 est,
1281 822 1380 842 accusa
1392 823 1453 842 cum
1470 815 1589 850 publice,
1604 818 1631 841 et
1644 821 1698 841 non
1714 815 1807 848 priva-

188 868 268 895 queut
282 860 378 894 litigat.
400 859 432 885 Et
449 858 494 892 qui
517 858 632 884 infestus
643 863 684 884 cst
699 858 790 888 alicui,
811 856 901 883 omnia
916 856 970 884 sic-
985 853 1006 881 Β
1021 859 1081 890 tim,
1093 864 1119 886 et
1133 859 1247 894 reliqua.

189 910 218 933 ut
246 906 331 932 hostis
356 905 421 939 agit,
450 908 478 930 et
514 904 624 938 insuper
645 903 718 938 loqui
746 903 894 930 contendit.
920 901 974 929 Vos

188 951 262 986 enim
288 958 431 977 mouemus
448 949 546 976 fratres
562 949 588 975 in
607 949 728 984 speculis
742 956 803 976 esse
817 948 925 979 debere,
945 954 974 975 ut

189 999 216 1025 in
231 1001 364 1032 quantum
380 1004 441 1023 esse
456 995 570 1030 potestis
588 999 615 1022 ct
637 994 768 1022 Dominus
782 995 912 1022 auxilium
928 995 976 1022 de-

188 1044 271 1076 derit,
287 1044 386 1070 talibus
404 1049 496 1069 nostra
517 1041 666 1076 apostolica
690 1045 836 1076 vestraque
855 1041 974 1068 auctori-

189 1093 243 1116 late
266 1089 409 1118 resistatis.
440 1096 490 1115 nec
515 1089 660 1123 quisquam
691 1091 812 1114 vestrum
838 1093 852 1113 a
880 1086 973 1113 fratris

189 1134 292 1160 auxilio
314 1141 343 1160 se
368 1132 528 1164 subtrahat,
556 1132 602 1159 sed
631 1139 680 1166 pro
700 1131 802 1157 viribus
826 1130 976 1156 adminicu-

189 1181 244 1207 lum
255 1183 372 1214 pmslet.
386 1178 603 1211 thniam.licet
617 1178 695 1212 pauci
710 1177 781 1207 sitis,
797 1177 819 1202 si
834 1177 976 1203 unanimes

190 1226 308 1258 fueritis,
328 1225 494 1255 nullatenus,
517 1224 624 1258 justitia
651 1223 828 1257 suffragante.
861 1221 976 1248 Domino

188 1279 298 1307 quoque
317 1279 394 1306 opem
410 1270 524 1301 ferente,
540 1268 735 1304 superabimini
755 1277 761 1294 :
785 1267 854 1300 Quia
874 1267 977 1297 {unicu-

190 1319 231 1346 lus
250 1317 345 1351 triplex
361 1316 474 1350 difﬁcile
493 1315 665 1349 rumpitur“.
684 1313 750 1340 Nam
770 1315 792 1340 si
812 1312 907 1339 olliciis
927 1320 977 1339 sa:-

190 1363 332 1391 cularibus
351 1362 408 1397 (59)
433 1361 551 1388 humana
579 1361 620 1386 lex
638 1359 774 1391 subvenit,
794 1363 896 1394 quanto
920 1366 977 1385 ma-

190 1409 232 1444 gis
243 1408 448 1439 ecclesiasticis,
465 1411 492 1434 et
507 1406 612 1433 Domini
628 1405 828 1435 sacerdotibus,
848 1405 978 1431 maxime-

190 1463 243 1490 que
272 1453 456 1489 pontificibus,
484 1452 531 1487 qui
561 1451 669 1487 pupillae
698 1451 840 1477 oculorum
871 1450 977 1477 Domini

190 1501 372 1536 appellantur,
400 1499 491 1526 divina
516 1502 596 1533 atque
612 1497 744 1524 canonica
765 1497 806 1523 lex
835 1496 976 1532 suffragari

191 1547 293 1574 debet?
315 1545 361 1572 Ait
383 1545 454 1572 enim
470 1544 592 1571 diviuutn
609 1543 642 1570 de
657 1543 795 1578 episcopis
818 1543 954 1577 eloquium
969 1552 975 1568 :

192 1593 244 1625 Qui
268 1601 310 1619 vos
339 1591 433 1627 tangit,
450 1591 532 1625 tangit
551 1589 677 1624 pupillari:
701 1588 770 1614 oculi
790 1588 839 1614 mei
852 1588 883 1615 “.
901 1587 931 1614 Et
954 1587 978 1614 si

192 1639 336 1667 saeculares
350 1638 475 1664 homines
501 1636 619 1662 humana
636 1634 824 1669 multipliciter
834 1635 979 1669 exploran-

192 1689 236 1711 tur
255 1684 323 1718 lege.
346 1686 373 1710 et
395 1682 587 1716 requisitiones
605 1686 685 1715 atque
705 1679 822 1706 induciae
835 1679 888 1707 illis
908 1679 978 1706 mul-

191 1733 281 1756 torum
299 1728 433 1756 mensium
457 1727 655 1757 conceduntur,
676 1734 709 1753 ne
731 1726 829 1760 injuste
847 1725 978 1752 damnen-

192 1780 236 1803 tur
249 1784 256 1808 ;
271 1778 373 1810 quanto
386 1773 472 1808 magis
487 1772 632 1807 episcopis,
649 1772 694 1807 qui
718 1772 896 1807 proximiores
915 1774 979 1798 sunt

193 1820 258 1852 Deo,
285 1825 312 1847 et
339 1827 421 1854 super
448 1826 496 1846 eos
521 1823 585 1846 sunt
614 1818 765 1849 constituti,
792 1818 927 1852 positique
950 1817 978 1844 in

192 1865 297 1894 caelesti
325 1864 432 1897 militia,
459 1872 519 1898 quae
544 1864 695 1898 impensius
727 1863 900 1898 ponderanda
924 1867 976 1895 est,

194 1917 370 1946 temporaque
396 1913 460 1938 sunt
485 1910 658 1937 cortcedenda
675 1909 760 1936 multo
779 1909 922 1944 ampliora.
943 1916 978 1936 ne

193 1966 208 1984 a
224 1956 388 1992 quibusdam
408 1960 556 1991 graventur
584 1959 631 1982 aut
649 1955 849 1990 opprimantur,
873 1954 914 1981 vel
931 1962 978 1981 su—

194 2003 252 2032 bito
275 2003 447 2031 damnentur.
466 2001 521 2037 (60)
538 2001 717 2036 Inspiciamus
735 2008 811 2036 ergo,
831 2000 978 2035 adjuvante

195 2050 249 2077 Deo
269 2054 296 2077 et
315 2054 411 2077 sancto
430 2048 554 2083 apostolo
570 2047 660 2079 Petro,
686 2055 733 2082 per
760 2055 840 2082 quem
867 2051 894 2074 et
911 2054 978 2081 apo-

195 2096 312 2123 stolatus
332 2100 357 2122 et
376 2095 549 2129 episcopatus
561 2094 587 2120 in
601 2092 711 2120 Christo
726 2092 808 2127 cmpit
822 2092 976 2123 exordium.

195 2150 276 2178 quam
292 2143 383 2177 plures
398 2148 469 2175 saepe
487 2143 657 2168 emerserunt
671 2146 772 2170 causae,
789 2145 848 2174 qua).
872 2139 898 2165 in
913 2139 976 2173 qui-

1042 904 1067 931 5.
1087 903 1114 931 Si
1135 905 1196 939 quis
1225 903 1382 939 episcopum
1402 903 1514 939 posthac
1534 903 1644 938 elegerit
1664 910 1805 936 accusare,

1024 950 1138 978 summis
1152 950 1314 984 primatibus
1327 951 1516 985 episcoporqu
1533 957 1610 977 suam
1627 949 1727 976 indicet
1742 957 1807 976 cau-

1024 1005 1094 1028 sam,
1108 1001 1134 1024 et
1149 1004 1203 1024 non
1220 997 1413 1030 saecularibus,
1434 995 1481 1031 qui
1499 996 1583 1031 magis
1596 995 1628 1023 ad
1647 1003 1739 1031 pacem
1749 995 1805 1029 (65)

1024 1051 1104 1079 quam
1131 1043 1163 1070 ad
1189 1043 1323 1077 judicium
1349 1049 1397 1070 eos
1424 1046 1564 1073 revocent,
1585 1045 1614 1067 ut
1637 1041 1757 1068 eharitas
1778 1041 1806 1067 in

1024 1089 1151 1116 omnibus
1178 1093 1205 1115 et
1232 1089 1266 1115 ab
1293 1088 1421 1115 omnibus
1448 1087 1629 1115 custodiatur.
1659 1086 1687 1113 Si
1704 1087 1807 1121 prima-

1026 1137 1066 1162 tes
1094 1139 1267 1161 accusatores
1286 1134 1476 1168 episcoporum
1509 1140 1570 1159 cum
1598 1133 1638 1160 eis
1664 1133 1807 1166 paciticare

1026 1179 1196 1206 familiariter
1223 1179 1334 1205 minime
1360 1179 1508 1213 potuerint,
1539 1181 1603 1203 tunc
1624 1181 1745 1212 tempore
1768 1177 1807 1203 le-

1025 1224 1120 1258 gitimo
1139 1231 1187 1250 eos
1203 1224 1236 1250 ad
1251 1223 1384 1258 synodum
1399 1222 1529 1249 canonice
1548 1226 1736 1253 convocatam,
1752 1229 1806 1248 non

1026 1268 1095 1294 infra
1113 1272 1227 1303 angusta
1251 1273 1371 1302 tempora
1389 1268 1520 1295 canonice
1535 1271 1696 1299 convocent,
1712 1272 1738 1294 et
1752 1275 1804 1295 non

1026 1313 1183 1347 priusquam
1199 1313 1239 1341 eis
1254 1321 1301 1348 per
1318 1314 1420 1348 scripta
1433 1313 1585 1348 significent
1606 1313 1670 1348 quid
1692 1313 1807 1348 opponi-

1027 1364 1081 1391 tnr,
1098 1363 1126 1386 ut
1139 1359 1170 1386 ad
1189 1359 1394 1394 reSponsioucm
1410 1359 1554 1394 praeparati
1570 1358 1725 1386 adveniant.
1740 1358 1806 1385 Nam

1027 1404 1049 1431 si
1063 1408 1109 1430 aut
1128 1404 1165 1436 vi,
1186 1408 1233 1431 aut
1249 1405 1347 1432 timore
1360 1404 1450 1439 ejecti,
1474 1408 1520 1431 aut
1534 1404 1591 1431 suis
1611 1405 1692 1431 rebus
1711 1411 1808 1439 exspo—

1027 1451 1083 1478 liati
1113 1451 1233 1483 fuerint,
1263 1458 1313 1478 nec
1330 1450 1462 1477 canonice
1484 1450 1592 1477 evocari
1617 1449 1650 1477 ad
1675 1450 1808 1485 synodum

1029 1501 1161 1532 possunt,
1191 1504 1240 1524 nec
1269 1497 1434 1531 respondere
1459 1497 1564 1524 aemulis
1589 1496 1699 1528 debent,
1725 1499 1810 1522 ante-

1028 1549 1108 1576 quam
1133 1541 1264 1568 canonice
1292 1541 1479 1574 rcstituantur,
1495 1545 1522 1569 et
1539 1549 1587 1569 sua
1604 1542 1644 1569 eis
1664 1541 1754 1568 omnia
1770 1541 1810 1567 le-

1028 1587 1122 1623 galitcr
1141 1587 1299 1614 reddantur.

1064 1634 1092 1660 ι.
1114 1632 1142 1659 Si
1161 1633 1222 1667 quis
1244 1633 1432 1668 episcoporum
1454 1632 1511 1660 suis
1537 1631 1618 1659 fuerit
1652 1632 1734 1660 rebus
1762 1640 1811 1659 ex-

1029 1679 1172 1713 spoliatus,
1190 1684 1236 1705 aut
1256 1686 1271 1704 a
1289 1686 1337 1705 sua
1362 1679 1482 1706 Ecclesia
1498 1679 1523 1705 vi
1541 1683 1586 1705 aut
1602 1679 1698 1706 timore
1716 1679 1811 1714 expul-

1028 1733 1086 1759 sus,
1112 1726 1184 1761 quod
1209 1726 1283 1753 omni
1303 1726 1457 1753 Christiano
1476 1726 1578 1753 nomini
1595 1729 1636 1753 est
1657 1725 1809 1757 inimicum,

1028 1776 1134 1807 oportet
1152 1777 1179 1799 et
1199 1772 1277 1800 decet
1300 1773 1488 1807 episcoporqu
1509 1773 1683 1808 praepositum
1703 1779 1812 1807 semper

1028 1819 1115 1853 prima
1135 1818 1224 1846 fronte
1246 1818 1390 1845 sollicitum
1405 1826 1476 1850 esse,
1490 1823 1519 1845 ut
1534 1818 1636 1850 omnia,
1655 1825 1715 1853 quae
1724 1819 1748 1845 ei
1763 1819 1811 1846 ab-

1029 1864 1082 1891 lata
1105 1868 1188 1896 sunt,
1215 1864 1341 1898 potestati
1368 1864 1428 1898 ejus
1452 1863 1574 1898 legaliter
1598 1864 1758 1895 reddantur,
1783 1868 1811 1891 et

1029 1910 1128 1945 praesul
1138 1910 1214 1944 prius
1231 1910 1400 1937 restituatur.
1417 1909 1449 1936 Et
1467 1914 1558 1945 postea
1575 1918 1630 1937 non
1644 1910 1747 1941 statim.
1761 1910 1811 1938 sed

1027 1956 1073 1983 diu
1089 1960 1116 1983 et
1133 1964 1179 1991 per
1197 1956 1316 1991 spatiosa
1333 1961 1463 1990 tempora,
1479 1956 1537 1984 suis
1558 1956 1718 1990 potestative
1731 1957 1812 1991 depo-

1028 2002 1098 2034 sitis,
1115 2006 1143 2029 ct
1159 2002 1193 2029 ad
1210 2010 1287 2030 suam
1304 2002 1493 2029 necessitatem
1515 2004 1683 2038 praeparatis,
1701 2004 1734 2031 ad
1746 2008 1812 2031 tem‘

1028 2056 1079 2083 pus
1099 2048 1189 2075 veniat
1209 2047 1242 2074 ad
1261 2055 1383 2075 causam.
1410 2047 1442 2074 Et
1462 2049 1484 2076 si
1506 2049 1581 2083 juste
1604 2050 1691 2078 visunt
1717 2050 1810 2082 fuerit.

1027 2095 1234 2122 accusatoribus
1246 2094 1409 2128 respondeat
1427 2095 1496 2122 suis.

1064 2139 1091 2167 5.
1112 2139 1184 2166 Nulli
1212 2139 1305 2166 infami
1325 2139 1381 2175 (64)
1399 2144 1479 2175 atque
1495 2140 1626 2176 sacrilego
1640 2140 1673 2169 de
1689 2148 1811 2176 quocun-

196 2188 309 2215 busdam
331 2195 385 2214 non
407 2191 485 2214 erant
507 2192 607 2217 causas,
625 2184 672 2212 sed
687 2183 812 2211 crimina.
835 2183 903 2216 Quia
919 2190 976 2210 ma-
991 2191 1013 2218 ι)
1028 2193 1081 2220 que
1103 2185 1184 2212 liceat
1202 2185 1320 2220 negotio,
1340 2184 1472 2213 adversus
1492 2186 1650 2222 religiosum
1674 2186 1812 2214 Christia-

196 2234 246 2269 εἰς,
264 2237 294 2260 ιιι
311 2233 504 2267 comperimus.
521 2232 672 2267 {iniquitate
692 2230 825 2258 fratribus
845 2234 910 2257 sunt
926 2231 978 2256 im-

197 2279 304 2315 positae,
325 2286 405 2314 quam
423 2278 565 2305 cliarilate.
593 2277 625 2304 Et
642 2282 671 2304 ut
688 2277 722 2304 de
750 2281 848 2303 caetero
877 2277 978 2303 solliei-

196 2324 261 2352 tudo
275 2325 321 2357 sit,
336 2333 369 2351 ne
385 2325 449 2351 talia
469 2323 624 2356 deveniant,
636 2323 754 2358 capitula
772 2322 905 2356 qutedam,
918 2330 978 2357 quae

196 2379 210 2397 a
226 2371 330 2398 sanctis
349 2370 487 2402 Patribus,
516 2373 570 2396 tam
588 2370 615 2396 in
635 2368 744 2396 Nicana
759 2368 872 2404 synodo,
894 2375 976 2402 quam

196 2418 224 2444 in
241 2417 292 2444 hac
305 2417 368 2444 sedc
384 2417 532 2444 constituta
546 2419 620 2448 sunt,
636 2422 780 2450 ponamus.
799 2415 903 2448 Quibus
923 2414 976 2441 fra-

197 2467 251 2490 tres
266 2466 294 2490 ct
312 2463 465 2497 cnepiseopi
485 2461 570 2489 nostri
589 2461 657 2493 fulti,
675 2460 788 2487 insidias
804 2460 974 2487 inimicorum

196 2510 311 2537 Domino
323 2509 471 2536 auxiliante
491 2507 598 2535 valeant
613 2507 737 2538 evadere,
751 2510 777 2533 et
793 2509 872 2541 prout
885 2505 977 2532 Domi-

197 2564 250 2584 nus
263 2556 367 2583 dederit
379 2563 467 2590 posse,
483 2553 657 2589 paucioribus
665 2552 722 2588 (6|)
736 2556 875 2578 tantorum
889 2551 975 2578 malo-

199 2609 257 2629 rum
273 2601 363 2629 verbis
379 2602 517 2628 imitemur
531 2599 731 2634 compendium,
751 2603 778 2625 et
791 2598 904 2625 strictim
917 2604 977 2632 qua:

234 2679 257 2695 “
277 2679 420 2710 Eccle.’tv,
439 2678 484 2705 l2.
521 2678 541 2693 υ
561 2676 674 2704 Zachar.
691 2682 730 2707 tt,
747 2675 773 2702 8.

246 2735 289 2768 58)
306 2734 461 2769 llieronym.
475 2735 555 2769 epist.
571 2733 602 2760 ad
618 2731 808 2768 Nepotianum.

248 2771 291 2802 59)
307 2770 334 2796 S.
355 2769 434 2804 Οτι-ς.
446 2778 487 2804 ep.
506 2770 562 2801 I20,
578 2769 594 2795 l.
609 2777 656 2795 vu.

247 2804 290 2838 60)
309 2805 400 2831 luuoc.
418 2813 459 2838 ep.
476 2806 502 2832 2.

237 2839 291 2871 (bl)
307 2840 396 2866 lnnoc.
412 2848 455 2872 cp.
469 2839 492 2866 Τ.

1028 2239 1103 2262 num,
1120 2231 1245 2266 quamvis
1263 2231 1372 2259 humilis
1389 2232 1551 2266 servilisque
1565 2240 1680 2267 persona
1705 2233 1752 2264 sit,
1769 2237 1812 2260 tea

1027 2277 1187 2304 stimoninm
1202 2276 1303 2308 dicere,
1320 2285 1370 2304 nec
1387 2277 1420 2304 de
1443 2277 1563 2312 qualibet
1580 2278 1686 2305 actione
1705 2278 1747 2305 vel
1769 2279 1811 2306 in-

1026 2323 1174 2357 scriptione
1189 2323 1375 2350 Christianum
1392 2323 1530 2358 impetere.

1060 2367 1086 2393 6.
1105 2366 1134 2393 Si
1152 2367 1213 2402 quis
1229 2367 1376 2402 episcopus
1394 2367 1513 2402 legitime
1533 2371 1690 2401 accusatus,
1715 2372 1743 2396 et
1763 2377 1811 2396 su«

1025 2412 1149 2447 pradicto
1165 2413 1261 2440 ordine
1276 2412 1309 2439 ad
1326 2413 1472 2440 concilium
1488 2413 1618 2441 canonice
1644 2420 1811 2442 convocatus

1027 2457 1118 2490 fuerit,
1151 2459 1253 2494 absque
1278 2459 1457 2494 trepidatione
1485 2459 1524 2486 ire
1539 2459 1659 2487 debebit.
1683 2459 1717 2487 Et
1731 2460 1754 2488 si
1771 2461 1810 2489 ire

1026 2511 1080 2531 non
1094 2505 1213 2540 potuerit
1227 2505 1294 2541 (65),
1312 2513 1361 2540 pro
1372 2513 1402 2533 se
1413 2505 1530 2540 legatum
1551 2505 1585 2532 ad
1604 2505 1737 2541 synodum
1749 2507 1808 2533 mit-

1025 2554 1075 2577 tat.

1064 2596 1089 2624 7.
1107 2595 1193 2624 Nullae
1205 2603 1295 2624 causa:
1310 2603 1325 2623 a
1339 2595 1478 2630 iudicibus
1491 2596 1684 2626 ecclesiasticis
1697 2597 1806 2625 audian-

813 2675 835 2690 “
856 2673 950 2701 Matth.
969 2681 1054 2705 xvut,
1075 2673 1170 2701 lii-l7.

1066 2730 1122 2765 (62)
1138 2729 1231 2758 Carth.
1245 2737 1287 2762 ut,
1303 2738 1327 2757 c.
1342 2729 1370 2757 9.

1062 2765 1117 2799 (63)
1132 2765 1226 2792 Carth.
1241 2773 1277 2797 tv,
1290 2773 1315 2792 c.
1333 2765 1378 2792 26.

1067 2801 1122 2835 (et)
1141 2801 1176 2826 Ex
1192 2801 1304 2827 Aniano.

1068 2835 1124 2869 (65)
1145 2835 1207 2862 Adr.
1223 2843 1249 2863 c.
1263 2835 1279 2862 5
1294 2839 1321 2863 et
1337 2835 1378 2862 ll.
