1919 3064
111 184 177 211 1481

580 185 682 214 ΡΟΝΤ.
703 186 786 215 ROM.
805 187 848 214 ET
866 187 1051 215 ATHANASII
1069 187 1260 217 EPISTOLJE.

1659 191 1668 217 1
1674 191 1728 219 ιὲἓ

107 245 162 273 tur,
191 248 252 276 quae
266 240 370 276 legibus
387 249 441 269 non
456 243 639 276 continentur,
658 245 699 272 vel
717 253 777 280 quae
795 245 889 280 prohi-
906 248 926 276 Α
941 245 1011 272 dicta
1027 245 1134 273 Nicmna
1149 246 1253 281 synodo
1271 249 1335 273 sunt
1350 245 1502 274 constituti.
1521 245 1628 281 Reliqui
1651 254 1726 279 vero,

98 285 168 314 'biue
183 294 244 314 csse
261 291 422 315 noscuntur.

140 333 166 360 8.
188 332 216 359 Si
233 333 294 368 quis
312 334 392 360 aliter
410 341 465 361 non
487 335 663 370 acquieverit,
677 336 728 364 nisi
740 340 770 362 ut
787 336 892 371 episco-

110 385 172 413 pum
193 383 315 412 accuset,
340 387 422 415 supra
440 385 531 408 taxato
547 382 598 409 hoc
610 386 703 410 tenore
719 389 798 417 agere
811 382 892 411 debe-

107 425 157 457 bit,
175 426 238 460 quia
254 425 333 454 aliter
347 431 406 454 rata
420 435 474 454 non
497 431 586 462 potest
599 428 737 456 accusatio
749 428 889 456 exsistere.

106 470 183 498 Tunc
210 471 299 506 primo
316 473 437 500 accusati
457 480 568 500 causam
584 477 727 501 accusator
748 473 803 508 (66)
819 475 891 509 apud

106 517 235 552 primates
247 518 378 546 canonice
392 518 505 546 deferat.
520 518 586 546 Nam
598 527 613 546 a
628 520 818 548 communione
830 528 892 556 prov

106 563 231 590 hibeatur
247 568 403 597 accusatus,
420 565 471 592 nisi
487 565 520 592 ad
536 565 684 593 electorum
696 565 829 600 judicium
844 572 892 592 ca-

106 609 204 637 nonice
221 615 388 638 convocatus
407 611 478 638 infra
503 615 559 639 tres
575 615 622 638 aut
643 619 701 643 sex,
731 612 773 638 vel
797 612 891 647 plures

105 660 212 682 menses
226 661 276 688 pro
296 655 353 682 suis
367 656 500 684 rationem
521 656 680 684 redditurus
693 657 785 684 venire
801 657 890 684 distu—

106 697 176 726 lerit.
192 698 270 732 Quod
291 700 314 728 si
337 701 454 735 probare
469 702 586 736 potuerit
605 701 676 737 quod
694 702 818 734 voluerit,
841 703 889 730 sed

106 750 159 770 non
187 745 305 779 potuerit
328 746 409 781 613
433 746 538 778 venire,
563 746 630 773 nihil
651 746 676 773 ei
703 747 821 775 nocebit.
844 747 889 775 llle'

105 796 179 821 vero,
198 790 244 824 qui
257 790 294 822 vi,
310 795 356 817 aut
373 792 469 819 timore
485 799 499 818 a
513 791 576 819 sede
591 791 696 826 pulsus,
715 798 761 820 aut
775 793 832 821 suis
846 801 889 821 rc-

105 834 157 862 bus
182 836 351 870 exspoliatus
371 836 462 869 fuerit,
477 844 531 864 non
545 836 621 872 prius
631 841 743 864 vocetur
757 838 789 865 ad
807 846 888 874 syno-

103 879 180 911 dutn,
194 888 275 916 quam
292 882 316 909 ei
332 882 423 909 omnia
435 883 540 918 legibus
550 884 841 920 redintegrentur(67).
856 884 888 912 Et

942 291 988 325 qui
1002 291 1226 326 metropolitanas
1240 291 1296 326 (7t)
1317 295 1410 319 tenent
1422 293 1512 324 sedes,
1525 292 1726 329 archiepiscopi

942 341 1083 368 vocantur,
1097 340 1123 364 et
1144 344 1197 363 non
1218 337 1356 371 primates,
1372 337 1446 365 salva
1470 339 1497 365 in
1513 339 1640 366 omnibus
1665 346 1728 374 apo~

942 382 1045 409 stolica‘.
1063 381 1136 409 sedis
1146 381 1288 417 dignitate,
1304 391 1364 418 quze
1382 384 1407 410 ei
1427 384 1462 411 ab
1477 384 1536 418 ipso
1552 383 1667 412 Domino
1684 388 1727 412 est

941 433 1082 457 concessa,
1096 430 1123 454 et
1137 431 1229 462 postea
1244 435 1258 454 a
1274 429 1377 456 sanctis
1393 427 1520 457 Patribus
1535 430 1670 458 roborata.

978 470 1021 497 15.
1039 469 1130 498 Primo
1145 479 1252 506 semper
1264 472 1291 499 in
1305 473 1379 500 omni
1398 474 1589 509 episcoporum
1609 482 1724 501 accusa-

941 515 1032 547 tione,
1056 523 1183 550 persona.
1207 517 1263 544 vita
1286 521 1313 544 et
1341 519 1512 546 conversatio
1535 520 1722 547 accusantium

940 560 1104 588 enucleatim
1125 561 1288 595 inquiratur,
1303 565 1330 589 et
1348 563 1519 597 postmodum
1536 571 1569 591 ea
1582 571 1641 598 qua!
1654 564 1723 598 obji-

940 606 1060 639 ciuntur,
1077 606 1190 634 ﬁdeliter
1212 612 1420 642 pertractentur.
1438 608 1570 642 Quoniam
1584 610 1652 636 nihil
1673 609 1724 636 ali-

940 655 982 678 ter
1000 651 1056 679 fieri
1081 652 1170 685 debet,
1188 653 1240 685 nisi
1263 653 1445 688 impetitorum
1467 655 1543 689 prius
1568 655 1722 690 requiratur

940 697 1018 729 ﬁdes,
1035 705 1167 732 personae,
1179 699 1233 726 vita
1252 703 1280 725 et
1291 702 1367 726 actus
1381 699 1577 733 discutiantur,
1590 701 1652 735 quia
1667 708 1722 727 non

939 744 1018 772 debet
1032 752 1177 779 pravorum
1189 749 1235 772 aut
1247 745 1433 772 insidiantium
1448 745 1585 773 hominum
1603 747 1722 781 pernicie

939 790 994 817 vita
1009 791 1123 817 lacerari
1137 791 1332 818 innocentium.
1356 791 1426 818 Sane
1442 791 1591 826 szepissime
1617 792 1679 819 boni
1705 800 1721 819 a

938 835 1018 863 malis
1040 841 1251 871 persequuntur,
1268 837 1314 872 qui
1331 845 1385 864 non
1404 842 1514 865 cessant
1538 837 1595 865 suis
1609 838 1721 864 calami-

938 879 1040 907 tatibus
1059 880 1119 907 aliis
1136 881 1276 916 derogare.
1303 881 1365 909 ldeo
1385 889 1557 917 summopere
1571 883 1720 917 praeviden-

104 926 197 954 tandiu
213 927 240 954 in
258 928 322 956 sede
339 929 449 964 propria
466 929 578 964 pacifice
595 936 622 957 et
642 918 804 966 potestativc
815 939 886 959 cun-
904 918 923 945 Β
937 924 1000 952 dum
1014 929 1064 957 (ξεί,
1080 933 1113 953 ηε
1130 926 1186 953 hinc
1199 927 1273 955 “3m-

103 977 145 999 cta
164 973 314 1008 disponens
336 974 464 1007 resideat,
484 975 606 1010 quandiu
624 977 766 1012 expulsus,
782 977 824 1005 vel
840 985 888 1005 cx-

103 1018 235 1053 spoliatus
259 1027 353 1046 carere
378 1020 454 1048 visus
481 1024 522 1048 est
547 1022 637 1049 rebus.
664 1022 731 1049 Cum
745 1027 834 1050 autem
854 1024 887 1052 ad

99 1064 234 1099 judicium
249 1065 364 1097 venerit,
380 1067 403 1094 si
423 1067 540 1094 voluerit
559 1071 585 1095 et
602 1076 717 1097 necesse
735 1068 827 1103 fuerit,
844 1070 887 1097 in-

101 1110 187 1137 ducize
206 1111 231 1138 ei
253 1112 354 1146 petenti
376 1119 390 1138 a
408 1112 532 1141 Patribus
547 1114 701 1142 constituta:
713 1116 816 1151 absque
837 1116 888 1143 im-

103 1157 256 1190 pedimento
277 1157 474 1190 concedantur,
491 1163 518 1186 et
539 1159 646 1194 judices
663 1169 678 1187 a
698 1169 728 1189 se
744 1162 822 1189 electi
839 1163 901 1189 tri-.

101 1202 228 1233 buautur,
245 1206 274 1230 ut
290 1204 317 1230 in
330 1204 389 1230 loco
404 1204 474 1232 unde
484 1210 525 1232 est
540 1206 585 1234 ille
604 1206 650 1242 qui
666 1211 822 1238 accusatur,
840 1213 887 1235 aut

100 1248 122 1275 si
140 1248 206 1276 alibi
234 1249 351 1283 alicujus
377 1251 526 1278 temerariae
545 1252 727 1280 multitudinis
755 1253 809 1280 vim
830 1261 887 1281 me-

101 1294 193 1326 tuerit,
216 1294 306 1323 locum
326 1295 538 1330 sibicongruum
558 1297 649 1333 eligat,
665 1305 720 1333 quo
733 1298 836 1334 absque
854 1299 887 1327 ti-

101 1346 176 1367 more
187 1347 262 1373 suos,
274 1340 296 1367 si
309 1341 459 1368 necessitas
471 1344 761 1377 expoposcerit,testes
775 1345 884 1378 habere,

99 1387 127 1411 et
143 1385 246 1420 absque
270 1385 464 1420 impedimento
486 1395 564 1415 suam
582 1389 712 1417 canonice
724 1390 885 1418 sententiam

100 1430 178 1458 finire
192 1431 292 1459 valeat.

134 1475 161 1503 9.
180 1475 249 1509 Quia
264 1477 347 1503 multa
373 1484 421 1511 per
435 1477 639 1513 subreptionem
655 1478 765 1506 evenire
780 1480 881 1512 solent,

100 1519 156 1556 (68)
171 1521 224 1548 illis
242 1520 403 1549 testiﬁcandi
421 1522 461 1549 vel
477 1523 624 1550 accusandi
644 1523 751 1551 licentia
770 1524 886 1560 denege-

99 1571 153 1599 tur,
165 1567 211 1601 qui
221 1566 384 1595 Christianae
394 1568 532 1603 religionis
542 1573 568 1596 et
581 1570 699 1598 nominis
725 1571 881 1606 dignitatem
896 1584 917 1614 ο

99 1615 126 1639 et
141 1619 197 1639 suae
212 1612 278 1647 legis
299 1613 340 1640 vel
355 1613 397 1640 sui
414 1613 546 1649 propositi
565 1622 698 1649 normam,
712 1620 757 1644 aut
775 1618 882 1652 regula«

99 1655 165 1682 riter
181 1657 327 1691 prohibita,
344 1658 522 1693 neglexerint.

135 1701 179 1730 10.
199 1702 313 1730 Multum
330 1703 471 1740 derogatio
490 1707 627 1740 praevalet,
641 1707 751 1742 quando
767 1707 881 1744 derega-

100 1750 128 1774 to
141 1748 271 1775 creditur.
289 1747 350 1777 Ideo
367 1750 449 1778 variis
464 1751 678 1780 detractionibus
694 1758 775 1788 atque
799 1761 880 1782 accu<

99 1794 251 1823 sationibus
266 1803 320 1822 non
334 1796 411 1824 decet
428 1797 484 1833 (69)
496 1797 653 1825 labefactari
666 1799 819 1834 primatem,
833 1801 880 1828 sed

98 1841 186 1876 magis
199 1841 310 1869 Patrum
327 1843 427 1877 regulis
448 1844 587 1876 roborari,
613 1852 664 1872 nec
684 1845 763 1872 facile
779 1850 826 1873 aut
840 1846 882 1873 in-

98 1886 254 1915 differenter
279 1889 418 1923 su5cipcre
443 1890 632 1918 accusationes
652 1895 817 1925 praesumat,
841 1892 882 1919 di-

98 1937 176 1961 cente
192 1933 327 1962 Domino:
345 1935 406 1962 Non
432 1937 561 1971 suscipias
588 1945 674 1964 vocem
702 1938 878 1972 mesdacii";

98 1977 145 2005 sed
161 1978 238 2013 prius
254 1980 370 2014 probare
388 1981 468 2008 debet
493 1982 675 2017 suspicionem
698 1989 725 2011 ct
748 1991 859 2011 causam
872 2005 879 2016 ,

99 2026 146 2050 aut
156 2031 211 2059 quo
226 2026 317 2053 animo
334 2026 386 2053 hoc
402 2026 484 2054 faciat
497 2032 524 2055 et
538 2029 712 2063 postmodum
727 2030 879 2065 suscipere,

97 2071 161 2104 quia
172 2071 294 2100 veritatis
306 2072 512 2107 professionem,
535 2075 747 2110 propinquitatis
760 2096 768 2108 ,
791 2076 881 2103 inimi-

97 2116 176 2147 cntize,
190 2117 307 2150 timoris,
320 2118 431 2150 amoris,
454 2119 508 2146 odii
526 2125 552 2146 et
571 2121 728 2155 cupiditatis
755 2122 880 2155 intentio,

97 2161 238 2196 impedire,
253 2166 281 2190 et
297 2163 409 2191 adversa
423 2163 553 2193 fratribus
574 2165 696 2202 irrogarc
713 2167 792 2195 solet.

132 2206 176 2233 11.
197 2206 254 2242 (70)
269 2206 394 2235 Persona:
406 2211 592 2237 accusantium
611 2211 677 2239 tales
693 2219 754 2240 esse
769 2213 880 2246 debent,

974 971 1016 998 14.
1037 972 1132 999 Nullus
1149 980 1260 1005 servus,
1278 973 1333 1008 (79.)
1356 974 1446 1001 nullus
1469 974 1597 1007 libertus,
1628 975 1719 1002 nullus

939 1016 1046 1049 infidus,
1062 1018 1152 1045 nullus
1165 1019 1326 1046 criminibus
1343 1019 1464 1047 irretitus
1476 1040 1483 1051 ,
1511 1021 1603 1048 nullus
1617 1021 1720 1048 calum—

937 1064 1037 1094 uiator,
1050 1063 1140 1091 nullus
1152 1064 1197 1099 qui
1213 1064 1366 1092 inimicitiis
1381 1066 1483 1098 studet,
1498 1067 1590 1094 nullus
1607 1067 1654 1098 qui
1666 1066 1719 1093 frc-

936 1112 1050 1142 quenter
1064 1108 1160 1144 litigat,
1173 1113 1199 1136 ct
1218 1110 1250 1136 ad
1275 1111 1442 1137 causandum
1459 1111 1500 1138 vel
1522 1111 1718 1138 detrahendum

936 1160 978 1182 est
991 1155 1089 1187 facilis,
1103 1157 1174 1183 nulla
1191 1156 1299 1185 infamis
1316 1165 1430 1192 persona
1443 1178 1450 1189 ,
1479 1165 1583 1184 necnon
1609 1162 1636 1185 et
1658 1158 1720 1184 uni-

937 1202 1008 1229 versi
1022 1209 1090 1236 quos
1110 1202 1143 1229 ad
1159 1204 1296 1230 causando
1313 1203 1420 1238 publice
1443 1203 1557 1230 crimina
1576 1204 1648 1238 leges
1667 1211 1718 1238 pu-

936 1247 1006 1276 blice
1020 1256 1074 1275 non
1088 1248 1251 1280 admittunt,
1273 1250 1445 1284 permittatur
1465 1250 1608 1284 episcopos
1636 1258 1719 1277 accu—

936 1301 1006 1321 sare.
1023 1293 1156 1326 Quoniam
1172 1299 1346 1322 accusatores
1371 1299 1399 1322 et
1423 1296 1625 1328 accusationes,
1649 1304 1718 1330 quas

936 1339 1008 1374 leges
1021 1340 1111 1367 saeculi
1127 1347 1181 1367 non
1197 1341 1342 1375 rccipiunt,
1363 1348 1417 1376 qua
1433 1342 1537 1368 ratione
1559 1342 1718 1370 sacerdota-

936 1385 969 1412 lis
984 1393 1030 1413 eas
1044 1386 1164 1421 recipere
1177 1386 1274 1414 debeat
1289 1386 1354 1414 ordo
1380 1387 1501 1414 invenire
1521 1396 1640 1422 nequeo,
1656 1397 1718 1415 cum

935 1431 991 1458 hzec
1003 1437 1029 1459 et
1046 1433 1072 1459 in
1085 1431 1192 1459 Nic-aena
1207 1433 1310 1468 synodo
1321 1432 1456 1467 prohibita
1473 1434 1571 1464 sint,ct
1582 1434 1619 1461 illi
1632 1435 1717 1469 magis

935 1478 969 1504 ab
981 1477 1050 1511 istis,
1061 1486 1114 1506 non
1133 1479 1178 1506 isti
1193 1479 1226 1506 ab
1238 1479 1289 1506 illis
1299 1479 1415 1513 judicari
1427 1479 1552 1511 debeant,
1572 1488 1632 1507 cum
1649 1480 1719 1516 Apo-

936 1522 1021 1550 stolus
1036 1523 1127 1550 dicat:
1145 1523 1298 1558 Spirifualis
1313 1525 1418 1558 judicat
1434 1526 1540 1558 omnia,
1560 1527 1614 1561 ipse
1631 1535 1690 1555 vero
1701 1536 1717 1554 α

936 1569 1037 1596 uenti/Ie
1050 1569 1188 1603 judicatur
1206 1570 1238 1585 “-

967 1615 1011 1642 l5.
1031 1614 1167 1648 Haeretici,
1183 1623 1198 1642 a
1213 1615 1312 1650 quibus
1329 1615 1444 1642 nimium
1461 1616 1651 1651 opprimimur,
1665 1625 1715 1645 cx-

931 1661 1197 1696 eommunicatique,
1211 1661 1369 1694 homicidae,
1396 1661 1453 1696 (73)
1469 1662 1601 1695 malefici,
1620 1663 1694 1691 fures
1706 1684 1714 1695 .

931 1707 1066 1742 sacrilegi,
1081 1711 1215 1742 raptores,
1231 1707 1352 1737 venefici,
1367 1707 1494 1740 adulteri,
1506 1712 1533 1735 et
1545 1709 1589 1743 qui
1606 1713 1714 1743 raptum

932 1753 1056 1785 fecerint,
1077 1754 1118 1780 vel
1135 1753 1232 1780 falsum
1247 1753 1432 1780 testimonium
1447 1752 1585 1787 dixerint,
1602 1762 1648 1783 seu
1667 1755 1714 1791 qui

932 1798 964 1825 ad
990 1799 1133 1834 sortilegos
1166 1806 1314 1834 magosquc
1346 1807 1374 1827 sc
1397 1801 1572 1834 contulerint,
1599 1802 1714 1829 nullate-

932 1853 983 1872 nus
1005 1845 1038 1872 ad
1063 1845 1273 1876 accusationem,
1295 1845 1335 1872 vel
1362 1846 1394 1872 ad
1423 1847 1607 1875 testimonium
1634 1852 1715 1876 erunt

931 1890 1103 1918 admittendi.

969 1935 1011 1963 l6.
1031 1935 1089 1962 Non
1118 1936 1155 1962 ita
1179 1936 1206 1962 in
1228 1937 1421 1964 ecclesiasticis
1437 1938 1493 1972 (71)
1519 1938 1651 1974 agendum
1673 1944 1715 1968 est

931 1980 1047 2015 negotiis
1059 1981 1130 2007 sicut
1148 1980 1174 2006 in
1193 1981 1380 2009 szccularibus.
1400 1981 1466 2008 Nam
1483 1983 1510 2008 in
1527 1983 1712 2018 saecularibus,

931 2031 1073 2062 postquam
1087 2027 1191 2062 legibus
1205 2031 1329 2059 vocatus,
1346 2031 1372 2054 et
1386 2028 1413 2054 in
1430 2027 1489 2055 foro
1504 2028 1646 2056 decertare
1659 2037 1715 2057 cm-

931 2074 970 2108 pit
985 2073 1083 2108 aliquis
1094 2093 1101 2104 ,
1129 2081 1182 2100 non
1197 2073 1258 2101 licet
1277 2077 1339 2100 ante
1364 2078 1499 2108 peractam
1516 2081 1628 2102 causam
1643 2083 1715 2102 rece-

931 2119 1005 2146 dere.
1020 2118 1049 2145 ln
1069 2119 1264 2146 ecclesiasticis
1285 2127 1367 2152 vero,
1394 2118 1465 2146 dicta
1484 2127 1567 2146 causa
1588 2121 1714 2148 recedere

931 2163 1004 2194 licet.
1017 2164 1038 2191 si
1050 2171 1164 2191 necesse
1177 2163 1269 2197 fuerit,
1281 2168 1327 2190 aut
1344 2164 1366 2190 si
1382 2171 1410 2190 se
1426 2165 1589 2198 praegravari
1604 2165 1712 2191 viderit.

966 2210 1010 2236 17.
1030 2209 1251 2244 Quotiescunque
1275 2209 1332 2245 (75)
1358 2209 1503 2244 episcopus
1529 2217 1611 2245 super
1631 2212 1714 2238 certis

95 2259 211 2286 quarunt
230 2253 296 2281 fides
310 2257 337 2280 et
354 2256 526 2283 conversatio
542 2260 569 2283 et
586 2257 641 2283 vita
668 2258 833 2292 probabilis,
853 2262 880 2286 et
896 2249 919 2278 Ῑ)
932 2261 1078 2283 accusatur
1089 2255 1260 2286 criminibus,
1277 2256 1299 2283 si
1312 2256 1380 2283 talcs
1397 2255 1498 2282 fuerint
1514 2261 1690 2283 accusatores
1705 2276 1711 2288 ,

96 2297 199 2332 absque
220 2299 432 2334 reprehensione
459 2301 513 2333 sit,
535 2306 561 2329 et
584 2310 643 2337 quzc
669 2303 742 2330 Omni
769 2307 881 2331 careant

95 2343 262 2377 suspicione.
275 2344 342 2378 Quia
356 2349 383 2373 et
393 2345 455 2376 hoc,
469 2349 497 2373 te
512 2351 655 2381 praesente,
670 2351 699 2374 ut
712 2348 779 2375 bene
796 2349 879 2381 nosti,

95 2387 124 2415 in
135 2388 242 2416 Nicmna
262 2391 376 2425 synodo,
393 2396 504 2426 propter
524 2392 657 2419 malorum
678 2392 818 2420 hominum
842 2393 881 2420 in-

97 2433 268 2463 festationem
287 2437 322 2464 ab
339 2438 467 2465 omnibus
482 2441 525 2465 est
535 2436 687 2469 deﬁnitum,
706 2438 769 2465 licet
782 2446 880 2473 pravo-

96 2488 157 2508 rum
177 2481 316 2509 hominum
338 2483 445 2511 insidiis
467 2483 522 2512 sint
546 2481 604 2511 haec
623 2487 650 2510 et
672 2483 725 2510 alia
740 2485 880 2518 complura

95 2527 194 2555 deleta.

130 2575 174 2602 t2.
197 2574 329 2604 Primates
348 2575 396 2608 illi,
412 2579 439 2603 et
454 2582 509 2602 non
527 2574 574 2602 alii
588 2579 662 2607 sunt,
677 2583 756 2610 quam
770 2575 796 2602 in
815 2583 879 2611 pra-

129 2657 152 2672 "
172 2655 258 2683 Exod.
275 2663 358 2689 xxui,
378 2656 402 2682 1.
442 2656 465 2671 ⁸⁸
484 2654 493 2681 1
510 2655 574 2682 Cor.
593 2662 630 2687 u,
649 2654 693 2681 l5.

141 2745 187 2777 66)
200 2745 296 2773 Carth.
318 2752 360 2775 Ill,
376 2744 404 2772 7.

141 2780 186 2814 67)
206 2780 285 2807 Rom.
303 2788 330 2811 v,
347 2780 399 2806 sub
414 2777 587 2814 Symmacho.

129 2815 186 2849 (68)
205 2815 329 2842 Anianus
348 2815 374 2842 in
392 2822 417 2841 c.
439 2814 464 2849 t7.
480 2818 502 2849 γι.
519 2813 544 2845 7,
561 2815 578 2840 l.
599 2814 649 2847 16,
668 2813 729 2842 cod.
746 2813 850 2842 Thcod.

130 2850 187 2884 (69)
203 2850 313 2877 Damas.
329 2849 409 2884 epist.
427 2848 460 2876 ad
477 2848 609 2884 illyricos.

131 2885 187 2920 (re)
205 2885 318 2912 Adrian.
334 2885 351 2911 Α
369 2889 395 2911 ct
414 2884 456 2911 l5.

235 2933 370 2965 Parrum.
387 2933 445 2962 (in.
459 2931 604 2963 XXVIII.

931 2300 978 2335 qui
997 2300 1071 2334 juste
1093 2303 1121 2326 et
1135 2300 1266 2327 canonice
1281 2300 1365 2334 recipi
1381 2300 1516 2331 debeant,
1545 2301 1664 2335 legitima
1686 2301 1712 2328 in

931 2346 1034 2382 synodo
1052 2353 1102 2372 suo
1130 2346 1157 2373 in
1188 2350 1308 2380 tempore
1324 2350 1503 2380 congregata,
1525 2346 1558 2373 ab
1585 2346 1712 2374 omnibus

930 2393 1062 2420 canonice
1081 2393 1217 2425 audiatur,
1234 2393 1280 2428 qui
1297 2397 1360 2420 sunt
1378 2393 1405 2419 in
1420 2392 1568 2427 provinciis
1581 2392 1711 2426 episcopi.

930 2438 1007 2472 Quod
1025 2439 1048 2466 si
1068 2439 1180 2474 legitimi
1196 2447 1250 2466 non
1268 2438 1367 2466 fuerint
1380 2442 1563 2470 accusatores,
1581 2446 1633 2465 non
1651 2438 1712 2465 fati-

931 2490 1009 2520 getur
1023 2485 1179 2521 episcopus.
1192 2485 1254 2520 quia
1278 2485 1435 2513 sacerdotes
1450 2485 1484 2512 ad
1504 2485 1710 2512 sacrificandum

929 2538 1027 2557 vacare
1048 2530 1167 2561 debent,
1190 2537 1245 2557 non
1270 2530 1302 2556 ad
1323 2530 1491 2565 litigandum.
1518 2529 1572 2556 Nec
1598 2530 1647 2562 illi,
1665 2530 1712 2564 qui

930 2576 1021 2603 throni
1047 2576 1094 2603 Dei
1111 2581 1251 2608 vocantur,
1271 2583 1416 2611 pravorum
1441 2575 1582 2603 hominum
1604 2575 1712 2603 insidiis

964 2741 1020 2775 (7f)
1041 2739 1153 2767 Adrian.
1172 2740 1223 2766 col.
1241 2739 1276 2767 23
1291 2740 1390 2775 6115.¹

977 2777 1021 2809 72)
1038 2776 1132 2802 Carth.
1151 2783 1200 2805 vit,
1217 2783 1241 2802 c.
1263 2775 1290 2803 2.

975 2811 1019 2876 75)
1038 2810 1102 2840 Adr.
1119 2811 1171 2836 col.
1185 2810 1227 2851 βό.

976 2846 1008 2871 74
1036 2845 1100 2876 Leo,
1116 2853 1158 2878 ep.
1177 2845 1219 2872 51.

976 2846 1018 2876 74)
1036 2846 1100 2876 Leo,
1116 2853 1158 2878 ep.

963 2846 1019 2916 (75)
1036 2880 1099 2907 Adr.
1119 2880 1163 2906 “27.

1534 2926 1572 2959 Η
