1919 3064
193 169 204 195 1
213 167 261 194 583

750 163 778 191 S.
799 162 1028 191 ATllANASlUS.
1045 177 1079 182 —-
1098 161 1234 189 SPURIA.

1736 160 1807 188 1584

193 223 295 250 turbarl
314 228 425 253 (leuent.
454 222 501 250 sed
523 222 607 250 libere
627 222 736 250 Christo
753 222 867 250 Domino
884 222 971 249 lamu-
988 226 1008 253 Α
1024 225 1094 247 ctam
1107 221 1198 248 sedem
1221 219 1441 254 interpellaverit,
1465 221 1511 244 aut
1529 217 1580 245 sibi
1596 216 1808 246 defcnsatricem

193 268 252 295 lari.

227 313 270 341 t8.
304 313 463 348 Quanquam
496 314 706 349 provincialibus
731 315 886 349 episcopis,
919 322 971 341 una

192 367 253 386 cum
270 367 363 386 eorum
394 360 603 395 metropolitano
626 368 682 388 sua:
705 360 851 394 pr0vincize
873 367 972 388 causas

191 406 391 440 episcoporum,
410 405 490 432 liceat
507 405 665 433 charitative
679 410 706 432 et
727 406 899 433 concorditer
914 405 972 440 agi-

191 455 264 482 tare;
287 458 339 477 non
355 455 457 483 tamen,
472 451 543 478 sicut
560 452 589 478 in
610 452 753 486 pratdicta,
770 455 797 479 te
820 455 952 486 praesente
964 470 971 482 ,

190 494 369 520 constitutum
383 498 424 522 est
439 495 552 530 synodo,
569 495 631 522 licet
645 495 757 523 deﬁnire
767 515 775 528 ,
800 495 902 530 absque
917 495 973 522 Ro-

191 540 262 566 mani
280 541 415 574 pontilicis
439 541 612 569 auctoritate.
627 541 705 574 Quod
729 542 751 569 si
779 549 857 569 secus
881 549 895 568 a
913 542 973 576 qui-

191 586 305 613 busdam
324 590 516 621 prmsumptum
537 587 626 619 fuerit,
645 588 696 622 ipsi
711 587 758 622 qui
783 587 835 614 hoc
848 592 972 622 egerunt,

191 640 247 659 sure
259 633 478 668 praesumptionis
491 634 646 668 suscipiant
657 633 796 660 damnum.
810 633 843 660 Et
862 633 913 666 illi,
926 633 973 669 qui

192 678 226 704 ab
241 678 281 705 eis
302 686 441 712 perperam
462 679 688 706 excommunicati
710 683 756 706 aut
777 679 899 705 damnati
915 678 974 706 fue-

192 722 257 754 rint,
274 723 435 750 auctoritate
459 723 540 757 hujus
555 728 656 751 sancta
677 724 760 755 sedis,
776 727 802 750 ct
818 723 888 750 beati
907 731 974 758 pra:-

191 768 308 801 ccptoris
323 768 408 795 nostri
425 768 551 803 clavigeri
578 768 651 796 Petri
671 773 804 804 potestate
830 771 974 798 solvantur

192 817 273 847 atque
293 813 481 841 restituantur.
501 814 560 848 Ipse
574 815 646 842 enim
661 815 698 842 ait
721 815 852 844 Dominus
869 826 876 844 :
895 816 975 849 Qut:-

192 867 290 893 cunque
307 859 412 886 solveris
438 867 515 893 super
540 864 656 893 terram,
681 866 755 887 erunt
783 861 870 888 soluta
895 866 919 888 et
946 862 973 888 in

194 909 263 930 terra
282 908 305 930 et
324 905 351 930 in
367 904 436 931 caelis
452 904 483 930 ⁸⁵.

228 950 273 978 19.
285 950 340 986 (76)
350 949 462 983 Quoties
477 951 595 986 episcopi
606 959 635 978 se
644 959 657 978 a
669 951 726 979 suis
734 951 972 986 comprovinciali-

192 996 252 1026 bns,
270 996 311 1023 vel
322 1003 337 1022 a
355 996 562 1030 metropolitano
578 997 730 1031 putaverint
743 997 916 1032 praegravari,
929 1001 974 1023 aut

192 1052 238 1072 eos
256 1047 398 1078 suspectos
411 1043 566 1076 habuerint,
583 1052 644 1071 mox
662 1044 811 1071 Romanam
838 1044 974 1079 appellent

191 1090 292 1118 S—lom.
304 1089 343 1117 Ad
361 1097 442 1124 quam
459 1097 506 1117 eos
519 1091 621 1124 absque
646 1090 699 1116 ulla
724 1089 880 1116 detentione
892 1109 900 1120 ,
927 1093 974 1116 aut

191 1144 301 1163 suarum
317 1143 407 1163 rerum
419 1135 566 1167 ablatione,
580 1134 691 1162 obedire
707 1135 796 1162 liceat.
815 1135 848 1162 Et
862 1135 925 1162 dum
940 1135 973 1162 ad

192 1183 347 1217 praedictam
362 1181 510 1210 Romanam
529 1184 642 1208 matrem
666 1178 860 1216 appellaverint
882 1181 974 1208 Eccle-

178 1228 270 1259 siam,
287 1231 334 1254 aut
349 1228 383 1254 ab
397 1235 429 1254 ea
453 1235 483 1254 se
510 1226 598 1253 audiri
622 1227 831 1261 expoposcerint
845 1246 853 1258 ,
882 1227 974 1254 nullus

190 1281 247 1305 eos,
263 1276 309 1300 aut
323 1273 577 1304 excommunicare,
600 1276 646 1299 aut
668 1279 762 1300 eorum
785 1279 829 1300 res
848 1272 972 1304 auferre,

191 1323 238 1346 aut
249 1319 366 1353 aliquam
380 1317 548 1345 viminferre
573 1318 614 1345 eis
638 1321 802 1352 praesumat,
829 1323 974 1353 antequam

191 1365 288 1391 horum
304 1371 386 1391 causa
406 1363 519 1390 Romani
543 1363 680 1398 pontiﬁcis
709 1363 871 1390 auctoritate
897 1363 974 1390 ﬁnia-

192 1413 245 1437 tur.
262 1410 339 1443 Quod
355 1410 377 1438 si
390 1410 469 1436 aliter
482 1417 496 1436 a
510 1417 646 1444 quoquam
666 1413 859 1444 praesumptum
881 1409 972 1441 fuerit,

192 1456 258 1482 nihil
273 1456 334 1486 erit,
352 1455 397 1482 sed
414 1455 517 1482 viribus
539 1454 650 1482 carebit.
681 1453 749 1481 Nam
771 1462 821 1481 nec
843 1454 894 1481 hoc
916 1462 975 1489 per-

191 1509 283 1536 peram
300 1501 499 1536 praesumimus,
511 1500 558 1529 sed
583 1504 609 1528 et
624 1501 711 1535 ipsum
728 1501 754 1527 in
767 1499 876 1527 Nicatna
893 1508 974 1535 syno-

192 1546 226 1573 do
240 1547 436 1578 constitutum,
455 1550 482 1574 et
510 1552 697 1574 antecessores
727 1551 837 1573 nostros
865 1547 973 1581 egisse,

192 1591 270 1622 bene,
288 1590 428 1622 Athanasi,
447 1590 529 1622 nosti,
546 1590 656 1625 quando
680 1597 708 1618 tu
732 1596 758 1618 et
781 1590 882 1619 Paulus
901 1591 974 1618 Con-

192 1637 451 1671 stantinopolitanus
467 1656 474 1668 ,
500 1636 643 1671 Asclepius
659 1635 753 1669 Came,
782 1641 810 1664 et
838 1636 975 1664 Lucianus

193 1681 315 1718 [Lucius]
324 1682 552 1717 Adrianopolites,
563 1683 597 1709 ab
604 1683 739 1718 episcopis
745 1682 928 1710 Orientalibus
935 1683 975 1710 in-

192 1729 318 1756 consulto
328 1732 429 1756 sanctae
442 1728 578 1756 memoria
589 1727 661 1755 Julio
675 1727 874 1763 praedecessore
882 1732 975 1755 nostro

192 1773 311 1800 damnati
328 1774 406 1805 estis,
422 1776 447 1800 et
464 1773 497 1800 ad
511 1781 584 1804 erm,
600 1773 677 1808 quasi
691 1773 723 1800 ad
742 1773 826 1801 totius
837 1773 911 1800 orbis
929 1781 976 1800 ca-

192 1822 250 1853 put,
269 1823 299 1845 ut
319 1827 425 1854 semper
440 1812 503 1846 huic
517 1824 617 1846 sanch
632 1819 689 1846 sedi
713 1819 817 1846 licitum
835 1819 897 1852 fuit,
911 1827 977 1846 con-

192 1865 310 1898 t'ugistis.
328 1864 439 1899 Cognita
453 1871 547 1892 eorum
562 1865 692 1900 nequitia,
712 1869 738 1892 et
753 1869 842 1893 vestra
856 1866 974 1899 justitia,

192 1918 240 1938 vos
254 1911 281 1937 in
297 1910 488 1938 communione
507 1911 628 1945 suscepit
640 1931 647 1942 ,
672 1915 698 1938 et
713 1911 833 1937 omnium
857 1915 975 1938 vestrum

192 1963 285 1982 curam
310 1962 426 1990 gerens.
452 1959 564 1990 propter
589 1955 663 1983 sedis
677 1956 793 1991 propriae
816 1956 975 1991 dignitatem

192 2009 257 2029 suas
270 2001 384 2036 singulis
408 2001 524 2030 reddens
537 2001 684 2035 Ecclesias,
698 2001 883 2030 Orientalibus
907 2003 975 2030 scri-

192 2048 256 2082 psit,
273 2048 386 2082 eulpans
401 2054 449 2074 eos
464 2046 537 2082 quod
554 2054 608 2074 non
623 2051 695 2074 recte
712 2051 885 2080 tractassem,
903 2048 976 2076 viros

193 2093 369 2128 inculpabiles
380 2093 413 2120 de
426 2093 484 2120 suis
499 2092 628 2120 Ecclesiis
639 2093 815 2128 expellentes,
831 2097 857 2120 et
872 2094 975 2120 consti-

191 2143 249 2166 tuta
262 2138 362 2166 Nicaeni
374 2139 482 2166 concilii
497 2139 609 2166 minime
626 2143 830 2166 conservantes.
844 2138 863 2165 Ε
875 2139 976 2174 quibus

191 2185 224 2211 ad
242 2189 343 2212 certum
357 2185 427 2212 diem
438 2185 583 2212 nonnullos
597 2184 706 2212 sibimet
723 2184 821 2212 adesse
836 2184 974 2219 praecepit,

1022 266 1160 297 asciverit,
1172 266 1259 293 donec
1272 265 1405 300 judicium
1420 265 1453 291 de
1473 271 1506 291 eo
1527 267 1627 291 nostra:
1652 264 1811 298 apostolicae

1022 311 1205 342 auctoritatis,
1223 309 1275 337 hoc
1288 313 1340 340 est,
1361 309 1491 344 principis
1520 309 1704 343 apostolorum
1734 308 1809 336 Petri

1023 361 1161 391 agnoscat.
1188 355 1256 388 Quia
1279 355 1365 382 solum
1382 353 1508 382 Christus
1522 353 1602 381 Jesus
1623 354 1687 381 huic
1706 358 1811 382 sancta:

1023 402 1092 434 sedi,
1107 401 1134 428 id
1147 404 1190 428 est
1204 400 1372 435 apostolicae,
1393 399 1446 428 hoc
1468 399 1559 427 facere
1583 400 1728 427 commisit.
1759 399 1811 427 Ut-

1023 450 1085 480 pote
1101 446 1229 480 quoniam
1245 446 1336 478 solus,
1361 449 1443 480 atque
1465 452 1520 480 prae
1535 445 1663 473 omnibus
1679 445 1812 480 praefatus

1023 492 1149 527 princeps
1160 491 1343 526 apostolorum
1359 491 1479 518 creditus
1498 494 1551 523 est,
1565 494 1647 526 atque
1664 492 1809 526 percipere

1023 537 1122 564 meruit
1133 544 1147 563 a
1161 536 1232 571 Rege
1246 544 1337 572 regum
1347 536 1455 564 Christo
1471 537 1562 564 claves
1577 536 1653 572 regni
1666 537 1810 565 cmlorum.

1057 583 1102 610 ΞΟ.
1125 582 1160 609 De
1178 582 1295 609 induciis
1320 590 1384 610 vero
1406 582 1596 617 episcoporum
1613 591 1694 617 super
1708 583 1812 617 quibus

1023 628 1211 660 consuluistis,
1226 629 1349 655 diversas
1364 636 1379 655 a
1394 627 1521 655 Patribus
1537 628 1812 663 regulas'invenimus

1024 675 1172 702 institutas.
1188 674 1302 707 Quidam
1316 674 1387 701 enim
1407 674 1440 701 ad
1457 674 1608 708 repellenda
1625 674 1811 709 impetitorum

1024 721 1254 752 machinamenta,
1270 724 1298 747 et
1313 727 1377 747 suas
1393 721 1584 756 praeparandas
1604 721 1810 756 responsiones.

1023 769 1050 793 et
1067 769 1149 793 testes
1165 764 1376 795 conﬁrmandos,
1389 769 1415 792 et
1427 765 1543 792 concilia
1558 765 1748 799 episcoporum
1766 769 1812 791 at-

1024 818 1076 845 que
1093 811 1241 838 amicorum
1260 811 1404 845 quaerenda
1417 830 1424 842 ,
1439 818 1540 837 annum
1560 814 1607 837 aut
1631 815 1679 838 sex
1701 819 1812 839 menses

1025 855 1221 883 mandaverunt
1246 855 1375 887 concedi;
1389 856 1499 890 quidam
1524 860 1615 884 autem
1634 864 1734 884 annum
1748 877 1756 888 ,
1784 858 1813 884 in

991 897 1010 924 Β
1025 909 1078 936 quo
1090 901 1199 935 plurimi
1211 901 1387 928 concordant.
1402 901 1491 929 Minus
1506 909 1571 929 vero
1582 910 1665 937 quam
1675 910 1722 930 sex
1734 910 1814 930 uten-

1025 955 1069 976 ses
1084 955 1139 974 non
1156 948 1255 982 reperi,
1272 947 1335 982 quia
1365 956 1381 974 a
1405 948 1480 975 laicis
1507 948 1564 975 haec
1590 948 1694 975 indulta
1725 954 1790 976 sunt
1804 969 1812 981 .

1024 997 1126 1029 quanto
1142 993 1229 1028 magis
1247 992 1353 1020 Domini
1380 993 1586 1021 sacerdotibus?
1605 993 1672 1021 Nam
1689 998 1716 1021 et
1730 1002 1746 1021 a
1763 1002 1813 1022 no-

1025 1040 1089 1066 stris
1103 1039 1335 1071 antecessoribus,
1347 1043 1428 1074 atque
1444 1039 1557 1074 reliquis
1570 1040 1672 1067 sanctis
1683 1039 1812 1068 Patribus

1025 1085 1164 1113 multoties
1180 1085 1324 1113 inhibitum
1341 1091 1394 1119 est,
1407 1094 1441 1113 ne
1456 1086 1519 1121 quis
1533 1085 1642 1113 Domini
1661 1086 1813 1114 sacerdoti-

1024 1131 1075 1159 bus
1089 1131 1274 1160 detractiones
1290 1132 1391 1168 irroget
1402 1151 1409 1164 ,
1435 1133 1641 1168 quanto'magis
1657 1133 1812 1161 accusatio—

1024 1185 1073 1205 nes
1096 1184 1149 1204 non
1164 1177 1197 1205 ex
1212 1177 1305 1204 radice
1319 1178 1461 1206 charilatis
1484 1178 1627 1212 prolatas?
1651 1178 1792 1212 Quiescite
1802 1200 1810 1211 ,

1024 1224 1161 1258 inquiunt,
1177 1227 1204 1252 et
1220 1223 1304 1251 nolite
1321 1225 1447 1259 persequi
1471 1231 1530 1257 eos,
1547 1225 1593 1260 qui
1614 1225 1669 1253 Deo
1691 1226 1812 1261 perfecte

1024 1269 1196 1303 ministrant,
1223 1278 1339 1305 quorum
1367 1270 1536 1299 orationibus
1560 1275 1587 1298 et
1613 1275 1719 1299 terrena
1741 1272 1811 1298 bella

1024 1316 1165 1347 sedantur,
1179 1319 1206 1342 et
1221 1315 1405 1342 recedentium
1418 1323 1433 1342 a
1451 1314 1507 1342 Deo
1530 1316 1687 1350 angelorum
1700 1316 1810 1351 pellun-

1024 1365 1069 1388 tur
1086 1362 1213 1389 incursus
1226 1381 1234 1393 ,
1261 1362 1362 1396 quique
1389 1369 1485 1389 omnes
1508 1361 1661 1394 daemones,
1681 1363 1727 1397 qui
1746 1370 1811 1389 cer-

1023 1407 1096 1442 rupti
1110 1411 1185 1439 sunt,
1201 1414 1313 1442 precum
1331 1407 1490 1434 assiduitate
1500 1406 1679 1434 confundunt.
1694 1407 1812 1435 lnducia:

1024 1460 1142 1488 namque
1158 1460 1213 1480 non
1231 1452 1282 1480 'sub
1309 1458 1425 1487 angusto
1439 1457 1571 1488 tempore.
1588 1452 1634 1480 sed
1659 1454 1710 1480 sul»
1730 1453 1812 1487 longo

1025 1497 1112 1532 spatio
1123 1497 1303 1525 concedenda:
1314 1502 1389 1529 sunt,
1403 1501 1432 1524 ut
1453 1498 1575 1525 accusati
1595 1505 1625 1525 se
1643 1506 1812 1533 praeparare.

1025 1547 1052 1569 et
1067 1543 1210 1570 universos
1226 1543 1472 1570 communicatores
1489 1543 1516 1570 in
1538 1544 1686 1578 provinciis
1708 1545 1813 1578 positos

1025 1589 1181 1621 convenire,
1195 1593 1221 1616 et
1243 1593 1326 1617 testes
1342 1597 1504 1624 praaparare,
1520 1595 1601 1624 atque
1620 1595 1716 1617 contra
1743 1590 1812 1618 insi-

1025 1634 1145 1661 diatores
1163 1642 1191 1662 se
1211 1635 1327 1670 pleniter
1342 1643 1449 1663 armare
1469 1636 1585 1662 valeant.

1061 1680 1106 1708 21.
1126 1679 1236 1707 Judiccs
1250 1681 1333 1713 enim,
1347 1684 1374 1708 ct
1400 1687 1575 1708 accusatores
1591 1681 1659 1708 tales
1681 1689 1744 1708 esse
1766 1681 1812 1709 de-

1026 1725 1101 1757 bent,
1117 1725 1162 1760 qui
1177 1726 1299 1753 omnium
1313 1731 1425 1753 careant
1439 1727 1612 1762 suspicione,
1631 1730 1658 1753 et
1676 1734 1710 1754 ex
1723 1727 1814 1754 radice

1026 1771 1170 1799 charitatis
1199 1779 1277 1798 suam
1303 1771 1460 1799 desiderent
1483 1779 1607 1806 promere
1634 1774 1811 1800 sententiam.

1027 1816 1076 1844 His
1085 1817 1167 1852 igitur
1183 1821 1238 1843 tam
1251 1817 1383 1852 legaliter,
1400 1825 1481 1852 quam
1496 1821 1522 1845 et
1538 1819 1670 1846 canonice
1688 1819 1811 1853 prolatis,

1026 1862 1107 1889 etiam
1126 1864 1249 1890 omnium
1264 1863 1482 1891 Christianorum
1498 1865 1676 1892 reverentiam
1690 1872 1812 1900 congau-

1026 1908 1090 1936 dcre
1104 1908 1288 1944 deposcimus,
1309 1908 1425 1943 spiritali
1446 1909 1630 1938 intercedente
1645 1910 1791 1938 dilectione
1804 1931 1811 1941 ,

1025 1957 1053 1980 et
1068 1953 1165 1981 timore
1181 1953 1331 1986 Dominico,
1347 1961 1395 1988 per
1417 1962 1497 1989 quem
1514 1955 1631 1982 humana
1656 1960 1812 1983 removetur

1025 1998 1150 2031 oll‘ensio,
1168 2002 1195 2025 et
1207 1998 1390 2026 Ecclesiarum
1405 1999 1548 2027 aediﬁcatio
1563 2002 1731 2036 praeponitur
1747 2002 1811 2028 unl-

1025 2044 1123 2075 versis,
1139 2048 1168 2071 ut
1181 2045 1266 2080 magis
1287 2045 1406 2072 universi
1420 2045 1627 2074 azdiﬁcationem
1641 2046 1756 2074 fratrum
1772 2048 1812 2073 la-

1025 2089 1131 2122 borent,
1146 2097 1228 2124 quam
1243 2090 1275 2117 ad
1293 2090 1505 2123 damnationem,
1521 2093 1649 2126 quoniam
1667 2093 1704 2119 ait
1720 2092 1812 2120 Domi-

1026 2143 1078 2163 nus
1095 2145 1101 2162 :
1120 2135 1153 2162 In
1170 2135 1217 2162 hoc
1232 2140 1385 2170 cognoscent
1400 2144 1500 2169 omnes,
1511 2138 1575 2172 quia
1587 2138 1637 2164 mei
1650 2139 1713 2164 estis
1729 2138 1811 2165 disci-

1025 2182 1092 2216 puli,
1108 2182 1132 2209 si
1158 2182 1322 2209 dilectionem
1350 2182 1494 2210 habueritis
1518 2183 1552 2210 ad
1572 2184 1681 2211 invicem
1700 2184 1733 2210 ⁸⁸.
1751 2184 1811 2211 Jam

192 2234 221 2256 ut
239 2230 272 2257 de
298 2230 396 2257 talibus
421 2229 676 2264 praesumptionihus
704 2233 805 2257 certam
831 2229 974 2256 redderent
990 2239 1013 2269 ι)
1025 2229 1097 2256 enim
1125 2229 1239 2256 formam
1263 2229 1397 2262 dedimus,
1413 2236 1441 2258 et
1461 2238 1476 2257 a
1500 2230 1746 2265 praedecessoribus
1762 2239 1812 2258 no-

191 2277 334 2308 rationcm,
351 2281 377 2304 et
393 2283 484 2303 coram
496 2277 535 2303 eis
547 2275 711 2306 ostenderet.
726 2276 830 2310 justum
843 2283 872 2303 se
893 2283 976 2310 super

190 2322 231 2350 eis
245 2322 391 2356 protulisse
404 2322 553 2349 decretum.
578 2321 792 2349 Determinatum
811 2325 854 2348 est
869 2321 952 2349 etiam
965 2341 972 2354 ,

190 2376 245 2395 non
261 2369 324 2395 talia
339 2368 466 2402 deinceps
483 2367 581 2395 fratres
594 2375 655 2395 esse
668 2374 809 2402 passuros.
828 2366 860 2393 Et
875 2367 928 2394 nisi
940 2367 974 2394 ab

189 2413 347 2448 hujusmodi
375 2413 630 2449 praesumptionibus
653 2416 803 2444 cessarent,
821 2420 837 2439 a
856 2413 974 2447 propriis

190 2468 251 2488 esse
266 2459 395 2495 gradibus
407 2467 454 2487 eos
469 2466 637 2486 recessuros.
654 2457 713 2484 Tali
724 2458 797 2485 enim
814 2458 897 2492 hujus
910 2465 974 2485 san-

190 2509 240 2532 ctae
251 2505 322 2533 sedis
336 2505 485 2540 privilegio,
500 2508 527 2532 et
539 2508 569 2531 tu
583 2508 610 2532 et
622 2503 720 2531 fratres
735 2504 774 2530 tui
789 2503 913 2538 proprias
930 2511 974 2532 re-

189 2551 302 2586 cepistis
319 2551 465 2583 Ecclesias,
480 2558 542 2578 cum
558 2550 684 2578 omnibus
704 2549 738 2576 ad
752 2557 801 2578 vos
813 2549 973 2584 pertinenti-

189 2597 251 2625 bus.
267 2596 314 2624 His
333 2597 404 2624 enim
421 2601 449 2624 et
459 2596 520 2624 aliis
537 2603 618 2631 quam
640 2595 765 2631 plurimis
779 2594 951 2622 documentis

190 2642 363 2670 manifestum
379 2647 431 2676 est,
446 2642 548 2670 nullum
568 2641 690 2669 damnari
703 2660 711 2672 ,
730 2645 777 2667 aut
802 2640 859 2668 suis
875 2647 970 2675 exspo-

191 2686 251 2713 liari
266 2687 347 2714 rebus
358 2686 457 2714 debere
471 2687 640 2721 episcopum,
657 2685 739 2722 615
758 2684 804 2720 qui
820 2685 891 2712 hanc
910 2692 971 2712 san--

226 2763 248 2780 ⁵⁸
268 2764 361 2790 Matth.
377 2772 432 2797 XVI,
453 2764 503 2796 l9;
521 2771 605 2797 xvtn,
624 2764 666 2792 l8.
705 2763 727 2779 “
745 2763 823 2790 Joan.
844 2770 909 2797 χιιι,
927 2763 965 2790 ⁵55.

222 2841 280 2878 (76)
292 2841 362 2868 'ltem
377 2849 408 2867 ex
425 2842 553 2869 Adriano.

1025 2274 1090 2302 stris
1107 2271 1198 2301 datam
1213 2283 1274 2302 esse
1289 2276 1477 2311 cognovimus,
1493 2280 1523 2304 ut
1539 2277 1562 2304 si
1588 2277 1650 2312 quis
1676 2284 1705 2304 se
1732 2284 1814 2311 agno—

1024 2320 1093 2347 verit
1107 2320 1293 2348 Christianum
1306 2341 1314 2354 ,
1331 2321 1399 2349 illud
1423 2326 1525 2355 servet,
1540 2323 1613 2358 quod
1627 2323 1661 2349 ab
1681 2323 1812 2357 apostolis

1024 2366 1147 2393 noscitur
1162 2374 1223 2394 esse
1248 2367 1396 2400 traditum,
1422 2367 1530 2396 dicente
1555 2368 1678 2403 apostolo
1703 2367 1810 2396 Paulo:

1025 2410 1124 2446 Siquis
1140 2412 1211 2438 vobis
1233 2414 1428 2440 annuntiaverit
1441 2433 1448 2444 ,
1473 2420 1568 2448 prazter
1585 2422 1664 2449 quam
1680 2414 1749 2449 quod
1765 2423 1813 2441 ac-

1024 2457 1130 2491 cepistis
1141 2478 1148 2491 ,
1164 2458 1304 2485 anathema
1317 2459 1351 2485 ait
1367 2459 1399 2485 ⁸⁷.
1416 2459 1542 2487 Christus
1559 2460 1632 2487 enim
1655 2460 1702 2487 Dei
1725 2459 1812 2487 Filius

1025 2501 1157 2530 Dominus
1172 2507 1274 2535 noster,
1293 2504 1414 2531 humano
1435 2505 1528 2539 generi
1550 2506 1660 2540 propria
1685 2506 1813 2540 passione

1026 2547 1142 2575 salutem
1158 2548 1344 2582 plenissimam
1359 2550 1535 2582 condonavit,
1554 2554 1584 2578 ut
1606 2558 1657 2578 nos
1671 2551 1811 2578 liberaret.

1027 2593 1062 2621 Ut
1078 2593 1102 2621 si
1117 2593 1145 2620 in
1164 2597 1270 2621 tantum
1283 2602 1334 2623 nos
1350 2595 1455 2627 dilexit,
1468 2600 1498 2623 ut
1515 2598 1597 2624 etiam
1617 2597 1729 2632 proprio
1742 2596 1812 2624 Filio

1027 2647 1076 2666 suo
1086 2646 1141 2666 non
1155 2643 1288 2674 parceret,
1303 2640 1349 2667 sed
1363 2648 1412 2675 pro
1430 2640 1508 2668 nobis
1522 2641 1648 2669 omnibus
1662 2642 1738 2668 lllllm
1753 2647 1813 2670 tra—

1026 2684 1113 2718 deret,
1130 2687 1160 2711 ut
1181 2691 1231 2712 nos
1246 2685 1384 2720 liberaret,
1407 2689 1437 2713 ut
1448 2686 1514 2722 quid
1536 2695 1587 2715 nos
1602 2695 1656 2716 non
1671 2687 1813 2723 diligimus

1019 2764 1041 2779 ⁸⁷
1061 2763 1149 2791 Galat.
1167 2771 1193 2795 ι,
1209 2763 1236 2790 8.
