1919 3064
83 177 153 205 “85

643 173 721 201 VlTA
736 172 883 200 SANCTA'I
904 170 1139 200 SYNCLETlC/E.

1632 168 1702 197 1486

83 235 192 267 fratres,
206 238 251 262 aut
266 241 313 262 eos
330 238 429 261 temere
448 232 622 268 judicamus‘.’
645 240 706 260 cum
723 232 867 268 praedictus
883 234 902 262 Α
919 232 990 259 enim
1016 231 1085 258 hanc
1113 230 1315 266 przctcriernnt,
1344 236 1397 257 non
1418 231 1523 255 tantum
1544 227 1599 255 laesi
1626 228 1702 255 deci-

82 282 157 308 dicat
173 280 318 317 Apostolus
334 275 449 306 :‘Nolite
467 278 590 314 judicare
606 279 713 305 invicem
726 297 734 309 ,
761 277 806 304 sed
820 277 868 304 hoc

83 327 168 362 magis
180 326 310 361 judicate,
325 333 356 352 ne
380 325 485 359 ponatis
510 323 696 359 offendiculum
718 323 799 357 fratri
828 323 866 350 vel

83 371 238 398 scandalum
251 371 283 398 ".
304 370 371 397 Nam
389 371 412 398 si
433 370 470 396 illi
488 370 534 405 qui
552 369 651 396 fratres
675 368 809 404 diligunt,
835 376 868 395 cx

82 415 140 444 Deo
154 417 209 444 nati
225 419 339 454 sunt,‘et
347 416 438 442 vident
451 414 594 441 Dominum
609 423 616 447 ;
632 414 697 449 quid
711 421 776 449 ergo
789 417 869 441 erunt

84 463 123 490 illi
136 463 182 498 qui
198 469 246 490 eos
265 465 476 496 persequuntur,
492 463 519 487 ct
541 467 589 487 eos
605 459 791 492 detrahendo,
813 467 869 486 ma-

83 508 236 540 chinando,
262 507 433 539 accusando,
462 506 632 538 infestando,
662 506 793 534 damnare
810 513 870 532 mo-

83 553 204 581 liuntur?
228 553 256 580 Si
283 553 320 580 illi
346 553 392 580 lilii
417 553 482 585 Dei,
516 553 607 588 procul
636 552 718 579 dubio
743 552 789 579 lilii
807 556 870 580 sunt

83 600 197 632 diaboli,
212 600 258 635 qui
277 604 305 626 ut
320 607 427 634 semper
444 600 512 626 sicut
538 599 578 626 leo
595 599 699 634 rugiens
727 599 867 632 circumit,

83 638 202 680 quarens
221 653 296 680 quem
311 645 413 672 devoret
429 645 461 676 ⁵³,
479 645 515 671 ita
541 644 639 672 fratres
670 646 867 680 insequuntur,

83 694 116 717 ut
130 690 254 725 perdam.
270 690 322 723 Qui
348 698 413 717 vero
436 691 565 725 adjuvare
593 690 690 718 fratres
708 690 867 725 refugiunt,

84 736 174 770 majus
189 739 363 770 peccatorum
381 743 450 764 onus
476 738 630 771 acquirunt.
647 741 673 764 ct
692 736 804 764 fraterni
825 744 869 764 so-

84 781 142 808 latii
161 783 198 810 rei
212 783 367 810 exsistunt:
391 783 452 815 νω,
473 783 562 818 inquit
576 783 709 819 Propheta
723 804 730 815 ,
759 785 804 819 qui
820 791 868 818 po-

85 832 142 855 tum
158 829 205 855 dat
224 829 309 855 amico
324 837 382 861 suo,
399 830 508 856 miscens
524 829 560 864 [el
573 838 650 856 suum
665 830 700 856 ³⁸.
718 829 751 856 Ει
769 830 867 857 iterum

85 873 304 908 sapientissimus
323 873 451 901 Salomon
467 875 505 901 ait
519 883 526 901 :
543 874 673 908 Quoniam
694 875 738 910 qui
753 875 868 910 loquitur

920 277 1014 305 dentes
1031 285 1046 304 a
1062 277 1283 304 corroboratione
1302 283 1368 306 sua,
1397 274 1445 302 sed
1464 273 1626 308 insipientia:
1645 279 1702 300 sua:

920 322 1123 356 dereliqueruut
1139 321 1266 348 omnibus
1285 320 1443 347 memoriam
1456 338 1464 351 ,
1482 322 1512 345 ut
1529 318 1582 349 his,
1600 318 1701 352 quibus

920 372 1118 402 peccaverunt,
1150 367 1260 394 minime
1291 367 1375 394 latere
1404 368 1582 401 potuissent:
1609 367 1700 394 Gloria

919 415 988 440 enim
1003 418 1026 440 et
1044 413 1200 440 contumelia
1217 414 1244 440 in
1261 413 1373 448 loquela,
1390 418 1414 440 ct
1432 415 1458 440 in
1483 414 1572 449 lingua
1587 414 1699 442 hominis

919 468 995 487 casus
1021 460 1092 487 illius
1121 465 1160 487 est
1176 460 1209 487 “.
1241 458 1357 495 Ideoque
1381 461 1546 488 conveniens
1571 465 1612 488 est
1630 461 1700 487 lianc

919 506 1127 532 ostentationem
1141 525 1148 537 ,
1173 510 1200 533 et
1216 505 1451 541 reprehensionem
1475 506 1581 533 illorum
1599 507 1701 534 nostris

920 550 1026 578 actibus
1039 550 1132 582 inseri,
1148 559 1182 578 ne
1197 552 1311 579 ulterius
1331 552 1387 586 jam
1400 552 1461 579 talia
1474 552 1613 587 patiamini
1625 571 1633 584 ,
1655 560 1700 579 se-

919 597 1086 624 minantibus
1099 598 1138 625 eis
1153 598 1266 631 zizania,
1283 602 1310 625 et
1331 598 1475 632 scandala,
1499 599 1545 626 sed
1570 599 1653 626 laetari
1672 600 1700 627 in

918 643 1014 670 ciliciis
1032 647 1059 670 et
1070 643 1240 678 dogmatibus
1254 643 1351 671 vestris
1363 644 1532 671 mereamini.
1546 644 1629 679 Igitur
1639 652 1701 672 eru-

920 690 1033 717 bescant
1047 689 1122 722 talia,
1136 693 1163 715 et
1178 689 1335 723 hujusmodi
1357 689 1513 724 blasphema
1543 690 1701 718 subtrahere

921 736 1059 768 festinent,
1075 736 1097 763 si
1116 735 1255 762 noluerint
1271 743 1284 762 a
1300 735 1462 762 sacerdotali
1477 739 1571 763 nostro
1586 736 1701 770 collegio

920 781 1065 815 segregari,
1080 784 1106 807 ct
1124 788 1139 807 a
1159 781 1242 807 totius
1255 779 1404 807 Christiani
1415 780 1505 815 populi
1523 781 1652 808 societate
1660 780 1701 808 di-

918 828 990 856 velli.
1008 827 1082 854 Licet
1098 835 1215 862 namque
1226 827 1259 854 de
1275 827 1317 854 his
1331 827 1408 862 plura
1434 831 1460 854 et
1487 829 1700 862 pernecessaria.

919 881 979 908 quae
1001 874 1027 901 in
1041 873 1157 901 decretis
1179 873 1251 900 sedis
1279 873 1444 908 apostolicae,
1466 877 1492 900 et
1517 875 1550 901 ab
1571 874 1701 909 apostolis

84 918 176 954 iniqua
189 928 240 946 non
252 925 336 954 potest
354 921 451 954 latere,
475 928 520 947 nec
540 922 670 955 prwtcrict
694 921 769 948 illum
784 922 869 948 carri:
883 923 904 950 B
918 927 1066 954 eorumque
1080 919 1286 947 successoribus
1301 919 1403 946 nostris
1415 919 1527 947 ubilibet
1551 921 1703 956 praedeces-

84 965 158 1000 piens
170 965 312 999 judicium.
337 965 371 993 In
397 966 601 1001 cogitationibus
615 975 676 1002 ergo
691 967 766 1001 impii
784 967 868 994 inter-

84 1011 187 1046 rogatio
206 1012 266 1038 erit.
286 1011 441 1039 Sermonum
464 1017 550 1039 autem
567 1013 640 1039 illius
653 1012 687 1039 ad
706 1012 787 1039 Deum
801 1020 869 1046 pra:-

86 1057 223 1084 meditatio
236 1077 243 1089 ,
271 1058 304 1084 ad
325 1059 512 1093 correptionem
529 1059 700 1093 iniquitatum
724 1059 809 1091 illius,
825 1059 869 1094 qui

85 1103 195 1130 auribus
212 1104 261 1130 zeli
275 1104 350 1131 audit
372 1104 480 1137 omnia,
503 1109 527 1131 et
551 1104 679 1131 tumultus
700 1112 870 1131 murmuran-

86 1149 152 1175 tium
167 1157 218 1176 non
240 1149 414 1177 abscondetur
429 1151 461 1176 δι.
482 1150 544 1178 llaec
558 1150 629 1178 enim
647 1150 670 1178 si
683 1151 808 1186 amplecti
823 1159 869 1179 vo-

86 1195 211 1227 luissent,
229 1195 339 1230 proprio
360 1199 387 1223 et
410 1203 477 1223 sano
490 1204 583 1228 sensu,
599 1196 631 1224 ad
647 1197 791 1232 rcprobum
807 1205 869 1225 scn-

86 1247 147 1267 sum
162 1241 271 1268 minime
292 1240 458 1274 laberentur,
476 1241 523 1269 sed
545 1249 592 1277 per
608 1241 654 1270 Dei
674 1243 799 1271 timorem
813 1251 870 1271 ser-

86 1293 198 1314 monum
228 1294 339 1314 suorum
372 1292 556 1322 praecaventes
589 1288 763 1320 custodiam,
796 1290 869 1324 piam

87 1336 243 1360 sanctorum
259 1332 370 1360 Patrum
386 1333 568 1362 definitionem
584 1336 643 1363 sine
658 1335 775 1370 quadam
801 1343 869 1370 prae-

86 1379 241 1413 sumptione
260 1381 415 1407 nocumenti
436 1381 544 1416 utrique
566 1385 777 1413 conservarent,
801 1388 869 1416 quo-

87 1425 160 1453 niam
193 1425 258 1453 dicit
278 1433 385 1453 sacrum
414 1427 572 1462 eloquium:
599 1427 744 1455 Comitium
774 1427 869 1455 bonum

87 1471 248 1498 conservabit
263 1475 302 1503 te,
321 1475 346 1497 et
376 1479 447 1498 mens
473 1472 540 1498 bona
562 1472 690 1499 custodiet
708 1476 731 1499 te
757 1467 789 1500 θ’.
809 1472 868 1500 Νοιι

87 1516 160 1543 enim
176 1516 209 1543 de
228 1516 348 1544 fontibus
365 1517 513 1545 salutiferis
529 1518 708 1552 spiritualiter
724 1518 758 1545 ad
774 1519 869 1554 acqui-

87 1562 213 1590 sitionem
228 1566 335 1590 aaternce
348 1563 410 1590 vita:
425 1563 584 1598 procedunt,
599 1563 666 1591 tales
682 1568 866 1598 accusatores,

87 1610 115 1633 et
129 1606 305 1639 detractores,
324 1611 405 1642 atque
418 1596 479 1636 ideo
503 1612 687 1643 competenter
704 1615 753 1635 nos
772 1596 866 1636 beatus
881 1596 901 1625 (ἶ

88 1652 190 1680 Paulus
204 1653 343 1688 apostolus
358 1654 517 1686 admonens,
534 1654 571 1680 ait
585 1663 592 1680 :
611 1653 672 1680 Non
694 1653 785 1681 debere
808 1654 867 1688 plus

88 1705 190 1732 sapere,
204 1706 282 1733 quam
299 1703 399 1733 oportet
419 1707 520 1733 sapere,
535 1699 580 1726 sed
602 1707 692 1733 sapere
716 1699 751 1726 ad
771 1699 869 1726 sobrie-

89 1750 169 1773 tatem
194 1746 218 1763 ’⁸
235 1747 263 1773 in
292 1747 448 1775 deﬁnitione
469 1747 575 1781 pietatis
606 1747 795 1782 perdurantes.
816 1745 867 1779 Qui

123 1816 147 1832 “
165 1816 244 1844 Rom.
261 1825 318 1849 xw,
334 1817 376 1845 15.
415 1817 438 1834 ‘9
458 1817 467 1844 Ι
482 1817 540 1845 Pet.
557 1826 583 1848 ν,
599 1817 626 1845 8.
664 1817 687 1833 '°
706 1816 807 1846 Habac.
826 1825 844 1845 η
856 1837 863 1850 ,

919 1839 924 1845 .
962 1818 984 1833 ³¹
1004 1816 1067 1852 Sap.
1087 1825 1113 1850 ι,
1138 1817 1216 1844 8-l0.

88 1858 144 1885 xtl,
161 1851 188 1879 5.
225 1852 249 1871 ³⁸
269 1852 356 1880 Eccle.
372 1861 399 1885 v,
416 1853 459 1881 i5.
497 1852 520 1869 "
540 1852 550 1879 Ι
567 1852 630 1880 Cor.
649 1861 678 1886 ιι,
697 1852 725 1880 9.

920 965 1029 993 soribus
1053 969 1152 992 statuta
1171 965 1357 998 inveniuntur,
1373 965 1465 993 dicere
1487 970 1513 993 et
1528 966 1702 994 conscribere

919 1012 1119 1047 potuissemus,
1142 1015 1231 1038 tamen
1250 1011 1348 1038 melius
1369 1011 1448 1039 nobis
1470 1011 1557 1038 visum
1586 1015 1650 1044 est,
1671 1016 1702 1039 ut

919 1058 1061 1094 epistolam
1075 1057 1198 1085 oratione
1220 1057 1387 1084 claudamus.
1416 1057 1487 1085 Deus
1510 1057 1700 1092 omnipotens,

919 1109 946 1131 et
963 1111 1034 1131 unus
1048 1103 1205 1139 unigenitus
1229 1102 1314 1130 Filius
1331 1105 1358 1134 et
1372 1102 1499 1131 Salvator
1518 1107 1612 1130 noster
1621 1102 1702 1132 Jesus

918 1150 1055 1182 Christus,
1071 1150 1147 1177 vobis
1165 1150 1266 1176 tribuat
1282 1149 1485 1177 incitamentum
1496 1169 1503 1181 ,
1522 1153 1552 1176 ut
1575 1150 1701 1177 omnibus

920 1195 1051 1223 fratribus
1071 1199 1097 1223 et
1113 1196 1283 1231 coepiscopis
1296 1196 1411 1227 nostris,
1426 1195 1636 1231 qnibuseunque
1649 1196 1700 1223 tri-

919 1242 1104 1270 bulationibus
1128 1242 1315 1270 laborantibus
1328 1262 1335 1274 ,
1366 1243 1430 1270 totis
1452 1242 1621 1270 succurratis
1637 1243 1699 1270 viri-

920 1289 970 1316 bus
987 1308 994 1320 ,
1013 1292 1041 1316 et
1060 1296 1120 1315 cum
1137 1289 1177 1316 eis
1202 1288 1398 1323 compaticntes
1413 1308 1420 1318 .
1448 1295 1557 1315 crucem
1581 1288 1700 1323 ejusdem

920 1333 1026 1361 Domini
1044 1334 1193 1361 Salvatoris
1205 1334 1335 1368 portetis,
1355 1337 1384 1360 ut
1397 1334 1453 1360 veri
1470 1333 1556 1368 ipsius
1575 1333 1700 1369 discipuli

919 1388 1010 1408 coram
1018 1381 1144 1408 omnibus
1152 1381 1315 1416 appareatis.
1326 1380 1359 1407 Ut
1367 1385 1393 1407 et
1404 1388 1462 1412 vos,
1471 1384 1497 1407 et
1506 1381 1551 1415 qui
1561 1381 1701 1408 vobiscum

920 1431 994 1459 sunt,
1007 1427 1050 1454 hic
1062 1431 1088 1454 et
1097 1427 1123 1454 in
1137 1427 1228 1454 futuro
1237 1427 1346 1454 meliora
1360 1426 1531 1461 possidentis,
1543 1434 1600 1462 qua:
1611 1429 1701 1453 oculus

920 1480 970 1499 non
984 1471 1047 1499 vidit
1056 1491 1062 1503 ,
1077 1480 1122 1499 nec
1135 1472 1207 1498 auris
1221 1471 1331 1505 audivit,
1342 1479 1386 1498 nec
1399 1471 1426 1497 in
1438 1479 1482 1497 cor
1490 1471 1602 1498 hominis
1611 1479 1703 1498 ascen-

919 1518 1023 1550 derunt,
1034 1526 1091 1553 quae
1104 1518 1261 1552 preparavit
1278 1517 1346 1543 Deus
1363 1516 1530 1552 diligentibus
1549 1526 1575 1544 se
1602 1517 1635 1543 ".
1652 1516 1702 1544 Per

919 1564 1063 1592 Dominum
1087 1569 1210 1592 nostrum
1230 1563 1321 1592 Jesum
1343 1564 1491 1595 Christum,
1509 1571 1556 1598 per
1578 1571 1657 1598 quem
1675 1567 1702 1590 ct

917 1617 979 1637 cum
1004 1617 1057 1644 quo
1079 1610 1257 1644 omnipotenti
1287 1609 1342 1637 Dco
1367 1609 1439 1637 Patri
1455 1610 1539 1645 gloria
1560 1609 1586 1636 in
1604 1609 1702 1636 saecula

917 1655 1088 1683 saeculorum.
1102 1655 1197 1683 Amen.
1212 1655 1307 1683 Valere
1327 1663 1375 1684 vos
1389 1660 1463 1690 opto,
1482 1655 1579 1682 fratres
1596 1655 1702 1682 charis-

916 1700 988 1727 simi.
1018 1700 1082 1727 Data
1102 1699 1192 1728 Idibus
1215 1699 1371 1733 Februarii,
1394 1701 1526 1736 Agathio,
1546 1699 1700 1731 et'Juliano,

917 1746 982 1773 viris
997 1746 1168 1778 clarissimis,
1186 1747 1351 1774 consulibus.

1268 1818 1291 1832 δ’
1315 1817 1395 1844 Prov.
1422 1826 1458 1850 ιι,
1486 1818 1529 1844 Η.
1580 1818 1602 1834 ³³
1622 1817 1701 1846 Pom.

449 1985 530 2021 615
549 1985 583 2012 IN
604 1985 709 2012 VlTAM
730 1984 853 2012 BEATE
873 1984 1098 2012 SYNCLETICE
1119 1985 1320 2013 ADMONITIO.

130 2053 218 2081 Vitam
231 2054 313 2081 beata
327 2053 484 2089 Sgncleticte
493 2054 706 2090 antiquissimum
721 2061 777 2081 esse
792 2062 855 2088 opus
870 2054 980 2081 suadent
995 2054 1063 2082 Vita:
1076 2054 1185 2082 Patrum
1203 2055 1248 2082 lib.
1263 2063 1277 2080 ν
1292 2060 1316 2082 et
1332 2063 1371 2087 vr,
1395 2055 1465 2089 apud
1481 2054 1657 2087 Rosweidum,
1677 2061 1703 2083 et

88 2103 152 2136 ipse
161 2103 436 2137 saucantiquissimtc,
452 2105 522 2131 circa
537 2109 639 2130 sextum
649 2103 773 2130 steculum
785 2103 881 2130 Latine
893 2105 1051 2136 translatio;
1068 2105 1112 2131 ubi
1134 2106 1273 2140 complura
1296 2106 1404 2132 subinde
1433 2109 1573 2133 occurrunt
1588 2112 1619 2131 ea:
1643 2103 1703 2130 Vita

90 2151 171 2177 beatw
182 2148 338 2184 Synclelicre
348 2154 478 2176 mutuam.
496 2149 561 2183 Ejus
577 2153 696 2175 auctores
710 2148 779 2175 varii
791 2148 974 2183 assignantur,
989 2157 1022 2176 ea:
1033 2158 1145 2184 quorum
1157 2158 1266 2176 numero
1283 2149 1510 2185 Athanasius,qui
1523 2155 1551 2176 ut
1565 2150 1623 2176 ciet
1633 2156 1703 2182 prte-

90 2195 190 2222 stantia
200 2195 315 2222 nominis
332 2195 434 2222 caeteris
451 2196 525 2230 longe
538 2194 689 2221 antecellit:
704 2194 764 2221 inde
772 2202 834 2221 sane
851 2195 958 2228 contigit
968 2199 1007 2226 ut,
1023 2195 1144 2231 neglectis
1154 2196 1216 2230 pene
1227 2195 1577 2231 aliix,quibus,-poti0riforte
1585 2196 1647 2229 jure
1658 2194 1705 2221 ltoc

91 2241 243 2276 opusculum
254 2241 420 2273 tribueretur,
437 2250 452 2268 a
463 2241 552 2268 multis
563 2249 608 2268 nec
619 2240 776 2276 ignobilibus
792 2240 962 2274 scriptoribus
981 2241 1127 2268 Athanasio
1142 2242 1300 2269 ascribatur.
1315 2241 1370 2269 Nec
1386 2241 1607 2277 prwtermittcnda
1624 2239 1705 2267 Nice-

89 2288 165 2322 pltori
179 2289 283 2316 Callisti
299 2287 433 2316 uerba-tib.
448 2296 506 2319 vm,
518 2295 540 2314 c.
551 2287 585 2314 40
597 2296 604 2314 :
616 2287 670 2323 Τὴν
678 2287 817 2314 Ἀντωνίου
829 2286 868 2321 φι)

919 2287 984 2321 φίαν
999 2289 1012 2314 ὁ
1022 2287 1057 2314 τὰ
1073 2288 1159 2314 πάντα
1167 2288 1274 2323 ἄριστος
1282 2288 1447 2320 Ἀθανάσιος,
1463 2288 1510 2314 καὶ
1525 2288 1599 2323 αὐτῲ
1616 2288 1706 2321 διαφε-

93 2335 191 2370 ρόντως
208 2335 377 2370 φιλούμενος,
387 2334 454 2369 πρὸς
471 2334 566 2360 λεπτὸν
582 2334 724 2369 ἱστορήσας
734 2332 847 2364 ἐξέδωκε
857 2340 863 2347 ’
874 2331 922 2364 τὰς
940 2332 1008 2367 μετὰ
1021 2333 1154 2368 δαιμόνων
1170 2333 1257 2364 πάλας
1271 2333 1362 2366 αὑτοῦ,
1385 2333 1432 2360 καὶ
1456 2334 1505 2365 τὰς
1521 2331 1705 2368 ὲξευρημένας

89 2380 187 2416 τέχνας
203 2380 276 2415 αὐτῷ
289 2381 348 2407 κατ’
361 2380 459 2412 αὐτῶν,
473 2380 519 2406 καὶ
531 2379 564 2405 τὰ
574 2379 705 2405 λοιπὰτοῦ
721 2378 778 2413 βίου
789 2379 928 2414 τεράστια,
940 2378 987 2404 καὶ
1001 2378 1079 2405 πάνθ’
1098 2378 1200 2406 ἕκαστα
1214 2379 1379 2415 διαγράψας·
1396 2380 1433 2412 ὡς
1451 2380 1512 2415 ὅρον
1532 2377 1601 2405 εἶναι
1621 2386 1703 2413 μονα-

90 2426 169 2461 δικῆς
188 2425 322 2458 πολιτείας
335 2426 364 2452 τὸ
377 2425 553 2461 σύγγραμμα.
578 2425 672 2451 Ὁποία.
685 2424 717 2460 δὴ
734 2425 748 2450 ὁ
759 2424 839 2456 αὐτὸς
862 2425 1018 2456 Ἀϐανάσιος
1031 2425 1082 2451 κάν
1093 2424 1131 2460 τῷ
1151 2425 1200 2461 βίῳ
1229 2425 1414 2460 Συγκλητικῆς
1441 2425 1556 2461 ἔπραξεν
1570 2434 1576 2440 ·
1600 2423 1704 2460 ἀνδρῶν

94 2471 142 2506 μὲν
155 2471 290 2497 πολιτείαν
302 2471 435 2503 ἐντεῦθεν,
453 2471 589 2505 γυναικῶν
608 2470 630 2496 δ’
643 2469 747 2497 ἐκεῖθεν
759 2470 868 2497 bno-nea

920 2471 958 2501 ὡς
968 2471 997 2497 ἐν
1013 2471 1151 2506 πλάσματι
1167 2472 1327 2508 διηγήσεως.
1344 2471 1377 2498 1d
1391 2477 1439 2506 est,
1453 2473 1561 2500 Antonii
1585 2472 1704 2507 philoso-

93 2517 183 2552 phiam
200 2517 244 2544 vir
256 2517 334 2553 longe
348 2517 591 2552 praestantissimus
605 2517 781 2549 Athanasius,
793 2517 839 2552 qui
851 2517 932 2544 etiam
951 2517 1002 2552 ipsi
1020 2517 1071 2544 fuit
1082 2519 1272 2551 charissimus,
1289 2519 1413 2554 pluribus
1427 2519 1591 2554 descriptam
1606 2519 1702 2552 edidit,

93 2565 309 2601 conscripsitque
323 2566 382 2600 ejus
394 2566 536 2594 adversum
552 2565 688 2592 dtemones
705 2565 868 2596 certamina,
881 2572 983 2599 quasve
999 2568 1072 2592 artes
1080 2565 1112 2592 ad
1130 2566 1203 2601 ipsos
1216 2566 1392 2594 debellandos
1407 2567 1587 2600 adinvenerit,
1597 2575 1703 2595 necnon

93 2612 144 2639 alia
160 2612 222 2639 vitae
232 2612 304 2639 illius
320 2612 440 2647 prodigia
457 2612 609 2639 minutatim
632 2614 758 2638 enarrata
774 2621 780 2637 :
796 2610 864 2638 adeo
878 2615 907 2638 ut
923 2611 991 2637 libet
1008 2611 1053 2638 ille
1066 2612 1101 2639 sit
1116 2613 1195 2647 quasi
1211 2613 1274 2640 vita:
1297 2614 1454 2641 monasticae
1471 2622 1577 2642 norma.
1602 2614 1703 2649 Cujus-

94 2660 164 2688 modi
174 2661 238 2688 item
250 2665 314 2688 sunt
326 2668 386 2695 qua:
396 2660 466 2687 idem
480 2659 647 2686 Athanasius
655 2657 801 2693 descripsit
813 2658 840 2684 in
851 2658 906 2684 vita
919 2657 1079 2692 Syncleticae
1090 2659 1140 2685 :,in
1156 2659 1246 2694 priore
1260 2660 1369 2694 quidem
1382 2660 1452 2688 libro
1462 2661 1582 2688 virorum
1597 2661 1703 2689 vivendi

93 2708 241 2742 rationem;
255 2709 282 2735 in
298 2709 421 2742 sequenti
436 2715 499 2734 vero
515 2707 659 2734 mulierum
678 2713 844 2741 proponens.
858 2706 936 2740 quasi
953 2706 1005 2733 sub
1021 2706 1106 2733 forma
1122 2708 1295 2734 narrationis.
1315 2707 1448 2735 Prwterca
1469 2709 1496 2734 in
1524 2709 1611 2736 codice
1629 2709 1705 2736 Vati-

93 2761 157 2780 cano
167 2753 229 2784 825,
244 2758 306 2779 teste
322 2751 460 2778 llolstenio
477 2752 503 2777 in
518 2751 709 2778 animadversis
721 2750 755 2777 ad
768 2750 988 2785 Martyrologium
1002 2750 1159 2784 Romanum,
1175 2751 1230 2778 lucc
1242 2753 1294 2779 vita
1311 2753 1452 2780 Athanasii
1465 2762 1556 2780 nomen
1574 2756 1680 2788 prmfert
1694 2773 1702 2790 ε

93 2799 202 2834 itemque
213 2799 240 2825 in
257 2798 418 2824 bibliotheca:
434 2797 605 2824 Srorialensis
615 2797 767 2831 exemplari,
777 2797 846 2832 quod
859 2803 985 2824 memorat
1000 2798 1148 2825 Alexander
1160 2798 1315 2826 Bon-actius
1326 2801 1352 2826 in
1369 2801 1490 2836 catalogo
1509 2802 1582 2828 illius
1606 2802 1706 2830 Biblio-

95 2846 182 2874 thecw.
196 2844 231 2871 ad
244 2844 320 2879 cujus
332 2844 410 2878 ﬁdem
427 2843 509 2870 David
525 2843 650 2871 Colri’lus
666 2843 790 2871 Latinam
816 2845 1054 2879 interpretationem
1068 2853 1142 2872 suam
1167 2845 1316 2878 adornavit,
1342 2846 1438 2874 editam
1456 2857 1471 2874 a
1490 2848 1620 2878 Bollanda
1638 2850 1674 2878 at!
1688 2851 1706 2876 Ei
