1919 3064
208 190 276 218 HS'I
770 187 800 215 S.
821 186 1053 215 ATHANASIUS.
1073 201 1108 207 -—
1130 186 1266 214 SPURIA.
1768 189 1840 218 ηδε

210 249 346 276 Januarii.
373 248 436 276 llu'c
459 249 692 284 quantulacunque
710 247 763 275 sint
781 247 945 279 testimonia,
963 247 1052 282 exigui
1064 251 1110 274 aut
1128 246 1228 274 nullius
1246 247 1371 273 momenti
1391 246 1546 274 videbuntur
1555 248 1587 274 iis
1603 248 1647 283 qui
1664 248 1841 283 uclprimoriu

209 296 256 323 bus
274 295 357 322 labri:
374 295 514 322 Athanasii
526 295 626 331 stylum
639 295 819 330 orationisque
834 302 913 330 genus
929 293 1085 328 attigerint;
1100 297 1203 320 tantum
1219 293 1318 320 scilicet
1334 293 1456 321 abhorret
1467 294 1515 322 hoc
1530 295 1685 330 opusculum
1707 296 1738 322 ab
1756 296 1841 323 Atha-

208 344 321 371 uasiana
339 344 387 371 illa
399 343 558 378 eloquentia,
577 343 644 375 sale,
662 343 801 378 gravitate.
814 342 856 369 Ad
875 343 930 370 Iure
948 342 1037 369 nullus
1055 341 1211 376 assignatur
1235 342 1360 376 scriptor,
1384 342 1419 369 ad
1433 343 1546 378 quinque
1564 351 1639 370 sexve
1663 343 1762 370 sa'cula
1781 349 1840 378 post

206 390 350 418 Athanasii
366 396 470 418 wtatem
487 391 531 426 qui
545 390 572 417 id
591 390 676 424 operis
690 389 789 416 tribuat
801 389 961 416 Athanasio.
977 388 1070 416 Tradit
1090 394 1176 415 autem
1192 388 1348 416 llolstenius
1364 390 1391 416 in
1411 390 1464 416 alio
1479 389 1571 416 codice
1584 390 1762 417 vetustissimo
1777 391 1842 426 Cry-

206 439 395 473 ptafcrratcnsi
407 439 570 466 bibliotheca:
591 437 727 465 Vaticana:
742 445 815 465 num.
837 437 917 470 1589,
935 445 995 463 eam
1014 436 1103 464 Vitam
1116 435 1267 472 adjudicari
1281 436 1429 472 Polycarpo
1451 441 1556 465 asceta'.
1573 436 1662 464 Codex
1685 442 1773 464 autem
1790 446 1841 473 quo

206 491 245 513 est
260 495 324 512 usus
336 486 494 513 Cottelerius
508 487 552 521 qui
565 491 634 512 tomo
649 485 663 512 Ι
679 485 918 513 Monumentorum
934 484 1059 512 ecclesia:
1074 483 1175 512 Graecae
1187 485 1270 511 vitam
1286 484 1442 520 Syncletica:
1456 484 1596 520 evolgavit,
1611 483 1714 511 nultum
1734 484 1842 518 pra'fer;

208 532 325 559 auctoris
337 540 440 558 nomen.
460 531 492 559 In
514 531 624 559 Schedis
641 540 700 559 vero
725 531 928 566 Combeﬁsianis
948 539 1061 566 quarum
1081 530 1281 565 perhumaniter
1295 531 1370 558 nobis
1382 531 1486 566 copiam
1498 530 1560 566 fecit
1571 532 1611 558 vir
1624 531 1744 558 eruditus
1758 530 1790 558 R.
1807 532 1840 557 Ρ.

207 577 320 612 Lequieu
341 586 374 605 ex
390 578 490 605 Ordine
507 578 719 605 Pra'dicatorum
732 578 767 605 ad
781 578 880 605 calcem
889 578 974 612 operis
986 577 1042 604 haec
1054 577 1178 612 leguntur
1191 585 1201 604 :
1220 577 1367 613 Hueusqne
1381 578 1429 613 qui
1439 585 1473 605 ex
1485 581 1580 605 sancta
1597 577 1776 614 (Syncletica)
1794 586 1842 613 per

207 627 318 654 beatum
331 627 477 654 Arsenium
490 626 674 662 Pegadensem
691 626 852 662 prodierunt
869 633 1012 654 sermones
1032 634 1038 652 :
1057 626 1127 652 unde
1139 625 1206 660 forte
1218 626 1349 660 inferatur
1361 626 1502 653 Arsenium
1526 626 1602 653 illum
1614 631 1688 662 gesta
1718 626 1842 662 dictaque

209 671 364 706 Sgnclctt'ca!
373 673 516 708 collegisse.
531 672 583 705 Qui
594 673 721 699 Arscnius
732 672 807 707 longe
821 671 941 699 diuersus
957 679 1014 698 esse
1029 671 1132 698 videtur
1161 680 1178 697 ιι
1191 672 1278 706 prisco
1297 671 1344 698 illo
1359 671 1471 699 Arsenio
1484 673 1610 699 monacho
1624 673 1669 708 qui
1685 678 1780 708 quarto
1791 681 1844 699 sa:-

209 719 267 745 culo
282 718 383 753 ﬂoruit.
397 718 526 745 therum
539 719 623 745 multa
639 719 677 745 uti
691 718 808 745 diximus
821 718 848 745 in
863 726 880 744 v
891 722 916 744 ct
933 726 958 745 VI
972 717 1101 744 Rosweidi
1117 717 1185 744 libro
1211 725 1244 745 ea:
1260 717 1309 745 hoc
1325 717 1408 753 Opere
1419 718 1452 744 ad
1468 718 1575 746 uerbum
1602 725 1725 754 excerpta
1752 720 1844 754 legum

210 771 263 795 tur.
279 773 337 799 qua-
347 773 394 792 nos
407 764 441 791 ad
456 765 601 800 marginem
620 774 668 799 pro
681 765 810 800 facultate
824 765 986 792 notavimus.
1003 763 1134 791 Similiter
1145 765 1173 792 in
1189 764 1459 800 Apoplttltcgmatibus
1475 764 1601 798 Patrum,
1626 771 1651 793 et
1676 766 1704 793 in
1726 765 1842 794 Scholiis

209 809 243 836 ad
255 808 383 836 Joannem
396 808 542 836 Climacum
559 809 700 837 identidem
717 810 844 837 laudatur
863 810 922 836 Vita
937 814 1037 837 sancta:
1051 809 1218 845 Syncleticre.

215 923 298 950 ΗΤΑ
317 922 363 949 ET
379 921 494 950 GESTA
509 922 664 950 SANCTE
690 922 904 957 BEAT/EQUE
931 924 998 952 MA-

1059 927 1140 953 ΒΙΟΣ
1156 926 1218 953 ΚΑΙ
1230 927 1405 953 ΠΟΛΙΤΕῘΛ
1426 928 1495 954 ΤΗΣ
1510 928 1621 954 ΑΓΙΑΣ
1639 929 1704 954 ΚΑΙ
1724 929 1843 956 ΜΑΚΑ-

404 957 550 985 GISTR/E
565 957 822 986 SYNCLETIC/E.

245 1017 270 1043 i.
285 1015 337 1043 Par
350 1019 423 1043 esset
438 1023 534 1043 omnes
547 1015 672 1042 homines
685 1015 818 1043 bonarum
827 1024 919 1044 rerum
934 1025 996 1045 esse
1015 1009 1036 1036 Α

209 1063 322 1098 peritos.
334 1061 371 1089 lta
387 1061 458 1090 enim
475 1061 502 1088 in
516 1061 634 1096 negotiis
643 1062 796 1094 exercitati,
807 1062 890 1089 vitam
906 1066 997 1091 trans-

210 1110 314 1143 igerent
345 1108 450 1143 absque
483 1107 658 1135 detrimento.
688 1106 756 1135 Nam
783 1108 999 1143 simplicioribus

209 1155 302 1182 nlui-ta:
314 1154 446 1189 perutiles
469 1161 513 1181 res
528 1157 593 1181 sunt
612 1153 738 1185 occultie,
753 1153 826 1189 quod
856 1154 918 1182 ideo
944 1155 999 1182 illis

209 1201 329 1232 obvenit.
360 1200 433 1234 quod
448 1207 480 1227 ex
497 1199 624 1227 socordia
642 1199 781 1227 hebetiore
809 1200 865 1228 sint
895 1205 997 1228 mente.

209 1246 355 1273 Enimvero
371 1245 531 1280 plerumque
544 1245 670 1280 pretiosae
692 1245 857 1280 margaritas,
884 1245 910 1272 in
932 1253 999 1280 pau-

211 1300 288 1327 peres
305 1292 428 1327 vilesque
444 1291 518 1319 viros
536 1291 702 1324 inciderunt,
718 1292 765 1327 qui
783 1299 814 1319 ex
831 1292 899 1319 artis
915 1293 1000 1328 impe-

211 1339 285 1370 ritia,
297 1346 345 1366 eas
360 1338 436 1365 nihili
457 1339 593 1373 nancique
615 1337 748 1365 fecerunt.
764 1337 819 1366 Nos
845 1339 938 1374 itaque
952 1339 999 1374 qui

211 1385 302 1411 animo
326 1392 422 1412 sumus
435 1384 532 1419 puerili
556 1389 583 1412 et
600 1384 735 1419 imperito,
753 1391 814 1411 cum
854 1385 999 1412 incidisse-

212 1439 273 1459 mus
287 1432 313 1458 in
329 1432 400 1459 hanc
431 1432 619 1467 margaritam,
636 1439 691 1458 non
717 1432 808 1467 magni
831 1432 999 1460 iaciebamus

213 1479 297 1510 illam,
318 1479 382 1506 dum
401 1479 487 1506 solam
505 1478 623 1513 speciem
644 1478 859 1510 attenderemus,
883 1482 910 1506 et
922 1486 938 1505 a
952 1487 1000 1506 na-

213 1530 280 1553 tura:
290 1525 484 1560 dignitatisque
495 1525 569 1552 illius
586 1524 682 1551 notitia
697 1525 812 1552 multum
825 1525 998 1554 abessemus:

214 1572 259 1600 ubi
275 1575 365 1598 autem
393 1571 524 1606 paulatim
543 1570 603 1605 ejus
632 1571 744 1605 propius
772 1570 999 1605 pulchritudinem

214 1625 379 1655 spectantes,
392 1618 576 1654 priestantiam
608 1619 799 1651 edocebamur,
817 1617 909 1645 divino
936 1625 1000 1654 erga
1018 1627 1038 1654 Β

215 1671 369 1702 perceptam
395 1671 452 1692 rem
474 1671 567 1691 amore
587 1663 816 1692 accendebamur.
834 1663 902 1700 ipsae
924 1673 1002 1692 nam-

215 1721 267 1748 que
279 1720 322 1740 rcs
338 1715 457 1738 mentem
468 1713 590 1738 nostram
617 1710 650 1736 ad
666 1709 833 1738 desiderium
851 1710 1003 1738 inﬂamma-

216 1759 292 1786 bant.

250 1804 276 1831 εἰ.
295 1805 431 1837 Quorsum
460 1806 550 1830 autem
579 1802 676 1837 loquar
691 1801 724 1829 de
739 1802 929 1837 praesentibus,
956 1806 1003 1829 aut

215 1858 258 1877 me
274 1850 328 1877 illis
344 1850 530 1880 adnumerant.
544 1849 622 1884 quasi
634 1856 684 1876 nos
698 1848 799 1883 aliquid
815 1849 946 1879 sciamus.
957 1852 1003 1875 aut

216 1897 307 1932 eloqui
324 1897 463 1925 valeamus
479 1896 513 1924 de
530 1896 661 1932 prmclara
678 1900 706 1923 et
726 1895 805 1923 beata
830 1895 1004 1931 Syncletica?

216 1944 343 1972 Omnium
355 1943 456 1979 quippe
468 1942 609 1970 hominum
624 1945 760 1974 naturam,
774 1941 854 1969 bonis
866 1941 925 1976 ejus
940 1948 1005 1976 ope-

217 1991 292 2018 ribus
306 1989 481 2018 recensendis
493 1988 624 2023 imparem
634 1987 763 2016 arbitror.
775 1986 853 2020 Quod
866 1987 960 2022 siquis
972 1987 1005 2014 de

216 2036 262 2063 illa
279 2035 352 2071 loqui
369 2034 554 2071 aggrediatur,
583 2032 760 2068 quantumvis
776 2033 888 2067 sapiens
911 2032 948 2060 sit
972 2040 1004 2059 ac

215 2083 330 2117 peritus,
347 2081 505 2116 longissime
518 2080 604 2107 aberit
621 2087 637 2106 a
653 2087 682 2106 re
696 2078 836 2114 proposita
851 2086 1005 2114 exsequen-

216 2130 259 2157 da.
275 2127 511 2162 Quemadmodum
520 2127 592 2154 enim
604 2126 651 2161 qui
669 2126 756 2154 solem
773 2125 905 2152 intentius
917 2125 1004 2158 respi-

216 2183 277 2203 cere
294 2175 397 2208 volunt,
411 2174 554 2202 oculorum
568 2173 668 2200 damno
683 2171 838 2199 alliciuntur
848 2192 856 2204 ,
873 2172 909 2198 ita
923 2172 1005 2199 etiam

214 2222 261 2257 qui
276 2221 336 2255 ejus
354 2221 437 2247 vitam
463 2219 644 2254 contemplari
662 2219 801 2248 nituntur.
821 2219 856 2246 ob
875 2219 1007 2254 przcclare

217 2269 355 2300 gestorum
370 2264 566 2299 prrcstantiam,
576 2263 659 2299 616
669 2262 803 2297 vertigine
819 2264 950 2298 correpti,
960 2271 1008 2290 cc-

1096 963 1184 988 ΡΙΑΣ
1199 963 1263 988 ΚΑΙ
1277 963 1511 989 ΔΙΔΑΣΚΑΛΟΥ
1526 964 1800 990 ΣΥΓΚΛΙΙΤΙΚΗΣ.

1088 1018 1112 1044 1.
1127 1018 1200 1044 Ἔδει
1209 1017 1314 1050 πάντας
1326 1018 1486 1054 ἀνθρώπους
1496 1019 1550 1046 τῶν
1559 1020 1649 1046 καλῶν
1659 1021 1696 1056 μὴ
1704 1020 1843 1057 ἀμυήτους

1052 1063 1194 1099 ὑπάρχειν.
1204 1063 1282 1090 Οὕτω
1290 1063 1343 1100 γὰρ
1353 1064 1385 1090 ἂν
1396 1065 1647 1100 ἐγγεγυμνασμένοι
1655 1067 1710 1097 τοῖς
1718 1066 1845 1102 πράγμα-

1053 1119 1094 1137 σιν
1107 1111 1129 1137 εἰ
1144 1109 1208 1142 εἶεν,
1217 1110 1247 1136 τὸ
1255 1110 1371 1145 ἀζήμιον
1387 1108 1458 1146 εἶχον
1467 1111 1495 1137 ὲν
1513 1111 1571 1146 βίον
1582 1112 1627 1138 καὶ
1635 1111 1698 1145 γοῦν
1710 1113 1772 1144 τοὺς
1780 1113 1844 1140 ἀκε-

1054 1156 1209 1193 ραιοτέρους
1223 1157 1257 1183 τὰ
1273 1156 1358 1183 πολλὰ
1374 1157 1426 1183 τῶν
1438 1157 1563 1192 χρηστῶν
1573 1157 1703 1185 διέλαθεν.
1716 1159 1801 1186 Τοῦτο
1816 1160 1845 1187 δὲ

1053 1203 1218 1230 πεπόνθασιν
1231 1203 1264 1229 ὲκ
1275 1203 1322 1229 τοῦ
1343 1203 1392 1239 τὴν
1405 1203 1524 1230 διάνοιαν
1540 1203 1630 1236 αὐτοῖς
1646 1205 1844 1241 ἀμϐλυωτέραν

1052 1249 1217 1276 καθεστάναι
1228 1249 1280 1276 ὑπὸ
1289 1249 1338 1284 τῆς
1354 1249 1492 1285 ἀμελείας.
1504 1249 1637 1288 Πολλάκις
1650 1250 1703 1286 γὰρ
1714 1252 1760 1278 καὶ
1774 1261 1845 1288 μαρ-

1052 1297 1161 1331 γαρῖται
1181 1295 1323 1331 πολύτιμοι
1338 1297 1378 1327 εἰς
1398 1295 1517 1332 πένήτας
1530 1287 1668 1332 παρῆλθον
1683 1298 1792 1333 ἄνδρας,
1809 1300 1842 1325 Οἱ

1052 1343 1080 1369 δὲ
1096 1342 1276 1378 ἀδοκίμαστον
1295 1342 1345 1378 τὴν
1362 1343 1426 1378 περὶ
1444 1343 1547 1370 τούτων
1562 1344 1659 1379 τέχνην
1675 1343 1792 1379 ἔχοντες,
1805 1345 1844 1376 ὡς

1055 1387 1161 1424 μικρῶν
1174 1397 1254 1415 τινων
1271 1389 1318 1415 καὶ
1337 1389 1490 1424 οὐδαμινῶν
1514 1390 1728 1425 κατεφρόνησαν.
1748 1391 1844 1425 Ἡμεῖς

1053 1434 1128 1469 γοῦν,
1146 1435 1246 1471 νηπίαν
1260 1436 1307 1462 καὶ
1318 1435 1471 1471 ἀνάσκητον
1488 1435 1576 1472 ψυχὴν
1588 1436 1704 1472 ἔχοντες,
1720 1436 1758 1472 τῷ
1773 1445 1845 1472 παρ-

1053 1481 1109 1508 όντι
1133 1482 1342 1516 ἐντυγχάνοντες
1361 1482 1527 1519 μαργαρίτῃ,
1549 1483 1624 1509 οὐδὲν
1655 1483 1725 1518 μέγα
1748 1484 1844 1511 τοῦτον

1053 1527 1219 1563 θεωροῦμεν,
1240 1527 1278 1562 τῷ
1298 1528 1417 1563 σχήματι
1436 1528 1508 1564 μόνῳ
1521 1528 1729 1562 ἑνατενίζοντες,
1743 1530 1793 1565 τῆς
1815 1531 1844 1558 δὲ

1053 1572 1160 1607 φύσεως
1174 1573 1267 1605 αὑτοῦ,
1284 1573 1344 1600 ὅσον
1356 1574 1424 1609 πρὸς
1436 1574 1546 1608 γνῶσιν,
1567 1575 1674 1610 μακρὰν
1693 1577 1843 1611 τυγχάνον-

1053 1627 1108 1650 τες.
1127 1618 1171 1650 Ὠς
1181 1619 1208 1645 δὲ
1219 1619 1278 1645 κατ’
1295 1618 1382 1654 ὀλίγον
1395 1621 1427 1646 ἐκ
1441 1619 1496 1645 τῶν
1513 1619 1595 1651 πέλας
1609 1620 1802 1657 ὲδιδασκόμεθα
1813 1623 1845 1648 τὸ

1053 1664 1150 1696 κάλλος
1166 1664 1258 1695 αὑτοῦ,
1277 1665 1347 1696 θεῖος
1369 1665 1438 1701 ἔρως
1456 1666 1503 1692 καὶ
1520 1666 1584 1702 ἡμῖν
1606 1667 1763 1701 ὲνεγεννᾶτο
1777 1668 1844 1703 πρὸς

1052 1711 1083 1737 τὸ
1094 1711 1174 1746 όφθέν
1185 1720 1191 1726 ·
1207 1711 1253 1737 καὶ
1266 1711 1320 1746 γὰρ
1331 1711 1401 1738 αὐτὰ
1412 1711 1446 1738 τὰ
1459 1711 1608 1747 πράγματα
1619 1712 1756 1748 ἐζωπύρει
1767 1714 1845 1749 ἡμῶν

1054 1755 1123 1793 πρὸς
1137 1758 1184 1784 τὸν
1199 1758 1280 1784 πόθον
1296 1758 1345 1793 τὴν
1358 1757 1487 1785 διάνοιαν.

1089 1803 1117 1830 2.
1135 1803 1168 1830 Τί
1182 1803 1211 1830 δὲ
1222 1803 1293 1837 λέγω
1305 1804 1368 1835 τοὺς
1385 1804 1531 1840 παρόντας,
1546 1804 1562 1840 ἢ
1576 1804 1623 1831 καὶ
1634 1801 1730 1831 ἑαυτὸν
1743 1812 1846 1838 συγκα-

1054 1848 1180 1884 ταριθμῶ
1202 1849 1317 1881 τούτοις,
1329 1849 1367 1880 ὥς
1387 1857 1413 1875 τι
1429 1849 1536 1876 εἰδότων
1555 1849 1633 1885 ἡμῶν
1646 1850 1693 1876 καὶ
1713 1849 1847 1883 λεγόντων

1056 1895 1178 1931 περὶτῆς
1190 1895 1312 1930 ἀοιδίμου
1329 1895 1376 1922 καὶ
1395 1895 1533 1932 μακαρίας
1548 1895 1750 1931 Συγκλητικῆς;
1761 1894 1847 1931 Οἶμαι

1056 1941 1110 1976 γὰρ
1126 1941 1217 1967 πᾶσαν
1231 1940 1381 1976 ἀνθρώπων
1396 1940 1476 1975 φύσιν
1487 1939 1627 1966 λείπεσθαι
1643 1939 1710 1975 πρὸς
1720 1940 1847 1975 διήγηςιν

1057 1987 1110 2014 τῶν
1121 1987 1228 2022 ἀγαθῶν
1239 1986 1466 2023 αὑτῆςπράξεων.
1478 1987 1543 2013 Εξδὲ
1553 1986 1599 2013 καί
1611 1995 1652 2018 τις
1662 1987 1847 2022 ἐπιχειρήσειε

1057 2033 1147 2067 λέγειν
1162 2042 1189 2059 τι
1204 2033 1268 2069 περὶ
1282 2033 1378 2067 αὐτῆς,
1394 2032 1461 2059 πολὺ
1476 2032 1525 2067 μὲν
1545 2032 1593 2059 καὶ
1608 2032 1720 2068 ἄπειρον
1737 2032 1849 2058 ἀπολει-

1058 2080 1190 2114 φθήσεται
1213 2080 1268 2106 τῶν
1285 2080 1467 2115 ζητουμένων,
1485 2081 1536 2105 κᾶν
1556 2079 1647 2114 σοφὸς,
1665 2079 1716 2106 κᾶν
1733 2081 1849 2115 ἐπιστή-

1060 2135 1117 2162 μων
1139 2127 1269 2162 τυγχὰνῃ.
1286 2127 1391 2162 Ὥσπερ
1403 2125 1456 2162 γὰρ
1473 2127 1497 2152 οἱ
1512 2125 1550 2161 τῷ
1567 2125 1634 2161 ἡλίῳ
1654 2126 1776 2152 ἀτενίσαι
1791 2127 1851 2161 βου-

1058 2172 1166 2207 λόμενοι
1178 2172 1226 2204 τὰς
1242 2172 1316 2207 ὄψεις
1334 2172 1508 2207 βλάπτονται,
1525 2171 1596 2198 οὕτω
1610 2171 1655 2198 καὶ
1670 2173 1694 2198 οἱ
1706 2173 1852 2208 κατοπτρί-

1059 2219 1152 2251 ζεσθαι
1167 2218 1206 2254 τῷ
1224 2218 1273 2254 βίῳ
1285 2218 1386 2254 ταύτης
1402 2217 1578 2254 πειρώμενοι,
1589 2218 1641 2244 ὑπὸ
1655 2217 1702 2244 τοῦ
1718 2218 1851 2253 μεγέθους

1059 2265 1114 2292 τῶν
1131 2265 1352 2301 κατορθωμάτων
1368 2264 1577 2299 ἰλιγγιάσαντες,
1595 2265 1755 2296 ὑπενδόντες
1769 2265 1785 2300 ἢ
1803 2266 1853 2292 καὶ

216 2312 311 2339 dentes
328 2310 436 2338 demum
447 2317 479 2337 ac
495 2310 602 2337 viribus
616 2308 751 2340 destituti,
770 2309 797 2335 in
811 2309 911 2337 mentis
933 2309 1003 2336 inci-

1059 2313 1250 2348 ἀτονήσαντες,
1264 2311 1394 2347 σύγχυσιν
1411 2312 1571 2347 ὑφίστανται
1586 2314 1618 2348 τῇ
1636 2313 1748 2348 διανοίᾳ.

215 2358 283 2384 dunt
296 2356 542 2392 perturbationem.

250 2403 276 2430 5.
290 2402 346 2430 Nos
365 2406 454 2430 autem
471 2409 522 2437 pro
543 2401 648 2429 viribus
676 2403 778 2430 nostris
807 2402 868 2437 ejus
891 2401 1006 2436 vestigia

215 2449 378 2480 consectati,
396 2452 423 2476 et
438 2449 472 2475 ab
483 2448 544 2484 ejus
559 2448 712 2484 :cqualibus
737 2448 771 2476 de
800 2448 930 2484 primzeva
945 2447 1006 2482 ejus

216 2500 295 2524 aetate
308 2496 405 2531 paucis
421 2495 533 2529 eruditi,
546 2503 579 2523 ex
595 2496 719 2531 ipsisque
734 2495 818 2524 rebus
848 2495 1007 2530 aliquantu-

216 2543 274 2570 lum
285 2541 430 2575 illustrati,
446 2541 569 2569 scribere
583 2541 765 2577 ingredimur,
781 2539 919 2575 nobisque
934 2535 1004 2575 ipsis

216 2589 366 2617 salutarem
383 2587 476 2615 cibum
492 2587 679 2616 recondimus.
696 2586 763 2614 Nam
793 2594 843 2622 pro
870 2586 1007 2622 dignitate

217 2635 292 2662 illius
306 2633 479 2669 eloquirnon
495 2633 667 2668 impossibile
693 2633 775 2660 modo
791 2633 872 2661 nobis
887 2636 941 2667 est,
957 2634 1005 2661 sed

216 2680 310 2708 multis
325 2680 386 2707 aliis
407 2679 574 2714 perarduum
593 2686 625 2706 ac
641 2678 759 2706 difficile.

251 2769 278 2796 4.
292 2769 358 2803 ρυω
369 2769 489 2797 εωίεεῑίε
504 2770 655 2805 συγκλήτου
689 2777 736 2797 seu
766 2773 878 2797 sanatus
903 2777 1004 2798 nomen

215 2815 309 2848 habet,
327 2823 358 2842 ex
374 2815 533 2846 Macedonia
559 2815 676 2843 oriunda
693 2819 744 2843 est.
777 2815 894 2849 Majores
915 2815 1003 2850 siqui-

216 2861 277 2890 dem
292 2861 351 2895 ejus
377 2861 470 2888 andito
498 2861 747 2890 Alexandrinorum
774 2869 839 2897 erga
867 2861 950 2888 Deum
977 2865 1004 2889 et

215 2907 353 2936 Christum
369 2914 473 2940 amore,
481 2916 513 2936 ex
530 2907 687 2935 Macedonia
704 2908 731 2936 in
745 2908 899 2936 Macedonis
909 2908 1004 2936 urbem

1092 2404 1118 2431 5.
1140 2403 1235 2439 Ἡμεῖς
1245 2404 1274 2430 δὲ
1286 2403 1357 2430 κατὰ
1369 2403 1418 2439 τὴν
1436 2403 1503 2430 ἰδίαν
1514 2403 1627 2439 δύναμιν
1646 2404 1852 2440 ἰχνηλατοῦντες

1057 2449 1091 2476 τὰ
1112 2450 1172 2477 κατ’
1186 2449 1281 2485 αὐτὴν,
1299 2450 1345 2476 καὶ
1364 2450 1396 2475 ὲκ
1412 2449 1466 2475 τῶν
1489 2449 1639 2485 συνηλίκων
1659 2449 1687 2476 δὲ
1710 2450 1796 2485 αὐτῆς
1818 2451 1853 2476 τὰ

1057 2495 1128 2522 κατά
1143 2495 1188 2522 τὸν
1202 2495 1309 2531 πρῶτον
1323 2495 1378 2530 βίον
1394 2495 1549 2531 ἀκροθιγῶς
1566 2495 1741 2527 ἀκούσαντες,
1755 2496 1804 2522 καὶ
1821 2497 1852 2529 ἐξ

1059 2541 1148 2569 αὐτῶν
1162 2541 1190 2568 δὲ
1206 2541 1260 2568 τῶν
1274 2540 1443 2577 πραγμάτων
1460 2541 1589 2577 ἀμυδρῶς
1604 2542 1852 2576 καταυγασοέντες.

1059 2589 1106 2615 ἐπὶ
1122 2588 1153 2615 τὸ
1168 2589 1284 2624 γράφειν
1297 2588 1410 2623 ἥκομεν,
1426 2588 1531 2620 ἑαυτοῖς
1544 2587 1647 2624 τροφὰς
1668 2589 1853 2625 σωτηριώδεις

1060 2634 1336 2670 ἀποθησαυρίζοντες.
1355 2633 1391 2660 Τὸ
1408 2634 1457 2669 μὲν
1473 2633 1528 2669 γὰρ
1543 2635 1603 2661 κατ’
1619 2634 1696 2667 ἀξίαν
1711 2635 1797 2670 αὐτῆς
1809 2636 1853 2663 λέ-

1060 2689 1119 2715 γειν
1130 2681 1160 2707 οὐ
1176 2681 1255 2716 μόνον
1275 2681 1341 2715 ἡμῖν
1361 2679 1502 2712 ἀδύνατον,
1520 2680 1587 2707 ἀλλὰ
1605 2681 1721 2713 καὶτοῖς
1743 2682 1853 2714 πολλοῖς

1060 2725 1199 2760 δυσχερές.

1094 2771 1121 2798 4.
1130 2771 1161 2797 Ἡ
1172 2771 1221 2807 τῆς
1232 2771 1358 2807 οὐρανίου
1370 2771 1521 2808 συγκλήτου
1535 2771 1686 2807 ἐπώνυμος,
1700 2771 1794 2807 χώρας
1802 2773 1854 2808 τῆς

1058 2817 1227 2849 Μακεδονίας
1237 2817 1376 2851 τυγχάνει.
1397 2817 1567 2852 ’Δκηκοότων
1577 2817 1630 2854 γὰρ
1645 2817 1699 2844 τῶν
1710 2819 1852 2854 προγόνων

1059 2863 1144 2898 αὐτῆς
1157 2863 1187 2889 τὸ
1197 2862 1318 2897 φιλόθεον
1330 2863 1377 2889 καὶ
1390 2863 1561 2899 φιλόχριστον
1572 2863 1624 2890 τῶν
1644 2863 1852 2899 Ἀλεξανδρέων.

1059 2907 1263 2943 κατελάμϐανον
1279 2908 1310 2934 ἐκ
1325 2907 1494 2939 Μακεδονίας
1508 2907 1556 2944 τὴν
1570 2908 1616 2934 τοῦ
1632 2908 1788 2941 Μακεδόνος
1803 2911 1853 2937 πό-
