1919 3064
116 123 125 150 l
134 122 180 150 189

676 126 754 154 VITA
775 127 920 156 SANCT/E
942 128 1181 157 SYNCLETICXE.

1671 131 1679 157 'l
1687 131 1738 158 Mli!

112 183 165 210 λιν.
186 179 352 210 Ἐπιΰατιων
366 183 394 209 δὲ
408 184 496 211 αὐτῶν
510 187 541 221 τῇ
554 185 640 220 χώρᾳ,
653 185 698 211 καὶ
712 185 797 220 μείζω
811 187 892 222 εὗρόν

955 191 1163 215 concesserunt.
1177 189 1237 219 Quo
1257 195 1319 214 cum
1337 187 1535 222 pervenissent,
1548 194 1579 214 ac
1596 195 1640 215 res
1664 188 1738 222 ipsas

111 239 157 261 τες
169 230 218 264 τῆς
233 229 326 265 φήμης
340 229 374 256 τὰ
393 231 551 266 πράγματα,
568 231 734 266 φιλοφρόνως
748 231 836 267 ᾤκουν
850 233 899 259 αὖ·

111 276 171 310 τήν.
186 275 222 301 Οὐ
238 275 334 311 πλήθει
348 276 377 302 δὲ
386 276 479 311 δήμων
494 277 665 312 συνέχαιρον,
678 276 739 303 οὔτε
753 278 806 313 μὴν
824 278 901 313 οἰκη-

113 322 206 357 μάτων
231 321 385 357 ἐθαύμαζον
410 323 539 358 μέγεθος·
568 324 657 355 πίστιν
680 323 709 351 δὲ
737 325 900 360 μονότροπον

111 368 237 403 εὑρόντες
257 369 305 394 σὺν
326 369 466 404 εἰλικρινεῖ
479 370 584 406 ἀγάπῃ,
604 369 731 404 δευτέραν
747 369 838 397 ἔθεντο
852 371 900 405 τὴν

111 414 215 440 οἰκείαν
229 414 279 449 τῆς
294 415 440 449 μετοικίας.

149 460 176 487 5.
190 458 243 487 Ἦν
264 460 294 487 δὲ
318 461 364 487 καὶ
381 461 419 496 τῷ
440 461 515 496 γένει
539 461 720 497 περίϐλεπτος
740 463 756 498 ὴ
777 463 899 498 μακαρία

112 506 294 542 Συγκλητικὴ,
309 507 419 539 καὶτοῖς
440 507 530 540 ἄλλοις
546 507 574 534 δὲ
587 509 642 540 τοῖς
657 508 725 539 κατὰ
736 508 784 545 ,τὸν
797 508 899 543 κόσμον

111 552 235 587 τερπνοῖς
256 552 442 588 νομιζομένοις
464 553 641 592 ἐκεκόσμητο.
664 554 758 589 Παρῆν
782 553 810 581 δὲ
829 553 896 588 αὐτῇ

111 598 158 623 καὶ
182 597 281 633 ἀδελφὴ
302 598 429 634 ὁμόφρων
446 599 514 634 ἅμα,
530 599 576 626 καὶ
592 599 700 633 ἀδελφοὶ
726 599 782 631 δύο,
800 607 897 634 σεμνο-

110 644 184 679 τάτῳ
201 645 247 671 καὶ
260 644 336 672 αὐτοὶ
352 645 514 681 ἀναχθέντες
533 645 596 680 βίῳ·
611 642 649 672 ὧν
665 647 678 672 ὁ
693 645 742 681 μὲν
754 642 804 677 εἷς,
821 646 850 672 ἐν
864 646 897 680 τῇ

111 691 222 727 παιδικῇ
249 691 341 728 ἡλικίᾳ
357 692 509 727 τυγχάνων,
529 692 677 727 ἀπεγένετο
687 701 694 708 ·
709 693 724 718 ὁ
737 692 765 718 δὲ
795 692 897 728 ἕτερος,

111 737 208 768 ἐπιϐὰς
221 737 339 773 πέμπτῳ
362 738 407 764 καὶ
420 738 534 772 είκοστῷ
553 737 617 769 ἔτει,
633 737 709 773 παρὰ
724 736 778 764 τῶν
799 737 898 772 γονέων

109 784 150 815 εἰς
169 783 256 817 γάμον
273 783 467 819 παρεκαλεῖτο”
486 784 533 810 καὶ
548 783 657 810 πάντων
674 783 742 819 πρὸς
758 783 788 809 τὺ
804 783 899 818 ζητού-

111 836 189 862 μενον
212 828 452 863 εὐτρεπισθέντων,
469 828 515 854 καὶ
535 828 588 854 τῶν
604 828 634 860 ἐξ
650 828 744 859 ἔθνους
766 828 897 863 συμϐολικ

109 873 166 900 κῶν
188 873 398 909 ὲκτελουμένων,
419 874 529 909 ἁπέπτη
549 874 562 900 ὁ
578 874 637 906 νέος
651 873 745 909 ὥσπερ
761 874 852 910 ὄρνεον
866 875 898 901 ὲκ
913 864 934 891 Β

110 919 223 954 βρόχων,
236 918 404 955 ἀνταλλαγὴν
423 919 605 954 ποιησάμενος
626 919 675 954 τῆς
691 919 812 953 ἐπιγείου
828 919 897 954 νύμ-

109 974 173 1001 φης,
188 965 237 1000 τὴν
257 965 370 1000 ἄμωμον
385 965 431 992 καὶ
451 965 596 1001 ἐλευθέραν
613 965 666 992 τῶν
682 965 766 999 ἁγίων
780 965 896 993 σύνοδον.

145 1010 171 1037 6.
187 1010 260 1046 Αὕτη
274 1010 302 1036 δὲ
319 1010 358 1037 ἔτι
375 1011 404 1036 ὲν
417 1013 476 1043 ταῖς
493 1011 632 1047 πατρῴαις
647 1012 780 1046 ἀγκάλαις
799 1013 898 1048 τυγχά-

109 1065 201 1090 νουσα,
223 1056 343 1093 φιλοθεῗᾳ
358 1057 407 1092 μὲν
426 1057 456 1083 τὸ
475 1057 582 1093 πρῶτον
604 1058 653 1093 τὴν
663 1057 752 1093 ψυχὴν
767 1059 877 1093 ἠσκεῖτο
889 1067 896 1073 ”

109 1102 156 1128 καὶ
170 1102 219 1137 οὐχ
232 1101 303 1128 οὕτω
328 1102 377 1133 τὰς
393 1102 438 1128 τοῦ
456 1101 580 1137 σώματος
593 1103 750 1138 ἐπιμελείας
770 1103 896 1135 ἐποιεῖτο,

110 1147 148 1179 ὡς
162 1147 210 1179 τὰς
225 1147 276 1182 τῆς
290 1147 396 1183 φύσεως
411 1148 499 1183 ὁρμὰς
514 1149 653 1184 ἐπετήρει.

145 1193 170 1220 7.
185 1191 239 1227 Ἦν
249 1193 303 1229 γάρ
319 1193 365 1220 καὶ
377 1193 448 1220 κατὰ
460 1194 491 1220 τὸ
508 1193 586 1229 σῶμα
603 1194 846 1230 περικαλλεστάτη,
860 1195 898 1226 ὡς

109 1239 156 1265 καὶ
181 1238 294 1270 πολλοὺς
318 1239 385 1274 αὐτῇ
407 1239 564 1275 μνηστῆρας
591 1240 730 1275 προσιέναι
758 1240 829 1267 κατὰ
847 1241 897 1276 τὴν

109 1284 221 1320 πρώτην
237 1284 357 1320 ἡλικίαν·
380 1285 458 1312 τοῦτο
479 1285 527 1321 μὲν
545 1285 597 1312 ὑπὸ
614 1286 663 1321 τῆς
678 1287 836 1322 περιουσίας
856 1287 897 1314 δε-

108 1330 296 1366 λεαζομένους,
314 1331 392 1358 τοῦτο
408 1331 436 1359 δὲ
458 1332 503 1358 καὶ
517 1331 569 1359 ὑπὸ
582 1332 632 1368 τῆς
652 1333 705 1359 τῶν
726 1333 826 1368 γονέων
848 1343 895 1360 κο-

109 1379 261 1413 σμιότητος,
276 1379 323 1405 καὶ
338 1379 405 1414 πρὸς
415 1379 461 1405 ἐπὶ
473 1378 578 1410 τούτοις
592 1379 637 1404 ὑπ’
648 1379 733 1413 αὐτῆς
747 1379 797 1414 τῆς
811 1380 895 1415 κόρης

107 1422 154 1449 τοῦ
167 1423 281 1455 κάλλους
298 1423 506 1459 ὲξαπτομένους.
523 1423 578 1450 Καὶ
592 1423 657 1458 γοῦν
671 1424 695 1450 οἱ
709 1425 796 1458 γονεῖς
810 1424 894 1459 ἀσμέ-

107 1477 160 1499 νως
181 1468 379 1504 προετρέποντο
401 1467 449 1504 τὴν
472 1468 534 1495 νέαν
558 1469 598 1499 είς
622 1468 720 1503 γάμον,
736 1468 801 1495 αὐτὸ
816 1468 895 1496 τοῦτο

107 1513 271 1548 ἐπείγοντες,
284 1513 322 1546 ὡς
334 1512 363 1547 ἐξ
378 1514 462 1549 αὐτῆς
473 1512 521 1549 τὴν
533 1513 579 1540 τοῦ
597 1513 690 1547 γένους
707 1514 830 1550 διαδοχὴν
844 1515 893 1541 αὐ-

106 1560 162 1590 τεῖς
177 1558 355 1594 φυλαχθῆναι.
375 1559 415 1586 Ἦ·
424 1559 452 1586 δὲ
465 1558 580 1595 σώφρων
597 1560 643 1586 καὶ
655 1560 765 1594 γενναία
777 1560 816 1595 τῷ
826 1569 892 1596 φρου

107 1605 216 1640 νήματι,
233 1605 348 1637 οὺδόλως
368 1606 520 1633 συνετίθετο
537 1607 596 1638 ταῖς
612 1607 749 1638 τοιαύταις
775 1607 829 1634 τῶν
845 1616 893 1642 γο-

107 1650 173 1676 νέων
196 1650 387 1685 συμϐουλίαιςο
404 1651 472 1678 ἀλλὰ
490 1651 578 1686 γάμον
600 1652 736 1679 ἀκούουσα
750 1653 891 1688 κοσμικὺν,

105 1696 193 1731 γάμον
219 1696 290 1723 θεῖον
311 1697 493 1732 ὲφαντάζετο·
521 1699 567 1725 καὶ
598 1698 710 1730 πολλοὺς
735 1699 892 1735 μνηστῆρας

106 1741 262 1778 παρορῶσα,
282 1743 322 1775 εις
337 1743 417 1778 μόνον
438 1743 483 1771 τὸν
502 1744 625 1780 οὐράνιον
641 1744 756 1780 νυμφίον
781 1742 892 1780 εἴχετο

106 1791 203 1823 νεῦμα.
755 1791 760 1800 ¹

140 1834 166 1862 8.
181 1835 237 1862 Καὶ
249 1832 284 1871 ἦν
299 1835 362 1863 ίδεϊν
376 1835 426 1872 τῆς
445 1836 582 1872 μακαρίας
598 1837 702 1874 Θέκλης
715 1837 830 1873 γνησίαν
844 1846 892 1874 μα-

105 1879 227 1916 θήτριαν,
243 1881 298 1912 τοῖς
312 1881 403 1913 αὐτοῖς
417 1882 502 1918 αὐτὴν
518 1883 654 1918 ἑπομένην
668 1882 821 1918 διδάγμασι.
836 1883 891 1910 Καὶ

103 1925 158 1961 γάρ
174 1925 227 1952 τῶν
243 1925 289 1952 δύο
300 1924 340 1958 εἷς
354 1928 477 1963 μνηστὴρ
490 1925 523 1963 ἦν
537 1928 551 1954 ὁ
563 1928 689 1964 Χριστὸς,
704 1929 751 1955 καὶ
766 1929 846 1961 αὐτὸς
857 1927 891 1964 ἦν

103 1971 156 1998 τῶν
173 1971 337 2008 ἀμφοτέρων
359 1974 541 2008 νυμφαγωγὸς
562 1974 678 2006 Παῦλος’
697 1973 772 2010 οἶμαι
792 1975 820 2001 δὲ
844 1976 891 2002 καὶ

102 2016 148 2044 τὸν
167 2017 286 2053 θάλαμον
303 2019 399 2051 αὑταῖς
413 2020 451 2055 μὴ
474 2020 658 2047 ἐναλλάττειν·
673 2017 713 2052 εἷς
731 2021 784 2056 γὰρ
796 2021 890 2053 αὑταῖς

104 2064 206 2096 παστὺς
224 2065 240 2100 ἡ
263 2065 419 2101 Ἐκκλησία,
433 2066 480 2092 καὶ
499 2067 513 2093 ὸ
527 2066 607 2098 αὐτὸς
621 2067 701 2093 Δασὶδ
718 2067 831 2102 μελῳδεῖ
847 2069 889 2094 ἐπ’

103 2109 266 2145 ἀμφοτέρων
281 2110 316 2137 τὰ
338 2111 426 2146 σεμνὰ
440 2112 487 2138 καὶ
509 2111 568 2138 θεῖα
583 2112 704 2148 ᾄσματα.
721 2113 775 2139 Καὶ
790 2112 844 2148 γὰρ
862 2113 890 2139 ὲν

103 2156 251 2192 κυμϐάλοις
269 2157 376 2193 εὺήχοις
391 2158 485 2194 τέρπει
500 2157 549 2190 τὰς
570 2158 629 2194 Θεῷ
645 2158 821 2190 ἀνατεθείσας
839 2158 887 2193 ψυ-

954 232 1024 260 fama
1035 233 1153 268 majores
1169 233 1379 267 comperissent.
1398 233 1578 261 libentissime
1595 234 1676 261 isthic
1694 244 1737 262 se-l

952 279 1001 305 des
1017 282 1182 306 statuerunt.
1197 278 1255 305 Non
1270 279 1308 305 illi
1329 279 1362 306 de
1378 279 1471 314 populi
1490 279 1642 315 frequentia
1668 289 1736 316 gau-

952 323 1062 355 debant,
1082 331 1130 350 nec
1144 324 1243 350 aedium
1259 325 1464 359 amplitudinem
1480 316 1668 360 mirabantur,
1689 327 1736 354 sed

951 369 1072 396 unanimi
1089 369 1141 396 ﬁde
1163 371 1324 404 sinceraque
1342 371 1474 398 cbaritate
1486 376 1604 406 reperta,
1631 373 1735 400 incola—

951 415 989 441 tui
1000 416 1115 450 patriam
1131 417 1325 450 posthabuere.

982 461 1008 488 5.
1029 460 1093 487 Erat
1110 469 1191 496 porro
1207 462 1285 489 beata
1314 462 1468 498 Syncletica
1499 471 1561 490 cum
1577 472 1677 499 genere
1703 465 1735 492 il-

950 506 1055 539 lustris,
1067 511 1122 534 tum
1140 507 1202 535 aliis
1218 515 1279 542 quze
1291 508 1362 535 inter
1372 508 1435 536 vita:
1448 510 1592 537 commoda
1621 518 1736 546 compu-

949 559 1041 581 tantur
1068 555 1214 581 instrueta.
1232 553 1296 580 Erat
1326 554 1364 581 illi
1386 562 1465 582 soror
1481 563 1533 582 una
1558 563 1674 584 concors
1703 565 1734 584 ac

948 601 1070 635 ejusdem
1090 600 1185 631 animi,
1213 604 1239 626 et
1265 601 1364 628 fratres
1387 600 1452 635 duo,
1470 601 1521 636 ipsi
1551 610 1659 637 quoque
1680 603 1735 630 vita

949 645 1146 673 honestissima
1178 645 1298 678 educati,
1315 653 1432 680 quorum
1448 647 1517 674 alter
1532 651 1637 675 aetatem
1652 655 1735 684 agens

949 691 1079 726 puerilem
1104 691 1176 719 diem
1205 691 1290 723 obiit;
1319 692 1387 719 alter
1412 700 1476 720 vero
1500 692 1545 720 ubi
1573 693 1733 721 vicesimum

948 738 1074 772 quintum
1098 737 1187 772 attigit
1217 745 1329 768 annum,
1349 745 1363 764 a
1379 738 1538 772 parentibus
1565 739 1598 766 ad
1625 741 1734 775 nuptias

950 782 1104 810 destinatus
1119 785 1171 809 est.
1191 782 1314 817 Cumque
1326 786 1419 810 essent
1431 783 1522 810 omnia
1540 783 1573 810 ad
1590 784 1617 810 id
1633 786 1734 819 negotii

950 832 1054 864 parata,
1069 828 1264 863 pactionesque
1277 828 1310 856 de
1334 836 1410 856 more
1424 833 1517 857 essent
1542 829 1629 862 factas,
1644 831 1735 857 evola—

948 874 986 901 vit
1000 873 1161 901 adolessens
1173 877 1304 908 tanquam
1316 874 1375 901 avis
1389 881 1421 901 ex
1431 874 1548 909 laqueis,
1561 878 1588 902 et
1605 883 1733 910 stonsam

947 923 1106 947 terrestrem
1137 926 1199 946 cum
1226 919 1364 954 inculpato
1401 919 1542 956 liberoque
1574 926 1734 950 sanctorum

949 971 1021 993 cestu
1039 965 1226 992 commulavit.

984 1010 1011 1038 6.
1033 1010 1093 1045 Ipsa
1110 1017 1192 1045 porro
1207 1009 1271 1037 dum
1296 1010 1418 1044 paternis
1436 1010 1525 1038 adhuc
1548 1011 1621 1039 ulnis
1648 1011 1733 1040 hatre-

948 1059 1001 1089 ret,
1012 1056 1068 1091 jam
1085 1056 1204 1091 primum
1220 1056 1340 1083 animum
1361 1056 1505 1084 exercebat
1521 1057 1548 1084 in
1564 1064 1656 1085 amore
1668 1057 1731 1091 Dei,

948 1110 999 1129 nec
1011 1106 1114 1129 tantam
1140 1101 1264 1136 corporis
1280 1109 1386 1134 curam,
1403 1106 1533 1137 quantam
1545 1103 1629 1131 animi
1654 1104 1733 1131 moti-

948 1149 1000 1175 bus
1016 1148 1196 1176 observandis
1212 1148 1425 1175 sollicitudinem
1444 1149 1572 1183 ponebat.

984 1195 1010 1221 7.
1024 1194 1087 1221 Erat
1099 1201 1216 1229 namque
1244 1193 1331 1221 forma
1361 1195 1485 1229 corporis
1510 1195 1730 1230 elegantissima;

948 1241 1016 1268 adeo
1031 1246 1060 1268 ul.
1076 1240 1128 1268 sub
1142 1240 1258 1276 primam
1285 1240 1496 1268 adolescentiam
1525 1241 1602 1268 multi
1618 1241 1652 1268 ad
1672 1250 1731 1269 eam

948 1286 1110 1313 accederent
1125 1286 1213 1321 proci,
1228 1287 1325 1321 partim
1344 1286 1454 1321 opibus,
1475 1287 1572 1321 partim
1589 1291 1734 1321 parentum

947 1331 1081 1366 dignitate
1095 1331 1223 1366 permoti,
1236 1331 1268 1358 ad
1285 1331 1343 1358 haec
1357 1330 1452 1365 puella-
1470 1332 1670 1366 pulchritudine
1686 1340 1732 1359 ac-

946 1378 1031 1406 censi.
1051 1377 1105 1412 lpsi
1119 1385 1229 1412 quoque
1243 1381 1373 1412 parentes
1388 1377 1495 1412 placide
1510 1378 1685 1412 juveni-uiam
1697 1379 1731 1406 ad

948 1424 1057 1459 nuptias
1084 1423 1285 1451 hortabamur:
1305 1430 1337 1450 ea
1358 1428 1448 1450 mente
1478 1425 1624 1456 instantes,
1651 1430 1683 1451 ιι.
1698 1433 1732 1453 ex

947 1470 992 1497 illa
1006 1470 1058 1498 sibi
1073 1469 1182 1506 generis
1210 1470 1350 1497 successio
1378 1475 1546 1504 superesseL
1568 1470 1602 1496 At
1617 1470 1662 1497 illa
1681 1479 1731 1505 pu-

946 1516 1009 1544 diea
1022 1519 1049 1543 et
1064 1515 1155 1542 animo
1174 1522 1317 1550 generosa,
1343 1515 1498 1542 nullatenus
1524 1515 1659 1550 ejusmodi
1681 1523 1730 1550 pa.

946 1565 1053 1589 rentum
1068 1561 1192 1588 consiliis
1213 1560 1434 1596 obtemperabat;
1468 1561 1592 1596 quinimo
1628 1561 1729 1589 auditis

945 1601 1092 1635 mundanis
1105 1606 1218 1642 nuptiis,
1235 1606 1343 1633 divinas
1354 1606 1491 1641 cogitabat
1508 1615 1514 1633 :
1532 1614 1564 1634 ac
1579 1607 1679 1634 multos
1693 1608 1728 1634 il-

945 1654 986 1681 los
998 1654 1152 1688 despiciens
1168 1660 1276 1688 procos,
1294 1654 1321 1679 in
1341 1661 1423 1680 unum
1440 1653 1581 1681 cmlestem
1597 1661 1728 1688 sponsum

945 1706 1014 1728 nutu
1033 1705 1061 1728 et
1078 1701 1170 1727 animo
1187 1700 1381 1736 propendebat.

978 1835 1004 1862 8.
1024 1835 1123 1863 Videre
1140 1838 1200 1862 erat
1215 1835 1300 1863 beatae
1311 1834 1417 1862 Thecla:
1430 1841 1587 1870 germanam
1603 1833 1726 1869 discipu-

942 1880 1007 1911 lam,
1023 1881 1117 1908 eadem
1134 1887 1215 1915 quam
1230 1880 1274 1906 illa
1288 1879 1453 1907 documenta
1479 1883 1648 1913 sequentem.
1662 1879 1727 1905 Am-

942 1926 1038 1953 barum
1049 1934 1168 1961 namque
1185 1933 1257 1953 unus
1273 1926 1414 1961 pronubus
1429 1929 1489 1952 erat
1504 1924 1643 1957 Christus,
1654 1924 1726 1952 idem

942 1972 1082 1999 ambarum
1100 1972 1303 2007 paranympbus
1319 1971 1420 1999 Paulus
1437 1982 1441 1998 :
1455 1972 1520 2006 quin
1533 1979 1626 1998 earum
1639 1971 1726 1998 tbala-

941 2025 1016 2044 mum
1029 2018 1097 2044 nihil
1113 2018 1254 2045 diversum
1271 2018 1388 2045 arbitror
1405 2028 1410 2044 :
1428 2018 1462 2045 iis
1484 2017 1556 2045 enim
1573 2018 1726 2045 communis

941 2066 1018 2090 torus
1038 2062 1173 2091 Ecclesia.
1191 2062 1307 2099 Ipseque
1333 2062 1414 2090 David
1434 2062 1468 2090 de
1489 2068 1616 2097 utraque,
1632 2063 1726 2097 gravia

940 2108 1088 2144 divinaque
1102 2110 1207 2137 cantica
1228 2109 1394 2136 modulatur.
1417 2108 1445 2136 ln
1461 2109 1593 2144 cymbalis
1609 2117 1726 2143 namque

942 2154 1010 2182 bene
1029 2155 1193 2182 sonantibus
1208 2154 1326 2182 oblectat
1345 2154 1450 2181 animas
1465 2154 1518 2181 Deo
1536 2159 1725 2186 consecratas,

102 2202 161 2236 χὰς,
177 2203 224 2230 καὶ
238 2203 267 2228 ἐν
281 2203 431 2238 τυμπάνοις
449 2203 495 2230 καὶ
507 2203 536 2230 ἐν
548 2204 718 2239 δεκαχόρδοις
730 2204 817 2239 ψαλτη
823 2204 888 2239 ρίοις

947 2204 967 2227 :t
979 2200 1006 2226 in
1026 2200 1164 2235 tympanis
1187 2207 1218 2227 ac
1232 2199 1412 2228 decachordis
1429 2199 1567 2234 psalteriis
1584 2199 1726 2234 perfectis-

101 2248 150 2282 τὴν
174 2248 344 2284 τελειοτάτην
364 2248 436 2284 ᾠδὴν
459 2249 624 2285 ἀναπέμπει.
642 2250 759 2286 Μαριὰμ
779 2250 808 2277 δὲ
831 2251 888 2282 τοῖς

103 2295 184 2329 ἱεροῖς
210 2294 314 2326 τούτοις
335 2295 435 2330 γάμοις
457 2295 506 2327 τὰς
526 2296 686 2330 χορευτριας
711 2296 826 2331 εἰσάγει,
842 2295 886 2322 λέ-

101 2347 200 2372 γουσα·
217 2340 352 2374 ¹ᾼσωμεν
373 2339 413 2373 τῷ
433 2339 545 2374 Κυρίῳ·
568 2339 697 2372 ἐνδόξως
721 2340 776 2375 γὰρ
801 2339 884 2366 δεδό-

101 2386 219 2418 ξασται.
234 2387 289 2414 Καὶ
301 2387 334 2414 τὰ
350 2386 403 2422 ὖψα
419 2385 448 2412 δὲ
460 2386 507 2413 τοῦ
525 2386 596 2413 θείου
614 2386 723 2413 δείπνου
740 2386 817 2413 κοινὰ
830 2387 886 2418 τοῖς

100 2432 288 2467 ἑστιωμένοις·
309 2433 467 2460 Γεύοτασθε
487 2431 552 2468 γάρ,
575 2432 624 2459 καὶ
645 2431 733 2465 ἴδετε,
756 2432 799 2458 ὅτι
816 2441 888 2467 χρη-

99 2475 172 2507 στὸς
185 2477 201 2502 ό
214 2476 328 2510 Κύριος.
347 2477 401 2503 Καὶ
422 2477 438 2512 ὴ
452 2475 507 2503 τῶν
530 2476 671 2512 νυμφικῶν
687 2476 716 2502 δὲ
730 2477 824 2509 αὐταῖς
839 2486 887 2503 πε-

99 2521 274 2557 ριϐλημὰτων
299 2524 347 2558 μία
363 2532 404 2556 τις
429 2524 501 2559 ὑφή’
517 2525 603 2550 Ὅσοι
626 2524 680 2558 γὰρ
700 2524 743 2556 είς
759 2524 888 2558 Χριστὸν

98 2567 333 2602 ἐϐαπτίσθησαν,
353 2570 482 2603 Χριστὸν·
507 2569 698 2597 ἑνεδύσαντο.
721 2569 886 2606 Ὀμότροπος

97 2610 143 2639 οὖν
159 2613 255 2646 αὑταῖς
268 2612 301 2650 ἧν
313 2616 330 2650 ἡ
346 2616 414 2651 πρὸς
427 2615 528 2652 Κύριον
539 2615 632 2652 ἀγάπη
645 2625 651 2630 ·
667 2615 722 2642 τῶν
731 2616 785 2650 γὰρ
796 2615 886 2642 αὐτῶν

97 2658 219 2693 ἠξιοῦντο
236 2660 345 2696 δωρεῶν
355 2669 361 2676 ·
377 2661 444 2688 ἀλλὰ
456 2661 504 2688 καὶ
515 2662 569 2694 τοῖς
583 2663 674 2694 αὐτοῖς
690 2662 792 2696 ἀγῶσιν
802 2661 883 2698 ¹ἡμιλ-

96 2704 190 2731 λῶντο.
199 2705 240 2732 Τὰ
249 2706 298 2742 μὲν
304 2706 358 2742 γὰρ
366 2707 416 2742 τῆς
426 2708 561 2743 μακαρίας
572 2707 677 2742 Θέκλης
685 2707 773 2735 οὐδενὶ
781 2708 881 2743 ἠγνόη-

97 2757 141 2776 ται
160 2750 308 2786 μαρτύρια,
327 2751 365 2784 ὡς
376 2751 420 2778 διὰ
441 2753 526 2788 πυρὸς
546 2754 593 2780 καὶ
604 2753 706 2789 θηρίων
727 2753 880 2780 ἀτιθὰσσων

132 2829 155 2845 ⁸⁸
176 2830 259 2857 Exod.
279 2838 323 2862 xv,
343 2831 368 2858 l.
406 2830 428 2846 ⁸⁷
448 2829 519 2858 Psal.
539 2838 622 2858 sunt
635 2852 641 2864 ,
660 2831 686 2858 9.

939 2246 1040 2274 simum
1065 2246 1168 2274 oecinit
1185 2253 1306 2273 carmen.
1341 2245 1425 2273 Maria
1449 2253 1514 2273 vero
1535 2245 1622 2272 sacris
1652 2245 1726 2273 hisce

938 2297 1042 2331 nuptiis
1058 2296 1173 2324 choreas
1192 2296 1296 2322 inducit
1316 2295 1464 2322 dicentium
1485 2305 1491 2322 :
1508 2294 1650 2322 Cantemus
1670 2293 1725 2320 Do-

940 2343 1030 2374 mino;
1053 2342 1167 2378 gloriose
1188 2342 1258 2369 enim
1287 2341 1472 2376 magniﬁcatus
1500 2346 1538 2367 est
1553 2340 1586 2367 ⁵⁸.
1611 2339 1723 2367 Fereuln

939 2395 1048 2422 quoque
1067 2387 1165 2414 divinae
1193 2394 1289 2420 ccenaa,
1320 2386 1475 2414 communia
1505 2385 1681 2420 epulantibus
1716 2395 1722 2412 :

940 2433 1050 2460 Gustata
1064 2433 1148 2463 enim.
1166 2431 1266 2467 inquit,
1291 2436 1316 2460 et
1333 2431 1417 2459 videte
1436 2432 1560 2466 quoniam
1584 2431 1671 2457 suavis
1685 2436 1723 2458 est

938 2478 1067 2506 Dominus
1083 2478 1116 2504 ⁵⁷.
1140 2477 1275 2505 Praeterea
1299 2476 1466 2512 sponsalium
1500 2476 1722 2503 indumentorum

936 2532 991 2552 una
1005 2525 1115 2560 utrique
1131 2528 1238 2551 textura
1253 2528 1312 2551 erat
1325 2533 1331 2550 :
1346 2523 1498 2558 Quicunque
1509 2523 1577 2550 enim
1594 2523 1619 2548 in
1643 2521 1722 2549 Chri-

935 2574 976 2597 sto
992 2570 1121 2604 bnptizali
1134 2574 1205 2603 siml,
1222 2569 1357 2596 Christum
1377 2568 1519 2595 induerunt
1537 2568 1569 2594 ⁵⁸.
1589 2567 1640 2594 Par
1657 2567 1721 2594 item

934 2616 990 2644 illis
1003 2624 1066 2652 erga
1079 2616 1225 2643 Dominum
1238 2615 1371 2647 cbaritas,
1389 2615 1491 2642 eisdem
1507 2615 1606 2650 quippe
1627 2621 1722 2641 mune-

936 2662 1012 2689 ribus
1029 2667 1134 2689 ornata:
1149 2666 1228 2689 erant
1244 2672 1250 2689 :
1264 2662 1319 2688 imo
1333 2661 1415 2688 etiam
1439 2661 1535 2688 iisdem
1566 2660 1722 2687 certamini-

935 2707 986 2735 bus
1000 2708 1210 2736 contendebant.
1227 2707 1258 2734 Et
1272 2707 1383 2741 quidem
1396 2706 1481 2734 beatae
1497 2705 1604 2733 Thecla:
1619 2705 1720 2733 nemini

934 2754 1056 2789 ignotum
1073 2753 1436 2789 martyriumctcruciatus,
1451 2752 1523 2788 quod
1554 2760 1601 2788 per
1630 2752 1720 2788 ignem

729 2832 750 2849 "
771 2830 858 2859 Galnt.
878 2839 924 2865 Ill,
942 2831 986 2858 ‘37.
