1919 3064
213 170 277 198 “9|

772 172 800 200 S.
823 171 1054 200 ATllANASlllS.
1073 188 1109 192 —
1128 171 1252 200 SPURIA

1759 173 1827 202 “92

214 230 338 263 ferasque
349 228 496 255 indomitas
507 228 684 256 decertaverit
699 239 705 255 :
729 237 778 256 nec
789 230 870 265 hujus
881 239 990 265 quoque

1049 232 1124 267 ιῦτὴν
1147 231 1337 268 ὲνηθληκέναι·
1354 231 1400 258 xui.
1420 233 1520 268 ταύτης
1539 233 1602 265 τοὺς
1622 235 1763 268 ἐναρέτους
1779 234 1829 260 πέμ

214 275 321 302 virtutis
332 282 414 302 causa
427 278 569 309 susceptos
586 275 692 302 labores
703 275 882 311 sudoresque,
903 276 994 303 multis

214 322 297 348 latere
314 321 450 348 existimo.
466 321 535 348 Cum
544 321 617 348 enim
631 330 703 349 unus
713 322 753 349 eis
770 321 895 350 Salvator
910 327 993 354 esset,

213 369 293 402 cujus
306 367 441 394 desiderio
457 367 617 403 ﬂagrabant,
638 369 793 396 necessario
809 377 879 396 unus
888 376 995 403 quoque

215 415 266 440 illis
279 418 337 440 erat
350 414 524 441 adversarius
541 414 676 441 diabolus.
694 417 734 442 Ac
751 415 861 450 quidem
880 416 907 442 in
924 414 995 442 The-

214 461 254 486 da
271 460 392 487 mitiores
406 460 487 495 617
504 459 591 488 fuisse
612 461 719 488 Iaberes
745 461 884 489 existimo.
903 462 995 496 Expu-

213 511 293 540 gnata
318 506 418 540 quippe
440 505 491 532 fuit
520 507 624 532 inimici
649 507 761 536 malitia,
784 515 832 541 per
858 508 994 534 exteriora

214 559 274 579 cum
292 559 324 578 ea
351 551 492 586 congressi
507 560 513 577 :
529 552 573 578 hic
584 559 648 579 vero
673 553 838 580 acerbiorem
864 550 994 587 prodebat

215 597 357 628 malitiam,
371 597 502 624 interiore
517 605 610 632 pugna
622 605 670 632 per
697 599 827 626 exitiosus
851 599 994 634 cogitatio-

214 651 261 671 nes
275 650 450 678 congressus.

248 690 274 716 9.
291 689 348 716 Non
370 689 514 717 lascinavit
528 689 622 717 oculos
637 689 697 724 ejus
711 690 836 724 pretiosa:
845 690 928 718 vestis
937 695 994 717 tex-

214 741 284 766 tura,
312 743 399 770 neque
421 742 588 770 gemmarum
605 736 674 762 varii
694 736 821 764 colores:
838 743 893 763 non
914 743 994 763 aures

214 782 273 816 ejus
283 782 433 814 cymbalum
449 781 566 816 decepit,
583 790 670 815 neque
686 782 751 808 tibia
768 782 853 809 animi
872 782 994 817 vigorem

215 827 320 854 solvere
336 827 423 862 potuit
439 837 445 854 :
460 835 513 854 non
529 833 671 862 parentum
688 828 886 863 lacrymaemon
895 835 995 863 cogna-

215 877 304 899 torum
321 873 423 907 qumvis
446 872 602 899 cohortatio
620 872 680 908 ejus
703 873 834 900 emollivit
856 873 992 905 animum;

215 917 260 944 sed
276 917 450 944 adamantina
463 923 553 946 mente
568 918 713 950 instructa,
722 926 891 953 nequaquam
902 919 993 946 animo

215 963 301 990 fracta
323 966 366 990 est
382 972 388 989 :
405 968 573 999 cunctosque
598 971 696 991 sensus
720 971 795 996 suos,
819 964 896 998 quasi
920 963 995 991 l‘ene—

216 1014 287 1037 stras
297 1009 452 1042 occludens,
469 1018 530 1037 cum
551 1010 658 1044 Sponso
670 1017 720 1037 suo
731 1010 844 1037 seorsim
857 1010 996 1044 colloque-

215 1055 305 1087 i'qtur,
322 1057 364 1083 his
376 1055 524 1090 Scriptura:
545 1056 634 1083 verbis
649 1063 698 1082 usa
716 1065 722 1082 :
740 1055 794 1091 Ego
808 1055 903 1082 dilecto
926 1063 994 1087 meo,

214 1107 239 1128 et
247 1102 357 1129 dilectus
368 1111 438 1129 nisus
449 1102 510 1128 mihi
518 1102 552 1128 ‘9.
560 1102 594 1128 At
606 1102 651 1129 ubi
663 1102 776 1130 fumosae
787 1103 996 1137 tenebrosaque

215 1148 449 1175 confabulationes
461 1148 653 1180 occurrebant,
666 1155 712 1175 cas
730 1147 893 1182 refugiebat,
909 1148 942 1175 ad
954 1148 996 1175 in-

215 1198 292 1222 terna
311 1194 394 1221 animi
407 1194 533 1221 cubicula
556 1201 617 1220 sese
636 1193 783 1228 recipiens.
800 1193 850 1221 Ubi
871 1201 937 1221 vero
955 1193 997 1220 lu-

215 1240 283 1268 cidm
315 1239 516 1274 fructuoseeque
548 1239 753 1267 adhortationes
792 1240 995 1275 comparebant,

216 1290 299 1312 totam
321 1285 456 1320 pandebat
480 1288 610 1318 mentem,
632 1289 662 1312 ut
691 1285 781 1312 oblata
804 1285 887 1312 verba
907 1285 997 1313 susci-

215 1335 301 1365 ρει-ει.

252 1419 294 1447 l0.
312 1418 403 1454 Neque
430 1427 493 1447 vero
523 1420 674 1456 negligebat
698 1420 844 1448 salutarem
872 1420 997 1456 corporis

215 1466 364 1499 medelam;
382 1474 444 1493 nam
463 1466 500 1493 ita
515 1466 610 1501 jejunii
629 1474 724 1494 amans
743 1470 813 1500 erat,
829 1470 857 1494 ut
877 1475 911 1494 ex
927 1474 996 1501 pra:-

215 1512 338 1540 sentibus
352 1512 419 1539 nihil
437 1512 488 1547 ipsi
509 1520 559 1548 par
573 1517 656 1541 esset.
672 1513 741 1540 Illud
761 1521 857 1548 nempe
878 1521 926 1548 pro
949 1521 997 1541 cu-

1045 287 1106 309 νονς
1119 287 1148 304 τε
1174 278 1220 305 καὶ
1237 278 1350 314 ἱδρῶτας
1371 277 1446 313 οἶμαι
1465 279 1528 310 τοὺς
1550 279 1662 310 ¹ιιπολλοὺς
1678 279 1714 314 μὴ
1734 278 1829 306 λανθά-

1045 333 1110 352 νειν.
1126 325 1157 351 Et
1169 325 1221 360 γὰρ
1233 321 1272 356 εἷς
1285 324 1379 360 Σωτὴρ
1391 322 1424 359 ἦν
1435 324 1529 356 αὑταῖς
1537 326 1550 351 ὁ
1565 324 1739 359 ποθούμενος,
1750 325 1827 358 ἀναγ-

1045 371 1128 403 καίως
1144 372 1190 398 καὶ
1205 369 1244 403 εἷς
1270 371 1365 402 αὐταῖς
1381 372 1394 397 ὁ
1417 371 1650 406 ἀντιτασσόμενος.
1666 371 1720 397 Kal
1733 372 1765 406 τῇ
1779 372 1828 406 μὲν

1045 417 1132 452 Θέκλῃ
1157 416 1326 452 πραΰτέρους
1346 417 1528 451 ὑπολαμϐάνω
1546 417 1607 448 τοὺς
1627 417 1741 448 πόνους·
1761 417 1827 443 καθ-

1044 464 1129 500 ῄρητο
1142 464 1196 499 γὰρ
1215 464 1231 498 ή
1245 461 1292 490 τοῦ
1308 462 1405 498 ἐχθροῦ
1426 463 1520 494 κακία,
1534 462 1578 489 διὰ
1593 463 1646 489 τῶν
1663 463 1741 494 ἑκτδς
1759 463 1828 498 αὐτῇ

1045 509 1287 546 προσομιλοῦντος·
1304 508 1420 536 ἐνταῦθα
1439 509 1466 535 δὲ
1485 509 1649 544 δριμυτέραν
1664 508 1760 534 ἑαυτοῦ
1779 510 1830 544 τὴν

1045 556 1144 583 κακίαν
1157 555 1351 586 ἐπιδείκνυται,
1374 556 1406 581 ἐκ
1418 554 1471 581 τῶν
1491 554 1563 581 ἔνδον
1577 554 1620 581 διὰ
1635 554 1688 580 τῶν
1702 554 1831 582 ἐναντίων

1046 603 1091 629 καὶ
1105 601 1232 637 ὀλεθρίων
1249 600 1344 628 ἑαυτοῦ
1355 599 1492 635 λογισμῶν
1503 599 1669 635 κινούμενος.

1078 692 1104 720 9.
1120 691 1176 719 οὐκ
1197 691 1357 727 ὲγοήτευσεν
1373 689 1457 725 αὐτῆς
1472 690 1502 716 τὸ
1523 690 1598 725 ὖμμα
1615 689 1737 724 ποικίλης
1749 688 1831 724 ἐσθῆ-

1044 745 1089 768 τος
1108 737 1174 771 ὑφὴί
1195 736 1253 762 οὐδὲ
1275 735 1355 762 λίθων
1375 735 1526 761 πολυτελῶν
1545 734 1659 770 διάφορα
1676 734 1808 770 χρώματα
1821 743 1828 750 ·

1044 783 1094 809 οὐκ
1107 782 1246 818 ἠπάτησεν
1260 782 1345 817 αὐτῆς
1358 781 1407 817 τὴν
1422 781 1506 815 ἀκοὴν
1520 780 1668 816 κύμϐαλον,
1682 781 1735 807 οὐδ’
1750 780 1831 812 αὐλὸς

1044 828 1167 856 διαλῦσαι
1185 827 1324 862 δεδύνηται
1340 827 1385 854 τὸν
1400 827 1450 862 τῆς
1463 826 1550 862 ψυχῆς
1566 826 1651 861 αὐτῆς
1669 826 1753 854 τόνον.
1773 827 1830 854 οὐκ

1046 872 1178 908 ἐμάλαξεν
1195 872 1278 908 αὐτὴν
1292 872 1393 905 γονέων
1409 871 1524 906 δάκρυα,
1537 871 1597 897 οὐδὲ
1611 871 1691 906 ἑτέρα
1709 879 1751 903 τις
1766 880 1831 906 συγ-

1044 917 1130 954 γενῶν
1147 918 1305 954 παραίνεσις
1318 926 1324 932 ’
1339 916 1394 944 ἀλλ’
1415 917 1508 952 ὥσπερ
1531 916 1670 951 ἀδάμαντα
1691 916 1737 942 τὸν
1758 916 1832 950 λογι-

1045 964 1112 999 σμὸν
1134 963 1242 998 ἔχουσα,
1263 963 1293 989 οὺ
1311 963 1471 998 παρετράπη
1493 962 1538 989 τὸν
1559 962 1640 989 νοῦν·
1666 962 1713 988 καὶ
1736 961 1830 998 ὥσπερ

1045 1009 1154 1045 θυρίδας
1180 1009 1228 1040 τὰς
1249 1009 1338 1040 πάσας
1359 1008 1499 1044 αἰσθήσεις
1522 1008 1606 1043 αὐτῆς
1631 1007 1828 1040 ἀποκλείουσα,

1045 1056 1083 1091 τῷ
1105 1056 1204 1091 ἑαυτῆς
1219 1056 1327 1091 νυμφίῳ
1348 1055 1504 1090 καταμόνας
1524 1054 1700 1090 προσωμίλει,
1715 1054 1744 1081 τδ
1763 1063 1830 1090 γρα-

1046 1103 1124 1137 φικὸν
1141 1103 1228 1129 έκεῖνο
1248 1102 1364 1136 λέγουσα
1376 1110 1384 1116 ·
1407 1101 1454 1134 Ὠς
1468 1101 1525 1136 ἐγὼ
1539 1099 1578 1133 τῷ
1598 1099 1746 1135 ἀδελφιδῷ
1759 1110 1829 1135 μου,

1046 1149 1094 1176 καὶ
1112 1150 1128 1176 ὁ
1149 1148 1311 1183 ἀδελφιδός
1327 1157 1387 1182 μου
1407 1148 1481 1182 ἐμοι.
1499 1147 1551 1174 Καὶ
1571 1148 1595 1173 εἰ
1617 1147 1665 1182 μὲν
1680 1147 1830 1179 καπνώδεις

1046 1195 1093 1222 καὶ
1116 1195 1249 1221 σκοτειναὶ
1269 1193 1372 1230 ὁμιλίαι
1396 1193 1534 1229 παρῆσαν,
1555 1193 1655 1225 ταύτας
1678 1193 1830 1227 ἀπέφευγε,

1046 1242 1102 1273 τοῖς
1125 1241 1197 1268 ένδον
1218 1240 1340 1276 ταμείοις
1360 1240 1410 1274 τῆς
1429 1240 1517 1275 ψυχῆς
1537 1239 1635 1274 ἑαυτὴν
1660 1239 1830 1273 συνάγουσα⁸

1046 1288 1111 1314 ὅπου
1124 1287 1152 1313 δὲ
1170 1287 1298 1321 φωτειναὶ
1310 1287 1356 1312 καὶ
1368 1285 1515 1319 ὲπωφελεῖς
1528 1284 1703 1320 παραινέσεις
1716 1283 1832 1318 ἐτύγχα-

1046 1341 1100 1365 νον,
1122 1334 1210 1359 πᾶσαν
1224 1331 1322 1366 ἑαυτῆς
1337 1331 1385 1366 τὴν
1401 1331 1516 1358 διάνοιαν
1538 1329 1622 1356 ἔτεινε
1645 1329 1713 1365 πρὸς
1735 1329 1831 1356 ὑποδο-

1047 1378 1096 1415 χὴν
1109 1378 1162 1404 τῶν
1178 1377 1340 1412 λεγομένων.

1083 1424 1127 1451 10.
1145 1424 1201 1450 Οὐκ
1219 1423 1314 1458 ἡμέλει
1333 1422 1362 1449 δὲ
1381 1422 1428 1449 καὶ
1448 1421 1495 1448 τοῦ
1510 1420 1580 1448 κατὰ
1595 1421 1626 1447 τὸ
1646 1420 1724 1456 σῶμα
1744 1427 1831 1456 σωτη-

1049 1469 1106 1506 ρῐου
1127 1468 1286 1505 φαρμάκου·
1300 1468 1350 1502 τήν
1363 1475 1392 1493 τε
1404 1466 1458 1502 γὰρ
1470 1466 1597 1502 νηστείαν
1611 1465 1696 1498 οὕτως
1717 1464 1772 1501 εἶχε
1786 1465 1831 1500 φι-

1047 1516 1107 1552 λην,
1123 1515 1160 1547 ὡς
1176 1514 1278 1551 μηδένα
1291 1513 1358 1548 αὐτῇ
1374 1512 1428 1538 τῶν
1450 1511 1590 1547 παρόντων
1605 1511 1661 1538 ἴσον
1677 1511 1830 1546 τυγχάνειν.

215 1558 304 1586 stodia
331 1558 457 1590 habebat,
490 1563 517 1586 et
549 1567 598 1594 pro
628 1559 805 1587 fundamento
838 1564 995 1588 ceterorum

1049 1561 1171 1596 Φυλακὴν
1184 1560 1237 1596 γὰρ
1252 1559 1299 1586 καὶ
1311 1558 1434 1594 θεμέλιον
1445 1557 1546 1593 ταύτην
1560 1556 1718 1592 ἡγεῖτο¹τῶν
1732 1556 1830 1583 ἄλλων.

215 1605 346 1632 omnium.
363 1606 401 1632 Ac
421 1605 444 1632 si
467 1605 578 1640 quando
599 1607 763 1634 necessitate
783 1610 896 1640 cogente
918 1609 997 1634 extra

215 1655 374 1678 consuetam
391 1651 485 1678 horam
503 1650 604 1686 aliquid
625 1643 745 1678 alimenti
761 1656 891 1683 sumeret,
918 1659 997 1679 secus

216 1696 255 1723 illi
282 1704 314 1723 ac
337 1697 543 1724 comedentibus
569 1697 709 1724 accidebat
730 1706 736 1724 :
757 1697 871 1732 pallehat
899 1698 998 1732 quippe

217 1742 318 1773 vultus,
337 1743 516 1777 corporisque
532 1743 617 1768 moles
641 1743 825 1770 minuebatur.
846 1743 912 1769 Nam
936 1750 996 1769 mo-

217 1792 297 1816 vente
311 1790 484 1819 contristato,
506 1796 557 1815 una
581 1789 777 1816 imnmtaturet
798 1789 947 1823 languescit
971 1789 997 1815 id

217 1835 291 1870 quod
307 1839 449 1867 movetur;
463 1835 584 1870 quolibet
601 1835 672 1862 enim
685 1835 765 1862 modo
780 1835 942 1870 principium
957 1835 997 1862 af-

219 1880 318 1908 l‘ectu-m
332 1880 423 1911 fuerit,
441 1888 501 1915 quae
513 1888 544 1907 ex
559 1880 604 1907 illo
614 1881 731 1915 pendent
746 1881 803 1915 pari
817 1879 920 1908 ratione
934 1881 998 1907 sub-

220 1930 379 1960 sequuntur.
405 1925 510 1958 Quibus
532 1933 648 1959 namque
669 1926 777 1953 oblatus
811 1926 888 1953 cibus
920 1926 997 1952 volu-

221 1971 286 2006 ptati
302 1975 354 2003 εει,
371 1971 404 1997 iis
417 1975 526 2005 vegetus
542 1971 664 2006 corporis
681 1971 789 1999 habitus
803 1976 861 1999 est:
875 1971 921 2006 qui
932 1979 998 1999 con—

221 2023 262 2044 tra
277 2016 376 2047 allecti,
392 2017 426 2043 iis
448 2024 513 2043 caro
534 2017 620 2044 macie
642 2017 766 2044 confecta
788 2021 814 2044 et
837 2018 926 2044 tenuis
944 2021 996 2044 est.

220 2061 282 2089 Mihi
314 2062 434 2096 l0quenti
458 2061 537 2089 (idem
569 2061 672 2089 faciunt
696 2062 805 2089 inﬁrmi.
830 2062 892 2090 Haec
915 2063 998 2098 igitur

219 2110 296 2136 hcata
317 2107 400 2143 Virgo
416 2116 478 2135 cum
501 2108 644 2143 elanguinlo
663 2116 723 2136 esse
749 2117 861 2144 corpore
879 2113 997 2141 curaret,

218 2155 315 2181 anima:
329 2155 447 2189 vigerent
462 2154 634 2188 praeferebat,
644 2154 724 2189 idque
735 2155 811 2188 juxta
822 2154 942 2189 Apostoli
954 2155 996 2181 di-

217 2203 290 2226 ctum
306 2209 312 2226 :
327 2199 432 2232 Quanto
449 2200 470 2226 is
486 2200 531 2233 qui
548 2199 614 2234 faris
629 2206 666 2226 est
683 2204 771 2227 uester
786 2200 862 2227 homo
878 2209 998 2227 corrum-

216 2246 299 2279 pitur.
314 2250 388 2272 tanta
405 2246 426 2272 is
447 2246 492 2280 qui
507 2246 577 2272 imus
592 2251 641 2277 est,
660 2250 798 2273 renovatur
809 2246 841 2272 ⁵ο.
860 2245 898 2272 Ita
913 2246 996 2281 igitur

215 2290 349 2325 ejusmodi
367 2295 505 2318 certamen
529 2291 613 2317 inibat
629 2295 657 2318 ut
678 2291 748 2325 vulgi
764 2292 853 2319 oculis
872 2292 976 2320 lateret.

251 2337 296 2363 Η.
315 2336 460 2371 Postquam
473 2344 537 2364 vero
547 2341 671 2371 parentes
683 2337 742 2372 ejus
751 2338 829 2365 linem
843 2338 948 2365 vivendi
959 2337 997 2366 fe-

215 2383 434 2418 cerant,majore
452 2383 498 2411 Dei
514 2384 632 2418 impulsu
652 2388 784 2419 permota,
805 2393 881 2412 suam
902 2393 994 2413 secum

215 2429 299 2456 sumit
309 2437 441 2462 sororem,
453 2437 513 2464 qua;
527 2434 585 2457 erat
597 2438 694 2464 expers
709 2431 849 2458 oculorum
862 2440 934 2459 usu:
952 2439 996 2459 re-

216 2475 333 2510 lictaque
352 2479 463 2510 paterna
484 2476 564 2504 domo
580 2477 606 2503 in
631 2477 826 2512 consanguinei
852 2477 995 2511 cujusdam

215 2526 419 2550 monumentum
435 2521 585 2557 ingreditur
600 2523 634 2549 ab
646 2523 711 2549 urbe
722 2527 865 2555 remotum,
879 2530 996 2558 cumque
1020 2528 1024 2532 ‘

215 2567 265 2594 sibi
287 2568 380 2595 relicta
396 2568 478 2600 bona,
494 2568 601 2595 vendita
621 2569 786 2603 pauperibus
798 2569 994 2599 distribuisset,

215 2613 302 2640 accito
313 2613 430 2648 quodam
444 2614 612 2650 presbytero,
620 2623 723 2641 comam
735 2615 786 2642 sibi
799 2615 896 2650 capilis
905 2619 996 2642 toton-

215 2658 264 2684 dit.
290 2658 369 2686 Tunc
398 2663 525 2686 ornatum
549 2668 656 2687 omnem
678 2664 704 2688 et
728 2660 859 2687 mundum
880 2661 994 2695 abjecit;

215 2703 304 2732 solent
317 2705 390 2732 enim
408 2706 548 2738 mulieres,
565 2708 697 2733 mundum
716 2707 851 2742 appellare
872 2707 994 2742 capillos.

250 2783 272 2799 "
293 2783 371 2810 Cant.
392 2792 428 2817 ιι,
447 2785 490 2812 l6.
529 2785 551 2800 °°
573 2783 593 2811 ll
609 2784 672 2812 Cor.
692 2792 728 2816 IV,
747 2784 789 2812 l6.

1048 1609 1102 1636 Καὶ
1121 1607 1148 1634 εἴ
1171 1615 1236 1634 ποτε
1258 1606 1380 1640 ἀνάγκης
1405 1603 1553 1639 γενομένης
1574 1603 1648 1638 παρὰ
1667 1603 1711 1629 τὸν
1729 1602 1832 1638 συνήθη

1048 1653 1141 1688 καιρὸν
1156 1651 1271 1687 ἐτράφη,
1287 1650 1319 1677 τὸ
1330 1649 1449 1677 ἐναντίον
1465 1648 1593 1683 ὑφίστατο
1605 1649 1661 1679 τοῖς
1678 1647 1811 1674 ἐσθίουσιν
1822 1655 1830 1662 ·

1047 1699 1133 1735 ὠχρία
1147 1698 1200 1734 γὰρ
1215 1698 1297 1732 αὐτῆς
1313 1696 1343 1723 τὸ
1357 1694 1510 1731 πρόσωπον,
1522 1694 1569 1721 καὶ
1584 1694 1745 1720 συνέπιπτεν
1757 1694 1772 1719 ὁ
1784 1692 1831 1719 τοῦ

1049 1745 1173 1780 σώματος
1185 1744 1281 1778 ὂγχος·
1297 1742 1344 1769 τοῦ
1362 1742 1414 1777 γὰρ
1431 1741 1567 1772 κινοῦντος
1578 1740 1759 1775 ἀηδισθέντος,
1774 1747 1832 1765 συν-

1048 1789 1199 1817 αλλοιοῦται
1217 1790 1263 1816 καὶ
1277 1789 1308 1815 τὸ
1322 1788 1488 1823 κινούμενον.
1507 1787 1599 1818 Ὅπως
1613 1786 1667 1821 γὰρ
1681 1785 1712 1812 ἂν
1727 1787 1743 1820 ἡ
1758 1785 1830 1821 ἀρχὴ

1047 1835 1166 1870 διατεθῇ.
1184 1835 1221 1865 ὡς
1236 1834 1335 1862 ἐπίπαν
1355 1833 1495 1860 ἀκολουθεῖ
1505 1832 1589 1868 ταύτῃ
1606 1833 1654 1859 καὶ
1668 1832 1701 1858 τὰ
1717 1833 1748 1858 ὲκ
1764 1831 1830 1858 ταύ-

1047 1891 1095 1917 της
1109 1881 1258 1917 ὴρτημὲνα.
1271 1878 1317 1912 Οἷς
1335 1880 1383 1916 μὲν
1396 1880 1449 1916 γὰρ
1465 1879 1482 1914 ἡ
1497 1879 1581 1915 τροφὴ
1594 1879 1641 1905 καὶ
1653 1878 1745 1914 ήδονὴν
1759 1877 1832 1912 γίνε-

1047 1935 1090 1953 ται
1105 1926 1150 1953 καὶ
1170 1926 1361 1962 προσφέρεται,
1380 1925 1494 1960 εὐθαλὴς
1514 1926 1528 1951 ό
1549 1924 1596 1950 τοῦ
1612 1924 1735 1959 σώματος
1749 1923 1832 1957 ὄγκος

1047 1973 1139 1999 ἐστίν·
1161 1971 1202 2004 οἷς
1224 1971 1252 1998 δὲ
1272 1972 1303 1998 τὸ
1324 1972 1442 1998 ἐναντίον
1466 1969 1617 2005 ωμῦαίνει,
1642 1970 1758 2005 ἄτροφος
1783 1969 1832 1995 καὶ

1047 2018 1131 2054 λεπτὴ
1146 2020 1162 2053 ὴ
1179 2017 1245 2053 σὰρξ
1256 2017 1391 2052 τυγχάνει.
1408 2015 1582 2052 Μαρτυροῦσι
1596 2015 1624 2042 δέ
1639 2024 1688 2050 μου
1704 2014 1741 2049 τῷ
1760 2014 1832 2050 λόγῳ

1047 2065 1072 2092 οι
1089 2064 1233 2100 ἄρρωστοι.
1243 2064 1274 2090 Ἡ
1287 2063 1351 2097 γοῦν
1367 2062 1489 2098 μακαρία
1502 2060 1581 2096 αὕτη,
1595 2060 1750 2096 νοσηλεύειν
1768 2068 1830 2086 πει-

1049 2110 1157 2146 ρωμένη
1173 2110 1203 2136 τὸ
1218 2109 1306 2144 σῶμα,
1325 2110 1357 2144 τῇ
1373 2109 1445 2144 ψυχῇ
1467 2108 1497 2134 τὸ
1517 2107 1628 2138 εὖανθὲς
1647 2107 1742 2142 ἔφερε·
1759 2106 1831 2133 κατὰ

1048 2157 1101 2191 γὰρ
1115 2156 1159 2182 τὸν
1181 2155 1338 2181 Ἀπόστολον
1354 2154 1466 2188 λέγοντα
1482 2153 1612 2189 ἔπραττεν
1624 2161 1630 2168 ⁸
1650 2153 1727 2185 "Ocni
1741 2152 1794 2188 γὰρ
1814 2154 1831 2179 ὁ

1048 2202 1158 2234 ἔξωθεν
1177 2200 1260 2235 ἡμῶν
1273 2200 1426 2234 ἅνθρωπος
1448 2200 1604 2234 φθείρεται,
1619 2197 1711 2233 φησὶν,
1724 2197 1831 2224 τοσοῦ-

1050 2257 1101 2274 τον
1115 2249 1131 2274 ὁ
1144 2247 1233 2274 ἔνδον
1248 2247 1469 2274 ἀνακαινοῦται.
1490 2246 1568 2272 Οὖτω
1595 2245 1642 2280 μὲν
1662 2242 1707 2271 οὗν
1724 2243 1831 2279 ὲνήθλει

1048 2293 1213 2321 λανθάνουσα
1226 2294 1287 2325 τοὺς
1299 2292 1420 2324 πολλοὺς.

1085 2341 1126 2367 Η.
1145 2341 1209 2367 ’Ότε
1224 2339 1252 2366 δὲ
1267 2340 1290 2366 οἱ
1309 2340 1397 2373 γονεῖς
1411 2339 1494 2373 αὐτῆς
1515 2338 1589 2369 τέλος
1605 2336 1683 2371 ἔσχον
1698 2335 1744 2362 τοῦ
1760 2335 1830 2370 βίου,

1049 2386 1094 2412 ὲπὶ
1116 2386 1206 2412 πλεῖον
1229 2385 1422 2420 θεοφορηθεῖσα
1442 2385 1497 2419 (77)
1518 2383 1556 2418 τῷ
1579 2382 1642 2417 οείῳ
1665 2380 1830 2417 φρονήματι,

1048 2431 1179 2466 λαμὸάνει
1195 2431 1242 2457 καὶ
1260 2431 1308 2466 τὴν
1323 2429 1436 2465 ἀδελφὴν
1454 2429 1511 2464 μεθ’
1528 2427 1638 2462 ἑαυτῆς·
1653 2424 1686 2462 ἦν
1700 2425 1754 2460 γὰρ
1769 2433 1833 2451 στε-

1049 2476 1161 2513 ρηθεῖσα
1173 2476 1226 2503 τῶν
1238 2476 1336 2510 ὄψεων·
1351 2476 1398 2502 καὶ
1409 2475 1463 2502 τῶν
1477 2474 1525 2509 μὲν
1539 2473 1671 2508 πατρῴων
1682 2471 1764 2498 οἴκων
1778 2480 1833 2506 χω-

1049 2523 1167 2560 ρίζεται·
1186 2524 1225 2554 εἰς
1241 2523 1269 2549 δέ
1282 2531 1353 2551 τινος
1367 2519 1511 2554 συγγενοῦς
1528 2519 1613 2553 αὐτῆς
1633 2519 1748 2553 ήρωεῖον
1775 2517 1831 2542 ἀπ-

1048 2570 1199 2605 ῳκισμένον
1211 2569 1259 2603 τῆς
1277 2568 1377 2598 πόλεως
1398 2566 1547 2599 κατάγεται
1560 2573 1566 2580 ⁸
1581 2564 1628 2590 καὶ
1636 2562 1831 2597 διαπωλήσασα

1050 2618 1138 2643 πᾶσαν
1151 2615 1199 2650 τὴν
1221 2613 1444 2647 καταλειφθεῖσαν
1459 2612 1527 2646 αὑτῇ
1543 2610 1646 2641 οὐσίαν,
1662 2609 1707 2636 καὶ
1724 2608 1833 2635 διανεί-

1051 2669 1123 2695 μασα
1139 2662 1194 2691 τοῖς
1210 2659 1316 2694 πένησι,
1339 2656 1579 2692 προσκαλεσαμένη
1602 2654 1663 2682 τινὰ
1685 2653 1739 2681 τῶν
1764 2661 1832 2688 πρε-

1051 2706 1197 2740 σϐυτέρων,
1219 2704 1354 2739 ἀπέτεμεν
1375 2703 1474 2738 ἑαυτῆς
1492 2702 1555 2734 τοὺς
1573 2700 1740 2736 πλοκάμους.
1761 2698 1830 2727 Τίτε

1015 2233 1034 2260 b

251 2860 307 2896 (77)
331 2860 376 2887 Sic
405 2862 521 2889 ()otelcr.
552 2862 697 2890 Combclis.
727 2869 789 2890 vero
811 2860 1054 2897 κορυϐαντιὰσασα.
