1919 3064
151 91 161 117 1
168 90 218 120 ιῦὅ

713 92 792 120 Vl'l'A
809 91 954 120 SANCTIE
977 91 1214 119 SYNCLETICIE.

1700 91 1768 120 “94

122 164 136 209 ⁵
149 149 198 185 τὴν
213 150 302 176 πᾶσαν
323 157 455 185 κόσμησιν
471 149 587 177 ἀπέθετο
597 159 603 165 ·
619 151 678 182 ἔθος
693 152 746 188 γὰρ
758 154 816 184 ταῖς
829 151 932 187 γυναιξὶ

149 196 250 209 -.Δ-...ιιι
266 196 358 209 ..-λλ-ιτ..
371 196 420 209 -.ὶ...
436 197 515 209 _-.’....
548 197 683 209 \‘J..£-\_..
698 198 722 209 ex
737 196 759 209 I,
799 199 808 209 3
831 208 847 209 η
880 199 923 209 I,,,

988 151 1099 186 Signum
1120 156 1209 179 autem
1224 151 1289 178 illud
1300 156 1368 184 erat,
1381 151 1502 179 animum
1514 151 1573 187 ejus
1584 151 1657 179 omni
1673 159 1769 187 super-

988 197 1089 209 11.1....
1110 207 1222 209 _.__,s,.,.
1250 207 1277 209 -4
1296 207 1391 209 ,_,._,_s
1422 199 1464 209 Am,
1488 204 1493 209 .
1526 208 1539 209 η
1570 200 1582 209 ι-
1601 201 1607 206 ·
1646 208 1649 209 ν
1691 199 1711 209 m

128 196 136 233 ξ’
149 196 250 231 κόσμον
266 196 358 223 καλεῖν
371 196 420 232 τὴν
436 197 527 231 τρίχα.
548 197 683 232 Σύμϐολον
696 198 723 224 δὲ
735 196 769 234 ἦν
781 199 811 225 τὸ
831 199 937 234 γινόμε-

148 252 192 270 νον
212 242 259 269 τοῦ
284 243 428 278 ἀπέριττον
454 244 500 270 καὶ
524 243 646 280 καθαρὰν
671 244 719 280 τὴν
746 245 834 280 ψυχὴν
853 245 937 278 αὐτῆς

148 288 323 323 γεγενῆσθαι.
345 288 409 315 Τότε
427 289 475 324 μὲν
490 287 535 316 οὖν
553 290 658 325 πρῶτον
679 289 781 326 ἠξιώθη
797 291 846 326 τῆς
867 299 936 325 παρ-

149 334 258 369 θενικῆς
273 335 469 370 προσηγορίας.

186 379 229 406 12.
246 380 339 406 Πᾶσαν
357 380 384 405 δὲ
403 380 452 415 τὴν
471 379 565 406 οὐσίαν
580 380 664 415 αὐτῆς
680 382 736 412 τοῖς
749 381 866 416 πτωχοῖς
879 380 936 407 δια-

150 426 276 461 νείμασα,
293 425 369 459 ἔλεγε
380 434 387 441 ·
404 425 529 459 Μεγάλου
546 425 594 460 μὲν
607 425 725 460 ἡξίωμαι
744 426 871 461 ὀνόματος
883 434 890 441 θ
904 426 936 452 Τί

149 472 177 498 δὲ
196 471 377 498 ἀνταποδώσω
402 469 511 503 ἐπάξιον
527 469 564 506 τῷ
589 471 783 506 δωρησαμένῳ,
800 471 849 497 οὐκ
872 470 934 506 ἔχω.

150 517 181 543 Et
194 516 248 552 γὰρ
261 516 307 543 ἐπὶ
321 516 375 543 τῶν
390 516 467 547 ἐκτὸς
483 517 663 552 πραγμάτων,
673 516 766 544 ἓνεκεν
782 516 936 551 ἀξιώματος

151 561 280 596 φθαρτοῦ,
290 562 378 588 πᾶσαν
384 562 488 590 ἑαυτῶν
499 562 548 598 τὴν
558 562 650 589 οὐσίαν
659 563 848 589 ἀποϐάλλουσι·
863 564 936 599 πόσῳ

153 607 252 642 μᾶλλον
268 607 330 642 ἐμὲ,
349 607 482 643 τοσαύτης
499 607 659 639 ἀξιωθεῖσαν
673 608 791 643 χάριτος,
810 608 859 634 οὐκ
883 608 936 642 ἄρα

151 644 204 679 ἔδει
229 653 297 688 μετὰ
317 653 370 680 τῶν
392 653 576 688 νομιζομένων
597 654 773 689 ὑπαρχόντων
793 653 936 689 προδοῦναι

150 701 197 727 καὶ
218 699 248 726 τὺ
271 699 366 735 σῶμα;
390 699 422 726 Τί
444 699 472 725 δὲ.
495 699 567 734 λέγω
592 700 716 735 κτήματα
740 700 756 735 ἦ
777 700 856 735 σῶμα
878 699 937 725 δοῦ-

149 755 204 779 ναι,
225 746 332 773 πάντων
354 745 436 772 αὑτοῦ
457 746 649 781 ὑπαρχόντων;
677 745 731 772 Τοῦ
753 745 806 780 γὰρ
824 745 934 778 Κυρίου

149 793 168 826 ἡ
190 791 228 826 γῆ
246 792 295 818 καὶ
311 791 344 818 τὸ
361 790 506 825 πλήρωμα
520 789 624 824 αὐτῆς.
637 789 686 816 Διὰ
700 789 801 815 τούτων
820 790 867 824 μὲν
883 789 936 816 τῶν

149 838 233 872 λόγων
255 837 305 872 τὴν
329 835 575 871 ταπεινοφροσύνην
598 834 841 870 ἐγκομϐωσαμένη,
864 835 928 870 ἡσύ-

148 884 240 920 χαξιν.

184 931 227 958 15.
244 929 297 958 τΗν
325 930 373 966 μὲν
398 927 444 957 οὖν
467 930 514 957 καὶ
541 931 569 956 ἐν
592 931 652 961 ταῖς
669 930 814 965 πατρικαῖς
837 929 930 959 αὐλαῖς

150 978 250 1009 ἱκανῶς
266 976 505 1012 προγυμνασθεῖσα
521 977 576 1008 τοῖς
591 977 696 1008 πόνοις·
712 975 758 1001 καὶ
775 976 803 1001 ὲν
818 975 886 1010 αὐτῇ
902 974 930 1000 δὲ

149 1024 181 1058 τῇ
203 1024 278 1059 ἀκμῇ
295 1022 341 1050 τοῦ
361 1023 466 1050 σταδίου
483 1023 606 1058 ἀχθεῖσα,
625 1022 774 1058 προέκοπτε
796 1023 854 1052 ταῖς
867 1022 931 1056 ἀρε-

149 1071 218 1101 ταῖς.
234 1069 310 1096 Ὅσοι
326 1069 374 1104 μὲν
388 1067 433 1096 οὖν
445 1069 625 1104 ἀγυμνάστως
639 1069 685 1095 καὶ
698 1068 840 1099 ἀσκέπτως
853 1075 932 1102 προσ-

151 1113 230 1148 ῆλθον
246 1112 285 1148 τῷ
308 1113 372 1148 θείῳ
388 1113 475 1148 τούτῳ
496 1113 645 1148 μυστηρίῳ,
663 1113 797 1147 ἀπέτυχον
817 1111 864 1138 τοῦ
885 1111 932 1147 ζησ

150 1158 291 1193 τουμένου,
319 1158 356 1194 μὴ
380 1157 621 1194 προθεωρῆσαντες
648 1158 682 1184 τὰ
711 1157 772 1185 καθ’
801 1158 930 1184 ἕκαστον

151 1204 244 1239 ὥσπερ
259 1204 286 1231 δὲ
302 1205 325 1231 οἱ
340 1205 488 1240 ὁδοιπορεῖν
506 1204 645 1240 μέλλοντες
665 1204 718 1231 τῶν
734 1204 845 1239 ἐφοδίων
859 1204 932 1239 πρῶ-

151 1257 197 1275 τον
216 1249 418 1284 φροντίζουσιν,
439 1249 524 1280 οὕτως
539 1249 585 1276 καὶ
604 1249 684 1284 αὕτη,
705 1249 798 1284 ὥσπερ
819 1249 934 1283 ἐφοδίοις

153 1295 261 1330 ἑαυτὴν,
282 1296 338 1327 τοῖς
360 1294 444 1321 πάλαι
464 1296 553 1326 πόνοις
571 1295 763 1330 εὐτρεπίσασα,
783 1295 869 1327 ἀδεῶς
885 1295 934 1330 τὴν

153 1341 198 1366 ἐπὶ
226 1340 260 1367 τὰ
285 1340 341 1367 ἄνω
367 1340 477 1376 πορείαν
500 1341 665 1376 ἐποιήσατο·
685 1340 719 1367 τὰ
749 1340 803 1375 γὰρ
830 1341 870 1371 είς
889 1339 934 1366 τὸν

153 1386 324 1422 ἀπαρτισμὸν
346 1386 396 1421 τῆς
416 1386 502 1418 οἰκίας
526 1386 743 1422 προαποθεμένη,
766 1385 934 1421 ὀχυρώτατον

153 1432 198 1458 τὸν
212 1432 309 1467 ἑαυτῆς
331 1431 446 1464 ἑξετέλει
466 1432 578 1467 πύργον.
601 1432 656 1459 Καὶ
671 1433 701 1458 τὸ
717 1432 765 1468 μὲν
785 1431 846 1458 καθ’
864 1433 935 1458 ἰστο-

155 1479 215 1514 ρίαν
240 1478 294 1505 τῶν
319 1479 474 1514 οἰκημάτων
497 1479 601 1514 ποίημα
615 1479 647 1505 ὲκ
670 1479 724 1505 τῶν
746 1478 844 1512 ἔξωθεν
866 1478 935 1504 ὑλῶν
950 1492 970 1521 c

152 1524 382 1557 κατασκευάζεται
392 1534 399 1540 ·
413 1525 481 1561 αὕτη
495 1525 523 1551 δὲ
538 1525 568 1551 τὸ
586 1525 704 1552 ὲναντίον
722 1525 885 1560 πεποίηκεν·
902 1525 932 1551 οὐ

153 1571 207 1606 γὰρ
226 1571 274 1602 τὰς
290 1571 389 1603 ἔξωθεν
409 1571 474 1602 ὕλας
494 1572 656 1607 συνήγαγεν,
678 1571 745 1598 ἀλλὰ
765 1572 862 1606 μᾶλλον
885 1571 934 1603 τὰς

153 1616 253 1643 ἔσωθεν
274 1617 399 1644 ἐκένωσε.
416 1617 455 1644 Τὰ
478 1617 531 1653 γὰρ
548 1618 674 1653 χρήματα
695 1618 792 1653 ἑαυτῆς
809 1617 934 1644 διοιδοῦσα

152 1665 207 1695 τοῖς
217 1663 324 1699 πένησι,
336 1664 382 1690 καὶ
393 1664 579 1691 καταλιποῦσα
590 1663 673 1700 ὀργὴν
683 1664 729 1691 καὶ
742 1664 933 1700 μνησικακίαν,

153 1709 319 1744 ἀπωσαμένη
334 1709 362 1736 δὲ
375 1710 422 1736 καὶ
437 1710 531 1744 φθόνον
543 1709 589 1736 καὶ
606 1709 764 1743 φιλοδοξίαν,
777 1709 934 1744 ᾠκοδόμησε

152 1753 200 1788 τὴν
213 1754 302 1780 οἰκίαν
324 1754 421 1789 ἑαυτῆς
440 1754 486 1780 ἐπὶ
508 1754 556 1789 τὴν
576 1753 686 1790 πέτραν,
704 1751 736 1788 ἦς
758 1753 908 1789 περιφανὴς
920 1754 934 1780 ὁ

153 1800 256 1835 πύργος
273 1800 320 1828 καὶ
332 1800 495 1835 ἀχείμαστος
509 1801 524 1835 ἡ
542 1800 625 1828 οἰκία.

190 1845 232 1872 M.
252 1846 306 1872 Καὶ
320 1845 347 1872 τί
369 1845 453 1872 πολλὰ
468 1845 558 1880 λέγω;
575 1845 735 1881 ὐπερέϐαινε
751 1844 804 1881 γὰρ
823 1845 866 1872 διὰ
880 1845 933 1872 τῶν

153 1890 243 1925 ἀρχῶν
258 1891 365 1923 καὶτὰς
384 1892 412 1917 ἐν
424 1891 478 1923 ἔξει
498 1890 545 1917 τοῦ
568 1891 699 1926 μονήρους
717 1891 772 1925 βίου
786 1890 934 1925 τυγχανού-

153 1945 210 1967 σας.
228 1936 331 1972 ’Ὥσπερ
345 1936 398 1972 γὰρ
413 1936 446 1963 τὰ
460 1937 628 1972 εὐφυέστατα
643 1936 696 1963 τῶν
711 1935 833 1968 παιδίων,
849 1936 889 1962 ἔτι
905 1936 933 1963 ὲν

151 1985 210 2015 ταῖς
225 1983 368 2015 συλλαὸαῖς
386 1982 459 2015 ὄντα,
477 1983 642 2018 ἁμιλλῶνται
655 1984 711 2014 τοῖς
729 1983 758 2009 ὲν
779 1983 870 2018 ἡλικίᾳ
885 1983 932 2009 καὶ

152 2030 235 2056 πλείω
259 2029 353 2065 χρόνον
375 2029 465 2064 ἔχουσι
491 2029 566 2065 παρὰ
585 2031 640 2061 τοῖς
657 2029 838 2060 διδασκάλοις·
862 2028 932 2056 οὕτω

151 2076 196 2102 καὶ
213 2075 291 2110 αὕτη,
309 2075 406 2108 ζέουσα
425 2075 463 2111 τῷ
476 2076 620 2110 πνεύματι,
638 2075 788 2111 παρέτρεχε
807 2075 855 2107 τὰς
876 2075 932 2101 λοιο

150 2122 212 2153 πάς.

987 197 1092 226 ﬂuitate
1110 207 1225 226 vacuum
1248 207 1279 226 ac
1296 207 1394 234 purum
1418 199 1543 227 effectum
1570 200 1666 228 fuisse.
1691 199 1768 229 Tunc

987 249 1078 273 autem
1089 246 1206 281 primum
1221 246 1336 281 virginis
1352 246 1532 281 appellatione
1553 246 1662 282 dignata
1679 251 1729 275 est.

1024 377 1067 405 12.
1087 377 1235 412 Postquam
1251 378 1394 407 facultates
1411 387 1474 407 suas
1487 381 1654 416 pauperibus
1673 389 1767 417 eroga-

988 426 1073 454 verat,
1090 423 1145 450 ait:
1163 423 1259 458 Magno
1279 424 1457 452 coltoncstata
1483 433 1543 452 sum
1561 425 1686 454 nomine:
1701 427 1766 462 quid

988 470 1078 493 autem
1094 475 1144 503 pro
1159 469 1256 495 merito
1277 469 1442 497 benefactori
1464 471 1608 505 rependam
1629 479 1683 498 non
1699 480 1766 506 sup-

987 512 1062 546 petit.
1079 513 1147 539 Nam
1163 514 1185 541 si
1202 514 1229 540 in
1241 515 1362 543 externis
1372 516 1464 550 rebus,
1477 517 1662 552 corruptibilis
1677 518 1767 555 digni-

988 559 1053 585 tatis
1068 566 1162 593 causa,
1176 559 1294 588 fortunae
1306 569 1400 589 omnes
1415 562 1586 596 amittuntur,
1598 569 1700 599 quanto
1708 572 1767 591 rna-

986 604 1027 638 gis
1040 612 1082 631 me
1098 608 1172 633 tanta
1195 605 1321 633 donatam
1335 607 1432 642 gratia,
1450 608 1528 635 decet
1551 609 1636 644 ipsum
1655 617 1765 644 corpus,

987 656 1047 675 cum
1064 649 1106 677 his
1123 650 1202 678 bonis
1218 651 1258 687 (ut
1282 653 1422 688 putantur)
1449 654 1573 681 tradere?
1588 655 1656 688 Quid
1675 660 1764 683 autem

987 695 1048 721 dico
1060 695 1204 724 facultates
1213 701 1239 724 et
1250 704 1350 732 corpus
1360 698 1486 733 ipsidari.
1497 700 1575 734 cujus
1585 705 1648 727 sunt
1658 701 1766 728 omnia?

987 739 1064 768 Nam.
1085 741 1192 769 Domini
1214 747 1253 770 est
1274 748 1345 771 terra
1356 749 1380 771 et
1405 745 1539 779 plenitudo
1552 746 1607 781 ejus
1623 746 1655 774 ⁶¹.
1680 747 1766 782 Atque

988 797 1035 823 per
1052 789 1108 817 lucc
1121 791 1210 822 verba,
1227 791 1404 820 humilitatem
1420 793 1526 829 adepta,
1543 794 1659 829 quieten‘.
1679 799 1706 822 et
1722 803 1766 823 so—

987 835 1102 862 litariam
1119 837 1173 871 egit
1193 837 1286 864 vitam.

1021 924 1064 951 15.
1088 931 1114 952 tn
1132 931 1252 960 paternis
1269 935 1334 955 sane
1351 929 1465 962 aedibus,
1479 929 1535 964 jam
1554 934 1616 957 ante
1635 938 1688 957 non
1707 937 1765 957 mo-

985 970 1073 997 dicam
1098 973 1339 1002 exercitationibus
1362 983 1472 1010 operam
1495 976 1617 1008 dederat,
1648 981 1766 1011 tuncque

986 1016 1013 1043 in
1030 1018 1111 1044 stadii
1129 1018 1247 1046 medium
1261 1024 1331 1053 acta,
1347 1022 1492 1050 virtutibus
1505 1023 1673 1057 proﬁciebat.
1690 1023 1765 1050 Con-

984 1066 1026 1090 tra
1039 1072 1103 1091 vero
1114 1069 1246 1100 quotquot
1260 1066 1361 1101 absque
1370 1068 1565 1096 exercitatione
1576 1073 1602 1097 et
1613 1070 1765 1106 incogitan-

985 1110 1039 1136 tius
1054 1110 1087 1136 ad
1104 1111 1154 1138 hoc
1170 1111 1292 1139 divinum
1307 1114 1465 1149 mysterium
1482 1115 1623 1148 accedunt,
1635 1124 1650 1143 a
1663 1125 1764 1152 propo-

986 1155 1038 1182 sito
1060 1156 1200 1188 excidunt,
1217 1158 1281 1192 quia
1303 1159 1395 1187 animo
1415 1160 1522 1195 singula
1544 1169 1597 1188 non
1624 1169 1765 1197 prospexe-

986 1204 1057 1228 rant.
1083 1201 1117 1229 At
1138 1202 1194 1234 illa,
1214 1204 1439 1238 quemadmodum
1465 1205 1511 1240 qui
1529 1206 1580 1234 iter
1599 1208 1762 1242 suscipiunt.

987 1246 1113 1274 viaticum
1127 1249 1215 1283 primo
1228 1249 1278 1276 sibi
1287 1250 1437 1284 provident,
1450 1251 1485 1278 ita
1494 1259 1542 1279 ceu
1555 1252 1662 1284 viatico,
1677 1253 1765 1288 pristi-

987 1292 1030 1320 nis
1049 1292 1189 1321 laboribus
1208 1295 1367 1326 exercitata.
1383 1300 1461 1323 caute
1475 1296 1558 1331 618
1568 1301 1594 1324 et
1605 1304 1700 1325 secure
1714 1298 1765 1325 iter

988 1337 1021 1364 ad
1036 1345 1154 1373 superna
1170 1339 1294 1374 ingressa
1309 1344 1350 1368 est
1363 1350 1370 1368 :
1383 1342 1542 1376 praeparatis
1561 1343 1661 1379 quippe
1678 1344 1765 1371 omni-

988 1383 1038 1410 bus
1049 1391 1109 1418 quae
1124 1388 1215 1411 essent
1230 1385 1263 1412 ad
1277 1387 1469 1414 exstruendam
1487 1387 1596 1416 domum
1612 1388 1688 1422 satis,
1705 1397 1766 1416 mu-

989 1429 1152 1457 nitissimam
1167 1431 1262 1458 turrim
1278 1432 1330 1459 sibi
1346 1433 1471 1461 absolvit.
1481 1433 1557 1469 Quod
1569 1438 1674 1469 spectat
1692 1436 1765 1463 enim

989 1474 1085 1501 aedium
1099 1479 1275 1510 structuram,
1291 1482 1401 1505 externa
1416 1479 1467 1506 illa:
1489 1480 1601 1507 materia
1614 1481 1764 1508 conﬁciun—

987 1524 1031 1547 tur
1047 1530 1053 1547 :
1067 1526 1093 1549 at
1109 1522 1152 1549 illa
1170 1523 1304 1550 contraria
1318 1524 1396 1559 plane
1410 1525 1524 1557 ratione,
1547 1533 1599 1552 non
1623 1530 1764 1554 externam

986 1567 1126 1595 materiam
1136 1569 1254 1604 collegit,
1271 1570 1324 1597 imo
1334 1571 1425 1606 potius
1436 1570 1572 1598 internum
1584 1572 1675 1606 ejecit.
1690 1572 1763 1600 Bona

985 1614 1085 1649 quippe
1101 1622 1150 1641 sua
1161 1615 1273 1650 elargita
1288 1616 1463 1651 pauperibus,
1484 1617 1605 1652 deposita
1624 1619 1674 1651 ira,
1695 1619 1763 1654 inju-

984 1659 1142 1695 riarumque
1158 1661 1299 1693 memoria,
1316 1660 1428 1696 depulsa
1445 1662 1547 1689 invidia
1562 1666 1589 1690 et
1604 1663 1696 1698 gloriae
1715 1672 1764 1691 cu-

985 1704 1105 1739 piditate,
1133 1705 1242 1733 domum
1264 1715 1340 1734 suam
1367 1709 1511 1735 aedificavit
1535 1716 1618 1744 supra
1646 1713 1762 1744 petram,

984 1750 1064 1783 cujus
1079 1751 1222 1785 splendida
1238 1752 1323 1780 turris
1337 1757 1405 1786 erat,
1418 1759 1444 1781 et
1456 1754 1538 1781 nullis
1555 1755 1763 1789 tempestatibus

985 1795 1111 1823 obnoxia.

1022 1841 1063 1868 l4.
1083 1841 1134 1869 Sed
1152 1843 1217 1877 quid
1233 1844 1317 1870 multa
1340 1844 1421 1872 dico?
1441 1847 1578 1880 superavit
1600 1847 1700 1882 quippe
1720 1848 1763 1874 vel

984 1887 1042 1921 ipso
1058 1887 1145 1920 initio,
1162 1896 1209 1916 eas
1230 1898 1290 1924 qum
1309 1891 1466 1919 monasticae
1495 1892 1555 1920 vitae
1575 1898 1761 1921 assueverant.

984 1933 1059 1960 Sicut
1086 1934 1157 1961 enim
1187 1936 1264 1970 pueri
1289 1937 1334 1971 qui
1356 1938 1460 1965 acriore
1479 1942 1542 1965 sunt
1568 1939 1669 1974 ingenii
1693 1940 1760 1970 acie.

983 1980 1107 2013 quamvis
1119 1980 1208 2008 adhuc
1218 1982 1243 2008 in
1262 1983 1373 2017 syllabis
1381 1987 1533 2016 versentur,
1546 1991 1608 2012 cum
1620 1985 1654 2013 iis
1672 1989 1762 2013 tamen

983 2027 1161 2059 contendunt,
1180 2029 1226 2063 qui
1242 2034 1268 2055 et
1288 2034 1367 2057 atate
1389 2031 1506 2065 majores
1529 2035 1591 2059 sunt
1610 2040 1641 2059 ac
1659 2032 1761 2061 diutius

983 2073 1129 2106 magistros
1141 2072 1363 2109 frequentarunt,
1377 2076 1413 2103 ita
1426 2080 1452 2103 et
1469 2077 1514 2103 illa
1533 2078 1630 2112 spiritu
1645 2073 1761 2113 fervens

983 2121 1096 2146 caeteras
1115 2124 1175 2153 post
1189 2127 1218 2147 se
1231 2121 1351 2154 reliquit.

185 2167 227 2194 l5.
242 2166 294 2193 Τὸν
310 2167 359 2202 μὲν
375 2164 420 2193 οὖν
437 2166 595 2202 ἔμπρακτον
616 2167 700 2203 αὐτῆς
717 2166 764 2192 καὶ
784 2166 930 2201 ἀσκητικὸν

1020 2164 1062 2191 l5.
1083 2164 1228 2193 Actuosam
1253 2166 1344 2201 itaque
1365 2171 1391 2194 et
1421 2167 1566 2194 asceticam
1589 2168 1670 2194 vitam
1701 2169 1761 2203 ejus

151 2213 204 2248 βίον
224 2213 314 2248 λέγειν
339 2213 532 2248 ἀδυνατοῦμεν,
561 2214 675 2248 ἐπείπερ
699 2213 759 2240 οὐδὲ
785 2211 930 2248 συνεχώρει

149 2260 208 2286 τινὰ
223 2259 317 2286 τούτου
331 2259 430 2295 θεατὴν
443 2259 578 2293 γενέσθαι.
591 2259 658 2286 Οὐδὲ
670 2259 724 2295 γὰρ
740 2260 862 2295 κήρυκας
878 2259 931 2286 τῶν

149 2305 233 2341 αὐτῆς
249 2305 500 2343 ἀνδραγαθημάτων
513 2305 608 2340 ἤθελεν
623 2303 691 2332 εἶναι
704 2306 767 2337 τοὺς
783 2306 928 2342 παρόντας.

148 2353 204 2388 Οὐχ
216 2352 301 2385 οὕτως
312 2352 367 2388 γὰρ
394 2352 424 2379 τὸ
440 2351 603 2388 εὖπράττειν
621 2352 786 2388 ἐφρόντιζεν,
809 2353 869 2379 ὅσον
882 2353 930 2387 τῆς

148 2397 242 2424 τούτου
257 2397 378 2434 φυλακῆς
391 2406 421 2424 τε
440 2398 487 2424 καὶ
506 2397 619 2432 κρυϐῆς.
638 2397 722 2424 Τοῦτο
744 2398 771 2424 δὲ
792 2398 877 2424 ἐποίει
900 2398 929 2424 οὐ

149 2443 238 2478 φθόνῳ
255 2443 429 2479 συνεχομένη,
443 2443 510 2470 ἀλλὰ
525 2443 584 2478 Θείᾳ
597 2442 686 2478 χάριτι
699 2443 927 2478 συγκροτουμένη.

149 2488 186 2515 Τὸ
202 2488 255 2524 γὰρ
273 2489 410 2525 Κυριακδν
429 2490 516 2516 ἐκεῖνο
537 2488 606 2516 κατὰ
620 2489 680 2516 νοῦν
700 2488 780 2524 ἔφερε
800 2489 886 2525 ῥῆμα,
900 2490 930 2516 τὸ

148 2534 241 2568 λέγον,
256 2533 293 2566 ὡς
317 2534 353 2561 El
365 2543 392 2561 τι
405 2535 458 2562 ἐὰν
473 2534 543 2568 ποιῇ
558 2535 577 2568 ἡ
592 2534 675 2566 δεξιά
687 2542 755 2566 σου,
771 2534 815 2569 μὴ
831 2534 930 2569 γνώτω

148 2581 167 2612 ἡ
183 2579 323 2615 ἀριστερά
330 2587 398 2607 σου.
413 2580 507 2612 Οὕτως
523 2581 572 2615 μὲν
583 2580 751 2608 λανθάνουσα
768 2579 884 2612 ὲξετὲλει
895 2581 929 2607 τὰ

147 2627 287 2662 πρέποντα
296 2625 335 2660 τῷ
354 2626 551 2661 ὲπαγγέλματι.

183 2671 226 2699 16.
249 2671 316 2698 ’Δπὺ
338 2670 366 2697 δὲ
391 2671 441 2706 τῆς
460 2671 571 2707 πρώτης
596 2671 714 2707 ἡλικίας,
740 2672 787 2699 καὶ
811 2672 863 2704 ἕως
881 2673 930 2708 τῆς

147 2716 332 2752 ἀκμαστικῆς,
345 2717 376 2743 οὐ
397 2717 474 2753 μόνον
489 2718 586 2750 παντὸς
601 2718 695 2754 ἀνδρὸς
714 2718 857 2754 συντυχίαν
876 2718 928 2746 ἀπ-

184 2794 206 2810 ⁶¹
225 2793 298 2822 Psal.
317 2801 402 2829 mn,
421 2794 445 2822 1.
484 2794 505 2811 ⁸¹
525 2794 619 2822 Matth.
638 2803 674 2828 vt,
692 2796 718 2824 5.

983 2216 1111 2237 enarrare
1126 2217 1181 2237 non
1196 2211 1327 2243 valemus,
1347 2212 1455 2245 quando
1472 2212 1574 2239 nullum
1595 2212 1705 2241 admisit
1721 2214 1761 2240 vi-

983 2259 1016 2282 ta:
1030 2263 1086 2282 suae
1101 2259 1291 2290 spectatorem.
1307 2257 1400 2292 Neque
1417 2258 1489 2285 enim
1503 2265 1598 2285 rerum
1616 2266 1633 2287 a
1647 2264 1676 2285 se
1692 2266 1760 2293 pra:-

982 2302 1053 2328 clare
1068 2307 1206 2337 gestarum
1224 2311 1362 2338 przecones
1382 2312 1443 2333 esse
1457 2305 1564 2333 volebat
1582 2312 1629 2333 eos
1648 2305 1694 2339 qui
1714 2306 1761 2332 ad-

981 2350 1069 2374 erant.
1082 2346 1138 2375 lmo
1149 2355 1200 2376 nec
1211 2352 1315 2376 tantam
1335 2353 1408 2377 recte
1425 2350 1531 2385 agendi,
1544 2355 1673 2385 quantam
1685 2355 1761 2386 gesta

982 2400 1030 2419 sua
1038 2393 1192 2420 occultandi
1207 2394 1418 2422 sollicitudinem
1431 2396 1555 2423 habebat.
1567 2395 1633 2423 lllud
1644 2404 1761 2431 namque

983 2438 1154 2467 Dominicum
1167 2440 1271 2468 dictum
1284 2441 1311 2469 in
1327 2448 1417 2470 mente
1426 2442 1553 2470 versabat
1571 2452 1576 2469 :
1593 2441 1623 2470 Si
1638 2443 1701 2477 quid
1722 2443 1760 2476 fe-

982 2485 1046 2512 cerit
1061 2486 1169 2514 dextera
1184 2492 1240 2520 tua,
1257 2488 1284 2514 id
1297 2489 1396 2516 nesciat
1407 2489 1515 2516 sinistra
1525 2495 1570 2516 tua
1579 2489 1611 2515 θ’.
1621 2489 1708 2524 Atque
1724 2490 1761 2519 ita

982 2532 1069 2560 latens
1083 2533 1261 2568 professionis
1282 2542 1338 2562 suze
1353 2534 1439 2563 otIicia
1462 2536 1640 2570 persolvebat.

1017 2668 1060 2696 16.
1077 2667 1099 2694 Α
1115 2667 1202 2702 prima
1216 2668 1249 2694 ad
1264 2668 1383 2695 adultam
1395 2671 1512 2700 aetatem,
1522 2675 1576 2695 non
1588 2667 1668 2694 modo
1681 2672 1762 2696 omne

981 2717 1031 2745 viri
1049 2715 1215 2744 consortium
1231 2714 1392 2749 declinavit;
1411 2714 1457 2743 sed
1472 2714 1553 2742 etiam
1569 2714 1685 2753 requales
1705 2713 1760 2751 plet
