1919 3064
151 129 220 157 M95

713 127 742 155 S.
764 119 994 153 ATHANASIUS.
1015 137 1048 142 -—
1067 122 1202 150 SPURH.

1709 118 1780 147 M96

152 196 266 223 rumque
282 195 346 215 suas
362 187 528 224 refugiebat,
553 186 628 214 hisce
643 186 749 214 duabus
774 185 807 213 de
830 184 932 215 causis,

1007 189 1093 214 ευγεν,
1107 180 1174 207 ἀλλὰ
1193 180 1240 207 καὶ
1255 180 1302 211 τὰς
1314 179 1466 215 ὁμοφύλους
1477 177 1510 204 τὰ
1522 175 1607 204 πολλὰ
1621 177 1778 213 παρῃτεῖτο,

152 235 192 262 vel
210 235 315 262 scilicet
330 242 364 261 ne
380 233 494 268 gloriam
505 233 613 260 eximiae
625 232 834 260 exercitationis
852 230 938 257 rcl'er-

154 286 205 313 ret,
222 281 263 308 vel
280 289 313 308 ne
326 280 462 315 corporali
476 279 640 307 necessitate
655 279 792 306 avirtutis
807 277 938 306 exercltio

155 328 324 356 avelleretur.

190 373 234 400 l7.
257 372 303 399 Sic
317 379 382 407 ergo
398 372 504 407 primos
524 371 606 398 animi
630 371 748 406 impetus
763 369 937 400 observabat,

155 426 255 446 cavens
268 426 301 445 ne
318 418 458 453 corporeis
474 417 627 444 traheretur
645 416 852 452 cupiditatibus.
871 414 938 442 Nam

158 466 245 492 instar
263 465 370 492 arboris
387 463 564 494 luxuriantis,
589 471 680 490 ramos
695 462 873 490 abscindebat
898 461 941 488 iu-

157 511 323 544 fructuosos,
339 511 461 546 sciteque
470 511 614 538 amovcbat
626 513 802 544 erumpentes
811 510 838 535 in
849 508 941 535 animo

156 557 282 592 spinosas
298 557 496 588 l'ruticationes,
516 556 707 592 pcrjejunium
721 556 827 583 scilicet
843 559 869 582 et
883 562 941 581 ora-

156 605 269 631 tionem.
294 604 371 636 Quod
392 604 414 631 si
434 604 476 630 vel
499 604 608 637 paulum
633 603 748 637 singula:
764 602 940 636 pullularent,

156 651 238 678 variis
267 650 398 677 alliciebat
429 650 535 684 pinnis,
561 649 697 683 nullisque
722 656 775 685 non
801 647 941 674 laboribus

155 705 259 732 corpus
276 698 443 724 macerabat.
461 695 515 723 Nec
535 696 602 723 satis
619 700 677 723 erat
696 695 734 722 illi
760 695 837 730 panis
857 694 942 722 absti-

157 745 257 777 ncnlin,
274 751 334 779 qum
350 744 390 770 vel
410 751 479 778 aqua
502 742 664 778 parcissime
679 742 817 768 utebatur.

193 875 235 901 l8.
249 872 473 907 Quandocunque
489 875 580 899 autem
588 871 706 899 infestus
716 871 804 899 hostis
813 878 875 898 cum
898 871 942 897 illa

157 919 372 948 conﬂictaretur,
390 919 592 954 quamprimum
608 926 656 952 per
678 919 829 945 orationem
853 917 944 944 Domi-

158 969 221 992 uu’m
241 973 320 992 suum
332 965 448 992 vocabat
463 965 490 991 in
508 964 674 996 subsidium,
699 971 749 991 nec
769 964 827 991 sola
850 970 946 998 corpo-

158 1011 197 1038 ris
213 1010 409 1037 exercitatione
419 1009 559 1036 nitebatur
572 1009 662 1037 leonis
679 1009 809 1044 impetum
824 1009 945 1044 compri—

159 1064 242 1084 mere.
258 1055 312 1083 Nec
341 1063 418 1082 mora
443 1055 514 1082 facta
534 1056 651 1090 supplici
677 1056 773 1082 adch
798 1055 942 1086 Dominus,

161 1102 333 1138 fugiebalque
349 1101 533 1129 adversarius.
553 1101 716 1136 Plerumque
731 1105 822 1128 tamen
839 1100 947 1128 accide—

160 1150 215 1181 bat,
232 1153 262 1175 ut
276 1149 381 1176 diutius
398 1148 515 1175 instaret
537 1148 634 1179 hostis,
655 1155 707 1174 nec
729 1146 861 1174 Dominus
885 1153 946 1174 sce-

160 1195 258 1222 lestum
269 1195 450 1229 propulsaret,
468 1199 497 1220 ut
517 1201 549 1220 eo
568 1198 649 1228 pacto
673 1193 822 1221 virtutibus
842 1194 948 1220 instru-

160 1245 209 1267 ctze
223 1240 322 1266 anima:
335 1239 559 1266 exercitationem
574 1244 694 1273 augeret.
712 1239 772 1274 Ipsa
792 1247 857 1267 vero
869 1241 947 1275 quasi

162 1286 232 1312 facta
247 1285 380 1312 donorum
398 1285 566 1317 accessione,
587 1285 659 1312 vires
678 1285 834 1313 resumebat
854 1287 887 1312 ad
906 1287 948 1314 vi-

161 1332 275 1358 ctoriam
291 1331 496 1366 reportandam.
512 1330 605 1366 Neque
619 1336 677 1358 erat
691 1331 715 1358 ei
732 1331 810 1363 satis,
828 1339 857 1359 se
876 1333 949 1360 cibo-

163 1386 222 1404 rum
236 1378 350 1412 penuria
363 1385 511 1410 macerare,
530 1386 624 1405 verum
641 1379 722 1404 etiam
737 1378 770 1405 ad
786 1379 878 1405 omnia
903 1386 950 1405 vo-

163 1425 278 1459 luptaria
292 1424 381 1451 studia
397 1424 500 1451 aditum
514 1424 565 1452 sibi
578 1424 787 1453 intercludebat.
799 1424 950 1452 Furfuroso

163 1471 297 1506 siquidem
314 1479 382 1506 pane
396 1472 567 1503 vescebatur,
579 1479 649 1506 aqua
665 1479 736 1506 saepe
753 1479 867 1506 prorsus
886 1471 950 1499 abs—

987 227 1034 254 δύο
1048 227 1149 253 τούτων
1161 227 1252 257 ἓνεκα,
1268 226 1285 261 ἢ
1300 226 1346 252 τοῦ
1361 225 1398 260 μὴ
1412 224 1574 259 δοξασθῆνάι
1594 225 1627 259 τῇ
1643 223 1778 259 ὑπερὸολῇ

988 273 1037 307 τῆς
1053 272 1206 307 ἀσκήσεως,
1222 271 1238 306 ἦ
1253 271 1299 297 τοῦ
1319 271 1355 306 μὴ
1368 270 1538 305 ὑποσυρῌαι
1554 269 1603 304 τῆς
1620 268 1721 304 ἀρετῆς
1737 267 1781 295 διὰ

988 318 1037 354 τὴν
1052 318 1211 354 σωματικὴν
1226 317 1331 353 χρείαν.

1026 364 1068 390 Π.
1090 363 1182 395 Οὕτως
1201 363 1250 399 μὶν
1263 361 1308 389 οὖν
1329 363 1378 394 τὰς
1392 362 1502 397 πρώτας
1514 361 1565 397 τῆς
1583 361 1672 396 ψυχῆς
1689 360 1782 387 ἐπιϐο-

989 411 1038 443 λὰς
1053 411 1214 446 παρετίρει,
1232 410 1271 445 μὴ
1297 409 1474 445 συγχωροῦσα
1489 408 1585 439 αὑταῖς
1601 407 1783 441 συγκαθέλκε-

991 457 1052 484 σθαι
1067 458 1127 489 ταῖς
1141 458 1310 492 σωματικαῖς
1327 456 1485 490 ἐπιθυμίαις
1495 464 1501 470 ·
1518 454 1613 490 ῶσπερ
1627 455 1656 481 δὲ
1675 454 1784 490 δένδρον

991 503 1194 538 καθυλομανοῦν
1205 503 1398 540 περιετέμνετο
1410 501 1464 528 τῶν
1480 501 1613 536 ἀκάρπων
1628 500 1785 535 κλάδωνβά

993 549 1185 584 βλαστήματα·
1207 548 1256 580 τὰς
1274 548 1322 583 μὲν
1345 547 1399 582 γὰρ
1418 545 1585 577 ἀκανθώδεις
1603 546 1651 580 τῆς
1665 545 1786 576 διανοίας

991 595 1120 630 ἐκφύσεις
1131 595 1261 631 ἀφῃρεῖτο
1271 595 1317 621 διά
1325 602 1354 620 τε
1366 594 1414 629 τῆς
1426 593 1551 628 νηστείας
1580 592 1626 618 καὶ
1639 591 1689 626 τῆς
1702 599 1785 626 προσ-

992 641 1083 676 ευχῆς.
1100 641 1154 667 Καὶ
1168 641 1192 666 εἰ
1209 639 1295 674 βραχύ
1317 647 1344 664 τι
1365 638 1480 664 ἕκαστον
1494 636 1597 664 τούτων
1620 636 1783 672 προέκοπτε,

992 686 1116 718 ποικίλας
1130 686 1221 717 αὐτοῖς
1232 685 1281 716 τὰς
1296 684 1430 720 τιμωρίας
1446 683 1608 718 προσέφερε,
1627 682 1670 709 διὰ
1689 691 1786 709 παντο-

993 733 1084 760 δαπῶν
1109 733 1198 759 πόνων
1218 732 1248 758 τὺ
1270 732 1349 766 σῶμα
1372 730 1556 765 κακωχοῦσα.
1574 730 1612 756 Οὐ
1635 729 1714 764 μόνον
1730 728 1786 764 γὰρ

993 781 1025 816 τῇ
1045 780 1091 806 τοῦ
1110 780 1192 816 ἄρτου
1217 778 1380 814 λιμαγχονίᾳ
1401 778 1522 813 ἠρκεῖτο,
1545 776 1613 804 ἀλλὰ
1632 785 1664 812 γε
1685 776 1732 803 καὶ
1751 777 1784 810 τῇ

994 826 1040 853 τοῦ
1055 825 1149 857 ὓδατος
1162 825 1308 860 ὁλιγοδεΐᾳ.

1033 872 1075 900 18.
1097 872 1229 907 ὐπηνίκα
1244 871 1293 906 μὲν
1307 870 1424 906 πόλεμος
1443 870 1490 898 τοῦ
1504 869 1601 906 ἐχθροῦ
1621 868 1690 906 πρὸς
1702 868 1786 904 αὐτὴν

997 919 1191 954 συνεκροτεῖτο,
1213 917 1424 953 προηγουμένως
1440 917 1489 952 μὲν
1510 917 1553 943 τὸν
1570 916 1668 951 ἑαυτῆς
1682 914 1788 941 Δεσπό-

995 971 1045 997 την
1067 962 1100 988 δι’
1118 962 1201 997 εὐχῆς
1217 961 1308 988 ἐκάλει
1324 962 1392 996 πρὸς
1414 961 1587 997 συμμαχίαν·
1613 961 1643 987 οὐ
1663 960 1718 996 γὰρ
1736 960 1786 996 ἠρ-

996 1010 1069 1035 κεῖτο
1083 1008 1133 1043 τὴν
1154 1008 1242 1043 ὁρμὴν
1262 1008 1309 1034 τοῦ
1326 1007 1433 1039 λέοντος
1456 1008 1551 1034 σϐέσαι
1573 1007 1638 1042 ψιλῇ
1660 1006 1786 1041 ἀσκήσει.

996 1055 1053 1081 Καὶ
1067 1054 1142 1089 παρὰ
1158 1055 1206 1089 μὲν
1216 1055 1265 1090 τῆς
1281 1054 1384 1086 ἱκεσίας
1401 1055 1490 1089 παρῆν
1508 1055 1522 1080 ὁ
1537 1053 1648 1088 Κύριος,
1672 1052 1718 1079 καὶ
1737 1053 1789 1079 ἁπ-

997 1100 1153 1136 εδίδρασκεν
1164 1101 1178 1127 ὁ
1190 1100 1318 1135 πολέμιος
1328 1109 1335 1116 ν
1351 1099 1480 1131 πολλάκις
1488 1099 1516 1126 δὲ
1532 1100 1578 1126 καὶ
1591 1099 1711 1134 ἐχρόνιζε
1721 1097 1789 1133 πρὸς

997 1147 1046 1182 τὴν
1071 1148 1160 1182 μάχην
1174 1148 1188 1174 ὁ
1202 1146 1308 1182 ἐχθρὸς,
1324 1146 1371 1173 καὶ
1391 1147 1405 1172 ὁ
1420 1146 1522 1182 Κύριος
1543 1145 1593 1172 οὐκ
1614 1145 1732 1180 ἠμύνετο
1745 1145 1790 1171 τὸν

999 1194 1177 1229 παλαμναῖον,
1193 1193 1266 1228 αὑτῷ
1279 1193 1365 1228 τούτῳ
1387 1193 1435 1228 τῆς
1450 1193 1577 1228 ἐναρέτου
1594 1192 1683 1227 ψυχῆς
1698 1191 1791 1218 εἰσαύ-

999 1241 1052 1273 ξων
1067 1240 1114 1275 τὴν
1130 1239 1292 1275 γυμνασίαν.
1315 1239 1389 1275 Αὕτη
1413 1239 1439 1265 δὲ
1462 1238 1556 1274 ὥσπερ
1577 1237 1720 1274 προσθήκῃ
1735 1236 1790 1263 τῶν

998 1286 1102 1322 δώρων,
1112 1287 1158 1312 ἐπὶ
1170 1286 1260 1312 πλεῖον
1269 1286 1433 1321 ἐκρατύνετο
1442 1287 1482 1317 είς
1493 1285 1541 1320 τὴν
1556 1285 1624 1311 κατὰ
1635 1285 1680 1311 τοῦ
1694 1284 1791 1320 ἐχθροῦ

1000 1333 1088 1368 νίκην.
1110 1332 1147 1358 Οὐ
1166 1332 1245 1367 μόνον
1265 1331 1319 1367 γὰρ
1344 1333 1456 1367 ἠρκεῖτο
1478 1333 1538 1363 ταῖς
1557 1331 1717 1365 ὀλιγοδεῖαις
1738 1331 1792 1358 τῶν

1000 1377 1107 1413 τροφῶν
1125 1377 1223 1412 ἑαυτὴν
1236 1376 1381 1412 νεκροῦσα,
1396 1377 1464 1404 ἀλλά
1476 1385 1507 1411 γε
1521 1377 1568 1403 καὶ
1583 1375 1637 1402 τῶν
1654 1375 1714 1402 καθ’
1732 1376 1794 1411 ἡδο-

1002 1424 1050 1460 νὴν
1074 1424 1259 1460 διαιτημάτων
1283 1424 1412 1459 ἐπειρᾶτο
1439 1424 1540 1458 εἴργειν
1565 1424 1674 1459 ἑαυτὴν.
1695 1424 1793 1458 Ἀρτον

1004 1472 1053 1508 μεν
1074 1472 1129 1507 γὰρ
1155 1471 1280 1507 πιτυρίαν
1300 1471 1408 1507 ἦσθιενι
1433 1471 1504 1507 ὕδωρ
1529 1471 1557 1498 δὲ
1580 1471 1710 1503 πολλάκις
1735 1471 1795 1497 οὑδ-

164 1517 277 1548 tinebat,
295 1517 370 1543 humi
391 1517 494 1544 cubans
518 1517 674 1544 identidem.
693 1517 820 1550 Quaudiu
848 1517 948 1544 bellum

1004 1519 1069 1550 ύλως
1087 1518 1239 1553 ἐλάμϐανεο
1259 1518 1305 1544 καὶ
1327 1517 1471 1552 ἐχαμεύνει
1494 1517 1521 1544 δὲ
1547 1517 1599 1548 ἕως
1622 1517 1706 1549 τινὸς.
1720 1518 1794 1549 Ἕως

164 1563 291 1594 instaret,
308 1563 411 1590 talibus
437 1563 482 1589 illa
505 1564 566 1590 telis
584 1563 722 1590 utebatur.
747 1563 823 1590 Scuti
845 1571 877 1591 ac
903 1564 950 1590 lcli

165 1609 226 1636 loco
245 1613 304 1636 erat
321 1609 358 1635 illi
377 1610 476 1640 oratio,
494 1610 579 1636 lorica
592 1617 623 1636 ex
638 1609 699 1641 lide,
719 1617 766 1644 spe
778 1609 952 1637 etcliaritate

165 1658 316 1688 compacta.
332 1653 450 1681 Praeibat
472 1654 602 1682 omnibus
624 1654 701 1685 ﬁdes,
723 1661 784 1689 qua:
807 1655 951 1682 universos

167 1700 264 1727 animze
282 1700 356 1726 illius
372 1700 573 1735 constringeret
594 1701 736 1727 articulos.
761 1700 862 1727 Aderat
888 1701 951 1727 item

166 1746 351 1781 eleemosyna,
371 1746 464 1773 sinon
479 1750 553 1779 actu,
578 1746 673 1773 saltem
697 1746 837 1782 proposito
850 1750 877 1774 et
901 1754 952 1773 vo-

168 1791 284 1818 luntate.

204 1882 246 1909 19.
265 1880 312 1908 llis
331 1881 424 1916 itaque
441 1885 519 1916 parta
538 1881 572 1908 de
595 1882 673 1909 hoste
696 1881 819 1914 victoria,
842 1882 952 1910 modum

169 1929 228 1962 ipsa
250 1927 407 1961 asperrima:
437 1927 627 1954 exercitationi
649 1928 780 1962 ponebat,
804 1928 885 1964 idque
909 1929 954 1955 illa

170 1970 324 2005 praestabat,
335 1977 369 1996 ne
379 1969 524 1996 confestim
535 1969 682 1997 deficerent
690 1971 813 2005 corporis
822 1972 953 2002 membra;

170 2015 242 2050 quod
256 2023 321 2043 sane
338 2019 458 2050 acccpta:
479 2015 566 2043 cladis
589 2016 685 2043 l'uissct
703 2015 846 2043 indicituu.
865 2016 956 2044 Colla-

172 2062 298 2089 bcntibns
315 2069 432 2096 namque
444 2062 538 2093 armis,
558 2069 618 2096 qua:
641 2070 705 2096 spes
727 2067 852 2097 superest
877 2063 955 2090 militi

172 2108 206 2136 ad
227 2108 351 2143 praelium
369 2107 590 2142 capessendum?
611 2108 702 2141 Quare
737 2109 859 2135 nonnulli
881 2115 954 2140 sum,

173 2154 294 2189 quicum
315 2162 344 2180 se
369 2153 513 2181 immodice
531 2158 558 2182 et
577 2154 777 2182 inconsiderate
797 2155 886 2182 inedia
909 2156 957 2182 ab-

1007 1565 1056 1600 μὲν
1070 1563 1116 1591 οὖν
1139 1566 1324 1599 συνεκροτεῖτο
1350 1565 1364 1591 ὁ
1391 1564 1518 1598 πόλεμος.
1548 1565 1677 1596 τοιούτοις
1701 1564 1794 1597 ὅπλοις

1005 1610 1153 1645 ἐκέχρητο·
1175 1609 1256 1645 εὐχὴν
1275 1610 1324 1645 μὲν
1341 1609 1486 1645 ἐνδυομένη
1503 1610 1563 1636 ἀντὶ
1582 1609 1663 1636 ὅπλου
1679 1609 1724 1636 καὶ
1747 1610 1795 1636 θυ-

1006 1655 1068 1691 ρεοῦ
1086 1656 1231 1691 ἐνδυομένη
1244 1665 1250 1671 ·
1301 1655 1329 1682 δὲ
1347 1656 1546 1691 περικεφαλαία
1561 1656 1646 1691 αὐτῆς
1660 1653 1694 1691 ἦν
1705 1656 1736 1682 ὲκ
1751 1656 1796 1682 πί-

1006 1710 1090 1733 στεως
1105 1701 1152 1727 καὶ
1168 1701 1274 1732 ἐλπίδος
1288 1702 1335 1728 καὶ
1352 1701 1461 1736 ἀγάπης
1480 1701 1672 1736 συγκραθεῖσα.
1697 1701 1728 1727 'H
1741 1701 1796 1737 γὰρ

1006 1748 1098 1779 πίστις
1115 1748 1261 1782 προηγεῖτο
1278 1747 1396 1779 πάντων,
1413 1746 1490 1778 ὅλους
1506 1745 1590 1780 αὐτῆς
1611 1745 1674 1777 τοὺς
1690 1746 1796 1781 ἁρμους

1008 1793 1204 1827 συσφίγγουσα.
1223 1792 1315 1827 Παρῆν
1330 1792 1358 1818 δὲ
1376 1792 1423 1818 καὶ
1435 1792 1450 1828 ὴ
1464 1791 1642 1827 ἐλεημοσύνη,
1654 1791 1678 1817 εί
1694 1792 1741 1818 καὶ
1758 1792 1796 1826 μὴ

1007 1839 1024 1874 ἡ
1040 1839 1100 1865 κατ’
1117 1838 1268 1874 ἐνέργειαν,
1281 1838 1338 1864 ἀλλ’
1352 1836 1397 1864 οὖν
1408 1846 1440 1872 γε
1451 1839 1468 1872 ἡ
1484 1838 1554 1864 κατὰ
1569 1837 1706 1873 πρόθεσιν.

1043 1885 1085 1912 19.
1100 1885 1149 1911 Διὰ
1162 1884 1262 1911 τούτων
1275 1882 1321 1910 οὖν
1334 1882 1417 1919 ἧτταν
1434 1884 1613 1918 ὑπομένοντος
1626 1883 1672 1910 τοῦ
1687 1882 1798 1919 ἐχθροῦ,
1827 1912 1829 1917 η

1008 1931 1055 1957 καὶ
1081 1930 1150 1966 αὑτὴ
1181 1930 1344 1965 ἐπεκούφιζε
1372 1930 1421 1966 τῆς
1447 1929 1612 1965 δριμυτάτης
1643 1929 1795 1964 ἀσκήσεως.

1009 1976 1094 2003 Τοῦτο
1106 1976 1134 2002 δὲ
1150 1975 1237 2002 ἐποίει
1263 1975 1331 2010 πρὸς
1352 1974 1382 2001 τὸ
1406 1975 1443 2010 μὴ
1467 1975 1573 2010 ἁθρόως
1593 1974 1750 2009 διαλυθῆναι
1762 1974 1798 2000 τὰ

1009 2021 1056 2048 τοῦ
1073 2021 1198 2057 σώματος
1216 2020 1284 2056 μέλη
1295 2029 1301 2035 ·
1318 2021 1402 2056 ἥττης
1419 2020 1473 2056 γάρ
1490 2018 1524 2055 ἦν
1543 2021 1620 2048 τοῦτο
1637 2021 1796 2056 τεκμήριον.

1010 2069 1071 2096 Τῶν
1085 2069 1139 2104 γὰρ
1158 2068 1246 2095 ὅπλων
1268 2067 1470 2103 συμπεσόντων,
1495 2068 1559 2094 ποία
1586 2067 1663 2099 ἐλπίς
1686 2068 1744 2094 ἐστι
1759 2067 1799 2102 τῷ

1011 2114 1163 2150 στρατιώτῃ
1186 2115 1225 2146 εἰς
1248 2113 1381 2148 πόλεμονς
1406 2113 1484 2145 Τινὲς
1501 2113 1575 2147 γοῦν,
1599 2114 1727 2149 ἀμέτρως
1751 2114 1799 2140 καὶ

1011 2161 1194 2194 ἀνεξετάστως
1213 2161 1244 2195 τῇ
1268 2159 1360 2195 ἀσιτίᾳ.
1380 2159 1492 2191 ἑαυτοὺς
1515 2159 1798 2195 καταδαπανὴσαντες,

174 2200 368 2236 sumpsissent,
382 2199 482 2227 letliale
493 2200 545 2228 sibi
557 2201 654 2228 vulnus
666 2201 826 2232 intulerunt,
839 2205 866 2228 et
878 2209 946 2236 quas

1009 2207 1118 2243 καιρίαν
1134 2207 1238 2237 ἑαυτοῖς
1252 2206 1301 2241 τὴν
1319 2205 1426 2241 πληγὴν
1443 2205 1583 2240 ἐπήγαγον
1595 2214 1601 2220 ·
1615 2205 1708 2241 ῶσπερ
1722 2205 1749 2232 δὲ
1769 2207 1800 2232 ὲν

173 2255 236 2274 cum
250 2246 410 2274 adversario
419 2245 549 2281 congredi
561 2246 756 2278 detrectarent,
769 2247 796 2274 in
811 2247 956 2282 perniciem

175 2300 204 2320 se
212 2291 398 2326 c0njecerunt.
411 2292 467 2318 Non
481 2291 520 2319 sic
533 2292 578 2318 illa
592 2292 674 2328 619
684 2293 789 2328 agebat,
808 2293 855 2320 sed
867 2294 959 2320 consi‘

175 2340 266 2366 derate
276 2339 379 2368 omnia.
395 2338 432 2365 ita
446 2343 474 2365 ut
491 2343 603 2366 strenue
618 2347 679 2366 cum
697 2339 775 2368 hoste
791 2340 918 2375 precibus
932 2345 958 2367 et

175 2385 370 2411 evercilatione
382 2384 487 2411 munita
496 2385 650 2417 dimicaret,
661 2385 723 2412 etad
733 2386 958 2420 tranquillitatem

177 2430 293 2465 propria
306 2430 368 2457 navi
386 2431 596 2465 procurandum,
608 2431 732 2465 corporis
746 2439 840 2458 curam
856 2436 958 2467 ageret.

177 2478 322 2505 Enimvero
338 2484 427 2505 nauta:
447 2479 543 2506 oborta
563 2481 724 2512 tempestate
747 2481 773 2504 et
799 2479 926 2512 procella,
946 2485 960 2504 a

177 2524 238 2551 cibo
253 2524 392 2552 abstinent
405 2545 412 2555 ,
426 2523 561 2558 quidquid
578 2524 644 2550 artis
662 2529 688 2550 et
706 2524 809 2558 peritize
819 2524 901 2555 inest,
913 2532 959 2558 pe-

177 2569 264 2597 riculo
289 2569 325 2597 ob
348 2569 443 2596 oculos
467 2569 588 2596 versanti
609 2572 792 2602 opperientes;
819 2573 960 2602 postquam

178 2618 268 2641 autem
285 2613 437 2642 incolumes
454 2619 614 2646 evaserunt,
632 2618 697 2641 tunc
719 2615 846 2641 secunda:
865 2614 962 2641 salutis

178 2660 391 2688 sollicitudinem
411 2661 525 2694 habent,
540 2669 590 2688 nec
606 2665 692 2688 totum
707 2661 763 2688 illis
779 2664 887 2695 tempus
903 2661 962 2688 elu—

177 2709 277 2736 ctando
291 2709 359 2736 mari
373 2713 400 2736 et
416 2709 493 2736 azstui
506 2709 655 2736 insumitur
666 2729 673 2741 ,
688 2709 734 2736 Sed
764 2709 835 2736 aeris
859 2709 963 2737 sereni-

178 2758 273 2784 tatem.
289 2762 339 2781 ceu
354 2755 543 2782 brevissimam
558 2755 677 2790 quietem
692 2759 718 2782 et
739 2755 962 2789 tranquillitatem

179 2798 318 2833 accipiunt
338 2807 447 2833 :nequc
463 2804 554 2826 tamen
570 2801 606 2826 ita
628 2801 687 2827 sine
708 2799 893 2827 sollicitudine
918 2799 964 2827 de-

178 2848 254 2877 gunt,
270 2852 357 2879 neque
385 2853 414 2872 sc
431 2845 485 2871 alto
504 2853 600 2872 somno
625 2846 712 2880 abripi
728 2846 878 2880 patiuntur,
898 2853 964 2880 prte-

1009 2254 1174 2288 παραιτήσει
1191 2251 1238 2278 τοῦ
1256 2251 1402 2278 ἀντιπάλου
1422 2252 1573 2286 γενόμενοι,
1598 2252 1710 2283 ἑαυτοὺς
1733 2261 1800 2278 κατ-

1010 2298 1148 2333 έφθειραν.
1163 2297 1236 2333 Αὕτη
1253 2297 1280 2324 δὲ
1297 2298 1344 2332 οὐχ
1362 2297 1448 2329 οὕτως
1464 2298 1608 2334 ἔπραττεν,
1627 2297 1695 2324 ἀλλὰ
1712 2299 1802 2325 πάντα

1013 2343 1080 2379 μετὰ
1092 2343 1252 2379 διακρίσεως
1269 2343 1356 2370 ἐποίει
1369 2352 1376 2358 θ
1390 2345 1436 2370 καὶ
1451 2344 1490 2378 τῷ
1504 2344 1553 2379 μὲν
1572 2343 1661 2379 ἐχθρῷ
1677 2344 1802 2379 σφοδρῶς

1010 2391 1054 2417 διά
1076 2399 1105 2416 τε
1131 2388 1186 2416 τῶν
1206 2389 1293 2424 εὐχῶν
1316 2389 1364 2416 καὶ
1388 2389 1438 2424 τῆς
1460 2390 1603 2425 ἀσκήσεως
1625 2390 1801 2424 ἀπεμάχετο·

1012 2435 1079 2471 πρὸς
1095 2435 1123 2462 δὲ
1145 2435 1194 2471 τὴν
1209 2435 1327 2470 γαλήνην
1351 2435 1399 2470 τῆς
1421 2435 1523 2465 οἰκείας
1548 2435 1613 2470 νηὸς
1644 2435 1803 2470 ἐπεμελεῖτο

1011 2481 1058 2508 τοῦ
1085 2481 1219 2516 σώματος.
1242 2482 1296 2508 Καὶ
1313 2481 1368 2516 γάρ
1389 2482 1413 2507 οἱ
1433 2481 1645 2516 ναυτιλλὸμενοι,
1669 2482 1803 2516 χειμῶνος

1013 2528 1059 2553 καὶ
1075 2526 1208 2559 κλύδωνος
1229 2526 1437 2558 καταλαϐόντος,
1455 2526 1542 2552 ἄσιτοι
1556 2527 1724 2560 διαμένουσι,
1746 2528 1801 2553 πᾶ-

1015 2581 1063 2598 σαν
1077 2571 1125 2607 τὴν
1141 2571 1205 2606 παρ’
1219 2571 1323 2598 ἑαυτῶν
1344 2572 1441 2607 τέχνην
1457 2571 1496 2606 τῷ
1509 2572 1562 2607 πρὸ
1581 2571 1728 2607 ὀφθαλμῶν
1745 2580 1804 2599 κιν-

1013 2616 1083 2652 δύνῳ
1098 2616 1293 2647 ἀντιτιθέντες·
1308 2617 1425 2651 ὁπηνίκα
1442 2616 1470 2642 δὲ
1485 2616 1587 2652 τύχωσι
1600 2616 1647 2643 τοῦ
1665 2616 1725 2652 ζῇν,
1743 2616 1804 2643 τότε

1014 2663 1063 2697 τῆς
1077 2662 1204 2698 δευτέρας
1222 2662 1356 2697 σωτηρίας
1371 2661 1509 2689 ποιοῦνται
1524 2663 1573 2697 τὴν
1590 2662 1733 2698 φροντίδα·
1757 2663 1806 2689 καὶ

1015 2709 1063 2744 οὐχ
1076 2709 1149 2739 ἄπας
1164 2707 1252 2735 αὐτῶν
1264 2709 1277 2734 ὁ
1293 2708 1386 2744 χρόνος
1405 2708 1472 2744 πρὸς
1485 2709 1530 2735 τὸν
1546 2709 1624 2736 σάλον
1639 2709 1688 2744 τῆς
1704 2709 1805 2736 θαλάσ-

1017 2764 1066 2790 σης
1080 2748 1321 2781 καταναλίσκεται·
1344 2755 1439 2790 ὥσπερ
1459 2755 1487 2781 δὲ
1507 2755 1664 2782 ἀνάπαυλαν
1684 2755 1806 2790 δέχονται

1016 2801 1070 2827 τῶν
1085 2802 1171 2827 πόνων
1188 2800 1236 2835 τὴν
1251 2799 1422 2836 βραχυτάτην
1439 2801 1560 2836 γαλήνην
1570 2810 1576 2815 ·
1590 2801 1636 2828 καὶ
1650 2801 1703 2827 οὐδ’
1719 2800 1806 2832 οὓτως

1017 2847 1175 2882 ἁμερῖμνως
1196 2847 1344 2881 διαγονσιν,
1368 2847 1429 2874 οὔτε
1444 2847 1497 2882 μὴν
1523 2847 1597 2882 ῦιιιιρ
1612 2847 1687 2882 βαο;ἰ
1714 2847 1797 2873 καθέλ
