1919 3064
132 113 143 140 1
150 113 201 141 497

691 115 770 143 VITA
792 117 937 144 SANCTA']
959 116 1196 144 SYNCLI‘ZTlC/E.

1680 110 1750 136 “98

130 179 234 203 κονται,
251 172 348 206 πεῖραν
370 172 515 207 ἐσχηκότες
533 173 586 200 τῶν
606 173 786 206 ἀπελθόντων,
809 175 855 201 καὶ
873 175 915 201 ἐν-

968 176 1111 202 tcritorum
1129 175 1241 209 expcrin
1253 178 1329 206 enlo,
1352 173 1560 206 futurorumque
1578 168 1748 205 pracscientia

129 226 204 244 νοίαν
215 218 397 252 λαμϐάνοντες
410 219 463 245 τῶν
479 219 637 253 μελλόντων.
657 221 689 246 Εἰ
703 221 760 256 γὰρ
773 221 819 247 καὶ
833 222 846 248 ό
860 231 916 257 χει-

131 263 190 298 μὼν
203 263 346 295 ἐκόπασεν,
363 264 420 290 ἀλλ’
436 266 452 300 ἡ
469 265 590 291 Θάλασσα
605 266 634 292 οὐ
649 266 812 300 μεμείωται’
830 267 876 294 καὶ
893 269 916 294 εἱ

130 309 253 344 παρῆλθε
268 309 297 335 τὸ
308 309 440 345 δεύτερον,
448 310 504 336 ἀλλ’
513 311 586 345 ὅμως
594 312 623 337 τὸ
631 312 736 347 πρῶτον
747 311 858 348 [τρίτον]
869 313 916 348 μέ-

129 362 170 380 νει
180 361 187 368 ·
208 354 232 379 εἰ
248 354 295 380 καὶ
313 354 343 380 τὸ
357 354 500 389 γενόμενον
514 355 688 391 κεχώρισται,
700 357 768 383 ἀλλὰ
782 357 812 383 τὺ
823 358 916 385 ποιοῦν

130 398 271 433 πάρεστιν.
286 398 378 430 Οὕτως
391 397 436 426 οὖν
449 400 495 426 καὶ
506 400 551 426 ἐπὶ
563 401 609 429 τοῦ
622 401 765 438 παρόντος,
781 403 805 430 εἰ
822 403 869 430 καὶ
886 403 917 430 τὺ

130 444 239 479 πνεῦμα
251 445 299 480 τῆς
315 445 459 480 ἐπιθυμίας
472 446 634 480 ἀπήλασται,
652 447 708 473 ἀλλ’
724 448 799 482 ὅμως
810 448 824 475 ὁ
840 448 916 481 ἐξου-

130 489 231 522 σιάζων
246 489 340 516 τούτου
355 491 385 516 οὐ
411 491 519 526 μακρὰν
530 493 668 526 τυγχάνει.
684 493 765 520 Ὅθεν
782 494 822 520 δεῖ
841 494 917 520 ἀδια-

129 533 246 565 λείπτως
261 535 457 570 προσεύχεσθαι
473 536 516 562 διὰ
532 537 562 563 τὺ
575 537 701 564 ἀϐέϐαιον
716 538 765 572 τῆς
781 538 916 574 θαλάσσης

129 579 178 607 καὶ
189 580 237 615 τὴν
250 581 372 616 ἁλμυρὰν
385 581 431 607 τοῦ
444 581 540 616 ἐχθροῦ
554 583 662 615 κακίαν.
680 584 711 609 Ἦ
723 582 768 610 οὖν
784 584 915 619 μακαρία,

128 625 252 660 ἀκριϐῶς
267 626 351 652 εἰδυῖα
370 627 400 652 τὸ
417 627 502 662 παρὸν
523 628 551 654 ἐν
573 628 612 663 τῷ
629 628 678 663 βίῳ
699 629 853 660 κλυδώνιον,
871 630 917 655 καὶ

129 669 322 704 προὸλέπουσα
345 670 394 702 τὰς
414 671 467 696 τῶν
488 672 649 707 πνευμάτων
666 672 760 705 ζάλας,
781 673 916 708 ἐπιμελῶς

128 713 163 750 ἧν
175 715 331 748 οἱακίζουσα
346 716 375 742 τὸ
394 716 457 743 ἴδιον
475 717 577 752 σκάφος
592 719 625 753 τῇ
641 718 680 749 εἰς
692 718 757 744 Θεὸν
771 718 896 754 εὐσεϐείᾳ
908 727 915 734 ·

130 762 178 787 καὶ
191 761 244 796 γὰρ
265 762 428 796 ἁχείμαστον
448 763 512 789 αὐτὸ
531 762 571 798 τῷ
587 763 712 799 σωτηρίῳ
732 763 820 798 λιμένι
835 771 917 798 προσ-

130 805 261 841 ώρμισεν,
278 807 399 843 ἄγκυραν
414 807 619 844 ἀσφαλεστάτην
634 809 683 844 τὴν
699 809 739 840 εἰς
751 809 816 835 Θεὸν
827 809 916 835 πίστιν

130 851 240 887 θεμένη.

163 899 207 926 20.
231 898 416 930 Ἀποστολικὸς
438 899 486 934 μὲν
509 897 555 926 οὖν
578 899 661 934 αὐτῆς
687 900 702 927 δ
723 900 787 935 βίος,
805 900 849 927 διὰ
870 901 914 928 πί-

129 953 214 976 στεως
229 945 275 971 καὶ
289 945 479 980 ἀκτημοσύνης
500 945 722 980 συσφιγγόμενος,
746 946 784 973 ἔτι
808 955 839 980 γε
862 946 914 982 μὴν

129 991 224 1025 ἀγάπῃ
251 991 296 1017 καὶ
320 990 550 1026 ταπεινοφροσύνῃ
575 991 744 1025 διαλάμπων.
770 991 842 1026 Αὕτη
867 991 913 1018 τοῦ

129 1036 264 1072 σωτηρίου
284 1036 363 1070 λόγου
388 1036 436 1071 τὴν
458 1036 557 1071 πρᾶξιν
580 1037 746 1069 ἐξετέλεσεν·
769 1038 913 1071 Ἑπιϐήονῃ

129 1082 182 1117 γὰρ
198 1082 247 1108 ἐπὶ
267 1081 381 1107 ἀσπίδα
395 1081 442 1107 καὶ
463 1081 659 1114 βασιλίσκων,
680 1081 728 1108 καὶ
745 1081 793 1107 ἐπὶ
813 1081 915 1108 πᾶσαν

129 1127 186 1160 τὴν
197 1127 324 1161 δύναμιν
340 1127 392 1153 τοῦ
409 1126 525 1161 ἐχθροῦ.
541 1126 653 1158 Οἰκείως
666 1127 735 1162 αὐτη
751 1127 851 1162 ἤκουσε
867 1127 912 1153 τό·

130 1171 184 1204 Εὖ,
203 1172 295 1199 δοῦλε
313 1172 405 1206 ἀγαθὲ
427 1173 475 1199 καὶ
497 1172 599 1199 πιστέ·
618 1173 666 1199 ἐπὶ
685 1173 794 1206 ὀλίγων
815 1171 853 1207 ἦς
867 1181 914 1199 πι-

129 1218 210 1250 στὸς.
229 1219 278 1245 ἐπὶ
300 1218 422 1245 πολλῶν
444 1226 480 1245 σε
502 1219 690 1251 καταστήσω.
713 1218 748 1245 Τὸ
770 1219 799 1245 δὲ
821 1219 912 1254 ῥητὸν,

130 1265 153 1290 εἰ
166 1264 212 1290 καὶ
227 1264 273 1289 ἐπὶ
286 1263 339 1290 τῶν
360 1264 467 1300 δωρεῶν
481 1264 621 1299 ἀνάγεται,
637 1264 693 1291 ἀλλ’
706 1265 779 1299 ὅμως
799 1264 915 1291 ἐνταῦοα

129 1309 250 1341 νοείσθω,
267 1309 304 1341 ὡς
319 1309 385 1336 ’⁷οτι
405 1309 532 1345 ἐνίκησας
547 1309 592 1336 τὸν
616 1309 706 1336 ἕννλον
727 1310 853 1344 πόλεμον,
868 1308 914 1334 καὶ

129 1355 199 1381 κατὰ
214 1355 260 1380 τοῦ
276 1354 358 1381 ὰΰλου
373 1354 401 1380 δὲ
418 1355 546 1390 τρόπαιον
563 1355 667 1389 πήξεις,
684 1354 749 1390 ἐμοῦ
767 1354 915 1389 ὑπερασπί-

130 1401 220 1433 ζοντός
233 1409 289 1427 σου.
305 1400 451 1427 Γνὼτωσαν
464 1400 493 1427 τὺ
506 1400 618 1435 μέγεθος
634 1401 682 1434 τῆς
696 1400 811 1431 πίστεως
824 1400 852 1426 αἱ
863 1399 915 1426 ὑπὸ

129 1446 176 1473 τοῦ
192 1446 355 1482 θεράποντος
367 1455 416 1481 μου
431 1446 535 1472 Παύλου
553 1445 676 1481 ῥηθεῖσαι
687 1445 770 1481 ἀρχαὶ
784 1446 830 1472 καὶ
845 1445 915 1477 ἐξου-

131 1492 199 1519 σίαν
215 1493 327 1528 νικήσας
346 1493 400 1528 γὰρ
414 1492 462 1523 τὰς
484 1492 605 1524 ἐναντίας
620 1491 759 1527 δυνάμεις,
782 1499 913 1527 προσομι-

130 1537 219 1573 λήσεις
233 1538 279 1564 καὶ
292 1539 352 1568 ταῖς
364 1537 522 1572 κρείττοσιν.

165 1584 210 1611 21.
228 1584 320 1615 Οὕτως
336 1584 387 1619 μὲν
403 1581 448 1610 οὖν
464 1582 524 1610 καθ’
541 1583 639 1619 ἑαυτὴν
656 1582 843 1617 ἀναχωροῦσα,
856 1581 911 1608 τῶν

130 1630 239 1664 ἀγαθῶν
257 1630 344 1665 ἔργων
361 1629 546 1665 τελεσιουργὸς
563 1629 674 1663 ἐγίνετο.
697 1628 750 1655 Τοῦ
771 1628 797 1654 δὲ
816 1629 910 1664 χρόνον

132 1676 280 1712 προϊόντος,
292 1676 338 1702 καὶ
351 1674 404 1701 τῶν
420 1674 523 1710 ἀρετῶν
534 1674 617 1709 αὐτῆς
631 1673 800 1708 ἁνθουσῶν,ὴ
815 1673 912 1700 εὐωδία

132 1722 184 1749 τῶν
201 1721 401 1748 εὐκλεεστάτων
418 1720 502 1755 αὐτῆς
526 1720 612 1746 πόνων
630 1719 671 1750 εὶς
684 1718 797 1750 πολλοὺς
809 1718 912 1745 διέϐαι-

132 1777 191 1795 νεν·
207 1768 302 1794 οὐδὲν
314 1767 378 1802 γὰρ,
395 1767 470 1801 φησὶ,
487 1765 620 1800 κρυπτὸν
635 1765 650 1791 ὃ
661 1765 696 1791 οὑ
708 1765 913 1799 φανερωθήσε-

131 1823 187 1841 τιιι.
203 1811 262 1841 Οἷδε
279 1813 333 1848 γὰρ
350 1814 363 1839 ό
379 1812 443 1844 Θεὸς
462 1813 525 1844 τοὺς
541 1811 620 1838 αὐτὸν
636 1812 799 1846 ἀγαπῶντας
821 1813 867 1838 καὶ
881 1812 914 1839 δι’

132 1859 228 1886 ἑαυτοῦ
254 1859 400 1894 κηρύττειν
423 1857 490 1894 πρὸς
512 1858 654 1894 διόρθωσιν
675 1857 729 1884 τῶν
750 1857 912 1885 ἀκουόντων.

132 1905 199 1932 Τότε
217 1905 265 1940 μὲν
277 1903 323 1931 οὖν
335 1906 368 1940 τῇ
383 1905 508 1940 βουλήσει
520 1904 566 1930 τοῦ
582 1904 732 1939 κρείττονος
747 1903 861 1939 ἤρξαντό
879 1912 916 1930 τι-

133 1959 176 1982 νες
188 1950 381 1986 παραϐάλλειν,
397 1951 443 1977 καὶ
456 1951 523 1986 πρὸς
538 1950 682 1985 οἰκοδομὴν
698 1950 800 1976 οἰκείαν
813 1949 861 1981 τὰς
874 1951 916 1975 ὲν-

132 1997 237 2030 neget;
253 1996 400 2023 ποιεῖσθαι·
418 1998 465 2023 καὶ
487 1997 540 2032 γὰρ
559 1996 603 2023 διὰ
625 1996 679 2022 τῶν
701 1995 788 2030 λόγων
811 1996 845 2022 τὰ
869 1995 915 2022 τοῦ

133 2042 190 2079 βίου
215 2043 300 2078 αὐτῆς
321 2042 537 2078 ἑμπορευόμεναι
559 2042 604 2068 ἐπὶ
627 2041 706 2068 πλέον
723 2040 916 2076 προσήγγιζον,

131 2089 292 2124 ὠφελεῖσθαι
311 2089 481 2124 βουλόμεναι.
501 2089 579 2115 Κατὰ
601 2088 653 2124 γὰρ
673 2087 722 2122 τὴν
742 2087 840 2123 συνήθη
858 2087 919 2114 ἁκο-

132 2135 240 2162 λουθίαν
255 2135 433 2163 ἐπυνθάνοντο
446 2135 530 2170 αὐτῆς
544 2134 686 2169 λέγουσαι·
702 2133 764 2164 Πῶς
775 2133 815 2159 δεῖ
830 2132 918 2167 σωθῆ-

133 2189 196 2213 ναι;
224 2182 241 2216 ἡ
264 2181 302 2214 δὲ,
327 2180 477 2213 στενάξασα
500 2181 580 2216 βαρὺ,
606 2180 653 2206 καὶ
673 2178 798 2214 δακρύων
817 2178 917 2214 πλῆθος

132 2228 240 2261 ἀφεῖσα,
258 2227 297 2258 εἷς
313 2226 412 2261 ἑαυτὴν
425 2226 532 2261 ἐχώρει,
555 2226 601 2252 καὶ
621 2226 714 2261 ὥσπερ
737 2225 780 2251 διὰ
798 2224 852 2251 τῶν
873 2224 918 2250 δα·-

134 2273 223 2309 κρύων
236 2273 285 2307 τὴν
302 2273 447 2306 ἀπόκρισιν
466 2264 647 2307 ποιησαμένη,
668 2271 797 2306 δευτέραν
815 2270 918 2306 σιωπὴν

133 2318 221 2353 ἡσκει.
241 2318 272 2344 Δί
286 2318 324 2348 δὲ,
337 2316 521 2349 συνελθοῦσαι,
535 2317 672 2348 ἐϐιάζοντο
687 2317 776 2342 λαλεῖν
790 2316 872 2352 αὐτὴν
884 2316 918 2343 τὰ

134 2363 264 2398 μεγαλεῖα
286 2362 333 2389 τοῦ
351 2362 417 2388 Θεοῦ
428 2371 434 2377 ·
459 2363 504 2389 καὶ
523 2362 576 2397 γὰρ
598 2361 750 2396 ἐθαύμαζον
767 2362 818 2388 ὑπὸ
835 2362 918 2397 μόνης

132 2410 181 2444 τῆς
199 2408 262 2439 θέας
286 2408 555 2443 καταπληττόμεναι·
578 2407 626 2434 καὶ
645 2406 721 2439 αὖθις
748 2408 918 2443 παρεκάλουν

133 2453 217 2488 αὐτὴν
230 2453 404 2487 φθέγξασθαι.
419 2454 480 2480 Ἐπὶ
495 2453 562 2480 πολὺ
573 2453 601 2480 δὲ
615 2453 663 2488 τῆς
677 2454 812 2490 μακαρίας
825 2454 918 2481 ἐκδια-

134 2496 260 2534 ζομένης,
280 2500 347 2534 μετὰ
361 2500 455 2535 χρόνον
476 2499 577 2531 ἱκανὸν,
599 2498 698 2534 πολλῆς
712 2500 825 2534 ἡσυχίας
839 2509 916 2534 γενος

135 2545 227 2580 μένης,
253 2547 367 2581 ταπεινῇ
390 2547 422 2581 τῇ
451 2547 525 2581 φωνῇ
549 2546 579 2571 τὸ
600 2545 733 2582 γραφικόν
757 2546 844 2571 ἐκεῖνο
866 2545 917 2580 ἔφη

135 2591 208 2626 ῥῆμα
226 2590 256 2617 τό
266 2599 273 2604 ·
286 2591 334 2625 Μὴ
347 2591 479 2621 ἐκϐιάζου
490 2591 603 2625 πένητα
611 2600 618 2608 ·
633 2591 749 2626 πτωχὸς
760 2591 814 2626 γάρ
824 2591 917 2618 ἐστιν.

134 2637 165 2662 Αἱ
181 2636 209 2663 δὲ
223 2636 359 2672 παροῦσαι
379 2637 503 2672 ἀσμένως
518 2637 548 2664 τὺ
565 2638 639 2673 ῥῆμα
652 2637 806 2671 δεξάμεναι,
825 2628 918 2673 ὥσπερ

136 2683 240 2718 μέλιτος
261 2683 308 2709 καὶ
328 2682 425 2718 κηρίον
445 2683 676 2718 ἀπογευσάμεναι,
693 2683 738 2709 ἐπὶ
760 2683 850 2710 πλεῖον
868 2683 918 2718 τῆς

135 2728 294 2764 ἐρωτήσεως
315 2728 434 2763 εἴχοντο·
456 2729 502 2755 καὶ
525 2729 616 2756 λοιπὸν
640 2729 684 2756 διὰ
698 2728 753 2756 τῶν
774 2728 917 2764 γραφικῶν

966 222 1103 249 instructi.
1119 221 1186 248 Nam
1202 221 1252 248 etsi
1275 224 1424 255 tempestas
1449 219 1541 247 sedata
1558 218 1603 250 sil,
1625 221 1652 243 at
1674 223 1748 241 mare

966 267 1138 294 imminutum
1159 275 1211 293 non
1235 267 1336 298 fuit,ct
1359 266 1382 294 si
1404 265 1554 292 secundum
1577 261 1747 298 przrterierit,

965 314 1078 341 tertium
1095 318 1236 340 remanet:
1255 321 1287 340 ac
1301 314 1323 340 si
1341 312 1415 347 quod
1434 310 1535 338 accidit
1549 314 1681 336 remotum
1694 311 1747 340 est,

965 367 1059 386 verum
1072 359 1150 386 adest
1165 359 1239 386 illius
1253 365 1348 386 causa.
1368 357 1414 384 Sic
1427 357 1511 384 etiam
1523 356 1551 382 in
1565 362 1594 382 re
1607 353 1747 390 praesenti,

965 407 1016 433 etsi
1031 405 1144 440 spiritus
1166 405 1397 440 concupiscentia;
1421 404 1517 438 pulsus
1537 402 1603 432 fuit,
1626 404 1748 427 attamen

966 451 1037 477 haud
1054 451 1147 486 procul
1176 456 1218 478 est.
1243 451 1266 478 is
1293 450 1344 478 sub
1359 449 1438 484 cujus
1452 449 1556 476 ditione
1568 447 1626 475 “est.
1647 445 1750 478 Quam-

966 495 1058 523 obrem
1075 495 1262 522 indesinenter
1274 495 1419 526 orandum,
1432 494 1468 521 ob
1481 493 1565 520 maris
1583 491 1749 519 instabilita-

965 544 1021 567 tem
1034 543 1062 567 et
1074 533 1272 574 salsuginosam
1289 538 1392 566 inimici
1407 538 1566 573 nequitiam.
1589 536 1672 564 Beata
1697 535 1749 570 ἱείς

967 590 1011 613 tur
1026 585 1083 617 illa,
1099 592 1181 620 gnara
1192 588 1382 619 tempestatum
1392 584 1473 619 hujus
1482 584 1554 614 vitae,
1568 581 1748 617 prospiciens-

966 639 1020 666 que
1031 635 1173 658 ventorum
1186 631 1330 665 procellas,
1347 630 1477 657 naviculae
1495 636 1551 656 suae
1564 627 1748 663 gubernacula

966 678 1066 713 pietate
1085 684 1148 713 erga
1172 677 1256 704 Deum
1274 684 1323 704 sna
1341 676 1492 710 dirigebat,
1519 681 1632 710 eamque
1652 681 1667 700 a
1681 679 1748 704 tem-

966 726 1070 758 pestate
1088 722 1253 750 incolumem
1271 721 1305 748 ad
1323 721 1469 749 salutarem
1488 723 1596 754 portum
1617 718 1680 746 fecit
1699 725 1747 752 ap-

967 770 1078 805 pellere,
1092 769 1241 804 posuitque
1257 768 1405 795 anchoram
1420 766 1597 797 tutissimam,
1619 764 1698 791 (idem
1719 764 1747 790 in

965 815 1069 844 Iesum.

997 905 1042 932 20.
1059 903 1214 940 Apostolica
1229 907 1287 930 erat
1305 901 1378 929 illius
1403 900 1468 929 vita.
1487 898 1538 926 fide
1552 902 1578 925 et
1592 895 1746 925 voluntaria

963 954 1122 985 paupertate
1148 949 1308 980 constricta,
1339 947 1475 974 charitate
1500 944 1638 978 refulgens
1665 946 1747 976 atque

963 996 1128 1022 humilitate.
1147 995 1207 1029 Ipsa
1234 993 1363 1020 salutaris
1386 990 1521 1019 sermonis
1541 997 1610 1024 opus
1621 988 1746 1023 peregit:

963 1041 1117 1068 Ambulabis
1132 1040 1215 1071 enim,
1225 1039 1322 1073 inquit,
1332 1045 1408 1072 super
1421 1035 1537 1070 aspidem
1549 1039 1573 1061 et
1584 1034 1746 1061 basiliscum.

963 1092 1073 1121 elsupar
1089 1095 1189 1113 omnem
1211 1086 1330 1112 virtutem
1355 1083 1455 1110 inimici
1472 1081 1503 1109 ⁸³.
1532 1081 1660 1107 Audierat
1682 1086 1749 1106 sane

964 1133 1022 1167 ipsa
1042 1131 1196 1167 hujusmodi
1211 1138 1305 1158 vocem
1327 1138 1333 1155 :
1348 1127 1428 1163 Euge,
1444 1135 1515 1154 serve
1530 1126 1593 1152 bone
1610 1130 1633 1152 et
1649 1124 1746 1159 fidelis,

963 1179 1026 1213 quia
1039 1185 1116 1211 super
1134 1184 1218 1211 pauca
1231 1175 1306 1210 fuisti
1317 1174 1414 1208 ﬁdelis,
1431 1181 1507 1206 super
1522 1172 1606 1198 multa
1618 1176 1641 1197 te
1650 1170 1748 1197 consu-

965 1229 1036 1250 tuam
1051 1223 1084 1249 ⁸⁵.
1102 1222 1167 1255 Qua
1190 1221 1300 1256 quidem
1327 1220 1462 1247 sententia
1480 1218 1551 1253 ~licet
1566 1217 1699 1245 referatur
1713 1216 1748 1242 ad

964 1271 1046 1300 dona,
1059 1273 1179 1296 attamen
1195 1269 1247 1295 hoc
1261 1268 1320 1294 loco
1335 1267 1375 1294 sic
1396 1266 1580 1299 intelligatur:
1603 1263 1671 1296 Quia
1686 1271 1747 1290 cor—

965 1317 1050 1352 porali
1063 1316 1151 1343 vicisti
1164 1314 1266 1350 prmlio.
1282 1314 1363 1342 etiam
1380 1313 1414 1340 de
1427 1311 1560 1347 spirituali
1580 1309 1692 1337 victoria
1705 1316 1748 1336 me

965 1363 1113 1390 auxiliante
1141 1366 1271 1396 tropaeum
1294 1360 1391 1394 erigas.
1412 1358 1532 1385 Noscant
1550 1356 1610 1383 lidei
1625 1360 1677 1383 tua:
1691 1363 1748 1382 ma-

964 1407 1132 1442 gnitudinem
1148 1406 1318 1441 principatus
1332 1408 1358 1431 et
1371 1406 1520 1438 potestates
1536 1409 1551 1428 a
1568 1401 1669 1428 fanmlo
1687 1407 1749 1427 meo

965 1453 1049 1480 Paulo
1074 1456 1248 1480 memoratae:
1271 1458 1334 1477 nam
1361 1457 1420 1484 qua:
1443 1448 1578 1483 superasti
1596 1445 1748 1473 contrarias

965 1502 1125 1534 potestates,
1138 1505 1200 1524 cum
1217 1494 1454 1532 prastantioribus
1469 1492 1631 1520 versaberis.

994 1585 1040 1612 2|.
1056 1584 1095 1611 Ad
1110 1584 1182 1611 hunc
1190 1591 1256 1617 ergo
1273 1582 1381 1610 modum
1394 1581 1516 1608 solitaria
1542 1580 1683 1611 secedens,
1698 1577 1749 1605 bo’

962 1633 1006 1660 nis
1020 1631 1149 1666 operibus
1163 1630 1285 1658 vacabat.
1303 1629 1331 1656 ln
1360 1629 1418 1656 dies
1444 1632 1534 1655 autem
1556 1635 1618 1654 cum
1633 1626 1749 1653 virtutes

962 1678 1037 1705 illius
1052 1677 1190 1709 florerent,
1205 1676 1296 1703 bonus
1320 1675 1388 1702 odor
1405 1674 1675 1709 przeclarissimorum
1688 1672 1749 1706 ejus

963 1725 1087 1752 laborum
1101 1724 1134 1751 ad
1152 1723 1252 1750 multos
1267 1721 1434 1756 permeavit:
1455 1719 1530 1746 Nihil
1545 1718 1627 1749 enim,
1650 1717 1748 1752 inquit,

963 1774 1001 1797 est
1026 1769 1156 1796 occultant
1181 1767 1250 1803 quod
1267 1775 1317 1793 non
1344 1765 1469 1792 reveletur
1492 1765 1525 1791 ⁸⁵.
1549 1763 1623 1791 Solet
1650 1763 1750 1797 quippe

964 1817 1036 1844 Deus
1051 1823 1099 1843 eos
1114 1815 1160 1850 qui
1179 1822 1208 1841 se
1233 1813 1361 1849 diligunt,
1377 1812 1459 1840 etiam
1476 1819 1523 1846 per
1536 1818 1596 1838 sese
1614 1814 1692 1837 notos
1710 1809 1751 1836 fa-

964 1870 1035 1894 cere,
1048 1862 1081 1889 nd
1093 1860 1290 1888 correctionem
1301 1859 1473 1893 fructumque
1481 1856 1660 1884 audientium.
1673 1854 1751 1882 Tunc

965 1908 1048 1943 igitur
1072 1915 1106 1934 ex
1125 1906 1210 1934 divini
1233 1905 1359 1932 Numinis
1372 1904 1498 1935 consilio,
1514 1905 1657 1937 coaperunt
1681 1908 1751 1928 non-

966 1953 1047 1981 nulla:
1062 1952 1136 1980 illam
1151 1951 1236 1984 adire,
1254 1955 1281 1979 et
1305 1951 1337 1978 ad
1358 1951 1503 1978 utilitatem
1520 1957 1597 1977 suam
1613 1947 1751 1983 colloquia

966 2006 1027 2026 enm
1039 2005 1071 2026 ea
1088 1997 1214 2028 miscere,
1231 2004 1263 2024 ex
1275 1996 1420 2031 colloquiis
1437 1995 1510 2023 enim
1524 1995 1586 2022 vitae
1609 1995 1682 2022 illius
1706 2001 1737 2021 ra

967 2045 1068 2071 tionem
1083 2043 1221 2071 lucrantes
1233 2044 1332 2078 saapius
1348 2043 1523 2074 accedebant,
1537 2041 1677 2077 profectus
1691 2049 1750 2069 am-

968 2089 1063 2124 plioris
1075 2088 1238 2124 percupidze.
1254 2087 1321 2114 Nam
1339 2095 1389 2123 pro
1408 2090 1518 2122 recepto
1530 2095 1605 2115 more
1619 2087 1752 2122 rogabant

968 2143 1027 2163 eam
1041 2145 1048 2163 :
1062 2143 1116 2171 qua
1126 2136 1168 2162 via
1180 2135 1294 2162 salutem
1305 2134 1436 2169 consequi
1446 2137 1563 2169 oportet.
1576 2133 1622 2160 Illa
1633 2133 1752 2169 graviter

934 2196 955 2223 Β
969 2181 1162 2216 ingemiscens,
1177 2187 1274 2215 magna
1288 2180 1373 2208 effusa
1385 2181 1412 2207 vi
1427 2180 1618 2215 lacrymarnm,
1639 2187 1696 2207 rem
1708 2187 1752 2207 se-

969 2234 1030 2253 cum
1042 2226 1237 2261 perpendehat,
1255 2233 1287 2252 ac
1301 2225 1379 2260 quasi
1390 2233 1437 2260 per
1445 2226 1579 2261 lacrymas
1595 2225 1753 2260 respondis-

969 2275 1011 2298 set
1035 2271 1278 2306 interrogantibus,
1295 2270 1321 2297 in
1346 2270 1454 2298 silentio
1471 2270 1569 2297 iterum
1583 2278 1612 2298 se
1631 2271 1752 2298 contine-

970 2317 1025 2344 bat.
1039 2317 1093 2343 illa:
1108 2324 1172 2344 vero
1188 2324 1241 2343 una
1256 2316 1309 2343 vim
1326 2315 1475 2343 all'ercbant
1484 2319 1513 2343 ut
1524 2316 1681 2351 loqueretur
1695 2323 1752 2342 ma-

969 2362 1058 2398 gnalia
1073 2361 1121 2389 Dei
1139 2365 1236 2390 :erant
1247 2363 1318 2389 enim
1337 2363 1397 2390 solo
1410 2362 1449 2390 rei
1466 2362 1624 2397 spectaculo
1640 2366 1753 2396 stupore

969 2407 1111 2443 perculsae.
1130 2407 1304 2442 Rursumque
1321 2407 1451 2443 rogabant
1468 2416 1526 2434 eam
1540 2411 1568 2434 ut
1583 2408 1750 2442 loqueretur.

969 2453 1136 2488 Demumque
1157 2453 1182 2480 vi
1209 2453 1360 2489 compulsa,
1389 2458 1450 2488 post
1475 2453 1596 2481 diuturni
1622 2454 1751 2488 temporis

970 2499 1088 2535 quietem
1106 2507 1138 2526 ac
1152 2499 1303 2531 silentium,
1319 2499 1412 2527 humili
1437 2507 1503 2527 voce
1521 2507 1580 2527 eam
1605 2494 1754 2534 Scriptura:

969 2546 1081 2581 protulit
1098 2547 1260 2574 sententiam
1278 2555 1284 2573 :
1300 2545 1341 2573 Ne
1363 2546 1447 2580 facias
1461 2546 1610 2572 violentiam
1633 2547 1752 2580 pauperi,

969 2592 1042 2627 inops
1053 2593 1121 2619 enim
1135 2596 1172 2619 est
1189 2592 1221 2620 ⁸⁸.
1240 2591 1296 2619 Hoc
1310 2592 1412 2619 dictum
1429 2592 1480 2620 illae
1490 2591 1607 2619 libenter
1616 2591 1754 2626 excipien-

968 2641 1020 2671 tes,
1038 2638 1118 2673 quasi
1132 2638 1185 2665 mel
1200 2642 1228 2665 et
1239 2637 1329 2665 favum
1350 2638 1551 2673 degustassent,
1564 2637 1753 2665 vehementius

967 2683 1106 2711 instabant
1116 2683 1320 2718 interrogando,
1334 2683 1473 2711 vocabulis
1487 2683 1616 2719 deinceps
1629 2691 1661 2711 ex
1676 2682 1752 2710 Scri-

967 2733 1046 2764 ptura
1060 2730 1190 2756 mutuatis
1200 2729 1334 2765 urgebant
1343 2729 1523 2766 dicebantque
1531 2729 1569 2757 illi
1584 2739 1590 2757 :
1604 2727 1694 2758 Gratis
1708 2737 1754 2758 αε-

172 2804 193 2820 ⁶³
211 2803 284 2832 Psal.
301 2811 353 2838 xc,
373 2804 423 2839 15;
443 2804 507 2834 Luc.
526 2814 560 2840 ι,
579 2805 621 2834 l9.
660 2806 683 2823 θ’
702 2805 796 2834 Matth.
815 2814 878 2842 xxv,
895 2805 912 2833 2

967 2805 1004 2834 25.
1043 2807 1065 2823 ⁸⁵
1085 2796 1181 2834 Matth.
1197 2814 1231 2841 x,
1248 2806 1294 2835 26.
1332 2807 1355 2824 ⁶⁶
1370 2807 1449 2836 Prov.
1468 2815 1539 2842 nn,
1556 2808 1602 2838 22.
