1919 3064
157 82 225 109 H99

729 83 759 110 S.
781 83 1013 112 ATHANASlUS:
1035 97 1071 105 -ο
1086 83 1226 111 'SPURIA.

1717 82 1788 109 f500

155 140 258 174 cepisti.
273 139 358 175 gratis
371 141 406 167 da
418 141 451 168 ⁸⁷.
469 141 541 168 Cave
558 148 592 168 ne
606 143 667 168 luas
680 148 776 176 patrias
791 141 944 169 absconditi

1009 143 1082 178 ιὺτὴν
1095 142 1225 177 ῥημάτων
1237 141 1413 176 ὲπεφόρτιζον
1423 149 1429 155 ·
1442 141 1532 175 ἔλεγον
1545 148 1599 176 γαρ
1613 139 1680 176 πρὸς
1690 141 1786 176 αὐτὴν,

156 186 249 212 talenti
266 186 354 213 instar
366 187 437 214 servi
453 187 537 214 illius.
556 186 625 214 Tum
643 187 689 213 illa
705 187 864 222 respondit:
876 187 949 220 Quid

158 233 194 259 ita
213 233 247 260 de
263 241 305 261 me
322 234 473 268 peccatrice
486 234 630 269 magniﬁce
647 235 765 267 sentitis,
782 235 861 269 quasi
883 236 946 262 boni

159 280 263 314 aliquid
279 279 390 306 fecerim
407 284 454 306 aut
471 279 604 306 dixerim?
619 279 798 308 Communem
818 281 950 309 habemus
968 273 974 276 ’

159 326 319 360 magistrum
329 325 475 353 Dominum
487 335 493 358 ;
507 334 540 353 ex
551 327 634 361 620
643 326 737 354 iisdem
751 326 872 355 fontibus
883 327 951 354 hau-

159 371 246 398 rimus
265 371 424 406 spirituales
446 371 561 404 latices;
576 371 734 399 eorumdem
754 372 867 400 uberum
881 372 951 400 lacte

159 417 307 448 nutrimur,
326 415 432 444 Veteris
449 416 554 444 scilicet
569 416 691 452 Novique
710 416 885 445 Testamenti.
898 417 952 445 Illa:

159 469 224 489 vcro
242 471 249 488 :
269 461 341 490 Sane
364 463 491 489 novimus
507 470 556 490 nos
573 470 682 497 quoque
696 471 779 489 unum
796 463 875 491 nobis
890 471 952 491 esse

160 507 347 542 pardagogum,
363 507 534 542 Scripturam
549 507 684 538 videlicet.
701 507 881 543 eumdemque
895 516 952 535 ma-

161 553 277 593 gistrum
296 563 302 581 :
317 562 411 581 verum
424 559 453 580 tu
473 553 563 580 studio
574 554 697 588 pervigili
712 554 843 580 virtutum
859 561 951 581 acces-

161 601 266 627 sionem
282 600 428 634 acccpisti;
443 607 546 634 parque
558 604 600 627 est
610 608 656 627 cas
669 608 729 634 quae
744 601 853 629 virtutis
871 609 951 629 usum

162 654 194 673 ac
208 647 433 674 consuetudinem
449 650 535 673 nacta:
551 650 627 678 sunt,
650 651 744 682 utpote
760 647 897 679 fortiores,
910 648 953 682 ju—

162 693 277 720 venibus
290 700 368 728 opem
381 692 462 724 ferre,
475 693 576 720 etenim
591 693 643 720 hoc
658 694 785 729 praecepit
799 695 953 722 communis

163 739 292 772 magister
306 742 410 765 noster.
431 737 479 765 His
495 738 597 766 auditis
617 739 696 766 beata
713 739 798 774 virgo,
814 740 900 767 instar
912 741 953 766 in-

163 783 277 810 fantium
288 784 556 817 lactentium,erupit
571 784 598 810 in
614 784 758 819 lacrymas.
772 784 826 812 Illa:
838 792 953 812 concur—

163 836 266 862 rentes,
289 829 442 864 posthabita
470 814 687 864 percontatione,
714 831 846 865 rogabant
863 835 891 857 ut
913 832 950 858 lu-
971 814 989 840 Β

163 877 305 912 crymandi
322 877 400 903 finem
414 876 525 904 faceret.
547 876 637 911 thue
652 877 697 903 illa
711 877 876 911 conquievit,
892 877 953 904 diu-

165 927 274 949 turnum
291 923 381 949 denuo
398 921 449 948 fuit
473 921 624 950 silentium.
650 923 754 950 Exinde
778 931 842 950 vero
857 931 954 951 rursus

164 969 345 996 hortabantur
360 969 451 996 illam:
467 976 528 1003 quae
543 969 729 996 misericordia
743 974 891 1001 commota,
904 978 954 997 nec

164 1015 293 1050 ignorans
305 1022 365 1050 qua:
381 1015 489 1042 dictura
504 1019 577 1042 esset
590 1023 642 1042 non
664 1015 715 1042 sibi
731 1015 862 1042 honorem
886 1016 955 1042 alla-

164 1065 236 1093 tura,
251 1061 297 1088 sed
310 1062 453 1089 utilitatem
469 1061 503 1088 iis
514 1061 560 1096 qui
578 1061 691 1088 aderant
712 1061 840 1094 insitura,
855 1062 892 1088 ita
901 1070 955 1090 ser-

165 1115 272 1134 monem
285 1114 348 1134 orsa
363 1110 405 1134 est
416 1115 422 1132 :

1000 189 1036 220 ὡς
1058 188 1172 222 Δωρεὰν
1186 187 1302 220 ἔλαϐες,
1319 186 1431 221 δωρεὰν
1451 186 1513 220 δός.
1529 186 1582 213 Καί
1601 195 1699 222 φησιν·
1715 187 1787 222 Ὅρα

1002 235 1039 270 μὴ
1054 234 1101 270 τὴν
1122 234 1338 270 κρυψοτάλαντον
1358 233 1419 260 ἀντὶ
1436 233 1481 259 τοῦ
1497 233 1590 260 δούλου
1605 232 1736 266 ἀποτίσῃς
1749 233 1788 259 δί-

1001 290 1063 317 κην.
1073 281 1103 307 Ἡ
1119 281 1146 306 δὲ
1156 281 1331 316 πρὸςξαὺτοὺς
1347 280 1386 315 (α)
1401 278 1488 306 εἶπεν·
1503 278 1535 306 Τί
1548 279 1635 310 οὕτως
1647 279 1710 314 περὶ
1721 278 1787 314 ἐμοῦ

1000 328 1052 363 τῆς
1077 327 1239 363 ἁμαρτωλοῦ
1264 326 1442 362 φαντάζεσθε,
1462 325 1500 358 ὡς
1526 325 1699 361 πραττούσης
1721 334 1747 352 τι
1771 325 1787 359 ἢ

1001 374 1150 410 λεγούσης;
1166 374 1264 400 Κοινὸν
1277 373 1374 409 ἔχομεν
1393 372 1550 400 διδάσκαλον
1560 372 1605 399 τδν
1624 371 1725 407 Κύριον
1736 380 1742 387 ·
1757 373 1788 399 ὲκ

1001 422 1051 456 τῆς
1064 421 1149 455 αὐτῆς
1169 420 1259 455 πηγῆς
1274 419 1413 454 ἀρυόμεθα
1425 418 1460 445 τὰ
1475 418 1647 453 πνευματικὰ
1665 417 1787 453 νάματα·

1002 467 1034 493 ὲκ
1051 467 1104 492 τῶν
1119 465 1208 493 αὐτῶν
1221 466 1250 492 δὲ
1271 465 1363 500 μαζῶν
1373 463 1674 499 γαλακτοτροφούμεθα,
1691 464 1740 498 τῆς
1760 471 1790 490 τε

1003 513 1122 544 Παλαιᾶς
1139 512 1187 539 καὶ
1205 511 1255 546 τῆς
1270 511 1373 546 Καινῆς
1394 511 1540 546 Διαθήκης.
1564 510 1597 536 Αἱ
1615 509 1643 535 δὲ
1659 509 1728 544 πρὸς
1741 509 1790 534 αὐ-

1003 559 1052 594 τήν
1068 567 1150 592 φασιν
1161 566 1168 572 ·
1183 557 1300 592 οἴδαμεν
1323 557 1370 583 καὶ
1389 557 1479 592 ἡμεῖς,
1494 557 1534 583 ὅτι
1558 556 1607 590 μία
1624 555 1697 581 ἐστὶν
1711 554 1791 590 ἡμῶν

1003 604 1186 638 παιδαγωγὸς,
1205 605 1221 639 ἠ
1237 603 1342 639 Γραφὴ,
1357 603 1404 629 καὶ
1420 603 1434 628 ὀ
1448 602 1528 633 αὐτὸς
1543 601 1699 632 διδάσκαλος
1709 610 1715 615 ·
1732 600 1790 627 ἀλλ’

1003 651 1072 686 αὐτῇ
1084 650 1120 684 (ὁ)
1131 649 1298 684 ἐπαγρύπνῳ
1308 649 1408 684 σπουδῇ
1420 648 1575 683 προέκοψας
1593 649 1653 679 ταῖς
1667 648 1789 682 ἀρεταῖς·

1004 697 1050 723 καὶ
1063 696 1122 722 δέον
1131 696 1180 726 τὰς
1200 696 1228 721 ὲν
1242 694 1297 727 ἕξει
1310 693 1364 721 τῶν
1379 694 1471 720 καλῶν
1487 693 1646 729 γενομένας,
1662 693 1699 724 ὠς
1712 693 1793 720 δυνα-

1003 743 1134 778 τωτέρας,
1161 741 1339 777 ὲπιπράττειν
1363 742 1419 772 τοῖς
1443 740 1613 776 μειρακίοιςο
1629 740 1676 766 καὶ
1698 738 1753 775 γὰρ
1777 739 1793 765 ὁ

1005 789 1094 820 κοινὸς
1110 788 1187 823 ἡμῶν
1201 787 1358 819 διδάσκαλος
1379 786 1458 813 τοῦτο
1472 785 1696 822 παρακελεύεται.
1715 786 1747 811 Ἡ
1762 785 1792 812 δὲ

1006 833 1138 869 μακαρία,
1166 833 1252 862 ταῦτα
1283 832 1439 863 ἀκούσασα,
1469 831 1563 866 ὥσπερ
1589 831 1623 858 τὰ
1651 829 1793 857 ὑποτίτθια

1006 880 1102 915 βρέφη,
1121 878 1347 914 ἐκλαυθμύριζεν.
1365 878 1396 904 Αἱ
1421 878 1450 904 δὲ
1469 876 1642 903 συνελθοῦσαι
1658 883 1664 890 ·
1686 878 1714 903 ὲν
1733 876 1796 902 δευ-

1004 926 1076 960 τέρῳ
1091 925 1202 960 θέμεναι
1224 925 1273 959 τὴν
1293 925 1436 960 ἐρώτησιν,
1455 923 1626 958 παρεκάλουν
1646 922 1730 958 αὐτὴν
1747 921 1795 948 τοῦ

1005 971 1144 1006 κλαυθμοῦ
1171 970 1335 997 παύσασθαι.
1360 970 1415 996 Καὶ
1444 969 1481 1001 ὡς
1509 969 1654 1004 ἡσύχασεν,
1679 968 1796 994 ἐπιπολὺ

1007 1017 1087 1044 πάλιν
1111 1017 1209 1052 ἡσυχία
1231 1015 1346 1050 ἐγένετο.
1368 1014 1504 1050 Ἤρξαντο
1525 1014 1554 1040 δὲ
1573 1011 1649 1045 αὖθις
1669 1022 1796 1048 παρακα-

1008 1063 1064 1089 λεῖν
1078 1063 1171 1097 αὐτὴν.
1195 1062 1226 1088 Ἠ
1247 1061 1286 1093 δὲ,
1306 1059 1544 1095 σπλαγχνισθεῖσα,
1566 1060 1612 1086 καὶ
1631 1059 1742 1093 γνοῦσα,
1755 1059 1797 1085 ὅτι

1008 1108 1042 1134 τὰ
1062 1108 1194 1143 λεγόμενα
1207 1108 1238 1134 οὐ
1262 1108 1339 1143 νέμει
1358 1107 1426 1141 αὐτῇ
1443 1105 1563 1137 ἔπαινον,
1578 1107 1637 1138 ταῖς
1652 1105 1679 1132 δὲ
1694 1104 1798 1140 παρού-

166 1162 226 1185 σαις
238 1154 417 1190 κατασπείρει
431 1153 573 1188 ὠφέλειαν,
595 1153 696 1189 ἤρξατο
711 1153 800 1188 λέγειν
815 1155 883 1190 πρὸς
903 1155 986 1188 αὑτὰς
1001 1155 1086 1187 οὕτως
1100 1163 1107 1170 '

199 1210 244 1237 22.
264 1209 376 1244 Filiolaz,
390 1210 482 1237 cuncti
494 1217 527 1237 ac
542 1215 649 1237 cuncta:
663 1211 800 1242 novimus,
810 1219 863 1246 qua
877 1211 955 1239 ratio-

166 1263 200 1283 ne
217 1257 332 1283 salutem
349 1263 562 1290 consequamur,
585 1256 633 1283 sed
646 1256 752 1283 incuria
773 1256 925 1284 dccidimus
940 1265 955 1284 ἢ

166 1302 262 1330 salute.
274 1302 365 1330 Primo
380 1303 453 1329 enim
466 1307 575 1337 oportet
588 1310 619 1329 ea
630 1310 741 1330 servare
757 1311 818 1338 qua:
829 1311 877 1338 per
900 1303 954 1330 Do—

166 1349 230 1376 mini
244 1348 359 1384 gratiam
373 1349 471 1376 tradita
481 1349 560 1376 nobis
571 1353 645 1376 sunt.
660 1348 730 1376 Sunt
743 1353 834 1376 autem
844 1350 954 1377 isthaac:

166 1395 266 1430 Diliges
290 1394 432 1422 Dominum
450 1395 532 1422 Deum
544 1400 618 1422 tuum
637 1401 736 1422 extola
750 1396 841 1422 anima
856 1400 912 1429 tua,
931 1400 955 1422 et

1041 1212 1086 1240 22.
1105 1211 1216 1243 Τεκνία,
1234 1213 1333 1244 πάντες
1356 1213 1403 1239 καὶ
1425 1213 1511 1239 πᾶσαι
1528 1211 1559 1238 τὸ
1581 1210 1698 1246 σωθῆναι
1722 1210 1795 1237 οἴδα-

1009 1268 1067 1295 μεν,
1092 1257 1158 1284 ἀλλὰ
1180 1257 1224 1284 διὰ
1247 1257 1295 1292 τῆς
1314 1258 1417 1289 οἰκείας
1437 1256 1566 1292 ἀμελείας
1587 1256 1636 1291 τῆς
1658 1255 1795 1290 σωτηρίας

1008 1303 1220 1339 ἀπολειπόμεθα.
1238 1305 1283 1330 Δεῖ
1301 1303 1354 1339 γὰρ
1373 1303 1478 1337 πρῶτον
1499 1302 1532 1329 τὰ
1551 1301 1595 1329 διὰ
1614 1302 1663 1337 τῆς
1683 1301 1796 1336 χάριτος

1007 1351 1054 1377 τοῦ
1074 1350 1176 1386 Κυρίου
1192 1350 1377 1385 γνωρισθέντα
1392 1349 1545 1384 φυλάττειν.
1565 1348 1625 1375 Εἰσὶ
1645 1348 1673 1374 δὲ
1690 1347 1776 1374 ταῦτα
1787 1355 1794 1362 ⁸

1015 1396 1190 1431 Ἂγαπήσεις
1215 1396 1269 1423 τὸν
1292 1396 1404 1430 Κύριον
1427 1396 1479 1423 τὸν
1496 1395 1570 1422 Θεόν
1591 1403 1650 1421 σου
1668 1394 1701 1426 ἐξ
1722 1393 1798 1426 ὅλης

166 1441 315 1474 proximum
332 1445 404 1468 tuum
416 1441 484 1468 sicut
496 1442 604 1475 teipsum
620 1440 698 1469 ".Ex
712 1442 786 1469 hisce
795 1442 955 1477 principium

1009 1443 1063 1477 τῆς
1080 1442 1184 1477 ψυχῆς
1195 1450 1264 1474 σου,
1275 1442 1325 1469 καὶ
1341 1442 1395 1469 τὸν
1408 1442 1542 1476 πλησίον
1555 1449 1612 1468 σου
1624 1441 1663 1474 ὡς
1674 1441 1795 1468 ἑαυτόν.

168 1487 235 1521 legis
251 1491 386 1519 servatur,
405 1487 432 1514 in
448 1487 491 1514 his
506 1487 679 1522 conquiescit
694 1489 790 1522 gratiae
803 1488 953 1523 plenitudo.

167 1531 260 1560 Brevis
276 1533 384 1568 quidem
407 1537 450 1561 cst
464 1534 608 1561 verborum
626 1542 721 1567 sonus,
737 1534 785 1562 sed
807 1534 890 1561 multa
905 1535 955 1560 im-

168 1587 315 1614 mensaque
331 1579 358 1606 in
372 1580 412 1606 cis
429 1579 526 1607 virtus.
545 1580 581 1606 Ex
603 1580 645 1608 his
655 1581 728 1607 enim
748 1581 870 1615 pendent
887 1588 956 1607 cun-

167 1629 211 1652 cta
227 1626 321 1653 anima:
335 1626 418 1652 utilia.
429 1625 610 1661 Testaturquc
622 1627 722 1653 Paulus
732 1627 811 1654 linem
822 1627 888 1662 legis
896 1635 956 1654 esse

169 1671 327 1698 charilatem
345 1672 378 1699 ".
391 1671 481 1705 Quare
492 1673 624 1708 quidquid
642 1673 767 1701 homines
783 1674 849 1700 utile
863 1681 958 1701 secun-

169 1717 233 1744 dum
253 1718 366 1752 gratiam
385 1717 502 1752 Spiritus
522 1719 651 1750 dixerint,
666 1727 699 1746 ex
719 1719 851 1747 cbaritate
870 1720 958 1746 oritur

169 1766 196 1789 et
212 1763 238 1789 in
258 1771 316 1790 eam
330 1763 441 1791 desinit.
459 1765 588 1800 Adeoque
603 1765 660 1792 hac
682 1769 725 1793 est
749 1765 834 1798 salus,
857 1765 957 1800 duplex

170 1807 303 1834 Charitas.

1015 1489 1062 1515 Ἐκ
1083 1489 1183 1515 τούτων
1200 1490 1217 1524 ἡ
1244 1488 1315 1524 ἁρχὴ
1339 1487 1386 1514 τοῦ
1410 1488 1492 1523 νόμου
1517 1487 1689 1522 φυλάττεται,
1705 1486 1751 1513 καὶ
1767 1486 1798 1512 ὲν

1008 1534 1095 1569 τούτῳ
1111 1535 1140 1560 τὸ
1156 1534 1291 1570 πλήρωμα
1306 1534 1356 1569 τῆς
1372 1533 1481 1570 χάριτος
1499 1533 1708 1560 ἐπαναπαύεται.
1727 1532 1800 1568 Βρα-

1009 1583 1070 1616 χεῖα
1087 1581 1134 1616 μὲν
1157 1580 1204 1607 τοῦ
1232 1581 1311 1615 λόγου
1332 1582 1358 1616 ἠν
1373 1580 1536 1616 ὲκφώνησις,
1560 1579 1628 1606 ἀλλὰ
1647 1579 1731 1614 πολλὴ
1750 1581 1799 1605 καὶ

1010 1627 1122 1663 ἄπειρος
1138 1628 1154 1662 ή
1175 1627 1203 1653 ὲν
1221 1627 1306 1662 τούτῳ
1325 1626 1420 1653 τούτου
1435 1626 1557 1661 δύναμις.
1581 1625 1673 1652 Πάντα
1694 1625 1747 1661 γὰρ
1764 1625 1799 1651 τὰ

1010 1671 1155 1706 ψυχωφελῆ
1170 1671 1202 1697 ὲκ
1216 1670 1318 1697 τούτων
1332 1671 1462 1706 ἧρτηνται
1472 1679 1478 1686 ·
1503 1671 1549 1697 καὶ
1571 1671 1704 1706 μαρτυρεῖ
1724 1670 1800 1697 Παῦ-

1011 1716 1064 1748 λος,
1079 1716 1165 1750 λέγων
1184 1716 1222 1747 ὡς
1237 1716 1313 1748 τέλος
1334 1717 1416 1751 νόμου
1440 1714 1509 1743 εἶναι
1524 1716 1574 1752 τὴν
1594 1717 1712 1751 ἀγάπην.
1729 1716 1799 1742 Ὀσα

1013 1762 1062 1798 μὲν
1075 1760 1121 1788 οὖν
1141 1763 1167 1787 οἱ
1183 1761 1320 1797 ἄνθρωποι
1336 1763 1459 1798 χρήσιμα
1473 1761 1544 1789 κατὰ
1557 1762 1635 1797 χάριν
1646 1761 1692 1788 τοῦ
1709 1761 1798 1787 Πνεύ-

1013 1816 1097 1843 ματος
1120 1807 1243 1839 εἴπωσιν,
1267 1807 1300 1833 ἐκ
1325 1807 1375 1842 τῆς
1397 1807 1506 1842 ἀγάπης
1530 1806 1598 1839 ἐστὶ,
1622 1806 1668 1833 καὶ
1690 1806 1729 1837 εἰς
1751 1805 1800 1832 αὺ-

170 1855 220 1890 τὴν
241 1855 362 1891 τελευτᾷ.
382 1856 414 1882 Ἦ
435 1853 481 1883 οὖν
499 1857 621 1893 σωτηρία
643 1857 712 1893 αὕτη
735 1858 819 1890 ἐστὶν,
843 1858 859 1893 ἡ
880 1857 961 1892 διπλῆ
979 1855 1071 1890 ἀγάπη

205 1911 250 1939 25.
267 1911 300 1939 Ει
320 1912 387 1939 illud
399 1917 528 1947 praeterea
540 1913 707 1944 addendum,
726 1913 800 1948 quod
815 1920 847 1940 ex
861 1911 955 1940 eadem

171 1958 305 1986 cliaritate
320 1958 513 1993 proficiscitur,
530 1963 561 1986 ut
586 1967 756 1994 unaquaeque
772 1963 895 1987 nostrum
919 1959 958 1985 in-

173 2005 277 2039 telligat
291 2004 355 2040 quid
367 2005 402 2032 sit
418 2009 546 2040 appetere
565 2005 679 2040 majora.
697 2004 891 2032 Hmsitantibus
904 2004 958 2031 illis

172 2059 204 2078 ac
215 2051 304 2078 denuo
314 2051 554 2086 interrogantibus,
572 2050 712 2086 respondit
729 2051 773 2077 illa
791 2050 869 2078 :Non
880 2051 958 2085 igno-

173 2099 240 2126 ratis
259 2098 416 2133 parabolam
435 2097 574 2133 Evangelii
591 2096 624 2124 de
645 2097 806 2128 centesimo,
821 2097 944 2132 scxagesi

174 2153 229 2176 mo,
240 2148 267 2172 et
283 2145 431 2172 tricesimo.
451 2144 632 2172 Centenarius
652 2151 793 2175 numerus,
810 2147 903 2170 nostra
917 2147 960 2170 est

173 2190 324 2226 professio;
339 2191 545 2226 sexagenarius,
570 2190 770 2217 continentium
789 2193 893 2224 status;
911 2190 962 2216 tri-

173 2236 310 2269 cenarius,
330 2236 357 2262 in
371 2236 496 2263 castitate
527 2235 664 2270 coniugali
682 2234 882 2262 viventiunLEt
896 2242 962 2269 prae-

174 2283 279 2309 clarum
298 2281 407 2317 quidem
425 2286 468 2309 est
485 2289 500 2307 a
514 2281 654 2309 tricesimo
666 2281 784 2308 transire
800 2281 828 2307 in
847 2288 959 2315 sexage-

174 2330 285 2361 simum,
297 2328 361 2364 quia
375 2336 390 2354 a
405 2327 527 2355 minimis
544 2327 578 2354 ad
594 2327 698 2361 majora
711 2327 854 2362 pervenire
872 2334 962 2361 opera:

174 2375 290 2411 pretium
305 2379 357 2403 est.
381 2375 404 2402 Α
420 2374 569 2409 majoribus
594 2378 685 2401 autem
702 2373 735 2400 ad
760 2373 866 2400 minora
890 2373 962 2400 bona

173 2420 350 2453 descendere,
368 2428 422 2447 non
439 2423 517 2447 vacat
531 2419 663 2454 periculo.
680 2419 748 2446 Nam
766 2419 812 2454 qui
829 2419 912 2446 semel
928 2418 961 2445 ad

173 2466 310 2493 deteriora
328 2465 425 2501 vergit,
445 2472 496 2492 nec
510 2465 537 2492 in
553 2465 669 2492 modicis
687 2465 839 2492 consistere
860 2469 960 2499 potest,

173 2512 222 2539 sed
236 2512 309 2540 velut
323 2511 357 2538 ad
379 2511 544 2545 profundum
568 2511 700 2546 perniciei
718 2510 813 2538 fertur.
831 2509 960 2542 Qutedam

173 2558 257 2592 igitur
270 2558 423 2585 castitatem
435 2557 573 2592 pollicitae,
584 2564 616 2584 ac
629 2564 660 2584 ex
678 2556 761 2583 animi
775 2556 961 2583 imbecillitate

175 2602 290 2635 allectae,
303 2605 436 2629 excusant
446 2602 640 2629 excusationes
650 2601 676 2628 in
689 2602 819 2636 peccatis.
833 2600 899 2627 Nam
909 2599 961 2627 sibi

174 2648 252 2682 ipsis,
266 2648 322 2676 imo
336 2649 428 2683 potius
443 2647 554 2676 diabolo
565 2647 661 2675 dicunt
677 2656 684 2675 :
702 2648 770 2674 Dum
784 2647 882 2682 pudice
893 2644 960 2681 (imo

1045 1911 1089 1938 25.
1105 1911 1150 1938 Δεῖ
1164 1911 1192 1937 δὲ
1214 1911 1261 1938 καὶ
1280 1910 1360 1937 τοῦτο
1385 1910 1553 1946 προσθεῖναι,
1563 1909 1592 1943 ὲξ
1615 1909 1699 1945 αὐτῆς
1716 1909 1799 1937 πάλιν

1009 1958 1151 1993 τυγχάνον,
1168 1958 1198 1984 τὸ
1216 1958 1334 1993 ἑκάστην
1343 1957 1420 1993 ἡμῶν
1431 1955 1664 1991 ὲπιγινώσκουσαν
1685 1956 1699 1983 ὃ
1720 1956 1798 1983 ἐστιν

1011 2004 1064 2030 τῶν
1078 2003 1208 2039 μειζόνων
1220 2003 1354 2038 ἐφίεσθαι.
1364 2004 1395 2029 Αἱ
1409 2003 1437 2030 δε
1447 2003 1565 2038 ἠπόρουν
1577 2002 1644 2038 πρὸς
1656 2001 1686 2028 τὸ
1694 2002 1799 2037 λεχθὲν,

1012 2051 1058 2077 καὶ
1079 2048 1156 2082 αὖθις
1175 2050 1348 2086 ἀντηρώτων.
1367 2051 1400 2076 Ἦ
1420 2050 1448 2076 δὲ
1473 2050 1539 2085 πρὸς
1554 2049 1638 2080 αὑτὰς
1656 2048 1723 2083 ἔφη·
1743 2049 1801 2075 Οὐκ

1011 2096 1133 2130 ἀγνοεῖτε
1149 2095 1197 2131 τὴν
1214 2097 1243 2122 ὲν
1258 2096 1296 2132 τῷ
1312 2095 1470 2130 Εὐαγγελίῳ
1490 2093 1646 2130 παραϐολὴν
1664 2094 1728 2128 περὶ
1745 2093 1801 2119 τῶν

1015 2145 1047 2178 ρ’,
1061 2142 1107 2169 καὶ
1116 2142 1147 2175 ξ’,
1159 2143 1207 2168 καὶ
1217 2142 1238 2168 λ’
1246 2151 1252 2157 ·
1262 2143 1278 2177 ἡ
1289 2141 1338 2177 μὲν
1348 2139 1394 2168 οὖν
1404 2141 1549 2172 ὲκατοντάς
1559 2141 1616 2167 ἐστι
1625 2139 1654 2166 τὺ
1667 2139 1802 2174 ἡμέτερον

1014 2187 1190 2222 ἐπάγγελμα·
1208 2187 1224 2221 ὴ
1240 2186 1268 2212 δὲ
1292 2185 1438 2219 ὲξακοντάς
1460 2186 1516 2211 ἐστι
1536 2183 1567 2210 τὸ
1585 2183 1639 2210 τῶν
1660 2182 1802 2217 ὲγκρατῶν

1013 2233 1122 2268 τάγμα·
1146 2233 1162 2268 ἡ
1184 2232 1213 2259 δὲ
1237 2231 1400 2267 τριακοντὰς
1419 2231 1473 2257 τῶν
1495 2230 1639 2265 σωφρόνως
1661 2228 1800 2264 βιούντων.

1014 2279 1069 2306 Καὶ
1080 2278 1133 2305 ἀπὸ
1158 2279 1206 2313 μὲν
1223 2278 1276 2305 τῶν
1298 2278 1445 2313 τριάκοντα
1460 2276 1505 2303 ἐπὶ
1526 2276 1560 2302 τὰ
1575 2275 1705 2310 ἑξήκοντα
1721 2273 1803 2300 καλὸν

1016 2324 1179 2360 μεταϐῆναι·
1196 2324 1249 2350 ἀπὸ
1264 2323 1318 2359 γὰρ
1331 2323 1385 2349 τῶν
1403 2322 1507 2358 μικρῶν
1522 2321 1567 2348 ἐπὶ
1581 2321 1614 2348 τὰ
1633 2319 1743 2355 μείζονα
1754 2329 1804 2346 κα-

1014 2370 1058 2398 λὸν
1080 2369 1262 2405 προκόπτειν⁸
1280 2369 1334 2396 ἀπὸ
1349 2369 1377 2395 δὲ
1398 2368 1451 2394 τῶν
1472 2367 1602 2402 μειζόνων
1616 2366 1662 2392 ἐπὶ
1676 2364 1708 2392 τὰ
1725 2364 1804 2391 ὲλάτ-

1014 2425 1078 2442 τονα
1093 2416 1282 2452 κατατρέχειν,
1298 2414 1476 2441 ἐπικίνδυνον.
1495 2413 1523 2439 '0
1532 2413 1585 2448 γὰρ
1610 2411 1684 2443 ἅπαξ
1704 2411 1804 2443 νεύσας

1014 2463 1061 2490 ὲπὶ
1072 2463 1107 2489 τὰ
1120 2463 1214 2498 χείρω,
1231 2462 1292 2489 οὐδὲ
1316 2463 1344 2488 ἐν
1367 2462 1424 2492 τοῖς
1439 2459 1538 2493 ὀλίγοις
1555 2459 1650 2493 στῆναι
1671 2458 1783 2484 δύναται
1795 2467 1801 2472 -

1014 2508 1071 2536 ἀλλ’
1095 2507 1189 2543 ὥσπερ
1209 2508 1238 2534 ὲν
1261 2506 1334 2542 βυθῷ
1354 2505 1404 2540 τῆς
1426 2503 1562 2535 ἀπωλείας
1584 2503 1705 2539 φέρεται.
1726 2502 1804 2533 Τινὲς

1012 2554 1088 2588 γοῦν,
1102 2553 1251 2588 παρθενίαν
1265 2550 1506 2586 ὲπαγγελλόμεναι,
1524 2549 1571 2575 καὶ
1589 2548 1718 2579 ἀσθενοῦς
1732 2546 1804 2582 γνὼ-

1014 2608 1067 2636 μης
1083 2599 1128 2626 τὸν
1139 2599 1267 2633 λογισμὸν
1282 2597 1494 2633 ὑποσυρόμεναι,
1509 2594 1659 2630 προφάσεις
1671 2595 1700 2620 ὲν
1715 2593 1806 2628 ἁμαρ-

1011 2646 1083 2677 τίαις
1099 2644 1323 2681 προφασίζονται.
1339 2643 1412 2678 Πρὸς
1424 2641 1479 2677 γὰρ
1491 2641 1591 2673 ἑαυτὰς
1605 2640 1723 2674 λέγουσι,
1738 2637 1807 2675 μᾶλ-

211 2726 235 2742 ⁶⁷
255 2726 350 2754 Matth.
368 2734 383 2754 ι
396 2747 404 2759 .
422 2727 449 2754 8.
488 2727 511 2742 ⁸⁸
531 2726 628 2755 Matth.
648 2735 722 2760 un,
743 2726 786 2754 57.
825 2726 846 2743 ⁸⁸
868 2725 876 2752 Ι
895 2725 965 2753 Tim.
985 2733 1005 2760 ι,
1024 2725 1048 2752 5.

211 2808 250 2844 (α)
263 2807 352 2840 Forte,
369 2807 462 2839 αὑτάς.
480 2807 547 2836 Εοιτ

1407 2791 1493 2808 ,4-7

1052 2803 1089 2840 (b)
1108 2803 1176 2838 Lege
1190 2802 1269 2838 αὐτή.
1285 2801 1334 2840 ln._
