1919 3064
179 107 187 133 1
194 108 243 135 505

751 113 779 140 S.
797 113 1028 142 ATHANASIUS.
1048 129 1083 134 —
1100 114 1234 142 SPURIA.

1730 117 1743 144 1
1748 117 1801 145 504

176 172 224 196 ris.
246 165 334 192 adhuc
352 165 377 193 in
391 167 558 201 cogitatione
573 175 622 195 ceu
649 170 676 196 in
699 178 814 197 caverna
835 171 899 197 latet
915 171 939 197 lu

991 170 1172 205 lépapmlszist.
1191 171 1236 198 τὸν
1255 171 1335 198 ἅῦλόν
1359 181 1399 198 σοι
1418 174 1499 199 κινῶν
1516 173 1641 208 πόλεμον.
1663 173 1800 208 Πρόσωπα

174 213 236 242 stis,
259 215 286 238 et
317 213 459 246 spirituale
485 215 533 242 tibi
558 215 658 242 bellum
690 217 819 243 concitat.
844 217 961 244 Decoros

1012 216 1065 252 γὰρ
1080 217 1203 252 εὐπρεπῆ
1215 218 1261 243 καὶ
1272 217 1378 252 ὁμιλίας
1394 219 1520 253 ἀρχαίας,
1538 218 1585 245 καὶ
1600 218 1799 253 ἡσυχαζούσαις

174 256 244 282 enim
271 257 371 289 vultus.
397 258 595 294 indecorasque
624 261 733 295 ﬁguras,
763 267 853 289 vetera
881 263 939 289 Colit

1011 263 1199 298 παρεισφέρει.
1213 265 1259 289 Δεῖ
1271 261 1317 290 οὖν
1333 264 1370 299 μὴ
1394 265 1637 298 συγκατατίθεσθαι
1660 266 1716 296 τοῖς
1730 274 1798 299 φαν-

173 301 236 335 quia
253 303 373 336 suggerit
398 304 438 331 eis
460 313 521 339 qua:
545 306 667 333 solitarie
696 307 800 334 vivunt.
827 307 879 335 Sed
905 317 960 336 uun

172 340 278 388 oportet
308 349 436 375 assentiri
464 350 711 384 phantasmatibus.
739 353 802 387 quia
826 354 957 388 scriptum

171 384 238 417 est}
257 391 285 418 Si
303 392 417 425 Spiritus
433 399 587 427 potestatem
602 396 719 423 [tabentis
740 398 888 425 ascenderit
912 407 958 425 su-

170 443 217 469 per
233 441 267 467 te.
283 437 368 463 locum
384 443 456 464 tuum
478 447 509 465 ne
533 440 665 467 dimiseris
687 441 719 467 ⁷⁸.
738 441 766 467 lu
785 442 858 469 hisee
880 451 956 468 nam-

170 488 223 514 que
247 482 329 509 rebus
352 490 505 511 consensus
535 491 577 511 est
603 493 665 512 cum
686 487 808 514 satculari
838 488 955 514 fornica-

170 526 243 553 tione
257 528 457 561 comparandus
472 539 478 556 :
496 530 616 557 Potentes
630 532 712 563 enim,
725 533 822 567 inquit.
839 538 955 566 potenter

170 577 299 599 tormenta
319 575 494 608 patientur".
514 577 642 610 Magnum
667 578 749 612 igitur
763 583 804 605 est
824 579 953 607 adversus

169 617 358 647 fomicationis
377 622 502 656 spiritum
521 627 669 650 certamen.
687 624 807 659 illudque
818 630 859 652 est
871 631 952 660 caput

167 664 301 692 malorum
318 665 466 693 adversarii
484 667 517 694 ad
531 668 628 694 animLe
647 669 805 703 perniciem.
821 670 896 703 Quod
910 672 952 698 iu-

167 717 254 737 uucus
268 711 363 738 beatus
378 711 428 738 Job
439 712 545 739 dicebat
559 714 593 741 de
604 714 729 742 diabolo:
746 716 798 748 Qui
813 717 887 744 habet
900 718 951 744 vir-

167 759 247 780 tutem
261 755 287 781 in
300 757 422 782 umbilico
437 758 530 798 vcmris
544 759 576 784 ⁷⁷.

199 799 245 826 27.
264 799 354 827 Multis
376 803 469 836 itaque
492 804 629 835 variisque
651 805 784 832 machinis
807 806 947 833 stimulum

166 844 356 873 fornicationis
382 848 508 875 admovet
541 849 665 877 diabolus
691 851 846 878 hominibus
873 853 949 880 Chri-

165 894 235 917 stum
257 891 444 926 diligentibus.
467 893 537 926 Quin
561 896 642 922 etiam
664 904 735 931 smpc
760 897 880 925 nefarius
903 899 948 926 ille

165 940 298 963 veterator
314 937 460 965 fraternum
476 947 594 967 antorem
618 943 807 969 trznismutmit
827 943 853 970 iu
869 952 946 971 suam

163 982 302 1008 malitiam.
320 983 423 1010 Etenim
437 985 555 1020 virgines
568 994 627 1020 qua:
642 988 761 1022 nuptias,
778 997 838 1023 qua:
854 990 945 1016 luxum

161 1036 268 1055 o'nnem
294 1031 385 1057 surculi
413 1031 548 1067 fugi-rant,
573 1041 620 1067 per
650 1033 798 1060 fraternum
820 1035 945 1062 affectant

161 1075 364 1108 supplantavit:
384 1077 549 1112 insuperque
564 1079 713 1107 τηροίη-ιιοε
727 1080 773 1114 qui
787 1081 876 1107 omnia
895 1081 946 1107 for-

161 1119 330 1148 nicationum
347 1130 446 1157 genera
463 1127 489 1150 et
511 1125 560 1158 ipsi
582 1124 767 1159 profugerant,
792 1126 944 1154 vulneravit

159 1173 192 1192 ac
208 1167 313 1202 decepit
325 1176 372 1202 per
388 1170 542 1204 religiosum
557 1172 732 1206 colloquium.
747 1172 803 1199 Hoc
819 1178 860 1200 est
871 1174 943 1201 cnim

159 1210 261 1238 inimici
287 1212 443 1247 artificium,
467 1215 563 1242 alienis
587 1224 616 1244 se
640 1217 778 1252 obtegere.
804 1227 852 1246 sua
879 1227 942 1247 vero

158 1257 312 1284 clanculum
337 1259 492 1287 obtrudere.
517 1261 641 1289 Ostendit
663 1272 776 1298 granum
802 1265 940 1299 frumenti,

157 1302 249 1337 ibique
261 1305 389 1339 supponit
405 1306 542 1341 laqueum.
561 1308 592 1335 Et
607 1317 670 1336 vero
687 1310 805 1338 arbitror
819 1312 852 1339 de
867 1313 942 1341 hisce

156 1347 245 1376 dicere
265 1349 425 1379 Dominum:
442 1352 494 1385 Qui
512 1355 616 1381 veniunt
633 1355 667 1381 ad
682 1364 726 1383 vos
746 1357 772 1383 in
791 1359 940 1386 vestimento

155 1394 253 1428 ovium,
272 1396 430 1425 intrinsecus
447 1403 534 1426 autent
554 1406 614 1427 sunt
629 1401 684 1436 lupi
700 1411 806 1436 rapaces
818 1404 851 1431 ⁷⁸.

1009 308 1128 343 τάσμασι
1138 317 1144 323 ·
1162 308 1315 344 γέγραπται
1327 310 1392 345 γὰρ,
1406 310 1443 341 ὡς
1463 311 1532 337 Ἐὰν
1553 310 1670 344 πνεῦμα.
1683 310 1735 337 τοῦ
1749 310 1798 342 ἐξ-

1008 354 1200 387 ουσιάζοντες
1213 354 1310 389 ἀναϐῇ
1329 355 1377 381 ἐπὶ
1393 355 1440 385 σὲ,
1461 356 1554 382 τόπον
1570 363 1627 382 σου
1643 355 1686 389 μὴ
1703 355 1795 389 ἀφῇς.

1013 398 1045 424 '[l
1059 399 1113 434 γὰρ
1128 399 1194 435 πρὸς
1210 399 1295 426 ταῦτα
1309 400 1517 434 συγκατάθεσις,
1527 399 1672 435 ὲφάμιλλός
1689 402 1747 427 ἐστι
1761 403 1794 436 τῇ

1006 445 1123 479 κοσμικῇ
1152 445 1283 480 πορνείῳ
1302 445 1426 472 Auram)
1460 445 1524 480 γὰρ,
1552 445 1635 480 φησὶ,
1660 445 1795 478 δυνατῶς

1004 488 1232 522 ἑτασθήσονται.
1254 490 1348 524 Μέγας
1372 488 1418 516 οὖν
1436 491 1450 517 ὸ
1472 490 1540 525 πρὸς
1558 490 1588 516 τὸ
1610 489 1717 524 πνεῦμα
1742 489 1794 524 τῆς

1005 534 1131 568 πορνείας
1153 534 1236 568 ἁγών.
1265 535 1301 561 Τὸ
1313 534 1367 570 γὰρ
1391 535 1420 561 ὲν
1447 535 1540 566 κακοῖς
1571 534 1714 568 κεφάλαιον
1744 533 1792 559 τοῦ

1004 579 1099 614 ἐχθροῦ
1114 579 1181 614 πρὸς
1196 579 1332 606 ἀπώλειαν
1350 579 1450 614 ψυχῆς,
1468 579 1546 605 τοῦτό
1564 580 1632 605 ἐστι.
1646 578 1700 605 Καὶ
1712 577 1792 604 τοῦτο

1003 625 1185 660 αἰνιττόμενος
1196 626 1211 652 ὀ
1229 626 1361 660 μακάριος
1383 625 1453 657 Ἰὼϐ,
1468 625 1543 658 ἔλεγε
1558 624 1623 660 πρὸς
1638 624 1683 650 τὸν
1701 624 1792 650 διάϐο-

1002 670 1061 696 λονν
1081 671 1111 697 '0
1127 670 1204 705 ἔχων
1221 671 1278 706 τὴν
1290 671 1418 706 δύναμιν
1436 671 1482 697 ἐπ’
1495 670 1630 705 ὀμφαλοῦ
1649 671 1787 704 γαστρός.

1033 813 1079 840 27.
1095 814 1208 846 Πολλαῖς
1230 814 1279 850 μὲν
1302 812 1347 842 οὖν
1372 815 1418 841 καὶ
1442 814 1579 850 διαφόροις
1599 815 1731 849 μηχαναῖς
1754 814 1786 841 τὸ

998 860 1046 894 τῆς
1061 859 1187 894 πορνείας
1202 859 1312 895 κέντρον
1329 861 1399 886 κινεῖ
1414 861 1428 886 ὁ
1448 860 1570 891 διάϐολος
1588 860 1657 886 κατὰ
1670 860 1723 886 τῶν
1740 869 1784 894 φι-

997 903 1144 939 λοχρίστων
1169 905 1328 940 ἀνθρώπων.
1358 905 1490 937 Πολλάκις
1513 905 1579 939 γοῦν
1603 905 1651 932 καὶ
1673 905 1783 941 ἀγάπην

996 950 1143 986 ἀδελφικὴν
1158 951 1330 986 μεθώρμισεν
1356 953 1370 979 ὁ
1394 952 1539 988 κακόφρων
1558 953 1597 984 είς
1613 952 1662 988 τὴν
1677 951 1782 978 οἰκείαν

996 997 1104 1023 κακίαν.
1131 997 1187 1023 Καὶ
1211 996 1266 1038 γὰρ
1291 997 1441 1033 παρθένους
1464 997 1600 1032 φυγούσας
1620 998 1707 1032 γάμον
1734 998 1782 1024 καὶ

995 1041 1142 1074 φαντασίαν
1160 1042 1250 1068 πᾶσαν
1269 1041 1391 1076 βίου,διὰ
1415 1042 1532 1077 σχέσεως
1560 1042 1705 1077 ἀδελφικῆς
1725 1043 1780 1068 ὑπο

994 1087 1115 1113 εσκέλισε
1125 1095 1131 1101 ·
1150 1087 1196 1113 καὶ
1210 1088 1342 1123 μοναχοὺς
1357 1088 1386 1114 δὲ
1399 1088 1511 1123 ἔτρωσε,
1535 1089 1588 1116 πᾶν
1608 1088 1695 1115 ὁτιοῦν
1710 1089 1780 1115 ἀπο-

994 1132 1128 1165 φυγόντας
1145 1133 1192 1159 καὶ
1209 1133 1307 1165 αὐτοὺς
1322 1134 1450 1168 πορνικὸν
1466 1134 1570 1169 σχῆμα·
1587 1134 1653 1161 ἀλλᾶ
1669 1135 1716 1161 καὶ
1731 1135 1781 1161 αὑ-

992 1178 1054 1208 τοὺς
1066 1178 1190 1213 ὴπάτησε
1210 1179 1243 1205 δι’
1265 1179 1394 1211 εὐλαϐοὗς
1407 1179 1523 1214 ὁμιλίας.
1549 1180 1633 1207 Τοῦτο
1655 1180 1708 1216 γὰρ
1730 1180 1780 1206 τοῦ

992 1223 1089 1257 ἐχθροῦ
1112 1223 1209 1258 ἔργον,
1229 1224 1495 1260 τὸ,ἀμφιεννύμενον
1521 1225 1556 1252 τὰ
1580 1225 1715 1260 ἀλλότρια,
1744 1225 1779 1252 τὰ

991 1269 1077 1294 οἰκεῖα
1109 1268 1293 1301 λανθανόντως
1315 1270 1523 1306 προϐάλλεσθαι.
1550 1271 1674 1297 Δείκνυσι
1702 1271 1776 1297 σίτου

991 1313 1101 1346 κόκκον,
1117 1314 1164 1340 καὶ
1180 1315 1339 1350 ὑποτίθησιν
1360 1316 1433 1351 αὐτῷ
1455 1316 1563 1350 παγίδα.
1581 1314 1662 1351 υἴμαι
1685 1317 1712 1343 δὲ
1729 1317 1777 1343 καὶ

990 1359 1035 1385 τὸν
1051 1359 1151 1395 Κύριον
1167 1361 1229 1396 περὶ
1241 1361 1334 1387 τούτου
1351 1361 1451 1395 λέγειν,
1471 1362 1509 1393 ὡς
1526 1363 1683 1396 Ἔρχοντίιι
1700 1363 1776 1396 πρὸς

989 1404 1066 1439 ὑμᾶς
1084 1406 1118 1432 ἐν
1130 1406 1275 1441 ἐνδύμασι
1289 1407 1451 1442 προϐάτων,
1466 1408 1579 1435 ἔσωθεν
1592 1407 1626 1435 δέ
1639 1410 1698 1435 εισι
1720 1409 1775 1435 λύ-

989 1460 1035 1477 κοι
1049 1451 1188 1486 ἅρπαγες.

189 1483 235 1511 28.
251 1483 321 1516 Quid
334 1493 398 1520 ergo
411 1486 444 1513 ad
459 1486 510 1528 hoc
521 1489 652 1523 agendum
664 1491 675 1516 ?
693 1491 785 1519 Simus
798 1494 936 1527 prudentes

1022 1483 1072 1523 28.⁷
1094 1483 1138 1523 Τί.
1157 1483 1203 1524 οὖν
1237 1497 1305 1532 πρὸς
1327 1497 1406 1525 τοῦτο
1436 1498 1608 1533 ποιήσωμεν;
1628 1498 1775 1533 Γενὼμεθα

154 1528 221 1555 sicut
238 1536 377 1564 serpentes,
393 1537 418 1560 et
431 1534 562 1568 simplices
578 1537 644 1562 sicut
655 1537 782 1566 columba:
801 1541 841 1567 ":
862 1542 936 1568 calli-

153 1575 217 1602 dum
231 1580 325 1603 contra
343 1578 454 1612 laqueos
468 1580 527 1614 ejus
539 1582 699 1611 adhibentes
712 1585 856 1612 consilium
868 1587 933 1622 (80).

152 1620 220 1648 Nam
235 1622 320 1650 illud:
340 1623 430 1652 Estote
448 1626 585 1659 prudentes
599 1628 667 1654 sicut
677 1635 818 1664 serpentes,
833 1620 934 1660 dictum

151 1670 202 1698 est.
221 1671 250 1694 ut
266 1668 366 1696 diaboli
387 1671 465 1698 nobis
482 1672 599 1707 impetus
616 1682 669 1701 nou
686 1676 796 1704 lateant.
814 1676 880 1705 Nam
895 1678 933 1706 si-

152 1712 215 1740 mile
232 1721 265 1740 ex
280 1714 361 1741 simili
377 1716 536 1744 citissimam
557 1724 698 1754 comparat
715 1721 863 1750 notionem.
882 1723 935 1751 Co-

153 1758 250 1786 lumba:
263 1767 326 1787 vero
341 1760 501 1796 simplicitas
514 1765 632 1792 ostendit
649 1767 792 1801 puritatem
806 1770 932 1798 actionis.

148 1803 237 1832 Omne
248 1805 330 1840 igitur
344 1807 444 1834 honuni
460 1816 529 1844 opus
544 1811 675 1840 consistet
694 1813 720 1840 in
735 1814 796 1850 fuga
812 1816 933 1844 deterio-

149 1850 199 1878 ris.
226 1850 368 1884 Quomodo
388 1859 478 1882 autem
501 1855 633 1892 fugiamus
654 1859 725 1894 quod
756 1861 932 1896 ignoramus?

147 1895 330 1929 Quamobrem
353 1904 460 1934 oportet
482 1907 511 1930 ut
529 1904 664 1932 intellecta
680 1907 782 1935 inimici
798 1910 930 1944 nequitia,

146 1948 293 1970 caveamus
310 1944 344 1971 ab
365 1945 425 1980 ejus
447 1948 607 1981 perniciosis
633 1951 873 1987 machinamentis;
895 1956 932 1982 ait

145 1987 219 2014 enim
237 1995 244 2013 :
260 1987 370 2021 Circuit,
391 1987 508 2024 querens
532 2002 606 2028 quem
629 1996 731 2024 devoret
752 1999 784 2026 ⁸ο.
813 1999 847 2026 Et
865 2009 931 2028 esrte

145 2033 204 2067 ejus
226 2034 314 2062 electte
331 2036 363 2063 ⁸¹.
386 2037 478 2072 Itaque
497 2048 604 2075 semper
621 2043 784 2077 vigilandum
808 2051 859 2074 est.
889 2047 931 2074 Si-

147 2078 256 2113 quidem
274 2089 320 2115 per
334 2087 460 2112 externas
476 2093 520 2112 res
536 2086 684 2122 impugnat,
698 2093 725 2116 et
744 2099 791 2125 per
808 2092 930 2122 internas

147 2124 324 2159 cogitationes
349 2128 459 2163 subigit.
485 2129 517 2157 Et
545 2132 653 2166 quidem
686 2124 750 2169 plus
775 2141 854 2164 nocet
882 2146 929 2172 per

985 1543 1120 1577 φρόνιμοι
1135 1543 1206 1570 ὡσεὶ
1221 1543 1312 1578 ὄφεις,
1330 1544 1378 1571 καί
1391 1544 1522 1578 ἀκέραιοι
1539 1544 1578 1576 ὡς
1591 1544 1773 1578 περιστεραὶ,

985 1588 1137 1624 πανοῦργον
1152 1589 1221 1616 κατὰ
1239 1589 1287 1624 τῆς
1304 1590 1414 1624 παγίδος
1434 1590 1516 1617 αὐτοῦ
1540 1590 1675 1622 κινοῦντες
1697 1590 1772 1624 λογι-

985 1634 1061 1669 σμόν·
1069 1634 1098 1661 τὸ
1109 1636 1158 1670 μὲν
1166 1635 1228 1670 γὰρ,
1238 1636 1363 1662 Γίνεσθε
1370 1636 1504 1670 φρόνιμοι
1512 1635 1582 1662 ὡσεί
1597 1635 1687 1670 ὄφεις,
1699 1637 1774 1672 εἴρη-

983 1689 1027 1707 ται
1055 1679 1122 1716 πρὸς
1132 1680 1162 1707 τὸ
1175 1680 1212 1716 μὴ
1222 1680 1361 1708 λανθάνειν
1374 1681 1446 1716 ἡμᾶς
1457 1681 1506 1713 τὰς
1518 1681 1606 1716 ὁρμὰς
1616 1681 1663 1707 τοῦ
1678 1681 1769 1707 6:166-

983 1726 1039 1752 λου.
1047 1726 1083 1752 Τὸ
1091 1725 1145 1762 γὰρ
1156 1726 1247 1761 ὅμοιον
1259 1727 1290 1752 ὲκ
1299 1726 1345 1753 τοῦ
1357 1727 1448 1761 ὁμοίου
1457 1726 1586 1766 ταχίστην
1598 1727 1711 1753 ποιεῖται
1721 1727 1772 1762 τὴν

981 1771 1135 1805 διάγνωσιν.
1151 1771 1188 1798 Τὸ
1203 1771 1231 1798 δὲ
1247 1772 1374 1808 ἀκέραιον
1397 1773 1446 1808 τῆς
1468 1773 1630 1808 περιστερᾶς
1650 1772 1770 1799 δείκνυσι

982 1816 1011 1842 τὸ
1027 1815 1144 1851 καθαρὸν
1159 1817 1208 1850 τῆς
1224 1816 1357 1851 πράξεως.
1375 1817 1432 1843 Πᾶν
1449 1817 1499 1852 μὲν
1515 1815 1561 1844 οὖν
1576 1817 1675 1851 ἀγαθὸν
1687 1817 1770 1852 ἔργον

981 1862 1010 1887 ἑν
1026 1862 1153 1897 ἀποφυγῇ
1169 1861 1244 1888 ἔσται
1265 1861 1312 1888 τοῦ
1338 1862 1468 1899 χείρονος.
1488 1863 1551 1895 Πῶς
1562 1863 1590 1889 δὲ
1613 1863 1740 1898 φύγωμεν
1754 1864 1769 1890 ὃ

983 1907 1019 1943 μὴ
1036 1907 1164 1942 οἰ’δαμεν;
1190 1909 1236 1934 Δεῖ
1258 1906 1305 1934 οὖν
1324 1909 1407 1943 ἡμᾶς,
1433 1910 1493 1936 κατ’
1510 1909 1612 1936 ἔννοιαν
1633 1909 1768 1942 λαϐούσας

980 1952 1027 1978 τοῦ
1042 1953 1139 1988 ἐχθροῦ
1155 1953 1204 1989 τὴν
1217 1953 1364 1989 δεινότητα,
1379 1955 1558 1988 φυλάττεσθαι
1577 1955 1630 1982 ἀπὸ
1644 1956 1694 1990 τῆς
1706 1955 1768 1982 τού-

979 2005 1026 2023 του
1047 1998 1250 2034 κακομηχανίας
1260 2008 1266 2015 ·
1284 2001 1350 2035 φησὶ
1363 2001 1416 2036 γάρ
1426 2009 1432 2016 ·
1453 2002 1501 2034 Ὂς
1517 2001 1646 2036 περιάγει
1673 2001 1767 2036 ζητῶν

979 2044 1047 2070 τίνα
1067 2046 1207 2079 καταπίῃ.
1225 2046 1280 2072 Καὶ
1301 2046 1337 2073 τὰ
1352 2046 1494 2081 ,βρώματα
1514 2047 1606 2074 αὐτοῦ
1627 2047 1764 2074 ἐκλεκτά.

980 2091 1043 2118 Δέον
1054 2090 1100 2118 οὖν
1113 2093 1228 2119 πάντοτε
1240 2095 1396 2128 γρηγορεῖν.
1407 2094 1460 2120 Καὶ
1476 2094 1530 2129 γὰρ
1546 2094 1589 2120 διὰ
1601 2094 1654 2121 τῶν
1667 2094 1767 2128 ἔξωθεν

980 2139 1148 2173 πραγμάτων
1175 2139 1298 2174 πολεμεῖ,
1325 2140 1373 2166 καὶ
1391 2139 1435 2166 διὰ
1456 2140 1509 2166 τῶν
1537 2140 1610 2168 ἔνδον
1628 2140 1766 2176 λογισμῶν

146 2169 295 2205 interiora;
313 2180 375 2200 nam
392 2174 440 2200 diu
462 2181 598 2212 noctuque
619 2179 796 2213 spiritualitcr
812 2183 926 2211 accedit.

991 2169 1105 2218 ἰαμαξει.
1119 2184 1175 2210 Καὶ
1188 2169 1267 2210 πλέον
1282 2169 1326 2211 διὰ
1340 2185 1393 2212 τῶν
1413 2185 1500 2212 ἔνδον·
1519 2186 1565 2212 καὶ
1581 2186 1635 2222 γὰρ
1657 2169 1764 2223 νύκτωρ

179 2256 223 2283 29.
237 2258 384 2293 Cuiusnam
405 2270 469 2298 ergo
485 2265 523 2292 rei
542 2270 584 2293 est
599 2274 668 2302 opus
683 2269 715 2295 ad
734 2269 785 2297 hoc
807 2271 926 2300 bellum?

142 2301 224 2337 622
240 2305 361 2338 profecto
376 2307 511 2337 laboriosa
526 2301 719 2342 exercitatione
732 2319 758 2343 et
776 2317 851 2350 puris
863 2325 924 2352 pre-

142 2349 230 2375 cibus.
247 2349 279 2376 Et
292 2350 349 2378 huc
369 2353 476 2386 quidem
493 2357 654 2389 generaliter
669 2358 695 2385 in
715 2349 789 2387 omni
810 2349 923 2391 exitiosa

143 2394 308 2429 cogitatione
327 2402 392 2424 sunt.
405 2401 532 2428 remedia.
549 2401 648 2430 Verum
662 2412 773 2433 necesse
786 2411 827 2434 est
846 2407 923 2436 insu-

143 2447 192 2474 per
212 2441 395 2475 peculiaribus
414 2445 577 2479 quibusdam
599 2449 638 2476 uti
657 2451 791 2481 consiliis.
808 2452 841 2479 ad
857 2461 924 2487 pra:-

143 2489 246 2513 sentem
258 2487 355 2515 animae
371 2494 474 2524 pestem
490 2491 694 2528 depellendam:
713 2501 794 2532 atque
806 2498 924 2527 instante

143 2533 300 2566 turpissima
316 2535 481 2568 cogitatione
498 2538 522 2564 ei
538 2546 674 2574 opponere
689 2544 835 2571 contraria.
855 2544 921 2572 Nam

142 2577 164 2603 si
182 2577 207 2604 in
220 2578 329 2614 regione
344 2582 443 2609 mentis
459 2582 569 2612 formosi
586 2586 675 2614 vultus
688 2587 828 2622 phantasia
843 2590 923 2617 exsti-

141 2622 214 2656 terit,
229 2623 255 2650 id
270 2624 374 2653 ratione
389 2628 577 2664 castigandum
595 2638 710 2667 oportet,
731 2642 791 2669 qua:
808 2636 921 2663 simula-

981 2227 1027 2254 καὶ
1044 2227 1102 2262 μεθ’
1116 2228 1222 2263 ἡμέραν
1236 2228 1325 2260 dum;
1340 2229 1531 2265 προσέρχεται.

1014 2272 1058 2299 29.
1071 2273 1148 2304 Τίνος
1173 2271 1218 2300 οὖν
1235 2274 1314 2309 χρεία
1331 2274 1398 2309 πρὸς
1421 2274 1466 2301 τὸν
1486 2276 1606 2310 παρόντα
1628 2276 1762 2312 πόλεμον;

977 2318 1069 2353 Δῆλον,
1085 2318 1122 2347 ὡς
1135 2318 1277 2354 ἀσκήσεως
1297 2320 1425 2346 ἐπιπόνου
1443 2321 1490 2346 καὶ
1511 2321 1632 2357 καθαρᾶς
1648 2331 1763 2357 προσευ-

977 2365 1036 2400 χῆς,
1060 2364 1139 2391 Ἀλλὰ
1152 2363 1239 2391 ταῦτα
1253 2365 1302 2400 μὲν
1321 2366 1436 2399 γενικῶς
1455 2367 1501 2392 ἐπὶ
1518 2367 1615 2398 παντὸς
1632 2367 1762 2402 λογισμοῦ

976 2410 1096 2446 ὀλεθρίου
1113 2410 1276 2446 ἀλεξητήρια
1293 2411 1416 2446 πέφυκε·
1439 2412 1480 2438 δεῖ
1502 2411 1530 2438 δὲ
1547 2413 1593 2438 καὶ
1610 2412 1705 2444 ίδικαῖς
1723 2421 1763 2439 τι-

977 2463 1017 2482 σιν
1031 2455 1148 2488 ἐννοίαις
1170 2457 1324 2492 χρήσασθαι
1349 2457 1417 2493 πρὸς
1440 2457 1470 2483 τὸ
1494 2457 1539 2484 τὸν
1565 2458 1684 2492 παρόντα
1712 2458 1762 2493 τῆς

975 2501 1062 2536 ψυχῆς
1083 2502 1176 2538 λοιμὸν
1203 2503 1383 2529 ἀπώσασθαιδ
1407 2503 1452 2529 καὶ
1470 2503 1628 2535 ἐπελθόντος
1649 2503 1696 2530 τοῦ
1719 2505 1762 2530 αἰ-

976 2547 1084 2581 σχίστου
1109 2547 1249 2582 λογισμοῦ,
1267 2548 1462 2583 ἀνθυποφέρειν
1487 2548 1561 2583 αὺτῷ
1585 2548 1619 2575 τὰ
1641 2548 1760 2575 ἐναντία.

974 2593 1006 2619 Εἰ
1017 2593 1071 2628 γὰρ
1083 2593 1185 2627 γένοιτο
1207 2594 1236 2619 ὲν
1258 2594 1314 2624 τοῖς
1333 2593 1404 2619 κατὰ
1420 2593 1538 2620 διάνοιαν
1552 2593 1660 2629 χωρίοις
1674 2594 1760 2628 ὅψεως

974 2637 1127 2673 εὐπρεποῦς
1141 2638 1283 2673 φαντασία,
1299 2633 1336 2674 τῷ
1347 2638 1417 2674 λόγῳ
1431 2639 1462 2665 τὸ
1477 2640 1563 2675 παρὸν
1580 2639 1759 2675 τιμωρητέον,

175 2699 311 2755 ’ἑξὲξῖοέ
325 2703 412 2755 null.
448 2705 471 2721 "
487 2705 551 2742 Sap.
568 2716 609 2742 vr,
629 2709 654 2738 7.
692 2711 714 2727 '7
734 2709 785 2740 Job
801 2720 851 2746 χι..
870 2713 913 2741 Η.

991 2714 1083 2743 Matth.
1101 2723 1156 2750 vu,
1174 2715 1217 2743 15.
1255 2715 1278 2732 τ’
1299 2714 1393 2743 Matth.
1411 2724 1439 2750 x,
1459 2715 1503 2745 16.
1541 2716 1564 2732 ¹⁰
1576 2717 1593 2755 ~I
1608 2715 1667 2744 Pet.
1685 2725 1713 2752 v,
1729 2715 1758 2745 8.

139 2731 163 2750 "
183 2733 285 2764 Habac.
303 2744 329 2768 ι,
346 2731 390 2765 t6.

176 2812 232 2847 (δυ)
245 2813 273 2841 lu
296 2814 361 2842 Vitis
379 2815 436 2843 PP.
454 2816 471 2844 l.
489 2825 525 2849 vt,
544 2817 607 2851 1,2.
