1919 3064
135 135 204 162 1305

696 131 775 158 νιτΑ
796 129 943 157 suarm
963 119 1203 156 stCIfETic/e.

1698 124 1709 150 l
1715 123 1768 151 506

134 196 181 222 καὶ
195 193 242 220 τοῦ
262 192 372 220 εἰδώλου
394 193 456 224 τοὺς
475 192 629 228 ὀφθαλμοὺς
650 191 852 223 ὲκκολαπτέτω,
868 189 922 216 τῶν

984 190 1012 216 ari
1024 189 1119 216 oculos
1132 187 1238 221 eradat,
1251 194 1382 222 genarum
1399 193 1496 214 carnes
1509 185 1646 215 detrahat.
1660 184 1768 211 abscin-

133 241 163 267 δὲ
183 239 305 275 παρειῶν
323 240 372 270 τὰς
395 239 499 274 σάρκας
519 238 677 274 ἐξαιρείτω·
703 237 877 272 ὑπο-τεμνέτω
896 236 924 263 δὲ

134 286 182 313 καὶ
198 285 232 312 τὰ
247 285 334 321 χείλη,
351 285 399 312 καὶ
421 285 514 311 λοιπὸν
535 284 626 319 ὁράτω
647 284 744 319 πῆγμα
766 283 867 310 ὀστέων
882 283 922 318 ψι-

135 331 188 357 λῶν
204 331 322 362 δυσειδὲς
332 339 339 346 ·
357 330 522 356 κατανοείτω
534 329 626 356 λοιπδν
642 329 668 356 τί
690 327 724 364 ἧν
740 329 770 355 τὸ
784 328 926 364 ποθούμε-

136 385 180 403 νον
190 385 196 391 -
214 375 285 402 οὕτω
300 375 354 411 γὰρ
370 377 384 401 ὁ
397 375 526 410 λογισμὸς
546 375 717 410 ἀναχαιτίσαι
733 374 858 410 δυνηθείη
877 374 925 410 τῆς

138 422 254 457 ματαίας
266 421 380 456 πλάνης.
395 421 432 447 Τὸ
447 421 500 457 γὰρ
514 420 674 456 φιλούμενον
689 420 763 447 οὐδὲν
776 418 809 455 ἦν
824 420 840 455 ἢ
856 417 925 454 αἷμα

137 468 185 495 σὺν
215 467 352 502 φλέγματι
384 467 572 502 μεμιγμένον,
596 467 665 501 ὅπερ
693 465 740 492 καὶ
768 466 926 500 ὑφάσματος

136 513 230 548 χρείαν
240 513 354 548 παρέχει
369 514 424 544 τοῖς
438 511 527 544 ζώοις.
541 512 619 539 Οὕτω
633 512 681 547 μὲν
694 510 739 538 οὖν
755 512 801 538 καὶ
816 512 860 538 διὰ
872 511 926 538 τῶν

136 559 263 586 τοιούτων
285 558 424 594 λογισμῶν
447 559 519 590 εἰκὸς
542 558 733 585 ἀποσοῦεἶσθαι
756 558 805 594 τὴν
826 557 926 593 μιαρὰν

136 605 250 632 κακίαν·
267 605 314 631 καὶ
331 604 457 640 καθάπερ
476 605 533 640 ἥλῳ
548 602 613 640 ἧλον
629 604 771 640 ἐκκρούειν
794 605 926 640 προσήκει

136 650 182 677 τὸν
198 650 320 686 δαίμονα.
339 651 398 677 Ἔτι
419 659 450 684 γε
477 650 529 686 μὴν
552 650 609 677 δέον
636 651 682 677 καὶ
709 650 769 677 καθ’
792 651 852 677 ὅλον
880 650 926 676 τοῦ

137 697 275 732 ἐρωμένου
296 695 327 722 τὸ
341 695 423 731 σῶμα
443 695 508 731 ἕλκη
529 695 670 731 βαρύοσμα
686 696 733 721 καὶ
756 695 925 731 σηπεδονώδη

138 742 322 778 ὑπογράφειν”
338 742 385 768 καὶ
408 742 546 777 συντόμως
563 742 655 776 φάναι,
675 742 764 778 νεκρῷ
783 742 927 777 παραπλή-

139 796 205 820 σιον,
223 787 239 823 ἢ
254 787 301 814 καὶ
313 787 407 814 ἑαυτὸν
421 787 517 823 νεκρὺν
533 789 590 819 τοῖς
606 787 678 814 ἔνδον
698 787 845 823 ὀφθαλμοῖς
862 788 927 814 ὐπο-

137 832 250 858 τιθέναι.
268 831 368 864 Μεῖζον
389 832 418 858 δὲ
440 832 548 859 πάντων
570 832 628 858 ἐστὶ
639 833 669 859 τὸ
685 833 801 868 γαστρὸς
818 833 926 868 ἄρχειν·

977 234 1023 262 dat
1042 235 1123 266 labia,
1139 234 1304 269 demnmque
1327 233 1418 261 videat
1440 233 1576 260 nudorum
1599 231 1704 259 ossium
1720 234 1769 258 de-

979 280 1092 308 formem
1109 288 1279 316 compagem,
1292 284 1319 308 et
1343 279 1499 307 consideret
1520 279 1638 313 denique
1658 276 1723 312 quid
1737 275 1768 304 id

977 331 1051 354 esset
1064 329 1138 361 quod
1157 330 1313 354 amaretur:
1327 327 1365 353 ita
1384 325 1455 353 enim
1471 325 1579 352 inversa
1595 322 1734 358 cogitatio,
1752 329 1769 349 a

978 381 1049 400 vano
1063 373 1162 408 poterit
1175 381 1268 401 errore
1286 373 1418 400 revocari.
1434 371 1501 399 Nam
1516 371 1588 406 quod
1604 369 1768 405 diligebatur

978 419 1045 446 nihil
1060 423 1120 446 erat
1144 419 1196 446 nisi
1215 419 1326 454 sanguis
1347 419 1499 454 pblegmate
1528 417 1672 447 admistus,
1696 414 1768 448 quod

978 469 1005 491 et
1019 465 1134 492 vestitus
1150 472 1230 491 usum
1253 464 1417 491 animalibus
1437 463 1575 498 relinquit.
1593 461 1640 489 Sic
1658 468 1723 496 ergo
1737 467 1769 487 ac

980 519 1028 546 per
1053 510 1211 543 huiusmodi
1236 510 1424 545 cogitationes,
1450 517 1499 544 par
1524 512 1566 536 est
1593 511 1623 535 ut
1645 507 1770 541 abigatur

979 555 1170 583 abominabilis
1189 555 1321 590 nequitia.
1343 555 1375 582 Et
1397 555 1469 582 sicut
1493 555 1600 581 clavum
1620 553 1707 583 clavo,
1730 552 1769 578 ita

979 601 1107 629 convenit
1121 601 1255 636 expellere
1272 602 1433 629 daemonem.
1450 601 1491 628 Ad
1506 601 1572 634 JIEC
1591 603 1699 635 oportet
1721 605 1770 633 per

979 651 1065 675 totum
1086 648 1159 682 quod
1179 652 1286 674 amatur
1298 654 1399 682 corpus
1416 648 1506 674 ulcera
1521 646 1705 682 graveolentia
1718 652 1770 680 pu-

980 693 1106 727 tridaque
1115 694 1286 728 conﬁngere,
1300 701 1332 720 ac
1347 700 1402 720 uno
1415 693 1510 725 verbo,
1525 695 1571 719 aut
1591 691 1718 719 cadaveri
1733 691 1770 719 si-

980 741 1054 772 mile,
1072 745 1119 766 aut
1141 740 1224 766 etiam
1250 745 1388 766 mortuum
1411 738 1527 766 internis
1548 738 1637 766 oculis
1660 737 1769 765 offerre.

980 785 1037 813 lloc
1053 787 1126 813 enim
1153 789 1231 821 pacto
1249 793 1264 812 a
1289 785 1410 813 libidinis
1431 793 1514 813 sensu
1537 792 1693 812 evocamur.
1716 783 1770 812 Sed

980 832 1053 866 quod
1069 833 1218 859 maximum
1239 835 1292 864 est,
1314 832 1400 859 ventri
1415 831 1567 867 imperare;
1585 832 1622 859 ita
1637 832 1708 859 enim
1721 839 1771 867 po—

138 877 209 904 οὖτω
224 877 278 915 γὰρ
305 877 353 905 καὶ
376 878 430 904 τῶν
456 878 645 914 ὑπογαστρίων
668 878 769 913 ἡδονῶν
792 879 927 914 κρατῆσαι

984 878 1093 905 :erimus
1107 885 1154 906 eas
1166 886 1227 913 quae
1241 878 1311 905 infra
1322 883 1445 906 ventrem
1461 882 1525 906 sunt
1536 879 1689 914 voluptates
1704 885 1771 906 con-

139 924 250 951 δυνατόν
255 944 261 951 .

174 970 217 996 30.
236 967 289 996 ἾΙν
305 968 354 1004 μὲν
368 966 414 996 οὖν
432 969 503 996 θεῖον
522 969 672 1005 συμπόσιον
692 969 746 996 τῶν
767 969 927 1004 παρουσῶν-

139 1017 171 1043 ὲκ
185 1016 239 1052 γὰρ
253 1016 306 1043 τῶν
328 1016 378 1050 τῆς
400 1016 495 1050 σοφίας
511 1017 655 1051 κρατήρων
670 1015 860 1051 ηὑφραίνοντο.
876 1013 930 1042 7llv

138 1063 167 1090 δὲ
181 1063 276 1094 αὐταῖς
288 1063 444 1098 οἰνοχοοῦσα
462 1061 493 1088 τὸ
509 1062 579 1088 θεῖον
594 1062 669 1097 πόμα
694 1061 740 1088 καὶ
755 1062 830 1096 νᾶμα
846 1062 861 1096 ἡ
880 1070 931 1097 μα-

139 1109 222 1145 καρία
237 1108 420 1144 Συγκλητική,
441 1107 560 1141 Ἐκάστη
580 1108 608 1134 δὲ
631 1107 720 1134 αὐτῶν
741 1107 847 1142 ἐδέχετο
862 1107 929 1143 ὅπερ

140 1155 275 1186 ἐϐούλετο,
297 1155 343 1181 καὶ
367 1154 415 1190 μία
432 1154 487 1181 τῶν
511 1153 694 1180 συνελθουσῶν
716 1153 830 1180 ἐπύθετο
846 1153 930 1188 αὐτῆς

139 1201 271 1235 λέγουσα·
298 1201 328 1227 Ei
350 1201 450 1227 τέλειον
472 1200 574 1234 ἀγαθὸν
596 1201 612 1235 ἡ
633 1199 827 1235 exanima-tivo;
851 1199 882 1225 'H
903 1198 930 1225 δὲ

140 1247 215 1275 εἷπε·
237 1247 291 1274 Καὶ
320 1247 390 1274 πάνυ
417 1246 516 1281 ἀγαθὸν
541 1247 599 1277 ταῖς
621 1246 792 1281 δυναμέναις.
821 1245 853 1271 Ai
876 1244 931 1280 γὰρ

141 1293 322 1329 ὑπομένουσαι
338 1292 426 1324 τοῦτο,
439 1291 527 1326 θλίψιν
548 1292 596 1327 μὲν
619 1291 710 1327 έχουσι
733 1292 765 1326 τῇ
789 1291 881 1326 σαρκὶ,
898 1292 930 1326 τῇ

139 1339 168 1366 δὲ
184 1339 256 1374 ψυχῇ
279 1339 380 1365 ἄνεσιν.
400 1339 504 1374 ’Ὠσπερ
518 1338 572 1374 γὰρ
587 1338 621 1365 τὰ
646 1338 747 1374 στερρὰ
769 1338 864 1372 ἱμάτια
878 1346 932 1363 πα-

140 1385 258 1420 τούμενα
283 1385 328 1411 καὶ
349 1384 444 1420 βιαίως
469 1384 704 1419 περιστρεφόμενα
728 1383 856 1410 πλύνεται
884 1384 932 1410 καὶ

142 1431 322 1463 λευκαίνεται,
336 1429 424 1461 οὕτως
439 1430 485 1456 καὶ
501 1431 517 1465 ἡ
536 1429 633 1465 ἰσχυρὰ
645 1429 718 1464 ψυχὴ
734 1429 777 1455 διὰ
791 1429 840 1464 τῆς
856 1430 932 1455 ἑκου-

143 1478 199 1504 σίου
213 1479 308 1510 πενίας
322 1479 367 1505 ἐπὶ
385 1479 476 1505 πλεῖον
492 1477 670 1514 κρατύνεται”
689 1478 717 1504 αἱ
731 1477 759 1503 δὲ
776 1477 933 1504 ἀσθενέστε-

145 1532 188 1560 ρον
203 1524 248 1551 τὸν
270 1524 399 1560 λογισμὸν
416 1524 525 1560 ἔχουσαι
543 1524 573 1550 τὸ
589 1524 709 1551 ἐναντίον
727 1525 786 1555 ταῖς
810 1523 932 1559 πρώταις

142 1571 286 1605 πάσχουσι.
301 1571 356 1597 Καὶ
372 1570 426 1606 γὰρ
441 1571 509 1606 προς
527 1570 615 1604 ὀλίγον
631 1570 772 1601 θλιϐεἶσαι,
790 1569 884 1603 ὥσπερ
898 1569 931 1596 τὰ

142 1616 309 1652 διερρωγότα
333 1617 438 1652 ἱμάτια,
464 1616 643 1647 ἀπόλλυνται,
666 1616 702 1651 μὴ
729 1616 858 1651 φέρουσαι
883 1616 933 1650 τὴν

142 1662 186 1689 διὰ
197 1662 245 1698 τῆς
260 1664 360 1698 ἀρετῆς
372 1662 478 1690 πλύσιν.
495 1663 549 1689 Καὶ
570 1659 610 1694 εἷς
625 1663 639 1688 ὁ
654 1662 788 1697 τεχνίτης,
805 1661 932 1696 διάφορον

143 1708 171 1734 δὲ
185 1708 239 1734 τῶν
254 1708 367 1743 ἱματίων
384 1708 414 1735 τὸ
434 1709 525 1740 τέλος·
542 1709 575 1735 τὰ
591 1709 640 1743 μὲν
657 1708 710 1744 γὰρ
732 1709 861 1743 ῥήγνυται
885 1708 932 1734 καὶ

143 1754 300 1787 ἀπόλλυται,
325 1755 355 1781 τὸ
382 1755 410 1781 δὲ
449 1755 619 1781 λευκαίνει-αι
648 1755 694 1781 καὶ
719 1755 929 1787 ἁνακαινίζεται.

142 1800 210 1834 Φαίη
223 1798 269 1826 οὖν
283 1801 316 1828 ἄν
332 1809 383 1836 τις,
397 1800 499 1834 ἀγαθὸν
514 1801 653 1836 κειμήλιον
672 1801 721 1836 τὴν
741 1801 932 1836 ὰκτημοσύνην

143 1844 181 1880 τῷ
209 1845 323 1882 ἀνδρείῳ
349 1847 518 1881 φρονήματι·
547 1847 593 1873 καὶ
617 1847 671 1882 γὰρ
693 1846 748 1873 τῶν
774 1847 932 1882 πρακτικῶν

143 1892 348 1928 ἁμαρτημάτων
367 1892 473 1927 χαλινὸς
489 1883 626 1928 τυγχάνει.

178 1980 221 2008 51.
242 1981 287 2006 Δεῖ
309 1981 338 2007 δὲ
360 1980 468 2017 πρῶτον
492 1982 714 2017 ἐγγυμνασοῆναι
742 1983 798 2013 τοῖς
822 1983 929 2014 πόνοις·

144 2026 214 2060 λέγω
236 2026 274 2058 δὲ,
292 2027 404 2063 νηστείᾳ
423 2036 452 2053 τε
478 2027 524 2054 καὶ
542 2028 686 2064 χαμευνίᾳ,
705 2029 752 2055 καὶ
771 2030 827 2061 τοῖς
841 2030 932 2061 ἄλλοις

143 2072 215 2100 κατὰ
238 2072 331 2108 μέρος,
350 2073 397 2099 καὶ
421 2073 506 2105 οὕτως
523 2073 623 2108 ταύτην
639 2074 687 2109 τὴν
701 2075 800 2110 ἀρετὴν
831 2076 932 2111 κτήσα-

146 2118 216 2145 σθαι.
239 2119 271 2145 υἱ
287 2119 341 2154 γὰρ
357 2118 394 2154 μὴ
412 2119 482 2146 οὕτω
507 2120 685 2155 ποιήσαντες,
712 2120 816 2157 ἀθρόως
836 2122 864 2148 δὲ
885 2123 932 2149 ἐπὶ

144 2164 192 2200 τὴν
204 2164 339 2200 ἀποϐολὴν
362 2164 416 2191 τῶν
432 2165 580 2200 χρημάτων
596 2166 754 2201 δραμόντες,
775 2166 812 2198 ὡς
832 2168 932 2195 ἐπίπαν

148 2211 291 2246 μεταμέλῳ
302 2210 433 2239 ἑάλωσαν.

180 2257 363 2293 52.¹οργανον
371 2258 425 2293 γὰρ
433 2256 479 2284 τοῦ
490 2257 687 2286 ἀπολαυστικοῦ
696 2259 753 2294 βίου
763 2259 797 2286 τὰ
807 2261 857 2296 χρή
863 2269 935 2296 ματα

146 2302 282 2337 τυγχάνει.
309 2303 404 2329 Ἀνελε
429 2301 476 2330 οὖν
500 2303 607 2339 πρῶτον
632 2304 681 2340 τὴν
707 2305 803 2331 ἑαυτοῦ
822 2307 933 2342 τέχνην,

146 2349 267 2375 τουτέστι
281 2349 329 2385 τὴν
339 2349 560 2385 γαστριμαργίαν
576 2350 623 2376 καὶ
642 2351 672 2376 τὸ
696 2350 874 2386 ἁϐροδίαιτον,
889 2353 935 2379 καὶ

146 2393 232 2426 οὕτως
248 2395 366 2427 εὐκόλως
386 2395 560 2430 περιτέμνειν
580 2396 628 2431 τὴν
647 2397 746 2423 σαυτοῦ
767 2397 867 2433 δυνήσῃ
882 2399 934 2425 τῶν

148 2440 295 2476 χρημάτων
309 2440 384 2476 ὓλην.
400 2441 474 2478 Βαρὺ
495 2441 549 2477 γὰρ
572 2441 659 2477 οἶμαι,
673 2443 769 2479 τέχνης
785 2444 934 2480 παρούσης,

146 2485 261 2520 δργανον
277 2486 314 2522 μὴ
325 2487 479 2522 τυγχάνειν.
499 2487 528 2514 '0
539 2487 593 2523 γὰρ
608 2487 644 2523 μὴ
656 2488 800 2515 ἀποϐαλὼν
816 2490 846 2515 τὸ
861 2490 936 2526 πρῶ-

147 2539 202 2564 τον,
217 2531 275 2563 πῶς
297 2532 327 2558 τὸ
352 2532 476 2568 δεύτερον
496 2532 595 2565 ἐξῶσαι
618 2533 776 2570 δυνήσεται;
793 2536 841 2562 Διὰ
858 2536 936 2562 τοῦτο

148 2577 194 2604 καὶ
209 2577 224 2603 ό
240 2577 346 2613 Σωτὴρ,
370 2578 439 2613 πρὸς
456 2578 503 2604 τὸν
527 2578 653 2605 πλούσιον
677 2580 936 2615 διαλεγόμενος,οὺκ

148 2623 254 2660 ἀθρόως
269 2624 342 2659 αὐτῷ
355 2623 404 2660 τὴν
418 2625 553 2661 ἀποϐολὴν
570 2625 623 2651 τῶν
637 2635 689 2661 χρη
695 2626 786 2661 μάτων
801 2627 936 2662 προστάσ-

149 2677 207 2695 σει·
225 2669 294 2696 ἀλλὰ
305 2671 448 2706 προερωτᾷ
462 2670 552 2702 αὐτὸν,
569 2672 593 2698 εὶ
618 2672 652 2698 τὰ
675 2672 721 2698 τοῦ
739 2672 821 2707 νόμου
839 2673 935 2700 πεποί-

149 2725 210 2752 ηκε.
230 2718 285 2743 Καὶ
300 2717 459 2744 διδασκάλου
476 2718 587 2753 γνησίου
609 2719 754 2754 πρόσωπον
771 2719 936 2755 ἀναδεξάμε-

149 2771 194 2794 νος
209 2764 223 2790 ὁ
238 2763 341 2799 Κύριος
354 2764 458 2799 spei-rc?-
475 2765 506 2790 Εἰ
523 2764 556 2790 τὰ
573 2766 690 2800 στοιχεῖα
708 2765 825 2801 ἔμαθες,
841 2767 866 2793 εἰ
887 2766 935 2798 τὰς

184 2851 240 2887 (81)
257 2851 288 2879 ιη
305 2851 371 2879 Vitis
394 2851 449 2879 PP.
463 2853 482 2880 l.
498 2861 524 2885 v,
542 2852 568 2885 6,
587 2853 627 2880 l5.

979 925 1077 951 linere.

1014 969 1058 997 50.
1086 969 1152 997 Erat
1174 971 1257 1006 igitur
1273 971 1394 998 divinum
1420 971 1576 998 convivium
1595 971 1770 1006 praesentium

978 1015 1124 1050 virginum.
1143 1015 1210 1042 Nam
1235 1017 1375 1051 sapientiae
1400 1017 1554 1044 crateribus
1575 1016 1770 1043 exliilarabann

979 1066 1032 1088 tur.
1049 1061 1138 1088 Divini
1159 1062 1273 1096 liquoris
1297 1062 1458 1090 administra
1475 1065 1535 1090 erat
1555 1062 1634 1090 beata
1656 1061 1771 1097 Syncle-

979 1107 1044 1134 tica.
1061 1106 1138 1140 Quod
1155 1107 1252 1135 liberet
1264 1108 1377 1143 singulae
1392 1107 1572 1142 accipiebant,
1587 1115 1702 1142 quarum
1716 1117 1770 1136 una

979 1154 1092 1189 rogabat
1107 1161 1178 1187 eam,
1199 1162 1233 1181 an
1249 1159 1394 1189 paupertas
1407 1154 1558 1190 perfectum
1572 1155 1672 1183 bonum
1686 1160 1769 1183 esset.

980 1200 1048 1226 Tum
1064 1201 1128 1227 illa:
1145 1199 1297 1228 Perfectum
1314 1201 1393 1236 plane
1409 1201 1510 1228 bonum
1527 1205 1569 1228 est
1581 1201 1616 1229 iis
1639 1202 1686 1237 qui
1700 1201 1772 1229 ferre

981 1247 1106 1278 possunt.
1121 1244 1187 1277 Quae
1202 1246 1274 1272 enim
1293 1245 1344 1272 hoc
1359 1246 1507 1279 sustinent,
1521 1246 1694 1275 aﬂlictionem
1710 1249 1772 1282 qui-

981 1289 1042 1317 dem
1073 1297 1157 1318 carne
1190 1292 1321 1324 sentiunt,
1353 1292 1443 1318 anima
1472 1299 1538 1320 vero
1571 1293 1771 1320 remissionem.

981 1335 1214 1368 Quemadmodum
1233 1337 1305 1364 enim
1320 1337 1505 1372 compactiora
1522 1339 1694 1370 vestimenta,
1711 1347 1773 1366 eon-

982 1382 1105 1413 culcata,
1136 1382 1323 1417 violenterque
1353 1383 1537 1414 circumacta,
1566 1383 1717 1411 abluuntur
1746 1388 1773 1411 et

982 1427 1160 1459 dealbentur,
1178 1428 1213 1455 ita
1237 1428 1314 1455 fortis
1333 1429 1422 1455 anima
1443 1436 1493 1463 per
1507 1434 1685 1463 spontaneam
1704 1438 1774 1464 pau-

983 1476 1115 1507 pertatem
1132 1473 1216 1507 magis
1228 1473 1422 1500 corroboratur
1437 1483 1443 1500 :
1461 1479 1521 1508 quae
1536 1478 1625 1500 autem
1641 1474 1773 1502 debiliore

947 1539 967 1568 C
985 1523 1049 1545 sunt
1065 1522 1164 1549 mente,
1180 1522 1274 1545 contra
1287 1526 1367 1553 quam
1382 1520 1487 1554 priores
1498 1519 1650 1553 patiuntur.
1666 1520 1734 1547 Nam
1749 1521 1772 1548 si

985 1565 1026 1592 vel
1043 1565 1159 1591 modicis
1171 1565 1362 1592 afﬂictionibus
1378 1569 1548 1600 premantur,
1565 1566 1638 1593 sicut
1650 1566 1774 1594 discissa:

986 1615 1086 1641 vestes,
1103 1612 1128 1638 in
1142 1611 1290 1646 perniciem
1308 1615 1384 1642 cunt,
1403 1619 1453 1638 nec
1470 1611 1543 1639 ferre
1556 1612 1647 1639 valent
1663 1613 1773 1643 virtutis

986 1657 1162 1685 ablutionem.
1188 1657 1277 1691 Atque
1297 1664 1349 1683 una
1365 1657 1474 1692 quidem
1499 1658 1526 1685 in
1550 1659 1674 1694 utrisque
1696 1660 1774 1688 ablu--

985 1703 1067 1730 tionis
1084 1710 1129 1729 ars
1145 1706 1196 1735 est,
1216 1710 1341 1737 unusque
1355 1702 1462 1736 artifex,
1483 1703 1608 1732 diversus
1627 1709 1717 1733 tamen
1732 1711 1774 1734 est

985 1750 1208 1776 vestimentorum
1228 1748 1306 1776 linis:
1321 1756 1382 1775 nam
1397 1749 1440 1776 illa
1455 1750 1563 1785 quidem
1580 1751 1774 1786 dirumpunlur

985 1800 1011 1822 et
1028 1799 1153 1830 pereunt,
1172 1795 1228 1822 inec
1239 1801 1328 1822 autem
1341 1796 1485 1823 albescunt
1499 1800 1580 1832 atque
1594 1802 1771 1826 renovantur.

984 1841 1049 1869 .lure
1067 1842 1149 1876 igitur
1172 1841 1326 1868 voluntaria
1342 1846 1498 1876 paupertas
1512 1850 1587 1877 prece
1595 1851 1672 1872 arum
1689 1846 1775 1874 cime-

986 1888 1051 1915 lium
1073 1893 1254 1922 nuncupetur.
1271 1887 1343 1915 virili
1364 1896 1462 1923 nempe
1476 1889 1579 1922 animo,
1597 1898 1661 1917 nam
1680 1899 1776 1926 pecca-

985 1939 1074 1961 torum
1090 1938 1116 1961 et
1132 1935 1282 1961 facinorum
1297 1935 1402 1961 frenum
1422 1940 1474 1963 est.

1019 1981 1063 2008 51.
1088 1981 1122 2006 At
1147 1984 1255 2015 oportet
1274 1981 1350 2015 prius
1369 1982 1489 2009 exerceri
1505 1982 1530 2009 in
1552 1983 1660 2018 primis,
1676 1992 1776 2020 nempe

983 2027 1098 2062 jejunio,
1118 2026 1194 2053 humi
1218 2027 1375 2059 cubatione,
1393 2028 1508 2062 aliisque
1523 2029 1669 2063 ejusmodi,
1686 2038 1774 2065 eoque

986 2073 1065 2100 modo
1077 2072 1110 2099 ad
1125 2073 1195 2099 hanc
1211 2074 1351 2107 pervenire
1368 2074 1506 2101 virtutem.
1522 2074 1589 2100 Nam
1606 2075 1652 2110 qui
1666 2084 1720 2103 non
1736 2077 1773 2103 ita

986 2123 1079 2154 agunt,
1095 2119 1142 2147 sed
1155 2119 1300 2153 derepente
1323 2119 1355 2146 ad
1373 2119 1514 2148 facultates
1527 2120 1692 2149 abdicandas
1708 2130 1773 2156 pro-

987 2169 1093 2201 perant,
1120 2171 1149 2193 ut
1169 2167 1316 2201 plurimum
1342 2166 1467 2194 incidunt
1497 2167 1523 2194 in
1549 2167 1612 2194 facti
1637 2169 1773 2202 pcenitcu—

952 2218 972 2245 D
986 2215 1064 2241 tiam.

1021 2261 1064 2288 '52.
1081 2260 1147 2287 Nam
1164 2260 1345 2287 instrumenta
1361 2259 1529 2294 voluptuosa:
1549 2259 1610 2287 vitae
1625 2263 1690 2288 sunt
1703 2261 1773 2288 divi—

986 2307 1040 2334 tiae.
1056 2306 1178 2333 Primum
1191 2314 1256 2339 ergo
1276 2306 1355 2331 aufer
1368 2310 1451 2332 artem
1469 2311 1553 2336 tuam,
1569 2305 1620 2332 hoc
1644 2311 1696 2337 est,
1712 2314 1773 2332 cra--

987 2354 1077 2388 pulam
1100 2356 1127 2380 et
1143 2352 1266 2382 delicias,
1282 2352 1376 2386 sicque
1395 2351 1474 2378 facile
1497 2351 1599 2386 poleris
1621 2359 1702 2386 opum
1723 2353 1773 2379 (Iit-

986 2398 1112 2426 scindere
1139 2398 1292 2424 materiam.
1317 2396 1405 2423 Grave
1430 2397 1501 2423 enim
1525 2401 1590 2431 puto
1614 2405 1684 2428 esse,
1714 2402 1775 2425 arte

985 2448 1128 2479 prmsente,
1148 2443 1245 2470 abesse
1265 2443 1455 2470 instrumenta.
1473 2442 1504 2468 Et
1522 2444 1567 2477 qui
1586 2443 1704 2478 primum
1718 2452 1772 2470 non

985 2490 1099 2524 expulit,
1117 2491 1175 2525 qui,
1196 2498 1300 2525 quaeso,
1333 2490 1432 2525 poterit
1460 2490 1610 2517 secundum
1642 2490 1774 2525 exigere?

986 2536 1168 2570 Quamobrem
1184 2536 1309 2564 Salvator
1321 2536 1431 2563 divitem
1445 2536 1596 2571 alloquens.
1613 2544 1666 2563 non
1681 2537 1772 2563 statim

984 2583 1060 2618 jubet
1073 2591 1139 2618 opes
1154 2582 1308 2614 dimittere,
1327 2582 1374 2609 sed
1399 2585 1460 2609 ante
1481 2582 1630 2618 interrogat
1652 2591 1716 2609 num
1734 2584 1773 2610 le—

986 2630 1027 2664 gis
1050 2629 1178 2656 mandata
1200 2628 1324 2655 servarit.
1342 2629 1375 2655 Et
1396 2629 1517 2664 germani
1536 2630 1658 2664 magistri
1677 2637 1772 2664 perso-

986 2683 1048 2702 nam
1065 2670 1200 2709 accipiens
1213 2673 1345 2701 Dominus
1358 2675 1513 2702 sciscitatur
1527 2683 1533 2701 :
1547 2676 1569 2702 si
1584 2676 1702 2703 didicisti
1716 2676 1772 2704 ele-

986 2724 1091 2754 menta;
1107 2721 1130 2748 si
1146 2720 1265 2756 syllabas
1280 2721 1427 2755 accepisti;
1449 2729 1480 2748 ac
1505 2721 1614 2748 demum
1636 2722 1658 2750 si
1679 2729 1773 2749 assue-

985 2768 1048 2796 visti
1063 2767 1230 2799 nominibus,
1246 2767 1306 2794 veni
1324 2767 1380 2802 jam
1396 2766 1428 2793 ad
1441 2767 1667 2802 perfectissimam
1679 2768 1773 2797 lec(.'o-
