1919 3064
149 156 215 185 1507

726 158 756 186 S.
777 155 1007 185 ATHANASIUS.
1029 171 1063 178 -—
1083 155 1218 185 SPURIA.

1699 157 1771 184 1508

148 220 230 248 nem;
246 213 297 242 hoc
311 218 353 242 est
366 224 372 241 :
395 214 474 247 Vade.
487 215 566 243 vende
580 216 668 242 omnia
681 223 740 250 quae
753 215 843 247 habes,
856 219 881 242 et
896 214 923 240 ά(

983 212 1117 245 συλλαϐὰς
1139 213 1327 249 παρείληφας,
1344 213 1391 240 καὶ
1405 213 1496 245 ἁπλῶς
1514 213 1538 240 εί
1559 213 1612 240 τῶν
1632 213 1774 250 ὀνομάτων

147 259 326 293 pauperibus;
352 265 378 287 et
400 261 468 293 veni,
493 269 598 295 sequere
620 269 660 288 me
684 262 718 288 ".
741 260 931 294 Arbitrorque,

148 305 203 333 nisi
219 305 358 340 professus
375 305 482 338 fuisset,
501 314 530 334 se
545 314 577 334 ea
593 306 691 334 fecisse
704 305 738 333 de
756 306 856 341 quibus
872 305 932 333 fue-

150 356 193 378 rat
216 353 410 387 interrogatus,
437 359 607 387 nequaquam
628 352 717 387 ipsum
742 352 775 379 ad
798 352 932 379 bonorum

150 398 347 426 abdicationem
364 398 514 426 invitasset.
537 398 596 432 Qua
613 399 685 425 enim
707 399 813 426 ratione
832 398 933 425 valuis-

150 448 191 471 snt
206 444 239 470 ad
259 445 400 472 lectionem
415 445 555 477 accedere,
573 446 619 480 qui
636 445 788 480 ignorasset
806 446 860 472 vim
880 446 932 480 syl-

150 490 272 517 labarum
282 490 293 516 2

183 576 225 603 35.
245 577 318 604 Bona
335 578 425 612 itaque
444 581 484 605 est
504 578 657 605 voluntaria
675 583 820 612 paupertas
835 578 868 605 iis
882 578 928 613 qui

147 622 278 650 virtutum
290 623 515 650 consuetudinem
531 623 603 650 nacti
618 627 692 650 sunt.
709 622 778 649 Nam
794 623 929 657 superﬂua

146 669 237 695 omnia
258 677 320 696 cum
341 669 500 703 abjecerint,
517 669 550 696 ad
566 669 708 696 Dominum
721 672 873 700 vertuntur,
887 669 929 696 di-

146 715 238 741 vinum
255 715 306 741 hoc
320 715 457 749 eloquium
477 721 544 749 pura
559 718 648 742 mente
663 715 810 749 psallentes
824 723 830 740 :
848 713 928 749 623

147 759 223 786 Oculi
235 761 317 786 nostri
335 760 361 786 in
376 765 400 786 te
415 765 522 794 sperant
535 767 544 786 :
558 764 582 786 et
593 765 621 786 tu
632 759 681 786 das
697 767 785 787 escam
796 759 929 795 diligenti-

146 805 193 832 bus
208 811 241 838 te,
259 806 286 832 in
300 811 412 839 tempore
425 810 570 839 opportuno
585 805 619 831 “.

983 259 1011 284 έν
1025 258 1080 291 ἔξει
1097 258 1220 292 γέγονας,
1237 258 1317 294 δεῦρο
1339 258 1432 285 λοιπὸν
1446 259 1492 285 καὶ
1505 259 1551 286 ἐπὶ
1572 259 1621 295 τὴν
1635 259 1772 287 τελειοτά-

981 313 1032 339 την
1047 305 1198 338 ἀνάγνωσιν
1209 314 1215 319 ·
1233 305 1387 332 τουτέστιν·
1405 306 1523 340 Ὕπαγε,
1545 305 1688 340 πώλησόν
1710 314 1770 334 σου

981 349 1017 375 τὰ
1044 349 1235 384 ὑπάρχοντα,
1260 350 1308 376 καὶ
1330 350 1418 384 δεῦρο
1445 351 1602 378 ἀκολούθει
1621 361 1682 386 μοι.
1710 352 1767 379 Kal.

980 395 1050 430 τάχα
1063 393 1149 429 οἶμαι,
1170 395 1206 426 ὡς
1220 396 1244 422 εί
1264 395 1301 431 μὴ
1320 395 1354 422 τὰ
1367 395 1544 428 ἐξεταπθέντα
1565 395 1598 432 ἦν
1614 397 1768 432 ὑποσχόμε-

981 449 1024 472 νος
1040 441 1228 475 πεποιηκέναι,
1244 441 1292 468 οὐκ
1307 441 1339 468 ἂν
1353 442 1431 468 αὐτὸν
1448 442 1494 468 ἐπὶ
1510 442 1559 477 τὴν
1578 443 1769 478 ὰκτημοσὺνην

983 484 1176 519 προετρέψατο.
1194 485 1255 517 Πῶς
1270 485 1324 521 γὰρ
1343 486 1376 512 ἄν
1395 485 1510 520 ἠδύνατο
1531 487 1599 522 πρὸς
1617 488 1770 522 ἀνάγνωσιν

980 529 1110 564 ὁρμῆσαι,
1125 530 1173 565 τὴν
1186 531 1238 556 τῶν
1257 530 1394 558 συλλαϐῶν
1411 532 1514 565 ἀγνοῶν
1529 533 1660 569 δύναμινς

1014 574 1058 602 55.
1078 575 1154 610 Καλὴ
1170 573 1216 602 οὖν
1231 576 1246 611 ή
1267 577 1441 614 ἀκτημοσύνη
1457 580 1511 609 τοῖς
1526 579 1554 604 ἐν
1575 579 1629 611 ἕξει
1645 580 1698 606 τῶν
1714 589 1766 607 κα-

979 619 1032 646 λῶν
1048 622 1253 656 γεγενημένοις·
1273 623 1381 649 πάντων
1405 623 1457 659 γὰρ
1481 624 1535 650 τῶν
1562 625 1693 660 περιττῶν
1717 628 1767 656 τὴν

979 665 1113 700 ἀποϐολὴν
1129 667 1316 702 ποιησάμενοι,
1335 668 1402 704 πρὸς
1423 669 1468 696 τὸν
1489 669 1588 705 Κύριον
1605 672 1714 706 φέρουσι
1735 673 1767 698 τὸ

978 710 1074 745 νεῦμα,
1094 711 1122 738 τὺ
1148 712 1218 738 θεῖον
1243 714 1330 739 έκεῖνο
1346 714 1453 749 ᾄδοντες
1469 714 1557 748 λόγιον
1581 715 1716 751 καθαρῶς,
1736 718 1767 743 τὸ

978 754 1072 788 λέγονο
1098 757 1129 782 Οἱ
1154 757 1300 791 ὀφθαλμοί
1327 757 1410 792 ἡμῶν
1434 760 1507 792 πρὸς
1534 760 1571 786 σὲ
1591 760 1765 791 ἐλπίζουσι-

979 800 1027 826 κίιὶ
1049 801 1089 827 σὺ
1110 802 1198 836 δίδως
1222 803 1279 837 τὴν
1299 803 1412 837 τμιρίιι-
1434 805 1495 838 τοῖς
1515 806 1652 840 ἀγαπῶσι
1675 815 1711 834 σε
1731 808 1767 834 ἐν

981 847 1126 881 εὐκαιρίᾳ.

179 891 224 919 3‘.
240 891 373 919 Praeterea
387 900 514 927 magnum
528 892 592 919 hinc
604 892 778 920 commodum
790 892 923 927 referunt;

1012 892 1057 920 54.
1080 893 1182 925 Ἀλλως
1196 902 1225 919 τε
1242 894 1321 921 πάλιν
1343 895 1463 932 μεγάὶην
1483 897 1614 931 ὼρέλειιν
1629 900 1763 934 εἰσπράτ-

144 943 206 963 cum
224 937 296 963 enim
321 937 353 963 ad
381 941 538 965 terrestrem
562 938 719 966 thesaurum
740 939 860 966 animum
875 947 930 967 non

144 982 288 1016 appellant,
315 991 426 1017 regnum
451 984 583 1011 ccelorum
620 985 752 1018 induunt,
788 986 931 1021 palamque

143 1027 218 1054 illam
239 1035 254 1054 a
277 1028 417 1063 psalmista
445 1028 545 1056 Davide
572 1029 742 1058 decantatam
768 1033 929 1059 sententiam

142 1077 328 1108 exsequuntur
344 1083 351 1101 :
369 1073 401 1100 Ut
418 1074 568 1108 jumentum
591 1076 677 1110 [actus
694 1085 752 1104 sunt
767 1077 835 1111 apud
858 1082 882 1105 te
894 1078 927 1107 “.

142 1119 209 1147 Nam
228 1121 298 1148 sicut
314 1121 447 1156 jumenta.
471 1129 531 1156 quaa
545 1129 625 1150 suum
640 1131 709 1158 opus
733 1125 844 1155 obeunt,
861 1124 927 1152 solis

142 1167 175 1193 ad
189 1166 272 1193 vitam
294 1168 459 1195 necessariis
479 1168 617 1196 alimentis
639 1173 765 1197 contenta
785 1174 866 1202 sunt,
890 1171 925 1197 ita

142 1213 312 1246 paupertatis
330 1217 476 1245 amatores,
501 1221 580 1240 usum
602 1215 723 1249 pecuniae
749 1216 827 1250 quasi
857 1216 924 1243 nihil

141 1261 279 1291 reputant,
294 1257 435 1292 soliusque
449 1259 600 1293 quotidiani
622 1260 742 1288 alimenti
762 1268 845 1288 causa
864 1259 927 1288 co'r-

141 1310 251 1337 poream
273 1308 402 1331 exercent
427 1312 549 1339 operata.
573 1305 604 1332 lii
634 1311 726 1333 tenent
749 1306 810 1333 fidei
830 1306 927 1334 funda-

140 1351 261 1375 mentum
278 1357 284 1375 :
301 1349 333 1376 ad
348 1357 395 1377 eos
417 1357 534 1384 namque
548 1349 650 1377 dictum
666 1351 717 1378 fuit
733 1358 748 1377 a
762 1350 926 1383 Domino,ut

140 1393 250 1421 solliciti
259 1402 312 1422 non
320 1400 412 1423 essent
420 1396 448 1422 in
457 1397 606 1424 crastinunt
616 1407 622 1425 ς
633 1401 670 1428 et,
682 1398 801 1424 volatilia
808 1399 866 1425 cazti
873 1407 925 1425 non

139 1444 238 1471 serunt,
247 1448 325 1475 neque
336 1446 444 1474 metunt,
455 1448 480 1469 et
490 1442 572 1469 Pater
594 1443 704 1471 coelestia
729 1445 813 1477 pascit
827 1445 875 1472 illa
891 1446 924 1473 ".

140 1483 189 1512 His
202 1485 262 1512 freti
273 1487 446 1514 sermonibus
461 1487 544 1521 (Deus
558 1495 677 1524 namque
690 1490 787 1524 estqui
796 1491 926 1526 loquitur)

139 1531 223 1560 libere
238 1537 266 1559 et
284 1533 413 1560 audacter
426 1533 500 1561 illam
520 1533 669 1570 Scriptura;
695 1543 787 1563 vocem
806 1545 926 1572 pronun-

138 1578 208 1606 tiant
224 1587 231 1606 :
251 1578 358 1606 Credidi
372 1585 478 1614 propter
493 1582 562 1615 quod
576 1581 678 1608 locutus
695 1590 754 1609 sum
769 1583 803 1610 “.

171 1708 216 1735 55.
230 1707 283 1736 Sed
296 1713 323 1736 et
336 1709 425 1738 hostis
437 1717 451 1737 a
461 1711 631 1746 paupertatis
642 1712 758 1747 hujusce
769 1714 923 1743 cultoribus

137 1752 245 1782 facilius
267 1760 412 1790 superatur
434 1765 440 1783 :
463 1765 517 1784 non
541 1757 623 1784 habet
648 1758 720 1785 enim
737 1767 791 1794 quo
814 1765 922 1789 noceat.

137 1797 206 1826 Nam
234 1801 351 1827 maxima
368 1808 433 1836 pars
455 1802 642 1830 molestiarum
659 1807 686 1830 ct
698 1804 878 1832 tentationum
894 1806 922 1833 in

138 1846 298 1874 facultatum
306 1847 414 1882 jactura
429 1853 565 1876 versatur.
575 1849 653 1882 Quod
667 1850 738 1877 enim
752 1851 844 1878 damni
854 1860 921 1886 pau-

136 1893 247 1928 peribus
266 1893 364 1920 inierat
385 1901 439 1920 non
464 1895 554 1922 habet.
571 1895 613 1922 An
633 1896 732 1930 pnedia
749 1897 922 1925 incenderet?

136 1946 191 1965 non
222 1938 331 1966 adsunt.
348 1938 474 1966 Iumenta
497 1940 680 1968 interﬁceret?
694 1941 768 1968 nulla
786 1947 850 1970 sunt
869 1945 918 1972 eis.

136 1983 312 2012 Charissimis
333 1985 461 2012 noceret?
488 1993 582 2013 verum
604 1986 664 2013 istis
679 1995 787 2022 quoque
809 1989 919 2023 longum

135 2030 195 2057 vale
208 2030 344 2057 dixerunt.
360 2030 407 2057 Est
432 2031 514 2066 igitur
535 2036 680 2066 paupertas
697 2034 846 2061 maximum
871 2035 919 2062 ad-

135 2082 232 2102 versus
254 2075 358 2103 hostem
375 2076 539 2111 supplicium
552 2085 584 2104 ac
598 2078 735 2112 pretiosus
747 2080 843 2107 anima:
859 2081 918 2109 the-

135 2128 244 2148 saurus.

169 2167 360 2195 56.Ca:tcrum
388 2173 490 2203 quanto
521 2176 667 2206 paupertas
690 2171 876 2199 admirabilior
889 2177 916 2200 et

135 2214 167 2241 ad
185 2215 312 2242 virtutem
342 2216 514 2250 praestantior
532 2222 584 2249 est,
605 2222 679 2246 tanto
695 2219 816 2254 pecunia:
839 2227 916 2248 amor

133 2259 167 2285 ad
186 2259 281 2286 vitium
300 2259 375 2294 pejor
388 2265 415 2287 et
429 2260 588 2297 ﬂagitiosior
613 2267 656 2290 est
680 2273 688 2291 :
710 2272 828 2299 vereque
852 2273 915 2293 eum

133 2305 242 2333 divinus
266 2305 415 2341 Apostolus
440 2307 523 2341 dixit,
550 2316 611 2336 esse
633 2310 754 2337 omnium
781 2311 913 2338 malorum

132 2352 282 2378 causam".
308 2351 377 2378 Nam
403 2352 559 2380 divitiarum
586 2355 731 2390 cupiditas,
755 2356 914 2390 perjurium,

133 2396 245 2429 furtum,
275 2398 381 2432 rapina,
411 2398 566 2431 foruicatio,
583 2400 695 2432 invidia,
708 2402 806 2435 cades,
823 2401 915 2429 odium

133 2442 293 2474 fraternum,
310 2443 421 2475 bellum,
441 2444 606 2478 idololatria,
622 2446 747 2480 avaritia,
764 2447 916 2483 horumque

132 2489 248 2521 surculi,
267 2489 430 2524 hypocrisis,
447 2490 578 2524 adulatio,
591 2492 737 2526 cachinni;
755 2494 858 2526 omnia,
873 2494 915 2521 in-

131 2542 225 2568 quam,
235 2535 340 2568 isthaec,
350 2543 460 2564 causam
471 2541 498 2564 et
509 2538 642 2573 originem
658 2538 758 2566 habere
772 2540 913 2568 avaritiam

132 2581 159 2608 in
183 2581 311 2609 confesso
325 2586 378 2610 est.
395 2577 472 2610 Unde
483 2583 546 2618 jure
559 2585 632 2611 illam
653 2585 774 2612 omnium
799 2590 913 2614 matrem

132 2626 266 2653 malorum
293 2627 443 2662 Apostolus
458 2629 622 2657 nominavit.
640 2629 696 2658 Nec
715 2631 804 2658 solum
825 2631 860 2659 ab
873 2632 913 2659 eis

167 2703 190 2720 "
209 2703 302 2732 Matth.
320 2713 366 2732 xu
377 2725 385 2737 ,
400 2705 446 2733 2L

135 2738 158 2754 ⁸⁷
176 2739 187 2766 1
204 2739 275 2768 Tim.
293 2748 337 2774 vt,
356 2741 398 2768 10.

497 2706 519 2723 ⁸⁸
537 2706 610 2736 Psal.
627 2709 716 2741 cuiv,
736 2708 778 2736 15.

165 2841 222 2878 (82)
239 2841 267 2868 lit
288 2841 353 2868 Vitis
365 2841 422 2869 PP.
440 2841 457 2868 1.
474 2849 510 2872 νι.
529 2841 555 2874 4,
570 2841 614 2869 ‘25.

829 2708 867 2745 μισ
885 2707 958 2736 Psal.
975 2716 1060 2743 tun,
1078 2709 1122 2737 25.

980 945 1070 964 τονται
1080 947 1086 953 ·
1100 939 1137 974 μὴ
1155 939 1261 974 ἔχοντες
1281 940 1333 976 γὰρ
1345 941 1391 967 τὸν
1406 942 1468 968 νοῦν
1481 942 1547 978 πρὸς
1566 943 1611 970 τὸν
1627 945 1656 971 ἐν
1665 946 1699 980 γῇ
1716 945 1763 980 θη-

981 983 1091 1019 σαυρὸν,
1104 984 1152 1019 τὴν
1167 984 1288 1019 οὐρανῶν
1303 985 1439 1020 βασιλείαν
1453 987 1646 1021 ἀμφιέννυνται
1656 997 1663 1004 '
1678 990 1764 1018 καὶτὸ

979 1026 1032 1053 ὑπὸ
1047 1027 1094 1053 τοῦ
1117 1028 1239 1063 ὐμνῳδοῦ
1260 1029 1342 1056 Δαὸὶδ
1361 1031 1436 1065 ῥῆμα
1454 1031 1592 1058 ἐκτελοῦσι
1616 1033 1719 1068 σαφῶς,
1732 1035 1765 1063 τὺ

979 1071 1057 1106 λέγον
1067 1080 1074 1088 ·
1092 1073 1253 1107 Κτηνώδης
1265 1075 1410 1109 ἐγενήθην
1424 1076 1503 1110 παρὰ
1515 1078 1575 1104 σοί.
1592 1079 1696 1115 Ὥσπερ
1710 1080 1765 1116 γὰρ

978 1118 1012 1144 τὰ
1023 1118 1165 1153 ὑποζύγια,
1175 1120 1223 1156 τὴν
1235 1121 1302 1148 ίδίαν
1313 1122 1442 1157 ἐργασίαν
1455 1124 1613 1160 ποιούμενα,
1625 1127 1683 1157 ταῖς
1695 1127 1763 1162 πρὸς

978 1164 1007 1190 τὸ
1021 1164 1070 1200 ζῇν
1086 1167 1200 1200 τροφαῖς
1216 1166 1310 1201 μόναις
1327 1167 1487 1202 ἀρκοῦνται⁸
1505 1169 1576 1196 οὕτω
1606 1171 1652 1197 καὶ
1672 1172 1696 1197 οἱ
1713 1172 1762 1207 τῆς

978 1210 1168 1247 ἀκτημοσύνης
1180 1212 1305 1246 ἐργάται,
1321 1213 1370 1247 τὴν
1389 1214 1437 1248 μὲν
1451 1215 1496 1241 τοῦ
1515 1216 1644 1252 ἀργυρίου
1665 1217 1763 1253 χρῆσιν

976 1256 1014 1287 ὡς
1031 1257 1113 1292 μηδὲν
1125 1255 1207 1283 οὖσαν
1226 1257 1390 1291 λογίζονται,
1415 1259 1483 1295 πρὸς
1501 1260 1584 1296 μόνην
1606 1261 1633 1288 δὲ
1647 1262 1695 1297 τὴν
1716 1263 1764 1297 ἐφ-

977 1301 1030 1336 ήμε
1034 1309 1079 1336 ρον
1087 1303 1188 1337 τροφὴν
1200 1301 1248 1337 τὴν
1259 1302 1304 1329 διὰ
1317 1303 1364 1330 τοῦ
1375 1303 1498 1339 σώματος
1512 1306 1642 1340 ἐργασίαν
1656 1307 1764 1334 ποιοῦν-

975 1353 1030 1372 ται.
1044 1344 1124 1373 Οὗτοι
1138 1347 1186 1382 τῆς
1197 1348 1313 1379 πίστεως
1328 1349 1376 1384 τὴν
1387 1350 1506 1385 κρηπῖδα
1521 1351 1662 1386 κατέχουσι
1673 1361 1679 1366 ·
1694 1352 1763 1389 πρὸς

976 1391 1073 1424 αὐτοὺς
1087 1392 1141 1428 γὰρ
1152 1393 1258 1429 εἴρηται
1273 1395 1349 1430 παρὰ
1360 1395 1405 1421 τοῦ
1423 1396 1524 1431 Κυρίου
1535 1397 1564 1423 τὸ
1576 1397 1612 1432 μὴ
1629 1400 1762 1434 μεριμνᾷν

976 1438 1039 1473 περὶ
1059 1438 1108 1473 τῆς
1123 1438 1215 1475 αὔριον
1226 1448 1233 1455 ·
1249 1441 1295 1467 καὶ
1309 1441 1360 1472 ὅτι,
1384 1441 1423 1468 Τὰ
1433 1443 1552 1469 πετεινὰ
1569 1443 1621 1470 τοῦ
1633 1445 1762 1477 οὐρανοῦ

975 1485 1012 1510 οὑ
1027 1485 1156 1520 σπείρει,
1170 1485 1241 1513 οὐδὲ
1260 1486 1369 1520 θερίζει,
1385 1488 1432 1514 καὶ
1446 1490 1463 1514 o'
1477 1488 1576 1523 Πατὴρ
1593 1491 1609 1516 ό
1625 1489 1762 1524 οεψάνιος

977 1530 1074 1564 τρέφει
1095 1531 1180 1558 αὐτὰ.
1196 1532 1306 1565 Τούτοις
1327 1534 1384 1564 τοῖς
1406 1533 1494 1568 λόγοις
1510 1534 1663 1570 ἐθάρρησαν
1686 1536 1762 1571 (Θεὸς

939 1568 961 1597 c
976 1576 1029 1612 γὰρ
1051 1578 1065 1603 ὁ
1090 1577 1239 1613 λαλήσας),
1262 1580 1546 1615 πεπαῤῥησιασμένως
1625 1568 1761 1617 γραςρικὸν

975 1625 1063 1651 έκεῖνο
1077 1625 1238 1660 φθέγγονται
1256 1627 1341 1662 ῥῆμα,
1358 1627 1388 1653 τὸ
1402 1627 1480 1662 λέγον
1491 1636 1498 1644 ·
1518 1628 1707 1661 Ἐπίστευσα,
1722 1629 1761 1656 δι’

975 1670 990 1696 ὃ
1004 1671 1153 1705 ἐλάλησα.

1009 1715 1052 1742 55.
1071 1716 1125 1743 Kal.
1140 1718 1154 1743 ὁ
1165 1717 1260 1753 ἐχθρὸς
1272 1718 1300 1745 δὲ
1318 1718 1428 1744 ἐπὶτῶν
1444 1719 1604 1754 ἁκτημόνων
1623 1719 1702 1746 πλέον
1716 1721 1762 1755 ἡτ-

973 1761 1051 1788 τᾶται
1061 1770 1068 1777 δ
1080 1763 1106 1788 τί
1119 1763 1172 1798 γὰρ
1195 1763 1293 1800 βλάψῃ,
1309 1765 1358 1791 οὐκ
1375 1764 1440 1799 ἔχει.
1458 1766 1491 1791 At
1505 1766 1560 1800 γὰρ
1571 1765 1691 1793 πλεῖσται
1705 1766 1760 1793 τῶν

972 1806 1064 1833 λυπῶν
1085 1809 1132 1834 καὶ
1151 1809 1204 1835 τῶν
1227 1809 1386 1845 πειρασμῶν
1403 1811 1432 1836 ἐν
1445 1812 1502 1842 ταῖς
1522 1810 1680 1846 ἀφαιρέσεσι
1703 1811 1757 1838 τῶν

972 1854 1119 1888 χρημάτων
1139 1854 1268 1888 γίνονται.
1287 1855 1320 1881 Τί
1339 1855 1393 1891 γὰρ
1407 1855 1463 1891 ἔχει
1476 1857 1586 1891 ποιῆσαι
1603 1858 1658 1888 τοῖς
1674 1858 1759 1892 ἀκτή-

973 1907 1050 1933 μοσιν
1060 1908 1067 1932 ;
1078 1900 1127 1926 οὐκ
1137 1899 1202 1934 ἔχει.
1212 1899 1305 1936 Χωρία
1316 1902 1472 1937 ὲμπρῆσαις
1484 1902 1512 1928 οὺ
1526 1902 1664 1937 πάρεστιν.
1680 1903 1760 1928 Ύπο-

971 1944 1050 1977 ζύγια
1079 1945 1206 1981 φθεῖραι;
1224 1947 1281 1973 ἀλλ’
1300 1946 1360 1973 οὐδὲ
1380 1947 1465 1974 ταῦτα
1493 1947 1593 1982 ἔχουσι.
1619 1948 1758 1980 Φιλτάτοις

971 1990 1107 2025 ἃψασθαι;
1132 1991 1199 2018 ἀλλὰ
1224 1993 1270 2019 καὶ
1289 1992 1395 2024 τούτοις
1419 1993 1527 2029 μακρὰν
1546 1994 1650 2029 χαίρειν
1671 1992 1754 2021 εἷπον.

969 2035 1073 2062 Οὐκοῦν
1091 2036 1204 2072 μεγίστη
1219 2037 1288 2064 κατὰ
1302 2036 1349 2063 τοῦ
1363 2037 1461 2073 ἐχθροῦ
1480 2039 1599 2073 τιμωρία
1614 2039 1660 2065 καὶ
1676 2039 1756 2066 πολὺ-

968 2090 1046 2116 τιμος
1059 2083 1092 2117 τῇ
1107 2082 1180 2118 ψυχῇ
1197 2082 1332 2118 θησαυρὸς
1344 2084 1361 2119 ἡ
1375 2083 1562 2118 ἀκτημοσύνη.

1004 2172 1047 2199 56.
1062 2173 1143 2200 Ὅσον
1157 2173 1207 2208 μὲν
1223 2170 1270 2200 οὖν
1291 2173 1360 2208 αὕτη
1377 2173 1520 2209 θαυμαστὴ
1537 2173 1584 2200 καὶ
1605 2173 1755 2209 ὑπέρογκος

969 2219 1008 2250 εἰς
1023 2219 1132 2255 ἀρετὴν,
1152 2219 1277 2246 τοσοῦτον
1294 2220 1333 2251 είς
1349 2220 1448 2246 κακίαν
1465 2219 1552 2255 φαύλη
1566 2219 1614 2246 καὶ
1630 2220 1755 2256 μοχθηρὰ

967 2265 984 2299 ἡ
1005 2265 1184 2300 φιλαργυρία·
1201 2265 1247 2292 καὶ
1266 2265 1374 2300 ἀληθῶς
1390 2267 1404 2292 ὁ
1419 2265 1560 2297 Θεσπέσιος
1573 2265 1676 2297 Παῦλος
1689 2267 1756 2301 περὶ

968 2309 1069 2344 ταύτης
1082 2309 1206 2345 εἴρηκεν·
1222 2310 1260 2341 ὡς
1273 2310 1380 2337 πάντων
1398 2310 1481 2345 αὐτὴν
1495 2310 1548 2336 τῶν
1563 2310 1654 2336 κακῶν
1665 2311 1753 2337 αἰτίαν

967 2353 1045 2381 εἶναι.
1066 2355 1213 2390 Ἐπιθυμία
1225 2355 1279 2392 γὰρ
1294 2355 1340 2382 τοῦ
1360 2355 1484 2387 πλούτου,
1503 2355 1637 2391 ἐπιορκία,
1653 2355 1751 2391 κλοπὴ.

967 2401 1090 2437 ἁρπαγὴ,
1105 2402 1226 2436 πορνεία,
1238 2401 1343 2435 φθόνος,
1355 2401 1525 2436 μιςαδελφία,
1539 2401 1665 2436 πόλεμος,
1677 2401 1752 2427 εἰδω-

968 2446 1120 2482 λολατρεία,
1147 2447 1298 2480 πλεονεξία,
1322 2447 1368 2474 καὶ
1390 2447 1418 2473 αἱ
1441 2446 1616 2482 παραφυάδες
1637 2446 1751 2479 τούτων,

969 2493 1121 2529 ὑπόκρισις,
1136 2493 1275 2526 κολακεία,
1287 2493 1445 2528 κατάγελως
1454 2501 1461 2508 ·
1474 2493 1582 2520 πάντων
1594 2489 1640 2518 οὖν
1650 2491 1752 2518 τούτων
1769 2489 1775 2496 ⁵

967 2539 1041 2566 αἰτία
1058 2539 1230 2575 ὡμολόγηται
1240 2541 1257 2575 ἡ
1273 2539 1447 2576 φιλαργυρία.
1457 2538 1537 2566 Ὅθεν
1546 2538 1656 2569 δικαίως
1666 2537 1752 2572 αὐτὴν

966 2585 1076 2612 πάντων
1091 2585 1145 2612 τῶν
1159 2585 1251 2612 κακῶν
1267 2585 1372 2621 μητέρα
1396 2587 1410 2612 ὁ
1426 2585 1586 2617 Ἀπόστολος
1599 2584 1749 2619 ὠνόμασεν.

966 2631 1003 2658 Οὐ
1022 2632 1102 2667 μόνον
1116 2632 1144 2659 δὲ
1153 2633 1166 2659 ὁ
1183 2632 1248 2664 Θεὸς
1263 2631 1372 2664 τούτους
1387 2633 1548 2667 τιμωρεῖται
1560 2640 1567 2647 ·
1579 2631 1646 2659 ἀλλά
1659 2639 1690 2665 γε
1703 2631 1751 2657 καὶ

1176 2708 1200 2725 ⁸³
1218 2707 1313 2736 Matth.
1331 2716 1375 2741 vr,
1390 2707 1436 2736 26.
1493 2708 1516 2724 ⁸⁸
1535 2706 1607 2735 Psal.
1625 2713 1688 2739 cxr,
1705 2705 1748 2734 ta.
