1919 3064
102 156 170 186 1509

657 154 737 182 VlTA
758 154 902 182 SANCTIE
924 153 1176 182 SYNCLETICAE.’

1654 156 1724 185 1510

103 215 203 242 οἴκοθεν
220 215 332 246 ἑαυτοὺς
351 213 577 250 καταφθείρουσιν
590 222 595 228 ·
613 214 759 250 ἀκόρεστον
774 215 826 250 γὰρ
840 215 886 250 φέ-

945 214 1009 241 )eus
1023 221 1118 249 poenas
1135 213 1251 254 repetit,
1268 220 1362 240 verum
1377 213 1430 248 ipsi
1448 213 1627 250 sibimetipsis
1645 215 1727 243 inter-

103 267 193 295 ροντες
205 259 255 294 τὴν
268 259 377 290 κακίαν,
391 259 441 285 οὐκ
451 259 540 293 ἔχουσι
550 259 625 290 τέλος
641 259 686 286 τοῦ
702 259 812 291 σκοποῦ,
827 259 887 286 ὅθεν

103 305 207 336 ἀνίατος
223 305 314 336 αὐτοις
331 305 347 339 ὴ
363 305 465 340 πληγή.
486 305 514 331 '0
532 305 614 340 μηδὲν
631 304 707 339 ἔχων,
719 304 817 338 ὀλίγων
829 305 888 330 ἑπι-

103 352 196 386 θυμεῖ·
212 350 258 377 καὶ
287 350 375 385 τυχὼν
389 350 502 382 τούτων,
525 350 578 377 τῶν
601 350 730 377 πλειόνων
751 350 885 386 ὀρέγεται·

107 396 221 423 Ἑκατὸν
233 396 376 432 χρυσὶνους
388 396 454 431 ἔχει,
467 397 513 423 καὶ
525 396 705 431 γλίχεταιτῶν
719 396 825 432 χιλίων
841 397 888 423 καὶ

106 442 201 469 τούτων
213 443 378 477 εὐπορήσας,
393 442 460 478 πρὸς
472 443 583 478 ἄπειρον
598 442 675 477 φέρει
687 442 715 468 τὸ
725 441 819 477 νεῦμα.
834 443 888 468 Καὶ

102 488 183 520 οὕτω,
195 488 232 523 μὴ
249 488 317 523 (82¹)
329 487 434 523 ἔχοντες
441 488 545 514 ἑαυτῶν
555 489 647 522 στῆναι
653 488 682 514 τὸ
692 487 777 519 τέλος,
785 488 828 514 ἀεὶ
840 496 889 513 πε-

103 533 160 560 νίαν
175 533 325 569 ὀδύρονται.
346 533 425 568 Φέρει
443 533 471 559 δὲ
486 533 502 568 ὴ
524 533 689 568 φιλαργυρία
715 532 773 568 μεθ⁵
791 533 888 568 ἑαυτῆς

102 579 145 605 ἀεὶ
157 579 202 605 τὸν
215 579 321 613 φθόνον.
335 578 442 613 Φθεὶρει
459 578 487 604 δὲ
500 579 547 605 καὶ
561 575 637 610 οὗτος
650 578 755 614 πρῶτον
770 578 815 604 τὸν
828 586 890 613 κτη-

103 624 228 660 σάμενον.
243 625 348 660 ’Ὠσπερ
362 624 441 660 γὰρὴ
454 624 544 659 ἔχιδνα
554 625 709 660 γεννωμένη
725 625 831 660 πρῶτον
840 624 888 659 τὴν

105 671 171 697 ἰδίαν
190 671 294 706 μητέρι
316 671 432 706 φθείρει,
451 671 514 704 πρὶν
534 671 566 697 ἂν
584 671 680 702 ἄλλους
698 671 831 706 ἀδικήσῃ’
844 671 889 697 οὖ-

103 726 141 743 τω
167 717 214 743 καὶ
226 719 240 743 ὀ
254 717 350 751 φθόνος
360 717 405 743 τὸν
418 717 588 752 κτησάμενον
602 717 812 754 καταμαραίνει,
825 718 889 753 πρὶν

103 762 136 790 ἂν
149 764 211 794 τοὺς
225 763 257 789 ἐκ
273 763 402 796 γειτόνων
416 763 578 799 διανεμηθῇ.

138 854 182 880 57.
196 853 275 887 Μέγα
289 862 323 888 ην
337 853 443 888 χρῆμα,
457 854 482 880 εί
503 853 646 886 τοσούτους
658 854 811 890 ἠδυνάμεθα
825 855 890 881 ὐπο-

938 260 1004 287 itum
1034 264 1140 295 parant.
1167 259 1234 287 Cum
1253 259 1309 287 sint
1325 259 1399 286 enim
1429 259 1580 288 insatiabili
1604 263 1727 297 nequitia

937 305 1053 340 praediti,
1066 305 1171 332 nullum
1189 303 1291 331 habent
1305 304 1438 339 propositi
1453 305 1545 338 ﬁnem,
1558 307 1726 342 proindequc

937 350 1098 378 insanabilis
1115 350 1188 377 inest
1203 349 1257 376 illis
1272 349 1361 383 plaga.
1378 348 1430 382 Qui
1451 350 1520 377 nihil
1536 350 1629 383 habet,
1640 360 1726 386 pauca

937 395 1094 429 desiderat;
1111 402 1172 430 quae
1192 398 1300 427 nactus,
1314 396 1393 430 plura
1411 396 1592 430 concupiscit.
1610 397 1726 424 Centum

939 448 1038 468 aureos
1049 440 1224 472 habet,mille
1239 441 1341 475 expetit
1357 450 1364 468 :
1380 440 1431 468 hos
1447 445 1623 475 consecutus,
1639 442 1665 469 in
1682 443 1725 469 in-

939 486 1044 513 ﬁnitum
1071 486 1194 514 extendit
1216 487 1404 521 cupiditatem.
1425 486 1525 522 Sicque
1543 488 1651 522 quando
1672 493 1727 516 ter-

938 532 1043 560 minum
1068 532 1120 560 sibi
1137 532 1306 560 constituere
1326 539 1382 559 non
1397 537 1523 567 possunt,
1538 539 1726 568 paupertatem

939 586 1047 613 semper
1061 578 1215 613 deplorant.
1226 578 1311 606 Aﬂ'ert
1324 583 1414 606 autem
1428 587 1535 614 semper
1548 588 1640 607 secum
1652 588 1729 606 amor

939 624 1062 660 pecunia:
1081 624 1222 651 invidiam.
1239 623 1302 651 Haec
1317 632 1382 652 vero
1397 614 1552 658 hujusmodi
1568 629 1651 652 estut
1667 626 1726 660 pri-

940 678 1013 697 mum
1030 670 1174 697 habentem
1196 677 1225 697 se
1240 670 1387 697 interimat.
1405 670 1638 702 Quemadmodum
1654 672 1726 699 enim

938 716 1039 751 vipera:
1054 715 1192 743 nascendo
1208 715 1284 750 prius
1300 720 1402 743 matres
1420 717 1559 748 occidunt,
1571 725 1652 752 quam
1665 718 1728 745 aliis

940 767 1071 793 noceant,
1095 762 1136 790 sic
1158 767 1185 789 et
1212 763 1315 790 invidia
1345 770 1374 790 se
1394 763 1581 798 possidentem
1598 765 1730 792 tabefacit

940 809 1099 844 priusquam
1118 808 1224 836 vicinos
1237 809 1373 836 absumat.
1389 835 1392 837 ,

975 855 1019 882 57.
1036 854 1091 891 (83)
1116 854 1279 882 Praeclarum
1313 858 1387 882 esset
1406 855 1430 882 si
1459 858 1500 882 tot
1524 855 1632 883 labores
1658 855 1729 883 ferre

107 898 196 934 μένειν
213 899 321 930 πόνους,
335 898 479 934 ζητοῦντες
495 899 524 925 τὸ
537 899 646 934 δόκιμον
663 900 802 935 ἀργύριον,
819 901 891 932 ὅσοις

945 908 1096 936 possemus.
1127 900 1275 935 quaerendo
1304 900 1449 935 probatum
1478 901 1545 928 illud
1571 904 1726 936 argentum,

104 944 262 980 ἀνηκέστοις
278 944 488 980 περιπίπτουσιν
501 946 525 972 οἱ
538 945 585 972 τοῦ
602 946 715 981 ματαίου
729 946 832 982 κόσμου
846 946 891 982 θη-

107 991 196 1026 ραταί.
209 991 335 1024 Ναυάγια
354 991 530 1026 ὑπομένουσι,
549 992 736 1028 πειρατηριοις
759 1001 890 1028 προσομι-

105 1036 191 1069 λοῦσι,
211 1037 321 1073 λῃσταῖς
341 1037 412 1064 κατὰ
438 1039 490 1073 γῆς
511 1038 734 1074 περιπίπτουσιν
750 1039 891 1074 ἀνέχονται

106 1083 197 1110 λοιπὸν
213 1083 298 1117 ζάλης
317 1083 362 1110 καὶ
379 1085 541 1119 πνευμάτων
562 1084 672 1119 βιαίων·
694 1085 740 1111 καὶ
763 1085 891 1117 πολλάκις

107 1128 301 1163 κερδαίνοντες,
313 1129 432 1165 πένητας
439 1130 552 1161 ἑαυτοὺς
562 1130 695 1164 φάσκουσι
703 1130 746 1156 διὰ
756 1130 818 1162 τοὺς
829 1130 892 1164 φθο-

106 1173 229 1206 νοῦντας.
249 1175 345 1209 Ἡμεῖς
354 1175 383 1201 δὲ
399 1174 513 1206 οὺδόλως
535 1175 588 1202 τῶν
611 1175 738 1203 τοιούτων
764 1175 892 1202 κινδύνων

108 1221 319 1256 κατατολμῶμεν
331 1220 401 1256 ὑπὲρ
414 1221 460 1247 τοῦ
471 1220 597 1256 ἀληθινοῦ
608 1221 728 1256 κέρδους.
741 1222 773 1248 Εἰ
788 1222 816 1248 δέ
828 1230 892 1248 ποτε

108 1267 154 1293 καὶ
165 1266 263 1302 μικροῦ
278 1275 350 1298 τινος
363 1267 570 1302 εὐπορήσωμεν,
585 1267 770 1303 μεγαλύνομεν
782 1268 891 1300 ἑαυτὰς,

108 1314 325 1350 ἐπιδεικνύμεναι
342 1316 397 1347 τοῖς
409 1314 561 1350 ἀνθρώποις
570 1322 578 1331 ·
590 1316 638 1342 καὶ
651 1316 779 1348 πολλάκις
795 1316 893 1343 οὐδὲτὸ

108 1361 267 1396 γιγνόμενον
284 1362 458 1397 προφέρομεν
474 1362 514 1393 είς
527 1361 651 1398 διήγησιν
662 1370 668 1376 ”
686 1355 787 1394 εύθέως
806 1363 834 1389 δὲ
847 1364 893 1390 καὶ

108 1407 137 1434 ὅν
152 1407 282 1442 δοκοῦμεν
305 1407 440 1442 σπινθῆρα
457 1407 539 1434 καλοῦ
556 1408 637 1443 ἔχειν,
654 1409 706 1435 ὑπὸ
725 1408 771 1435 τοῦ
796 1409 893 1444 ἐχθροῦ

109 1453 289 1488 κλεπτόμεοα.
311 1454 439 1480 Κάκεῖνοι
456 1454 494 1486 δὲ,
520 1455 603 1481 πολλὰ
625 1455 818 1490 κερδαίνοντες,
839 1455 894 1482 τῶν

110 1500 238 1527 πλειόνων
263 1499 398 1534 ὲφίενται’
425 1501 471 1527 καὶ
495 1501 529 1527 τὰ
549 1501 598 1536 μὲν
615 1501 734 1536 παρόντα
754 1502 791 1533 ὡς
819 1502 895 1529 οὐδὲν

109 1546 253 1581 ἡγοῦνται,
283 1546 351 1582 πρὸς
373 1546 402 1573 δὲ
429 1547 462 1573 τὰ
492 1547 529 1582 μὴ
554 1547 673 1583 παρόντα
696 1547 892 1575 ἀποτείνονται.

116 1592 210 1627 Ἡμεῖς
223 1592 262 1624 δὲ,
277 1593 323 1618 καὶ
336 1592 418 1628 μηδὲν
435 1592 544 1628 ἔχουσαι
556 1592 610 1619 τῶν
625 1592 808 1628 ζητουμένων,
819 1594 895 1620 οὐδὲν

109 1637 222 1673 θέλομεν
243 1638 413 1674 κτήσασθαι·
439 1639 486 1665 καὶ
502 1639 596 1665 πενίαν
618 1639 735 1675 ἐσχάτην
759 1640 894 1671 νοσοῦσαι,

109 1683 240 1716 πλουσίας
265 1684 363 1716 ἑαυτὰς
387 1684 598 1720 ἀναγορεύομεν.
619 1685 708 1711 Καλὸν
728 1683 774 1712 οὖν
797 1686 842 1712 τὸν
865 1685 895 1713 εὖ

109 1730 260 1765 πράττοντα
276 1730 371 1766 μηδενὶ
384 1730 572 1764 ἁναγγέλλειν·
591 1731 690 1766 μᾶλλον
705 1731 759 1767 γὰρ
774 1732 797 1758 οἰ
810 1732 896 1758 τοιοῦ-

109 1784 149 1802 τοι
163 1776 396 1812 ζημιωθήσονται·
411 1777 458 1803 καὶ
479 1777 533 1812 γὰρ
551 1776 565 1802 ὃ
585 1776 708 1803 δοκοῦσιν
727 1777 798 1812 ἔχειν
812 1777 896 1813 ἀρθή-

111 1829 185 1848 σεται
198 1821 245 1848 ἀπ¹
261 1822 362 1850 αὐτῶν.

144 1923 189 1951 38.
203 1923 296 1950 Πᾶσαν
312 1920 358 1950 οὖν
380 1921 496 1958 σπουδὴν
512 1922 571 1949 δέον
587 1922 679 1949 θέσθαι
701 1922 770 1958 ὑπὲρ
786 1922 816 1949 τὺ
832 1922 896 1950 λαν-

110 1969 200 1996 θάνειν
214 1969 245 1996 τὸ
259 1969 364 2005 κέρδος.
378 1969 408 1995 Οἱ
419 1968 447 1995 δὲ
460 1968 495 1994 τὰ
511 1968 616 1995 έαυτῶν
635 1968 833 2004 κατορθώματα
854 1969 894 1995 δι-

110 2016 177 2052 ηγού
182 2024 255 2051 μενοι
263 2014 454 2051 πειράσθωσαν
462 2015 509 2040 καὶ
519 2014 552 2040 τὰ
560 2014 608 2040 σὺν
618 2014 708 2045 αὐτοῖς
718 2013 895 2050 ἐλαττώματα

109 2062 198 2095 λέγειν
210 2070 217 2077 '
235 2062 259 2087 εί
268 2061 295 2087 δὲ
307 2060 393 2087 ταῦτα
407 2060 586 2096 κρύπτουσιν,
598 2060 691 2086 ἕνεκεν
708 2059 755 2086 τοῦ
771 2060 809 2095 μὴ
820 2061 896 2096 παρὰ

107 2106 162 2132 τῶν
173 2105 325 2132 ἀκουόντων
338 2104 480 2140 ψεχθῆναι,
495 2104 561 2131 πολὺ
574 2104 674 2140 μᾶλλον
690 2105 781 2131 ἐκεῖνα
811 2105 895 2139 φυλα-

108 2151 242 2183 κτέον,ὡς
257 2152 289 2178 ἐκ
306 2151 352 2178 τοῦ
360 2151 427 2177 Θεοῦ
439 2150 641 2186 ἁλλοτριοῦντα.
656 2151 710 2177 Καὶ
721 2150 786 2185 γοῦν
799 2151 823 2177 οἱ
835 2151 894 2177 κατ’

107 2197 209 2233 ἀρετὴν
227 2196 348 2233 βιοῦντες
364 2196 394 2223 τὺ
407 2196 539 2223 ἀνάπαλιν
552 2195 668 2228 ποιοῦσι,
684 2197 776 2223 καὶτὰ
792 2197 894 2232 σμικρὰ

941 951 1009 981 quot
1032 946 1209 981 gravissimos
1241 945 1368 977 subeunt,
1390 945 1437 980 qui
1463 945 1534 973 hunc
1549 946 1728 974 vanissimum

941 993 1076 1020 v'enantur
1090 992 1233 1019 mundum.
1246 991 1390 1018 Sustinent
1412 991 1566 1027 naufragia,
1579 992 1730 1027 piratarum

941 1036 1087 1066 discrimen
1100 1038 1210 1070 adeunt,
1223 1038 1249 1064 in
1263 1043 1334 1065 terra
1350 1037 1473 1065 incidunt
1492 1038 1518 1064 in
1535 1038 1668 1071 latrones,
1679 1038 1729 1066 de-

942 1092 1074 1112 cumanos
1087 1084 1194 1117 ﬂuctus,
1206 1088 1303 1112 Ventos
1319 1084 1574 1112 vehementissimos
1588 1085 1704 1112 tolerant
1721 1093 1728 1112 :

942 1139 974 1158 ae
996 1132 1158 1166 plerumque
1187 1135 1265 1166 parto
1292 1131 1380 1163 lucro,
1398 1138 1531 1166 pauperes
1556 1138 1616 1158 sese
1633 1130 1728 1158 dicunt

943 1177 1096 1204 invidorum
1111 1183 1205 1204 causa.
1232 1176 1267 1202 At
1282 1183 1332 1203 nos
1348 1183 1397 1210 pro
1415 1182 1479 1203 vero
1493 1183 1526 1203 ac
1539 1182 1668 1210 germano
1686 1175 1729 1201 Iu-

943 1230 990 1250 ero
1007 1222 1141 1257 ejusmodi
1166 1221 1286 1257 pericula
1311 1221 1386 1248 adire
1403 1229 1518 1257 prorsus
1533 1221 1728 1248 detrectamus.

943 1267 1021 1301 Quod
1034 1268 1055 1296 si
1068 1268 1170 1303 aliquid
1180 1269 1282 1296 nostris
1294 1268 1376 1295 rebus
1392 1267 1549 1299 accesserit,
1565 1274 1614 1295 nos
1625 1267 1732 1302 magni-

944 1315 994 1342 lice
1012 1315 1168 1342 hominibus
1187 1318 1358 1342 ostentamus
1369 1334 1376 1345 ,
1391 1321 1443 1341 nec
1462 1321 1524 1340 raro
1539 1313 1612 1348 quod
1631 1320 1665 1340 ne
1681 1312 1732 1339 fuit

943 1361 1053 1396 quidem
1066 1360 1232 1395 jactabunde
1242 1367 1403 1387 narramus:
1415 1359 1487 1386 unde
1502 1359 1593 1387 evenit
1608 1363 1730 1393 utquam

944 1409 1068 1435 videmur
1081 1407 1182 1434 habere
1192 1407 1339 1434 scintillam
1355 1407 1431 1437 boni,
1445 1405 1519 1432 furto
1532 1405 1636 1432 inimici
1651 1405 1728 1432 amit-

945 1457 1045 1480 tamus.
1059 1452 1091 1479 Et
1105 1453 1143 1479 illi
1155 1451 1263 1487 quidem
1277 1452 1361 1479 multa
1376 1450 1474 1478 lucrati
1491 1450 1570 1485 plura
1582 1454 1730 1485 appetunt;

946 1498 1088 1534 praesentia
1106 1505 1156 1532 pro
1175 1497 1259 1524 nihilo
1275 1497 1384 1528 habent,
1399 1500 1425 1524 et
1440 1495 1474 1523 ad
1489 1503 1520 1522 ea
1530 1503 1664 1530 quaa'non
1681 1495 1730 1521 ha-

946 1545 1011 1572 bent
1041 1544 1132 1570 animo
1153 1543 1329 1570 contendunt.
1351 1541 1406 1569 Nos
1440 1545 1529 1569 autem
1557 1541 1662 1568 etiamsi
1686 1541 1729 1567 ni-

947 1590 985 1616 hil
1019 1597 1113 1616 eorum
1140 1596 1200 1624 quae
1233 1588 1335 1623 requiri
1364 1588 1452 1615 solent
1478 1586 1637 1618 habeamus,
1662 1585 1729 1612 nihil

947 1636 1072 1663 volumus
1100 1642 1277 1670 comparare:
1298 1638 1324 1661 et
1342 1642 1403 1660 eum
1427 1637 1547 1661 extrema
1571 1632 1729 1659 laboremus

947 1686 1115 1717 paupertate,
1137 1689 1188 1708 nos
1212 1674 1310 1708 divites
1329 1679 1520 1715 praedicamus.
1543 1678 1638 1713 Opera:
1666 1686 1730 1712 pre-

947 1729 1013 1756 t-ium
1028 1728 1111 1763 igitur
1121 1732 1172 1759 est.
1185 1735 1247 1755 eum
1258 1727 1303 1762 qui
1320 1727 1388 1754 bene
1401 1726 1464 1762 agit.
1476 1726 1501 1752 id
1516 1725 1617 1752 nemini
1633 1732 1731 1751 renun-

946 1775 1023 1802 tiare.
1042 1773 1111 1807 Quin
1127 1774 1208 1800 etiam
1224 1773 1269 1808 qui
1286 1772 1495 1806 ejusmodisunt
1507 1771 1675 1805 injacturam
1689 1769 1731 1795 in-

946 1820 1037 1846 cident
1054 1827 1062 1845 :
1077 1826 1140 1846 nam
1161 1818 1234 1853 quod
1255 1818 1384 1845 videntur
1410 1817 1509 1844 habere
1536 1815 1678 1843 auferetur
1696 1815 1732 1842 ab

946 1865 986 1892 eis
995 1865 1027 1891 ⁸⁸.

979 1919 1061 1955 624
1073 1920 1117 1946 58.
1130 1919 1210 1947 Onmi
1226 1919 1316 1954 itaque
1331 1918 1422 1946 studio
1440 1925 1538 1945 curare
1551 1917 1683 1945 debemus
1699 1922 1729 1944 nt

946 1966 1028 1993 lateat
1050 1966 1155 1993 lucrum
1187 1970 1321 1992 nostrum.
1353 1964 1405 1997 Qui
1432 1971 1494 1990 vero
1522 1970 1571 1990 sua
1598 1963 1728 1998 praeclare

946 2016 1021 2046 gesta
1046 2018 1174 2038 enarrare
1203 2010 1300 2041 solent,
1335 2010 1398 2036 vitia
1424 2016 1532 2044 quoque
1565 2008 1598 2035 iis
1614 2008 1730 2041 conjun—

946 2060 989 2082 cta
1018 2056 1173 2083 renuntiare
1200 2055 1326 2082 studeant
1350 2064 1356 2081 :
1383 2054 1456 2089 quod
1487 2054 1509 2080 si
1528 2053 1654 2087 vituperii
1682 2059 1730 2078 an-

945 2101 1078 2129 dientinm
1107 2100 1260 2129 declinandi
1293 2107 1375 2128 causa
1411 2100 1468 2127 haec
1507 2098 1612 2129 celant,
1645 2097 1731 2124 multo

946 2148 1032 2183 magis
1045 2147 1089 2174 illa
1106 2147 1212 2182 aperire
1227 2147 1376 2174 cavendum
1391 2148 1442 2177 est,
1460 2143 1533 2178 quod
1550 2150 1580 2170 ea
1595 2150 1638 2169 res
1655 2150 1669 2168 a
1681 2141 1728 2168 Dei

946 2194 1086 2221 consortio
1113 2196 1232 2220 revocet.
1259 2191 1364 2218 Etenim
1387 2191 1434 2225 qui
1454 2191 1536 2216 vitam
1553 2196 1615 2216 cum
1632 2188 1731 2214 virtute

109 2242 213 2269 έαυτῶν
228 2239 387 2277 πταίσματα
400 2241 468 2277 μτὰ
479 2242 525 2268 καὶ
540 2242 698 2278 προσθήκης
709 2239 747 2268 ὧν
756 2242 806 2269 οὐκ
816 2242 892 2277 ἕτεραι

948 2239 1104 2270 instituunt,
1121 2239 1276 2273 oppositum
1303 2241 1387 2271 agunt
1404 2247 1410 2264 :
1427 2243 1525 2272 parvos
1545 2235 1650 2263 scilicet
1666 2241 1731 2261 suos

109 2287 168 2320 ξαν,
188 2289 387 2324 ὲκδιηγοῦνται,
415 2288 464 2324 τὴν
488 2288 567 2321 δόξαν
583 2287 638 2314 τῶν
657 2287 808 2323 ἀνθρώπων
828 2288 895 2314 ἀπο-

109 2334 252 2367 ϐάλλοντες
262 2343 270 2351 ·
285 2335 320 2362 τὰ
336 2335 427 2370 μέντοι
442 2334 532 2368 ἀγαθὰ
542 2334 794 2370 κριόπτοντες,πρὸς
809 2333 897 2368 ἀσψά-

109 2379 183 2405 λειαν
201 2380 251 2415 τῆς
264 2380 362 2416 ψυχῆς,
381 2380 487 2415 Ὥσπερ
502 2380 556 2416 γὰρ
579 2380 714 2415 θησαυρὸς
731 2379 897 2415 φανερωθεὶς

110 2426 280 2459 σπανίζεται,
302 2426 374 2454 οὕτω
405 2427 453 2453 καὶ
468 2427 552 2462 ἁρετὴ
575 2425 760 2462 γνωριζομένη
786 2426 833 2452 καὶ
849 2425 897 2461 δη-

110 2473 290 2509 μοσιευομένη
319 2467 493 2508 ἀφανίζεται·
517 2473 610 2508 ὥσπερ
624 2473 677 2507 γὰρ
697 2472 782 2508 κηρὸς
804 2471 896 2498 λύεται

108 2519 164 2546 ἀπὸ
177 2519 321 2555 προσώπου
339 2520 434 2556 πυρὸς,
451 2519 522 2546 οὕτω
539 2519 586 2546 καὶ
608 2518 680 2554 ψυχὴ
697 2518 750 2544 ἀπὸ
777 2518 896 2544 ἐπαίνων

108 2565 242 2601 διαχεῖται
253 2567 301 2593 καὶ
311 2566 457 2593 ἀποϐάλλει
469 2565 514 2593 τδν
528 2565 614 2592 τόνον.

145 2615 189 2643 59.
207 2615 263 2642 Καὶ
275 2614 307 2642 τὸ
322 2615 442 2642 ἐναντίον
452 2614 480 2641 δὲ
490 2613 593 2640 τούτων
606 2612 685 2639 πάλιν
704 2610 793 2637 ἔσται·
807 2611 830 2637 εί
843 2610 897 2646 γὰρ

109 2661 126 2696 ἡ
143 2661 279 2697 Θερμότης
291 2661 369 2687 ἔλυσε
381 2660 426 2687 τὸν
444 2659 540 2695 κηρὸν,
560 2659 576 2694 ὴ
592 2657 671 2692 ψύξις
681 2657 735 2694 ἄρα
750 2657 800 2692 τὴν
814 2656 896 2690 πῆξιν

145 2750 169 2768 ³⁸
187 2749 255 2778 huc.
272 2756 334 2781 VIII,
351 2748 397 2778 i8.

145 2838 525 2879 (ξ’)βοῑβὲετηηχριισοῦνο.-
555 2873 570 2879 -

147 2870 209 2912 ias)’
219 2877 246 2904 In
265 2877 330 2904 Vin.
342 2870 476 2906 1"P'.l.v.
495 2874 537 2907 to,
555 2873 598 2906 το,
618 2877 644 2902 ct
663 2879 700 2904 Vt,
716 2872 742 2903 ι,
757 2870 802 2898 et.

947 2287 1051 2322 lapsus,
1069 2286 1206 2321 adjunctis
1222 2284 1257 2312 iis
1271 2292 1330 2319 qua:
1345 2291 1378 2312 ne
1399 2282 1596 2310 commiserunt
1609 2280 1731 2315 quidem.

946 2337 1086 2365 enarrant,
1112 2332 1216 2367 abiecta
1242 2331 1346 2359 scilicet
1371 2329 1511 2356 hominum
1532 2327 1617 2363 gloria
1635 2334 1642 2358 ;
1660 2326 1731 2353 bona

946 2388 1010 2408 vero
1037 2379 1185 2412 eccultant,
1210 2378 1243 2405 ad
1274 2379 1370 2405 anima:
1393 2375 1567 2404 securitatem
1584 2372 1730 2408 (84).Nam

947 2426 1019 2453 sicut
1036 2425 1181 2453 thesaurus
1197 2424 1399 2454 manil‘cstatus,
1418 2421 1567 2452 minuitur;
1589 2419 1630 2446 sic
1643 2418 1731 2445 virtus

947 2472 1040 2507 agnita
1069 2476 1097 2499 et
1124 2470 1272 2506 publicata,
1286 2469 1419 2496 aboletur.
1438 2467 1471 2493 Et
1485 2466 1554 2494 sicut
1567 2471 1628 2492 cera
1644 2463 1731 2498 lique-

948 2518 1000 2545 seit
1017 2524 1031 2544 a
1047 2517 1115 2544 facie
1130 2517 1217 2550 ignis,
1233 2515 1270 2542 ita
1289 2515 1378 2541 anima
1394 2512 1523 2540 laudibus
1537 2509 1729 2543 dimuit,vigo-

949 2570 1061 2596 remque
1081 2562 1192 2589 amittit.

984 2608 1027 2635 39.
1042 2607 1202 2642 Rursusque
1215 2610 1309 2633 contra
1322 2604 1428 2633 eveniet
1446 2613 1454 2632 :
1470 2610 1532 2630 nam
1549 2601 1571 2629 si
1587 2601 1662 2629 calor
1675 2598 1730 2626 sol—

948 2655 986 2682 vit
1001 2662 1104 2686 ceram,
1121 2653 1207 2689 frigus
1222 2653 1375 2688 compinch
1395 2662 1401 2680 :
1423 2651 1446 2679 si
1462 2651 1521 2679 laus
1547 2649 1665 2684 vigorem
1685 2653 1732 2674 au-

989 2833 1045 2868 (ει)
1067 2832 1118 2860 va.
1133 2832 1190 2859 pp.
1205 2832 1222 2859 ι.
1239 2841 1264 2862 \',
1279 2831 1304 2862 δ,
1323 2830 1362 2858 ιο.
