1919 3064
117 74 185 103 ιῖἕίδ

677 72 758 100 VlTA
780 71 926 100 SANCTIE
947 70 1186 99 SYNCLETICE.

1666 72 1733 100 I3”

120 132 168 168 (ἀρ
182 133 238 164 τοῖς
251 131 329 164 ζώοις
341 131 371 158 οὐ
384 132 434 168 μία
448 131 544 168 τροφὴ,
557 131 644 164 οὕτως
654 131 714 158 οὐδὲ
728 133 784 164 τοῖς
800 132 897 168 ἀνθρώ

951 131 1097 158 nasticam.
1117 129 1350 163 Quemadmodum
1376 130 1450 158 enim
1476 137 1529 158 non
1547 138 1600 158 una
1617 135 1659 159 est
1673 132 1733 160 ani-

118 186 176 210 κοις
188 178 202 204 δ
215 177 294 209 αὐτὸς
307 177 385 212 λόγος
400 177 544 213 συμφέρεν
561 179 602 205 Οὐ
615 177 662 204 δεῖ
669 177 722 214 γὰρ
736 176 818 204 οἶνον
830 177 900 205 νέον

117 222 232 255 βαλεῖν,
251 224 342 258 φησιν,
357 224 400 256 είς
413 223 530 256 ἀσκοὺς
551 223 707 256 παλαιούς.
727 222 831 254 Ἄλλως
846 223 899 259 γὰρ

117 269 257 295 ἑστιῶνται
269 269 292 295 ot
303 268 418 305 θεωρίας
430 269 476 295 καὶ
486 268 610 303 γνώσεως
622 267 740 304 ὲμφορού
745 276 831 304 μενοι,
846 269 900 295 ἑτέ-

117 323 169 349 ρως
182 314 209 340 δὲ
220 307 245 340 οἱ
254 314 460 349 ἁσκητικῆς·καὶ
472 314 624 350 πρακτικῆς
635 314 840 349 ἀπογενόμενοι,
853 314 900 341 καὶ

117 359 184 394 πρὸς
198 359 310 394 δύναμιν
331 360 356 386 ot
372 353 441 386 κατά
457 360 502 386 τὸν
519 360 618 394 κόσμον
632 359 897 395 δικαιοπραγοῦντες.

116 405 220 440 Ὠσπερ
232 405 286 441 γὰρ
299 405 352 432 τῶν
362 404 438 437 ζώων
452 405 511 432 τινὰ
529 406 578 441 μὲν
594 405 650 432 ἔστι
662 407 786 442 χερσαῖα,
802 406 862 432 τινὰ
872 406 900 432 δὲ

116 451 220 486 ἔνυδρα,
236 452 296 478 τινὰ
304 452 332 478 δὲ
348 452 452 487 πτηνά’
466 451 551 484 οὕτως
563 453 610 479 καὶ
622 453 647 479 οἱ
664 452 801 488 ἄνθρωποι
814 453 837 479 οἱ
850 453 899 488 μὲν

118 497 160 524 τὸν
171 498 252 532 μέσον
267 498 324 533 βίον
334 498 502 533 κατέχουσιν,
515 498 552 530 ὡς
563 498 597 525 τὰ
610 499 725 534 χερσαῖα
735 507 741 514 ·
755 500 778 525 οἰ
791 499 819 525 δὲ
831 499 899 535 πρὸς

117 543 148 569 τὰ
170 542 224 578 ὕψη
251 543 457 576 ὲνατενίςουσιν,
481 543 518 574 ὡς
543 543 578 570 τὰ
604 545 729 570 πετεινά·
750 545 775 570 οὶ
791 543 819 570 δὲ
843 545 899 576 τοῖς

115 588 193 614 ὕδασι
207 588 262 614 τῶν
274 587 414 623 ἁμαρτιῶν
428 589 480 614 είσι
493 589 703 624 κεκαλυμμένοι,
716 588 753 620 ὡς
764 589 787 615 οἱ
798 588 897 624 ἰχθύες

117 632 228 661 ⁸1110ον
244 634 307 670 γὰρ,
332 635 422 669 φησὶν,
443 636 486 667 εἰς
504 634 541 661 τὰ
558 634 636 669 βάθη
652 634 707 669 τῆς
728 635 896 669 θαλάσσης,

114 679 162 705 καὶ
184 680 316 714 καταιγὶς
333 680 532 706 κατεπόντισέ
550 688 598 714 με.
617 680 670 706 Καὶ
686 680 796 716 τοιαύτη
819 680 896 716 μὲνὴ

117 725 167 752 τῶν
182 725 258 757 ζώων
274 726 368 760 φύσις·
385 726 464 761 ἡμεῖς
474 725 512 757 δὲ,
527 725 564 757 ὡς
577 726 651 752 ἀετοὶ
664 727 896 761 πτεροφυήσασαι,

115 770 160 796 ἐπὶ
183 771 215 796 τὰ
241 770 393 805 ὑψηλότερα
413 769 563 805 ὲπιϐὦμεν,
590 771 636 796 καὶ
659 771 898 806 καταπατήσωμεν

111 817 208 844 λέοντα
224 818 270 844 καὶ
279 817 425 852 δράκοντα·
444 817 491 843 καὶ
505 816 552 844 τοῦ
569 825 633 843 ποτε
646 816 774 853 ἄρχοντος
788 817 835 843 νῦν
848 818 898 853 ἄρ-
913 806 934 833 Β

113 864 213 898 ξωμεν.
236 863 321 889 Τοῦτο
340 863 368 889 δὲ
392 863 549 899 ποιήσομεν,
566 863 614 890 ἐὰν
637 863 701 899 ὃλην
723 863 825 891 ἑαυτῶν
848 865 897 900 τὴν

113 909 231 936 διάνοιαν
245 908 283 944 τῷ
296 909 401 945 Σωτῆρι
416 909 653 944 προσενέγκωμεν.

148 954 192 981 ιι.
221 954 300 981 Ἀλλὰ
315 955 376 981 ὅσον
390 955 469 990 ἡμεῖς
490 955 680 991 κορυφούμεθα
702 956 769 991 πρὸς
784 956 817 982 τὰ
831 956 896 992 ὕψη,

114 999 239 1030 κάκεῖνος
255 998 408 1034 ἐμποδίζειν
420 1000 546 1034 πειρᾶται
561 999 605 1026 διὰ
615 999 669 1025 τῶν
680 999 752 1026 ίδίων
767 999 896 1033 παγίδων.

115 1044 168 1070 Καὶ
182 1044 207 1070 τί
222 1044 292 1079 μέγα
307 1044 378 1079 ἔχειν
392 1045 465 1080 ἡμᾶς
481 1044 644 1076 ἀντιπάλους
659 1045 728 1080 πρὸς
749 1045 779 1072 τὺ
798 1046 897 1080 ἀγαθὸν

113 1089 252 1125 ὁρμὼσας,
270 1090 336 1116 ὅπου
352 1099 384 1124 γε
399 1091 445 1117 καὶ
460 1090 527 1127 πρὸς
538 1091 573 1117 τὰ
589 1091 684 1126 εὐτελῆ
695 1091 821 1126 φθονοῦσι
832 1100 840 1124 ;
852 1092 898 1118 καὶ

114 1136 178 1170 γοῦν
191 1137 253 1168 τοὺς
274 1136 327 1163 ὑπὸ
338 1136 387 1172 τὴν
410 1137 460 1172 γῆν
480 1136 667 1172 τεθαμμένους
694 1137 844 1173 θησαυροὺς
867 1137 898 1164 οὐ

116 1181 284 1217 συγχωροῦσι
300 1182 449 1218 λαμϐάνειν
467 1182 635 1218 ἀνθρώπους.
661 1183 691 1210 Et
706 1181 753 1210 οὖν
769 1183 816 1210 καὶ
830 1183 899 1219 πρὸς

114 1228 163 1262 τὴν
173 1229 269 1264 γηῖνην
284 1229 433 1263 φαντασίαν
447 1229 620 1263 ἀντίκεινται,
636 1230 710 1265 πόσῳ
723 1230 820 1265 μᾶλλον
830 1230 898 1265 πρὸς

92 1292 97 1297 .
114 1272 164 1307 τὴν
177 1273 231 1299 τῶν
244 1273 363 1308 οὐρανῶν
380 1274 516 1309 βασιλείαν
530 1274 724 1309 φθονήσουσινς

150 1317 194 1344 45.
214 1318 258 1344 Δεῖ
272 1316 319 1345 οὖν
338 1319 396 1345 κατ’
414 1319 502 1346 αὐτῶν
520 1320 653 1351 παντοίως
668 1319 832 1352 ὁπλίζεσθαι·
852 1319 898 1346 καὶ

114 1362 169 1398 γὰρ
183 1363 230 1389 καὶ
241 1363 338 1395 ἔξωθεν
349 1364 543 1396 εἰσελαύνουσι,
559 1365 605 1392 καὶ
621 1365 695 1392 οὐδὲν
709 1363 787 1401 ἦττον
802 1366 834 1392 ὲκ
844 1367 898 1392 τῶν

114 1407 213 1441 ἔξωθεν
230 1409 376 1436 κινοῦνται.
392 1411 446 1437 Καὶ
462 1411 478 1446 ή
494 1411 577 1446 ψυχὴ,
598 1410 722 1447 καθάπερ
741 1411 816 1443 ναῦς,
834 1412 898 1437 ποτὲ

114 1454 165 1489 μὲν
182 1454 233 1481 ὑπὸ
249 1454 302 1481 τῶν
315 1455 413 1488 ἔξωθεν
426 1457 576 1492 τρικυμιῶν
587 1457 821 1490 καταποντίζεται,
832 1457 896 1483 ποτὲ

114 1499 143 1527 δὲ
162 1501 214 1527 ὑπὸ
231 1501 282 1536 τῆς
300 1501 404 1529 ἔνδοθεν
416 1503 525 1534 ἀντλίας
541 1502 704 1538 ὑποϐρύχιος
718 1503 831 1537 γίνεται.
845 1503 898 1530 Καὶ

114 1546 180 1580 γοῦν
196 1547 242 1573 καὶ
255 1548 335 1582 ἡμεῖς
351 1548 416 1574 ποτὲ
440 1549 489 1584 μὲν
510 1548 556 1574 διὰ
576 1549 629 1576 τῶν
645 1549 723 1580 ὲχτὺς
739 1548 898 1584 πρακτικῶν

113 1592 319 1628 ἁμαρτημάτων
342 1593 526 1629 ἀπολλύμεθα,
545 1593 610 1620 ποτε
631 1594 659 1620 δὲ
680 1594 724 1620 διὰ
751 1594 804 1621 τῶν
825 1593 899 1620 ἔνδον

115 1637 251 1673 λογισμῶν
266 1639 461 1674 ἀφανιζόμεθα.
478 1640 524 1666 Δεῖ
537 1638 583 1666 οὖν
599 1640 645 1666 καὶ
659 1639 708 1672 τὰς
725 1639 823 1673 ἔξωθεν
844 1640 899 1667 τῶν

115 1684 277 1720 πνευμάτων
292 1687 431 1721 ἐπιτηρεῖν
453 1686 614 1722 προσῦολὰς,
635 1687 682 1713 καὶ
697 1686 745 1718 τὰς
757 1687 829 1713 ἔνδον
845 1687 899 1714 τῶν

114 1730 251 1766 λογισμῶν
266 1731 401 1764 ἐξαντλεῖν
420 1732 598 1767 ἀκαθαρσίας,
623 1733 736 1759 πάντοτε
751 1733 778 1759 δὲ
794 1741 898 1769 γρηγο-

113 1778 172 1814 ρεῖν
189 1778 256 1814 πρὸς
269 1779 331 1810 τοὺς
345 1778 500 1814 λογισμούς·
517 1779 636 1815 συνεχῶς
656 1779 710 1816 γὰρ
729 1779 896 1815 ἐφίστανται.

121 1824 182 1851 Ἐπὶ
196 1825 245 1859 μὲν
260 1826 320 1856 ταῖς
333 1824 431 1858 ἔξωθεν
442 1826 608 1861 τρικυμίαις,
628 1825 749 1860 βοώντων
767 1826 821 1852 τῶν
835 1835 898 1852 ναυ-

114 1869 178 1900 τῶν,
193 1870 321 1902 πολλάκις
333 1872 349 1906 ἡ
368 1871 488 1907 σωτηρία
500 1871 542 1898 διὰ
557 1871 611 1898 τῶν
624 1872 779 1905 ὲγγυτάτων
799 1871 898 1898 πλοίων

114 1915 227 1948 γίνεται’
241 1917 270 1942 αἱ
284 1916 311 1943 δὲ
325 1916 440 1949 ἀντλίαι,
454 1917 500 1944 καὶ
515 1917 692 1952 κοιμωμένων
707 1917 835 1949 πολλάκις
843 1918 898 1943 τῶν

115 1961 276 1997 πλωτήρων,
289 1962 335 1988 καὶ
350 1962 538 1998 ἡσυχαζούσης
554 1962 604 1997 τῆς
619 1962 765 1998 θαλάσσης,
782 1963 898 1997 ἐπισυμ-

113 2006 246 2039 6αίνουσι,
258 2008 304 2034 καὶ
314 2008 443 2040 πολλάκις
456 2008 554 2040 αὐτοὺς
567 2008 738 2035 θανατοῦσιν.

149 2054 192 2081 46.
214 2055 260 2080 Δεῖ
271 2053 316 2081 οὖν
330 2055 533 2091 ἐπιπονωτέραν
548 2055 682 2082 ποιεῖσθαι
698 2055 765 2091 πρὸς
780 2056 843 2087 τοὺς
855 2055 898 2081 λο-

114 2100 230 2135 γισμοὺς
242 2100 291 2136 τὴν
306 2101 432 2128 διάνοιαν.
455 2101 484 2128 '0
503 2102 557 2136 γὰρ
570 2101 675 2138 ἐχθρὸς,
687 2101 812 2136 καθάπερ
824 2100 897 2128 οἶκον

951 177 1062 203 malium
1082 183 1162 209 esca;
1178 176 1214 202 ita
1229 183 1281 203 nec
1299 175 1456 204 hominibus
1469 183 1540 204 unus
1553 183 1644 204 sermo
1657 185 1734 205 com-

950 222 1038 257 petit:
1055 221 1116 248 Non
1132 226 1234 256 oportet
1251 221 1334 253 enim,
1352 221 1449 256 inquit,
1462 222 1550 249 vinum
1561 231 1656 250 novum
1671 222 1734 250 miti

951 273 1003 295 tere
1029 269 1056 294 in
1078 272 1147 294 utras
1164 267 1300 294 veteres".
1321 267 1343 293 Α
1358 268 1588 303 contemplatione
1605 268 1687 304 625
1706 273 1734 296 et

950 314 1064 341 scientia
1075 313 1171 348 repleti
1187 316 1262 345 sunt,
1280 313 1360 340 aliter
1374 313 1420 348 qui
1435 314 1583 341 ascetieam
1598 320 1625 342 et
1639 320 1734 342 actuo-

950 368 1007 387 sam
1021 361 1103 386 vitam
1120 359 1310 394 degustarunt,
1326 365 1358 386 ac
1372 359 1418 394 qui
1431 359 1458 386 in
1470 359 1571 387 saeculo
1584 367 1632 395 pro
1647 359 1733 387 facul-

950 409 1005 432 tate
1021 406 1155 440 justitiam
1171 405 1274 433 colunt.
1288 405 1321 431 Et
1338 405 1568 440 quemadmodum
1593 405 1731 437 animalia,

949 451 1073 486 quadam
1087 451 1227 478 terrestria
1238 455 1313 483 sunt,
1323 451 1446 486 quaedam
1456 450 1597 485 aquatilia,
1609 450 1732 485 quaedam

950 497 1087 529 volatilia;
1106 497 1146 524 sic
1156 501 1183 524 et
1196 497 1329 527 homines.
1341 497 1387 523 alii
1403 497 1518 523 mediam
1533 500 1626 524 tenent
1649 497 1732 529 viam,

949 544 979 566 ut
993 540 1151 570 terrestria:
1169 540 1214 567 alii
1228 540 1262 567 ad
1276 540 1383 567 excelsa
1397 540 1533 573 feruntur,
1550 544 1579 568 ut
1594 541 1731 574 volatilia;

949 586 996 613 alii
1012 586 1038 612 in
1054 586 1132 621 aquis
1147 586 1275 613 vitiorum
1291 586 1409 613 demersi
1426 590 1500 619 sunt,
1521 590 1650 622 tanquam
1677 587 1733 622 pis-

949 639 1006 658 ces.
1025 630 1068 658 Ait
1081 632 1153 658 enim
1171 641 1178 659 :
1202 631 1265 658 Veni
1279 632 1306 658 in
1329 631 1498 658 altitudinem
1521 633 1613 664 maris,
1625 638 1650 659 et
1668 637 1734 660 tem-

947 682 1034 710 pestas
1046 677 1169 704 demersit
1183 685 1223 704 me
1231 678 1265 704 “.
1282 676 1343 704 llaéc
1360 682 1402 704 est
1425 681 1522 704 natura
1549 679 1706 706 animalium
1724 689 1731 707 :

949 731 999 750 nos
1013 728 1102 751 autem
1124 724 1277 758 aquilarum
1301 724 1389 750 instar
1401 723 1451 750 alis
1468 723 1619 758 instructae,
1635 725 1733 752 altiora

948 773 1083 803 petamus,
1098 773 1125 796 et
1151 769 1342 797 conculcemus
1367 769 1472 796 leonem
1490 774 1517 797 et
1535 769 1731 804 draconetn"';

949 822 1023 841 nunc
1038 815 1061 842 ei
1077 815 1242 850 imperemus
1257 814 1303 849 qui
1319 821 1381 842 ante
1397 815 1547 849 imperabat
1564 817 1653 844 nobis.
1670 815 1733 844 Haec

949 868 1030 895 porro
1045 861 1248 896 praestabimus,
1262 862 1284 888 si
1298 865 1382 888 totam
1397 865 1516 889 mentem
1535 866 1656 890 nostram
1674 863 1734 890 Sal-

949 906 1035 933 vatori
1050 906 1242 933 obtulerimus.

983 952 1028 980 44;
1047 951 1100 979 Sed
1122 959 1176 986 quo
1191 951 1277 986 magis
1296 952 1330 979 ad
1349 953 1458 980 excelsa
1479 954 1682 989 consurgimus.
1701 963 1734 982 eo

949 998 1035 1032 magis
1047 997 1091 1024 ille
1107 1005 1155 1033 per
1173 997 1285 1032 laqueos
1302 1006 1367 1026 suos
1387 999 1519 1034 impedire
1540 1006 1666 1029 conatur.
1683 1001 1734 1029 Ec-

949 1043 1014 1078 quid
1023 1051 1150 1078 magnum
1159 1043 1181 1070 si
1192 1043 1270 1070 nobis
1278 1047 1342 1070 sunt
1350 1043 1510 1078 adversarii,
1520 1054 1580 1081 qua:
1588 1047 1621 1074 ad
1632 1047 1732 1075 bonum

950 1089 1098 1121 tendimus,
1113 1090 1223 1124 quando
1238 1090 1263 1116 in
1277 1090 1378 1118 vilibus
1391 1092 1471 1118 etiam
1496 1092 1577 1120 rebus
1592 1093 1734 1121 invideul?

950 1134 1022 1162 Sane
1038 1135 1182 1163 thesauros
1200 1135 1228 1162 in
1251 1140 1326 1163 terra
1344 1137 1500 1165 reconditos
1515 1146 1567 1165 non
1580 1141 1734 1167 concedunt

949 1179 1107 1208 hominibus
1124 1179 1242 1208 auferre.
1261 1180 1289 1208 Si
1306 1189 1372 1218 ergo
1386 1182 1413 1210 in
1428 1185 1544 1212 terrenis
1559 1184 1734 1213 facultatibus

949 1226 1099 1254 adversarii
1117 1231 1190 1260 sunt,
1211 1232 1314 1264 quanto
1329 1229 1416 1264 magis
1429 1229 1598 1261 .invidebunt
1620 1236 1733 1267 regnum

948 1273 1080 1299 cmlorum
1091 1273 1103 1299 Ῥ

984 1317 1032 1344 45.
1051 1318 1107 1353 (86)
1122 1317 1303 1351 Quamobrem
1315 1327 1396 1347 omne
1409 1321 1524 1348 telorum
1542 1329 1628 1356 genus
1639 1322 1735 1349 adver-

950 1371 997 1390 sus
1013 1363 1073 1391 illos
1088 1368 1129 1391 est
1143 1366 1338 1392 assumendum
1356 1376 1362 1393 :
1380 1375 1443 1393 nam
1455 1371 1482 1394 et
1498 1368 1670 1395 extrinsecus
1687 1375 1733 1395 ac-

949 1409 1060 1440 cedunt,
1085 1413 1112 1436 et
1135 1410 1208 1438 lntus
1229 1417 1443 1439 commoventur.
1466 1413 1617 1449 Animaque
1642 1418 1734 1441 nostra

950 1455 1028 1482 navis
1051 1456 1148 1487 instar,
1168 1456 1249 1483 modo
1272 1456 1431 1486 decumanis
1462 1458 1590 1487 fluctibus
1613 1460 1734 1487 exterius

948 1499 1131 1536 tle-mergitur:
1148 1502 1229 1529 modo
1247 1503 1281 1530 ab
1293 1503 1417 1531 interiori
1433 1505 1538 1532 sentina
1559 1512 1690 1540 aquarum
1706 1506 1732 1533 vi

948 1544 1121 1579 deprimitur.
1137 1547 1170 1573 Et
1185 1554 1235 1574 nos
1255 1548 1391 1575 interdum
1413 1557 1460 1583 per
1474 1550 1608 1577 exteriora
1622 1557 1732 1586 peccata

949 1591 976 1617 in
988 1592 1136 1626 perniciem
1148 1593 1230 1626 imus,
1241 1594 1388 1629 aliquando
1401 1595 1516 1623 internis
1526 1597 1733 1632 cogitationibus

949 1637 1138 1672 opprimimur.
1155 1639 1288 1667 Convenit
1303 1640 1387 1676 igitur
1401 1649 1462 1669 cum
1488 1646 1616 1670 externos
1636 1651 1734 1671 cavere

949 1683 1095 1718 spirituum
1120 1684 1237 1720 impetus
1247 1706 1254 1719 ,
1271 1691 1326 1713 tum
1344 1687 1464 1715 internas
1478 1688 1671 1723 cOgitationum
1685 1697 1734 1716 cx-

950 1729 1061 1757 haurire
1084 1725 1267 1765 impuritates.
1286 1731 1400 1767 Semper
1415 1733 1488 1760 enim
1512 1734 1643 1762 adversus
1658 1735 1734 1770 cogi-

949 1776 1066 1803 lationes
1092 1776 1305 1812 advigilandum,
1333 1779 1442 1807 assidue
1469 1787 1587 1816 namque
1618 1781 1731 1810 instant.

949 1822 1017 1849 Dum
1034 1822 1177 1850 decumani
1191 1825 1291 1859 quippe
1305 1825 1404 1853 fluctus
1426 1827 1546 1854 exterius
1574 1827 1732 1863 insurgunt,

946 1869 1130 1897 clamantibus
1146 1870 1248 1903 nautis,
1270 1878 1317 1906 per
1335 1872 1456 1907 proxima
1475 1873 1581 1908 navigia
1598 1874 1672 1901 salus
1689 1876 1733 1901 al-

949 1914 1044 1943 fertur.
1061 1916 1097 1942 At
1111 1917 1224 1944 sentinae
1241 1918 1439 1946 dormientibus
1458 1920 1616 1955 plerumque
1631 1921 1732 1954 nautis,

948 1963 1096 1997 tranquillo
1110 1963 1189 1995 mari,
1205 1964 1286 1992 undis
1306 1973 1401 1992 navem
1425 1966 1548 2001 implent,
1566 1974 1598 1994 ac
1610 1975 1660 1994 nec
1675 1968 1734 2002 opi-

948 2012 1046 2036 nantes
1063 2008 1233 2037 interimunt.

982 2054 1026 2082 46.
1044 2054 1146 2082 Grandi
1171 2055 1264 2090 itaque
1284 2056 1377 2084 labore
1397 2057 1528 2085 adversus
1551 2058 1733 2094 cogitationes

948 2100 1113 2135 vigilandum
1127 2101 1218 2128 animo
1229 2106 1280 2130 est.
1294 2101 1423 2130 Inimicus
1433 2103 1504 2130 enim
1518 2105 1636 2131 animam
1649 2105 1732 2131 veluti

113 2146 162 2183 τὴν
176 2147 264 2183 ψυχὴν
279 2147 401 2174 καθελεῖν
419 2147 588 2184 βουλόμενος,
601 2149 618 2184 ἢ
632 2148 686 2175 ἀπὸ
697 2148 751 2174 τῶν
765 2147 896 2183 θεμελίων

951 2146 1059 2174 domum
1076 2151 1198 2174 evertere
1222 2148 1344 2182 cupiens,
1363 2152 1408 2174 aut
1429 2156 1444 2176 a
1470 2148 1655 2178 fundamentis
1675 2151 1733 2178 rui-

115 2194 229 2219 ποιεῖται
244 2193 330 2227 αὐτῆς
341 2193 389 2229 τὴν
407 2193 520 2226 πτῶσιν,
535 2194 552 2230 ἦ
570 2194 624 2220 ἀπὸ
636 2194 685 2229 τῆς
698 2193 800 2229 ὀροφῆς
816 2193 898 2229 ἀρχό-

115 2246 204 2274 μενος,
220 2240 310 2266 πᾶσαν
331 2239 415 2274 αὐτὴν
431 2240 590 2275 καταφέρει,
603 2240 619 2276 ἢ
637 2239 684 2266 καὶ
696 2239 739 2266 διὰ
753 2239 808 2266 τῶν
820 2239 897 2275 Θυρί-

112 2284 165 2311 δων
183 2285 319 2318 εἰσελθὼν,
339 2285 446 2322 πρῶτον
464 2286 509 2312 τὸν
525 2286 714 2321 οἰκοδεσπότην
731 2285 834 2321 δεσμεῖ,
851 2286 897 2312 καὶ

113 2329 199 2361 οὕτως
211 2329 348 2366 χειροῦται
364 2330 399 2356 τὰ
414 2331 511 2357 πάντα.
528 2331 657 2366 Θεμέλιος
671 2330 720 2366 μὲν
733 2329 779 2357 οὖν
791 2331 849 2357 ἐστι
863 2330 896 2357 τὰ

113 2374 186 2402 καλὰ
204 2375 281 2410 ἔργα,
299 2375 383 2411 ὀροφὴ
399 2376 428 2402 δὲ
443 2377 459 2411 ὴ
475 2376 574 2408 πίστις,
593 2376 700 2411 θυρίδες
715 2375 744 2402 δὲ
757 2377 784 2402 αἱ
801 2375 896 2411 αἰσθή-

114 2430 182 2452 σεις.
197 2421 245 2448 Διὰ
259 2421 366 2448 πάντων
386 2422 414 2449 δὲ
433 2422 546 2457 πολεμεῖ
565 2423 579 2449 δ
593 2422 698 2458 ἐχθρός.
714 2421 795 2448 Ὅθεν
815 2421 897 2448 πολυ-

112 2466 249 2502 όφθαλμον
261 2467 301 2494 δεῖ
316 2466 384 2494 εἶναι
398 2468 443 2495 τὸν
459 2467 577 2502 σωθῆναι
587 2467 756 2503 βουλόμενον.
766 2468 823 2494 Οὐκ
837 2467 896 2502 ἑχο-

113 2521 163 2547 μεν
177 2513 293 2540 ἐνταῦθα
309 2513 340 2539 τὸ
353 2514 513 2549 ἀμέριμνον·
527 2514 593 2549 φησὶ
603 2513 658 2549 γὰρ
669 2515 685 2548 ἡ
698 2513 804 2549 Γραφή·
824 2515 896 2540 Βλε-

111 2558 188 2584 πέτω
203 2560 219 2585 ό
233 2558 367 2592 ἑστηκὼς
377 2559 419 2593 μὴ
435 2559 524 2592 πέσῃ.

148 2604 190 2630 67.
217 2604 261 2631 Ἐν
273 2604 362 2640 ἀδήλῳ
376 2605 500 2640 πλέομεν-
518 2605 638 2631 θάλασσα
655 2605 708 2640 γὰρ
720 2606 734 2631 ὁ
750 2604 806 2639 βίος
816 2605 894 2641 ἡμῶν

146 2684 169 2699 ’⁸
188 2683 284 2710 Matth.
304 2691 350 2715 ix,
378 2683 421 2709 I7.

147 2761 203 2796 (εδ)
225 2760 278 2787 va.
292 2760 477 2793 ΡΡ.1.ν,Η.
491 2762 535 2788 εδ.

311 2808 445 2838 Ρλτιιοι.
463 2808 519 2838 Gn.
539 2808 680 2839 XXVIII.

948 2200 1011 2220 nam
1030 2193 1082 2228 ipsi
1097 2197 1185 2228 parat,
1203 2197 1250 2220 aut
1266 2201 1281 2220 a
1296 2198 1367 2220 tecto
1382 2195 1514 2229 incipiens
1533 2199 1617 2223 totam
1635 2197 1731 2230 diruit,

948 2243 995 2266 aut
1010 2247 1058 2274 per
1082 2238 1217 2267 fenestras
1238 2239 1378 2274 ingressus
1395 2240 1483 2274 primo
1506 2241 1731 2275 patremfamilias

947 2285 1050 2320 alligat,
1068 2288 1095 2311 et
1111 2285 1150 2312 sic
1166 2284 1286 2311 omnium
1307 2286 1420 2320 potitur.
1445 2285 1660 2315 Fundamentum
1679 2289 1732 2315 ita-

946 2338 999 2365 que
1029 2334 1094 2357 sunt
1117 2329 1188 2356 bona
1201 2337 1294 2365 opera,
1306 2334 1406 2358 lectum
1421 2331 1498 2363 ﬁdes,
1516 2332 1642 2360 fenestrae
1669 2341 1733 2362 sen-

947 2383 1005 2403 sus.
1032 2375 1085 2403 Per
1110 2375 1168 2403 haec
1192 2377 1283 2404 omnia
1312 2377 1412 2404 bellum
1438 2382 1529 2406 movet
1557 2380 1733 2410 adversarius

949 2421 1016 2456 (87).
1033 2420 1215 2454 Quamobrem
1228 2423 1320 2451 multis
1335 2425 1422 2452 oculis
1433 2424 1514 2452 habet
1528 2433 1597 2460 opus
1613 2426 1660 2462 qui
1674 2427 1732 2455 vu't

949 2467 1064 2494 salutem
1075 2468 1216 2502 consequi.
1234 2467 1327 2504 Neque
1339 2470 1410 2497 enim
1423 2470 1467 2497 hic
1475 2478 1621 2506 possumus
1630 2479 1695 2499 cura
1705 2475 1733 2502 οἱ

948 2513 1133 2541 sollicitudine
1147 2514 1225 2541 vacui
1238 2522 1310 2549 esse,
1332 2515 1368 2542 ait
1381 2516 1482 2552 quippe
1502 2515 1642 2553 Scriptura
1658 2527 1664 2545 :
1681 2517 1732 2551 Qu

947 2562 1013 2590 stat,
1027 2559 1113 2586 videat
1124 2567 1155 2586 ne
1165 2560 1243 2586 cadat
1261 2561 1294 2587 ".

983 2605 1027 2632 ι7.
1046 2605 1075 2632 In
1090 2605 1209 2633 obscuro
1223 2607 1381 2642 navigamus
1394 2616 1400 2634 :
1415 2609 1469 2636 vita
1484 2609 1585 2646 quippe
1605 2613 1698 2638 nostra
1716 2615 1729 2638 1

460 2685 483 2699 "
503 2683 574 2711 Psal.
593 2691 689 2715 uvm.
707 2684 734 2712 5,
772 2685 794 2700 ⁸⁸
813 2683 885 2712 Psal.
902 2692 951 2717 xc,
970 2685 1014 2712 15.
1053 2685 1075 2699 ’⁷
1096 2685 1106 2712 1
1123 2685 1188 2713 Cor.
1206 2693 1243 2718 ι,
1264 2686 1307 2713 t2.

990 2762 1045 2798 (87)
1067 2762 1118 2791 vn.
1140 2763 1217 2791 pm
1245 2774 1270 2798 v,
1290 2766 1331 2798 ιι,
1346 2767 1388 2794 δι.

1535 2814 1573 2846 ΕΒ
