1919 3064
178 76 246 106 1515

740 77 767 104 S.
789 76 1020 106 ATHANASIUS.
1040 94 1076 98 —
1096 77 1231 106 SPUlllA.

1725 82 1797 108 1516

177 145 255 166 sacro
274 142 384 165 cantore
403 137 502 165 Davide
522 146 596 165 mare
615 142 656 166 est
681 138 826 173 appellata.
844 137 871 164 lu
889 138 958 165 mari

1015 140 1063 166 ὕπὸ
1077 139 1124 166 τοῦ
1139 139 1211 175 ίεροῦ
1223 139 1324 173 ψάλτου
1341 139 1423 165 Δαϐἱδ
1442 138 1557 174 εἴρηται.
1586 138 1666 165 Ἀλλὰ
1681 138 1731 174 τῆς
1748 138 1797 166 θα-

178 191 260 219 porro
275 185 327 211 alia
344 184 403 211 loca
421 188 484 212 sunt
511 189 629 219 petrosa,
652 184 706 211 alia
722 184 853 211 monstris
869 184 960 218 plena,

177 230 229 257 alia
245 230 400 265 tranquilla.
415 229 470 257 Nos
487 230 514 256 in
531 229 679 264 tranquilla
693 230 778 257 maris
793 235 870 265 parte
886 229 961 256 vide-

177 285 239 304 mur
248 278 375 311 navigare
388 285 395 309 ;
413 276 557 304 saeculares
568 284 632 303 vero
646 276 806 311 periculosis
822 276 848 303 in
863 276 960 311 plagis.

178 323 231 351 Nos
246 323 362 350 interdiu
382 323 553 358 navigamus,
567 330 581 349 a
594 323 651 350 sole
662 323 775 357 jnstitiae
789 323 856 350 recti
871 327 897 350 et
912 323 960 350 de-

177 370 268 400 ducti;
286 369 324 396 illi
344 373 425 396 noctu
452 369 604 404 ignorantia
629 369 741 396 ferente.
759 368 812 396 Sed
828 369 962 403 contingit

178 417 336 451 plerumque
359 419 388 443 ut
401 415 552 448 saecularis,
569 417 596 442 in
612 419 773 450 tempestate
792 423 824 443 ac
841 415 962 442 tenebris

177 462 323 494 exsistens,
345 461 490 488 clamando
504 465 531 488 et
550 460 686 496 vigilando
708 468 804 488 navem
820 465 962 489 conservet

177 516 274 541 suam;
290 515 341 535 nos
357 514 421 534 vero
443 515 492 542 per
510 507 643 534 incuriam
660 507 809 542 tranquillo
822 507 890 534 mari
914 507 964 537 dei»

177 561 344 590 mergamur,
363 554 464 581 amisso
477 553 591 588 justitia:
609 553 695 580 clavo.

214 664 257 690 68,
274 663 326 696 Qui
347 667 400 690 stat
420 663 512 698 igitur,
531 662 617 689 videat
639 671 670 689 ne
682 662 775 690 cadat.
790 662 843 695 Qui
866 661 965 690 cecidit

177 709 251 736 enim
265 717 348 736 uuam
367 709 448 736 habet
467 716 572 741 curam,
589 713 618 735 ut
638 709 742 736 scilicet
759 712 894 744 resurgat.
911 708 963 741 Qui

179 763 243 782 vero
262 759 326 787 stat,
342 759 438 782 caveat
450 754 501 782 Sibl
514 762 548 782 ne
562 755 652 782 cadat.
670 755 745 782 Varii
759 762 878 790 namque
899 758 964 782 sunt

177 809 270 829 casus.
286 801 338 834 Qui
352 801 511 828 ceciderunt
524 801 598 828 enim
613 808 668 828 non
681 801 753 828 ultra
764 800 875 836 quidem
890 803 963 828 stant

1011 185 1113 221 λάσσης
1122 186 1156 211 τὰ
1168 185 1216 220 μέν
1229 186 1282 212 είσι
1295 185 1428 220 πετρώδη,
1442 184 1476 211 τὰ
1484 185 1512 211 δὲ
1523 185 1570 211 καὶ
1581 185 1682 220 θηρίων
1693 185 1795 221 πλήρη,

1011 231 1070 258 τινὰ
1086 231 1114 258 δὲ
1130 232 1177 258 καὶ
1194 231 1309 266 γαληνά.
1329 231 1423 266 Ἡμεῖς
1435 231 1463 257 ἐν
1475 230 1513 265 τῷ
1528 230 1636 265 γαληνῷ
1654 230 1732 266 μέρει
1747 221 1797 266 τῆς

1012 277 1148 312 Θαλάσσης
1162 277 1292 312 δοκοῦμεν
1302 276 1402 307 πλέειν,
1414 277 1438 303 ot
1452 276 1481 303 δὲ
1492 275 1616 311 κοσμικοὶ
1629 277 1657 302 ὲν
1670 275 1798 302 κινδυνώ-

1011 323 1084 350 δεσι’
1107 323 1154 349 καὶ
1177 323 1256 358 ἡμεῖς
1273 324 1321 358 μὲν
1339 323 1445 358 ἡμέρας
1462 322 1577 357 πλέομεν
1590 321 1642 348 ὑπὸ
1659 321 1706 348 τοῦ
1719 322 1796 356 ἡλίου

1011 370 1060 404 τῆς
1070 369 1241 405 δικαιοσύνης
1251 369 1438 404 ὁδηγούμενοι,
1454 369 1551 395 ἐκεῖνοι
1563 368 1592 394 δὲ
1607 369 1635 394 ἐν
1646 369 1732 401 νυκτὶ,
1744 368 1798 394 ὑπὸ

1012 415 1060 450 τῆς
1081 415 1217 449 ἀγνωσίας
1241 415 1393 450 φερόμενοι.
1424 414 1493 440 Ἀλλ’
1515 414 1651 449 ἐνδέχεται
1667 413 1798 445 πολλάκις

1011 460 1057 486 τὸν
1079 460 1210 495 κοσμικὴν
1231 461 1259 486 ἐν
1278 459 1392 495 χειμῶνι
1410 459 1457 486 καὶ
1474 461 1502 485 ἐν
1519 459 1606 485 σκύτει
1619 459 1796 494 τυγχάνοντα.

1014 505 1149 541 βοήσαντα
1166 505 1213 532 καὶ
1227 506 1448 541 ἀγρυπνήσαντα,
1466 504 1551 530 σῶσαι
1566 504 1596 530 τὸ
1614 503 1711 530 ἑαυτοῦ
1729 503 1798 530 σκά-

1013 559 1072 585 φος·
1090 552 1164 586 ἡμᾶς
1178 551 1206 577 δὲ
1221 552 1250 577 ἐν
1265 551 1378 586 γαλήνῃ,
1404 550 1456 576 ὑπὸ
1478 550 1607 585 ἀμελείας
1626 549 1797 584 βυθισθῆναι,

1013 597 1042 623 τὸ
1059 597 1187 632 πηδάλιον
1199 597 1248 632 τῆς
1260 597 1431 632 δικαιοσύνης
1445 596 1572 630 ἀφέντας.

1048 663 1093 689 48.
1114 662 1253 689 Βλεπέτω
1277 660 1323 689 οὖν
1347 664 1363 690 d
1395 661 1515 695 στήκων
1526 662 1569 696 μὴ
1587 661 1678 696 πέσῃ.
1701 661 1730 687 '0
1749 661 1798 696 μὲν

1014 708 1068 743 γὰρ
1083 708 1174 735 πεσὼν
1192 709 1257 744 μίαν
1279 709 1336 744 ἔχει
1352 708 1490 744 φροντίδα,
1508 708 1554 734 τοῦ
1569 707 1725 743 ἀναστῆναι·
1742 709 1756 733 ὁ
1769 707 1799 733 δὲ

1015 755 1123 790 στήχων
1146 754 1321 789 φυλαττέσθω
1341 754 1388 780 τοῦ
1418 754 1455 789 μὴ
1481 755 1584 780 πεσεῖν.
1612 754 1666 780 Καὶ
1689 753 1743 788 γὰρ
1763 753 1799 779 τὰ

1015 800 1227 836 παραπτώματα
1239 801 1365 836 διάφορα’
1377 801 1401 827 οί
1419 802 1468 836 μὲν
1480 800 1535 836 γὰρ
1551 800 1677 831 πεσόντες
1688 800 1735 826 τοῦ
1747 799 1799 834 μὲν

177 846 278 879 erecti;
294 846 341 873 sed
353 851 442 873 tamen
451 845 587 881 jacentes,
599 854 654 873 non
669 846 784 874 multum
800 849 963 881 acceperunt

1015 847 1124 881 στήκειν
1140 847 1309 882 ἐστέρηνται·
1324 847 1444 881 κείμενοι
1455 847 1494 878 δὲ,
1509 846 1540 872 οὐ
1554 846 1624 873 πάνυ
1638 854 1665 872 τι
1681 845 1799 880 ἐϐλάϐη-

178 891 280 919 damni.
299 891 351 924 Qui
369 896 425 918 stat
441 895 544 922 autem,
563 899 597 918 ne
613 891 747 926 despiciat
766 899 828 919 cum
853 892 900 926 qui
925 891 965 919 la-

179 945 245 975 psus
259 940 312 969 est,
328 936 376 964 sed
391 935 551 964 reformidet
573 944 606 964 ne
621 937 760 972 collapsus
777 940 804 964 et
827 937 884 972 ipse
903 944 965 972 per-

178 988 232 1015 eat,
254 990 322 1010 neve
344 983 372 1009 in
399 982 523 1009 altiorem
551 990 581 1010 se
608 982 765 1017 voraginem
790 983 963 1018 praecipitet:

180 1029 226 1055 ubi
242 1028 312 1056 forte
322 1028 463 1064 continget
481 1031 511 1054 ut
529 1028 603 1062 putei
615 1028 803 1062 profunditate
817 1029 964 1055 clamorem

182 1078 339 1108 superante,
355 1081 389 1100 ne
397 1077 493 1108 petere
503 1073 611 1108 quidem
629 1074 714 1108 possit
737 1073 878 1100 auxilium.
898 1073 964 1100 Nam

181 1119 264 1156 626
277 1119 368 1154 justus
387 1119 426 1146 ait
443 1128 450 1146 :
471 1118 514 1146 Ne
530 1119 668 1146 absorbeat
682 1127 722 1146 me
739 1119 907 1154 profundum,
920 1127 966 1146 ne-

179 1173 227 1201 que
248 1169 339 1200 urgeat
351 1173 430 1199 super
444 1172 484 1192 me
498 1170 592 1199 puteus
609 1173 637 1191 os
651 1172 729 1191 suum
745 1165 780 1190 ’⁸.
791 1163 844 1198 Qui
859 1164 964 1199 primus

179 1211 289 1242 cecidit,
301 1211 411 1238 mansit.
423 1209 608 1244 Prospicejtibi
621 1218 655 1237 ne
662 1210 800 1245 delapsus,
812 1211 964 1237 belluarum

181 1257 259 1284 cibus
278 1256 389 1284 evadas.
408 1255 460 1288 Qui
476 1248 558 1282 'cadit
571 1254 670 1283 domus
686 1255 758 1283 tores
773 1263 828 1282 non
843 1255 963 1282 obserat.

180 1300 231 1332 Tu,
249 1301 370 1336 inquam,
393 1300 549 1328 nullatenus
563 1300 712 1334 dormites;
734 1301 782 1328 sed
802 1308 908 1336 semper
921 1301 964 1328 di-

179 1348 274 1375 vinum
302 1347 488 1375 illud'dictum
513 1347 655 1375 modulare
682 1356 689 1374 :
717 1347 848 1375 litamina
875 1349 964 1377 oculos

181 1402 249 1421 meas
275 1402 306 1421 ne
329 1402 445 1429 unquam
469 1393 634 1420 obdormiam
658 1395 685 1420 in
710 1399 794 1421 morte
816 1395 849 1421 ".
878 1394 965 1431 Vigila

180 1440 309 1467 continue
326 1443 437 1474 propter
449 1447 512 1467 eum
525 1440 572 1474 qui
586 1443 714 1474 tanquam
736 1441 777 1467 leo
791 1441 873 1475 rugit.

214 1497 258 1524 49.
281 1496 369 1524 Verba
387 1497 481 1524 isthmc
498 1496 525 1523 in
541 1496 593 1523 hoc
609 1501 673 1523 sunt
688 1497 776 1529 utilia,
802 1501 831 1524 ut
846 1505 899 1525 non
917 1505 965 1524 ex-

181 1543 318 1570 lollamur.
332 1541 384 1574 Qui
399 1541 507 1573 cecidit,
525 1541 548 1568 si
562 1546 738 1568 convertatur
751 1546 778 1569 et
792 1543 962 1578 ingemiscat,
977 1538 998 1567 C

181 1587 296 1614 salulem
313 1587 497 1614 nanciscetur.
512 1585 643 1621 Prospice
656 1586 716 1618 tibi,
740 1595 801 1622 quae
823 1592 889 1615 stas.
910 1587 966 1614 Du-

182 1633 242 1668 pler
254 1634 307 1667 tibi
324 1633 440 1660 formido
467 1633 559 1663 instat.
585 1636 631 1660 aut
655 1634 761 1661 scilicet
776 1641 810 1660 ne
827 1634 860 1661 ad
873 1639 964 1662 vetera

183 1680 340 1711 revertaris,
366 1679 392 1706 in
416 1684 442 1706 te
464 1678 584 1706 irruente
603 1684 714 1714 propter
737 1680 891 1708 socordiam
913 1681 966 1707 ini-

183 1725 265 1756 mico,
281 1730 326 1752 aut
340 1733 375 1752 ne
391 1725 462 1752 inter
474 1726 640 1753 currendum
657 1727 849 1760 supplanteris.
865 1726 967 1754 Adver-

183 1771 273 1799 sarius
297 1771 398 1806 quippe
421 1775 514 1798 noster
533 1771 670 1802 diabolus,
696 1772 738 1798 vel
764 1779 778 1797 a
799 1776 875 1807 tergo
889 1771 922 1799 ad
936 1780 965 1800 se

182 1817 325 1852 pertrahit,
340 1825 402 1844 cum
417 1818 563 1845 tardiorem
587 1825 752 1852 segnemque
766 1818 884 1844 animam
899 1825 966 1845 con-

183 1864 312 1898 spexerit.
328 1864 394 1896 Qua:
418 1864 442 1890 si
467 1863 592 1891 videatur
607 1863 724 1898 diligens
751 1871 781 1889 ac
803 1867 915 1890 strenua
938 1865 965 1890 in

182 1910 300 1936 aseetica
311 1909 377 1940 vita,
389 1909 485 1936 callide
493 1915 519 1936 et
530 1909 636 1936 occulte
646 1908 730 1943 serpit
741 1916 789 1944 per
798 1909 965 1943 superbiam.

182 1959 263 1990 atque
283 1955 320 1982 ita
337 1954 458 1982 funditus
480 1954 569 1990 perdit
585 1962 657 1982 eam.
679 1954 741 1982 Haec
761 1955 887 1982 illecebra
907 1963 966 1982 om-

181 2001 256 2027 nium
268 2000 400 2027 malorum
413 1999 537 2027 ultimum
546 2004 586 2027 est
601 2007 631 2027 ac
648 2007 816 2035 supremum.
827 2000 879 2028 Per
891 2001 964 2028 illam

181 2046 308 2074 diabolus
324 2046 447 2080 dejectus
464 2046 526 2080 fuit,
542 2054 590 2081 per
612 2046 734 2074 eamdem
756 2046 896 2074 hominum
911 2047 966 2074 for-

181 2093 303 2120 tissimos
326 2099 483 2127 expugnare
507 2095 604 2119 tentat.
635 2091 870 2125 Quemadmodum
892 2092 964 2119 enim

180 2137 365 2166 strenuissimi
390 2137 501 2169 milites,
518 2141 661 2172 postquam
688 2137 794 2164 minora
820 2138 875 2164 tela
899 2145 966 2165 con-

181 2187 366 2220 sumpserunt,
386 2183 409 2211 si
428 2183 517 2211 adhuc
534 2186 647 2218 urgeant
665 2183 824 2215 adversarii,
846 2183 965 2210 fortissi-

180 2238 254 2257 mum
270 2230 402 2262 omnium,
422 2230 582 2257 machaeram
603 2229 717 2261 scilicet,
733 2229 869 2263 educunt;
884 2229 921 2256 ita
936 2234 963 2257 et

180 2277 305 2305 diabolus
320 2281 463 2312 postquam
479 2277 583 2311 priores
599 2277 711 2311 laqueos
722 2283 785 2303 suos
804 2276 962 2311 insumpsit,

179 2327 236 2349 tum
251 2321 360 2349 demum
380 2325 519 2356 postremo
534 2321 618 2348 utitur
634 2321 734 2357 gladio,
759 2322 890 2348 nimirum
916 2330 963 2349 sn-

179 2367 283 2403 perbia.
301 2367 418 2401 Quinam
442 2371 532 2394 autem
558 2367 634 2394 fuere
650 2368 755 2402 priores
769 2367 830 2401 ejus
849 2367 962 2403 laquei?

180 2413 253 2440 Sane
267 2412 338 2447 gula,
353 2412 490 2447 voluptas,
508 2412 662 2439 fornicatio.
674 2411 707 2438 Hi
721 2419 838 2447 namque
851 2412 962 2447 potissi-

179 2467 253 2486 mum
283 2459 396 2494 spiritus
418 2459 566 2494 juvenilem
592 2463 698 2486 aetatem
724 2458 854 2486 infestant
878 2468 885 2486 :
905 2459 963 2486 haec

179 2508 394 2539 consequuntur,
408 2504 529 2537 pecunia:
540 2511 626 2535 amor,
638 2503 750 2530 avaritia
761 2507 787 2530 et
799 2503 841 2531 his
851 2504 961 2531 similia.

179 2541 277 2577 Misera
296 2558 360 2584 ergo
377 2550 476 2582 anima,
498 2550 543 2577 ubi
564 2549 647 2576 hosce
669 2550 779 2584 laqueos
805 2550 961 2581 declinavit,

179 2601 321 2631 postquam
337 2599 458 2623 ventrem
473 2596 619 2629 continuit,
635 2599 780 2630 postquam
794 2596 883 2622 ventri
901 2597 963 2624 sub-

176 2641 263 2677 iectas
278 2641 441 2676 cupiditates
459 2648 506 2676 per
530 2641 686 2676 pudicitiam
709 2640 867 2674 transilivit,
887 2647 958 2676 post~

233 2762 255 2777 "
276 2761 465 2794 Psal..t.vvln,
485 2762 527 2789 16.
566 2763 588 2778 '9
609 2762 681 2789 Psal.
702 2769 753 2793 xu,
774 2761 800 2789 4.

1016 901 1075 919 σαν.
1099 892 1127 919 ’0
1138 892 1166 919 δὲ
1178 891 1263 924 ἑστὼς
1278 892 1315 927 μὴ
1329 891 1487 923 εὑτελιζέτω
1497 891 1542 917 τὸν
1556 890 1728 923 πεπτωκότα,
1741 889 1799 916 ἀλλ’

1014 939 1108 966 ἐαυτὸν
1121 938 1264 973 φοϐείσθω,
1280 938 1317 973 μὴ
1332 937 1421 964 πεσὼν
1434 937 1580 973 διαφθαρῇ,
1596 936 1643 963 καὶ
1656 937 1696 968 είς
1710 935 1800 963 κατώ-

1013 993 1092 1021 τερον
1112 984 1217 1021 ἀπέλθῃ
1238 983 1342 1019 βόθρον.
1365 983 1444 1014 Εἰκὸς
1460 983 1524 1018 γὰρ,
1543 982 1588 1009 καὶ
1609 982 1658 1017 τῆς
1674 981 1801 1017 κραυγῆς

1014 1029 1177 1066 ήττηθείσης
1189 1029 1241 1056 ὑπὸ
1254 1029 1301 1055 τοῦ
1317 1028 1414 1063 βάθους
1427 1027 1473 1054 τοῦ
1486 1027 1611 1062 φρέατος,
1626 1027 1663 1062 μὴ
1674 1026 1800 1062 βοήθειαν

1014 1076 1134 1111 αἰτῆσαι.
1147 1075 1216 1110 Φησὶ
1228 1075 1283 1110 γὰρ
1295 1075 1308 1100 ὁ
1323 1074 1436 1105 δίκαιος·
1450 1073 1498 1107 Μὴ
1513 1072 1676 1100 καταπιέτω
1689 1080 1727 1106 με
1740 1071 1801 1103 ,ϐυο-

1015 1121 1075 1154 (hic.
1090 1121 1167 1156 μηδὲ
1184 1120 1323 1154 συσχέτω
1334 1120 1380 1146 ἐπ’
1399 1119 1451 1154 ἐμὲ
1470 1119 1561 1153 φρέαρ
1581 1118 1614 1144 τὸ
1629 1118 1726 1152 στόμα
1745 1117 1801 1143 αὐ-

1013 1168 1078 1194 τοῦ.
1099 1168 1128 1194 ‘0
1142 1166 1250 1202 πρῶτος
1271 1165 1361 1193 πεσὼν
1378 1165 1494 1201 ἔμεινεν.
1520 1165 1591 1200 Ὅρα
1613 1163 1734 1195 σεαυτὸν,
1760 1161 1800 1197 μὴ

1015 1211 1176 1239 καταπεσὼν
1192 1212 1238 1239 καὶ
1253 1212 1285 1239 σὺ
1299 1211 1373 1246 θοίνη
1387 1211 1488 1246 θηρίων
1503 1210 1579 1246 γένῃ.
1598 1209 1627 1236 '0
1641 1208 1732 1235 πεσὼν
1747 1209 1801 1235 οὑκ

1014 1258 1191 1293 ἀσφαλίζεται
1207 1258 1257 1294 τὴν
1273 1258 1374 1294 θύραν·
1401 1258 1433 1284 σὺ
1453 1257 1483 1283 δὲ
1507 1256 1628 1292 μηδόλως
1653 1255 1797 1290 νυστάξῃς·

1014 1304 1071 1330 ἀλλ’
1087 1304 1131 1330 ἀεὶ
1146 1303 1178 1330 τὸ
1194 1304 1263 1330 θεῖον
1286 1304 1373 1330 ἐκεῖνο
1389 1303 1503 1338 μελῲδσι
1520 1302 1611 1337 ῥητὸν,
1631 1301 1662 1327 τὸ
1683 1301 1798 1335 φάσκον-

1014 1350 1147 1377 Φώτισον
1162 1350 1232 1383 τοὺς
1246 1349 1419 1384 ὀφθαλμούς
1432 1357 1502 1384 μου,
1517 1347 1560 1382 μή
1582 1355 1653 1374 ποτε
1669 1346 1801 1374 ὺπνώσω

1014 1397 1057 1429 είς
1072 1396 1210 1423 θάνατον.
1231 1395 1378 1431 ’Δγρύπνει
1392 1395 1421 1421 δὲ
1436 1394 1567 1430 διηνεκῶς
1585 1393 1629 1420 διὰ
1648 1393 1694 1420 τὸν
1712 1393 1801 1429 ὠρυό-

1016 1451 1095 1478 μενον
1111 1442 1215 1469 λέοντα.

1050 1499 1093 1526 19.
1114 1498 1206 1526 Ταῦτα
1223 1498 1257 1525 τὰ
1272 1499 1382 1534 ῥήματα
1396 1496 1518 1524 συντελεῖ
1530 1496 1598 1533 πρὸς
1611 1497 1642 1523 τὺ
1661 1496 1697 1531 μὴ
1712 1496 1799 1530 Omp-

1015 1545 1149 1580 αίρεσθαι.
1168 1545 1196 1570 '0
1211 1543 1301 1570 πεσὼν
1323 1545 1351 1570 ὲν
1371 1543 1410 1578 τῷ
1430 1543 1589 1578 ἐπιπρέψαι
1608 1543 1654 1569 καὶ
1674 1541 1800 1574 στενάξαι

1016 1590 1180 1626 σωθήσεται.
1195 1590 1265 1625 Ὅρα
1277 1589 1308 1616 σὺ
1321 1589 1447 1624 σαυτὴνὴ
1463 1590 1608 1624 στήκουσα.
1618 1587 1734 1618 Διπλοῦς
1743 1588 1800 1622 γάρ

1015 1645 1056 1663 σοι
1071 1637 1084 1663 ὁ
1101 1636 1183 1670 φόϐος
1197 1636 1344 1668 ἐπίκειται,
1359 1634 1434 1670 ἢτοῦ
1455 1635 1491 1669 μὴ
1509 1634 1670 1673 ἐπιστρέψαι
1683 1633 1751 1668 πρὸς
1764 1634 1801 1659 τὰ

1014 1683 1125 1718 ἀρχαῖα,
1137 1681 1169 1708 δι’
1182 1681 1326 1716 ὀλιγωρίας
1340 1689 1380 1706 σοι
1389 1679 1436 1706 τοῦ
1451 1679 1548 1715 ἐχθροῦ
1559 1679 1767 1715 προσπεσόντος,
1780 1679 1798 1714 ἢ

1014 1728 1061 1754 τοῦ
1078 1728 1114 1763 μὴ
1131 1727 1279 1763 τρέχουσαν
1296 1726 1477 1761 σκελισθῆναι.
1502 1726 1531 1752 '0
1547 1725 1600 1761 γὰρ
1614 1725 1709 1761 ἐχθρὸς
1720 1726 1800 1760 ἡμῶν

1013 1773 1161 1808 διάϐολοςῆ
1178 1773 1288 1800 ὄπισθεν
1304 1772 1377 1799 ἕλκει
1396 1773 1464 1808 πρὸς
1479 1773 1583 1804 ἑαυτὸν,
1599 1772 1716 1807 ὁπηνίκα
1731 1771 1799 1806 βρα-

1014 1817 1087 1844 δεῖαν
1107 1818 1154 1844 καὶ
1174 1817 1280 1853 νωθράν
1304 1817 1352 1852 τὴν
1373 1817 1460 1852 ψυχὴν
1477 1817 1616 1852 θεάσηται’
1638 1817 1655 1852 ἢ
1670 1816 1800 1843 δοκοῦσαν

1015 1863 1098 1898 αὐτὴν
1117 1863 1262 1889 σπουδαίαν
1283 1860 1351 1890 εἶναι
1370 1863 1417 1889 καὶ
1436 1863 1562 1890 ἐπίπονον
1583 1862 1650 1898 πρὸς
1671 1863 1799 1897 ἄσκησιν,

1015 1909 1204 1944 ἐπεισέρχεται
1214 1908 1318 1940 λεπτῶς
1329 1909 1376 1935 καὶ
1387 1909 1585 1944 κεκρυμμένως
1598 1909 1641 1935 διὰ
1652 1908 1701 1943 τῆς
1715 1908 1766 1934 ὑπε
1771 1917 1801 1944 ρ-

1015 1954 1140 1989 ηφανίας·
1158 1955 1205 1980 καὶ
1220 1953 1305 1985 οὕτως
1324 1953 1471 1989 αὔτανδρον
1489 1953 1538 1989 τὴν
1551 1953 1638 1988 ψυχὴν
1657 1953 1798 1980 ἀπόλλυσι.

1015 2000 1100 2027 Τοῦτο
1118 2001 1148 2026 τὸ
1168 2000 1248 2026 ὅπλον
1264 2000 1377 2035 ἔσχατον
1395 2000 1441 2027 καὶ
1460 2000 1669 2036 κορυφαιότατον
1690 2000 1802 2027 πάντων

1015 2047 1074 2073 ἐστὶ
1084 2046 1137 2074 τῶν
1151 2046 1254 2073 κακῶν.
1277 2041 1321 2079 Ἓξ
1332 2046 1415 2074 αὐτοῦ
1427 2048 1441 2072 ὁ
1450 2046 1572 2078 διάϐολος
1584 2045 1799 2081 καταϐέϐληται,

1015 2092 1063 2119 καὶ
1074 2092 1107 2119 δι’
1125 2092 1207 2119 αὑτοῦ
1220 2093 1283 2123 τοὺς
1295 2092 1494 2128 δυνατωτέρους
1506 2091 1560 2118 τῶν
1576 2091 1726 2127 ἀνθρώπων
1740 2100 1802 2118 πει-

1016 2139 1095 2173 ρᾶται
1112 2138 1262 2173 καθαιρεῖν.
1285 2138 1389 2172 Ὥσπερ
1405 2137 1459 2174 γὰρ
1474 2139 1498 2164 οί
1518 2138 1663 2165 δεινότατοι
1680 2137 1733 2164 τῶν
1750 2147 1801 2164 πο-

1015 2184 1159 2220 λεμιστῶν,
1178 2184 1247 2219 μετὰ
1258 2183 1288 2210 τὸ
1301 2183 1453 2218 δαπανῆσαι
1464 2183 1498 2210 τὰ
1509 2183 1657 2220 λεπτότερα
1675 2183 1749 2218 βέλη,
1768 2184 1802 2210 τὸ

1016 2229 1165 2265 τηνικαῦτα
1185 2229 1226 2255 ἔτι
1246 2228 1464 2263 ἐπικρατούντων
1483 2228 1537 2254 τῶν
1561 2228 1705 2264 μαχητῶν,
1732 2236 1802 2264 προ-

1017 2274 1157 2302 ϐάλλονται
1171 2274 1219 2310 τὴν
1235 2274 1409 2310 ἰσχυροτέραν
1426 2275 1533 2301 πάντων
1550 2275 1695 2310 μάχαιραν·
1712 2273 1800 2307 οὕτως

1017 2320 1063 2346 κα)¹
1075 2320 1090 2346 ὁ
1106 2319 1239 2351 διάϐολος,
1254 2319 1322 2355 μετὰ
1335 2319 1366 2345 τὸ
1381 2320 1478 2355 πρῶτα
1494 2319 1576 2346 αὑτοῦ
1592 2319 1800 2354 ἀποδαπανῆσαι

1015 2367 1161 2402 ἄγκιστρα,
1174 2367 1234 2393 τότε
1248 2366 1286 2402 τῷ
1302 2366 1447 2401 τελευταίῳ
1461 2366 1558 2401 χρᾶται
1572 2365 1700 2400 ξίφειςτῇ
1713 2365 1801 2400 ὑπερ-

1015 2412 1128 2448 ηφανίᾳ.
1151 2412 1230 2445 Τίνες
1250 2412 1279 2439 δὲ
1297 2410 1368 2448 ἦσαν
1391 2411 1472 2438 αὐτοῦ
1495 2412 1524 2438 at
1546 2411 1653 2447 πρῶται
1668 2411 1799 2445 παγίδες;

1016 2459 1110 2494 Δῆλον,
1121 2458 1159 2490 ὡς
1172 2459 1386 2495 γαστριμαργία,
1402 2458 1549 2494 φιληδονία,
1567 2458 1690 2493 πορνεία.
1706 2457 1802 2484 Ταῦτα

1016 2504 1070 2540 γὰρ
1089 2504 1205 2540 μάλιστα
1225 2505 1258 2532 τὰ
1277 2505 1420 2540 πνεύματα
1435 2501 1482 2530 ἐπὶ
1493 2503 1546 2530 τῶν
1557 2503 1725 2539 νεωτερικῶν
1740 2503 1802 2538 ἡλι-

1016 2549 1083 2575 κιῶν
1113 2549 1314 2584 συμϐαίνουσιν.
1345 2549 1536 2577 Ἐπακολουθεῖ
1559 2549 1588 2576 δὲ
1610 2549 1714 2580 τούτοις
1739 2549 1801 2583 φιλ-

1016 2596 1145 2631 αργυρία,
1156 2596 1304 2629 πλεονεξία,
1312 2596 1398 2622 καὶτὰ
1407 2596 1509 2627 τούτοις
1518 2596 1606 2630 ὅμοια.
1615 2595 1646 2621 Ἦ
1658 2593 1705 2622 οὖν
1719 2594 1801 2621 ἀθλία

1015 2641 1098 2678 ψυχὴ,
1112 2642 1176 2669 ὅταν
1190 2642 1291 2669 τούτων
1307 2642 1361 2669 τῶν
1376 2641 1468 2668 παθῶν
1482 2641 1666 2678 περιγένηται,
1681 2641 1801 2676 ὁπηνίκα
