1919 3064
129 104 197 131 4317

691 101 768 128 VlTA
789 100 933 128 SANCTE
954 99 1181 128 SYNCLETICA-l

1671 105 1740 133 1518

127 161 244 196 γαστρὸς
260 161 395 196 κρατήσῃ,
413 161 456 186 ὅτε
471 160 517 187 καὶ
537 160 585 191 τὰς
601 160 799 195 ὑπογαστρίους
812 158 903 194 ἡδονὰς

959 166 1039 193 quam
1053 164 1193 194 argentum
1205 160 1343 196 despexit;
1360 166 1424 189 tunc
1437 163 1569 190 malorum
1584 163 1682 192 artifex
1695 165 1740 192 ille

127 205 307 241 ὑπερπηδήσῃ
327 207 359 241 τῇ
381 206 534 240 σεμνότητι,
551 205 594 231 ὅτε
616 205 746 240 ἀργυρίου
770 212 906 240 καταφρο-

127 252 206 286 νήσῃ·
222 251 281 277 τότε
299 252 464 287 πανταχόθεν
474 253 488 278 ό
501 252 656 287 κακόφρων,
669 251 828 286 ἀπορηθεὶς,
840 251 905 276 ὑπο-

129 296 221 323 ϐάλλει
236 299 268 332 τῇ
285 297 356 333 ψυχῇ
376 298 491 325 ἄτακτον
506 298 619 333 κίνησιν·
637 296 777 331 μεγεθύνει
793 296 847 331 γὰρ
860 296 907 322 αὑ-

128 342 179 376 τὴν
199 343 329 378 ἀπρεπῶς
346 343 415 370 κατὰ
434 343 488 369 τῶν
505 342 627 377 ἀδελφῶν
645 341 813 376 ἐπαίρεσθαι.
835 342 906 377 Βαρὺ

127 389 174 415 καὶ
187 389 306 425 ὀλέθριον
319 389 396 416 τοῦτο
405 389 450 416 τοῦ
463 388 560 425 ἐχθροῦ
571 389 602 415 τὸ
614 389 713 424 δηλητή
719 397 781 423 ριον.
790 387 906 419 Πολλοὺς

127 432 231 468 ἀθρόως
253 435 281 460 ἑν
300 434 386 469 τούτῳ
414 435 538 466 σκοτίσας
561 433 718 461 κατέϐαλεν,
748 433 907 461 ’Υποὸάλλει

127 479 181 513 γὰρ
195 480 226 514 τῇ
240 479 312 515 ψυχῇ
324 479 426 506 ἔννοιαν
444 479 519 506 νόθον
537 480 583 506 καὶ
597 479 790 515 θανατηφόρον.
809 480 907 506 Κατει-

127 523 241 558 ληφέναι
264 525 318 559 γὰρ
340 525 419 552 αὑτὸν
435 525 563 560 φαντάζει
583 525 616 551 τὰ
632 525 706 560 παρὰ
726 526 781 556 τοῖς
802 524 907 556 πολλοῖς

125 569 304 604 ἀγνοούμενα,
312 570 358 596 καὶ¹
369 571 410 597 ὅτι
418 571 446 596 ὲν
454 570 592 606 νηστείαις
605 570 776 605 ὑπερϐάλλει·
789 570 835 596 καὶ
843 569 908 605 πλῆ-

127 614 173 646 θος
192 615 266 650 αὐτῷ
286 615 535 651 ἀνδραγαθημάτων
556 616 727 652 προστίθησι“
749 616 857 642 πάντων
877 616 906 642 δὲ

126 659 165 688 ὧν
176 662 296 698 ἥμαρτεν
307 664 346 694 είς
356 662 440 699 λήθην
453 663 532 690 αὐτὸν
544 663 632 699 φέρει,
648 664 717 698 πρὸς
731 662 761 689 τὸ
774 662 843 690 κατὰ
853 662 907 689 τῶν

128 708 260 734 συνόντων
273 708 441 744 ἐπαίρεσθαι.
462 708 640 736 Ὑποκλέπτει
651 709 705 744 γὰρ
720 708 803 736 αὑτοῦ
817 709 849 735 ὲκ
860 708 907 735 τοῦ

125 753 171 780 νοῦ
187 754 222 780 τὰ.
239 754 466 790 πλημμελήματα·
488 755 519 782 οὐ
544 755 610 791 πρὸς
629 755 762 790 ὠφέλειαν
777 756 804 782 δὲ
823 755 904 782 αὐτοῦ

125 799 204 826 τοῦτο
216 802 296 832 ποιεῖ,
312 801 379 828 ἀλλὰ
392 801 461 836 πρὸς
476 801 506 828 τὸ
519 801 556 837 μὴ
569 801 714 838 δυνηθῆναι
728 801 807 829 αὐτὸν
821 803 906 829 εἰπεῖν

124 845 173 881 τὴν
186 831 310 882 ἰατρικήν
320 831 426 882 ἐκείνην
441 831 542 883 φωνὴν,
551 831 593 881 τὺ,
608 831 748 882 έοὶμόνῳ
761 847 904 882 ἥμαρτον,
921 831 943 859 Β

125 891 255 925 ἐλέησόν
276 901 324 927 με.
351 892 418 920 Οὕτε
443 893 496 928 μὴν
523 893 690 928 συγχωρήσει
714 893 787 927 αὑτῷ
808 893 906 928 λέγειν·

132 937 405 974 Ἐξομολογιήσομαι
417 946 476 973 σοι,
492 939 589 973 Κύριε,
603 940 638 966 ἐν
651 939 707 974 ὅλῃ
720 939 826 974 καρδίᾳ
836 948 906 974 μου.

131 984 200 1011 Ἀλλ’
215 985 308 1020 ὥσπερ
327 985 407 1017 αὐτὸς
426 984 498 1012 κατὰ
516 984 634 1012 διάνοιαν
655 982 714 1011 εἷπε
728 985 768 1011 τόδ
791 984 908 1017 Ἀγαθή-

125 1037 226 1066 σομαι,
247 1031 297 1058 καὶ
316 1031 444 1066 θήσομαι
465 1030 519 1058 τὸν
539 1031 647 1065 θρόνον
666 1038 737 1066 μου⁴
754 1031 839 1063 οὓτως
861 1033 907 1058 καὶ

126 1077 220 1104 τοῦτον
233 1077 364 1111 φαντάζει
380 1078 419 1109 εἰς
440 1077 526 1113 ἀρχάς
547 1085 577 1104 τε
599 1077 645 1104 καὶ
659 1077 906 1113 πρωτοκαθεδρίας,

125 1123 166 1149 ἔτι
180 1122 208 1149 δὲ
223 1123 406 1156 διδασκαλίας,
431 1124 478 1150 καὶ
504 1123 624 1158 ἰαμάτων
648 1123 776 1154 ἐκδόσεις.
807 1123 840 1149 Ἦ
861 1121 908 1150 οὖν

123 1169 210 1201 οὕτως
233 1169 399 1206 ἀπατωμένη
422 1169 495 1205 ψυχὴ
513 1169 651 1206 φθείρεται
671 1170 718 1196 καὶ
742 1169 904 1201 ἀπόλλυται,

125 1216 240 1250 δυσιάτῳ
254 1216 326 1243 ἕλκει
343 1216 486 1252 πληγεῖσα.

160 1261 204 1289 50.
225 1261 256 1288 Τί
272 1260 318 1289 οὖν
330 1262 370 1288 δεῖ
379 1263 474 1293 ποιεῖν,
487 1261 540 1288 τῶν
554 1261 679 1288 τοιούτων
694 1261 830 1296 λογισμῶν
840 1270 907 1297 παρ-

124 1305 223 1338 όντωνς
249 1306 441 1338 ’Δδιαλείπτως
455 1306 568 1342 μελετᾷν
578 1306 609 1332 τὸ
627 1305 698 1332 θεῖον
709 1307 796 1332 ἐκεῖνο
806 1305 904 1340 λόγιον,

125 1352 194 1386 ὅπερ
207 1352 221 1377 ὁ
233 1351 365 1386 μακάριος
381 1351 462 1378 Δαὸὶδ
476 1351 550 1384 ἐϐόα,
564 1351 649 1386 λέγων
663 1351 704 1377 τό·
720 1351 789 1386 Ἐγὼ
808 1350 842 1377 δέ
850 1352 908 1382 ειμι

125 1396 260 1430 σκώληξ,
274 1397 321 1424 καὶ
338 1398 393 1424 οὐκ
408 1396 571 1430 ἄνθρωπος.
591 1396 646 1424 Καὶ
664 1397 693 1422 ὲν
713 1396 798 1432 ἑτέρῳ
814 1396 904 1432 φησιν·

130 1443 200 1477 Ἐγὼ
211 1442 244 1469 δέ
255 1444 312 1478 ειμι
325 1443 363 1478 τῆ
376 1443 424 1469 καὶ
435 1443 558 1476 σποδός.
577 1443 635 1469 Ἔτι
647 1451 679 1477 γε
694 1443 746 1478 μὴν
761 1443 847 1470 καὶτὸ
860 1442 905 1469 τοῦ

129 1489 239 1515 Ἡσαΐου
248 1489 367 1516 ἀκουέτω
376 1490 451 1525 ῥῆμα
460 1489 490 1516 τὸ
497 1489 584 1523 λέγον,
592 1489 629 1520 ὠς
636 1488 722 1516 Πᾶσα
728 1488 904 1522 δικαιοσύνη
919 1503 941 1535 C

123 1535 419 1569 ἀνθρώπουώςράκος
427 1534 665 1569 ἁποκαθημένης.
676 1535 730 1561 Καὶ
741 1535 765 1560 εί
777 1535 825 1569 μὲν
840 1535 904 1561 ἁνα-

123 1580 247 1617 χωρούσῃ
253 1580 313 1608 καθ’
322 1580 419 1617 ἑαυτὴν
430 1581 454 1607 oi
461 1580 585 1616 λογισμοὶ
594 1576 667 1606 οὗτοι
676 1579 901 1616 παρεισέλθωσιν,

122 1627 152 1653 ὲν
161 1626 285 1661 κοινοὸίῳ
298 1625 470 1661 εἰσερχέσθω·
480 1625 674 1659 ἀναγκαζέσθω
686 1625 715 1651 δὲ
724 1625 770 1651 καὶ
778 1624 902 1661 δεύτερον

122 1672 222 1699 ἐσθίειν
237 1672 285 1707 τῆς
302 1672 416 1708 ἡμέρας,
436 1671 462 1698 ετ
483 1679 515 1705 γε
535 1671 567 1698 δι’
591 1670 741 1707 ὑπερὸολὴν
760 1671 902 1706 ἀσκήσεως

122 1718 208 1753 τούτῳ
227 1718 297 1744 ἑάλω
319 1717 358 1752 τῷ
372 1717 462 1744 πάθει·
485 1717 532 1744 καὶ
555 1716 631 1752 παρὰ
644 1717 698 1743 τῶν
714 1716 863 1751 συνηλίκων
875 1716 902 1742 δὲ

122 1764 302 1799 ὲπιτιμάσθω,
324 1763 371 1790 καὶ
390 1762 568 1795 όνειδιζέσθω,
583 1763 629 1790 καὶ
644 1761 814 1797 ὲπιτιμάσθω
837 1770 903 1796 σφο-

120 1810 201 1845 δρῶς,
213 1811 250 1842 ὡς
263 1810 344 1846 μηδὲν
356 1810 426 1845 μέγα
436 1810 601 1846 πράττουσα·
614 1809 702 1835 πᾶσαν
713 1809 742 1835 δὲ
752 1809 902 1844 ὑπηρεσίαν

122 1856 259 1883 ποιείσθω,
271 1856 501 1892 Προσαγέσθωσαν
511 1855 539 1882 δὲ
548 1855 594 1882 καὶ
607 1854 658 1889 βίοι
671 1854 756 1889 ἁγίων
769 1853 902 1889 ἐξοχώτα-

121 1911 161 1929 τοι
171 1903 210 1934 εἰς
223 1902 361 1938 ἐξήγησιν·
373 1902 561 1938 πειράσθωσαν
574 1901 602 1928 δὲ
616 1901 644 1928 αἱ
659 1901 833 1928 συνελθοῦσαι
843 1903 903 1928 ὲπι-

120 1948 216 1974 τείνειν
231 1948 333 1974 ἑαυτῶν
349 1949 411 1979 τοὺς
426 1947 521 1978 πόνους
534 1947 601 1982 πρὸς
616 1946 731 1982 ἄσκησιν
745 1946 795 1978 τὰς
811 1947 902 1980 ὀλίγας

120 1994 236 2030 ἡμέρας,
259 1994 326 2030 πρὸς
346 1994 377 2020 τὸ
399 1994 516 2029 ἐκείνην,
541 1993 710 2028 θεασαμένην
734 1993 764 2018 τὸ
789 1992 902 2028 μέγεθος

120 2040 174 2066 τῶν
185 2039 298 2075 ἀρετῶν,
316 2039 443 2067 ἐλάττονα
454 2040 500 2066 καὶ
514 2039 611 2074 ἑαυτὴν
623 2038 756 2074 ἡγεῖσθαι.

156 2085 200 2113 5i.
216 2086 379 2121 Προηγεῖται
389 2085 417 2111 δὲ
431 2086 480 2120 τῆς
494 2085 570 2111 νόσου
587 2084 687 2119 ταύτης
700 2084 792 2120 ἕτερον
805 2083 900 2114 κακὸν,

119 2133 137 2168 ή
147 2133 270 2168 παρακοὴ
278 2140 285 2146 ·
297 2132 358 2159 ὅθεν
373 2132 415 2158 διὰ
424 2131 471 2158 τοῦ
486 2131 607 2158 ἐναντίου
613 2130 663 2165 τῆς
676 2130 808 2164 ὑπακοῆς,
821 2129 900 2156 δυνα-

958 205 991 231 ad
1004 206 1144 240 angustias
1155 207 1275 242 undique
1288 208 1426 241 redactus,
1438 209 1622 238 inordinatum
1636 215 1739 238 motum

957 250 1055 278 animm
1068 251 1189 286 subjicit,
1203 252 1333 288 inﬂatque
1345 253 1419 281 illam
1434 258 1463 281 ut
1478 254 1635 284 indecenter
1647 258 1739 285 adver-

957 303 1004 324 sus
1020 303 1128 324 sorores
1152 297 1290 326 etl‘eratur.
1315 299 1398 327 Atrox
1415 303 1442 327 et
1456 301 1600 329 exitiosum
1625 307 1668 331 est
1687 303 1739 332 hoc

958 341 1107 370 adversarii
1123 344 1254 371 toxicum.
1270 344 1369 373 Multos
1383 346 1529 381 derepente
1541 348 1661 377 tenebris
1670 348 1739 377 εσυ.

958 394 1004 414 sos
1031 387 1082 415 hac
1112 390 1218 418 ratione
1244 391 1402 425 prostravit.
1435 391 1631 428 Cogitationem
1663 396 1737 423 enim

958 433 1079 467 spuriam
1104 441 1138 462 ac
1162 435 1288 463 lethalem
1313 437 1410 464 animae
1433 439 1564 473 suggerit,
1592 443 1621 467 ut
1642 448 1739 476 nempe

958 477 1009 504 sibi
1021 477 1142 506 videatur
1153 487 1184 507 ea
1195 482 1424 516 comprehendere
1435 491 1494 518 quae
1509 484 1585 511 multi
1602 485 1739 521 ignorant,

959 526 1040 558 Mue
1055 524 1081 551 in
1094 524 1207 560 jejuniis
1224 529 1386 556 antecellere
1405 537 1412 555 :
1429 533 1502 558 recte
1517 529 1651 558 factorum
1667 534 1739 561 mul-

957 570 1101 598 titudinem
1123 571 1227 606 objicit,
1244 575 1363 602 omnium
1381 581 1555 611 peccatorum
1572 580 1738 609 oblivionem

958 615 1073 649 inducit,
1089 621 1118 644 ut
1134 617 1265 646 adversus
1287 621 1377 648 socios
1397 623 1524 652 ell'eratur
1545 626 1646 654 animo.
1668 627 1739 655 Sub-

957 662 1032 689 ducit
1046 671 1079 690 ex
1092 668 1182 692 mente
1197 665 1294 693 delicta
1309 675 1316 693 :
1330 668 1402 702 quod
1414 676 1468 696 non
1479 670 1513 697 ad
1523 671 1583 705 ejus
1594 673 1738 702 utilitatem

957 712 1084 742 praestat;
1101 710 1148 737 sed
1163 718 1198 738 ne
1212 711 1334 746 proferre
1350 715 1436 748 possit
1456 716 1644 745 medicinalem
1665 719 1738 746 illam

959 761 1051 781 vocem
1065 763 1072 782 :
1089 754 1147 782 Tibi
1162 756 1211 783 soli
1227 758 1330 791 peccaui
1346 759 1365 791 ’,
1382 760 1505 787 miserere
1521 762 1581 794 mei,
1596 762 1706 791 Domine
1717 766 1737 792 '.

959 799 1014 828 Sed
1024 808 1074 828 nec
1089 801 1161 829 sinet
1175 811 1236 830 eum
1250 804 1341 833 dicere
1361 815 1367 832 :
1381 805 1530 841 Conﬁtebor
1543 808 1599 840 tibi,
1617 808 1738 842 Domine,

957 847 985 874 in
999 851 1052 874 toto
1069 848 1146 876 corde
1160 857 1214 876 meo
1225 850 1245 876 ³.
1259 850 1358 878 Verum
1371 852 1442 880 sicut
1453 854 1498 881 ille
1511 859 1600 884 mente
1611 856 1716 884 dixerat
1728 866 1736 884 :

957 893 1115 926 Amandum,
1137 901 1161 922 ct
1178 903 1274 930 ponam
1299 897 1419 924 thronum
1445 900 1572 934 meum‘;
1601 901 1638 928 ita
1666 902 1739 929 hunc

958 947 1067 975 quoque
1085 948 1154 968 vane
1176 942 1296 969 concitat
1316 943 1350 970 ad
1374 945 1544 979 principatus
1556 966 1563 978 ,
1582 947 1617 974 ad
1635 948 1739 982 primos

957 991 1115 1018 consessus,
1137 985 1256 1021 itemque
1276 986 1309 1014 ad
1333 988 1500 1023 magisteria,
1525 993 1552 1016 et
1573 990 1607 1017 ad
1627 992 1737 1019 morbos

957 1030 1070 1057 curandi
1095 1031 1231 1058 virtutem.
1257 1031 1354 1060 Anima
1371 1034 1463 1069 itaque
1478 1035 1511 1062 ad
1538 1035 1611 1063 hunc
1626 1038 1737 1064 modum

957 1075 1141 1104 circumventa
1159 1077 1186 1104 in
1204 1078 1353 1113 perniciem
1371 1084 1398 1107 et
1413 1081 1526 1108 exitium
1545 1082 1611 1115 ruit.
1625 1083 1670 1111 vix
1692 1091 1738 1112 sa»

957 1122 1040 1150 nabili
1056 1130 1187 1158 percussa
1201 1124 1323 1152 vulnere.

991 1253 1036 1281 50.
1053 1253 1123 1287 Quid
1141 1255 1224 1290 igitur
1240 1256 1405 1285 instantibus
1425 1249 1582 1293 liujusmodi
1597 1260 1738 1295 cogitatio-

957 1299 1037 1328 nibus
1053 1300 1206 1335 agendum?
1221 1301 1406 1331 lndesinenter
1420 1304 1605 1333 meditandum
1615 1307 1738 1334 divinum

956 1345 1023 1372 illud
1035 1347 1187 1379 oraculum,
1203 1348 1275 1382 quod
1289 1349 1385 1376 beatus
1402 1349 1485 1377 David
1499 1351 1553 1378 alta
1568 1359 1633 1379 voce
1648 1353 1739 1387 prole-

957 1391 1034 1419 rebat
1050 1400 1056 1418 :
1074 1391 1129 1426 Ego
1143 1401 1202 1420 sum
1215 1394 1307 1421 vermis
1322 1398 1346 1421 et
1362 1402 1414 1421 non
1432 1395 1509 1421 homo
1525 1397 1546 1422 ⁸.
1565 1395 1598 1422 Et
1612 1397 1666 1424 alio
1679 1397 1740 1425 loco

956 1438 1055 1465 dicitur
1069 1447 1074 1464 :
1088 1438 1143 1473 Ego
1161 1444 1247 1466 autem
1260 1447 1318 1466 sum
1332 1445 1402 1468 terra
1416 1446 1441 1468 et
1453 1442 1519 1469 cinis
1535 1443 1555 1468 '.
1572 1441 1740 1479 lnsuperque

957 1484 1064 1511 celebre
1078 1484 1146 1511 illud
1171 1484 1246 1513 Isaiae
1258 1485 1361 1514 dictum
1378 1496 1384 1514 :
1403 1486 1494 1515 Omnis
1502 1488 1610 1522 iustitia
1624 1489 1737 1517 hominis

956 1529 1024 1556 sicut
1049 1538 1153 1564 pannus
1183 1535 1351 1559 mammatae
1365 1532 1386 1560 ⁷.
1415 1532 1493 1566 Quod
1510 1534 1532 1561 si
1558 1535 1738 1569 cogitationes

955 1575 1110 1609 hujusmodi
1124 1577 1284 1604 adoriantur
1301 1585 1361 1605 eam
1375 1586 1436 1613 quae
1445 1579 1664 1607 anachoreticam
1677 1581 1738 1608 iniit

955 1621 1049 1655 vitam,
1068 1622 1235 1658 ingrediatur
1253 1623 1298 1651 illa
1323 1624 1351 1651 in
1374 1625 1546 1658 coenobium,
1570 1630 1738 1661 cogaturque

955 1668 997 1695 bis
1015 1668 1042 1695 in
1056 1669 1101 1696 die
1115 1669 1267 1702 comedere,
1288 1670 1312 1698 si
1331 1670 1440 1706 quidem
1465 1670 1501 1698 ob
1520 1671 1632 1698 nimiam
1658 1679 1736 1699 asce-

955 1714 996 1740 sin
1012 1714 1070 1741 sive
1087 1714 1231 1749 jejunium,
1252 1715 1378 1755 inciderit
1398 1715 1424 1743 in
1445 1716 1602 1752 bujusmodi
1618 1717 1714 1744 vitium
1729 1727 1736 1745 :

954 1763 1011 1786 tum
1028 1760 1061 1788 ab
1075 1761 1225 1796 aequalibus
1249 1762 1414 1797 increpctur,
1431 1769 1463 1791 ac
1481 1764 1653 1792 contumeliis
1677 1763 1736 1792 alli-

954 1806 1042 1833 eiatur
1058 1826 1066 1839 ,
1083 1814 1114 1834 ac
1127 1807 1151 1834 si
1165 1814 1262 1842 parum
1275 1809 1311 1835 sit
1322 1809 1394 1843 quod
1411 1808 1457 1836 illa
1473 1809 1559 1845 egerit
1575 1818 1582 1837 :
1597 1810 1737 1845 quodlibet

954 1853 1035 1880 obeat
1053 1853 1245 1886 ministerium,
1263 1854 1411 1882 oil‘erantur
1428 1855 1479 1890 ipsi
1497 1855 1558 1883 vita:
1576 1861 1736 1885 sanctorum

953 1899 1054 1933 pietate
1065 1899 1253 1927 eminentium.
1265 1900 1405 1928 Conentur
1419 1901 1526 1930 sodales
1541 1902 1602 1937 ejus
1616 1903 1735 1931 laborem

953 1945 1106 1979 disciplinae
1128 1953 1185 1972 suae
1201 1945 1304 1981 aliquot
1321 1946 1417 1974 diebus
1434 1954 1549 1982 augere;
1573 1952 1603 1975 ut
1621 1956 1737 1977 cernens

952 1991 1033 2026 627
1046 1991 1177 2018 virtutum
1198 1993 1393 2026 praestantiam,
1415 2001 1444 2020 se
1459 1994 1599 2021 minimam
1614 1995 1736 2022 omnium

952 2036 1097 2063 existimet.

987 2081 1032 2109 51.
1046 2081 1124 2110 Hunc
1139 2090 1222 2118 porro
1240 2084 1364 2111 morbum
1387 2085 1515 2119 praecedit
1537 2086 1611 2114 aliud
1625 2086 1733 2120 vitium,

953 2128 1161 2164 inobsequentia
1180 2139 1187 2157 :
1209 2130 1257 2158 sed
1275 2138 1323 2166 per
1346 2131 1511 2158 contrariam
1529 2131 1734 2166 obsequentiam

118 2179 164 2205 τὸν
180 2178 227 2214 τὴν
244 2177 413 2213 σηπεδονώδη
430 2177 515 2212 νομὴν
534 2177 584 2212 τῆς
599 2176 687 2212 ψυχῆς
705 2176 896 2212 περικαθᾶραι·

957 2176 1089 2211 putridum
1101 2177 1198 2204 anima:
1206 2177 1285 2204 ulcus
1301 2184 1399 2204 curare
1413 2177 1535 2205 valemus
1551 2187 1558 2205 :
1576 2176 1733 2205 Obedientia

125 2225 256 2258 ’Υπακοὴ
271 2224 337 2260 γὰρ,
349 2223 440 2258 φησιν,
454 2223 530 2257 ὑπὲρ
543 2222 663 2250 θυσίαν.

156 2271 199 2298 52.
216 2272 262 2298 Δεῖ
276 2267 322 2297 οὖν
339 2270 478 2305 καθαιρεῖν
495 2269 575 2303 ὄγκον
591 2267 669 2303 δόξης
686 2267 716 2294 ὲν
731 2266 819 2303 καιρῷ
830 2288 837 2299 ,
855 2267 902 2293 καὶ

119 2318 237 2344 ἐπαινεῖν
260 2317 288 2343 δὲ
306 2316 386 2343 πάλιν
406 2315 454 2342 καὶ
478 2313 626 2349 θαυμάζειν
643 2315 671 2339 ὲν
686 2312 785 2348 καιρῷ.
801 2313 832 2339 Ei
847 2311 902 2347 γὰρ

119 2363 221 2398 ἀμελὴς
243 2363 288 2389 καὶ¹
312 2361 403 2398 νωθρὰ
425 2361 522 2396 εὑρεθῇ
539 2361 557 2396 ἡ
579 2360 663 2394 ψυχὴ,
681 2359 720 2385 ἑτι
736 2367 768 2392 γε
786 2358 838 2394 μὴν
855 2358 902 2384 καὶ

118 2407 308 2442 ὑποναρκοῦσα
323 2408 363 2439 εἰς
379 2407 429 2442 τὴν
445 2405 491 2432 τοῦ
508 2404 589 2431 καλοῦ
609 2404 748 2439 προκοπὴν
758 2423 765 2436 ,
781 2404 901 2430 ἐπαινεῖν

117 2454 220 2489 ταύτην
236 2454 382 2489 προσήκει·
397 2453 444 2480 καὶ
457 2452 481 2478 εἰ
495 2451 591 2487 μικρὸν
608 2450 714 2484 ποιήσει
729 2458 756 2476 τι
772 2449 898 2484 χρηστὸν,

118 2500 266 2536 θαυμάζειν
293 2500 338 2526 καὶ
362 2499 545 2534 μεγεθοποιεῖν
575 2497 634 2523 δέον
661 2496 756 2530 αὐτὴν.
781 2495 836 2522 Καὶ
866 2495 901 2521 τὰ

119 2547 220 2582 σφοδρὰ
233 2547 280 2573 καὶ
292 2545 461 2581 ἀπάνθρωπα
479 2543 702 2579 πλημμελήματα
717 2542 755 2573 ὡς
772 2541 899 2575 ἐλάχιστα

117 2594 164 2620 καὶ
186 2592 316 2628 οὺδαμινὰ
338 2591 459 2618 λεκτέον·
483 2591 497 2616 ὁ
517 2589 571 2625 γὰρ
589 2587 720 2619 διάϐολος,
739 2586 898 2622 βουλόμενος

116 2640 202 2667 πάντα
230 2638 410 2674 διαστρέφειν,
439 2637 484 2664 ἐπὶ
513 2636 562 2671 μὲν
592 2634 646 2661 τῶν
675 2632 824 2660 σπουδαίων
851 2632 898 2658 καὶ

115 2685 270 2722 ἁσκητικῶν
288 2684 417 2720 κρύπτειν
430 2683 554 2718 πειρᾶται
564 2681 598 2708 τὰ
610 2679 794 2716 προγεγονότα
809 2679 898 2714 ἁμαρ-

951 2221 1034 2254 enim,
1052 2222 1152 2257 inquit,
1168 2221 1413 2256 supersacri/icium
1421 2222 1442 2249 ⁸.
1641 2243 1643 2245 .

984 2267 1029 2295 52.
1054 2268 1225 2303 Quapropter
1247 2268 1375 2295 convenit
1399 2267 1513 2303 gloriam
1537 2276 1587 2296 suo
1610 2273 1734 2305 tempore

950 2313 1080 2346 adimere,
1114 2314 1268 2349 iterumque
1296 2321 1347 2341 suo
1369 2319 1492 2349 tempore
1513 2315 1624 2343 laudare
1652 2319 1734 2350 atque

950 2357 1091 2386 admirari.
1108 2358 1137 2385 Si
1159 2359 1232 2386 enim
1248 2359 1338 2386 anima
1368 2360 1507 2395 negligens
1531 2361 1676 2396 segnisque
1692 2362 1734 2390 in-

951 2405 1085 2436 veniatur,
1099 2408 1125 2432 et
1135 2404 1169 2431 ad
1189 2404 1340 2438 profectum
1360 2404 1462 2433 desidia
1474 2410 1587 2440 torpeat.
1607 2408 1734 2435 convenit

950 2457 1009 2477 eam
1024 2450 1136 2477 laudare
1153 2453 1199 2478 :et
1207 2451 1230 2478 si
1238 2450 1347 2485 paulum
1364 2451 1428 2486 quid
1436 2451 1500 2478 boni
1517 2451 1733 2485 adlniserit,ml-

949 2496 1004 2522 rari
1023 2496 1095 2522 illam
1107 2499 1133 2523 et
1148 2496 1239 2531 magni
1252 2495 1342 2524 facere
1357 2499 1473 2531 oportet.
1490 2495 1588 2524 Gravia
1599 2501 1689 2525 autem
1706 2503 1733 2525 et

950 2541 1079 2568 immania
1096 2541 1206 2574 delicta,
1228 2541 1339 2568 minima
1361 2542 1518 2577 nulliusque
1543 2543 1674 2570 momenti
1693 2543 1734 2570 di~

951 2587 1046 2615 cenda.
1064 2587 1194 2615 Diabolus
1213 2587 1314 2622 quippe
1333 2588 1380 2622 qui
1399 2588 1491 2614 omnia
1509 2592 1631 2616 evertere
1647 2596 1732 2615 cona-

951 2634 1007 2662 tur,
1031 2629 1133 2657 sedulis
1153 2634 1181 2657 et
1205 2629 1361 2657 exercitatis
1390 2629 1509 2658 admissa
1534 2636 1644 2665 peccata
1675 2632 1734 2658 vult

951 2677 1099 2708 occultare,
1115 2683 1170 2711 quo
1184 2675 1212 2702 in
1227 2675 1268 2703 eis
1283 2675 1438 2710 superbiam
1457 2676 1597 2712 adaugent.
1618 2676 1734 2705 Novitiis

151 2765 159 2780 '
180 2764 251 2791 Psnl.
268 2771 299 2790 ι..
317 2763 344 2789 ὅ.
380 2763 390 2778 ¹
412 2760 482 2789 Psal.
500 2768 546 2791 νι,
563 2759 596 2792 5;
616 2766 659 2788 Ix,
680 2758 721 2784 lt.
761 2758 770 2773 ³
792 2756 863 2785 Psnl.
884 2763 898 2783 c

957 2755 977 2783 Ι.
1017 2756 1026 2771 ⁸
1046 2754 1097 2782 lsa.
1116 2763 1170 2788 xiv,
1192 2754 1234 2784 Η.
1273 2753 1284 2769 ⁵
1303 2753 1368 2781 Psal
1395 2762 1453 2787 xxt,
1470 2754 1497 2781 7.
1536 2754 1545 2769 ⁸
1566 2754 1634 2782 Gen.
1652 2762 1732 2788 xw",

111 2802 156 2827 ‘27.
195 2801 204 2815 ⁷
227 2801 268 2827 [sa
298 2806 371 2831 ωιιν,
390 2797 405 2823 6
453 2798 463 2810 ⁸
485 2794 495 2821 l
513 2795 577 2830 Heg.
596 2802 639 2826 xv,
657 2794 700 2819 ἐξ.
