1919 3064
193 94 261 123 ιδίθ

753 95 782 122 S.
803 92 1032 121 ATHANASIUS.
1053 108 1087 112 —
1106 93 1238 122 SPURIA.

1731 92 1791 121 ιδιι)

192 157 281 180 autem
314 152 456 179 animabus
484 159 545 187 quae
573 158 658 186 nuper
679 151 807 179 virtutem
834 150 959 177 adierunt

1023 152 1145 187 τήματα·
1175 151 1223 186 τὴν
1254 150 1306 186 γάρ
1331 150 1516 185 ὑπερηφανίαν
1531 150 1646 185 αὐξῆσαι
1662 149 1789 185 βούλεταιι

192 197 318 226 universa
337 202 449 233 peccata
467 197 503 225 ob
520 198 616 224 oculos
641 197 745 227 statuit,
767 203 821 231 quo
842 196 973 231 despera-

193 243 293 270 tionem
307 243 456 278 ingeneret.
475 242 544 269 Huic
565 242 685 277 suggerit
704 250 710 268 :
726 240 787 268 Tibi
805 248 866 276 quae
884 240 971 268 forni-

192 293 250 317 cata
265 298 305 320 es,
321 297 380 325 qua:
395 289 473 316 venia
491 288 692 324 exspectanda?
705 289 790 316 Alteri
805 289 890 316 dicit:
904 289 971 317 Cum

191 339 265 363 tanta
284 335 397 362 avaritia
415 335 546 364 tenearis,
561 334 619 361 tieri
635 335 729 369 nequit
738 338 767 361 ut
779 335 893 362 salutem
906 341 972 362 con-

191 387 317 416 sequare.
335 379 468 406 Caaterum
486 379 592 406 animas
614 379 686 406 hunc
703 379 729 406 in
752 379 861 407 modum
883 379 972 414 agita-

190 429 242 458 tas,
267 426 317 452 hac
340 425 446 452 ratione
469 424 566 459 hisque
586 425 678 452 verbis
698 429 804 459 oportet
823 424 969 452 consolari.

189 471 264 498 Baab
276 473 400 498 meretrix
415 470 475 502 fuit,
486 470 533 498 sed
545 477 592 505 per
605 470 683 497 tidem
696 475 775 497 nacta
787 474 828 498 est
837 470 968 498 salutem:

188 516 289 545 Paulus
307 520 464 552 persecutor
477 519 548 548 erat,
564 520 591 543 et
603 519 693 544 tamen
712 524 761 545 vas
776 515 918 544 electionis
929 514 970 543 εῖ-

189 564 276 591 fectus
284 568 341 591 est:
353 563 659 599 Matthzeuspublicanus
668 567 737 594 erat,
747 566 774 589 at
783 569 862 589 nemo
868 565 969 596 quanta

187 610 272 644 gratia
289 609 406 636 donatus
421 610 456 636 sit
466 609 588 644 ignorat:
607 609 678 635 latro
699 607 781 635 furtis
798 611 825 634 et
846 607 968 634 caedibus

187 653 294 681 deditus
309 657 379 685 erat,
394 653 442 681 sed
458 657 547 680 tamen
562 653 667 687 primus
681 652 786 686 aperuit
794 654 901 686 portam
917 658 967 685 pa-

186 698 281 726 radisi.
306 697 353 725 His
380 698 463 732 igitur
490 696 698 730 animadversis,
719 704 755 724 ne
778 696 899 722 animum
920 695 968 723 de-

187 743 333 779 spondeas.

220 789 262 816 55.
281 788 332 816 Ubi
360 793 450 816 autem
467 793 530 823 apta
554 787 750 822 commodaque
772 787 825 814 illis
846 786 966 814 remedia

1023 197 1067 223 ὲπὶ
1082 197 1109 223 δὲ
1125 196 1178 223 τῶν
1199 196 1332 232 νεηλὺδων
1347 197 1394 223 καὶ
1411 197 1575 232 ἁκροπαγῶν
1596 196 1698 231 ψυχῶν,
1715 196 1791 223 πάντα

1021 243 1055 269 τὰ
1070 243 1253 279 ἁμαρτήματα
1270 242 1358 269 αὐτῶν
1375 242 1427 277 πρὸ
1446 241 1591 277 ὀφθαλμῶν
1607 241 1721 276 τίθησιν.
1737 242 1792 277 Ἐμ-

1022 288 1111 315 6άλλει
1137 288 1191 324 γὰρ
1213 289 1280 323 αὑτῇ
1305 288 1357 321 ὅτι,
1383 289 1428 314 Σοὶ
1450 287 1620 323 πορνευσάσῃ
1644 287 1708 313 ποία
1725 288 1792 314 ἔσται

1022 334 1168 369 συγγνώμη
1179 343 1186 366 ;
1200 334 1253 361 Καὶ
1266 336 1298 370 τῇ
1310 334 1375 370 ἄλλῃ
1389 334 1484 370 φησίν·
1497 333 1575 360 Οῦτω
1585 342 1632 366 σου
1643 333 1792 367 πλεονεκτη-

1022 381 1116 416 σάσης,
1135 381 1263 408 ἀδύνατόν
1283 389 1311 407 σε
1329 380 1462 416 σωτηρίας
1477 381 1577 415 τυχεῖν.
1599 379 1654 410 Τάς
1671 377 1716 405 οὖν
1730 378 1793 405 οὕτω

1022 425 1200 460 σαλευομένας
1225 424 1312 460 ψυχὰς
1338 425 1546 460 παραμυθητέον
1567 423 1663 454 οὕτως’
1678 423 1718 449 δεῖ
1745 423 1792 459 γὰρ

1022 471 1087 506 πρὸς
1100 471 1183 503 αὑτὰς
1196 470 1266 498 οὕτω
1279 471 1376 505 λέγειν·
1386 470 1468 497 Ῥαὰϐ
1486 470 1570 505 πόρνη
1586 467 1629 504 ἦν,
1642 469 1697 496 ἀλλ’
1712 468 1792 504 ἐσώθη

1019 517 1063 544 διὰ
1076 517 1204 549 πίστεως·
1221 516 1324 548 Παῦλος
1337 516 1452 552 διώκτης
1465 515 1509 552 ἦν,
1526 515 1593 542 ἀλλὰ
1606 515 1700 548 σκεῦος
1723 516 1793 542 ἐκλο-

1020 563 1070 598 γῆς
1093 562 1202 597 γέγονε·
1227 563 1363 595 Ματθαῖος
1382 563 1500 598 τελώνης
1513 561 1556 598 ἦν,
1575 562 1632 588 ἀλλ’
1645 562 1732 593 οὐδεὶς
1749 562 1792 597 τὴν

1019 607 1097 643 χάριν
1114 608 1206 634 τούτου
1223 609 1328 642 ἀγνοεῖ·
1347 609 1393 635 καὶ
1409 609 1422 635 ό
1439 609 1540 644 λῃστὴς
1565 608 1647 635 ἐσύλα
1671 609 1718 634 καὶ
1735 608 1792 642 ἐφό-

1019 661 1104 684 νευεν,
1120 653 1186 680 ἀλλὰ
1209 654 1316 689 πρῶτος
1335 655 1382 690 τὴν
1398 655 1482 690 θύραν
1495 654 1594 689 ἀνέῳξε
1607 654 1654 681 τοῦ
1670 654 1791 689 παραδεί-

1018 707 1075 726 σου.
1089 699 1198 732 Τούτοις
1211 698 1257 727 οὖν
1268 701 1466 733 ἐνατενίζουσα,
1477 700 1513 736 μὴ
1527 699 1650 736 άπογνῷς
1660 701 1708 735 τῆς
1719 708 1792 726 σεαυ-

1015 745 1065 780 τῆς
1080 745 1180 780 ψυχῆςο

1050 790 1094 817 55.
1114 791 1188 817 Ἐπεὶ
1201 791 1229 817 δὲ
1241 791 1327 818 ταῦτα
1340 792 1451 823 ταύταις
1465 793 1590 828 εὑρήσεις
1612 791 1738 827 ἁρμόδια,
1753 790 1790 816 δεῖ

185 835 332 866 inveneris.
350 842 398 869 par
414 834 449 861 iis
474 841 535 868 qua
556 833 684 868 superbia
700 836 786 866 captae
805 836 868 859 sunt
886 831 959 858 adhi-

1015 837 1061 863 καὶ
1079 836 1134 863 τῶν
1150 838 1182 872 τῇ
1199 838 1373 873 ὑπερηφανίᾳ
1387 838 1571 874 ἁλισκομένων
1593 837 1727 864 ποιεῖσθαι
1745 837 1789 863 αὑ-

185 881 271 908 benda
286 881 391 907 curatio
406 884 455 908 est.
474 879 512 906 Ita
524 886 640 914 namque
650 885 709 906 eam
720 877 822 912 alloqui
834 881 940 912 oportet
952 886 959 904 :

184 926 319 959 Quorsum
343 926 467 953 inﬂaris?
480 926 520 952 An
539 925 605 960 quia
627 932 723 952 carnes
747 932 802 951 non
824 923 964 951 comedis?

184 973 229 999 alii
247 980 280 999 ne
297 972 398 1006 piscem
413 971 523 1007 quidem
539 971 639 998 vident.
653 970 731 1003 Quod
751 970 775 998 si
795 971 859 997 vino
877 969 962 996 absti-

183 1024 243 1050 nes,
258 1018 363 1052 respice
376 1017 445 1044 alios
461 1017 507 1052 qui
522 1024 556 1044 ne
572 1017 632 1043 oleo
645 1016 755 1051 quidem
776 1019 901 1042 utuntur.
915 1014 961 1042 Je-

181 1064 262 1098 junas
278 1071 364 1098 usque
381 1063 414 1090 ad
435 1063 596 1098 vesperam?
612 1062 751 1089 nonnullae
776 1062 846 1089 duos
871 1065 961 1089 tresve

182 1109 240 1136 dies
255 1109 283 1136 in
297 1109 349 1136 cibi
370 1108 535 1136 abstinentia
560 1108 724 1142 transigunt.
749 1106 875 1134 Forsitan
896 1107 961 1142 quia

182 1153 280 1181 balneo
296 1161 350 1181 non
373 1154 459 1181 uteris
484 1154 566 1180 altius
586 1153 678 1187 sapis?
700 1153 779 1179 multi
796 1160 858 1179 cum
878 1153 960 1179 etiam

179 1203 342 1234 agrotarent
356 1199 510 1239 nullatenus
524 1207 557 1226 eo
573 1203 638 1226 sunt
653 1198 707 1226 usi.
721 1197 758 1226 Te
771 1198 888 1225 fortasse
899 1198 960 1225 ideo

181 1245 335 1276 admiraris,
360 1245 424 1280 quia
448 1245 475 1272 in
503 1249 588 1272 matta
612 1244 718 1272 dormis
742 1247 769 1271 et
793 1245 824 1270 in-
849 1244 960 1271 cilicino

180 1290 411 1318 stramento?Alii
429 1294 519 1318 autem
536 1291 647 1318 assidue
662 1290 736 1317 humi
754 1290 865 1322 cubant,
887 1289 960 1324 quod

179 1336 286 1363 etiamsi
310 1340 340 1363 tu
363 1335 479 1368 faceres,
501 1344 556 1363 non
573 1336 664 1371 magni
688 1335 754 1372 quid
784 1339 857 1363 esset
873 1345 879 1362 :
895 1339 961 1362 sunt

178 1381 250 1409 enim
266 1381 407 1416 quietiam
424 1381 476 1409 sibi
491 1381 595 1416 lapides
608 1381 794 1415 subiecerunt,
819 1389 854 1408 ne
877 1381 959 1408 rebus

178 1426 349 1457 naturalibus
363 1434 425 1454 cum
449 1426 588 1462 voluptate
612 1426 778 1454 fruerentur.
803 1426 856 1453 Alii
874 1430 958 1454 totam

178 1476 286 1500 noctem
309 1472 435 1507 suspensi
458 1476 662 1508 transegerunt.
688 1471 742 1500 Sed
772 1472 880 1499 etiamsi
901 1472 959 1499 haec

177 1518 268 1545 omnia
281 1517 449 1553 designares,
467 1525 499 1545 ac
518 1525 674 1553 supremam
691 1518 813 1545 omnium
830 1518 959 1545 exercita-

178 1563 278 1591 tionem
294 1564 452 1598 attingeres,
467 1571 502 1591 ne
515 1572 642 1599 magnum
659 1564 760 1598 sapias.
778 1563 884 1590 Etenim
896 1563 954 1591 dae-

177 1616 272 1637 mones
288 1609 364 1644 plura
379 1617 461 1644 quam
480 1613 509 1636 tu
525 1610 711 1644 pmstiterunt
726 1612 753 1636 et
768 1614 896 1644 praestant
908 1609 959 1637 ho-

178 1655 284 1690 dieque.
312 1655 380 1682 Nan:
406 1663 495 1691 neque
515 1656 672 1687 comedunt,
684 1663 772 1690 neque
793 1656 959 1692 bibunt/gne-

176 1709 229 1736 que
257 1701 391 1728 connubia
416 1702 520 1735 ineunt,
549 1710 599 1729 nec
620 1701 759 1729 dormiunt
776 1711 782 1729 :
800 1702 855 1729 into
875 1703 957 1729 etiam

178 1747 206 1774 in
218 1747 317 1775 eremis
331 1747 432 1782 degunt
444 1768 451 1779 ,
467 1748 489 1775 si
502 1747 571 1776 forte
587 1752 615 1775 tu
625 1749 652 1775 iu
670 1748 801 1783 spelunca
817 1748 953 1781 habitans,

177 1792 267 1826 magni
280 1793 345 1826 quid
359 1798 487 1828 praestare
503 1794 551 1821 tibi
563 1793 691 1822 videaris.

211 1838 253 1865 54.
271 1838 317 1866 Sic
328 1839 412 1873 igitur
428 1840 617 1874 similibusque
629 1841 782 1869 rationibus
795 1840 956 1875 'poterimus

175 1885 327 1912 contrarios
339 1892 436 1912 curare
450 1886 571 1918 morbos,
589 1885 806 1921 desperationem
822 1890 849 1914 et
861 1893 957 1920 super-

175 1930 257 1956 biam.
276 1930 352 1957 Sicut
368 1931 440 1958 enim
455 1931 525 1966 ignis
539 1931 741 1959 vehementiore
754 1931 818 1959 ﬂatu
838 1931 957 1966 dissipa-

175 1980 218 2003 tus
232 1976 424 2011 exstinguitur,
438 1984 602 2012 rursumque
617 1977 679 2004 ﬂatu
688 1977 836 2005 destitutus
855 1978 957 2005 emori-

174 2027 230 2054 tur,
246 2022 283 2049 ita
300 2026 327 2050 et
342 2022 428 2050 virtus
444 2030 490 2057 per
507 2023 662 2057 superbiam
682 2024 780 2055 evolat,
799 2023 861 2050 licet
875 2030 954 2051 exer-

173 2069 301 2096 citatione
310 2069 460 2096 vehementi
470 2070 541 2096 culta
556 2069 654 2096 fuerit:
670 2077 834 2105 rursumque
849 2070 955 2096 incuria

173 2115 274 2143 bonum
300 2116 494 2150 corrumpitur.
510 2115 620 2150 quando
632 2115 665 2142 ad
691 2115 808 2143 aﬂlatum
836 2114 954 2149 Spiritus

1014 882 1062 917 τὴν
1078 882 1126 918 τὴν
1141 883 1296 918 θεραπείαν.
1312 884 1427 910 Φάσκειν
1442 884 1495 919 γὰρ
1511 884 1551 910 δεῖ
1566 883 1633 919 πρὸς
1650 883 1746 917 αὑτήνσ
1762 881 1792 908 Τί

1014 928 1170 962 φυσιοῦσαις
1191 928 1233 959 Ὡς
1256 928 1324 964 κρέα
1341 928 1378 964 μὴ
1399 928 1627 961 ὲσθίουσα;ἆλλοι
1648 927 1707 954 οὐδὲ
1723 926 1793 961 ἰχθὺν

1013 975 1105 1010 ὁρῶσι,
1121 975 1175 1002 ΚαὶΙ
1200 975 1223 1001 εί
1240 973 1310 1002 οἶνον
1324 976 1354 1001 οὐ
1382 976 1478 1008 πίνεις,
1495 976 1647 1010 σκόπησον,
1664 975 1701 1006 ὡς
1724 974 1792 1000 ἄλλοι

1012 1019 1073 1046 οὗτε
1087 1020 1175 1047 ἔλαιον
1196 1019 1341 1047 ἐσθίουσιν.
1360 1021 1432 1052 Ἕως
1443 1021 1491 1056 ὀψὲ
1504 1021 1661 1056 νηστεύεις;
1679 1020 1753 1047 ἄλλαι
1766 1019 1794 1046 δὲ

1011 1063 1058 1090 δύο
1082 1065 1129 1090 καὶ
1148 1066 1222 1100 τρεῖς
1236 1065 1341 1100 ἡμέρας
1358 1065 1536 1092 συνάπτουσιν
1551 1065 1650 1092 ἄσιτοι.
1671 1063 1738 1090 Ἀλλ’
1754 1064 1792 1090 ὅτι

1011 1109 1041 1135 οὐ
1056 1109 1119 1144 λοὺῃ
1143 1110 1213 1144 μέγα
1231 1111 1354 1146 φρονείςς
1371 1110 1462 1136 πολλοὶ
1483 1111 1529 1137 καὶ
1550 1110 1594 1137 διὰ
1607 1110 1690 1141 πάθος
1705 1117 1794 1144 σωμα-

1010 1153 1084 1180 τικὸν
1103 1154 1156 1180 οὐδ’
1171 1154 1238 1186 ὅλως
1259 1154 1344 1190 τούτῳ
1369 1155 1526 1190 ἐχρήσαντο.
1545 1154 1625 1181 Ἀλλὰ
1649 1152 1794 1189 θαυμάζεις

1013 1199 1135 1233 σεαυτὴν,
1149 1199 1189 1225 ὅτι
1215 1200 1243 1225 ὲν
1269 1199 1407 1235 χαραδρὶῳ
1421 1199 1570 1231 καθεύδεις,
1585 1200 1632 1225 καὶ
1649 1200 1677 1226 ὲν
1688 1199 1795 1235 τριχίνῃ

1012 1246 1140 1280 στρωμνῇ
1152 1253 1159 1277 ;
1175 1244 1253 1272 ἄλλαι
1266 1245 1294 1271 δὲ
1309 1245 1472 1280 χαμευνοῦσι
1485 1244 1697 1281 διηνεκῶς-,Ἀλλ’
1711 1245 1735 1270 εί
1748 1244 1793 1270 καὶ

1010 1289 1088 1316 τοῦτο
1109 1291 1259 1325 ποιήσειας,
1274 1290 1348 1316 οὐδὲν
1368 1290 1452 1326 μέγαο
1471 1291 1542 1322 τινὲς
1562 1291 1615 1326 γὰρ
1638 1290 1684 1317 καὶ
1705 1290 1794 1322 λίθους

1011 1336 1121 1367 ἑαυταῖς
1140 1335 1284 1368 ὑπέϐαλον,
1299 1335 1367 1371 πρὸς
1377 1336 1407 1362 τὸ
1425 1336 1461 1371 μὴ
1475 1336 1535 1362 καθ’
1548 1336 1641 1371 ἡδονὴν
1655 1336 1709 1362 τῶν
1718 1344 1793 1370 φυσι-

1011 1381 1066 1408 κῶν
1080 1383 1170 1416 τυχεῖν
1179 1390 1186 1397 ·
1202 1381 1276 1408 ἄλλοι
1291 1381 1319 1408 δὲ
1332 1381 1379 1408 καὶ
1390 1382 1546 1417 ἐκρέμασαν
1562 1383 1674 1414 ἑαυτοὺς
1686 1382 1719 1409 δι’
1731 1381 1795 1417 ὅλης

1010 1427 1060 1463 τῆς
1073 1427 1178 1458 νυκτός.
1198 1427 1265 1454 Ἀλλ’
1278 1429 1302 1454 εἰ
1319 1428 1366 1454 καὶ
1381 1428 1467 1454 ταῦτα
1483 1428 1571 1455 πάντα
1587 1429 1736 1463 ποιήσειας,
1745 1428 1794 1454 και

1011 1472 1060 1508 τὴν
1072 1473 1224 1508 ἀκροτάτην
1234 1473 1347 1509 ἄσκησιν
1360 1474 1552 1505 ὲπιτελέσειας,
1566 1474 1602 1509 μὴ
1616 1473 1684 1508 μέγα
1696 1473 1795 1508 φρονή-

1011 1526 1061 1554 σῃς
1070 1526 1077 1532 '
1095 1520 1140 1546 καὶ
1154 1519 1207 1556 γὰρ
1221 1519 1256 1546 τὰ
1270 1519 1394 1554 δαιμόνια
1408 1519 1492 1546 πλείω
1502 1520 1556 1546 τῶν
1567 1520 1620 1546 σῶν
1630 1520 1794 1555 πεποιήκασι

1011 1564 1058 1590 καὶ
1072 1564 1201 1591 ποιοῦσιν
1215 1564 1277 1592 οὔτε
1291 1565 1345 1601 γάρ
1358 1565 1501 1596 ἐσθίουσιν,
1517 1564 1578 1592 οὗτε
1594 1559 1793 1597 πίνουσιν,οῦτε

1009 1609 1152 1645 γαμοῦσιν,
1180 1609 1241 1637 οὔτε
1261 1611 1404 1637 ὑπνοῦσιν·
1429 1610 1500 1637 άλλά
1515 1611 1561 1637 καὶ
1586 1611 1614 1637 ἐν
1638 1611 1732 1646 ἐρήμῳ
1754 1610 1795 1637 δι-

1009 1655 1130 1689 άγουσιν,
1143 1655 1170 1682 εί
1179 1665 1209 1690 γε
1220 1657 1267 1683 καὶ
1279 1657 1308 1684 ὲν
1322 1656 1445 1692 σπηλαίῳ
1459 1657 1569 1684 οἰκοῦσα
1582 1657 1670 1688 δοκεῖς
1683 1657 1754 1692 μέγα
1766 1665 1795 1684 τι

1009 1702 1105 1728 ποιεῖν.

1043 1842 1087 1869 54.
1099 1841 1178 1868 Οῦτω
1195 1841 1244 1876 μὲν
1255 1840 1311 1874 οὖν,
1327 1841 1374 1868 καὶ
1387 1841 1419 1867 ὲκ
1433 1841 1558 1868 τοιούτων
1577 1841 1723 1876 λογισμῶν,
1745 1841 1792 1869 δυ-

1007 1887 1084 1915 νατὸν
1102 1887 1227 1914 ἰάσασθαι
1241 1887 1275 1913 τὰ
1289 1886 1397 1913 ἐναντία
1413 1887 1484 1922 πάθη
1494 1896 1500 1902 ·
1520 1887 1570 1922 τήν
1584 1895 1614 1913 τε
1635 1887 1794 1921 ἀπόγνωσιν

1006 1933 1077 1968 λέγω
1089 1934 1134 1960 καὶ
1142 1933 1190 1969 τὴν
1204 1932 1400 1969 ὑπερηφανίαν.
1416 1933 1518 1968 Ὥσπερ
1535 1932 1589 1968 γὰρ
1607 1932 1727 1968 σφοδρῶς
1740 1934 1789 1959 ὲκ-

1007 1980 1165 2016 φυσώμενον
1194 1979 1259 2015 πῦρ,
1284 1978 1540 2014 διασκορπιζὸμενον
1570 1978 1725 2010 ἀπόλλυται,
1742 1979 1794 2005 καὶ

1009 2025 1046 2060 μὴ
1057 2024 1135 2059 τυχὸν
1150 2024 1177 2051 δὲ
1191 2024 1344 2059 πνεύματος
1357 2023 1437 2050 πάλιν
1451 2023 1588 2060 φθείρεται
1598 2032 1604 2038 ·
1623 2023 1693 2050 οὕτω
1707 2024 1755 2050 καὶ
1772 2025 1793 2059 ἡ

1006 2070 1089 2106 ἀρετὴ
1104 2070 1252 2104 ἀφίπταται
1271 2068 1302 2095 δι’
1317 2068 1477 2104 ὑπεροψίαν,
1488 2069 1540 2095 κᾶν
1557 2068 1656 2104 πολλὴν
1676 2069 1792 2103 σφοδρό-

1005 2125 1074 2151 τητα
1088 2116 1229 2151 ἀσκήσεως
1246 2113 1324 2149 λάϐῃ·
1334 2115 1380 2140 καὶ
1390 2114 1528 2150 φθείρεται
1544 2113 1572 2140 δὲ
1587 2114 1667 2141 πάλιν
1679 2113 1708 2146 ἐξ
1721 2110 1794 2149 ἁμε-

173 2160 260 2188 sancti
274 2168 327 2188 non
344 2168 481 2188 movemus
508 2161 702 2196 nosmetipsos.
718 2161 831 2195 Gladius
855 2164 952 2188 acutus

1012 2162 1078 2194 ιείας
1102 2162 1131 2188 τὸ
1154 2160 1245 2193 καλὸν,
1261 2161 1323 2186 ὅταν
1341 2160 1400 2194 μηδ’
1415 2159 1482 2190 ὅλως
1496 2160 1649 2195 κινήσωμεν
1676 2160 1795 2191 ἑαυτοὺς

172 2205 250 2234 facile
268 2213 283 2232 a
294 2207 382 2241 lapide
393 2207 584 2242 coulringitur,
596 2207 796 2241 vehemensque
807 2207 951 2242 disciplina

170 2256 197 2279 et
211 2252 380 2284 exercitatio,
393 2253 467 2280 brevi
480 2260 528 2287 per
545 2253 698 2288 superbiam
714 2253 741 2280 in
758 2253 871 2280 exitium
884 2253 949 2280 ruit.

170 2298 340 2334 Quapropter
366 2299 473 2334 expedit
490 2299 608 2326 animam
631 2299 750 2334 undique
769 2299 893 2330 munire,
919 2306 952 2326 ac

170 2352 323 2378 supremam
345 2345 452 2371 ascesin
468 2351 483 2370 a
500 2345 634 2379 superbia:
649 2349 717 2373 aestu
741 2349 879 2379 perustam
904 2344 952 2372 de-

169 2390 276 2417 mittere
301 2389 328 2416 in
346 2390 474 2417 umbrosa
495 2390 553 2416 loca
571 2399 578 2416 :
595 2389 787 2424 interdumque
814 2388 950 2424 superﬂua

169 2438 320 2469 amputare,
335 2442 389 2470 quo
404 2433 489 2461 radix'
500 2439 618 2470 vegetior
634 2429 776 2462 elﬁciatur.

201 2572 246 2600 55.
261 2571 313 2605 Qui
329 2579 393 2600 vero
413 2572 603 2607 desperatione
619 2571 737 2606 capitur,
763 2571 948 2606 compellatur

165 2618 303 2653 praedictis
314 2618 482 2653 argumentis
493 2626 603 2645 sursum
613 2618 732 2645 tendere.
742 2616 839 2643 Anima
847 2616 947 2652 quippe

166 2671 226 2698 quae
240 2670 318 2691 terra:
334 2664 456 2695 inhaeret,
468 2664 532 2691 vilis
544 2664 705 2698 abjectaque
719 2667 770 2690 est.
784 2662 858 2690 Sane
873 2663 947 2698 agri-

165 2709 286 2735 colarum
300 2710 484 2740 solertissimi,
497 2717 559 2737 cum
573 2710 691 2737 viderint
703 2710 822 2744 plantam
836 2715 946 2736 tenuem

164 2757 191 2779 et
205 2753 348 2786 inﬁrmam,
363 2755 437 2790 large
452 2755 576 2791 irrigant,
597 2756 737 2790 multaque
760 2754 945 2783 sollicitudine

165 2798 264 2834 fovent,
280 2804 308 2827 ut
323 2804 498 2836 augmentum
522 2801 647 2836 accipiat.
664 2800 776 2833 Quoties
796 2803 887 2828 autem
915 2800 943 2828 in

1003 2208 1070 2244 πρὸς
1090 2207 1218 2243 ριπισμδν
1242 2206 1288 2232 τοῦ
1307 2205 1378 2231 θείου
1395 2204 1565 2240 ιΠνεύματος.
1588 2204 1716 2239 Μάχαιρα
1737 2204 1792 2230 ἑπ-

1001 2261 1088 2287 ακμος
1097 2252 1194 2287 ῥᾳδίως
1208 2251 1259 2277 ὑπὸ
1268 2250 1340 2277 λίθου
1351 2249 1516 2284 κατάγνυται
1526 2258 1532 2264 ⁸
1545 2250 1591 2276 καὶ
1603 2250 1716 2285 ἄσκησις
1728 2250 1794 2276 ἑπι-

1001 2297 1136 2333 τεταμένη
1148 2297 1285 2331 συντόμως
1296 2296 1328 2322 ὲκ
1339 2295 1385 2322 τοῦ
1402 2295 1654 2331 ὑπερηφανεύεσθαι
1669 2294 1794 2321 ἀπόλλυ-

1000 2352 1056 2370 ται.
1077 2342 1158 2369 Ὅθεν
1187 2342 1320 2378 προσήκει
1342 2341 1508 2376 πανταχόθεν
1526 2340 1720 2375 ἀσφαλίςεσθαι
1737 2340 1792 2376 τὴν

1000 2388 1098 2424 ψυχὴν,
1113 2388 1159 2415 κα)⁸
1176 2388 1226 2423 τὴν
1247 2386 1399 2423 ἀκροτάτην
1412 2386 1525 2421 ἄσκησιν
1538 2387 1570 2413 ἐκ
1580 2385 1627 2412 τοῦ
1647 2386 1794 2418 καύσωνος

999 2435 1048 2470 τῆς
1063 2433 1252 2469 ὑπερηφανίας
1274 2432 1487 2469 περικαιομένην
1509 2430 1696 2466 ὑποκάμπτειν
1717 2431 1793 2467 πρὸς

999 2481 1062 2511 τοὺς
1086 2478 1209 2511 σκιώδεις
1232 2478 1340 2510 τόπους,
1355 2477 1411 2504 ἐσθ’
1426 2477 1471 2504 ὄντε
1491 2476 1538 2503 καὶ
1558 2475 1730 2511 περιτέμνειν
1752 2476 1793 2502 τὰ

999 2524 1125 2562 περιττὰ,
1141 2524 1209 2560 πρὸς
1221 2523 1252 2550 τὸ
1269 2523 1318 2559 τὴν
1340 2523 1418 2558 ῥίζαν
1434 2521 1629 2557 εὑθαλεστέραν
1644 2520 1790 2555 γενέσθαι.

1035 2571 1078 2598 55.
1098 2571 1150 2598 Τὸν
1166 2570 1195 2597 δὲ
1219 2571 1252 2606 τῇ
1275 2568 1427 2603 ἀπογνώσει
1446 2566 1630 2604 ¹ιὲιλισκόμενον
1653 2566 1791 2602 άνωρεπῆ

999 2615 1138 2651 βιάζεσθαι
1162 2616 1249 2642 ποιεῖν
1269 2615 1324 2645 τοῖς
1342 2611 1550 2648 προειρημένοις
1568 2609 1716 2645 λογισμοῖς.
1728 2611 1792 2637 Καὶ

997 2662 1052 2698 γὰρ
1068 2661 1168 2698 σφόδρα
1185 2662 1202 2696 η
1216 2659 1287 2694 ψυχὴ
1306 2657 1475 2693 χαμαιπετὴς
1490 2657 1627 2691 τυγχάνει.
1644 2656 1698 2682 Καὶ
1715 2656 1791 2690 γοῦν

996 2709 1051 2735 τῶν
1066 2707 1207 2743 γεηπόνων
1230 2707 1255 2732 οἱ
1274 2706 1390 2741 ἄριστοι,
1406 2703 1515 2731 ἐπειδὰν
1534 2703 1616 2738 φυτὸν
1631 2703 1717 2739 βραχὺ
1736 2704 1792 2729 καὶ

996 2754 1106 2785 ἀσθενὲς
1122 2753 1279 2783 θεάσωνται,
1297 2751 1436 2783 ποτίζουσι
1459 2749 1586 2784 δαψιλῶς,
1611 2749 1658 2776 καὶ
1683 2749 1793 2783 ἐπιμε-

995 2799 1068 2830 λείας
1083 2797 1182 2833 πολλῆς
1193 2796 1298 2830 ἀξιοῦσι
1309 2795 1377 2831 πρὸς
1389 2795 1421 2822 τὸ
1435 2794 1594 2830 αὐξηθῆναι.
1615 2792 1742 2819 Ἐπειδὰν
1755 2792 1791 2819 δὲ
1807 2811 1810 2814 .
