1919 3064
149 214 214 242 1521

699 215 776 242 VITA
793 215 938 243 SANCTE
961 214 1197 246 SYNCLETIL‘E.

1691 221 1759 248 {5‘22

148 275 177 301 ὲν
191 273 266 310 φυτῷ
280 275 402 310 πρὸωρον
418 274 534 309 βλάστην
548 273 708 305 θεάσωνται,
724 274 923 310 περιτέμνουσα

983 275 1075 309 planta
1096 277 1287 312 conspexerint
1320 285 1467 312 praecocem
1487 278 1636 310 surculum,
1661 285 1758 312 super-

147 320 224 346 αὑτοὶ
238 319 271 346 τά
286 321 408 355 περιττά·
426 319 496 354 φιλεῖ
516 319 569 354 γὰρ
591 319 678 346 ταῦτα
698 320 812 354 ἑτοίμως
837 319 929 354 ξηραί-

147 366 248 393 νεσθαι.
265 366 319 392 Καὶ
335 365 434 401 ἰατρῶν
447 366 475 392 δὲ
487 366 580 396 παῖδες
600 365 675 396 τινὰς
694 364 743 400 μὲν
765 364 819 391 τῶν
840 363 928 400 ἀῤῥώ-

148 421 216 439 στων
228 413 355 448 τρέφουσι
370 412 496 447 δαψιλῶς,
508 412 555 438 καὶ
569 411 636 447 πρὸς
650 411 798 446 περίπατον
813 410 928 446 προτρέ-

147 467 259 485 πονται·
282 458 391 494 ἐτέρους
410 458 438 485 δὲ
462 457 646 493 δεσμεύοντες,
662 456 770 487 ἀσίτους
794 455 839 482 ἐπὶ
860 455 927 483 πολὺ

146 514 163 540 φ
168 505 278 532 υλάττου
283 513 333 531 σιν.

182 562 226 589 56.
241 561 358 596 Φανερὸν
372 558 418 587 οὗν
434 561 517 592 ἐστιν,
537 558 576 591 ὡς
606 559 731 595 μέγιστον
751 559 780 585 έν
798 558 892 590 κακοῖς
910 558 927 594 ἡ

146 608 319 644 ὑπερηφανία
332 607 475 642 τυγχάνει·
493 607 539 633 καὶ¹
557 604 636 632 τοῦτο
649 605 782 632 δείκνυσιν
796 604 882 638 αὐτῆς
896 603 927 631 τὸ

145 654 304 689 ἐναντίον,ή
323 652 565 688 ταπεινοφροσύνη.
590 651 724 687 Δυσχερές
739 651 797 676 ὲστι
824 650 927 685 κτήσα-

145 700 206 727 σθαί
222 708 283 726 τινα
312 699 362 735 τὴν
378 697 635 734 ταπεινοφροσύνην.
651 697 683 723 Et
697 696 733 732 μὴ
750 695 804 730 γάρ
816 704 858 730 τις
874 695 927 722 πά-

145 756 193 782 σης
204 746 282 781 δόξης
298 745 375 776 ὲκτὺς
387 745 508 779 γένηται,
523 743 616 770 τούτου
627 742 673 770 τοῦ
687 742 821 778 θησαυροῦ
838 741 928 776 τυχεῖν

142 793 173 819 οὐ
190 793 343 827 δυνήσεται.
369 790 447 817 Οὕτω
467 790 496 817 δέ
522 791 579 817 ἐστι
595 788 699 825 μεγάλη
718 789 734 823 ἡ
750 795 927 823 ταπεινοφρο-

144 838 221 873 σύνη,
230 838 266 869 ὡς
282 837 371 868 πάσας
386 835 435 868 τὰς
447 836 547 872 ἀρετὰς
564 834 702 871 μιμεῖσθαι
714 835 800 861 δοκεῖν
813 834 858 860 τὸν
872 833 928 860 διά-

143 884 229 916 δολον,
237 882 337 918 ταύτην
350 882 378 909 δὲ
392 882 458 917 μηδὲ
472 881 570 908 εἰδέναι
585 881 612 907 τί
623 880 690 912 ὅλως
705 880 789 906 ἐστίν.
804 878 888 910 Εἰδὼς
899 878 928 905 δὲ

142 929 226 964 αὐτῆς
243 928 272 954 τὸ
288 927 406 962 ἀσφαλὲς
429 927 475 953 καὶ
497 927 603 961 ἑδραῖον
619 926 634 952 ὁ
663 923 821 955 ἀπόστολος,
845 930 928 958 προσ-

141 974 232 1000 τάττει
259 974 324 1008 ἡμῖν
362 972 464 1008 ταύτην
489 971 725 1007 ὲγκομϐώσασθαι,
744 970 793 996 καὶ
824 969 927 1000 πάντας

142 1020 283 1051 ποιοῦντας
302 1019 336 1046 τὰ
359 1017 495 1054 ὲτιωφελῆ,
511 1018 613 1053 ταύτην
633 1015 850 1053 περιϐάλλεσθαι.
868 1015 927 1042 Κᾶν

141 1075 170 1093 τε
185 1066 239 1102 γὰρ
253 1065 395 1101 νηστεύῃς,
410 1065 460 1092 κᾶν
475 1073 504 1091 τε
521 1064 608 1100 ὲλεῇς,
632 1063 682 1091 κάν
699 1072 729 1090 τε
743 1063 884 1097 διδάσκῃς·
902 1061 926 1088 ει

141 1113 170 1139 δὲ
188 1114 234 1139 καὶ
248 1112 362 1148 σώφρων
381 1111 517 1147 τυγχάνῃς
533 1111 580 1138 καὶ
594 1111 712 1142 συνετὸς,
730 1109 810 1136 πάλιν
825 1108 926 1143 ταύτην

141 1159 201 1185 ἀντὶ
212 1158 311 1193 τοιχίου
324 1157 459 1194 ἀρῤαγοῦς
473 1157 579 1193 σεαυτῷ
594 1153 927 1192 παράστησον.Σφιγγέτω

142 1212 187 1231 σου
215 1204 261 1230 καὶ
280 1205 413 1239 συνεχέτω
430 1211 477 1230 σου
493 1203 543 1235 τὰς
563 1203 662 1238 ἀρετὰς
675 1201 743 1237 αὕτη
758 1202 775 1237 ἡ
796 1199 926 1234 καλλίστη

140 1249 193 1276 τῶν
218 1249 330 1276 ἁπασῶν
352 1248 471 1284 ἀρετῶν,
490 1249 507 1284 ἡ
522 1247 765 1284 ταπεινοφροσύνῃ.
785 1247 865 1283 Ὁρᾷς
880 1247 927 1273 καὶ

139 1295 189 1330 τὴν
204 1295 258 1321 τῶν
274 1294 357 1328 ἁγίων
371 1294 454 1330 τριῶν
478 1294 582 1320 παίδων
597 1292 771 1329 ὑμνολογίαν,
784 1291 858 1323 ὅπως
872 1291 926 1318 τῶν

139 1341 226 1368 ἄλλων
242 1340 346 1376 ἀρετῶν
360 1340 390 1366 οὐ
407 1340 476 1367 πάνυ
493 1349 519 1366 τι.
537 1338 783 1376 μνημονεύσαντες,
798 1337 861 1369 τοὺς
876 1346 926 1364 τα-

140 1386 246 1417 πεινοὺς
264 1387 311 1412 σὺν
326 1387 381 1417 τοῖς
396 1385 510 1421 ὑμνοῦσι
526 1384 826 1420 συγκατηριθμήσαντο,
840 1382 878 1419 μὴ
888 1383 926 1410 εί-

140 1432 253 1467 ρηκὸτες
275 1431 443 1468 σώφροναςῆ
458 1432 626 1467 ἀκτήμονας.
639 1431 744 1466 ’Ὠσπερ
760 1429 814 1465 γὰρ
829 1429 927 1457 ἀδύνα-

139 1487 184 1505 τον
196 1479 260 1505 ναῦν
276 1479 359 1514 χωρὶς
372 1478 444 1513 ἥλων
459 1477 724 1512 κατασκευασθῆναι,
735 1476 820 1508 οὕτως
830 1475 926 1503 ἀδύνα-

139 1534 184 1552 τον
200 1525 316 1560 σωθῆναι
328 1525 412 1561 χωρὶς
425 1524 682 1559 ταπεινοφροσύνης.

173 1582 216 1610 5'1.
230 1583 290 1609 ’Ότι
303 1582 332 1608 δὲ
345 1581 433 1617 ἀγαθὴ
445 1581 491 1608 καὶ
503 1581 634 1616 σωτήριος
644 1579 780 1614 πέφυκεν,
792 1578 923 1614 ὸΚύριος,

978 319 1031 347 ﬂua
1047 329 1161 356 quaeque
1182 321 1358 356 detruncant;
1383 323 1471 350 solent
1484 323 1617 358 siquidem
1634 323 1685 350 illa:
1704 324 1760 350 cito

977 373 1111 395 arescere.
1123 368 1218 396 Medici
1231 373 1321 396 autem
1336 369 1420 404 628
1435 373 1597 405 aegrotorum
1614 370 1683 397 alios
1703 370 1759 397 lar-

977 412 1053 447 giore
1066 414 1126 441 cibo
1142 415 1228 446 alunt,
1249 419 1276 442 et
1300 415 1334 442 ad
1355 415 1604 443 deambulationem
1619 415 1756 448 invitant;

978 456 1046 485 alios
1057 458 1164 487 vinctos
1178 459 1280 488 diutius
1295 461 1324 488 in
1342 461 1504 488 abstinentia
1519 461 1651 489 detinent.

1013 559 1056 587 56.
1080 559 1171 587 Palam
1189 560 1272 596 igitur
1291 565 1333 589 est
1356 561 1489 588 malorum
1512 569 1667 596 supremum
1697 569 1758 589 esse

977 605 1287 642 superbiamzilludque
1313 607 1472 642 comprobat
1494 607 1595 634 bonum
1621 608 1672 642 ipsi
1691 615 1758 634 con-

976 651 1092 678 trarium
1110 651 1257 679 humilitas.
1274 651 1349 679 Hanc
1364 659 1445 687 porro
1463 653 1570 687 assequi
1586 653 1694 680 diﬂicile
1704 657 1756 680 est.

976 696 1034 725 Nisi
1049 697 1121 725 enim
1134 698 1196 733 quis
1213 698 1322 725 inanem
1345 705 1452 726 omnem
1478 698 1591 733 gloriam
1615 699 1756 734 abiecerit,

977 743 1050 772 hunc
1066 744 1189 772 nancisci
1212 744 1372 772 thesaurum
1388 751 1442 771 non
1457 744 1567 771 valebit.
1590 743 1638 771 Est
1658 744 1758 780 quippe

978 789 1045 817 adeo
1059 797 1157 825 magna
1171 790 1259 817 virtus
1276 790 1427 822 humilitas,
1442 793 1473 817 ut
1494 790 1620 818 diabolus
1644 794 1758 818 caeteras

977 834 1084 869 quidem
1097 834 1213 862 virtutes
1229 834 1355 863 videatur
1365 835 1475 866 imitari,
1486 835 1557 862 hanc
1569 842 1635 862 vero
1650 836 1757 862 nesciat

977 880 1043 915 quid
1059 880 1171 908 omnino
1183 881 1228 909 sit.
1252 879 1369 909 Proinde
1385 881 1445 916 ejus
1462 881 1627 909 soliditatem
1654 882 1759 909 stabili-

977 929 1114 961 tatemque
1130 934 1192 954 cum
1207 927 1290 954 sciret
1316 927 1468 962 apostolus,
1484 926 1607 962 praecipit
1631 927 1710 956 nobis
1727 931 1758 955 ut

977 970 1123 998 iuduamus
1139 971 1320 999 humilitatem
1332 972 1354 1004 ’,
1371 976 1525 1007 cunctaque
1539 972 1616 999 utilia
1630 977 1755 1008 agentes,

975 1023 1035 1043 eam
1049 1017 1124 1043 velut
1135 1017 1264 1045 amictum
1284 1018 1487 1046 circumdemus
1500 1017 1580 1046 nobis
1597 1018 1674 1046 :sive
1687 1019 1758 1054 jeiu—

976 1063 1100 1095 nes,sive
1108 1064 1323 1092 misericordiam
1330 1071 1470 1098 exerceas,
1485 1065 1543 1092 sive
1556 1065 1665 1093 doceas.
1679 1065 1755 1098 Quod

976 1107 999 1134 si
1014 1111 1170 1142 temperans
1184 1112 1212 1135 et
1229 1109 1351 1143 prudens
1366 1109 1415 1141 sis,
1434 1116 1493 1137 eam
1512 1109 1562 1136 tibi
1577 1109 1690 1137 admove
1706 1118 1756 1138 ceu

976 1152 1156 1180 fortissimum
1171 1161 1290 1182 murum.
1305 1153 1445 1189 Astringat
1462 1154 1654 1189 contineatque
1671 1155 1756 1182 virtu-

975 1202 1017 1226 tes
1038 1202 1100 1227 tuas
1119 1200 1240 1226 omnium
1254 1200 1383 1227 virtutum
1405 1200 1630 1235 praestantissima
1643 1201 1756 1229 humili-

975 1249 1027 1272 tas.
1036 1243 1174 1279 (88)Vides
1181 1246 1263 1272 trium
1273 1252 1419 1280 puerorum
1428 1246 1652 1281 canticum,quod
1660 1253 1758 1281 nempe

976 1289 1090 1316 aliarum
1122 1289 1255 1316 virtutum
1282 1291 1419 1318 mentione
1446 1291 1492 1318 vix
1525 1290 1607 1323 facta,
1638 1291 1757 1319 humiles

975 1334 1106 1371 hymnum
1120 1336 1289 1363 cantantium
1308 1336 1392 1364 choro
1407 1337 1685 1369 annumeraverint“,
1700 1345 1756 1364 non

974 1381 1133 1408 memoratis
1156 1382 1371 1417 temperantibus
1394 1387 1422 1410 et
1449 1383 1618 1418 paupertatis
1645 1384 1758 1410 amanti-

975 1426 1038 1453 bus.
1053 1425 1286 1459 Quemadmodum
1308 1427 1379 1455 enim
1404 1427 1573 1462 impossibile
1595 1432 1638 1455 est
1660 1435 1757 1456 navem

976 1472 1034 1499 sine
1046 1472 1129 1500 clavis
1147 1471 1287 1505 fabricari,
1303 1473 1340 1499 ita
1356 1481 1406 1500 nec
1420 1474 1543 1502 valemus
1557 1474 1673 1502 salutem
1692 1481 1757 1501 con-

975 1519 1053 1554 sequi
1069 1519 1129 1547 sine
1144 1519 1306 1546 humilitate.

1010 1574 1054 1602 57.
1069 1574 1137 1608 Quia
1154 1582 1218 1602 vero
1229 1575 1360 1610 praclara
1376 1575 1422 1602 illa
1441 1579 1484 1603 est
1498 1580 1524 1603 et
1538 1577 1677 1609 salutaris,
1703 1577 1755 1603 Do-

138 1629 207 1665 πρὸς
228 1613 387 1664 ἀνθρώπους
409 1613 699 1663 οίκονομίανπληρῶν,
715 1626 800 1662 αὐτὴν
817 1613 922 1661 ἠμφια-

977 1620 1064 1647 minus
1088 1625 1165 1647 suam
1183 1628 1247 1655 erga
1270 1620 1395 1648 homines
1418 1622 1597 1649 (economiam
1625 1622 1752 1658 implens,

140 1673 408 1710 pa-Gﬁcsuoov.-'~M1ﬁ
424 1681 464 1700 σοι
476 1673 523 1701 καὶ
534 1674 609 1705 τέλος
623 1673 675 1700 τῶν
686 1672 793 1707 ἀγαθῶν
801 1672 818 1707 ἡ
829 1681 924 1699 ταπει-

139 1725 214 1745 σατο.
231 1717 298 1753 Φησὶ
321 1717 390 1752 γάρ·
407 1716 521 1744 Μάθετε
534 1716 583 1743 ἀπ’
595 1716 679 1751 ἐμοῦ,
697 1715 742 1742 ὅτι
761 1715 854 1749 πρᾶός
864 1717 922 1750 ειμι

138 1764 188 1791 καὶ
205 1763 389 1798 ταπεινὸςθτῇ
403 1764 518 1798 καρδίᾳ.
534 1764 603 1799 Ὅρα
612 1764 653 1796 τίς
669 1765 683 1791 ό
696 1763 792 1798 λέγων,
814 1763 923 1795 τελείως

137 1810 287 1845 νοφροτύνη
300 1810 423 1845 γινέσθω.
439 1811 570 1846 Φρόνησιν
577 1809 649 1844 λέγω
664 1809 760 1846 [λέγει]
780 1810 920 1845 ταπεινὴν,

137 1855 168 1881 οὐ
184 1855 276 1891 σχῆμα
289 1856 377 1891 μόνον,
390 1856 434 1883 τὸν
446 1856 520 1888 ἐντὸς
532 1856 672 1891 ἄνθρωπον
682 1855 839 1883 αίνίττεται·
858 1856 923 1882 ἁκο-

137 1901 261 1937 λούθήσει
288 1902 342 1937 γὰρ
352 1902 439 1936 τούτῳ
455 1903 500 1928 καὶ
514 1903 528 1928 ὁ
544 1901 630 1933 ἐκτός.
643 1901 735 1933 Πάσας
748 1900 798 1932 τὰς
813 1899 923 1932 ἐντολὰς

137 1945 305 1981 πεποίηκας;
320 1944 394 1972 οἶδεν
409 1947 423 1973 ὁ
436 1946 537 1982 Κύριος
547 1954 554 1960 ·
570 1946 627 1973 ἀλλ’
642 1946 723 1978 αὐτός
740 1954 780 1972 σοι
802 1946 923 1973 ἐντέλλε-

136 2000 182 2018 ται
210 1991 291 2018 πάλιν
313 1992 399 2028 ἀρχὴν
421 1993 542 2024 δουλείας
567 1992 732 2027 λαμὸάνειν·
761 1992 828 2028 φησὶ¹
848 1992 919 2028 γάρ·

137 2037 230 2063 Ὅταν
251 2036 348 2063 πάντα
366 2037 521 2072 ποιήσητε,
537 2037 654 2064 εἴπατε·
676 2037 783 2064 Δοῦλοι
808 2037 923 2072 ἀχρεῖοι

136 2082 240 2116 ἐσμεν.

170 2127 215 2155 58.
233 2127 266 2154 Ἦ
280 2125 327 2154 οὖν
340 2127 572 2164 ταπεινοφροσύνη
597 2128 774 2164 κατορθοῦται
801 2129 834 2156 δι’
853 2130 922 2156 ὀνει-

135 2174 254 2210 δισμῶν,
284 2173 318 2200 δι’
343 2173 465 2209 ὕϐρεων,
486 2173 531 2200 διὰ
560 2174 686 2211 πληγῶν·
725 2176 768 2202 ἵνα
801 2175 921 2212 ἀκούσῃς

135 2219 228 2255 ἄφρων
242 2220 289 2246 καὶ
301 2220 400 2255 μωρὸς,
418 2219 501 2256 πένης
531 2220 578 2247 καὶ
602 2221 718 2256 πτωχὸς,
735 2221 849 2257 ἀσθενὴς
874 2222 920 2248 καὶ

135 2265 254 2301 εὐτελὴς,
272 2265 428 2301 ἀπρόκοπος
445 2266 473 2292 ἐν
497 2265 596 2301 ἔργοις,
616 2266 711 2301 ἄλογος
726 2269 754 2294 ὲν
778 2268 919 2304 προφορᾷ,

135 2312 229 2346 ἄτιμος
244 2313 272 2337 ὲν
293 2312 367 2344 εῖδει,
385 2311 498 2348 ἀσθενὴς
514 2313 542 2339 ὲν
563 2313 685 2348 δυνάμει.
700 2313 790 2340 Ταῦτα
807 2313 855 2349 τῆς
871 2322 919 2340 τα-

135 2357 345 2393 πεινοφροσύνης
352 2357 385 2384 τὰ
393 2357 487 2394 νεῦρα.
496 2358 588 2385 Ταῦτα
597 2359 612 2384 ὁ
622 2359 722 2395 Κύριος
732 2361 747 2394 ὴ
751 2359 808 2395 μῶν
818 2360 918 2395 ἢκουσε

135 2403 182 2429 καὶ
198 2403 324 2430 πέπονθε.
334 2404 508 2440 Σαμαρείτην
519 2404 574 2440 γὰρ
584 2405 664 2431 αὑτὸν
680 2402 759 2432 εἶπαν
771 2405 818 2432 καὶ
827 2405 918 2441 δαιμό-

135 2456 190 2475 νιον
212 2448 315 2484 ἔχοντα.
345 2449 442 2476 Δούλου
466 2449 580 2486 μορφὴν]
589 2450 743 2486 ἀνείληφεν,
771 2451 915 2486 ὲραπίσθη,

136 2494 252 2529 πληγαῖς
270 2495 378 2531 ᾐκίσθη.

170 2550 213 2577 59.
236 2551 281 2576 Δεῖ
305 2549 351 2577 οὖν
373 2553 420 2579 καὶ
439 2553 512 2588 ἡμᾶς
533 2553 672 2588 μιμεῖσθαι
692 2553 742 2589 τὴν
759 2554 916 2591 ἔμπρακτον

133 2598 234 2633 ταύτην
248 2600 503 2636 ταπεινοφροσύνην.
519 2601 580 2627 Εἰσὶ
596 2601 645 2636 μὲν
658 2599 705 2628 οὖν
722 2611 794 2635 τινες
807 2604 854 2630 καὶ
872 2603 916 2631 διὰ

132 2644 186 2671 τῶν
198 2644 275 2676 ἐκτὸς
287 2645 432 2681 σχημάτων
444 2647 661 2684 ὑποκρινόμενοι,
670 2649 717 2676 καὶ
728 2649 916 2682 ταπεινοῦντες

132 2691 254 2723 ἑαυτοὺς,
273 2692 348 2727 αὐτῷ
361 2694 448 2728 τούτῳ
460 2693 538 2727 δόξαν
555 2693 723 2730 θηρώμενοι·
744 2695 800 2722 ἀλλ’
816 2697 848 2723 ὲκ
861 2697 915 2724 τῶν

133 2737 243 2773 καρπῶν
262 2737 502 2772 ἑπιγινώσκονται·
523 2740 636 2776 καὶγὰρ
652 2742 816 2775 ἐπιπολαίως
839 2743 914 2779 ὑϐρι-

973 1673 1021 1694 seu
1036 1665 1205 1698 incarnatus,
1217 1673 1277 1693 eam
1297 1666 1395 1694 induit.
1418 1666 1463 1694 Ait
1482 1667 1582 1703 quippe
1600 1677 1606 1695 :
1623 1668 1723 1696 Discite
1739 1679 1755 1696 a

974 1720 1014 1738 me
1027 1712 1089 1747 quia
1105 1712 1175 1738 mitis
1191 1720 1248 1739 sum
1261 1717 1286 1739 et
1298 1712 1404 1740 humili:
1418 1713 1494 1740 corde
1508 1714 1540 1741 “.
1557 1714 1672 1742 Attende
1693 1716 1754 1751 quis

973 1758 1009 1785 sit
1029 1759 1076 1794 qui
1093 1759 1224 1793 loquitur,
1242 1762 1356 1794 estoque
1375 1759 1513 1794 perfectus
1533 1760 1694 1796 discipulus.
1714 1761 1755 1789 Sit

973 1802 1021 1829 tibi
1047 1802 1187 1830 humilitas
1205 1798 1367 1838 principium
1389 1803 1506 1838 ﬁnisque
1524 1805 1665 1832 virtutum.
1686 1804 1756 1832 Sen-

972 1855 1033 1876 sum
1047 1848 1130 1875 animi
1151 1848 1218 1876 dicit
1233 1849 1372 1881 humilem,
1387 1857 1441 1877 non
1460 1851 1545 1878 solam
1561 1851 1689 1886 speciem,
1708 1852 1753 1879 sed

973 1894 1130 1922 interiorem
1145 1894 1235 1922 innuit
1251 1895 1388 1923 hominem
1408 1906 1414 1923 :
1435 1904 1496 1924 eum
1509 1905 1626 1932 namque
1637 1897 1756 1925 exterior

972 1945 1164 1976 consequetur.
1186 1940 1283 1967 Omnia
1307 1945 1443 1976 praecepta
1468 1942 1605 1969 servasti?
1624 1942 1653 1970 ld
1681 1943 1755 1970 novit

972 1982 1113 2014 Dominus.
1127 1986 1228 2014 Verum
1246 1989 1303 2022 ipse
1324 1988 1372 2015 tibi
1390 1989 1513 2023 praecipit
1534 1993 1562 2015 ut
1589 1988 1753 2023 principium

972 2032 1113 2059 servitutis
1142 2041 1238 2060 rursus
1266 2041 1407 2066 assumas;
1432 2034 1470 2061 ait
1493 2034 1565 2061 enim
1584 2044 1590 2061 :
1607 2033 1673 2060 Cum
1701 2033 1755 2061 qu-

973 2077 1061 2103 omm'a
1080 2077 1206 2112 feceritis,
1216 2078 1294 2106 dicite
1309 2086 1318 2105 :
1333 2077 1406 2106 Servi
1417 2079 1524 2106 inutiles
1538 2087 1628 2106 sumus
1643 2079 1675 2105 ".

1007 2133 1051 2161 58.
1068 2133 1214 2162 Humilitas
1229 2135 1321 2170 itaque
1338 2139 1480 2163 exercetur
1500 2143 1549 2171 per
1576 2134 1752 2170 improperia,

971 2187 1020 2214 per
1033 2181 1233 2216 contumelias,}
1248 2188 1297 2216 per
1317 2180 1429 2216 plagas;
1446 2185 1475 2208 ut
1489 2181 1584 2208 audias
1605 2188 1699 2208 amens
1725 2186 1753 2209 et

977 2226 1088 2258 stultus,
1100 2234 1202 2261 pauper
1222 2231 1248 2254 et
1262 2226 1352 2261 inops,
1365 2227 1490 2255 infirmus
1505 2231 1531 2254 et
1544 2227 1615 2259 vilis,
1629 2227 1751 2256 inconsi-

972 2271 1083 2299 deratus
1100 2272 1128 2299 in
1146 2272 1286 2306 operibus,
1305 2273 1419 2300 rationis
1434 2280 1533 2307 expers
1557 2273 1584 2300 in
1605 2273 1751 2308 loquendo,

972 2316 1059 2344 forma
1080 2317 1266 2352 despicabilis,
1289 2318 1387 2346 debilis
1404 2318 1518 2346 viribus.
1539 2318 1572 2345 Hi
1588 2325 1651 2346 sunt
1673 2320 1750 2347 nervi

971 2361 1144 2390 humilitatis.
1172 2362 1236 2390 Haec
1268 2363 1398 2391 Dominus
1424 2368 1518 2392 noster
1550 2364 1664 2396 audivit,
1694 2365 1752 2392 Ιιιιξυ

970 2417 1069 2444 passus
1090 2414 1143 2437 est.
1169 2409 1238 2438 Nam
1265 2411 1466 2439 Samaritanum
1487 2419 1549 2439 eum
1572 2412 1708 2443 dicebant.
1726 2416 1753 2439 et

970 2456 1134 2484 daemonium
1164 2457 1321 2485 habentem.
1353 2457 1507 2492 Assumpsit
1531 2457 1646 2484 formam
1670 2457 1752 2491 servi,

970 2502 1095 2537 colaphis
1107 2510 1195 2530 caesus
1206 2507 1259 2536 est,
1272 2503 1414 2540 plagisque
1429 2503 1635 2531 dehonestatus.

1005 2559 1048 2587 59.
1070 2559 1164 2595 Operm
1176 2561 1292 2595 pretium
1307 2560 1398 2594 itaque
1408 2563 1485 2587 estut
1495 2567 1566 2587 vera:
1578 2567 1628 2587 nos
1640 2559 1750 2586 humili-

971 2606 1035 2633 tatis
1059 2607 1149 2633 atmuii
1166 2607 1263 2634 simus.
1281 2606 1397 2639 Quidam
1425 2606 1497 2634 enim
1517 2610 1581 2633 sunt
1598 2608 1646 2641 qui
1661 2610 1751 2634 exter-

969 2660 1031 2679 nam
1051 2653 1169 2687 speciem
1182 2652 1344 2680 humilitatis
1356 2653 1641 2688 ementiuntur,atque
1650 2660 1682 2680 eo
1691 2653 1751 2688 ipso

968 2698 1081 2733 gloriam
1098 2703 1280 2734 aucupantur.
1301 2698 1354 2726 Sed
1378 2707 1410 2726 ex
1428 2698 1562 2726 fructibus
1576 2706 1749 2734 cognoscun-

967 2748 1013 2771 tur
1024 2754 1030 2772 :
1047 2745 1089 2772 vel
1098 2745 1234 2773 levissima
1245 2745 1344 2780 quippe
1358 2745 1458 2780 injuria
1468 2745 1568 2779 aﬂ‘ecti,
1577 2752 1752 2781 nequaquam

196 2814 205 2841 l
224 2815 294 2843 Petr.
311 2825 337 2848 v,
356 2816 381 2843 5.
423 2817 443 2833 '°
463 2817 530 2845 Dan.
550 2827 597 2850 ιιι⁷
614 2819 657 2847 87.
698 2821 717 2837 ¹¹
740 2821 835 2849 Matth.
853 2831 894 2855 ιι,
912 2822 923 2849 ﬁ

999 2824 1019 2840 "
1039 2823 1105 2852 Luc.
1125 2832 1197 2856 xvn,
1217 2823 1257 2850 10.

166 2893 219 2927 (3'3)
241 2892 291 2919 Vit.
308 2893 362 2921 PP.
377 2894 394 2921 Ι,
412 2903 438 2927 v,
453 2895 495 2928 15,
509 2896 554 2923 48.
570 2896 678 2925 Doroth.
697 2897 771 2925 Doct.
787 2898 813 2925 4.
