1919 3064
163 206 173 232 i
180 205 231 232 δίὶό

775 207 1004 236 ΔΤΙΙΑΝΔδΙΕδ.
1024 224 1059 230 -
1078 208 1215 238 SPURl‘A.
1246 209 1270 223 "

1708 211 1721 238 ί
1726 212 1775 239 ὕει

163 264 310 295 sustinent,
329 263 527 298 confestimque
547 271 598 291 ceu
616 269 756 300 serpentes
773 267 849 295 virus
866 275 946 295 suum

1005 267 1117 300 τθέντες,
1139 268 1188 295 οὐκ
1200 269 1331 304 ἦνεγκαν-
1351 268 1418 296 ἀλλὰ
1442 268 1567 304 παραυτὰ
1585 268 1679 301 ὥσπερ
1702 268 1776 303 ὄφεις

162 314 290 338 evomunt

197 356 242 384 60.
259 357 296 384 De
311 358 483 386 sermonibus
494 359 629 393 ejusmodi
644 367 750 386 summe
772 359 946 386 exsultabant

163 410 224 437 qua:
245 408 440 437 convenerant,
456 405 599 441 adhucque
622 406 843 440 perseverabant,
871 405 946 432 nulla

164 448 298 476 bonorum
324 451 449 479 satietate
477 452 606 479 admissa.
627 452 683 488 (89)
704 452 858 486 lterumque
885 451 945 478 illas

162 495 242 522 beata
257 495 339 531 Virgo
360 497 400 525 sic
416 498 573 533 alloquitur.
593 498 719 534 Magnum
746 502 788 526 est
807 501 945 525 certamen

165 541 200 568 iis
221 542 267 577 qui
299 543 433 571 accedunt
458 544 492 571 ad
513 544 608 577 Deum,
637 545 769 580 laborque
792 545 888 580 ingens
918 545 946 571 in

164 587 311 624 principio,
343 590 440 618 exinde
464 599 528 619 vero
555 591 684 627 gaudium
707 590 852 619 ineffabile.
877 589 945 617 Nam

164 635 392 668 quemadmodum
409 636 456 671 qui
467 636 558 672 ignem
571 637 690 664 excitare
705 636 810 668 volunt,
828 636 945 671 primum

165 679 241 707 fumo
254 679 413 708 inﬁciuntur
426 689 458 708 ac
469 682 603 717 lacrymas
611 681 750 714 emittunt,
769 689 858 716 eoque
865 681 946 708 modo

165 726 265 760 optatis
282 726 441 761 potiuntur;
456 727 494 754 ait
507 727 579 754 enim
596 736 603 754 :
618 726 687 754 Deus
702 731 790 754 noster
801 727 868 762 ignis
882 735 945 753 con-

165 780 271 798 sumens
296 772 426 805 est";ita
454 772 580 800 convenit
611 780 662 799 nos
692 779 801 807 quoque
824 771 946 798 divinum

166 818 256 851 ignem
270 818 297 844 in
312 817 392 845 nobis
411 817 560 845 accendere
576 826 638 845 cum
654 818 784 853 lacrymis
798 821 826 845 et
842 817 945 844 labore.

165 861 225 897 Ipse
239 862 373 898 siquidem
384 862 517 891 Dominus
531 864 571 892 ait
589 873 596 890 :
616 863 707 899 Ignem
722 864 779 891 veni
802 864 905 890 mittere
920 863 949 890 in

995 313 1040 339 τὸν
1049 313 1153 340 ἑαυτῶν
1167 315 1206 341 ίὸν
1221 314 1363 349 ὲξέμεσαν.

1029 360 1074 388 60.
1099 361 1159 387 Ἐπὶ
1187 362 1243 393 τοῖς
1270 361 1357 395 λόγοις
1379 361 1407 388 δὲ
1431 361 1535 393 τούτοις
1561 360 1726 396 ἠγαλλιῶντο
1750 361 1776 388 αἱ

996 407 1169 434 συνελθοῦσαι
1177 407 1289 443 σφόδρα,
1299 408 1346 435 καὶ
1355 408 1435 435 πάλιν
1446 408 1690 444 προσεκαρτέρουν,
1698 408 1777 443 κόρον

995 454 1048 480 τῶν
1063 453 1171 488 ἀγαθῶν
1187 454 1224 489 μὴ
1241 453 1434 488 λαμϐάνουσαι.
1453 454 1507 480 Καὶ
1520 454 1600 481 πάλιν
1614 453 1680 489 πρὸς
1694 453 1778 484 αὐτὰς

995 499 1086 533 ἔλεγεν
1106 501 1122 534 ἡ
1145 500 1276 535 μακαρία·
1297 499 1383 534 Ἀγών
1402 501 1459 526 ἐστι
1470 500 1553 532 πολὺς
1565 501 1621 531 τοῖς
1631 507 1779 535 προσερχο-

997 545 1088 581 μένοις
1103 546 1162 581 Θεῷ
1173 546 1220 572 καὶ
1239 545 1321 577 κόπος
1334 545 1368 572 τὰ
1380 544 1485 581 πρῶτα,
1502 545 1596 572 ἔπειτα
1611 545 1639 572 δὲ
1650 544 1721 580 χαρὰ
1733 545 1778 570 ἁν-

995 591 1165 627 εκδιήγητος.
1187 591 1292 626 Ὥσπερ
1319 591 1372 626 γὰρ
1388 592 1412 617 οἱ
1430 590 1484 626 πῦρ
1504 589 1600 625 ἐξάψαι
1624 590 1778 625 βουλόμενοι

996 638 1104 673 πρῶτον
1129 637 1305 670 καπνίζονται
1329 637 1376 664 καὶ
1401 636 1557 674 δακρύουσι,
1573 636 1619 662 καὶ
1632 635 1716 666 οὕτως
1732 634 1779 661 τοῦ

997 683 1162 718 ζητουμένου
1185 684 1356 717 τυγχάνουσι·
1385 682 1432 709 καὶ
1461 682 1514 717 γάρ
1542 689 1637 716 φησιν·
1660 682 1690 707 '0
1709 681 1779 713 Θεὸς

997 727 1081 762 ἡμῶν
1109 728 1168 762 πῦρ
1196 729 1435 755 καταναλίσκον·
1456 727 1527 754 οὕτω
1541 727 1580 753 δεῖ
1597 727 1643 754 καὶ
1657 727 1730 762 ἡμᾶς
1749 727 1779 752 τὸ

997 775 1068 802 θεῖον
1081 775 1137 810 πῦρ
1151 775 1190 807 εἰς
1208 775 1319 807 ἑαυτοὺς
1335 774 1432 809 ἐξάψαι
1451 774 1519 809 μετὰ
1536 773 1659 808 δακρύων
1675 774 1722 800 καὶ
1737 772 1782 798 κό-

999 830 1060 849 που.
1072 821 1157 853 Αὐτὸς
1173 821 1226 856 γάρ
1241 829 1322 856 φησιν
1338 822 1352 847 ό
1370 820 1480 855 Κύριος⁸
1499 820 1561 854 Πῦρ
1572 818 1665 855 ἦλθον
1672 818 1782 852 ,βαλεῖν

997 867 1046 895 ἐπὶ
1062 868 1119 901 τὴν
1136 866 1201 902 γῆν.
1226 867 1280 894 Καί
1305 875 1376 899 τινες
1396 867 1429 893 δι’
1448 867 1591 902 ὀλιγωρίαν
1604 866 1649 892 τοῦ
1667 866 1715 901 μὲν
1732 874 1782 892 κα-

167 908 300 935 terram“.
318 908 351 935 Et
364 916 430 937 sane
445 909 567 944 quidam,
587 916 649 937 cum
663 909 729 936 fumi
741 909 894 937 molestiam
909 913 949 937 to-

1005 912 1065 939 ιτνοῦ
1090 913 1243 948 ἠνέσχοντο,
1260 912 1290 939 τὺ
1306 912 1334 939 δὲ
1354 912 1409 947 πῦρ
1423 912 1472 938 οὑκ
1488 912 1600 947 ἐξῆψαν,
1613 911 1656 938 διὰ
1675 911 1706 938 τὸ
1729 920 1779 947 μαι

166 955 310 986 lerassenl,
327 962 383 982 non
411 955 594 982 accenderunt
621 955 722 991 ignem,
746 963 779 983 eo
803 956 876 991 quod
901 964 950 992 pa-

1005 944 1258 994 κροθυμίαςαὺτοὺς
1272 958 1350 990 ἐκτὸς
1362 944 1439 991 εἶναι,
1454 959 1501 985 καὶ
1519 944 1618 993 μαλλον
1631 957 1719 985 αὐτῶν
1730 944 1784 993 τὴν

167 1000 269 1028 tientia:
292 1004 385 1029 essent
406 1004 542 1036 expertes,
569 1009 618 1029 seu
643 1001 734 1036 potius
760 1002 833 1037 quod
854 1009 951 1030 eorum

167 1054 231 1082 erga
249 1046 333 1074 Deum
348 1047 460 1076 affectus
471 1047 569 1076 debilis
585 1052 612 1075 et
627 1048 753 1076 infirmus
765 1052 848 1076 esset.

202 1092 246 1120 6L
265 1092 447 1126 Quamobrem
475 1093 594 1121 cliaritas
615 1093 717 1128 grande
732 1093 870 1120 cimelium
896 1096 948 1125 est,

167 1139 201 1166 de
215 1146 270 1174 qua
284 1139 341 1167 haec
356 1139 471 1166 afﬁrmat
482 1139 643 1175 Apostolus:
659 1138 688 1166 Si
703 1146 797 1166 otnnes
808 1138 950 1166 facultates

168 1184 353 1218 distribueris,
375 1189 403 1213 et
423 1193 522 1220 corpus
541 1185 693 1220 subegeris,
716 1184 877 1212 charitatem
898 1192 950 1211 au~

168 1235 222 1257 tem
236 1237 291 1257 non
311 1231 451 1263 habueris,
469 1231 556 1258 factus
569 1239 600 1258 es
618 1231 694 1257 velut
715 1238 752 1258 aes
764 1237 876 1262 sonans,
903 1233 950 1257 aut

169 1276 322 1311 cymbalum
338 1276 494 1304 tinniens“.
505 1275 602 1312 Ingens
616 1276 708 1312 itaque
721 1276 820 1303 bonum
830 1281 872 1302 est
885 1275 952 1302 cha-

168 1322 248 1352 ritas,
264 1321 540 1357 proindeque-ingens
552 1322 654 1348 malum
671 1325 714 1348 est
728 1321 871 1348 iracundia
886 1330 892 1348 :
910 1325 952 1347 to—

169 1372 224 1393 tam
235 1367 309 1394 enim
324 1367 444 1394 animant
459 1367 542 1402 629
551 1367 671 1394 tenebris
693 1366 820 1400 offundit,
841 1368 868 1394 in
887 1365 952 1393 feri-

170 1417 254 1440 tatem
269 1414 350 1441 vertit
363 1418 389 1440 et
406 1414 510 1441 ratione
525 1413 623 1448 privat.
639 1413 770 1440 Dominus
791 1420 874 1448 porro
900 1420 952 1439 un-

169 1460 312 1494 dequaque
328 1463 429 1487 nostra:
450 1467 543 1486 curam
558 1459 655 1487 salutis
676 1467 772 1495 agens,
797 1459 952 1486 nullatenus

171 1506 319 1538 concessit,
335 1510 365 1534 ut
376 1506 417 1534 vel
428 1506 570 1534 minimum
586 1506 651 1542 quid
669 1506 695 1533 in
717 1506 807 1533 anima
825 1505 955 1541 praesidio

170 1560 284 1580 vacuum
298 1557 428 1582 maneret.
446 1552 596 1580 Libidinem
611 1553 730 1580 concitat
742 1553 888 1580 inimicus?
898 1551 952 1579 Do-

1001 1006 1064 1042 περὶ
1078 1006 1109 1033 τὸ
1125 1006 1196 1033 Θείον
1212 1006 1304 1041 σχέσιν
1325 1005 1424 1040 ἀσθενῆ
1437 1006 1484 1032 καὶ
1493 1005 1616 1041 ἀμυδρὰν
1629 1004 1782 1040 τυγχάνειν.

1035 1096 1080 1123 6|.
1099 1095 1179 1121 Ὅθεν
1193 1094 1263 1130 μέγα
1275 1094 1415 1130 κειμήλιον
1421 1095 1445 1128 εὴ
1462 1093 1566 1128 ἀγάπη·
1579 1093 1626 1119 καὶ
1641 1093 1706 1128 περὶ
1718 1092 1784 1119 ταύ-

999 1150 1049 1177 της
1063 1141 1092 1168 δὲ
1104 1140 1339 1175 διαϐεϐαιούμενος
1353 1140 1368 1166 ὁ
1388 1139 1546 1170 Ἀπύστολος
1559 1137 1706 1172 ἐλεγεν,ὡς
1721 1137 1785 1164 Ἐὰν

1001 1188 1089 1215 πάντα
1101 1187 1136 1214 τὰ
1151 1187 1306 1222 ὑπάρχοντα
1333 1185 1483 1220 διανείμῃς,
1501 1185 1548 1212 καὶ
1568 1185 1598 1211 τὸ
1621 1184 1700 1219 σῶμα
1720 1184 1787 1209 ὑπο-

1001 1235 1111 1270 πιάσῃς,
1124 1234 1234 1269 ἀγάπην
1243 1233 1271 1260 δὲ
1283 1233 1320 1269 μὴ
1332 1233 1406 1269 ἔχῃς,
1418 1232 1532 1266 γέγονας
1545 1230 1643 1265 χαλκὸς
1653 1229 1727 1264 ἠχῶν
1740 1229 1787 1255 καὶ

1001 1278 1139 1314 κύμϐαλον
1155 1277 1298 1309 ἀλαλάζον.
1319 1277 1398 1312 Μέγα
1414 1274 1459 1303 οὖν
1471 1277 1500 1303 ὲν
1516 1275 1627 1309 ἀγαθοῖς
1644 1276 1660 1310 ἡ
1681 1275 1784 1308 ἀγάπη,

1001 1324 1038 1356 ὡς
1051 1324 1098 1350 καὶ
1114 1323 1199 1350 δεινὸν
1209 1324 1238 1348 ὲν
1252 1323 1347 1353 κακοῖς
1357 1323 1371 1348 ὁ
1385 1321 1469 1357 θυμός
1479 1329 1485 1335 ·
1502 1321 1592 1347 πᾶσαν
1606 1319 1660 1355 γὰρ
1675 1319 1725 1354 τὴν
1736 1319 1788 1353 ψυ-

1002 1370 1052 1406 χὴν
1080 1369 1207 1400 σκοτίσας
1229 1369 1276 1395 καὶ
1289 1367 1491 1403 ἀποθηριώσας,
1513 1367 1552 1397 είς
1570 1365 1680 1399 ἀλογίαν
1700 1364 1785 1399 φέρει.

1009 1417 1038 1443 '0
1059 1416 1088 1442 δὲ
1116 1415 1228 1451 Κύριος,
1253 1414 1405 1450 πανταχόσε
1426 1414 1475 1449 τῆς
1497 1413 1631 1448 σωτηρίας
1644 1411 1720 1447 ἡμῶν
1738 1419 1789 1446 xq-

1003 1463 1122 1498 δόμενος,
1140 1462 1193 1488 οὐδ’
1213 1462 1281 1491 ὅλως
1296 1460 1467 1496 συνεχώρησε
1480 1458 1565 1495 βραχύ
1575 1468 1600 1486 τι
1611 1457 1728 1489 ἀσκεπὲς
1738 1457 1788 1492 τῆς

1004 1508 1102 1544 ψυχῆς.
1117 1507 1252 1542 Λαγνείαν
1271 1508 1340 1534 κινεί
1354 1507 1367 1533 ὁ
1386 1505 1496 1541 ὲχθρὸς;
1511 1504 1671 1541 σωφροσύνῃ
1687 1504 1760 1540 ἡμᾶς
1774 1505 1791 1530 ὁ

1005 1555 1105 1590 Κύριος
1119 1554 1245 1581 ὥπλισεν.
1268 1553 1469 1589 ’Υπερηφανίαν
1483 1552 1580 1587 γεννᾷ;
1594 1551 1649 1577 ἀλλ’
1661 1551 1678 1586 ἡ
1694 1559 1789 1576 ταπει-

170 1599 263 1627 minus
280 1606 329 1626 nos
339 1599 519 1634 temperantia
533 1597 657 1625 munivit.
671 1597 724 1624 Sed
739 1597 784 1625 ille
796 1597 951 1632 superbiam

1005 1600 1153 1636 νοφροσύνη
1170 1600 1201 1626 οὐ
1217 1599 1325 1635 μακρὰν
1340 1598 1477 1634 τυγχάνει.
1497 1598 1582 1629 Mitto;
1605 1596 1794 1631 ὲνεφύσησεν;

171 1645 264 1680 parit?
280 1652 335 1672 non
349 1645 429 1680 longe
445 1644 521 1671 abest
539 1643 690 1671 humilitas.
705 1641 803 1670 Odium
819 1642 954 1670 inseruit?

172 1690 302 1718 inmedio
319 1691 370 1719 sita
387 1694 430 1718 est
444 1690 577 1718 charitas.
604 1689 743 1724 Quotquot
764 1689 874 1716 demum
900 1688 954 1716 tela

173 1737 200 1763 in
214 1744 272 1768 ῐιοε
283 1736 372 1763 vibrat
392 1735 579 1768 adversarius,
603 1735 727 1770 pluribus
750 1742 800 1762 nos
822 1733 955 1762 Dominus

173 1782 257 1809 armis
272 1781 460 1813 communivit,
479 1789 541 1808 cum
557 1780 591 1808 ad
606 1781 724 1808 salutem
739 1784 872 1813 nostram,
897 1784 953 1808 tum

172 1827 206 1854 ad
220 1835 282 1855 eum
297 1827 502 1855 destruendum.

207 1873 252 1900 62.
272 1872 344 1900 Inter
363 1873 434 1900 mala
448 1873 595 1902 maximum
617 1877 660 1901 est
675 1872 816 1900 iracundia
833 1871 953 1899 malum:

173 1921 222 1946 Ira
243 1920 328 1952 enim,
355 1918 461 1954 inquit,
484 1919 535 1945 uiri
552 1919 688 1953 justitiam
711 1918 760 1946 Dei
785 1926 837 1945 non
863 1925 956 1952 opera-

173 1970 216 1991 tur
230 1964 261 1992 “.
279 1963 469 1999 lmperandum
485 1963 575 1999 itaque
589 1966 630 1991 est
648 1964 697 1995 illi,
713 1963 778 1998 quia
794 1964 822 1991 in
835 1967 955 1998 tempore

174 2009 249 2037 utilis
265 2010 323 2037 visa
335 2014 378 2037 est
395 2018 401 2036 :
417 2009 550 2044 siquidem
567 2009 649 2036 irasci
664 2013 692 2036 et
707 2009 871 2036 commoveri
889 2017 955 2036 con-

172 2061 215 2084 tra
232 2057 369 2084 daemones
383 2057 499 2091 expedit.
525 2056 560 2083 At
583 2055 611 2083 in
627 2056 765 2084 hominem
780 2055 955 2083 vehementer

172 2102 338 2130 commoveri
353 2110 523 2138 nequaquam
539 2103 678 2134 convenit,
689 2102 752 2130 licet
767 2102 812 2129 ille
827 2109 956 2137 peccave-

171 2147 226 2179 rit;
239 2155 335 2175 verum
352 2147 386 2175 ad
401 2148 617 2183 resipiscentiam
632 2147 763 2175 reducere
783 2147 859 2175 illum
875 2155 956 2182 opor-

170 2197 220 2226 tet,
236 2201 297 2221 cum
313 2194 406 2222 sedata
421 2193 503 2222 fuerit
516 2195 563 2222 ira:
577 2194 754 2229 perturbatio.

206 2240 249 2268 85.
269 2241 304 2268 At
318 2241 391 2268 enim
412 2241 493 2268 irasci
513 2240 629 2268 fortasse
645 2240 736 2268 minus
753 2240 853 2267 malum
869 2239 956 2268 videri

1004 1646 1061 1675 ἀλλ’
1072 1647 1089 1682 ἡ
1103 1646 1196 1680 ἀγάπη
1211 1646 1239 1671 ὲν
1257 1645 1331 1680 μέσῳ
1345 1645 1520 1680 παρίσταται.
1533 1643 1602 1669 Ὅσα
1611 1640 1656 1668 οὖν
1667 1642 1681 1667 ὁ
1695 1641 1791 1676 ἐχθρὸς

1004 1691 1065 1718 καθ’
1082 1691 1158 1727 ἡμῶν
1173 1692 1242 1717 κινεῖ
1253 1690 1329 1725 βέλη,
1342 1690 1462 1716 πλείοσιν
1478 1689 1550 1724 ἡμᾶς
1565 1690 1578 1715 ὁ
1591 1687 1691 1723 Κύριος
1699 1687 1791 1718 ὅπλοις

1004 1737 1183 1772 ἠσφαλίσατο,
1203 1737 1269 1772 πρός
1290 1745 1320 1763 τε
1339 1735 1388 1771 τὴν
1408 1735 1486 1771 ἡμῶν
1502 1735 1636 1770 σωτηρίαν
1657 1734 1703 1760 καὶ
1723 1733 1795 1769 πρὸς

1003 1784 1053 1811 cru
1070 1784 1174 1810 ἐκείνου
1188 1783 1373 1810 κατάπτωσιν.

1040 1871 1084 1899 6‘2.
1104 1872 1195 1898 Κακδν
1221 1872 1270 1907 μὲν
1292 1873 1320 1898 ὲν
1345 1873 1438 1903 κακοῖς
1463 1871 1477 1898 ὁ
1497 1870 1590 1906 θυμός-
1620 1869 1701 1904 Ὀργὴ
1723 1868 1791 1902 γὰρ,

1005 1919 1095 1954 φησὶν,
1113 1918 1223 1953 ἀνδρὸς
1235 1917 1432 1951 δικαιοσύνην
1445 1917 1518 1944 Θεοῦ
1530 1917 1566 1943 οὺ
1577 1913 1792 1950 κατεργάζεται.

1004 1966 1050 1992 Δεῖ
1065 1963 1111 1992 οὖν
1125 1965 1206 1991 αὑτὸν
1221 1966 1348 2000 ὴνιοχεῐν’
1361 1964 1401 1990 ὅτι
1416 1965 1445 1990 ὲν
1456 1963 1544 1999 καιρῷ
1554 1963 1686 1998 χρήσιμος
1701 1961 1789 1996 ὤφθη·

1006 2011 1156 2046 θυμοῦσθαι
1178 2010 1233 2046 γὰρ
1256 2011 1303 2037 καὶ
1326 2010 1457 2037 κινεῖσθαι
1482 2009 1552 2036 κατὰ
1581 2008 1635 2035 τῶν
1656 2007 1792 2043 δαιμόνων

1006 2057 1148 2093 συμφέρει.
1165 2057 1236 2092 Πρὸς
1252 2056 1280 2082 δὲ
1301 2055 1442 2092 ἄνθρωπον
1464 2054 1584 2091 σφοδρῶς
1607 2054 1739 2081 κινεῖσθαι
1758 2053 1798 2081 οὗ.

1006 2105 1149 2138 προσήκει,
1165 2102 1217 2129 κᾶν
1229 2102 1393 2138 ἁμαρτήσας
1417 2102 1539 2137 τυγχάνῃ
1551 2110 1557 2116 ·
1576 2100 1750 2136 ἐπιστρέφειν
1760 2099 1792 2126 δὲ

1005 2147 1086 2174 αὐτὸν
1101 2146 1141 2173 δεῖ
1158 2146 1226 2182 μετὰ
1239 2146 1271 2172 τὸ
1282 2145 1436 2173 παύσασθαι
1451 2146 1480 2172 τὸ
1496 2147 1546 2181 τῆς
1560 2145 1645 2181 ὀργῆς
1659 2144 1755 2176 πάθος.

1041 2233 1084 2261 65.
1106 2233 1163 2260 Καὶ
1177 2233 1208 2260 τὸ
1226 2233 1276 2268 μὲν
1290 2231 1447 2268 ὀργίζεσθαι
1463 2231 1500 2263 ὡς
1515 2232 1543 2258 ὲν
1561 2232 1654 2262 κακοῖς
1668 2230 1789 2257 ἔλαττον-

170 2285 268 2320 possit.
285 2285 410 2313 simultas
423 2290 493 2313 vero
509 2289 537 2313 et
557 2285 720 2320 iniuriarum
744 2285 876 2311 memoria
895 2291 951 2311 om-

1005 2282 1023 2316 ἡ
1041 2281 1069 2306 δὲ
1085 2279 1250 2316 μνησικακία
1266 2279 1373 2305 πάντων
1390 2278 1448 2304 ἐστὶ
1463 2277 1609 2313 βαρυτέρα.
1634 2276 1661 2303 '0
1679 2277 1733 2312 γὰρ
1745 2276 1794 2302 θυ-

169 2330 246 2358 nium
264 2330 457 2366 gravissimum
474 2333 527 2358 est.
546 2331 590 2357 Ira
605 2329 705 2365 quippe
721 2336 771 2356 ceu
788 2328 889 2360 fumus,
907 2328 954 2355 ubi
976 2359 981 2365 _

169 2377 203 2404 ad
227 2377 308 2405 breve
331 2380 439 2412 tempus
455 2376 573 2403 animam
593 2375 776 2407 conturbavit,
793 2375 952 2402 evanescit:

169 2427 198 2450 at
221 2423 383 2457 iniuriarum
407 2423 537 2450 memoria
560 2422 639 2457 quasi
663 2422 761 2449 animae
787 2422 840 2449 alte
860 2422 957 2454 infixa,

169 2469 238 2497 t‘eris
255 2477 315 2497 eam
340 2469 528 2496 immaniorem
551 2468 641 2496 etlicit.
666 2467 733 2495 Nam
751 2468 828 2496 canis
844 2468 954 2503 quidem

169 2521 264 2543 contra
274 2515 427 2550 quempiam
445 2514 571 2546 saeviens,
588 2521 652 2542 esca
667 2514 805 2545 delinitus,
823 2513 889 2540 iram
905 2513 953 2540 dc-

168 2561 247 2595 ponit
260 2569 270 2587 ἲ
286 2560 400 2595 aliaeque
426 2560 523 2588 bellum
543 2558 741 2587 consuetudine
764 2558 953 2585 demulcentur

168 2610 196 2632 et
209 2606 387 2637 cicurantur;
402 2606 449 2633 sed
462 2606 509 2640 qui
525 2605 686 2639 iniuriarum
702 2603 834 2630 memoria
861 2611 951 2630 corre-

169 2656 234 2686 ptus
259 2655 318 2684 est,
342 2659 398 2678 non
418 2651 599 2679 cohortationi
614 2650 783 2685 acquiescit,
810 2656 865 2676 non
891 2649 953 2675 cibo

168 2698 316 2728 enrollitur,
337 2705 424 2732 neque
444 2702 550 2731 tempus
571 2695 663 2723 omnia
682 2696 839 2727 immutans,
858 2695 954 2729 huius-

169 2744 242 2772 modi
262 2745 386 2771 morbum
409 2743 557 2771 curaverit.
580 2742 613 2770 Hi
635 2750 700 2778 ergo
719 2746 879 2770 cunctorum
904 2741 955 2768 im-

205 2836 227 2851 "
247 2834 331 2862 llebr.
348 2843 403 2866 xu,
422 2835 468 2862 9.9.
508 2835 527 2850 "
546 2834 611 2861 Luc.
632 2834 686 2865 xu,
705 2835 748 2861 49.

204 2913 258 2947 (89)
279 2913 329 2940 l'it.
346 2912 401 2938 PP.
416 2912 432 2938 l.
447 2921 472 2945 v,
487 2913 512 2944 5,
529 2912 571 2939 16.

1010 2328 1058 2363 μὺς
1079 2327 1172 2363 ὥσπερ
1195 2326 1297 2357 καπνὸς
1315 2325 1383 2361 πρὸς
1403 2325 1491 2358 ὀλίγον
1507 2323 1625 2355 θολώσας
1640 2323 1688 2358 τὴν
1702 2323 1798 2359 ψυχὴν

1006 2371 1152 2399 διαλύεται*
1167 2373 1184 2407 ἡ
1198 2371 1226 2397 δὲ
1243 2370 1418 2407 μνησικακία,
1435 2370 1528 2405 ὥσπερ
1544 2370 1747 2402 ὲναποπαγεῖσα
1757 2369 1793 2404 τῇ

1006 2417 1090 2453 ψυχῇ,
1105 2417 1200 2455 θηρίου
1214 2417 1297 2452 αὐτὴν
1314 2416 1467 2452 δεινοτέραν
1482 2416 1562 2441 ποιεῖ’
1579 2415 1626 2441 καὶ
1641 2414 1714 2441 κύων
1730 2414 1797 2450 μὲνἰ

1007 2464 1078 2491 κατά
1090 2472 1161 2495 τινος
1176 2463 1314 2498 ἐκμανεὶς,
1331 2462 1382 2488 ὑπὸ
1395 2461 1444 2496 τῆς
1457 2460 1558 2496 τροφῆς
1571 2459 1732 2491 Θωπειιθεὶς⁹
1744 2467 1795 2494 με-

1007 2509 1170 2537 ταϐάλλεται
1184 2509 1230 2544 τῆς
1245 2509 1340 2544 ὀργῆς·
1362 2508 1409 2534 κα)⁸
1428 2506 1511 2533 τᾶλλα
1530 2506 1558 2532 δὲ
1574 2506 1656 2541 θηρία
1676 2505 1728 2531 ὑπὸ
1741 2504 1793 2539 τῆς

1007 2555 1149 2591 συνηθείας
1166 2555 1341 2590 μειλίσσεται·
1359 2554 1373 2579 ὁ
1388 2553 1415 2579 δέ
1435 2560 1467 2586 γε
1485 2553 1518 2587 τῇ
1539 2551 1704 2587 μνησικακίᾳ
1724 2558 1794 2586 κρα-

1005 2602 1136 2637 τούμενος
1148 2602 1178 2627 οὐ
1192 2600 1361 2636 παρακλήσει
1378 2598 1510 2629 πείθεται,
1527 2598 1558 2624 οὑ
1573 2598 1658 2632 τροᾳῇ
1673 2597 1794 2631 πραΰνε-

1005 2657 1059 2680 ται,
1077 2646 1138 2673 οὔτε
1163 2647 1215 2681 μὴν
1231 2647 1244 2672 ὁ
1259 2646 1346 2672 πάντα
1364 2643 1538 2679 μεταϐάλλων
1553 2643 1647 2678 χρόνος
1661 2642 1692 2668 τὸ
1707 2642 1794 2673 πάθος

1006 2694 1100 2720 τούτου
1119 2693 1222 2719 ἰάσατο.
1240 2688 1319 2718 Οὗτοι
1343 2688 1389 2717 οὖν
1409 2689 1584 2716 ἀσεϐέστατοι
1609 2688 1717 2715 πάντων
1738 2688 1794 2714 εἰσὶ

1007 2740 1054 2767 καὶ
1078 2738 1256 2774 ἀνομώτατοι.
1279 2737 1316 2764 Οὐ
1333 2737 1387 2772 γὰρ
1403 2735 1571 2764 ὑπακούουσι
1595 2733 1642 2761 τοῦ
1666 2733 1794 2770 Σωτῆρος

789 2837 810 2849 η
831 2833 840 2859 i
858 2833 920 2860 Cor.
942 2841 1005 2867 xui,
1024 2833 1049 2860 ἰ).
1090 2832 1111 2847 ¹⁴
1129 2830 1187 2858 Jac.
1207 2838 1233 2863 ι,
1251 2829 1294 2857 20.
