1919 3064
118 206 185 236 1525
682 207 763 236 νιΤΑ
785 206 930 235 ΞΑΝΟΤΔΕ

952 205 1189 234 SYNCLETICIE.
1665 207 1732 234 {5:16

113 265 250 300 λέγοντος,
262 264 299 296 ὡς
312 265 430 300 Ὕπαγε,
441 265 557 301 πρῶτον
567 267 745 302 διαλλάγηθι
762 267 801 300 τῷ
815 267 900 294 ἁδελ-

953 263 1068 298 piissimi
1088 269 1152 291 sunt
1177 267 1208 290 et
1221 262 1405 297 iniquissimi;
1432 271 1485 290 non
1510 263 1581 290 cuitu
1599 262 1732 290 Salvutori

114 310 160 345 φῶ
174 318 242 337 σου·
258 311 306 337 καὶ
324 311 401 337 οὕτω
416 313 549 347 πρόσαγε
574 312 607 339 τὸ
628 313 723 347 δῶρόν
753 322 821 340 σου·
851 313 896 339 καὶ

114 356 239 391 ἀλλαχοῦ·
257 356 306 390 Μὴ
320 357 473 391 ἐπιδυέτω,
489 359 581 394 φησὶν,
594 361 610 386 ό
623 360 709 393 ἣλιος
724 360 773 386 ἐπὶ
789 367 897 394 παρορ-

114 402 210 437 γισμῷ
225 402 318 437 optim

150 490 194 518 64.
214 491 304 517 Καλὸν
320 489 428 526 μὲνοῦν
441 492 471 519 τὸ
485 493 521 528 μὴ
536 493 704 529 ὀργισθῆναι·
719 495 743 521 εἰ
755 495 781 521 δὲ
794 496 840 522 καὶ
853 496 897 530 γέ-

114 543 205 570 νηται,
221 535 280 562 οὐδὲ
299 536 398 571 μέτρον
420 545 459 563 σοι
483 537 588 573 ἡμέρας
603 539 672 573 πρὸς
689 538 719 565 τὸ
738 539 823 572 πάθος
837 549 897 566 συν-

115 580 264 616 εχώρησεν,
284 579 344 607 εῐπε
367 581 421 616 γὰρ
443 582 480 617 μὴ
504 583 626 610 ὲπιδῦναι
648 584 693 611 τὸν
714 585 799 620 ἥλιον.
817 586 853 612 Σὺ
867 586 896 612 δὲ

115 626 220 662 ἐκδέχῃ,
237 626 288 657 ἓως
303 627 335 654 ἂν
351 628 365 653 ὁ
387 629 441 660 πᾶς
463 637 509 655 σου
523 629 616 664 χρόνος
627 630 687 666 δύῃ.
701 631 758 658 Οὐκ
772 629 846 664 οἶδας
859 633 898 659 εί-

115 672 184 697 πείν·
209 671 304 705 Ἀρκεῖ
323 671 360 706 τῇ
378 672 472 707 ἡμέρᾳ
495 674 515 708 ἡ
534 675 623 701 κακία
638 675 742 710 αὐτῆς.
759 676 791 702 Τί
808 679 897 712 μισεῖς

114 715 160 741 τὸν
170 715 330 751 λυπήσαντα
345 717 486 753 ἄνθρωπον
497 727 504 751 ;
520 719 577 745 Οὐκ
592 720 672 751 αὐτὸς
682 718 716 756 ἦν
729 722 743 747 ὁ
756 721 895 757 ἀδικήσας,

115 762 173 788 ἀλλ’
187 763 201 788 ὁ
215 762 345 795 διάϐολος.
363 764 485 800 Μίσησον
506 765 555 799 τὴν
574 766 661 799 νόσον,
681 767 729 793 καὶ
747 767 783 802 μὴ
798 767 842 793 τὸν
854 775 897 794 νο-

116 807 220 834 σοῦντα·
242 809 273 835 Τί
288 809 421 845 ἐγκαυχᾷ
434 810 468 837 ἐν
482 812 580 844 κακίᾳ,
594 811 719 844 δυνατέ;
738 813 805 848 Περὶ
820 812 896 848 ὑμῶν

114 853 193 880 τοῦτο
206 855 220 880 ὁ
232 854 337 890 ψαλμὸς
351 856 473 891 ἐϐόησεν·
493 857 626 892 Ὰνομίαν
640 858 703 894 γὰρ,
716 859 806 894 φησὶν,
821 860 896 893 ὅλην

114 897 172 931 τὴν
182 897 304 932 ἡμέραν·
322 900 455 932 τουτέστι,
471 901 559 928 πάντα
573 902 618 928 τὸν
628 904 676 938 τῆς
688 903 760 938 ζωῆς
777 913 823 930 σου
833 905 897 940 χρόε

115 952 159 970 νον
177 945 343 980 παρακούεις
353 945 399 972 τοῦ
414 947 559 981 νομοθέτου
571 947 617 974 τοῦ
631 948 763 982 λέγοντος
773 949 822 983 Μὴ
836 950 897 976 ἐπι·
913 947 933 973 Β

115 986 208 1014 δυέτω
222 990 239 1015 ὁ
251 989 336 1023 ἣλιος
349 990 397 1016 ἐπὶ
410 990 450 1023 τῷ
462 992 652 1027 παροργισμῷ
665 993 757 1028 ὑμῶν.
774 994 843 1029 Φησὶ
858 995 897 1027 δὲ,

113 1032 152 1064 ὡς
174 1033 301 1061 Ἀδικίαν
321 1035 481 1070 ἐλογίσατο
504 1038 523 1071 ἡ
550 1038 675 1072 γλῶσσά
692 1047 759 1066 σοιν
774 1041 804 1066 οὐ
824 1040 897 1076 παύῃ

115 1080 171 1115 γὰρ
186 1076 352 1117 βλασφημῶν
369 1084 414 1110 τὸν
428 1084 541 1119 ἀδελφόν
555 1094 611 1113 σου.
631 1087 712 1113 ὊΘεν
723 1087 813 1114 δικαία
828 1089 897 1123 σοιή

114 1126 234 1162 τιμωρία
248 1129 313 1163 παρ’
330 1128 410 1156 αὐτοῦ
427 1129 630 1166 τοῦιΎμνῳδοῦ
642 1133 673 1159 ὲκ
685 1132 731 1159 τοῦ
742 1133 898 1169 Πνεύματος

115 1171 307 1208 προσφέρεταν
328 1174 379 1201 Διὰ
393 1175 480 1202 τοῦτο
495 1176 564 1211 γὰρ,
583 1178 681 1212 φησὶν,
702 1180 719 1205 ὁ
740 1179 811 1212 Θεὸς
827 1182 897 1207 καί]-

114 1216 178 1243 elei
191 1225 227 1244 σε
241 1219 284 1251 είς
299 1219 395 1252 τέλος,
411 1220 524 1247 ἐκτίλαι
540 1229 577 1248 σε
596 1222 644 1248 καὶ
658 1223 899 1257 μετανωτεῦσαί

115 1269 153 1288 σε
168 1262 227 1290 ἀπὸ
248 1264 443 1299 σκηνώματός
462 1275 530 1299 σου,
551 1267 601 1293 καὶ
617 1267 650 1293 τὸ
663 1267 772 1303 ῥίζωμὰ
791 1276 848 1296 σου
864 1270 898 1296 ἐκ

116 1306 173 1341 γῆς
184 1307 308 1338 ζώντων.
324 1311 415 1337 Ταῦτα
433 1311 471 1347 τῷ
490 1313 651 1349 μνησικάκῳ
664 1314 698 1340 τὰ
710 1314 794 1350 δῶρα·
811 1315 898 1342 ταῦτα

116 1352 167 1387 τῆς
183 1354 282 1386 κακίας
295 1355 329 1382 τὰ
347 1356 458 1383 ἔπαθλα.

150 1442 194 1470 65.
214 1443 395 1472 Φυλάττεσθαι
412 1444 457 1473 οὖν
473 1447 530 1474 δέον
542 1448 595 1475 ἀπὸ
611 1450 801 1485 μνησικακίας
814 1451 897 1478 πολλὰ

116 1486 170 1522 γὰρ
184 1488 252 1524 αὐτῇ
268 1489 443 1518 ἀκολουθοῦσι
456 1492 540 1527 δεινὰ,
560 1494 665 1529 φθόνος,
681 1495 763 1531 λύπη,
779 1498 898 1525 καταλα-

116 1533 169 1560 λιά.
187 1534 379 1572 Θανατηφὸρος
398 1539 413 1574 ή
430 1539 531 1566 τούτων
548 1541 640 1573 κακία,
659 1542 710 1569 κᾶν
733 1544 818 1580 μικρὰ
832 1544 896 1581 δοκῇ

117 1581 267 1616 τυγχάνειν.
294 1583 386 1610 Ταῦτα
412 1585 461 1619 μὲν
483 1585 536 1622 γὰρ
558 1586 650 1624 ὥσπερ
671 1588 733 1624 βέλη
750 1589 834 1617 λεπτὰ
849 1591 896 1618 τοῦ

117 1627 214 1662 ἐχθροῦ
236 1630 408 1665 τυγχάνουσι.
427 1633 482 1659 Καὶ
503 1632 632 1665 πολλάκις
648 1633 682 1661 τὰ
703 1635 756 1661 ἀπὸ
772 1635 898 1671 διστόμου
913 1638 935 1668 C

120 1675 256 1710 μαχαίρας
279 1677 325 1704 καὶ
348 1678 467 1712 μείζονος
486 1678 578 1712 ξίφους
599 1680 752 1715 τραύματα,
777 1680 820 1709 οἷά
842 1682 900 1709 ἐστι

119 1721 231 1755 πορνεία
246 1722 293 1748 καὶ
309 1723 458 1756 πλεονεξία,
474 1725 520 1751 καὶ
537 1725 625 1759 φόνος,
645 1726 757 1761 ίάοησαν
771 1727 900 1760 πολλάκις

118 1766 162 1792 διὰ
188 1766 235 1793 τοῦ
261 1768 393 1803 σωτηρίου
414 1770 560 1804 φαρμάκου
576 1771 626 1806 τῆς
644 1773 795 1806 μετανοίας·
815 1773 900 1809 ὑπερ-

118 1812 219 1846 ηιρανία
231 1813 296 1848 δὲ,ἢ
314 1815 489 1849 μνησικακία,
506 1816 523 1852 ἢ
538 1817 696 1849 καταλαλιὰ,
709 1817 802 1853 ὥσπερ
816 1819 901 1855 μικρὰ

118 1857 247 1885 δοκοῦντα
260 1856 332 1887 εἶναι·
342 1860 416 1896 βέλη,
434 1861 617 1894 λανθανόντως
631 1863 750 1895 ἀνεῖλαν,
766 1863 836 1890 κατὰ
847 1864 901 1891 τῶν

119 1905 305 1940 καιριωτέρων
321 1906 370 1941 τῆς
387 1906 477 1942 ψυχῆς
499 1907 599 1942 μορίων
621 1909 751 1943 παγέντα.
769 1909 861 1936 Ταῦτα
873 1910 901 1936 δὲ

119 1950 149 1975 οὐ
165 1950 202 1985 τῷ
220 1951 327 1985 μεγέθει
342 1951 448 1987 ἀναιρεῖ
460 1953 508 1988 τῆς
523 1953 638 1990 πληγῆς,
658 1954 726 1981 ἀλλὰ
738 1956 770 1990 τῇ
787 1955 902 1991 ἁμελιίᾳ

119 1995 173 2022 τῶν
193 1997 358 2031 τρωθέντωψ
374 1997 411 2030 ὡς
432 1999 544 2034 μηδενὸς
559 1999 613 2034 γὰρ
633 1999 715 2026 ὄντων
733 2001 902 2036 καταφρονή-

121 2049 216 2073 σαντες
231 2042 281 2076 τῆς
296 2051 326 2069 τε
340 2044 503 2076 καταλαλιᾶς
516 2045 562 2072 καὶ
575 2044 630 2072 τῶν
645 2045 755 2078 λοιπῶν,
771 2046 841 2073 κατὰ
857 2055 901 2082 μι-

121 2087 185 2121 κρὸν
202 2087 248 2114 ὑπ’
263 2088 351 2114 αὐτῶν
362 2088 553 2125 διεφθάρησαν.

157 2132 199 2160 66.
220 2133 294 2167 Βαρὺ
313 2132 360 2161 οὖν
379 2136 427 2162 καὶ
448 2135 583 2171 μοχθηρὸν
603 2137 619 2172 ή
642 2136 799 2163 καταλαλιάο
816 2136 903 2173 τροφὴ

121 2179 176 2214 γὰρ
188 2180 234 2206 καὶ
249 2180 392 2207 ἀνάπαυλα
407 2189 487 2208 τινων
500 2181 650 2217 ἀνθρώπων
664 2182 801 2217 τυγχάνει.
823 2183 858 2209 Σὺ
874 2183 902 2209 δὲ

124 2224 161 2260 μὴ
175 2225 314 2261 παραδέξῃ
331 2226 414 2262 ἀκοὴν
433 2227 559 2262 ματαίαν,
579 2227 615 2264 μὴ
632 2227 685 2254 τῶν
698 2228 843 2264 ἀλλοτρίων
855 2237 903 2255 κα-

123 2270 177 2296 κῶν
184 2271 369 2309 δοχεῖοννγένῃ.
379 2272 532 2308 Ἀπέριττον
542 2273 653 2299 σεαυτοῦ
667 2273 715 2309 τὴν
725 2273 812 2308 ψυχὴν
821 2282 903 2309 παρα-

951 309 1140 344 obsequuntur
1164 309 1203 337 sic
1219 309 1359 344 loquenti:
1379 307 1449 335 Vade
1471 309 1543 342 prius
1569 310 1734 336 reconciliari

951 354 1030 388 fratri
1060 359 1103 381 tuo
1121 361 1129 380 :
1148 354 1234 389 sicque
1265 354 1330 388 oﬂ'er
1361 362 1454 380 manus
1478 355 1594 380 tuum".
1620 354 1652 382 Et
1680 356 1734 382 alio

951 401 1010 427 loco
1025 410 1031 427 :
1046 400 1108 432 Soi,
1132 401 1238 435 inquit,
1263 409 1314 428 non
1337 401 1439 428 occidat
1462 409 1540 435 super
1568 402 1733 432 iracundiam

950 449 1063 471 uestram
1082 445 1113 471 ’⁸.

985 490 1031 518 64,
1050 489 1145 525 Opera:
1168 491 1284 526 pretium
1306 491 1389 527 igitur
1407 496 1449 520 est
1470 500 1525 520 non
1547 493 1628 521 irasci
1641 504 1647 521 :
1660 494 1732 529 quod

950 535 973 562 si
989 541 1079 563 tamen
1097 536 1125 563 id
1148 537 1305 572 contigerit,
1323 545 1358 565 ne
1369 538 1450 565 unius
1472 538 1582 573 quidem
1597 539 1650 566 diei
1671 548 1734 575 spa-

949 581 1018 608 tium
1035 582 1084 609 tibi
1102 583 1240 609 concessit
1259 582 1293 609 ad
1316 583 1399 610 animi
1420 588 1522 610 motum
1543 584 1731 613 retinendum:

950 628 1078 663 pmcepit
1102 628 1174 656 enim
1196 636 1231 656 ne
1253 628 1293 656 sol
1309 628 1425 657 occidat.
1444 628 1484 656 Tu
1507 637 1573 657 vero
1587 631 1734 665 procrasti-

950 681 1009 707 nas,
1024 674 1110 701 donec
1129 677 1216 701 totum
1231 675 1293 702 vita)
1313 678 1366 702 tua:
1382 679 1489 709 tempus
1513 676 1655 703 occiderit.
1678 675 1732 704 Ne.

950 721 1005 747 scis
1019 719 1071 746 hoc
1085 720 1178 756 dicere
1192 719 1309 754 :Su/ﬁcit
1323 720 1376 746 diei
1388 720 1491 747 malitia
1502 728 1552 747 sua
1568 721 1600 748 ".
1615 721 1671 748 Cur
1685 721 1734 748 ho-

950 765 1050 791 minem
1076 764 1139 792 odio
1161 764 1255 796 habes,
1277 765 1324 800 qui
1346 769 1373 792 te
1399 765 1524 793 molestia
1544 765 1650 793 all'ecit?
1674 765 1732 793 Non

949 809 1008 844 ipse
1024 809 1073 837 tibi
1089 809 1218 844 injuriam
1234 810 1335 843 intulit,
1358 811 1406 838 sed
1423 810 1560 838 diabolus.
1582 810 1650 838 0dio
1665 811 1734 838 habe

949 854 1148 890 aegritudinem,
1165 863 1221 882 non
1244 863 1345 891 aegrum
1359 866 1365 883 :
1380 855 1451 888 Quid
1464 856 1588 890 gloriaris
1604 857 1632 883 in
1653 856 1733 883 mali-

951 900 999 932 tia,
1023 901 1067 934 qui
1083 905 1172 934 potens
1191 909 1217 927 es
1229 901 1272 927 ὀἳ
1292 901 1329 928 De
1348 905 1376 928 te
1392 901 1444 928 hoc
1465 900 1609 929 Psalmista
1631 902 1735 929 clama-

947 945 1004 973 vit:
1020 945 1054 972 ]n
1073 946 1212 981 iniquitate
1224 946 1308 978 enim,
1323 946 1420 980 inquit,
1439 950 1495 973 tota
1511 946 1553 973 die
1565 947 1605 980 ¹¹;
1618 947 1669 974 hoc
1680 951 1734 978 est,

948 995 1005 1018 tcto
1016 991 1078 1018 vitae
1089 996 1141 1018 tuae
1149 995 1270 1026 tempore
1280 999 1335 1019 non
1347 991 1519 1026 obtemperas
1532 992 1679 1027 legislatori
1693 992 1734 1019 di-

949 1037 1020 1064 centi
1031 1045 1037 1063 :
1047 1036 1108 1064 Non
1119 1037 1222 1064 accidat
1233 1038 1273 1064 sol
1284 1044 1361 1071 super
1372 1037 1539 1064 iracundiam
1554 1044 1676 1064 vestram.
1689 1037 1734 1064 Ait

949 1086 1038 1109 autem
1048 1081 1224 1115 :Iniustitiam
1234 1082 1357 1117 cogitavit
1371 1082 1459 1117 lingua
1471 1087 1517 1109 tua
1526 1083 1559 1108 ¹¹.
1569 1081 1628 1110 Non
1641 1090 1734 1110 cessas

949 1127 1062 1155 fratrem
1077 1132 1154 1155 tuum
1170 1128 1308 1156 incessere
1324 1128 1488 1155 maledictis.
1503 1128 1593 1161 Quare
1607 1129 1733 1155 meritum

948 1173 997 1200 tibi
1013 1173 1177 1208 supplicium
1190 1174 1224 1201 ab
1238 1174 1298 1208 ipso
1313 1173 1458 1201 Psalmista
1471 1181 1504 1201 ex
1520 1172 1622 1208 Spiritu
1637 1178 1734 1201 sancto

948 1218 1140 1245 renuntiatur:
1154 1217 1309 1252 Propterea,
1331 1218 1430 1253 inquit,
1444 1218 1514 1245 Deus
1534 1217 1650 1245 destruet
1670 1218 1734 1245 tein

948 1263 1040 1297 linem,
1051 1266 1076 1290 et
1086 1263 1216 1299 emigrare
1231 1264 1310 1298 faciet
1324 1268 1347 1290 te
1359 1263 1390 1290 de
1406 1264 1576 1291 tabernaculo
1589 1269 1644 1296 tuo,
1656 1269 1680 1291 et
1693 1272 1734 1290 ra-

948 1308 1032 1335 dicem
1057 1314 1130 1335 tuam
1150 1309 1183 1336 de
1202 1314 1272 1336 terra
1286 1310 1428 1336 viventium
1440 1310 1473 1337 ".
1498 1309 1562 1338 llzec
1582 1315 1645 1338 sunt
1662 1311 1734 1338 dona

948 1361 1043 1381 eorum
1069 1355 1116 1390 qui
1138 1355 1297 1382 memoriam
1324 1355 1443 1383 retinent
1472 1351 1646 1391 injuriaruin.
1671 1356 1734 1384 Haec

949 1399 1095 1427 simultatis
1110 1400 1231 1435 praemia.

983 1444 1028 1478 65.
1051 1445 1202 1472 Caveamus
1230 1453 1295 1480 ergo
1326 1446 1360 1472 ab
1393 1446 1556 1481 injuriarum
1592 1447 1733 1474 memoria.

949 1489 1035 1516 Multa
1061 1489 1161 1524 quippe
1190 1492 1397 1524 consequuntur
1421 1497 1480 1517 eam
1505 1489 1591 1521 mala,
1620 1489 1732 1521 invidia,

949 1533 1071 1567 tristitia,
1095 1534 1268 1561 obtrectatio.
1283 1533 1421 1562 Letliifera
1434 1538 1484 1561 ~est
1500 1534 1597 1561 horum
1620 1534 1733 1567 malitia,

949 1580 1013 1606 licet
1032 1579 1138 1607 modica
1161 1580 1295 1607 videatur.
1314 1579 1420 1607 Etenim
1443 1579 1537 1606 isthaec
1563 1583 1627 1608 sunt
1651 1580 1733 1608 veluti

951 1624 1058 1651 minora
1082 1624 1185 1651 inimici
1207 1625 1271 1651 tela.
1289 1623 1453 1659 Plerumque
1469 1629 1558 1651 tamen
1580 1623 1680 1651 accidit
1705 1628 1736 1651 ut

950 1670 1062 1698 vulnera
1087 1678 1136 1705 per
1159 1670 1277 1705 gladium
1296 1670 1454 1705 ancipitem,
1478 1673 1505 1696 et
1522 1670 1670 1697 maximum
1690 1678 1736 1698 eu-

950 1725 1006 1746 sem
1031 1717 1152 1750 inilicta,
1170 1717 1324 1752 cujusmodi
1345 1721 1419 1748 sunt,
1435 1716 1591 1748 fornicatio,
1609 1716 1734 1748 avaritia,

949 1763 1144 1795 homicidium,
1176 1763 1290 1791 salutari
1316 1762 1483 1798 paenitentia:
1506 1762 1609 1789 medela
1640 1767 1735 1789 curata

951 1808 1214 1844 fuerintzsuperbia
1242 1815 1316 1840 vero,
1338 1807 1500 1842 injuriarum
1524 1807 1665 1839 memoria,
1687 1808 1732 1835 oli-

949 1854 1095 1887 trectatio,
1120 1861 1181 1888 qua:
1196 1861 1246 1888 pro
1264 1853 1386 1881 minimis
1411 1853 1472 1880 telis
1497 1852 1641 1885 habentur,
1665 1853 1734 1880 clam

951 1900 1148 1932 interemerint,
1164 1899 1232 1934 ipsis
1243 1898 1424 1926 nobilioribus
1437 1897 1534 1925 anima:
1551 1898 1736 1932 partibus.de-

951 1946 1014 1973 ﬁxa.
1029 1945 1092 1973 Hac
1103 1950 1192 1973 autem
1204 1953 1259 1972 non
1271 1945 1405 1980 gravitate
1422 1943 1544 1971 vulneris
1556 1943 1734 1976 interﬁciunt,

952 1991 1000 2018 sed
1023 1990 1129 2018 incuria
1148 1990 1364 2021 vulneratorum,
1383 1989 1430 2024 qui
1456 1996 1518 2016 cum
1541 1988 1735 2016 detractionem

952 2044 1013 2064 cum
1030 2036 1142 2072 reliquis
1156 2036 1230 2064 vitiis
1243 2036 1320 2063 nihili
1342 2028 1614 2071 pendant,paulatim
1630 2042 1678 2069 per
1688 2036 1735 2062 illa

952 2086 1075 2118 pereunt.

987 2127 1030 2155 66.
1051 2127 1139 2155 Grave
1152 2127 1234 2162 igitur
1243 2130 1269 2154 et
1282 2127 1466 2162 perniciosum
1478 2127 1617 2162 quidpiam
1630 2132 1671 2155 est
1686 2127 1735 2154 οι)-

952 2173 1089 2204 trectatio,
1104 2180 1164 2208 quae
1178 2172 1257 2200 cibus
1273 2177 1316 2200 est
1337 2180 1369 2199 ac
1385 2172 1467 2199 veluti
1483 2174 1590 2207 requies
1607 2180 1737 2207 quorum-

953 2218 1015 2246 dam
1042 2219 1193 2248 hominum.
1219 2218 1260 2245 Tu
1284 2225 1349 2246 vero
1373 2225 1407 2244 ne
1428 2218 1549 2252 excipias
1571 2218 1736 2245 auditionem

953 2266 1064 2297 malam,
1079 2273 1112 2292 ne
1124 2265 1274 2292 alienorum
1286 2264 1420 2291 malorum
1436 2271 1467 2290 ac
1476 2265 1602 2291 vitiorum
1615 2268 1735 2298 recepta-

125 2315 249 2347 σκεύαζε.
274 2316 470 2353 Ὑποδεξαμένη
493 2317 546 2353 γὰρ
563 2319 612 2354 τὴν
630 2318 733 2354 δυσώδη
750 2319 803 2345 τῶν
817 2320 900 2353 λόγων

955 2313 1046 2340 culum
1058 2311 1168 2339 evadas.
1186 2311 1311 2337 Animam
1326 2315 1400 2338 tuam
1415 2310 1513 2337 reddas
1533 2310 1677 2345 superﬂuis
1688 2319 1736 2338 va-

123 2360 301 2395 ἀκαθαρσίαν,
314 2362 424 2397 κηλίδας
440 2364 472 2398 τῇ
490 2363 554 2398 εὐχῇ
571 2372 616 2389 σου
636 2363 778 2398 προσάξεις
793 2364 837 2390 διὰ
850 2365 904 2391 τῶν

123 2403 269 2439 λογισμῶν,
278 2406 325 2432 καὶ
338 2407 465 2438 ἀναιτίως
477 2407 600 2442 μισήσεις
610 2408 671 2438 τοὺς
681 2408 903 2442 ἐντυγχάνοντας.

124 2450 335 2488 Καταὸαφείσης
349 2453 403 2488 γάρ
416 2461 462 2479 σου
478 2453 528 2488 τῆς
539 2453 622 2488 ἀκοῆς
635 2453 686 2480 ὑπὸ
696 2455 745 2489 τῆς
755 2454 808 2480 τῶν
821 2463 903 2480 κακο-

125 2493 276 2527 λογοὺντων
287 2496 494 2533 ἀπανθρωπίας,
507 2498 626 2532 ἀγεννῶς
641 2499 722 2524 πᾶσιν
733 2498 904 2530 ἐνατενίσεις·
919 2499 922 2503 ’

125 2538 249 2575 καθάπερ
263 2540 277 2565 ὀ
292 2540 437 2576 ὀφθαλμὸς,
453 2542 577 2578 χρώματι
589 2541 788 2578 ἀκρατέστερον
806 2544 906 2579 προλη-

124 2584 212 2618 φθεὶς,
230 2585 384 2622 ἀδιάκριτον
401 2587 456 2625 ἔχει
471 2588 534 2623 περ)¹
551 2587 586 2614 τὰ
601 2587 726 2623 ὁρώμενα
740 2587 788 2623 τὴν
803 2597 904 2622 φαντα-

125 2638 194 2656 σιαν.

159 2720 203 2748 67.
223 2722 269 2748 Δεῖ
291 2720 337 2748 οὖν
362 2722 540 2756 φυλάττεσθαι
566 2722 614 2758 τὴν
640 2722 762 2757 γλῶτταν
789 2723 834 2749 καὶ
858 2723 906 2758 τὴν

125 2766 219 2802 ἀκοὴν,
233 2767 300 2802 πρὸς
312 2767 343 2794 τὸ
359 2768 427 2802 μήτε
440 2768 528 2802 λέγειν
540 2777 566 2794 τι
579 2768 706 2800 τοιοῦτον,
720 2769 787 2804 μήτε
800 2767 908 2795 ἀκούειν

126 2812 265 2848 ἐμπαθῶς.
284 2813 439 2849 Γέγραπται
460 2813 523 2848 γὰρ,
537 2813 574 2846 ὡς
592 2813 640 2848 Μὴ
657 2814 754 2848 ἀκοὴν
780 2814 909 2848 ματαίαν

163 2892 182 2906 ι⁷
195 2891 290 2919 Matth.
301 2901 326 2924 v,
338 2892 382 2919 24.
423 2892 442 2907 "
453 2892 551 2926 Eplies.
563 2899 598 2925 tv,
607 2892 651 2920 26.
692 2893 711 2909 ¹⁹
723 2891 815 2920 Matth.
826 2899 865 2924 vt,
874 2891 919 2920 5-1.

955 2366 1046 2386 cuam.
1062 2357 1090 2384 Si
1106 2365 1222 2392 namque
1241 2356 1363 2391 putidam
1381 2363 1536 2385 sermonum
1553 2357 1671 2384 illuviem
1687 2357 1737 2384 ad-

955 2404 1075 2436 miseris,
1093 2403 1215 2431 maculas
1230 2402 1347 2430 orationi
1365 2406 1419 2430 tua:
1434 2410 1562 2437 asperges
1579 2410 1627 2436 per
1641 2401 1737 2436 hujus-

958 2449 1031 2476 modi
1047 2448 1235 2484 cogitationes,
1254 2451 1281 2475 et
1296 2447 1400 2482 absque
1416 2454 1500 2474 causa
1516 2446 1607 2474 oderis
1626 2455 1674 2474 eos
1691 2446 1737 2481 qui

957 2499 1047 2522 tecum
1070 2497 1225 2521 versantur.
1248 2492 1460 2528 6301mbutis
1481 2500 1598 2527 namque
1624 2493 1738 2520 auribus

959 2540 1014 2567 tuis
1028 2540 1243 2567 obtrectatorum
1265 2538 1475 2570 inhumanitate,
1498 2538 1624 2564 illiberali
1647 2538 1738 2564 animo

957 2589 1073 2612 cunctos
1085 2584 1204 2620 aspicies
1217 2593 1224 2611 :
1238 2582 1466 2619 quemadmodum
1485 2582 1581 2609 oculus
1596 2581 1738 2608 vehemen-

955 2631 1026 2658 tiore
1037 2628 1188 2665 occupatus
1200 2630 1301 2661 colore,
1316 2628 1460 2655 obscuram
1476 2627 1557 2654 habet
1573 2635 1662 2654 rerum
1674 2634 1737 2662 per-

956 2676 1105 2711 ceptionem
1110 2695 1116 2702 .

992 2721 1036 2748 67.
1058 2720 1171 2756 Oportet
1191 2721 1273 2756 igitur
1293 2721 1412 2754 linguam
1433 2726 1567 2753 auresque
1590 2718 1738 2751 custodire,

956 2773 990 2792 ue
1003 2765 1068 2800 quid
1084 2765 1219 2800 ejusmodi
1242 2765 1359 2792 libenter
1374 2764 1518 2791 audiamus
1540 2763 1583 2790 vel
1604 2763 1738 2791 dicamus.

958 2813 1096 2847 Scriptum
1123 2819 1239 2847 namque
1254 2815 1296 2839 est
1311 2820 1317 2838 :
1332 2809 1392 2836 Non
1410 2809 1559 2844 suscipietis
1579 2808 1739 2835 auditionem

1338 2887 1360 2902 "
1381 2887 1446 2915 ibid.
1463 2888 1483 2915 1.
1533 2887 1553 2903 ’³
1576 2887 1639 2914 ibid.
1653 2886 1679 2911 7.

957 2889 1107 2923 "Psal.u,
1128 2890 1151 2917 l.
1191 2889 1211 2905 ¹¹
1233 2888 1300 2916 ἰιιὶιι.
