1919 3064
162 193 228 220 ΙΞΞἸ

724 195 753 224 S.
776 196 1006 224 ATHANASIUS.
1020 211 1054 216 —
1075 195 1208 223 SPUllIA.

1708 197 1776 224 1528

160 250 359 282 vuuam":ct,
389 250 573 278 Deira/lentem
603 258 701 280 secreto
726 254 847 287 proxima
876 262 924 280 suo

993 251 1226 286 aapaﬁéfaoﬁat'
1240 253 1297 284 καί,
1318 252 1372 279 Τὸν
1387 251 1614 279 κιιταλαλοῦντα
1625 252 1721 287 λάθρα
1735 254 1777 286 τῷ

159 296 227 322 hunc
247 296 416 330 perseqtebar
429 297 460 324 ".
478 298 556 332 Apud
579 298 750 326 Psalmistam
775 307 884 334 quoque
901 299 942 326 di-

158 343 230 370 citur
245 352 252 370 :
267 342 300 369 Ut
315 351 365 370 non
380 342 503 378 loquatur
517 352 545 371 as
567 353 651 372 meum
667 353 744 379 opera
762 345 897 373 hominum
906 346 939 371 “.

157 388 212 416 Nos
230 396 294 416 vero
310 389 391 416 etiam
407 397 439 417 ea
461 397 521 424 qua:
538 398 591 418 non
610 396 674 418 sunt
691 399 772 426 opera
792 391 939 426 loquimur.

156 434 250 469 itaque
265 442 318 461 non
337 434 503 462 credendum
518 435 675 470 huiusmodi
690 437 872 468 sermonibus.
891 444 940 464 nec

156 484 247 507 tamen
264 480 411 507 damnandi
427 481 473 516 qui
491 481 554 508 talia
570 481 730 516 loquuntur.
746 481 846 509 Verum
860 482 938 516 juxta

155 526 274 553 divinam
291 526 459 562 Scripturam
475 527 500 554 id
513 527 609 559 iacias.
625 528 652 555 id
667 528 743 556 dicas
757 538 763 556 :
779 528 834 564 Ego
850 534 938 555 autem

155 573 222 599 sicut
244 572 339 599 surdus
355 581 405 599 non
427 573 576 605 audiebam.
590 578 614 600 et
627 574 693 601 sicut
709 579 796 601 mutus
811 582 862 601 non
877 582 939 609 ape-

156 618 225 645 riens
239 626 268 645 os
286 627 370 645 meant
382 619 415 645 ".

191 663 235 692 68.
253 663 312 691 Non
339 665 417 692 decet
443 665 528 693 laetari
557 665 591 693 de
618 665 738 693 hominis
765 665 937 698 calamitate,

155 711 278 743 quamvis
297 711 431 738 maximus
446 712 481 738 sit
494 717 629 746 peccator.
650 711 764 745 Quidam
779 711 862 743 enim,
874 718 937 738 cum

153 756 307 790 quempiam
321 756 412 784 vident
424 756 515 792 ﬂagris
527 757 605 788 czcdi,
621 757 662 785 vcl
678 757 704 784 in
722 765 858 794 carcerem
871 766 937 785 con-

151 801 210 836 jici,
237 801 360 836 imperite
377 803 550 836 proverbium
575 802 640 830 illud
666 802 796 830 saaculare
816 810 937 838 pronun-

153 848 221 875 tiant
233 858 239 875 :
251 848 303 880 Qui
319 849 387 876 male
403 849 535 881 straverit,
548 849 643 875 misere
665 848 785 876 cwnabil.
807 848 847 876 Tu
870 857 936 884 ergo

152 902 213 928 qua:
232 894 316 930 probe
331 895 380 922 tibi
398 903 442 922 res
463 895 599 927 stravisti,
620 895 734 922 conlidis
750 899 776 922 te
790 895 936 931 tranquille

152 944 274 967 acturam
298 941 361 969 vita
377 946 493 976 tempus.
511 941 615 977 Ecquid
633 941 764 970 faciemus
789 942 813 969 ei
829 942 876 977 qui
893 940 936 968 af-

152 986 242 1012 ﬁrmat
263 994 346 1014 unum
366 992 494 1015 eventum
519 995 580 1015 esse
593 988 669 1022 justo
697 992 725 1015 et
746 987 936 1022 peccatori"?

152 1030 210 1058 Una
229 1033 329 1067 quippe
347 1033 426 1061 nobis
451 1033 496 1060 hic
518 1039 560 1061 est
580 1034 643 1061 vitae
663 1034 795 1066 conditio,
811 1033 934 1069 quamvis

150 1077 288 1104 diversum
305 1082 440 1105 sectemur
454 1078 609 1106 institutum

186 1122 230 1150 69.
250 1122 309 1150 Non
339 1123 402 1151 licet
427 1123 491 1151 odio
517 1124 617 1152 habere
644 1124 779 1152 inimicos.
802 1123 935 1152 Dominus

150 1167 223 1194 enim
238 1167 291 1195 hoc
306 1168 386 1196 nobis
402 1176 468 1195 voce
484 1169 594 1203 propria
606 1168 698 1203 jussit.
716 1169 761 1196 Ait
772 1169 844 1196 enim
855 1179 862 1197 :
872 1169 935 1196 Non

149 1214 236 1240 solum
255 1221 299 1240 eos
314 1215 359 1249 qui
378 1222 422 1241 vos
435 1213 550 1249 diligunt
561 1214 664 1249 diligite
675 1214 741 1241 :hoc
755 1215 823 1242 enim
840 1220 864 1242 et
880 1223 936 1248 pecn

150 1264 251 1286 tutores
264 1264 289 1286 ct
297 1258 431 1293 publicani
445 1258 546 1293 faciunt
555 1260 588 1287 ".
601 1259 705 1287 Bonum
715 1260 787 1287 enim
799 1268 853 1287 non
864 1264 932 1292 arte,

150 1309 205 1328 non
220 1302 372 1329 certamine
383 1301 486 1336 indiget
500 1304 529 1328 ut
544 1305 677 1336 captetur,
690 1309 752 1329 nam
765 1302 798 1328 ad
815 1310 844 1330 se
851 1302 935 1329 trahit

150 1351 296 1379 amantes;
314 1347 416 1374 malum
432 1355 498 1375 vero
512 1347 604 1375 divina
621 1347 745 1374 doctrina
769 1355 838 1382 opus
853 1347 934 1376 habet

149 1397 179 1419 ut
193 1392 347 1424 abolentur,
364 1396 446 1427 atque
462 1392 555 1419 labore
580 1392 675 1419 multo.
693 1391 804 1420 Scilicet
821 1400 934 1428 regnum

148 1438 280 1465 ccelorum
310 1445 366 1466 non
394 1442 437 1466 est
458 1437 648 1474 languidorum
671 1438 858 1474 segniumque,
886 1439 934 1466 sed

147 1483 338 1510 violentorum.

185 1529 229 1557 70.
251 1529 485 1562 Quemadmodum
503 1535 568 1564 ergo
585 1536 639 1556 non
651 1529 714 1558 licet
732 1530 857 1558 inimicos
871 1529 934 1558 odio

147 1575 266 1609 habere;
279 1576 316 1602 ita
328 1584 417 1611 neque
428 1576 594 1612 negligentes
606 1581 633 1604 et
644 1577 735 1612 pigros
750 1576 842 1612 fugere
851 1584 932 1611 opor-
945 1592 966 1621 ο

147 1625 187 1648 tet
200 1625 227 1648 et
241 1622 422 1649 subsannare.
434 1622 549 1655 Quidam
562 1626 626 1650 sunt
638 1623 685 1657 qui
700 1623 771 1649 hanc
784 1623 932 1657 Scriptum

147 1667 310 1694 sententiam
325 1667 378 1694 sibi
393 1668 535 1703 proferunt
547 1677 554 1695 :
567 1667 634 1694 Cum
644 1672 735 1695 sancto
747 1673 854 1695 sanctus
868 1668 930 1701 eris,

146 1717 172 1740 et
182 1721 240 1739 cum
251 1721 369 1747 perverso
380 1722 433 1740 uua
444 1719 576 1740 convertes
583 1714 615 1741 ³ο.
627 1713 783 1749 Propterea,
794 1715 931 1749 inquiunt,

147 1758 267 1793 fugimus
280 1763 449 1793 peccatores,
465 1767 499 1786 ne
513 1759 548 1786 ab
562 1759 602 1786 eis
618 1765 816 1794 pervertamur.
833 1759 866 1786 lli
897 1766 931 1786 ex

146 1804 231 1831 animi
254 1804 407 1839 ignorantia
427 1812 507 1832 secus
528 1812 557 1832 se
576 1808 685 1839 gerunt.
711 1804 791 1833 Jubet
814 1813 932 1840 namque

147 1849 268 1885 Spiritus
288 1854 411 1881 sanctus,
441 1858 495 1877 non
518 1850 627 1884 quidem
655 1855 684 1878 ut
710 1859 771 1878 cum
796 1852 932 1886 perversis

145 1900 349 1931 pen'ertamur;
363 1895 410 1922 sed
429 1899 462 1922 ut
475 1904 507 1923 ex
523 1900 646 1923 tortuosa
661 1897 705 1924 via
721 1896 755 1924 ad
765 1902 869 1924 rectam
881 1905 932 1925 nos

146 1945 348 1969 convertamus.
378 1941 438 1968 Una
463 1946 595 1969 convertes
615 1942 686 1970 enim
709 1943 855 1978 signiﬁcat,
877 1951 931 1971 una

145 1987 238 2013 trahes
254 1986 345 2021 ipsum
359 1986 394 2013 ad
409 1990 447 2018 te,
463 1994 478 2013 a
495 1987 617 2016 sinistris
633 1988 667 2016 ad
683 1989 790 2016 dextra.

181 2072 224 2099 7|.
246 2072 311 2100 Tria
329 2077 394 2101 sunt
412 2075 607 2102 sententiarum
627 2083 727 2111 genera
741 2077 828 2105 'circa
842 2078 931 2106 homi-

145 2127 211 2146 num
222 2120 303 2147 vitam
318 2129 325 2147 :
339 2127 453 2155 quarum
469 2121 556 2156 prima
568 2126 611 2149 est
628 2130 741 2150 summa:
753 2124 874 2157 malitia);
887 2132 930 2152 se-

145 2164 235 2192 cunda
248 2165 344 2193 mediae
360 2165 537 2199 conditionis,
552 2175 612 2202 qua:
628 2168 708 2203 quasi
728 2173 872 2204 utramque
886 2177 931 2197 re-

144 2210 237 2245 spicit,
255 2215 353 2245 estque
370 2213 511 2247 utriusque
527 2213 682 2248 particeps;
700 2215 781 2242 tertia
801 2215 835 2242 ad
854 2224 929 2243 sumr

991 298 1125 332 πλησίον
1152 298 1255 330 αὑτοῦ,
1284 297 1392 324 τοῦτον
1419 297 1588 330 ἐξεδίωκον.
1622 299 1665 324 Ἑν
1689 299 1716 325 δὲ
1735 299 1775 332 τῷ

990 344 1135 380 Ψαλμῳδῷ
1151 353 1241 380 φησιν·
1266 345 1361 377 Ὅπως
1378 343 1416 370 ἂν
1428 343 1471 378 μὴ
1487 344 1609 378 λαλήσῃ
1628 345 1661 371 τὸ
1679 346 1774 379 στόμα

987 400 1048 425 μου
1070 390 1106 417 τὰ
1122 391 1193 425 ἔργα
1208 390 1266 417 τῶν
1280 390 1451 424 ἀνθρώπων.
1474 391 1569 426 Ἡμεῖς
1581 391 1609 417 δὲ
1623 391 1670 417 καὶ
1683 391 1717 418 τὰ
1736 391 1774 427 μὴ

990 437 1059 472 ἔργα
1077 436 1222 472 λαλοῦμεν.
1240 436 1306 463 Δέον
1320 435 1366 463 οὖν
1384 436 1420 472 μὴ
1438 436 1575 463 πιστεύειν
1591 438 1646 468 τοῖς
1660 436 1773 471 λεγομέ-

989 491 1054 514 νοις,
1069 483 1137 518 μήτε
1153 482 1206 518 μὴν
1219 482 1392 518 κατακρίνειν
1402 482 1465 514 τοὺς
1474 482 1611 516 λέγοντας·
1625 482 1691 509 ἀλλὰ
1702 482 1772 509 κατὰ

988 529 1038 564 τὴν
1055 529 1129 555 θείαν
1150 528 1259 564 Γραφὴν
1277 529 1362 555 ποιεῖν
1378 528 1425 554 καὶ
1441 527 1539 562 λέγειν·
1565 527 1635 563 Ἐγὼ
1650 527 1684 554 δὲ
1701 527 1772 554 ὡσεὶ

988 574 1087 608 κωφὸς
1101 575 1156 602 οὐκ
1171 574 1294 608 ἤκουον,
1308 574 1356 600 καὶ
1370 574 1440 601 ὡσεὶ
1455 574 1568 606 ἀλαλος
1580 575 1635 601 οὐκ
1647 574 1771 608 ἀνοίγων

987 619 1021 646 τὸ
1035 621 1131 655 στόμα
1143 629 1212 654 μου.

1024 665 1068 692 68.
1139 653 1179 692 δεῖ
1191 666 1236 692 ἐπὶ
1252 667 1379 702 συμφορᾷ
1393 665 1535 701 ἀνθρώπου
1549 666 1709 702 ἐπιχαίρειν,
1721 668 1772 695 κᾶν

988 711 1059 738 πάνυ
1075 711 1237 747 ἁμαρτωλὸς
1252 712 1371 748 ὑπάρχῃ.
1388 712 1465 742 Τινὲς
1475 712 1524 747 μὲν
1535 711 1598 748 γὰρ,
1612 712 1773 748 θεασάμενοι

988 756 1210 793 μαστιξόμενονῆ
1222 757 1444 792 φυλακιςόμενον,
1455 757 1569 793 ἀμαθῶς
1578 757 1626 793 τὴν
1637 759 1773 796 κοσμικὴν

986 803 1092 839 ἐκείνην
1118 804 1266 839 παροιμίαν
1293 803 1408 839 ἔφασαν,
1435 805 1484 839 τὴν
1507 804 1651 839 λέγουσαν,
1679 805 1717 836 ὠς
1744 806 1772 832 '0

985 848 1124 883 στρώσας
1140 848 1238 882 κακῶς
1254 849 1474 884 ταλαιπωρήσει
1486 850 1520 876 ἐν
1533 849 1573 883 τῷ
1586 850 1695 883 δείπνῳ
1703 850 1771 885 (90).

986 894 1022 920 Σὺ
1038 892 1095 925 οὖν,
1118 895 1134 930 ὴ
1158 894 1248 926 καλῶς
1273 894 1418 930 στρώσασα
1443 895 1526 930 ἑαυτῇ
1548 895 1583 922 τὰ
1609 895 1773 931 πράγματα,

986 939 1097 975 θαρρεῖς
1113 939 1302 975 ἁναπαυθῆναι
1319 941 1347 967 ὲν
1363 940 1402 976 τῷ
1420 940 1486 976 βίῳ;
1504 941 1558 967 Καὶ
1576 940 1603 967 τί
1622 942 1772 977 ποιήσομεν

984 985 1029 1011 τὸν
1043 985 1154 1019 λέγοντα
1169 986 1221 1019 ὡς,
1236 987 1288 1013 Ἐν
1302 985 1479 1020 συνάντημα
1493 985 1531 1018 τῷ
1547 985 1649 1019 δικαίῳ
1665 986 1714 1012 καί
1731 986 1773 1018 τῷ

984 1030 1147 1066 ἁμαρτωλῷ
1157 1041 1166 1064 ;
1183 1033 1215 1058 Ἠ
1226 1032 1281 1068 γὰρ
1292 1031 1408 1059 ἐνταῦθα
1418 1032 1494 1067 ήμῶν
1505 1032 1625 1068 διαγωγὴ
1640 1032 1689 1068 μία
1701 1032 1771 1064 ἐστὶ,

985 1077 1037 1104 κᾶν
1053 1078 1182 1113 διάφορον
1198 1078 1335 1105 πολιτείαν
1348 1078 1464 1113 ἔχωμεν.

1019 1122 1062 1150 69.
1076 1124 1122 1149 .οὺ
1134 1123 1174 1149 δεῖ
1187 1125 1275 1158 μισεῖν
1286 1123 1350 1154 τοὺς
1363 1122 1486 1158 ἐχθρούς.
1499 1123 1553 1149 Καὶ
1566 1122 1621 1157 γὰρ
1639 1122 1654 1148 ὸ
1668 1121 1778 1158 Κύριος

983 1167 1017 1201 τῇ
1035 1167 1087 1202 ἰδίᾳ
1103 1167 1177 1202 φωνῇ
1194 1166 1272 1193 τοῦτο
1295 1167 1360 1202 ἡμῖν
1383 1166 1543 1202 προσέταξε.
1563 1166 1632 1201 Φησὶ
1652 1166 1716 1201 γὰρ,
1731 1165 1779 1198 ὠς-

984 1211 1032 1245 Μὴ
1048 1212 1144 1246 μόνον
1165 1212 1238 1245 τοὺς
1259 1212 1436 1246 ἀγαπῶντας
1454 1210 1594 1246 ἀγαπᾶτε·
1611 1211 1698 1238 τοῦτο
1714 1211 1772 1246 γὰρ

984 1258 1033 1285 καὶ
1048 1259 1075 1284 oi
1089 1258 1255 1292 ἁμαρτωλοὶ
1273 1259 1322 1286 καὶ
1338 1260 1365 1285 οὶ
1381 1259 1505 1285 τελῶναι
1519 1257 1648 1284 ποιοῦσι.
1664 1257 1701 1283 Τὸ
1715 1257 1776 1292 γὰρ

984 1303 1065 1330 καλὸν
1077 1304 1106 1329 ού
1119 1303 1203 1329 δεῖται
1215 1303 1313 1338 τέχνης
1325 1303 1372 1330 καὶ
1381 1304 1486 1338 ἀγῶνος
1495 1302 1562 1337 πρὸς
1575 1302 1669 1337 θήραν*
1681 1301 1775 1336 ἑαυτῷ

984 1349 1038 1385 γὰρ
1052 1349 1194 1383 ἐφέλκεται
1203 1349 1266 1380 τοὺς
1275 1348 1448 1383 ἀγαπῶντας·
1458 1348 1488 1374 τὸ
1495 1348 1521 1374 δὲ
1531 1346 1631 1382 φαῦλον
1639 1346 1688 1381 τῆς
1696 1345 1772 1377 Θείας

983 1394 1155 1426 διδασκαλίας
1166 1395 1260 1430 χρῄζει
1270 1395 1336 1431 πρὸς
1344 1394 1497 1429 ἁπάλειψιν,
1509 1394 1555 1420 καὶ
1564 1393 1649 1420 κόπου
1658 1391 1768 1418 πολλοῦ.

984 1441 1021 1468 Οὺ
1039 1440 1094 1476 γὰρ
1108 1441 1208 1467 ἀνέτων
1229 1441 1275 1467 καὶ
1293 1441 1452 1476 ἀμερίμνων
1467 1440 1540 1466 εστὶν
1555 1441 1572 1475 ὴ
1591 1438 1710 1474 βασιλεία
1721 1438 1769 1464 ού-

985 1487 1084 1523 ρανῶν,
1102 1486 1169 1514 ἀλλὰ
1185 1486 1313 1522 βιαστῶν.

1019 1532 1064 1559 70.
1085 1533 1190 1568 ’Ὠσπερ
1205 1530 1251 1559 οὖν
1265 1533 1296 1559 οὐ
1311 1532 1353 1559 δεῖ
1362 1532 1424 1563 τοὺς
1440 1531 1553 1568 ἐχθροὺς
1567 1531 1665 1566 μισεῖν,
1682 1529 1770 1560 οὕτως

983 1578 1043 1605 οὐδὲ
1057 1578 1121 1610 τοὺς
1138 1577 1247 1613 ἀμελεῖς
1259 1578 1306 1604 καὶ
1324 1577 1460 1613 ῥᾳθύμους
1476 1577 1586 1611 φεύγειν
1602 1575 1648 1602 καὶ
1663 1583 1770 1610 μυκτη-

985 1624 1078 1660 ρίζειν.
1092 1624 1168 1655 Τινὲς
1181 1624 1229 1659 μὲν
1241 1622 1287 1651 οὖν
1296 1623 1327 1650 τὸ
1336 1623 1469 1659 γραφικὸν
1479 1623 1566 1649 ἐκεῖνο
1574 1622 1654 1658 ῥητὸν
1663 1622 1773 1652 ἑαυτοῖς

981 1669 1190 1704 προσφέρουσιν,
1200 1668 1238 1700 ὡς
1262 1668 1345 1695 Μετὰ
1361 1669 1447 1695 ὁσίου
1466 1668 1550 1700 ὅσιος
1559 1667 1626 1701 ἐστι,
1636 1667 1685 1694 καὶ
1695 1667 1774 1700 μετὰ

981 1715 1128 1748 στρεϐλοῦ
1148 1713 1409 1748 συνδιαστρέφεις.
1425 1713 1474 1740 Διὰ
1489 1712 1577 1744 τοῦτο,
1593 1713 1685 1747 φησὶν,
1702 1712 1770 1738 ἁπο-

981 1760 1118 1795 φεύγομεν
1133 1760 1196 1792 τοὺς
1213 1759 1401 1795 ἁμαρτωλοὺς,
1417 1759 1484 1794 πρὸς
1498 1759 1529 1785 τὸ
1543 1758 1606 1793 παρ’
1623 1757 1711 1784 αὐτῶν
1730 1757 1768 1792 μὴ

980 1806 1188 1842 διαστραφῆναι.
1208 1805 1317 1840 Ἀγνοίᾳ.
1331 1804 1419 1840 ψυχῆς
1436 1805 1461 1830 οἱ
1475 1803 1590 1830 τοιοῦτοι
1608 1803 1642 1829 τὰ
1658 1802 1774 1829 ἐναντίοι.

981 1852 1140 1888 πράττουσι.
1160 1851 1327 1886 Προστάττει
1352 1849 1406 1885 γὰρ
1427 1848 1458 1875 τὸ
1474 1848 1586 1884 Πνεῦμα
1601 1848 1632 1874 τὸ
1647 1848 1724 1882 ἅγιον
1737 1847 1767 1872 ου]

983 1898 1051 1934 μετὰ
1062 1897 1116 1925 τῶν
1128 1897 1265 1933 στρεϐλῶν
1280 1896 1537 1932 συνδιαστραφῆναι,
1552 1896 1620 1922 ἀλλὰ
1630 1895 1679 1929 τῆς
1690 1903 1769 1930 στρε-

981 1944 1046 1979 ϐλῆς
1059 1943 1156 1975 αὐτοὺς
1168 1942 1422 1978 ἐπανορθώσασθαι.
1437 1941 1690 1975 Συνδιαστρέψεις
1701 1941 1766 1976 γὰρ.

980 1989 1114 2020 τουτέστι,
1133 1988 1307 2021 συνελκύσεις
1331 1988 1413 2015 αὑτὸν
1436 1987 1504 2024 πρὸς
1521 1987 1643 2019 σεαυτὸν,
1666 1987 1698 2013 ὲκ
1713 1986 1767 2013 τῶν

980 2035 1134 2071 ἀριστερῶν
1148 2035 1194 2062 ἐπὶ
1207 2035 1242 2062 τὰ
1255 2035 1339 2067 δεξιά.

1015 2080 1060 2108 Ἠ.
1081 2081 1162 2116 Τρεῖς
1176 2081 1293 2116 γνωμῶν
1311 2081 1378 2108 ἰδέαι
1399 2080 1469 2108 κατὰ
1482 2080 1528 2107 τὸν
1546 2080 1600 2107 τῶν
1616 2078 1767 2114 ἀνθρώπων

981 2125 1038 2162 βίον
1057 2127 1246 2161 τυγχάνουσιν·
1264 2123 1301 2154 ὧν
1315 2128 1332 2162 ὴ
1345 2127 1394 2162 μὲν
1406 2126 1500 2162 πρώτη
1515 2126 1573 2153 ἐστὶ
1587 2125 1637 2160 τῆς
1650 2126 1767 2161 ἀκροτά-

979 2181 1029 2208 της
1043 2172 1152 2205 κακίας,
1169 2173 1185 2208 ὴ
1201 2172 1230 2199 δὲ
1243 2172 1358 2208 δευτέρα
1373 2172 1457 2208 μέσης
1472 2172 1542 2203 τινὸς
1556 2170 1746 2202 καταστάσεως
1757 2179 1763 2184 ·

980 2218 1075 2254 ὥσπερ
1088 2218 1142 2253 γὰρ
1158 2218 1226 2253 πρὸς
1231 2218 1280 2250 τὰς
1296 2217 1455 2254 ἀμφοτέρας
1465 2219 1563 2244 σκοπεῖ
1568 2217 1620 2244 τῶν
1627 2216 1706 2244 ὀποτέ
1711 2225 1772 2251 ρων.

143 2263 218 2283 mum
235 2258 474 2292 contemplationis
487 2262 559 2292 acta,
573 2267 628 2287 non
648 2261 730 2288 modo
745 2269 774 2289 se
791 2261 849 2296 ipsa
864 2269 931 2289 con-

986 2265 1135 2300 μετέχουσα
1145 2272 1151 2279 ·
1164 2264 1217 2300 ήδὲ
1231 2264 1321 2300 τρίτη,
1333 2265 1372 2296 εἰς
1387 2264 1500 2299 μέγεθος
1516 2263 1632 2300 θεωρίας
1639 2263 1764 2299 ἀχθεῖσα,

142 2302 268 2338 stringit;
293 2303 340 2331 sed
356 2304 436 2331 etiam
459 2305 529 2333 duas
549 2311 611 2341 post
639 2314 669 2334 se
684 2308 789 2341 positas
811 2313 928 2336 conatur

141 2354 224 2375 manu
239 2347 350 2376 ducere.
365 2347 487 2384 Nequam
502 2354 593 2378 autem
608 2351 733 2379 homines
749 2359 811 2379 cum
826 2352 927 2387 pejori-

141 2391 195 2420 bus
217 2393 338 2425 admisti.
357 2394 503 2429 plurimam
522 2395 654 2423 malorum
676 2397 861 2425 accessionem
883 2397 926 2424 fa-

141 2438 230 2464 ciunt.
247 2437 299 2470 Qui
314 2443 404 2466 autem
422 2442 487 2466 sunt
509 2439 537 2467 in
560 2441 650 2468 medio
667 2442 759 2477 positi.
776 2441 869 2478 fugere
883 2443 926 2470 ni-

140 2488 235 2511 tuntur
247 2492 295 2512 eos
309 2485 355 2519 qui
368 2489 431 2512 sunt
446 2485 712 2521 intemperantiores,
725 2488 803 2515 veriti
819 2496 853 2515 ne
862 2497 925 2516 rur-

140 2536 201 2556 sum
214 2529 248 2556 ab
258 2529 300 2557 eis
313 2531 507 2565 pertrahantur
520 2541 526 2557 :
543 2538 607 2559 sunt
623 2532 694 2559 enim
707 2533 795 2561 adhuc
806 2533 929 2562 infantes

140 2574 168 2601 in
181 2574 312 2602 virtutum
329 2576 470 2604 exercitio.
486 2576 571 2604 Terlii
586 2586 651 2605 vero
665 2579 734 2606 virili
749 2579 841 2606 animo
856 2587 923 2614 prm-

140 2619 201 2652 diti,
219 2620 352 2657 ﬁrmaque
364 2627 455 2650 mente
469 2624 608 2656 instructi,
626 2632 689 2652 cum
705 2626 784 2654 malis
800 2633 853 2652 una
868 2633 926 2652 ver-

140 2670 246 2700 santur,
258 2668 359 2703 quibus
373 2669 486 2697 salutem
499 2677 595 2705 parare
611 2672 734 2706 cupiunt.
750 2672 791 2699 Ab
803 2672 924 2700 externis

141 2717 232 2740 autem
248 2714 450 2749 vituperantur,
466 2716 499 2743 ab
516 2717 605 2751 iisque
626 2717 793 2750 deridentur,
813 2719 860 2752 qui
880 2718 921 2745 vi-

981 2310 1011 2337 οὑ
1022 2308 1100 2346 μόνον
1109 2309 1208 2346 ἑαυτὴν
1216 2310 1368 2345 συσφίγγει,
1381 2309 1448 2336 ἀλλὰ
1454 2318 1485 2344 γε
1494 2309 1540 2336 καὶ
1552 2309 1600 2340 τὰς
1607 2308 1772 2340 τελευταίαςτ

981 2356 1109 2392 πειρᾶται
1122 2357 1312 2392 χειραγωγεῖν.
1331 2357 1362 2382 Οὶ
1384 2356 1432 2391 μὲν
1444 2353 1489 2383 οὖν
1500 2356 1582 2382 κακοῖ
1593 2355 1647 2381 τῶν
1657 2354 1764 2390 ἀνθρώ-

980 2410 1050 2433 πων,
1063 2403 1120 2433 τοῖς
1134 2401 1238 2438 χείροσι
1251 2401 1420 2437 μιγνύμενοι,
1433 2402 1494 2428 ἐπεὶ
1510 2401 1594 2427 πλείω
1603 2400 1658 2427 τῶν
1669 2399 1765 2427 δεινῶν

980 2448 1120 2475 ποιοῦνται
1136 2447 1186 2482 τὴν
1203 2447 1326 2482 αῠξησιν·
1349 2448 1378 2474 οἱ·
1398 2447 1426 2474 δέ
1446 2455 1478 2481 γε
1503 2446 1578 2482 μέσοι
1598 2445 1764 2480 ἀποφεύγειν

978 2495 1041 2527 τοὺς
1055 2494 1222 2525 ἀκολάστους
1238 2494 1397 2530 πειρῶνται,
1419 2493 1485 2519 αὐτὸ
1505 2492 1584 2519 τοῦτο
1604 2491 1763 2523 δεδοικότες,

981 2540 1017 2575 μὴ
1032 2539 1112 2568 πάλιν
1128 2540 1174 2566 ὑπ’
1195 2539 1283 2567 αὐτῶν
1301 2537 1515 2566 καθελκυσθῶσι·
1537 2537 1628 2573 νήπιοι
1648 2536 1702 2572 7&9
1723 2536 1764 2562 ἔτι

978 2585 1033 2611 τῶν
1050 2585 1155 2621 ἀρετῶν
1171 2584 1360 2620 τυγχάνουσιν·
1377 2584 1402 2610 οἱ
1417 2583 1446 2610 δὲ
1461 2583 1556 2619 τρίτοι,
1578 2582 1703 2617 ἀνδρείαν
1713 2582 1770 2616 τὴν.

979 2631 1092 2667 γνώμην
1116 2631 1222 2666 ἔχοντες
1246 2631 1292 2657 καὶ
1308 2629 1435 2666 κραταιὸν
1458 2630 1487 2656 τὸ
1510 2629 1651 2665 φρόνημα,
1675 2627 1764 2654 συνδι-

981 2677 1076 2712 άγουσι
1091 2679 1148 2710 τοῖς
1163 2677 1274 2712 φαύλοις
1282 2677 1329 2704 καὶ
1341 2676 1554 2708 συνδιαιτῶνται,
1565 2675 1650 2702 σῶσαι
1664 2675 1770 2706 αὐτοὺςη

979 2723 1142 2760 βουλόμενοι.
1164 2725 1222 2751 Καὶ
1234 2723 1309 2758 γοῦν,
1321 2723 1374 2750 ὑπὸ
1387 2723 1442 2750 τῶν
1456 2722 1555 2756 ἔξωθεν
1576 2721 1761 2753 ὀνειδίζονται·

179 2788 408 2834 ’ξΔΕχος.ηικιιι,
427 2791 452 2819 l.
490 2792 604 2834 Psal.
623 2802 655 2828 c,
673 2796 702 2823 5.
738 2797 760 2813 "
779 2796 852 2826 Psal.
869 2806 932 2834 xvi,

1017 2803 1038 2818 ’⁷
1059 2801 1130 2830 Psal.
1150 2809 1258 2834 uxvn,
1279 2801 1323 2829 14.
1361 2800 1384 2816 ὀ
1402 2799 1475 2827 Eccl.
1495 2807 1540 2832 is,
1556 2798 1584 2825 ‘2.
1622 2797 1645 2814 ’³
1663 2795 1760 2824 Matth.

139 2831 165 2854 ν.
185 2823 231 2852 46.
270 2825 292 2840 ³ο
311 2825 384 2853 Psal.
402 2834 476 2859 xv”,
491 2828 536 2855 26.

179 2895 236 2931 (90)
247 2894 376 2927 Coteler.,
391 2896 477 2931 ὕπνῳ.
