1919 3064
130 210 199 237 1529

695 203 776 230 ῊΤΔ
797 199 944 229 SANCTJE
964 194 1200 226 SYNCLETICIE.

1678 187 1751 214 £550

129 270 175 297 καὶ
189 269 240 295 ὑπὸ
252 267 306 294 τῶν
317 267 489 303 θεωρούντων
499 267 527 294 δὲ
541 266 638 296 αὐτοὺς
653 263 843 296 συνδιάγοντας
857 261 912 290 τοῖς
928 281 931 289 λ

985 260 1028 284 ent
1051 255 1113 282 illos
1136 260 1191 280 una
1210 251 1308 286 degere
1323 257 1384 277 cum
1401 245 1748 284 negligentioribusﬂpsos

1176 299 1181 303 .
1307 296 1312 301 .
1540 292 1737 303 A_,__M,A__,___

129 314 321 351 ἀμελεστέροις
331 313 515 348 χλευάζονται·
530 312 576 338 καὶ
588 311 642 346 γάρ
652 309 748 340 αὐτοὺς
757 308 794 339 ὡς
806 306 914 341 ὁμοίους

130 360 219 388 αὐτῶν
233 359 431 386 διαϐάλλουσιν.
446 359 476 384 υἱ
492 357 520 384 δὲ
536 357 573 388 ὼς
585 356 712 384 ἐπαίνους
728 354 762 381 τὰ
775 353 849 388 παρὰ
861 351 915 378 τῶν

131 406 180 433 ἀνθ
186 405 282 441 ρώπων
296 404 451 435 ἀκούοντες,
462 403 547 434 ἀδεῶς
559 403 589 429 τὸ
597 403 666 429 θεῖον
680 401 758 437 ἔργον
766 399 914 427 ἐκτελοῦσι.

132 452 253 486 Χαίρετε
273 450 338 485 γὰρ,
358 449 434 485 φησὶ,
461 449 511 475 καί
536 447 732 482 ἀγαλλιᾶσθε,
756 446 829 472 ὅταν
856 443 917 471 πᾶν

132 497 246 532 ψεῦδος
258 497 363 523 εἴπωσι
375 496 439 522 καθ’
453 494 535 529 ὑμῶν
551 495 577 521 οἱ
591 493 748 528 ἅνθρωποι.
767 489 918 525 Δεσποτικὴ

135 543 185 578 μὲν
201 541 247 569 οὖν
263 541 365 568 τούτων
388 542 405 576 ἡ
429 541 535 576 πρᾶξις·
563 540 610 566 καὶ
632 539 687 574 γὰρ
703 540 717 564 ὁ
734 537 835 573 Κύριος
851 536 918 571 μετὰ

133 586 256 614 τελωνῶν
271 587 316 613 καὶ
329 586 498 622 ἁμαρτωλῶν
511 585 588 620 ἦσθιε
599 593 605 599 ·
626 584 724 619 μᾶλλον
745 583 773 609 δὲ
799 581 919 617 φιλάδελ-

135 642 183 666 φος
204 635 220 666 ἡ
243 632 345 659 τούτων
366 632 462 666 γνώμη
487 631 558 666 ἥπερ
584 630 722 665 φίλαυτος2
747 629 851 663 ’Ὠσπερ
865 627 919 662 γὰρ

135 679 314 714 ἐμπρησμοὺς
327 678 418 704 οἰκιῶν
429 676 545 713 ὁρῶντες
560 677 622 707 τοὺς
639 674 857 711 ἁμαρτάνοντας,
874 674 920 700 καὶ

134 724 187 751 τῶν
217 724 287 750 ιδίων
307 723 578 758 καταφρονήσαντες,
598 722 637 756 τάξ
653 721 780 756 ἀλλότρια
799 720 845 746 καὶ
869 719 921 745 ἁπ-

135 769 267 804 ολλύμενα
289 769 384 800 σώζειν
398 768 621 804 διισχυρίξονται·
638 767 685 792 καὶ
698 762 921 801 περιφλεγόμενοι

136 817 168 842 ὲκ
181 815 235 842 τῶν
250 807 403 841 καυστιῖιῶν
418 814 532 849 ὕϐρεων,
547 812 697 847 ἀνέχονται.
713 812 744 838 Οἱ
758 811 786 837 δέ
800 819 831 845 γε
845 809 922 845 μέσοι

136 861 183 888 ἐὰν
198 861 273 888 ἴδωσι
286 861 330 887 τὸν
345 860 458 894 ἀδελφὺν
474 859 525 886 ὑπὸ
535 859 584 893 τῆς
597 857 732 893 ἁμαρτίας
746 856 921 891 φλεγήμενον,

135 905 330 940 ἀποφεύγουσι,
341 904 488 935 δεδοικότες
512 903 549 938 μὴ
571 903 617 929 καὶ
638 904 677 934 είς
699 902 796 932 αὐτοὺς
817 901 848 927 τὸ
868 900 922 935 πῦρ

967 309 1084 337 namque
1104 299 1182 335 quasi
1207 297 1261 325 illis
1292 295 1395 323 similes
1421 298 1511 321 essent
1537 292 1747 319 calumniantur.

968 348 1022 382 Ipsi
1038 354 1102 374 vero
1116 344 1256 372 hominum
1271 339 1454 368 contumelias
1471 338 1548 374 quasi
1564 337 1657 364 laudes
1676 336 1750 362 acci-

967 381 1084 428 pientes,
1105 388 1242 424 intrepide
1257 387 1378 414 divinum
1394 392 1462 420 opus
1473 386 1668 418 exsequuntur.
1680 381 1749 408 Nam

967 439 1004 464 ait
1020 447 1025 464 :
1037 436 1154 463 Gaudete
1165 439 1189 461 et
1199 433 1338 464 exsultate,
1349 439 1407 457 cum
1419 438 1494 457 omne
1506 429 1667 456 mendacium
1677 427 1751 454 diae—

967 483 1021 510 rint
1042 481 1157 508 homines
1178 479 1316 505 adt-ensum
1340 485 1381 503 vos
1393 475 1426 502 ".
1445 474 1614 502 Dominicum
1636 477 1678 500 est
1693 473 1751 499 hu—

966 527 1086 562 iusmodi
1104 525 1240 556 ot'licium;
1259 523 1388 550 Dominus
1405 522 1477 548 enim
1492 519 1672 547 manducahat
1689 526 1752 545 cum

969 572 1124 609 publicanis
1141 575 1167 598 et
1183 568 1384 605 peccatoribus.
1398 566 1496 593 Eorum
1516 565 1622 592 animus
1638 563 1752 590 fratrum

969 619 1056 653 magis
1079 624 1161 652 quam
1179 615 1222 643 sui
1244 622 1339 641 amans
1354 617 1406 640 est.
1428 611 1496 639 Cum
1523 610 1594 638 enim
1610 612 1754 645 peccantes

970 666 1074 695 vident,
1093 661 1166 689 haud
1185 667 1276 691 secus,
1297 666 1328 685 ac
1347 658 1370 684 si
1386 658 1527 684 domorum
1547 654 1671 682 incendia
1686 660 1754 680 con-

972 711 1119 745 spicerent,
1138 705 1271 741 neglectis
1294 704 1363 735 suis,
1381 703 1467 729 aliena
1480 708 1540 736 qua:
1561 703 1676 735 pereunt
1696 706 1755 726 ser-

973 763 1035 784 vare
1055 755 1191 785 nituntur,
1211 756 1292 786 atque
1301 749 1469 784 ardentibus
1484 747 1563 783 631
1583 745 1757 773 contumeliis

974 799 1124 831 combusti,
1138 799 1163 825 id
1180 797 1310 824 tolerant.
1326 794 1378 828 Qui
1394 798 1484 821 autem
1500 791 1582 819 medii
1595 795 1668 821 sunt,
1686 789 1709 817 si
1721 790 1759 816 vi-

975 847 1068 874 derint
1094 844 1207 872 fratrem
1236 846 1348 878 peccato
1369 840 1507 867 ardentem
1535 838 1757 873 ﬂagrantemque,

975 892 1130 927 aufugiunt,
1148 889 1228 917 veriti
1246 896 1279 916 ne
1296 887 1329 914 ad
1346 894 1375 914 se
1389 893 1498 921 quoque
1521 884 1591 919 ignis
1608 884 1757 918 pertingat.

137 932 297 986 διανεμηθῇ.
317 932 348 977 ὑί
362 950 389 976 δέ
405 958 436 983 γε
451 932 549 984 rga-trior...
564 932 688 984 Xaitsm'ov
702 947 830 981 γειτόνων
844 932 920 980 δίκην

985 938 1057 966 Fertii
1083 940 1172 964 autem
1193 934 1327 961 malorum
1347 932 1501 959 vicinorum
1524 933 1616 965 partes
1638 933 1758 964 agentes,

1081 983 1086 986 .
1171 981 1176 986 .
1263 984 1268 986 .
1390 977 1411 986 ιε
1447 975 1614 986 _,_A-._J.._o
1659 973 1745 986 ,ηιμ-ηε

137 997 290 1031 ἐπέχοντες,
311 996 374 1026 τοὺς
398 994 559 1029 καιομένους
576 994 622 1020 ἐπὶ
642 993 733 1019 πλεῖον
750 991 921 1024 ὲξάπτουσιν,

139 1042 204 1074 ὕλας
211 1042 308 1073 αὐτοὺς
323 1041 391 1076 (90“)
406 1041 475 1075 πρὸς
486 1039 633 1071 ἀπώλειαν,
647 1038 696 1074 τὴν
710 1037 813 1064 οἰκείαν
825 1036 923 1063 κακίαν

140 1088 349 1124 προσφέροντες.
380 1087 485 1122 Ὥσπερ
515 1085 570 1121 γὰρ
600 1084 726 1120 πισσηρῴ
755 1082 924 1114 διαλαϐόντες

142 1134 236 1170 πλοίῳ,
255 1134 314 1160 ἀντὶ
335 1133 429 1164 ὓδατος
453 1132 562 1167 κεδρίαν
587 1130 785 1158 ἐπιϐάλλουσιν.
804 1131 835 1156 Ui
850 1129 878 1155 δέ
893 1137 924 1163 γε

140 1181 255 1208 ἐναντίοι
271 1179 386 1212 τούτοις,
400 1180 424 1206 οι
441 1178 548 1213 ἁγαθοὶ,
562 1177 597 1204 τὰ
615 1177 702 1203 οίκεῖα
724 1177 851 1211 κτήματα
864 1174 925 1201 δεύ-

140 1234 207 1262 τερα
222 1225 313 1252 ἔθεντο
331 1225 381 1260 τῆς
394 1224 505 1250 ἐκείνων
519 1222 663 1259 σωτηρίας.
686 1222 778 1248 Ταῦτα
798 1222 846 1256 τῆς
859 1220 926 1256 ἀλη-

143 1271 219 1306 Θινῆς
239 1271 350 1305 ἀγάπης
373 1270 407 1296 τὰ
431 1269 578 1304 τεκμήρια·
605 1265 677 1295 οὗτοι
699 1267 748 1302 τῆς
766 1264 928 1301 εἰλικρινοῦς

143 1317 251 1352 ἀγάπης
266 1318 290 1343 οἱ
303 1316 431 1351 φύλακες.

179 1363 222 1390 72.
241 1363 346 1398 ’Ὠσπερ
360 1361 435 1389 δὲτὰ
448 1361 521 1388 δεινὰ
537 1360 565 1388 ἓν
589 1359 622 1386 δι’
656 1359 715 1390 ἐνὸς
741 1358 871 1394 ἢρτηται·
895 1356 928 1390 τῇ

149 1408 203 1443 γὰρ
215 1406 380 1443 φιλαργυρίᾳ
398 1406 538 1433 ἀκολουθεῖ
558 1405 663 1440 φθόνος,
688 1403 773 1435 δόλος,
792 1401 928 1436 ἐπιορκία,

152 1454 245 1489 θυμὸς,
261 1452 443 1488 μνησικακία’
476 1451 547 1478 οὕτω
577 1450 612 1477 τὰ
633 1449 741 1476 ἐναντία
768 1448 869 1475 τούτων
883 1446 931 1481 τῆς

148 1499 257 1534 ἀγάπης
271 1498 360 1534 ἔχεται
373 1506 379 1512 ·
397 1497 520 1534 πραΰτης
532 1496 563 1531 δὴ
587 1495 659 1530 λέγω
682 1495 730 1521 καὶ
748 1492 931 1530 μακροθυμία,

148 1541 195 1572 καῖ
220 1544 389 1577 ἀνεξικακία,
414 1543 461 1569 καὶ
486 1543 517 1568 τὸ
532 1541 633 1568 τέλειον
649 1540 761 1574 άγαοὺν,
777 1540 794 1574 ὴ
811 1540 932 1573 ἀκτημο-

148 1591 224 1626 σύνη.
253 1591 310 1617 υὺκ
325 1590 460 1624 ἐνδέχεται
481 1587 536 1622 γὰρ
550 1595 611 1613 τινα
633 1585 734 1620 ταύτης
758 1585 806 1619 τῆς
822 1584 930 1620 ἀρετῆς,

148 1638 219 1671 λέγω
229 1637 260 1672 δὴ
273 1636 323 1671 τῆς
339 1636 459 1669 ἀγάπης,
475 1632 628 1668 ἐφικέσθαι,
640 1633 663 1658 εἰ
689 1631 726 1666 μὴ
738 1631 769 1657 ὲκ
782 1630 831 1665 τῆς
855 1630 934 1664 ἀκτη-

151 1683 283 1720 μοσύνης·
301 1684 331 1710 οὺ
355 1682 408 1717 γάρ
422 1681 491 1717 πρὸς
516 1680 565 1706 ἕνα
594 1678 735 1714 ἄνθρωπον
747 1678 761 1704 ὁ
773 1677 873 1712 Κύριος
887 1675 937 1710 τὴν

149 1729 257 1764 ἀγάπην
270 1727 428 1757 ἐνετείλατο,
446 1726 513 1752 ἀλλά
540 1725 608 1760 πρὸς
632 1724 763 1754 ἅπαντας.
789 1721 893 1748 Οὐκοῦν
907 1721 937 1747 οὐ

150 1775 208 1801 δέον
222 1774 332 1809 ἔχοντας
355 1772 476 1806 παριδεῖν
490 1771 554 1802 τοὺς
568 1770 728 1806 χρῄζοντας,
751 1767 937 1794 Ύποκλέπτε-

151 1820 268 1861 tetigi)
280 1819 334 1854 γὰρ
343 1818 374 1845 τὸ
389 1818 439 1853 τῆς
452 1818 570 1852 ἀγάπης.
587 1816 623 1842 To
643 1815 692 1850 μὲν
706 1814 760 1849 γὰρ
787 1814 868 1840 πᾶσιν
882 1813 940 1846 ἑξα-

154 1858 229 1902 ρκὲὶν
250 1865 377 1891 ἀδύνατον
389 1862 524 1898 ἀνθρώπῳ
534 1870 541 1877 ·
558 1860 625 1887 Θεοῦ
644 1860 673 1886 δὲ
683 1860 762 1886 τοῦτο
776 1858 865 1895 ἔργον.

188 1953 232 1980 75.
251 1951 284 1978 Τί
305 1949 361 1983 οὗν,
372 1950 465 1985 φησὶν,
482 1950 496 1975 ὁ
509 1949 546 1984 μὴ
561 1948 642 1983 ἔχων,
662 1947 727 1982 περὶ
757 1944 939 1981 ὲλεημοσύνης

153 1998 285 2034 ἀγωνίζῃ,
298 1997 345 2024 καὶ
361 1996 429 2030 αὕτη
447 2004 488 2022 σοι
506 1995 640 2029 πρόφασις
647 1993 694 2020 τοῦ
707 1991 858 2027 κτήσασθαι
872 1991 941 2025 γίνε-

153 2053 217 2077 ut;
232 2043 379 2077 Κοσμικοῖς
399 2040 478 2067 τοῦτο
501 2039 712 2075 προστέτακται.
730 2037 767 2064 Οὐ
783 2037 836 2071 γὰρ
849 2035 941 2062 τοσοῦ-

154 2099 200 2117 τον
219 2089 288 2124 πρὸς
303 2088 333 2114 τὸ
345 2087 479 2122 τραφῆναι
492 2086 538 2112 τὸν
550 2085 678 2119 πένηταὴ
691 2082 859 2118 ἐλεημοσύνη
876 2080 941 2116 ὥρι-

157 2145 229 2168 σται,
240 2136 302 2162 ὅσον
314 2134 358 2160 διὰ
369 2133 418 2168 τὴν
434 2132 554 2167 ἀγάπην.
578 2131 606 2157 '0
618 2130 671 2165 γὰρ
682 2129 728 2156 τὸν
740 2128 866 2155 πλούσιον
877 2127 942 2153 διοιο

157 2182 213 2209 κῶν
228 2181 293 2212 Θεὸς
313 2181 360 2207 καὶ
389 2179 434 2206 τὸν
464 2178 568 2212 πένητα
590 2176 695 2212 τρέφει.
711 2174 848 2210 Περιττῶς
864 2172 909 2200 οὖν
925 2173 941 2207 ἡ

158 2225 326 2262 ἐλεημοσύνη
340 2223 512 2260 προσετάγη;
528 2223 573 2258 Μὴ
586 2222 690 2256 γένοιτο
704 2220 786 2247 tam
800 2218 870 2254 ἀρχὴ
892 2218 942 2252 τῆς

159 2273 267 2307 ἀγάπης
280 2272 335 2302 τοῖς
350 2270 387 2306 μὴ
401 2269 482 2296 εἰδόσι
490 2269 602 2302 γίνεται.
613 2268 718 2302 Ὥσπερ
728 2266 782 2301 γὰρ
796 2265 939 2299 ὑπογραμ-
957 2286 978 2312 D

162 2317 209 2352 μδς
220 2314 253 2351 ἧν
270 2316 287 2351 ἡ
303 2315 352 2350 τῆς
382 2313 563 2349 ἀκροϐυστίας
587 2311 722 2347 περιτομὴ
749 2310 798 2345 τῆς
817 2308 939 2344 καρδίας,

161 2362 244 2393 οὕτως
259 2363 275 2396 ἡ
289 2359 455 2396 ἐλεημοσύνη
482 2359 531 2393 τῆς
562 2358 672 2392 ἀγάπης
690 2355 848 2386 διδάσκαλος
878 2362 943 2380 κατ-

162 2407 237 2442 έστη.
261 2403 308 2438 Οἷς
321 2404 368 2433 οὖν
394 2406 411 2441 ἡ
426 2404 519 2439 ἀγάπη
534 2404 566 2430 ὲκ
578 2403 687 2438 χάριτος
709 2400 787 2436 ἐδόθη
799 2398 911 2435 περιττὴ
926 2399 942 2434 ή

163 2452 223 2486 ὲλεη
228 2451 336 2487 μοσύνη.

200 2496 242 2523 74.
257 2496 295 2523 Οὑ
309 2495 486 2522 διαϐάλλουσα
499 2494 545 2519 τὸν
574 2492 647 2519 ἔλεον
667 2490 752 2517 ταῦτα
767 2490 838 2524 λεγω
852 2497 858 2504 ’
875 2487 944 2515 ἀλλὰ

163 2542 214 2577 τῆς
233 2541 420 2576 ἀκτημοσύνης
435 2540 466 2566 τὸ
487 2538 605 2574 καθαρὸν
620 2537 788 2564 δεικνύουσα.
806 2535 849 2570 Μὴ
871 2534 944 2568 γινέ-

165 2586 221 2615 om»
233 2585 280 2614 οὖν
292 2586 407 2618 κώλυσις
422 2586 451 2612 τὸ
464 2585 573 2612 ἔλαττον
587 2584 632 2610 τοῦ
650 2583 780 2618 μείζονος.
803 2582 846 2607 Ἑν
862 2580 945 2614 ὀλίγῳ

164 2633 195 2659 τὸ
211 2632 307 2668 μικρὺν
325 2631 524 2666 κατώρθωσας·
537 2629 625 2656 πάντα
638 2628 692 2664 γὰρ
709 2628 754 2662 ὑφ’
771 2626 800 2653 ἓν
813 2626 944 2656 δέδωκας·

166 2678 233 2714 πρὸς
249 2678 280 2704 τὸ
296 2677 386 2712 μεῖζον
400 2676 490 2703 λοιπὸν
503 2676 658 2707 ἀνάνευσον,
674 2674 723 2709 τὴν
732 2672 851 2707 ἀγάπην.
863 2671 946 2697 Σταυ-

167 2723 280 2759 ροφόρος
297 2722 352 2758 γάρ
377 2722 527 2757 τυγχάνεις.
550 2723 585 2748 Σὺ
609 2721 659 2756 τὴν
686 2719 830 2755 ἐλευθέραν
858 2717 948 2752 φωνὴν

165 2769 282 2802 ὀφείλεις
308 2770 403 2801 εἰπεῖν,
429 2768 470 2799 τὸ,
491 2768 567 2794 Ἰδοὺ
585 2767 683 2794 πάντα
703 2766 871 2801 ἀφήκαμεν,
899 2763 947 2790 καί

202 2848 223 2863 ³³
244 2846 337 2880 Matth.
355 2854 382 2878 ν,
399 2845 440 2872 Η.

203 2891 272 2928 (90⁸)
292 2890 382 2923 Forte,
397 2889 497 2920 αὐτοῖς.
512 2889 589 2915 Εωτ.

972 992 1019 1012 eos
1043 983 1088 1019 qui
1107 981 1306 1008 comburuntur
1326 977 1413 1012 magis
1446 975 1625 1007 succendunt,
1658 973 1761 1001 submi-

973 1031 1089 1058 nistrata
1105 1027 1159 1054 illis
1175 1026 1208 1053 ad
1222 1025 1359 1052 interitum
1386 1022 1510 1054 materia,
1529 1020 1640 1056 propria
1657 1019 1762 1047 scilicet

974 1076 1089 1103 malitia.
1105 1074 1172 1101 Nam
1193 1080 1225 1099 ac
1244 1072 1267 1099 si
1285 1070 1345 1106 pice
1362 1069 1461 1096 illitum
1482 1067 1620 1101 navigium
1643 1065 1762 1092 oﬂende—

975 1127 1046 1154 rent,
1061 1128 1110 1158 pro
1125 1127 1193 1154 aqua
1209 1118 1328 1145 cedriam
1342 1115 1459 1143 resinam
1477 1114 1637 1140 immittunt.
1659 1111 1762 1139 Contra

975 1175 1041 1195 vero
1058 1166 1134 1201 probi
1151 1164 1286 1194 homines,
1305 1159 1431 1196 proprias
1446 1157 1594 1185 facultates
1610 1162 1703 1183 eorum
1719 1161 1763 1182 sa-

977 1213 1027 1240 luti
1042 1200 1216 1247 posthabent.
1232 1208 1296 1234 Haec
1310 1210 1374 1234 sunt
1387 1212 1457 1232 vera:
1471 1206 1630 1238 argumenta
1643 1200 1763 1228 charita-

978 1261 1029 1293 tis;
1043 1259 1071 1286 hi
1088 1259 1202 1285 sincerae
1219 1253 1372 1283 dilectionis
1388 1250 1526 1280 custodes.

1016 1348 1058 1375 ’12-
1081 1346 1156 1374 Sicut
1171 1349 1261 1372 autem
1275 1342 1340 1371 vitia
1354 1348 1435 1368 unum
1449 1339 1481 1366 ah
1499 1339 1551 1366 alio
1566 1337 1683 1372 pendent
1700 1345 1706 1362 :
1722 1335 1766 1363 ni-

980 1393 1079 1420 mirum
1094 1391 1235 1417 avaritiam
1248 1387 1371 1422 sequitur
1383 1385 1494 1417 invidia,
1504 1381 1765 1416 dolus,,perjurium,

981 1439 1032 1466 ira.
1045 1436 1175 1464 memoria
1195 1434 1373 1469 iniuriarum;
1398 1431 1438 1458 sie
1462 1437 1522 1464 quae
1551 1428 1605 1455 illis
1630 1427 1768 1454 contraria

983 1487 1046 1512 sunt
1056 1482 1216 1510 charitatem
1230 1480 1436 1512 consequuntur
1447 1484 1454 1502 :
1472 1472 1651 1501 mansuetudo
1662 1480 1767 1506 nempe,

983 1526 1194 1563 aequanimitas,
1215 1523 1370 1553 tolerantia,
1389 1524 1416 1548 et
1446 1519 1577 1546 bonorum
1602 1516 1769 1551 perfectissi-

984 1562 1058 1601 mum
1094 1570 1246 1599 voluntaria
1287 1570 1443 1603 paupertas.
1480 1564 1539 1591 Non
1571 1562 1643 1590 enim
1680 1564 1769 1596 potest

985 1618 1120 1654 quispiam
1134 1624 1194 1644 eam
1211 1615 1286 1641 adire
1299 1613 1426 1640 virtutem
1439 1630 1447 1642 ,
1469 1609 1573 1637 scilicet
1588 1608 1746 1635 charitatem
1761 1626 1768 1637 ,

986 1665 1039 1693 nisi
1055 1671 1103 1699 per
1114 1660 1294 1689 voluntariam
1311 1661 1509 1694 paupertatem.
1526 1654 1618 1689 Neque
1629 1653 1700 1680 enim
1718 1651 1771 1679 Do-

990 1711 1080 1738 minus
1097 1708 1256 1735 charitatem
1278 1702 1416 1730 mandavit
1433 1708 1496 1736 erga
1517 1706 1601 1727 unum
1622 1698 1770 1728 hominem,

993 1756 1039 1784 sed
1056 1761 1120 1789 erga
1131 1758 1236 1781 omnes.
1251 1748 1313 1777 Non
1325 1747 1402 1776 decot
1410 1747 1501 1782 igitur
1521 1752 1568 1773 eos
1590 1751 1635 1779 qui
1658 1743 1772 1770 faculta-

988 1808 1044 1830 tum
1061 1800 1202 1836 potiuntur
1214 1803 1313 1832 egenos
1327 1793 1477 1828 despicere.
1487 1790 1534 1818 Sic
1545 1796 1662 1823 namque
1671 1787 1773 1815 suhdu-

991 1835 1068 1874 cetur
1080 1854 1095 1873 a
1109 1844 1251 1872 charitate.
1264 1841 1331 1868 Nam
1357 1838 1529 1874 suppeditare
1553 1835 1680 1863 omnibus
1695 1840 1774 1860 nemo

988 1896 1088 1928 potest,
1102 1898 1165 1917 cum
1178 1889 1214 1917 sit
1224 1887 1291 1915 illud
1306 1886 1391 1914 solius
1408 1884 1454 1911 Dei
1471 1890 1549 1918 opus.

1025 1938 1067 1965 75.
1081 1935 1151 1969 Quid
1167 1941 1241 1969 ergo,
1254 1931 1353 1967 inquit,
1366 1930 1412 1966 qui
1427 1928 1494 1956 nihil
1513 1926 1648 1962 possides,
1662 1929 1777 1952 conterr—

990 1984 1033 2011 dis
1048 1983 1080 2009 de
1102 1982 1272 2015 eleemosyna
1284 1997 1291 2009 ,
1309 1977 1423 2012 ipsaque
1443 1974 1491 2001 tibi
1507 1977 1549 2000 est
1565 1971 1673 1999 occasio
1691 1969 1778 2004 possi-

990 2028 1093 2057 dendi?
1108 2027 1136 2054 ld
1155 2023 1334 2052 saecularibus
1358 2021 1466 2056 jussum
1483 2022 1535 2046 est.
1553 2017 1611 2044 Non
1627 2016 1699 2043 enim
1715 2018 1776 2040 tan-

990 2080 1048 2103 tum
1061 2074 1094 2101 ad
1111 2073 1200 2107 inopis
1215 2072 1374 2098 alimentum
1388 2067 1512 2094 instituta
1529 2064 1578 2090 fuit
1592 2063 1776 2095 eleemosyna,

993 2124 1127 2158 quantum
1146 2122 1255 2154 propter
1268 2116 1437 2143 charitatcm.
1460 2110 1528 2138 Nam
1544 2109 1590 2144 qui
1606 2107 1716 2134 divitem
1732 2113 1777 2132 re-

995 2151 1034 2204 έίι
1059 2151 1236 2197 υοιιείειὶοηι
1257 2167 1402 2197 pauperem
1419 2158 1476 2184 alit.
1499 2155 1611 2182 Frustra
1635 2153 1718 2188 igitur
1738 2151 1779 2178 in-

994 2197 1090 2249 iuncta
1119 2211 1169 2238 fuit
1197 2205 1387 2241 eleemosyna?
1407 2203 1491 2231 absit!
1512 2200 1610 2228 Verum
1637 2197 1778 2225 charitatis

997 2242 1159 2295 principium
1184 2253 1299 2282 eﬂ‘tcitur
1315 2252 1348 2279 iis
1373 2249 1419 2285 qui
1448 2248 1582 2283 ignorant.
1599 2242 1779 2277 Quemadmo-

1000 2305 1065 2332 dum
1080 2310 1145 2337 ergo
1157 2298 1330 2327 circumcisio
1346 2293 1470 2330 praeputii
1496 2292 1579 2327 ﬁgura
1593 2294 1649 2316 erat
1662 2288 1778 2315 circum-

999 2349 1112 2377 cisionis
1128 2345 1234 2377 cordis;
1251 2345 1288 2370 ita
1305 2342 1475 2376 eleemosyna
1497 2335 1637 2365 charitatis
1651 2332 1779 2368 magistra

997 2395 1149 2423 constituta
1161 2396 1213 2420 est.
1230 2389 1335 2423 Quibus
1352 2386 1434 2422 igitur
1457 2383 1576 2411 charitas
1595 2387 1642 2416 per
1665 2379 1779 2414 gratiam

997 2442 1060 2470 data
1071 2445 1122 2472 cst,
1137 2439 1172 2466 iis
1188 2440 1388 2472 supervacanea
1404 2434 1446 2458 est
1458 2429 1638 2462 eleemosyna.
1654 2446 1657 2451 .

1036 2486 1080 2513 74.
1097 2466 1275 2518 N'equaqdam
1307 2480 1357 2506 hoc
1375 2477 1454 2507 dico,
1473 2478 1503 2502 ut
1525 2469 1718 2500 misericordia:
1737 2466 1781 2495 de-

964 2534 968 2540 '
997 2533 1116 2562 traham,
1134 2512 1181 2557 sed
1203 2512 1260 2563 quo
1278 2524 1417 2553 ostendam
1443 2523 1599 2556 spontanee;
1614 2512 1782 2551 paupertatis

998 2577 1154 2613 puritatem.
1189 2558 1229 2599 Ne
1257 2571 1302 2598 ﬁat
1326 2569 1408 2603 igitur
1434 2566 1524 2593 minus
1541 2561 1653 2597 majoris
1668 2558 1783 2594 impedi-

999 2605 1132 2650 incntum.
1148 2620 1252 2654 Exiguo
1273 2621 1394 2650 tempore
1409 2618 1521 2648 parvum
1549 2610 1651 2636 bonum
1670 2605 1780 2636 fecisti,

1000 2669 1047 2704 qui
1065 2667 1155 2695 omnia
1171 2650 1251 2693 simul
1267 2660 1403 2696 erogasli;
1425 2659 1480 2694 jam
1501 2656 1533 2683 ad
1549 2655 1576 2682 id
1600 2651 1672 2688 quod
1691 2650 1784 2685 majus

1006 2718 1058 2745 est,
1075 2711 1236 2740 charitatem
1246 2708 1384 2738 nimirum,
1394 2703 1509 2738 respice.
1524 2699 1649 2729 Crucil‘er
1665 2702 1783 2731 namque

1001 2769 1041 2790 es.
1053 2742 1103 2786 vTu
1118 2758 1230 2785 liberam
1245 2755 1317 2782 illam
1333 2758 1426 2779 vocem
1455 2747 1575 2783 proferre
1597 2745 1697 2773 debes:
1716 2742 1784 2771 Ecce

1037 2880 1093 2915 (9i)
1115 2879 1206 2914 \‘ulg.,
1221 2876 1417 2904 ὑποκτέπεται.
1433 2872 1472 2900 En
