1919 3064
95 177 104 202 1
111 177 158 204 ὅὸΙ

655 175 682 201 3.
703 173 934 202 ATHANASIUS.
955 189 989 194 —
1015 173 1148 202 SPURIA.

1642 171 1712 199 155‘!

95 233 246 268 reliquimus
260 233 357 263 onmia.
373 236 397 258 el
412 232 495 258 seculi
508 239 599 258 sumus
617 236 640 257 te
657 231 689 258 “.
707 230 746 257 Tu
765 231 815 257 hnc
832 230 881 257 do-

948 229 1183 264 mo.lov01’iaayér
1193 238 1252 256 σοι.
1269 229 1304 255 Σὺ
1318 229 1366 264 τὴν
1383 229 1619 265 εὒπαρῤησίαστον
1629 229 1713 263 γλῶτ-

95 284 176 306 natus
193 286 223 306 es
246 285 369 309 munere,
387 281 417 304 ut
443 277 541 304 ﬁducia
559 277 667 311 plenam
696 277 880 311 apostolorum

96 325 229 359 loquelam
244 323 392 350 imitarere.
411 323 493 349 Aiunt
505 323 577 350 enim
590 322 687 349 Petrus
701 326 728 349 et
741 321 859 349 Joannes
874 331 880 346 :

97 372 196 396 Aurum
209 373 234 395 et
249 373 387 403 argentum
405 377 456 394 non
472 373 511 395 eu
528 368 590 395 mihi
607 369 638 394 ³³.
657 368 760 403 Duplex
775 367 882 403 quidem

97 415 198 449 lingua,
212 414 258 441 sed
271 414 350 440 unica
365 413 440 441 iides.

133 470 174 496 75.
197 469 269 496 Inter
284 469 429 497 saeculares
445 477 536 504 porro.
548 478 582 497 ne
602 473 705 498 temere
723 474 748 497 et
762 469 885 497 inconsi-

98 515 191 541 derate
203 518 331 547 erogetur
345 515 528 550 eleemosyna.
549 515 593 541 Ait
606 515 678 542 enim
693 525 698 542 :
719 515 811 542 Oleum
827 524 886 550 pec-

98 560 194 586 catoris
209 568 259 586 non
275 561 416 594 impinguet
431 565 508 593 caput
524 568 608 586 meum
625 560 657 587 ".
673 560 808 588 Convenit
821 569 886 595 ergo

100 610 129 632 ut
143 605 188 640 qui
204 605 402 640 eleemosynam
414 609 506 640 erogat
519 606 665 632 Abrahami
685 606 828 641 prudentia
851 607 887 634 sit

100 651 246 686 primitus.
268 658 299 678 ac
325 651 553 685 quemadmodum
582 651 626 678 ille
652 651 726 686 juste
749 657 776 679 et
802 652 887 686 probe

100 699 171 730 agat.
198 695 266 722 Nam
291 696 336 730 qui
368 695 490 730 hospites
518 695 722 730 perhumaniter
736 696 887 731 excipiebat

101 739 181 766 homo
196 739 300 773 justus,
316 747 378 765 cum
401 739 488 774 epulis
502 747 582 766 suum
603 739 685 766 etiam
704 739 825 765 animum
841 743 888 765 ex-

101 785 220 811 hibebat.
242 784 322 812 Stetit
354 785 454 819 quippe
482 785 663 817 ministrans',
686 791 737 811 nec
759 783 889 811 sustinuit

102 830 218 857 famulos
232 829 367 864 ejusmodi
383 820 450 856 lucri
463 837 555 857 secum
569 834 711 857 consortes
727 838 798 857 esse.
815 830 888 857 Sane

105 877 152 912 qui
167 877 302 911 ejusmodi
327 880 412 909 Sunt,
444 877 621 912 eleemosynze
645 877 795 904 mercedem
820 877 890 904 reci-

103 923 175 957 pient
190 941 198 953 ,
220 921 346 956 quamvis
372 921 399 948 in
415 921 535 948 secundo
555 921 650 949 ordine
676 922 886 950 constituantur.

102 967 223 1001 Namque
241 966 371 993 Dominus
385 967 432 1001 qui
445 967 577 993 mundum
592 968 702 1000 creavit,
713 968 848 1002 duplicem
861 968 888 995 in

103 1013 150 1039 illo
161 1013 253 1047 posuit
268 1012 418 1039 incolarmn
430 1013 564 1039 ordinem.
578 1013 647 1040 Aliis
660 1013 793 1048 siquidem
806 1014 890 1048 probe

103 1058 271 1090 viventibus,
288 1062 400 1093 propter
412 1058 559 1085 liberorum
578 1059 778 1093 susceptionem
795 1059 891 1086 matri-

104 1103 225 1129 monium
259 1103 400 1137 injunxit:
429 1103 491 1129 aliis
515 1109 579 1129 vero
606 1106 716 1137 propter
744 1103 890 1137 puritatem

103 1150 178 1180 vitm,
194 1150 348 1175 castitatem
365 1149 487 1180 tradidit,
499 1148 617 1182 azquales
635 1148 696 1175 illos
711 1148 816 1182 angelis
826 1156 892 1175 con-

103 1195 232 1222 stituens.
249 1193 283 1220 Et
295 1194 350 1222 illis
365 1194 473 1228 quidem
488 1194 573 1228 leges.
590 1194 718 1226 ultiones,
737 1194 892 1221 doctrinas-

104 1247 157 1274 que
176 1239 250 1266 dedit
266 1249 272 1266 :
290 1240 332 1267 his
348 1247 412 1266 vero
428 1240 485 1266 ait:
514 1239 580 1266 lli/ti
602 1239 728 1270 vindicta.
749 1247 795 1274 ego
815 1239 893 1266 retri-

105 1283 184 1310 buam
196 1303 204 1315 ,
227 1284 291 1310 dicit
310 1283 437 1310 Dominus
452 1284 484 1310 ³⁸.
506 1284 563 1311 Illic
579 1284 616 1311 ait
632 1294 638 1311 :
660 1284 815 1318 Operaberis
838 1290 888 1311 ter.

104 1336 163 1354 ram
179 1328 222 1360 ³⁶;
248 1328 291 1355 hic
308 1328 385 1362 jubet
403 1337 410 1354 ε
433 1327 524 1355 Nolite
537 1328 646 1355 solliciti
671 1337 725 1356 esse
743 1329 774 1355 de
799 1330 894 1356 crasti-

105 1381 139 1400 no
153 1373 187 1400 ³⁷.
215 1373 270 1400 Illis
289 1373 374 1408 legem
398 1373 490 1407 dedit;
519 1374 597 1401 nobis
624 1381 671 1409 per
696 1374 811 1409 gratiam
838 1374 896 1409 ipse

105 1426 199 1447 coram
212 1419 340 1446 mandata
361 1419 508 1446 intimavit.

141 1475 184 1503 76.
205 1477 277 1503 Crux
299 1480 340 1504 est
358 1476 438 1503 nobis
458 1479 590 1510 tropaeum
605 1476 735 1503 victoriae.
753 1475 896 1503 Professio

106 1521 206 1556 quippe
221 1521 288 1548 nihil
303 1521 376 1548 aliud
389 1526 431 1549 est
443 1529 526 1556 quam
549 1521 686 1548 abdicatio
714 1521 785 1553 vitae,
801 1526 827 1548 et
842 1529 898 1548 me-

931 285 980 302 ταν
993 276 1047 302 τῶν
1064 275 1219 302 ἀποστόλων
1248 275 1415 311 μιμήσασθαι
1440 275 1619 311 κατηξιώθης.
1647 277 1715 310 Φησὶ

932 322 985 357 γὰρ
999 322 1099 356 Πέτρος
1113 322 1160 348 καὶ
1168 322 1307 356 Ἰωάννης,
1320 321 1357 352 ὡς
1371 321 1504 354 Χρυσίον
1514 321 1563 346 καὶ
1575 321 1715 355 ἀργύριον

933 368 989 401 οὐχ
1007 367 1133 400 ὑπάρχει
1149 375 1208 401 μοι.
1222 366 1307 401 Διπλῆ
1324 367 1371 402 μὲν
1389 367 1404 402 ἡ
1421 366 1539 400 γλῶττα,
1552 365 1619 392 ἀλλά
1639 366 1716 392 ιιονὸ-

933 422 1032 449 τροπος
1047 414 1063 448 ὴ
1078 413 1177 444 πίστις.

970 471 1013 496 75.
1028 470 1082 496 Καὶ
1095 471 1124 496 ὲν
1134 471 1189 501 τοῖς
1203 469 1343 503 κοσμικοῖς
1350 468 1378 494 δὲ
1396 467 1432 503 μὴ
1445 467 1536 498 ἁπλῶς
1543 466 1628 498 οὕτως
1639 466 1716 500 ἐλεη-

937 516 1038 552 μοσύνη
1055 515 1180 550 γινέσθω.
1197 515 1265 550 Φησὶ
1280 514 1344 550 γὰρ,
1363 514 1400 544 ὡς
1413 515 1532 540 Ἕλαιοι·
1544 513 1719 547 ἀμαρτωλοῦ

933 561 976 595 μὴ
991 559 1143 586 λιπανάτω
1155 559 1212 593 τὴν
1225 558 1361 593 κεφαλήν
1369 567 1439 594 μου.
1455 558 1591 593 Προσήκει
1605 555 1651 583 οὖν
1673 558 1719 584 τὸν

937 605 1064 631 ἐλεοῦντα
1087 604 1262 640 Ἄϐραμιαῖον
1288 604 1359 639 ἔχειν
1390 604 1419 630 τὺ
1449 603 1586 639 φρόνημα,
1616 603 1664 629 καὶ
1681 603 1720 631 ὡς

937 651 1040 682 ἐκεῖνος
1054 650 1084 676 τὸ
1100 650 1202 677 δίκαιον
1226 650 1337 682 δικαίως
1355 650 1492 685 πράττειν.
1506 647 1651 680 Φιλοξενῶν
1665 648 1720 683 γὰρ

937 700 951 725 6
965 699 1078 730 δίκαιος,
1093 698 1162 734 μετὰ
1175 698 1222 734 τῆς
1239 697 1330 729 ἑστίας
1346 697 1393 723 καὶ
1407 697 1454 732 τὴν
1471 696 1583 731 γνώμην
1599 695 1721 731 παρέθηρ

938 753 995 771 κεν.
1013 745 1097 779 Ἔστη
1130 743 1193 779 γὰρ,
1220 743 1311 778 φησὶν,
1337 741 1490 777 ὑπηρετῶν,
1522 741 1559 776 μὴ
1583 740 1722 776 βουληθεὶς

938 791 1001 821 τοὺς
1028 789 1135 821 οἰκέτας
1161 788 1349 825 συμμεριστὰς
1369 787 1416 814 τοῦ
1438 787 1549 823 κέρδους
1582 787 1721 821 γενέσθαι.

946 835 1064 870 Ἀληθῶς
1075 836 1101 861 οἱ
1116 834 1231 861 τοιοῦτοι
1247 833 1341 868 μισθὸν
1358 833 1408 868 τῆς
1423 832 1606 868 ὲλεημοσύνης
1620 833 1728 865 ἓξουσι,.

907 899 925 926 Β
941 881 992 908 κᾶν
1025 881 1054 907 ὲν
1074 880 1113 916 τῷ
1142 880 1264 915 δευτέρῳ
1283 879 1403 914 τάγματι
1423 878 1601 926 τυγχάνωσιν.
1621 877 1651 926 :0
1669 878 1724 926 γάρ

940 928 1052 962 Κύριος,
1078 926 1281 962 δημιουργήσας
1303 926 1352 961 τὴν
1383 925 1553 960 οἰκουμένην,
1575 924 1671 959 διπλῆν
1691 924 1722 949 ἐν

939 974 1007 1009 αὐτῇ
1017 973 1073 999 τῶν
1087 974 1237 1008 οἰκητόρων
1248 972 1324 999 ἔθετο
1351 971 1397 1007 τὴν
1415 971 1501 1003 τάξιν.
1516 972 1579 1002 Τοῖς
1597 971 1645 1005 μὲν
1670 970 1727 1004 γὰρ

941 1019 1046 1053 σεμνῶς
1062 1018 1199 1054 βιοῦσιδιὰ
1212 1018 1260 1053 τὴν
1271 1017 1440 1044 παιδοποιίαν
1466 1016 1511 1043 τὸν
1533 1017 1620 1051 γάμον
1640 1024 1725 1051 προσ-

940 1064 1029 1098 έταξεν
1043 1066 1098 1096 τοῖς
1111 1065 1138 1091 δὲ
1152 1064 1194 1091 διὰ
1206 1063 1377 1100 καθαρότητα
1395 1063 1450 1098 βίου
1465 1062 1513 1098 τὴν
1523 1062 1634 1096 ἁγνείαν
1643 1070 1728 1097 προσ-

940 1110 1043 1143 έταξεν,
1063 1109 1221 1144 ὶσαγγέλους
1237 1109 1334 1140 αὐτοὺς
1365 1107 1463 1135 ποιῶν-
1480 1107 1527 1135 καὶ
1542 1109 1597 1139 τοῖς
1612 1107 1660 1142 μὲν
1684 1106 1728 1133 νό-

943 1163 1010 1189 μους
1042 1154 1088 1182 καὶ
1117 1155 1268 1190 ὲκδικήσεις
1297 1154 1343 1181 καὶ
1367 1153 1539 1185 διδασκαλίας
1565 1153 1727 1188 παρέδωκε-

942 1200 1047 1232 τούτοις
1057 1201 1086 1227 δέ
1103 1209 1200 1236 φησιν·
1222 1201 1302 1235 Ἐμοὶ
1323 1200 1488 1234 ἐκδίκησις,
1515 1199 1572 1234 ἐγὼ
1599 1200 1728 1226 ἀνταπο-

942 1247 1039 1278 δώσω,
1058 1245 1138 1280 λέγει
1160 1246 1275 1280 Κύριος.
1297 1246 1369 1272 Ἐκεῖ
1396 1254 1476 1281 φησιν
1489 1254 1496 1260 ·
1514 1244 1640 1280 Ἐργάσῃ
1671 1245 1729 1278 τὴν

943 1291 1001 1326 γῆν
1012 1301 1018 1307 ·
1035 1292 1081 1317 καὶ
1096 1288 1145 1317 ὦδε
1166 1290 1207 1324 μὴ
1224 1290 1404 1325 μεριμνῆσαι
1426 1289 1481 1324 τῆς
1495 1290 1600 1324 αὔριον
1612 1289 1726 1316 κελεύει.

951 1338 1079 1368 Ἐκείνοις
1093 1338 1174 1373 νόμον
1189 1337 1288 1364 ἔδωκεν
1297 1345 1303 1352 ⁸
1321 1338 1387 1372 ἡμῖν
1399 1337 1427 1363 δὲ
1442 1336 1485 1363 διὰ
1496 1336 1605 1372 χάριτος
1618 1335 1730 1370 αὐτοψεὶ

945 1384 993 1416 τὰς
1012 1383 1120 1415 ἐντολὰς
1136 1383 1294 1420 ἐγνώρισεν.

986 1486 1026 1513 ιϐ.
1043 1485 1163 1520 Σταυρὺς
1178 1485 1244 1520 ἡμῖν
1259 1483 1315 1509 ἐστι
1338 1483 1369 1509 τὸ
1385 1483 1513 1518 τρόπαιον
1528 1482 1578 1517 τῆς
1591 1482 1678 1517 νίκης.
1693 1481 1732 1507 Τὸ

947 1532 1002 1566 γὰρ
1023 1531 1183 1566 ἐπάγγελμα
1197 1529 1274 1565 ήμῶν
1291 1529 1365 1556 οὐδὲν
1392 1528 1456 1555 ἄλλο
1482 1529 1555 1555 ἐστὶν
1572 1528 1587 1563 ἢ
1602 1529 1728 1562 ἀποταγὴ

107 1568 204 1594 ditatio
217 1568 323 1594 mortis.
336 1567 571 1600 Quemadmodum
592 1575 657 1602 ergo
682 1568 781 1594 mortui
801 1575 893 1602 corpo-

949 1577 1017 1613 βίου,
1046 1576 1144 1612 μελέτη
1169 1575 1295 1602 θανάτου.
1320 1575 1425 1610 Ὥσπερ
1453 1572 1498 1601 οὖν
1526 1575 1551 1600 οἱ
1576 1574 1666 1609 νεκροὶ
1682 1574 1732 1600 οὐκ

107 1621 138 1641 re
155 1621 209 1640 non
222 1618 387 1649 operantur;
400 1614 437 1640 ita
454 1618 481 1641 et
498 1621 558 1641 nos.
572 1613 748 1648 Quaecunque
761 1614 834 1640 enim
850 1614 896 1640 illo

107 1659 189 1694 632
197 1659 348 1694 peragenda
355 1663 444 1693 erant,
457 1658 570 1686 fecimus
577 1666 638 1685 cum
647 1667 769 1687 essemus
782 1659 895 1692 parvuli.

109 1704 154 1731 Ait
168 1712 283 1739 namque
299 1705 445 1739 Apostolus
461 1715 466 1731 :
484 1704 551 1732 Mi/ti
566 1704 677 1731 mundus
689 1705 832 1738 cruciﬁxus
847 1710 896 1738 εει,

110 1755 134 1777 et
148 1758 193 1785 ego
205 1750 301 1777 mundo
312 1750 344 1777 “.
357 1751 455 1778 Anima
469 1751 594 1778 vivamus
604 1759 610 1784 ;
620 1757 652 1778 ea
663 1751 838 1778 ostendamus
848 1751 899 1777 vir-

111 1799 203 1829 tutes;
221 1800 308 1822 mente
316 1803 492 1823 exerceamus
502 1796 714 1823 misericordiam
727 1795 896 1823 :Beatienim

111 1839 292 1867 misericordes
304 1841 395 1866 anima
406 1841 438 1866 39.
448 1840 479 1867 Et
493 1841 720 1875 quemadmodum
732 1841 826 1869 eodem
839 1842 898 1869 loco

113 1885 198 1918 dicit,
222 1885 295 1920 quod
313 1886 361 1920 qui
379 1886 610 1920 pulchritudinem
627 1887 816 1922 concupierit,
843 1888 896 1915 etsi

113 1931 182 1970 nihil
196 1932 315 1959 exterius
344 1936 416 1967 agat.
433 1938 573 1967 peccatum
590 1933 649 1960 sine
679 1937 746 1960 teste
771 1938 899 1968 operatus

114 1981 176 2010 est;
197 1977 292 2004 eadem
315 1978 420 2005 ratione
438 1978 482 2005 hic
499 1978 531 2005 de
560 1979 730 2014 elcemosyna
745 1987 834 2006 sermo
852 1980 900 2006 ha-

116 2023 207 2054 betur,
223 2023 313 2050 animo
338 2023 471 2050 actionem
500 2023 670 2058 perﬁciente,
690 2023 751 2050 licet
767 2023 837 2052 desit
854 2033 900 2060 pe-

116 2069 206 2101 cunia,
220 2068 323 2103 majore
342 2068 476 2096 habemur
489 2069 602 2096 honore.

152 2124 195 2152 77.
215 2124 450 2158 Quemadmodum
479 2126 552 2153 enim
583 2125 630 2160 qui
660 2126 688 2153 in
712 2126 812 2153 saeculo
835 2130 900 2153 sunt

115 2171 174 2198 heri
195 2172 269 2199 varia
286 2171 413 2199 obtinent
441 2179 584 2199 servorum
610 2172 772 2203 ministeria.
790 2177 817 2200 et
832 2173 900 2200 alios

116 2217 225 2252 quidem
240 2217 267 2244 in
282 2224 376 2251 agrum
398 2217 520 2251 mittunt,
538 2217 571 2244 ad
599 2217 713 2245 colenda
730 2218 840 2252 praedia,
852 2225 899 2252 ge-

948 1622 1089 1658 ἐνεργοῦσι
1097 1621 1135 1657 τῷ
1148 1621 1265 1656 σώματι,
1279 1620 1350 1647 οὓτω
1365 1621 1411 1647 καὶ
1426 1621 1517 1655 ἡμεῖς.
1540 1619 1611 1646 Ὅσα
1627 1620 1681 1654 γὰρ
1698 1618 1732 1654 ἦν

947 1669 980 1695 δι’
995 1668 1076 1695 αὑτοῦ
1091 1667 1254 1699 ἐπιτελέσαι,
1274 1667 1463 1701 πεποιήκαμεν
1485 1666 1529 1692 ὅτε
1545 1663 1615 1700 ἦμεν
1630 1665 1731 1700 νήπιοι.

947 1714 1015 1750 Φησὶ
1030 1713 1084 1748 γάρ
1097 1714 1111 1740 6
1130 1713 1299 1744 ’Δπόστολος,
1331 1712 1368 1743 ὼς
1393 1711 1470 1746 Ἐμοὶ
1492 1711 1606 1744 κόσμος
1625 1711 1733 1737 ἐσταύ-

944 1770 1045 1795 ρωται,
1056 1760 1137 1794 κάγὼ
1153 1759 1192 1792 τῷ
1208 1760 1319 1794 κόσμῳ.
1331 1758 1370 1793 Τῇ
1385 1758 1456 1793 ψυχῇ
1477 1757 1567 1792 ζῶμεν
1577 1765 1584 1772 ·
1600 1756 1667 1792 αὐτῇ
1683 1756 1734 1788 τὰς

948 1807 1049 1842 ἀρετὰς
1057 1805 1234 1840 ἐπιδείξωμεν
1244 1814 1250 1820 ·
1269 1804 1339 1832 κατά
1354 1804 1472 1830 διάνοιαν
1489 1803 1644 1839 ἐλεήσωμεν
1654 1812 1661 1818 ·
1670 1796 1734 1829 Μα-

949 1855 1044 1887 κάριοι
1054 1852 1109 1888 γὰρ
1125 1853 1148 1878 οἱ
1162 1852 1323 1885 ἐλεήμονες
1337 1852 1370 1886 τῇ
1384 1850 1467 1885 ψυχῇ.
1485 1850 1590 1885 ’Ὥσπερ
1605 1849 1658 1885 γὰρ
1677 1849 1735 1875 ἐκεῖ

949 1898 1032 1932 λέγει,
1047 1899 1088 1924 ὅτι
1104 1899 1118 1924 ὁ
1129 1897 1299 1932 ἐπιθυμήσας
1313 1896 1435 1928 κάλλους,
1456 1896 1503 1922 καὶ
1518 1896 1579 1930 δίχα
1592 1895 1643 1930 τῆς
1661 1895 1734 1930 πρά-

950 1945 1028 1977 ξεως,
1052 1945 1211 1980 ἀμάρτυρον
1237 1943 1286 1978 τὴν
1303 1943 1438 1978 ἁμαρτίαν
1464 1943 1622 1978 εἰργάσατο·
1649 1941 1747 1972 οὕτως’

951 1989 1066 2016 ἐνταῦθα
1079 1990 1095 2025 ἡ
1108 1989 1275 2024 ἐλεημοσύνη
1290 1989 1408 2024 εἴρηται,
1419 1989 1467 2023 τῆς
1482 1988 1594 2024 γνώμης
1601 1988 1650 2024 τὴν
1664 1989 1741 2024 πριίι

951 2036 992 2068 ξιν
1008 2035 1149 2068 τελούσης,
1168 2035 1218 2062 κᾶν
1237 2035 1267 2061 τὸ
1290 2034 1420 2070 ἀργύριον
1436 2034 1543 2067 ἄπεστι,
1569 2035 1603 2070 τῇ
1633 2033 1736 2069 μείζονι

951 2081 1014 2115 ἀξίᾳ
1023 2081 1206 2116 τετιμήμεθα.

987 2136 1031 2164 77,
1047 2136 1153 2170 Ὥσπερ
1168 2135 1223 2171 γὰρ
1238 2137 1262 2162 οἱ
1279 2135 1350 2162 κατὰ
1363 2135 1408 2162 τὸν
1423 2136 1524 2171 κόσμον
1540 2135 1735 2162 δειπιόταιδια-

952 2182 1051 2218 φόρους
1066 2181 1180 2208 οἰκετῶν
1194 2182 1345 2217 ὑπηρεσίας
1360 2181 1521 2217 κέκτηνται·
1543 2182 1589 2208 καὶ
1605 2182 1667 2213 τοὺς
1687 2181 1736 2216 μὲν

949 2229 982 2254 ὲν
997 2230 1054 2259 τοῖς
1064 2227 1174 2263 χωρίοις
1187 2227 1370 2262 ἐκπέμπουσι,
1385 2227 1452 2263 προς
1461 2228 1492 2254 τὸ
1502 2227 1551 2260 τὰς
1562 2228 1642 2261 γαίας
1653 2228 1736 2262 ἐργά-

116 2263 244 2297 uerisque
260 2263 426 2298 propagandi
442 2271 543 2296 causa;
558 2271 652 2290 eorum
670 2267 761 2291 autem
780 2263 861 2296 ﬁlios,
873 2264 893 2291 si

952 2271 1054 2304 ζεσθαι,
1073 2271 1120 2298 καὶ
1131 2271 1180 2306 τὴν
1192 2272 1238 2298 τοῦ
1256 2272 1350 2305 γένους
1361 2272 1484 2307 διαδοχὴν
1501 2272 1641 2306 φυλάττειν
1650 2281 1657 2288 ⁵
1674 2272 1736 2303 τοὺς

115 2309 308 2344 conspexerint
340 2309 439 2344 probos
471 2310 663 2345 elegantesque
686 2318 763 2343 esse,
787 2311 898 2338 domum

116 2354 287 2382 transferunt
313 2354 364 2382 sibi
384 2355 606 2388 ministraturos;
631 2356 669 2382 ila
684 2363 792 2391 quoque
807 2356 899 2384 Domi-

117 2408 169 2427 nus
181 2407 229 2428 eos
240 2401 348 2435 quidem
365 2400 411 2435 qui
436 2401 592 2428 venerabile
609 2402 813 2428 matrimonium
831 2403 899 2430 inie-

116 2451 192 2478 runt,
209 2446 236 2473 in
250 2453 316 2481 agro
331 2446 425 2473 mundi
451 2447 587 2481 reposuit;
611 2455 705 2474 eorum
727 2452 815 2475 autem
831 2456 901 2483 pras-

117 2491 264 2518 stantiorcs
279 2491 358 2523 (illos,
373 2495 507 2526 quotquot
521 2492 638 2518 maxime
654 2491 769 2526 probum
783 2492 900 2526 amplexi

118 2541 184 2563 sunt
204 2537 391 2571 propositum,
422 2538 473 2566 sibi
499 2539 533 2566 ad
555 2539 740 2567 ministerium
768 2539 898 2566 admovit.

118 2581 165 2609 Isti
179 2583 213 2609 ab
226 2584 361 2612 universis
377 2585 494 2612 terrenis
509 2585 625 2619 negotiis
643 2589 707 2612 sunt
719 2583 811 2616 alieni,
832 2592 901 2618 quo-

119 2627 192 2654 niam
207 2628 348 2656 Dominica
363 2637 456 2657 mensa
481 2630 583 2664 dignati
597 2634 672 2657 sunt.
689 2629 744 2658 Nec
768 2630 802 2657 de
817 2630 900 2657 vcsti-

119 2678 211 2701 mento
236 2674 345 2702 solliciti
374 2680 455 2709 sunt,
486 2675 626 2703 Christum
656 2683 774 2712 namque
809 2675 903 2702 indue-

120 2723 195 2748 runt.

158 2835 179 2850 ³¹
197 2833 292 2862 Matth.
308 2843 370 2865 xu.
388 2835 432 2862 27.
471 2836 492 2852 ³⁸
513 2835 572 2863 Act.
591 2843 633 2865 III,
650 2835 676 2861 6.
715 2834 736 2849 "
756 2834 827 2861 l‘sal.
846 2842 914 2866 cu,
933 2833 956 2860 5.

121 2876 164 2904 Vl,
182 2871 226 2898 51.
264 2869 286 2886 ³⁸
306 2870 392 2898 Galat.
411 2878 452 2904 vt,
473 2870 516 2898 1-1.
555 2871 576 2887 ³¹
596 2871 689 2898 Matth.
710 2878 735 2901 ν,
756 2869 778 2896 7.

951 2318 990 2347 δὲ,
999 2317 1045 2343 ἐὰν
1060 2318 1188 2349 ἐπιεικεῖς
1199 2317 1246 2343 καὶ
1257 2317 1429 2353 περικαλλεξ
1438 2317 1468 2350 ἐξ
1480 2317 1738 2353 αὑτῶνέγενομένους

953 2363 1110 2395 θεάσωνται,
1122 2365 1150 2390 ἐν
1169 2365 1225 2395 τοῖς
1240 2363 1313 2396 ἰδίοις
1326 2364 1411 2396 οἴκοις
1439 2363 1584 2398 μεθιστῶσι
1603 2364 1671 2399 πρὸς
1687 2364 1738 2398 τὴν

954 2410 1056 2436 ἑαυτῶν
1080 2410 1248 2446 ὑπηρεσίαν·
1271 2410 1358 2442 οὕτως
1377 2411 1423 2437 καὶ
1439 2410 1453 2436 6
1469 2409 1571 2446 Κύριος
1596 2410 1659 2441 τοὺς
1686 2409 1736 2444 μὲν

953 2457 997 2484 τὸν
1014 2457 1112 2492 σεμνὸν
1132 2457 1220 2492 γάμον
1247 2457 1398 2492 ἑλομένους,
1411 2457 1438 2483 ὲν
1451 2455 1490 2490 τῷ
1506 2455 1552 2482 τοῦ
1569 2456 1669 2490 κόσμου
1683 2464 1738 2490 χω.

955 2502 1005 2538 ρίῳ
1017 2501 1107 2528 ἔθετο·
1121 2503 1185 2534 τοὺς
1204 2502 1232 2528 δὲ
1248 2502 1349 2528 τούτων
1366 2501 1513 2535 βελτίονας,
1540 2501 1597 2527 ὅσοι
1621 2501 1739 2535 μάλιστα

952 2547 1040 2581 δεξιᾶς
1051 2548 1214 2583 τετυχήκασι
1235 2547 1431 2583 προαιρέσεως,
1451 2546 1540 2581 ἑαυτῷ
1566 2547 1740 2582 παρέστησεν

953 2594 992 2625 είς
1004 2593 1183 2627 λειτουργίαν.
1199 2589 1279 2620 Οὗτοι
1291 2593 1399 2619 πάντων
1411 2592 1465 2618 τῶν
1487 2593 1590 2628 γηΐνων
1606 2593 1737 2628 πραγμά-

955 2648 1008 2665 των
1020 2639 1197 2674 τυγχάνουσιν
1210 2638 1353 2674 ἀλλότριοι·
1367 2638 1416 2673 τῆς
1432 2638 1486 2673 γὰρ
1499 2639 1667 2674 Δεσποτικῆς
1675 2647 1738 2674 τρα-

956 2684 1040 2720 πέζης
1057 2684 1194 2719 ἠξίωνται.
1226 2683 1265 2710 Οὐ
1293 2683 1442 2719 μεριμνῶσι
1467 2684 1532 2719 περὶ
1560 2684 1732 2718 ὰμφιάσεως·

955 2730 976 2755 Χ
982 2729 1069 2764 ριστὸν
1083 2730 1137 2764 γὰρ
1150 2729 1300 2756 ἐνδέδυνται
1306 2749 1312 2756 .

1002 2834 1022 2849 ³⁸
1043 2832 1119 2861 Rom.
1139 2841 1193 2866 xu,
1214 2833 1254 2860 19.
1302 2833 1323 2849 ³θ
1342 2833 1438 2861 Genes.
1459 2839 1500 2864 Ill,
1517 2831 1562 2860 ‘23.
1601 2832 1622 2848 ³⁷
1642 2830 1740 2859 Matth.
