1919 3064
142 199 213 228 1533

686 205 767 233 VITA
788 206 936 234 SANCTIE
958 207 1196 236 SYNCLETICJE.

1688 214 1755 241 £554

177 257 299 304 ἾξϊΤῶν
315 257 362 286 οὖν
375 260 537 297 ἀμφοτέρων
551 264 698 299 ταγμάτων
709 264 748 298 εἷς
761 267 818 293 Ζεστι
830 266 910 294 δεσπό

1011 268 1056 296 78.
1079 268 1226 304 Utriusque
1242 274 1369 296 cmterum
1384 270 1488 298 ordinis
1504 280 1574 299 unus
1598 277 1640 300 est
1665 274 1755 302 Domi-

140 310 189 337 της
200 302 336 338 όΚύριος.
351 305 454 340 ’Ὠσπερ
471 306 525 341 γὰρ
546 308 580 334 ἐκ
593 309 639 335 τοῦ
659 310 740 337 αὑτοῦ
769 311 843 337 σίτου
865 312 923 338 ἐστὶ

140 348 186 374 καὶ
210 348 241 374 τὸ
256 349 357 384 ἄχυρον
374 351 420 377 καὶ
434 351 464 378 τὸ
489 353 608 388 σπέρμα,
634 354 719 387 οὕτως
733 357 764 382 ἐκ
779 356 826 382 τοῦ
840 357 922 383 αὐτοῦ

139 392 206 420 Θεοῦ
220 395 271 421 εξσι
280 396 327 422 καὶ
338 396 364 422 οί
377 396 447 423 κατά
463 397 508 424 τὸν
528 399 628 434 κόσμον
653 401 760 439 σεμνῶς
790 401 921 436 βιοῦντες,

139 437 186 464 καὶ
199 438 224 464 οἱ
238 438 283 465 τὸν
299 441 401 476 μονήρη
417 442 622 478 ἐπανῃρημένοι
636 437 700 478 βίον.
719 446 773 471 Καὶ
789 446 854 480 γοῦν
867 447 921 473 τῶν

138 483 300 518 ἀμφοτέρων
310 486 388 521 χρεία
400 486 472 512 ἐστι·
485 487 539 513 τῶν
555 489 605 523 μὲν
625 489 730 524 φύλλων
746 491 812 526 πρὸς
827 493 920 528 χρείαν

138 528 187 555 καὶ
207 529 328 566 φυλακὴν
346 531 392 557 τοῦ
421 532 593 568 σπέρματος,
608 535 654 561 τοῦ
667 535 695 562 δὲ
709 538 812 572 καρποῦ
838 539 921 572 ἀναγ-

138 574 202 600 καία
227 575 244 610 ή
265 576 360 610 κτῆσις
374 585 381 591 ·
405 577 511 611 γένεσις
533 577 587 614 γὰρ
600 579 646 606 τοῦ
663 582 763 612 παντὸς
782 582 918 617 τυγχάνει.

138 619 244 663 ᾭσπερ
263 620 317 656 γὰρ
334 622 384 648 οὐκ
404 623 522 659 ἐγχωρεῖ
546 625 618 651 κατά
641 626 725 652 ταυτὸ
741 627 788 653 καὶ
806 627 920 663 βοτάνην

136 660 206 690 εἶναι
221 665 267 690 καὶ
280 666 401 702 σπέρμα,
411 667 495 699 οὕτως
509 669 648 701 ἀδύνατον,
659 671 709 706 τῆς
723 674 858 708 κοσμικῆς
878 673 919 699 δό-

137 708 185 745 ξης
199 711 264 746 ἡμῖν
280 713 487 748 περικειμένης,
515 715 621 750 καρπὸν
646 716 770 752 οὐράνιον
797 719 917 753 ποιῆσαι.

135 755 195 782 Τῶν
209 757 237 783 δὲ
255 757 362 792 φύλλων
375 759 578 795 ἀπορρυέντων,
592 762 640 788 καὶ
654 763 705 797 τῆς
719 763 844 798 καλάμης
870 765 917 800 ξη-

135 802 290 838 ρανθείσης,
306 805 457 840 ἐπιτήδειος
468 807 482 832 ὁ
494 807 594 842 στάχυς
608 808 676 844 πρὸς
701 808 831 844 θερισμόν
848 811 916 837 ἐστι.

133 846 190 873 Καὶ
207 848 290 883 ἡμεῖς
305 847 362 881 οὖν,
394 850 579 878 ἀποϐαλοῦσαι
593 852 641 888 τὴν
658 855 690 880 ὲκ
703 854 754 888 γῆς
770 855 918 888 φαντασίαν

133 893 194 919 ἀντὶ
202 893 256 919 τῶν
269 894 385 928 φύλλων,
398 896 446 922 καὶ
461 895 612 931 ξηράνασαι
627 898 731 924 ἑαυτῶν
747 899 776 924 τὸ
788 899 866 935 σῶμα
880 900 918 932 ὡς

132 938 181 974 τὴν
194 939 329 976 καλάμην,
339 941 482 976 ὑψώσασαι
499 943 526 969 δὲ
546 943 649 970 ἑαυτῶν
662 944 707 970 τὸν
722 945 860 981 λογισμὸν,
874 946 918 973 δυ·
935 940 954 967 Β

132 985 271 1020 νησόμεθα
292 987 404 1022 σπέρμα
416 989 553 1024 σωτηρίας
568 990 706 1024 γεννῆσαι.

167 1031 211 1058 79.
237 1032 419 1060 Ἐπικίνδυνον
428 1034 474 1061 τὸν
486 1034 523 1070 μὴ
535 1035 578 1061 διὰ
591 1035 742 1070 πρακτικοῦ
751 1036 808 1071 βίου
819 1036 917 1071 ἀχθέν-

133 1085 179 1110 τα,
189 1077 323 1105 διδάσκειν
336 1080 492 1115 ἐπιχειρεῖν.
510 1081 614 1116 Ὥσπερ
629 1081 682 1116 γὰρ
693 1081 736 1113 ἂν,
745 1082 818 1113 εἴτις
829 1082 917 1108 οἰκίαν

133 1121 203 1156 ἔχων
216 1122 329 1158 σαθρὰν,
340 1122 430 1155 ξένους
441 1123 647 1160 ὑποδεξάμενος,
660 1125 756 1160 βλάψει
765 1127 797 1161 τῇ
814 1126 916 1152 πτώσει

132 1168 180 1195 τοῦ
193 1169 340 1204 οἰκήματος
349 1178 356 1184 '
369 1169 439 1196 οὕτω
453 1170 499 1196 καὶ
514 1168 598 1202 οὗτοι,
615 1170 651 1206 μὴ
663 1171 793 1207 πρότερον
805 1172 916 1204 ἑαυτοὺς

131 1214 258 1248 ἀσφαλῶς
271 1216 507 1251 οἰκοδομήσαντες,
522 1217 569 1242 καὶ
581 1218 642 1249 τοὺς
656 1217 853 1253 προσελθόντας
867 1219 915 1245 σὺν

130 1260 222 1292 αὐτοῖς
250 1260 402 1289 ἀπώλεσαν.
427 1263 489 1295 Τοῖς
518 1263 633 1299 μὲνγὰρ
658 1263 747 1297 λόγοις
769 1264 916 1299 προεκαλέ-

132 1314 213 1332 σαντο
226 1307 266 1338 εἰς
282 1307 429 1342 σωτηρίαν,
444 1309 477 1342 τῇ
498 1307 526 1334 δὲ
535 1307 581 1334 τοῦ
608 1308 707 1344 τρόπου
735 1309 829 1344 κακίᾳ,
852 1309 916 1340 τοὺς

93 1354 97 1358 ”
132 1349 309 1385 συλλεγέντας
325 1353 423 1387 μᾶλλον
435 1353 578 1389 ἠδίκησαν.
598 1354 631 1380 Ἠ
647 1354 696 1390 μὲν
714 1354 768 1390 γὰρ
785 1354 849 1389 ψιλὴ
861 1354 915 1381 τῶν

131 1395 217 1430 λόγων
231 1396 337 1429 ἔκθεσις
350 1398 421 1425 ἔοικε
437 1400 555 1434 γραφαῖς
579 1399 622 1426 διὰ
645 1399 796 1434 χρωμάτων
820 1399 916 1425 εὐαπο-

131 1442 244 1470 πτώτων
265 1445 448 1478 συνιστάσαις,
474 1446 586 1477 ἅστινας
612 1446 792 1481 σμικρότατος
821 1446 914 1481 χρόνος

131 1489 251 1516 διέλυσεν
264 1491 370 1526 ἀνέμων
382 1492 473 1526 ῥιπαῖς
484 1492 531 1518 καὶ
545 1492 629 1518 ὑετῶν
651 1492 762 1526 σταγόσι
777 1500 782 1506 ·
811 1492 860 1527 τὴν
886 1492 914 1518 δὲ

131 1534 288 1570 ἔμπρακτον
303 1536 475 1564 διδασκαλίαν
491 1537 544 1564 οὐδ’
560 1538 574 1564 ὁ
591 1539 644 1569 πᾶς
657 1537 723 1564 αἰὼν
736 1536 858 1564 διαλῦσαι
870 1537 914 1563 δυ-

130 1580 234 1617 νηθείη.
255 1582 295 1608 Τὰ
324 1582 385 1618 γάρ
401 1583 498 1617 στερεά
518 1583 566 1618 τῆς
590 1583 678 1618 ψυχῆς
704 1583 878 1609 ὲκκολάπτων
899 1584 913 1610 ό

129 1626 219 1661 λόγος,
244 1627 352 1655 αἰώνιον
373 1628 484 1663 ἄγαλμα
511 1627 629 1662 Χριστοῦ
655 1629 711 1660 τοῖς
740 1629 844 1660 πιστοῖς
860 1628 912 1654 δω-

132 1673 229 1708 pateat.

165 1761 209 1788 80.
221 1760 285 1788 Δέον
299 1758 345 1787 οὖν
361 1760 409 1787 καὶ
424 1761 498 1796 ἡμᾶς
515 1759 552 1796 μὴ
573 1759 732 1786 ἐπιπόλαιον
755 1759 803 1794 τῆς
823 1759 912 1794 ψυχῆς

129 1805 263 1847 ποιεῖσθαι
276 1805 325 1841 τὴν
339 1806 497 1842 θεραπείαν,
524 1805 580 1831 ἀλλ’
601 1805 672 1840 ¹ὃλην
688 1805 772 1839 αὐτὴν
794 1804 828 1831 δι’
849 1804 911 1830 ὅλου

127 1854 250 1887 κοσμεῖν,
264 1852 380 1887 μάλιστα
391 1851 438 1878 τοῦ
456 1851 551 1886 βάθους
562 1851 598 1886 μὴ
617 1849 780 1885 άμελούσας.
803 1849 910 1885 Τριχῶν

127 1898 314 1933 ἐποιησάμεθα
329 1897 377 1933 τὴν
390 1897 533 1932 ἀφαίρεσιν
549 1904 556 1912 ·
584 1896 776 1931 συναφέλωμεν
794 1895 911 1927 καὶτοὺς

126 1944 156 1970 ὲν
166 1945 199 1979 τῇ
213 1943 316 1978 κεφαλῇ
333 1942 490 1977 σκώληκαςι
515 1942 680 1977 μονάσαντες
694 1941 748 1976 γὰρ
764 1938 846 1974 οὗτοι,
865 1941 911 1968 ἐπὶ

126 1990 220 2016 πλεῖον
235 1989 308 2024 ἡμᾶς
322 1988 488 2023 όδυνήσουσι.
508 1987 545 2014 Τὸ
563 1987 612 2023 μὲν
623 1987 676 2023 γὰρ
693 1987 818 2022 τρίχωμα
832 1987 911 2022 ἡμῶν

125 2033 160 2073 ἦν
173 2036 187 2061 ὁ
202 2034 273 2061 κατά
295 2034 340 2060 τὸν
356 2034 413 2069 βίον
429 2034 538 2070 κόσμος,
551 2035 639 2070 τιμαὶ,
656 2034 739 2068 δόξαι,
763 2036 911 2071 χρημάτων
924 2058 928 2061 .

125 2081 232 2116 κτῆσις,
251 2080 374 2116 λαμπραὶ
399 2080 512 2115 ἐσθῆτος
536 2081 638 2111 στολαὶ,
654 2081 774 2117 λουτρῶν
789 2083 909 2117 χρήσεις,

127 2125 278 2160 βρωμάτων
291 2124 462 2156 ἀπολαύσεις.
483 2124 574 2151 Ταῦτα
591 2125 720 2160 ἐδόξαμεν
738 2126 909 2153 ἀποϐάλλειν-

125 2169 192 2199 ἀλλά
202 2170 264 2201 τοὺς
282 2168 466 2204 ψυχοφθόρους
475 2168 618 2205 σκώληκας
634 2170 734 2204 μᾶλλον
753 2169 908 2206 ὲξώσωμεν.

125 2216 204 2248 Τίνες
216 2215 245 2242 δέ
256 2216 323 2242 είσιν
335 2212 422 2248 abun;
440 2216 598 2248 καταλαλιὰ,
619 2217 757 2252 ἐπιορκία,
779 2217 911 2252 φιλαργυ-

976 322 1037 341 nus.
1056 314 1124 342 Nam
1150 316 1222 342 sicut
1239 324 1271 342 cx
1295 317 1389 343 eodem
1409 317 1545 345 frumento
1568 322 1610 346 est
1634 320 1709 353 palea
1728 326 1755 348 et

975 367 1086 393 semen;
1108 362 1144 388 ita
1163 370 1195 388 ex
1209 362 1302 389 eodem
1320 362 1374 390 Deo
1398 367 1462 390 sunt
1487 368 1513 391 et
1533 365 1579 399 qui
1608 366 1634 392 in
1651 368 1754 394 mundo

974 406 1044 433 bene
1060 407 1174 439 vivunt,
1198 412 1224 434 et
1245 409 1290 442 qui
1308 409 1486 436 monasticam
1499 412 1615 445 amplexi
1631 417 1694 439 sunt
1713 414 1754 439 vi-

972 455 1038 478 tam.
1056 452 1088 479 Et
1104 461 1170 481 sane
1185 455 1265 481 ambo
1279 459 1343 482 sunt
1367 457 1537 489 necessaria;
1555 457 1619 484 folia
1643 459 1752 493 quidem

973 497 1007 524 ad
1024 499 1133 525 tutelam
1147 503 1173 526 et
1188 507 1267 527 usum
1284 501 1414 533 seminis;
1428 501 1545 529 fructum
1561 511 1626 530 vero
1640 511 1753 532 necesse

971 547 1013 569 est
1024 543 1172 577 acquirere,
1183 545 1245 578 quia
1255 552 1287 572 ex
1296 553 1328 572 eo
1336 551 1434 572 cuncta
1445 551 1605 574 nascuntur.
1616 548 1684 584 (91³)
1693 549 1752 576 Cae-

973 592 1058 614 terum
1071 589 1141 616 sicut
1149 597 1201 616 non
1211 595 1366 624 potestesse
1374 592 1454 619 simul
1465 593 1548 620 herba
1560 601 1620 620 cum
1630 595 1748 627 semine;

971 633 1008 660 ita
1021 633 1077 661 ﬁeri
1089 635 1230 669 nequitut,
1247 636 1438 671 circumposita
1452 639 1530 665 nobis
1543 639 1635 666 mundi
1653 641 1748 675 gloria,

970 681 1108 708 cmlestem
1117 681 1235 708 fructum
1252 683 1417 711 emittamus.
1431 683 1514 712 Foliis
1524 693 1605 720 porro
1619 686 1748 720 delapsis,

970 726 1144 761 arefactoque
1163 728 1263 759 culmo,
1277 732 1339 763 apta
1357 734 1399 756 est
1412 729 1445 756 ad
1463 738 1577 758 messem
1593 732 1678 766 spica.
1694 733 1750 761 Nos

970 771 1061 807 itaque
1072 780 1133 800 cum
1145 780 1194 800 ceu
1209 773 1282 806 folia,
1297 778 1436 802 terrenum
1452 775 1544 803 luxum
1559 776 1748 811 abjecerimus,

971 825 1126 852 corpusque
1142 822 1266 846 nostrum
1282 820 1378 847 calami
1394 822 1481 848 instar
1501 822 1726 850 exsiccaverimus
1739 843 1746 854 .

969 867 1146 899 nostramque
1163 865 1354 900 cogitationem
1381 868 1559 900 erexerimus,
1577 872 1633 895 tum
1649 869 1750 904 poteri-

969 916 1030 936 mus
1045 909 1141 937 salutis
1156 917 1247 938 semen
1261 911 1381 946 gignere.

1004 1032 1046 1060 79.
1069 1032 1123 1060 ltcs
1138 1035 1181 1060 est
1200 1032 1362 1067 periculosa,
1377 1039 1439 1059 cum
1452 1033 1476 1060 is
1493 1033 1538 1068 qui
1551 1033 1604 1061 vita
1620 1034 1647 1061 in
1658 1035 1745 1062 actio-

966 1086 1002 1106 ne
1022 1078 1109 1112 posita
1134 1079 1274 1107 institutus
1297 1088 1351 1107 non
1371 1084 1431 1111 est,
1457 1079 1555 1106 docere
1579 1080 1743 1114 aggreditur.

966 1124 1033 1151 Nam
1053 1125 1124 1152 sicut
1149 1126 1172 1153 si
1187 1127 1249 1160 quis
1272 1126 1382 1153 domum
1409 1126 1511 1154 habens
1535 1126 1692 1157 ruinosam,
1718 1131 1748 1154 et

967 1170 1091 1205 hospites
1104 1172 1252 1206 exceperit,
1269 1171 1415 1206 perniciem
1434 1172 1486 1200 illis
1500 1179 1547 1206 per
1561 1172 1626 1199 aulis
1638 1172 1746 1199 ruinam

965 1215 1059 1247 all'ert;
1077 1216 1117 1243 sic
1129 1220 1156 1243 et
1168 1216 1212 1244 isti
1228 1224 1290 1243 cum
1304 1220 1383 1244 antea
1408 1224 1462 1242 non
1486 1216 1647 1250 semetipsos
1663 1215 1746 1242 firmi-

965 1265 1006 1289 ter
1016 1261 1206 1293 acdilicassent,
1218 1270 1265 1289 eos
1278 1262 1325 1296 qui
1350 1265 1524 1289 accesserant
1537 1269 1630 1288 secum
1653 1261 1745 1296 perdi-

964 1307 1071 1334 derunt.
1092 1307 1196 1335 Etenim
1215 1308 1306 1334 verbis
1329 1307 1360 1334 ad
1379 1308 1494 1334 salutem
1515 1308 1666 1338 vocabant.
1684 1315 1745 1334 mo-

965 1360 1025 1379 rum
1042 1356 1133 1379 autem
1149 1353 1271 1387 nequitia
1284 1360 1332 1379 eos
1344 1352 1390 1387 qui
1405 1351 1512 1379 collecti
1524 1351 1632 1379 fuerant
1645 1351 1745 1378 damno

964 1398 1121 1426 aﬂ‘ecerunt.
1138 1397 1205 1424 Nam
1220 1398 1336 1433 simplex
1355 1398 1500 1425 verborum
1517 1398 1653 1432 expositio
1668 1398 1745 1425 simi-

964 1444 998 1471 lis
1012 1447 1054 1471 est
1072 1443 1186 1478 picturis
1197 1464 1204 1476 ,
1227 1451 1288 1478 qua:
1304 1443 1408 1471 levibus
1423 1443 1586 1477 vitiosisque
1601 1443 1744 1470 coloribus

964 1492 1099 1521 constant,
1114 1496 1184 1524 quas
1202 1489 1393 1516 brevissimum
1420 1493 1526 1522 tempus
1538 1491 1680 1515 ventorum
1696 1487 1744 1513 lla-

964 1534 1047 1565 tibus.
1065 1533 1247 1568 imbriumque
1260 1533 1416 1569 perfusione
1431 1533 1565 1560 dissolvit.
1583 1533 1618 1559 At
1641 1533 1744 1560 doctri-

964 1587 1026 1606 nam
1038 1579 1166 1614 operibus
1177 1579 1374 1610 confirmatam,
1387 1587 1420 1606 ne
1434 1583 1519 1606 totum
1533 1578 1642 1613 quidem
1655 1586 1742 1605 zcvum

926 1609 947 1638 Ο
964 1625 1111 1652 dissolvere
1127 1625 1254 1659 potuerit.
1275 1623 1341 1651 Nam
1363 1624 1448 1652 solida
1469 1624 1566 1651 anian
1580 1624 1743 1658 exsculpcns

963 1677 1073 1702 sermo,
1106 1675 1235 1697 aeternum
1263 1669 1366 1697 Christi
1406 1669 1581 1696 simulacrum
1617 1668 1744 1696 ﬁdelibus

962 1715 1066 1742 tribuit.
1077 1740 1082 1744 .

998 1760 1042 1787 80.
1063 1759 1244 1792 Quamobrem
1267 1759 1396 1786 debemus
1416 1758 1512 1785 animae
1538 1765 1631 1785 curam
1648 1758 1740 1786 susci-

961 1814 1036 1842 pere,
1048 1804 1340 1840 nontperl‘unctoriam.
1356 1812 1410 1831 non
1423 1804 1541 1831 fucatam
1556 1812 1564 1836 ;
1577 1803 1624 1831 sed
1640 1803 1667 1830 in
1683 1808 1742 1831 tota

962 1852 1009 1879 illa
1023 1851 1178 1880 exornanda
1191 1854 1274 1877 totam
1290 1858 1389 1885 ponere
1405 1858 1526 1886 operam,
1543 1858 1597 1877 non
1616 1851 1739 1886 neglecta

961 1898 1113 1932 praesertim
1139 1896 1334 1932 profunditale.
1354 1896 1526 1923 Abscidimus
1544 1903 1664 1930 comam;
1687 1904 1742 1923 una

963 1943 1120 1971 auferamus
1143 1946 1170 1970 et
1195 1942 1283 1969 tineas
1299 1942 1414 1977 capitis:
1441 1949 1502 1968 nam
1529 1941 1552 1969 si
1575 1942 1639 1970 solm
1659 1942 1742 1969 relin-

962 1992 1081 2024 quantur
1110 1989 1176 2020 illae,
1210 1987 1339 2022 majorem
1365 1987 1444 2015 nobis
1470 1986 1584 2014 aﬂ‘erent
1608 1987 1739 2015 dolorem.

961 2035 1094 2062 Caesaries
1109 2034 1208 2069 quippe
1236 2038 1331 2060 nostra
1355 2037 1412 2060 erat
1423 2053 1431 2067 ,
1456 2033 1595 2060 saecularis
1609 2037 1722 2060 ornatus
1732 2053 1740 2066 ,

961 2082 1098 2113 honores,
1127 2080 1230 2116 gloria,
1252 2076 1412 2111 facultates}
1442 2080 1558 2107 vestium
1581 2080 1742 2115 splendidus

961 2127 1087 2159 amictus,
1103 2127 1262 2154 balneorum
1279 2134 1345 2153 usus
1359 2146 1366 2157 ,
1389 2126 1512 2153 ciborum
1525 2126 1658 2160 voluptas.
1681 2126 1741 2153 Haec

960 2173 1085 2200 videmur
1099 2172 1261 2205 abdicasse;
1286 2178 1379 2199 verum
1405 2170 1502 2199 animae
1517 2171 1685 2205 perniciosas
1708 2171 1742 2198 ti—

961 2227 1027 2246 neas
1042 2218 1212 2252 abjiciamus.
1226 2217 1355 2250 Quamam
1372 2217 1424 2244 illae
1439 2217 1520 2244 sunt?
1535 2217 1612 2243 malae
1637 2217 1742 2252 cogita-

129 2261 182 2298 ρία.
208 2262 240 2289 Ἦ
265 2260 311 2289 οὖν
328 2261 431 2297 κεφαλὴ
457 2261 535 2297 ἡμῶν
548 2263 651 2298 ὲστινὴ
673 2262 746 2298 ψυχή
760 2271 766 2278 ·
785 2263 833 2290 καὶ
858 2263 910 2294 ἕως

966 2265 1060 2295 tiones,
1073 2263 1234 2290 obtrectatio
1247 2283 1254 2294 ,
1271 2262 1432 2298 periurium.
1447 2263 1569 2289 avaritia.
1585 2262 1674 2297 Caput
1693 2270 1742 2289 no-

127 2307 177 2341 μὲν
187 2308 216 2334 ὲν
227 2309 288 2340 ταῖς
307 2307 383 2339 ὕλαις
398 2307 452 2334 τῶν
481 2307 619 2343 κοσμικῶν
644 2309 812 2344 πραγμάτων
838 2309 912 2336 ἐσκέ-

126 2360 208 2381 ποντο
221 2352 255 2379 τὰ
273 2352 367 2388 θηρία,
381 2352 490 2379 ὲδόκουν
505 2351 644 2379 λανθάνειν
654 2361 660 2368 ’
674 2353 721 2379 νῦν
743 2353 781 2385 δὲ,
806 2361 912 2388 γυμνω-

127 2397 217 2428 θέντα,
233 2397 314 2424 πᾶσίν
326 2399 399 2424 ἔστιν
411 2397 523 2432 ἔκδηλα·
549 2397 592 2424 διὰ
604 2397 682 2424 τοῦτο
696 2399 725 2424 ὲν
749 2398 874 2433 παρθένῳ
891 2398 908 2433 ἢ

126 2443 156 2470 ἐν
171 2443 278 2479 μοναχῷ
300 2444 426 2480 προφανῆ
448 2444 575 2478 τυγχάνει
603 2444 650 2470 καὶ
677 2444 711 2470 τὰ
731 2444 908 2480 εὐτελέστερα

126 2489 321 2524 ἁμαρτήματαη
336 2489 429 2525 ὥσπερ
442 2489 496 2524 γὰρ
519 2490 548 2516 ἐν
563 2489 673 2524 καθαρῷ
686 2490 813 2524 οἰκήματι
825 2498 907 2515 κατα-

125 2534 207 2569 φανὲς
225 2534 292 2560 πᾶσι
303 2535 405 2572 γίνεται
416 2535 447 2561 τὺ
455 2535 536 2570 όφθὲν
550 2535 652 2570 θηρίον,
670 2535 723 2562 κᾶν
739 2535 906 2570 βραχύτατον

124 2579 245 2614 τυγχάνῃ
260 2587 267 2593 ·
283 2580 311 2605 ὲν
337 2579 364 2606 δὲ
381 2581 436 2612 τοῖς
451 2581 592 2616 κοσμικοῖς
603 2580 697 2616 ὥσπερ
707 2581 735 2607 ἐν
744 2580 907 2616 ἀκαθάρτοις

125 2623 266 2660 σπηλαίοις
278 2625 468 2660 ὲμφωλεὺοντα
479 2626 513 2652 τὰ
529 2626 643 2661 μέγιστα
656 2626 710 2652 τῶν
725 2625 833 2654 ἰοϐόλων
845 2626 908 2652 λαν-

124 2671 209 2703 θάνει,
225 2671 279 2698 ὑπὸ
289 2671 338 2706 τῆς
351 2671 478 2707 συνεχοῦς
493 2671 558 2708 ὖλης
570 2671 770 2707 καλυπτόμενα.
788 2672 852 2698 Δέον
861 2669 908 2698 οὖν

123 2716 252 2752 ἔειφ’ἠμῶν
267 2716 409 2752 καθαίρειν
419 2717 464 2744 τὸν
479 2715 551 2744 οἷκον
567 2717 706 2753 διηνεκῶς,
722 2717 768 2744 καὶ
783 2717 909 2753 περιϐλέ-

124 2762 222 2790 πισθαι
238 2763 274 2798 μή
289 2771 315 2789 τι
331 2762 385 2789 τῶν
405 2763 581 2799 ψυχοφθόρων
602 2763 727 2798 ζωῡφίων
756 2762 907 2799 παρεισδύῃ

124 2809 154 2839 ιν
167 2809 222 2840 τοῖς
238 2808 287 2842 τῆς
300 2807 390 2843 ψυχῆς
405 2808 542 2843 ταμείοις·
561 2809 607 2836 καὶ
618 2809 717 2845 θυμιᾷν
732 2809 760 2836 δὲ
774 2809 837 2841 τοὺς
860 2809 906 2836 τόδ

159 2883 228 2918 (ω’)
250 2883 301 2911 Vit.
320 2883 376 2912 PP.
392 2884 410 2912 Ι.
427 2892 452 2915 v,
465 2884 491 2917 8,
503 2883 547 2911 20.

963 2314 1049 2338 strum
1066 2313 1108 2337 est
1123 2309 1223 2336 anima.
1246 2308 1317 2336 Sane
1340 2307 1460 2344 quandiu
1488 2308 1515 2335 in
1545 2308 1621 2335 silvis
1651 2315 1740 2340 rerum

961 2355 1161 2382 mundanarum
1175 2354 1239 2381 ferat
1253 2354 1461 2390 obtegebautur,
1469 2354 1555 2383 latere
1562 2355 1740 2382 videbantur:

960 2407 1034 2426 nunc
1060 2401 1149 2426 autem
1173 2398 1332 2431 denudatm,
1365 2401 1471 2427 cunctis
1499 2404 1563 2427 sunt
1588 2404 1688 2435 aperite
1714 2404 1741 2427 et

959 2444 1121 2479 conspicuae.
1148 2443 1294 2479 Propterea
1319 2445 1346 2472 in
1364 2445 1468 2480 virgine
1488 2445 1530 2472 vel
1556 2445 1584 2472 in
1609 2445 1741 2472 monacho

958 2491 1093 2518 evidentia
1105 2494 1169 2518 sunt
1190 2491 1234 2517 vel
1250 2490 1387 2517 levissima
1405 2495 1516 2524 peccata
1531 2500 1538 2517 :
1564 2490 1740 2525 quemadmo-

959 2537 1022 2564 dum
1038 2537 1066 2564 in
1079 2537 1181 2564 mundo
1197 2536 1346 2567 domicilio,
1371 2535 1600 2571 quodvis-animal
1617 2536 1740 2570 quamvis

959 2583 1151 2611 tenuissimum
1179 2582 1302 2610 omnium
1326 2586 1399 2617 patet
1419 2582 1526 2609 oculis:
1542 2582 1569 2608 in
1595 2581 1740 2609 mundanis

960 2633 1050 2656 autem
1066 2628 1146 2664 633
1160 2636 1210 2655 ceu
1225 2628 1252 2655 in
1277 2627 1390 2662 impuris
1406 2627 1606 2661 immundisque
1628 2627 1739 2661 spelun-

959 2675 999 2702 cis
1013 2674 1094 2701 etiam
1109 2673 1267 2701 incubantia
1277 2678 1435 2700 venatorum
1448 2673 1563 2699 maxima
1576 2672 1659 2699 latent
1673 2671 1739 2699 den-

959 2721 1038 2749 sitate
1049 2721 1167 2748 materia:
1178 2719 1295 2747 obtecta.
1314 2718 1370 2754 (92)
1386 2718 1498 2753 Oportet
1525 2726 1590 2753 ergo
1617 2726 1667 2745 nos
1689 2718 1739 2745 do-

959 2774 1031 2794 mum
1043 2766 1152 2794 assidue
1159 2772 1321 2800 expurgare,
1335 2768 1362 2791 et
1376 2765 1596 2799 circumspicere,
1610 2771 1643 2792 ne
1653 2764 1740 2798 quad-

957 2809 1029 2845 piam
1043 2809 1139 2836 anima:
1153 2809 1296 2836 noxiorum
1313 2809 1490 2842 inscctorum,
1505 2808 1626 2843 ejusdem
1642 2808 1739 2836 anima:

990 2884 1045 2920 (θα)
1065 2884 1116 2913 vn.
1134 2883 1193 2912 PP.
1206 2884 1225 2912 1.
1239 2893 1265 2918 v,
1280 2885 1306 2917 t.
1318 2885 1362 2912 ta.
