1919 3064
113 89 185 116 1557

665 88 744 116 ἨΤΑ
764 88 911 116 SANCTJE
939 88 1179 118 SYNCLETIC.-E.

1656 91 1726 119 1538

109 151 177 177 ἐστι
193 151 264 183 Θεός
275 158 281 165 ”
305 150 360 183 καὶ,
382 150 433 183 ΕΙς
448 149 481 176 τὸ
496 150 576 184 ὕψος
590 149 749 184 ἐλάλησαν
761 151 897 185 ἀνομίαν.

954 151 1046 178 malim
1062 152 1221 178 confutatur
1239 158 1305 178 vana
1325 151 1433 178 illorum
1451 151 1597 178 sententia.
1614 150 1651 178 De
1674 151 1737 186 qui-

110 202 164 230 bus
191 202 248 230 haec
275 203 393 237 loquitur
416 201 557 238 Scriptura
584 211 590 228 :
612 202 686 230 Dixit
712 204 837 238 insipiens
861 205 889 230 in
913 204 990 232 corde
1007 213 1055 232 suo
1072 213 1080 232 :
1102 205 1164 232 Non
1185 210 1223 232 est
1239 205 1308 232 Deus
1325 205 1374 239 ‘°_;
1389 209 1436 232 et:
1455 204 1623 240 Iniquitatem
1642 205 1669 232 in
1689 211 1737 232 ea;-

109 249 180 276 celso
197 249 277 276 loculi
292 254 352 276 sunt
365 250 399 277 “.

146 295 190 322 84.
215 295 269 322 Καὶ
298 296 510 332 προφασίζονται
530 297 558 323 δὲ
574 296 681 328 ἑαυτοῖς
700 298 850 333 προφάσεις
870 299 899 326 ἐν

111 341 270 377 ἁμαρτίαις.
304 342 552 378 Ἀκρωτηριάζουσι
576 342 630 378 γὰρ
645 343 694 375 τὰς
712 343 832 379 Γραφὰς,
853 354 900 371 τυ-

111 385 288 420 φλώττοντες,
304 386 334 419 ὲξ
350 387 438 414 αὐτῶν
447 387 496 423 τὴν
510 388 716 424 κακοφροσύνην
730 389 819 416 αὐτῶν
835 390 900 425 πλη-

115 433 238 467 ροφορεῐν
254 432 416 468 βουλόμενοι.
437 434 492 460 Καὶ
507 433 613 469 πρῶτον
632 434 680 470 μὲν
697 435 729 461 ὲκ
747 435 793 461 τοῦ
807 436 898 470 Εὐαγ-

111 478 203 512 γελίου
219 478 264 505 τὸν
275 479 378 506 ἑαυτῶν
399 479 436 505 ἰὸν
449 479 556 515 ἐξεμεῖν
572 479 747 516 πειρώμενοι,
759 481 899 513 ἐκϐιάζον-

111 531 173 550 ται·
190 524 256 558 φησί
268 524 332 559 γὰρ,
346 524 384 556 ὡς
397 525 451 552 Τοῦ
459 524 492 551 δὲ
502 525 630 559 Χριστοῦ
647 526 666 560 ἡ
678 526 795 561 γένεσις
805 527 899 560 οὕτως

111 570 163 603 ἦν.
181 569 236 605 Τὴν
250 570 374 606 γέννησιν
399 572 453 607 γὰρ
466 571 547 598 αὐτοῦ
563 573 668 606 γένεσιν
689 574 706 608 ἡ
729 573 788 600 θεία
804 573 899 608 Γραφὴ

112 616 265 652 ὠνόμασεν.
279 618 339 644 Ἔτι
352 626 383 652 γε
400 618 452 653 μὴν
464 619 511 644 καὶ
526 618 556 644 τὸ
567 618 634 654 πρὸς
647 618 805 654 ἀνθρώπους
820 619 900 646 αὐτὸν

111 662 290 698 οἰκονομικῶς
305 663 432 697 γενέσθαι
450 664 602 697 ἀκολούθως
612 665 717 699 γένεσις
732 665 898 701 ὠνόμασται.
925 661 929 665 ί

112 707 144 734 Εἰ
173 708 200 734 δὲ
221 709 267 735 καὶ
290 709 354 743 περὶ
364 709 411 735 τοῦ
421 709 543 745 ’ἀστέρος
561 719 587 737 τι
603 710 802 745 ψευδολογοῦσι,
820 712 900 738 κάκεῖ

111 753 194 780 πάλιν
221 754 270 789 τὴν
292 753 395 787 ἔνδοξον
409 754 490 781 αὑτοῦ
510 755 660 791 παρουσίαν
677 756 897 791 μανθανέτωσαν.

989 297 1032 324 84.
1067 297 1223 330 Quinetiam
1256 297 1307 324 sibi
1341 297 1586 325 comminiscuntur
1617 305 1737 326 excusa-

951 343 1040 371 tiones
1062 344 1090 370 in
1120 344 1251 379 peccatis.
1279 343 1447 370 Detruncant
1468 344 1540 371 enim
1563 343 1736 379 Scripturas,

950 390 1134 421 crecutientes,
1149 397 1180 417 ea
1196 393 1286 417 mente
1303 394 1332 415 ut
1352 397 1385 416 ex
1401 389 1454 416 illis
1469 398 1578 424 pravam
1595 398 1672 417 suam
1687 391 1738 417 do-

951 435 1066 462 ctrinam
1079 435 1267 469 comprobent.
1282 435 1313 462 Et
1325 436 1413 470 primo
1426 435 1534 470 quidem
1546 443 1579 463 ex
1592 435 1738 471 Evangelio

952 486 1086 508 conantur
1108 489 1234 509 evomere
1257 489 1335 509 suum
1361 482 1447 509 virus.
1474 482 1520 508 Ait
1542 482 1614 509 enim
1640 491 1647 509 :
1673 482 1738 509 Jesu

952 526 1053 554 Chriin
1071 531 1158 553 αιιιεηι
1176 529 1307 561 generalia
1331 527 1368 554 sic
1392 532 1449 553 erat
1471 529 1504 554 δ’.
1529 526 1737 554 Generationem

952 572 1012 607 ejus
1035 572 1156 607 genesim
1180 572 1272 599 divina
1301 572 1443 607 Scriptura
1468 571 1629 599 nominavit.
1657 571 1738 599 insu-

952 625 1064 653 perque,
1089 617 1161 653 quod
1187 617 1246 652 ipse
1272 625 1320 652 per
1348 617 1529 645 meonomiam
1554 618 1588 645 ad
1612 617 1738 644 homines

953 665 1118 696 accesserit,
1141 667 1340 698 consequenter
1359 671 1458 690 nomen
1480 663 1609 690 tribuitur
1623 669 1738 698 genera-

953 710 1046 736 tionis.
1074 709 1151 742 Quod
1179 709 1204 737 si
1229 709 1332 743 aliquid
1363 709 1445 736 etiam
1472 709 1505 736 de
1528 709 1605 736 stella
1631 708 1737 736 mentiti

935 768 942 772 α
953 755 1065 787 fuerint,
1082 755 1145 782 inde
1162 762 1259 782 rursus
1274 755 1381 782 discant
1400 754 1548 789 gloriosum
1567 755 1627 788 ejus
1642 754 1740 781 adven-

112 796 159 830 Εἶς
176 800 241 834 ἡμῖν
257 799 344 835 ἀστὴρ
360 801 552 834 φωτεινότατος
565 801 654 837 κήρυξ
671 802 766 836 γέγονε
776 803 824 837 τῆς
838 802 901 838 ἁλη-

954 805 1020 828 tum.
1045 800 1130 828 Unica
1151 801 1230 829 nobis
1256 801 1334 828 stella
1359 801 1529 828 lucidissima
1547 800 1629 836 635.
1649 807 1738 835 praeco

114 845 204 876 θείας·
225 847 242 881 ἡ
254 845 282 871 δὲ
299 845 410 873 ἐκείνων
426 846 526 881 ματαία
546 847 642 883 γνώμη
659 847 773 879 πολλοὺς
790 856 904 883 παρεισ-

115 891 192 927 φέρει
207 891 246 923 εἰς
259 890 344 926 θήραν
357 891 530 928 ἀνθρωπίνης
541 890 683 926 γενέσεως.
699 893 754 918 Καὶ
764 893 796 919 ὲκ
808 893 902 919 τούτου

111 937 256 968 δέδεικται,
280 938 317 969 ὡς
343 938 481 973 πανταχοῦ
493 939 577 974 ἑαυτῇ
603 938 785 974 ὰντίκειταιὴ
808 939 902 966 κακία.

112 983 168 1009 Καὶ
197 982 242 1009 τον
278 983 390 1010 Ἡσαΐαν
423 983 452 1010 δὲ
479 985 517 1016 εἰς
544 984 695 1020 μαρτυρίαν
724 985 773 1020 τῆς
800 985 902 1011 ἑαυτῶν

112 1029 204 1060 ἀνοίας
229 1029 350 1056 καλοῦσι.
366 1030 501 1057 Φάσκουσι
527 1030 580 1066 γὰρ
597 1031 677 1057 αὑτὸν
700 1031 839 1066 εἰρηκέναι
855 1032 900 1058 τό-

111 1075 220 1109 Κύριος
237 1076 254 1102 ὁ
277 1075 370 1102 ποιῶν
394 1075 528 1110 εἰρήνην,
555 1076 604 1103 καὶ
635 1076 738 1106 κτίζων
757 1076 844 1104 κακά.
870 1077 902 1103 Ἡ

115 1121 165 1156 μὲν
183 1119 229 1148 οὖν
255 1122 350 1157 εἰρήνη
375 1122 450 1157 παρὰ
475 1123 557 1149 πᾶσιν
579 1122 752 1158 ὡμολόγηται
773 1123 810 1155 ὡς
834 1123 901 1150 Θεοῦ

114 1167 193 1202 ἔργον
206 1167 377 1202 τυγχάνουσα
389 1176 396 1183 ο
417 1169 433 1203 ἠ
447 1168 475 1194 δὲ
491 1168 573 1194 κακία
592 1169 656 1202 παρ’
670 1169 761 1200 αὐτοῖς
777 1169 826 1204 μὲν
837 1169 902 1204 ἀλη-

113 1212 167 1245 θῶς
178 1213 357 1246 πολιτεύεται,
370 1214 454 1241 κακία
469 1214 519 1250 τῆς
532 1214 621 1250 ψυχῆς
634 1215 795 1250 ὑπάρχουσα
804 1223 811 1230 ·
827 1215 902 1250 παρὰ

112 1258 140 1285 δὲ
159 1259 224 1294 ἡμῖν
237 1259 253 1294 ἡ
267 1260 299 1285 ὲκ
311 1258 357 1285 τοῦ
368 1259 434 1286 Θεοῦ
445 1259 591 1295 γενηθεῖσα
603 1260 687 1286 κακία
701 1260 901 1296 ὠφελιμωτάτη

112 1305 179 1332 ἐστί.
196 1304 267 1340 Πρὸς
277 1304 331 1340 γὰρ
346 1305 483 1340 σωτηρίαν
503 1305 592 1341 ψυχῆς
609 1306 656 1331 καὶ
670 1306 795 1332 παιδείαν
813 1307 902 1341 σωμά-

111 1359 166 1376 των
176 1351 295 1385 γίνονται
309 1350 383 1386 λιμοί
394 1351 438 1378 καὶ
450 1351 605 1388 ἀνομϐρίαι,
618 1351 691 1378 νόσοι
702 1356 731 1378 τε
741 1352 786 1378 καὶ
800 1351 900 1384 πενίαι,

112 1397 160 1423 καὶ
168 1397 320 1429 ἀλλαιτινὲς
328 1398 512 1434 περιστάσεις.
522 1397 563 1424 Τὰ
571 1397 625 1434 γὰρ
631 1398 752 1433 σωτήρια
759 1398 901 1433 φάρμακα,

112 1443 130 1470 ἂ
144 1444 242 1470 ἐκεῖνοι
254 1444 352 1471 κακίαν
369 1444 457 1479 ψυχῆς
472 1444 518 1471 καὶ
527 1443 600 1470 κακᾶ
606 1444 656 1470 οὐκ
674 1443 782 1479 ἀληθῶς
790 1444 902 1480 ὑπενόη-

114 1489 263 1522 σαν,ταῦτα
274 1490 342 1526 πρὸς
350 1489 514 1525 ἐπιστροφὴν
529 1491 595 1525 ἡμῖν
603 1490 678 1526 παρὰ
691 1489 738 1516 τοῦ
750 1489 901 1526 κρείττονος
915 1482 936 1509 C

113 1536 310 1572 προσφέρεται·
331 1536 378 1568 Τίς
392 1535 447 1571 γάρ
461 1535 547 1563 ἐστιν
559 1536 624 1569 υἱὸς
640 1536 676 1563 ὃν
687 1538 723 1564 οὐ
740 1536 873 1564 παιδεύει
884 1538 901 1564 ὁ

113 1580 226 1615 πατήρ;
237 1581 297 1607 Ἐτι
305 1580 334 1607 δὲ
344 1580 392 1607 καί¹
402 1580 444 1612 τὸ,
465 1582 526 1608 οὐκ
533 1581 568 1608 ἐν
576 1582 719 1616 ἀνθρώπῳ
728 1584 757 1610 αὶ
769 1582 831 1610 ὁδοὶ
847 1584 900 1610 αι’)-

112 1625 178 1659 τοῦ,
194 1626 274 1653 πάλιν
291 1625 392 1662 ὁμοίως
403 1626 602 1662 προσφέρουσιν
614 1628 654 1659 είς
667 1627 717 1663 τὴν
732 1628 800 1654 ίδίαν
817 1636 901 1655 κατα-

114 1671 232 1706 στροφήν
241 1679 247 1686 ·
257 1671 334 1703 ὁδοὺς
348 1671 402 1707 γὰρ
412 1672 448 1707 μὴ
459 1671 576 1707 ἔχοντες,
587 1672 736 1708 ὲξιχνιάσαι
751 1673 900 1709 βούλονται.

120 1717 192 1743 ὐδὸν
213 1717 263 1744 οὐκ
283 1717 339 1753 ἔχει
364 1717 514 1751 πλεονεξία,
537 1719 754 1754 γαστριμαργία,
773 1720 900 1754 πορνεία·

114 1763 286 1790 ἀνυπόστατα
301 1763 355 1799 γὰρ
375 1763 471 1796 ταῦτα,
492 1764 554 1790 καθ’
567 1763 650 1790 ἑαυτὰ
665 1763 702 1799 μὴ
718 1763 792 1792 ὄντα.
810 1765 903 1792 Ταῦτα

113 1808 167 1845 γὰρ
192 1810 290 1835 ἐκεῖνοι
310 1809 384 1841 ὁδοὺς
408 1809 538 1836 εἰώθεσαν
563 1809 664 1844 λέγειν.
687 1810 777 1841 Ὁδοὺς
793 1810 821 1837 δὲ
836 1812 902 1846 ἡμῖν

113 1854 130 1888 ή
140 1853 234 1889 Γραφὴ
247 1854 320 1888 λέγει
334 1854 383 1886 τὰς
396 1855 488 1887 κοινὰς
509 1856 585 1887 πᾶσι,
600 1856 650 1890 τήν
665 1863 693 1881 τε
709 1855 780 1891 ζωὴν
792 1856 839 1882 καὶ
857 1856 902 1883 τὸν

114 1899 238 1926 θάνατον.
267 1899 385 1935 Ἀληθῶς
407 1901 460 1935 γὰρ
482 1901 588 1936 πορεῖαί
604 1901 656 1926 εἰσι
667 1900 718 1936 τῆς
739 1909 768 1926 τε
784 1900 902 1928 ἐνταῦθα

114 1945 268 1981 εἰσαγωγῆς
289 1947 337 1972 καὶ
358 1946 408 1980 τῆς
434 1947 467 1972 ὲκ
489 1946 544 1973 τῶν
562 1946 698 1981 αἰσθητῶν
715 1946 816 1973 τούτων
839 1955 903 1982 μετ’

114 1998 299 2021 αναστασεως.

150 2036 193 2063 85.
207 2036 300 2062 Πάντα
317 2033 363 2063 οὖν
380 2036 501 2063 ποιοῦσιν
515 2037 540 2062 οἰ
550 2037 757 2072 κακοδαίμονες,
771 2037 841 2064 ὥστε
855 2038 902 2064 τοῦ

115 2081 286 2113 αὖτεξουσίου
295 2081 408 2112 ἑαυτοὺς
420 2080 580 2108 ἀπώσασθαι
591 2089 598 2097 ·
614 2082 660 2108 καὶ
673 2082 774 2118 ταύτην
787 2083 903 2119 σπουδὴν

115 2127 230 2154 τίθενται
246 2126 293 2154 τοῦ
308 2126 533 2159 ἁντικαταλλὰξαι
549 2129 598 2163 τῆς
610 2127 766 2164 ἐλευθερίας
777 2129 827 2164 τὴν
841 2129 902 2156 δουα

115 2173 198 2201 λείαν.
228 2173 284 2200 Καὶ
302 2172 356 2209 γὰρ
379 2173 458 2200 τοῦτο
469 2174 518 2209 τῆς
532 2174 631 2206 κακίας
645 2174 735 2209 ἔργον,
746 2175 776 2201 τὸ
788 2175 903 2203 πάντοτε

115 2220 170 2250 τοῖς
190 2219 308 2254 χείροσιν
323 2219 422 2255 ἑαυτὴν
438 2219 632 2253 συγκαθέλκειν
643 2228 650 2234 ν
668 2220 773 2247 ἑαυτῶν
788 2221 843 2256 γὰρ
861 2222 901 2255 γί-

116 2274 205 2293 νονται
222 2266 369 2302 μάρτυρες,
385 2266 422 2297 ὡς
435 2267 468 2301 τῇ
485 2266 569 2301 κακία
590 2267 702 2298 ἑαυτοὺς
721 2267 901 2303 πεπρακότες.

117 2312 171 2338 Καὶ
183 2313 262 2338 τοῦτο
274 2310 320 2339 οὖν
333 2312 379 2338 τοῦ
397 2311 519 2339 διαϐόλου
535 2313 565 2339 τὸ
590 2313 728 2349 ἀπατηλὸν
744 2314 884 2349 τέχνασμα
891 2316 902 2329 '-

117 2357 165 2388 τὰς
185 2357 238 2393 γὰρ
264 2358 373 2393 ἀμελεῖς
399 2357 487 2393 ψυχὰς
511 2358 556 2385 διὰ
571 2359 620 2393 τῆς
641 2359 801 2392 κακοδοξίας
828 2359 904 2386 κάτω

118 2404 261 2438 κεκυφέναι
275 2405 487 2440 παρασκευάζει,
507 2405 544 2440 μὴ
563 2405 710 2440 συγχωρῶν
730 2405 815 2437 αὐτὰς
836 2406 902 2432 ἀνα-

119 2450 202 2485 νῆψαι
226 2450 293 2485 πρὸς
320 2450 466 2485 ἐπίγνωσιν
488 2451 538 2485 τῆς
554 2450 694 2486 ἀληθείας.
721 2451 825 2487 Ὠσπερ
848 2452 901 2487 γὰρ

118 2496 183 2527 ναῦς
203 2497 281 2528 ὲκτδς
294 2497 428 2532 πηδαλίων
454 2496 572 2523 πλέουσα
592 2496 635 2523 ἀεὶ
648 2496 820 2532 χειμάζεται,
832 2495 903 2523 οὕτω

117 2543 220 2574 τούτοις
235 2543 348 2570 πάντοτε
368 2545 384 2571 ὁ
406 2543 526 2575 κίνδυνος
544 2543 667 2569 ἐπιπνεῖ·
689 2542 749 2568 οὐδὲ
765 2542 818 2578 γὰρ
835 2542 903 2578 πρὸς

116 2590 162 2616 τὸν
173 2591 306 2626 σωτήριον
330 2589 425 2625 λιμένα
445 2590 565 2626 ὁρμῆσαι
584 2588 722 2619 δύνανται,
743 2588 788 2614 τὸν
800 2588 902 2624 κυϐερ-

117 2635 205 2663 νῶντα
218 2637 319 2671 Κύριον
337 2636 542 2667 καταλιπόντες.
559 2635 615 2662 Καὶ
632 2634 681 2666 τὰς
695 2635 744 2670 μὲν
765 2634 903 2670 ἐκδεδομέ-

116 2690 165 2714 νας
185 2682 259 2718 αὐτῷ
282 2682 370 2720 ψυχὰς
383 2682 468 2714 οὕτως
495 2682 593 2717 πλανᾷ.
608 2681 742 2713 Πολλάκις
756 2681 784 2708 δὲ
797 2681 903 2712 καὶτὰς

152 2759 176 2778 ⁸⁸
194 2760 349 2796 Ρειιιηιιιι,
368 2761 392 2787 i.
430 2761 451 2777 "
471 2760 544 2788 Psal.
567 2768 659 2794 Lxxn,
677 2760 704 2788 8.
744 2759 766 2775 ⁸¹
788 2757 882 2788 Matth.
901 2766 926 2793 t,
947 2759 989 2786 18.

117 2803 150 2828 x.
167 2796 213 2824 25.

951 847 1056 875 exstitit
1088 848 1188 874 veritas
1217 856 1224 874 :
1256 847 1364 874 illorum
1398 852 1487 874 autem
1513 854 1583 873 vana
1614 846 1739 874 doctrina

952 894 1052 921 multas
1070 893 1221 921 introducit
1242 893 1276 921 ad
1301 893 1439 920 hominum
1460 893 1622 928 captandam
1641 893 1738 920 obser-

951 939 1123 974 vandamque
1146 939 1278 975 genesim.
1303 939 1391 974 Atque
1416 939 1480 966 hinc
1510 942 1651 966 ostensum
1677 943 1738 970 est,

951 987 1053 1021 ubique
1065 986 1196 1013 malitiam
1213 986 1265 1013 sibi
1278 986 1329 1020 ipsi
1356 985 1503 1012 adversari.
1519 985 1614 1012 Isaiam
1631 992 1739 1020 quoque

952 1032 979 1059 in
998 1032 1183 1059 testimonium
1203 1031 1327 1058 amentia:
1347 1038 1403 1058 sua:
1426 1034 1534 1058 vocant.
1555 1029 1640 1063 Quem
1661 1030 1739 1057 aiunt

951 1077 1054 1105 dixisse
1070 1086 1077 1104 :
1093 1077 1223 1104 Dominus
1238 1076 1339 1111 faciens
1355 1084 1455 1110 pacem,
1471 1080 1495 1102 et
1507 1084 1598 1102 creatis
1615 1075 1687 1102 mala
1703 1075 1736 1102 ".

951 1123 1048 1151 Pacem
1074 1127 1148 1151 certe
1172 1131 1243 1157 opus
1265 1130 1326 1149 esse
1351 1121 1398 1149 Dei
1421 1129 1501 1149 nemo
1524 1129 1577 1149 non
1604 1121 1704 1148 fatetur
1730 1129 1736 1148 :

951 1169 1056 1197 malitia
1078 1177 1144 1196 vero
1167 1168 1239 1204 apud
1264 1169 1340 1203 ipsos
1364 1176 1458 1195 revera
1479 1173 1614 1200 versatur,
1634 1167 1739 1194 malitia

951 1216 1079 1244 videlicet
1094 1215 1201 1242 animae.
1219 1214 1302 1242 Nobis
1321 1217 1411 1242 autem
1431 1222 1462 1242 ea
1478 1222 1538 1249 qua:
1556 1222 1589 1241 ex
1605 1213 1660 1241 Deo
1677 1221 1741 1248 pro-

951 1261 1024 1288 cedit
1054 1261 1169 1294 malitia,
1201 1261 1347 1298 utilissima
1373 1263 1425 1287 est.
1457 1259 1524 1286 Nam
1555 1260 1590 1286 ob
1622 1259 1739 1286 salutem

952 1308 1049 1335 animae
1065 1307 1244 1342 corporisque
1268 1306 1473 1341 castigationem
1492 1306 1619 1334 oriuntur
1644 1305 1740 1338 fames,

953 1353 1075 1386 siccitas,
1099 1353 1188 1380 morbi
1216 1359 1248 1379 ac
1275 1356 1433 1386 paupertas,
1462 1352 1574 1386 alichue
1602 1351 1741 1378 nonnullae

952 1399 1130 1426 calamitates.
1161 1397 1297 1425 Salutaria
1333 1398 1406 1425 enim
1439 1398 1575 1430 remedia,
1610 1405 1672 1432 qua;
1700 1397 1740 1424 illi

952 1444 1053 1471 malum
1070 1447 1097 1471 et
1111 1443 1259 1478 perniciem
1280 1443 1377 1470 anima:
1393 1450 1454 1470 esse
1470 1443 1573 1477 opinati
1591 1447 1666 1474 sunt,
1682 1442 1741 1470 haec

953 1490 986 1516 ad
1010 1490 1216 1517 conversionem
1240 1488 1319 1516 nobis
1344 1487 1505 1523 inﬂiguntur
1529 1495 1544 1514 a
1564 1487 1619 1514 Deo
1640 1497 1646 1514 :
1673 1487 1740 1520 Qui:

952 1536 1022 1563 enim
1046 1535 1129 1571 ﬁlius,
1154 1543 1230 1569 quem
1255 1543 1306 1561 non
1326 1534 1434 1568 corripit
1455 1538 1530 1569 pater
1557 1533 1597 1560 “‘3
1618 1533 1741 1568 Illudque

952 1586 1082 1618 praaterea
1109 1592 1115 1609 :
1139 1579 1201 1608 Non
1224 1585 1284 1607 sunt
1304 1580 1331 1606 in
1355 1579 1458 1606 homine
1481 1580 1528 1606 vim
1549 1579 1606 1613 ejus
1626 1579 1659 1610 ",
1681 1579 1740 1613 pari

952 1629 1033 1656 modo
1051 1628 1084 1655 ad
1106 1620 1243 1664 propriam
1263 1627 1432 1654 eversionem
1454 1626 1615 1661 proferunt;
1636 1626 1741 1654 scilicet

952 1674 1011 1701 vias
1038 1682 1100 1701 cum
1125 1681 1178 1701 non
1203 1673 1333 1706 habeant,
1356 1673 1413 1700 vias
1431 1672 1526 1699 volunt
1549 1671 1711 1706 investigare
1730 1680 1740 1700 :

952 1722 1024 1749 viam
1037 1729 1093 1748 non
1109 1721 1190 1748 habet
1201 1720 1326 1751 avaritia,
1342 1723 1388 1746 aut
1401 1719 1474 1754 gula,
1485 1727 1573 1754 neque
1584 1719 1740 1746 fornicatio.

953 1767 1000 1794 illa
1017 1775 1135 1802 namque
1155 1774 1216 1793 cum
1233 1774 1281 1801 per
1295 1774 1324 1793 se
1341 1773 1396 1792 non
1413 1765 1483 1796 sint,
1501 1765 1677 1792 subsistentia
1694 1772 1741 1791 ca-

952 1818 1023 1841 rent.
1039 1812 1105 1846 Quaa
1122 1818 1211 1839 tamen
1234 1812 1271 1839 illi
1290 1812 1349 1839 vias
1371 1811 1463 1838 dicere
1483 1814 1693 1838 consueverunt.
1706 1810 1741 1837 At

953 1867 1019 1887 vero
1038 1860 1179 1894 Scriptura
1194 1858 1263 1886 duas
1282 1865 1344 1885 esse
1360 1857 1488 1884 omnibus
1509 1863 1668 1883 communes
1683 1855 1741 1884 vias

953 1906 1028 1936 dicit.
1041 1906 1124 1932 vitam
1140 1909 1167 1932 et
1178 1908 1305 1932 mortem.
1318 1902 1387 1931 Vere
1401 1901 1536 1937 siquidem
1553 1902 1649 1928 itinera
1664 1905 1739 1934 sunt,

954 1952 1080 1979 introitus
1103 1951 1129 1977 in
1147 1950 1220 1978 hunc
1240 1949 1383 1981 mundum,
1399 1952 1425 1976 et
1441 1947 1688 1983 transmigrationis
1706 1954 1742 1975 cx

954 1997 997 2025 bis
1013 1997 1199 2025 sensibilibus.

991 2042 1036 2070 85.
1065 2042 1137 2069 Nihil
1160 2042 1252 2076 itaque
1274 2048 1328 2068 non
1354 2039 1458 2067 faciunt
1486 2038 1611 2066 infelices
1638 2038 1692 2069 illi,
1711 2041 1741 2064 ut

955 2088 1072 2116 liberum
1098 2095 1114 2114 a
1134 2095 1163 2115 se
1187 2087 1318 2121 abjiciant
1337 2086 1480 2112 arbitrium
1507 2094 1513 2112 :
1536 2089 1617 2119 atque
1638 2085 1664 2110 in
1689 2083 1742 2110 hoc

957 2141 1050 2161 curam
1084 2133 1259 2167 studiumque
1283 2135 1405 2167 ponunt,
1435 2135 1465 2157 ut
1496 2130 1650 2157 libertatem
1678 2135 1741 2155 cum

956 2181 1087 2207 servitute
1103 2183 1280 2207 commutent.
1294 2178 1398 2205 Etenim
1417 2177 1467 2204 hoe
1478 2180 1520 2204 est
1537 2176 1646 2203 malitim
1660 2182 1740 2209 opus,

953 2230 983 2253 ut
1006 2234 1113 2261 semper
1138 2225 1257 2260 scipsam
1283 2224 1423 2258 pertrabat
1445 2223 1479 2250 ad
1504 2222 1607 2257 pejora.
1633 2220 1742 2256 Ipsique

953 2272 1100 2299 adversum
1129 2279 1158 2298 se
1188 2275 1269 2297 testes
1296 2269 1422 2299 evadent.
1452 2267 1525 2303 quod
1551 2274 1611 2294 sese
1632 2265 1744 2292 malitia;

953 2317 1135 2346 vendiderint.
1166 2315 1268 2351 Estque
1294 2315 1361 2342 illud
1385 2314 1486 2342 diaboli
1505 2312 1658 2339 artiﬁcium
1688 2319 1743 2345 quo

953 2363 1094 2398 decipiat:
1121 2370 1218 2398 segnes
1241 2362 1341 2397 quippe
1365 2361 1470 2388 animas
1491 2367 1540 2394 per
1560 2365 1671 2393 pravam
1693 2356 1743 2384 do-

955 2409 1071 2435 ctrinam
1095 2407 1222 2435 deorsum
1239 2407 1410 2442 propendere
1426 2405 1584 2439 compellit;
1608 2410 1657 2431 nec
1676 2402 1744 2430 sinit

955 2462 1004 2482 eas
1019 2462 1128 2481 sursum
1143 2453 1212 2488 erigi
1227 2453 1260 2480 ad
1276 2453 1439 2488 agnitionem
1460 2451 1593 2478 veritatis.
1607 2448 1729 2482 Quemad

956 2500 1068 2527 modum
1094 2500 1167 2527 enim
1194 2499 1273 2527 navis
1300 2500 1360 2526 sine
1382 2497 1568 2533 gubernaculo
1598 2495 1743 2529 navigans.

956 2544 1167 2579 tempestatibus
1186 2551 1294 2579 semper
1316 2544 1457 2578 agitatur;
1473 2543 1510 2569 ita
1529 2541 1584 2569 illis
1602 2540 1745 2575 undequa-

958 2596 1012 2623 que
1021 2589 1205 2624 periculorum
1219 2588 1408 2616 ventusinstat
1423 2597 1430 2615 τ
1444 2594 1533 2622 neque
1543 2586 1615 2614 enim
1629 2587 1745 2620 possunt

957 2634 991 2661 ad
1016 2634 1164 2662 salutarem
1188 2638 1296 2670 portum
1325 2633 1479 2669 appellere,
1509 2631 1618 2667 quando
1643 2629 1744 2665 guber-

957 2684 1081 2708 natorem
1100 2680 1246 2708 Dominum
1267 2679 1447 2715 reliquerunt.
1463 2677 1563 2712 Sicque
1582 2676 1670 2704 hostis
1686 2674 1746 2701 ani-

1043 2759 1067 2776 ⁸³
1088 2759 1139 2787 lsa.
1160 2766 1220 2791 ην,
1240 2757 1265 2784 ’1.
1317 2757 1340 2772 ⁸⁸
1359 2737 1440 2784 llebr.
1461 2763 1516 2787 xu,
1536 2755 1560 2782 7.
1600 2754 1622 2770 ⁵⁵
1642 2751 1743 2779 Jeretn.
