4136 6412
156 5782 247 5857 ζ)

158 5874 216 5911 λ

1397 502 1442 508 .-
1465 500 2101 510 .m‘mw-
2120 502 2134 506 _

1405 768 2534 940 PR/EFATIO.

1347 504 1355 509 .
1397 500 2134 510 -—>n.—.-——u—_———~—.—-————«.-———
3424 502 3425 505 η
3620 510 3691 516 __

1346 499 3692 560 mm

344 1290 568 1348 Innato
600 1288 792 1366 prolis
822 1305 1036 1347 amore
1093 1288 1332 1347 factum
1367 1288 1758 1366 plerumque,
1797 1290 1865 1346 ut
1898 1284 2230 1366 mediocris
2260 1281 2577 1366 facultatis
2607 1280 2895 1366 homines
2918 1283 3314 1366 acrusticani
3334 1284 3396 1343 in
3420 1285 3687 1346 divitum

268 1363 752 1448 principumque
784 1369 1002 1428 domos
1033 1368 1193 1427 ﬁlios
1224 1363 1666 1428 submitterent
1698 1385 1711 1426 :
1749 1374 1809 1426 et
1838 1367 2019 1448 facile
2049 1365 2165 1448 sibi
2198 1381 2414 1423 eorum
2440 1364 2754 1448 jacturam
2788 1363 3111 1448 ferendam
3145 1365 3475 1448 putabant,
3537 1367 3687 1448 dum

269 1444 346 1510 ad
380 1444 775 1528 pinguiorem
808 1449 901 1507 illi
933 1449 1250 1508 fortunam
1286 1466 1395 1508 ceu
1431 1468 1504 1508 ex
1537 1456 1893 1509 transverso
1916 1454 1976 1507 et
2007 1446 2204 1528 invita
2234 1451 2461 1528 natura
2491 1444 2880 1528 accederent.
2904 1444 3351 1528 ldipsumidolo
3381 1447 3693 1507 consimili

271 1533 350 1590 ab
379 1524 722 1590 innumeris
754 1548 937 1608 pene,
961 1547 1074 1588 nec
1104 1530 1358 1605 ingenio
1390 1530 1595 1588 minus
1625 1547 1812 1605 quam
1848 1534 2032 1587 aetate
2064 1526 2443 1603 disparibus,
2467 1524 2809 1583 admissum
2833 1526 3385 1603 deprehendimus,
3414 1528 3523 1605 qui
3546 1546 3691 1587 cum

275 1628 389 1671 nec
421 1612 590 1670 fama
618 1610 921 1683 valerent,
956 1628 1069 1669 nec
1102 1618 1326 1687 suapte
1358 1628 1552 1687 opera
1584 1628 1811 1669 nomen
1844 1608 1962 1667 sibi
1992 1625 2213 1686 parere
2244 1624 2427 1687 posse
2456 1608 2867 1687 conﬁderent,
2900 1612 3189 1666 mutuato
3221 1609 3550 1667 Athanasii
3581 1627 3693 1667 no-

275 1692 463 1766 mine,
498 1690 779 1768 aliquam
815 1691 1156 1768 sperabant
1186 1686 1434 1767 scriptis
1467 1691 1594 1749 suis
1624 1690 1813 1766 adjici
1843 1689 2238 1766 dignitatem.
2272 1686 2430 1768 Hinc
2460 1686 2696 1768 evenit,
2722 1692 2913 1768 utjtot
2943 1693 3243 1764 tantaque
3271 1706 3465 1765 opera
3499 1690 3695 1749 Atha-

274 1772 520 1831 nasium
552 1766 997 1830 emendantur.
1032 1772 1247 1847 Neque
1280 1766 1489 1830 tamen
1520 1770 1657 1830 11th
1693 1788 1815 1829 una
1843 1769 1962 1829 fuit
1990 1776 2120 1829 tam
2153 1767 2446 1827 immanis
2470 1766 2845 1826 accessionis
2872 1784 3098 1826 causa:
3127 1786 3271 1827 nam
3308 1771 3505 1827 multa
3535 1787 3695 1845 quo-

277 1871 421 1930 que,
450 1850 601 1911 olim
634 1853 921 1927 ἀδέσποτα,
954 1869 1096 1910 cum
1126 1851 1190 1909 in
1216 1850 1620 1911 librariorum
1656 1869 1877 1910 manus
1906 1850 2292 1930 incidissent,
2318 1847 2455 1924 pari
2474 1848 2755 1925 ipsorum
2784 1847 3166 1930 temeritate,
3187 1849 3389 1930 eidem
3424 1852 3698 1927 ascripta

275 1927 466 1991 fuere.
502 1930 876 2007 Hujusmodi
908 1948 1121 2003 ausus,
1157 1931 1377 2010 quanti
1408 1931 1629 2009 quanti
1659 1931 1914 2003 fuerint,
1949 1929 2189 1990 ferendi
2220 1931 2483 1988 fortasse
2512 1932 2714 1997 erant,
2750 1927 2801 1986 si
2834 1928 2949 2010 viri
2976 1927 3179 1988 solum
3214 1929 3466 2007 ingenio
3508 1936 3697 2007 atque

278 2018 411 2072 arte
442 2010 1014 2089 scribendipraediti
1045 2008 1191 2069 suos
1221 2012 1379 2071 fetus
1409 2008 1751 2071 Athanasio
1785 2011 2290 2071 commodassent
2322 2024 2341 2067 ε
2374 2013 2440 2069 at
2468 2013 2688 2089 contra
2718 2008 2946 2068 accidit
2982 2015 3047 2068 ut
3076 2010 3448 2087 plerumque
3492 2010 3692 2088 impe-

284 2094 548 2152 ritorum
601 2088 921 2161 hominum
972 2096 1033 2151 et
1062 2092 1440 2152 insulsorum
1474 2092 1657 2170 nugis
1689 2091 1851 2151 male
1884 2098 2103 2153 auctus
2134 2091 2213 2149 sit
2242 2096 2374 2149 tam
2406 2088 2644 2170 peritus
2675 2088 2919 2148 artifex.
2958 2089 3113 2148 Hinc
3142 2106 3444 2167 germana
3476 2090 3697 2151 naeniis

282 2173 633 2231 intermista
663 2172 1021 2250 fmdataquc
1050 2173 1111 2231 in
1145 2172 1318 2249 prius
1348 2173 1531 2234 editis
1560 2168 2002 2249 conspicimus.
2038 2172 2194 2231 Hinc
2223 2170 2437 2247 inepta
2465 2168 2577 2229 illa
2606 2175 2668 2229 et
2697 2172 3113 2250 dupoaotdvoasz,
3145 2170 3477 2250 prodeunt,
3513 2170 3698 2230 Liber

280 2252 369 2312 De
400 2251 860 2331 deﬁnitionibus,
900 2248 1174 2313 Historia
1203 2254 1484 2332 imaginis
1532 2248 1918 2331 Beryiensz‘s;
1974 2254 2125 2331 quin
2184 2251 2358 2310 illam
2417 2248 2849 2332 memoramus
2895 2248 3309 2332 Meilchzsedecz'
3359 2250 3691 2318 historiam.

278 2338 496 2413 γέλοιον
528 2351 699 2413 sane,
735 2336 795 2389 ni
829 2335 1085 2393 fortasse
1118 2333 1296 2393 malis
1325 2331 1645 2393 fastidium
1678 2353 1865 2410 quam
1899 2333 2091 2394 risum
2122 2333 2234 2413 illa
2268 2333 2501 2413 moveri
2518 2335 2545 2390 ?
2580 2334 2701 2390 Nec
2731 2331 3080 2413 audiendus
3107 2331 3211 2389 ille
3244 2350 3541 2410 nuperus,
3586 2332 3696 2410 qui

280 2412 406 2471 non
439 2412 545 2471 diu
578 2412 697 2471 hoc
728 2430 887 2488 opus
917 2413 1258 2473 Athanasio
1291 2433 1567 2473 asserere
1600 2416 1939 2474 nitebatur.
1974 2418 2066 2474 An
2100 2412 2624 2472 Melchisedecum
2661 2412 3020 2487 hujusmotti
3068 2413 3368 2489 depingat
3414 2414 3696 2473 Athana-

282 2494 409 2552 sius
439 2510 452 2563 ;
505 2494 613 2569 qui
657 2500 801 2571 post
830 2499 1119 2553 exactum
1150 2494 1212 2553 in
1243 2495 1507 2554 saltibus
1536 2496 1846 2572 septennii
1875 2494 2074 2554 otium
2104 2500 2326 2571 sponte
2357 2492 2655 2551 loricatus
2686 2492 2911 2567 prodit,
2952 2492 3112 2568 pelle
3141 2493 3339 2551 instar
3368 2493 3701 2553 testudinis

284 2573 652 2644 occallente,
687 2573 1018 2632 vulturinis
1052 2574 1383 2650 unguibus,
1419 2593 1683 2652 corpore
1714 2576 1854 2652 pilis
1882 2577 1972 2635 ita
2000 2574 2319 2640 horrente,
2376 2580 2444 2631 ut
2504 2590 2718 2631 ursum
2776 2572 3057 2652 diceres?
3103 2572 3433 2645 Nimirum,
3488 2581 3557 2632 ut
3612 2575 3703 2633 ait

284 2653 529 2714 Tullius
585 2654 689 2731 (α),
733 2652 880 2732 illoc
932 2655 1067 2713 υιίιό
1126 2653 1427 2714 cumulata
1473 2651 1552 2714 est
1582 2651 1982 2716 eruditissima
2012 2654 2119 2714 illa
2152 2653 2487 2732 Graecorum
2516 2653 2674 2712 natio
2710 2671 2731 2713 .'
2764 2651 2963 2731 itaque
2990 2652 3152 2731 quod
3182 2654 3295 2712 vim
3347 2652 3529 2732 huius
3558 2655 3709 2713 mali

288 2730 611 2794 (ἔνδεσιήοη
647 2730 859 2815 uident,
898 2753 967 2793 ne
997 2752 1200 2793 nomen
1230 2733 1466 2815 quidem
1513 2733 1569 2793 ei
1614 2735 1754 2795 υιίιό
1802 2737 2227 2815 imposuerunt.
2285 2730 2364 2794 Ut
2408 2733 2562 2815 enim
2608 2730 3109 2815 quazrasmmhz'a,
3160 2730 3446 2815 quomodo
3502 2732 3706 2794 Graeci

288 2814 548 2905 ineptam
580 2813 1030 2892 appellentmon
1062 2813 1719 2895 reperies.Addiderim
1749 2835 1825 2875 ne
1844 2813 2012 2894 apud
2047 2814 2298 2875 Latinos
2329 2813 2587 2891 quidem
2621 2831 2833 2899 vocem
2858 2813 3221 2892 huiusmodi
3243 2814 3422 2892 nugis
3441 2814 3700 2893 dignam

286 2910 565 2953 I‘CDBI‘II‘I.

357 2912 740 3057 Filgilbsfrtlamen,
778 2973 1111 3057 quantavis
1139 2977 1379 3057 φλυαρίᾳ
1410 2980 1929 3057 conspergantur,
1964 2974 2027 3057 id
2046 2971 2425 3057 conﬁcitur;
2461 2976 2529 3031 ut
2556 2989 2698 3032 cum
2738 2976 2773 3028 Α
2789 2972 3084 3057 ιὴεηειείρ
3110 2974 3292 3057 plura
3324 2992 3511 3057 quam
3566 2973 3703 3034 aliis

294 3054 584 3113 Patribus
612 3057 825 3129 spuria
856 3055 1129 3132 ascripta
1153 3054 1411 3125 fuerint,
1439 3056 1649 3132 palam
1681 3056 1968 3114 videatur
1994 3054 2101 3114 ille
2134 3054 2373 3130 majore
2401 3070 2589 3131 quam
2624 3057 2883 3112 caeteros
2914 3054 3280 3113 eruditionis
3310 3063 3369 3113 et
3401 3056 3700 3115 doctrinas

291 3138 461 3193 tama
492 3134 680 3193 fuisse
711 3142 773 3192 et
802 3136 1054 3211 quidem
1087 3135 1258 3212 apud
1290 3136 1526 3212 peritos
1550 3138 1734 3211 juxta
1762 3143 1953 3212 atque
1981 3135 2344 3213 imperitos;
2370 3134 2624 3210 quando
2646 3134 2809 3193 inter
2832 3136 3027 3192 multa
3057 3153 3198 3213 qua:
3231 3138 3414 3195 nauci
3437 3142 3496 3195 et
3520 3136 3699 3195 nihili

287 3222 453 3285 sunt,
488 3234 611 3293 non
646 3215 1000 3291 spernenda
1029 3215 1157 3275 alia
1185 3224 1579 3292 comparent,
1614 3234 1819 3293 neque
1850 3216 2000 3275 talia
2030 3216 2106 3274 de
2137 3215 2365 3291 quibus
2394 3215 2473 3272 sit
2502 3213 2847 3273 Athanasio
2877 3214 3398 3277 erubescendum.
3425 3217 3697 3276 Erubes-

287 3287 556 3354 cendum
587 3294 663 3354 iis
680 3287 829 3354 erat
859 3294 1087 3370 potius,
1120 3296 1229 3373 qui
1258 3287 1469 3356 ﬁctam
1500 3287 1846 3356 submisere
1876 3296 2118 3374 prolem
2153 3287 2172 3353 ε’
2203 3312 2349 3354 nam
2382 3312 2560 3371 asque
2589 3294 2894 3354 illiberale
2921 3304 3013 3354 est
3043 3314 3158 3355 sua
3186 3296 3323 3356 aliis
3351 3316 3415 3357 se
3446 3297 3690 3374 dignio-

287 3375 459 3434 ribus
482 3374 821 3455 ascribere,
844 3382 1033 3452 atque
1064 3375 1281 3435 labore
1309 3376 1515 3437 alieno
1544 3383 1727 3455 parta
1757 3376 1820 3435 in
1843 3395 1907 3436 se
1938 3386 2388 3437 transmovere.
2412 3375 2749 3455 Sederunt
2768 3376 3029 3435 fortasse
3050 3378 3157 3454 qui
3182 3377 3350 3436 litem
3378 3385 3691 3438 moveant:

285 3456 444 3536 Quid
475 3454 689 3533 igitur,
715 3454 905 3527 aient,
926 3455 1034 3514 illo
1065 3474 1206 3536 quae
1240 3461 1368 3516 tute
1401 3456 1536 3516 luce
1552 3454 1829 3532 indigna
1858 3457 2190 3528 arbitrare,
2225 3474 2350 3515 non
2381 3454 2687 3536 exegisti?
2717 3455 2869 3533 quid
2902 3462 3025 3517 tam
3061 3461 3258 3517 multa
3289 3459 3425 3536 ejus
3453 3460 3700 3535 generis

286 3535 590 3596 hactenus
620 3536 837 3615 ignota
868 3554 899 3595 e
930 3535 1201 3596 tenebris
1232 3536 1490 3597 eruisti?
1518 3538 1746 3597 Verum
1781 3543 2012 3616 praesto
2044 3545 2137 3597 est
2164 3536 2335 3614 quod
2365 3535 2820 3613 respondeatur
2853 3555 2866 3597 :
2904 3543 2971 3596 ut
3000 3544 3283 3597 nostrum
3327 3535 3460 3598 fuit
3508 3538 3702 3597 dubia

287 3624 343 3675 et
378 3618 589 3695 spuria
622 3634 658 3677 a
686 3617 999 3694 germanis
1030 3634 1369 3691 secernere,
1407 3617 1576 3677 haud
1606 3618 1693 3677 ita
1725 3618 1900 3677 licuit
1931 3618 2111 3679 nobis
2142 3636 2215 3677 ea
2243 3634 2543 3697 resecare.
2572 3616 2743 3697 Inter
2770 3618 2981 3694 spuria
3014 3634 3431 3692 recenscmus,
3458 3620 3607 3697 quia
3627 3636 3705 3678 eo

285 3697 578 3757 videntur
634 3698 817 3757 certis
847 3697 924 3756 de
954 3698 1155 3757 causis
1183 3698 1476 3775 ablegata
1504 3704 1797 3776 oportere
1831 3715 1845 3756 :
1877 3704 2063 3758 erunt
2094 3697 2374 3758 fortassis
2406 3696 2635 3776 quibus
2665 3696 2789 3756 alia
2821 3698 2900 3758 sit
2928 3698 3168 3776 opinio,
3204 3698 3311 3775 qui
3341 3696 3707 3759 facultatem

287 3777 506 3855 judicii
538 3796 611 3836 ea
642 3779 718 3836 de
750 3796 813 3837 re
842 3779 1077 3837 ferendi
1098 3785 1474 3856 praereptam
1508 3775 1624 3838 sibi
1656 3779 1844 3837 fuisse
1874 3779 2131 3855 indigne
2163 3780 2418 3838 ferrent.
2444 3775 2534 3835 Ad
2598 3775 2757 3847 hinc,
2818 3775 3305 3856 quamplurimis
3361 3780 3713 3839 eruditione

296 3858 616 3938 prteclaris
672 3858 1029 3917 hominibus
1080 3860 1611 3935 obtemperamus,
1658 3859 1767 3936 qui
1797 3877 1939 3936 quas
1969 3877 2199 3919 nomen
2228 3856 2555 3917 Athanasii
2583 3857 2950 3938 praeferunt,
2983 3860 3198 3918 omnia
3227 3858 3446 3920 volunt
3479 3857 3717 3938 publici

296 3956 427 3999 esse
449 3937 633 4015 juris,
668 3940 972 4015 aluntque
1002 3938 1176 3998 nulla
1206 3958 1421 4000 eorum
1456 3958 1669 3999 carere
1698 3958 1813 3999 suo
1844 3942 2071 4000 fructu.
2108 3938 2526 4009 Quamobrem
2551 3938 2603 3997 si
2624 3937 2853 4015 quibus
2884 3939 3108 3997 horum
3143 3940 3326 3999 lectio
3360 3937 3715 4018 displiceat,

300 4037 377 4078 ea
410 4018 583 4078 uullo
614 4018 940 4096 dispendio
974 4021 1162 4080 missa
1192 4020 1448 4089 faciant,
1482 4038 1595 4080 nec
1623 4020 1948 4080 invideant
1974 4019 2050 4080 iis
2079 4020 2309 4098 quibus
2339 4019 2607 4078 lustrare
2637 4019 2850 4079 omnia
2879 4026 2940 4078 et
2966 4019 3031 4079 in
3092 4020 3354 4097 singulis
3406 4020 3720 4098 judicium

300 4116 588 4160 exercere
621 4100 869 4158 animus
898 4104 1014 4157 est.

379 4182 429 4239 A
465 4178 694 4270 quibus
723 4185 937 4273 autem
968 4178 1186 4273 istliaac
1216 4184 1343 4238 tam
1376 4178 1576 4239 multa
1605 4178 1729 4273 sint
1759 4178 2262 4270 elaborata-quis
2282 4184 2408 4238 tam
2431 4178 2688 4273 lynceus
2719 4178 2858 4273 quis
2890 4179 3248 4273 perspicere.
3269 4183 3490 4273 queat?
3514 4183 3723 4273 Unum

299 4259 550 4333 scimus,
600 4258 735 4337 jam
795 4259 921 4320 fere
975 4278 1012 4319 a
1064 4266 1349 4337 tempore
1380 4278 1577 4338 usque
1608 4259 1937 4320 Athanasii
1966 4260 2231 4337 cmpisse
2257 4259 2551 4318 nonullos
2581 4276 2695 4318 sua
2724 4258 3051 4318 Athanasii
3082 4262 3336 4319 nomine
3368 4261 3670 4338 insignire
3706 4276 3721 4319 :

302 4340 707 4417 sequentibus
739 4340 962 4399 exinde
994 4340 1283 4400 aetatibus
1314 4338 1596 4399 fraudem
1631 4358 1743 4400 ceu
1779 4340 1951 4399 fluxu
1983 4339 2261 4418 quodam
2294 4338 2528 4417 ubique
2559 4344 2969 4419 pervagatam
3000 4359 3155 4413 esse,
3190 4348 3252 4401 et
3284 4350 3601 4419 postremo
3647 4340 3731 4401 ad

306 4420 560 4481 Latinos
591 4438 665 4479 ex
699 4420 935 4480 Graecia
965 4420 1342 4480 dimanasse.
1378 4420 1557 4480 Hisce
1588 4421 1882 4481 omnibus
1912 4419 2139 4480 mirum
2169 4420 2233 4479 in
2270 4420 2550 4491 modum,
2584 4418 2692 4479 sed
2724 4419 2956 4480 damno
2988 4438 3101 4481 suo
3134 4421 3225 4481 uti
3256 4418 3551 4495 diximus,
3588 4438 3728 4481 auc-

307 4506 407 4559 tus
440 4507 534 4560 est
563 4506 817 4560 sanctus
843 4503 1096 4561 Doctor.
1135 4504 1341 4561 Pauca
1368 4507 1577 4560 tamen
1612 4507 1780 4571 sunt,
1818 4519 1958 4582 qua;
1988 4508 2319 4561 auctorum
2351 4500 2612 4560 nomina
2642 4499 2703 4582 in
2736 4500 3115 4582 quibusdam
3149 4501 3473 4562 codicibus
3505 4503 3731 4582 praefe-

308 4586 474 4652 rant,
510 4588 580 4640 ut
608 4582 833 4658 cuique
863 4582 1073 4641 videre
1103 4588 1196 4641 est
1225 4582 1289 4641 in
1324 4582 1586 4659 hujusce
1616 4582 1772 4642 tomi
1801 4581 2091 4640 decursu.
2128 4583 2396 4641 Aitatem
2430 4598 2578 4640 vero
2617 4580 3009 4657 singulorum
3067 4588 3373 4659 quantum
3433 4580 3524 4642 in_
3556 4581 3738 4642 nobis

309 4662 497 4721 situm
534 4662 650 4720 fuit
677 4662 1159 4739 assignavimus.
1192 4664 1283 4721 Ad
1315 4680 1390 4721 ea
1418 4681 1558 4739 quae
1588 4662 1650 4720 in
1683 4663 1856 4738 prius
1886 4660 2068 4720 editis
2098 4664 2693 4739 exstant,permulta
2716 4676 2827 4721 nos
2856 4680 2930 4721 ex
2962 4663 3236 4722 tenebris
3264 4669 3467 4736 eruta,
3488 4669 3557 4724 ut
3588 4680 3739 4723 mox

308 4741 697 4812 dicebamus,
730 4743 1076 4818 adjecimus
1109 4759 1122 4800 :
1159 4743 1613 4818 supellectilem
1646 4760 1798 4802 sane
1828 4741 2093 4809 variam,
2130 4743 2332 4819 pretio
2364 4748 2555 4820 atque
2587 4740 2860 4801 utilitate
2888 4742 3226 4821 disparem.

392 4822 702 4892 Quoniam
734 4829 945 4881 autem
976 4840 1103 4881 non
1135 4839 1313 4898 asque
1343 4822 1699 4900 conspicuis
1733 4824 1896 4881 notis
1927 4823 2211 4881 omnium
2243 4827 2420 4881 νοθεία
2454 4822 2947 4899 deprehenditur
2979 4840 2993 4881 :
3030 4824 3135 4883 sed
3168 4822 3459 4901 quaedam
3515 4840 3737 4883 eorum

316 4920 442 4960 non
478 4907 604 4983 tam
637 4901 950 4961 evidentia
981 4902 1162 4979 signa
1192 4901 1254 4960 in
1289 4903 1591 4983 utramvis
1620 4908 1865 4983 partem
1898 4902 2180 4983 referunt
2213 4919 2226 4959 :
2262 4901 2397 4983 alia
2420 4921 2565 4983 vero
2598 4902 2693 4961 vel
2726 4903 2861 4981 ipso
2920 4903 3091 4963 cultu
3151 4910 3340 4983 atque
3398 4911 3741 4983 conspectu

324 4981 679 5063 peregrina?
704 5000 837 5063 sese
886 4982 1281 5063 proﬁtentur,
1314 4983 1519 5063 _binas
1546 4982 1611 5042 in
1644 4982 1872 5043 classes
1899 4982 2066 5043 hunc
2101 4994 2341 5063 tomum
2369 4982 2741 5042 distribuere
2774 4984 2972 5042 visum
3007 4984 3142 5047 fuit.
3178 4981 3252 5045 In
3280 4985 3508 5063 priore,
3544 4981 3742 5044 Atha-

325 5002 655 5060 peregrina
704 5002 837 5042 sese
886 5002 1281 5121 promentur,
1343 5002 1519 5042 ornas
1546 5002 1611 5042 1n
1644 5002 1872 5043 classes
1899 5002 2066 5043 nunc
2101 5002 2340 5041 tomum
2369 5002 2741 5042 distribuere
2774 5002 2972 5042 VISllm
3007 5002 3142 5047 Iun.
3178 5002 3245 5045 1n
3280 5002 3508 5063 priore,
3544 5002 3742 5044 Atua-

325 5061 484 5142 nasii
514 5062 765 5122 nomine
796 5062 878 5121 du
929 5066 989 5122 ia
1018 5063 1230 5123 omnia
1260 5061 1361 5122 edi
1393 5063 1770 5123 curavimus.
1798 5064 1875 5123 Et
1906 5063 2158 5141 quidem
2192 5062 2255 5121 id
2289 5062 2454 5142 ultro
2482 5063 2776 5133 fatemur,
2801 5063 2971 5142 quod
3002 5064 3226 5142 cuique
3260 5065 3499 5125 monita
3527 5070 3745 5125 nostra

321 5141 555 5224 legenti
587 5142 958 5203 subodorari
990 5142 1232 5214 licebit;
1266 5142 1555 5203 videlicet
1580 5162 1722 5224 nos,
1757 5143 2065 5224 etisibinter
2093 5144 2333 5224 incerta
2360 5141 2579 5224 istbac
2636 5141 3038 5217 reponamus,
3099 5141 3473 5224 plerumque
3530 5151 3744 5206 tamen

324 5222 522 5305 magis
551 5224 944 5305 propendere
974 5224 1036 5282 in
1071 5228 1314 5305 partem
1348 5223 1621 5301 negandi
1656 5240 1683 5305 :_
1707 5222 2125 5305 maluisseque
2155 5223 2363 5284 adhuc
2394 5225 2510 5284 sub
2530 5223 2744 5302 judice
2776 5224 2945 5284 litem
2979 5222 3135 5298 esse,
3172 5222 3455 5305 quam’in
3490 5225 3742 5304 pericu-

324 5301 455 5361 lum
489 5304 698 5362 venire
730 5303 928 5363 levius
956 5303 1319 5381 proferendi
1348 5308 1553 5373 νοθείας
1576 5303 1818 5380 judicii,
1854 5301 2326 5383 Athanasioque
2356 5323 2502 5366 suas
2533 5301 2691 5365 forte
2721 5301 3647 5384 lucubrationesabjudicandi.
3674 5307 3747 5367 In

326 5384 671 5465 posteriore
700 5400 776 5443 ea
804 5385 1188 5444 collocamus
1221 5402 1362 5462 quae
1392 5390 1611 5461 aperte
1642 5385 1856 5462 spuria
1888 5390 2056 5457 sunt,
2089 5404 2215 5443 non
2247 5385 2461 5462 aliquo
2492 5390 2738 5446 servato
2769 5386 3010 5458 ordine,
3044 5386 3151 5446 sed
3183 5405 3257 5446 ea
3287 5404 3429 5464 quas
3458 5387 3521 5447 in
3576 5386 3748 5465 prius

329 5462 510 5522 editis
570 5464 804 5540 primas
862 5465 1165 5524 tenebant
1194 5472 1263 5523 ut
1290 5465 1419 5524 fors
1447 5465 1699 5535 obtulit,
1736 5466 1949 5541 priora
1980 5465 2172 5524 ferme
2204 5466 2597 5542 reposuimus
2631 5483 2644 5524 :
2680 5466 2804 5526 alia
2836 5473 2903 5526 ut
2931 5467 3289 5536 argumenti
3311 5462 3478 5528 ratio
3509 5462 3750 5527 ferebat

334 5561 461 5602 una
491 5542 956 5621 conjunximus.
992 5547 1117 5605 Nec
1148 5549 1362 5604 tamen
1392 5550 1563 5606 certa
1593 5544 1813 5622 regula
1843 5546 1959 5606 fuit
1987 5562 2004 5606 :
2040 5552 2103 5605 et
2128 5544 2275 5622 quia
2306 5545 2504 5605 serius
2531 5546 2839 5607 nonnulla
2884 5545 3289 5622 accedebant,
3351 5548 3628 5626 priorem
3683 5546 3751 5607 in

397 5730 479 5805 (a)
507 5732 583 5790 De
610 5737 831 5790 oratore
858 5731 900 5788 l.
931 5749 995 5788 ιι.

611 5858 884 5922 Panos.
931 5859 1045 5923 Gn.
1086 5856 1370 5923 XXVIII.
3454 5860 3492 5929 ι
