4136 6376
394 323 456 380 11
1876 319 2314 380 I’R/EFATIO.
3732 323 3806 380 l2

389 471 658 515 vacuum
699 454 905 515 locum
941 473 1086 516 casu
1124 455 1322 534 magis
1354 474 1541 534 quam
1575 455 1837 515 consilio
1870 453 2157 531 conjecta
2186 459 2331 513 sunt
2369 471 2380 510 :
2418 458 2480 513 et
2509 452 2852 515 consilioue
2881 472 3041 532 opus
3087 453 3150 513 in
3207 454 3395 514 rebus
3454 453 3812 515 inconsulta

393 535 737 596 multorum
771 537 1150 674 Cltemeritate
1214 537 1705 597 consarcinatis?
1767 535 2055 596 Homilies
2114 540 2323 594 tamen
2373 553 2592 594 omnes
2625 553 2749 595 una
2779 534 3120 607 cohaerent,
3156 541 3404 596 servato
3435 554 3640 595 rerum
3671 553 3812 615 quae

393 621 666 674 aguntur
694 635 767 674 or
814 617 935 674 ine.

391 621 666 676 aguntur
694 617 935 676 ordine.

476 635 666 676 untur
694 635 935 676 ordine.

430 635 580 756 8His
609 702 818 756 autem
855 696 1039 766 notis,
1073 695 1170 755 his
1203 696 1449 755 tesseris
1480 695 1672 754 dubia
1702 701 1764 755 et
1795 694 1997 754 aliena
2021 712 2058 753 a
2078 694 2396 771 germanis
2425 694 2940 754 internoscimus:
2967 693 3169 772 primo
3191 714 3265 753 ex
3287 695 3810 772 frequentiAtba-

393 776 551 867 nasii
581 795 843 851 operum
875 777 1270 867 tractatione,
1306 795 1414 836 ceu
1451 782 1668 867 gustus
1699 776 1951 867 quidem
1985 775 2218 867 legenti
2250 774 2744 867 inhaerethcujus
2775 792 2893 867 Ope
2925 775 3094 867 haud
3129 775 3308 867 facile
3339 776 3417 834 sit
3448 776 3806 867 ipsifucum

391 857 631 929 facere;
667 875 808 917 cum
846 857 1116 916 maxime
1146 860 1412 916 arduum
1445 859 1524 916 sit
1554 855 1959 934 quantumvis
1989 854 2192 932 perito
2224 857 2500 914 nativam
2535 854 2863 915 Athanasii
2919 856 3295 932 elegantiam
3359 856 3667 915 ementiri.
3736 859 3807 916 Et

391 937 647 1015 quidem
710 936 908 996 multa
953 946 1313 1008 occurrunt,
1350 957 1491 1016 quas
1522 937 1572 995 si
1608 937 1702 997 vel
1739 936 2120 1014 primoribus
2150 935 2402 1016 quidem
2439 936 2960 1016 labrisattingas,
2992 937 3203 996 statim
3238 944 3490 1014 respuat
3522 943 3590 995 ut
3624 954 3798 1014 pere-

391 1017 573 1095 grina
603 1023 666 1076 et
693 1017 774 1077 ab
807 1017 1134 1077 Athanasii
1164 1017 1270 1077 illa
1301 1015 1540 1097 ἐνέργείᾳ
1571 1017 1998 1077 abhorrentia.
2033 1015 2408 1097 Heujusmodi
2440 1023 2586 1097 sunt
2617 1015 2958 1097 D_i3putatio
2979 1028 3187 1097 contra
3213 1018 3450 1097 Arium,
3478 1017 3538 1075 in
3563 1018 3806 1093 synodo

396 1044 573 1095 5ιίΠᾶ
603 1044 666 1076 δι
693 1044 774 1077 ἆυ
807 1044 1134 1077 Atuuuasu
1166 1044 1270 1077 ιιιίι
1301 1045 1381 1077 ενε
1420 1044 1540 1096 γειᾳ
1571 1044 1998 1077 ᾶυυυιτυιιιιξι.
2036 1044 2408 1093 Πυδυδωυυι
2440 1044 2586 1075 δυυι
2617 1044 2958 1097 υιδμῑιιαιιο
2979 1044 3187 1076 συηιγ-ιι
3213 1044 3450 1086 unum,
3478 1044 3538 1075 Ill
3563 1044 3806 1093 syuuuu

396 1097 675 1169 Nicena,
708 1097 916 1158 Sermo
937 1107 1139 1157 contra
1167 1117 1350 1157 omce:
1381 1044 1640 1168 insereres,
1671 1097 1945 1157 Historia
1978 1095 2403 1167 Melchisedeci,
2442 1096 2614 1156 Liber
2646 1095 2733 1156 De
2766 1095 3225 1175 deﬁnitionibus,
3260 1104 3323 1157 et
3369 1096 3475 1156 alii
3526 1097 3806 1171 ejusdem

391 1178 609 1237 farinae
641 1178 856 1238 libelli.
891 1179 1150 1238 Etiamsi
1180 1197 1326 1238 vero
1357 1178 1418 1237 in
1455 1177 1728 1237 melioris
1757 1185 1923 1238 notas
1955 1177 2258 1255 opuscula
2289 1176 2659 1249 incidamus,
2684 1177 2832 1236 dum
2863 1178 2923 1236 in
2955 1195 3182 1255 genere
3214 1177 3524 1256 polemico
3556 1195 3805 1236 versen-

389 1259 613 1338 tur,in
645 1277 772 1338 quo
803 1259 1115 1320 cernimus
1147 1278 1303 1337 pene
1335 1265 1530 1318 totam
1565 1257 1891 1318 Athanasii
1922 1263 2170 1338 aetatem
2200 1276 2330 1316 esse
2361 1257 2722 1329 contritam,
2747 1257 2916 1318 haud
2953 1275 3186 1334 magno
3225 1258 3438 1338 labore
3470 1275 3507 1316 a
3558 1257 3806 1316 trandu-

393 1337 547 1398 lenti
603 1337 924 1418 scriptoris
954 1338 1218 1400 artiﬁcio
1251 1358 1363 1398 nos
1394 1338 1778 1417 explicemus
1813 1356 1826 1398 :
1861 1356 2004 1397 cum
2036 1337 2138 1396 vix
2171 1338 2301 1396 ulla
2329 1356 2430 1397 ars
2460 1338 2638 1396 illum
2671 1345 2764 1398 tot
2792 1355 3101 1398 annorum
3135 1356 3337 1409 usum,
3374 1337 3545 1396 illam
3581 1344 3806 1418 sponte

390 1418 690 1479 ﬂuentem
723 1417 1147 1498 eloquentiam
1180 1421 1479 1497 consequi
1510 1419 1724 1498 possit.
1759 1420 1913 1479 Cum
1945 1423 2155 1478 autem
2190 1419 2312 1478 alio
2344 1436 2570 1496 genere
2600 1419 2909 1477 scribendi
2966 1429 3224 1478 exarata
3281 1427 3450 1490 sunt,
3491 1436 3642 1498 equo
3684 1417 3799 1498 evel

390 1499 568 1558 nulla
598 1499 696 1558 vel
728 1497 1106 1578 paucissima
1134 1499 1400 1560 ediderit
1430 1497 1835 1567 Athanasius,
1871 1505 2004 1558 tum
2038 1499 2270 1558 laboris
2299 1508 2360 1559 et
2387 1498 2629 1559 consilii
2658 1516 2755 1558 res
2783 1505 2895 1558 est.
2928 1497 3368 1576 lnvestiganda
3398 1497 3629 1557 scilicet
3662 1497 3806 1578 doc-

393 1579 580 1651 trina,
635 1577 827 1640 verba
881 1580 1130 1658 singula
1182 1580 1594 1659 inspicienda,
1655 1579 1979 1640 sententiae
2037 1579 2482 1657 ponderandas,
2519 1596 2666 1636 num
2697 1579 2919 1638 alienas
2949 1579 3028 1637 ab
3059 1584 3265 1649 astate,
3299 1578 3380 1638 ab
3411 1584 3688 1659 auctore,
3726 1577 3804 1659 ab

393 1660 683 1720 Ecclesiaa
720 1679 855 1720 usu.
889 1660 1152 1720 Difficile
1183 1657 1333 1720 sane
1363 1660 1518 1720 nihil
1549 1660 1859 1738 ejusmodi
1891 1659 2278 1737 deprehendi
2332 1661 2395 1720 in
2451 1659 2700 1738 spur-iis.
2755 1659 2819 1718 Si
2869 1665 3034 1719 notas
3094 1659 3383 1738 quaedam
3445 1657 3808 1735 liujusmodi

391 1746 745 1814 occurrant,
779 1750 841 1800 et
872 1741 995 1800 tale
1025 1759 1183 1818 opus
1213 1741 1292 1800 ab
1325 1741 1586 1820 antiquo
1618 1742 1864 1800 nemine
1895 1741 2210 1811 laudetur,
2238 1739 2368 1816 jam
2405 1747 2673 1816 augetur
2701 1739 2996 1818 suspicio.
3031 1741 3244 1817 Neque
3276 1746 3487 1820 tamen
3518 1739 3691 1820 illico
3720 1741 3806 1795 fe-

394 1822 590 1880 renda
620 1821 952 1880 adversum
984 1822 1316 1891 sententia,
1350 1821 1468 1880 nisi
1501 1823 1623 1881 alia
1655 1840 1728 1881 ex
1762 1840 1906 1880 mox
1936 1820 2305 1880 enarrandis
2334 1826 2484 1878 nota
2514 1827 2902 1898 compareat.
2929 1821 3086 1879 Nam
3110 1825 3256 1878 sunt
3284 1819 3407 1878 alia
3437 1819 3806 1894 gravissima

389 1902 570 1975 signa
599 1901 826 1979 quibus
856 1900 932 1961 lis
961 1901 1262 1961 solvatur.
1290 1905 1445 1962 Cum
1478 1901 1746 1962 haereses
1773 1901 2007 1960 scilicet
2034 1900 2548 1978 subsequentium
2580 1905 2837 1960 aetatum
2869 1901 3343 1977 impugnantur,
3368 1902 3553 1959 etiam
3615 1900 3805 1957 tacito

391 1980 832 2040 haereticorum
865 1982 1116 2040 nomine
1149 1999 1162 2040 :
1198 1999 1471 2059 namque
1501 1984 1551 2041 si
1583 2001 1809 2040 nomen
1852 1982 2049 2052 adest,
2084 1999 2195 2040 nec
2226 1982 2589 2060 conjectura
2619 1980 2834 2040 subest
2862 1981 3076 2057 aliqua
3106 1980 3292 2038 fuisse
3323 1981 3802 2038 amanuensium

391 2060 743 2121 temeritate
773 2061 1113 2140 adjectum,
1148 2063 1319 2122 nulla
1356 2079 1529 2122 mora
1559 2062 1758 2121 fertur
1785 2067 1992 2129 νοθείας
2016 2061 2350 2138 judicium.
2395 2062 2458 2120 Si
2489 2061 2551 2119 in
2585 2061 3026 2137 manuscriptis
3058 2060 3378 2140 inscriptio
3435 2061 3521 2118 ita
3587 2060 3804 2129 variet,

389 2146 460 2199 ut
515 2141 576 2199 in
635 2141 771 2200 aliis
828 2139 1178 2213 Athanasii,
1211 2142 1272 2200 in
1306 2143 1442 2200 aliis
1471 2142 1727 2201 alterius
1755 2142 2077 2218 scriptoris
2109 2160 2336 2201 nomen
2373 2147 2737 2219 compareat
2768 2160 2778 2194 τ
2814 2141 3060 2217 signum
3095 2139 3343 2198 videtur
3376 2141 3796 2210 manifestum,

390 2239 522 2280 esse
557 2226 755 2280 totum
789 2221 1133 2282 Athanasio
1164 2222 1655 2299 abjudicandum
1694 2239 1707 2280 :
1743 2239 1884 2280 nam
1918 2221 1969 2281 si
2001 2221 2290 2300 primitus
2321 2221 2649 2281 Athanasii
2687 2237 2910 2279 nomen
2947 2222 3189 2279 tulisset
3219 2221 3563 2297 inscriptio.
3600 2239 3674 2278 ne
3707 2238 3806 2278 co-

391 2302 648 2378 gitasset
678 2302 931 2379 quidem
965 2305 1366 2361 amanuensis
1393 2303 1647 2362 alterius
1678 2319 1906 2361 nomen
1955 2299 2368 2373 substituere;
2430 2319 2571 2360 cum
2633 2309 2809 2359 tanta
2863 2304 2942 2359 sit
2999 2301 3471 2358 celebratissimi
3530 2299 3805 2357 ductoris

393 2380 757 2454 auctoritas,
811 2388 876 2441 ut
903 2384 1164 2442 stultum
1199 2389 1360 2442 esset
1390 2383 1468 2442 ab
1497 2383 1622 2442 alio
1655 2384 1955 2459 majorem
1992 2382 2292 2440 mutuari.
2331 2385 2403 2440 Et
2431 2399 2582 2441 sane
2615 2382 2853 2438 nullum
2888 2380 3232 2438 vidimusex
3265 2380 3552 2457 genuinis
3606 2381 3802 2438 Atha-

393 2461 577 2532 nasii,
609 2461 868 2520 alterius
898 2464 1193 2540 praferre
1224 2481 1448 2522 nomen
1481 2463 1543 2521 in
1574 2463 1916 2522 codicibus.
1953 2461 2500 2522 Evidentissimum
2535 2461 2980 2539 suppositionis
3011 2471 3446 2536 argumentum
3483 2465 3595 2530 est,
3662 2477 3802 2517 cum

401 2544 614 2602 Patres
646 2543 994 2603 Athanasio
1023 2561 1326 2621 suppares
1357 2550 1466 2602 aut
1497 2545 1754 2602 omnino
1785 2543 2112 2601 inferiores
2140 2542 2510 2600 laudantur:
2539 2559 2680 2599 nam
2713 2546 2844 2600 tum
2877 2541 2968 2601 vel
2993 2559 3066 2598 cx
3101 2541 3455 2616 ignorantia
3486 2540 3806 2618 scriptoris

393 2622 605 2700 prodit
634 2622 1174 2694 anachronismus,
1210 2623 1307 2682 vel
1334 2624 1688 2683 inconsulto
1719 2623 2199 2683 amanuensium
2230 2640 2383 2681 ausu
2421 2622 2742 2680 Athanasii
2773 2640 2997 2680 nomen
3034 2622 3359 2698 praiﬁxum
3417 2621 3590 2696 opcri
3653 2621 3790 2678 fuit.

393 2703 502 2762 His
533 2721 757 2761 ususus
789 2721 927 2762 sum
960 2706 1242 2774 tesseris;
1276 2721 1417 2781 quae
1449 2710 1659 2762 tamen
1692 2722 1856 2762 nunc
1887 2702 2108 2761 leviter
2135 2702 2510 2780 perstringo,
2545 2702 2692 2779 quia
2725 2703 2918 2760 fusius
2949 2703 3074 2760 suis
3105 2702 3277 2761 locis.
3314 2702 3642 2762 Undenam
3679 2701 3801 2758 sin-

394 2782 544 2860 gula
573 2785 903 2860 prodeant,
939 2784 1163 2844 videsis
1191 2784 1251 2842 in
1278 2802 1417 2843 mox
1452 2784 1737 2861 sequenti
1773 2783 2132 2842 recensione
2163 2783 2448 2841 codicum
2484 2801 2628 2841 mss.
2663 2789 2723 2840 et
2751 2783 3088 2842 editorum.

471 2859 706 2922 Praeter
736 2882 809 2924 ea
841 2871 1051 2924 autem
1082 2882 1223 2942 quae
1258 2863 1356 2923 hic
1389 2859 1606 2924 extant
1633 2881 1804 2935 cusa,
1839 2863 1961 2922 alia
1994 2863 2305 2941 permulta
2333 2869 2498 2934 sunt,
2533 2881 2673 2940 quas
2704 2881 2844 2920 cum
2880 2862 3165 2942 proxime
3196 2859 3531 2942 praeteritis
3562 2859 3806 2916 sazculis

394 2942 602 3002 fraudi
633 2940 1196 3022 opportunioribus
1225 2944 1481 3023 impune
1511 2943 1918 3003 Athanasium
1953 2940 2254 3004 ementita
2298 2943 2580 3012 fuissent,
2615 2943 2964 3023 instaurate
2995 2941 3249 3023 demum
3285 2940 3634 3023 litterarum
3665 2956 3802 3023 usu,

399 3040 472 3103 ex
504 3017 946 3084 Athanasianis
975 3025 1174 3103 ejecta
1204 3017 1368 3084 sunt.
1404 3027 1572 3084 inter
1603 3023 1736 3084 hac
1793 3029 2296 3084 annumerantur
2353 3022 2822 3103 Commentaria
2877 3020 3370 3103 'l‘heopbﬁylacti
3393 3020 3450 3103 in
3502 3017 3806 3103 Epistolas

391 3102 592 3172 Pauli,
625 3105 686 3163 in
721 3099 1035 3182 prioribus
1067 3105 1281 3166 Galliae
1308 3105 1490 3164 editis
1521 3122 1670 3163 cusa
1699 3104 1778 3164 ad
1806 3105 2071 3163 frontem
2103 3120 2366 3181 operum
2401 3106 2461 3162 S.
2498 3102 2843 3170 Athanasii,
2883 3119 3022 3178 qua:
3056 3100 3279 3182 deinde
3322 3099 3624 3182 Vulgarii,
3677 3099 3806 3157 sive

389 3184 688 3262 Bulgarii,
721 3179 850 3245 aut
897 3185 1109 3264 potius
1137 3185 1550 3262 Teophylacti
1589 3184 1996 3261 Bulgarorum
2030 3179 2309 3261 episcopi
2338 3201 2471 3242 esse
2496 3182 2893 3264 deprehensa
2923 3187 3090 3264 sunt,
3122 3187 3184 3264 e_t
3206 3179 3338 3264 jam
3371 3180 3648 3264 ejusdem
3687 3197 3801 3264 no-

391 3259 556 3324 mine
589 3268 799 3325 Graace
832 3259 1141 3325 ettatine
1171 3259 1727 3324 cireumferuntur.‘
1761 3267 1890 3323 Non
1922 3259 2177 3322 defuere
2204 3265 2377 3334 item,
2402 3263 2510 3340 qui
2541 3262 2734 3321 libros
2765 3261 2982 3320 Hilarii
3015 3261 3100 3320 De
3142 3259 3429 3318 Trinitate
3456 3259 3804 3318 Athanasio

393 3345 817 3423 ascripserint,
852 3364 1123 3422 quorum
1155 3346 1465 3404 sententia
1496 3362 1572 3402 ne
1603 3344 2030 3404 contutatione
2061 3344 2313 3422 quidem
2347 3351 2524 3423 eget;
2552 3349 2616 3423 et
2646 3342 2839 3420 probe
2869 3360 3026 3420 opus
3056 3341 3209 3423 illud
3237 3341 3470 3423 Hilario
3492 3347 3802 3423 assertum

395 3424 513 3484 fuit
531 3419 597 3484 in
632 3419 953 3504 postrema
983 3427 1120 3504 ejus
1149 3442 1413 3502 operum
1445 3423 1720 3504 editione
1750 3440 1786 3482 a
1817 3423 2046 3483 nostris
2074 3419 2407 3504 adornata.
2456 3419 2754 3504 Dialogus
2783 3419 3064 3504 queque
3090 3420 3378 3504 _.loa_nnis
3429 3419 3805 3504 Damasceni

397 3513 606 3565 contra
633 3500 1033 3565 'Mam'clzasos'
1064 3506 1128 3565 in
1160 3500 1354 3583 Hegio
1385 3503 1598 3565 codice
1631 3522 1802 3563 num.
1836 3505 1994 3562 2502
2022 3503 2248 3563 ascribi
2279 3521 2316 3562 a
2349 3503 2665 3562 nonnullis
2699 3502 3041 3562 Athanasio
3072 3500 3358 3583 dicicitur
3389 3517 3402 3557 :
3438 3500 3543 3583 sed
3575 3507 3802 3578 γνήσιος

394 3585 766 3665 Damasceni
794 3586 954 3646 fetus
980 3591 1096 3658 est,
1129 3590 1199 3644 ut
1229 3581 1513 3665 pluribus
1545 3585 2063 3665 commonstrabit
2092 3583 2188 3643 vir
2218 3583 2498 3643 cruditas
2525 3583 2595 3665 _P.
2630 3583 2926 3665 Lequien,
2987 3581 3220 3665 ordinis
3281 3581 3798 3665 Praedicatorum,

385 3664 448 3723 in
473 3683 543 3725 ea
570 3683 757 3742 quam
792 3672 970 3744 parat
1000 3661 1370 3726 Damaseeni
1401 3682 1664 3743 operum
1696 3663 1988 3724 editione.
2013 3665 2183 3744 Vere
2204 3670 2412 3744 tamen
2442 3663 2818 3722 Athanasius
2850 3663 3252 3744 Manichasos,
3279 3679 3545 3744 quorum
3579 3661 3802 3744 ingens

384 3744 523 3805 isua
553 3740 923 3824 tempestate
949 3763 1270 3816 numerus,
1305 3740 1550 3823 scriptis
1579 3751 1672 3804 est
1699 3744 1957 3804 adortus
1990 3763 2004 3801 :
2041 3749 2106 3804 at
2135 3743 2442 3821 ejusmodi
2499 3744 2731 3821 scripta
2786 3761 2924 3802 cum
2984 3741 3329 3801 innumeris
3381 3741 3523 3824 aliis
3579 3740 3812 3824 injuria

385 3819 738 3904 temporum
800 3827 1077 3887 extincta
1130 3831 1294 3885 sunt.
1356 3819 1648 3904 Etiplane
1681 3825 1956 3884 demiror
1981 3819 2407 3885 Graeculorum
2441 3819 2862 3893 oscitantiam,
2897 3824 3004 3901 qui
3037 3823 3185 3881 dum
3222 3823 3436 3904 spuria
3466 3819 3809 3904 sexcenties

387 3899 825 3975 exscriberent,
855 3924 1156 3984 germana
1201 3907 1290 3966 ita
1321 3899 1753 3982 neglexerunt,
1782 3912 1852 3965 ut
1889 3906 2132 3964 incuria
2167 3904 2480 3983 perierint.
2509 3905 2588 3965 Ut
2613 3899 2967 3981 conjectare
2999 3902 3385 3984 porrolicet,
3416 3917 3548 3984 non‘
3573 3899 3808 3975 dialogi

388 4003 562 4045 more
594 3980 973 4047 Manichéos
991 3986 1372 4045 Athanasius
1393 3980 1486 4045 est
1515 4003 1875 4063 aggressus:
1912 4003 2055 4044 nam
2087 3980 2222 4062 ejus
2249 4003 2381 4044 aevo
2410 3984 2528 4042 hoc
2560 3980 2872 4044 scribendi
2901 4001 3098 4060 genus
3133 3981 3339 4063 minus
3370 3986 3502 4038 erat
3523 3980 3810 4055 frequen-

386 4071 620 4124 tatum.
648 4069 711 4125 In
743 4067 1067 4126 codicibus
1096 4066 1458 4142 Anglicanis
1489 4062 1767 4125 homiliaa
1799 4067 1861 4124 in
1894 4063 2130 4126 Christi
2153 4075 2368 4139 ortum,
2392 4083 2533 4141 quas
2555 4066 2717 4122 inter
2738 4062 3168 4142 (lbrysostomi
3191 4065 3801 4142 operahcomparent,

383 4146 710 4204 Athanasii
739 4147 886 4206 item
922 4165 1150 4206 nomen
1183 4139 1542 4224 praeferunt.
1580 4147 1809 4205 Earum
1844 4145 2242 4204 meminimus
2272 4147 2331 4204 in
2371 4139 2605 4204 monito
2637 4145 2715 4203 ad
2744 4139 3067 4204 homiliam
3091 4140 3182 4224 De
3199 4148 3334 4199 ortu
3359 4139 3804 4224 C'lzristi,p.350

382 4225 491 4304 (a).
527 4227 703 4296 Quod
737 4233 948 4291 autem
980 4220 1205 4287 attinet
1234 4228 1311 4286 ad
1341 4226 1659 4286 orationes
1689 4226 1831 4285 illas
1863 4225 2222 4284 dialecticas
2251 4225 2578 4284 Athanasii
2611 4226 2671 4284 in
2707 4226 2958 4284 Nicaena
2987 4220 3228 4299 synodo
3259 4222 3801 4304 pra;sente__Cons:

383 4299 627 4365 tantino
683 4307 913 4383 Magno
962 4306 1235 4380 habitas,
1270 4314 1648 4366 memoratas
1679 4325 1716 4365 a
1748 4305 2191 4379 Felckmanno,
2228 4323 2384 4383 quas
2413 4311 2628 4364 narrat
2660 4305 2740 4363 M.
2776 4304 3030 4362 Crusius
3060 4299 3605 4383 Constantinopoli
3635 4299 3804 4377 apud

389 4380 882 4446 illustrissimum
917 4387 1262 4465 principem
1293 4385 1598 4447 Jacobum
1631 4387 2072 4447 Marmoretam
2107 4405 2179 4445 eo
2208 4380 2490 4463 tempore
2521 4392 2800 4465 repertas
2823 4384 3033 4451 fuisse,
3068 4383 3168 4465 vix
3202 4381 3475 4465 putarim
3527 4380 3806 4465 diversas

386 4484 422 4546 a
458 4465 891 4546 Disputatione
911 4460 1139 4527 Eon/ra'
1173 4469 1414 4540 Arium,
1466 4484 1607 4544 quas
1637 4466 1697 4525 in
1734 4466 1958 4546 spuriis
1989 4483 2210 4546 agmen
2245 4460 2375 4541 agit
2406 4483 2417 4523 :
2456 4460 2752 4546 permulti
2784 4482 3056 4540 namque
3086 4463 3222 4539 ejus
3252 4462 3498 4546 codices
3523 4460 3585 4546 in
3620 4461 3808 4546 variis

384 4540 784 4607 bibliothecis
817 4554 1086 4607 exstant.
1110 4549 1179 4606 In
1218 4547 1360 4606 Vitis
1385 4540 1719 4606 sanctorum
1739 4540 2185 4620 Si‘culoruriz,ab
2207 4540 2808 4621 Octavio‘tlajetano,
2834 4548 3252 4622 Syracusano,
3274 4541 3604 4622 Societatis
3631 4540 3804 4622 Jesu,

386 4627 685 4704 Panormi
717 4628 897 4687 editis
927 4647 1094 4688 anno
1126 4630 1300 4700 1657,
1338 4647 1401 4704 ρ.
1439 4629 1537 4694 24,
1572 4633 1776 4686 exstat
1808 4627 2058 4685 nomine
2088 4626 2413 4686 Athanasii
2443 4619 2898 4701 archiepiscopi
2924 4621 3327 4682 Alexandrini
3374 4619 3802 4704 Vita_S._ePlu'-

386 4703 540 4786 lippi
588 4707 936 4786 Agyriem’s,
1001 4709 1191 4784 vulgo
1239 4702 1586 4786 ij/monis,
1623 4725 1699 4765 ex
1753 4713 1960 4766 monte
1991 4707 2304 4785 Agyrione
2334 4706 2393 4764 in
2428 4704 2660 4786 Sicilia.
2689 4706 2776 4786 71‘s,
2811 4711 2879 4786 ut
2910 4705 3096 4786 vulgo
3130 4708 3410 4786 narrant,
3445 4719 3482 4760 a
3514 4702 3803 4786 B_._Petro

387 4780 766 4864 apostolo'in
800 4788 1080 4848 Siciliam
1117 4780 1506 4857 missus-fuit,
1544 4787 1824 4864 obiitque
1853 4805 2020 4846 anno
2052 4780 2282 4846 Christi
2313 4788 2411 4856 90,
2448 4785 2549 4843 die
2580 4787 2652 4843 12
2685 4784 2852 4843 Maii.
2889 4785 3114 4843 Verum
3147 4784 3209 4841 in
3245 4780 3604 4858 liujusmodi
3639 4797 3804 4864 cem-

386 4857 598 4927 niento
631 4867 963 4928 refutando
994 4885 1252 4944 operam
1287 4868 1500 4926 ludere
1529 4857 2023 4927 otiosi-hominis
2053 4874 2236 4926 esset.
2265 4865 2600 4925 Christiani
2632 4864 2833 4942 Copti.
2869 4883 2976 4923 seu
3007 4863 3304 4941 Egyptii,
3327 4857 3630 4944 hymnum
3667 4857 3802 4920 Glo-

386 4947 483 5007 ria
513 4950 575 5006 in
603 4946 864 5020 excelsis,
898 4941 1152 5026 Coptice
1184 4948 1555 5006 translatum
1589 4947 1876 5007 tribuunt
1903 4947 2276 5026 Athanasio.
2309 4945 2429 5004 Sed
2461 4963 2603 5004 cum
2635 4941 2749 5026 nec
2779 4963 2816 5004 a
2848 4944 3100 5016 Graacis,
3134 4961 3246 5026 nec
3277 4961 3314 5002 a
3346 4941 3579 5001 Latinis
3622 4943 3834 5026 tanto'

384 5027 627 5088 doctori
659 5028 965 5106 ascriptus
986 5021 1278 5106 'unquam
1310 5027 1496 5087 fuisse
1527 5034 1934 5098 memoretur,
1969 5025 2307 5106 verisimile
2337 5032 2431 5085 est
2460 5027 2691 5106 Coptos
2720 5025 2912 5106 ipsos,
2944 5024 3559 5106 stupendaa‘gentem
3621 5021 3802 5106 igne:

385 5109 628 5188 rantiae,
669 5098 842 5185 quos'
855 5127 1046 5188 penes
1076 5098 1412 5188 plurimum
1444 5107 1815 5188 auctoritate
1846 5106 2013 5188 valet
2041 5105 2441 5188 Athanasius,
2475 5104 2538 5164 id
2555 5098 2776 5184 ‘0peris
2804 5098 3155 5188 inconsulte
3184 5098 3666 5188 ipsi—tribuisse.
3708 5098 3804 5188 Ad

386 5186 522 5248 haec
578 5179 875 5249 Leontius
922 5179 1299 5268 Byzantinus
1352 5187 1516 5268 libro
1563 5187 1862 5249 Adversus
1889 5186 2134 5264 fraudes
2165 5179 2732 5268 Apollinaristai'um
2761 5186 2868 5258 ait,
2906 5186 3186 5268 solemne
3212 5179 3400 5268 fuisse
3433 5179 3804 5268 Apollinarii

387 5267 708 5347 discipulis
738 5269 931 5331 libros
959 5260 1242 5347 magistri
1270 5267 1362 5328 sui
1389 5269 1555 5329 Julio
1588 5268 1801 5341 modo,
1836 5260 1984 5326 mox
2016 5260 2314 5347 Gregorio
2343 5265 2842 5343 Thaumaturgo,
2870 5267 3057 5326 modo
3091 5263 3451 5347 Athanasio
3466 5260 3797 5347 ascribere:

387 5288 536 5328 (1180!
592 5288 708 5329 uiis
738 5288 931 5331 unros
959 5288 1242 5347 magism
1270 5289 1362 5328 sui
1389 5288 1555 5329 JUllO
1588 5288 1801 5341 mouo,
1836 5288 1984 5326 mox
2016 5288 2314 5343 uregorio
2344 5288 2842 5343 insumaturgo,
2870 5288 3057 5326 mouo
3091 5288 3434 5325 Athanasio
3466 5288 3797 5320 ascribere.

387 5348 509 5408 Sed
539 5288 901 5428 Eujusmodi
935 5349 1076 5410 libri
1107 5349 1263 5410 falso
1287 5350 1571 5428 inscripti
1601 5347 1685 5428 ad
1711 5366 1826 5408 nos
1857 5364 2056 5428 usque
2088 5345 2342 5428 minime
2372 5353 2770 5428 pervenerat.
2794 5349 2932 5428 Nec
2984 5344 3210 5428 modo
3247 5340 3640 5428 Apollinarii,
3695 5338 3804 5428 sed

387 5428 575 5490 etiam
623 5420 936 5509 'Eutyebis
992 5435 1053 5490 et
1104 5429 1420 5504 Dioscori;
1454 5420 1532 5490 e'n
1564 5427 1757 5489 verba
1787 5420 2028 5488 Leontii
2063 5443 2078 5487 :
2118 5449 2147 5486 (ί
2179 5420 2444 5498 Ουὶόείαι
2476 5445 2552 5488 ex
2585 5427 2810 5488 haeresi
2839 5423 3215 5506 Apollinarii
3245 5420 3344 5484 vel
3374 5420 3674 5500 Eutychis
3703 5420 3803 5480 vel
3898 5429 3907 5436 ‘

453 5641 530 5717 (a)
556 5639 659 5697 Hic
688 5642 745 5698 et
773 5639 925 5698 infra
953 5640 1202 5715 paginas
1230 5636 1495 5711 intelligo
1524 5635 1796 5695 editionis
1827 5640 2065 5695 Veneta
2093 5653 2242 5711 quas
2273 5636 2425 5712 typis
2456 5635 2874 5710 grandioribus
2905 5633 3322 5709 expressimus.
3351 5631 3509 5689 Enrr.
