4136 6370
327 345 401 403 13
1821 336 1960 395 ΡΗΑ

2113 336 2262 394 ΊῚΟ.
3672 345 3746 402 14

330 500 360 532 ‹‹
395 474 694 546 Dioscori,
729 492 869 533 cum
908 473 1139 532 vellent
1168 490 1344 530 suam
1380 470 1664 529 hairesim
1700 470 2096 552 conﬁrmare,
2124 467 2429 552 quasdam
2462 470 2776 552 orationes
2811 471 3179 548 Apollinarii
3210 474 3512 552 Gregorio
3544 475 3748 533 Thau-

330 580 360 612 «
394 562 683 633 maturgo
714 561 824 614 aut
851 554 1195 614 Athanasio
1226 558 1336 633 aut
1362 552 1529 633 ulio
1560 550 2037 633 inscripserunt,
2074 565 2138 607 ut
2168 549 2580 633 simpliciores
2610 550 2921 633 fallerent,
2960 552 3129 633 quod
3161 549 3414 629 quidem
3462 559 3744 632 perfece-

326 662 354 692 ‹‹
390 642 559 697 runt.
607 627 1008 695 'Auctoritate
1065 633 1231 693 enim
1290 630 1655 710 hujusmodi
1712 646 2125 713 personarum
2171 627 2292 713 fide
2324 628 2535 706 digna,
2572 630 2801 713 multos
2834 627 3137 713 Ecclesiae
3156 627 3485 694 catholicae
3519 652 3746 713 capere

326 742 356 771 «
392 721 751 796 potuerunt.
787 717 863 775 Et
893 714 1061 793 apud
1090 712 1326 796 multos
1357 707 1442 796 es
1465 717 1636 796 recte
1662 707 2061 796 credentibus
2091 707 2371 796 reperire
2397 710 2627 787 poteris
2657 710 2889 796 librum
2936 711 3329 796 Apollinarii,
3393 714 3493 796 cui
3526 707 3745 796 titulus

330 822 357 853 ‹‹
389 790 447 859 Ἦ
478 802 612 857 κατὰ
645 790 1041 876 μὲροςᾼπίσῖτξς,
1074 792 1255 876 Fides
1272 791 1676 876 particuluris,
1712 791 1963 876 inscript

2111 790 2437 876 Gregorio,
2475 797 2537 849 et
2566 792 2869 876 quasdam
2888 792 3041 876 ejus
3096 793 3391 876 epistolas
3412 795 3744 876 inscriptas

329 902 359 933 «
409 878 576 938 Julio
612 870 725 936 z'et'
754 874 910 934 alias
940 874 1075 952 ejus
1105 874 1194 934 De
1224 870 1646 933 Incarnatione
1675 874 1992 931 orationes
2020 870 2117 929 vel
2150 871 2571 948 eXpositiones
2602 872 2944 933 Athanasio
2975 874 3306 951 inscriptas
3342 892 3353 932 :
3391 870 3744 950 cujusmodi

333 980 361 1017 ‹‹
395 964 489 1017 est
518 975 659 1035 quae
690 951 990 1032 inscripta
1022 960 1115 1013 est
1146 953 1486 1031 Expositio,
1520 953 1915 1012 consentiens
1945 968 2089 1035 cum
2120 951 2523 1035 Expositione
2556 961 2977 1035 trecentorum
3010 955 3224 1035 decem
3248 964 3308 1015 et
3338 961 3478 1015 octo
3503 972 3515 1013 :
3540 973 3743 1034 neque

334 1061 361 1096 ‹‹
396 1030 598 1098 solum
633 1037 770 1107 has,
804 1030 911 1095 sed
942 1034 1096 1094 alias
1130 1030 1515 1111 hujusmodi.
1549 1035 1680 1093 Fiet
1710 1038 1920 1091 autem
1950 1030 2049 1111 ibi
2070 1030 2189 1089 hoc
2224 1032 2644 1102 manifestum,
2680 1042 2742 1093 et
2771 1034 2966 1093 cuivis
2996 1034 3275 1095 veritatis
3330 1035 3610 1095 studioso
3642 1030 3745 1094 'ex

331 1144 358 1175 α
393 1122 467 1180 iis
515 1136 658 1195 quas
713 1117 775 1175 in
809 1116 1086 1175 medium
1119 1110 1463 1195 aﬁ'eremus
1482 1120 1617 1195 tum
1648 1116 1851 1195 ipsius
1875 1110 2271 1195 Apollinarii,
2304 1117 2435 1195 tum
2469 1113 3112 1195 discipulorumiejus,
3147 1123 3256 1195 etc.
3296 1140 3323 1170 ι
3355 1118 3430 1174 Et
3458 1134 3606 1175 vero
3638 1115 3745 1192 qui

328 1202 392 1259 in
440 1191 668 1276 spuriis
721 1215 948 1273 agmen
979 1196 1111 1276 agit
1140 1195 1402 1276 libellus;
1423 1194 1511 1276 De
1540 1194 1975 1259 lncarnalione,
2010 1191 2075 1251 in
2105 1192 2527 1269 suspicionem
2563 1196 2751 1265 venit,
2784 1194 2955 1273 quod
2984 1214 3060 1254 ex
3092 1194 3346 1257 ofﬁcina
3398 1191 3743 1275 Eutychia-

322 1274 547 1339 norum
579 1277 912 1337 Athanasii
943 1275 1196 1336 nomine
1225 1274 1553 1353 prodierit.

407 1388 777 1463 Quanquam
836 1402 1022 1463 porro
1071 1383 1305 1443 crebris
1352 1380 1888 1442 admonitionibus
1939 1379 2002 1439 in
2050 1379 2312 1463 hujusce
2346 1381 2503 1463 tomis
2528 1381 2792 1441 decursu
2828 1382 2980 1461 quid
3011 1383 3089 1443 de
3118 1384 3401 1461 quolibet
3442 1385 3746 1461 opusculo

329 1469 523 1528 ferret
553 1462 799 1526 animus
830 1462 1483 1538 Commemoravimus,
1519 1464 1669 1541 quia
1700 1464 2070 1543 plerumque
2101 1462 2368 1537 carptim
2402 1462 2722 1538 tetigimus
2752 1464 3040 1542 singula;
3084 1466 3216 1539 jam
3253 1466 3422 1541 quod
3470 1467 3742 1543 δευτέραις

334 1553 575 1640 φροντίςι
610 1545 1156 1640 eiploratum‘fuit
1180 1544 1584 1640 adnotemus.‘
1611 1544 1697 1601 De
1726 1542 1939 1640 libello
1970 1543 2033 1600 in
2065 1544 2271 1633 fronte
2300 1561 2564 1640 operum
2598 1544 2820 1620 posito,
2881 1544 2981 1603 cui
3030 1545 3274 1640 titulus,
3327 1545 3413 1640 _l)e
3461 1544 3746 1640 infama-

334 1622 512 1699 t'ione,
544 1627 607 1685 in
642 1622 881 1687 M’onito
911 1624 1141 1684 ibidem
1175 1624 1461 1703 pluribus
1492 1630 1726 1683 actum.
1770 1622 2129 1703 estimonia
2157 1640 2304 1682 vero
2337 1622 2669 1701 Scriptura?
2698 1642 2879 1684 sacrae
2909 1626 3079 1701 quod
3109 1632 3376 1703 spectat,
3427 1626 3552 1685 vidi
3600 1644 3744 1685 eru-

330 1709 493 1767 ditos
548 1713 610 1766 et
656 1710 965 1767 emunctae
1016 1702 1191 1764 naris
1234 1703 1521 1764 homines
1571 1704 1679 1782 qui
1728 1702 2073 1762 Athanasio
2122 1720 2302 1781 posse
2353 1703 2581 1763 ascribi
2631 1705 3036 1764 aestimarent.
3090 1702 3166 1764 Et
3210 1724 3359 1765 sane
3407 1706 3621 1783 aliqua
3653 1711 3746 1765 est

330 1789 593 1868 hujusce
619 1787 768 1868 libri
795 1786 1070 1868 affinitas
1102 1804 1243 1868 cum
1279 1784 1546 1868 epistola
1575 1784 1780 1863 prima
1812 1783 1888 1843 ad
1932 1783 2335 1868 Serapionem
2385 1791 2449 1868 e_t_
2494 1802 2635 1868 cum
2684 1786 2844 1868 libro
2895 1785 2983 1845 De
3031 1787 3458 1857 incarnalione,
3514 1806 3571 1863 p.
3628 1788 3745 1846 695

334 1863 488 1928 torni
536 1867 721 1946 primi
749 1866 855 1946 (α).
910 1866 1001 1926 Ibi
1049 1867 1239 1935 enim,
1294 1872 1362 1925 ut
1405 1865 1467 1924 in
1518 1863 2020 1946 hocﬂopusculo,
2074 1864 2225 1923 locis
2274 1881 2350 1922 ex
2398 1864 2602 1923 Veteri
2654 1884 2726 1924 ac
2776 1867 2948 1925 Novo
2994 1869 3395 1926 Testamento
3440 1868 3747 1926 mutuatis

328 1945 602 2009 Trinitas
650 1955 711 2008 et
758 1945 945 2007 trium
998 1964 1407 2023 personarum
1463 1945 1791 2022 aequalitas
1845 1951 2398 2005 commonstratur.
2450 1946 2679 2005 Verum
2740 1946 2989 2005 inﬁrma
3049 1948 3257 2007 ratio:
3326 1948 3451 2007 tale
3510 1947 3749 2025 quippe

332 2030 642 2089 scribendi
693 2046 889 2105 genus
936 2034 1050 2096 est,
1104 2034 1171 2085 ut
1222 2026 1505 2105 quisquis
1558 2044 1685 2084 rem
1737 2025 2160 2102 aggrediatur,
2197 2043 2337 2083 cum
2373 2025 2497 2084 alio
2530 2027 2731 2085 simile
2758 2045 2918 2103 opus
2945 2028 3157 2103 agenti
3188 2029 3351 2104 stylo
3383 2028 3743 2087 conveniat.

326 2110 619 2187 Alioquin
651 2127 797 2169 vero
830 2126 952 2167 non
985 2114 1082 2167 sat
1111 2108 1229 2167 sibi
1257 2112 1502 2167 constat
1533 2109 1802 2184 scriptor
1826 2107 1982 2177 iste;
2017 2105 2122 2166 sed
2156 2112 2493 2187 postquam
2525 2107 2601 2166 de
2623 2107 2927 2166 Trinitate
2958 2108 3037 2166 ad
3072 2126 3268 2186 usque
3298 2108 3631 2168 articulum
3665 2109 3745 2167 36

326 2186 519 2250 verba
576 2190 741 2260 fecit,
802 2188 973 2247 illico
1030 2206 1161 2247 rem
1217 2188 1605 2265 disparatam
1656 2188 2046 2264 ingreditur;
2105 2186 2358 2245 Judreos
2416 2187 2674 2256 scilicet,
2738 2187 2900 2246 ﬁlios
2954 2189 3380 2258 tenebrarum,
3439 2189 3742 2265 exagitat.

326 2270 642 2330 Articulus
675 2274 883 2328 autem
917 2270 993 2327 49
1025 2269 1101 2327 de
1130 2267 1529 2346 blaSphemia
1558 2268 1622 2325 in
1656 2268 1997 2337 Christum,
2049 2265 2379 2326 Athanasii
2428 2285 2562 2326 esse
2611 2268 2877 2345 nequit:
2932 2287 3077 2328 nam
3129 2270 3350 2328 acerbe
3406 2269 3559 2328 satis
3610 2269 3750 2328 istic

325 2352 606 2429 carpitur
662 2350 963 2429 Origenes
994 2347 1173 2429 ziqui
1229 2366 1266 2407 a
1321 2355 1545 2429 sancto,
1598 2348 1865 2425 pressule
1922 2364 2169 2424 semper
2227 2364 2371 2429 cum
2419 2346 2661 2407 honore
2714 2349 3011 2407 laudatus
3067 2367 3139 2408 ac
3198 2349 3554 2409 vindicatus
3602 2348 3742 2409 fuit.

328 2434 378 2491 A
412 2427 755 2509 quaestione
781 2433 863 2491 50
892 2428 973 2488 ad
1010 2428 1198 2489 ﬁnem
1246 2447 1441 2508 usque
1492 2428 1721 2488 diversi
1777 2446 1875 2488 res
1922 2427 2280 2505 argumenti
2329 2433 2650 2504 aguntur:
2708 2429 2871 2489 unde
2920 2430 3078 2489 forte
3132 2430 3404 2508 suSpicio
3450 2436 3750 2489 nascatur

332 2517 533 2572 totum
566 2530 726 2589 opus
757 2528 889 2570 esse
920 2516 1270 2569 centonem.

409 2618 693 2698 Epistola
728 2615 1034 2676 Catholica
1065 2616 1180 2698 (b).
1220 2616 1502 2698 Diximus
1546 2614 2011 2698 ambigerenos
2040 2634 2120 2676 an
2155 2615 2482 2676 Athanasii
2513 2615 2614 2689 sit,
2648 2634 2860 2698 necne,
2899 2616 2980 2677 ob
3010 2617 3314 2695 quasdam
3348 2616 3627 2695 abjcctas
3661 2616 3747 2676 ibi

328 2695 690 2777 suspicandi
738 2715 958 2757 causas
998 2716 1011 2757 :
1062 2703 1124 2756 et
1168 2696 1331 2755 inter
1368 2696 1545 2766 alias,
1581 2696 1730 2774 quia
1756 2696 1821 2755 in
1854 2695 2036 2757 titulo
2070 2715 2219 2756 voce
2250 2702 2634 2757 συνεπίσκοποι
2670 2697 2865 2757 utitur
2894 2698 3178 2776 quisquis
3210 2699 3344 2775 ejus
3376 2708 3596 2759 auctor
3626 2704 3741 2769 est,

327 2776 468 2839 cum
502 2786 721 2838 contra
751 2777 950 2868 soleat
978 2776 1357 2868 Athanasius
1388 2777 1960 2868 episcopos‘cul).an

2113 2781 2199 2842 9'5;
2233 2795 2455 2868 voca-re
2483 2796 2496 2850 ;
2522 2783 2596 2868 et
2624 2778 2672 2868 si
2708 2779 2960 2868 quando
2994 2798 3112 2868 v_ox
3144 2784 3528 2868 auvs_1ticxone)t
3570 2784 3746 2868 _tom_o

334 2860 539 2939 primo
571 2857 865 2929 occurrit,
903 2876 1027 2915 non
1058 2857 1122 2939 in
1153 2856 1597 2939 Athanasian‘is
1628 2855 1838 2933 vulgo,
1875 2857 1979 2914 serl
2035 2855 2097 2915 in
2132 2857 2430 2939 epistolis
2480 2855 2744 2930 alienis,‘
2769 2859 2849 2918 ab
2903 2878 2975 2919 eo
3026 2859 3089 2918 in
3138 2859 3411 2918 medium
3464 2859 3752 2919 adductis

332 2936 660 3018 reperitur.
696 2939 923 2997 Vocem
958 2936 1436 3018 q‘Spéolov,_quaa
1469 2936 1703 3018 ibidem,
1734 2942 2078 3018 comparet,
2113 2936 2384 3018 diximus
2414 2956 2534 2996 non
2571 2956 2684 2997 usu
2718 2939 2925 2999 venire
2956 2940 3017 2997 in
3051 2939 3366 3017 germanis
3399 2939 3749 2998 Athanasii.

330 3016 560 3080 verum
594 3018 937 3077 secundum
969 3017 1152 3076 istam
1188 3016 1419 3076 editam
1454 3016 1947 3098 admonitionem
1981 3016 2242 3076 allatum
2286 3017 2463 3076 nobis
2518 3021 2713 3078 Roma
2761 3016 3119 3089 symbolum
3171 3022 3307 3088 fuit,
3363 3020 3471 3091 ita,
3526 3037 3753 3098 nempe

338 3101 618 3178 σύμϐολον
648 3102 1104 3176 nuncupatum,
1138 3098 1188 3155 si
1218 3102 1425 3156 tamen
1460 3096 1821 3173 hujusmodi
1853 3114 2081 3157 nomen
2116 3115 2239 3156 non
2274 3099 2751 3158 amanuensium
2788 3100 2996 3159 fuerit.
3034 3101 3340 3159 Nimirum
3376 3096 3752 3176 conjecturae

336 3177 479 3241 sunt
510 3186 730 3257 suapte
761 3185 984 3255 sponte
1015 3178 1203 3246 leves,
1238 3196 1379 3255 qua:
1409 3177 1739 3254 sejunctim
1775 3180 1993 3253 positae
2028 3195 2149 3237 non
2184 3196 2312 3237 rem
2347 3180 2721 3251 conﬁciant;
2776 3187 2841 3238 at
2887 3198 3027 3239 cum
3084 3183 3295 3239 multm
3343 3200 3466 3240 una
3498 3190 3749 3254 coeunt,

333 3261 691 3339 argumenti
734 3259 875 3319 loco
923 3276 1057 3318 esse
1114 3261 1373 3335 possint.
1427 3263 1591 3339 Sane
1644 3258 1843 3316 multa
1891 3257 2165 3339 alia‘hic
2218 3259 2621 3339 peregrinum
2672 3261 2890 3319 olent:
2953 3261 3265 3338 ipsissima
3313 3262 3551 3320 scilicet
3606 3281 3749 3333 vox,

335 3336 678 3408 Catholica,
715 3358 855 3417 qua:
890 3344 1082 3420 miror
1111 3340 1161 3399 si
1192 3339 1287 3420 vel
1328 3339 1408 3398 ab
1441 3338 1941 3420 Athana_sio,__vel
1990 3336 2069 3396 ab
2120 3338 2469 3420 mqualibus
2517 3340 2761 3420 uspiam
2803 3339 2866 3398 in
2898 3336 3305 3418 epistolarum
3338 3342 3754 3420 inscriptioni-

330 3422 446 3481 bus
483 3429 843 3497 usurpatur,
879 3419 999 3478 nisi
1028 3438 1170 3478 cum
1202 3418 1276 3479 de
1323 3426 1561 3496 septem
1606 3417 2363 3498 epistolisapostolorum
2416 3438 2556 3498 qum
2607 3417 2951 3481 Catholicae,
2995 3428 3319 3493 vocantur,
3373 3428 3466 3481 est
3517 3417 3745 3482 sermo.

330 3501 492 3562 lllud
522 3503 675 3582 item
708 3506 883 3582 Osixov
935 3509 1143 3582 πνεῦμα
1176 3518 1301 3560 non
1331 3504 1444 3582 est,
1467 3499 1545 3582 _ni
1579 3498 1783 3573 fallor,
1818 3497 1963 3557 Αὶὴε

2116 3517 2162 3558 o
2299 3497 2579 3577 usu,’qui
2623 3502 2809 3582 vulgo
2833 3508 2951 3582 aut
2994 3510 3134 3563 θεῖον
3185 3508 3286 3562 aut
3341 3508 3494 3582 ἅγιον
3532 3513 3749 3581 Πνεῦμα

333 3582 504 3642 dicit.
544 3582 630 3641 Ad
666 3580 821 3652 haec,
857 3579 1106 3639 brevior
1137 3587 1228 3639 est
1259 3579 1538 3660 epistola
1557 3597 1745 3657 quam
1783 3578 2017 3660 prorei
2057 3578 2383 3656 dignitate,
2438 3599 2549 3639 nec
2598 3580 2755 3640 solet
2802 3581 2908 3641 ille
2958 3600 3053 3642 res
3102 3583 3261 3643 tanti
3310 3578 3622 3660 ponderis,
3658 3578 3748 3643 ita

329 3663 594 3741 carptim
648 3680 855 3739 agere.
907 3662 971 3719 ln
1022 3660 1463 3739 Refutationem
1515 3658 2141 3741 hypocrz'sis‘Meletii,
2192 3661 2362 3741 etdin
2414 3660 2869 3741 subsequentes
2920 3662 3111 3723 libros
3166 3662 3251 3723 De
3304 3658 3739 3733 incarnatione,

328 3738 548 3804 contra
582 3738 995 3823 Sabellianos,
1029 3738 1218 3820 atque
1249 3742 1313 3801 in
1345 3741 1522 3800 illum
1554 3738 1746 3800 alium
1781 3739 1879 3799 cui
1916 3739 2133 3800 titulus
2168 3759 2181 3801 :
2238 3738 2433 3802 Unum
2481 3761 2597 3801 esse
2626 3738 2958 3803 ’C/zristum
3009 3762 3149 3823 quas
3196 3743 3431 3804 ibidem
3473 3762 3745 3823 praemo-

330 3825 581 3884 nuimus
612 3822 762 3882 satis
792 3829 999 3882 sunto.

414 3930 622 3992 Sermo
671 3928 739 3989 de
790 3928 1071 4011 Sabbatis
1116 3939 1174 3989 et
1219 3928 1665 4011 circumeisione
1721 3927 1992 4011 minores
2035 3929 2197 3988 forte
2246 3947 2437 4008 quam
2489 3936 2716 3990 caetera
2762 3931 3419 4011 prmfertsuspicionis
3448 3938 3654 4003 notas,
3688 3938 3749 3991 et

339 4018 565 4091 praeter
594 4011 738 4090 styli
769 4010 1276 4088 discrepantiam,
1314 4009 2031 4091 remissiorisividelieet,
2085 4028 2275 4087 quam
2328 4011 2407 4069 sit
2457 4011 2945 4085 Athanasianus,
3002 4013 3097 4072 vix
3145 4009 3315 4073 aliud
3347 4012 3752 4091 deprehendo

342 4089 509 4171 quod
560 4093 621 4151 in
659 4089 911 4172 amplos;
934 4091 1248 4167 conjiciat.
1286 4093 1474 4172 Specus
1526 4090 1788 4149 homilia
1823 4089 1907 4149 De
1931 4099 2197 4172 semente,
2233 4097 2451 4172 contra
2484 4110 2673 4167 quam
2706 4092 2769 4151 in
2803 4092 2933 4153 dies
2982 4099 3272 4154 crescunt
3318 4089 3702 4171 suspiciones
3737 4113 3752 4155 :

334 4170 397 4232 in
434 4174 663 4232 multas
694 4170 841 4231 sane
869 4172 1008 4230 istic
1038 4189 1222 4230 voces
1251 4171 1630 4255 offendimus
1665 4170 1967 4229 Athanasi

2124 4172 2301 4229 .nime
2331 4171 2694 4255 familiares,
2729 4174 2902 4255 ﬁerbi
2935 4192 3124 4233 causa
3162 4170 3550 4255 xaruanopsbc,
3584 4175 3757 4251 ἐμϐα-

334 4257 589 4330 θύνομαι,
624 4257 826 4330 σπόρος
860 4256 1178 4332 edentem/Sc,
1216 4258 1278 4332 et
1324 4251 1555 4310 similia
1596 4269 1721 4310 non
1762 4269 1963 4327 pauca

2125 4257 2291 4310 errat
2322 4270 2573 4330 quoque
2605 4253 2870 4313 subinde
2920 4272 2956 4312 a
3002 4273 3194 4332 scopo
3224 4251 3494 4330 scriptor
3522 4255 3660 4327 iste,
3696 4260 3758 4313 et

330 4351 464 4392 sese
494 4332 701 4413 subito
731 4331 1049 4408 intercipit
1075 4331 1508 4413 ;dimissaque
1539 4349 1603 4390 re
1634 4348 1825 4407 quam
1861 4336 2109 4403 tractat,
2135 4332 2521 4413 disparatam
2552 4332 2925 4411 ingreditur,
2950 4352 2987 4393 a
3018 4331 3144 4413 qua
3178 4334 3435 4412 perinde
3465 4334 3755 4407 discedit,

331 4432 405 4474 ac
453 4414 506 4472 si
553 4412 675 4494 huc
722 4413 873 4494 illuc
919 4412 1228 4494 impulsus
1276 4412 1620 4494 oberraret.
1666 4415 1742 4494 ln_
1766 4429 1906 4470 eam
1943 4429 2090 4494 vero
2121 4430 2263 4489 quae
2292 4412 2457 4494 hanc
2486 4413 2719 4491 excipit
2746 4412 3101 4487 homiliam,
3134 4434 3275 4493 quas
3310 4414 3751 4494 praemisimus,

333 4493 883 4584 etsipaucissima,
908 4493 1298 4584 satis‘sunto.
1322 4490 1660 4552 Homiliam
1696 4490 1784 4583 pe
1808 4493 2095 4584 passione
2110 4502 2167 4551 et
2195 4512 2366 4552 cruce
2390 4492 2637 4584 Domini
2655 4494 2729 4573 (ε)
2751 4496 2874 4584 etsi
2896 4495 2995 4572 abj
3008 4490 3383 4584 udicandam
3412 4495 3759 4556 Athanasio

333 4574 739 4645 arbitramur,
771 4572 837 4632 in
869 4572 1189 4633 codicibus
1222 4578 1433 4632 tamen
1468 4572 1858 4650 perantiquis
1890 4572 2025 4648 ejus
2068 4572 2423 4649 fragmenta
2465 4572 2791 4635 Athanasii
2839 4577 3093 4637 nomine
3142 4576 3492 4637 afferuntur
3526 4596 3539 4639 :
3598 4576 3762 4636 unde

333 4654 659 4734 propalam
696 4654 768 4713 ﬁt
811 4671 849 4713 a
895 4653 1109 4713 multis
1139 4658 1304 4713 retro
1335 4653 1583 4712 saeculis
1612 4651 1939 4711 Athanasii
1974 4670 2202 4713 nomen
2236 4654 2558 4731 praeferre.

413 4761 728 4843 Sermonis
761 4759 848 4843 De
878 4758 1220 4843 eigrginitate
1249 4759 1451 4819 oratio
1486 4766 1619 4819 tota
1648 4757 1873 4843 efﬂuit,
1912 4760 2140 4830 nervis,
2172 4760 2409 4820 salibus
2439 4768 2501 4820 et
2539 4771 2615 4839 τῷ
2647 4766 2847 4841 εὐτόνῳ
2893 4761 3231 4837 destituta;
3288 4764 3534 4843 hocque
3583 4763 3762 4841 signo

334 4860 467 4923 sese
508 4840 795 4923 proﬁteri
844 4841 1091 4923 videtur
1143 4840 1266 4899 alio
1316 4839 2137 4923 quam__Athanasio_pa_tre
2189 4846 2430 4923 natum.
2461 4839 2831 4923 “Praeterea;
2861 4850 3244 4903 memoratur
3308 4839 3447 4914 hic;
3490 4839 3765 4923 hymnus

338 4917 549 4984 Gloria
597 4923 656 4981 in
703 4920 943 5002 expelsis
976 4921 1120 4992 Deo,
1174 4924 1395 4980 cantus
1442 4917 1730 4990 Alleluia,
1781 4918 2128 4979 versiculus
2175 4919 2391 5002 Gloria
2444 4921 2627 4981 Patri
2674 4931 2730 4982 et
2772 4922 2931 4981 Filio
2980 4932 3034 4983 et
3078 4923 3345 5002 Spiritui
3367 4917 3585 5000 sancto,
3620 4942 3765 4984 cum

341 5002 688 5081 appendice
742 5000 830 5062 Et
875 5019 1033 5061 nunc
1078 5009 1134 5059 et
1180 5019 1423 5079 semper,
1476 5006 1636 5069 etc.;
1692 5018 1961 5077 quorum
2017 5000 2297 5081 omnium
2358 5020 2503 5060 usus
2554 5022 2630 5061 an
2680 5021 2813 5063 aevo
2860 5000 3184 5063 AthanaSii
3231 5006 3294 5064 in
3342 5005 3768 5065 Alexandrina

337 5079 616 5143 Ecclesia
642 5083 976 5163 obtineret,
1014 5081 1196 5141 valde
1226 5081 1561 5163 incertum.
1603 5085 1845 5163 Hymne
1873 5099 2148 5163 namque
2183 5079 2395 5163 Gloria
2426 5088 2486 5141 in
2517 5082 2781 5153 excelsis,
2817 5084 2925 5159 qui
2956 5091 3126 5144 totus
3157 5103 3316 5163 pene
3348 5086 3575 5161 legitur
3603 5084 3765 5144 libro

342 5163 610 5242 septimo
660 5161 1153 5223 Constitutionum
1202 5162 1680 5242 apostolicarnm,
1732 5161 1940 5242 nulla,
1994 5161 2193 5220 ausim
2245 5162 2473 5233 dicere,
2533 5165 2768 5223 mentio
2815 5164 3107 5224 Patribus
3157 5161 3255 5224 vel
3304 5164 3769 5239 antiquioribus

342 5239 689 5304 Athanasio
720 5243 817 5303 vel
849 5239 1481 5322 aequalibustantus
1513 5239 1800 5311 Alleluia,
1838 5248 1906 5300 ut
1938 5242 2130 5301 tradit
2160 5242 2494 5319 Gregorius
2526 5262 2692 5322 papa
2721 5245 2762 5303 1.
2802 5260 2870 5315 II,
2902 5246 3084 5322 epist.
3118 5246 3220 5315 63,
3256 5261 3399 5303 cum
3433 5244 3770 5322 peculiaris

338 5330 487 5385 aute
516 5324 734 5384 fuisset
762 5323 1053 5385 Ecclesiae
1082 5322 1654 5400 Jerosolymitanze,
1710 5327 1994 5400 tempore
2044 5324 2300 5383 Damasi
2349 5324 2691 5384 translatus
2741 5327 3004 5383 Romam
3053 5330 3193 5384 est:
3253 5330 3770 5404 memoraturque

412 5608 494 5755 ἱῗέ
524 5605 1139 5736 ΙΙξοεῐτξ2τθοθηεὶοηὶε
1168 5604 1432 5662 secundi.
1464 5604 1621 5660 Enn.
2185 5602 2257 5676 (ο)
2288 5607 2429 5676 Pag.
2462 5604 2552 5662 35.

572 5696 665 5753 ag.
782 5720 794 5733 .

572 5696 665 5753 ag.
700 5696 794 5733 zz.
