  <div class='ocr_page' id='page_1' title='image "/cluster/home/n/w/nwhite01/storage/ocr_20150623/28:no.4/coo.31924054873090/021.png"; bbox 0 0 4136 6382; ppageno 0'>
   <div class='ocr_carea' id='block_1_1' title="bbox 390 340 3811 404">
    <p class='ocr_par' dir='ltr' id='par_1_1' title="bbox 390 340 3811 404">
     <span class='ocr_line' id='line_1_1' title="bbox 390 340 3811 404; baseline 0.001 -5"><span class='ocrx_word' id='word_1_1' title='bbox 390 341 470 399; x_wconf 74' lang='grc'><strong>15</strong></span> <span class='ocrx_word' id='word_1_2' title='bbox 1883 340 2321 402; x_wconf 67' lang='grc' dir='ltr'><strong>ΡΒΕΡΑΤῘΟ.</strong></span> <span class='ocrx_word' id='word_1_3' title='bbox 3734 343 3811 404; x_wconf 76' lang='grc'><strong>16</strong></span> 
     </span>
    </p>
   </div>
   <div class='ocr_carea' id='block_1_2' title="bbox 385 470 3801 551">
    <p class='ocr_par' dir='ltr' id='par_1_2' title="bbox 385 470 3801 551">
     <span class='ocr_line' id='line_1_2' title="bbox 385 470 3801 551; baseline 0.001 -18"><span class='ocrx_word' id='word_1_4' title='bbox 385 473 465 533; x_wconf 89' lang='lat' dir='ltr'><strong>ab</strong></span> <span class='ocrx_word' id='word_1_5' title='bbox 512 470 863 545; x_wconf 82' lang='lat' dir='ltr'><strong>Ambrosio,</strong></span> <span class='ocrx_word' id='word_1_6' title='bbox 922 470 1294 551; x_wconf 72' lang='lat' dir='ltr'><strong>Augustino,</strong></span> <span class='ocrx_word' id='word_1_7' title='bbox 1346 470 1709 549; x_wconf 89' lang='lat' dir='ltr'><strong>multisque,</strong></span> <span class='ocrx_word' id='word_1_8' title='bbox 1762 490 1905 532; x_wconf 91' lang='lat' dir='ltr'><strong>cum</strong></span> <span class='ocrx_word' id='word_1_9' title='bbox 1956 472 2358 551; x_wconf 85' lang='lat' dir='ltr'><strong>supparibus,</strong></span> <span class='ocrx_word' id='word_1_10' title='bbox 2412 478 2541 533; x_wconf 90' lang='lat' dir='ltr'><strong>tum</strong></span> <span class='ocrx_word' id='word_1_11' title='bbox 2591 478 2777 534; x_wconf 81' lang='lat' dir='ltr'><strong>astate</strong></span> <span class='ocrx_word' id='word_1_12' title='bbox 2827 472 3201 535; x_wconf 80' lang='lat' dir='ltr'><strong>minoribus.</strong></span> <span class='ocrx_word' id='word_1_13' title='bbox 3250 474 3473 535; x_wconf 77' lang='lat' dir='ltr'><strong>Versus</strong></span> <span class='ocrx_word' id='word_1_14' title='bbox 3523 474 3801 551; x_wconf 89' lang='lat' dir='ltr'><strong>demum,</strong></span> 
     </span>
    </p>
   </div>
   <div class='ocr_carea' id='block_1_3' title="bbox 389 550 3807 634">
    <p class='ocr_par' dir='ltr' id='par_1_3' title="bbox 389 550 3807 634">
     <span class='ocr_line' id='line_1_3' title="bbox 389 550 3807 634; baseline 0.001 -19"><span class='ocrx_word' id='word_1_15' title='bbox 389 551 597 615; x_wconf 85' lang='lat' dir='ltr'><strong>Gloria</strong></span> <span class='ocrx_word' id='word_1_16' title='bbox 627 550 809 634; x_wconf 86' lang='lat' dir='ltr'><strong>Patri</strong></span> <span class='ocrx_word' id='word_1_17' title='bbox 841 559 905 634; x_wconf 84' lang='lat' dir='ltr'><strong>et</strong></span> <span class='ocrx_word' id='word_1_18' title='bbox 935 550 1086 611; x_wconf 84' lang='lat' dir='ltr'><strong>Filio</strong></span> <span class='ocrx_word' id='word_1_19' title='bbox 1133 561 1186 610; x_wconf 83' lang='lat' dir='ltr'><strong>et</strong></span> <span class='ocrx_word' id='word_1_20' title='bbox 1234 551 1499 628; x_wconf 73' lang='lat' dir='ltr'><strong>Spiritui</strong></span> <span class='ocrx_word' id='word_1_21' title='bbox 1540 561 1763 620; x_wconf 85' lang='lat' dir='ltr'><strong>sancto,</strong></span> <span class='ocrx_word' id='word_1_22' title='bbox 1800 572 1909 612; x_wconf 90' lang='lat' dir='ltr'><strong>usu</strong></span> <span class='ocrx_word' id='word_1_23' title='bbox 1945 550 2236 613; x_wconf 87' lang='lat' dir='ltr'><strong>veniebat</strong></span> <span class='ocrx_word' id='word_1_24' title='bbox 2265 562 2490 632; x_wconf 90' lang='lat' dir='ltr'><strong>quarto</strong></span> <span class='ocrx_word' id='word_1_25' title='bbox 2520 554 2775 627; x_wconf 70' lang='lat' dir='ltr'><strong>saeculo,</strong></span> <span class='ocrx_word' id='word_1_26' title='bbox 2809 553 3042 615; x_wconf 79' lang='lat' dir='ltr'><strong>Basilio</strong></span> <span class='ocrx_word' id='word_1_27' title='bbox 3074 561 3354 627; x_wconf 90' lang='lat' dir='ltr'><strong>auctore,</strong></span> <span class='ocrx_word' id='word_1_28' title='bbox 3386 556 3497 634; x_wconf 87' lang='lat' dir='ltr'><strong>qui</strong></span> <span class='ocrx_word' id='word_1_29' title='bbox 3528 557 3807 618; x_wconf 88' lang='lat' dir='ltr'><strong>diversos</strong></span> 
     </span>
    </p>
   </div>
   <div class='ocr_carea' id='block_1_4' title="bbox 387 632 3804 728">
    <p class='ocr_par' dir='ltr' id='par_1_4' title="bbox 387 632 3804 728">
     <span class='ocr_line' id='line_1_4' title="bbox 387 632 3804 728; baseline 0.001 -36"><span class='ocrx_word' id='word_1_30' title='bbox 387 634 523 728; x_wconf 69' lang='lat' dir='ltr'><strong>ejus</strong></span> <span class='ocrx_word' id='word_1_31' title='bbox 555 632 913 728; x_wconf 75' lang='lat' dir='ltr'><strong>proferendi</strong></span> <span class='ocrx_word' id='word_1_32' title='bbox 945 634 1638 728; x_wconf 39' lang='lat' dir='ltr'><strong>modulosenumerat‘:</strong></span> <span class='ocrx_word' id='word_1_33' title='bbox 1666 634 1966 725; x_wconf 42' lang='lat' dir='ltr'><strong>.obtinuit</strong></span> <span class='ocrx_word' id='word_1_34' title='bbox 2008 633 2159 693; x_wconf 84' lang='lat' dir='ltr'><strong>item</strong></span> <span class='ocrx_word' id='word_1_35' title='bbox 2201 634 2574 728; x_wconf 23' lang='lat' dir='ltr'><strong>Antiochia)“,</strong></span> <span class='ocrx_word' id='word_1_36' title='bbox 2618 640 2906 728; x_wconf 75' lang='lat' dir='ltr'><strong>tempore</strong></span> <span class='ocrx_word' id='word_1_37' title='bbox 2934 635 3191 728; x_wconf 74' lang='lat' dir='ltr'><strong>_Leon_tii</strong></span> <span class='ocrx_word' id='word_1_38' title='bbox 3238 632 3518 728; x_wconf 76' lang='lat' dir='ltr'><strong>episcopi</strong></span> <span class='ocrx_word' id='word_1_39' title='bbox 3563 638 3804 728; x_wconf 75' lang='lat' dir='ltr'><strong>_Ariani,</strong></span> 
     </span>
    </p>
   </div>
   <div class='ocr_carea' id='block_1_5' title="bbox 386 713 3800 797">
    <p class='ocr_par' dir='ltr' id='par_1_5' title="bbox 386 713 3800 797">
     <span class='ocr_line' id='line_1_5' title="bbox 386 713 3800 797; baseline 0.001 -24"><span class='ocrx_word' id='word_1_40' title='bbox 386 714 731 797; x_wconf 57' lang='lat' dir='ltr'><strong>Athanasio</strong></span> <span class='ocrx_word' id='word_1_41' title='bbox 761 713 1124 797; x_wconf 65' lang='lat' dir='ltr'><strong>adversarii,</strong></span> <span class='ocrx_word' id='word_1_42' title='bbox 1160 714 1269 791; x_wconf 87' lang='lat' dir='ltr'><strong>qui</strong></span> <span class='ocrx_word' id='word_1_43' title='bbox 1298 732 1440 773; x_wconf 89' lang='lat' dir='ltr'><strong>eum</strong></span> <span class='ocrx_word' id='word_1_44' title='bbox 1468 714 1544 773; x_wconf 88' lang='lat' dir='ltr'><strong>ad</strong></span> <span class='ocrx_word' id='word_1_45' title='bbox 1578 713 1953 797; x_wconf 82' lang='lat' dir='ltr'><strong>Arianorum</strong></span> <span class='ocrx_word' id='word_1_46' title='bbox 1987 733 2166 797; x_wconf 81' lang='lat' dir='ltr'><strong>usum</strong></span> <span class='ocrx_word' id='word_1_47' title='bbox 2198 721 2389 793; x_wconf 88' lang='lat' dir='ltr'><strong>atque</strong></span> <span class='ocrx_word' id='word_1_48' title='bbox 2420 715 2749 797; x_wconf 88' lang='lat' dir='ltr'><strong>arbitrium</strong></span> <span class='ocrx_word' id='word_1_49' title='bbox 2783 715 2951 797; x_wconf 84' lang='lat' dir='ltr'><strong>haud</strong></span> <span class='ocrx_word' id='word_1_50' title='bbox 2986 715 3229 797; x_wconf 82' lang='lat' dir='ltr'><strong>modice</strong></span> <span class='ocrx_word' id='word_1_51' title='bbox 3258 713 3521 797; x_wconf 87' lang='lat' dir='ltr'><strong>vitiavit.</strong></span> <span class='ocrx_word' id='word_1_52' title='bbox 3546 719 3800 797; x_wconf 85' lang='lat' dir='ltr'><strong>Appen-</strong></span> 
     </span>
    </p>
   </div>
   <div class='ocr_carea' id='block_1_6' title="bbox 389 793 3805 884">
    <p class='ocr_par' dir='ltr' id='par_1_6' title="bbox 389 793 3805 884">
     <span class='ocr_line' id='line_1_6' title="bbox 389 793 3805 884; baseline 0.002 -31"><span class='ocrx_word' id='word_1_53' title='bbox 389 794 811 884; x_wconf 81' lang='lat' dir='ltr'><strong>dicis_autem,</strong></span> <span class='ocrx_word' id='word_1_54' title='bbox 856 793 919 854; x_wconf 84' lang='grc' dir='ltr'><em>Ε</em></span> <span class='ocrx_word' id='word_1_55' title='bbox 920 802 944 853; x_wconf 83' lang='lat' dir='ltr'><strong>t</strong></span> <span class='ocrx_word' id='word_1_56' title='bbox 971 812 1148 884; x_wconf 73' lang='lat' dir='ltr'><strong>nunc</strong></span> <span class='ocrx_word' id='word_1_57' title='bbox 1165 803 1225 884; x_wconf 84' lang='lat' dir='ltr'><strong>_et</strong></span> <span class='ocrx_word' id='word_1_58' title='bbox 1252 813 1478 884; x_wconf 75' lang='lat' dir='ltr'><strong>semper</strong></span> <span class='ocrx_word' id='word_1_59' title='bbox 1519 802 1579 884; x_wconf 72' lang='lat' dir='ltr'><strong>et</strong></span> <span class='ocrx_word' id='word_1_60' title='bbox 1615 794 1679 853; x_wconf 85' lang='lat' dir='ltr'><strong>in</strong></span> <span class='ocrx_word' id='word_1_61' title='bbox 1721 793 2578 884; x_wconf 41' lang='lat' dir='ltr'><strong>sucula-saeuiorum._Amen,</strong></span> <span class='ocrx_word' id='word_1_62' title='bbox 2611 796 2814 856; x_wconf 90' lang='lat' dir='ltr'><strong>altum</strong></span> <span class='ocrx_word' id='word_1_63' title='bbox 2845 795 2977 884; x_wconf 68' lang='lat' dir='ltr'><strong>istis</strong></span> <span class='ocrx_word' id='word_1_64' title='bbox 3007 795 3252 884; x_wconf 61' lang='lat' dir='ltr'><strong>seculis</strong></span> <span class='ocrx_word' id='word_1_65' title='bbox 3281 793 3621 884; x_wconf 65' lang='lat' dir='ltr'><strong>silentium.</strong></span> <span class='ocrx_word' id='word_1_66' title='bbox 3646 793 3805 859; x_wconf 53' lang='lat' dir='ltr'><strong>&#39;Hrec</strong></span> 
     </span>
    </p>
   </div>
   <div class='ocr_carea' id='block_1_7' title="bbox 388 874 3802 956">
    <p class='ocr_par' dir='ltr' id='par_1_7' title="bbox 388 874 3802 956">
     <span class='ocr_line' id='line_1_7' title="bbox 388 874 3802 956; baseline 0.002 -23"><span class='ocrx_word' id='word_1_67' title='bbox 388 874 607 956; x_wconf 85' lang='lat' dir='ltr'><strong>omnia</strong></span> <span class='ocrx_word' id='word_1_68' title='bbox 635 892 1048 956; x_wconf 86' lang='lat' dir='ltr'><strong>memorassse</strong></span> <span class='ocrx_word' id='word_1_69' title='bbox 1077 874 1498 956; x_wconf 74' lang='lat' dir='ltr'><strong>Athanasium</strong></span> <span class='ocrx_word' id='word_1_70' title='bbox 1524 874 1626 933; x_wconf 83' lang='lat' dir='ltr'><strong>vix</strong></span> <span class='ocrx_word' id='word_1_71' title='bbox 1654 874 2052 947; x_wconf 83' lang='lat' dir='ltr'><strong>crediderim,</strong></span> <span class='ocrx_word' id='word_1_72' title='bbox 2076 881 2267 953; x_wconf 90' lang='lat' dir='ltr'><strong>atque</strong></span> <span class='ocrx_word' id='word_1_73' title='bbox 2298 875 2445 936; x_wconf 88' lang='lat' dir='ltr'><strong>hinc</strong></span> <span class='ocrx_word' id='word_1_74' title='bbox 2476 884 2744 954; x_wconf 83' lang='lat' dir='ltr'><strong>augetur</strong></span> <span class='ocrx_word' id='word_1_75' title='bbox 2775 880 2873 936; x_wconf 88' lang='lat' dir='ltr'><strong>sat</strong></span> <span class='ocrx_word' id='word_1_76' title='bbox 2900 876 3085 937; x_wconf 85' lang='lat' dir='ltr'><strong>ﬁrma</strong></span> <span class='ocrx_word' id='word_1_77' title='bbox 3114 876 3369 956; x_wconf 84' lang='lat' dir='ltr'><strong>aliunde</strong></span> <span class='ocrx_word' id='word_1_78' title='bbox 3397 883 3626 949; x_wconf 70' lang='grc' dir='ltr'>νοθιίας,</span> <span class='ocrx_word' id='word_1_79' title='bbox 3658 897 3802 956; x_wconf 70' lang='lat' dir='ltr'><strong>quas</strong></span> 
     </span>
    </p>
   </div>
   <div class='ocr_carea' id='block_1_8' title="bbox 390 954 3804 1036">
    <p class='ocr_par' dir='ltr' id='par_1_8' title="bbox 390 954 3804 1036">
     <span class='ocr_line' id='line_1_8' title="bbox 390 954 3804 1036; baseline 0.001 -21"><span class='ocrx_word' id='word_1_80' title='bbox 390 954 611 1036; x_wconf 12' lang='lat' dir='ltr'><strong>inihoc</strong></span> <span class='ocrx_word' id='word_1_81' title='bbox 641 955 1017 1036; x_wconf 85' lang='lat' dir='ltr'><strong>npusculum</strong></span> <span class='ocrx_word' id='word_1_82' title='bbox 1048 954 1241 1025; x_wconf 82' lang='lat' dir='ltr'><strong>cadit,</strong></span> <span class='ocrx_word' id='word_1_83' title='bbox 1275 955 1885 1033; x_wconf 72' lang='lat' dir='ltr'><strong>suspicio.C£eterum</strong></span> <span class='ocrx_word' id='word_1_84' title='bbox 1936 955 2185 1036; x_wconf 83' lang='lat' dir='ltr'><strong>tametsi</strong></span> <span class='ocrx_word' id='word_1_85' title='bbox 2232 956 2398 1017; x_wconf 90' lang='lat' dir='ltr'><strong>lectu</strong></span> <span class='ocrx_word' id='word_1_86' title='bbox 2447 956 2706 1034; x_wconf 91' lang='lat' dir='ltr'><strong>dignum</strong></span> <span class='ocrx_word' id='word_1_87' title='bbox 2748 973 2933 1036; x_wconf 92' lang='lat' dir='ltr'><strong>opus,</strong></span> <span class='ocrx_word' id='word_1_88' title='bbox 2980 963 3043 1016; x_wconf 91' lang='lat' dir='ltr'><strong>et</strong></span> <span class='ocrx_word' id='word_1_89' title='bbox 3085 955 3528 1036; x_wconf 86' lang='lat' dir='ltr'><strong>pulcherrimis</strong></span> <span class='ocrx_word' id='word_1_90' title='bbox 3568 954 3804 1036; x_wconf 65' lang='lat' dir='ltr'><strong>praéce-</strong></span> 
     </span>
    </p>
   </div>
   <div class='ocr_carea' id='block_1_9' title="bbox 389 1034 3803 1115">
    <p class='ocr_par' dir='ltr' id='par_1_9' title="bbox 389 1034 3803 1115">
     <span class='ocr_line' id='line_1_9' title="bbox 389 1034 3803 1115; baseline 0.001 -20"><span class='ocrx_word' id='word_1_91' title='bbox 389 1035 713 1113; x_wconf 88' lang='lat' dir='ltr'><strong>ptionibus</strong></span> <span class='ocrx_word' id='word_1_92' title='bbox 740 1034 1115 1095; x_wconf 90' lang='lat' dir='ltr'><strong>instructum</strong></span> <span class='ocrx_word' id='word_1_93' title='bbox 1148 1040 1263 1107; x_wconf 90' lang='lat' dir='ltr'><strong>est,</strong></span> <span class='ocrx_word' id='word_1_94' title='bbox 1311 1053 1435 1095; x_wconf 90' lang='lat' dir='ltr'><strong>non</strong></span> <span class='ocrx_word' id='word_1_95' title='bbox 1478 1036 1701 1095; x_wconf 87' lang='lat' dir='ltr'><strong>desunt</strong></span> <span class='ocrx_word' id='word_1_96' title='bbox 1751 1035 1861 1114; x_wconf 86' lang='lat' dir='ltr'><strong>qui</strong></span> <span class='ocrx_word' id='word_1_97' title='bbox 1910 1035 2286 1115; x_wconf 76' lang='lat' dir='ltr'><strong>vituperant,</strong></span> <span class='ocrx_word' id='word_1_98' title='bbox 2349 1044 2413 1097; x_wconf 92' lang='lat' dir='ltr'><strong>et</strong></span> <span class='ocrx_word' id='word_1_99' title='bbox 2464 1034 2835 1098; x_wconf 79' lang='lat' dir='ltr'><strong>temeritatis</strong></span> <span class='ocrx_word' id='word_1_100' title='bbox 2884 1034 3138 1097; x_wconf 79' lang='lat' dir='ltr'><strong>nomine</strong></span> <span class='ocrx_word' id='word_1_101' title='bbox 3186 1037 3524 1098; x_wconf 88' lang='lat' dir='ltr'><strong>traducant</strong></span> <span class='ocrx_word' id='word_1_102' title='bbox 3567 1034 3803 1099; x_wconf 83' lang='lat' dir='ltr'><strong>dictum</strong></span> 
     </span>
    </p>
   </div>
   <div class='ocr_carea' id='block_1_10' title="bbox 388 1115 2021 1198">
    <p class='ocr_par' dir='ltr' id='par_1_10' title="bbox 388 1115 2021 1198">
     <span class='ocr_line' id='line_1_10' title="bbox 388 1115 2021 1198; baseline 0 -23"><span class='ocrx_word' id='word_1_103' title='bbox 388 1115 546 1176; x_wconf 91' lang='lat' dir='ltr'><strong>illud</strong></span> <span class='ocrx_word' id='word_1_104' title='bbox 578 1115 792 1194; x_wconf 91' lang='lat' dir='ltr'><strong>hujus,</strong></span> <span class='ocrx_word' id='word_1_105' title='bbox 824 1115 1108 1198; x_wconf 86' lang='lat' dir='ltr'><strong>quisquis</strong></span> <span class='ocrx_word' id='word_1_106' title='bbox 1140 1116 1394 1175; x_wconf 88' lang='lat' dir='ltr'><strong>tandem</strong></span> <span class='ocrx_word' id='word_1_107' title='bbox 1425 1115 1527 1189; x_wconf 89' lang='lat' dir='ltr'><strong>sit,</strong></span> <span class='ocrx_word' id='word_1_108' title='bbox 1561 1117 1833 1176; x_wconf 85' lang='lat' dir='ltr'><strong>auctoris</strong></span> <span class='ocrx_word' id='word_1_109' title='bbox 1866 1132 1881 1173; x_wconf 91' lang='lat'>:</span> <span class='ocrx_word' id='word_1_110' title='bbox 1916 1127 2021 1196; x_wconf 64' lang='grc' dir='ltr'><strong>ωας</strong></span> 
     </span>
    </p>
   </div>
   <div class='ocr_carea' id='block_1_11' title="bbox 2171 1115 3804 1198">
    <p class='ocr_par' dir='ltr' id='par_1_11' title="bbox 2181 1121 3804 1198">
     <span class='ocr_line' id='line_1_11' title="bbox 2181 1121 3804 1198; baseline 0.001 -22"><span class='ocrx_word' id='word_1_111' title='bbox 2181 1142 2277 1194; x_wconf 74' lang='grc' dir='ltr'><strong>μαι</strong></span> <span class='ocrx_word' id='word_1_112' title='bbox 2326 1121 2483 1176; x_wconf 85' lang='grc' dir='ltr'>παντὶ</span> <span class='ocrx_word' id='word_1_113' title='bbox 2515 1123 2808 1197; x_wconf 76' lang='grc' dir='ltr'><strong>ἀνθρώπῳ,</strong></span> <span class='ocrx_word' id='word_1_114' title='bbox 2840 1121 3092 1177; x_wconf 78' lang='grc' dir='ltr'>ἀκούοντι</span> <span class='ocrx_word' id='word_1_115' title='bbox 3139 1124 3206 1176; x_wconf 78' lang='grc' dir='ltr'>τὰ</span> <span class='ocrx_word' id='word_1_116' title='bbox 3255 1122 3474 1198; x_wconf 69' lang='grc' dir='ltr'>ῥήματα</span> <span class='ocrx_word' id='word_1_117' title='bbox 3518 1128 3687 1179; x_wconf 76' lang='grc' dir='ltr'>ταῦτα</span> <span class='ocrx_word' id='word_1_118' title='bbox 3714 1123 3804 1179; x_wconf 76' lang='grc' dir='ltr'><strong>καὶ</strong></span> 
     </span>
    </p>
   </div>
   <div class='ocr_carea' id='block_1_12' title="bbox 388 1196 3803 1279">
    <p class='ocr_par' dir='ltr' id='par_1_12' title="bbox 388 1196 3803 1279">
     <span class='ocr_line' id='line_1_12' title="bbox 388 1196 3803 1279; baseline 0 -23"><span class='ocrx_word' id='word_1_119' title='bbox 388 1207 660 1271; x_wconf 74' lang='grc' dir='ltr'><strong>ποιοῦντι,</strong></span> <span class='ocrx_word' id='word_1_120' title='bbox 710 1201 807 1279; x_wconf 53' lang='grc' dir='ltr'>ὅτι-</span> <span class='ocrx_word' id='word_1_121' title='bbox 833 1201 903 1279; x_wconf 63' lang='grc' dir='ltr'>τὸ</span> <span class='ocrx_word' id='word_1_122' title='bbox 949 1196 1121 1279; x_wconf 41' lang='lat' dir='ltr'><strong>avom:</strong></span> <span class='ocrx_word' id='word_1_123' title='bbox 1171 1202 1335 1279; x_wconf 61' lang='grc' dir='ltr'>αὐτοῦ</span> <span class='ocrx_word' id='word_1_124' title='bbox 1383 1201 1803 1279; x_wconf 16' lang='grc' dir='ltr'>γραφήσεταινᾶν</span> <span class='ocrx_word' id='word_1_125' title='bbox 1850 1205 1937 1279; x_wconf 64' lang='grc' dir='ltr'><strong>τῇΔ</strong></span> <span class='ocrx_word' id='word_1_126' title='bbox 2198 1209 2298 1279; x_wconf 72' lang='grc' dir='ltr'>τῆς</span> <span class='ocrx_word' id='word_1_127' title='bbox 2347 1207 2532 1279; x_wconf 70' lang='grc' dir='ltr'><strong>ζωῆς·Δ</strong></span> <span class='ocrx_word' id='word_1_128' title='bbox 2564 1201 2652 1257; x_wconf 78' lang='grc' dir='ltr'>καί</span> <span class='ocrx_word' id='word_1_129' title='bbox 2701 1201 2754 1257; x_wconf 69' lang='grc' dir='ltr'>ἐν</span> <span class='ocrx_word' id='word_1_130' title='bbox 2802 1206 2882 1273; x_wconf 78' lang='grc' dir='ltr'>τῷ</span> <span class='ocrx_word' id='word_1_131' title='bbox 2906 1202 3076 1276; x_wconf 81' lang='grc' dir='ltr'><strong>τρίτῳ</strong></span> <span class='ocrx_word' id='word_1_132' title='bbox 3121 1196 3358 1278; x_wconf 79' lang='grc' dir='ltr'>τάγματι</span> <span class='ocrx_word' id='word_1_133' title='bbox 3401 1207 3509 1258; x_wconf 80' lang='grc' dir='ltr'><strong>τῶν</strong></span> <span class='ocrx_word' id='word_1_134' title='bbox 3546 1203 3803 1279; x_wconf 65' lang='grc' dir='ltr'>ᾅγγὲλων</span> 
     </span>
    </p>
   </div>
   <div class='ocr_carea' id='block_1_13' title="bbox 388 1275 3803 1358">
    <p class='ocr_par' dir='ltr' id='par_1_13' title="bbox 388 1275 3803 1358">
     <span class='ocr_line' id='line_1_13' title="bbox 388 1275 3803 1358; baseline 0.001 -22"><span class='ocrx_word' id='word_1_135' title='bbox 388 1282 752 1358; x_wconf 52' lang='grc' dir='ltr'>εὑρεθήσεται.</span> <span class='ocrx_word' id='word_1_136' title='bbox 784 1276 854 1358; x_wconf 77' lang='lat' dir='ltr'><strong>id</strong></span> <span class='ocrx_word' id='word_1_137' title='bbox 880 1282 1015 1358; x_wconf 77' lang='lat' dir='ltr'><strong>est:</strong></span> <span class='ocrx_word' id='word_1_138' title='bbox 1058 1275 1362 1358; x_wconf 78' lang='lat' dir='ltr'><strong>Testiﬁcor</strong></span> <span class='ocrx_word' id='word_1_139' title='bbox 1390 1275 1553 1358; x_wconf 69' lang='lat' dir='ltr'><strong>omni</strong></span> <span class='ocrx_word' id='word_1_140' title='bbox 1577 1277 1805 1337; x_wconf 78' lang='lat' dir='ltr'><strong>homini</strong></span> <span class='ocrx_word' id='word_1_141' title='bbox 1828 1276 1938 1355; x_wconf 87' lang='lat' dir='ltr'><strong>qui</strong></span> <span class='ocrx_word' id='word_1_142' title='bbox 1965 1275 2224 1358; x_wconf 76' lang='lat' dir='ltr'><strong>audierit</strong></span> <span class='ocrx_word' id='word_1_143' title='bbox 2252 1276 2375 1337; x_wconf 69' lang='lat' dir='ltr'><strong>haec</strong></span> <span class='ocrx_word' id='word_1_144' title='bbox 2406 1276 2602 1343; x_wconf 78' lang='lat' dir='ltr'><strong>verba.</strong></span> <span class='ocrx_word' id='word_1_145' title='bbox 2636 1286 2691 1338; x_wconf 88' lang='lat' dir='ltr'><strong>et</strong></span> <span class='ocrx_word' id='word_1_146' title='bbox 2718 1279 2929 1358; x_wconf 72' lang='lat' dir='ltr'><strong>fecerit</strong></span> <span class='ocrx_word' id='word_1_147' title='bbox 2944 1275 3043 1358; x_wconf 77' lang='lat' dir='ltr'><strong>ea,</strong></span> <span class='ocrx_word' id='word_1_148' title='bbox 3075 1275 3237 1358; x_wconf 74' lang='lat' dir='ltr'><strong>quod</strong></span> <span class='ocrx_word' id='word_1_149' title='bbox 3259 1297 3468 1338; x_wconf 81' lang='lat' dir='ltr'><strong>nomen</strong></span> <span class='ocrx_word' id='word_1_150' title='bbox 3496 1275 3803 1356; x_wconf 50' lang='lat' dir='ltr'><strong>ejus&#39;scri-</strong></span> 
     </span>
    </p>
   </div>
   <div class='ocr_carea' id='block_1_14' title="bbox 390 1355 3804 1438">
    <p class='ocr_par' dir='ltr' id='par_1_14' title="bbox 390 1355 3804 1438">
     <span class='ocr_line' id='line_1_14' title="bbox 390 1355 3804 1438; baseline 0.001 -21"><span class='ocrx_word' id='word_1_151' title='bbox 390 1355 638 1438; x_wconf 82' lang='lat' dir='ltr'><strong>bendum</strong></span> <span class='ocrx_word' id='word_1_152' title='bbox 667 1356 750 1417; x_wconf 86' lang='lat' dir='ltr'><strong>sit</strong></span> <span class='ocrx_word' id='word_1_153' title='bbox 776 1356 839 1417; x_wconf 88' lang='lat' dir='ltr'><strong>in</strong></span> <span class='ocrx_word' id='word_1_154' title='bbox 869 1355 1021 1416; x_wconf 82' lang='lat' dir='ltr'><strong>libro</strong></span> <span class='ocrx_word' id='word_1_155' title='bbox 1052 1355 1217 1425; x_wconf 69' lang='lat' dir='ltr'><strong>vitae,</strong></span> <span class='ocrx_word' id='word_1_156' title='bbox 1232 1365 1291 1415; x_wconf 89' lang='lat' dir='ltr'><strong>et</strong></span> <span class='ocrx_word' id='word_1_157' title='bbox 1316 1355 1474 1438; x_wconf 84' lang='lat' dir='ltr'><strong>quod</strong></span> <span class='ocrx_word' id='word_1_158' title='bbox 1501 1357 1624 1437; x_wconf 86' lang='lat' dir='ltr'><strong>ipse</strong></span> <span class='ocrx_word' id='word_1_159' title='bbox 1652 1359 1715 1417; x_wconf 85' lang='lat' dir='ltr'><strong>in</strong></span> <span class='ocrx_word' id='word_1_160' title='bbox 1740 1358 1910 1417; x_wconf 85' lang='lat' dir='ltr'><strong>tertio</strong></span> <span class='ocrx_word' id='word_1_161' title='bbox 1938 1356 2285 1436; x_wconf 83' lang='lat' dir='ltr'><strong>angelorum</strong></span> <span class='ocrx_word' id='word_1_162' title='bbox 2315 1358 2525 1418; x_wconf 84' lang='lat' dir='ltr'><strong>ordine</strong></span> <span class='ocrx_word' id='word_1_163' title='bbox 2550 1360 2632 1417; x_wconf 88' lang='lat' dir='ltr'><strong>sit</strong></span> <span class='ocrx_word' id='word_1_164' title='bbox 2657 1356 3051 1418; x_wconf 78' lang='lat' dir='ltr'><strong>collocandus.</strong></span> <span class='ocrx_word' id='word_1_165' title='bbox 3077 1355 3201 1419; x_wconf 85' lang='lat' dir='ltr'><strong>Sed</strong></span> <span class='ocrx_word' id='word_1_166' title='bbox 3231 1376 3357 1418; x_wconf 93' lang='lat' dir='ltr'><strong>non</strong></span> <span class='ocrx_word' id='word_1_167' title='bbox 3383 1355 3653 1418; x_wconf 83' lang='lat' dir='ltr'><strong>arbitror</strong></span> <span class='ocrx_word' id='word_1_168' title='bbox 3681 1358 3804 1420; x_wconf 94' lang='lat' dir='ltr'><strong>hoc</strong></span> 
     </span>
    </p>
   </div>
   <div class='ocr_carea' id='block_1_15' title="bbox 387 1437 3804 1517">
    <p class='ocr_par' dir='ltr' id='par_1_15' title="bbox 387 1437 3804 1517">
     <span class='ocr_line' id='line_1_15' title="bbox 387 1437 3804 1517; baseline 0.001 -20"><span class='ocrx_word' id='word_1_169' title='bbox 387 1437 641 1498; x_wconf 87' lang='lat' dir='ltr'><strong>nomine</strong></span> <span class='ocrx_word' id='word_1_170' title='bbox 672 1444 799 1499; x_wconf 90' lang='lat' dir='ltr'><strong>tam</strong></span> <span class='ocrx_word' id='word_1_171' title='bbox 833 1454 1052 1516; x_wconf 85' lang='lat' dir='ltr'><strong>aspere</strong></span> <span class='ocrx_word' id='word_1_172' title='bbox 1084 1438 1521 1515; x_wconf 80' lang='lat' dir='ltr'><strong>excipiendum</strong></span> <span class='ocrx_word' id='word_1_173' title='bbox 1553 1456 1686 1499; x_wconf 88' lang='lat' dir='ltr'><strong>esse</strong></span> <span class='ocrx_word' id='word_1_174' title='bbox 1716 1438 2088 1515; x_wconf 88' lang='lat' dir='ltr'><strong>scriptorem</strong></span> <span class='ocrx_word' id='word_1_175' title='bbox 2120 1439 2333 1498; x_wconf 89' lang='lat' dir='ltr'><strong>istum.</strong></span> <span class='ocrx_word' id='word_1_176' title='bbox 2369 1437 2582 1499; x_wconf 87' lang='lat' dir='ltr'><strong>Noluit</strong></span> <span class='ocrx_word' id='word_1_177' title='bbox 2617 1439 2781 1498; x_wconf 90' lang='lat' dir='ltr'><strong>enim</strong></span> <span class='ocrx_word' id='word_1_178' title='bbox 2832 1438 2893 1497; x_wconf 91' lang='lat' dir='ltr'><strong>in</strong></span> <span class='ocrx_word' id='word_1_179' title='bbox 2947 1439 3294 1498; x_wconf 90' lang='lat' dir='ltr'><strong>mercedem</strong></span> <span class='ocrx_word' id='word_1_180' title='bbox 3340 1438 3705 1517; x_wconf 85' lang='lat' dir='ltr'><strong>proborum,</strong></span> <span class='ocrx_word' id='word_1_181' title='bbox 3740 1438 3804 1500; x_wconf 87' lang='lat' dir='ltr'><strong>ni</strong></span> 
     </span>
    </p>
   </div>
   <div class='ocr_carea' id='block_1_16' title="bbox 386 1517 3801 1597">
    <p class='ocr_par' dir='ltr' id='par_1_16' title="bbox 386 1517 3801 1597">
     <span class='ocr_line' id='line_1_16' title="bbox 386 1517 3801 1597; baseline 0.001 -20"><span class='ocrx_word' id='word_1_182' title='bbox 386 1518 593 1591; x_wconf 87' lang='lat' dir='ltr'><strong>fallor,</strong></span> <span class='ocrx_word' id='word_1_183' title='bbox 629 1518 885 1578; x_wconf 90' lang='lat' dir='ltr'><strong>tertium</strong></span> <span class='ocrx_word' id='word_1_184' title='bbox 929 1518 1297 1595; x_wconf 81' lang='lat' dir='ltr'><strong>angelorum</strong></span> <span class='ocrx_word' id='word_1_185' title='bbox 1350 1518 1637 1579; x_wconf 87' lang='lat' dir='ltr'><strong>ordinem</strong></span> <span class='ocrx_word' id='word_1_186' title='bbox 1687 1518 1777 1579; x_wconf 94' lang='lat' dir='ltr'><strong>ita</strong></span> <span class='ocrx_word' id='word_1_187' title='bbox 1822 1518 2082 1578; x_wconf 88' lang='lat' dir='ltr'><strong>strictim</strong></span> <span class='ocrx_word' id='word_1_188' title='bbox 2138 1519 2480 1595; x_wconf 89' lang='lat' dir='ltr'><strong>assignare.</strong></span> <span class='ocrx_word' id='word_1_189' title='bbox 2519 1519 2638 1578; x_wconf 87' lang='lat' dir='ltr'><strong>Sed</strong></span> <span class='ocrx_word' id='word_1_190' title='bbox 2672 1518 2822 1597; x_wconf 89' lang='lat' dir='ltr'><strong>quia</strong></span> <span class='ocrx_word' id='word_1_191' title='bbox 2849 1518 3058 1596; x_wconf 79' lang='lat' dir='ltr'><strong>angeli</strong></span> <span class='ocrx_word' id='word_1_192' title='bbox 3085 1520 3275 1597; x_wconf 83' lang='lat' dir='ltr'><strong>vulgo</strong></span> <span class='ocrx_word' id='word_1_193' title='bbox 3308 1517 3592 1579; x_wconf 85' lang='lat' dir='ltr'><strong>homines</strong></span> <span class='ocrx_word' id='word_1_194' title='bbox 3621 1525 3801 1580; x_wconf 84' lang='lat' dir='ltr'><strong>ante-</strong></span> 
     </span>
    </p>
   </div>
   <div class='ocr_carea' id='block_1_17' title="bbox 389 1597 3800 1678">
    <p class='ocr_par' dir='ltr' id='par_1_17' title="bbox 389 1597 3800 1678">
     <span class='ocr_line' id='line_1_17' title="bbox 389 1597 3800 1678; baseline 0.001 -21"><span class='ocrx_word' id='word_1_195' title='bbox 389 1598 615 1658; x_wconf 89' lang='lat' dir='ltr'><strong>cellere</strong></span> <span class='ocrx_word' id='word_1_196' title='bbox 644 1605 969 1678; x_wconf 89' lang='lat' dir='ltr'><strong>putantur,</strong></span> <span class='ocrx_word' id='word_1_197' title='bbox 1002 1616 1144 1658; x_wconf 92' lang='lat' dir='ltr'><strong>cum</strong></span> <span class='ocrx_word' id='word_1_198' title='bbox 1178 1598 1391 1676; x_wconf 85' lang='lat' dir='ltr'><strong>aliquo</strong></span> <span class='ocrx_word' id='word_1_199' title='bbox 1421 1599 1714 1659; x_wconf 89' lang='lat' dir='ltr'><strong>inferiore</strong></span> <span class='ocrx_word' id='word_1_200' title='bbox 1746 1598 2117 1677; x_wconf 90' lang='lat' dir='ltr'><strong>angelorum</strong></span> <span class='ocrx_word' id='word_1_201' title='bbox 2150 1597 2393 1671; x_wconf 88' lang='lat' dir='ltr'><strong>ordine,</strong></span> <span class='ocrx_word' id='word_1_202' title='bbox 2444 1597 2553 1677; x_wconf 89' lang='lat' dir='ltr'><strong>qui</strong></span> <span class='ocrx_word' id='word_1_203' title='bbox 2584 1616 2716 1658; x_wconf 88' lang='lat' dir='ltr'><strong>sese</strong></span> <span class='ocrx_word' id='word_1_204' title='bbox 2750 1598 2920 1676; x_wconf 90' lang='lat' dir='ltr'><strong>prior</strong></span> <span class='ocrx_word' id='word_1_205' title='bbox 2951 1598 3144 1659; x_wconf 90' lang='lat' dir='ltr'><strong>menti</strong></span> <span class='ocrx_word' id='word_1_206' title='bbox 3174 1598 3427 1671; x_wconf 90' lang='lat' dir='ltr'><strong>obtulit,</strong></span> <span class='ocrx_word' id='word_1_207' title='bbox 3460 1599 3692 1677; x_wconf 91' lang='lat' dir='ltr'><strong>probos</strong></span> <span class='ocrx_word' id='word_1_208' title='bbox 3722 1618 3800 1660; x_wconf 77' lang='lat' dir='ltr'><strong>ex</strong></span> 
     </span>
    </p>
   </div>
   <div class='ocr_carea' id='block_1_18' title="bbox 389 1678 3802 1759">
    <p class='ocr_par' dir='ltr' id='par_1_18' title="bbox 389 1678 3802 1759">
     <span class='ocr_line' id='line_1_18' title="bbox 389 1678 3802 1759; baseline 0.001 -20"><span class='ocrx_word' id='word_1_209' title='bbox 389 1679 510 1739; x_wconf 89' lang='lat' dir='ltr'><strong>hac</strong></span> <span class='ocrx_word' id='word_1_210' title='bbox 537 1680 666 1740; x_wconf 88' lang='lat' dir='ltr'><strong>vita</strong></span> <span class='ocrx_word' id='word_1_211' title='bbox 698 1680 1038 1757; x_wconf 89' lang='lat' dir='ltr'><strong>migrantes</strong></span> <span class='ocrx_word' id='word_1_212' title='bbox 1068 1679 1470 1759; x_wconf 85' lang='lat' dir='ltr'><strong>collocandos</strong></span> <span class='ocrx_word' id='word_1_213' title='bbox 1499 1679 1674 1739; x_wconf 83' lang='lat' dir='ltr'><strong>dixit.</strong></span> <span class='ocrx_word' id='word_1_214' title='bbox 1694 1681 1933 1759; x_wconf 12' lang='lat' dir='ltr'><strong>rLevem</strong></span> <span class='ocrx_word' id='word_1_215' title='bbox 1975 1678 2167 1740; x_wconf 88' lang='lat' dir='ltr'><strong>aliam</strong></span> <span class='ocrx_word' id='word_1_216' title='bbox 2211 1678 2359 1739; x_wconf 91' lang='lat' dir='ltr'><strong>huic</strong></span> <span class='ocrx_word' id='word_1_217' title='bbox 2390 1679 2595 1740; x_wconf 90' lang='lat' dir='ltr'><strong>dicam</strong></span> <span class='ocrx_word' id='word_1_218' title='bbox 2627 1679 2920 1757; x_wconf 87' lang='lat' dir='ltr'><strong>impingit</strong></span> <span class='ocrx_word' id='word_1_219' title='bbox 2950 1697 3227 1759; x_wconf 88' lang='lat' dir='ltr'><strong>nuperus</strong></span> <span class='ocrx_word' id='word_1_220' title='bbox 3256 1679 3525 1759; x_wconf 88' lang='lat' dir='ltr'><strong>scriptor</strong></span> <span class='ocrx_word' id='word_1_221' title='bbox 3554 1685 3802 1741; x_wconf 91' lang='lat' dir='ltr'><strong>nostras</strong></span> 
     </span>
    </p>
   </div>
   <div class='ocr_carea' id='block_1_19' title="bbox 390 1757 2023 1841">
    <p class='ocr_par' dir='ltr' id='par_1_19' title="bbox 390 1758 1985 1841">
     <span class='ocr_line' id='line_1_19' title="bbox 390 1758 1985 1841; baseline 0.003 -25"><span class='ocrx_word' id='word_1_222' title='bbox 390 1760 503 1832; x_wconf 88' lang='lat' dir='ltr'><strong>vir,</strong></span> <span class='ocrx_word' id='word_1_223' title='bbox 539 1759 774 1841; x_wconf 82' lang='lat' dir='ltr'><strong>alioqui</strong></span> <span class='ocrx_word' id='word_1_224' title='bbox 804 1759 1049 1832; x_wconf 87' lang='lat' dir='ltr'><strong>doctus,</strong></span> <span class='ocrx_word' id='word_1_225' title='bbox 1082 1758 1335 1841; x_wconf 82' lang='lat' dir='ltr'><strong>qui_nec</strong></span> <span class='ocrx_word' id='word_1_226' title='bbox 1365 1760 1497 1841; x_wconf 89' lang='lat' dir='ltr'><strong>sine</strong></span> <span class='ocrx_word' id='word_1_227' title='bbox 1527 1758 1827 1841; x_wconf 78' lang='lat' dir='ltr'><strong>convicio</strong></span> <span class='ocrx_word' id='word_1_228' title='bbox 1851 1759 1985 1841; x_wconf 75' lang='lat' dir='ltr'><strong>haec</strong></span> 
     </span>
    </p>
   </div>
   <div class='ocr_carea' id='block_1_20' title="bbox 2166 1757 3799 1841">
    <p class='ocr_par' dir='ltr' id='par_1_20' title="bbox 2166 1757 3799 1841">
     <span class='ocr_line' id='line_1_20' title="bbox 2166 1757 3799 1841; baseline 0.004 -26"><span class='ocrx_word' id='word_1_229' title='bbox 2166 1782 2170 1815; x_wconf 62' lang='grc' dir='ltr'><strong>ι</strong></span> <span class='ocrx_word' id='word_1_230' title='bbox 2217 1759 2430 1841; x_wconf 84' lang='lat' dir='ltr'><strong>verba,</strong></span> <span class='ocrx_word' id='word_1_231' title='bbox 2481 1757 3061 1841; x_wconf 20' lang='grc' dir='ltr'><strong>χορευτρίαλΧριστοῦ,</strong></span> <span class='ocrx_word' id='word_1_232' title='bbox 3110 1761 3196 1820; x_wconf 92' lang='lat' dir='ltr'><strong>sic</strong></span> <span class='ocrx_word' id='word_1_233' title='bbox 3227 1757 3462 1820; x_wconf 76' lang='lat' dir='ltr'><strong>Gallice</strong></span> <span class='ocrx_word' id='word_1_234' title='bbox 3491 1759 3799 1841; x_wconf 88' lang='lat' dir='ltr'><strong>interpre-</strong></span> 
     </span>
    </p>
   </div>
   <div class='ocr_carea' id='block_1_21' title="bbox 391 1838 3799 1920">
    <p class='ocr_par' dir='ltr' id='par_1_21' title="bbox 391 1838 3799 1920">
     <span class='ocr_line' id='line_1_21' title="bbox 391 1838 3799 1920; baseline 0 -20"><span class='ocrx_word' id='word_1_235' title='bbox 391 1846 578 1911; x_wconf 86' lang='lat' dir='ltr'><strong>tatur,</strong></span> <span class='ocrx_word' id='word_1_236' title='bbox 628 1838 705 1901; x_wconf 28' lang='grc' dir='ltr'><strong>ἰαί</strong></span> <span class='ocrx_word' id='word_1_237' title='bbox 737 1838 1015 1920; x_wconf 86' lang='lat' dir='ltr'><strong>danseuse</strong></span> <span class='ocrx_word' id='word_1_238' title='bbox 1063 1838 1134 1899; x_wconf 88' lang='lat' dir='ltr'><strong>de</strong></span> <span class='ocrx_word' id='word_1_239' title='bbox 1177 1838 1592 1920; x_wconf 61' lang='lat' dir='ltr'><strong>Jews-Christ.</strong></span> <span class='ocrx_word' id='word_1_240' title='bbox 1626 1842 1735 1920; x_wconf 12' lang='lat' dir='ltr'><strong>iAn</strong></span> <span class='ocrx_word' id='word_1_241' title='bbox 1767 1839 1977 1920; x_wconf 82' lang='lat' dir='ltr'><strong>hicde</strong></span> <span class='ocrx_word' id='word_1_242' title='bbox 2009 1840 2286 1920; x_wconf 82' lang='lat' dir='ltr'><strong>tripudio</strong></span> <span class='ocrx_word' id='word_1_243' title='bbox 2314 1838 2570 1917; x_wconf 78' lang='lat' dir='ltr'><strong>agitur?</strong></span> <span class='ocrx_word' id='word_1_244' title='bbox 2600 1844 2663 1901; x_wconf 90' lang='lat' dir='ltr'><strong>et</strong></span> <span class='ocrx_word' id='word_1_245' title='bbox 2686 1838 2842 1919; x_wconf 84' lang='lat' dir='ltr'><strong>quid</strong></span> <span class='ocrx_word' id='word_1_246' title='bbox 2874 1846 3000 1900; x_wconf 90' lang='lat' dir='ltr'><strong>tam</strong></span> <span class='ocrx_word' id='word_1_247' title='bbox 3036 1841 3343 1917; x_wconf 85' lang='lat' dir='ltr'><strong>frequenti</strong></span> <span class='ocrx_word' id='word_1_248' title='bbox 3377 1859 3490 1920; x_wconf 79' lang='lat' dir='ltr'><strong>usu</strong></span> <span class='ocrx_word' id='word_1_249' title='bbox 3521 1840 3799 1900; x_wconf 90' lang='lat' dir='ltr'><strong>celebra-</strong></span> 
     </span>
    </p>
   </div>
   <div class='ocr_carea' id='block_1_22' title="bbox 388 1918 3798 2002">
    <p class='ocr_par' dir='ltr' id='par_1_22' title="bbox 388 1918 3798 2002">
     <span class='ocr_line' id='line_1_22' title="bbox 388 1918 3798 2002; baseline 0.001 -23"><span class='ocrx_word' id='word_1_250' title='bbox 388 1927 521 1980; x_wconf 91' lang='lat' dir='ltr'><strong>tum</strong></span> <span class='ocrx_word' id='word_1_251' title='bbox 552 1921 615 1980; x_wconf 91' lang='lat' dir='ltr'><strong>in</strong></span> <span class='ocrx_word' id='word_1_252' title='bbox 653 1919 946 2002; x_wconf 82' lang='lat' dir='ltr'><strong>Ecclesia,</strong></span> <span class='ocrx_word' id='word_1_253' title='bbox 980 1937 1169 1999; x_wconf 90' lang='lat' dir='ltr'><strong>quam</strong></span> <span class='ocrx_word' id='word_1_254' title='bbox 1202 1918 1450 2002; x_wconf 66' lang='lat' dir='ltr'><strong>choreae</strong></span> <span class='ocrx_word' id='word_1_255' title='bbox 1482 1918 2063 2002; x_wconf 81' lang='lat' dir='ltr'><strong>virginumChristi</strong></span> <span class='ocrx_word' id='word_1_256' title='bbox 2080 1918 2454 2002; x_wconf 76' lang='lat' dir='ltr'><strong>sponsarum</strong></span> <span class='ocrx_word' id='word_1_257' title='bbox 2476 1922 2506 1979; x_wconf 85' lang='lat'><strong>?</strong></span> <span class='ocrx_word' id='word_1_258' title='bbox 2539 1918 2775 2002; x_wconf 82' lang='lat' dir='ltr'><strong>Eadem</strong></span> <span class='ocrx_word' id='word_1_259' title='bbox 2804 1938 2925 1980; x_wconf 85' lang='lat' dir='ltr'><strong>vox</strong></span> <span class='ocrx_word' id='word_1_260' title='bbox 2957 1920 3020 1979; x_wconf 90' lang='lat' dir='ltr'><strong>in</strong></span> <span class='ocrx_word' id='word_1_261' title='bbox 3072 1920 3199 1982; x_wconf 79' lang='lat' dir='ltr'><strong>Vita</strong></span> <span class='ocrx_word' id='word_1_262' title='bbox 3231 1918 3585 2002; x_wconf 81' lang='lat' dir='ltr'><strong>Syncleticae</strong></span> <span class='ocrx_word' id='word_1_263' title='bbox 3619 1939 3798 1981; x_wconf 83' lang='lat' dir='ltr'><strong>usur-</strong></span> 
     </span>
    </p>
   </div>
   <div class='ocr_carea' id='block_1_23' title="bbox 386 2000 3038 2080">
    <p class='ocr_par' dir='ltr' id='par_1_23' title="bbox 386 2000 3038 2080">
     <span class='ocr_line' id='line_1_23' title="bbox 386 2000 3038 2080; baseline -0.001 -18"><span class='ocrx_word' id='word_1_264' title='bbox 386 2007 598 2080; x_wconf 89' lang='lat' dir='ltr'><strong>patur,</strong></span> <span class='ocrx_word' id='word_1_265' title='bbox 631 2003 794 2061; x_wconf 88' lang='lat' dir='ltr'><strong>unde</strong></span> <span class='ocrx_word' id='word_1_266' title='bbox 825 2000 1034 2079; x_wconf 86' lang='lat' dir='ltr'><strong>palam</strong></span> <span class='ocrx_word' id='word_1_267' title='bbox 1067 2007 1160 2062; x_wconf 88' lang='lat' dir='ltr'><strong>est</strong></span> <span class='ocrx_word' id='word_1_268' title='bbox 1190 2000 1423 2062; x_wconf 81' lang='lat' dir='ltr'><strong>frustra</strong></span> <span class='ocrx_word' id='word_1_269' title='bbox 1452 2018 1584 2062; x_wconf 90' lang='lat' dir='ltr'><strong>esse</strong></span> <span class='ocrx_word' id='word_1_270' title='bbox 1618 2001 1726 2079; x_wconf 92' lang='lat' dir='ltr'><strong>qui</strong></span> <span class='ocrx_word' id='word_1_271' title='bbox 1759 2000 1994 2060; x_wconf 90' lang='lat' dir='ltr'><strong>dictum</strong></span> <span class='ocrx_word' id='word_1_272' title='bbox 2028 2000 2185 2061; x_wconf 93' lang='lat' dir='ltr'><strong>illud</strong></span> <span class='ocrx_word' id='word_1_273' title='bbox 2213 2000 2658 2061; x_wconf 88' lang='lat' dir='ltr'><strong>inclementius</strong></span> <span class='ocrx_word' id='word_1_274' title='bbox 2689 2002 3038 2078; x_wconf 86' lang='lat' dir='ltr'><strong>exagitent.</strong></span> 
     </span>
    </p>
   </div>
   <div class='ocr_carea' id='block_1_24' title="bbox 464 2105 3803 2189">
    <p class='ocr_par' dir='ltr' id='par_1_24' title="bbox 464 2105 3803 2189">
     <span class='ocr_line' id='line_1_24' title="bbox 464 2105 3803 2189; baseline -0.001 -21"><span class='ocrx_word' id='word_1_275' title='bbox 464 2105 755 2189; x_wconf 76' lang='lat' dir='ltr'><strong>Synopsis</strong></span> <span class='ocrx_word' id='word_1_276' title='bbox 785 2109 1121 2189; x_wconf 69' lang='lat' dir='ltr'><strong>Scriptum</strong></span> <span class='ocrx_word' id='word_1_277' title='bbox 1148 2107 1447 2189; x_wconf 52' lang='grc' dir='ltr'><strong>διιεῖ-κω)</strong></span> <span class='ocrx_word' id='word_1_278' title='bbox 1476 2107 1803 2189; x_wconf 87' lang='lat' dir='ltr'><strong>laudatum</strong></span> <span class='ocrx_word' id='word_1_279' title='bbox 1835 2125 1995 2185; x_wconf 90' lang='lat' dir='ltr'><strong>opus</strong></span> <span class='ocrx_word' id='word_1_280' title='bbox 2024 2112 2088 2168; x_wconf 92' lang='lat' dir='ltr'><strong>et</strong></span> <span class='ocrx_word' id='word_1_281' title='bbox 2116 2108 2371 2186; x_wconf 88' lang='lat' dir='ltr'><strong>quidem</strong></span> <span class='ocrx_word' id='word_1_282' title='bbox 2404 2126 2441 2167; x_wconf 92' lang='lat' dir='ltr'><strong>a</strong></span> <span class='ocrx_word' id='word_1_283' title='bbox 2469 2107 2742 2189; x_wconf 83' lang='lat' dir='ltr'><strong>laudatis</strong></span> <span class='ocrx_word' id='word_1_284' title='bbox 2774 2106 2943 2179; x_wconf 90' lang='lat' dir='ltr'><strong>viris,</strong></span> <span class='ocrx_word' id='word_1_285' title='bbox 2976 2126 3100 2167; x_wconf 90' lang='lat' dir='ltr'><strong>non</strong></span> <span class='ocrx_word' id='word_1_286' title='bbox 3124 2125 3207 2189; x_wconf 84' lang='lat' dir='ltr'><strong>eo</strong></span> <span class='ocrx_word' id='word_1_287' title='bbox 3240 2106 3401 2189; x_wconf 82' lang='lat' dir='ltr'><strong>inter</strong></span> <span class='ocrx_word' id='word_1_288' title='bbox 3428 2106 3622 2166; x_wconf 91' lang='lat' dir='ltr'><strong>dubia</strong></span> <span class='ocrx_word' id='word_1_289' title='bbox 3650 2125 3803 2166; x_wconf 90' lang='lat' dir='ltr'><strong>con-</strong></span> 
     </span>
    </p>
   </div>
   <div class='ocr_carea' id='block_1_25' title="bbox 380 2130 3801 2266">
    <p class='ocr_par' dir='ltr' id='par_1_25' title="bbox 380 2130 3801 2266">
     <span class='ocr_line' id='line_1_25' title="bbox 464 2130 3801 2247; baseline -0.001 -79"><span class='ocrx_word' id='word_1_290' title='bbox 464 2130 755 2189; x_wconf 73' lang='lat' dir='ltr'><strong>oynopszs</strong></span> <span class='ocrx_word' id='word_1_291' title='bbox 785 2130 1121 2247; x_wconf 61' lang='lat' dir='ltr'><strong>ocrtgmrae</strong></span> <span class='ocrx_word' id='word_1_292' title='bbox 1148 2130 1332 2169; x_wconf 77' lang='lat' dir='ltr'><strong>sacrae</strong></span> <span class='ocrx_word' id='word_1_293' title='bbox 1363 2130 1447 2189; x_wconf 72' lang='grc' dir='ltr'><em>ψ)</em></span> <span class='ocrx_word' id='word_1_294' title='bbox 1476 2130 1803 2168; x_wconf 73' lang='lat' dir='ltr'><strong>laudatum</strong></span> <span class='ocrx_word' id='word_1_295' title='bbox 1835 2130 1995 2185; x_wconf 85' lang='lat' dir='ltr'><strong>opus</strong></span> <span class='ocrx_word' id='word_1_296' title='bbox 2024 2130 2088 2168; x_wconf 73' lang='grc' dir='ltr'><strong>θῐ</strong></span> <span class='ocrx_word' id='word_1_297' title='bbox 2116 2130 2371 2186; x_wconf 79' lang='lat' dir='ltr'><strong>qumcm</strong></span> <span class='ocrx_word' id='word_1_298' title='bbox 2404 2130 2441 2167; x_wconf 78' lang='grc'><strong>8.</strong></span> <span class='ocrx_word' id='word_1_299' title='bbox 2469 2130 2742 2168; x_wconf 79' lang='lat' dir='ltr'><strong>Iauuaus</strong></span> <span class='ocrx_word' id='word_1_300' title='bbox 2774 2130 2943 2179; x_wconf 71' lang='lat' dir='ltr'><strong>Vll‘ls,</strong></span> <span class='ocrx_word' id='word_1_301' title='bbox 2976 2130 3100 2167; x_wconf 87' lang='lat' dir='ltr'><strong>non</strong></span> <span class='ocrx_word' id='word_1_302' title='bbox 3133 2130 3207 2166; x_wconf 75' lang='grc' dir='ltr'><strong>ΘΟ</strong></span> <span class='ocrx_word' id='word_1_303' title='bbox 3241 2130 3400 2167; x_wconf 76' lang='lat' dir='ltr'><strong>Illle</strong></span> <span class='ocrx_word' id='word_1_304' title='bbox 3428 2130 3622 2166; x_wconf 74' lang='lat' dir='ltr'><strong>OUDIB</strong></span> <span class='ocrx_word' id='word_1_305' title='bbox 3650 2130 3801 2166; x_wconf 76' lang='lat' dir='ltr'><strong>COD-</strong></span> 
     </span>
     <span class='ocr_line' id='line_1_26' title="bbox 380 2186 3801 2266; baseline -0 -19"><span class='ocrx_word' id='word_1_306' title='bbox 380 2186 658 2265; x_wconf 88' lang='lat' dir='ltr'><strong>jicimus,</strong></span> <span class='ocrx_word' id='word_1_307' title='bbox 693 2207 820 2266; x_wconf 91' lang='lat' dir='ltr'><strong>quo</strong></span> <span class='ocrx_word' id='word_1_308' title='bbox 850 2206 922 2249; x_wconf 92' lang='lat' dir='ltr'><strong>ar</strong></span> <span class='ocrx_word' id='word_1_309' title='bbox 968 2187 1233 2250; x_wconf 85' lang='lat' dir='ltr'><strong>itremur</strong></span> <span class='ocrx_word' id='word_1_310' title='bbox 1260 2188 1606 2249; x_wconf 83' lang='lat' dir='ltr'><strong>Athanasio</strong></span> <span class='ocrx_word' id='word_1_311' title='bbox 1638 2188 1964 2265; x_wconf 88' lang='lat' dir='ltr'><strong>indignum</strong></span> <span class='ocrx_word' id='word_1_312' title='bbox 1998 2205 2152 2249; x_wconf 87' lang='lat' dir='ltr'><strong>esse.</strong></span> <span class='ocrx_word' id='word_1_313' title='bbox 2191 2189 2417 2266; x_wconf 81' lang='lat' dir='ltr'><strong>Ecquis</strong></span> <span class='ocrx_word' id='word_1_314' title='bbox 2460 2189 2627 2248; x_wconf 88' lang='lat' dir='ltr'><strong>enim</strong></span> <span class='ocrx_word' id='word_1_315' title='bbox 2676 2188 2782 2248; x_wconf 89' lang='lat' dir='ltr'><strong>ille</strong></span> <span class='ocrx_word' id='word_1_316' title='bbox 2832 2194 2958 2247; x_wconf 88' lang='lat' dir='ltr'><strong>tam</strong></span> <span class='ocrx_word' id='word_1_317' title='bbox 3004 2187 3241 2266; x_wconf 90' lang='lat' dir='ltr'><strong>peritus</strong></span> <span class='ocrx_word' id='word_1_318' title='bbox 3288 2188 3581 2265; x_wconf 89' lang='lat' dir='ltr'><strong>scriptor,</strong></span> <span class='ocrx_word' id='word_1_319' title='bbox 3612 2205 3801 2265; x_wconf 90' lang='lat' dir='ltr'><strong>quem</strong></span> 
     </span>
    </p>
   </div>
   <div class='ocr_carea' id='block_1_26' title="bbox 389 2267 3804 2346">
    <p class='ocr_par' dir='ltr' id='par_1_26' title="bbox 389 2267 3804 2346">
     <span class='ocr_line' id='line_1_27' title="bbox 389 2267 3804 2346; baseline -0 -19"><span class='ocrx_word' id='word_1_320' title='bbox 389 2268 690 2346; x_wconf 81' lang='lat' dir='ltr'><strong>poeniteat</strong></span> <span class='ocrx_word' id='word_1_321' title='bbox 720 2275 965 2329; x_wconf 89' lang='lat' dir='ltr'><strong>tantum</strong></span> <span class='ocrx_word' id='word_1_322' title='bbox 999 2269 1226 2329; x_wconf 90' lang='lat' dir='ltr'><strong>librum</strong></span> <span class='ocrx_word' id='word_1_323' title='bbox 1262 2267 1655 2329; x_wconf 86' lang='lat' dir='ltr'><strong>confecisse?</strong></span> <span class='ocrx_word' id='word_1_324' title='bbox 1701 2270 1858 2329; x_wconf 89' lang='lat' dir='ltr'><strong>Eum</strong></span> <span class='ocrx_word' id='word_1_325' title='bbox 1908 2286 2059 2328; x_wconf 90' lang='lat' dir='ltr'><strong>sane</strong></span> <span class='ocrx_word' id='word_1_326' title='bbox 2098 2269 2207 2345; x_wconf 91' lang='lat' dir='ltr'><strong>qui</strong></span> <span class='ocrx_word' id='word_1_327' title='bbox 2256 2276 2549 2328; x_wconf 86' lang='lat' dir='ltr'><strong>accurate</strong></span> <span class='ocrx_word' id='word_1_328' title='bbox 2582 2275 2811 2340; x_wconf 88' lang='lat' dir='ltr'><strong>teneat,</strong></span> <span class='ocrx_word' id='word_1_329' title='bbox 2847 2270 3195 2328; x_wconf 89' lang='lat' dir='ltr'><strong>litterarum</strong></span> <span class='ocrx_word' id='word_1_330' title='bbox 3226 2267 3580 2327; x_wconf 82' lang='lat' dir='ltr'><strong>divinarum</strong></span> <span class='ocrx_word' id='word_1_331' title='bbox 3615 2269 3804 2345; x_wconf 85' lang='lat' dir='ltr'><strong>plane</strong></span> 
     </span>
    </p>
   </div>
   <div class='ocr_carea' id='block_1_27' title="bbox 388 2347 3799 2429">
    <p class='ocr_par' dir='ltr' id='par_1_27' title="bbox 388 2347 3799 2429">
     <span class='ocr_line' id='line_1_28' title="bbox 388 2347 3799 2429; baseline -0.001 -22"><span class='ocrx_word' id='word_1_332' title='bbox 388 2348 549 2409; x_wconf 86' lang='lat' dir='ltr'><strong>belle</strong></span> <span class='ocrx_word' id='word_1_333' title='bbox 581 2350 865 2410; x_wconf 87' lang='lat' dir='ltr'><strong>eruditus</strong></span> <span class='ocrx_word' id='word_1_334' title='bbox 912 2348 1261 2425; x_wconf 84' lang='lat' dir='ltr'><strong>habeatur;</strong></span> <span class='ocrx_word' id='word_1_335' title='bbox 1313 2350 1401 2409; x_wconf 89' lang='lat' dir='ltr'><strong>ita</strong></span> <span class='ocrx_word' id='word_1_336' title='bbox 1445 2348 1713 2409; x_wconf 74' lang='lat' dir='ltr'><strong>dilucide</strong></span> <span class='ocrx_word' id='word_1_337' title='bbox 1754 2353 1815 2408; x_wconf 90' lang='lat' dir='ltr'><strong>et</strong></span> <span class='ocrx_word' id='word_1_338' title='bbox 1844 2347 2026 2408; x_wconf 91' lang='lat' dir='ltr'><strong>docte</strong></span> <span class='ocrx_word' id='word_1_339' title='bbox 2056 2356 2511 2429; x_wconf 73' lang='lat' dir='ltr'><strong>commemorat</strong></span> <span class='ocrx_word' id='word_1_340' title='bbox 2541 2350 2691 2429; x_wconf 92' lang='lat' dir='ltr'><strong>quid</strong></span> <span class='ocrx_word' id='word_1_341' title='bbox 2725 2350 2801 2409; x_wconf 89' lang='lat' dir='ltr'><strong>de</strong></span> <span class='ocrx_word' id='word_1_342' title='bbox 2833 2349 3267 2408; x_wconf 83' lang='lat' dir='ltr'><strong>distributione</strong></span> <span class='ocrx_word' id='word_1_343' title='bbox 3300 2348 3600 2407; x_wconf 89' lang='lat' dir='ltr'><strong>librorum</strong></span> <span class='ocrx_word' id='word_1_344' title='bbox 3635 2348 3799 2407; x_wconf 68' lang='lat' dir='ltr'><strong>Scri-</strong></span> 
     </span>
    </p>
   </div>
   <div class='ocr_carea' id='block_1_28' title="bbox 388 2428 3803 2509">
    <p class='ocr_par' dir='ltr' id='par_1_28' title="bbox 388 2428 3803 2509">
     <span class='ocr_line' id='line_1_29' title="bbox 388 2428 3803 2509; baseline -0 -20"><span class='ocrx_word' id='word_1_345' title='bbox 388 2434 591 2509; x_wconf 68' lang='lat' dir='ltr'><strong>pturaa</strong></span> <span class='ocrx_word' id='word_1_346' title='bbox 623 2448 838 2502; x_wconf 70' lang='lat' dir='ltr'><strong>sacras,</strong></span> <span class='ocrx_word' id='word_1_347' title='bbox 876 2430 1024 2508; x_wconf 92' lang='lat' dir='ltr'><strong>quid</strong></span> <span class='ocrx_word' id='word_1_348' title='bbox 1058 2429 1135 2488; x_wconf 93' lang='lat' dir='ltr'><strong>de</strong></span> <span class='ocrx_word' id='word_1_349' title='bbox 1166 2430 1564 2497; x_wconf 86' lang='lat' dir='ltr'><strong>auctoritate,</strong></span> <span class='ocrx_word' id='word_1_350' title='bbox 1598 2430 1675 2488; x_wconf 92' lang='lat' dir='ltr'><strong>de</strong></span> <span class='ocrx_word' id='word_1_351' title='bbox 1705 2434 2011 2507; x_wconf 88' lang='lat' dir='ltr'><strong>tempore,</strong></span> <span class='ocrx_word' id='word_1_352' title='bbox 2043 2428 2121 2489; x_wconf 91' lang='lat' dir='ltr'><strong>de</strong></span> <span class='ocrx_word' id='word_1_353' title='bbox 2152 2436 2410 2490; x_wconf 90' lang='lat' dir='ltr'><strong>auctore</strong></span> <span class='ocrx_word' id='word_1_354' title='bbox 2441 2430 2745 2509; x_wconf 82' lang='lat' dir='ltr'><strong>cujusque</strong></span> <span class='ocrx_word' id='word_1_355' title='bbox 2780 2429 2919 2489; x_wconf 88' lang='lat' dir='ltr'><strong>libri</strong></span> <span class='ocrx_word' id='word_1_356' title='bbox 2950 2428 3297 2507; x_wconf 88' lang='lat' dir='ltr'><strong>putandum</strong></span> <span class='ocrx_word' id='word_1_357' title='bbox 3325 2448 3340 2501; x_wconf 86' lang='lat'><strong>;</strong></span> <span class='ocrx_word' id='word_1_358' title='bbox 3391 2428 3478 2487; x_wconf 88' lang='lat' dir='ltr'><strong>ita</strong></span> <span class='ocrx_word' id='word_1_359' title='bbox 3510 2433 3803 2488; x_wconf 86' lang='lat' dir='ltr'><strong>accurate</strong></span> 
     </span>
    </p>
   </div>
   <div class='ocr_carea' id='block_1_29' title="bbox 387 2509 3798 2589">
    <p class='ocr_par' dir='ltr' id='par_1_29' title="bbox 387 2509 3798 2589">
     <span class='ocr_line' id='line_1_30' title="bbox 387 2509 3798 2589; baseline 0 -20"><span class='ocrx_word' id='word_1_360' title='bbox 387 2516 449 2569; x_wconf 90' lang='lat' dir='ltr'><strong>et</strong></span> <span class='ocrx_word' id='word_1_361' title='bbox 496 2510 807 2588; x_wconf 85' lang='lat' dir='ltr'><strong>sagaciter</strong></span> <span class='ocrx_word' id='word_1_362' title='bbox 861 2511 1031 2588; x_wconf 92' lang='lat' dir='ltr'><strong>quod</strong></span> <span class='ocrx_word' id='word_1_363' title='bbox 1082 2510 1235 2589; x_wconf 85' lang='lat' dir='ltr'><strong>ipse,</strong></span> <span class='ocrx_word' id='word_1_364' title='bbox 1289 2510 1510 2570; x_wconf 90' lang='lat' dir='ltr'><strong>crebro</strong></span> <span class='ocrx_word' id='word_1_365' title='bbox 1562 2509 1970 2587; x_wconf 77' lang='lat' dir='ltr'><strong>regustando,</strong></span> <span class='ocrx_word' id='word_1_366' title='bbox 2024 2515 2240 2570; x_wconf 89' lang='lat' dir='ltr'><strong>notatu</strong></span> <span class='ocrx_word' id='word_1_367' title='bbox 2293 2509 2544 2586; x_wconf 90' lang='lat' dir='ltr'><strong>dignius</strong></span> <span class='ocrx_word' id='word_1_368' title='bbox 2592 2516 3009 2588; x_wconf 89' lang='lat' dir='ltr'><strong>compererat,</strong></span> <span class='ocrx_word' id='word_1_369' title='bbox 3062 2509 3279 2569; x_wconf 86' lang='lat' dir='ltr'><strong>lectori</strong></span> <span class='ocrx_word' id='word_1_370' title='bbox 3328 2509 3543 2589; x_wconf 81' lang='lat' dir='ltr'><strong>paucis</strong></span> <span class='ocrx_word' id='word_1_371' title='bbox 3591 2510 3798 2569; x_wconf 79' lang='lat' dir='ltr'><strong>offert.</strong></span> 
     </span>
    </p>
   </div>
   <div class='ocr_carea' id='block_1_30' title="bbox 387 2588 3801 2669">
    <p class='ocr_par' dir='ltr' id='par_1_30' title="bbox 387 2588 3801 2669">
     <span class='ocr_line' id='line_1_31' title="bbox 387 2588 3801 2669; baseline -0 -19"><span class='ocrx_word' id='word_1_372' title='bbox 387 2592 603 2669; x_wconf 87' lang='lat' dir='ltr'><strong>Neque</strong></span> <span class='ocrx_word' id='word_1_373' title='bbox 634 2597 808 2651; x_wconf 87' lang='lat' dir='ltr'><strong>tanta</strong></span> <span class='ocrx_word' id='word_1_374' title='bbox 841 2597 1050 2649; x_wconf 87' lang='lat' dir='ltr'><strong>tamen</strong></span> <span class='ocrx_word' id='word_1_375' title='bbox 1081 2588 1406 2667; x_wconf 77' lang='lat' dir='ltr'><strong>religione,</strong></span> <span class='ocrx_word' id='word_1_376' title='bbox 1445 2596 1512 2649; x_wconf 90' lang='lat' dir='ltr'><strong>ut</strong></span> <span class='ocrx_word' id='word_1_377' title='bbox 1542 2597 1796 2650; x_wconf 88' lang='lat' dir='ltr'><strong>acutum</strong></span> <span class='ocrx_word' id='word_1_378' title='bbox 1828 2590 2108 2662; x_wconf 88' lang='lat' dir='ltr'><strong>decebat,</strong></span> <span class='ocrx_word' id='word_1_379' title='bbox 2154 2609 2498 2669; x_wconf 83' lang='lat' dir='ltr'><strong>synopseos</strong></span> <span class='ocrx_word' id='word_1_380' title='bbox 2539 2592 2806 2650; x_wconf 88' lang='lat' dir='ltr'><strong>formam</strong></span> <span class='ocrx_word' id='word_1_381' title='bbox 2861 2596 3283 2663; x_wconf 88' lang='lat' dir='ltr'><strong>consectatur,</strong></span> <span class='ocrx_word' id='word_1_382' title='bbox 3341 2594 3409 2648; x_wconf 91' lang='lat' dir='ltr'><strong>ut</strong></span> <span class='ocrx_word' id='word_1_383' title='bbox 3455 2588 3655 2647; x_wconf 83' lang='lat' dir='ltr'><strong>sicubi</strong></span> <span class='ocrx_word' id='word_1_384' title='bbox 3704 2606 3801 2649; x_wconf 89' lang='lat' dir='ltr'><strong>res</strong></span> 
     </span>
    </p>
   </div>
   <div class='ocr_carea' id='block_1_31' title="bbox 387 2669 3796 2764">
    <p class='ocr_par' dir='ltr' id='par_1_31' title="bbox 387 2669 3796 2764">
     <span class='ocr_line' id='line_1_32' title="bbox 387 2669 3796 2764; baseline 0 -35"><span class='ocrx_word' id='word_1_385' title='bbox 387 2671 700 2764; x_wconf 71' lang='lat' dir='ltr'><strong>explicate</strong></span> <span class='ocrx_word' id='word_1_386' title='bbox 735 2671 1010 2764; x_wconf 72' lang='lat' dir='ltr'><strong>difficilis</strong></span> <span class='ocrx_word' id='word_1_387' title='bbox 1040 2671 1338 2764; x_wconf 71' lang='lat' dir='ltr'><strong>occurrit,</strong></span> <span class='ocrx_word' id='word_1_388' title='bbox 1369 2672 1734 2764; x_wconf 82' lang='lat' dir='ltr'><strong>importuna</strong></span> <span class='ocrx_word' id='word_1_389' title='bbox 1764 2669 2073 2764; x_wconf 59' lang='lat' dir='ltr'><strong>brevitate</strong></span> <span class='ocrx_word' id='word_1_390' title='bbox 2101 2670 2523 2763; x_wconf 74' lang='lat' dir='ltr'><strong>obscuriorem</strong></span> <span class='ocrx_word' id='word_1_391' title='bbox 2559 2671 2825 2731; x_wconf 85' lang='lat' dir='ltr'><strong>efﬁciat:</strong></span> <span class='ocrx_word' id='word_1_392' title='bbox 2861 2670 2968 2729; x_wconf 88' lang='lat' dir='ltr'><strong>sed</strong></span> <span class='ocrx_word' id='word_1_393' title='bbox 3000 2688 3140 2764; x_wconf 82' lang='lat' dir='ltr'><strong>cum</strong></span> <span class='ocrx_word' id='word_1_394' title='bbox 3174 2669 3263 2729; x_wconf 91' lang='lat' dir='ltr'><strong>ita</strong></span> <span class='ocrx_word' id='word_1_395' title='bbox 3294 2669 3458 2764; x_wconf 70' lang='lat' dir='ltr'><strong>facto</strong></span> <span class='ocrx_word' id='word_1_396' title='bbox 3489 2688 3646 2747; x_wconf 79' lang='lat' dir='ltr'><strong>opus</strong></span> <span class='ocrx_word' id='word_1_397' title='bbox 3679 2675 3796 2764; x_wconf 74' lang='lat' dir='ltr'><strong>est,</strong></span> 
     </span>
    </p>
   </div>
   <div class='ocr_carea' id='block_1_32' title="bbox 384 2749 3793 2830">
    <p class='ocr_par' dir='ltr' id='par_1_32' title="bbox 384 2749 3793 2830">
     <span class='ocr_line' id='line_1_33' title="bbox 384 2749 3793 2830; baseline -0 -21"><span class='ocrx_word' id='word_1_398' title='bbox 384 2750 789 2830; x_wconf 88' lang='lat' dir='ltr'><strong>interpretem</strong></span> <span class='ocrx_word' id='word_1_399' title='bbox 840 2750 990 2829; x_wconf 88' lang='lat' dir='ltr'><strong>agit,</strong></span> <span class='ocrx_word' id='word_1_400' title='bbox 1046 2757 1109 2811; x_wconf 91' lang='lat' dir='ltr'><strong>et</strong></span> <span class='ocrx_word' id='word_1_401' title='bbox 1154 2751 1349 2810; x_wconf 86' lang='lat' dir='ltr'><strong>fusius</strong></span> <span class='ocrx_word' id='word_1_402' title='bbox 1397 2749 1587 2810; x_wconf 89' lang='lat' dir='ltr'><strong>etiam</strong></span> <span class='ocrx_word' id='word_1_403' title='bbox 1620 2768 1827 2830; x_wconf 89' lang='lat' dir='ltr'><strong>quam</strong></span> <span class='ocrx_word' id='word_1_404' title='bbox 1876 2750 2200 2829; x_wconf 83' lang='lat' dir='ltr'><strong>Scriptura</strong></span> <span class='ocrx_word' id='word_1_405' title='bbox 2244 2751 2403 2829; x_wconf 87' lang='lat' dir='ltr'><strong>ipsa,</strong></span> <span class='ocrx_word' id='word_1_406' title='bbox 2458 2770 2587 2811; x_wconf 90' lang='lat' dir='ltr'><strong>rem</strong></span> <span class='ocrx_word' id='word_1_407' title='bbox 2638 2756 3129 2830; x_wconf 87' lang='lat' dir='ltr'><strong>commemorat;</strong></span> <span class='ocrx_word' id='word_1_408' title='bbox 3180 2768 3307 2829; x_wconf 92' lang='lat' dir='ltr'><strong>quo</strong></span> <span class='ocrx_word' id='word_1_409' title='bbox 3358 2749 3507 2809; x_wconf 90' lang='lat' dir='ltr'><strong>dato</strong></span> <span class='ocrx_word' id='word_1_410' title='bbox 3563 2750 3793 2828; x_wconf 88' lang='lat' dir='ltr'><strong>spatio,</strong></span> 
     </span>
    </p>
   </div>
   <div class='ocr_carea' id='block_1_33' title="bbox 384 2829 3793 2909">
    <p class='ocr_par' dir='ltr' id='par_1_33' title="bbox 384 2829 3793 2909">
     <span class='ocr_line' id='line_1_34' title="bbox 384 2829 3793 2909; baseline -0.001 -19"><span class='ocrx_word' id='word_1_411' title='bbox 384 2829 601 2892; x_wconf 85' lang='lat' dir='ltr'><strong>rursus</strong></span> <span class='ocrx_word' id='word_1_412' title='bbox 630 2832 1012 2892; x_wconf 91' lang='lat' dir='ltr'><strong>destinatum</strong></span> <span class='ocrx_word' id='word_1_413' title='bbox 1062 2830 1260 2909; x_wconf 82' lang='lat' dir='ltr'><strong>carpit</strong></span> <span class='ocrx_word' id='word_1_414' title='bbox 1301 2830 1440 2890; x_wconf 86' lang='lat' dir='ltr'><strong>iter.</strong></span> <span class='ocrx_word' id='word_1_415' title='bbox 1496 2829 1775 2892; x_wconf 82' lang='lat' dir='ltr'><strong>Diximus</strong></span> <span class='ocrx_word' id='word_1_416' title='bbox 1827 2832 1888 2890; x_wconf 91' lang='lat' dir='ltr'><strong>in</strong></span> <span class='ocrx_word' id='word_1_417' title='bbox 1936 2830 2100 2891; x_wconf 89' lang='lat' dir='ltr'><strong>notis</strong></span> <span class='ocrx_word' id='word_1_418' title='bbox 2148 2831 2227 2892; x_wconf 91' lang='lat' dir='ltr'><strong>ad</strong></span> <span class='ocrx_word' id='word_1_419' title='bbox 2277 2851 2338 2909; x_wconf 92' lang='lat' dir='ltr'><strong>p.</strong></span> <span class='ocrx_word' id='word_1_420' title='bbox 2395 2832 2510 2891; x_wconf 77' lang='grc'><strong>156</strong></span> <span class='ocrx_word' id='word_1_421' title='bbox 2556 2830 2927 2909; x_wconf 84' lang='lat' dir='ltr'><strong>Josephum,</strong></span> <span class='ocrx_word' id='word_1_422' title='bbox 2983 2829 3162 2908; x_wconf 82' lang='lat' dir='ltr'><strong>cujus</strong></span> <span class='ocrx_word' id='word_1_423' title='bbox 3209 2837 3603 2907; x_wconf 74' lang='grc' dir='ltr'>ὑπομνηστικῷ</span> <span class='ocrx_word' id='word_1_424' title='bbox 3652 2846 3793 2907; x_wconf 67' lang='lat' dir='ltr'><strong>quas</strong></span> 
     </span>
    </p>
   </div>
   <div class='ocr_carea' id='block_1_34' title="bbox 385 2909 3791 2992">
    <p class='ocr_par' dir='ltr' id='par_1_34' title="bbox 385 2909 3791 2992">
     <span class='ocr_line' id='line_1_35' title="bbox 385 2909 3791 2992; baseline -0.001 -20"><span class='ocrx_word' id='word_1_425' title='bbox 385 2917 704 2991; x_wconf 89' lang='lat' dir='ltr'><strong>postrema</strong></span> <span class='ocrx_word' id='word_1_426' title='bbox 749 2912 810 2972; x_wconf 92' lang='lat' dir='ltr'><strong>in</strong></span> <span class='ocrx_word' id='word_1_427' title='bbox 863 2911 1136 2992; x_wconf 86' lang='lat' dir='ltr'><strong>Synopsi</strong></span> <span class='ocrx_word' id='word_1_428' title='bbox 1173 2913 1471 2989; x_wconf 88' lang='lat' dir='ltr'><strong>leguntur</strong></span> <span class='ocrx_word' id='word_1_429' title='bbox 1508 2917 1570 2971; x_wconf 90' lang='lat' dir='ltr'><strong>et</strong></span> <span class='ocrx_word' id='word_1_430' title='bbox 1606 2911 1738 2988; x_wconf 87' lang='lat' dir='ltr'><strong>jam</strong></span> <span class='ocrx_word' id='word_1_431' title='bbox 1770 2910 1973 2992; x_wconf 90' lang='lat' dir='ltr'><strong>primo</strong></span> <span class='ocrx_word' id='word_1_432' title='bbox 2004 2912 2212 2972; x_wconf 77' lang='lat' dir='ltr'><strong>Graece</strong></span> <span class='ocrx_word' id='word_1_433' title='bbox 2242 2919 2634 2990; x_wconf 88' lang='lat' dir='ltr'><strong>comparent,</strong></span> <span class='ocrx_word' id='word_1_434' title='bbox 2666 2918 2931 2989; x_wconf 84' lang='lat' dir='ltr'><strong>excepta</strong></span> <span class='ocrx_word' id='word_1_435' title='bbox 2960 2917 3142 2992; x_wconf 89' lang='lat' dir='ltr'><strong>sunt,_</strong></span> <span class='ocrx_word' id='word_1_436' title='bbox 3160 2910 3365 2992; x_wconf 81' lang='lat' dir='ltr'><strong>virum</strong></span> <span class='ocrx_word' id='word_1_437' title='bbox 3396 2910 3583 2969; x_wconf 89' lang='lat' dir='ltr'><strong>fuisse</strong></span> <span class='ocrx_word' id='word_1_438' title='bbox 3611 2909 3791 2992; x_wconf 82' lang='lat' dir='ltr'><strong>Chri-</strong></span> 
     </span>
    </p>
   </div>
   <div class='ocr_carea' id='block_1_35' title="bbox 382 2988 3789 3072">
    <p class='ocr_par' dir='ltr' id='par_1_35' title="bbox 382 2988 3789 3072">
     <span class='ocr_line' id='line_1_36' title="bbox 382 2988 3789 3072; baseline -0.001 -20"><span class='ocrx_word' id='word_1_439' title='bbox 382 2988 658 3053; x_wconf 80' lang='lat' dir='ltr'><strong>stianum&#39;</strong></span> <span class='ocrx_word' id='word_1_440' title='bbox 691 3012 705 3055; x_wconf 91' lang='lat'><strong>:</strong></span> <span class='ocrx_word' id='word_1_441' title='bbox 758 2988 940 3053; x_wconf 76' lang='lat' dir='ltr'><strong>secus</strong></span> <span class='ocrx_word' id='word_1_442' title='bbox 980 2988 1261 3052; x_wconf 18' lang='lat' dir='ltr'><strong>aestimati</strong></span> <span class='ocrx_word' id='word_1_443' title='bbox 1296 2995 1515 3051; x_wconf 88' lang='lat' dir='ltr'><strong>Petrus</strong></span> <span class='ocrx_word' id='word_1_444' title='bbox 1552 2988 1940 3065; x_wconf 80' lang='lat' dir='ltr'><strong>Lambecius,</strong></span> <span class='ocrx_word' id='word_1_445' title='bbox 1975 2992 2186 3071; x_wconf 84' lang='lat' dir='ltr'><strong>aitque</strong></span> <span class='ocrx_word' id='word_1_446' title='bbox 2217 2988 2502 3053; x_wconf 74' lang='lat' dir='ltr'><strong>Flavium</strong></span> <span class='ocrx_word' id='word_1_447' title='bbox 2533 2988 2877 3072; x_wconf 77' lang='lat' dir='ltr'><strong>Josephuin</strong></span> <span class='ocrx_word' id='word_1_448' title='bbox 2911 2989 3491 3072; x_wconf 79' lang='lat' dir='ltr'><strong>esse,_.ludaicarum</strong></span> <span class='ocrx_word' id='word_1_449' title='bbox 3519 2988 3789 3069; x_wconf 84' lang='lat' dir='ltr'><strong>antiqui-</strong></span> 
     </span>
    </p>
   </div>
   <div class='ocr_carea' id='block_1_36' title="bbox 380 3070 3789 3153">
    <p class='ocr_par' dir='ltr' id='par_1_36' title="bbox 380 3070 3789 3153">
     <span class='ocr_line' id='line_1_37' title="bbox 380 3070 3789 3153; baseline -0.001 -20"><span class='ocrx_word' id='word_1_450' title='bbox 380 3083 566 3134; x_wconf 87' lang='lat' dir='ltr'><strong>tatum</strong></span> <span class='ocrx_word' id='word_1_451' title='bbox 597 3074 989 3153; x_wconf 90' lang='lat' dir='ltr'><strong>scriptorem,</strong></span> <span class='ocrx_word' id='word_1_452' title='bbox 1025 3080 1086 3133; x_wconf 91' lang='lat' dir='ltr'><strong>et</strong></span> <span class='ocrx_word' id='word_1_453' title='bbox 1117 3074 1367 3133; x_wconf 89' lang='lat' dir='ltr'><strong>titulum</strong></span> <span class='ocrx_word' id='word_1_454' title='bbox 1401 3072 1737 3151; x_wconf 90' lang='lat' dir='ltr'><strong>quemdam</strong></span> <span class='ocrx_word' id='word_1_455' title='bbox 1770 3092 1846 3133; x_wconf 81' lang='lat' dir='ltr'><strong>ex</strong></span> <span class='ocrx_word' id='word_1_456' title='bbox 1877 3070 2125 3132; x_wconf 86' lang='lat' dir='ltr'><strong>decimo</strong></span> <span class='ocrx_word' id='word_1_457' title='bbox 2157 3091 2325 3132; x_wconf 91' lang='lat' dir='ltr'><strong>nono</strong></span> <span class='ocrx_word' id='word_1_458' title='bbox 2357 3071 2573 3132; x_wconf 90' lang='lat' dir='ltr'><strong>codice</strong></span> <span class='ocrx_word' id='word_1_459' title='bbox 2606 3070 2967 3149; x_wconf 78' lang='lat' dir='ltr'><strong>theologico</strong></span> <span class='ocrx_word' id='word_1_460' title='bbox 2996 3070 3199 3141; x_wconf 73' lang='lat' dir='ltr'><strong>affert,</strong></span> <span class='ocrx_word' id='word_1_461' title='bbox 3235 3088 3459 3148; x_wconf 91' lang='lat' dir='ltr'><strong>nempe</strong></span> <span class='ocrx_word' id='word_1_462' title='bbox 3494 3087 3506 3129; x_wconf 91' lang='lat'>:</span> <span class='ocrx_word' id='word_1_463' title='bbox 3546 3073 3789 3137; x_wconf 76' lang='grc' dir='ltr'>Μέθοδος</span> 
     </span>
    </p>
   </div>
   <div class='ocr_carea' id='block_1_37' title="bbox 378 3154 3794 3234">
    <p class='ocr_par' dir='ltr' id='par_1_37' title="bbox 378 3154 3794 3234">
     <span class='ocr_line' id='line_1_38' title="bbox 378 3154 3794 3234; baseline -0.001 -21"><span class='ocrx_word' id='word_1_464' title='bbox 378 3160 650 3229; x_wconf 75' lang='grc' dir='ltr'><strong>Ἰωσήπου</strong></span> <span class='ocrx_word' id='word_1_465' title='bbox 681 3158 740 3214; x_wconf 83' lang='grc' dir='ltr'>ἐκ</span> <span class='ocrx_word' id='word_1_466' title='bbox 766 3164 873 3213; x_wconf 83' lang='grc' dir='ltr'><strong>τῶν</strong></span> <span class='ocrx_word' id='word_1_467' title='bbox 908 3158 1317 3231; x_wconf 85' lang='grc' dir='ltr'>ὑπομνημάτων</span> <span class='ocrx_word' id='word_1_468' title='bbox 1349 3157 1533 3227; x_wconf 79' lang='grc' dir='ltr'>αὐτοῦ,</span> <span class='ocrx_word' id='word_1_469' title='bbox 1567 3158 1655 3215; x_wconf 76' lang='grc' dir='ltr'><strong>καὶ</strong></span> <span class='ocrx_word' id='word_1_470' title='bbox 1685 3162 1955 3234; x_wconf 76' lang='grc' dir='ltr'>χρονικῶν</span> <span class='ocrx_word' id='word_1_471' title='bbox 1978 3158 2389 3233; x_wconf 79' lang='grc' dir='ltr'><strong>συνταγμάτων·</strong></span> <span class='ocrx_word' id='word_1_472' title='bbox 2414 3162 2530 3219; x_wconf 82' lang='grc' dir='ltr'><strong>πῶς</strong></span> <span class='ocrx_word' id='word_1_473' title='bbox 2555 3156 2779 3227; x_wconf 81' lang='grc' dir='ltr'>συνέστη</span> <span class='ocrx_word' id='word_1_474' title='bbox 2805 3159 2867 3212; x_wconf 86' lang='grc' dir='ltr'>τὸ</span> <span class='ocrx_word' id='word_1_475' title='bbox 2890 3155 3215 3231; x_wconf 70' lang='grc' dir='ltr'>ψαλτήριον,</span> <span class='ocrx_word' id='word_1_476' title='bbox 3243 3155 3332 3210; x_wconf 74' lang='grc' dir='ltr'>καὶ</span> <span class='ocrx_word' id='word_1_477' title='bbox 3355 3161 3471 3217; x_wconf 78' lang='grc' dir='ltr'><strong>πῶς</strong></span> <span class='ocrx_word' id='word_1_478' title='bbox 3504 3156 3554 3209; x_wconf 79' lang='grc' dir='ltr'>οἱ</span> <span class='ocrx_word' id='word_1_479' title='bbox 3575 3154 3794 3228; x_wconf 76' lang='grc' dir='ltr'>ψαλμοὶ</span> 
     </span>
    </p>
   </div>
   <div class='ocr_carea' id='block_1_38' title="bbox 378 3233 3794 3315">
    <p class='ocr_par' dir='ltr' id='par_1_38' title="bbox 378 3233 3794 3315">
     <span class='ocr_line' id='line_1_39' title="bbox 378 3233 3794 3315; baseline -0.001 -20"><span class='ocrx_word' id='word_1_480' title='bbox 378 3239 712 3310; x_wconf 77' lang='grc' dir='ltr'><strong>ἐξετέθησαν,</strong></span> <span class='ocrx_word' id='word_1_481' title='bbox 756 3239 847 3295; x_wconf 77' lang='grc' dir='ltr'><strong>καὶ</strong></span> <span class='ocrx_word' id='word_1_482' title='bbox 894 3238 1015 3293; x_wconf 79' lang='grc' dir='ltr'>τίνα</span> <span class='ocrx_word' id='word_1_483' title='bbox 1063 3238 1163 3294; x_wconf 75' lang='grc' dir='ltr'>εἶσὶ</span> <span class='ocrx_word' id='word_1_484' title='bbox 1211 3239 1280 3293; x_wconf 70' lang='grc' dir='ltr'><strong>τὰ</strong></span> <span class='ocrx_word' id='word_1_485' title='bbox 1328 3233 1775 3311; x_wconf 78' lang='grc' dir='ltr'>μνημονευόμενα</span> <span class='ocrx_word' id='word_1_486' title='bbox 1821 3237 1871 3293; x_wconf 83' lang='grc' dir='ltr'>ἐν</span> <span class='ocrx_word' id='word_1_487' title='bbox 1922 3243 2039 3299; x_wconf 70' lang='grc' dir='ltr'>ταῖς</span> <span class='ocrx_word' id='word_1_488' title='bbox 2090 3243 2330 3315; x_wconf 70' lang='grc' dir='ltr'><strong>Γραφαιῖς</strong></span> <span class='ocrx_word' id='word_1_489' title='bbox 2382 3233 2593 3313; x_wconf 80' lang='grc' dir='ltr'><strong>βιϐλία,</strong></span> <span class='ocrx_word' id='word_1_490' title='bbox 2645 3240 2719 3310; x_wconf 76' lang='grc' dir='ltr'>μὴ</span> <span class='ocrx_word' id='word_1_491' title='bbox 2772 3238 3126 3310; x_wconf 69' lang='grc' dir='ltr'>εὑρισκόμενα</span> <span class='ocrx_word' id='word_1_492' title='bbox 3177 3234 3393 3315; x_wconf 44' lang='grc' dir='ltr'>δὲχκαὶ</span> <span class='ocrx_word' id='word_1_493' title='bbox 3440 3235 3562 3315; x_wconf 60' lang='grc' dir='ltr'>τίνοι</span> <span class='ocrx_word' id='word_1_494' title='bbox 3593 3235 3695 3315; x_wconf 63' lang='lat' dir='ltr'><strong>eici</strong></span> <span class='ocrx_word' id='word_1_495' title='bbox 3726 3235 3794 3291; x_wconf 73' lang='grc' dir='ltr'><strong>τὰ</strong></span> 
     </span>
    </p>
   </div>
   <div class='ocr_carea' id='block_1_39' title="bbox 377 3309 3795 3393">
    <p class='ocr_par' dir='ltr' id='par_1_39' title="bbox 377 3309 3795 3393">
     <span class='ocr_line' id='line_1_40' title="bbox 377 3309 3795 3393; baseline -0.003 -18"><span class='ocrx_word' id='word_1_496' title='bbox 377 3309 430 3393; x_wconf 67' lang='grc' dir='ltr'>ἓν</span> <span class='ocrx_word' id='word_1_497' title='bbox 466 3324 546 3391; x_wconf 79' lang='grc' dir='ltr'><strong>τῷ</strong></span> <span class='ocrx_word' id='word_1_498' title='bbox 587 3309 733 3375; x_wconf 71' lang='grc' dir='ltr'><strong>τὲλὲι</strong></span> <span class='ocrx_word' id='word_1_499' title='bbox 764 3324 843 3374; x_wconf 84' lang='grc' dir='ltr'>τῶ</span> <span class='ocrx_word' id='word_1_500' title='bbox 877 3315 1039 3393; x_wconf 50' lang='lat' dir='ltr'><strong>etauio</strong></span> <span class='ocrx_word' id='word_1_501' title='bbox 1071 3309 1401 3393; x_wconf 70' lang='grc' dir='ltr'><strong>πραχθέντα,</strong></span> <span class='ocrx_word' id='word_1_502' title='bbox 1432 3309 1522 3373; x_wconf 50' lang='grc' dir='ltr'>καὶ</span> <span class='ocrx_word' id='word_1_503' title='bbox 1558 3309 1698 3380; x_wconf 58' lang='grc' dir='ltr'>τίνες</span> <span class='ocrx_word' id='word_1_504' title='bbox 1731 3320 2076 3393; x_wconf 75' lang='grc' dir='ltr'>ἡρμήνευσαν</span> <span class='ocrx_word' id='word_1_505' title='bbox 2107 3309 2170 3373; x_wconf 80' lang='grc' dir='ltr'>τὸ</span> <span class='ocrx_word' id='word_1_506' title='bbox 2199 3309 2525 3393; x_wconf 37' lang='lat' dir='ltr'><strong>{altri-pinv,</strong></span> <span class='ocrx_word' id='word_1_507' title='bbox 2558 3318 2647 3373; x_wconf 80' lang='grc' dir='ltr'>καὶ</span> <span class='ocrx_word' id='word_1_508' title='bbox 2680 3317 2859 3389; x_wconf 80' lang='grc' dir='ltr'>πόσοι,</span> <span class='ocrx_word' id='word_1_509' title='bbox 2892 3318 2980 3372; x_wconf 77' lang='grc' dir='ltr'><strong>καὶ</strong></span> <span class='ocrx_word' id='word_1_510' title='bbox 3013 3316 3163 3372; x_wconf 80' lang='grc' dir='ltr'><strong>πότε.</strong></span> <span class='ocrx_word' id='word_1_511' title='bbox 3218 3311 3283 3370; x_wconf 84' lang='lat' dir='ltr'><strong>ld</strong></span> <span class='ocrx_word' id='word_1_512' title='bbox 3327 3316 3437 3393; x_wconf 78' lang='lat' dir='ltr'><strong>est,</strong></span> <span class='ocrx_word' id='word_1_513' title='bbox 3492 3309 3795 3393; x_wconf 61' lang='grc' dir='ltr'>Μεέὴοιζω</span> 
     </span>
    </p>
   </div>
   <div class='ocr_carea' id='block_1_40' title="bbox 375 3388 3793 3474">
    <p class='ocr_par' dir='ltr' id='par_1_40' title="bbox 375 3388 3793 3474">
     <span class='ocr_line' id='line_1_41' title="bbox 375 3388 3793 3474; baseline -0.001 -20"><span class='ocrx_word' id='word_1_514' title='bbox 375 3388 625 3474; x_wconf 78' lang='lat' dir='ltr'><strong>Josephi</strong></span> <span class='ocrx_word' id='word_1_515' title='bbox 647 3411 748 3454; x_wconf 86' lang='lat' dir='ltr'><strong>seu</strong></span> <span class='ocrx_word' id='word_1_516' title='bbox 772 3390 1013 3474; x_wconf 82' lang='lat' dir='ltr'><strong>Josippi</strong></span> <span class='ocrx_word' id='word_1_517' title='bbox 1035 3388 1122 3474; x_wconf 36' lang='lat' dir='ltr'><strong>ex&quot;</strong></span> <span class='ocrx_word' id='word_1_518' title='bbox 1138 3388 1574 3474; x_wconf 72' lang='lat' dir='ltr'><strong>commentariis</strong></span> <span class='ocrx_word' id='word_1_519' title='bbox 1612 3407 1664 3453; x_wconf 86' lang='lat' dir='ltr'><strong>et</strong></span> <span class='ocrx_word' id='word_1_520' title='bbox 1696 3388 1989 3474; x_wconf 69' lang='lat' dir='ltr'><strong>chronicis</strong></span> <span class='ocrx_word' id='word_1_521' title='bbox 2014 3388 2309 3474; x_wconf 80' lang='lat' dir='ltr'><strong>opusculis</strong></span> <span class='ocrx_word' id='word_1_522' title='bbox 2340 3388 2506 3453; x_wconf 74' lang='lat' dir='ltr'><strong>illius</strong></span> <span class='ocrx_word' id='word_1_523' title='bbox 2528 3413 2549 3453; x_wconf 90' lang='lat'><strong><em>:</em></strong></span> <span class='ocrx_word' id='word_1_524' title='bbox 2598 3413 2715 3472; x_wconf 87' lang='lat' dir='ltr'><strong>quo</strong></span> <span class='ocrx_word' id='word_1_525' title='bbox 2741 3388 2911 3473; x_wconf 81' lang='lat' dir='ltr'><strong>pacto</strong></span> <span class='ocrx_word' id='word_1_526' title='bbox 2941 3395 3321 3474; x_wconf 79' lang='lat' dir='ltr'><strong>constitutum</strong></span> <span class='ocrx_word' id='word_1_527' title='bbox 3348 3391 3531 3470; x_wconf 69' lang='lat' dir='ltr'><strong>fuerit</strong></span> <span class='ocrx_word' id='word_1_528' title='bbox 3564 3388 3793 3452; x_wconf 77' lang='lat' dir='ltr'><strong>Psalte-</strong></span> 
     </span>
    </p>
   </div>
   <div class='ocr_carea' id='block_1_41' title="bbox 379 3470 3791 3554">
    <p class='ocr_par' dir='ltr' id='par_1_41' title="bbox 379 3470 3791 3554">
     <span class='ocr_line' id='line_1_42' title="bbox 379 3470 3791 3554; baseline -0.001 -21"><span class='ocrx_word' id='word_1_529' title='bbox 379 3470 558 3541; x_wconf 83' lang='lat' dir='ltr'><strong>rium.</strong></span> <span class='ocrx_word' id='word_1_530' title='bbox 592 3493 707 3554; x_wconf 88' lang='lat' dir='ltr'><strong>quo</strong></span> <span class='ocrx_word' id='word_1_531' title='bbox 738 3470 914 3533; x_wconf 79' lang='lat' dir='ltr'><strong>modo</strong></span> <span class='ocrx_word' id='word_1_532' title='bbox 933 3470 1154 3550; x_wconf 69' lang='lat' dir='ltr'><strong>psalmi</strong></span> <span class='ocrx_word' id='word_1_533' title='bbox 1176 3470 1322 3533; x_wconf 82' lang='lat' dir='ltr'><strong>editi</strong></span> <span class='ocrx_word' id='word_1_534' title='bbox 1352 3492 1373 3532; x_wconf 92' lang='lat'><strong><em>:</em></strong></span> <span class='ocrx_word' id='word_1_535' title='bbox 1413 3477 1656 3554; x_wconf 85' lang='lat' dir='ltr'><strong>quinam</strong></span> <span class='ocrx_word' id='word_1_536' title='bbox 1687 3472 1831 3554; x_wconf 81' lang='lat' dir='ltr'><strong>libri</strong></span> <span class='ocrx_word' id='word_1_537' title='bbox 1861 3475 1920 3532; x_wconf 88' lang='lat' dir='ltr'><strong>in</strong></span> <span class='ocrx_word' id='word_1_538' title='bbox 1961 3470 2299 3554; x_wconf 73' lang='lat' dir='ltr'><strong>Scripturis</strong></span> <span class='ocrx_word' id='word_1_539' title='bbox 2338 3470 2655 3534; x_wconf 80' lang='lat' dir='ltr'><strong>memorati</strong></span> <span class='ocrx_word' id='word_1_540' title='bbox 2693 3470 2823 3552; x_wconf 71' lang='lat' dir='ltr'><strong>iam</strong></span> <span class='ocrx_word' id='word_1_541' title='bbox 2870 3492 2987 3533; x_wconf 89' lang='lat' dir='ltr'><strong>non</strong></span> <span class='ocrx_word' id='word_1_542' title='bbox 3034 3472 3419 3552; x_wconf 69' lang='lat' dir='ltr'><strong>reperiuntur</strong></span> <span class='ocrx_word' id='word_1_543' title='bbox 3448 3489 3469 3530; x_wconf 91' lang='lat'><strong><em>:</em></strong></span> <span class='ocrx_word' id='word_1_544' title='bbox 3516 3489 3791 3554; x_wconf 71' lang='lat' dir='ltr'><strong>quaenam</strong></span> 
     </span>
    </p>
   </div>
   <div class='ocr_carea' id='block_1_42' title="bbox 384 3550 3785 3643">
    <p class='ocr_par' dir='ltr' id='par_1_42' title="bbox 384 3550 3785 3643">
     <span class='ocr_line' id='line_1_43' title="bbox 384 3550 3785 3643; baseline -0.001 -29"><span class='ocrx_word' id='word_1_545' title='bbox 384 3556 447 3643; x_wconf 72' lang='lat' dir='ltr'><strong>in</strong></span> <span class='ocrx_word' id='word_1_546' title='bbox 492 3550 616 3634; x_wconf 74' lang='lat' dir='ltr'><strong>ﬁne</strong></span> <span class='ocrx_word' id='word_1_547' title='bbox 640 3554 724 3633; x_wconf 79' lang='grc' dir='ltr'><strong>(ὑ)</strong></span> <span class='ocrx_word' id='word_1_548' title='bbox 771 3574 809 3643; x_wconf 80' lang='lat' dir='ltr'><strong>a</strong></span> <span class='ocrx_word' id='word_1_549' title='bbox 840 3554 1065 3643; x_wconf 54' lang='lat' dir='ltr'><strong>Occide</strong></span> <span class='ocrx_word' id='word_1_550' title='bbox 1095 3558 1261 3643; x_wconf 74' lang='lat' dir='ltr'><strong>facta</strong></span> <span class='ocrx_word' id='word_1_551' title='bbox 1284 3550 1475 3643; x_wconf 67' lang='lat' dir='ltr'><strong>sunt:</strong></span> <span class='ocrx_word' id='word_1_552' title='bbox 1521 3550 2158 3643; x_wconf 66' lang='lat' dir='ltr'><strong>quinam__l’salteriuin</strong></span> <span class='ocrx_word' id='word_1_553' title='bbox 2188 3555 2571 3643; x_wconf 64' lang='lat' dir='ltr'><strong>interpretati</strong></span> <span class='ocrx_word' id='word_1_554' title='bbox 2591 3550 2732 3643; x_wconf 64' lang='lat' dir='ltr'><strong>sint,</strong></span> <span class='ocrx_word' id='word_1_555' title='bbox 2772 3555 2951 3643; x_wconf 70' lang='lat' dir='ltr'><strong>quati</strong></span> <span class='ocrx_word' id='word_1_556' title='bbox 2979 3563 3042 3643; x_wconf 80' lang='lat' dir='ltr'><strong>_et</strong></span> <span class='ocrx_word' id='word_1_557' title='bbox 3093 3550 3209 3633; x_wconf 84' lang='lat' dir='ltr'><strong>quo</strong></span> <span class='ocrx_word' id='word_1_558' title='bbox 3256 3550 3785 3643; x_wconf 61' lang='lat' dir='ltr'><strong>temporefuerint.</strong></span> 
     </span>
    </p>
   </div>
   <div class='ocr_carea' id='block_1_43' title="bbox 382 3630 3790 3714">
    <p class='ocr_par' dir='ltr' id='par_1_43' title="bbox 382 3630 3790 3714">
     <span class='ocr_line' id='line_1_44' title="bbox 382 3630 3790 3714; baseline -0.001 -19"><span class='ocrx_word' id='word_1_559' title='bbox 382 3630 615 3696; x_wconf 81' lang='lat' dir='ltr'><strong>Verum</strong></span> <span class='ocrx_word' id='word_1_560' title='bbox 652 3630 728 3695; x_wconf 83' lang='lat' dir='ltr'><strong>ut</strong></span> <span class='ocrx_word' id='word_1_561' title='bbox 767 3633 993 3714; x_wconf 81' lang='lat' dir='ltr'><strong>judicii</strong></span> <span class='ocrx_word' id='word_1_562' title='bbox 1037 3630 1176 3695; x_wconf 90' lang='lat' dir='ltr'><strong>tuta</strong></span> <span class='ocrx_word' id='word_1_563' title='bbox 1220 3652 1297 3695; x_wconf 92' lang='lat' dir='ltr'><strong>ea</strong></span> <span class='ocrx_word' id='word_1_564' title='bbox 1341 3635 1420 3695; x_wconf 90' lang='lat' dir='ltr'><strong>de</strong></span> <span class='ocrx_word' id='word_1_565' title='bbox 1467 3630 1543 3695; x_wconf 80' lang='lat' dir='ltr'><strong>re</strong></span> <span class='ocrx_word' id='word_1_566' title='bbox 1580 3634 1821 3696; x_wconf 86' lang='lat' dir='ltr'><strong>ferendi</strong></span> <span class='ocrx_word' id='word_1_567' title='bbox 1867 3633 2051 3713; x_wconf 90' lang='lat' dir='ltr'><strong>copia</strong></span> <span class='ocrx_word' id='word_1_568' title='bbox 2091 3641 2271 3706; x_wconf 89' lang='lat' dir='ltr'><strong>esset,</strong></span> <span class='ocrx_word' id='word_1_569' title='bbox 2325 3630 2602 3696; x_wconf 79' lang='lat' dir='ltr'><strong>codicem</strong></span> <span class='ocrx_word' id='word_1_570' title='bbox 2634 3630 3232 3711; x_wconf 53' lang='lat' dir='ltr'><strong>Cantabrigiam—em,</strong></span> <span class='ocrx_word' id='word_1_571' title='bbox 3268 3632 3344 3693; x_wconf 92' lang='lat' dir='ltr'><strong>de</strong></span> <span class='ocrx_word' id='word_1_572' title='bbox 3376 3630 3594 3714; x_wconf 87' lang='lat' dir='ltr'><strong>quoin</strong></span> <span class='ocrx_word' id='word_1_573' title='bbox 3628 3630 3790 3714; x_wconf 80' lang='lat' dir='ltr'><strong>notis</strong></span> 
     </span>
    </p>
   </div>
   <div class='ocr_carea' id='block_1_44' title="bbox 382 3712 3785 3794">
    <p class='ocr_par' dir='ltr' id='par_1_44' title="bbox 382 3712 3785 3794">
     <span class='ocr_line' id='line_1_45' title="bbox 382 3712 3785 3794; baseline -0.001 -19"><span class='ocrx_word' id='word_1_574' title='bbox 382 3714 639 3790; x_wconf 89' lang='lat' dir='ltr'><strong>ibidem,</strong></span> <span class='ocrx_word' id='word_1_575' title='bbox 692 3733 732 3777; x_wconf 89' lang='lat' dir='ltr'><strong>a</strong></span> <span class='ocrx_word' id='word_1_576' title='bbox 772 3712 1039 3776; x_wconf 37' lang='lat' dir='ltr'><strong>&#39;Patritio</strong></span> <span class='ocrx_word' id='word_1_577' title='bbox 1081 3714 1270 3777; x_wconf 81' lang='lat' dir='ltr'><strong>Junio</strong></span> <span class='ocrx_word' id='word_1_578' title='bbox 1315 3714 1379 3775; x_wconf 90' lang='lat' dir='ltr'><strong>in</strong></span> <span class='ocrx_word' id='word_1_579' title='bbox 1427 3714 1593 3776; x_wconf 91' lang='lat' dir='ltr'><strong>notis</strong></span> <span class='ocrx_word' id='word_1_580' title='bbox 1635 3714 1716 3775; x_wconf 86' lang='lat' dir='ltr'><strong>ad</strong></span> <span class='ocrx_word' id='word_1_581' title='bbox 1756 3712 2091 3794; x_wconf 89' lang='lat' dir='ltr'><strong>epistolam</strong></span> <span class='ocrx_word' id='word_1_582' title='bbox 2124 3715 2459 3776; x_wconf 87' lang='lat' dir='ltr'><strong>Clementis</strong></span> <span class='ocrx_word' id='word_1_583' title='bbox 2491 3716 2567 3776; x_wconf 91' lang='lat' dir='ltr'><strong>ad</strong></span> <span class='ocrx_word' id='word_1_584' title='bbox 2601 3714 2956 3775; x_wconf 86' lang='lat' dir='ltr'><strong>Corinthios</strong></span> <span class='ocrx_word' id='word_1_585' title='bbox 2984 3714 3333 3794; x_wconf 82' lang='lat' dir='ltr'><strong>laudatum,</strong></span> <span class='ocrx_word' id='word_1_586' title='bbox 3368 3712 3785 3794; x_wconf 87' lang='lat' dir='ltr'><strong>evolvendum</strong></span> 
     </span>
    </p>
   </div>
   <div class='ocr_carea' id='block_1_45' title="bbox 383 3793 3784 3874">
    <p class='ocr_par' dir='ltr' id='par_1_45' title="bbox 383 3793 3784 3874">
     <span class='ocr_line' id='line_1_46' title="bbox 383 3793 3784 3874; baseline -0.001 -17"><span class='ocrx_word' id='word_1_587' title='bbox 383 3800 723 3874; x_wconf 87' lang='lat' dir='ltr'><strong>oporteret.</strong></span> <span class='ocrx_word' id='word_1_588' title='bbox 777 3798 854 3857; x_wconf 88' lang='lat' dir='ltr'><strong>Et</strong></span> <span class='ocrx_word' id='word_1_589' title='bbox 899 3795 1179 3857; x_wconf 87' lang='lat' dir='ltr'><strong>fortassis</strong></span> <span class='ocrx_word' id='word_1_590' title='bbox 1226 3795 1326 3856; x_wconf 90' lang='lat' dir='ltr'><strong>vel</strong></span> <span class='ocrx_word' id='word_1_591' title='bbox 1371 3795 1505 3874; x_wconf 91' lang='lat' dir='ltr'><strong>ipse</strong></span> <span class='ocrx_word' id='word_1_592' title='bbox 1552 3795 1728 3856; x_wconf 90' lang='lat' dir='ltr'><strong>locus</strong></span> <span class='ocrx_word' id='word_1_593' title='bbox 1776 3793 1812 3857; x_wconf 83' lang='lat' dir='ltr'><strong>a</strong></span> <span class='ocrx_word' id='word_1_594' title='bbox 1860 3795 2191 3857; x_wconf 89' lang='lat' dir='ltr'><strong>Lambecio</strong></span> <span class='ocrx_word' id='word_1_595' title='bbox 2240 3794 2534 3856; x_wconf 88' lang='lat' dir='ltr'><strong>laudatus</strong></span> <span class='ocrx_word' id='word_1_596' title='bbox 2581 3797 2750 3855; x_wconf 88' lang='lat' dir='ltr'><strong>solus</strong></span> <span class='ocrx_word' id='word_1_597' title='bbox 2799 3796 2876 3855; x_wconf 89' lang='lat' dir='ltr'><strong>sit</strong></span> <span class='ocrx_word' id='word_1_598' title='bbox 2921 3794 3090 3861; x_wconf 79' lang='lat' dir='ltr'><strong>satis,</strong></span> <span class='ocrx_word' id='word_1_599' title='bbox 3128 3799 3188 3874; x_wconf 87' lang='lat' dir='ltr'><strong>ut</strong></span> <span class='ocrx_word' id='word_1_600' title='bbox 3219 3793 3564 3872; x_wconf 82' lang='lat' dir='ltr'><strong>Josephum</strong></span> <span class='ocrx_word' id='word_1_601' title='bbox 3598 3793 3784 3853; x_wconf 86' lang='lat' dir='ltr'><strong>istum</strong></span> 
     </span>
    </p>
   </div>
   <div class='ocr_carea' id='block_1_46' title="bbox 379 3873 3789 3956">
    <p class='ocr_par' dir='ltr' id='par_1_46' title="bbox 379 3873 3789 3956">
     <span class='ocr_line' id='line_1_47' title="bbox 379 3873 3789 3956; baseline -0.001 -19"><span class='ocrx_word' id='word_1_602' title='bbox 379 3873 802 3938; x_wconf 85' lang='lat' dir='ltr'><strong>Christianum</strong></span> <span class='ocrx_word' id='word_1_603' title='bbox 833 3875 1024 3937; x_wconf 89' lang='lat' dir='ltr'><strong>fuisse</strong></span> <span class='ocrx_word' id='word_1_604' title='bbox 1054 3873 1503 3955; x_wconf 81' lang='lat' dir='ltr'><strong>comprobetur</strong></span> <span class='ocrx_word' id='word_1_605' title='bbox 1534 3896 1548 3939; x_wconf 90' lang='lat'>:</span> <span class='ocrx_word' id='word_1_606' title='bbox 1600 3876 1712 3937; x_wconf 90' lang='lat' dir='ltr'><strong>illa</strong></span> <span class='ocrx_word' id='word_1_607' title='bbox 1742 3876 1907 3937; x_wconf 90' lang='lat' dir='ltr'><strong>enim</strong></span> <span class='ocrx_word' id='word_1_608' title='bbox 1940 3880 2260 3956; x_wconf 89' lang='lat' dir='ltr'><strong>postrema</strong></span> <span class='ocrx_word' id='word_1_609' title='bbox 2299 3876 2492 3936; x_wconf 75' lang='lat' dir='ltr'><strong>verba</strong></span> <span class='ocrx_word' id='word_1_610' title='bbox 2525 3895 2538 3935; x_wconf 91' lang='lat'><strong>:</strong></span> <span class='ocrx_word' id='word_1_611' title='bbox 2593 3876 2683 3937; x_wconf 80' lang='lat' dir='ltr'><strong>Et</strong></span> <span class='ocrx_word' id='word_1_612' title='bbox 2728 3878 2971 3955; x_wconf 85' lang='lat' dir='ltr'><strong>quinam</strong></span> <span class='ocrx_word' id='word_1_613' title='bbox 3021 3873 3378 3956; x_wconf 77' lang='lat' dir='ltr'><strong>Psalterium</strong></span> <span class='ocrx_word' id='word_1_614' title='bbox 3411 3874 3789 3956; x_wconf 75' lang='lat' dir='ltr'><strong>interpretati</strong></span> 
     </span>
    </p>
   </div>
   <div class='ocr_carea' id='block_1_47' title="bbox 373 3952 3785 4039">
    <p class='ocr_par' dir='ltr' id='par_1_47' title="bbox 373 3952 3785 4039">
     <span class='ocr_line' id='line_1_48' title="bbox 373 3952 3785 4039; baseline -0.001 -23"><span class='ocrx_word' id='word_1_615' title='bbox 373 3958 515 4030; x_wconf 84' lang='lat' dir='ltr'><strong>sint,</strong></span> <span class='ocrx_word' id='word_1_616' title='bbox 545 3958 741 4039; x_wconf 15' lang='lat' dir='ltr'><strong>iquoti</strong></span> <span class='ocrx_word' id='word_1_617' title='bbox 782 3966 840 4018; x_wconf 87' lang='lat' dir='ltr'><strong>et</strong></span> <span class='ocrx_word' id='word_1_618' title='bbox 883 3976 999 4039; x_wconf 89' lang='lat' dir='ltr'><strong>quo</strong></span> <span class='ocrx_word' id='word_1_619' title='bbox 1039 3952 1303 4039; x_wconf 66' lang='lat' dir='ltr'><strong>tempore</strong></span> <span class='ocrx_word' id='word_1_620' title='bbox 1338 3955 1597 4039; x_wconf 69' lang='lat' dir='ltr'><strong>fuerint,</strong></span> <span class='ocrx_word' id='word_1_621' title='bbox 1650 3952 2023 4036; x_wconf 76' lang='lat' dir='ltr'><strong>argumento</strong></span> <span class='ocrx_word' id='word_1_622' title='bbox 2070 3964 2238 4029; x_wconf 89' lang='lat' dir='ltr'><strong>sunt,</strong></span> <span class='ocrx_word' id='word_1_623' title='bbox 2292 3956 2357 4016; x_wconf 88' lang='lat' dir='ltr'><strong>ni</strong></span> <span class='ocrx_word' id='word_1_624' title='bbox 2407 3956 2585 4039; x_wconf 86' lang='lat' dir='ltr'><strong>labor</strong></span> <span class='ocrx_word' id='word_1_625' title='bbox 2629 3952 2946 4039; x_wconf 81' lang='lat' dir='ltr'><strong>opinione.</strong></span> <span class='ocrx_word' id='word_1_626' title='bbox 2997 3955 3241 4034; x_wconf 89' lang='lat' dir='ltr'><strong>aliquot</strong></span> <span class='ocrx_word' id='word_1_627' title='bbox 3288 3961 3432 4033; x_wconf 90' lang='lat' dir='ltr'><strong>post</strong></span> <span class='ocrx_word' id='word_1_628' title='bbox 3469 3952 3785 4039; x_wconf 80' lang='lat' dir='ltr'><strong>Christum</strong></span> 
     </span>
    </p>
   </div>
   <div class='ocr_carea' id='block_1_48' title="bbox 373 4033 3787 4118">
    <p class='ocr_par' dir='ltr' id='par_1_48' title="bbox 373 4033 3787 4118">
     <span class='ocr_line' id='line_1_49' title="bbox 373 4033 3787 4118; baseline -0.002 -20"><span class='ocrx_word' id='word_1_629' title='bbox 373 4033 617 4099; x_wconf 79' lang='lat' dir='ltr'><strong>saeculis</strong></span> <span class='ocrx_word' id='word_1_630' title='bbox 648 4037 816 4099; x_wconf 91' lang='lat' dir='ltr'><strong>hunc</strong></span> <span class='ocrx_word' id='word_1_631' title='bbox 843 4033 1187 4118; x_wconf 79' lang='lat' dir='ltr'><strong>Josephum</strong></span> <span class='ocrx_word' id='word_1_632' title='bbox 1223 4033 1472 4099; x_wconf 35' lang='lat' dir='ltr'><strong>vixi—sse.</strong></span> <span class='ocrx_word' id='word_1_633' title='bbox 1512 4037 1625 4098; x_wconf 89' lang='lat' dir='ltr'><strong>Ille</strong></span> <span class='ocrx_word' id='word_1_634' title='bbox 1668 4033 1976 4117; x_wconf 82' lang='lat' dir='ltr'><strong>siquidem</strong></span> <span class='ocrx_word' id='word_1_635' title='bbox 2028 4038 2633 4118; x_wconf 86' lang='lat' dir='ltr'><strong>Commentariorum</strong></span> <span class='ocrx_word' id='word_1_636' title='bbox 2675 4033 2745 4097; x_wconf 85' lang='lat' dir='ltr'><strong>in</strong></span> <span class='ocrx_word' id='word_1_637' title='bbox 2796 4038 3080 4096; x_wconf 88' lang='lat' dir='ltr'><strong>Psalmos</strong></span> <span class='ocrx_word' id='word_1_638' title='bbox 3108 4033 3443 4118; x_wconf 84' lang='lat' dir='ltr'><strong>numerus,</strong></span> <span class='ocrx_word' id='word_1_639' title='bbox 3506 4033 3787 4118; x_wconf 77' lang='lat' dir='ltr'><strong>animum</strong></span> 
     </span>
    </p>
   </div>
   <div class='ocr_carea' id='block_1_49' title="bbox 370 4114 3790 4198">
    <p class='ocr_par' dir='ltr' id='par_1_49' title="bbox 370 4114 3790 4198">
     <span class='ocr_line' id='line_1_50' title="bbox 370 4114 3790 4198; baseline -0.001 -21"><span class='ocrx_word' id='word_1_640' title='bbox 370 4125 663 4197; x_wconf 85' lang='lat' dir='ltr'><strong>exauget,</strong></span> <span class='ocrx_word' id='word_1_641' title='bbox 717 4125 786 4179; x_wconf 93' lang='lat' dir='ltr'><strong>ut</strong></span> <span class='ocrx_word' id='word_1_642' title='bbox 837 4114 1011 4179; x_wconf 76' lang='lat' dir='ltr'><strong>hunc</strong></span> <span class='ocrx_word' id='word_1_643' title='bbox 1050 4119 1392 4198; x_wconf 86' lang='lat' dir='ltr'><strong>Josephum</strong></span> <span class='ocrx_word' id='word_1_644' title='bbox 1445 4119 1638 4178; x_wconf 92' lang='lat' dir='ltr'><strong>alium</strong></span> <span class='ocrx_word' id='word_1_645' title='bbox 1691 4114 2185 4198; x_wconf 41' lang='lat' dir='ltr'><strong>a&#39;celeberrimo</strong></span> <span class='ocrx_word' id='word_1_646' title='bbox 2234 4118 2512 4196; x_wconf 89' lang='lat' dir='ltr'><strong>Josepho</strong></span> <span class='ocrx_word' id='word_1_647' title='bbox 2561 4118 2963 4178; x_wconf 90' lang='lat' dir='ltr'><strong>arbitremur.</strong></span> <span class='ocrx_word' id='word_1_648' title='bbox 2999 4119 3134 4177; x_wconf 90' lang='lat' dir='ltr'><strong>Non</strong></span> <span class='ocrx_word' id='word_1_649' title='bbox 3165 4116 3330 4177; x_wconf 91' lang='lat' dir='ltr'><strong>enim</strong></span> <span class='ocrx_word' id='word_1_650' title='bbox 3364 4133 3498 4175; x_wconf 63' lang='lat' dir='ltr'><strong>aevo</strong></span> <span class='ocrx_word' id='word_1_651' title='bbox 3525 4114 3790 4194; x_wconf 83' lang='lat' dir='ltr'><strong>Josephi</strong></span> 
     </span>
    </p>
   </div>
   <div class='ocr_carea' id='block_1_50' title="bbox 370 4197 2759 4281">
    <p class='ocr_par' dir='ltr' id='par_1_50' title="bbox 370 4197 2759 4281">
     <span class='ocr_line' id='line_1_51' title="bbox 370 4197 2759 4281; baseline -0.001 -21"><span class='ocrx_word' id='word_1_652' title='bbox 370 4199 823 4281; x_wconf 86' lang='lat' dir='ltr'><strong>Antiquitatum</strong></span> <span class='ocrx_word' id='word_1_653' title='bbox 854 4200 1176 4279; x_wconf 89' lang='lat' dir='ltr'><strong>scriptoris</strong></span> <span class='ocrx_word' id='word_1_654' title='bbox 1204 4205 1301 4260; x_wconf 89' lang='lat' dir='ltr'><strong>tot</strong></span> <span class='ocrx_word' id='word_1_655' title='bbox 1329 4199 1786 4260; x_wconf 88' lang='lat' dir='ltr'><strong>commentaria</strong></span> <span class='ocrx_word' id='word_1_656' title='bbox 1812 4201 1875 4259; x_wconf 91' lang='lat' dir='ltr'><strong>in</strong></span> <span class='ocrx_word' id='word_1_657' title='bbox 1905 4197 2188 4260; x_wconf 88' lang='lat' dir='ltr'><strong>Psalmos</strong></span> <span class='ocrx_word' id='word_1_658' title='bbox 2228 4198 2416 4259; x_wconf 89' lang='lat' dir='ltr'><strong>fuisse</strong></span> <span class='ocrx_word' id='word_1_659' title='bbox 2445 4198 2759 4259; x_wconf 89' lang='lat' dir='ltr'><strong>videntur.</strong></span> 
     </span>
    </p>
   </div>
   <div class='ocr_carea' id='block_1_51' title="bbox 449 4302 3791 4385">
    <p class='ocr_par' dir='ltr' id='par_1_51' title="bbox 449 4302 3791 4385">
     <span class='ocr_line' id='line_1_52' title="bbox 449 4302 3791 4385; baseline -0.001 -19"><span class='ocrx_word' id='word_1_660' title='bbox 449 4307 538 4367; x_wconf 84' lang='lat' dir='ltr'><strong>Ne</strong></span> <span class='ocrx_word' id='word_1_661' title='bbox 569 4306 936 4367; x_wconf 90' lang='lat' dir='ltr'><strong>omittamus</strong></span> <span class='ocrx_word' id='word_1_662' title='bbox 967 4322 1041 4366; x_wconf 89' lang='lat' dir='ltr'><strong>ea</strong></span> <span class='ocrx_word' id='word_1_663' title='bbox 1071 4324 1213 4385; x_wconf 65' lang='lat' dir='ltr'><strong>qum</strong></span> <span class='ocrx_word' id='word_1_664' title='bbox 1243 4305 1319 4365; x_wconf 92' lang='lat' dir='ltr'><strong>de</strong></span> <span class='ocrx_word' id='word_1_665' title='bbox 1350 4304 1586 4385; x_wconf 90' lang='lat' dir='ltr'><strong>codice,</strong></span> <span class='ocrx_word' id='word_1_666' title='bbox 1620 4304 1789 4365; x_wconf 89' lang='lat' dir='ltr'><strong>unde</strong></span> <span class='ocrx_word' id='word_1_667' title='bbox 1828 4303 1964 4364; x_wconf 72' lang='lat' dir='ltr'><strong>haec</strong></span> <span class='ocrx_word' id='word_1_668' title='bbox 2011 4303 2302 4385; x_wconf 76' lang='lat' dir='ltr'><strong>Synopsis</strong></span> <span class='ocrx_word' id='word_1_669' title='bbox 2350 4304 2605 4384; x_wconf 89' lang='lat' dir='ltr'><strong>prodiit,</strong></span> <span class='ocrx_word' id='word_1_670' title='bbox 2642 4304 2833 4365; x_wconf 90' lang='lat' dir='ltr'><strong>habet</strong></span> <span class='ocrx_word' id='word_1_671' title='bbox 2864 4302 3338 4385; x_wconf 72' lang='lat' dir='ltr'><strong>Felckmannus.</strong></span> <span class='ocrx_word' id='word_1_672' title='bbox 3393 4322 3423 4359; x_wconf 78' lang='grc' dir='ltr'>ι(</span> <span class='ocrx_word' id='word_1_673' title='bbox 3454 4302 3595 4363; x_wconf 65' lang='grc' dir='ltr'><strong>Ηεω</strong></span> <span class='ocrx_word' id='word_1_674' title='bbox 3643 4304 3791 4362; x_wconf 83' lang='lat' dir='ltr'><strong>sunt</strong></span> 
     </span>
    </p>
   </div>
   <div class='ocr_carea' id='block_1_52' title="bbox 375 4380 3787 4467">
    <p class='ocr_par' dir='ltr' id='par_1_52' title="bbox 375 4380 3787 4467">
     <span class='ocr_line' id='line_1_53' title="bbox 375 4380 3787 4467; baseline -0.001 -23"><span class='ocrx_word' id='word_1_675' title='bbox 375 4407 405 4444; x_wconf 80' lang='grc' dir='ltr'>α</span> <span class='ocrx_word' id='word_1_676' title='bbox 448 4404 655 4466; x_wconf 63' lang='lat' dir='ltr'><strong>operae</strong></span> <span class='ocrx_word' id='word_1_677' title='bbox 706 4384 926 4467; x_wconf 85' lang='lat' dir='ltr'><strong>inquit,</strong></span> <span class='ocrx_word' id='word_1_678' title='bbox 976 4380 1165 4467; x_wconf 79' lang='lat' dir='ltr'><strong>textu</strong></span> <span class='ocrx_word' id='word_1_679' title='bbox 1204 4385 1393 4467; x_wconf 86' lang='lat' dir='ltr'><strong>hujus</strong></span> <span class='ocrx_word' id='word_1_680' title='bbox 1443 4384 1792 4467; x_wconf 77' lang='lat' dir='ltr'><strong>Synopseos</strong></span> <span class='ocrx_word' id='word_1_681' title='bbox 1819 4388 2033 4467; x_wconf 61' lang='lat' dir='ltr'><strong>Graece</strong></span> <span class='ocrx_word' id='word_1_682' title='bbox 2060 4380 2394 4467; x_wconf 52' lang='lat' dir='ltr'><strong>&#39;des&#39;cript&#39;o</strong></span> <span class='ocrx_word' id='word_1_683' title='bbox 2441 4404 2514 4467; x_wconf 86' lang='lat' dir='ltr'><strong>ex</strong></span> <span class='ocrx_word' id='word_1_684' title='bbox 2568 4390 2813 4467; x_wconf 77' lang='lat' dir='ltr'><strong>vetusto</strong></span> <span class='ocrx_word' id='word_1_685' title='bbox 2843 4391 2906 4443; x_wconf 90' lang='lat' dir='ltr'><strong>et</strong></span> <span class='ocrx_word' id='word_1_686' title='bbox 2933 4380 3429 4467; x_wconf 81' lang='lat' dir='ltr'><strong>mirisductibus</strong></span> <span class='ocrx_word' id='word_1_687' title='bbox 3460 4387 3787 4467; x_wconf 59' lang='lat' dir='ltr'><strong>constante</strong></span> 
     </span>
    </p>
   </div>
   <div class='ocr_carea' id='block_1_53' title="bbox 371 4460 3781 4545">
    <p class='ocr_par' dir='ltr' id='par_1_53' title="bbox 371 4460 3781 4545">
     <span class='ocr_line' id='line_1_54' title="bbox 371 4460 3781 4545; baseline -0.001 -21"><span class='ocrx_word' id='word_1_688' title='bbox 371 4487 403 4524; x_wconf 79' lang='lat' dir='ltr'><strong>u</strong></span> <span class='ocrx_word' id='word_1_689' title='bbox 444 4460 681 4538; x_wconf 81' lang='lat' dir='ltr'><strong>codice,</strong></span> <span class='ocrx_word' id='word_1_690' title='bbox 732 4460 918 4545; x_wconf 78' lang='lat' dir='ltr'><strong>quem</strong></span> <span class='ocrx_word' id='word_1_691' title='bbox 961 4486 1038 4528; x_wconf 84' lang='lat' dir='ltr'><strong>ex</strong></span> <span class='ocrx_word' id='word_1_692' title='bbox 1089 4460 1473 4527; x_wconf 78' lang='lat' dir='ltr'><strong>bibliotheca</strong></span> <span class='ocrx_word' id='word_1_693' title='bbox 1489 4460 1620 4526; x_wconf 51' lang='lat' dir='ltr'><strong>&#39;viri</strong></span> <span class='ocrx_word' id='word_1_694' title='bbox 1646 4465 1974 4526; x_wconf 90' lang='lat' dir='ltr'><strong>clarissimi</strong></span> <span class='ocrx_word' id='word_1_695' title='bbox 2006 4466 2170 4526; x_wconf 85' lang='lat' dir='ltr'><strong>Petri</strong></span> <span class='ocrx_word' id='word_1_696' title='bbox 2202 4460 2479 4526; x_wconf 72' lang='lat' dir='ltr'><strong>Neveleti</strong></span> <span class='ocrx_word' id='word_1_697' title='bbox 2508 4465 2760 4526; x_wconf 90' lang='lat' dir='ltr'><strong>Dosehii</strong></span> <span class='ocrx_word' id='word_1_698' title='bbox 2790 4463 3033 4545; x_wconf 85' lang='lat' dir='ltr'><strong>curavit</strong></span> <span class='ocrx_word' id='word_1_699' title='bbox 3064 4463 3156 4545; x_wconf 79' lang='lat' dir='ltr'><strong>vir</strong></span> <span class='ocrx_word' id='word_1_700' title='bbox 3184 4460 3467 4545; x_wconf 78' lang='lat' dir='ltr'><strong>ampliss.</strong></span> <span class='ocrx_word' id='word_1_701' title='bbox 3512 4463 3581 4522; x_wconf 92' lang='lat' dir='ltr'><strong>D.</strong></span> <span class='ocrx_word' id='word_1_702' title='bbox 3614 4460 3781 4522; x_wconf 88' lang='lat' dir='ltr'><strong>Bon-</strong></span> 
     </span>
    </p>
   </div>
   <div class='ocr_carea' id='block_1_54' title="bbox 364 4540 3775 4626">
    <p class='ocr_par' dir='ltr' id='par_1_54' title="bbox 364 4540 3775 4626">
     <span class='ocr_line' id='line_1_55' title="bbox 364 4540 3775 4626; baseline -0 -23"><span class='ocrx_word' id='word_1_703' title='bbox 364 4570 393 4603; x_wconf 78' lang='grc' dir='ltr'><strong>α</strong></span> <span class='ocrx_word' id='word_1_704' title='bbox 442 4549 712 4624; x_wconf 87' lang='lat' dir='ltr'><strong>garsius,</strong></span> <span class='ocrx_word' id='word_1_705' title='bbox 744 4540 932 4626; x_wconf 84' lang='lat' dir='ltr'><strong>quem</strong></span> <span class='ocrx_word' id='word_1_706' title='bbox 964 4565 1109 4607; x_wconf 89' lang='lat' dir='ltr'><strong>cum</strong></span> <span class='ocrx_word' id='word_1_707' title='bbox 1139 4565 1265 4607; x_wconf 91' lang='lat' dir='ltr'><strong>non</strong></span> <span class='ocrx_word' id='word_1_708' title='bbox 1304 4548 1369 4607; x_wconf 91' lang='lat' dir='ltr'><strong>in</strong></span> <span class='ocrx_word' id='word_1_709' title='bbox 1402 4547 1697 4607; x_wconf 91' lang='lat' dir='ltr'><strong>omnibus</strong></span> <span class='ocrx_word' id='word_1_710' title='bbox 1726 4548 2076 4625; x_wconf 86' lang='lat' dir='ltr'><strong>descriptor</strong></span> <span class='ocrx_word' id='word_1_711' title='bbox 2103 4552 2425 4606; x_wconf 83' lang='lat' dir='ltr'><strong>assecutus</strong></span> <span class='ocrx_word' id='word_1_712' title='bbox 2453 4545 2556 4616; x_wconf 90' lang='lat' dir='ltr'><strong>sit,</strong></span> <span class='ocrx_word' id='word_1_713' title='bbox 2591 4545 2895 4626; x_wconf 91' lang='lat' dir='ltr'><strong>quidquid</strong></span> <span class='ocrx_word' id='word_1_714' title='bbox 2929 4543 3047 4605; x_wconf 90' lang='lat' dir='ltr'><strong>erit</strong></span> <span class='ocrx_word' id='word_1_715' title='bbox 3074 4540 3512 4626; x_wconf 71' lang='lat' dir='ltr'><strong>discrepantise</strong></span> <span class='ocrx_word' id='word_1_716' title='bbox 3543 4547 3775 4626; x_wconf 77' lang='lat' dir='ltr'><strong>notan-</strong></span> 
     </span>
    </p>
   </div>
   <div class='ocr_carea' id='block_1_55' title="bbox 365 4621 3773 4706">
    <p class='ocr_par' dir='ltr' id='par_1_55' title="bbox 365 4621 3773 4706">
     <span class='ocr_line' id='line_1_56' title="bbox 365 4621 3773 4706; baseline 0 -22"><span class='ocrx_word' id='word_1_717' title='bbox 365 4650 396 4685; x_wconf 87' lang='lat'>«</span> <span class='ocrx_word' id='word_1_718' title='bbox 440 4621 591 4687; x_wconf 88' lang='lat' dir='ltr'><strong>dum</strong></span> <span class='ocrx_word' id='word_1_719' title='bbox 623 4621 794 4688; x_wconf 84' lang='lat' dir='ltr'><strong>duxi.</strong></span> <span class='ocrx_word' id='word_1_720' title='bbox 830 4628 1206 4706; x_wconf 88' lang='lat' dir='ltr'><strong>Quanquam</strong></span> <span class='ocrx_word' id='word_1_721' title='bbox 1236 4634 1443 4688; x_wconf 88' lang='lat' dir='ltr'><strong>essent</strong></span> <span class='ocrx_word' id='word_1_722' title='bbox 1471 4627 1662 4687; x_wconf 89' lang='lat' dir='ltr'><strong>etiam</strong></span> <span class='ocrx_word' id='word_1_723' title='bbox 1694 4645 1821 4687; x_wconf 92' lang='lat' dir='ltr'><strong>non</strong></span> <span class='ocrx_word' id='word_1_724' title='bbox 1854 4621 2079 4706; x_wconf 74' lang='lat' dir='ltr'><strong>pauca,</strong></span> <span class='ocrx_word' id='word_1_725' title='bbox 2114 4645 2257 4705; x_wconf 67' lang='lat' dir='ltr'><strong>quae</strong></span> <span class='ocrx_word' id='word_1_726' title='bbox 2287 4628 2364 4687; x_wconf 89' lang='lat' dir='ltr'><strong>de</strong></span> <span class='ocrx_word' id='word_1_727' title='bbox 2394 4621 2911 4705; x_wconf 76' lang='lat' dir='ltr'><strong>interpretatione</strong></span> <span class='ocrx_word' id='word_1_728' title='bbox 2959 4624 3198 4706; x_wconf 84' lang='lat' dir='ltr'><strong>moneri</strong></span> <span class='ocrx_word' id='word_1_729' title='bbox 3247 4628 3543 4706; x_wconf 86' lang='lat' dir='ltr'><strong>poterant</strong></span> <span class='ocrx_word' id='word_1_730' title='bbox 3576 4642 3591 4685; x_wconf 88' lang='lat'><strong>:</strong></span> <span class='ocrx_word' id='word_1_731' title='bbox 3642 4621 3773 4685; x_wconf 87' lang='lat' dir='ltr'><strong>imo</strong></span> 
     </span>
    </p>
   </div>
   <div class='ocr_carea' id='block_1_56' title="bbox 360 4704 3772 4788">
    <p class='ocr_par' dir='ltr' id='par_1_56' title="bbox 360 4704 3772 4788">
     <span class='ocr_line' id='line_1_57' title="bbox 360 4704 3772 4788; baseline -0.001 -23"><span class='ocrx_word' id='word_1_732' title='bbox 360 4731 392 4765; x_wconf 89' lang='lat'>«</span> <span class='ocrx_word' id='word_1_733' title='bbox 437 4707 722 4769; x_wconf 90' lang='lat' dir='ltr'><strong>locorum</strong></span> <span class='ocrx_word' id='word_1_734' title='bbox 772 4704 1521 4788; x_wconf 46' lang='lat' dir='ltr'><strong>quoque—nonnullorum</strong></span> <span class='ocrx_word' id='word_1_735' title='bbox 1570 4708 1639 4767; x_wconf 88' lang='lat' dir='ltr'><strong>in</strong></span> <span class='ocrx_word' id='word_1_736' title='bbox 1680 4706 1821 4786; x_wconf 91' lang='lat' dir='ltr'><strong>ipso</strong></span> <span class='ocrx_word' id='word_1_737' title='bbox 1856 4704 2064 4768; x_wconf 48' lang='lat' dir='ltr'><strong>&#39;veteri</strong></span> <span class='ocrx_word' id='word_1_738' title='bbox 2111 4704 2327 4788; x_wconf 88' lang='lat' dir='ltr'><strong>codice</strong></span> <span class='ocrx_word' id='word_1_739' title='bbox 2372 4704 2755 4788; x_wconf 80' lang='lat' dir='ltr'><strong>conjecturae</strong></span> <span class='ocrx_word' id='word_1_740' title='bbox 2808 4711 3059 4788; x_wconf 75' lang='lat' dir='ltr'><strong>possunt</strong></span> <span class='ocrx_word' id='word_1_741' title='bbox 3108 4704 3341 4788; x_wconf 77' lang='lat' dir='ltr'><strong>afferri,</strong></span> <span class='ocrx_word' id='word_1_742' title='bbox 3375 4722 3526 4788; x_wconf 75' lang='lat' dir='ltr'><strong>quae</strong></span> <span class='ocrx_word' id='word_1_743' title='bbox 3564 4709 3772 4764; x_wconf 91' lang='lat' dir='ltr'><strong>tamen</strong></span> 
     </span>
    </p>
   </div>
   <div class='ocr_carea' id='block_1_57' title="bbox 361 4784 3764 4868">
    <p class='ocr_par' dir='ltr' id='par_1_57' title="bbox 361 4784 3764 4868">
     <span class='ocr_line' id='line_1_58' title="bbox 361 4784 3764 4868; baseline -0.001 -22"><span class='ocrx_word' id='word_1_744' title='bbox 361 4811 393 4845; x_wconf 86' lang='lat'><strong>«</strong></span> <span class='ocrx_word' id='word_1_745' title='bbox 436 4789 650 4849; x_wconf 88' lang='lat' dir='ltr'><strong>omnia</strong></span> <span class='ocrx_word' id='word_1_746' title='bbox 695 4784 1020 4849; x_wconf 77' lang='lat' dir='ltr'><strong>brevitatis</strong></span> <span class='ocrx_word' id='word_1_747' title='bbox 1067 4806 1278 4865; x_wconf 90' lang='lat' dir='ltr'><strong>causa,</strong></span> <span class='ocrx_word' id='word_1_748' title='bbox 1331 4794 1393 4850; x_wconf 90' lang='lat' dir='ltr'><strong>et</strong></span> <span class='ocrx_word' id='word_1_749' title='bbox 1438 4788 1612 4868; x_wconf 91' lang='lat' dir='ltr'><strong>quod</strong></span> <span class='ocrx_word' id='word_1_750' title='bbox 1663 4784 1830 4849; x_wconf 82' lang='lat' dir='ltr'><strong>docti</strong></span> <span class='ocrx_word' id='word_1_751' title='bbox 1877 4805 2102 4868; x_wconf 87' lang='lat' dir='ltr'><strong>perse</strong></span> <span class='ocrx_word' id='word_1_752' title='bbox 2146 4787 2265 4867; x_wconf 89' lang='lat' dir='ltr'><strong>ipsi</strong></span> <span class='ocrx_word' id='word_1_753' title='bbox 2309 4788 2372 4848; x_wconf 92' lang='lat' dir='ltr'><strong>in</strong></span> <span class='ocrx_word' id='word_1_754' title='bbox 2421 4787 2539 4848; x_wconf 91' lang='lat' dir='ltr'><strong>hoc</strong></span> <span class='ocrx_word' id='word_1_755' title='bbox 2571 4786 2757 4868; x_wconf 90' lang='lat' dir='ltr'><strong>longe</strong></span> <span class='ocrx_word' id='word_1_756' title='bbox 2787 4784 3012 4865; x_wconf 80' lang='lat' dir='ltr'><strong>optimi</strong></span> <span class='ocrx_word' id='word_1_757' title='bbox 3047 4786 3385 4847; x_wconf 88' lang='lat' dir='ltr'><strong>monitores</strong></span> <span class='ocrx_word' id='word_1_758' title='bbox 3414 4784 3530 4846; x_wconf 90' lang='lat' dir='ltr'><strong>sibi</strong></span> <span class='ocrx_word' id='word_1_759' title='bbox 3559 4790 3764 4868; x_wconf 80' lang='lat' dir='ltr'><strong>erunt,</strong></span> 
     </span>
    </p>
   </div>
   <div class='ocr_carea' id='block_1_58' title="bbox 360 4865 3770 4947">
    <p class='ocr_par' dir='ltr' id='par_1_58' title="bbox 360 4865 3770 4947">
     <span class='ocr_line' id='line_1_59' title="bbox 360 4865 3770 4947; baseline -0 -21"><span class='ocrx_word' id='word_1_760' title='bbox 360 4892 387 4926; x_wconf 81' lang='grc' dir='ltr'>‹ι</span> <span class='ocrx_word' id='word_1_761' title='bbox 436 4870 682 4932; x_wconf 91' lang='lat' dir='ltr'><strong>omitto.</strong></span> <span class='ocrx_word' id='word_1_762' title='bbox 718 4894 747 4926; x_wconf 86' lang='lat'>»</span> <span class='ocrx_word' id='word_1_763' title='bbox 799 4873 1111 4942; x_wconf 86' lang='lat' dir='ltr'><strong>Quorsum</strong></span> <span class='ocrx_word' id='word_1_764' title='bbox 1162 4875 1373 4930; x_wconf 90' lang='lat' dir='ltr'><strong>autem</strong></span> <span class='ocrx_word' id='word_1_765' title='bbox 1425 4865 1694 4929; x_wconf 71' lang='lat' dir='ltr'><strong>evaserit</strong></span> <span class='ocrx_word' id='word_1_766' title='bbox 1741 4865 1937 4929; x_wconf 81' lang='lat' dir='ltr'><strong>codex</strong></span> <span class='ocrx_word' id='word_1_767' title='bbox 1985 4867 2091 4929; x_wconf 90' lang='lat' dir='ltr'><strong>ille</strong></span> <span class='ocrx_word' id='word_1_768' title='bbox 2140 4865 2526 4930; x_wconf 86' lang='lat' dir='ltr'><strong>memoratus</strong></span> <span class='ocrx_word' id='word_1_769' title='bbox 2555 4887 2589 4928; x_wconf 92' lang='lat' dir='ltr'><strong>a</strong></span> <span class='ocrx_word' id='word_1_770' title='bbox 2639 4867 3059 4929; x_wconf 89' lang='lat' dir='ltr'><strong>Felckmanno</strong></span> <span class='ocrx_word' id='word_1_771' title='bbox 3091 4868 3439 4947; x_wconf 89' lang='lat' dir='ltr'><strong>ignoratur.</strong></span> <span class='ocrx_word' id='word_1_772' title='bbox 3477 4865 3770 4926; x_wconf 87' lang='lat' dir='ltr'><strong>Codicem</strong></span> 
     </span>
    </p>
   </div>
   <div class='ocr_carea' id='block_1_59' title="bbox 352 4948 2244 5032">
    <p class='ocr_par' dir='ltr' id='par_1_59' title="bbox 352 4948 2244 5032">
     <span class='ocr_line' id='line_1_60' title="bbox 352 4948 2244 5032; baseline -0.002 -19"><span class='ocrx_word' id='word_1_773' title='bbox 352 4948 679 5032; x_wconf 77' lang='lat' dir='ltr'><strong>SynOpseos</strong></span> <span class='ocrx_word' id='word_1_774' title='bbox 711 4951 985 5030; x_wconf 88' lang='lat' dir='ltr'><strong>aliquem</strong></span> <span class='ocrx_word' id='word_1_775' title='bbox 1017 4968 1132 5011; x_wconf 92' lang='lat' dir='ltr'><strong>nec</strong></span> <span class='ocrx_word' id='word_1_776' title='bbox 1164 4950 1313 5027; x_wconf 91' lang='lat' dir='ltr'><strong>vidi,</strong></span> <span class='ocrx_word' id='word_1_777' title='bbox 1347 4966 1460 5010; x_wconf 93' lang='lat' dir='ltr'><strong>nec</strong></span> <span class='ocrx_word' id='word_1_778' title='bbox 1490 4948 1724 5011; x_wconf 91' lang='lat' dir='ltr'><strong>alicubi</strong></span> <span class='ocrx_word' id='word_1_779' title='bbox 1755 4955 1998 5010; x_wconf 79' lang='lat' dir='ltr'><strong>exstare</strong></span> <span class='ocrx_word' id='word_1_780' title='bbox 2029 4948 2244 5009; x_wconf 91' lang='lat' dir='ltr'><strong>didici.</strong></span> 
     </span>
    </p>
   </div>
   <div class='ocr_carea' id='block_1_60' title="bbox 426 5051 3769 5137">
    <p class='ocr_par' dir='ltr' id='par_1_60' title="bbox 426 5051 3769 5137">
     <span class='ocr_line' id='line_1_61' title="bbox 426 5051 3769 5137; baseline -0.003 -18"><span class='ocrx_word' id='word_1_781' title='bbox 426 5058 727 5136; x_wconf 90' lang='lat' dir='ltr'><strong>Dialogus</strong></span> <span class='ocrx_word' id='word_1_782' title='bbox 755 5067 965 5119; x_wconf 85' lang='lat' dir='ltr'><strong>contra</strong></span> <span class='ocrx_word' id='word_1_783' title='bbox 990 5058 1209 5118; x_wconf 85' lang='lat' dir='ltr'><strong>Arium</strong></span> <span class='ocrx_word' id='word_1_784' title='bbox 1237 5057 1303 5118; x_wconf 88' lang='lat' dir='ltr'><strong>in</strong></span> <span class='ocrx_word' id='word_1_785' title='bbox 1332 5055 1576 5137; x_wconf 88' lang='lat' dir='ltr'><strong>synodo</strong></span> <span class='ocrx_word' id='word_1_786' title='bbox 1605 5056 1862 5118; x_wconf 79' lang='lat' dir='ltr'><strong>Nicama</strong></span> <span class='ocrx_word' id='word_1_787' title='bbox 1893 5056 2105 5118; x_wconf 90' lang='lat' dir='ltr'><strong>multis</strong></span> <span class='ocrx_word' id='word_1_788' title='bbox 2135 5054 2497 5118; x_wconf 89' lang='lat' dir='ltr'><strong>nominibus</strong></span> <span class='ocrx_word' id='word_1_789' title='bbox 2524 5054 2873 5137; x_wconf 81' lang='lat' dir='ltr'><strong>Athanasio</strong></span> <span class='ocrx_word' id='word_1_790' title='bbox 2905 5053 3006 5132; x_wconf 86' lang='lat' dir='ltr'><strong>abj</strong></span> <span class='ocrx_word' id='word_1_791' title='bbox 3019 5051 3370 5137; x_wconf 15' lang='lat' dir='ltr'><strong>uqdicandus</strong></span> <span class='ocrx_word' id='word_1_792' title='bbox 3404 5069 3418 5110; x_wconf 87' lang='lat'><strong>:</strong></span> <span class='ocrx_word' id='word_1_793' title='bbox 3462 5052 3591 5111; x_wconf 90' lang='lat' dir='ltr'><strong>imo</strong></span> <span class='ocrx_word' id='word_1_794' title='bbox 3620 5068 3769 5137; x_wconf 72' lang='lat' dir='ltr'><strong>vero</strong></span> 
     </span>
    </p>
   </div>
   <div class='ocr_carea' id='block_1_61' title="bbox 347 5132 3769 5217">
    <p class='ocr_par' dir='ltr' id='par_1_61' title="bbox 347 5132 3769 5217">
     <span class='ocr_line' id='line_1_62' title="bbox 347 5132 3769 5217; baseline -0.002 -19"><span class='ocrx_word' id='word_1_795' title='bbox 347 5156 463 5199; x_wconf 91' lang='lat' dir='ltr'><strong>nec</strong></span> <span class='ocrx_word' id='word_1_796' title='bbox 493 5132 645 5199; x_wconf 77' lang='lat' dir='ltr'><strong>satis</strong></span> <span class='ocrx_word' id='word_1_797' title='bbox 674 5138 963 5201; x_wconf 90' lang='lat' dir='ltr'><strong>consulto</strong></span> <span class='ocrx_word' id='word_1_798' title='bbox 993 5132 1425 5217; x_wconf 79' lang='lat' dir='ltr'><strong>commentum</strong></span> <span class='ocrx_word' id='word_1_799' title='bbox 1451 5137 1815 5217; x_wconf 89' lang='lat' dir='ltr'><strong>hujusmodi</strong></span> <span class='ocrx_word' id='word_1_800' title='bbox 1849 5137 2184 5199; x_wconf 89' lang='lat' dir='ltr'><strong>meditatus</strong></span> <span class='ocrx_word' id='word_1_801' title='bbox 2214 5142 2307 5197; x_wconf 90' lang='lat' dir='ltr'><strong>est</strong></span> <span class='ocrx_word' id='word_1_802' title='bbox 2350 5137 2459 5215; x_wconf 91' lang='lat' dir='ltr'><strong>qui</strong></span> <span class='ocrx_word' id='word_1_803' title='bbox 2503 5134 2848 5217; x_wconf 79' lang='lat' dir='ltr'><strong>Athanasio</strong></span> <span class='ocrx_word' id='word_1_804' title='bbox 2896 5133 3227 5217; x_wconf 88' lang='lat' dir='ltr'><strong>attribuit;</strong></span> <span class='ocrx_word' id='word_1_805' title='bbox 3261 5150 3427 5217; x_wconf 79' lang='lat' dir='ltr'><strong>_nam</strong></span> <span class='ocrx_word' id='word_1_806' title='bbox 3460 5132 3769 5217; x_wconf 64' lang='lat' dir='ltr'><strong>quaedam</strong></span> 
     </span>
    </p>
   </div>
   <div class='ocr_carea' id='block_1_62' title="bbox 346 5210 3771 5305">
    <p class='ocr_par' dir='ltr' id='par_1_62' title="bbox 346 5210 3771 5305">
     <span class='ocr_line' id='line_1_63' title="bbox 346 5210 3771 5305; baseline -0.002 -25"><span class='ocrx_word' id='word_1_807' title='bbox 346 5225 563 5305; x_wconf 68' lang='lat' dir='ltr'><strong>aperte</strong></span> <span class='ocrx_word' id='word_1_808' title='bbox 602 5218 762 5281; x_wconf 89' lang='lat' dir='ltr'><strong>falsa</strong></span> <span class='ocrx_word' id='word_1_809' title='bbox 820 5219 1282 5305; x_wconf 72' lang='lat' dir='ltr'><strong>complectitur,</strong></span> <span class='ocrx_word' id='word_1_810' title='bbox 1332 5210 1810 5305; x_wconf 77' lang='lat' dir='ltr'><strong>cujusmodiest</strong></span> <span class='ocrx_word' id='word_1_811' title='bbox 1834 5217 1992 5305; x_wconf 77' lang='lat' dir='ltr'><strong>illud</strong></span> <span class='ocrx_word' id='word_1_812' title='bbox 2023 5218 2189 5299; x_wconf 84' lang='lat' dir='ltr'><strong>quod</strong></span> <span class='ocrx_word' id='word_1_813' title='bbox 2218 5218 2303 5305; x_wconf 88' lang='lat' dir='ltr'><strong>ait</strong></span> <span class='ocrx_word' id='word_1_814' title='bbox 2335 5210 2398 5297; x_wconf 52' lang='lat' dir='ltr'><strong>p_.</strong></span> <span class='ocrx_word' id='word_1_815' title='bbox 2425 5217 2562 5305; x_wconf 12' lang='lat' dir='ltr'><strong>_l780,</strong></span> <span class='ocrx_word' id='word_1_816' title='bbox 2589 5216 2737 5305; x_wconf 64' lang='lat' dir='ltr'><strong>clari</strong></span> <span class='ocrx_word' id='word_1_817' title='bbox 2770 5216 3143 5305; x_wconf 69' lang='lat' dir='ltr'><strong>dignitatern</strong></span> <span class='ocrx_word' id='word_1_818' title='bbox 3155 5213 3318 5305; x_wconf 42' lang='lat' dir='ltr'><strong>-Ario</strong></span> <span class='ocrx_word' id='word_1_819' title='bbox 3348 5210 3771 5305; x_wconf 44' lang='lat' dir='ltr'><strong>a‘b‘haereticis</strong></span> 
     </span>
    </p>
   </div>
   <div class='ocr_carea' id='block_1_63' title="bbox 344 5291 3769 5381">
    <p class='ocr_par' dir='ltr' id='par_1_63' title="bbox 344 5291 3769 5381">
     <span class='ocr_line' id='line_1_64' title="bbox 344 5291 3769 5381; baseline -0.002 -21"><span class='ocrx_word' id='word_1_820' title='bbox 344 5291 640 5381; x_wconf 79' lang='lat' dir='ltr'><strong>collatam</strong></span> <span class='ocrx_word' id='word_1_821' title='bbox 667 5318 682 5375; x_wconf 90' lang='lat'><strong>;</strong></span> <span class='ocrx_word' id='word_1_822' title='bbox 717 5320 860 5363; x_wconf 89' lang='lat' dir='ltr'><strong>cum</strong></span> <span class='ocrx_word' id='word_1_823' title='bbox 893 5291 1113 5362; x_wconf 78' lang='lat' dir='ltr'><strong>contra</strong></span> <span class='ocrx_word' id='word_1_824' title='bbox 1142 5291 1544 5381; x_wconf 73' lang='lat' dir='ltr'><strong>antiquorum</strong></span> <span class='ocrx_word' id='word_1_825' title='bbox 1576 5299 1936 5381; x_wconf 86' lang='lat' dir='ltr'><strong>testimonio</strong></span> <span class='ocrx_word' id='word_1_826' title='bbox 1966 5291 2359 5381; x_wconf 70' lang='lat' dir='ltr'><strong>compertum</strong></span> <span class='ocrx_word' id='word_1_827' title='bbox 2392 5297 2492 5372; x_wconf 90' lang='lat' dir='ltr'><strong>sit,</strong></span> <span class='ocrx_word' id='word_1_828' title='bbox 2545 5315 2584 5358; x_wconf 93' lang='lat' dir='ltr'><strong>a</strong></span> <span class='ocrx_word' id='word_1_829' title='bbox 2627 5297 2814 5381; x_wconf 80' lang='lat' dir='ltr'><strong>Petro</strong></span> <span class='ocrx_word' id='word_1_830' title='bbox 2845 5291 2929 5357; x_wconf 34' lang='lat' dir='ltr'><strong>vet</strong></span> <span class='ocrx_word' id='word_1_831' title='bbox 2966 5294 3216 5381; x_wconf 78' lang='lat' dir='ltr'><strong>Achilla</strong></span> <span class='ocrx_word' id='word_1_832' title='bbox 3244 5292 3551 5381; x_wconf 73' lang='lat' dir='ltr'><strong>gradibus</strong></span> <span class='ocrx_word' id='word_1_833' title='bbox 3576 5291 3769 5381; x_wconf 90' lang='lat' dir='ltr'><strong>eccle-</strong></span> 
     </span>
    </p>
   </div>
   <div class='ocr_carea' id='block_1_64' title="bbox 342 5372 3759 5461">
    <p class='ocr_par' dir='ltr' id='par_1_64' title="bbox 342 5372 3759 5461">
     <span class='ocr_line' id='line_1_65' title="bbox 342 5372 3759 5461; baseline -0.001 -20"><span class='ocrx_word' id='word_1_834' title='bbox 342 5379 605 5443; x_wconf 88' lang='lat' dir='ltr'><strong>siasticis</strong></span> <span class='ocrx_word' id='word_1_835' title='bbox 634 5372 891 5444; x_wconf 84' lang='lat' dir='ltr'><strong>auctum</strong></span> <span class='ocrx_word' id='word_1_836' title='bbox 922 5382 1111 5444; x_wconf 89' lang='lat' dir='ltr'><strong>fuisse</strong></span> <span class='ocrx_word' id='word_1_837' title='bbox 1139 5372 1648 5461; x_wconf 77' lang='lat' dir='ltr'><strong>indignissimum</strong></span> <span class='ocrx_word' id='word_1_838' title='bbox 1683 5379 2029 5455; x_wconf 90' lang='lat' dir='ltr'><strong>hominem,</strong></span> <span class='ocrx_word' id='word_1_839' title='bbox 2062 5372 2172 5460; x_wconf 79' lang='lat' dir='ltr'><strong>qui</strong></span> <span class='ocrx_word' id='word_1_840' title='bbox 2201 5397 2317 5459; x_wconf 92' lang='lat' dir='ltr'><strong>pro</strong></span> <span class='ocrx_word' id='word_1_841' title='bbox 2347 5379 2566 5440; x_wconf 86' lang='lat' dir='ltr'><strong>innata</strong></span> <span class='ocrx_word' id='word_1_842' title='bbox 2594 5377 2845 5438; x_wconf 86' lang='lat' dir='ltr'><strong>vafritie</strong></span> <span class='ocrx_word' id='word_1_843' title='bbox 2874 5375 3145 5455; x_wconf 89' lang='lat' dir='ltr'><strong>speciem</strong></span> <span class='ocrx_word' id='word_1_844' title='bbox 3176 5374 3344 5452; x_wconf 89' lang='lat' dir='ltr'><strong>frugi</strong></span> <span class='ocrx_word' id='word_1_845' title='bbox 3386 5372 3712 5453; x_wconf 62' lang='lat' dir='ltr'><strong>praferret</strong></span> <span class='ocrx_word' id='word_1_846' title='bbox 3742 5392 3759 5436; x_wconf 89' lang='lat'><strong>:</strong></span> 
     </span>
    </p>
   </div>
   <div class='ocr_carea' id='block_1_65' title="bbox 400 5686 2033 5779">
    <p class='ocr_par' dir='ltr' id='par_1_65' title="bbox 400 5696 1427 5779">
     <span class='ocr_line' id='line_1_66' title="bbox 400 5696 1427 5779; baseline 0.003 -25"><span class='ocrx_word' id='word_1_847' title='bbox 400 5696 482 5773; x_wconf 91' lang='lat' dir='ltr'><strong>(a)</strong></span> <span class='ocrx_word' id='word_1_848' title='bbox 513 5696 649 5772; x_wconf 84' lang='lat' dir='ltr'><strong>Pag.</strong></span> <span class='ocrx_word' id='word_1_849' title='bbox 680 5697 773 5757; x_wconf 87' lang='lat'><strong>96.</strong></span> <span class='ocrx_word' id='word_1_850' title='bbox 1424 5776 1427 5779; x_wconf 13' lang='grc' dir='ltr'><em>Α</em></span> 
     </span>
    </p>
   </div>
   <div class='ocr_carea' id='block_1_66' title="bbox 1549 5686 3182 5779">
    <p class='ocr_par' dir='ltr' id='par_1_66' title="bbox 2174 5686 3182 5769">
     <span class='ocr_line' id='line_1_67' title="bbox 2174 5686 3182 5769; baseline -0.001 -18"><span class='ocrx_word' id='word_1_851' title='bbox 2174 5696 2252 5769; x_wconf 75' lang='grc' dir='ltr'><strong>(ὸ)</strong></span> <span class='ocrx_word' id='word_1_852' title='bbox 2288 5695 2453 5752; x_wconf 85' lang='lat' dir='ltr'><strong>Forte</strong></span> <span class='ocrx_word' id='word_1_853' title='bbox 2482 5709 2614 5753; x_wconf 88' lang='lat' dir='ltr'><strong>cum</strong></span> <span class='ocrx_word' id='word_1_854' title='bbox 2647 5692 2843 5765; x_wconf 87' lang='lat' dir='ltr'><strong>titulo,</strong></span> <span class='ocrx_word' id='word_1_855' title='bbox 2875 5688 2969 5757; x_wconf 72' lang='grc' dir='ltr'><strong>Εἰς</strong></span> <span class='ocrx_word' id='word_1_856' title='bbox 3000 5686 3182 5754; x_wconf 74' lang='grc' dir='ltr'>τιλος.</span> 
     </span>
    </p>
   </div>
  </div>
