4136 6386
287 459 356 518 17
1770 446 2206 507 PREFATIO.
3642 447 3717 506 18

284 588 529 666 reliqua
560 585 699 646 vide
724 586 789 644 in
822 585 1080 645 Monito.
1115 584 1209 666 Ad
1240 583 1377 644 haec
1410 588 1620 643 autem
1656 587 1809 666 puto
1838 579 1937 639 vel
1959 596 2044 666 ex
2077 576 2478 666 sola‘dialogi
2508 578 2733 666 forma,
2782 596 2924 666 quas
2968 578 3283 666 scribendi
3330 578 3510 654 ratio,
3560 579 3712 639 licet

287 658 558 729 multum
593 666 939 727 Athanasio
972 665 1310 743 antiquior,
1348 683 1474 723 non
1506 670 1642 723 erat
1660 658 1999 722 Athanasii
2039 659 2659 743 aevo_fr_equentata,_
2688 660 3117 737 conjecturam
3168 658 3447 743 aliquam
3498 666 3708 727 νοθείας

287 749 545 810 oboriri.
580 750 902 825 Nusquam
937 740 1281 823 accipimus
1311 745 1725 805 Athanasium
1758 743 1877 803 hoc
1909 759 2135 819 genere
2168 740 2412 825 dedisse
2445 740 2769 818 quidpiam
2806 757 2819 797 2
2873 746 2941 825 et
2983 740 3330 825 aequalibus
3379 740 3515 817 ejus
3564 760 3704 825 per-

288 847 504 890 rarum
536 819 771 905 dialogi
806 846 975 887 more
1007 819 1300 886 scribere.
1336 827 1565 887 Verum
1602 825 1735 884 haec
1769 826 1972 905 forma
2001 821 2245 905 saeculis
2274 821 2517 898 quinto,
2553 826 2767 905 sexto,
2788 821 3055 905 septimo
3087 826 3145 905 et
3178 819 3706 898 subsequentibus

287 910 558 971 multum
588 901 859 969 obtinuit
892 928 905 968 :
943 913 1003 968 et
1032 908 1293 984 hujusce
1327 907 1481 966 tomi
1513 908 1727 986 spuria
1762 902 2237 982 complectentis
2269 920 2413 980 pars
2444 921 2566 961 non
2604 902 2850 961 modica
2880 901 3111 978 dialogi
3144 906 3309 960 sunt.

368 1010 574 1069 Sermo
604 1016 815 1066 contra
844 1025 1038 1064 omnes
1088 1004 1350 1080 haereses,
1384 1004 1471 1063 ira
1507 1004 1838 1063 manifesta
1872 1000 2337 1079 peregrinitatis
2368 1004 2548 1059 notas
2579 1000 2676 1058 vel
2708 1000 2858 1077 ipsis
2892 998 3381 1058 amanuensibus
3406 999 3703 1077 praeferre

284 1090 455 1148 visus
488 1088 623 1159 fuit,
662 1091 726 1146 ut
755 1086 817 1145 in
852 1086 1167 1164 plerisque
1198 1085 1515 1145 codicibus
1552 1086 1629 1144 ad
1664 1083 2305 1173 marginem,_év§;.xat
2338 1084 2569 1173 χυδαῖος
2605 1081 2942 1173 dicatur,id
2977 1081 3449 1173 estmeregrinus
3480 1082 3701 1173 ac‘fuso

290 1168 732 1246 remisszoregue
758 1160 914 1246 stt/to
943 1160 1395 1248 descriptusmui
1427 1165 1660 1225 scilicet
1692 1171 1757 1248 τὸ,
1786 1168 2001 1248 εὔτονον
2032 1162 2283 1248 deﬁciat
2319 1160 2585 1239 :ingens
2616 1162 2897 1248 profecto
2930 1161 3074 1240 styli
3112 1161 3355 1248 vitium,
3404 1161 3570 1238 quod
3605 1160 3703 1218 vel

292 1248 557 1311 Graeculi
587 1241 1282 1323 séntirépossinthnit
1314 1252 1523 1306 autem
1559 1264 1631 1304 ex
1667 1244 1991 1303 Athanasii
2013 1243 2310 1320 operibus
2340 1261 2693 1320 expressus,
2730 1250 2797 1300 ut
2830 1243 3125 1301 lectorem
3158 1241 3394 1301 ibidem
3428 1259 3702 1320 praemo-

285 1332 562 1390 nuimus.
598 1331 683 1387 De
715 1328 954 1387 insulso
988 1328 1422 1387 Melchisedeci
1452 1328 1614 1402 regis
1648 1331 2004 1385 commento
2037 1326 2116 1403 (α)
2142 1324 2274 1401 jam
2308 1325 2473 1383 ultra
2505 1341 2693 1400 quam
2724 1323 2873 1382 satis
2905 1324 2980 1381 sit
3014 1324 3248 1382 dictum
3282 1323 3698 1399 fuit,pariter-

281 1430 403 1490 que
435 1410 510 1469 de
540 1415 982 1487 ἀποσπασματίω
1016 1409 1093 1467 ad
1125 1409 1455 1468 Jovianum
1487 1409 1914 1484 imperatoren

2069 1412 2333 1490 acupato
2359 1403 2463 1483 (ὀ),
2500 1422 2573 1463 ac
2594 1405 2671 1463 de
2696 1404 2858 1464 libro
2895 1403 3322 1483 Deﬁnitionum
3358 1420 3602 1480 :neque
3627 1403 3702 1462 li-

278 1487 385 1551 bet
416 1490 781 1568 hujusmodi
811 1508 1012 1567 nugas
1042 1492 1249 1550 denuo
1281 1492 1544 1563 agitare,
1578 1495 1791 1564 atque,
1828 1494 1894 1546 ut
1924 1489 2013 1546 ita
2046 1487 2274 1557 dicam,
2310 1502 2772 1562 repuerascere.

362 1594 725 1667 Sequuntur
754 1606 946 1666 opera
979 1588 1053 1646 ad
1088 1588 1508 1658 Antiochum;
1546 1592 1606 1644 et
1639 1585 1819 1667 praeit
1850 1585 2143 1667 Doctrina,
2170 1582 2251 1641 ad
2278 1582 2636 1643 Antiochum
2676 1582 3026 1667 principem
3078 1600 3115 1642 a
3165 1581 3451 1641 Graeculo
3501 1580 3694 1640 edita.

278 1663 483 1746 Hujus
511 1676 719 1729 tamen
752 1663 1080 1737 beneﬁcio,
1116 1686 1412 1744 magnam
1451 1674 1692 1745 partem
1727 1666 1870 1724 libri
1904 1666 2193 1732 Pastoris,
2227 1683 2368 1746 quae
2402 1667 2614 1724 Graece
2638 1663 2918 1746 nondum
2953 1665 3103 1723 data
3134 1666 3698 1746 t'u_era_t,recupera-

278 1742 442 1809 mus.
478 1751 646 1809 Alias
675 1766 823 1809 vero
856 1750 974 1809 hac
1004 1742 1268 1806 historia
1301 1742 1467 1806 nihil
1489 1747 1813 1806 infantius.
1851 1748 2048 1824 ASque
2082 1745 2420 1821 conspicua
2460 1751 2554 1803 est
2585 1744 2890 1803 sermonis
2940 1746 3017 1802 ad
3068 1742 3453 1824 Antiochum
3484 1749 3693 1824 νοθεὶα,

276 1849 520 1890 necnon
554 1830 1070 1907 subsequentium
1106 1829 1186 1888 ad
1217 1828 1506 1887 eumdem
1544 1822 1973 1905 questionuml
2006 1828 2137 1907 Hoc
2170 1832 2558 1907 postremum
2584 1830 2793 1884 tamen
2824 1842 3139 1907 opus,_non
3170 1822 3500 1907 indignum
3525 1823 3694 1907 quod

276 1911 526 1988 legatur
560 1929 573 1969 :
612 1904 859 1969 tametsi
886 1909 1052 1969 enim
1085 1908 1369 1969 futilibus
1397 1909 1579 1968 dictis
1614 1926 1685 1967 ac
1717 1907 1997 1986 quaesitis
2021 1906 2364 1966 identidem
2389 1922 2712 1984 aspersum
2737 1913 2830 1966 est
2863 1923 2877 1964 :
2916 1904 3172 1966 atbona
3193 1904 3375 1965 malis
3399 1904 3699 1983 permista

276 2009 555 2070 reperias
582 2011 595 2052 Ζ
631 2009 958 2050 nimirum.

1307 2145 1515 2221 Χρυσὲα
1544 2144 1830 2223 χαλκείοις
1864 2139 2175 2219 ἑκατόμϐοα
2212 2138 2548 2201 ἐννεαϐοίων.

352 2342 461 2401 Est
482 2339 636 2399 inibi
666 2338 741 2419 (ε)
773 2339 950 2400 locus
981 2356 1168 2415 quem
1199 2336 1349 2396 olim
1385 2336 1678 2397 vitiosum
1710 2335 1985 2414 suspiba]

2063 2354 2218 2408 mur,
2254 2334 2411 2394 illud
2431 2333 2680 2419 scilicet
2712 2353 2726 2394 ε
2762 2344 2885 2401 Πῶς
2909 2337 2967 2394 δὲ
2996 2338 3160 2419 πάλιν
3189 2339 3276 2394 καὶ
3309 2342 3343 2409 ἡ
3374 2360 3483 2395 των
3513 2342 3696 2413 σωμά-

269 2447 378 2482 των
429 2425 585 2504 φύσις
638 2416 925 2504 βολιοτικὴ
973 2425 1109 2479 κατὰ
1156 2423 1320 2504 φύσιν
1363 2423 1727 2504 ὑπάρχουσαι,⁸
1763 2423 1951 2496 ὁρᾶται
2002 2419 2333 2504 ἃδυτος-καὶ
2383 2416 2790 2504 ἀϐόλιοτοςβν-
2822 2426 2937 2504 τοῖς
2968 2418 3139 2504 ,βδασι
3187 2427 3288 2490 τῆς
3330 2424 3696 2504 Βίῐαρμαρικῆς

275 2495 692 2593 Πεντάπόλεωξς*
731 2500 838 2560 ubi
868 2518 982 2578 pro
1012 2495 1271 2583 σωμάτφν
1305 2495 1641 2577 legendum
1677 2500 1883 2558 ὑδάτων

2064 2498 2428 2557 ectabamus
2464 2514 2477 2555 :
2511 2502 2577 2556 at
2606 2495 2832 2557 exinde
2863 2496 3196 2557 lectionem
3225 2495 3430 2575 probe
3455 2495 3694 2558 habere

280 2599 346 2641 se
375 2598 820 2658 comperimus.

363 2677 454 2737 Ad
487 2678 722 2737 calcem
755 2676 1175 2755 quaestionum
1212 2676 1291 2737 ad
1324 2674 1703 2736 Antiochum
1735 2674 1842 2755 (ά),
1879 2681 1969 2736 erat
2021 2680 2325 2736 tractatus
2376 2674 2720 2735 Athanasio
2769 2693 2917 2734 sane
2976 2693 3099 2734 non
3146 2673 3465 2753 indignus,
3501 2693 3688 2753 quem

277 2758 547 2819 fortasse
581 2758 798 2835 religio
830 2776 952 2818 non
988 2757 1329 2817 essetinter
1358 2756 1789 2816 Athanasiana
1820 2763 2212 2835 computare.
2263 2756 2394 2816 Etsi
2443 2757 2607 2815 enim
2660 2756 2720 2815 in
2773 2756 3087 2834 plerisque
3134 2755 3455 2815 codicibus
3485 2774 3696 2816 conse-

275 2846 544 2918 quenter
574 2845 716 2916 post
746 2839 903 2899 alias
936 2837 1315 2915 quaestiones
1338 2855 1563 2918 agmen
1597 2837 1859 2909 claudit,
1892 2856 2020 2918 non
2054 2837 2278 2896 desunt
2315 2842 2523 2896 tamen
2550 2837 2657 2897 ubi
2713 2837 3052 2914 separatim
3082 2836 3181 2918 ab
3231 2837 3369 2895 aliis
3400 2844 3694 2914 ponatur.

271 2916 366 2979 Ad
398 2919 534 2979 haec
566 2937 733 2988 vero,
769 2919 1109 2994 conspicua
1137 2917 1548 2977 Athanasiani
1581 2918 1697 2977 aevi
1728 2924 1878 2976 nota
1910 2916 2046 2976 haec
2068 2924 2183 2990 est,
2217 2936 2358 2975 cum
2392 2918 2467 2976 de
2499 2919 2902 2995 septuaginta
2933 2917 3434 2977 hebdomadibus
3468 2919 3694 2977 Danie-

269 3001 348 3060 lis
377 3018 570 3075 agens
600 2999 688 3058 ait
722 3015 735 3057 ε
769 3004 858 3065 Τίς
896 3002 986 3059 οὖν
1021 3004 1160 3057 ἐστιν
1196 3004 1374 3079 ἕτερος
1404 3000 1650 3078 χρισθεῖς
1683 3004 1838 3077 ἅγιος
1874 3003 2068 3077 ἁγίων,
2100 3002 2145 3057 εἷ
2182 3004 2255 3074 μή
2292 3004 2319 3057 ὁ
2352 3004 2580 3077 Χριστὸς
2638 3003 2825 3073 μόνος,
2866 3004 2939 3065 ὡς
2986 3008 3082 3058 τοῦ
3134 3006 3269 3057 Θεοῦ
3315 3007 3412 3057 τοῦ
3447 3008 3645 3071 ζῶντος
3680 3023 3695 3071 ;

270 3087 325 3140 αἱ
354 3087 454 3161 γὰρ
508 3080 888 3157 ἑϐδομήκοντα
937 3081 1263 3159 ὲβδομάδες,
1312 3084 1632 3153 τετρακόσια
1682 3083 2030 3161 ἐνενήκονταΔ
2069 3081 2160 3151 ἔτη
2212 3082 2592 3155 σημαίνουσιν.
2639 3083 2775 3137 Ἀπὸ
2826 3081 2881 3137 δὲ
2928 3088 3024 3137 τοῦ
3074 3083 3276 3151 Δανιὴλ
3325 3080 3427 3144 ἕως
3474 3089 3571 3138 τοῦ
3603 3089 3694 3137 νῦν

276 3156 618 3240 ὑπάρχουοιν
652 3162 884 3240 ἔτη-τῶν
913 3156 1245 3217 ὀκτακοσίων
1280 3162 1479 3240 πλείω.
1514 3159 1644 3240 Hoc
1676 3166 1769 3240 est
1803 3176 1814 3216 :
1856 3184 1885 3240 ti

2064 3193 2067 3211 .
2099 3158 2442 3240 ergo‘alius
2471 3170 2563 3240 est
2598 3164 2821 3240 unctus
2846 3159 3112 3240 Sanctus
3142 3169 3697 3240 sanctorum,prm-

280 3261 310 3296 ιι
348 3234 673 3298 ὶὸιλεωυω
705 3238 1051 3311 Christum,
1083 3245 1152 3297 ut
1183 3239 1294 3298 Dei
1316 3238 1578 3299 viventis
1612 3237 1937 3377 (Filiuml?
1970 3238 2384 3316 Septuaginta
2417 3239 2582 3297 enim
2611 3234 3046 3298 hebdomades
3069 3234 3563 3317 quadringentos
3587 3260 3696 3300 no-

281 3343 313 3375 «
348 3318 612 3377 naginta
641 3337 840 3377 annos
870 3318 1247 3377 significant.
1283 3321 1568 3377 Namque
1600 3338 1636 3377 a
1669 3320 1860 3377 Danie
1891 3338 1922 3377 e
1954 3318 2034 3377 ad
2068 3318 2185 3377 hoc
2219 3336 2421 3377 usque
2453 3324 2701 3377 tempus
2731 3323 2875 3377 sunt
2906 3318 3053 3377 anni
3106 3319 3247 3377 olus
3279 3337 3468 3377 uuam
3501 3321 3694 3377 octin-

281 3343 313 3375 «
348 3318 612 3396 naginta
641 3337 840 3378 annos
870 3318 1247 3396 significant.
1283 3321 1568 3397 Namque
1600 3338 1636 3379 a
1669 3318 1922 3379 Daniele
1954 3318 2034 3378 ad
2068 3318 2185 3377 hoc
2219 3336 2421 3397 usque
2453 3324 2701 3396 tempus
2731 3323 2875 3377 sunt
2906 3318 3053 3378 anni
3105 3319 3247 3398 plus
3279 3337 3468 3397 quam
3501 3321 3694 3380 octin-

281 3422 310 3455 «
347 3399 543 3477 genti.
582 3424 611 3453 »
647 3399 791 3459 Haec
822 3417 971 3459 sane
1005 3399 1433 3476 chronologiae
1473 3400 1631 3460 ratio
1663 3399 1950 3479 apprime
1980 3399 2041 3458 in
2073 3404 2365 3477 quartum
2403 3399 2701 3459 smeulum
2735 3400 3026 3477 quadrat,
3071 3418 3197 3478 quo
3229 3399 3478 3479 scripsit
3507 3400 3696 3461 Atha-

273 3479 512 3540 nasius.
546 3478 639 3539 Ad
674 3479 830 3553 haec,
864 3479 953 3540 ita
985 3480 1271 3559 apposite
1299 3479 1507 3539 Veteri
1538 3478 1941 3541 Testamento
1974 3480 2053 3539 ad
2086 3480 2627 3559 comprobandum
2688 3480 2912 3540 Christi
2965 3481 3306 3539 adventum
3356 3478 3577 3552 utitur,
3617 3486 3687 3543 ut

269 3559 431 3620 nihil
460 3563 1035 3638 snpra.Fateorque
1060 3580 1165 3620 me
1188 3560 1343 3620 nihil
1368 3560 1573 3621 hocin
1603 3579 1831 3639 genere
1850 3561 2077 3620 vidisse
2106 3561 2375 3620 validius
2397 3560 3292 3631 concinniusve.Quamobrem
3320 3580 3445 3621 non
3469 3563 3692 3622 eodem

272 3659 399 3721 quo
431 3647 672 3701 caeteras
705 3641 1110 3719 quaestiones,
1144 3660 1408 3701 numero
1440 3647 1501 3700 et
1530 3642 1732 3719 pretio
1765 3642 1986 3701 haberi
2016 3642 2223 3701 debet.
2261 3642 2391 3701 Etsi
2419 3660 2566 3701 vero
2599 3659 2721 3700 non
2756 3641 2957 3701 ausim
2991 3641 3314 3701 afﬁrmare
3362 3644 3694 3703 Athanasii

273 3740 430 3793 esse,
466 3722 622 3780 nihil
655 3727 824 3781 certe
854 3727 1169 3801 repugnat
1200 3741 1326 3800 quo
1359 3722 1566 3781 minus
1598 3722 1717 3800 ipsi
1747 3723 2123 3782 ascribatur.

354 3820 806 3897 Fragmentum
840 3819 927 3880 De
960 3817 1321 3897 imaginibus
1350 3839 1474 3881 non
1509 3825 1645 3881 erat
1676 3821 1837 3880 forte
1881 3820 2047 3899 quod
2080 3820 2286 3880 denuo
2316 3819 2494 3898 prelo
2552 3819 3027 3896 subjiceremus,
3063 3837 3206 3879 cum
3237 3838 3310 3879 ex
3373 3820 3514 3880 aliis
3556 3819 3695 3897 jam

274 3899 463 3980 editis
490 3906 825 3980 exceptum
846 3900 1311 3961 fuerit.Placuit
1325 3901 1717 3979 tamen,quia
1736 3900 2239 3978 frequentissime
2271 3902 2331 3959 in
2366 3900 2685 3960 codicibus
2718 3906 2778 3959 et
2810 3900 3221 3959 conciliorum
3252 3900 3408 3960 actis
3436 3900 3699 3961 affertur

271 3986 344 4041 ut
370 3979 764 4050 exhibemus,
798 3981 954 4041 illud
984 3982 1195 4052 edere,
1230 4000 1306 4041 ne
1334 3982 1486 4059 quid
1518 3982 1637 4041 hoc
1667 3982 1729 4041 in
1755 4000 1947 4060 opere
1971 3981 2315 4041 desiderari
2344 3980 2650 4041 videatur.

350 4076 659 4137 Historias
687 4079 969 4157 z'rrzagim's
1001 4077 1339 4157 Berytensis
1370 4079 1583 4157 plures
1613 4081 1876 4140 fortasse
1910 4080 2260 4151 attulimus,
2294 4098 2484 4156 quam
2520 4086 2589 4139 ut
2618 4098 2722 4139 eas
2774 4078 3003 4138 eruditi
3035 4078 3152 4138 viri
3182 4078 3315 4138 sine
3363 4078 3695 4141 stomacho

272 4163 335 4217 et
367 4176 607 4217 nausea
640 4159 847 4235 legere
878 4159 1143 4237 possint.
1180 4160 1404 4219 Verum
1437 4160 1587 4237 quia
1619 4159 1757 4220 haec
1790 4160 2051 4220 historia
2082 4161 2493 4220 celeberrima
2526 4159 2666 4230 fuit,
2700 4160 2907 4237 qualis
2936 4160 3194 4219 demum
3216 4158 3548 4238 qualisque
3571 4162 3690 4232 sit;

279 4245 409 4298 tam
447 4238 622 4298 varia
652 4244 786 4298 tum
822 4243 1032 4301 Graece
1060 4246 1191 4299 tum
1229 4240 1447 4299 Latine
1478 4240 1577 4299 edi
1609 4240 1744 4317 ejus
1775 4240 2185 4319 exemplaria,
2221 4259 2345 4299 non
2394 4240 2616 4300 inutile
2675 4240 2939 4299 fortasse
2995 4240 3182 4300 fuerit
3216 4256 3228 4298 :
3270 4246 3338 4300 ut
3385 4240 3701 4303 aestimare

273 4319 547 4412 quisque
573 4320 782 4412 valeat
810 4326 1065 4398 quantaa
1099 4321 1177 4379 sit
1207 4320 1599 4381 auctoritatis
1634 4321 1767 4381 haec
1798 4320 2150 4395 historiola,
2185 4321 2363 4398 cujus
2394 4340 2471 4380 ne
2502 4320 2753 4399 quidem
2792 4338 3003 4380 veram
3051 4320 3428 4399 firmamque
3476 4321 3701 4381 seriem

273 4418 553 4459 nanc18c1
581 4418 917 4478 posmmns.

226 4566 229 4567 ν
352 4498 420 4556 In
456 4496 759 4574 Epistolas
791 4497 872 4558 ad
901 4496 1229 4570 Castorem,
1264 4516 1407 4575 quae
1439 4506 1585 4557 sunt
1617 4498 1896 4560 Cassiani
1927 4497 2375 4559 Institutt'onum
2408 4497 2703 4575 epitome,
2730 4495 2881 4557 satis
2911 4502 3044 4557 esto
3076 4496 3246 4575 quod
3270 4496 3503 4557 ibidem
3535 4517 3701 4576 prae-

275 4584 594 4637 notamus.
631 4580 864 4660 Vocem
896 4585 1108 4638 autem
1140 4578 1327 4639 Pater
1357 4578 1651 4660 Muthius,
1679 4579 1830 4660 quia
1850 4579 2045 4660 codex
2078 4579 2164 4639 sic
2198 4585 2371 4660 Πάτερ
2403 4585 2636 4646 Μούθιος
2668 4577 3036 4660 dividit,nos
3065 4597 3318 4657 quoque
3349 4578 3697 4660 divisimus.

271 4661 352 4717 At
384 4663 616 4739 norunt
645 4658 871 4731 erudit,
908 4677 985 4718 ex
1009 4676 1195 4739 irvoce
1226 4659 1581 4731 Termuthi,
1614 4666 1707 4719 est
1736 4659 1894 4719 illud
1926 4677 2154 4719 nomen
2183 4658 2508 4739 proprium
2541 4659 2708 4738 apud
2742 4659 3165 4737 Egyptios,et
3194 4677 3269 4718 ex
3300 4659 3566 4721 articulo
3596 4688 3697 4736 πα,

276 4738 673 4821 quodestac
704 4738 755 4798 si
784 4739 957 4821 dicas
988 4738 1175 4800 Pater
1203 4747 1313 4799 aut
1342 4738 1561 4821 Abeas,
1597 4740 1953 4800 confectum
1985 4738 2213 4801 nomen
2249 4741 2548 4801 fuisse.Et
2577 4755 2790 4800 tamen
2823 4740 2910 4800 ita
2941 4757 3117 4800 error
3146 4739 3433 4809 invaluit,
3467 4746 3539 4803 ut
3560 4740 3697 4821 jam

282 4817 464 4877 Mutii
488 4817 744 4897 quidam
780 4819 926 4879 inde
958 4825 1247 4880 mutuato
1277 4820 1556 4893 nomine,
1585 4826 2049 4900 nuncupentur.

352 4916 423 5010 in
453 4914 779 5010 homiliam
813 4916 901 4977 De
930 4918 1328 5010 assampttone
1355 4916 1605 5010 Domini
1634 4918 1769 5010 haec
1807 4918 2004 5010 habet
2033 4918 2550 5010 Felckmannus__:_
2584 4918 2776 5010 [farra
2806 4918 3071 5010 Μείνιιήιί
3110 4916 3292 5010 liuius
3332 4916 3612 5010 Ιιοηιίζζδε,
3645 4929 3702 5010 et

282 4993 511 5080 tribuit
513 5014 642 5056 eam
669 4995 1002 5080 Athanasio
1035 4993 1551 5080 incertusrauctor,
1586 5000 1759 5079 cujus
1776 4999 1914 5079 jam
1944 5018 2129 5080 supra
2160 5000 2241 5059 ad
2265 5019 2407 5078 pag.
2439 5002 2553 5060 345
2586 4997 2643 5057 d.
2681 5009 2833 5059 tomo
2882 4998 2915 5058 Ι
2957 4993 3328 5080 meminimus
3357 4999 3435 5059 ad
3484 4998 3691 5061 Maxi-

273 5094 429 5157 mum
461 5076 826 5138 Smem'otam
860 5076 929 5138 de
956 5077 1068 5137 lzac
1097 5079 1422 5156 quaestione
1453 5098 1467 5139 :
1502 5076 1724 5142 Utrum
1759 5076 2067 5145 homines.
2104 5080 2152 5139 si
2188 5076 2308 5140 non
2344 5076 2730 5157 peccassent,
2784 5079 3071 5139 morituri
3101 5080 3385 5150 fuissent,
3438 5080 3699 5141 scribens

273 5154 382 5243 fol.
418 5160 516 5229 92,
552 5156 661 5217 col.
696 5161 755 5230 4,
791 5158 878 5243 sic
913 5164 1065 5243 ΞῨΚαί
1096 5154 1261 5219 ἄκουε
1298 5166 1347 5219 τί
1379 5166 1501 5241 περῖ
1527 5166 1724 5221 τούτου
1757 5168 1918 5243 φησὶν
1949 5169 1976 5220 ὁ
2013 5166 2174 5241 μέγας
2208 5154 2524 5229 Ἀθανάσιος
2557 5165 2608 5219 ἐν
2640 5170 2720 5237 τῷ
2753 5166 2846 5227 Εἰς
2876 5166 2974 5233 τὴν
3009 5166 3277 5240 ἀνάληψιν
3313 5167 3467 5241 λόγῳ
3509 5167 3693 5226 αὐτοῦ.

276 5239 516 5322 Θάνατος
549 5243 643 5315 μὶν
679 5241 901 5313 εἰσῆλθε
933 5242 1021 5299 διὰ
1051 5247 1150 5315 τὴν
1182 5239 1482 5322 παρακοήν.
1518 5247 1672 5301 Λῦων
1706 5239 1945 5320 δὲ’ὅμως
1977 5239 2208 5316 τὴν-τῆς
2241 5246 2474 5315 ἀπειλῆς
2519 5247 2696 5319 ἀκμὴν
2727 5248 2754 5301 ὁ
2787 5248 2916 5308 Θεὸς
2961 5244 3158 5301 ἐλπίδα
3204 5239 3358 5307 αὖθις
3398 5239 3696 5309 -ἀθανασίας

279 5320 559 5404 ανατὲλλει
592 5325 861 5404 τῷ-γένει,
891 5325 982 5404 οιαὶ
1014 5326 1105 5380 τὸν
1153 5320 1333 5402 Ἑνὼχ
1365 5327 1422 5382 ἐκ
1474 5326 1639 5400 μέσου
1687 5329 1932 5404 ἁρπάζει,
1983 5327 2265 5382 κάντεῦθεν
2311 5328 2409 5396 τὴν
2459 5328 2660 5395 θνητὴν
2712 5323 2953 5381 ἐδίδασκε
3003 5327 3156 5404 φύσιν
3208 5326 3370 5400 ὅρους
3409 5326 3697 5390 ἀθανασίας

277 5399 607 5478 ἐκδέχεσθαι.
642 5398 726 5459 Εἰ
747 5400 935 5482 paulo
962 5410 1112 5481 post,
1149 5407 1245 5463 Καὶ
1278 5398 1661 5484 aemulam
1696 5398 1731 5463 δ’
1761 5409 1931 5482 μέγας
1964 5409 2276 5472 Ἀθανάσιος
2308 5405 2510 5481 ἔλεγεν,
2545 5406 2626 5460 ὅτι
2659 5407 2747 5461 καὶ
2778 5406 2869 5461 τὸν
2904 5398 3087 5462 Ἠλίαν
3122 5398 3367 5481 ἁρπάζει,
3400 5405 3486 5461 καί
3518 5407 3591 5469 ὡς
3623 5408 3700 5468 εἰς

348 5722 429 5865 ἕῗ)
453 5724 594 5793 Pag.
626 5720 649 5776 4
660 5721 747 5777 89.

403 5796 423 5864 )
454 5797 595 5865 Pag.
628 5794 751 5851 100.

2111 5724 2185 5795 (c)
2217 5723 2355 5795 Pag.
2386 5722 2510 5776 247.

2114 5796 2189 5865 (d)
2222 5795 2357 5865 Pag.
2387 5792 2510 5846 248.

374 5793 423 5864 b)
454 5792 595 5866 pag,
628 5794 751 5851 100,
2114 5792 2189 5868 (ἀ)
2222 5792 2357 5866 Pag.
2387 5792 2521 5862 248,
