4136 6384
339 441 416 500 19
1831 443 2277 505 PBIEFATIO.
3676 447 3758 506 20

337 577 559 658 οὐρᾳνὸν
589 569 1027 658 avaeépsa._fl_zec_
1045 571 1156 658 ibi,
1187 573 1547 658 gamma/er
1573 591 1705 634 cum
1734 573 2021 658 colinam

2162 576 2255 636 'em
2279 577 2446 656 infra
2477 579 2538 636 in
2571 577 2911 658 opusculum
2943 599 2966 640 .'
2995 581 3218 641 Utrum
3247 578 3526 639 Joannes
3557 595 3750 638 evan-

337 652 558 734 gélista
589 652 805 712 revera
836 652 1082 740 abierit,
1115 653 1224 732 fol.
1259 655 1398 740 251,
1433 653 1546 714 col.
1596 658 1654 727 2,
1690 656 1777 714 ait
1810 675 1823 714 :
1859 661 1955 715 Καὶ
1989 663 2016 716 ὁ

2162 683 2219 724 κς
2274 652 2692 727 δὲ”ΑθανάσῘιος
2746 664 2797 719 ἐν
2845 664 2924 737 τῷ
2978 666 3068 727 Εἰς
3121 667 3222 734 τήν
3275 663 3547 737 ἀνάληψιν
3602 664 3754 740 λόγῳ

339 741 526 804 αὐτοῦ,
558 740 742 813 Ἑνὼχ
771 738 1078 820 καὶ-Ἠλίαν
1116 739 1514 811 μνημονεύσας,
1546 741 1634 794 καὶ
1667 741 1831 794 εἷ’πὼν
1867 741 1918 794 ἐν
1945 747 2062 803 τοῖς
2098 747 2256 810 ζῶσιν
2295 740 2498 818 διάγειν
2533 744 2713 812 αὐτὸν,
2747 744 2929 820 ἑτέρου
2959 749 3105 806 τινὸς
3139 745 3566 817 ἐμνημόνευσεν.
3612 738 3757 800 Ηέέϐ

336 815 817 901 Ft-lckmannus.
851 814 1300 901 Sednquonian}
1333 816 1383 872 is
1415 817 1684 901 scriptor
1713 817 2020 892 sequioris
2048 824 2139 901 est
2170 819 2309 888 aavi,
2344 814 2500 878 nihil
2531 820 2698 901 illius
2738 814 3207 901 testimonioiad
3237 814 3570 901 γνησιότητα
3619 822 3756 896 ejus

336 896 871 981 comprobandum
907 894 1198 981 efficitur.
1234 896 1378 954 Haec
1411 898 1545 972 ipsa
1578 915 1736 974 pene
1759 903 1977 981 cavlem
2010 897 2203 981 verba
2234 901 2386 981 citat
2419 900 2682 959 Michael
2706 901 2929 975 (ilycas
2962 905 3022 959 in
3065 894 3348 981 Historia
3381 894 3754 981 Byzantina.

339 976 515 1058 Quod
552 974 1000 1058 testimonioid
1036 975 1237 1058 solum
1271 985 1578 1054 superest,
1619 984 1686 1036 ut
1716 984 1860 1036 ante
1895 976 2212 1058 Michaelis
2269 979 2477 1054 GLHEEB
2536 999 2738 1039 aevum
2775 974 3101 1040 Athanasii
3159 982 3412 1041 nomine
3436 974 3756 1058 'evulgata

339 1054 1000 1139 t'uei-itbzecghomilia.
1037 1056 1319 1139 Diximus
1352 1075 1538 1134 porro
1568 1058 1633 1116 in
1675 1058 1910 1139 Monito
1941 1059 2048 1139 ‘ad
2082 1057 2246 1118 hanc
2297 1059 2655 1129 honiiliam,
2713 1061 2986 1138 primum
3037 1060 3278 1138 publici
3326 1061 3494 1139 juris
3526 1054 3755 1121 fac'tam

338 1137 529 1220 fuisse
559 1135 622 1194 in
646 1135 917 1195 editione
950 1136 1448 1196 Commeliniana
1476 1158 1488 1197 :
1525 1156 1741 1198 verum
1775 1137 1998 1198 exinde
2028 1139 2472 1216 comperimus,
2520 1135 2840 1220 antiquius
2870 1135 3060 1202 fuisse
3087 1142 3261 1202 illam
3295 1135 3461 1221 tj'pis
3499 1142 3761 1202 manda-

345 1217 506 1277 tam.

419 1295 755 1380 Homiliam
788 1294 851 1354 in
887 1293 950 1356 S.
983 1294 1282 1380 Andream
1311 1296 1529 1380 Latine
1559 1297 1731 1356 dedit
1760 1296 2038 1356 Thomas
2069 1299 2344 1358 Galetus.
2377 1299 2432 1360 J.
2470 1300 2514 1358 Ο
2549 1345 2563 1371 ,
2597 1319 2764 1361 anno
2796 1303 2972 1374 1614,
3006 1301 3315 1380 Lugduni,
3374 1301 3601 1361 Carolo
3635 1303 3757 1362 Fa-

340 1377 531 1456 piano
563 1377 930 1457 interprete,
965 1394 1105 1435 cum
1140 1376 1277 1436 aliis
1310 1378 1700 1438 diversorum
1733 1380 1991 1436 Patrum
2023 1380 2293 1457 scriptis,

2330 1398 2390 1458 p.
2429 1381 2567 1439 230.

427 1455 1084 1539 Libellusﬂecorpore
1104 1458 1516 1539 eiAanimaest
1544 1459 1967 1535 fragmentum
2001 1455 2286 1518 avulsum
2323 1455 2399 1519 ex
2431 1461 2592 1520 libro
2621 1459 2706 1520 De
2729 1459 3190 1539 deﬁnitionibus,
3226 1479 3366 1520 cum
3399 1460 3614 1538 aliqua
3633 1460 3754 1519 dis-

339 1536 872 1620 crepantiaLHuic
904 1538 1052 1620 item
1079 1536 1637 1620 Aaffinegquidpiam
1666 1540 1930 1620 habetur
1961 1545 2006 1598 t.
2041 1540 2064 1599 l
2095 1540 2211 1599 sub
2243 1541 2458 1612 ﬁnem,
2500 1541 2561 1600 in
2614 1536 3018 1619 fragmentis;
3056 1542 3161 1601 sed
3213 1541 3397 1620 longe
3448 1536 3754 1620 prmstan-

341 1617 465 1700 tius
495 1618 648 1700 istis.
684 1618 760 1676 Et
781 1636 928 1700 vero
961 1617 1092 1700 fieri
1126 1618 1353 1700 potuit,
1390 1626 1458 1678 ut
1489 1619 1598 1696 qui
1629 1619 1747 1678 hoc
1782 1619 1868 1679 De
1887 1638 2132 1700 corpore
2159 1622 2360 1681 anima
2389 1617 2762 1699 opusculum
2797 1623 3120 1682 mandavit
3151 1617 3398 1694 litteris,
3433 1617 3648 1699 aliqua
3677 1639 3758 1681 ex

341 1699 505 1757 veris
530 1697 857 1757 Athanasii
889 1698 1185 1774 operibus
1215 1699 1294 1756 sit
1325 1706 1670 1758 mutuatus.

438 1778 569 1838 Vita
589 1788 802 1837 sanctae
836 1777 1209 1857 Syncleticae,
1248 1778 1418 1838 haud
1450 1780 1726 1858 imperiti
1751 1779 2024 1838 hominis
2053 1797 2234 1857 opus,
2284 1779 2542 1858 pulchre
2572 1781 2653 1841 ad
2677 1800 2880 1842 mores
2925 1782 3350 1842 instituendos
3382 1779 3765 1842 concinnata

351 1865 444 1917 est
478 1879 488 1916 :
527 1877 675 1917 nam
706 1859 1099 1940 longiuscule
1133 1859 1297 1928 licet,
1334 1859 1518 1918 unica
1557 1860 2188 1940 peneiadhortatione
2219 1861 2484 1920 solvitur
2516 1883 2531 1936 ;
2568 1862 2652 1921 ita
2687 1870 2754 1920 ut
2783 1881 2926 1940 quas
2984 1863 3295 1938 ejusmodi
3355 1863 3431 1921 ad
3495 1862 3766 1940 virgines

350 1939 697 2016 paraenesin
735 1938 1027 1998 habuisse
1060 1939 1275 2014 fertur,
1310 1958 1579 2018 quaeque
1608 1941 1671 1999 in
1715 1939 1982 2016 juvenili
2014 1946 2198 2000 astate
2226 1959 2364 2001 eam
2399 1960 2542 2001 orsa
2586 1938 2835 2012 dicitur,
2870 1961 2945 2002 ea
2977 1942 3275 2003 absoluta
3303 1938 3622 2018 octaginta
3648 1959 3757 2000 an-

359 2037 474 2078 nos
506 2027 654 2100 nata
685 2036 832 2079 mox
866 2027 1267 2100 memoratur.
1302 2020 1555 2080 Erudite
1588 2039 1778 2098 porro
1805 2020 1867 2079 in
1899 2039 1971 2080 ea
2000 2021 2387 2100 disceptatur
2415 2031 2634 2081 contra
2666 2023 2886 2093 fatum,
2940 2029 3001 2083 et
3049 2034 3269 2082 contra
3301 2023 3601 2098 genesim,
3637 2022 3766 2081 sive

365 2098 909 2182 genethliacorum
944 2099 1296 2182 scientiam.
1344 2101 1463 2162 Sed
1498 2101 2018 2178 praestantissima
2048 2098 2328 2182 omnium
2363 2108 2529 2174 sunt,
2563 2121 2705 2181 quas
2754 2109 2972 2162 contra
3002 2103 3144 2162 illos
3195 2103 3543 2182 proﬂigatis
3575 2101 3766 2182 mori-

356 2178 475 2238 bus
507 2179 810 2261 homines,
845 2198 1112 2261 quorum
1145 2181 1206 2238 in
1239 2198 1320 2261 eo,
1345 2188 1632 2258 totaspes
1662 2186 1853 2254 est,ut
1882 2181 1944 2240 in
1978 2181 2244 2242 nihilum
2277 2189 2424 2241 eant
2454 2178 2771 2261 siquando
2790 2183 3036 2242 vivendi
3061 2178 3242 2242 ﬁnem
3270 2178 3503 2242 faciant
3538 2200 3550 2240 :
3582 2181 3689 2258 qui
3712 2181 3762 2241 si

356 2266 484 2318 tam
509 2260 734 2320 misera
752 2260 1188 2341 specadant,et
1215 2260 1442 2320 cadent
1461 2261 2016 2340 utique,quantum
2049 2262 2124 2321 iis
2153 2260 2674 2341 supplicium,qui
2703 2263 2844 2323 ideo
2867 2265 2928 2322 in
2961 2271 3053 2324 tot
3073 2263 3303 2324 scelera
3322 2267 3766 2341 proruperunt,

352 2341 520 2414 quod
557 2341 712 2400 falsa
742 2340 1037 2418 opinione
1069 2342 1332 2416 impune
1364 2341 1480 2400 sibi
1512 2342 1643 2401 fore
1674 2350 1996 2420 sperarent
2028 2344 2057 2400 ?
2089 2344 2175 2401 Ex
2207 2340 2326 2401 hoc
2349 2341 2562 2420 itaque
2594 2340 2920 2404 hominum
2946 2362 3174 2421 genere
3203 2340 3405 2412 erant,
3439 2344 3547 2420 qui
3577 2342 3769 2419 impie

348 2420 656 2502 dicerent,
690 2424 966 2480 animam
1001 2439 1132 2481 esse
1166 2421 1384 2502 florem
1417 2429 1686 2492 naturas,
1719 2421 1900 2499 cujus
1939 2421 2176 2502 scilicet
2208 2423 2495 2482 interitus
2540 2442 2680 2482 cum
2715 2420 2966 2501 plantas?
3004 2424 3132 2484 sive
3175 2424 3464 2502 corporis
3512 2424 3766 2482 interitu

344 2501 707 2582 necessario
740 2503 1117 2582 coniunctus
1149 2501 1528 2582 esset.rlpsis
1558 2521 1706 2562 sane
1739 2501 2079 2579 gentilibus
2116 2504 2459 2562 deteriores
2496 2521 2507 2561 :
2543 2505 2651 2581 qui
2713 2505 3040 2582 prmmium
3102 2501 3321 2582 probe,
3390 2503 3770 2581 supplicium

343 2581 634 2657 improbe
669 2581 1026 2665 viventibus
1058 2581 1189 2641 fore
1226 2581 1640 2665 aestimabant
1657 2599 1682 2665 :_
1704 2583 1854 2641 audi
1884 2583 2019 2642 Plat

2162 2582 2366 2662 {11(0):
2406 2581 2724 2652 ’Δθάνατοςί
2770 2591 2928 2662 ἡμῶν
3007 2594 3041 2659 ἡ
3106 2581 3272 2665 ίψυχὴ
3352 2589 3441 2642 καὶ
3512 2587 3772 2642 οὐδέποτε

345 2664 682 2721 ἀπόλλυται.
724 2663 797 2721 Et
826 2662 1088 2720 inferius
1119 2668 1382 2740 pugnat,
1417 2662 1721 2739 improbis
1753 2680 1970 2740 pmnas
2003 2681 2136 2723 esse
2168 2669 2576 2741 praaparatas.

429 2744 576 2801 Haec
606 2741 756 2824 satis
788 2748 997 2824 sunto.
1032 2741 1225 2824 Plura
1255 2742 1332 2824 de
1363 2741 1776 2824 singulis‘hoc
1804 2743 1866 2801 in
1898 2749 2072 2803 tomo
2096 2743 2494 2824 exstantibus
2523 2744 2586 2803 in
2617 2745 2889 2823 propriis
2910 2745 3302 2824 singulorum
3329 2741 3772 2804 admonitioni-

346 2820 468 2881 bui
517 2827 581 2882 et
608 2822 670 2881 in
704 2822 869 2882 notis
901 2822 1196 2900 reperies,
1231 2822 1438 2896 Salve,
1471 2821 1714 2883 erudite
1748 2823 1962 2898 lector,
2000 2829 2062 2884 et
2088 2823 2186 2884 his
2215 2825 2374 2884 fave.

429 3006 506 3078 (a)
540 3006 664 3061 Lib.
698 3023 734 3061 x
769 3008 844 3063 De
872 3007 1110 3079 repub(.,
1144 3023 1277 3080 pag.
1309 3008 1416 3063 608
1447 3007 1586 3064 edit.
1618 3011 1689 3062 H.
1720 3009 2020 3080 Stephani.

1143 3414 1598 3476 CATALOGUS
1641 3414 2373 3477 MANUSCRIPTORUM
2421 3415 2521 3475 ET
2567 3414 2972 3476 EDITORUM

1297 3519 1536 3591 Quibus
1565 3520 1628 3582 in
1659 3521 1936 3584 editione
1968 3520 2232 3601 hujusce
2263 3520 2420 3582 tomi
2455 3520 2550 3581 usi
2581 3539 2823 3581 sumus.

346 3753 544 3811 Primo
573 3753 746 3811 editis
773 3758 829 3810 S.
861 3755 1169 3814 Athanasii
1204 3755 1480 3814 omnibus
1511 3773 1642 3812 cum
1675 3757 1900 3813 Latinis
1931 3760 2059 3812 tum
2106 3755 2563 3812 Graeco-Latinis
2612 3755 2703 3812 usi
2752 3771 2964 3812 sumus
3007 3771 3261 3827 semper,
3298 3754 3552 3810 maxime
3583 3759 3782 3810 tamen

1348 3829 1617 3886 omnium
1648 3829 2114 3887 Commeliniana
2140 3832 2198 3885 et
2227 3828 2564 3886 Parisiensi.

430 4145 489 4198 In
526 4142 735 4216 librum
763 4143 1244 4201 delncarnatione.
1257 4145 1350 4202 Usi
1368 4161 1565 4202 sumus
1591 4153 1810 4202 tantum
1835 4146 2018 4216 Cyril-

359 4215 398 4270 li
429 4216 600 4269 editis
631 4214 728 4270 ubi
763 4216 880 4270 haec
919 4224 1106 4271 exstat
1135 4218 1393 4287 epistola.

428 4287 488 4341 In
532 4287 869 4343 Testimonia.
910 4303 980 4343 ea:
1029 4287 1320 4358 Scriptura
1348 4306 1529 4344 sacra.
1562 4319 1631 4329 —-
1661 4289 1883 4344 Codicis
1914 4303 2016 4344 cu-

344 4359 575 4429 jusdam
610 4358 861 4414 Vaticani
895 4362 1176 4428 exscriplo
1220 4370 1273 4416 ct
1308 4361 1649 4416 Felkmanni
1682 4361 2023 4416 lectionibus

357 4430 619 4554 codicudm
644 4429 996 4502 Basiliensis,
1023 4431 1316 4500 Anglicani
1344 4431 1722 4488 Felckmanni
1752 4431 1922 4502 primi
1953 4448 2020 4488 ac

359 4515 537 4554 secun
585 4515 624 4554 ι.

359 4515 624 4559 secundi.

433 4572 495 4626 In
527 4573 824 4642 Epistolam
876 4573 1244 4639 Catholicam,
1298 4589 1370 4628 ex
1409 4573 1772 4630 Felckmanni
1817 4575 2021 4629 codici-

369 4643 480 4698 bus.
506 4673 572 4716 ςτ-
607 4643 968 4699 Lectionibus
998 4646 1259 4701 codicum
1292 4645 1623 4701 Basiliensis
1655 4646 1821 4716 primi
1851 4654 1902 4702 et
1930 4662 2016 4702 se-

368 4714 568 4778 cundi,
605 4716 920 4784 Anglicani,
953 4725 1062 4771 etc.

438 4786 498 4840 In
534 4788 920 4856 refutationem
971 4786 1279 4859 hypocrisis
1311 4787 1516 4842 Melelii
1551 4795 1601 4843 et
1648 4787 1872 4844 Eusebii
1921 4788 2019 4842 Sa-

368 4859 715 4913 mosaIe-nsis.
775 4889 842 4898 —-
901 4859 1259 4914 Lectionibus
1316 4859 1528 4914 codicis
1578 4859 2019 4915 eminentissimi

369 4929 684 4984 cardinalis
733 4929 996 4985 Ottoboni
1047 4937 1101 4984 et
1148 4929 1515 4985 Felckmanni
1550 4930 1890 4987 lectionibus
1919 4947 2020 4986 co-

370 5000 566 5124 dicilli;
625 5002 958 5057 Basiliensis
1018 5002 1041 5055 1
1104 5010 1158 5056 et
1214 5004 1286 5070 2,
1356 5002 1688 5073 Anglicani,
1765 5003 2018 5058 Felckm.

439 5088 469 5124 θ
563 5113 574 5124 .

377 5073 402 5125 1
439 5073 574 5126 θι2.

440 5143 503 5197 In
529 5159 840 5198 sermonem
887 5142 949 5197 de
994 5144 1214 5199 Incarn.
1271 5145 1374 5200 Dei
1395 5143 1566 5200 Verbi.
1600 5176 1668 5185 —
1697 5145 1900 5200 Codice
1931 5145 2021 5198 Se-

375 5229 650 5280 gueriano
681 5222 734 5268 et
760 5215 1134 5270 Felckmanni
1182 5216 1523 5272 lectionibus
1570 5218 1836 5273 codicum
1868 5216 2022 5270 Basi-

373 5285 600 5350 liensis,
635 5287 952 5356 Anglicani,
985 5287 1333 5351 Gobleriani,
1369 5287 1620 5342 Felckm.
1658 5290 1682 5342 1
1712 5296 1763 5343 et
1796 5291 1850 5341 2.

444 5358 506 5409 In
532 5372 839 5430 sermonem
868 5358 933 5412 de
963 5366 1175 5414 aeterna
1210 5360 1318 5414 Fili
1348 5363 1399 5414 et
1433 5357 1670 5430 Spiritus
1698 5367 1872 5414 sancti
1902 5372 2024 5412 cum

377 5428 480 5482 Deo
510 5429 836 5484 exsistenlia
867 5437 918 5483 et
945 5439 1136 5485 contra
1189 5428 1552 5486 Sabellianios.
1584 5462 1655 5471 -—
1683 5431 2028 5499 Segueriano

376 5500 572 5622 (iudice
620 5508 673 5556 et
724 5500 1059 5558 Felkmanni
1109 5502 1448 5558 lectionibus
1499 5503 1762 5558 codicum
1803 5515 2025 5557 eorum-

379 5585 535 5622 terr.

379 5585 535 5625 (terr.

455 5646 518 5696 In
567 5643 884 5711 orationem,
918 5644 1062 5714 quod
1107 5660 1254 5698 unus
1300 5645 1370 5699 sit
1421 5643 1692 5698 Christus.
1726 5672 1795 5682 —-
1825 5642 2030 5714 Codice

380 5713 722 5781 Segueriano
769 5723 820 5769 et
868 5712 1076 5771 Catena
1105 5716 1162 5769 in
1201 5717 1404 5770 Lucam
1443 5724 1496 5770 et
1529 5714 1896 5769 Felckmanni
1950 5712 2029 5768 le-

381 5785 668 5840 ctionibus
697 5786 920 5843 iisdem.

2202 4147 2262 4200 In
2295 4144 2498 4200 librum
2528 4143 2592 4200 de
2634 4144 2871 4201 Sabbato
2899 4149 2949 4200 et
2979 4145 3430 4201 Circumcisione.
3467 4173 3533 4185 —
3563 4143 3789 4200 Codici-

2129 4217 2233 4272 bus
2263 4217 2435 4286 Regio
2463 4217 2626 4284 2284,
2652 4223 2706 4273 et
2727 4217 3072 4289 Segueriano
3102 4223 3153 4270 et
3180 4215 3552 4272 Felckmanni
3588 4216 3788 4271 lectio-

2126 4289 2297 4344 nibus
2319 4289 2544 4342 iisdem.

2198 4362 2263 4416 In
2303 4360 2597 4414 Homiiiam
2624 4359 2690 4413 de
2718 4359 2982 4414 Semente.
3013 4387 3083 4398 —
3122 4355 3495 4412 Felckmanni
3527 4356 3789 4412 lectioni-

2128 4431 2235 4507 bus
2263 4431 2906 4507 codicibus_.tn_glicani.
2953 4504 2984 4507 _
3494 4498 3524 4507 Δ
3583 4497 3616 4507 _,

2197 4504 2260 4558 In
2293 4502 2433 4557 illud
2480 4520 2498 4557 :
2551 4496 2790 4558 Profecti
2840 4502 2900 4557 in
2951 4504 3187 4567 Pagum,
3237 4507 3344 4554 etc.
3379 4529 3446 4537 -—
3486 4496 3789 4554 Codioibus

2128 4574 2299 4644 Regio
2329 4575 2492 4643 2284,
2527 4581 2580 4629 et
2609 4573 2976 4646 Segueriano,
3017 4579 3072 4626 et
3116 4569 3487 4626 Felckmanni
3516 4569 3787 4626 lectioni-

2131 4646 2236 4702 bus
2267 4646 2525 4701 codicum
2564 4645 2658 4713 qui
2691 4645 2976 4715 superius.

2199 4721 2268 4772 In
2324 4733 2628 4772 sermonem
2677 4717 2737 4770 in
2762 4713 3104 4770 Tassionem
3151 4717 3200 4768 et
3263 4713 3488 4768 Crucem
3545 4713 3786 4768 Domini.

2129 4819 2198 4828 —
2230 4789 2434 4844 Codice
2478 4788 2648 4858 Regio
2697 4787 2857 4841 2284.
2909 4788 2974 4842 Et
3024 4786 3392 4843 Falckmanni
3442 4784 3792 4841 lectionibus

2129 4859 2359 4915 iisdem.

2206 4934 2267 4986 In
2323 4931 2507 4984 ibrum
2534 4930 2598 4985 de
2634 4930 2980 5000 Virginitate.
3013 4959 3083 4970 -—
3114 4928 3488 4984 Felckmanni
3523 4925 3785 4983 lectioni-

2133 5002 2242 5058 bus
2272 5002 2496 5056 iisdem.

2204 5077 2273 5129 In
2301 5074 2582 5144 Synopsin
2612 5072 2906 5137 Scriptum
2936 5086 3129 5144 sacrae.
3171 5102 3239 5112 —
3277 5071 3394 5144 [lno
3437 5077 3662 5144 tantum
3693 5083 3790 5124 co-

2134 5145 2260 5200 dice
2312 5140 2392 5197 usi
2445 5140 2577 5200 sunt
2631 5143 3064 5199 Commeliniani
3113 5144 3208 5213 qui
3267 5142 3428 5212 prius
3471 5140 3792 5205 ediderunt,

2135 5217 2308 5292 codex
2335 5216 2453 5286 jam
2485 5215 2585 5292 ubi
2633 5223 2811 5292 exstet
2859 5216 3277 5292 ignoratur._Ad
3321 5220 3790 5292 postremumar-

2135 5282 2374 5363 ticulum
2407 5287 2499 5356 qui
2534 5287 2724 5363 Latine
2769 5282 2984 5363 tantum
3017 5285 3271 5363 exstabat
3319 5282 3378 5339 in
3414 5283 3566 5363 prius
3595 5282 3789 5363 editis,

2137 5361 2221 5412 ιιςῇ
2255 5354 2454 5412 sumus
2485 5358 2774 5413 codicibus
2807 5359 2976 5426 Regio
3010 5359 3167 5423 1807,
3214 5367 3264 5412 at
3298 5354 3728 5426 eXscriptoalio
3761 5369 3793 5405 a

2138 5434 2201 5484 D.
2235 5430 2442 5485 Jacobo
2469 5429 2588 5486 Mill
2623 5430 2924 5500 principali
2971 5427 3193 5497 collegii
3225 5427 3279 5483 S.
3326 5425 3610 5481 Edmundi
3640 5425 3790 5479 Oxo-

2138 5516 2379 5556 menels.

2213 5576 2279 5627 1η
2312 5573 2752 5642 Disputationem
2793 5579 2987 5628 contra
3031 5571 3222 5624 Arium
3255 5573 3318 5625 in
3345 5566 3790 5642 conciiio_.’_Vi_cre-

2139 5659 2229 5698 no.
2264 5676 2331 5718 —_
2364 5637 2663 5718 (Iudicibus
2712 5645 2880 5718 Regio
2932 5643 3103 5718 23:38l
3128 5643 3287 5718 289,2,
3320 5642 3482 5718 2910,
3514 5648 3567 5696 et
3598 5637 3798 5718 Felclt-

2141 5716 2334 5770 lianni
2369 5716 2710 5771 lectionibus
2759 5716 3021 5771 codicum
3071 5714 3419 5782 Basiliensis,
3454 5714 3790 5782 Angustam,

2137 5787 2461 5858 Anglicani,
2495 5787 2830 5848 Feickman.
2869 5789 2918 5857 1,
2947 5787 3003 5854 2,
3036 5793 3089 5842 et
3120 5783 3470 5843 Gobleriani.
