4136 6372
323 418 399 479 2⁸1
1505 421 1572 487 S.
1618 419 2143 485 ATHANASIUS.
2173 453 2252 466 —-
2281 420 2549 486 DUBIA.
3663 417 3742 478 28

326 549 682 607 adorandam
731 554 789 607 et
817 568 997 608 unam
1056 569 1173 609 non
1230 554 1621 611 adorandam:
1666 554 1768 611 sed
1800 569 1978 610 unam

2100 550 2219 624 μίαν
2280 553 2681 627 προσκυνητὴν,
2737 551 2827 606 καὶ
2907 550 3030 624 μίαν
3105 551 3537 626 άπροσκυνητον·
3595 545 3745 603 ἀλλὰ

325 645 597 696 naturam
626 640 729 697 Dei
763 641 931 697 Verbi
956 643 1422 715 incarnatam,et
1452 645 1811 701 adorandam
1844 660 1978 698 cum

325 746 497 785 carne
530 718 1006 797 sua,aiioratione
1034 734 1377 805 una.Neque
1408 736 1557 789 duos
1587 734 1763 799 ﬁlios,
1796 733 1980 789 alium

325 818 425 874 Dei
463 819 698 885 Filium,
734 836 937 876 verum
971 820 1154 877 Deum
1191 827 1247 877 et
1286 824 1675 890 adorandum,
1701 821 1882 878 alium
1914 839 1982 876 ex

326 908 510 964 Maria
532 908 958 982 hominem,qui
996 928 1111 966 non
1151 912 1685 985 adoretur,quique
1716 929 1815 983 per
1845 927 1978 982 gra-

323 998 493 1064 tiam,
527 1003 590 1053 ut
620 997 913 1065 homines,
936 999 1119 1056 Filius
1147 1002 1243 1056 Dei
1268 1000 1458 1058 factus
1482 1002 1594 1068 sit;
1621 1001 1722 1056 sed
1751 1018 1818 1055 ex
1842 1006 1979 1065 Deo,

324 1093 391 1141 ut
421 1087 559 1153 dixi,
593 1104 776 1143 unum
816 1088 1026 1144 Filium
1060 1089 1161 1144 Dei
1193 1096 1252 1145 et
1285 1098 1463 1145 Usum
1491 1115 1505 1157 ;
1538 1107 1671 1147 eum
1699 1092 1893 1162 ipsum
1925 1095 1982 1145 et

323 1193 440 1231 non
466 1176 647 1232 alium
682 1182 883 1231 natum
902 1194 971 1233 ex
990 1178 1171 1233 Maria
1190 1180 1513 1234 secundum
1533 1196 1767 1235 carnem
1790 1179 1848 1234 in
1875 1195 1982 1232 no-

322 1265 588 1321 vissimis
627 1265 857 1329 diebus,
892 1268 1392 1337 quemadmodum
1451 1268 1693 1339 angelus
1727 1269 1979 1340 Deiparae

327 1355 517 1411 Maria
546 1354 794 1411 dicenti:
828 1378 855 1406 α
889 1356 1189 1421 Quomodo
1230 1357 1329 1413 ﬁet
1374 1357 1558 1425 istud,
1592 1357 1871 1430 quoniam
1899 1357 1983 1412 vi-

325 1461 460 1501 rum
493 1460 608 1500 non
640 1460 928 1517 cognosco
959 1445 1022 1501 9?
1047 1470 1070 1498 ι
1116 1446 1218 1511 ait,
1246 1469 1272 1495 ‹‹
1305 1447 1563 1518 Spiritus
1611 1451 1853 1504 sanctus
1878 1464 1982 1503 su-

326 1533 622 1606 perveniet
651 1534 711 1589 in
744 1539 820 1600 te,
853 1540 910 1589 et
930 1535 1119 1590 virtus
1148 1535 1435 1591 Altissimi
1458 1537 1979 1593 obumbrabittibi:

325 1623 577 1696 ideoque
625 1624 780 1694 quod
837 1628 1116 1680 nascetur
1143 1630 1439 1697 sanctum,
1469 1626 1771 1683 vocabitur
1802 1626 1983 1681 Filius

326 1714 428 1770 Dei
451 1713 493 1768 ³.
530 1734 559 1761 ››
591 1713 699 1776 Qui
732 1713 915 1786 igitur
946 1718 1121 1769 natus
1151 1718 1239 1769 est
1289 1731 1358 1771 ex
1385 1714 1625 1787 Virgine
1654 1715 1857 1782 Maria,
1890 1714 1982 1771 Fi-

326 1803 443 1859 lius
474 1802 575 1858 Dei
607 1808 819 1859 natura
848 1808 907 1858 et
936 1803 1089 1859 Deus
1119 1820 1315 1876 verus,
1378 1822 1493 1861 non
1550 1806 1739 1878 gratia
1795 1820 1984 1877 neque

2093 641 2217 713 μίαν
2250 640 2406 718 φύσιν
2435 646 2534 696 τοῦ
2581 645 2716 697 Θεοῦ
2764 639 2941 716 Λόγου
2990 638 3427 714 σεσαρκωμὲνην,
3478 636 3610 711 μετὰ
3640 643 3740 706 τῆς

2090 732 2284 803 σαρκὸς
2338 730 2501 785 αὐτοῦ
2554 736 2653 804 μιᾷ
2702 732 3065 806 προσκυνήσει
3112 729 3203 784 καὶ
3244 726 3749 801 προσκυνουμένην.

2089 818 2222 873 Οὐδὲ
2256 817 2351 875 δύο
2401 819 2572 891 υἱοὺς,
2623 818 2792 874 ἄλλον
2849 819 2941 891 μὲν
2978 818 3099 873 Υἱὸν
3132 823 3290 886 Θεοῦ,
3324 816 3584 887 ἀληθινὸν
3616 816 3744 871 Θεὸν

2088 909 2177 964 καὶ
2224 909 2716 981 προσκυνούμενον·
2764 910 2840 981 (1)
2896 905 3064 962 ἄλλον
3108 904 3166 961 δὲ
3198 906 3258 962 ἐκ
3288 907 3501 978 Μαρίας
3536 903 3746 977 ἄνθρω-

2088 1019 2213 1066 πον,
2266 1000 2341 1071 μὴ
2397 998 2889 1073 προσκυνούμενον,
2936 996 3070 1051 κατά
3116 998 3276 1072 χάριν
3332 997 3453 1050 Υἱὸν
3490 999 3626 1050 Θεοῦ
3655 1015 3745 1069 γε-

2088 1088 2343 1160 νόμενον,
2393 1087 2468 1149 ὡς
2517 1086 2607 1142 καὶ
2666 1084 2962 1162 ἄνθρωποι·
3016 1084 3162 1141 άλλὰ
3208 1085 3299 1139 τὸν
3342 1084 3402 1140 ἔκ
3449 1088 3605 1155 Θεοῦ,
3664 1083 3740 1144 ὡς

2092 1174 2244 1253 ἔφην,
2305 1175 2396 1231 ἕνα
2444 1177 2565 1231 Υἱὸν
2615 1180 2746 1231 Θεοῦ
2793 1176 2882 1231 καὶ
2941 1171 3092 1230 Θεόν·
3134 1175 3226 1229 τὸν
3276 1174 3434 1229 αὑτὸν
3491 1172 3582 1228 καὶ
3642 1172 3744 1227 οὐκ

2092 1266 2265 1321 ἄλλον
2314 1265 2374 1320 ἐκ
2422 1264 2627 1340 Μαρίας
2674 1266 3024 1340 γεγεννῆσθαι
3070 1264 3208 1318 κατᾶ
3259 1265 3428 1339 σάρκα
3478 1261 3559 1316 ἐπ’
3590 1260 3752 1337 ἐσχά-

2088 1377 2197 1411 των
2244 1359 2352 1409 τῶν
2406 1357 2648 1428 ἡμερῶν
2701 1354 2774 1416 ὡς
2822 1353 2851 1408 6
2902 1350 3134 1429 ἅγγελος
3183 1356 3249 1427 τῇ
3282 1351 3530 1424 Θεοτόκῳ
3560 1348 3743 1425 Μαρίᾳ

2091 1444 2352 1520 λεγούση-
2384 1447 2463 1517 (2)
2498 1466 2523 1493 ‹‹
2553 1448 2678 1505 Πῶς
2706 1447 2868 1497 τοῦτο
2900 1440 3068 1510 ἔσται,
3102 1441 3216 1496 ἐπεὶ
3248 1438 3414 1516 ἄνδρα
3464 1439 3527 1494 οὐ
3576 1440 3750 1514 γινώ-

2091 1553 2243 1603 σκω;
2281 1558 2302 1584 ι
2355 1531 2540 1608 εἷ’ρηκε
2565 1551 2578 1565 ’
2629 1556 2656 1583 ‹‹
2712 1537 2931 1603 Πνεῦμα
2979 1530 3132 1605 ἅγιον
3170 1528 3512 1585 ἐπελεῦσεται
3546 1526 3631 1584 tu?
3666 1527 3748 1594 σὶ,

2091 1623 2179 1679 καὶ
2223 1621 2454 1695 δύναμις
2501 1621 2750 1697 Ὑψίστου
2801 1619 3099 1677 ἰπισκιάσει
3135 1636 3241 1673 σοι·
3276 1616 3361 1673 διὸ
3391 1617 3482 1672 καὶ
3510 1619 3575 1672 τὸ
3626 1637 3746 1691 γεν-

2092 1712 2333 1785 νώμενον
2393 1712 2548 1786 ἅγιον
2605 1709 2944 1781 κληθήσεται
3001 1709 3124 1770 Υἱὸς
3185 1711 3405 1765 Θεοῦ.»
3455 1711 3510 1760 'O
3569 1705 3748 1761 τοίνυν

2092 1800 2368 1878 γεννηθεὶς
2417 1801 2477 1856 ἐκ
2522 1807 2625 1869 τῆς
2676 1800 2950 1874 Παρθένου
3004 1797 3237 1873 Μαρίας,
3286 1798 3409 1858 Υἱὸς
3471 1800 3608 1852 Θεοῦ
3659 1793 3757 1872 φύ-

326 1892 1128 1965 participatione,secundum
1160 1910 1395 1950 carnem
1426 1899 1683 1963 tantum,
1707 1910 1885 1966 quam
1917 1912 1987 1950 ex

2100 1911 2197 1960 σει,
2228 1890 2316 1945 καὶ
2348 1890 2479 1945 Θεὸς
2510 1888 2785 1958 ἀληθινὸς,
2816 1888 2906 1943 καὶ
2938 1886 3000 1942 οῦ
3046 1888 3255 1962 χάριτι,
3303 1886 3392 1941 καὶ
3444 1884 3505 1939 οὗ
3567 1904 3756 1957 μετου-

2136 1978 2147 1994 1
2376 1978 2389 1994 ο
2504 1977 2515 1994 r
2736 1971 2756 1991 λθ
2969 1976 2981 1994 1
3081 1974 3095 1994 ἱ
3185 1980 3233 1994 ιι
3316 1974 3327 1993 Ι
3447 1972 3471 1989 ν
3505 1974 3531 1994 Α
3549 1993 3556 1994 κ
3642 1993 3655 1994 κ
3674 1993 3679 1994 ,
3736 1991 3746 1994 -

324 1981 507 2037 Maria
536 1980 955 2048 babet,homo;
989 1983 1316 2039 secundum
1346 2000 1482 2039 vero
1514 1984 1791 2056 spiritum
1822 1983 1981 2039 idem

326 2069 425 2127 ille
456 2069 637 2125 Filius
665 2069 788 2141 Dei,
812 2075 871 2126 et
900 2070 1054 2128 Deus
1084 2087 1260 2129 verus
1285 2090 1298 2128 :
1337 2089 1550 2144 passus
1580 2072 1822 2145 quidem
1846 2089 1980 2144 pas-

329 2159 527 2215 siones
556 2162 788 2215 nostras
819 2160 1143 2216 secundum
1176 2177 1434 2226 carnem,
1466 2165 1530 2217 ut
1550 2162 1835 2233 scriptum
1856 2166 1980 2218 est:

329 2269 360 2300 «
392 2248 624 2305 Christo
654 2263 829 2319 passo
856 2264 960 2320 pro
992 2250 1162 2305 nobis
1182 2251 1431 2317 carne‘;
1457 2271 1488 2299 »ο
1518 2255 1578 2306 et
1604 2249 1742 2305 alibi
1767 2268 1781 2306 :
1811 2272 1840 2301 ιι
1872 2248 1983 2315 Qui

329 2337 565 2410 proprio
596 2336 737 2393 Filio
763 2353 878 2392 non
912 2339 1188 2411 pepercit,
1221 2339 1323 2395 sed
1356 2355 1460 2411 pro
1487 2339 1657 2395 nobis
1705 2339 1985 2395 omnibus

330 2426 573 2482 tradidit
594 2424 760 2482 illum
781 2426 823 2481 ⁸.
857 2447 887 2477 ιο
917 2427 1273 2500 Impatibilis
1303 2444 1442 2484 vero
1474 2432 1780 2501 permanet
1799 2433 1857 2485 et
1881 2429 1989 2484 im-

332 2514 639 2571 mutabilis
688 2517 1017 2572 secundum
1076 2518 1376 2584 deitatem,
1431 2517 1512 2573 uti
1546 2517 1761 2574 dicitur
1790 2535 1825 2575 a
1854 2535 1985 2591 pro-

330 2605 547 2676 pheta:
575 2626 605 2655 ‹‹
638 2604 753 2677 Ego
794 2604 971 2674 Deus,
1001 2611 1061 2662 et
1091 2624 1208 2662 non
1231 2610 1429 2661 mutor
1446 2608 1485 2659 ⁸.
1515 2628 1544 2656 ι)
1569 2607 1835 2663 Mortuus
1857 2608 1987 2680 qui-

332 2694 464 2750 dem
499 2699 749 2750 mortem
784 2698 1069 2763 nostram,
1102 2695 1431 2751 secundum
1463 2712 1698 2751 carnem
1732 2713 1834 2769 pro
1857 2713 1988 2769 pec-

332 2781 477 2839 catis
499 2783 739 2853 nostris,
770 2788 837 2838 ut
868 2788 1118 2839 mortem
1162 2783 1417 2839 auferret
1467 2801 1571 2857 per
1599 2802 1765 2842 suam
1798 2786 1989 2859 ipsius

334 2875 583 2927 mortem
605 2887 783 2943 quam
814 2887 920 2943 pro
952 2871 1124 2927 nobis
1153 2871 1459 2929 sustinuit.
1480 2876 1986 2941 Quemadmodum

331 2959 650 3033 Apostolus
700 2960 818 3015 ait:
884 2982 906 3011 ι
949 2962 1243 3033 Absorpta
1271 2966 1362 3017 est
1408 2979 1568 3019 more
1599 2964 1656 3019 in
1700 2965 1987 3021 victoria:

336 3048 584 3117 inferne,
607 3048 708 3106 ubi
738 3048 1017 3104 stimulus
1039 3053 1178 3105 tuus
1201 3052 1221 3085 ⁷
1245 3053 1314 3105 P»
1350 3052 1417 3107 Et
1446 3052 1583 3109 alibi
1611 3071 1624 3109 :
1657 3075 1687 3105 «
1719 3054 1989 3111 Christus

337 3143 609 3195 mortuus
626 3141 715 3195 est
746 3154 849 3210 pro
873 3139 1127 3210 peccatis
1141 3141 1357 3196 nostris
1386 3142 1712 3198 secundum
1732 3143 1993 3216 Scriptu-

2097 1978 2205 2050 σίᾳ,
2263 1978 2400 2032 κατὰ
2456 1977 2625 2053 σάρκα
2686 1971 2873 2050 μόνον,
2922 1976 3021 2043 τὴν
3077 1974 3137 2030 ix
3185 1974 3412 2048 Μαρίας,
3442 1972 3747 2048 ἄνθρωπος·

2090 2068 2229 2123 κατᾶ
2285 2065 2345 2122 δὶ
2398 2069 2633 2140 πνεῦμα,
2692 2067 2720 2121 6
2775 2065 2935 2127 αὐτὸς
2993 2065 3116 2125 Υἱὸς
3164 2069 3298 2120 Θεοῦ
3336 2063 3425 2118 καὶ
3455 2064 3585 2125 Θεὸς
3667 2064 3748 2135 (3)

2091 2157 2375 2228 ἀληθινός·
2408 2158 2592 2212 παθὼν
2626 2159 2719 2229 μὶν
2766 2158 2833 2212 τὰ
2879 2157 3121 2229 ἡμέτερα
3169 2153 3314 2225 πάθη
3362 2154 3499 2209 κατὰ
3556 2152 3752 2229 σάρκα,

2094 2246 2171 2309 ὡς
2226 2244 2564 2322 γέγραπται·
2646 2270 2675 2299 ‹‹
2737 2251 2977 2323 Χριστοῦ
3054 2245 3320 2306 παθόντος
3395 2243 3528 2318 ὑπὶρ
3588 2245 3750 2314 ἡμῶν

2095 2334 2272 2410 σαρκί.
2325 2357 2351 2389 ιι
2416 2332 2515 2389 Kal
2572 2333 2757 2408 πάλιν,
2813 2359 2839 2386 (ς
2896 2337 2995 2397 Ὃς
3038 2353 3101 2409 γε
3146 2337 3244 2389 τοῦ
3303 2330 3441 2386 ἲόίου
3473 2332 3600 2386 ι’ἱοῦ
3654 2330 3757 2386 οὐκ

2095 2425 2359 2502 ἰφεῖσατο,
2419 2422 2546 2479 ἀλλ’
2594 2423 2727 2498 ὑπὲρ
2786 2425 2943 2496 ἡμῶν
3003 2422 3216 2478 πάντων
3279 2420 3591 2497 παρέδωκεν
3652 2419 3747 2474 αῦ-

2094 2516 2209 2572 τόν·
2274 2539 2302 2566 ››
2359 2514 2571 2583 ἀπαθὴς
2603 2511 2661 2568 δὲ
2709 2511 2985 2586 διαμείνας
3042 2512 3133 2568 καὶ
3189 2510 3563 2575 ἀναλλοίωτος
3617 2510 3756 2565 κατὰ

2094 2607 2194 2676 τὴν
2224 2600 2473 2676 θεότητα,
2504 2603 2640 2659 κατὰ
2683 2603 2745 2657 τὸ
2796 2600 3094 2677 λεγόμενον
3125 2602 3228 2657 ὑπὸ
3274 2606 3372 2656 τοῦ
3423 2601 3750 2677 προφήτου⁸

2100 2721 2127 2747 ‹‹
2161 2695 2298 2771 Ἐγὼ
2329 2694 2460 2755 Θεὸς
2514 2693 2603 2747 καὶ
2663 2690 2762 2747 οὐκ
2808 2690 3167 2764 ἠλλοίωμαι·
3223 2716 3250 2739 ιι
3303 2690 3588 2753 ἀποθανὼν
3654 2688 3750 2760 μὶν

2094 2784 2187 2841 τὸν
2241 2783 2508 2858 ἡμέτερον
2558 2783 2782 2837 θάνατον
2830 2782 2967 2836 κατὰ
3015 2781 3186 2856 σάρκα
3235 2779 3367 2855 ὑπὶρ
3423 2782 3531 2832 τῶν
3578 2779 3754 2853 ἁμαρ-

2093 2880 2224 2931 τιῶν
2282 2875 2466 2947 ἡμῶν,
2518 2870 2612 2926 ’ίνα
2665 2872 2759 2927 τὸν
2818 2869 3040 2925 θάνατον
3091 2867 3259 2942 ἀνέλῃ
3310 2865 3400 2923 διά
3462 2871 3558 2921 τοῦ
3618 2865 3752 2942 ὑπὲρ

2096 2968 2257 3037 ἡμῶν
2289 2963 2542 3033 θανάτου,
2574 2960 2711 3015 κατᾶ
2737 2960 2830 3014 τὸν
2864 2957 3097 3033 λέγοντα
3145 2954 3503 3011 Ἀπόστολονο
3557 2981 3578 3006 ι
3618 2961 3756 3009 Κατ-

2099 3052 2269 3122 επόθη
2303 3052 2332 3105 6
2387 3049 2615 3111 θάνατος
2674 3048 2752 3111 είς
2804 3052 2970 3109 νῖκος·
3025 3050 3131 3100 ποῦ
3183 3067 3301 3116 σου,
3343 3041 3469 3115 ᾇδη,
3500 3046 3577 3099 ’τὸ
3631 3042 3760 3098 κίν-

2098 3159 2269 3217 τρονς
2321 3160 2349 3192 ι
2402 3138 2493 3195 καὶ
2542 3135 2707 3194 πάλιν
2741 3155 2755 3170 ο
2819 3162 2845 3187 ‹‹
2894 3133 3124 3212 Χριστὸς
3179 3135 3434 3199 ἀπέθανεν
3488 3134 3620 3209 ὑπὲρ
3650 3136 3758 3188 τῶν

336 3244 434 3284 ras
462 3228 503 3284 ⁸.
530 3250 554 3280 ι
590 3226 949 3283 Immortalis
992 3233 1210 3299 autem,
1243 3234 1300 3286 et
1330 3230 1537 3287 mortis
1568 3231 1814 3302 imperio
1845 3230 1988 3287 liber

2106 3232 2384 3306 ἁμαρτιῶν
2417 3230 2605 3301 ἡμῶν,
2645 3225 2782 3281 κατὰ
2825 3226 2921 3288 τὰς
2967 3226 3201 3303 Γραφάς·
3238 3248 3267 3276 ›)
3299 3223 3562 3285 ἀθάνατος
3595 3218 3653 3277 δὶ
3681 3223 3761 3295 (4)

337 3324 638 3389 permanet
657 3321 897 3389 propter
926 3297 1228 3384 deitatem,
1250 3322 1451 3388 utpote
1471 3297 1858 3392 impaesibilis
1881 3323 1987 3374 Pa-

2103 3297 2193 3375 καὶ
2223 3297 2529 3394 άκράτητος
2557 3297 2638 3388 τῷ
2667 3314 2877 3387 θανάτῳ
2907 3297 3185 3387 διαμείνας
3222 3309 3312 3367 διὰ
3355 3312 3455 3381 τὴν
3506 3310 3759 3380 θεότητα,

336 3404 449 3461 tris
493 3404 705 3471 virtus,
768 3405 1271 3477 quemadmodum
1304 3408 1351 3464 2
1396 3408 1477 3463 ait
1524 3409 1765 3465 Petrus:
1805 3430 1833 3460 α
1866 3408 1992 3465 Non

340 3492 498 3550 enim
533 3496 759 3564 poterat
786 3509 821 3548 a
875 3499 1061 3551 morte
1090 3495 1327 3551 retineri
1359 3496 1400 3550 '.
1433 3516 1465 3549 ι
1497 3497 1605 3564 Qui
1644 3497 1910 3554 ascendit
1934 3498 1994 3554 in

342 3581 542 3649 ccelos,
575 3581 856 3654 sedetque
885 3599 919 3638 a
973 3583 1193 3641 dextris
1225 3583 1433 3654 Patris,
1467 3588 1793 3643 secundum
1820 3586 1997 3644 Verbi

343 3686 581 3728 carnem
614 3688 648 3727 a
666 3676 823 3728 terra
850 3672 911 3728 in
943 3674 1120 3730 cmlos
1148 3674 1485 3745 exaltatam,
1520 3682 1695 3749 prout
1716 3695 1750 3734 a
1779 3677 1997 3735 Davide

343 3760 568 3817 dictum
600 3766 690 3817 est
713 3778 726 3817 :
752 3783 781 3812 ‹‹
817 3763 971 3817 Dixit
999 3763 1287 3821 Dominus
1318 3765 1569 3823 Domino
1599 3784 1729 3823 meo
1757 3784 1771 3825 :
1796 3768 1943 3824 Sede
1963 3785 1998 3826 a

344 3850 566 3907 dextris
597 3851 746 3907 meis
784 3852 847 3917 '°,
876 3874 897 3902 ι
934 3854 1088 3924 quod
1123 3854 1195 3909 ad
1225 3853 1356 3926 ipso
1386 3855 1635 3913 Domino
1665 3861 1724 3913 et
1753 3857 1824 3913 ab
1857 3874 1997 3931 apo-

344 3939 510 3997 stolis
539 3940 958 3997 conﬁrmatur:
993 3943 1321 3999 secundum
1360 3944 1640 4002 deitatem
1695 3963 1855 4015 vero,
1906 3946 1996 4002 in-

346 4028 1157 4101 comprehensibilis,omnem
1179 4033 1484 4090 continens
1516 4033 1710 4091 locum
1735 4052 1869 4093 cum
1900 4035 2001 4093 Pa-

343 4121 433 4174 tre
462 4123 699 4186 :eterno,
728 4123 793 4175 ut
822 4123 1067 4191 paterna
1093 4125 1150 4176 et
1177 4121 1492 4179 ineﬂ‘abilis
1520 4124 1729 4191 virtus,
1755 4131 1821 4181 ut
1848 4130 2000 4181 Pau-

346 4206 442 4263 lus
462 4208 632 4263 docet
666 4224 678 4264 :
714 4229 743 4258 κ
793 4208 1064 4265 Christus
1119 4210 1219 4265 Dei
1261 4211 1449 4269 virtus
1505 4219 1562 4269 et
1613 4214 1714 4270 Dei
1768 4216 2000 4288 sapien-

346 4299 431 4354 tia
454 4299 519 4352 “.
548 4318 577 4347 »
624 4296 925 4354 Venturos
963 4299 1120 4355 idem
1148 4300 1326 4357 Filius
1361 4301 1456 4357 Dei
1478 4307 1537 4357 et
1566 4302 1740 4373 Deus,
1775 4311 1838 4360 ut
1868 4321 2001 4375 pro-

348 4385 533 4454 misit,
548 4385 821 4457 judicare
847 4387 1014 4443 vivoe
1043 4393 1100 4443 et
1131 4394 1419 4455 mortuos,
1454 4395 1519 4447 ut
1543 4390 1625 4447 ait
1643 4392 1998 4464 Apostolus:

349 4497 378 4526 «
414 4474 522 4541 Qui
546 4474 775 4545 judicat
794 4475 1024 4533 occulta
1050 4478 1518 4547 tenebrarum,et
1539 4481 1880 4537 manifestat
1909 4499 2004 4538 oc-

2103 3410 2178 3472 ὡς
2237 3408 2447 3476 ἀπαθὴς
2499 3409 2598 3460 τοῦ
2642 3404 2855 3479 Πατρὸς
2912 3401 3163 3476 δύναμις,
3212 3402 3351 3457 κατὰ
3398 3401 3490 3456 τὸν
3526 3400 3761 3476 λᾶγοντα

2104 3501 2329 3573 Πέτρον·
2390 3519 2418 3548 ‹‹
2466 3493 2541 3549 Οὐ
2590 3493 2690 3570 γὰρ
2742 3493 2834 3563 ἧν,
2894 3516 2922 3544 »
2962 3494 3040 3565 (5)
3094 3491 3250 3570 φησὶ,
3286 3514 3315 3544 ι(
3347 3488 3572 3546 δυνατὸν
3631 3509 3763 3565 κρα-

2101 3588 2305 3643 τεῖσθαι
2336 3584 2495 3641 αῦτὸν
2529 3584 2632 3638 ὑπὸ
2660 3587 2757 3638 τοῦ
2805 3581 3052 3646 θανάτου·
3106 3605 3135 3633 ››
3190 3578 3429 3636 ἀνελθὼν
3479 3579 3555 3641 εἷς
3605 3578 3764 3653 οὖρα-

2102 3677 2229 3737 νοὺς
2258 3674 2349 3730 καὶ
2376 3674 2684 3746 καθήμενος
2714 3670 2765 3726 ἐν
2818 3668 3003 3741 δεξιῶν
3037 3673 3136 3725 τοῦ
3185 3670 3413 3743 Πατρὸς,
3470 3667 3607 3723 κατᾶ
3658 3667 3761 3736 τὴν

2106 3764 2214 3821 ἀπὸ
2254 3770 2358 3841 γῆς
2408 3762 2483 3824 είς
2531 3760 2793 3836 οὐρανοὺς
2842 3759 3153 3833 ὑψουμινην
3202 3758 3373 3834 σάρκα
3425 3760 3522 3812 τοῦ
3554 3754 3758 3830 Λόγου,

2104 3853 2242 3910 κατὰ
2267 3853 2331 3908 τὸ
2360 3850 2655 3929 λεγόμενον
2686 3850 2789 3905 ὑπὸ
2816 3853 2913 3904 τοῦ
2963 3845 3148 3903 Δαυίδσ
3194 3872 3224 3900 ‹‹
3274 3847 3437 3903 Εἶπεν
3487 3846 3516 3901 6
3564 3843 3760 3920 Κύριος

2105 3949 2184 4016 τῷ
2215 3950 2395 4017 Κυριῳ
2430 3959 2553 4014 μου·
2584 3940 2763 3996 Κάθου
2794 3937 2853 3993 ὲκ
2896 3935 3081 4008 δεξιῶν
3118 3955 3242 4010 μου·
3296 3959 3325 3987 ›ι
3381 3935 3472 3990 καὶ
3530 3934 3620 3989 ὑπ’
3664 3933 3763 3988 αὐ-

2107 4037 2205 4088 τοῦ
2251 4035 2348 4087 τοῦ
2400 4028 2584 4106 Κυρίῳ
2642 4022 3036 4104 βεϐαιούμενον
3099 4026 3189 4080 καὶ
3249 4029 3356 4079 τῶν
3416 4021 3761 4079 άποστόλων’

2108 4123 2244 4178 κατὰ
2274 4118 2332 4176 δὲ
2376 4121 2477 4189 τὴν
2533 4116 2764 4187 θεότητα
2813 4114 3208 4191 ἀπερίληπτος,
3254 4114 3425 4168 πάντα
3470 4111 3640 4166 τόπον
3667 4131 3767 4165 πε-

2112 4213 2314 4289 ριέχων
2350 4207 2485 4282 μετὰ
2511 4210 2608 4261 τοῦ
2639 4207 2851 4280 Πατρὸς
2878 4208 2975 4259 τοῦ
3004 4200 3207 4267 ἀϊδίου,
3253 4202 3327 4263 ὡς
3379 4201 3617 4276 πατρικὴ
3645 4199 3768 4289 ,καὶ

2112 4286 2348 4376 apem;
2424 4295 2670 4368 δύναμις,
2742 4294 2879 4349 κατὰ
2947 4293 3039 4348 τὸν
3120 4288 3442 4346 διδάσκοντα
3526 4286 3764 4344 Παῦλον*

2120 4414 2147 4446 e
2174 4388 2403 4466 Χριστὸς
2432 4389 2567 4441 Θεοῦ
2598 4382 2848 4456 δύναμις,
2895 4383 2985 4437 καὶ
3016 4379 3151 4438 Θεοῦ
3182 4380 3361 4459 σοφία.
3423 4402 3453 4431 »
3497 4377 3768 4454 Ἐρχόμε-

2110 4500 2203 4541 τος
2263 4478 2292 4532 6
2346 4474 2507 4537 αὐτὸς
2562 4473 2687 4535 Υἱὸς
2736 4476 2871 4529 Θεοῦ
2917 4471 3009 4526 καὶ
3054 4470 3205 4539 Θεὸς,
3255 4470 3329 4532 ὡς
3376 4466 3766 4543 ἐπηγγείλατο,

350 4564 510 4621 culta
538 4564 903 4633 cordium,et
932 4566 1165 4623 laudem
1195 4572 1253 4623 et
1270 4568 1628 4640 vituperium
1661 4587 1767 4644 pro
1794 4574 1988 4629 meritc

2112 4573 2287 4643 κρῖναι
2342 4569 2543 4634 ζῶντας
2590 4562 2681 4617 καὶ
2729 4559 2973 4637 νεκροὺς,
3006 4559 3081 4621 ὣς
3113 4579 3276 4637 φησιν
3317 4558 3346 4613 6
3403 4552 3763 4617 Ἀπόστολος·

352 4654 565 4725 cuique
594 4652 802 4710 tribuit
822 4654 887 4708 η.
916 4676 944 4705 ››
976 4655 1035 4712 Si
1065 4657 1198 4727 quis
1253 4673 1387 4713 vero
1420 4663 1629 4730 praeter
1660 4660 1779 4715 haec
1814 4677 1883 4717 ex
1913 4678 1988 4718 sa'

2125 4683 2146 4709 ι
2182 4659 2295 4714 Τοῦ
2323 4654 2601 4730 κρίνοντος
2629 4651 2699 4707 τὰ
2735 4651 2948 4727 κρυπτὰ
2999 4654 3095 4704 τοῦ
3153 4648 3401 4716 σκότους,
3460 4646 3574 4733 καὶη
3607 4664 3766 4722 φανε-

351 4741 467 4799 oris
497 4742 820 4815 Scripturis
849 4743 1036 4811 docet,
1070 4744 1375 4819 aliumque
1430 4748 1575 4803 dicit
1630 4765 1761 4806 esse
1793 4751 1988 4807 Filiun

2121 4750 2343 4824 ροῦντος
2383 4744 2453 4798 τὰ
2508 4741 2722 4818 κρυπτὰ
2765 4744 2873 4794 τῶν
2930 4735 3194 4811 καρδιῶν,
3250 4736 3341 4790 καὶ
3404 4735 3496 4789 τὸν
3548 4730 3766 4789 ἔπαινον

351 4831 477 4901 Dei,
500 4836 557 4887 et
586 4831 767 4888 alium
800 4848 870 4888 ex
896 4833 1079 4890 Maria
1107 4818 1325 4902 ortum,
1358 4852 1461 4908 per
1477 4839 1750 4908 gratiam,
1783 4844 1851 4896 ut
1878 4857 1985 4897 nos

2117 4818 2207 4891 καὶ
2235 4836 2339 4903 τήτ
2374 4832 2579 4907 μέμψιν
2610 4830 2729 4885 κατ’
2757 4828 2904 4900 ἀξίαν
2956 4828 3216 4905 φὲροντος
3263 4823 3494 4913 ἑκάστῳ.
3556 4847 3585 4875 ››
3618 4822 3679 4913 Ei
3711 4818 3769 4877 δέ

351 4921 734 4993 adoptatum;
769 4921 847 4979 ita
885 4928 949 4978 ut
978 4923 1094 4979 duo
1126 4924 1245 4981 sint
1291 4907 1417 4981 filii.
1477 4907 1625 4984 alter
1681 4931 1988 4987 secundum

2118 4947 2201 4989 τις
2234 4923 2382 5000 παρὰ
2409 4925 2578 4977 ταῦτα
2607 4918 2666 4974 ὲκ
2694 4923 2802 4974 τῶν
2836 4917 2993 4983 θείων
3054 4918 3278 4993 Γραφῶν
3338 4909 3600 4981 διδάσκει,
3654 4907 3771 4966 ἓτε-

352 5012 625 5065 naturam
668 5008 851 5066 Filius
894 5010 1015 5081 Dei,
1060 5011 1207 5069 alter
1261 5016 1589 5073 secundum
1636 5018 1887 5089 gratiam
1943 5034 1988 5074 e1

2124 5034 2214 5092 ρον
2249 5011 2427 5086 λέγων
2459 5011 2551 5065 τὸν
2582 5009 2705 5065 Υἱὸν
2736 5011 2833 5063 τοῦ
2863 5010 3021 5080 Θεοῦ,
3063 5004 3152 5061 καὶ
3185 5001 3368 5077 ἵτερον
3416 5002 3509 5057 τὸν
3559 5000 3620 5056 tu
3657 5006 3772 5055 Μαο

424 5171 615 5247 f_L_uc_.
678 5189 727 5247 ι,
775 5172 864 5227 34.
940 5173 1138 5247 ιίὺὶᾶ.
1197 5176 1285 5231 35.
1362 5177 1621 5235 ‘IPetr.
1681 5197 1755 5246 ιν,
1817 5181 1868 5237 1.
1946 5180 1967 5216 ⁵

2100 5196 2189 5236 ω.
2247 5194 2371 5247 vni,
2428 5175 2518 5231 32.
2595 5171 2925 5247 ‘ngalach.
2986 5170 3157 5242 111,6.
3232 5171 3253 5204 ⁷
3303 5168 3325 5224 Ι
3381 5168 3513 5225 Cor.
3563 5183 3653 5238 xv,
3680 5166 3773 5221 55.

351 5240 373 5276 ⁸
404 5241 548 5299 ibid.
581 5245 636 5299 3.
712 5245 734 5281 ³
763 5247 883 5301 Act.
919 5260 980 5313 ιι,
1013 5246 1104 5301 24.
1185 5248 1230 5283 ¹⁰
1260 5248 1411 5304 Psal.
1444 5266 1558 5319 cxx,
1594 5252 1643 5307 1.
1720 5240 1762 5288 ιῖ
1797 5253 1820 5307 Ι
1852 5256 1978 5323 Cor,

2100 5252 2174 5307 34.
2255 5250 2300 5287 ¹²
2330 5240 2508 5305 ΙὈοιι.
2538 5262 2615 5312 1v,
2643 5244 2698 5300 5.

421 5402 505 5484 (_l)_
541 5402 707 5460 Hunc
736 5404 948 5484 locum
963 5423 1033 5463 ex
1063 5407 1276 5481 Cyrillo
1304 5412 1696 5484 restituimus,
1729 5413 1788 5469 in
1824 5413 2002 5471 editis

352 5475 602 5553 antehac
632 5475 1332 5553 mutilpm_la_eerumque.

427 5546 845 5635 (2)§ic‘§yt;i‘ll.
896 5550 1052 5635 ΠᾶῙῇ
1103 5546 1262 5619 vero,
1311 5556 1433 5616 Πῶς
1494 5552 1640 5609 ἔσται
1676 5576 1768 5629 μοι
1814 5558 2001 5611 τοῦτο.

354 5616 491 5673 Mox
513 5616 711 5691 Cyrill:
736 5616 888 5695 ἔλεγε
911 5624 1150 5695 Πνεῦμα,
1248 5616 1256 5619 ν
1676 5616 1687 5629 ’

426 5689 824 5721 [ομιτ-αμα-
882 5694 1040 5721 an.“
1096 5697 1246 5721 -..ηδ
1280 5696 1556 5721 η-..ειι--..
1619 5699 1747 5721 u__
1822 5697 1948 5721 n___:

426 5690 504 5762 (3)
535 5689 852 5764 ‘Alnoivdc,
880 5689 1066 5751 deest'
1094 5689 1250 5769 apud
1280 5696 1582 5771 Cyrillum.
1619 5699 1771 5771 Mox,
1821 5697 2006 5770 Cyril-

352 5760 470 5833 lus,
503 5760 686 5838 ὥσπερ
722 5761 1040 5843 γέγραπται.

2283 5413 2372 5465 lta
2392 5406 2664 5482 Cyrillus.
2717 5406 2868 5473 Baio,
2916 5401 3007 5458 καὶ
3037 5401 3362 5478 άκράτητος,
3421 5400 3664 5456 deerant
3712 5396 3774 5453 in

2113 5499 2143 5539 e
2189 5499 2202 5536 ι
2237 5498 2305 5537 ιε.

2185 5543 3477 5668 ίιῗὲᾟσὲιήἓξθῖξεὶἓὲξοὲἴὶῗὲἓῗι·.α¹ἓέ⁶ὶ⁰ἑι¹’
3504 5558 3658 5668 Efii
3678 5555 3771 5668 ἒῗξ
3871 5587 3881 5598 ’

2115 5608 2379 5697 quantuli
2405 5608 2562 5696 p'ost,
2591 5608 2821 5697 61:63:06
2850 5608 3321 5697 Gaia-rogusque
3376 5608 3473 5685 ad,
3504 5608 3569 5669 El
3598 5608 3658 5667 δι
3685 5631 3771 5672 τις

2113 5689 2260 5752 eiusat
2286 5689 2475 5768 sauia,
2510 5689 2625 5752 nOn
2657 5694 2985 5752 atteruntur
3021 5707 3056 5748 a
3084 5689 3320 5763 Cyrillo.
