4136 6410
330 478 409 537 29
992 480 1095 540 DE
1139 480 1504 542 COMMUNI
1549 479 1932 542 ESSENTIA
1972 476 2257 537 PATRIS
2305 477 2406 537 ET
2450 474 2635 536 FlLlI
2680 476 2781 536 ET
2825 474 3026 537 SPIR.
3072 474 3138 535 S.
3673 477 3759 537 30

336 609 455 684 ρίας
516 611 799 683 ἄνθρωπον
862 614 983 684 (6),
1043 614 1177 666 κατὰ
1234 614 1395 688 χάριν
1473 612 1856 683 υἱοποιηθέντα
1911 610 1969 667 ὡς

2121 610 2280 664 daria
2300 610 2514 664 homo:
2551 612 2653 663 aut
2683 610 2729 663 si
2758 608 2890 680 quis
2922 608 3153 663 Domini
3190 611 3371 665 nostri
3392 625 3626 665 carnem
3660 608 3754 663 de-

334 702 520 770 ἡμεῖςο
555 700 631 761 ὡς
665 700 799 754 εἶναι
850 698 948 754 δύο
996 701 1166 769 υἱοὺς,
1196 700 1287 756 ἕνα
1314 703 1450 757 κατὰ
1482 704 1636 780 φύσιν
1680 703 1799 755 Υὶὸν
1832 697 1964 755 Θεοῦ

2125 716 2279 770 ιυρει·
2308 699 2450 754 dicit
2477 715 2626 763 esse,
2660 702 2716 753 et
2740 715 2853 753 non
2887 714 2954 752 ex
2986 697 3219 767 Virgine
3254 699 3474 756 Maria:
3503 704 3605 753 aut
3626 714 3758 752 cou-

330 790 418 843 καὶ
467 787 559 842 ἕνα
613 793 747 844 κατὰ
792 792 956 865 χάριν
1009 792 1099 845 τὸν
1152 790 1210 845 ἐκ
1261 791 1473 866 Μαρίας
1526 790 1832 863 ἄνθρωπον·
1945 810 1963 843 ε

2118 806 2327 844 ἵθΐεᾶἶί]
2359 788 2631 842 deitatem
2656 788 2718 841 in
2744 803 3001 851 carnem,
3026 792 3130 841 aut
3158 787 3593 856 confusam,aut
3624 804 3751 841 mu-

333 898 415 939 τις
448 880 544 945 τήν
581 884 678 932 τοῦ
728 880 925 951 Κυρίου
966 882 1126 951 ἡμῶν
1180 881 1349 955 σάρκα
1398 879 1597 934 ἄνωθεν
1652 879 1800 953 λέγει
1833 922 1846 945 ,
1899 898 1966 932 κα

2119 882 2304 941 ,atam,
2341 884 2441 931 aut
2490 874 2833 947 passibilem
2880 874 3111 929 Domini
3164 874 3464 941 deitatem,
3509 880 3609 930 aut
3640 892 3752 929 non

344 968 418 1040 μὴ
474 967 532 1021 ἐκ
573 975 673 1036 τῆς
726 970 996 1043 Παρθένου
1041 968 1270 1045 Μαρίας
1323 970 1674 1044 ἧτραπεῖσαν
1724 971 1821 1037 τήν
1869 968 1977 1021 θεό-

2119 966 2458 1021 tdorandam
2490 964 2721 1020 Domini
2746 964 2930 1018 nostri
2965 979 3221 1030 carnem,
3251 968 3450 1035 utpote
3478 963 3752 1029 hominis,

340 1077 479 1125 τητα
538 1057 613 1119 εἷς
674 1059 863 1133 σάρκα,
1004 1060 1381 1133 συγχυθεῖσαν,
1496 1058 1973 1121 ἀλλοιωθεῖσανυῖ

2122 1073 2205 1112 ιθο
2239 1054 2618 1123 adorandum,
2653 1058 2719 1107 ut
2771 1052 3001 1107 Domini
3050 1057 3107 1108 et
3159 1052 3255 1107 Dei
3288 1069 3521 1107 carnem
3550 1071 3563 1121 ;
3598 1052 3755 1107 hunc

333 1148 583 1214 παθητὴν
643 1151 739 1201 τοῦ
790 1146 992 1223 Κυρίου
1046 1151 1124 1217 (7)
1184 1148 1431 1217 Οεότητα·
1492 1150 1526 1217 ἢ
1582 1147 1966 1223 ἀπροσκῶητοε

2119 1145 2473 1199 mathemata
2524 1143 2765 1197 damnat
2818 1140 3108 1197 catholica
3155 1139 3428 1211 Ecclesia,
3473 1140 3752 1212 Apostolo

340 1236 439 1303 τήν
481 1240 576 1289 τοῦ
627 1235 828 1309 Κυρίου
877 1239 1037 1308 ἡμῶν
1092 1238 1281 1310 σάρκα,
1316 1238 1390 1299 ὡς
1425 1238 1737 1311 ἀνθρώπου,
1788 1236 1875 1291 καὶ
1912 1236 1973 1308 μί

2119 1234 2433 1306 )bsequens
2464 1230 2717 1287 dicenti:
2753 1230 2859 1286 «Si
2895 1231 3028 1301 quis
3054 1230 3218 1285 vobis
3250 1230 3752 1302 evangelizaverit,

342 1325 741 1397 προσκυνητήν,
777 1324 852 1386 ὡς
888 1324 1089 1399 Κυρίου
1119 1326 1207 1379 καὶ
1240 1330 1373 1380 Θεοῦ
1422 1324 1611 1401 σάρκα,
1651 1330 1839 1379 τοῦτον
1872 1325 1975 1379 ἀνα

1918 1345 1994 1379 ρα-
2102 1329 2311 1396 praeter
2342 1321 2397 1376 id
2431 1321 2583 1392 quod
2616 1319 2943 1390 accepistis,
2979 1319 3291 1375 anathema
3321 1320 3398 1374 sit
3424 1322 3489 1374 1³.
3526 1342 3551 1368 ››

335 1412 609 1483 θεματίζει
642 1415 675 1481 ἡ
710 1412 985 1482 Καθολικὴ
1036 1418 1113 1486 (8)
1163 1412 1482 1484 Ἐκκλησία,
1526 1414 1818 1487 πειθομένη
1869 1418 1947 1485 τῷ
1990 1409 2311 1481 Ἀποστόλῳ
2359 1408 2597 1483 λέγοντι’
2637 1432 2662 1459 ‹‹
2698 1405 2767 1464 E’t'
2807 1428 2887 1469 τις
2942 1408 3081 1481 ὑμᾶς
3127 1406 3531 1483 εὐαγγελίζεται
3562 1410 3689 1483 παρ’
3721 1408 3750 1461 ’ὀ

333 1490 688 1567 παρελάϐετε,
721 1493 964 1567 ἀνάθεμα
996 1492 1155 1550 ἔστω.
1191 1518 1219 1545 ››

409 1631 452 1664 ¹³
482 1628 667 1684 Galat.
702 1647 741 1700 ι,
772 1631 824 1684 9.

404 1754 1055 1847 (6)1“Ανρρωπον,“ἀθε¹ει
1087 1758 1240 1847 apud
1281 1757 1590 1847 Cyrillum,
1626 1756 1799 1847 ["aulo
1830 1761 1985 1847 post,
2099 1752 2522 1847 capraLdeeIrat
2549 1751 2943 1847 in‘ed’iti’s,serd
2960 1751 3417 1847 nhabetur'apud
3449 1751 3752 1847 Eyrillum;

328 1821 599 1904 Cyrillus,
630 1821 723 1882 ἕνα
752 1821 887 1881 καιεᾶ
940 1827 1098 1904 φύσιν
1125 1821 1269 1881 ’Υἱὸν
1298 1821 1395 1881 τοῦ
1427 1821 1583 1883 Θεοῦ.
1610 1829 1701 1882 τὸν
1738 1827 1798 1882 ἐκ
1827 1821 1961 1882 ῧεοῠ

2169 1821 2549 1904 (8)“ῼγι·ἱ11υξ,
2605 1825 2639 1892 ἡ
2698 1822 2823 1898 ἁγία
2881 1821 3179 1893 Καθολική.
3242 1821 3399 1879 Ιηττα
3447 1821 3627 1895 idem,
3677 1821 3756 1895 τῷ

330 1894 443 1963 καί,
482 1894 594 1952 θῐϐξ
775 1969 783 1970 7
953 1894 963 1904 ’
2103 1894 2238 1970 θείῳν
2268 1894 2608 1967 Ἀἒιεοστόλῳ⁶

405 1971 482 2041 (7)
514 1970 609 2025 Sic
638 1969 909 2041 Cyrillus.
945 1970 1095 2025 Editi
1124 1988 1281 2041 vero,
1311 1974 1408 2025 τοῦ
1440 1970 1588 2026 Υἳοῦ.
1621 1971 1802 2028 Paulo
1837 1975 1988 2044 post,

992 2250 1105 2335 IN
1168 2251 1863 2360 SEQUENTEM
1919 2251 2350 2338 LIBRUM
2412 2249 3101 2337 ADMONI'I‘IO.

401 2448 428 2475 ‹‹
466 2426 507 2481 Ι.
542 2428 626 2481 An
660 2426 756 2481 hic
787 2425 935 2482 liber
966 2427 1043 2483 sit
1072 2428 1400 2493 Athanasii,
1437 2444 1636 2495 necne,
1664 2428 1820 2484 haud
1863 2428 2015 2485 leves
2048 2445 2191 2486 sane
2222 2434 2361 2484 sunt
2391 2427 2702 2483 dubitandi
2754 2445 2981 2495 causae;
3016 2444 3149 2483 nam
3180 2432 3570 2499 praeterquam
3603 2428 3759 2498 quod

343 2535 370 2564 «
398 2532 429 2570 a
462 2517 718 2582 nemine,
750 2517 905 2587 quod
941 2517 1293 2585 sciamus,ex
1324 2519 1617 2574 veteribus
1647 2518 1942 2589 laudatur,
1978 2518 2038 2574 in
2077 2519 2510 2590 antiquioribus
2527 2517 2831 2573 Athanasii
2864 2516 3306 2573 collectionibus
3338 2516 3760 2587 manuscriptis

344 2625 369 2655 α
399 2621 512 2659 non
545 2610 862 2676 comparet.
897 2607 982 2661 Ad
1016 2606 1445 2679 haec,0rigenes
1478 2608 1632 2663 haud
1667 2608 1848 2664 semel
1881 2609 1954 2663 ab
1980 2608 2303 2664 Athanasio
2334 2607 2653 2663 honoriﬁce
2676 2610 3058 2672 memoratus,
3093 2606 3201 2661 hoc
3234 2607 3290 2660 in
3323 2606 3469 2661 libro
3500 2605 3761 2677 exagita-

341 2717 364 2742 (-
397 2699 509 2748 tur.
542 2696 813 2749 Attamen
846 2711 976 2749 cum
1014 2702 1132 2749 tota
1165 2697 1409 2767 quaestio
1436 2695 1557 2764 illa,
1592 2697 1688 2751 ubi
1725 2698 1794 2751 de
1825 2697 2073 2769 Origene
2104 2699 2321 2769 agitur,
2346 2700 2530 2752 exstet
2561 2696 2739 2751 etiam
2790 2696 2846 2749 in
2882 2695 3279 2763 Quaestionibus
3309 2694 3381 2749 ad
3410 2693 3759 2761 Antiochum,

343 2804 369 2831 ‹‹
387 2798 455 2836 ex
487 2781 771 2837 alterutro
795 2782 941 2838 libro
974 2784 1029 2837 in
1058 2783 1305 2839 alterum
1340 2785 1626 2839 translata
1652 2786 1977 2855 videtur,ex
2007 2790 2137 2840 utro
2170 2786 2444 2857 augurari
2480 2784 2816 2856 nequimus.
2841 2785 2986 2856 Styli
3019 2789 3170 2839 certe
3201 2800 3386 2855 genus
3408 2783 3554 2837 satis
3587 2783 3762 2838 afﬁne

340 2894 367 2921 ‹‹
402 2870 552 2926 libro
586 2876 665 2926 De
693 2873 1085 2927 Inoarnationo
1116 2890 1173 2944 p.
1207 2874 1313 2927 696
1344 2873 1516 2945 primi
1550 2874 1732 2929 tomi:
1768 2874 1944 2928 variis
1973 2876 2188 2946 quippe
2219 2876 2656 2945 Scripturarum
2688 2874 3042 2929 testimoniis
3092 2874 3338 2945 probare
3370 2873 3578 2927 nititur
3609 2872 3757 2927 scri-

339 2981 368 3010 «
401 2964 529 3031 ptor
560 2960 688 3030 iste,
724 2976 1089 3033 quaacunque
1120 2962 1274 3016 Patri
1307 2963 1679 3033 conveniunt,
1715 2979 1783 3018 ea
1811 2963 1942 3036 ipsa
1968 2963 2113 3019 Filio
2146 2969 2202 3019 et
2226 2964 2474 3035 Spiritui
2505 2970 2707 3019 sancto
2738 2969 3090 3034 competere.
3124 2963 3204 3017 Ex
3234 2960 3609 3033 hisjudicent
3638 2978 3766 3017 eru-

344 3069 367 3099 ¢
402 3051 503 3105 diti
540 3055 739 3105 utrum
771 3051 879 3105 hoc
910 3068 1059 3123 opus
1089 3051 1165 3107 sit
1192 3052 1513 3109 Athanasio
1546 3053 1963 3109 ascribendum
1990 3072 2003 3122 ;
2038 3054 2209 3109 nobis
2240 3054 2559 3109 admodum
2593 3054 2773 3109 dubia
2802 3071 2895 3108 res
2925 3058 3016 3108 est
3045 3075 3096 3108 ».

413 3162 439 3190 «
472 3141 541 3196 II.
576 3143 881 3209 Caeterum,
914 3140 1051 3195 licet
1079 3141 1235 3196 haud
1268 3142 1412 3199 satis
1444 3148 1809 3214 compertum
1844 3143 1923 3199 sit
1946 3160 2061 3215 quo
2093 3148 2354 3215 tempore
2376 3144 2629 3214 scriptus
2658 3144 2851 3207 fuerit,
2880 3144 3195 3214 opinamur
3224 3146 3417 3197 tamen
3452 3144 3761 3215 antiquum

344 3251 373 3281 «
405 3246 554 3303 opus
588 3246 737 3298 esse,
772 3234 829 3285 et
860 3234 995 3286 ante
1023 3229 1315 3304 vulgatam
1351 3231 1599 3288 Nestorii
1635 3231 1901 3288 haeresim
1934 3232 2180 3301 editum,
2210 3234 2361 3303 quod
2395 3232 2559 3288 nulla
2591 3233 2681 3288 hic
2712 3233 2784 3288 de
2816 3231 3221 3287 Incarnatione
3252 3237 3552 3288 moveatur
3582 3249 3769 3304 quaee-

342 3342 371 3370 «
406 3319 508 3387 tio,
540 3320 676 3377 licet
704 3320 861 3377 haud
894 3321 1073 3377 semel
1123 3339 1253 3378 sese
1281 3322 1510 3379 occasio
1566 3322 1846 3379 obtulerit
1878 3340 1891 3391 ;
1928 3323 2029 3379 sed
2088 3326 2397 3378 Anomaaos
2430 3322 2621 3377 solum
2677 3326 2735 3376 et
2772 3320 3342 3377 Pneumatomachos
3374 3322 3624 3393 scriptor
3652 3321 3767 3377 iste

342 3432 369 3459 «
404 3414 602 3481 petere
630 3410 915 3467 videatur.
946 3411 1213 3484 Quinque
1245 3429 1415 3483 porro
1449 3418 1757 3485 postremae
1808 3413 2187 3484 quaestiones,
2220 3427 2431 3484 nempe
2490 3411 2629 3483 quid
2663 3411 2783 3467 sint
2836 3410 3169 3483 Evangelia,
3201 3411 3341 3483 quid
3373 3410 3588 3483 angeli,
3623 3411 3768 3482 quid

341 3521 370 3549 «
403 3499 599 3568 homo,
632 3504 736 3565 etc,
772 3498 924 3556 alius
954 3500 1204 3557 fortasse
1235 3501 1544 3574 scriptoris
1575 3518 1724 3574 opus
1755 3517 1885 3558 esse
1915 3501 2345 3559 existimentur.
2379 3501 2581 3573 Neque
2617 3501 2775 3557 enim
2806 3503 2878 3555 ad
2924 3516 3170 3573 scopum
3198 3500 3446 3571 hujusce
3476 3500 3769 3572 pertinere

345 3609 374 3638 ‹‹
403 3588 711 3657 videntur;
742 3604 810 3645 ex
839 3588 911 3646 iis
943 3592 1237 3663 quadam,
1268 3594 1334 3648 ut
1362 3590 1483 3648 illic
1517 3596 1808 3659 monetur,
1839 3596 2073 3649 exstant
2100 3592 2162 3647 in
2194 3592 2394 3662 Quaest.
2430 3590 2501 3646 ad
2528 3590 2876 3647 Antiochum.
2913 3611 2942 3641 ››

1533 3889 1659 3941 ΤΟΥ
1696 3890 1788 3942 ΕΝ
1826 3889 2056 3944 ΑΓΙΟΙΣ
2096 3887 2372 3943 ΙΙΔΤΡΟΣ
2414 3886 2608 3942 ΗΜΩΝ

1690 4036 2425 4135 ΑΘΑΝΑΣΠΠΤ

342 4204 645 4288 Μαρῖυρίαι
701 4204 912 4288 (muniit
982 4214 1084 4277 τῆς
1124 4214 1429 4288 Τραφῆςη
1513 4216 1638 4288 τῆς-
1700 4211 1837 4288 κατὰ
1912 4209 2069 4288 φύσιν
2142 4210 2592 4288 κοινιυνίαςκέκΔ
2652 4217 2749 4288 τοῐξ
2826 4214 3035 4287 ὁμοίως
3110 4214 3245 4288 εἶναι
3323 4214 3415 4288 εον
3496 4213 3760 4288 Πατέρα,

410 4276 542 4330 καῖ’
594 4276 716 4362 nov;
760 4276 893 4333 Υἱὸν
954 4326 970 4351 ,
1040 4276 1140 4334 καὶ
1211 4276 1303 4335 ab.
1343 4276 1520 4358 -ἅγιον
1572 4276 1846 4355 ’Πνεῦμα
1925 4276 2065 4359 Ῑπρὸς
2150 4284 2378 4358 θεωρίαν
2438 4276 2791 4362 ’δυσέφικτον
2849 4276 2872 4358 ,’
2922 4288 3011 4341 καὶ
3109 4287 3235 4358 μίαν
3320 4284 3487 4362 Ξὲχειν
3597 4276 3768 4361 ἐνέρξ

414 4368 563 4423 γιιαν
597 4350 739 4419 (10).

1452 4569 2655 4669 S.P.N.ATHANASH

415 4743 749 4821 Testimonia
798 4758 873 4821 ex
900 4761 1060 4801 sacra
1116 4746 1426 4821 Scriptura,
1479 4748 1543 4803 de
1584 4750 1841 4804 naturali
1894 4753 2277 4806 communione
2321 4752 2528 4806 similis
2586 4754 2839 4809 essentia?
2894 4754 3041 4807 inter
3098 4752 3339 4816 Patrem,
3373 4759 3423 4806 et
3453 4751 3680 4821 Filium,
3713 4753 3767 4805 et

652 4815 924 4888 Spiritum
952 4815 1248 4887 sanctum,
1268 4820 1396 4876 licet
1411 4815 1509 4876 res
1539 4822 1824 4878 intellectu
1851 4822 2194 4894 difﬁcillima
2221 4825 2291 4879 sit
2312 4841 2331 4879 .'
2361 4829 2413 4879 et
2442 4824 2585 4895 quod
2616 4841 2787 4880 uuam
2816 4825 3048 4881 habeant
3076 4825 3474 4895 operationem.

876 5080 923 5135 1.
959 5077 1093 5153 Περὶ
1127 5075 1452 5156 ἐλευθερίας.

2708 5088 2757 5141 1.
2793 5088 2867 5144 De
2899 5087 3169 5142 libertate.

412 5182 543 5258 Ιῐερὶ
593 5185 808 5255 ΙΙατρὸς
858 5181 1255 5263 ἀναμφίϐολον.
1308 5186 1442 5263 Περὶ
1496 5190 1645 5260 Υἱοῦ,
1697 5193 1850 5267 φωνή
1904 5190 1996 5247 αὐ-

2182 5194 2257 5248 De
2307 5198 2499 5266 Patre,
2562 5193 2803 5250 minime
2861 5193 3108 5249 dubium
3160 5196 3270 5249 est.
3304 5191 3385 5247 De
3442 5190 3608 5259 Filio,
3654 5206 3763 5246 vox

334 5276 432 5327 τοῦ
482 5277 583 5328 τοῦ
633 5274 796 5328 Υἱοῦο
837 5298 864 5324 (ι
897 5274 1018 5329 Ἐὰν
1068 5277 1143 5350 μὴ
1191 5276 1218 5331 ὁ
1268 5278 1393 5340 Υἱὸς
1444 5278 1583 5352 ὑμᾶς
1635 5276 1967 5356 ἐλευθερώσῃ

2129 5282 2293 5355 psius
2326 5284 2453 5338 Filii
2485 5288 2609 5341 est:
2646 5306 2673 5334 «
2707 5284 2832 5338 Nisi
2864 5300 2966 5338 vos
2995 5282 3175 5338 Filius
3223 5280 3578 5346 liberaverit,
3610 5279 3759 5335 servi

337 5357 527 5417 δοῦλοί
559 5361 695 5419 ἐστε.
733 5385 755 5415 ι
789 5362 925 5439 Περί
954 5368 1052 5419 τοῦ
1100 5364 1415 5439 Πνεύματος
1448 5365 1536 5422 διὰ
1568 5368 1791 5425 Παύλου
1821 5368 1964 5426 οὕτω

2129 5372 2247 5428 ustis
2281 5375 2347 5428 ¹⁴.
2383 5396 2411 5422 ››
2445 5378 2522 5428 De
2553 5372 2776 5445 Spiritu
2808 5377 3031 5439 sancto,
3057 5389 3157 5443 per
3184 5368 3433 5425 Paulum
3466 5370 3549 5425 ita
3577 5368 3762 5440 loqui-

410 5508 457 5542 “
484 5506 652 5562 Joan.
686 5524 807 5575 VIII,
835 5508 925 5564 36-

505 5650 871 5725 ΔΒελεὶὶίθῠεὶρ,
905 5650 1213 5725 Μαρτυρίαἒ
1314 5724 1317 5725 ν
1870 5723 1876 5725 _

2129 5659 2355 5724 ianuio,
2389 5659 2490 5713 sed
2523 5658 2581 5713 in
2616 5656 2892 5725 omnibus
2916 5673 3057 5712 mss.
3093 5654 3683 5711 habentur.Vatican.
3707 5656 3762 5709 et

406 5722 519 5797 (10)
548 5726 710 5804 Ηωοζ
736 5721 885 5804 ’πρὸςΔ
915 5721 1165 5804 θεωρίανΔ
1195 5721 1536 5804 δυσέῗικτον,
1568 5726 1658 5804 καὶ
1695 5726 1817 5799 μίαν
1850 5723 2000 5803 ἔχειν

1341 5745 1536 5804 εικτον,
1568 5726 1658 5804 καὶ
1695 5726 1817 5799 μίαν
1850 5723 2000 5803 ἔχειν
2108 5731 2249 5787 edit.
2282 5721 2593 5800 COmmel.,
2624 5724 2974 5804 δυσιφυκτον.

335 5789 626 5868 ἒνὲργέιαν,
678 5789 895 5869 desunt
940 5794 1001 5852 in
1026 5789 1193 5855 'edit.
1227 5789 1414 5870 Paris,
1447 5789 1553 5857 nec
1596 5789 1746 5859 lecta
1795 5789 1936 5860 sunt
1965 5818 2001 5858 a
