4136 6368
345 406 420 466 3i
1532 417 1598 480 s.
1643 417 2001 480 ATHANAS

2126 419 2172 480 5.
2206 450 2280 464 -
2313 420 2577 485 DUBIA.
3681 419 3760 481 32

347 544 482 598 tur:
518 563 544 591 «
576 542 722 598 Cum
756 560 1074 603 conversus
1105 548 1280 603 fuerit
1303 551 1376 605 ad
1410 549 1744 620 Dominum,
1779 550 1996 606 aufere-
2026 549 2082 617 Α
2114 546 2281 624 λέγει·
2326 575 2354 600 ‹‹

346 633 444 685 tur
474 630 758 687 velamen.
792 633 1078 692 Dominus
1104 643 1301 693 autem
1333 639 1587 711 Spiritus
1613 643 1738 696 est:
1769 640 1865 695 ubi
1897 656 1996 695 au-

347 724 464 774 tem
499 721 751 793 Spiritus
784 726 1033 789 Domini,
1069 726 1145 782 ibi
1177 727 1419 784 libertas
1443 729 1505 784 ¹⁸.
1542 750 1566 780 ι

836 833 884 887 3
913 835 965 886 2.
999 835 1072 888 De
1102 836 1494 904 viviﬁcatione.

418 917 568 974 Dicit
618 919 920 976 Salvator:
955 944 982 973 ιι
1033 924 1193 979 Sicut
1240 925 1408 980 Pater
1455 927 1701 981 suscitat
1732 931 1995 981 mortuos

345 1011 403 1062 et
432 1007 700 1074 viviﬁcat,
735 1009 818 1066 sic
867 1017 924 1067 et
970 1012 1171 1079 Filius,
1205 1030 1357 1084 quos
1405 1015 1548 1081 vult,
1597 1016 1930 1071 vivificat“.
1966 1037 1994 1063 »

347 1095 427 1150 De
459 1097 677 1167 Spiritu
713 1105 914 1154 sancto
946 1101 1085 1155 item
1121 1103 1201 1157 ait
1231 1119 1243 1156 :
1275 1126 1294 1151 ε
1329 1104 1586 1175 Spiritus
1615 1109 1704 1159 est
1733 1105 1832 1176 qui
1857 1105 1993 1158 vivi-

349 1183 505 1250 ﬁcat,
539 1202 671 1241 caro
714 1203 826 1242 non
880 1190 1118 1260 prodest
1165 1192 1488 1263 quidquam
1535 1195 1596 1248 ιτ.
1657 1193 1721 1247 Et
1751 1197 1992 1264 Aposto-

347 1271 478 1330 lus:
514 1299 542 1326 «
575 1275 789 1333 Littera
818 1279 1051 1346 occidit,
1083 1280 1334 1350 Spiritus
1365 1283 1614 1338 viviﬁcat
1637 1283 1731 1337 ιθ.»

887 1457 940 1511 3.
973 1459 1046 1512 De
1077 1457 1450 1514 ordinatione.

421 1543 498 1598 Dc
533 1546 696 1600 Patre
729 1546 944 1602 Paulus
975 1548 1093 1604 ait:
1127 1571 1154 1598 α
1192 1549 1390 1604 Posuit
1422 1550 1575 1604 Deus
1607 1551 1664 1604 in
1718 1550 1992 1613 Ecclesia,

347 1633 626 1704 primum,
681 1637 1012 1706 apostolos;
1076 1639 1355 1707 secundo,
1419 1640 1770 1711 prophetas;
1807 1640 1993 1710 tertio,

351 1724 664 1791 magistros
689 1726 752 1793 1°,
789 1747 816 1775 υ
848 1731 955 1780 etc.
995 1731 1069 1781 De
1100 1726 1266 1796 Filio,
1296 1728 1446 1783 idem
1477 1730 1794 1798 Apostolus
1814 1729 1991 1784 dicit:

348 1833 377 1861 «
413 1812 520 1876 Qui
553 1814 873 1883 descendit,
933 1816 1057 1886 ipse
1111 1821 1220 1881 est,
1270 1821 1326 1871 et
1370 1819 1469 1887 qui
1529 1818 1788 1873 ascendit
1817 1835 1996 1890 supra

351 1900 546 1966 cmlos,
581 1907 646 1956 ut
676 1903 946 1974 impleret
990 1905 1207 1959 omnia.
1260 1905 1330 1960 Et
1368 1907 1493 1977 ipse
1541 1907 1699 1962 dedit
1728 1907 1835 1962 hos
1869 1908 1996 1978 qui-

350 1991 483 2045 dem
517 1991 829 2058 apostolos,
879 1992 1013 2048 illos
1064 1994 1397 2066 prophetas,
1447 1995 1592 2050 alios
1651 2002 1914 2068 pastores
1943 2001 2001 2052 et

350 2080 666 2149 magistros
688 2081 752 2135 ²⁰.
805 2080 884 2136 De
935 2082 1178 2153 Spiritu,
1225 2083 1377 2139 idem
1427 2085 1743 2156 Apostolus
1781 2084 1998 2141 accitos

347 2167 542 2224 Mileto
591 2169 960 2242 presbyteros
997 2170 1080 2226 sic
1121 2170 1480 2242 alloquitur:
1519 2195 1547 2222 «
1576 2174 1872 2230 Attendite
1899 2190 1999 2229 vo-

352 2256 443 2312 bis
478 2256 643 2329 ipsis,
693 2263 750 2313 et
801 2259 1068 2315 universo
1117 2261 1300 2332 gregi,
1331 2261 1388 2314 in
1435 2277 1553 2332 quo
1597 2279 1698 2318 vos
1743 2263 1998 2334 Spiritus

349 2353 587 2402 sanctus
606 2347 804 2420 posuit
824 2349 1397 2422 episcopos,pascere
1418 2351 1736 2408 Ecclesiam
1761 2351 1861 2408 Dei
1887 2353 1948 2406 ".
1970 2373 1998 2400 ››

899 2621 952 2674 4.
983 2621 1056 2676 De
1086 2621 1220 2692 legis
1231 2621 1458 2678 latione.

426 2728 504 2780 De
534 2726 702 2781 Patre
745 2726 826 2782 ait
883 2727 1102 2784 David:
1163 2751 1192 2780 «
1229 2729 1300 2785 Ut
1357 2729 1604 2786 facerem
1639 2729 1998 2786 voluntatem

353 2819 538 2881 tuam,
578 2820 725 2869 Deus
759 2833 923 2872 meus
971 2817 1146 2886 volui,
1180 2824 1236 2873 et
1279 2818 1463 2891 legem
1519 2825 1677 2874 tuam
1715 2820 1772 2873 in
1808 2819 1997 2874 medio

349 2904 570 2958 ventris
604 2905 715 2959 mei
742 2905 808 2960 ”.
864 2929 883 2953 ι
920 2907 995 2961 De
1045 2907 1188 2962 Filio
1227 2913 1420 2962 autem
1473 2908 1725 2964 Paulus:
1782 2929 1811 2958 «
1840 2907 1997 2962 Alter

351 2991 591 3047 alterius
623 3009 798 3048 onera
831 3000 1138 3066 portate,et
1159 2997 1242 3051 sic
1271 2996 1588 3070 adimplete
1617 2996 1802 3069 legem
1834 2995 1995 3051 Chri-

351 3081 424 3137 sti
448 3083 512 3136 ’3.
551 3104 576 3129 ››
612 3088 686 3137 De
715 3084 930 3153 Spiritu
970 3085 1124 3140 idem
1171 3087 1332 3158 ipse:
1369 3109 1397 3135 ι(
1434 3087 1542 3142 Lex
1586 3087 1841 3158 Spiritus
1867 3086 1994 3141 vita;

350 3169 410 3224 in
442 3169 666 3228 Christo
695 3171 833 3229 Jesu
867 3173 1133 3231 liberavit
1162 3193 1255 3232 me
1275 3175 1342 3230 ³⁸.
1378 3197 1407 3226 ››

917 3355 972 3410 5.
1003 3357 1080 3411 De
1108 3354 1430 3411 dominatu.

425 3443 602 3500 David
634 3443 754 3499 ait:
788 3466 816 3493 ‹‹
851 3443 1004 3498 Dixit
1051 3442 1339 3500 Dominus
1383 3442 1630 3499 Domino
1661 3459 1827 3498 meo:
1860 3443 2004 3498 Sede

355 3548 390 3588 a
419 3532 640 3588 dextris
669 3531 816 3587 meis
839 3533 903 3587 ³⁸.
939 3555 969 3582 ››
1009 3533 1173 3596 Quod
1217 3533 1267 3589 si
1298 3533 1697 3604 obloquantur
1726 3532 2004 3600 haeretici,

354 3620 616 3678 dicentes
662 3620 806 3676 illud
855 3622 923 3676 ad
976 3622 1254 3677 Davidem
1305 3621 1617 3694 pertinere,
1667 3621 1757 3677 his
1788 3621 2002 3676 Christi

353 3711 548 3767 verbis
589 3715 1027 3782 coarguuntur:
1078 3735 1107 3761 «
1156 3710 1304 3776 Quid
1362 3710 1558 3767 dicitis
1605 3712 1676 3766 de
1722 3711 2005 3767 Christo?

355 3801 527 3870 cujus
584 3799 744 3856 ﬁlius
795 3801 930 3858 est?
986 3801 1192 3856 dicunt
1245 3800 1320 3867 ei,
1371 3799 1646 3858 Davidis:
1702 3823 1730 3852 ››
1764 3817 2004 3873 respon-

357 3891 455 3946 det
479 3889 780 3946 Salvator:
811 3913 838 3940 ‹‹
873 3892 1173 3956 Quomodo
1203 3907 1339 3962 ergo
1363 3890 1541 3946 David
1573 3891 1632 3945 in
1665 3891 1882 3962 Spiritu
1913 3907 2006 3946 vo-

357 3983 452 4036 cat
480 3995 611 4035 eum
645 3979 961 4035 Dominum
985 3980 1078 4035 “‘2
1111 4002 1138 4029 »
1172 3980 1399 4036 Rursus
1429 3980 1501 4036 de
1526 3979 1734 4036 Patre:
1767 4003 1796 4029 «
1829 3980 2004 4047 Audi,

358 4068 559 4140 Israel,
594 4068 878 4125 Dominus
907 4069 1063 4125 Deus
1094 4073 1253 4140 tuus,
1290 4074 1438 4124 Deus
1471 4085 1624 4124 unus
1656 4072 1746 4124 est
1766 4069 1830 4123 9".
1868 4091 1896 4118 »
1928 4069 2008 4124 De

356 4156 500 4214 Filio
531 4161 728 4214 autem
761 4159 879 4215 ait:
915 4159 1029 4233 (17)
1059 4180 1088 4209 ‹‹
1121 4159 1408 4215 Dominus
1438 4176 1507 4214 ex
1535 4159 1672 4214 Sion
1707 4157 2006 4227 clamabit,

358 4252 416 4304 st
443 4265 512 4303 ex
541 4247 686 4304 cmlo
717 4248 881 4304 dabit
928 4264 1126 4304 vocem
1173 4265 1363 4318 suam,
1397 4254 1454 4304 et
1495 4249 1867 4305 concutietur
1894 4265 2007 4304 co:-

357 4336 485 4394 lum
517 4342 574 4394 et
601 4343 775 4394 terra.
826 4338 1112 4395 Dominus
1158 4342 1352 4394 autem
1395 4343 1593 4410 parcet
1635 4337 1848 4410 populo
1880 4355 2011 4405 suo,

2416 554 2577 606 Ὄταν
2629 549 2920 626 ἐπιστρέψῃ
2980 550 3115 626 πρὸς
3165 550 3402 625 Κύριον,
3462 555 3759 624 περιαιρεῖ-

2105 657 2194 692 ται
2225 639 2286 692 τὸ
2316 636 2602 712 κάλυμμα.
2635 641 2695 697 Ὀ
2729 637 2784 695 δὲ
2818 639 3014 711 Κύριος
3048 640 3108 694 τὸ
3155 642 3373 711 Πνεῦμά
3411 639 3570 694 ἐστιν·
3608 639 3669 693 οὗ
3703 637 3760 693 δὲ

2103 726 2168 781 τὸ
2204 733 2421 800 Πνεῦμα
2453 730 2673 804 Κυρίου,
2708 729 2818 784 ἐκεῖ
2849 727 3125 802 ἐλευθερία
3156 733 3289 801 (11).
3321 755 3348 779 υ

2617 841 2670 892 2.
2706 837 2834 909 Περὶ
2885 839 3286 905 ζωοποιήσεως.

2179 926 2337 998 Λέγει
2370 926 2398 980 6
2433 929 2649 999 Σωτήρ·
2681 951 2709 978 ι(
2741 930 2943 1001 Ὥσπερ
2974 927 3002 980 6
3035 927 3220 997 Πατήρ
3268 923 3462 999 έγείρει
3509 946 3635 986 τους
3668 946 3758 980 νε-

2105 1014 2269 1087 κροὺς
2302 1015 2391 1069 καὶ
2426 1020 2704 1084 ζωοποιεῖ,
2739 1016 2911 1076 οὕτως
2942 1015 3029 1069 καὶ
3063 1016 3090 1069 6
3124 1016 3244 1075 Υἱὸς
3277 1015 3367 1075 οὓς
3398 1013 3564 1083 θέλει,
3619 1021 3754 1083 ζωο-

2105 1109 2272 1158 ποιεῖ·
2307 1127 2334 1155 »ι
2368 1103 2456 1158 καὶ
2507 1105 2629 1176 περὶ
2677 1109 2774 1158 τοῦ
2826 1103 3135 1175 ΙΙνεύματὸς
3168 1123 3321 1179 φησιο
3354 1129 3381 1154 ‹‹
3417 1105 3493 1160 Τὸ
3537 1105 3754 1174 ΙΙνεῦμά

2108 1193 2311 1248 ἔστιτὸ
2363 1198 2688 1264 ζωοποιοῦν,
2738 1196 2771 1262 ἡ
2826 1195 2949 1267 σάρξ
3000 1193 3098 1246 οῦκ
3146 1192 3349 1268 ὠφελεῖ
3388 1191 3561 1247 οὐδέν.
3600 1217 3627 1242 ))
3659 1191 3754 1246 Καὶ

2108 1282 2136 1336 6
2168 1282 2525 1345 Ἀπόστολος·
2560 1309 2588 1335 (ι
2621 1283 2692 1337 Τὸ
2725 1283 2956 1357 γράμμα
2988 1282 3308 1351 ἀποκτείνει,
3337 1284 3399 1336 τὸ
3431 1280 3487 1336 δὲ
3531 1284 3757 1353 Πνεῦμα

2109 1376 2387 1440 ζωοποιεῖ.
2432 1397 2453 1425 ι

2549 1465 2600 1518 3.
2637 1465 2748 1532 (12)
2781 1461 2906 1535 Περέ
2939 1461 3302 1536 χειροτονίας.

2178 1549 2306 1624 Περῖ
2342 1551 2552 1625 ΙῘατρὸς
2610 1551 2830 1611 Παῦλος
2882 1550 3046 1624 λέγει.
3083 1575 3108 1600 α
3144 1552 3329 1604 Ἐθετο
3361 1550 3390 1603 6
3421 1550 3549 1611 Θεὸς
3602 1549 3653 1604 έν
3685 1553 3751 1621 τῇ

2107 1637 2403 1708 Ἐκκλησία
2454 1642 2664 1711 πρῶτον
2717 1637 3080 1707 ἀποστόλους,
3142 1635 3388 1711 δενᾶτερον
3447 1639 3751 1713 προφήτας,

2103 1725 2285 1800 τρίτον
2321 1723 2700 1787 διδασκάλους·
2728 1754 2753 1777 ››
2777 1726 2865 1780 καὶ
2906 1728 2972 1779 τὰ
3006 1727 3148 1795 ἑξῆς.
3185 1727 3312 1799 Περὶ
3360 1726 3484 1779 Υἱοῦ
3517 1727 3544 1779 6
3593 1725 3751 1788 αὐτὸς

2107 1813 2446 1876 ’Δπόστολος
2506 1817 2693 1891 φάσκει
2749 1819 2881 1887 (13)
2944 1840 2971 1865 ‹‹
3006 1817 3065 1871 Ὀ
3121 1810 3382 1881 καταϐάς,
3427 1814 3588 1876 αὐτός
3644 1813 3750 1868 έστι

2107 1903 2194 1958 καὶ
2229 1905 2255 1958 6
2288 1898 2485 1966 ἀναϐὰς
2522 1905 2652 1979 ὑπὲρ
2687 1905 2795 1958 ἂνω
2823 1908 2930 1958 τῶν
2987 1905 3243 1976 οὐρανῶν,
3273 1903 3359 1957 ’ἱνα
3389 1903 3659 1977 πληρώσῃ
3688 1904 3755 1957 τὰ

2108 1992 2295 2048 πάντα.
2331 1994 2431 2050 Καὶ
2465 1993 2622 2054 αὐτὸς
2655 1991 2823 2048 ἔδωκε
2849 1993 2975 2053 τοὺς
3010 1994 3101 2066 μὲν
3138 1991 3497 2059 ἀποστόλους,
3535 1990 3664 2053 τοὺς
3699 1989 3755 2045 δέ

2107 2085 2415 2158 προφήτας,
2446 2082 2573 2145 τοὺς
2606 2079 2664 2137 δί
2693 2082 2951 2154 ποιμένας
3003 2083 3091 2136 καὶ
3143 2079 3522 2142 διδασκάλους.
3555 2101 3581 2132 s
3623 2081 3753 2154 Περὶ

2109 2171 2424 2244 ΙΙνεόματος
2471 2173 2498 2226 6
2547 2171 2704 2233 αὐτὸς
2759 2170 3138 2244 μετακαλεῖται
3195 2171 3299 2224 ἀπὸ
3355 2177 3455 2238 τῆς
3503 2167 3755 2238 Μιλήτου

2106 2260 2234 2322 τοὺς
2262 2255 2682 2337 πρεσϐυτέρους,
2708 2261 2796 2314 καὶ
2829 2260 2976 2334 λέγει
3002 2260 3207 2320 αὐτοῖς·
3243 2284 3270 2309 α
3299 2261 3604 2333 Ιιροσέγετε
3636 2259 3754 2312 ἑαυ-

2109 2356 2249 2421 τοῖς,
2280 2350 2366 2404 καὶ
2402 2351 2559 2404 παντὶ
2589 2355 2668 2422 τῷ
2701 2350 2970 2422 ποιμενῖῳ
3002 2353 3130 2420 (14),
3168 2348 3217 2403 ἐν
3248 2350 3292 2420 ᾧ
3330 2349 3467 2420 ὑμᾶς
3502 2346 3647 2402 ἔθετο
3696 2348 3756 2401 τὸ

2111 2441 2334 2512 Πνεῦμα
2362 2441 2424 2493 τὸ
2460 2442 2612 2514 ἅγιον
2653 2439 2996 2508 ἐπισκόπους,
3031 2436 3340 2511 ποιμαίνειν
3391 2438 3489 2506 τὴν
3526 2436 3756 2504 Ἐκκλη-

2111 2529 2228 2585 σίαν
2259 2533 2354 2584 τοῦ
2386 2533 2538 2585 Θεοῦ.
2575 2553 2604 2581 ››

2635 2619 2688 2676 Α.
2727 2618 2855 2690 Περὶ
2886 2619 3229 2690 νομοθεσίας.

2184 2708 2314 2784 Ιῐερὶ
2349 2708 2560 2783 Πατρὸς
2610 2709 2637 2762 6
2686 2705 2848 2762 Δαυίδ
2899 2705 3070 2781 λέγει’
3106 2733 3133 2758 ‹‹
3167 2711 3270 2760 Τοῦ
3318 2712 3544 2774 ποιῆσαι
3584 2703 3647 2759 τὸ
3680 2704 3760 2767 θέ-

2111 2798 2266 2869 Αημά
2295 2818 2412 2863 σου,
2447 2797 2474 2849 6
2506 2796 2634 2857 Θεός
2669 2817 2796 2868 μου,
2832 2791 3165 2866 ἑὸουλήθην,
3198 2795 3287 2848 καὶ
3337 2794 3426 2847 τὸν
3460 2789 3626 2864 νὸμον
3664 2813 3756 2845 σου

2107 2886 2159 2942 έν
2220 2888 2369 2959 μέσῳ
2425 2889 2526 2954 τῆς
2573 2885 2787 2947 κοιλίας
2847 2907 3031 2957 μου.»
3071 2884 3204 2957 Περὶ
3269 2882 3390 2937 ι”ιοῦ
3440 2885 3466 2936 6
3519 2882 3755 2943 Ιιαῦλοςο

2111 3001 2133 3027 ι
2172 2974 2468 3045 ’Δλλήλων
2505 2977 2572 3029 τά
2619 2976 2758 3050 βάρη
2815 2975 3121 3049 βαστάζετε,
3156 2973 3241 3026 καὶ
3289 2972 3460 3033 οὕτως
3513 2970 3757 3040 ἀναπλη-

2109 3068 2318 3140 ρωσατε
2348 3064 2438 3117 τὸν
2479 3061 2652 3134 νόμον
2702 3066 2798 3116 τοῦ
2847 3063 3100 3135 Χριστοῦ.
3141 3084 3161 3111 s
3199 3059 3328 3133 Περῖ
3379 3058 3694 3130 Ιινεύματος
3732 3056 3758 3111 ὁ

2109 3152 2287 3214 αῦτός.
2323 3177 2344 3204 ι
2380 3154 2440 3210 Ὀ
2469 3151 2639 3223 νόμος
2685 3155 2782 3205 τοῦ
2837 3148 3150 3222 ΙΙνεῦματος
3197 3156 3296 3218 τῆς
3351 3154 3495 3217 ζωῆς
3526 3146 3577 3202 έν
3624 3148 3760 3222 Χρι-

2029 3248 2075 3317 C
2113 3244 2222 3313 στῷ
2251 3242 2436 3311 Ἰησοῦ
2467 3243 2580 3314 (15)
2612 3239 2954 3313 ἠλευθέρωσέ
2989 3259 3074 3312 με.
3110 3262 3138 3289 n

2641 3349 2696 3402 5.
2728 3346 2856 3422 Περὶ
2879 3345 3224 3422 κυριότητος.

2183 3439 2244 3496 Ὀ
2269 3433 2431 3492 Δαυῖδ
2468 3435 2632 3512 λέγει’
2669 3461 2696 3487 ‹‹
2729 3438 2894 3492 Εἶπεν
2951 3435 2978 3489 6
3026 3434 3230 3509 Κύριος
3277 3437 3356 3505 τῷ
3401 3433 3581 3508 Κυρίῳ
3634 3449 3759 3504 μου·

2113 3529 2290 3584 Κάθου
2323 3527 2383 3582 ἐκ
2413 3523 2598 3597 δεξιῶν
2634 3546 2758 3598 μου.
2809 3549 2836 3575 »
2871 3524 2929 3579 El
2977 3521 3034 3578 δὲ
3066 3521 3434 3598 ἀντιλέγουσιν
3480 3523 3531 3576 οἱ
3561 3522 3760 3598 αἱρετι-

2112 3618 2200 3673 κοὶ
2233 3615 2501 3693 λέγοντες,
2531 3614 2612 3669 ὅτι
2664 3613 2740 3676 εἰς
2771 3614 2862 3668 τὸν
2911 3610 3074 3667 Δαυίδ
3126 3605 3522 3684 έκλαμϐάνεται
3575 3615 3759 3679 τοῦτο,

2115 3707 2335 3783 έλέγχει
2367 3704 2561 3766 αὐτοὺς
2594 3704 2654 3758 τὸ
2684 3704 2829 3778 παρὰ
2857 3707 2953 3756 τοῦ
2987 3708 3246 3775 Σωτῆρος
3286 3700 3603 3775 λεγόμενον,
3638 3723 3665 3750 ιι
3700 3698 3764 3754 Τί

2115 3795 2303 3872 λέγετε
2333 3793 2457 3870 περὶ
2486 3799 2585 3850 τοῦ
2634 3797 2864 3867 Χριστοῦ
2897 3811 2911 3860 ;
2943 3793 3090 3852 τίνος
3138 3790 3278 3846 ἐστὶν
3326 3790 3442 3852 υἱός
3475 3807 3489 3857 ;
3527 3789 3764 3864 λέγουσι·

2112 3890 2218 3941 Τοῦ
2281 3881 2470 3942 Δαυίδ.
2524 3908 2552 3935 υ
2599 3881 2975 3956 ’Δποκρίνεται
3035 3881 3063 3934 6
3125 3881 3342 3953 Σωτήρ·
3409 3903 3430 3929 ι
3495 3880 3622 3938 Πῶς
3676 3875 3766 3931 οῦν

2117 3973 2280 4031 Δαυῖδ
2313 3973 2365 4029 έν
2401 3972 2675 4045 Ιίνεύματι
2711 3971 2850 4046 ἁγίῳ
2877 3969 3072 4044 Κύριον
3101 3967 3262 4023 αὐτὸν
3306 3966 3466 4022 καλεῖ
3493 3985 3506 4034 ;
3543 3991 3571 4017 ι)
3603 3965 3768 4021 πάλιν

2115 4066 2240 4140 περὶ
2273 4066 2387 4137 (έὸ)
2432 4066 2529 4116 τοῦ
2581 4060 2813 4136 Πατρός·
2861 4083 2889 4111 ι(
2918 4062 3144 4127 "Ancus,
3195 4057 3438 4125 Ἰσραὴλ,
3492 4055 3689 4130 Κύριος
3743 4055 3771 4109 6

2119 4154 2248 4215 Θεός
2283 4174 2399 4218 σου,
2429 4150 2626 4226 Κύριος
2660 4150 2733 4211 εἶς
2763 4148 2894 4204 έστι.
2931 4171 2958 4199 ω
2993 4147 3125 4223 Περὶ
3182 4144 3239 4201 δὲ
3286 4151 3383 4200 τοῦ
3416 4147 3564 4213 Υῖοῦ,
3604 4143 3768 4219 λέγει·

2119 4271 2148 4297 ‹‹
2179 4249 2235 4296 ‘0
2266 4240 2323 4297 δὲ
2354 4241 2548 4316 Κύριος
2574 4239 2632 4294 ἐκ
2657 4239 2798 4293 Σιών
2821 4235 3290 4312 ἀνακράζεται,καὶ
3313 4234 3364 4304 έξ
3383 4233 3618 4307 οὐρανοῦ
3640 4235 3777 4305 (17’)

2123 4331 2284 4388 δώσει
2333 4331 2430 4397 τήν
2478 4329 2662 4406 φωνὴν
2710 4328 2895 4398 αὐτοῦ,
2942 4327 3032 4380 καὶ
3084 4326 3418 4394 σεισθήσεται
3465 4323 3493 4376 6
3548 4321 3776 4396 οὐρανὸς

359 4431 418 4483 et
447 4427 799 4483 confortabit
845 4427 1127 4483 Dominus
1160 4427 1310 4482 ﬁlios
1356 4409 1552 4483 Israel.
1585 4409 1668 4497 ,Εἰ
1696 4443 2001 4499 cognosce-

2126 4421 2214 4478 καὶ
2245 4424 2279 4490 ἠ
2313 4426 2405 4494 γῆ.
2437 4424 2492 4471 'O
2525 4415 2581 4472 δὲ
2613 4417 2812 4492 Κύριος
2843 4416 3076 4495 φείσεται
3127 4418 3226 4468 τοῦ
3275 4412 3412 4468 λαυῦ
3460 4411 3646 4476 αὐτοῦ,
3686 4409 3776 4464 καὶ

359 4515 436 4571 tis
469 4516 622 4587 quod
651 4532 756 4589 ego
791 4517 904 4571 sim
935 4515 1220 4572 Dominus
1252 4516 1407 4572 Deus
1451 4519 1663 4579 vester,
1694 4515 1794 4587 qui
1816 4516 2001 4570 taber-

2126 4509 2396 4585 ένισχῦσει
2444 4508 2642 4577 Κύριος
2686 4505 2814 4568 τοὺς
2864 4505 3013 4566 υἱοὺς
3059 4503 3304 4579 Ἰσραήλ.
3339 4501 3436 4556 Καὶ
3483 4501 3779 4574 έπιγνώσε-

361 4605 641 4662 naculum
674 4605 841 4677 posui
874 4607 934 4661 in
978 4605 1138 4670 Sion,
1187 4605 1245 4659 in
1280 4610 1478 4661 monte
1525 4609 1728 4660 sancto
1748 4605 1812 4660 ⁸⁸.
1850 4626 1878 4653 η
1910 4606 1991 4670 Ou

2127 4613 2239 4665 σθε,
2286 4597 2369 4654 ὅτι
2423 4597 2530 4673 ἐγώ
2582 4595 2695 4668 εἰμι
2751 4595 2953 4670 Κύριος
2987 4595 3014 4648 ὁ
3046 4593 3174 4652 Θεὸς
3227 4592 3400 4663 δμῶν,
3446 4591 3474 4644 6
3512 4609 3780 4656 κατασκη-

365 4693 815 4750 tabernaculum
847 4699 1043 4751 autem
1078 4694 1292 4767 posuit,
1317 4693 1374 4749 id
1411 4697 1501 4750 est
1529 4693 1732 4759 Filius,
1754 4693 1876 4748 haec
1900 4696 1980 4748 ait
2005 4709 2018 4749 :

364 4805 393 4834 ‹‹
428 4784 545 4856 Ego
577 4787 774 4840 autem
803 4783 1164 4841 constitutus
1195 4801 1329 4840 sum
1362 4800 1462 4840 rex
1491 4783 1563 4839 ab
1589 4799 1654 4838 eo
1687 4798 1864 4854 super
1884 4782 2022 4838 Sion

439 4956 484 4993 ¹¹
515 4956 563 5013 ΙΙ
621 4956 749 5012 Cor.
811 4973 894 5024 ιιι,
955 4958 1042 5024 16,
1102 4957 1188 5012 17.
1267 4956 1309 4990 ¹⁶
1359 4956 1528 5012 Joan.
1588 4971 1643 5020 v,
1701 4955 1792 5010 21.
1874 4955 1917 4990 1⁷
1973 4953 2001 5009 J

2131 4996 2141 5008 .
2196 4967 2270 5020 v1,
2332 4949 2544 5024 674."?
2604 4949 2653 5001 ll
2705 4948 2833 5024 Cor.
2895 4961 2981 5024 11},

364 5027 410 5064 ³ο
439 5028 648 5100 Ephes-
714 5045 790 5094 ιν,
826 5030 911 5099 10,
967 5031 1054 5084 11.
1133 5030 1178 5065 ²¹
1212 5032 1335 5082 Act.
1398 5029 1615 5100 xx,728.
1693 5027 1738 5061 ²²
1795 5025 2001 5100 Psal._1

2126 5042 2171 5100 lt,
2228 5025 2282 5076 9.

2132 4690 2307 4750 νώσας
2343 4687 2392 4742 έν
2429 4687 2598 4755 Σιὼν,
2630 4684 2682 4740 έν
2732 4680 2846 4761 ὄρει
2879 4683 3040 4758 ἁγίῳ.
3075 4707 3102 4736 ››
3136 4683 3197 4739 Ὀ
3245 4679 3301 4736 δὶ
3339 4678 3780 4748 κατασκηνώσεις,

2135 4775 2261 4848 ἤτοι
2312 4778 2341 4834 6
2394 4777 2541 4843 Υἱὸς,
2587 4770 2761 4848 λέγει·
2790 4798 2817 4825 (ι
2853 4773 2996 4846 Ἐγὼ
3045 4768 3102 4825 δὶ
3149 4768 3475 4838 κατεστάθην
3529 4763 3783 4843 βασιλεὺς

3175 4943 3219 4979 ¹⁰
3275 4941 3296 4998 Ι
3354 4942 3485 5002 Cor,
3539 4955 3642 5006 xu,
3691 4937 3781 4990 28.

3553 5011 3599 5045 ³⁸
3629 5008 3781 5066 Psal.

2360 5023 2405 5057 ’³
2437 5019 2627 5076 Galat.
2660 5035 2736 5088 v1,
2793 5021 2846 5072 2.
2927 5018 2974 5051 "
3025 5016 3192 5071 Rom.
3255 5029 3376 5082 vm,
3420 5014 3474 5067 2.

365 5093 565 5167 c1x,'i.
641 5101 686 5136 ³⁸
717 5093 924 5156 Matth.
956 5117 1096 5171 xm,
1123 5102 1212 5169 42,
1247 5101 1336 5155 43.
1414 5100 1457 5133 ³⁷
1489 5099 1659 5154 Deut.
1692 5115 1769 5166 v1,
1803 5098 1854 5153 4.
1934 5097 1977 5130 2⁸

2126 5097 2134 5151 l
2166 5111 2250 5162 Ill,
2286 5093 2370 5148 16.

439 5273 551 5346 (11)
583 5272 661 5330 Τό
692 5275 855 5330 deest
886 5275 945 5329 in
978 5273 1115 5329 edit.
1150 5271 1429 5346 Commel.
1465 5276 1534 5346 et_
1571 5271 1833 5346 Vatican.
1865 5270 2019 5337 Mox,

368 5341 498 5412 έκεῐ,
531 5348 697 5403 deest
726 5348 784 5401 in
822 5347 1030 5402 iisdem
1057 5363 1070 5402 :
1096 5349 1195 5400 sed
1224 5344 1500 5416 leguntur
1524 5343 1608 5398 haa
1629 5360 1797 5398 voces
1818 5341 1886 5416 in,
1905 5349 2021 5416 An-

409 5419 618 5486 licano,
655 5419 826 5474 Basil.
860 5424 917 5473 et
944 5419 1001 5472 in
1055 5418 1249 5472 Graeco
1284 5414 1605 5486 'Scripturaa
1654 5421 1836 5470 textu.
1870 5414 2022 5479 Mox,

367 5437 734 5547 gasiliensis.
768 5489 1100 5547 Anglican”
1134 5489 1472 5547 Vaticanus.
1514 5485 1636 5547 περὶ
1672 5485 1989 5547 ζωοποιίας.

418 5489 734 5554 asiliensis,
762 5489 1100 5562 Anglican"
1134 5485 1472 5562 Vaticanus,
1514 5485 1636 5562 περὶ
1672 5485 1989 5562 ζωοποιίας.

441 5563 556 5633 (12)
614 5558 900 5635 Titulus;
932 5558 1060 5635 Περὶ
1119 5559 1484 5635 χειροτονίας,
1544 5558 1708 5635 deest
1748 5559 1823 5635 (in
1859 5559 2025 5635 _edit.

371 5629 656 5694 Co'mmel.
689 5640 747 5689 et
781 5629 1062 5698 vascam,
1096 5629 1319 5702 sedeat
1347 5634 1405 5687 in
1439 5631 1613 5687 Basil.
1647 5638 1703 5686 et
1729 5629 1955 5702 Anglic.

444 5706 559 5776 (13)
608 5705 970 5780 Basiliensis,
1030 5701 1288 5761 διδάσκει.
1344 5705 1473 5761 Mox
1521 5704 1700 5773 idem,
1757 5701 2031 5776 ὑπεράνω,

375 5793 496 5846 una
524 5792 682 5836 voce.

2205 5267 2317 5337 (14)
2347 5265 2437 5320 Sic
2463 5279 2675 5388 pmnes
2708 5279 2850 5320 mss.
2884 5267 2941 5320 et
2969 5262 3129 5318 editi.
3165 5261 3227 5316 In
3260 5260 3382 5314 Act.
3419 5261 3605 5328 apost.
3641 5252 3785 5324 legi-

2205 5356 2250 5388 l'-
2283 5358 2450 5388 ποιιλν
2481 5357 2546 5388 ω.

2132 5345 2252 5404 tur,
2283 5345 2546 5408 ποιμνίῳ.
2602 5407 2605 5408 ν
2953 5406 2985 5408 Η
3303 5400 3340 5408 __
3431 5398 3477 5408 η
3631 5398 3642 5408 _
3701 5395 3709 5404 .

2206 5357 2725 5482 (ίὸῗᾛὲῦῗὲἀὺθεέ
2773 5423 2806 5462 a
2836 5406 3011 5462 Basil.
3065 5409 3124 5461 et
3171 5400 3399 5474 Anglic.
3431 5398 3547 5454 Nec
3593 5398 3665 5453 ab
3696 5395 3785 5448 in-

2134 5479 2388 5554 terprete
2421 5479 2634 5554 lectum
2665 5482 2773 5554 est.
3085 5546 3148 5554 __
3233 5545 3266 5554 __
3379 5542 3391 5554 ο
3462 5545 3498 5554 ﬁ
3750 5536 3761 5554 ,

2212 5537 2251 5622 (ἶ
2267 5555 2322 5624 6)
2355 5551 2483 5624 Περί
2507 5552 2669 5607 deest
2683 5551 2751 5624 in
2783 5548 2977 5616 editis,
3003 5547 3104 5603 sed
3134 5545 3350 5619 legitur
3378 5542 3436 5597 in
3460 5537 3789 5600 Basiliensi,

2137 5622 2456 5698 Anglicani)
2482 5629 2540 5698 et
2566 5622 2868 5698 Vaticano.
3122 5688 3133 5698 .
3187 5692 3196 5698 _
3352 5686 3361 5697 .

2238 5685 2324 5767 ΪἻ)
2355 5696 2462 5752 Hic
2491 5695 2775 5767 Dominus,
2807 5689 3087 5767 pro__Filio
3118 5685 3486 5767 intelligitur.

2238 5699 2324 5767 17)
2355 5699 2462 5752 Hic
2491 5699 2775 5765 Dominus,
2807 5708 2912 5765 pro
2946 5699 3087 5747 ﬁlio
3118 5699 3486 5759 intelligitur.

2211 5699 2350 5843 (17')
2384 5765 2749 5837 Basiliensis,
2777 5763 3024 5837 Anglia,
3056 5760 3146 5816 καὶ
3175 5757 3227 5832 έξ
3257 5752 3638 5833 Ἰερουσαλήμ.
