4136 6394
286 374 362 433 33
949 365 1050 426 DE
1094 361 1459 425 COMMUNI
1505 359 1889 421 ESSENTIA
1930 357 2210 421 PATRIS
2256 360 2358 420 ET
2402 361 2581 421 FILII
2628 362 2726 422 ET
2769 362 2969 423 SPIR.
3014 362 3081 423 S.
3622 369 3702 425 34

288 504 376 558 ὑπ’
408 500 570 557 αὐτοῦ
623 499 709 554 ἐπὶ
745 499 885 552 Σιὼν
920 496 1046 571 ὅρος
1094 496 1156 549 τὸ
1188 495 1336 570 ἅγιον
1369 491 1553 561 αὐτοῦ,
1593 516 1619 543 ››
1649 493 1737 547 καὶ
1792 490 1931 561 ἑξῆς.

2078 497 2311 547 nontem
2344 498 2610 547 sanctum
2644 494 2772 564 ejus
2814 495 2878 561 ²⁹,
2918 517 2943 542 ››
2975 496 3082 549 etc.
3118 496 3197 550 De
3245 497 3465 569 Spiritu
3500 502 3696 554 autem

288 592 418 667 Περὶ
472 589 529 644 δὲ
573 594 671 644 τοῦ
719 587 1032 660 Πνεύματος
1083 584 1271 656 εἲπὼν,
1304 583 1386 639 ὅτι
1421 608 1448 634 ‹‹
1478 585 1638 637 Εἷπεν
1673 583 1700 636 6
1734 581 1932 656 Κύριος

285 686 364 753 τῷ
421 679 610 756 Κυρίῳ
675 699 799 750 μου,
854 700 881 727 ›)
945 668 1286 735 ὑποκαταϐὰς
1343 672 1513 747 λέγει’
1582 673 1680 726 Καὶ
1735 670 1938 747 Κύριος

287 769 346 826 ἐκ
395 767 579 840 δεξιῶν
624 786 755 822 σου·
812 790 839 817 ››
884 769 980 819 τοῦ
1031 763 1121 819 οὖν
1172 765 1300 818 Υἱοῦ
1333 761 1496 817 πάλιν
1548 762 1606 817 ἐκ
1636 760 1822 834 δεξιῶν
1876 759 1939 815 τὸ

286 863 423 915 Πνεῦ
434 880 527 932 μα.

279 994 489 1079 6..”ρτι
520 992 548 1045 6
596 991 793 1079 χΠατὴρ
819 988 1046 1079 ῂΚύριον
1098 986 1353 1079 τὸν
1404 986 1535 1073 Υἱὸν(
1578 983 1938 1079 κὶαλεῖηκαὶᾙὸ

356 1061 693 1124 Ἀπόστολος
726 1054 1038 1134 τὸΠνεῦμα
1067 1054 1157 1114 καὶ
1194 1054 1399 1134 ’Κύριον
1450 1057 1539 1112 καὶ
1591 1058 1716 1113 Θεὸν
1742 1054 1938 1132 λέγει,

354 1138 428 1198 ὡς
465 1134 675 1190 καὶτὸν
712 1129 857 1189 Υἱὸν.

358 1261 517 1335 Λέγει
551 1260 653 1335 γὰρ
687 1256 881 1320 οὕτως·
918 1281 944 1309 ‹‹
980 1254 1080 1313 Καῖ
1112 1253 1257 1310 ἔσται
1293 1256 1428 1328 μετὰ
1474 1258 1640 1309 ταῦτα
1666 1272 1678 1286 ·
1730 1254 1942 1327 Ἐκχεῶ

292 1348 394 1405 ἀπὸ
427 1354 521 1404 τοῦ
572 1346 885 1420 Πνεύματὸς
929 1368 1031 1419 μου
1062 1344 1149 1399 ἐπὶ
1180 1350 1350 1398 πᾶσαν
1384 1344 1573 1419 σάρκα,
1606 1342 1694 1397 καὶ
1725 1363 1944 1419 προφη-

290 1438 565 1494 τεύσουσιν
618 1438 670 1491 οἱ
723 1436 831 1490 υἱοὶ
883 1436 1057 1508 ὑμῶν,
1090 1433 1180 1487 καὶ
1225 1434 1278 1487 αἱ
1321 1431 1603 1508 θυγατέρες
1635 1432 1808 1503 ὑμῶν,
1853 1429 1944 1484 καὶ

294 1529 350 1583 oi
407 1522 763 1603 πρεσϐύτεροι
825 1526 974 1598 ὑμῶν
1011 1523 1230 1578 ἐνύπνια
1274 1520 1811 1591 ἐνύπνιασθήσονται,
1853 1520 1942 1573 καὶ

296 1618 347 1671 οἱ
395 1616 661 1671 νεανίσκοι
708 1615 857 1687 ὑμῶν
906 1614 1119 1689 ὁράσεις
1170 1606 1417 1684 ὄψονται.
1464 1610 1561 1666 Καί
1606 1631 1669 1685 γε
1700 1609 1786 1662 ἐπὶ
1816 1607 1942 1671 τοὺς

293 1704 526 1766 δούλους
561 1726 686 1777 μου,
718 1703 807 1758 καὶ
839 1702 925 1757 ἐπὶ
957 1702 1049 1764 τὰς
1083 1699 1284 1762 δούλας
1318 1721 1422 1773 μου
1462 1698 1513 1753 ἐν
1545 1704 1664 1760 ταῖς
1712 1696 1944 1773 ἡμέραις

294 1794 542 1861 ἐκείναις,
602 1792 778 1868 ἐκχεῶ
821 1791 926 1845 ἀπὸ
974 1796 1070 1845 τοῦ
1115 1788 1426 1862 Πνεύματός
1475 1809 1578 1861 μου
1639 1786 1725 1841 ἐπὶ
1774 1792 1944 1841 πᾶσαν

2050 588 2250 637 sancto
2281 582 2365 637 sic
2389 581 2617 638 locutus
2642 598 2654 639 :
2682 604 2709 633 ‹‹
2735 582 2890 638 Dixit
2912 583 3198 639 Dominus
3222 589 3467 643 Domino
3494 604 3645 659 meo,
3673 609 3700 637 »

2049 671 2295 726 inferius
2326 671 2441 726 ait:
2469 694 2496 721 »
2524 671 2804 726 Dominus
2829 689 2861 727 a
2890 672 3109 729 dextris
3132 673 3246 729 tuis
3268 675 3331 729 3°.
3359 700 3379 729 ι
3418 678 3457 732 Α
3482 677 3701 733 dextris

2050 761 2231 833 igitur
2262 760 2391 815 Filii
2423 766 2511 816 est
2542 761 2817 832 Spiritus.

2120 989 2175 1063 6.
2210 987 2359 1063 Quod
2387 990 2439 1063 et
2466 989 2633 1063 Pater
2662 996 2806 1063 vocet
2836 987 3065 1055 Filium,
3102 989 3437 1045 Dominum:
3467 996 3517 1046 et
3556 994 3692 1063 Apo-

2048 1061 2214 1115 stolus
2238 1060 2534 1187 ἓξριίζσίιειωη,
2567 1061 2857 1115 Dominum
2880 1076 2944 1114 ac
2974 1064 3153 1114 Deum
3170 1063 3441 1126 nominet,
3470 1060 3698 1135 perinde

2051 1141 2209 1187 atoue
2287 1149 2305 1186 ι
2332 1148 2467 1187 tum.

2051 1141 2209 1202 atque
2238 1141 2467 1187 Filium.

2125 1256 2210 1311 Ita
2240 1254 2394 1309 enim
2446 1254 2621 1309 dicit:
2663 1279 2682 1303 ι
2736 1255 2805 1309 Et
2854 1254 2963 1310 erit
3010 1261 3142 1328 post
3180 1255 3336 1313 hac:
3383 1258 3696 1316 Effundam

2054 1346 2125 1400 de
2153 1345 2370 1416 Spiritu
2403 1361 2530 1399 meo
2559 1362 2737 1415 super
2757 1361 2990 1399 omnem
3024 1362 3279 1417 carnem,
3303 1353 3360 1401 et
3390 1350 3698 1420 propheta-

2054 1436 2201 1489 bunt
2261 1434 2364 1487 ﬁlii
2412 1434 2608 1499 vestri,
2640 1439 2697 1489 et
2746 1434 2875 1487 tiliae
2925 1438 3147 1499 vestrm,
3199 1442 3256 1490 et
3303 1453 3471 1492 senes
3522 1439 3701 1495 vestri

2054 1523 2284 1579 somnia
2316 1522 2715 1591 somniabunt,
2748 1528 2804 1577 et
2826 1524 3075 1594 juvenes
3123 1527 3299 1581 vestri
3329 1526 3583 1583 visiones
3614 1528 3701 1583 vi-

2056 1614 2297 1669 debunt.
2331 1613 2438 1668 Sed
2471 1616 2526 1667 et
2556 1630 2736 1684 super
2763 1629 2959 1668 servos
2991 1630 3173 1680 meos,
3208 1620 3265 1670 et
3308 1633 3485 1688 super
3516 1617 3703 1673 ancil-

2058 1702 2143 1758 las
2172 1718 2333 1757 meas
2352 1701 2412 1755 in
2443 1702 2651 1756 diebus
2678 1700 2795 1756 illis
2817 1703 3113 1757 effundam
3132 1704 3202 1758 de
3222 1705 3439 1775 Spiritu
3463 1723 3592 1762 meo
3610 1724 3706 1762 su-

2059 1811 2161 1865 per
2188 1809 2422 1849 omnem
2456 1809 2712 1857 carnem,
2744 1798 2801 1847 et
2827 1795 3274 1864 prophetabunt,
3307 1802 3363 1850 et
3392 1797 3541 1852 dabo
3574 1814 3706 1869 pro-

294 1884 486 1958 σάρκα,
534 1883 622 1936 καὶ
675 1879 1134 1958 προφητεύσουσι,
1181 1879 1270 1933 καὶ
1321 1876 1481 1932 δώσω
1529 1878 1726 1951 τέρατα
1774 1876 1825 1930 ἐν
1867 1878 1946 1946 τῷ

2078 1882 2214 1954 ligia
2242 1881 2299 1936 in
2333 1881 2474 1936 caelo
2520 1898 2779 1949 sursum,
2831 1887 2887 1936 et
2917 1882 3086 1954 signa
3131 1884 3190 1937 in
3221 1888 3374 1939 terra
3404 1885 3702 1956 deorsum,

296 1973 509 2048 οὐρανῷ
561 1969 694 2039 ἅνω,
744 1970 834 2025 καὶ
866 1974 1067 2041 σημεῖα
1098 1967 1185 2023 ἐπὶ
1215 1974 1316 2037 τῆς
1340 1970 1438 2043 γῆς
1469 1965 1636 2037 κάτω,
1670 1966 1824 2037 αἷμα,
1859 1962 1948 2019 καὶ

294 2067 425 2136 πῦρ,
472 2059 561 2115 καὶ
610 2057 811 2133 ἀτμίδα
851 2063 1079 2113 καπνοῦ.
1125 2058 1187 2116 Ὀ
1236 2056 1400 2126 ἥλιος
1455 2057 1948 2128 μεταστραφήσεται

299 2150 375 2213 εἷς
427 2149 642 2217 σκότος,
684 2149 774 2203 καὶ
811 2151 846 2218 ἡ
898 2148 1100 2218 σελήνη
1155 2147 1229 2208 είς
1280 2148 1436 2218 αἷμα,
1464 2146 1591 2219 πρὶν
1622 2142 1794 2199 ἐλθεῖν
1851 2145 1949 2212 τὴν

301 2239 508 2314 ἡμέραν
546 2238 761 2311 Κυρίου,
794 2239 892 2306 τήν
926 2235 1172 2311 μεγάλην
1204 2234 1293 2289 γαί
1327 2235 1581 2313 ἐπιφανῆ.
1634 2234 1736 2291 Καὶ
1781 2231 1951 2305 ἔσται,

302 2334 405 2390 πᾶς
439 2327 496 2390 ὅς
532 2327 587 2382 ἂν
622 2326 1004 2397 ἐπικαλέσηται
1039 2326 1102 2381 τὸ
1134 2321 1308 2398 ὄνομα
1356 2323 1579 2401 Κυρίου,
1627 2325 1950 2393 σωθήσεται.

301 2422 427 2480 Πῶς
459 2415 549 2471 οῦν
586 2415 1016 2486 ἔπικαλὲσονται,
1053 2415 1130 2477 είς
1180 2413 1236 2469 ὅν
1289 2414 1388 2469 οὐκ
1433 2412 1785 2481 ἐπίστευσαν;
1837 2416 1954 2474 πῶς

300 2506 587 2561 ἀκούσουσι
620 2506 796 2580 χωρὶς
828 2504 1195 2580 κηρύσσοντος
1222 2522 1235 2573 ;
1272 2528 1294 2557 ι
1333 2504 1462 2577 Περὶ
1492 2501 1549 2558 δὲ
1576 2506 1674 2557 τοῦ
1706 2500 1954 2572 Πνεύμα-

299 2615 418 2657 τος,
452 2595 479 2647 6
511 2594 670 2655 αὐτὸς
728 2591 1067 2655 Ἀπόστολος
1118 2590 1288 2666 λέγει·
1335 2616 1362 2644 ‹‹
1412 2591 1597 2646 Ἡνίκα
1628 2588 1673 2645 δ’
1729 2590 1787 2644 ἂν
1840 2589 1956 2645 ἐπι-

306 2682 506 2759 στρέψῃ
550 2684 686 2756 πρὸς
738 2682 957 2755 Κύριον,
1007 2686 1365 2756 περιαιρεῖται
1416 2681 1479 2735 ’ὸ
1518 2679 1805 2753 κάλυμμα·
1841 2680 1868 2733 6
1902 2675 1960 2733 δὶ

304 2772 501 2846 Κύριος
548 2772 609 2825 τὸ
660 2768 877 2843 [Ινεῦμά
924 2770 1054 2825 ἐστι.
1109 2794 1135 2820 )›
1182 2770 1279 2826 Καὶ
1316 2769 1478 2825 πάλιν
1511 2771 1538 2823 6
1569 2768 1751 2830 αὐτός·
1789 2772 1964 2825 ιι.Κα-

306 2862 475 2936 θάπερ
525 2861 631 2914 ἀπὸ
682 2859 886 2932 Κυρίου
937 2858 1268 2930 Πνεύματος’
1332 2882 1358 2908 ››
1402 2856 1491 2911 καί
1541 2857 1711 2921 αὖθις·
1760 2881 1787 2908 ‹‹
1820 2857 1876 2909 'O
1909 2854 1967 2912 δὲ

312 2950 508 3025 Κύριος
555 2947 869 3011 κατευθύνοι
928 2950 1041 3021 (19)
1100 2948 1250 3018 ὑμῶν
1299 2947 1393 3008 τὰς
1448 2944 1674 3019 καρδίας
1732 2946 1807 3008 εἷς
1864 2948 1963 3015 τὴν

315 3039 529 3112 ἀγάπην
563 3042 656 3091 τοῦ
678 3041 831 3108 Θεοῦ,
865 3035 953 3090 καὶ
984 3036 1060 3097 εἰς
1092 3037 1190 3104 τὴν
1214 3036 1496 3108 ὑπομονήν
1530 3039 1625 3089 τοῦ
1654 3033 1908 3110 Χριστοῦ·
1939 3059 1965 3086 ››

315 3128 418 3204 ἄρα
466 3128 493 3181 6
545 3126 738 3203 Κύριος
782 3126 844 3181 τὸ
893 3129 1113 3196 Πνεῦμα
1142 3124 1273 3180 ἐστι.
1310 3124 1407 3178 Καὶ
1433 3123 1619 3179 πάλιν·
1661 3150 1681 3174 ι
1717 3124 1881 3196 Ὑμᾶς
1911 3122 1968 3178 δί

2059 1970 2407 2042 sanguinem
2442 1974 2499 2025 et
2529 1970 2747 2043 ignem,
2768 1976 2824 2026 et
2854 1989 3125 2043 vaporem
3154 1973 3318 2029 fumi.
3341 1975 3434 2029 Sol
3466 1991 3707 2033 conver-

2058 2065 2213 2114 tetur
2242 2059 2300 2113 in
2334 2063 2383 2114 4
2430 2060 2720 2129 tenebras,
2751 2066 2807 2115 et
2855 2059 2999 2114 luna
3029 2062 3086 2115 in
3144 2063 3515 2133 sanguinem,
3544 2070 3709 2119 ante-

2063 2166 2237 2221 quam
2271 2149 2466 2203 veniat
2511 2149 2636 2204 dies
2679 2149 2907 2203 Domini
2959 2166 3209 2221 magnus
3256 2156 3312 2205 et
3342 2152 3605 2208 illustris.
3641 2155 3711 2208 Et

2063 2238 2191 2306 erit,
2224 2236 2416 2292 omnis
2447 2237 2547 2308 qui
2579 2237 2931 2292 invocaverit
2977 2256 3191 2294 nomen
3225 2240 3475 2309 Domini,
3511 2242 3710 2298 salvus

2064 2327 2174 2383 erit
2194 2326 2259 2380 ³⁸.
2279 2348 2386 2374 ››-
2416 2350 2434 2374 ει
2462 2326 2761 2389 Quomodo
2784 2343 2919 2399 ergo
2943 2328 3380 2395 invocabunt,in
3402 2348 3569 2399 quem
3593 2348 3709 2387 non

2065 2415 2487 2470 crediderunt?
2517 2423 2616 2469 aut
2648 2417 2942 2486 quomodo
2973 2417 3213 2472 audient
3242 2419 3368 2475 sine
3400 2421 3714 2488 praedican-

2065 2511 2121 2560 te
2143 2506 2237 2559 32‘?
2272 2527 2299 2553 »
2331 2505 2411 2559 De
2465 2504 2683 2575 Spiritu
2735 2521 2905 2576 porro
2958 2505 3111 2561 idem
3168 2508 3481 2577 Apostolus
3537 2508 3714 2565 dicit:

2070 2616 2098 2646 «
2131 2598 2269 2649 Cum
2305 2597 2499 2648 autem
2532 2609 2845 2648 conversus
2878 2595 3051 2649 fuerit
3080 2597 3149 2650 ad
3187 2597 3520 2666 Dominum,
3554 2599 3715 2653 aufe-

2070 2689 2233 2739 retur
2261 2683 2544 2750 velamen,
2593 2682 2876 2739 Dominus
2935 2690 3130 2740 autem
3179 2686 3432 2757 Spiritus
3480 2688 3654 2744 est”.
3687 2706 3714 2740 ιι

2073 2773 2351 2843 Idemque
2372 2788 2617 2828 rursus:
2657 2793 2679 2822 α
2706 2772 3013 2842 Tanquam
3047 2790 3080 2828 a
3101 2773 3332 2829 Domini
3363 2776 3579 2847 Spiritu
3601 2776 3666 2831 ³⁸.
3690 2798 3720 2827 ››

2075 2866 2267 2931 Atque
2297 2860 2507 2915 iterum
2534 2876 2545 2915 :
2585 2882 2612 2910 ι(
2648 2862 2927 2915 Dominus
2956 2867 3150 2917 autem
3182 2862 3395 2934 dirigat
3424 2866 3597 2920 corda
3628 2882 3723 2922 ve-

2079 2955 2216 3004 stra.
2250 2948 2309 3001 in
2342 2948 2625 3003 charitate
2674 2948 2799 3015 Dei,
2831 2954 2888 3003 et
2935 2949 2993 3004 in
3026 2950 3307 3021 patientia
3355 2952 3568 3009 Christi
3593 2955 3658 3009 35.
3693 2976 3722 3004 »

2079 3038 2333 3109 Spiritus
2365 3036 2545 3109 igitur
2589 3036 2890 3092 Dominus.
2923 3039 3000 3093 Ac
3049 3039 3276 3095 denuo:
3315 3064 3342 3091 ‹‹
3382 3041 3499 3098 Vos
3532 3052 3724 3099 autem

2078 3127 2364 3183 Dominus
2395 3126 2713 3182 exuberare
2743 3131 2799 3181 et
2830 3126 3129 3183 abundare
3177 3129 3349 3184 iaciat
3379 3132 3725 3189 charitatem

319 3217 346 3271 6
402 3216 601 3289 Κύριος
651 3213 921 3288 πλεονάσῃ
951 3216 1064 3286 (20)
1096 3214 1183 3267 καὶ
1216 3212 1537 3289 περισσεύσῃ
1568 3216 1634 3285 τῇ
1668 3213 1849 3286 ἀγαπῃ
1898 3214 1959 3285 τῇ

2083 3222 2331 3271 vestram
2365 3217 2422 3269 in
2455 3216 2701 3271 invicem
2726 3222 2781 3269 et
2812 3216 2870 3270 in
2898 3234 3122 3287 omnes,
3151 3221 3651 3289 quemadmodum
3671 3226 3731 3277 et

318 3306 394 3367 εἷς
427 3302 709 3375 ἀλλήλους
738 3303 827 3358 καὶ
862 3302 936 3361 εἷς
969 3302 1188 3371 πάντας,
1220 3302 1458 3376 καθάπερ
1498 3303 1661 3373 ἡμεῖς
1693 3300 1770 3363 εἷς
1804 3302 1964 3373 ὑμᾶς,

315 3392 390 3455 εἷς
421 3395 483 3447 τὸ
512 3392 757 3468 στηρίξαι
790 3392 940 3464 ὑμῶν
972 3392 1069 3453 τὰς
1102 3388 1323 3466 καρδίας
1355 3389 1658 3463 ἀμέμπτως
1701 3389 1751 3443 ἐν
1804 3391 1969 3464 ἁγιω-

315 3482 445 3554 σύνῃ
475 3478 776 3556 ἔμπροσθεν
800 3485 896 3535 τοῦ
934 3484 1066 3535 Θεοῦ
1098 3479 1189 3533 καὶ
1220 3478 1426 3553 Πατρὸς
1459 3481 1617 3551 ἡμῶν
1652 3478 1702 3533 ἐν
1734 3482 1802 3551 τῇ
1835 3499 1969 3554 παρ-

317 3572 473 3643 ουσίᾳ
517 3570 612 3627 τοῦ
667 3573 863 3647 Κυρίου
920 3575 1079 3643 ἡμῶν
1128 3576 1307 3640 Ἰησοῦ
1357 3575 1597 3645 Χριστοῦ
1658 3570 1793 3642 μετά
1830 3571 1969 3624 πάν-

316 3680 422 3714 των
465 3664 574 3732 (21)
623 3665 729 3714 τῶν
780 3660 942 3734 ἁγίων
977 3660 1162 3714 αὐτοῦ.
1200 3682 1228 3709 ››
1260 3657 1358 3712 Καὶ
1392 3657 1617 3712 ἐνταῦθα
1647 3659 1674 3711 ὁ
1708 3657 1907 3732 Κύριος
1941 3658 1969 3712 6

317 3746 629 3816 πλεονάζων
661 3746 747 3801 καὶ
779 3746 1109 3820 περισσεύων
1243 3743 1425 3820 ἀγάπῃ
1451 3749 1520 3819 τῇ
1554 3744 1631 3807 εἷς
1663 3744 1969 3815 ἀλλήΛους,

319 3835 406 3890 καὶ
455 3836 721 3911 στηρίζων
764 3836 859 3898 τὰς
891 3833 1113 3910 καρδίας
1147 3835 1199 3888 ἐν
1231 3835 1497 3911 ἁγιωσύνῃ
1537 3830 1836 3908 ἔμπροσθεν
1869 3837 1971 3888 τοῦ

321 3930 455 3979 Θεοῦ
488 3923 545 3979 ἐκ
571 3930 638 3998 τῇ
672 3925 941 3998 παρουσίᾳ
966 3929 1063 3980 τοῦ
1089 3924 1286 3997 Κυρίου
1310 3926 1467 3996 ἡμῶν
1503 3925 1683 3995 Ἰησοῦ
1715 3928 1972 3999 Χριστοῦ,

323 4013 386 4068 τὸ
438 4014 658 4086 Πνεῦμά
705 4016 836 4070 ἐστι.
888 4015 993 4075 Τὰς
1043 4011 1134 4068 οῦν
1183 4018 1329 4086 τρεῖς
1372 4013 1701 4088 κυριότητας
1732 4012 1807 4075 εἰς
1845 4012 1969 4085 μίαν

322 4102 617 4173 κυριότητα
650 4102 980 4177 συναγαγὼν,
1018 4097 1230 4177 βεϐαιοῖ
1261 4100 1432 4177 λέγων
1480 4104 1617 4177 πρὸς
1670 4101 1968 4178 Ἐφεσίους.

325 4215 349 4240 ‹ι
397 4190 491 4253 Εἷς
540 4190 756 4265 Κύριος,
810 4190 904 4264 μία
952 4190 1157 4256 πίστις,
1205 4187 1260 4244 ἓν
1315 4189 1611 4264 βάπτισμα.
1648 4190 1877 4246 »Πάλιν
1910 4191 1972 4245 τὸ

322 4283 540 4352 Πνεῦμα
590 4278 786 4354 Κύριος
837 4279 1048 4355 λέγεται
1093 4282 1274 4355 σαφῶς
1307 4278 1358 4332 ἐν
1391 4282 1457 4352 τῇ
1496 4274 1676 4352 βίϐλῳ
1705 4282 1812 4333 τῶν
1845 4285 1974 4353 Κρι-

318 4372 451 4437 τῶν,
493 4367 581 4423 ὅτε
618 4370 711 4431 τας
761 4369 1029 4444 ἀριστείας
1081 4371 1190 4441 (22)
1239 4370 1266 4423 ὁ
1316 4368 1559 4442 Σαμψὼν
1610 4367 1804 4437 ἐποίει,
1855 4369 1975 4423 ἐπι-

322 4456 641 4529 σημαίνεται
690 4460 724 4525 ἡ
776 4457 984 4535 Γραφὴ,
1015 4457 1104 4511 xui
1139 4454 1303 4532 λέγει’
1335 4481 1362 4508 ‹‹
1398 4455 1494 4511 Καὶ
1526 4460 1746 4529 Πνεῦμα
1776 4455 1973 4530 Κυρίου

320 4545 384 4599 ἶ)
580 4546 593 4564 ‘
802 4549 813 4564 ‘
963 4546 977 4563 ‘
1007 4543 1029 4564 ”
1468 4540 1493 4560 ”
1619 4567 1630 4577 ·
1693 4544 1705 4563 “
1816 4545 1827 4566 ’

344 4578 354 4614 λ
385 4557 485 4608 .θεν
509 4545 593 4599 ἐπι
620 4550 978 4619 Σαμψων,και
1004 4540 1193 4600 ελαϐεν
1218 4545 1444 4619 σιαγόνα
1465 4566 1708 4614 ονου,κ,αι
1732 4545 1975 4600 ἀπεκτει-

2080 3322 2186 3360 nos
2217 3304 2273 3357 in
2312 3303 2496 3373 vobis,
2524 3304 2596 3358 ad
2624 3304 3025 3360 conﬁrmanda
3050 3309 3224 3361 corda
3248 3315 3452 3376 vestra,
3488 3311 3731 3383 irrepre-

2078 3392 2442 3449 hensibilitcr
2486 3393 2545 3447 in
2593 3393 2902 3449 sanctitate
2960 3398 3095 3451 ante
3127 3395 3306 3452 Deum
3358 3402 3590 3455 Patrem
3622 3416 3734 3456 no-

2081 3487 2291 3547 strum,
2323 3479 2383 3535 in
2415 3481 2662 3535 adventu
2690 3481 2917 3535 Domini
2954 3485 3139 3539 nostri
3165 3485 3303 3541 Jesu
3326 3487 3564 3556 Christi,
3598 3505 3733 3544 cum

2080 3572 2357 3627 omnibus
2388 3570 2609 3625 sanctis
2632 3572 2760 3639 ejus
2783 3572 2846 3625 ³⁸.
2874 3594 2901 3621 ‹‹
2935 3571 3053 3628 Hoc
3075 3578 3269 3628 autem
3302 3574 3428 3630 loco
3450 3576 3734 3632 Dominus

2078 3660 2199 3727 ille,
2231 3663 2331 3730 qui
2363 3660 2681 3714 exuberare
2713 3660 2848 3715 facit
2877 3666 2933 3716 et
2964 3662 3262 3718 abundare
3294 3665 3640 3720 charitatem
3673 3666 3733 3720 in

2080 3748 2348 3813 invicem,
2374 3753 2430 3802 et
2452 3747 2550 3818 qui
2584 3748 2891 3803 conﬁrmat
2913 3752 3087 3804 corda
3118 3752 3172 3805 in
3198 3754 3505 3809 sanctitate
3535 3770 3732 3810 coram

2081 3838 2194 3893 Deo
2224 3838 2282 3891 in
2317 3838 2565 3892 adventu
2600 3837 2827 3892 Domini
2866 3840 3207 3896 nostriJesu
3243 3842 3734 3915 (1hristi,Spiritus

2082 3932 2190 3982 est.
2224 3926 2366 3981 Tres
2397 3926 2575 3997 igitur
2604 3927 3035 3984 dominationes
3080 3929 3137 3983 in
3171 3948 3348 3986 unam
3380 3932 3732 3987 dominatio-

2084 4033 2216 4071 nem
2262 4014 2634 4080 contrahens,
2672 4016 2724 4068 id
2776 4016 3104 4085 conﬁrmat,
3155 4019 3223 4073 ad
3278 4019 3556 4089 Ephesios
3588 4020 3731 4076 scri-

2083 4106 2267 4160 bens:
2303 4126 2331 4153 «
2366 4103 2528 4159 Unus
2577 4104 2884 4172 Dominus,
2941 4123 3058 4161 una
3116 4107 3281 4174 ﬁdes,
3318 4126 3500 4164 unum
3544 4110 3734 4180 bapti-

2084 4211 2213 4249 sma
2234 4194 2297 4247 ³⁷.
2334 4214 2360 4241 ››
2400 4192 2497 4247 Ille
2521 4192 2644 4263 ipse
2670 4208 2901 4247 rursum
2922 4194 3174 4265 Spiritus
3205 4195 3428 4267 liquido
3451 4196 3734 4253 Dominus

2083 4281 2413 4354 appellatur
2440 4280 2498 4335 in
2535 4279 2682 4335 libro
2725 4281 3025 4352 Judicnm,
3062 4284 3159 4338 ubi
3193 4286 3262 4338 de
3304 4286 3476 4340 rebus
3503 4302 3535 4339 ει
3566 4286 3734 4340 Sam-

2085 4387 2227 4426 sone
2261 4371 2484 4425 fortiter
2512 4370 2715 4441 gestis,
2748 4369 2869 4425 haec
2900 4371 2980 4426 ait
3023 4372 3357 4443 Scriptura:
3394 4396 3422 4423 «
3455 4374 3525 4428 Et
3554 4374 3736 4446 Spiri-

2085 4466 2180 4515 tus
2212 4460 2442 4514 Domini
2473 4459 2626 4513 venit
2657 4461 2715 4513 in
2748 4460 3117 4531 Samsonem,
3148 4465 3205 4516 et
3243 4463 3465 4534 accepit
3506 4463 3737 4519 mandi-

2086 4548 2283 4603 bulam
2318 4548 2489 4611 asini,
2522 4553 2578 4601 et
2618 4547 2909 4604 interfecit
2958 4548 3119 4605 mille
3142 4550 3205 4604 ⁸⁸.
3243 4572 3272 4601 ››
3322 4550 3735 4622 Rursumque:

319 4655 376 4689 νε
400 4632 671 4709 χιλίους-η
699 4635 785 4689 καὶ
814 4634 1033 4690 πάλιν-ι
1056 4632 1228 4699 Ἦλθε
1242 4638 1461 4707 Πνεῦμα
1483 4634 1679 4710 Κυρίου
1707 4633 1795 4689 ἐπὶ
1822 4642 1959 4706 Σαμ·

2089 4658 2117 4690 α
2151 4638 2319 4692 Venit
2340 4636 2839 4709 Spiritusl)omini
2862 4637 2918 4692 in
2939 4640 3308 4709 Samsoncm,
3341 4644 3398 4694 et
3428 4610 3742 4712 discerpsit

323 4724 458 4796 ψὼν,
505 4724 593 4778 καὶ
636 4721 951 4800 διεσπάραξε
987 4722 1078 4777 τὸν
1113 4722 1307 4777 λὲοντα
1338 4722 1411 4784 ὡς
1444 4719 1649 4799 ἔριφονο
1685 4748 1713 4775 ››
1747 4724 1837 4777 καὶ
1866 4722 1974 4777 πά-

327 4809 431 4865 λιν*
468 4836 494 4863 ‹‹
548 4812 719 4869 Ἦλθε
750 4818 967 4885 Πνεῦμα
996 4812 1198 4887 Κυρίου
1230 4811 1316 4866 ἐπὶ
1369 4813 1635 4885 Σαμψὼν,
1668 4812 1756 4867 καὶ
1806 4811 1974 4888 ἐπῆρε

323 4902 423 4969 τήν
456 4900 659 4977 πόρταν
690 4909 791 4971 τῆς
818 4903 1106 4971 Γάζης,καὶ
1147 4900 1429 4977 ἀνήνεγκεν
1478 4901 1553 4964 εἰς
1584 4902 1645 4957 τὸ
1677 4897 1803 4979 ὅρος
1837 4904 1972 4977 (23).

2085 4726 2337 4790 leonem,
2370 4725 2537 4796 quasi
2569 4724 2799 4780 haedum
2823 4728 2886 4782 3°.
2947 4749 2973 4776 »
3006 4730 3187 4798 Atque
3221 4728 3469 4783 iterum:
3506 4751 3531 4779 «
3566 4728 3740 4784 Venit

2083 4815 2338 4886 Spiritus
2376 4815 2601 4869 Domini
2634 4816 2692 4869 in
2731 4818 3097 4884 Samsonem,
3131 4821 3188 4871 et
3236 4818 3481 4872 sustulit
3512 4824 3739 4889 portam

2082 4908 2265 4969 Gazaa,
2299 4908 2357 4958 et
2387 4904 2707 4974 asportavit
2738 4903 2793 4957 in
2832 4910 3088 4960 montem
3112 4906 3174 4960 ιο.
3213 4927 3239 4955 ››
3271 4906 3339 4961 Ει
3365 4906 3582 4977 ubique
3603 4922 3737 4977 pro-

398 5046 445 5081 ²⁰
477 5046 623 5101 Psal.
661 5065 722 5111 n,
783 5050 835 5101 6.
915 5048 960 5081 ³ο
992 5048 1141 5101 Psal.
1202 5063 1311 5113 δικ,
1372 5047 1421 5101 1.
1500 5046 1543 5083 δι
1597 5046 1721 5103 Joel
1775 5064 1838 5115 ιι,
1899 5049 1959 5102 28

2079 5089 2091 5102 .
2169 5048 2214 5081 ³³
2274 5047 2441 5101 Rom.
2498 5062 2556 5111 x,
2614 5046 2700 5100 14.
2778 5047 2822 5081 ³³
2874 5048 2919 5102 ΙΙ
2978 5049 3106 5103 Cor.
3141 5064 3223 5115 In,
3262 5049 3344 5103 l6.
3422 5050 3471 5092 δι
3526 5048 3575 5102 Π
3605 5047 3745 5107 Cor.

328 5119 531 5183 111,18.
610 5119 655 5152 ³⁵
684 5120 735 5172 lI
795 5119 1002 5174 Thess.
1062 5136 1147 5186 III,
1179 5120 1233 5172 5.
1311 5119 1409 5173 ³⁸1
1464 5119 1669 5175 Thess.
1731 5121 1936 5189 1Π,12,
2001 5120 2087 5179 13.
2162 5119 2204 5154 ⁸7
2242 5120 2450 5190 Ephes.
2508 5135 2583 5188 ιν,
2615 5119 2669 5173 5.
2747 5118 2790 5153 ⁸⁸
2819 5118 3011 5176 Judic.
3059 5137 3153 5191 xv,
3184 5121 3274 5187 14,
3308 5121 3396 5176 15.
3471 5118 3518 5155 ⁸⁹
3542 5119 3740 5184 Judic.

326 5206 437 5255 xrv,
471 5191 522 5244 6.
602 5191 646 5224 ⁴⁰
674 5191 866 5258 Judic,
897 5208 1009 5261 xvr,
1047 5192 1099 5245 3.

399 5334 511 5405 (18)
546 5333 758 5407 Κύριον,
812 5338 976 5392 deest
1024 5336 1080 5391 in
1140 5333 1479 5409 Anglicano,
1525 5352 1631 5391 nec
1688 5353 1722 5393 ει
1753 5335 1980 5395 Nannio

329 5404 546 5460 lectum
580 5404 686 5463 eet.

332 5548 359 5601 Θ
404 5478 513 5562 t1?)
579 5479 941 5550 Basiliensis,
1000 5475 1328 5541 κατευθύνει.
1390 5479 1731 5549 Vaticanus,
1793 5498 1981 5534 κατευ-

364 5567 499 5601 υνει.

364 5567 499 5602 υνει.

404 5621 722 5695 (20)_Basi1.
771 5619 1087 5695 πλεονάσαι.
1119 5621 1290 5695 Angl.
1350 5625 1407 5679 et
1434 5621 1723 5694 Vatican.,
1754 5619 1983 5679 πλεονά-

336 5690 421 5745 σει
444 5690 535 5747 καὶ
564 5692 920 5769 περισσεύσει.

2163 5336 2277 5407 (21)
2310 5335 2370 5388 In
2420 5334 2643 5404 Anglic.
2699 5339 2850 5405 post,
2888 5333 3022 5405 μετὰ
3076 5332 3314 5402 πάντων,
3364 5335 3580 5393 desunt
3618 5350 3744 5408 quae

2093 5411 2419 5478 sequuntur
2444 5421 2635 5479 usque
2668 5408 2741 5479 ad
2770 5408 2946 5479 Ἰησοῦ
2984 5407 3238 5479 Χριστοῦ.

2186 5482 2279 5552 22)
2308 5476 2588 5552 ﬁngiican
2602 5494 2688 5547 us,
2720 5476 2985 5552 dipteri“.

2184 5551 2273 5618 23)
2308 5546 2765 5619 Hic’Scripturae'
2782 5550 2945 5605 locus
2993 5562 3112 5603 non
3142 5547 3213 5603 ad
3238 5546 3507 5620 verbum,
3537 5548 3641 5609 sed
3672 5548 3744 5605 ad

2091 5621 2447 5679 sententiam
2482 5620 2739 5679 affertur.
