4136 6372
394 315 472 375 33
1578 300 1644 361 S.
1693 297 2226 361 ATHANASIUS.
2258 328 2335 346 -
2364 300 2631 363 DUBIA.
3734 303 3814 363 36

393 444 662 517 greditur
690 439 944 513 Spiritus
975 436 1227 495 Domini.
1266 433 1370 492 Ubi
1401 436 1594 489 autem
1647 432 1899 488 abrasus
1927 434 2039 499 est,

392 538 704 607 postquam
739 528 1014 602 mysteria
1043 526 1143 583 Dei
1174 523 1368 580 Dalilae
1402 522 1755 595 aperuisset,
1786 521 1867 575 ait
1895 519 2052 575 Scri-

393 628 605 695 ptura:
645 640 675 671 α
706 618 773 673 Et
801 617 1046 673 recessit.
1074 633 1107 670 a
1138 614 1423 670 Samsone
1471 609 1756 666 Dominus
1777 610 1844 663 ⁴¹.
1880 630 1907 657 ›ι
1942 607 2049 663 De-

393 713 790 766 monstratum
820 706 1019 777 itaque
1054 705 1178 775 jam
1215 708 1323 765 est,
1357 700 1641 771 Spiritum
1694 713 1822 754 esse
1855 696 2052 752 Domi-

394 816 538 855 num
569 814 582 854 :
618 797 775 869 quod
809 794 858 851 si
889 794 1198 856 Dominus,
1232 789 1401 862 plane
1434 793 1581 843 Deus
1614 792 1742 843 est:
1782 807 1807 839 ε
1836 788 2053 840 Scitote

394 887 576 953 enim,
608 885 817 956 inquit,
851 882 1129 954 quoniam
1164 878 1444 934 Dominus
1473 877 1596 948 ipse
1627 881 1715 932 est
1744 875 1901 931 Deus
1930 875 1994 927 ⁴².
2018 892 2045 924 s

395 977 467 1032 Et
492 993 551 1031 :«
568 974 809 1041 Quando
827 972 1265 1027 aadificaverunt
1287 967 1386 1022 lilii
1410 966 1529 1022 Gad
1552 965 1735 1021 altare
1758 964 1827 1019 ad
1851 962 2054 1019 Jorda-

396 1080 555 1134 nem,
588 1069 646 1116 et
672 1061 963 1117 miserunt
984 1058 1085 1113 filii
1114 1055 1293 1113 Israel
1318 1055 1389 1110 ad
1409 1053 1798 1121 eos,dicentes
1821 1068 1834 1104 :
1863 1051 2053 1116 Quare

399 1152 543 1209 estis
593 1149 1061 1224 pravaricatores
1110 1145 1209 1202 Dei
1252 1143 1441 1200 facti?
1489 1142 1919 1214 responderunt
1948 1154 2052 1211 pro

399 1240 776 1299 excusatione
809 1238 912 1293 ﬁlii
965 1237 1169 1292 Ruben
1215 1232 1469 1290 tribunis
1522 1230 1716 1300 Israel,
1751 1230 2050 1285 dicentes:

400 1335 553 1386 Deus
582 1335 732 1385 Deus
761 1332 851 1383 est
882 1324 1183 1389 Dominus,
1215 1327 1274 1378 et
1305 1323 1455 1378 Deus
1488 1319 1769 1375 Dominus
1792 1318 1917 1387 ipse
1946 1332 2052 1372 no-

398 1419 483 1476 vit
502 1419 565 1487 ω,
595 1439 626 1468 ››
647 1423 753 1472 etc.
788 1414 943 1470 Alibi
966 1429 1204 1470 rursum
1236 1410 1454 1467 Paulus
1483 1426 1497 1464 :
1526 1431 1547 1458 ε
1579 1406 1860 1478 Deus,qui
1883 1405 2050 1475 dixit,

401 1513 468 1565 ut
494 1526 563 1565 ex
590 1507 848 1564 tenebris
878 1505 978 1561 lux
1006 1499 1525 1572 illucesceret,'qui
1556 1497 1747 1553 illuxit
1777 1497 1836 1551 in
1862 1496 2052 1551 cordi-

400 1600 513 1655 bus
546 1595 782 1662 nostris,
817 1594 891 1651 ad
938 1591 1433 1649 illuminationem
1474 1587 1826 1660 cognitionis
1857 1584 2054 1657 gloria

400 1689 523 1756 Dei,
557 1689 617 1743 in
648 1685 792 1741 facie
821 1684 1036 1740 Christi
1074 1684 1137 1737 “.
1178 1705 1198 1731 ι
1236 1681 1387 1737 Deus
1433 1679 1632 1752 igitur,
1664 1676 1762 1747 qui
1793 1676 1957 1742 dixit,
1993 1679 2059 1731 ut

401 1777 503 1833 lux
532 1776 591 1832 in
622 1774 880 1832 tenebris
902 1772 1287 1837 illucesceret,
1317 1766 1571 1840 Spiritus
1601 1772 1709 1822 est.
1733 1768 1812 1820 Ac
1837 1766 2053 1819 iterum

402 1866 569 1937 ipse:
606 1887 634 1916 «
667 1868 816 1919 Deus
844 1866 1038 1918 autem
1097 1857 1389 1931 patientiae
1433 1860 1491 1913 et
1539 1854 1729 1911 solatii
1763 1855 1861 1909 det
1892 1852 2057 1909 vobis

401 1954 665 2027 idipsum
689 1968 893 2024 sapere
910 1949 1235 2006 secundum
1253 1946 1455 2003 Jesum
1477 1944 1774 2001 Christum
1801 1946 1895 2011 ;ut
1916 1957 2058 1997 una-

406 2044 594 2101 nimes
626 2059 742 2098 uno
772 2057 892 2108 ore,
929 2038 1327 2113 glurificemus
1363 2037 1564 2100 Deum,
1594 2038 1654 2090 et
1683 2033 1914 2088 Patrem
1946 2030 2055 2086 Do-

405 2133 550 2190 mini
574 2130 759 2187 ncstri
780 2131 915 2184 Jesu
934 2127 1151 2183 Christi
1168 2127 1233 2181 ‘5.
1265 2148 1293 2175 »
1316 2125 1457 2191 Quis
1480 2123 1658 2194 igitur
1676 2126 1768 2177 est
1788 2121 1942 2176 Deus
1964 2136 2058 2192 pa-

401 2220 621 2278 tientia
650 2224 708 2275 et
737 2217 948 2287 solatii,
981 2216 1082 2289 qui
1107 2216 1209 2271 dat
1238 2214 1407 2270 nobis
1438 2213 1696 2285 idipsum
1716 2212 1935 2266 sentire
1966 2224 2056 2264 se-

407 2310 668 2366 cundum
698 2306 997 2365 Christum
1029 2305 1254 2371 Jesum,
1286 2309 1351 2358 ut
1383 2300 1740 2358 unanimiter
1769 2298 2057 2372 glorifice-

407 2415 541 2456 mus
572 2397 783 2462 Deum,
815 2411 882 2451 ac
912 2399 1146 2450 Patrem
1173 2391 1400 2448 Domini
1433 2390 1617 2446 nostri
1646 2389 1782 2445 Jesu
1806 2386 2060 2442 Christi?

407 2504 651 2561 prorsus
681 2485 779 2540 ille
809 2489 901 2541 est
944 2483 1201 2556 Spiritus
1250 2485 1511 2537 sanctus.
1546 2484 1613 2533 Et
1641 2493 1902 2533 rursum.
1939 2497 1966 2526 ι(
1998 2473 2061 2530 Si

406 2581 605 2632 autem
634 2590 840 2631 omnes
872 2572 1240 2645 prophetent,
1266 2570 1445 2624 intret
1474 2571 1668 2624 autem
1692 2565 1823 2637 quis
1852 2564 2060 2620 inﬁde-

408 2664 504 2734 lis,
537 2664 621 2719 vel
656 2663 859 2727 idiota,
892 2658 1266 2732 redarguitur
1295 2658 1369 2714 ab
1417 2655 1732 2712 omnibus:
1764 2657 1822 2709 et
1850 2652 1933 2708 ita
1961 2667 2063 2708 oc-

408 2752 566 2809 culta
595 2751 791 2807 cordis
837 2749 1002 2805 illius
1055 2747 1369 2803 manifesta
1406 2746 1594 2801 fiunt:
1641 2748 1699 2799 et
1738 2743 1820 2798 ita
1847 2742 2061 2798 cadens

406 2842 467 2897 in
498 2840 716 2897 faciem
764 2838 1033 2895 adorabit
1075 2836 1282 2905 Deum,
1311 2835 1715 2906 pronuntians,
1745 2832 1895 2902 quod
1927 2845 2061 2886 vere

411 2931 566 2986 Deus
599 2928 660 2984 in
691 2927 858 2983 vobis
915 2927 994 2981 sit
1023 2925 1087 2980 “.
1124 2945 1153 2974 »
1185 2923 1365 2979 Deum
1416 2939 1552 2995 ergo
1583 2922 1746 2991 dixit,
1775 2921 2059 2993 Spiritum

412 3026 709 3083 sanctum,
736 3016 1072 3086 loquentem
1098 3015 1154 3069 in
1180 3012 1316 3068 illis.
1348 3018 1428 3068 Ac
1449 3014 1659 3067 iterum
1686 3028 1699 3066 :
1730 3030 1752 3059 ι
1787 3009 2057 3077 Nescitis,

414 3109 556 3181 quia
579 3104 867 3179 templum
901 3104 1001 3160 Dei
1041 3104 1205 3170 estis,
1237 3109 1292 3158 et
1332 3101 1587 3174 Spiritus
1621 3100 1716 3156 Dei
1748 3100 1969 3155 habitat
1997 3096 2059 3152 in

2157 430 2256 483 Καὶ
2308 429 2482 500 πάντη
2544 429 2891 507 ικπορεύεται
2952 433 3012 487 τὸ
3068 437 3287 503 Πνεῦμα
3319 433 3540 507 Κυρίου.
3577 433 3702 490 Ὀτε
3754 429 3814 487 δὶ

2161 517 2415 593 ἒξυρήϐη,
2447 521 2513 574 τὰ
2545 524 2817 597 μυστήρια
2847 526 2943 576 τοῦ
2976 526 3108 577 Θεοῦ
3159 524 3422 595 ἀναφένας
3468 526 3537 595 τῇ
3584 518 3811 593 Δαλιδᾷ,

2162 604 2326 682 λέγει·
2361 632 2389 658 ‹‹
2426 608 2526 665 Καὶ
2557 609 2763 678 ἀπέστη
2788 609 2893 665 ἀπὸ
2919 611 3154 683 Σαμψὼν
3181 611 3209 665 6
3232 610 3448 684 Κύριος.
3466 634 3494 663 n
3527 613 3687 665 ’Ὡστε
3717 610 3810 663 οὖν

2161 696 2555 773 πεφανέρωται,
2617 698 2699 754 ὅτι
2758 700 2821 754 τὸ
2881 704 3097 771 Πνεῦμα
3156 698 3368 775 Κύριος
3429 699 3477 753 εἴ
3507 696 3563 754 δὶ
3595 698 3811 773 Κύριος,

2159 790 2445 861 πανταχοῦ
2503 789 2616 859 (24)
2645 788 2736 842 καὶ
2765 789 2917 851 Θεὸς’
2956 813 2984 840 ι(
3020 792 3193 843 Γνῶτε
3222 790 3347 864 γὰρ,
3384 813 3411 839 ››
3451 788 3634 865 φησὶν,
3666 812 3694 839 ι(
3728 788 3814 843 ὅτι

2163 873 2364 948 Κύριος
2395 874 2554 939 αὐτός
2587 878 2728 933 ἑστιν
2762 880 2790 933 6
2823 878 2975 945 Θεὸς,
3012 903 3038 929 ι)
3075 879 3170 933 Καὶ
3202 904 3229 929 ι(
3280 883 3405 933 "Ovs
3450 874 3813 951 ᾠκοδόμησαν

2163 965 2215 1017 οὶ
2245 964 2353 1019 υἱοῖ
2388 963 2491 1021 Γὰδ
2525 970 2906 1040 θυσιαστήριον
2957 966 3042 1023 ἐπὶ
3071 973 3168 1022 τοῦ
3218 965 3512 1042 Ἰορδάνου,
3570 968 3660 1023 καὶ
3712 969 3815 1023 ἀπ’

2163 1051 2404 1107 ἐστειλαν
2460 1055 2513 1108 oi
2563 1057 2672 1110 υἱοὶ
2714 1057 2932 1131 Ἰσραὴλ
2984 1058 3120 1133 πρὸς
3153 1057 3368 1130 αὐτοὺς,
3403 1055 3677 1132 λέγοντες⁸
3717 1060 3816 1113 Διὰ

2160 1141 2210 1197 τί
2243 1143 2537 1199 ἀποστάται
2563 1146 2818 1220 γεγόνατε
2847 1151 2944 1201 τοῦ
2975 1151 3147 1215 Θεοῦ;
3194 1147 3555 1222 ἀπεκρίθησαν
3601 1145 3814 1203 ἀπολο-

2159 1230 2421 1307 γούμενοι
2453 1233 2562 1288 υἱοὶ
2593 1230 2823 1308 Ῥουϐὶμ
2852 1240 2967 1307 (25)
2994 1241 3110 1299 τοῖς
3132 1234 3457 1312 χιλιάρχοις
3477 1233 3818 1312 Ἰσραὴλ,λί-

2160 1340 2369 1395 γοντες’
2419 1324 2477 1377 Ὀ
2525 1323 2657 1386 Θεός
2705 1325 2734 1379 6
2773 1325 2902 1380 Θεός
2930 1325 3039 1380 ἐστι
3074 1326 3291 1398 Κύριοςο
3324 1324 3414 1379 καὶ
3448 1326 3577 1386 Θεὸς
3610 1325 3814 1400 Κύριος

2161 1410 2320 1472 αὐτὸς
2367 1409 2502 1481 οἶδε,
2538 1436 2566 1464 ››
2597 1412 2686 1467 καὶ
2715 1414 2783 1469 τὰ
2811 1415 2955 1485 ἑξῆς.
2989 1414 3085 1469 Καὶ
3116 1410 3377 1490 ἀλλαχοῦ
3408 1414 3573 1470 πάλιν
3606 1415 3635 1469 6
3666 1418 3810 1470 Παῦ-

2163 1497 2279 1562 λος’
2312 1524 2339 1551 ‹‹
2374 1502 2430 1555 Ὁ
2462 1502 2613 1568 Θεὸς,
2646 1503 2675 1557 6
2706 1502 2893 1573 εἰπὼν,
2925 1502 2984 1557 ἐκ
3020 1503 3247 1566 σκότους
3291 1508 3406 1580 φῶς
3458 1501 3696 1577 λάμψαι,
3748 1502 3809 1567 ὃς

2163 1583 2404 1664 ἔλαμψεν
2454 1589 2507 1645 ἐν
2553 1597 2670 1654 ταῖς
2713 1589 2959 1667 καρδίαις
3001 1596 3180 1666 ἡμῶν,
3213 1593 3351 1669 πρὸς
3382 1592 3665 1671 φωτισμὸν
3709 1599 3810 1664 τῆς

2162 1681 2413 1755 γνώσεως
2440 1688 2543 1750 τῆς
2575 1679 2734 1752 δόξης
2764 1686 2862 1737 τοῦ
2893 1687 3048 1754 Θεοῦ,
3081 1682 3131 1738 ἐν
3164 1684 3448 1756 προσώπῳ
3496 1686 3747 1758 Χριστοῦ.
3783 1706 3812 1734 η

2163 1771 2221 1825 Ὀ
2286 1768 2377 1824 οῦν
2435 1771 2582 1842 Θεὸς,
2644 1778 2671 1824 6
2704 1772 2869 1825 εἰπὼν
2912 1772 2973 1826 ἐκ
3022 1771 3249 1834 σκότους
3299 1777 3413 1850 φῶς
3466 1770 3704 1845 λάμψαι,
3750 1772 3813 1827 τὸ

2166 1860 2382 1932 Πνεῦμά
2441 1858 2572 1916 ἔστι.
2625 1860 2723 1915 Καὶ
2771 1858 2934 1913 πάλιν
2983 1861 3011 1914 6
3063 1860 3249 1922 αὐτός.
3313 1885 3341 1911 α
3391 1865 3445 1914 '0
3477 1857 3534 1915 δὲ
3561 1862 3689 1922 Θεὸς
3716 1863 3815 1929 τῆς

2166 1950 2450 2021 ὑπομονῆς
2475 1948 2685 2017 καὶτῆς
2707 1949 3103 2023 παρακλήσεως
3126 1947 3241 2021 δῴη
3268 1949 3396 2021 ὑμῖν
3428 1950 3490 2003 τὸ
3520 1948 3650 2004 αὐτὸ
3681 1969 3813 2026 φρο-

2164 2044 2272 2094 νεῖν
2330 2038 2465 2093 κατὰ
2507 2038 2735 2112 Χριστὸν
2791 2040 3023 2107 Ἰησοῦν
3063 2037 3157 2094 ἵνα
3218 2036 3570 2111 ὁμοθυμαδὸν
3623 2037 3674 2093 ἐν
3736 2038 3815 2093 ἑνὶ

2165 2128 2395 2200 στόματι
2423 2129 2537 2199 (26)
2569 2124 2876 2198 δοξάζωμεν
2906 2127 2998 2182 τὸν
3030 2127 3182 2195 Θεὸν,
3214 2128 3304 2181 καὶ
3336 2128 3547 2201 Πατᾷρα
3574 2131 3671 2182 τοῦ
3712 2133 3816 2181 Κυ-

2167 2216 2285 2293 ρίου
2343 2217 2502 2288 ἡμῶν
2562 2216 2745 2283 Ἰησοῦ
2802 2219 3051 2290 Χριστοῦ.
3118 2239 3145 2265 ››
3203 2215 3292 2277 Τίς
3325 2215 3417 2269 οὗν
3454 2214 3592 2269 ἐστιν
3628 2216 3813 2277 ὸΘεὸς

2164 2311 2262 2374 τῆς
2321 2304 2605 2376 ὑπομονῆς
2648 2303 2738 2358 καὶ
2779 2310 2879 2373 τῆς
2930 2303 3353 2379 παρακλήσεως,
3403 2305 3431 2358 6
3463 2301 3647 2366 διδοὺς
3679 2306 3816 2376 ἡμῖν

2165 2393 2229 2448 τὸ
2259 2392 2389 2447 αὐτὸ
2436 2397 2651 2469 φρονεῖν
2697 2392 2833 2447 κατὰ
2878 2393 3106 2467 Χριστὸν
3157 2393 3367 2462 Ἰησοῦν
3416 2390 3507 2446 ἵνα
3538 2395 3818 2466 ὁμοθυμα-

2170 2480 2261 2537 δὸν
2303 2479 2610 2553 δοξάζωμεν
2640 2482 2732 2537 τὸν
2765 2482 2914 2548 Θεὸν,
2944 2482 3033 2536 καὶ
3060 2480 3268 2553 Πατέρα
3294 2486 3392 2536 τοῦ
3426 2481 3624 2556 Κυρίου
3654 2484 3815 2553 ἡμῶν

2171 2573 2355 2642 Ἰησοῦ
2384 2574 2655 2645 Χριστοῦς
2686 2572 2895 2633 πάντως
2925 2572 2986 2625 τὸ
3019 2576 3235 2643 Πνεῦμα
3263 2571 3325 2625 τὸ
3356 2570 3530 2646 ἆγιον.
3584 2570 3681 2626 Καὶ
3712 2572 3818 2625 πά-

2172 2679 2280 2718 Λιν.
2310 2685 2339 2712 ι(
2386 2660 2505 2714 Ἐὰν
2555 2656 2611 2714 δὲ
2659 2661 2853 2722 πάντες
2903 2659 3338 2738 προφητεύωσιν,
3386 2659 3599 2733 εῗσὲλθῃ
3649 2657 3706 2715 δέ
3730 2679 3814 2721 τις

2169 2747 2414 2811 ἄπιστος.
2444 2751 2479 2819 ἢ
2517 2747 2763 2820 ἰδιώτης,
2795 2748 3084 2825 ἇλὲγχεται
3119 2750 3221 2804 ὑπὸ
3243 2751 3482 2804 πάντωνο
3517 2749 3605 2802 καὶ
3638 2745 3811 2811 οὕτως

2166 2839 2232 2893 τὰ
2278 2838 2491 2913 κρυπτὰ
2559 2845 2658 2907 τῆς
2708 2838 2931 2913 καρδίας
2983 2836 3147 2891 αὐτοῦ
3196 2837 3393 2913 φανερά
3445 2836 3667 2910 γίνεται·
3725 2836 3817 2891 καί

2167 2927 2364 2996 οὕτως,
2423 2926 2601 2982 πεσὼν
2657 2925 2742 2980 ἐπὶ
2792 2925 3110 2999 πρόσωπον,
3160 2926 3521 2999 προσκυνήσει
3570 2929 3647 2995 τῷ
3675 2928 3818 2996 Θεῷ,

2167 3014 2551 3093 ἀπαγγέλλων,
2585 3014 2667 3070 δτι
2699 3010 2870 3076 ὅντως
2895 3015 2923 3067 6
2945 3015 3074 3074 Θεὸς
3097 3013 3148 3068 ἐν
3185 3012 3312 3086 tua.
3340 3012 3467 3067 ἐστι.
3507 3039 3527 3063 ε
3564 3014 3691 3068 Θεὸν
3724 3010 3814 3068 οῦν

2169 3105 2288 3159 εἶπε
2331 3105 2394 3159 τὸ
2447 3101 2667 3175 Πνεῦμα
2712 3103 2776 3157 τὸ
2826 3104 3003 3177 ἅγιον,
3056 3103 3117 3157 τὸ
3150 3102 3350 3157 λαλοῦν
3382 3101 3433 3156 ἐν
3467 3100 3672 3164 αὐτοῖς.
3710 3101 3813 3159 Καὶ

410 3198 580 3254 vobis
600 3198 643 3232 ‘7
667 3196 696 3251 ?
727 3216 756 3245 »
788 3193 1011 3258 Quibus
1038 3192 1230 3248 verbis
1275 3190 1591 3246 declaravit
1621 3206 1727 3245 nos
1755 3203 1884 3244 esse
1910 3194 2057 3243 tem-

2171 3191 2356 3249 πάλιν.
2389 3217 2417 3244 ιι
2451 3191 2561 3245 Οὐκ
2586 3189 2785 3260 οἴδατε,
2819 3191 2901 3246 ὅτι
2923 3192 3049 3253 ναὸς
3071 3196 3203 3247 Θεοῦ
3225 3190 3359 3259 ἐστε,
3382 3191 3471 3245 καὶ
3502 3192 3564 3245 τὸ
3599 3194 3817 3262 Πνεῦμα

404 3285 572 3361 plum
608 3284 704 3342 Dei
730 3301 745 3352 ;
780 3283 877 3339 ubi
908 3299 1041 3338 vero
1072 3290 1157 3337 est
1182 3279 1494 3352 templum,
1524 3279 1603 3334 ibi
1638 3284 1694 3334 et
1714 3278 1889 3345 Deus,
1921 3274 2058 3331 etin

407 3392 475 3432 eo
504 3375 762 3448 Spiritus
794 3370 1041 3437 habitat,
1087 3375 1155 3426 ut
1200 3369 1257 3424 in
1292 3385 1399 3425 suo
1440 3367 1697 3440 templo;
1747 3365 1831 3421 ait
1861 3364 2058 3420 enim:

404 3485 435 3515 α
469 3472 557 3519 An
588 3462 852 3527 nescitis,
902 3461 1055 3530 quod
1109 3474 1352 3530 corpora
1399 3462 1594 3512 vestra
1622 3454 1911 3526 templum
1942 3455 2063 3508 sint

405 3552 661 3625 Spiritus
690 3550 903 3620 sancti,
953 3563 1128 3622 quem
1175 3547 1401 3603 habetis
1450 3564 1484 3601 a
1522 3545 1678 3601 Deo?
1730 3542 2062 3600 Gloriftcate

403 3641 589 3715 igitur
620 3641 803 3696 Deum
836 3639 1199 3694 habitantem
1229 3636 1288 3692 in
1321 3637 1486 3692 vobis
1509 3636 1575 3690 ⁴⁸.
1612 3657 1640 3685 »
1671 3634 1831 3698 Quod
1861 3634 1909 3689 si
1942 3648 2058 3688 non

407 3729 704 3802 gloriﬁcas
727 3728 1087 3784 habitantem
1103 3726 1117 3780 i
1128 3743 1161 3780 ιι
1186 3730 1319 3781 teut
1340 3726 1542 3795 Deum,
1566 3725 1753 3779 factus
1767 3740 1829 3779 es
1857 3724 2057 3776 fanum

316 3823 323 3831 ’
403 3817 737 3886 idolorum;
772 3819 853 3873 ait
881 3815 1036 3871 enim
1067 3831 1080 3869 :
1116 3836 1144 3865 ‹‹
1181 3814 1448 3879 Nescitis,
1472 3813 1612 3885 quia
1638 3810 1923 3884 templum
1958 3808 2060 3865 Dei

405 3908 450 3966 ὕ
487 3907 649 3975 estis‘,
701 3911 759 3963 et
818 3905 1073 3978 Spiritus
1121 3904 1223 3960 Dei
1283 3903 1511 3959 habitat
1541 3904 1599 3957 in
1659 3903 1823 3958 vobis
1852 3902 1948 3956 "P
1993 3901 2063 3956 Et

405 3996 547 4053 alibi
578 3995 699 4052 ait:
734 4017 762 4045 (ι
795 3995 997 4065 Hodie,
1032 3994 1081 4050 si
1113 4009 1312 4049 vocem
1342 3993 1470 4063 ejus
1501 3990 1826 4056 audieritis,
1859 4006 1931 4045 ne
1963 3992 2063 4046 ob-

406 4084 634 4141 duretis
665 4085 844 4140 corda
870 4087 1084 4147 vestra,
1117 4082 1270 4138 sicut
1298 4080 1357 4135 in
1381 4080 1822 4137 exacerbatione
1852 4096 2063 4135 secun-

408 4174 551 4229 dum
583 4173 739 4229 diem
772 4170 1116 4228 tentationis
1164 4171 1222 4225 in
1254 4171 1506 4240 deserto,
1558 4169 1656 4224 ubi
1693 4173 2063 4225 tentaverunt

407 4276 501 4317 me
556 4265 755 4333 patres
810 4259 1007 4328 vestri,
1066 4259 1461 4331 probaverunt
1518 4273 1632 4323 me,
1691 4261 1748 4313 et
1788 4257 2062 4313 viderunt

404 4365 583 4421 opera
612 4365 744 4404 mea
776 4347 1165 4419 quadraginta
1193 4345 1365 4403 annis
1385 4347 1449 4402 ⁵ο.
1486 4367 1515 4395 ››
1547 4345 1679 4401 Haac
1708 4351 1902 4401 autem
1934 4346 2061 4419 Spi-

404 4438 557 4494 ritus
589 4441 829 4494 sanctus
860 4437 1118 4509 proferre
1148 4436 1384 4502 dicitur,
1416 4450 1674 4506 namque
1704 4435 1786 4490 ait
1814 4438 2060 4508 Aposto-

2166 3285 2267 3337 τοῦ
2292 3285 2426 3337 Θεοῦ
2449 3281 2589 3336 οἰκεῖ
2617 3280 2667 3335 ἐν
2696 3281 2821 3353 ὑμῖν
2854 3298 2867 3349 ;
2895 3307 2916 3334 ι
2944 3278 3175 3352 ’Ἐδειξεν
3208 3280 3291 3335 δτι
3320 3282 3446 3342 ναὸς
3476 3279 3609 3335 Θεοῦ
3637 3278 3818 3352 ἰσμεν.

2169 3372 2309 3426 ἅπου
2344 3368 2401 3425 δὲ
2429 3370 2575 3439 ναὸς,
2601 3368 2712 3425 ἐκεῖ
2740 3370 2957 3431 Θεόςοτὸ
2975 3368 3032 3425 δὶ
3064 3374 3279 3442 Πνεῦμα
3308 3369 3467 3426 οἰκεῖ.
3504 3369 3580 3431 ὡς
3612 3368 3662 3423 ἐν
3700 3366 3820 3442 ἰδίῳ

2167 3463 2299 3530 ναῷ·
2333 3458 2476 3529 Φησὶ
2507 3458 2627 3534 γάρ·
2653 3482 2680 3506 α
2708 3458 2822 3514 Οὐκ
2843 3455 3133 3527 οἷ’δατε,ὅτι
3163 3459 3230 3511 τὰ
3252 3458 3479 3529 σώματα
3512 3457 3664 3529 ὑμῶν
3694 3457 3822 3519 ναὸς

2168 3552 2263 3602 τοῦ
2296 3546 2349 3602 ἐν
2382 3546 2509 3620 ὑμῖν
2544 3554 2701 3622 ἀγιου
2732 3543 3041 3619 Πνεύματός
3072 3546 3234 3614 ἐστιν,
3276 3545 3337 3601 οῦ
3368 3545 3522 3622 ἔχετε
3551 3546 3657 3601 ἀπὸ
3689 3548 3823 3602 Θεοῦ

2170 3639 2281 3709 (27)
2310 3656 2323 3705 ;
2357 3636 2620 3707 Δοξάσατε
2642 3636 2733 3690 οῦν
2763 3638 2854 3691 τὸν
2884 3637 3012 3691 Θεὸν
3048 3634 3354 3690 ἐνοικοῦντα
3404 3635 3456 3691 ἐν
3483 3635 3631 3707 ὖμῖν.
3690 3659 3717 3686 ››
3764 3640 3823 3691 Et

2170 3723 2228 3781 δὲ
2250 3725 2311 3781 οὐ
2335 3723 2573 3798 δοξάζεις
2605 3726 2694 3780 τὸν
2721 3724 3026 3780 ἐνοικοῦντα
3051 3723 3102 3779 ἐν
3133 3723 3219 3779 cui
3247 3724 3320 3785 ὡς
3341 3724 3684 3798 Θεὸν,ἐγένου
3701 3724 3827 3785 ναὸς

2169 3812 2439 3870 εἰδώλων.
2475 3816 2630 3891 Λέγει
2660 3814 2782 3888 γὰρ·
2818 3840 2845 3866 ‹‹
2880 3813 2991 3868 Οὐκ
3021 3811 3222 3881 οἷ’δατε,
3256 3814 3341 3868 ὅτι
3369 3813 3495 3875 ναὸς
3528 3818 3665 3868 Θεοῦ
3688 3812 3823 3885 ἐστε,

2168 3902 2257 3956 καὶ
2287 3901 2351 3955 τὸ
2384 3906 2603 3973 Πνεῦμα
2635 3906 2727 3955 τοῦ
2754 3905 2888 3956 Θεοῦ
2922 3900 3063 3955 οἰκεῖ
3096 3900 3147 3956 ἐν
3184 3902 3346 3974 ὁμῑν;
3384 3924 3411 3950 ››
3444 3898 3542 3954 Καί
3571 3897 3826 3977 ἀλλαχοῦ

2171 3988 2341 4065 λέγει’
2397 4013 2424 4043 ι(
2458 3992 2710 4064 Σήμερον
2753 3989 2838 4045 ἐὰν
2868 3996 2968 4059 τῆς
2997 3993 3177 4068 φωνῆς
3208 3988 3371 4044 αὑτοῦ
3402 3988 3690 4059 ἀκούσητε,
3746 3988 3821 4063 μὴ

2168 4078 2515 4154 σκληρύνητε
2570 4081 2666 4141 τὰς
2714 4077 2938 4155 καρδίας
2992 4080 3167 4153 ὑμῶν,
3230 4079 3306 4141 ὡς
3356 4079 3409 4133 ὲν
3449 4079 3529 4150 τῷ
3586 4098 3824 4154 παραπι-

2168 4173 2418 4246 κρασμῷ,
2476 4169 2612 4223 κατὰ
2665 4169 2764 4237 τὴν
2830 4170 3042 4243 ἡμέραν
3107 4173 3204 4223 τοῦ
3261 4172 3567 4243 πειρασμοῦ
3636 4166 3689 4222 ἐν
3756 4171 3825 4242 τῇ

2169 4256 2382 4334 ἐρήμῳ,
2438 4258 2501 4313 οὗ
2558 4257 2840 4333 ἐπείρασαν
2887 4278 2953 4330 με
2984 4258 3036 4312 oi
3068 4258 3292 4334 πατέρες
3326 4257 3500 4331 ὑμῶν*
3557 4253 3817 4330 ἐδοκίμα-

2171 4346 2265 4401 σάν
2327 4368 2414 4420 με,
2473 4347 2564 4401 καὶ
2608 4344 2752 4401 εἶδον
2978 4347 3047 4402 τὰ
3100 4345 3231 4423 ἔργα
3293 4367 3397 4421 μου
3428 4347 3825 4422 τεσσαράκοντα

2172 4430 2289 4506 ἔτη.
2324 4459 2352 4488 ››
2380 4436 2458 4493 Τὸ
2490 4433 2547 4491 δὲ
2581 4440 2799 4508 Πνεῦμα
2853 4437 2915 4491 τὸ
2964 4433 3117 4512 ἅγιον
3164 4434 3381 4511 λέγεται
3420 4435 3587 4490 εἰπεῖν
3618 4438 3784 4490 ταῦτα
3809 4454 3822 4467 ·

403 4525 501 4616 lus
527 4545 540 4583 :
575 4548 603 4616 ιι
635 4528 1002 4599 Quapropter
1022 4525 1177 4582 sicut
1197 4525 1339 4581 dicit
1365 4524 1621 4597 Spiritus
1653 4530 1916 4592 sanctus,
1951 4525 2057 4581 Ho-

2172 4524 2305 4616 φησξ
2332 4526 2435 4601 γὰρ
2468 4525 2496 4579 ὁ
2526 4523 2887 4587 Ἀπόστολος·
2923 4547 2953 4577 ‹‹
3002 4525 3096 4579 Διὸ
3126 4526 3304 4587 καθὼς
3337 4523 3486 4599 λέγει
3516 4525 3579 4579 τὸ
3614 4528 3834 4597 Πνεῦμα

402 4614 518 4683 die,
554 4614 603 4671 si
635 4631 836 4670 vocem
865 4615 998 4685 ejus
1044 4613 1346 4669 audieritis
1374 4614 1444 4683 ",
1477 4633 1505 4662 ι)
1539 4617 1647 4668 etc.
1701 4614 1850 4685 Ergo
1880 4613 2061 4683 Spiri-

400 4709 530 4759 tum
553 4707 825 4759 sanctum
850 4702 1095 4759 tentavit
1137 4700 1299 4769 lsrel,
1335 4707 1392 4757 et
1417 4702 1683 4774 probavit
1726 4701 1784 4756 in
1808 4702 2065 4773 deserto,

2171 4614 2235 4668 τὸ
2267 4614 2438 4689 ἅγιοψ
2493 4615 2746 4686 Σήμερον
2798 4612 2886 4668 ἐὰν
2936 4620 3038 4683 τῆς
3072 4620 3258 4692 φωνῆς
3291 4612 3457 4668 αὐτοῦ
3486 4613 3767 4685 ἀκούσητε,
3802 4634 3830 4662 ιδ

2174 4702 2264 4758 καὶ
2294 4703 2362 4757 τὰ
2389 4701 2531 4772 ἑξῆς.
2584 4708 2725 4777 ’Ἄρα
2775 4702 2865 4756 οῦν
2915 4704 2978 4756 τὸ
3029 4706 3247 4774 Πνεῦμα
3294 4704 3358 4757 τὸ
3411 4702 3567 4777 ἅγιον
3618 4702 3831 4775 ἐπείρα·

402 4797 461 4850 et
495 4792 767 4849 viderunt
787 4809 963 4866 opera
987 4793 1140 4863 ejus,
1167 4808 1374 4863 nempe
1401 4791 1705 4848 miracula.
1742 4791 1803 4847 In
1835 4790 2057 4864 alioque

2176 4813 2263 4847 σεν
2296 4792 2323 4846 6
2355 4790 2596 4867 Ἰσραὴλ,
2628 4791 2716 4846 καὶ
2764 4788 3085 4863 ἐδοκίμασεν
3145 4791 3196 4845 ἐν
3243 4795 3312 4866 τῇ
3363 4790 3575 4868 ἐρήμην
3624 4791 3713 4846 καὶ
3756 4790 3834 4845 εἶ·

401 4879 652 4955 psalmo,
686 4882 771 4937 ait
819 4880 959 4939 ille:
1013 4902 1042 4932 «
1077 4881 1143 4936 Et
1188 4885 1562 4937 tentaverunt
1606 4885 1790 4936 Deum
1842 4881 1901 4937 in
1934 4881 2066 4937 ina-

2179 4879 2270 4936 δον
2301 4881 2369 4936 τὰ
2399 4876 2533 4957 ἔργα
2575 4879 2761 4951 αὐτοῦ,
2812 4878 2935 4951 ἤτοι
2965 4883 3034 4936 τὰ
3084 4880 3374 4953 θαυμάσια.
3437 4881 3522 4935 Ἐν
3557 4878 3716 4953 ἄλλῳ
3773 4875 3832 4934 δὶ

478 5031 748 5088 “Judic.
806 5049 921 5101 xvr,
979 5034 1069 5090 20.
1145 5034 1192 5068 ’θ’
1244 5031 1397 5088 Psal.
1458 5048 1608 5101 xcrx,
1640 5034 1695 5089 3.
1776 5034 1822 5070 ‘3
1878 5035 2054 5091 Josue

2167 5051 2250 5101 ιιι,
2314 5035 2502 5089 10-22.
2581 5033 2626 5069 ιδ
2682 5036 2730 5090 Il
2786 5037 2915 5092 Cor.
2978 5053 3055 5102 ιν,
3112 5037 3168 5091 6.
3244 5036 3289 5070 “
3349 5034 3515 5090 Rom.
3545 5049 3638 5102 xv,
3686 5032 3831 5097 5,6.

406 5098 501 5175 {'1
549 5077 1127 5175 63F."i13,"’24,"2'5.
1201 5077 1778 5171 ιτ’ῑ”ἇοιηῗ“ἰ”ῐί,”ἰδ.
1856 5077 2057 5164 ιΓῖἙη

2167 5077 2274 5175 “;z,
2316 5077 2547 5162 Tam"
2601 5106 2624 5161 ι
2682 5077 3229 5169 ὅοτῗνὶίι.”ε’δ.”’ω
3286 5077 3830 5175 ρὲἇῖἶῖἇνζὲ-ἰὀζ

403 5169 449 5213 τι
482 5175 657 5232 Hebr.
689 5191 778 5245 ιιι,
808 5169 864 5231 7.

502 5344 596 5414 24)
628 5344 816 5417 Forte,
845 5344 1081 5408 πάντως.

501 5417 593 5488 25)
621 5416 962 5491 Sic‘Anglic.
998 5424 1063 5474 In
1097 5416 1228 5473 aliis
1257 5421 1315 5474 et
1342 5416 1719 5491 editisgdeest
1751 5418 2058 5477 articulus.

405 5481 862 5649 ριξὲἒέἑιζιουϐίιεῖ
871 5491 956 5547 sic
983 5506 1190 5547 omnes
1242 5489 1629 5561 manuscripti
1661 5495 1719 5545 et
1763 5491 1901 5547 editi
1932 5509 2061 5565 pro,

481 5632 594 5709 (26)
621 5628 706 5685 Ἐν
738 5628 813 5685 ivi
869 5630 1122 5706 στόματι,
1177 5633 1396 5691 desunt
1448 5631 1570 5690 haec
1625 5631 1687 5690 in
1717 5634 2060 5709 Anglicano,

2171 5365 2279 5405 nec
2310 5364 2344 5403 a
2372 5347 2600 5403 Nannio
2629 5347 2780 5403 lecta
2810 5351 2970 5404 sunt.

2244 5420 2355 5491 (27)
2388 5421 2477 5475 Ita
2522 5418 2862 5489 Vaticanus,
2907 5419 3247 5477 Basiliensis
3274 5422 3354 5491 ret
3395 5415 3622 5491 Anglic.
3657 5415 3832 5491 E_diti,

2173 5486 2268 5577 ἰπξ
2292 5486 2448 5548 Θεοῦ.
2492 5491 2620 5549 Mox
2671 5486 3013 5549 Basiliensis
3040 5497 3098 5549 et
3141 5490 3523 5565 Anglicanus,
3564 5488 3655 5544 τὸν
3689 5486 3827 5543 ἐνοι-

2171 5582 2389 5618 κουντα.

2242 5636 2358 5711 (28)
2389 5632 2750 5693 Basiliensis.
2786 5629 3019 5693 εἴδοσαν.
3052 5633 3300 5710 Anglic,
3328 5628 3538 5688 ἵδοσαν.
