4136 6372
308 348 383 405 37
950 340 1053 400 DE
1098 335 1461 401 COMMUNI
1509 334 1889 398 ESSENTIA
1933 333 2218 395 PATRIS
2264 332 2364 392 ET
2410 332 2586 392 FILll
2634 326 2734 391 ET
2781 332 2981 391 SPIR.
3015 332 3080 392 S.
3649 332 3727 393 38

310 478 517 551 ψαλμῷ
558 473 706 549 λέγει
753 474 780 526 6
832 471 1010 534 αὐτός’
1049 496 1075 522 ‹‹
1118 470 1216 524 Καὶ
1264 468 1544 545 ἐπείρασαν
1595 468 1687 522 τὸν
1738 466 1866 521 Θεὸν
1914 464 1963 519 ἐν

2095 482 2267 537 quoso
2290 466 2355 519 ⁵³.
2386 486 2414 513 ››
2446 465 2547 519 Est
2575 463 2752 535 igitur
2774 464 2929 517 Deus
2952 463 3207 532 Spiritus
3229 467 3489 519 sanctus.
3516 465 3582 520 Et
3613 463 3728 519 alio

310 564 544 642 ἀνύδρῳ.
584 590 605 618 ›
643 565 783 637 ’Ἄρα
818 565 927 634 (‘29)
959 558 1049 615 οῦν
1082 561 1108 614 6
1141 561 1289 631 Θεὸς,
1316 560 1378 613 τὸ
1401 559 1552 633 ἅγιον
1586 555 1807 629 Πνεῦμά
1831 554 1963 612 ἐστι.

312 656 414 713 Καὶ
472 653 749 728 ἀλλαχοῦ,
810 650 898 705 ὅτε
952 644 1359 721 ἀνελαμϐάνετο
1419 650 1446 702 ὁ
1499 645 1710 719 Ἠλίας,
1760 644 1877 720 ᾔτει
1938 645 1965 699 6

314 754 623 814 Ἐλισσαῖος
674 752 798 823 παρ’
857 749 1021 803 αὐτοῦ
1079 747 1161 803 ἐπ’
1215 747 1374 801 αὐτὸν
1433 746 1494 801 τὸ
1546 750 1767 818 Πνεῦμα
1822 742 1963 819 γενέ-

314 857 432 909 σθαι
493 840 745 897 διπλοῦν.
800 838 1171 913 Ἐπγγέλλετο
1232 836 1321 891 οῦν
1357 838 1384 890 6
1442 834 1631 896 Ἠλίας
1688 838 1821 907 (30),
1878 833 1963 886 έὰν

316 931 403 1006 ἴδῃ
462 931 620 985 αὐτὸν
683 922 1229 1000 ἀναλαμϐανόμενον.
1267 922 1415 979 Ἰδὼν
1478 922 1589 995 οὖν,
1642 922 1731 976 καὶ
1782 916 1963 975 λαϐὼν

314 1023 412 1089 τὴν
475 1018 766 1093 μηλωτήν,
824 1014 989 1085 ἦλθεν
1046 1014 1131 1068 ἐπὶ
1179 1016 1269 1068 τὸν
1323 1011 1622 1088 Ἰορδάνην·
1669 1010 1759 1067 καὶ
1805 1007 1968 1063 πατά-

319 1110 499 1180 ξαντος
556 1107 719 1161 αὐτοῦ
775 1109 843 1178 τῇ
915 1102 1152 1177 μηλωτῇ
1206 1102 1298 1157 τὸν
1359 1102 1603 1173 ποταμὸν
1643 1145 1655 1169 ,
1706 1099 1814 1173 οὐχ
1869 1099 1970 1152 ὑπ-

318 1201 520 1268 ήκουσε
546 1196 607 1249 τὸ
657 1192 825 1267 ὕδωρ.
879 1194 1031 1267 Λέγει
1083 1189 1197 1245 οῦν·
1234 1193 1347 1262 (31)
1394 1193 1508 1247 Ποῦ
1540 1191 1567 1243 ὁ
1599 1190 1727 1249 Θεὸς
1761 1187 1920 1263 ἀφιρώ
1954 1204 1967 1253 ;

318 1296 506 1372 Ἀφφὼ
564 1290 620 1346 δὲ
673 1289 1026 1367 ἑρμηνεύεται
1089 1290 1278 1366 ἄμφω,
1334 1288 1580 1342 τουτέστι
1630 1286 1692 1340 τὸ
1752 1289 1971 1357 Πνεῦμα

317 1384 379 1438 τὸ
438 1380 689 1437 διπλοῦν.
752 1383 863 1433 Ποῦ
922 1377 1013 1432 οῦν
1074 1379 1101 1431 ὁ
1159 1378 1287 1439 Θεὸς
1333 1376 1520 1452 ἀμφὼ,
1580 1375 1697 1429 ἀντὶ
1752 1378 1868 1443 τοῦ,
1911 1373 1972 1426 τὸ

321 1476 541 1543 Πνεῦμα
590 1466 859 1523 διπλοῦν.
911 1466 1009 1521 Καί
1068 1465 1233 1521 πάλιν
1288 1464 1435 1539 λέγει
1487 1467 1513 1519 6
1564 1465 1780 1537 Σωτήρ.
1833 1485 1862 1514 ‹‹
1911 1462 1971 1517 Ὀ

322 1558 587 1613 πιστεύων
640 1557 714 1618 εἷς
766 1556 885 1629 ἐμὲ,
932 1556 1111 1618 καθὼς
1168 1554 1311 1608 εἶπεν
1364 1557 1397 1623 ἡ
1454 1554 1636 1630 Γραφή
1671 1598 1685 1624 ,
1732 1549 1973 1622 ποταμοὶ

321 1649 379 1703 ἐκ
434 1654 535 1717 τῆς
593 1644 807 1706 κοιλίας
866 1644 1027 1699 αὐτοῦ
1088 1642 1368 1718 ῥεύσουσιν
1438 1640 1632 1699 ὕδατος
1691 1644 1970 1709 ζῶντος.»

319 1743 667 1821 Ἑρμηνεύων
739 1740 796 1797 δὲ
845 1743 872 1796 6
926 1740 1316 1816 εύαγγελιστής
1372 1740 1425 1795 τί
1481 1739 1590 1793 ἐστι
1622 1783 1636 1809 ,
1697 1761 1725 1790 ‹‹
1778 1736 1971 1798 ὕδατος

326 1840 547 1904 ζῶντος,
607 1856 635 1883 »
683 1828 806 1905 ἔφη·
859 1858 886 1883 u
930 1835 1098 1884 Τοῦτο
1160 1829 1217 1883 δὲ
1274 1827 1427 1903 ἔλεγε
1481 1828 1605 1903 περὶ
1662 1832 1759 1882 τοῦ
1815 1826 1974 1902 ἁγίου
2006 1844 2052 1909 Β

327 1924 664 1996 Πνεύματος,
701 1924 727 1976 6
758 1919 1009 1994 ἤμελλον
1058 1914 1354 1992 λαμϐάνειν
1410 1920 1462 1973 οἱ
1506 1918 1846 1979 πιστεύοντες
1897 1918 1972 1979 εἰς

328 2014 506 2072 αὐτόν.
539 2038 567 2064 ››
590 2013 651 2066 Εἰ
685 2010 741 2065 δῖε
769 2012 831 2065 τὸ
862 2008 1008 2086 ὕδωρ
1040 2010 1101 2064 τὸ
1135 2014 1236 2079 ζῶν
1271 2009 1333 2065 τὸ
1364 2009 1518 2084 ἅγιον
1554 2009 1777 2082 Πνεῦμα
1810 2008 1973 2079 ἐστιν,

328 2106 429 2180 ἄρα
459 2102 589 2163 Θεὸς
617 2102 678 2156 τὸ
712 2105 930 2172 Πνεῦμα
971 2100 1031 2153 τὸ
1063 2101 1235 2175 ἅγιον·
1293 2098 1439 2175 λέγει
1468 2099 1569 2175 γὰρ
1603 2100 1631 2153 6
1661 2100 1971 2175 προφήτης·

326 2227 356 2256 κ
390 2202 520 2274 Ἐμὲ
551 2197 903 2276 ἐγκατέλιπον
949 2198 1136 2272 πηγὴν
1180 2195 1371 2259 ὕδατος
1425 2201 1644 2265 ζῶντοςο
1696 2196 1785 2250 καὶ
1834 2194 1974 2276 ὤρυ-

327 2282 413 2353 ξαν
448 2274 661 2341 ἑαυτοῖς
711 2278 942 2339 λάκκους
988 2277 1497 2351 συντετριμμένους,
1552 2277 1605 2331 οἳ
1661 2276 1722 2330 οὐ
1775 2278 1849 2349 μὴ
1895 2274 1980 2329 δυ-

325 2374 573 2441 νήσονται
623 2366 769 2442 ὕδωρ
821 2367 1086 2442 συνέχειν.
1128 2392 1147 2417 ι
1183 2366 1279 2420 Καὶ
1326 2367 1353 2420 6
1386 2363 1569 2420 Δαυῖδ·
1605 2390 1633 2417 ‹‹
1666 2368 1784 2419 Ὅτι
1835 2364 1981 2438 παρᾶ

330 2460 413 2515 σοὶ
464 2461 622 2534 πηγῆ
681 2464 849 2527 ζωῆς,
907 2457 958 2511 ἐν
1010 2454 1087 2528 τῷ
1136 2456 1274 2532 φωτί
1322 2477 1417 2510 σου
1467 2455 1713 2529 ὀψόμεθα
1761 2460 1874 2533 φῶς
1903 2498 1915 2510 .
1952 2478 1979 2505 ››

326 2554 481 2623 Ὁρᾷς
530 2548 613 2601 ὅτι
645 2547 672 2600 6
702 2548 888 2620 Πατὴρ
938 2545 1092 2619 πηγὴ
1146 2543 1375 2615 ἐκλήθη.
1408 2545 1497 2599 καὶ
1530 2546 1558 2599 6
1592 2545 1711 2606 Υἱὸς
1748 2544 1979 2617 ὁμοίως,

332 2647 421 2702 καὶ
452 2647 512 2701 τὸ
544 2650 761 2717 Πνεῦμα
789 2644 851 2697 τὸ
884 2645 1062 2717 ἅγιον,
1096 2643 1202 2716 οὐχ
1249 2642 1330 2696 ὅτι
1378 2647 1521 2716 τρεῖς
1569 2642 1669 2697 εἰσι
1699 2642 1809 2697 θεοί
1847 2646 1978 2715 (32)’

334 2736 409 2797 εἷς
443 2736 546 2808 γὰρ
580 2733 729 2804 Θεὸς,
781 2733 869 2787 καὶ
923 2733 997 2793 εἷς
1045 2732 1235 2804 νόμος,
1284 2733 1587 2803 νομοθέτης
1634 2733 1731 2801 εἴς,
1764 2731 1855 2785 καὶ
1906 2734 1981 2793 εἷς

335 2824 556 2898 Κύριος.
608 2822 698 2883 Εἷς
747 2823 849 2897 γὰρ
890 2822 1018 2882 Θεὸς
1067 2820 1117 2874 έν
1166 2821 1310 2895 τρισί
1360 2821 1675 2895 προσώποις
1724 2819 1983 2893 κηρύττε-

334 2933 446 2968 ται.
484 2911 582 2964 Καὶ
615 2914 753 2975 πῶς,
801 2906 1193 2986 φησὶ,δύναται
1245 2907 1495 2982 λέγεσθαι
1543 2909 1570 2962 ὁ
1604 2910 1789 2983 Πατήρ
1835 2908 1985 2973 Θεὸς,

331 3010 418 3064 καὶ
453 3009 480 3063 6
514 3008 635 3069 Υἱὸς
668 3008 817 3077 Θεὸς,
850 3007 937 3061 καὶ
969 3007 1030 3060 τὸ
1086 3010 1300 3077 Πνεῦμα
1331 3007 1389 3059 τὸ
1422 3008 1572 3081 ἅγιον
1606 3008 1753 3078 Θεὸς,
1804 3006 1893 3060 καὶ
1927 3005 1987 3060 οὐ

333 3105 475 3173 τρεῖς
507 3097 609 3151 εἰσι
638 3095 749 3150 θεοί
783 3115 796 3164 ;
828 3094 964 3149 ὅπου
995 3095 1152 3149 κιινᾶι
1180 3095 1246 3148 τὰ
1279 3101 1379 3163 τῆς
1411 3095 1645 3171 φύσεως,
1690 3094 1867 3148 κοινὸν
1896 3094 1988 3149 καὶ

335 3182 508 3259 ὄνομα
557 3188 670 3259 (33)
720 3191 820 3253 τῆς
870 3184 1036 3257 ἀξίας·
1073 3184 1185 3238 οἷον
1220 3186 1247 3237 6
1279 3184 1406 3245 Θεὸς
1437 3184 1503 3237 τὰ
1532 3183 1607 3245 εἷς
1648 3186 1836 3254 πλήθη

337 3278 549 3351 ρημένα
580 3275 682 3327 ἀπὸ
719 3279 843 3346 μιᾶς
897 3274 1105 3351 φύσεως
1151 3272 1227 3327 ἑνὶ
1277 3272 1503 3346 ὀνόματι
1556 3272 1732 3327 καλεῖ·
1782 3273 1869 3327 καὶ
1904 3272 1993 3327 ὅτε

339 3364 611 3440 ὀργίζεται
654 3367 771 3423 τοῖς
822 3362 1171 3437 ἀνθρώποις,
1222 3362 1311 3415 τὸν
1365 3364 1539 3415 πάντα
1589 3362 1873 3437 ἄνθρωπον
1925 3364 1991 3431 τῇ

339 3464 478 3538 ὀργῇ
513 3461 862 3533 ὑποκείμενον
893 3457 982 3515 ἕνα
1030 3462 1313 3535 ἄνθρωπον
1360 3459 1537 3515 καλεῖ·
1571 3460 1659 3514 καὶ
1710 3458 1798 3514 ὅτε
1838 3459 1990 3515 διαλ-

341 3553 592 3607 λάσσεται
622 3551 701 3620 τῴ
742 3550 957 3622 κόσμῳ,
1009 3550 1082 3611 ὡς
1135 3549 1211 3604 ἐνὶ
1266 3550 1536 3622 ἀνθρώπῳ
1586 3546 1988 3604 διαλλάσσεταιο

341 3641 453 3695 οἷον
488 3640 672 3713 ἐπάγει
718 3637 1102 3711 κατακλυσμὸν
1158 3636 1246 3693 διὰ
1289 3639 1389 3707 τήν
1442 3638 1732 3714 ἁμαρτίαν,
1761 3638 1850 3692 καὶ
1902 3638 1989 3693 λέ-

339 3730 482 3805 γειὸ
529 3731 679 3790 Θεὸς’
732 3752 759 3779 ‹‹
811 3728 883 3781 Οὐ
933 3729 1008 3800 μὴ
1061 3727 1355 3801 καταμείνῃ
1401 3727 1463 3781 τὸ
1516 3726 1734 3799 Πνεῦμά
1786 3748 1889 3799 μου
1940 3727 1990 3782 ἐν

335 3823 452 3880 τοῖς
483 3818 787 3893 ἀνθρώποις
818 3817 1054 3887 τούτοις,
1106 3817 1194 3871 καὶ
1246 3814 1511 3889 ἐξαλείψω
1559 3818 1648 3870 τὸν
1684 3817 1991 3891 ἄνθρωπον,

334 3918 391 3971 ’ὸν
456 3916 707 3986 ἐποίησα.
763 3942 790 3967 ››
850 3915 1037 3971 Καίτοι
1095 3915 1195 3970 οὐκ
1248 3916 1315 3984 ἦν
1375 3917 1472 3985 εἷς,
1528 3914 1674 3970 ἀλλὰ
1736 3914 1992 3991 μυριάδες

336 4007 589 4080 ἄπειροι·
644 4003 789 4060 ἀλλὰ
832 4009 911 4076 τῷ
974 4003 1201 4076 ὀνόματι
1254 4007 1350 4073 τῆς
1416 4003 1624 4081 φύσεως
1668 4005 1759 4058 τὸν
1824 4007 1994 4059 πάντα

338 4091 613 4168 ἄνθρωπον
662 4091 755 4147 ἕνα
796 4092 1044 4147 ἐκάλεσεν
1094 4092 1377 4165 ἄνθρωπον
1429 4090 1516 4147 διὰ
1556 4093 1619 4147 τὸ
1670 4095 1844 4147 κοινὸν
1893 4096 1990 4163 τῆς

339 4182 546 4244 οὐσίας.
585 4183 680 4236 Καὶ
710 4181 873 4237 πάλιν
930 4181 1079 4257 λέγει
1130 4180 1314 4236 Δαυίδ·
1353 4206 1379 4233 ‹‹
1412 4182 1471 4235 Τί
1505 4181 1644 4236 ἐστιν
1684 4184 1990 4258 ἄνθρωπος,

338 4281 420 4335 δτι
457 4282 737 4353 μιμνήσκῃ
769 4282 884 4351 (34)
916 4280 1100 4350 αὐτοῦ,
1133 4280 1167 4347 ἢ
1198 4280 1312 4341 υἱὸς
1345 4279 1655 4353 ἀνθρώπου,
1680 4278 1761 4334 ὅτι
1786 4280 1994 4337 ἐπισκέ-

336 4390 442 4443 πτῃ
472 4369 629 4423 αὐτόν
666 4388 678 4437 ;
716 4393 740 4419 ι)
774 4368 893 4443 Οὐχ
921 4368 1003 4422 ὅτι
1034 4365 1125 4423 ἕνα
1174 4366 1457 4444 ἄνθρωπον
1508 4367 1786 4443 ἓσκέψατω
1822 4376 1993 4425 πᾶσαν

336 4459 441 4533 γΞιρ
498 4459 595 4526 τήν
656 4457 980 4529 οἰκουμένην
1040 4454 1244 4532 ἤγειρε.
1273 4458 1383 4513 Ἑνὶ
1435 4454 1492 4511 δὲ
1541 4457 1794 4531 συντόμῳ
1843 4479 1991 4534 χρη-

2077 555 2223 620 loco,
2277 571 2413 609 cum
2473 558 2877 607 assumeretur
2922 551 3097 615 Elias,
3155 556 3493 623 postulabat
3545 554 3615 607 ab
3661 570 3727 608 eo

2079 645 2322 711 Eliseus,
2358 647 2423 697 ut
2471 642 2529 696 in
2584 660 2645 696 se
2684 640 2908 695 veniret
2938 641 3209 711 geminus
3240 642 3493 712 Spiritus
3531 659 3542 697 ε
3598 658 3728 713 pro-

2080 734 2357 805 misitque
2386 733 2561 797 Elius,
2597 731 2643 785 si
2679 731 2849 784 modo
2882 748 2942 784 se
2974 730 3192 784 videret
3230 732 3444 786 auferri
3475 733 3538 785 ⁵³.
3587 736 3728 787 Cum

2077 822 2260 893 igitur
2289 822 2531 876 vidisset
2564 828 2618 875 et
2650 820 2971 889 accepisset
3012 819 3307 881 meloteiu,
3356 822 3607 875 accessit
3657 822 3731 876 ad

2076 912 2416 973 Jordanem,
2440 915 2651 965 etcum
2680 908 2891 962 melote
2914 908 3154 961 ﬂuvium
3184 910 3589 977 percussisset,
3615 926 3729 964 non

2080 1000 2501 1071 obtemperavit
2533 1016 2703 1069 aqua.
2740 996 2887 1051 Dicit
2918 996 3096 1067 igitur
3127 996 3350 1051 Eliseus
3384 1012 3397 1051 :
3441 996 3547 1051 Ubi
3580 997 3733 1054 Deus

2082 1089 2289 1165 ἀφφώῖ)
2339 1106 2464 1159 qua:
2515 1105 2621 1143 vox
2679 1086 2972 1158 signiﬁcat
3033 1085 3226 1155 ambo,
3277 1086 3395 1140 sive
3428 1087 3730 1157 geminum

2080 1178 2452 1248 Spiritum“.
2516 1178 2622 1232 Ubi
2685 1177 2867 1248 igitur
2918 1175 3069 1229 Deus
3118 1172 3304 1249 ἀμφώ,
3349 1192 3450 1245 pro
3483 1192 3549 1230 eo
3580 1177 3731 1245 quod

2082 1273 2169 1322 est
2190 1267 2437 1338 Spiritus
2460 1268 2753 1337 geminus.
2780 1266 3116 1333 lterumque
3145 1263 3408 1318 Salvator
3433 1264 3544 1318 ait:
3570 1287 3596 1313 «
3625 1264 3734 1329 Qui

2083 1358 2139 1410 in
2194 1373 2286 1411 me
2334 1354 2539 1422 credit,
2590 1355 2743 1408 sicut
2790 1353 2928 1407 dicit
2982 1353 3305 1422 Scriptura,
3362 1352 3606 1407 ﬂumina
3662 1355 3733 1409 de

2082 1449 2280 1500 ventre
2312 1446 2439 1515 ejus
2470 1444 2653 1499 ﬂuent
2700 1460 2866 1514 aqum
2915 1442 3053 1495 vivae
3085 1442 3147 1495 ⁵⁸.
3186 1463 3212 1489 ››
3269 1441 3577 1513 Exponens
3625 1460 3735 1498 au-

2082 1541 2199 1589 tem
2249 1534 2627 1605 evangelista,
2660 1533 2801 1604 quid
2852 1532 2958 1586 hoc
3010 1536 3183 1599 esset,
3242 1552 3269 1583 α
3299 1548 3457 1601 aquae
3511 1532 3671 1599 vivae,
3706 1555 3735 1583 »

2083 1623 2316 1694 inquit:
2355 1647 2380 1670 α
2405 1623 2522 1678 Hoc
2553 1628 2747 1677 autem
2780 1621 2925 1675 dixit
2954 1620 3024 1673 de
3054 1620 3270 1690 Spiritu
3303 1627 3527 1691 sancto,
3561 1637 3737 1693 quem

2084 1713 2375 1783 accepturi
2401 1717 2585 1780 erant,
2613 1710 2914 1765 credentes
2939 1710 2993 1762 in
3029 1725 3161 1763 eum
3182 1709 3245 1764 ⁵⁸.
3270 1730 3297 1757 ››
3329 1710 3489 1775 Quod
3514 1709 3563 1764 si
3584 1726 3740 1781 aqua

2084 1802 2211 1856 viva
2259 1805 2347 1855 est
2397 1800 2650 1872 Spiritus
2699 1806 2962 1863 sanctus,
3015 1814 3156 1852 sane
3190 1802 3337 1853 Deus
3369 1804 3458 1853 est
3486 1799 3738 1870 Spiritus

2087 1894 2365 1945 sanctus:
2400 1889 2483 1944 ait
2526 1889 2682 1944 enim
2720 1888 2997 1959 proheta:
3042 1911 3067 1936 ‹‹
3102 1890 3187 1941 Me
3217 1888 3583 1958 reliquerunt
3614 1887 3737 1943 fon-

2085 1985 2200 2033 tem
2231 1997 2390 2047 aquae
2424 1978 2583 2045 vivas,
2618 1984 2674 2032 et
2704 1978 3031 2031 effoderunt
3070 1977 3178 2029 sibi
3227 1976 3513 2031 cisternas
3563 1977 3742 2032 dissi-

2088 2074 2276 2139 patas,
2326 2085 2453 2138 quas
2510 2083 2722 2137 aquam
2785 2066 3082 2120 continere
3141 2082 3254 2119 non
3314 2071 3585 2137 poterunt
3614 2066 3740 2121 ⁵⁷.»

2088 2163 2155 2211 Et
2180 2158 2355 2212 David
2382 2172 2653 2228 quoque:
2690 2178 2715 2205 ‹‹
2746 2156 3032 2219 Quoniam
3060 2155 3212 2225 apud
3248 2159 3302 2208 te
3326 2160 3414 2208 est
3437 2155 3565 2210 fons
3588 2157 3740 2223 vitae,

2090 2247 2148 2301 in
2178 2246 2399 2301 lumine
2433 2252 2530 2299 tuo
2561 2245 2891 2298 videbimus
2927 2243 3127 2298 lumen
3162 2244 3226 2297 ⁵⁸.
3254 2266 3281 2292 ››
3316 2244 3481 2299 Vides
3518 2245 3743 2299 Patrem

2091 2336 2311 2389 fontem
2343 2333 2528 2389 vocari
2557 2352 2569 2387 :
2608 2350 2829 2388 necnon
2860 2332 3093 2395 Filium.
3117 2332 3438 2403 itidemque
3458 2333 3745 2403 Spiritum

2091 2430 2382 2481 sanctum.
2408 2423 2530 2477 Non
2558 2424 2711 2494 quod
2744 2428 2864 2477 tres
2896 2422 3018 2476 sint
3047 2421 3166 2476 dii:
3203 2439 3355 2476 unus
3386 2422 3541 2477 enim
3568 2422 3745 2491 Deus,

2092 2530 2210 2569 una
2241 2513 2351 2581 lex,
2378 2529 2530 2567 unus
2554 2510 2856 2583 legislator
2886 2514 2943 2564 et
2975 2527 3127 2565 unus
3150 2510 3454 2565 Dominus.
3482 2511 3748 2583 Namque

2093 2619 2250 2657 unus
2285 2606 2435 2656 Deus
2468 2602 2525 2655 in
2563 2600 2752 2655 tribus
2787 2600 3053 2670 personis
3106 2599 3473 2670 praedicatur.
3528 2602 3599 2655 At
3646 2600 3748 2672 qui

2094 2691 2219 2746 ﬁeri
2253 2696 2463 2761 potest,
2498 2691 2751 2760 inquies,
2786 2696 2850 2743 ut
2897 2694 2953 2743 et
3000 2693 3171 2743 Pater
3214 2689 3445 2743 dicatur
3488 2693 3661 2754 Deus,
3693 2694 3751 2745 et

2097 2780 2299 2845 Filius,
2349 2786 2406 2833 et
2452 2779 2705 2850 Spiritus
2753 2783 2996 2832 sanctus
3047 2777 3219 2843 Deus,
3269 2792 3374 2832 nec
3404 2782 3599 2832 tamen
3633 2784 3749 2833 tres

2097 2869 2237 2923 deos
2269 2868 2443 2922 esse?
2492 2866 2597 2921 Ubi
2638 2867 2971 2921 communis
3015 2872 3243 2933 natura,
3298 2866 3377 2920 ibi
3435 2883 3749 2923 commune

2099 2972 2335 3027 quoque
2364 2962 2452 3011 est
2483 2972 2693 3010 nomen
2719 2954 3041 3027 dignitatis.
3069 2956 3573 3018 Quemadmodum
3598 2958 3749 3013 Deus

2100 3062 2189 3111 ea,
2221 3062 2347 3115 quae
2379 3061 2447 3099 ex
2479 3061 2597 3098 una
2627 3049 2839 3097 natura
2870 3045 2926 3097 in
2970 3043 3349 3099 multitudine
3381 3044 3746 3113 dividuntur,

2102 3150 2218 3188 uno
2252 3133 2486 3187 nomine
2517 3132 2792 3203 appellat.
2826 3132 2893 3185 Et
2924 3148 3057 3186 cum
3090 3132 3363 3187 irascitur
3393 3132 3756 3205 hominibus,

1873 3205 1986 3292 of?"
2023 3211 2065 3275 C
2104 3238 2339 3276 omnem
2374 3221 2672 3276 hominem
2708 3221 2803 3274 iraa
2854 3222 3191 3292 subjectum
3225 3239 3343 3277 suae
3376 3238 3555 3276 unum
3590 3229 3757 3278 vocat

2104 3311 2405 3367 hominem
2441 3328 2453 3366 :
2504 3316 2559 3365 et
2589 3327 2724 3365 cum
2757 3309 3168 3365 reconciliatur
3199 3312 3439 3381 mundo,
3473 3310 3627 3366 velut
3657 3310 3759 3367 uni

2106 3400 2331 3455 homini
2388 3400 2818 3454 reconciliatur.
2880 3399 3094 3467 Quare,
3155 3416 3287 3455 cum
3341 3401 3625 3456 diluvium
3683 3401 3757 3456 ob

2105 3494 2341 3560 peccata
2373 3489 2620 3554 inducit,
2652 3488 2733 3543 ait
2763 3488 2913 3544 Deus
2945 3505 2956 3542 :
3015 3513 3034 3535 α
3071 3488 3192 3544 Non
3230 3490 3597 3560 permanebit
3626 3489 3760 3562 Spi-

2104 3580 2252 3633 ritus
2286 3594 2451 3632 meus
2483 3579 2539 3631 in
2572 3577 2912 3631 hominibus
2946 3577 3098 3639 istis,
3122 3584 3175 3632 et
3200 3578 3403 3633 delebo
3434 3579 3757 3646 hominem,

2106 3683 2279 3739 quem
2328 3666 2437 3722 feci
2467 3667 2530 3721 ‘9.
2570 3688 2597 3715 »
2658 3668 2833 3737 Atqui
2883 3672 3006 3721 tum
3061 3684 3175 3721 non
3221 3685 3371 3722 unus
3402 3674 3528 3723 erat
3560 3668 3758 3737 homo,

2105 3757 2205 3811 sed
2239 3756 2533 3827 myriades
2558 3755 2820 3822 infinitas,
2846 3772 3005 3825 aeque
3038 3760 3237 3810 tamen
3270 3757 3505 3812 nomine
3537 3763 3760 3813 naturae

2104 3862 2309 3900 omnes
2344 3844 2610 3900 homines
2646 3861 2827 3898 unum
2874 3845 3171 3900 hominem
3217 3845 3550 3917 appellavit,
3586 3847 3763 3918 idque

2107 3937 2177 3989 ob
2224 3935 2564 3989 substantiae
2604 3934 3100 3988 communionem.
3136 3934 3312 3988 David
3348 3953 3517 4007 porro
3547 3936 3762 3991 iterum

2108 4023 2249 4078 dicit
2283 4040 2294 4077 ε
2332 4046 2356 4071 ‹‹
2405 4024 2549 4087 Quid
2588 4029 2677 4077 est
2724 4022 3094 4092 homo,quod
3131 4040 3355 4078 memor
3385 4041 3445 4079 es
3478 4025 3625 4093 ejus,
3659 4027 3762 4079 aut

2104 4113 2263 4167 ﬁlius
2290 4111 2570 4182 hominis,
2596 4112 2873 4182 quoniam
2902 4112 3103 4166 visitas
3127 4128 3261 4167 eum
3283 4114 3327 4148 ⁸ο
3346 4113 3372 4167 ?
3394 4135 3420 4162 »
3454 4114 3575 4169 Non
3599 4115 3758 4185 quod

2104 4218 2288 4255 unum
2321 4200 2621 4255 hominem
2657 4202 2871 4267 visitet,
2906 4201 3006 4255 sed
3060 4202 3398 4257 universum
3452 4204 3651 4258 orbem
3696 4204 3756 4258 in

2104 4306 2287 4344 unum
2348 4289 2598 4361 collegit.
2651 4293 2780 4343 Jam
2845 4306 2998 4354 vero,
3049 4292 3377 4361 compendii
3411 4308 3610 4359 causa,
3642 4310 3759 4348 uno

2104 4384 2339 4433 utemur
2369 4378 2582 4447 Moysis
2611 4378 2784 4434 dicto.
2812 4382 2952 4433 Cum
2980 4396 3081 4450 per
3112 4395 3270 4434 mare
3301 4379 3481 4435 exiret
3509 4380 3760 4450 Pharao,

2105 4468 2462 4538 meritasque
2521 4484 2589 4521 ex
2646 4466 2770 4537 lege
2818 4468 3016 4522 divina
3068 4484 3267 4539 poenas
3308 4469 3513 4536 lueret,
3547 4472 3760 4526 cadens

334 4547 539 4618 σὸμεθα
588 4545 739 4619 λόγῳ
789 4544 877 4600 διὰ
943 4547 1182 4608 Μωσέως
1233 4544 1509 4622 εἶρημένῳ
1544 4566 1555 4579 ·
1604 4550 1734 4604 "Ore
1794 4548 1981 4617 ἐξῆλθε

2104 4574 2235 4611 cum
2274 4556 2519 4611 inlinitis
2542 4558 2815 4611 curribus
2850 4556 2906 4609 in
2941 4572 3122 4623 mare,
3152 4572 3265 4628 quo
3297 4561 3559 4627 tempore
3591 4558 3761 4627 multi

338 4644 541 4719 Φαραὼ
572 4644 708 4697 κατὰ
746 4645 846 4711 τήν
896 4642 1186 4712 θάλασσαν,
1220 4643 1309 4697 καὶ
1362 4643 1565 4718 ὑπέσχε
1609 4649 1687 4716 τῷ
1724 4644 1881 4719 νόμῳ
1908 4652 1987 4718 τῷ

338 4733 467 4804 θείῳ
498 4734 609 4801 (35)
642 4731 741 4798 τήν
774 4729 1063 4805 τιμωρίαν,
1115 4730 1330 4784 πίπτων
1380 4732 1513 4801 μετὰ
1561 4731 1768 4803 μυρίων
1815 4734 1991 4809 ἁρμά-

983 4875 1027 4908 ⁵³
1059 4874 1131 4946 lV
1164 4874 1301 4946 Reg.
1348 4891 1407 4941 ιι,
1449 4874 1506 4943 9,
1549 4875 1635 4930 10.

972 4946 1016 4980 ⁸ο
1046 4944 1361 5012 ϐοηθεξνι,
1393 4946 1448 5001 3.

411 4874 455 4907 θ’
491 4873 641 4928 Psal.
671 4890 757 4938 ev,
803 4875 886 4929 14.

337 4946 381 4980 ⁸⁸
413 4944 562 5000 Psal.
595 4962 761 5011 xxxv,
797 4947 883 5001 10.

409 5088 520 5157 (29)
555 5087 915 5156 Basiliensis,
953 5088 1113 5159 νΔρσι.

409 5178 521 5248 (30)
556 5177 918 5243 Basiliensis,
952 5174 1159 5244 Ἠλίας,
1190 5193 1324 5232 cum
1357 5176 1515 5233 tenui
1552 5179 1786 5250 spiritu.

413 5267 528 5335 (31)
566 5274 747 5323 Locus
806 5267 1085 5322 Hebraice
1134 5268 1221 5321 sic
1270 5266 1465 5334 habet,
1516 5253 1662 5328 ἰι-τίνες
1710 5280 1843 5330 mm
1883 5282 1991 5331 nm

342 5364 450 5412 mn
491 5366 574 5442 ηδε
616 5341 788 5415 1.115s:
834 5357 889 5410 id
937 5362 1045 5410 est.
1084 5357 1183 5412 Ubi
1210 5360 1294 5410 est
1322 5356 1465 5410 Deus
1492 5358 1633 5414 Eliae
1656 5361 1825 5415 etiam
1854 5362 1989 5433 ipse,

341 5442 817 5517 veletz'aminiunc.
853 5444 1027 5509 Quasi
1063 5444 1299 5517 diceret,
1341 5460 1447 5517 cur
1490 5461 1605 5517 non
1649 5448 1777 5517 jam
1826 5450 1994 5506 adest

340 5514 512 5595 mihi,
543 5520 606 5569 ut
635 5516 768 5595 Elize
810 5518 1030 5595 aderat.
1086 5516 1229 5571 Male
1282 5515 1461 5595 igitur
1507 5516 1621 5595 hic,
1651 5514 1837 5595 ’ᾀφφώ
1886 5538 1990 5595 pro

340 5530 512 5580 inim,
543 5530 606 5569 ut
637 5530 768 5570 ωιιίε
810 5530 1030 5571 aderat.
1087 5530 1229 5571 male
1282 5530 1461 5641 igitur
1507 5530 1621 5582 hic,
1676 5530 1837 5595 άφφώ
1886 5538 1989 5593 pro

339 5583 525 5669 ἀμελοῖ),
560 5588 821 5669 positum
863 5588 1269 5669 dicitu.r,_cum
1313 5588 1619 5669 Pnge‘ali‘a
1648 5591 1724 5669 sit
1752 5594 1880 5669 ejus
1912 5594 1989 5649 si-

338 5654 657 5730 gniﬁcat—io.
698 5659 945 5729 Ibidem,
995 5658 1159 5730 editi,
1212 5654 1436 5733 Πνεῦμᾶ
1479 5654 1731 5719 διπλοῦν.
1779 5654 1991 5721 Manu-

1728 4876 1775 4910 “
1804 4877 1948 4935 ibid.
1990 4879 2181 4936 12-14.

1536 4946 1581 4982 ⁸ο
1613 4947 1767 5003 Psal.
1802 4966 1920 5018 VIII,
1954 4953 2010 5008 5.

2105 4646 2371 4700 homines
2397 4662 2513 4698 una
2537 4662 2671 4698 eum
2694 4662 2761 4700 eo
2783 4646 3033 4699 demersi
3057 4651 3217 4709 sunt,
3242 4645 3532 4717 multique
3555 4645 3758 4701 itidem

2103 4735 2234 4807 equi
2272 4752 2284 4789 :
2323 4734 2547 4805 Moyses
2582 4740 2778 4790 tamen
2812 4734 3043 4801 videns,
3073 4734 3131 4789 in
3163 4734 3438 4790 omnibus
3469 4735 3759 4791 demersis

2275 4876 2516 4933 “Joan.
2558 4893 2659 4947 vn,
2701 4876 2789 4931 38.
2886 4877 2929 4912 ⁵⁸
2960 4876 3104 4933 ibid.
3146 4877 3234 4931 39.
3330 4879 3372 4912 ⁵⁷
3402 4879 3521 4934 Jer.
3562 4894 3624 4947 II,
3667 4877 3755 4932 13.

2102 5091 2301 5162 scripti
2336 5107 2488 5156 vero,
2520 5089 2581 5162 τὸ
2618 5094 2834 5162 Πνεῦμα
2863 5092 2923 5144 τὸ
2965 5088 3215 5147 διπλοῦν.

2173 5160 2468 5237 (32)}1830,
2505 5160 2721 5237 dixiin
2753 5160 2899 5237 τρεῖς
2935 5162 3035 5217 εἶσι
3076 5164 3208 5233 Θεοί,
3261 5164 3318 5217 in
3369 5162 3648 5237 Vaticano
3697 5168 3754 5220 et

2102 5234 2158 5308 in
2192 5235 2364 5290 editis
2396 5238 2465 5289 ad
2501 5234 2741 5308 modum
2774 5234 3173 5308 titulijacent,
3216 5237 3317 5289 sed
3370 5235 3428 5289 in
3478 5236 3752 5292 omnibus

2103 5306 2232 5381 aliis
2266 5306 2686 5381 manuscriptis
2718 5306 3164 5377 consequentur
3183 5310 3485 5377 ponuntur
3517 5325 3530 5363 :
3571 5313 3748 5381 atque

2102 5379 2183 5433 ita
2213 5378 2574 5450 restituenda
2607 5378 2786 5433 fuisse
2818 5385 2975 5450 patet
3004 5398 3070 5435 ex
3101 5382 3392 5450 contextu.

2173 5448 2285 5520 (33)
2317 5448 2655 5521 Basiliensis
2687 5456 2741 5503 et
2773 5441 3150 5520 Anglicanus,
3182 5447 3271 5501 καὶ
3299 5448 3363 5502 τὸ
3393 5441 3591 5521 ὄνομα.

2172 5519 2278 5587 (34)
2313 5519 2696 5592 Anglicanus,
2730 5519 2903 5592 μιμνή
2914 5540 3052 5577 σκοι.

2100 5593 2286 5717 B(3.5?)
2314 5587 2578 5663 ΤῷὉείῳ,
2608 5587 2772 5648 deest
2799 5587 2860 5648 in
2895 5587 3125 5665 'Anglic.
3173 5591 3328 5657 Mox,
3378 5589 3428 5644 ἐν
3479 5592 3641 5647 deest
3689 5593 3750 5650 in

2147 5679 2233 5717 εει
2263 5702 2279 5717 .

2147 5679 2279 5719 8.811.
