4136 6402
406 351 487 412 39
1600 351 1669 413 s.
1713 350 2240 414 ATHANASIUS.
2278 385 2349 397 —
2384 353 2649 418 DUBIA.
3755 372 3837 433 ω

400 483 677 538 eamdem
709 496 837 537 esse
868 485 1167 550 naturam,
1206 488 1261 537 et
1290 482 1363 536 de
1389 481 1561 553 equis
1592 485 1648 537 et
1690 482 1762 537 de
1813 480 2037 536 homini

2177 500 2286 535 των
2340 481 2390 537 ὲν
2450 486 2519 557 τῇ
2571 484 2833 559 θαλάσσῃ,
2864 485 2954 541 καῖ
3010 490 3143 558 ἦσαν
3196 490 3403 549 πολλοὶ
3454 496 3727 572 ἄνθρωποι
3782 500 3836 556 oi.

406 571 539 642 bus,
592 572 674 627 ita
720 571 839 625 hac
889 572 1020 626 ait:
1081 592 1108 623 ι
1137 574 1455 626 Οειηῑοτηυε
1516 570 1780 637 Domino,
1812 570 2066 644 gloriose

2181 570 2518 644 βυθισθὲντες
2578 575 2694 645 μετ’
2746 573 2975 643 ἐκείνου,
3032 579 3121 633 καὶ
3174 577 3339 636 ’ίπποι
3393 570 3629 640 πολλοί·
3684 588 3713 642 6
3772 586 3832 644 δὶ

404 659 562 716 enim
597 659 1012 732 magnificatus
1050 663 1161 727 est,
1216 674 1436 731 equum
1488 659 1536 714 θ
1586 663 1644 714 et
1694 674 2042 716 ascensoren

2174 663 2379 729 Μωσῆς
2403 658 2584 728 εἰδὼς,
2614 660 2699 717 ὅτι
2728 664 2943 719 πάντων
2993 670 3101 721 τῶν
3150 668 3508 743 βυθισθὲντων
3541 673 3639 747 μία
3687 674 3830 732 ἐστὶν

403 748 618 820 dejecit
664 749 725 804 in
775 764 938 805 mare
966 749 1062 805 διε
1115 751 1349 804 tantum
1404 764 1717 804 numerum
1774 763 2062 821 equorum

404 854 627 909 equum
667 854 855 894 unum
908 837 1243 911 appellavit,
1276 839 1350 894 ob
1379 836 1856 894 communionem
1886 841 2060 893 natu-

405 944 478 983 ra
524 943 538 983 :
599 932 657 983 et
706 927 961 983 virorum
1023 927 1462 983 multitudinem
1521 943 1705 982 unum
1760 925 2059 982 hominem

404 1016 813 1088 nuncupavit:
864 1032 1081 1088 equum
1140 1015 1295 1072 enim
1345 1019 1401 1072 et
1450 1031 1819 1072 ascensorem
1850 1014 1951 1084 ait,
1984 1015 2058 1071 ob

401 1110 627 1161 natura
658 1104 1019 1161 societatem.
1050 1104 1111 1161 Si
1141 1104 1330 1177 igitur
1357 1103 1418 1159 in
1450 1104 1810 1171 hominibus,
1843 1103 1943 1159 ubi
1990 1120 2059 1159 ea

400 1211 533 1267 quae
565 1198 788 1250 natura:
817 1200 959 1251 sunt
978 1194 1446 1259 confunduntur,
1471 1193 1570 1249 ubi
1601 1193 1917 1250 discrimen
1948 1193 2059 1248 for-

404 1301 531 1353 mae,
568 1283 811 1350 roboris,
845 1289 903 1339 et
930 1283 1159 1338 consilii
1193 1299 1206 1339 :
1252 1298 1627 1354 nequaquam
1660 1282 1815 1337 enim
1849 1282 1909 1337 in
1940 1282 2057 1339 illis

402 1389 511 1445 par
540 1373 853 1439 sententia,
887 1388 1077 1444 neque
1106 1373 1327 1437 formae,
1361 1387 1544 1443 neque
1574 1372 1761 1427 vires:
1795 1372 2057 1428 dissimi-

404 1458 491 1515 les
525 1459 661 1515 item
695 1458 908 1532 linguaa
941 1463 1099 1526 sunt,
1134 1460 1292 1514 unde
1323 1459 1523 1526 etiam,
1559 1457 1811 1532 μέροπες,
1859 1459 1916 1514 id
1969 1463 2059 1515 est

403 1547 602 1604 divisa:
634 1548 813 1615 vocis,
836 1548 1105 1604 homines
1136 1547 1433 1604 dicuntur.
1456 1547 1603 1614 Quin
1635 1548 1812 1603 etiam
1847 1549 1919 1604 ob
1953 1566 2055 1604 na-

402 1640 545 1692 turas
594 1637 1099 1704 communionem,
1146 1642 1307 1693 totus
1355 1643 1645 1692 terrarum
1693 1638 1853 1693 orbis
1900 1655 2056 1694 unus

402 1726 580 1782 homo
611 1732 985 1799 nuncupatus
1014 1730 1123 1782 est.
1156 1724 1263 1782 Ubi
1294 1742 1428 1782 vero
1472 1726 1727 1782 indivisa
1769 1727 2054 1798 dignitas,

401 1832 585 1871 unum
621 1831 890 1889 regnum,
924 1832 1042 1870 una
1092 1816 1370 1887 potentia,
1404 1814 1735 1886 consilium,
1770 1816 2042 1885 efﬁcacia,

401 1905 742 1927 Γη-ξ-2Α-ι-...
775 1904 1135 1927 Δ2-Λ2..----..-
1170 1922 1193 1927 _
1235 1911 1490 1927 -_-__A_-_-
1518 1923 1530 1927 -
1564 1904 1640 1927 2L!
1677 1922 1855 1927 -__--_.
1895 1905 2023 1927 -m-

2161 1841 2444 1916 ἅνθρωπος
2491 1843 2720 1915 ἐκλήθη.
2767 1814 2947 1904 "ditat;
2996 1846 3054 1904 δὲ
3101 1814 3472 1927 γῆ

397 1905 748 1961 Trinitatem
769 1904 1137 1977 distinguens
1167 1922 1200 1960 a
1230 1911 1531 1973 creatura;
1564 1904 1643 1960 ibi
1677 1922 1861 1961 unum
1894 1905 2050 1960 affir-

398 2010 494 2050 mo
544 1993 753 2050 Deum.
805 1994 905 2049 Sin
955 1998 1174 2061 autem,
1226 1994 1382 2066 quod
1428 1993 1633 2061 Deum,
1665 2000 1723 2049 et
1752 1993 1959 2062 Deum,
1992 1998 2050 2050 et

398 2088 576 2139 Deum
611 2083 761 2150 dico,
796 2088 917 2138 tres
943 2083 1075 2138 ideo
1107 2083 1246 2139 deos
1279 2084 1574 2139 constituo
1603 2100 1616 2139 :
1670 2088 1727 2139 et
1770 2099 1908 2138 cum
1957 2084 2049 2140 aio

399 2171 732 2239 Dominum,
783 2176 840 2230 et
888 2172 1224 2241 Dominum,
1280 2177 1340 2227 et
1388 2173 1721 2241 Dominum,
1753 2176 1873 2228 tres
1916 2172 2047 2229 dico

285 2314 293 2321 ι
397 2262 675 2317 Dominos
709 2278 722 2316 :
779 2261 830 2316 si
879 2277 1038 2333 ergo,
1075 2265 1244 2316 Pater
1295 2261 1603 2328 Dominus,
1637 2261 1818 2316 Filius
1850 2261 2044 2317 Domi-

395 2368 526 2417 nus,
562 2350 817 2422 Spiritus
847 2354 1090 2406 sanctus
1125 2349 1429 2419 Dominus,
1452 2351 1745 2421 quomodo
1775 2354 1859 2414 tu,
1896 2353 2042 2421 Apo-

390 2440 540 2495 stole
570 2437 868 2513 legislator
887 2438 1171 2501 veritatis,
1194 2441 1477 2509 patronus
1509 2437 1830 2510 religionis,
1853 2438 2041 2510 Ephe-

392 2529 500 2585 siis
530 2528 799 2584 clamasti
829 2527 1032 2583 dicens
1064 2543 1080 2582 :
1126 2551 1153 2576 α
1191 2530 1356 2581 Unus
1387 2528 1690 2592 Dominus,
1726 2545 1844 2583 una
1875 2528 2038 2600 ﬁdes,

388 2634 573 2675 unum
623 2616 919 2689 baptisma
946 2616 1094 2672 5’?»
1151 2615 1314 2672 Unus
1369 2616 1654 2672 Dominus
1710 2618 2037 2673 secundum

387 2707 912 2764 sanctiﬁcationem
947 2703 1416 2776 seraphinorum.
1449 2705 1595 2760 Nam
1626 2710 1685 2760 et
1712 2704 1795 2759 illi
1827 2705 2038 2762 clama-

387 2797 534 2852 bant
565 2812 578 2851 :
631 2818 659 2847 ι(
691 2796 959 2861 Sanctus,
992 2798 1254 2860 sanctus,
1304 2797 1543 2850 sanctus
1591 2793 1874 2850 Dominus
1902 2796 1964 2851 ³³.
2005 2817 2034 2846 ››

389 2885 554 2950 Quod
609 2885 658 2939 si
709 2883 1138 2940 contentiosius
1195 2888 1371 2955 agant
1418 2882 1696 2948 haeretici,
1727 2888 1785 2939 et
1814 2884 2031 2953 dicant,

388 2972 570 3029 alium
602 2989 731 3029 esse
762 2973 1128 3028 dominatum
1159 2971 1369 3038 Patris,
1400 2970 1583 3027 alium
1638 2972 1783 3041 Filii,
1832 2973 2033 3044 miror,

388 3080 495 3120 cur
513 3063 845 3119 sustineant
866 3061 1097 3117 duobus
1117 3061 1374 3117 dominis
1397 3061 1698 3131 inservire,
1723 3079 1829 3117 vox
1854 3061 2036 3134 siqui-

385 3154 518 3208 dem
545 3151 769 3208 Domini
801 3156 925 3207 est:
964 3171 985 3201 ι
1011 3150 1192 3207 Nemo
1224 3154 1415 3222 potest
1440 3151 1654 3206 servire
1683 3152 1913 3207 duobus
1935 3152 2035 3207 do-

386 3241 564 3297 minis
583 3241 650 3296 ".
675 3259 701 3290 ιι
731 3240 790 3297 Si
824 3238 977 3295 alius
997 3242 1086 3295 est
1113 3239 1453 3294 dominatus
1477 3238 1685 3307 Patris,
1710 3240 1860 3295 alius
1884 3238 2035 3310 Filii,

381 3337 441 3388 et
469 3330 684 3385 dividis
712 3334 1079 3401 potestatem,
1103 3328 1397 3398 quomodo
1421 3345 1596 3399 regno
1618 3329 1836 3384 servies
1855 3330 1882 3383 ?
1912 3333 2038 3384 Non

388 3419 825 3493 potestduabus
843 3416 1359 3488 unaobtemperari
1377 3417 1907 3488 potestatibus,nisi
1923 3418 2042 3473 sint

386 3509 589 3564 eadem
611 3507 916 3578 dignitate.
931 3505 1113 3560 Nemo
1138 3506 1343 3561 adorat
1364 3522 1581 3577 regem,
1600 3511 1658 3560 et
1678 3508 2037 3578 praefectum.

389 3597 500 3654 Ubi
520 3596 674 3652 enim
699 3611 804 3667 par
827 3593 1104 3665 dignitas,
1129 3610 1233 3666 par
1256 3610 1487 3666 quoque
1510 3596 1794 3651 adoratio.
1820 3598 1882 3650 In
1916 3594 2040 3668 pari

386 3686 670 3757 dignitate
687 3701 802 3740 non
823 3688 910 3739 est
925 3699 1139 3755 pugna.
1158 3683 1238 3737 Im
1248 3683 1511 3755 parilitas
1529 3701 1784 3756 pugnam
1805 3685 2036 3741 excitat:

384 3775 689 3847 aequalitas
725 3789 924 3845 pacem
949 3778 1165 3827 tuetur.
1190 3772 1313 3827 Non
1347 3773 1615 3844 permisit
1645 3774 1748 3828 tibi
1771 3774 2039 3831 Christus

383 3864 644 3919 dividere
666 3862 969 3926 honorem,
994 3878 1125 3917 cum
1156 3862 1377 3916 diceret
1400 3879 1412 3915 :
1448 3884 1475 3910 «ι
1503 3861 1633 3917 Heio
1657 3867 1747 3918 est
1770 3862 2040 3920 voluntas

384 3951 573 4009 Patris
596 3950 730 4019 mei,
756 3956 821 4005 ut
849 3966 1054 4006 omnes
1087 3949 1375 4006 honorent
1396 3949 1627 4016 Filium,
1653 3953 2037 4022 quemadmo—

385 4043 528 4098 dum
558 4046 617 4097 et
636 4044 867 4096 Patrem
888 4040 953 4094 ⁸⁸.
981 4062 1009 4089 ››
1041 4038 1272 4095 Honora
1302 4038 1553 4105 Patrem,
1580 4043 1645 4095 ut
1676 4039 1924 4096 honores
1951 4040 2040 4096 Fi-

387 4130 556 4197 lium,
573 4131 660 4185 vel
696 4128 892 4201 potius
918 4128 1136 4184 honora
1160 4128 1392 4198 Filium,
1416 4133 1478 4183 ut
1510 4127 1761 4184 honores
1784 4129 2036 4185 Patrem.

385 4218 810 4275 Contumeliam
844 4218 903 4273 in
931 4218 1140 4273 Filium
1162 4217 1320 4273 Deus
1349 4234 1520 4273 suam
1555 4222 1750 4289 putat;
1783 4218 2041 4276 Salvator

384 4307 541 4364 enim
575 4307 693 4363 ait:
728 4330 755 4357 «
780 4306 885 4372 Qui
918 4306 1041 4362 odit
1069 4322 1185 4372 me,
1205 4310 1262 4361 et
1281 4306 1510 4362 Patrem
1545 4322 1739 4361 meum
1774 4308 1981 4363 odit“.
2008 4328 2039 4359 ιι

382 4396 465 4452 Ne
486 4395 823 4452 existiment
843 4394 1124 4465 haeretici,
1139 4411 1201 4450 se
1221 4390 1533 4467 gratiﬁcari
1554 4396 1686 4467 Deo,
1701 4412 1835 4451 eum
1860 4397 2041 4467 majo-

382 4501 505 4542 rem
523 4483 670 4540 Filio
687 4484 1156 4556 pronuntiantes.
1175 4483 1300 4541 Non
1318 4482 1525 4556 recipit
1541 4484 1652 4539 sibi
1670 4484 1840 4539 Pater
1860 4484 2039 4541 hono-

2171 755 2418 851 ii-cptiatc,
2449 759 2541 851 καὶ
2588 761 2713 835 περὶ
2760 765 2868 815 τῶν
2911 761 3099 819 ἳππων
3148 766 3237 821 καὶ
3286 770 3412 846 περὶ
3458 775 3568 827 τῶν
3619 771 3830 851 ἀνδρῶν

2172 843 2425 937 λέγεις-ι
2474 849 2732 923 νᾼσωμεν
2780 854 2874 937 τῷ.
2905 853 3118 929 Κυρίῳ*
3165 843 3397 930 ἐνδόξως
3450 861 3556 937 γὰρ
3608 843 3828 935 δεδόξαο

2167 955 2310 989 σται-
2364 934 2534 992 ’ίππον
2593 938 2683 993 καὶ
2742 934 3014 1012 ἀναϐάτην
3066 940 3282 1019 ἔῤῥιψιν
3341 946 3420 1010 είς
3466 934 3759 1005 θάλασσανέ
3795 975 3825 1005 ››

2166 1023 2282 1096 (36)
2309 1022 2378 1078 τὰ
2405 1023 2593 1097 πλήθη
2625 1030 2734 1081 τῶν
2760 1025 2947 1084 ’ίππων
2980 1028 3230 1087 ἒκάλεσεν
3260 1030 3432 1089 ’ίππον
3462 1033 3555 1091 ἶνα
3604 1036 3693 1093 διὰ
3720 1040 3821 1110 τὴν

2168 1110 2456 1203 κοινωχίαν
2483 1120 2584 1183 τῆς
2617 1114 2849 1192 φύσεως,
2880 1118 2971 1172 καὶ
2999 1120 3067 1174 τὰ
3095 1118 3287 1194 πλήθη
3318 1128 3425 1179 τῶν
3458 1123 3668 1203 ἀνδρῶν
3702 1127 3825 1184 ἐκά-

2170 1195 2321 1255 λεσεν
2352 1198 2448 1256 ἕνα
2476 1202 2783 1279 ἄνθρωπον·
2810 1203 2984 1262 ’ίππον
3015 1210 3121 1285 γὰρ
3152 1211 3243 1265 καὶ
3276 1195 3706 1285 ἀναϐάτηνπίπε
3735 1214 3826 1273 διὰ

2166 1289 2266 1357 τὴν
2294 1291 2576 1346 κοινωνίαν
2606 1300 2708 1362 τῆς
2739 1293 2971 1371 φύσεως.
3006 1297 3070 1352 Et
3102 1296 3194 1353 οὖν
3228 1299 3280 1356 ἐν
3324 1309 3441 1364 τοῖς
3487 1303 3823 1380 ἀνθρώποις,

2167 1385 2304 1442 ὅπου
2336 1389 2663 1479 συγκέχυται
2694 1392 2761 1447 τὰ
2789 1400 2889 1462 τῆς
2922 1395 3152 1471 φύσεως,
3182 1398 3320 1454 ὅπου
3354 1397 3586 1479 διάφορα
3626 1408 3693 1458 τὰ
3722 1411 3823 1475 τῆς

2171 1484 2408 1554 μορφῆς,
2433 1479 2521 1533 καὶ
2556 1477 2856 1554 δυνάμεως,
2888 1485 2978 1538 καί
3014 1484 3245 1560 βουλῆς’
3280 1488 3344 1543 οὐ
3373 1477 3474 1565 γὰρ
3507 1477 3647 1546 ἔστιν
3697 1491 3822 1549 οὔτε

2163 1568 2359 1659 γνώμη
2414 1566 2527 1659 ἴση,
2560 1566 2708 1659 ,οὔτε
2753 1574 2968 1659 μορφὴ,
3021 1571 3145 1629 οὔτε
3200 1575 3376 1653 ἰσχύς·
3427 1581 3516 1634 καὶ
3568 1578 3820 1659 διάφοροι

2163 1653 2447 1729 γλῶτται·
2498 1653 2582 1711 διὸ
2626 1657 2715 1712 καὶ
2771 1658 3046 1740 ἅνθρωποι
3101 1664 3334 1739 μέροπες
3382 1664 3636 1742 λέγονται

2165 1752 2312 1809 ἀλλὰ
2342 1752 2432 1809 διὰ
2466 1754 2529 1810 τὸ
2559 1757 2738 1811 κοινὸν
2768 1764 2868 1827 τῆς
2917 1759 3128 1837 φύσεως
3167 1763 3309 1818 πᾶσα
3337 1766 3373 1833 ἡ
3408 1764 3703 1838 οἰκουμένη
3738 1767 3816 1833 εἷς

3520 1854 3658 1924 ἀξία,
3716 1857 3816 1929 μία

2166 1931 2435 2006 βασιλεία,
2471 1933 2568 2006 μία
2599 1932 2852 2009 δύναμις,
2883 1937 2972 1991 καὶ
3009 1936 3209 2013 βουλὴ,
3242 1940 3331 1995 καὶ
3379 1941 3635 2019 ἐνέργεια,
3672 1942 3813 2000 ἰδιά-

2162 2026 2323 2090 ζουσα
2350 2023 2449 2091 τὴν
2481 2021 2683 2097 Τριάδα
2731 2024 2838 2079 ἀπὸ
2883 2032 2985 2097 τῆς
3033 2027 3280 2100 κτίσεως,
3329 2028 3420 2085 ἕνα
3470 2031 3616 2107 λέγω
3656 2031 3808 2094 Θεόν.

2158 2118 2219 2208 εἰ
2253 2115 2332 2189 δὲ,
2366 2119 2454 2174 διὰ
2500 2121 2563 2175 τὸ
2616 2120 2790 2198 λίγειν
2836 2123 2984 2194 Θεὸν,
3035 2125 3124 2180 καὶ
3173 2126 3323 2197 Θεὸν,
3356 2128 3444 2183 καὶ
3477 2131 3628 2203 Θεὸν,
3660 2137 3810 2208 τρεῖς

2157 2205 2305 2283 λέγω
2335 2211 2517 2272 θεούς·
2561 2210 2650 2265 καὶ
2698 2210 2786 2266 ἐὰν
2834 2210 2970 2267 εἷ’πω
3016 2214 3233 2289 Κύριον,
3282 2216 3372 2272 καὶ
3427 2218 3664 2294 Κύριον,
3697 2205 3808 2275 Ὕκαῖ

2156 2297 2379 2373 Κύριον,
2426 2304 2574 2372 τρεῖς
2626 2298 2769 2375 λέγω
2803 2301 3053 2378 Κυρίους·
3089 2304 3135 2359 εί
3188 2306 3361 2362 τοίνυν
3394 2308 3423 2362 6
3466 2309 3651 2384 Πατὴρ
3698 2310 3810 2364 Κύ-

2153 2405 2292 2459 ριος,
2324 2388 2414 2441 καὶ
2447 2388 2475 2442 6
2508 2387 2630 2449 Υἱὸς
2662 2389 2882 2465 Κύριος,
2914 2391 3002 2446 καὶ
3050 2393 3113 2447 τὸ
3146 2399 3363 2468 Πνεῦμα
3410 2396 3471 2450 τὸ
3514 2398 3667 2470 ἅγιον
3702 2396 3807 2450 Κύ-

2151 2494 2291 2547 ριος,
2321 2480 2441 2538 πῶς
2492 2477 2575 2548 σὺ,
2628 2477 2673 2531 ὦ
2719 2478 3042 2549 ’Δπὸστολε,
3092 2483 3121 2536 6
3169 2484 3473 2554 νομοθέτης
3519 2490 3618 2552 τῆς
3664 2481 3806 2554 ἀλη-

2148 2564 2313 2630 θείας,
2375 2565 2403 2618 6
2463 2567 2759 2642 συνήγορος
2804 2570 2903 2637 τῆς
2966 2564 3265 2641 εὐσεϐείας,
3326 2570 3590 2647 Ἐφεσίοις
3643 2569 3801 2635 ἐϐὸας

2149 2650 2347 2727 λέγων·
2381 2677 2409 2705 ‹‹
2460 2653 2553 2716 Εἷς
2604 2655 2841 2731 Κύριος,
2896 2658 2990 2730 μία
3039 2658 3237 2730 πίστις,
3287 2659 3344 2715 ’ὲν
3398 2660 3673 2735 βάπτισμα
3721 2682 3799 2732 ;»

2143 2750 2241 2811 Εἷς
2299 2750 2495 2827 Κύριος
2546 2753 2683 2807 κατὰ
2727 2754 2818 2808 τὸν
2875 2756 3138 2830 ἁγιασμὸν
3196 2760 3304 2811 τῶν
3363 2758 3641 2835 σεραιρίμο
3699 2758 3791 2813 καὶ

2143 2839 2245 2913 γὰρ
2294 2839 2470 2895 ἐκεῖνα
2518 2836 2668 2911 ἆϐόα,
2699 2866 2729 2895 ιι
2778 2843 3003 2916 Ἃγιος,
3052 2845 3206 2920 ἅγιος
3235 2892 3247 2911 ,
3293 2845 3448 2919 ἅγιος
3498 2847 3711 2923 Κύριος.
3759 2871 3785 2904 s

2143 2926 2206 2981 Εί
2252 2923 2310 2980 δὲ
2359 2927 2759 3003 φιλονεικοῦσιν
2810 2930 2862 2982 οἱ
2913 2930 3204 3005 αἱρετικοὶ,
3251 2931 3342 2985 καὶ
3394 2931 3661 3008 λέγουσιν,
3708 2935 3794 2990 ὅτι

2143 3013 2291 3081 ἄλλη
2323 3015 2583 3090 κυριότης
2614 3020 2711 3070 τοῦ
2744 3018 2977 3092 Πατρὸς,
3011 3016 3157 3089 ἄλλη
3189 3024 3285 3073 τοῦ
3318 3020 3464 3090 Υίοῦ,
3509 3024 3792 3096 θαυμάζω,

2141 3115 2260 3173 πῶς
2293 3111 2575 3187 ἀνέχονται
2607 3110 2883 3168 δουλεύειν
2938 3111 3057 3169 δυσὶ
3107 3117 3334 3193 κυρίοις·
3386 3123 3485 3173 τοῦ
3533 3120 3637 3193 γὰρ
3691 3127 3798 3175 Κυ-

2067 3208 2110 3275 C
2150 3200 2270 3274 ρίου
2303 3199 2413 3254 ἐστὶ
2463 3203 2641 3277 φωνὴ,
2678 3226 2705 3254 ι‹
2736 3200 2923 3265 Οὐδεὶς
2972 3201 3188 3259 δύναται
3242 3203 3359 3261 δυσὶ
3415 3208 3626 3279 κυρίοις
3676 3206 3796 3264 δου-

2150 3286 2346 3344 λεύειν.
2384 3312 2412 3339 »
2445 3290 2507 3346 Εἰ
2540 3287 2684 3359 ἄλλη
2718 3286 2980 3363 κυριότης
3012 3294 3239 3369 Πατρὸς,
3270 3294 3360 3348 καὶ
3414 3295 3561 3365 ἄλλη
3613 3297 3798 3373 κυριό-

2146 3397 2246 3447 της
2279 3378 2428 3445 ι’ἱοῦ,
2458 3376 2545 3432 καὶ
2600 3378 2834 3453 μερίζεις
2882 3382 2979 3449 τὴν
3032 3381 3267 3452 ἐξουσίαν
3295 3429 3308 3455 ,
3352 3389 3469 3447 πῶς
3519 3385 3799 3462 λατρεύεις

2146 3469 2215 3540 τῇ
2264 3464 2515 3541 βασιλείᾳ
2547 3484 2559 3536 ;
2593 3466 2671 3525 Οὐ
2704 3465 2920 3523 δύναται
2972 3468 3328 3546 λατρευθῆναι
3374 3470 3470 3528 δύο
3520 3474 3801 3548 ἀξιώματα

2147 3565 2283 3620 κατὰ
2310 3566 2373 3619 τὸ
2402 3564 2587 3636 αὐτοῦ,
2631 3566 2718 3621 ἑὰν
2773 3569 2847 3641 μὴ
2900 3568 3143 3642 ὁμότιμα
3278 3569 3470 3632 Οὐδεὶς
3507 3578 3801 3648 προσκυνεῖ

2152 3652 2379 3730 βασιλέα
2406 3655 2497 3709 καὶ
2528 3655 2788 3731 ἄρχονταο
2823 3656 2960 3712 ὅπου
2990 3658 3094 3733 γὰρ
3127 3659 3399 3733 ὁμότιμος
3428 3663 3463 3729 ἢ
3495 3661 3633 3731 ἀξία,
3668 3661 3801 3734 ὁμό-

2145 3765 2308 3817 τιμος
2337 3744 2427 3798 καὶ
2467 3745 2501 3813 ἠ
2550 3746 2933 3820 προσκύνησις.
2992 3748 3078 3802 Ἐν
3127 3753 3206 3820 τῷ
3252 3748 3350 3821 ἴσῳ
3399 3750 3665 3823 ἀξιώματι
3699 3751 3799 3806 οὐκ

2148 3831 2258 3887 ἔστι
2294 3832 2471 3908 μάχη.
2504 3835 2573 3888 Τὸ
2627 3834 2808 3889 ἄνισον
2859 3836 3055 3912 ἐγείρει
3108 3838 3208 3905 τήν
3266 3838 3471 3913 μάχην
3502 3839 3565 3894 τὸ
3596 3836 3652 3895 δὲ
3686 3839 3798 3894 ἴσον

2153 3917 2405 3998 βραϐεύει
2433 3923 2533 3991 τὴν
2583 3921 2829 3999 εἰρήνην.
2862 3925 2940 3981 Οὐ
2988 3927 3341 4002 συνεχώρησὲ
3392 3948 3477 3982 σοι
3503 3930 3532 3982 6
3564 3930 3796 4001 Χριστὸς

2152 4019 2365 4096 μερίσαι
2413 4021 2514 4089 τήν
2560 4022 2752 4095 τιμὴν,
2804 4020 2990 4076 εἰπών·
3026 4047 3054 4076 ‹‹
3092 4020 3262 4078 Τοῦτό
3310 4024 3423 4080 ἐστι
3469 4026 3533 4081 τὸ
3580 4024 3799 4099 θέλημα

2143 4114 2242 4164 τοῦ
2272 4110 2482 4186 Πατρὸς
2510 4131 2635 4184 μου,
2683 4108 2776 4166 ἵνα
2822 4113 3020 4175 πάντες
3065 4118 3267 4187 τιμῶσι
3316 4115 3409 4169 τὸν
3439 4115 3587 4183 Υίὸν,
3616 4117 3797 4177 καθὼς

2144 4203 2349 4272 τιμῶσι
2402 4200 2495 4254 τὸν
2558 4198 2785 4276 Πατέρα,
2819 4223 2848 4252 »
2907 4202 3050 4273 Τίμα
3104 4201 3354 4279 Πατέρα,
3406 4201 3500 4257 ⁹ίνα
3552 4206 3796 4277 τιμήσῃς

2147 4287 2291 4342 Υἱὸν·
2347 4286 2560 4360 μᾶλλον
2618 4286 2676 4343 δὶ
2721 4287 2858 4361 τίμα
2916 4290 3064 4356 Υίὸν,
3115 4287 3209 4344 ’ίνα
3261 4294 3504 4364 τιμήσῃς
3567 4291 3796 4368 Πατὲρα.

2148 4381 2516 4441 Ἰδιοποιεῖται
2567 4388 2666 4438 τοῦ
2723 4386 2851 4439 Υἱοῦ
2895 4386 2999 4454 τὴν
3048 4380 3203 4460 ὕϐριν
3246 4387 3274 4441 6
3306 4385 3458 4448 Θεός·
3493 4384 3639 4464 λέγει
3695 4388 3800 4463 γὰρ

2148 4474 2176 4528 6
2223 4475 2441 4549 Σωτήρ.
2476 4474 2589 4528 «'0
2644 4474 2740 4548 ἐμὲ
2792 4479 2968 4549 μισῶν
3016 4474 3105 4531 καί
3153 4476 3244 4531 τὸν
3300 4476 3510 4552 Πατέρα
3560 4498 3665 4550 μου
3708 4499 3801 4551 μικ-

382 4589 530 4640 rem,
552 4589 689 4629 cum
710 4572 893 4628 Filius
921 4572 1052 4642 ejus
1072 4572 1428 4628 contumelia
1455 4572 1725 4628 afficitur.
1748 4573 1894 4628 Vide
1917 4574 2033 4629 evi-

2154 4567 2245 4618 πεῖ.
2284 4586 2304 4613 ιι
2344 4563 2430 4630 Μὴ
2462 4562 2757 4634 νομίσωσιν
2803 4564 3087 4639 αἱρετικοὲ.
3141 4564 3225 4619 ὅτι
3267 4570 3345 4637 τῷ
3392 4570 3508 4637 Θεῷ
3536 4564 3796 4642 χαρίσον-

382 4663 526 4718 deus
544 4677 746 4718 earum
770 4677 964 4716 rerum
988 4665 1400 4733 argumentum
1422 4677 1489 4716 ex
1501 4660 1691 4717 Veteri
1709 4662 2030 4733 Scriptura.

380 4751 565 4807 Amici
590 4750 722 4817 Job,
746 4750 846 4821 qui
868 4753 1148 4805 venerant
1176 4750 1245 4804 ad
1268 4749 1729 4806 consolationem
1753 4752 1902 4821 ejus,
1934 4751 2033 4806 in-

380 4840 624 4913 crepaba
635 4845 701 4894 nt
715 4856 871 4909 eum,
888 4855 922 4910 q
933 4839 1059 4894 uasi
1081 4838 1392 4895 temeraria
1410 4838 1502 4909 loq
1514 4844 1767 4911 ueretur,
1782 4844 1837 4895 et
1854 4841 1879 4911 j
1889 4840 2033 4896 usti-

379 4929 637 4985 ficabant
660 4928 986 4995 Deum,Job
1011 4932 1207 4983 autem
1231 4927 1461 4983 dicebat
1476 4927 1626 4983 Deo:
1660 4951 1687 4979 «
1709 4928 1849 4992 Quis
1872 4929 2036 4985 dabit

365 5019 629 5091 judicem
660 5016 815 5073 inter
866 5032 961 5074 me
1012 5021 1069 5073 et
1111 5021 1188 5083 te,
1224 5021 1287 5072 ut
1313 5016 1565 5086 videam,
1599 5022 1743 5089 quot
1771 5018 1890 5074 sint
1917 5018 2032 5073 ini-

441 5198 487 5235 “
520 5196 697 5253 Exod.
727 5213 823 5266 xv,
852 5198 910 5252 2.
1001 5195 1049 5231 ⁸³
1081 5195 1291 5269 Ephes.
1325 5212 1402 5268 tv,
1431 5197 1486 5252 5.
1580 5197 1625 5232 ⁸⁸
1656 5197 1768 5254 Isa.
1809 5213 1890 5267 vr,
1930 5199 1986 5255 3.

2154 5198 2356 5256 Matth.
2398 5214 2481 5266 vx,
2520 5198 2612 5255 24.

451 5392 568 5462 (36)
597 5391 725 5449 Haec
755 5392 839 5449 ita
876 5391 1247 5449 restituimus
1297 5409 1366 5448 ex
1410 5393 1718 5452 Basiliensi
1770 5399 1828 5451 et
1870 5395 2031 5451 Vati-

382 5481 547 5523 cano.
584 5464 730 5520 Nam
759 5464 821 5519 in
854 5465 995 5522 edit.
1026 5465 1251 5521 Comm.
1284 5464 1494 5520 mutila
1521 5471 1709 5533 erant,
1741 5472 1797 5523 et
1827 5469 1885 5523 in
1917 5474 2031 5523 An-

420 5537 538 5602 lic.,
562 5552 736 5607 quem
762 5541 1002 5610 secutus
1023 5542 1113 5593 est
1131 5536 1420 5610 Nannius,
1443 5554 1571 5610 quae
1591 5539 1663 5595 de
1692 5539 2029 5596 hominibus

421 5558 538 5602 ιιῦο,
562 5558 736 5607 quem
762 5558 1002 5594 secum:
1023 5558 1113 5593 εει
1132 5558 1420 5603 ΠΕΙΠΠΗΒ,
1443 5558 1571 5610 (Ῑυω
1591 5558 1663 5595 αθ
1692 5558 2029 5596 Ποωιηιοιιε

379 5558 659 5685 ἕίουαιιιι·
686 5608 1000 5681 praeposita
1027 5614 1169 5667 sunt
1216 5608 1291 5666 iis
1335 5625 1465 5681 quas
1512 5610 1585 5667 de
1620 5626 1796 5685 equo,
1827 5616 2031 5671 contra

378 5680 705 5757 Scriptura
732 5680 997 5740 sensum.

2140 4672 2228 4708 ται
2284 4651 2506 4725 μείζονα
2550 4652 2709 4707 αὐτὸν
2762 4652 3014 4730 λέγοντες
3060 4658 3157 4709 τοῦ
3201 4656 3327 4710 Υἱοῦ
3374 4655 3559 4712 αὐτοῦ.
3602 4657 3675 4710 Οὐ
3708 4654 3797 4710 δίι-

2142 4760 2297 4816 χεται
2322 4743 2490 4813 τιμήν
2524 4744 2619 4810 τὴν
2668 4742 2745 4803 εἷς
2784 4742 2971 4798 ἑαυτὸν
3000 4745 3029 4798 6
3070 4745 3275 4820 Πατὴρ,
3308 4749 3404 4799 τοῦ
3452 4745 3579 4799 1⁸ἱοῦ
3622 4744 3790 4799 αὐτοῦ

2144 4834 2525 4913 ὑϐριζομένου.
2560 4840 2657 4893 Καὶ
2715 4838 2882 4915 βλέπε
2929 4842 3263 4917 πραγμάτων
3312 4839 3584 4913 ἀπόδειξιν
3637 4842 3793 4918 ἐναρ-

2142 4930 2217 5004 γῆ
2263 4927 2322 4982 ἐκ
2366 4934 2466 4998 τῆς
2517 4926 2757 4991 παλαιὶς
2807 4934 3046 5008 Γραφῆς.
3088 4932 3158 4987 Οἱ
3210 4929 3365 5008 φίλοι
3408 4936 3509 4987 τοῦ
3563 4926 3707 5004 Ἰὼϐ,
3742 4931 3798 4985 οἱ

2142 5015 2389 5078 ἐλθόντες
2442 5016 2519 5079 είς
2566 5018 2933 5094 παραμυθίαν,
2983 5018 3270 5075 ἱνεκάλουν
3318 5020 3486 5092 αὐτῷ,
3519 5020 3593 5082 ὡς
3636 5022 3798 5098 φθεγ-

2705 5199 2751 5235 “
2779 5199 2947 5257 Joan.
2994 5217 3050 5269 v,
3090 5201 3182 5256 23.
3280 5200 3522 5256 “Joan.
3568 5216 3659 5268 xv,
3705 5198 3793 5255 23.

2213 5396 2323 5468 (37)
2355 5396 2451 5468 Sic
2499 5396 2821 5468 Vaticanus
2870 5400 2928 5452 et
2973 5397 3133 5468 editi.
3188 5396 3524 5453 Basiliensis
3569 5413 3702 5453 vero
3742 5400 3801 5455 et

2139 5463 2391 5539 Anglia,
2548 5467 2640 5541 xui
2675 5465 2956 5541 ᾄνθρωποι
2989 5464 3263 5541 λέγονται.
3302 5469 3673 5526 Felckmanni
3704 5485 3798 5526 se-

2141 5488 2391 5539 anguc.,
2423 5488 2505 5521 οιο
2548 5488 2640 5522 και
2675 5488 2956 5541 ανθρωποι
2990 5488 3052 5522 as
3094 5488 3263 5524 ονται.
3302 5488 3673 5526 relcxmanm
3704 5488 3798 5526 se-

2141 5542 2395 5613 cundus,
2427 5537 2513 5595 διὸ
2554 5539 2643 5595 καὶ
2676 5537 2951 5613 ἄνθρωποι
2985 5488 3353 5613 οὖγλέγονται,
3386 5544 3606 5600 omissa
3636 5557 3799 5613 voce,

2142 5611 2399 5688 μέροπες,
2432 5629 2560 5686 quas
2587 5611 2787 5671 tamen
2819 5628 3097 5684 germana
3124 5611 3234 5671 est.
