4136 6374
282 390 355 458 λιι
919 384 1022 452 DE
1066 376 1433 452 COMMUNI
1478 374 1864 449 ESSENTIA
1905 376 2191 448 PATRIS
2236 390 2336 449 n'r
2382 389 2563 450 FILII
2608 390 2711 449 ET
2754 380 2953 451 SPIR.
3000 390 3068 452 s.
3623 390 3703 453 ιε

283 525 505 599 γομένῳ
553 521 833 596 τολμηρὰ,
881 518 969 574 καὶ
1024 516 1291 573 ἐδικαίουν
1352 516 1443 572 τὸν
1492 515 1642 573 Θεόν.
1697 517 1759 574 Ὀ
1812 509 1933 572 Ἰὼϐ

2062 517 2305 588 ιυίῐοιεε
2330 534 2497 575 mea:
2522 519 2801 590 quoniam
2825 520 2905 575 ita
2931 536 3022 575 me
3046 521 3321 591 iudicasti
3341 525 3383 559 ⁸⁷
3406 529 3429 580 Ρ
3455 549 3476 578 ι
3513 524 3700 579 Amici

282 612 434 690 ἔλεγε
483 617 560 685 τῷ
605 615 739 683 Θεῷ·
776 634 804 661 ‹‹
849 609 941 664 Τίς
997 607 1159 663 δώσει
1204 609 1396 683 κριτὴν
1451 609 1545 661 ἀνὰ
1591 605 1752 680 μέσον
1801 604 1935 678 ἐμοῦ

272 702 368 769 ,καὶ
429 706 547 774 σοῦ,
600 699 689 754 ’ίνα
750 696 850 753 ἴδω
900 697 1061 752 πόσαι
1114 696 1243 751 εἰσὶν
1295 698 1350 752 αἱ
1400 696 1658 769 ἁμαρτίαι
1693 716 1819 768 μου,
1851 693 1934 749 ὅτι

283 792 455 854 οὕτως
493 812 560 864 με
590 786 802 866 ἔκρινας
840 808 904 857 ;››
939 788 1002 840 Ol
1026 785 1179 864 φίλοι
1200 790 1300 839 τοῦ
1332 783 1459 842 Ἰὼϐ
1493 784 1809 840 ἐδικαίωσαν
1841 784 1932 838 τὸν

282 882 433 954 Θεὸν,
483 878 729 953 καίτοιγε
778 874 1150 952 ἀγνοουμένης
1194 882 1294 945 τῆς
1345 875 1669 935 ὑποθέσεως·
1704 872 1794 927 καὶ
1841 870 1934 927 τόν

286 969 380 1042 μὲν
441 966 649 1023 δίκαιον
722 963 935 1039 μᾶλλον
995 962 1309 1040 κατέκριναν
1367 962 1443 1025 ὡς
1502 964 1888 1037 ἀμαρτήσαντα
1921 980 1932 991 ·

283 1056 375 1113 τὸν
433 1054 491 1112 δὲ
547 1056 694 1124 Θεὸν,
746 1054 819 1116 ὡς
878 1050 1103 1114 δικαίως
1162 1050 1453 1127 ἐπάγοντα,
1504 1050 1792 1124 ἐπῄνεσαν·
1847 1048 1937 1103 καὶ

288 1144 509 1221 λέγουσι
536 1149 615 1216 τῷ
647 1138 791 1201 Ἰώϐ·
830 1167 857 1195 ‹‹
892 1140 1162 1216 Μεγάλως
1213 1138 1509 1208 έλάλησας,
1562 1134 1937 1215 ὑπερϐαλλόν-

286 1256 395 1297 τως
426 1237 542 1309 (38)
571 1230 905 1306 ἐτόλμησας,
954 1230 1017 1284 σὺ
1060 1231 1197 1285 κατά
1235 1234 1333 1284 τοῦ
1383 1229 1568 1283 ἱκανοῦ
1608 1227 1873 1298 λαλήσας·
1907 1253 1933 1280 ››

285 1324 399 1395 καὶ,
434 1349 461 1377 ‹‹
494 1329 548 1378 '0
588 1322 716 1385 Θεὸς
753 1322 829 1394 μὴ
860 1319 1110 1396 ταράττει
1138 1316 1447 1375 τὸδίκαιον.
1474 1318 1626 1375 »Καὶ
1659 1315 1823 1371 πάλιν
1849 1316 1938 1372 λέ-

286 1434 371 1489 γει
423 1412 450 1467 6
501 1409 665 1490 φίλος
714 1410 900 1465 αὑτοῦ·
940 1434 961 1460 ι
1004 1409 1149 1463 Κατὰ
1195 1407 1290 1470 τὰς
1339 1406 1605 1483 ἁμαρτίας
1654 1427 1750 1460 σου
1801 1405 1937 1475 ἐπή-

285 1500 420 1578 γαγέ
465 1522 577 1559 σοι.
633 1499 698 1554 Εἰ
748 1496 805 1553 δὲ
857 1499 932 1571 μὴ
982 1495 1190 1552 πολλαί
1234 1518 1330 1551 σου
1378 1498 1512 1565 ἦσαν
1561 1496 1615 1549 αἱ
1654 1494 1936 1570 ἁμαρτίαι,

287 1590 387 1646 ούκ
430 1590 489 1644 ἂν
542 1587 792 1662 ἐμάστιξέ
840 1608 917 1643 σε.
955 1610 981 1638 ››
1016 1585 1111 1641 Καὶ
1161 1583 1380 1640 ἐδόκουν
1429 1589 1509 1657 τῷ
1553 1588 1668 1657 Θεῷ
1704 1604 1936 1657 συνηγο-

286 1685 419 1756 ρεῖν,
465 1680 557 1733 τὸν
620 1675 677 1732 δὲ
730 1674 934 1732 δίκαιον
993 1675 1349 1750 κατακρίνειν·
1412 1676 1513 1749 ἆρα
1566 1675 1679 1747 (39)
1728 1674 1756 1727 6
1808 1672 1937 1735 Θεὸς

284 1766 497 1841 ἐδέξατο
544 1766 673 1829 τοὺς
725 1765 855 1838 ὑπὲρ
905 1764 1070 1819 αὐτοῦ
1104 1762 1364 1839 λέγοντας
1413 1764 1559 1838 παρὰ
1586 1763 1647 1817 τὸ
1678 1759 1885 1817 δίκαιον
1923 1779 1937 1830 ;

286 1858 429 1933 Ἄρα
470 1854 683 1928 ἐδέξατο
736 1855 833 1923 τὴν
888 1854 1020 1926 ὑπὲρ
1068 1852 1233 1907 αὐτοῦ
1286 1850 1635 1926 συνηγορίαν,
1684 1850 1774 1905 καὶ
1818 1850 1937 1919 ἠτί-

2045 611 2242 662 autem
2272 608 2381 663 Job
2404 608 2817 678 justificabant
2848 609 3056 674 Deum.
3090 627 3225 665 cum
3258 629 3467 668 causas
3499 630 3697 668 rerum

2045 694 2278 765 ignotas
2308 695 2626 751 haberent:
2656 699 2884 764 justum
2916 698 3133 764 virum,
3175 703 3240 752 ut
3290 701 3541 769 peccatis
3593 703 3701 757 ob-

2046 783 2285 838 noxium
2337 786 2831 856 condemnabam,
2887 785 3212 856 Deumque,
3266 792 3331 841 ut
3378 791 3541 858 juste
3593 789 3701 845 has

2046 872 2408 928 calamitates
2459 874 2827 937 inferentem,
2880 873 3314 939 collaudabant,
3379 879 3553 948 atque
3621 879 3703 934 ita

2048 963 2406 1032 respondent
2434 964 2505 1018 ad
2538 964 2712 1018 verba
2741 964 2849 1017 Job
2877 981 2889 1017 :
2926 988 2954 1013 ι(
2991 963 3299 1034 Magniﬁce
3325 964 3559 1021 locutus
3615 983 3698 1033 es,

2047 1050 2294 1105 audacia
2314 1052 2603 1107 sermonis
2630 1053 2713 1106 tui
2740 1051 2973 1118 eximia,
2996 1053 3280 1108 adversus
3304 1059 3481 1109 Deum
3526 1058 3702 1111 verba

2047 1137 2236 1193 fecisti
2261 1139 2325 1194 σε.
2359 1159 2390 1191 ι
2421 1140 2528 1195 Et:
2555 1162 2583 1189 ‹‹
2609 1140 2763 1194 Deus
2796 1157 2908 1195 non
2942 1140 3568 1212 confundetjustitiam
3592 1144 3701 1198 5°.»

2047 1226 2304 1283 Rursum
2334 1228 2475 1284 dicit
2524 1229 2752 1284 amicus
2800 1230 2970 1300 ejus:
3027 1252 3047 1281 ι
3083 1231 3417 1287 Secundum
3469 1238 3706 1303 peccata

2045 1319 2149 1371 tua
2178 1317 2377 1374 intulit
2409 1318 2536 1373 tibi.
2571 1319 2630 1374 Si
2663 1336 2778 1373 non
2825 1318 3011 1375 multa
3056 1324 3254 1375 essent
3298 1326 3537 1392 peccata
3585 1330 3706 1390 tua,

2047 1421 2164 1460 non
2196 1410 2252 1461 te
2284 1406 2643 1477 ﬂagellasset
2661 1408 2725 1461 ⁷ο.
2752 1429 2780 1457 ››
2806 1408 2874 1463 Ει
2897 1410 3187 1480 putabant
3222 1427 3283 1465 se
3306 1409 3423 1466 Deo
3452 1412 3706 1483 patroci-

2046 1494 2196 1561 nari,
2230 1494 2371 1550 dum
2396 1498 2627 1566 justum
2661 1497 3152 1565 condemnarent;
3187 1500 3290 1554 sed
3332 1504 3482 1556 Deus
3532 1518 3704 1557 num-

2048 1582 2191 1654 quid
2220 1584 2489 1654 probavit
2518 1602 2638 1656 eos,
2676 1586 2776 1658 qui
2806 1586 2888 1642 ita
2919 1603 3022 1658 pro
3081 1603 3142 1643 se
3202 1593 3411 1661 praeter
3467 1606 3703 1662 aequum

2047 1672 2224 1728 verba
2248 1674 2554 1731 facerent?
2574 1676 2726 1731 Num
2748 1675 2858 1731 hoc
2901 1692 3089 1747 genus
3129 1678 3437 1749 patrocinii
3469 1685 3703 1751 gratum

2051 1760 2279 1827 habuit,
2307 1765 2655 1836 justumque
2686 1765 2969 1821 dedecore
2998 1766 3236 1821 ati‘ecit?
3292 1767 3701 1839 Nequaquam.

2052 1848 2176 1907 Non
2210 1852 2392 1923 igitur
2421 1853 2681 1909 admittit
2711 1854 2825 1908 sibi
2857 1854 3161 1918 honorem,
3212 1856 3312 1928 qui
3365 1873 3500 1911 cum
3548 1857 3703 1912 indi-

311 1909 426 1933 --ιη
478 1909 581 1928 κη,
794 1909 803 1923 ,
992 1909 1000 1926 ,
1408 1909 1506 1926 .,,
1622 1909 1634 1918 ,
1842 1909 1851 1919 .

294 1966 430 2020 μασε
460 1947 551 2000 τὸν
604 1942 810 1999 δίκαιον
848 1963 860 2013 ;
895 1940 1180 2017 Οὐδαμῶς.
1234 1941 1437 1997 Οὐκοῦν
1490 1940 1551 1995 ού
1594 1938 1811 2016 δέχεται
1834 1940 1934 2009 τὴν

2062 1909 2278 2010 ειιῆειίο
2309 1940 2433 1996 Filii
2469 1943 2820 2013 conjunctus
2851 1942 2947 1998 sit.
2979 1909 3302 2001 Videamus
3333 1909 3705 2019 auiam—quid

293 2034 367 2095 εἷς
413 2033 599 2089 ἑαυτὸν
643 2034 812 2106 τιμὴν
841 2077 854 2101 ,
904 2031 1308 2104 ἀτιμαζομένου
1360 2033 1455 2084 τοῦ
1505 2029 1652 2084 Υἶοῦ.
1706 2026 1938 2102 ’Ἱδωμεν

294 2121 352 2178 δὲ
378 2123 432 2178 τί
462 2121 611 2200 λέγει
640 2127 758 2185 τοῖς
776 2118 956 2200 φίλοις
975 2125 1072 2176 τοῦ
1099 2115 1245 2177 Ἰὼϐ·
1274 2142 1302 2173 ι(
1326 2119 1423 2173 Διὰ
1444 2118 1497 2173 τί
1518 2119 1619 2174 οὐκ
1639 2117 1943 2188 ἐλαλήσατε

297 2211 433 2288 ὀρθὰ
475 2192 599 2286 περῖ
648 2215 744 2266 τοῦ
788 2192 1115 2285 δεράποντός
1151 2230 1256 2282 μου
1288 2226 1302 2277 ;
1339 2232 1367 2260 ››
1399 2208 1462 2262 Εἰ
1517 2206 1606 2262 οὗν
1652 2207 1779 2269 τοὺς
1808 2207 1944 2261 κατὰ

290 2307 394 2356 τοῦ
424 2303 752 2376 θεράποντος
785 2299 948 2354 αὐτοῦ
995 2298 1130 2375 ὀρθὰ
1177 2298 1252 2371 μή
1302 2295 1563 2370 λέγοντας
1614 2296 1942 2365 ἀποσείεται,

289 2389 418 2454 τοὺς
446 2392 582 2446 κατὰ
609 2394 708 2445 τοῦ
755 2392 1099 2463 Μονογενοῦς
1143 2388 1447 2449 ἀκονῶντας
1486 2388 1599 2459 (40)
1626 2387 1726 2456 τήν
1758 2384 1945 2461 γλῶτ-

290 2501 383 2536 τον
436 2477 702 2555 ὃέχεταις
764 2475 1068 2549 Οὐδαμῶς.
1131 2475 1530 2552 Ἀπαραίτητος
1584 2474 1758 2529 τοίνυν
1818 2471 1941 2544 δίκη

293 2574 410 2630 τοῖς
448 2567 835 2645 βλασφημοῦσι
878 2567 942 2621 τὸ
985 2563 1208 2637 Πνεῦμα
1247 2566 1309 2619 τὸ
1340 2564 1514 2640 ἅγιον·
1562 2564 1723 2619 ἄκουε
1760 2564 1863 2639 γὰρ
1893 2561 1947 2617 τί

297 2678 461 2736 φησιν
520 2657 549 2711 ὁ
610 2657 826 2730 Σωτήρ·
862 2677 889 2705 ‹‹
942 2656 1096 2711 Πᾶσα
1147 2652 1471 2731 βλασφημία
1520 2654 1859 2731 ἀφεθήσεται·
1911 2655 1947 2722 ἡ

299 2744 359 2801 δὲ
406 2745 481 2807 εἰς
528 2744 590 2799 τὸ
640 2745 857 2817 Πνεῦμα
902 2742 965 2797 τὸ
1014 2743 1169 2817 ἅγιον
1234 2740 1559 2819 βλασφημία
1604 2740 1705 2797 οὐκ
1748 2740 1951 2819 ἀφεθή-

302 2854 472 2891 σεται.
509 2858 531 2886 ι

481 2943 518 2996 7
543 2985 557 2998 .
590 2940 714 2998 ’Ότι
745 2941 780 3009 ἡ
811 2939 971 3015 Τριὰς
1002 2934 1331 2992 ἀποστέλλει
1362 2934 1723 2998 ἀποστόλους.

375 3047 510 3124 Περὶ
562 3051 659 3102 τοῦ
712 3047 923 3122 ΙΙατρὸς
973 3042 1141 3121 λέγει·
1177 3068 1206 3096 ‹‹
1241 3046 1326 3100 Ἐν
1379 3044 1479 3121 γὰρ
1526 3048 1607 3116 τῷ
1639 3038 1753 3119 ὄρει
1788 3045 1954 3115 Σιὼν,

310 3136 426 3207 ἥξει
459 3139 487 3192 6
519 3132 1026 3211 εὐαγγελιζόμενος,
1075 3133 1165 3188 καὶ
1216 3133 1268 3187 ο⁹ι
1318 3131 1815 3209 εὐαγγελιζόμενοι,
1863 3132 1956 3195 οὓς

303 3226 330 3281 6
390 3224 586 3297 Κύριος
640 3220 1068 3295 προσκέκληται.
1103 3246 1131 3273 ››

302 3311 629 3369 ἀποστέλλω
663 3312 827 3384 ὑμᾶς,
859 3310 933 3373 ὡς
965 3305 1233 3385 πρόϐατα,
1268 3309 1319 3365 ἐν
1347 3310 1496 3383 μέσῳ
1520 3308 1724 3366 λύκων.
1760 3332 1787 3360 ››
1822 3308 1953 3385 ΙΙερὶ

298 3406 397 3458 τοῦ
448 3400 766 3475 ΙΙνεύματος
816 3399 866 3455 ἐν
914 3405 1034 3462 ταῖς
1086 3399 1316 3475 ΙΙράξεσι
1370 3397 1539 3473 λέγει·
1574 3425 1601 3452 ‹‹
1636 3400 1700 3453 Οἱ
1736 3399 1831 3472 μὲν
1864 3396 1955 3453 οῦν

300 3489 697 3553 ἀποσταλέντες
756 3490 860 3544 ὑπὸ
914 3494 1011 3544 τοῦ
1070 3487 1223 3564 ἁγίου
1282 3487 1596 3561 ΙΙνεύματος
1649 3488 1816 3557 ἦλθον
1878 3487 1952 3550 εἷς

305 3579 649 3636 Σελεύκειαν.
687 3603 713 3630 ›)
747 3578 810 3633 Εἰ
838 3578 1020 3634 τοίνυν
1051 3582 1185 3633 Θεοῦ
1214 3577 1276 3632 τὸ
1307 3574 1755 3652 προσκαλεῖσθαι,
1786 3574 1875 3631 διὰ
1902 3576 1955 3630 τί

299 3671 362 3726 τὸ
395 3672 617 3742 Πνεῦμα
647 3665 735 3723 διὰ
764 3671 869 3721 τῶν
903 3670 1199 3745 προφητῶν
1239 3664 1410 3742 λέγει·
1450 3690 1471 3716 ι
1503 3662 1639 3719 Τάδε
1670 3663 1819 3741 λέγει
1853 3663 1955 3718 Κύ-

303 3779 421 3833 ριος
455 3779 469 3829 ;
506 3782 536 3810 ›)
557 3756 656 3812 Καὶ
676 3756 841 3813 πάλιν
863 3756 925 3811 τὸ
948 3758 1175 3829 Πνεῦμα
1193 3760 1310 3817 τοῖς
1344 3753 1396 3810 ἐν
1423 3754 1729 3830 Ἀντιοχείᾳ
1749 3753 1954 3830 ἁγίοις·

308 3873 330 3904 ι
368 3846 695 3925 ’Δφορίσατε
727 3844 792 3917 δή
831 3866 923 3919 μοι
976 3847 1089 3918 (41)
1136 3845 1226 3899 τὸν
1279 3844 1499 3901 Παῦλον
1545 3845 1634 3899 καὶ
1682 3839 1953 3920 Βαρνάϐαν

304 3938 380 4000 εἷς
438 3936 502 3992 τὸ
551 3934 705 4013 ἔργον
750 3935 780 3990 ’ὁ
836 3932 1258 4011 προσκέκλημαι
1313 3932 1509 3995 αὐτούς
1544 3952 1558 4001 ;
1595 3957 1621 3984 ››
1670 3933 1815 3989 Μάθι
1863 3931 1954 3987 οῦν

299 4028 399 4095 τὴν
452 4023 682 4099 δύναμιν
732 4031 837 4094 τῆς
883 4021 1136 4099 Τριάδος.
1191 4023 1248 4075 Ὀ
1306 4023 1498 4098 ΙΙατὴρ
1556 4027 1863 4096 νομοθετεῖ·
1928 4023 1955 4077 ὁ

304 4115 428 4178 Υἱὸς
458 4113 690 4170 κελεύει·
749 4112 814 4167 τὸ
868 4113 1095 4184 Πνεῦμα
1140 4108 1401 4167 αὐθεντεῖ.
1444 4113 1645 4166 ’Ἄκουε
1697 4110 1955 4185 λέγοντος

301 4209 403 4260 τοῦ
435 4208 591 4259 Θεοῦ·
626 4226 656 4255 ‹‹
708 4199 1208 4277 Εὐαγγελιζόμενοι
1256 4198 1502 4271 ἥξουσιν,
1556 4199 1650 4262 οὖς
1698 4201 1727 4254 6
1759 4199 1957 4274 Κύριος

300 4292 730 4370 προσκέκληται,
762 4315 790 4343 ››

455 4402 511 4459 8.
544 4403 663 4454 ’Ὀτι
695 4400 730 4468 ἡ
764 4396 1090 4474 ἀγίάΑΤριάς
1123 4392 1391 4474 ὑείκνυται
1423 4396 1685 4465 καθῆσθαι
1714 4395 1802 4451 ἐπὶ

901 4467 1097 4545 θρόνου
1130 4467 1368 4541 ὑψηΛοῦ.

375 4578 551 4648 Φησὶν
586 4578 613 4632 ὁ
642 4575 882 4638 Ἡσαΐας·
919 4598 947 4627 ‹‹
980 4573 1138 4632 Εἶδον
1174 4574 1265 4628 τὸν
1301 4572 1499 4646 Κύριον
1550 4568 1781 4629 Σαϐαὼθ
1824 4577 1953 4630 καθ-

303 4637 509 4743 ἡμινον
568 4666 657 4723 ἐπὶ
715 4664 909 4741 θρόνου
957 4661 1173 4738 ὑψηλοῦ
1216 4662 1306 4718 καὶ
1365 4637 1696 4739 ἐπηρμένου,
1751 4664 1841 4719 καὶ
1892 4665 1958 4719 τὰ
1990 4637 2035 4703 D

306 4758 545 4836 σεραφὶμ
603 4756 938 4826 εἶστήκεισαν
991 4750 1181 4825 κύκλῳ
1238 4751 1422 4820 αὐτοῦ,
1476 4753 1625 4806 »καὶ
1685 4754 1752 4807 τὰ
1810 4753 1955 4825 ἐξῆς,

305 4834 569 4921 ’Δνάγκη,
621 4844 705 4899 δτι
753 4844 781 4897 6
816 4843 1004 4918 Πατὴρ
1037 4842 1149 4916 (42)
1198 4834 1638 4913 ὑπολαμϐάνεται
1688 4842 1795 4916 πρὸ
1826 4845 1959 4898 πάν-

303 4956 434 4993 των.
494 4934 606 4998 Εἶθ’
656 4926 1000 4993 ὑποκαταϐὰς
1055 4929 1225 5005 λέγει·
1262 4951 1288 4983 α
1318 4929 1415 4983 Καὶ
1448 4927 1658 4998 ἤκουσα
1702 4939 1803 5002 τῆς
1844 4955 1961 5011 φω-

305 5032 404 5095 νῆς
448 5023 671 5101 Κυρίου,
723 5019 997 5096 λέγοντος·
1050 5019 1179 5075 Τίνα
1232 5016 1520 5075 ἀποστελῶ
1550 5038 1564 5089 ;
1596 5020 1683 5075 καῖ
1736 5021 1818 5078 τίς
1862 5045 1963 5080 πο-

378 5198 422 5232 "
453 5196 580 5252 Job.
612 5211 736 5263 xm,
765 5194 857 5249 23.
963 5193 1006 5234 9°
1034 5192 1143 5248 Job
1173 5208 1272 5257 xv,
1306 5192 1392 5247 11.

1496 5192 1542 5226 ⁶⁹
1572 5192 1684 5248 Job
1716 5210 1802 5260 x1,
1833 5197 1887 5252 6.

1992 5198 2037 5234 7°
2064 5196 2173 5253 Job
2203 5211 2340 5261 χχιι,
2373 5195 2426 5249 5.

2052 2027 2209 2084 dicat
2237 2030 2444 2085 amicis
2474 2030 2643 2086 Jobi:
2683 2053 2711 2081 «
2750 2035 2938 2095 Quare
2968 2049 3083 2087 non
3126 2039 3283 2089 recta
3330 2034 3507 2090 locuti
3561 2036 3706 2092 estis

2052 2116 2124 2172 de
2144 2134 2309 2174 servo
2331 2135 2460 2175 meo
2482 2120 2525 2155 τί
2548 2120 2576 2175 ?
2598 2142 2627 2169 »
2651 2120 2708 2175 Si
2734 2121 2913 2191 igitur
2965 2138 3078 2176 non
3121 2126 3279 2177 recta
3301 2123 3372 2178 de
3402 2140 3565 2179 servo
3597 2142 3705 2180 suo

2051 2206 2363 2277 loquentes
2393 2209 2663 2279 repudiat
2686 2233 2701 2277 ;
2735 2225 2807 2264 an
2830 2209 3073 2279 scilicet,
3098 2210 3198 2282 qui
3222 2216 3424 2267 contra
3446 2212 3707 2284 unigeni-

2052 2298 2179 2350 tum
2203 2294 2413 2351 Filium
2434 2314 2608 2352 suum
2633 2297 2866 2370 linguas
2888 2304 3127 2367 acuunt,
3153 2300 3438 2371 recipiet?
3486 2316 3706 2373 nequa-

2057 2400 2255 2455 quam.
2286 2386 2324 2439 7
2357 2386 2811 2457 Indeprecabilis
2836 2387 3016 2458 igitur
3036 2406 3206 2459 poena
3240 2389 3706 2461 blasphemanti-

2053 2472 2166 2528 bus
2190 2473 2471 2544 Spiritum
2502 2482 2792 2531 sanctum.
2818 2477 2969 2531 Audi
2991 2477 3147 2533 enim
3172 2478 3312 2548 quid
3333 2477 3595 2535 Salvator
3614 2480 3705 2535 di-

2056 2566 2243 2618 cat:«
2273 2563 2479 2619 Omnis
2525 2564 2892 2635 blasphemia
2942 2567 3290 2632 remittetur,
3340 2566 3710 2639 blasphemia

2058 2656 2253 2708 autem
2287 2652 2345 2708 in
2379 2653 2661 2725 Spiritum
2696 2659 2967 2710 sanctum
2999 2672 3114 2711 non
3146 2655 3480 2711 remittetur
3517 2656 3583 2711 ⁷³.
3611 2679 3633 2705 ιι

2372 2939 2428 2995 7.
2457 2940 2617 3011 Quod
2638 2941 2875 2995 Trinitas
2902 2942 3168 3013 apostolos
3194 2944 3402 2998 mittat.

2138 3046 2219 3101 De
2250 3049 2418 3101 Patre
2449 3045 2624 3102 dicit:
2660 3067 2688 3095 «
2715 3048 2775 3101 In
2810 3054 3065 3103 montem
3091 3049 3230 3105 Sion
3262 3050 3455 3106 veniet
3484 3066 3715 3106 annun-

2064 3135 2241 3191 tiator
2260 3132 2642 3205 Evangelii,et
2653 3135 2945 3208 Evangelii
2965 3140 3587 3210 annuntiatores,quos
3611 3140 3721 3194 ad-

1189 3220 1325 3297 ΙΙερὶ
1383 3224 1481 3276 τοῦ
1530 3219 1678 3275 Υἱοῦ·
1749 3244 1773 3275 ιι
1813 3217 1948 3277 Ἰδοὺ

2067 3224 2294 3279 vocavit
2324 3223 2696 3280 Dominus”.
2750 3246 2776 3274 «
2806 3230 2881 3280 De
2929 3225 3071 3280 Filio
3106 3243 3118 3281 :
3168 3247 3192 3279 α
3224 3227 3365 3283 Ecce
3396 3228 3562 3282 mitto
3591 3244 3718 3294 vos,

2068 3312 2237 3384 quasi
2267 3329 2422 3379 oves,
2454 3313 2514 3367 in
2548 3313 2739 3368 medio
2777 3312 3050 3385 luporum
3080 3315 3145 3369 ⁷⁸.
3181 3337 3211 3365 ››
3262 3320 3337 3371 De
3385 3315 3605 3387 Spiritu
3656 3316 3717 3372 in

2062 3401 2220 3456 Actis
2250 3400 2428 3457 dicit:
2462 3422 2490 3450 ‹‹
2521 3404 2588 3454 Et
2617 3399 2702 3455 illi
2745 3400 2986 3472 quidem
3040 3402 3210 3458 missi
3240 3420 3274 3458 a
3304 3403 3525 3475 Spiritu
3581 3419 3717 3459 san-

2065 3496 2156 3546 cto
2187 3490 2461 3546 abierunt
2488 3489 2810 3545 Seleuciam
2834 3490 2897 3524 ⁷⁵·
2928 3512 2955 3539 ››
2989 3491 3048 3546 Si
3106 3490 3288 3563 igitur
3336 3490 3433 3545 Dei
3482 3496 3573 3547 est
3618 3508 3717 3548 vo-

2066 3595 2220 3648 care,
2253 3595 2357 3633 cur
2386 3578 2639 3651 Spiritus
2671 3596 2773 3651 per
2802 3581 3119 3651 prophetas
3170 3581 3287 3635 ait:
3346 3600 3373 3632 ι
3402 3582 3529 3635 Hac
3580 3580 3721 3635 dicit

2066 3668 2449 3725 Dominus?»
2483 3672 2584 3724 aut
2635 3686 2741 3724 cur
2794 3668 3064 3740 Spiritus,
3126 3669 3197 3724 iis
3251 3668 3347 3738 qui
3394 3668 3718 3724 Antiochiae

2066 3764 2255 3827 erant,
2289 3757 2509 3813 sanctis
2540 3757 2723 3813 dixit:
2758 3780 2784 3807 «
2819 3758 3128 3828 Segregate
3160 3757 3305 3813 mihi
3361 3756 3612 3813 Paulum
3666 3773 3723 3813 et

2066 3846 2393 3902 Barnabam
2425 3846 2484 3902 in
2517 3864 2688 3919 opus,
2723 3848 2795 3902 ad
2828 3847 2983 3918 quod
3015 3848 3215 3902 vocavi
3256 3864 3356 3903 eos
3377 3847 3470 3901 7°?
3493 3867 3516 3898 ι
3554 3846 3725 3902 Disce

2064 3936 2249 4008 igitur
2277 3936 2596 4007 potentiam
2628 3935 2951 3991 Trinitatis.
2971 3936 3142 3991 Pater
3162 3935 3347 4008 legem
3371 3934 3594 3999 condit,
3630 3934 3722 3989 Fi-

2065 4024 2181 4080 lius
2198 4024 2389 4096 jubet,
2413 4024 2694 4095 Spiritum
2717 4023 3129 4080 auctoritatem
3153 4024 3338 4081 addit.
3362 4023 3513 4079 Audi
3536 4022 3722 4078 Deum

2066 4114 2189 4169 haec
2246 4114 2621 4185 loquentem:
2689 4136 2710 4162 ι
2746 4112 2852 4179 Qui
2904 4112 3277 4185 Ev‘angelium
3342 4112 3721 4184 annuntiant,

2064 4204 2300 4259 venient
2327 4218 2474 4273 quos
2506 4201 2793 4258 Dominus
2823 4203 3048 4259 vocavit
3074 4205 3137 4258 ⁷⁷.
3176 4226 3204 4253 ››

2064 4403 2117 4456 8.
2164 4399 2434 4455 Probatur
2488 4401 2735 4454 sanctam
2792 4398 3123 4454 Trinitatem
3169 4398 3354 4455 cadere
3414 4398 3474 4453 in
3525 4398 3722 4453 throno

2779 4470 3009 4525 excelso.

2142 4578 2289 4635 Dicit
2321 4577 2501 4633 Isias:
2535 4599 2562 4627 «
2596 4575 2729 4630 Vidi
2764 4575 3080 4631 Dominum
3112 4576 3367 4632 Sabaoth
3418 4577 3723 4632 sedentem

2067 4669 2126 4724 in
2160 4668 2371 4723 throno
2411 4665 2636 4722 excelso
2685 4670 2741 4721 et
2788 4664 3050 4734 sublimi,
3104 4670 3160 4720 et
3206 4665 3501 4738 seraphim
3558 4665 3610 4721 ei
3666 4666 3727 4720 in

2070 4758 2270 4814 orbem
2321 4754 2783 4811 circumstabant
2822 4754 2886 4825 "-3,
2920 4774 2949 4803 »
2982 4758 3091 4810 etc.
3138 4754 3451 4811 Necessum
3501 4758 3589 4811 est
3631 4754 3729 4810 hic

2070 4847 2301 4903 Patrem
2326 4849 2458 4901 ante
2484 4860 2688 4900 omnes
2715 4842 3213 4914 intelligi.Deinde
3244 4849 3377 4915 post
3398 4860 3581 4916 pauca
3609 4844 3732 4899 haec

2073 4934 2418 5006 subjungit:
2454 4956 2481 4982 ‹‹
2516 4934 2585 4987 Et
2630 4933 2825 4987 audivi
2884 4948 3083 4987 vocem
3144 4932 3380 4988 Domini
3439 4932 3727 4988 dicentis:

2074 5028 2256 5093 Quem
2290 5024 2545 5090 mittam,
2576 5025 2632 5077 et
2675 5021 2807 5094 quis
2865 5021 3273 5094 proﬁciscetur
3329 5022 3401 5078 ad
3446 5021 3729 5093 populum

2532 5193 2575 5229 τί
2608 5192 2718 5248 Job
2777 5209 2913 5263 XLII,
2944 5195 2997 5247 7.
3100 5193 3144 5227 7'
3202 5191 3410 5248 Matth.
3469 5207 3571 5259 xu,
3630 5190 3726 5247 31.

310 5270 355 5306 ⁷⁸
383 5268 509 5327 Joel
540 5284 603 5339 ιι,
632 5267 724 5322 32.
799 5266 845 5301 τ’·
872 5264 1077 5321 Matth.
1112 5282 1168 5331 ι,
1203 5264 1290 5319 16.
1368 5264 1413 5298 ’⁷⁸
1441 5264 1566 5319 Act.
1599 5281 1724 5335 xm,
1757 5268 1811 5322 4.
1889 5268 1934 5303 ’⁷⁸

2062 5269 2110 5325 d.
2141 5270 2196 5324 2.
2272 5267 2314 5301 ⁷⁷
2344 5263 2467 5321 Joel
2496 5281 2559 5330 ιι,
2591 5265 2681 5319 32.
2758 5264 2800 5298 ⁷⁸
2832 5264 2946 5320 Isa.
2976 5281 3054 5332 νι,
3090 5266 3141 5336 1,
3172 5265 3226 5319 2.

384 5442 497 5513 (38)
543 5438 907 5513 Basiliensis,
959 5429 1415 5513 ὑπερϐαλόντῳςη
1448 5436 1598 5513 Mox,
1655 5438 1792 5492 κατὰ
1830 5441 1961 5513 ,τοῦ

308 5508 519 5583 ἱκανοῦ,
554 5512 609 5567 id
642 5516 731 5567 est
761 5508 1279 5583 adversus'Deum.
1312 5508 1457 5564 Vide
1506 5510 1771 5583 Ggecum
1822 5511 1971 5568 Scri-

310 5581 881 5659 pturatext.__Ruth.
915 5597 955 5647 1,
986 5582 1058 5637 20
1082 5599 1094 5649 ;
1116 5581 1240 5659 _._lob
1267 5596 1423 5659 gxxr,
1455 5581 1787 5659 2;_Ezech.,
1811 5601 1851 5651 ι,
1874 5585 1965 5641 24.

407 5657 497 5738 39)
529 5653 870 5738 Dasiliensis
897 5660 963 5738 et.
981 5651 1233 5738 Anglia,
1266 5652 1395 5738 ἄρα,
1419 5657 1478 5708 et
1505 5652 1590 5738 sic
1612 5653 1787 5738 paulo
1813 5661 1967 5738 post.

406 5723 497 5799 40)
529 5726 893 5795 Basiliensis,
940 5723 1312 5785 ἀκονόὖντας.’
1339 5723 1473 5783 Mox
1519 5723 1865 5785 Basiliensis
1912 5731 1971 5785 et

598 5853 869 5917 ΡΑι-ιιοι..
897 5853 1013 5916 Gn.
1054 5849 1332 5917 XXVIII.

2069 5438 2319 5507 Anglic.,
2350 5440 2386 5506 ἡ
2421 5432 2569 5505 δίκη.
2606 5442 2666 5493 In
2694 5437 2836 5493 edit.
2870 5435 3150 5493 Commel.
3175 5436 3319 5507 ibid,
3343 5433 3517 5490 τοίνυν
3542 5438 3729 5493 deest.

2148 5507 2623 5636 glgésgglomnes
2657 5526 2800 5565 mss.
2836 5514 2892 5563 et
2921 5508 3060 5563 edit.
3112 5507 3296 5564 Paris.
3355 5509 3508 5567 Edit.
3560 5509 3732 5564 Com-

2078 5583 2634 5727 ωῗέἑέὲὸοόὶἰὶθιιείε
2659 5655 2717 5707 et
2747 5648 3132 5723 Anglicanus,
3164 5648 3247 5705 ὅτι
3278 5650 3370 5705 καὶ
3399 5651 3615 5727 Πατὴρ.
