4136 6370
402 409 481 468 43
1587 405 1650 466 S.
1698 400 2229 464 ATHANASIUS.
2254 434 2331 445 —
2361 401 2634 465 DURIA.
3745 404 3826 463 44

400 541 624 596 istum?
649 539 717 595 Et
766 539 912 594 dixi:
964 539 1107 593 Ecce
1145 554 1272 610 ego,
1307 538 1470 591 mitte
1490 551 1601 591 me.
1637 537 1704 590 Et
1734 535 1877 590 dixit
1912 533 2051 588 mihi

2173 531 2412 606 ρεύσεται
2445 537 2581 607 προς
2614 535 2705 589 τὸν
2754 533 2883 588 λαὸν
2937 540 3128 589 τοῦτον
3166 554 3178 604 ;
3213 533 3308 588 Καὶ
3360 536 3482 588 εἷπα
3680 532 3824 590 Ἰδοὺ

404 629 556 684 Vade
579 629 652 684 ad
681 628 964 700 populum
988 628 1190 692 istum,
1216 634 1269 680 et
1291 626 1384 682 dic
1416 626 1465 680 ei
1494 643 1506 680 :
1557 627 1818 679 Auribus
1862 622 2059 678 audie-

398 717 496 783 tis,
523 724 580 772 et
604 734 718 771 non
742 715 1105 785 intelligetis,
1130 721 1186 768 et
1223 715 1487 768 videntes
1529 713 1823 778 videbitis,
1856 719 1913 768 et
1943 729 2057 767 non

404 806 1079 862 cernetis.lncrassatum
1104 809 1193 858 est
1217 803 1371 858 enim
1405 820 1504 858 cor
1518 801 1713 874 populi
1736 803 1993 872 hujus",
2029 824 2056 851 ››

405 900 514 951 etc.
547 893 802 950 Joannes
833 910 965 948 vero
997 894 1069 948 ad
1107 891 1314 947 Filium
1347 892 1550 948 eadem
1586 891 1684 946 illa
1716 892 1912 956 refert,
1964 909 2060 946 cu-

403 985 500 1054 jus
533 983 652 1038 haec
708 983 884 1038 verba
933 986 1111 1037 sunt:
1159 1005 1186 1030 «
1221 982 1363 1036 Cum
1421 986 1616 1035 autem
1670 985 1833 1034 tanta
1890 980 2058 1052 signa

403 1071 636 1128 fecisset
665 1089 859 1127 coram
903 1071 1007 1138 eis,
1060 1087 1176 1125 non
1226 1070 1603 1125 crediderunt
1648 1070 1708 1123 in
1752 1069 1942 1134 illum,
1993 1074 2056 1124 ut

402 1178 596 1217 sermo
655 1160 818 1216 Isaiae
877 1159 1172 1232 propheta
1229 1158 1573 1229 impleretur
1629 1175 1800 1228 quem
1863 1157 2051 1213 dixit:

402 1251 665 1318 Domine,
689 1249 822 1322 quis
845 1249 1090 1304 credidit
1121 1248 1348 1303 auditui
1382 1255 1582 1303 nostro
1609 1246 1712 1302 ?et
1748 1246 2052 1301 brachium

399 1339 632 1396 Domini
667 1340 762 1394 cui
784 1337 1099 1394 revelatum
1122 1337 1256 1392 est?
1277 1337 1406 1391 Haec
1451 1343 1648 1391 autem
1671 1336 1820 1390 dixit
1851 1336 2051 1404 Isaias,

402 1445 538 1484 cum
571 1428 718 1483 vidit
745 1427 991 1501 gloriam
1033 1427 1162 1498 ejus
1182 1427 1246 1481 ⁸ο.
1272 1449 1299 1475 ››
1324 1426 1404 1481 De
1426 1426 1644 1496 Spiritu
1677 1430 1874 1480 autem
1906 1425 2053 1479 Pau-

396 1519 492 1574 lus
525 1535 656 1573 cum
687 1517 930 1583 Judaeis,
965 1517 1063 1588 qui
1096 1516 1288 1571 Roma)
1333 1519 1518 1582 erant,
1552 1515 1913 1586 disceptans,
1970 1513 2053 1568 ita

398 1605 634 1663 locutus
657 1610 773 1662 est:
800 1629 827 1656 «
853 1605 1156 1661 Benedixit
1177 1603 1428 1676 Spiritus
1452 1608 1690 1660 sanctus
1715 1619 1815 1676 per
1841 1602 2050 1658 Isaiam

401 1695 781 1768 prophetam:
806 1695 1064 1750 Auribus
1094 1692 1367 1759 audietis,
1402 1698 1457 1748 et
1479 1710 1592 1748 non
1620 1693 2052 1764 intelligetis,et

397 1786 664 1842 videntes
693 1785 990 1854 videbitis,
1022 1789 1081 1841 et
1106 1802 1220 1841 non
1255 1787 1504 1840 cernetis
1530 1784 1600 1851 ⁸⁸,
1636 1806 1663 1833 ››
1695 1789 1806 1839 etc.

841 2092 896 2146 9.
929 2091 1087 2161 Quod
1114 2091 1361 2156 Spiritu:
1391 2089 1601 2146 sedeat.

469 2200 550 2256 Ex
572 2199 721 2255 libro
759 2198 953 2263 Mosis,
985 2214 1098 2252 non
1123 2197 1313 2254 solum
1341 2197 1563 2263 sedere,
1588 2198 1685 2252 sed
1710 2200 1767 2251 et
1795 2196 2052 2252 assidere

392 2288 575 2354 Patri,
609 2291 661 2344 et
699 2286 864 2352 Filio,
923 2285 1205 2357 Spiritum
1265 2289 1534 2340 sanctum
1588 2285 2048 2339 demonstratur.

397 2378 511 2434 Sed
541 2377 596 2430 id
627 2381 897 2447 petamus
927 2390 996 2430 ex
1037 2373 1249 2429 idonea
1277 2372 1522 2428 historia
1547 2388 1558 2426 :
1586 2388 1830 2445 propero
1857 2376 2048 2426 autem

415 2467 489 2522 ad
521 2463 962 2520 Abrahamum:
997 2485 1026 2512 ‹‹
1079 2463 1366 2535 Apparuit
1415 2462 1568 2517 Deus
1616 2461 1934 2528 Abraham,
1995 2465 2053 2516 et

396 2571 529 2613 ecce
558 2559 678 2610 tres
705 2553 838 2620 viri,
871 2569 1020 2624 quos
1069 2551 1322 2623 hospitio
1373 2551 1596 2622 excepit
1644 2551 1753 2607 sub
1809 2567 2048 2622 quercu,

397 2644 501 2717 qui
557 2646 940 2699 surrexerunt
994 2645 1053 2696 et
1123 2645 1504 2712 respexerunt
1584 2655 1790 2694 versus
1874 2640 2050 2694 Sodo-

398 2749 558 2788 mam
587 2731 654 2788 ⁸³.
690 2753 718 2780 »
747 2733 878 2787 Jam
911 2727 1058 2784 illud
1089 2730 1355 2797 verbum,
1388 2750 1417 2778 (ι
1451 2733 1849 2792 surrexerunt,
1884 2750 1910 2778 »
1967 2728 2051 2783 in-

400 2822 557 2877 dicat
586 2819 910 2877 sessionem
952 2819 1343 2891 praacsssisse.
1395 2817 1497 2873 Die
1546 2817 1688 2872 mihi
1739 2817 1938 2888 igitur,
1988 2816 2046 2871 in

399 2926 607 2967 mensa
645 2914 766 2965 tres
796 2908 895 2964 isti
925 2907 1225 2971 sederunt,
1274 2909 1516 2961 annon?
1565 2907 1874 2971 Sederunt,
1927 2906 2044 2962 ait:

395 2999 543 3072 Ergo
573 2998 964 3064 sedere,idem
991 3000 1080 3052 est
1095 3001 1271 3067 atque
1316 3011 1435 3051 una
1470 2995 1795 3052 considere.
1841 2996 1904 3050 In
1942 2997 2046 3051 Da-

394 3088 564 3157 niele,
596 3103 728 3145 cum
765 3087 1036 3143 Susanna
1093 3086 1165 3140 ad
1216 3090 1463 3139 mortem
1508 3085 1916 3153 abduceretur,
1969 3085 2050 3140 ait

391 3177 724 3250 Scriptura:
778 3200 805 3227 ι(
837 3175 1155 3232 Suscitavit
1201 3174 1355 3229 Deus
1417 3174 1706 3245 Spiritum
1775 3179 2047 3230 sanctum

392 3266 644 3341 pueruli,
685 3265 780 3321 cui
831 3282 1044 3321 nomen
1098 3262 1301 3318 Daniel
1345 3263 1412 3316 ⁸³.
1447 3284 1475 3311 ››
1523 3261 1646 3317 Vox
1690 3261 1868 3333 igitur
1925 3261 2044 3328 illa,
2079 3283 2121 3348 ρ

398 3378 426 3408 κ
458 3354 782 3424 suscitavit,
818 3375 846 3402 »
879 3353 948 3407 de
979 3355 1171 3406 stante
1226 3367 1341 3404 non
1393 3349 1763 3422 intelligitur,
1825 3351 1925 3407 sed
1979 3352 2049 3406 de

396 3444 635 3502 sedente
666 3446 769 3496 aut
789 3441 1114 3496 dormiente
1136 3464 1150 3505 ;
1175 3437 1671 3509 quemadmodum
1715 3444 1770 3495 et
1799 3439 1856 3494 in
1889 3438 2050 3494 Psal-

399 3549 497 3588 mo
522 3548 536 3588 :
560 3554 586 3581 ‹‹
614 3530 913 3586 Excitatus
943 3533 1032 3585 est
1061 3533 1341 3600 tanquam
1366 3527 1665 3584 dormiens
1713 3525 2050 3599 Dorminus,

398 3627 684 3693 tanquam
708 3624 911 3692 potens
926 3616 1328 3690 etcrapulatus
1347 3634 1381 3673 a
1410 3617 1613 3672 vino“.
1641 3640 1669 3667 »
1698 3619 1796 3674 Et:
1832 3641 1859 3668 ‹‹
1885 3617 2050 3673 Exci-

400 3715 563 3767 tatus
586 3714 676 3766 est
717 3708 1001 3764 Dominus
1052 3724 1120 3762 ex
1176 3707 1436 3762 nubibus
1493 3707 1618 3762 suis
1675 3708 1892 3762 sanctis
1921 3708 1984 3760 ⁸⁸.
2022 3729 2050 3756 ››

403 3801 594 3856 Aliam
619 3815 848 3871 quoque
879 3798 1115 3853 afferam
1148 3795 1456 3851 historiam
1488 3797 1559 3852 de
1582 3800 1749 3852 Patre
1799 3797 2050 3864 Domini,

403 3891 475 3946 ad
506 3893 791 3944 Joannem
824 3888 1088 3942 dicente:
1120 3909 1148 3936 ‹‹
1182 3886 1369 3957 Super
1405 3902 1576 3956 quem
1617 3885 1830 3942 videris
1870 3887 2052 3957 Spiri-

401 3983 530 4034 tum
563 3977 1016 4034 descendentem
1049 3980 1106 4030 et
1138 3978 1474 4030 manentem
1537 3991 1716 4046 super
1755 3992 1890 4030 eum
1922 3977 1985 4030 ⁸⁸.
2021 3996 2050 4025 ››

401 4067 689 4124 Dominus
720 4067 838 4122 ait:
865 4089 892 4115 «
918 4065 1019 4120 Sin
1045 4069 1238 4119 autem
1264 4068 1451 4132 Pater,
1486 4064 1586 4136 qui
1620 4065 1678 4118 in
1713 4082 1807 4121 me
1837 4070 2050 4134 manet,

401 4157 529 4228 ipse
550 4157 684 4211 facit
707 4171 881 4227 opera
896 4154 960 4209 ⁸⁷.
984 4175 1011 4203 ››
1037 4153 1136 4208 Dic
1167 4153 1532 4224 igiturjuxta
1563 4153 1609 4208 8
1643 4153 1764 4208 haec
1793 4155 2056 4210 testimo-

402 4246 523 4311 nia,
573 4245 742 4300 Pater
789 4247 846 4298 et
894 4241 1147 4314 Spiritus
1203 4245 1440 4296 manent
1489 4242 1542 4295 in
1598 4241 1760 4309 Filio,
1809 4247 2054 4298 annon?

407 4334 666 4404 Manent,
690 4331 943 4402 inquies.
979 4332 1037 4387 Si
1063 4331 1262 4402 itaque
1292 4329 1352 4384 in
1377 4329 1518 4385 Filio
1542 4335 1781 4386 manent
1813 4331 1978 4387 Pater
1999 4338 2057 4387 et

402 4423 678 4495 Spiritus,
701 4437 935 4477 necesse
963 4436 1206 4492 prorsus
1236 4425 1344 4474 est.
1399 4419 1543 4474 Filio
1575 4421 1835 4489 sedente,
1896 4422 2056 4493 ipsos

402 4527 638 4584 quoque
669 4528 786 4566 una
815 4510 1014 4565 sedere
1045 4508 1146 4578 qui
1170 4525 1302 4564 cum
1336 4507 1435 4563 illo
1468 4513 1749 4575 manent;
1811 4515 1876 4564 ut
1921 4526 2057 4582 ergo

401 4601 565 4656 sedet
593 4601 739 4672 ipse,
772 4599 852 4654 ita
881 4615 1001 4653 una
1045 4597 1251 4653 sedent
1305 4594 1411 4650 illi.
1458 4596 1516 4651 Si
1565 4597 1743 4668 igitur
1789 4597 1912 4654 haec
1970 4603 2059 4652 est

2171 620 2298 696 ὗγὼ,
2330 622 2653 677 ἀπόστειλὸν
2707 646 2792 696 με.
2850 625 2948 678 Καὶ
3001 624 3114 678 εἶπέ
3169 643 3282 696 μοι·
3337 625 3640 697 Πορεύθητι
3690 626 3827 698 πρὸς

2167 711 2258 764 τὸν
2290 709 2418 765 λαὸν
2451 718 2664 784 τοῦτον,
2694 714 2781 767 καὶ
2832 712 2948 768 εἰπὲ
2997 713 3161 784 αὐτῷ·
3200 714 3365 786 ’Δκοῇ
3412 714 3699 782 ἀκούσητε,
3732 712 3822 768 καὶ

2168 797 2231 853 οῦ
2284 801 2360 872 μή
2408 809 2618 870 συνῆτε·
2655 803 2742 856 καὶ
2805 801 3097 877 βλέποντες
3156 799 3418 876 βλὲψητε,
3477 801 3565 855 καὶ
3625 800 3686 855 οὐ
3743 802 3820 873 μὴ

2169 885 2339 956 ἴδητε·
2377 889 2654 966 ἐπαχύνθη
2688 894 2790 966 γαρ
2824 894 2857 959 ἡ
2891 888 3087 966 καρδία
3114 895 3210 945 τοῦ
3245 890 3381 945 λαοῦ
3419 890 3642 961 τούτου,
3674 914 3701 941 ››
3732 888 3821 943 καὶ

2210 979 2223 994 ι
2293 977 2305 993 ς
2351 985 2376 996 ..
2486 981 2497 994 ο
2609 979 2648 995 κς
2710 986 2722 1004 ,
2818 980 2826 994 ο
3050 979 3062 996 ν
3194 982 3206 996 ι
3331 981 3386 999 ,ρ-
3492 979 3504 994 ν
3672 975 3731 998 ρ.

2166 998 2232 1030 τα
2290 981 2432 1049 εξης.
2501 990 2545 1035 U
2605 997 2661 1033 οε
2730 983 2967 1049 Ιωαννης
3020 1001 3096 1040 εις
3154 1002 3244 1034 τον
3305 986 3425 1033 ὶιον
3488 977 3819 1051 εκλαμοανει

2164 1071 2350 1120 ταῦτα·
2404 1066 2551 1142 λέγει
2604 1068 2727 1142 γάρ·
2763 1094 2787 1118 ‹‹
2840 1073 3082 1123 Τοσαῦτα
3127 1067 3183 1123 δὲ
3243 1068 3406 1122 αὐτοῦ
3465 1073 3666 1140 σημεῖα
3722 1087 3816 1122 πε-

2167 1151 2463 1225 ποιηκότος
2542 1155 2840 1233 ἔμπροσθεν
2917 1157 3088 1213 αὐτῶν
3128 1203 3143 1224 ,
3200 1158 3297 1212 οῦκ
3371 1158 3679 1211 ἐπίστευσαν
3741 1156 3817 1218 είς

2165 1243 2346 1316 αὐτὸν,
2374 1243 2465 1299 ’ίνα
2497 1247 2523 1299 ὁ
2558 1247 2720 1322 Λόγος
2763 1245 2985 1302 Ἠσαίου
3034 1253 3130 1302 τοῦ
3177 1249 3463 1324 προφήτου
3514 1247 3814 1321 πληρωθῇ,

2165 1333 2223 1388 ὃν
2257 1336 2392 1388 sine
2429 1361 2456 1386 ‹‹
2501 1335 2685 1407 Κύριε,
2736 1336 2818 1398 τίς
2871 1336 3143 1391 ἐπίστευσε
3191 1335 3257 1409 τῇ
3305 1337 3444 1406 ἀκοῇ
3487 1338 3645 1407 ἡμῶν
3678 1353 3691 1402 ;
3725 1334 3816 1389 καὶ

2165 1423 2193 1477 6
2231 1423 2475 1498 βραχίων
2529 1425 2728 1496 Κυρίου
2773 1425 2878 1479 τίνι
2929 1425 3282 1502 ἀπεκαλύφθη
3321 1430 3540 1494 ;Ταῦτα
3572 1422 3628 1479 δὲ
3673 1425 3817 1479 εἶπεν

2162 1511 2400 1583 Ἠσαίας,
2434 1513 2522 1568 ὅτε
2555 1511 2662 1568 εἶδε
2705 1516 2803 1583 τήν
2857 1512 3010 1586 δόξαν
3063 1513 3247 1569 αὐτοῦ.
3285 1539 3312 1564 ››
3346 1515 3478 1589 Περὶ
3517 1518 3615 1568 τοῦ
3648 1511 3812 1571 Πνεῦ-

2167 1622 2334 1673 ματος
2361 1600 2419 1656 δὶ
2449 1602 2477 1656 6
2524 1600 2741 1664 Παῦλος
2790 1601 3182 1677 διαλεγόμενος
3233 1608 3347 1664 τοῖς
3379 1602 3430 1657 ἰν
3468 1603 3654 1674 Ῥώμη
3683 1608 3815 1656 ἰου-

2162 1686 2358 1758 δαίοις,
2391 1692 2528 1746 εἴπεο
2563 1716 2588 1741 α
2627 1691 2817 1753 Καλῶς
2870 1693 2984 1746 εἷπε
3032 1693 3092 1746 τὸ
3145 1693 3368 1764 Πνεῦμα
3415 1692 3477 1746 τὸ
3523 1693 3676 1765 ἅγιον
3725 1687 3815 1745 διὰ

2160 1778 2383 1834 Ἠσαίου
2413 1785 2508 1834 τοῦ
2540 1784 2845 1859 προσήτου·
2880 1780 3017 1854 ἀκοῇ
3052 1779 3317 1851 ἀκούσητε
3347 1783 3482 1853 (44),
3514 1781 3602 1835 καὶ
3637 1779 3698 1834 οὗ
3734 1781 3811 1853 μὴ

2082 1871 2373 1972 Βσυνῆτεο
2416 1868 2504 1923 καί
2559 1868 2856 1944 βλεποντες
2909 1868 3172 1944 suam,
3204 1870 3292 1924 καὶ
3343 1867 3405 1924 οὒ
3460 1870 3535 1943 μὴ
3573 1865 3744 1938 ἴδητε,
3781 1891 3810 1920 ››

2158 1959 2247 2012 καὶ
2281 1960 2344 2012 τὰ
2374 1958 2462 2029 ὲξῆ
2475 1980 2518 2020 ς.

2468 2086 2522 2138 9.
2558 2083 2690 2158 Περὶ
2735 2105 2830 2138 τοο
2864 2085 3126 2153 καθῆσθαι
3160 2084 3219 2138 τὸ
3253 2085 3492 2156 Πνεῦμα.

2233 2189 2325 2243 Ἐκ
2380 2195 2478 2257 τῆς
2544 2184 2739 2262 βίϐλου
2796 2191 3043 2252 Μωσέως
3100 2190 3162 2245 οὐ
3231 2190 3392 2262 μόνον
3449 2191 3754 2261 καθήμενον
3793 2233 3808 2259 ,

2159 2275 2304 2332 ἀλλὰ
2346 2278 2435 2331 γαὶ
2491 2281 2898 2352 συγκαθήμενον
2946 2281 3008 2334 τὸ
3061 2282 3281 2351 Πνεῦμα
3328 2280 3390 2333 τὸ
3430 2280 3579 2353 ἅγιον
3635 2279 3808 2353 Πατρὶ

2158 2366 2247 2419 καὶ
2308 2366 2584 2420 Υείκνυται
2621 2411 2634 2424 .
2693 2369 2784 2424 Ἐκ
2838 2376 2938 2438 τῆς
3001 2367 3091 2422 οὖν
3153 2367 3467 2444 πρεπούσης
3521 2367 3758 2441 ἱστορίας
3795 2411 3808 2424 .

2157 2456 2445 2529 Ὣρμημαι
2492 2459 2604 2527 (45)
2663 2454 2720 2511 δὲ
2769 2457 2855 2512 ἐπὶ
2914 2454 3181 2532 Ἀϐραάμ·
3222 2482 3242 2508 ι
3278 2460 3453 2534 ’Ώφθη
3506 2458 3534 2511 6
3574 2457 3701 2517 Θεὸς
3731 2460 3811 2527 τῷ

2157 2539 2428 2620 ’Δόραᾶμ,
2459 2545 2548 2598 καὶ
2602 2543 2719 2600 ἰδοὺ
2773 2544 2959 2621 ἄνδρες
2988 2553 3155 2619 τρεῖς,
3209 2548 3301 2608 οὓς
3330 2553 3419 2601 καί
3453 2546 3673 2617 ἐξένισεν
3705 2545 3809 2600 ὐπὸ

2156 2635 2256 2702 τήν
2311 2631 2461 2708 δρῦν,
2508 2634 2559 2688 οἳ
2611 2635 2982 2708 ἐξανέστησαν,
3031 2631 3423 2708 ἐπιϐλὲῲαντες
3472 2635 3558 2689 ἐπὶ
3589 2634 3807 2710 πρόσω-

2157 2743 2256 2776 πον
2295 2721 2577 2796 Σοδόμων.
2615 2726 2743 2779 »Τὸ
2792 2723 2870 2793 δὲ,
2915 2751 2943 2778 «
2995 2726 3363 2796 ἐξανέστησαν,
3399 2751 3421 2779 ι
3476 2724 3809 2779 καθισάντων

2158 2813 2273 2867 όστὶ
2315 2814 2576 2884 σημασία.
2615 2814 2743 2868 Εἷπὶ
2793 2815 2905 2881 οὗν,
2953 2814 3039 2868 ἐπὶ
3088 2821 3187 2882 τῆς
3236 2815 3508 2889 τραπίζης
3561 2814 3610 2867 οἱ
3662 2817 3808 2886 τρεῖς

2156 2900 2427 2969 ἐκάθισαν,
2456 2903 2491 2970 ἢ
2538 2899 2600 2956 οὔ
2635 2919 2649 2968 ;
2683 2904 2882 2974 Φησίν,
2929 2903 3231 2958 Ἐκάθισαν.
3278 2902 3358 2958 Τὸ
3405 2900 3494 2956 οὖν
3542 2903 3809 2971 καθῆσθαι

2157 2990 2244 3046 ἐπὶ
2274 2991 2336 3046 τὸ
2372 2990 2499 3045 αὐτὸ
2531 2991 2845 3066 συγκαθίσαι
2897 2991 3064 3048 ἐστίν.
3101 2993 3182 3045 Ἐν
3217 2988 3273 3046 δὶ
3301 2995 3378 3062 τῷ
3427 2990 3655 3064 Δανιὴλ,
3691 2997 3808 3045 Σω-

2159 3081 2352 3149 σάννης
2410 3079 2763 3154 ἀπαγομένης
2825 3083 3216 3149 θανατωθῆναι,
3277 3078 3424 3154 λέγει
3485 3083 3519 3149 ἡ
3579 3083 3804 3157 Γραφή·

2161 3194 2187 3220 ‹‹
2221 3170 2525 3245 Ἐξήγειρεν
2557 3171 2584 3223 6
2617 3170 2748 3230 Θεὸς
2798 3170 2858 3223 τὸ
2907 3172 3128 3242 ΙΙνεῦμα
3173 3170 3235 3224 τὸ
3284 3171 3436 3244 ἅγιον
3488 3167 3806 3243 παιδαρίου,

2160 3259 2205 3330 ᾧ
2233 3254 2403 3330 ὄνομα
2454 3257 2681 3328 Δανιήλ.
2719 3280 2744 3312 ι
2779 3263 2838 3313 Ἡ
2871 3257 2960 3311 οὗν
3008 3283 3034 3308 ‹‹
3089 3258 3400 3334 ἐξεγέρσεως
3432 3282 3460 3309 ››
3505 3258 3660 3336 φωνή
3711 3257 3810 3312 οὐκ

2163 3346 2249 3402 ἐπὶ
2295 3348 2525 3410 ἑστῶτος
2577 3342 2930 3421 λαμϐάνεται,
2981 3345 3104 3402 ἀλλ’
3152 3347 3238 3402 ἐπὶ
3286 3348 3596 3421 καθημένου
3628 3348 3662 3416 ἢ
3694 3367 3811 3401 κοι-

2166 3438 2463 3511 μωμὲνου’
2525 3437 2598 3500 ὡς
2657 3438 2746 3491 καί
2805 3436 2855 3491 ἐν
2909 3441 2989 3508 τῷ
3040 3436 3245 3510 ψαλμῷ
3301 3435 3449 3512 λέγει
3485 3457 3497 3470 ’
3562 3461 3587 3486 u
3648 3437 3809 3506 Ἐξη-

2163 3528 2328 3602 γὲρθη
2364 3529 2476 3599 (46)
2509 3527 2583 3588 ὡς
2637 3526 2664 3581 6
2712 3527 2886 3580 ὑπνῶν
2933 3525 3148 3601 Κύριος,
3199 3527 3274 3588 ὡς
3323 3523 3542 3589 δυνατὸς
3592 3525 3680 3580 καὶ
3720 3546 3809 3579 κε-

2163 3614 2555 3690 κραιπαληκὼς
2607 3613 2655 3688 ἐξ
2711 3614 2880 3670 oi'vou‘
2915 3641 2942 3668 ››
2994 3616 3082 3669 καὶ
3137 3617 3220 3686 τὸ,
3259 3640 3287 3666 ‹‹
3347 3616 3645 3692 Ἐξηγὲρθη
3706 3616 3809 3668 Κύ-

2163 3725 2278 3778 ριος
2324 3705 2374 3758 ἐν
2420 3703 2658 3781 νεφελῶν
2710 3706 2872 3780 ἁγίων
2918 3704 3100 3760 αὐτοῦ,
3139 3730 3164 3755 ››
3202 3705 3297 3762 Καὶ
3347 3704 3528 3775 ἄλλης
3571 3704 3810 3780 ἱστορίας

2167 3795 2530 3868 μνημονεύσω
2559 3799 2656 3849 τοῦ
2691 3795 2901 3870 Ματρὸς
2929 3799 3028 3849 τοῦ
3061 3795 3280 3869 Κυρίου,
3312 3794 3446 3868 πρὸς
3490 3796 3581 3848 τὸν
3623 3793 3809 3848 Ἰωαν-

2161 3906 2258 3953 νην
2313 3883 2588 3958 λὶγοντοςο
2627 3909 2654 3934 ‹‹
2691 3885 2804 3962 Ἐφ’
2838 3885 2894 3938 ὃν
2952 3887 3006 3938 ἃν
3063 3881 3176 3957 ἴδῃς
3225 3883 3285 3936 τὸ
3347 3886 3563 3956 Πνεῦμα
3620 3903 3755 3938 κατα
3787 3915 3810 3926 -

2164 3968 2371 4044 ϐαῖνον,
2427 3972 2516 4027 καὶ
2584 3971 2740 4044 μένον
2801 3971 2884 4026 ἐπ’
2944 3971 3127 4027 αὐτόν.
3187 3993 3212 4024 ι
3259 3973 3314 4024 Ὀ
3375 3972 3566 4047 Κύριος
3616 3972 3760 4026 εἶπεν
3796 3990 3808 4002 ·

2165 4091 2191 4114 (ί
2227 4062 2286 4120 Εἰ
2315 4063 2402 4117 καὶ
2436 4063 2463 4116 6
2498 4063 2685 4137 Πατὴρ
2719 4063 2853 4134 (47),
2889 4061 2916 4115 6
2951 4062 3128 4133 μὲνων
3180 4060 3230 4116 ἐν
3281 4061 3425 4134 ἐμοὶ,
3475 4061 3632 4123 αὐτὸς
3666 4065 3815 4115 ποιεῖ

2161 4153 2228 4208 τὰ
2260 4148 2406 4228 ἔργα.
2441 4177 2461 4202 ι
2501 4151 2633 4205 Εἰπέ
2683 4149 2774 4204 οὖν
2832 4151 2968 4205 κατά
3027 4150 3121 4212 τὰς
3183 4149 3496 4226 μαρτυρίας,
3542 4151 3570 4204 6
3623 4150 3813 4225 Πατὴρ

2161 4243 2251 4297 καὶ
2310 4242 2372 4296 τὸ
2425 4244 2648 4313 Πνεῦμα
2709 4240 2958 4312 μὲνουσιν
3019 4239 3069 4294 ἐν
3114 4244 3192 4311 τῷ
3239 4240 3369 4310 Υἱῷ,
3499 4235 3560 4293 οῦ
3594 4258 3608 4306 ;
3645 4238 3813 4309 Φησὶ,

2164 4333 2451 4387 Μένουσιν.
2504 4331 2565 4383 Οἱ
2617 4327 2707 4383 οὖν
2760 4329 2812 4383 ἐν
2855 4335 2933 4401 τῷ
2979 4331 3090 4400 Υἱῷ
3139 4328 3411 4401 μένοντες,
3445 4330 3472 4382 6
3507 4330 3694 4403 Πατὴρ
3727 4326 3816 4382 καὶ

2165 4422 2228 4476 τὸ
2264 4423 2502 4492 Πνεῦμα,
2544 4417 2638 4472 τοῦ
2688 4420 2815 4472 Υἱοῦ
2861 4419 3198 4483 καθίσαντος,
3250 4418 3451 4493 ἀνάγκη
3505 4423 3648 4471 πᾶσα
3692 4438 3818 4492 συγ-

2166 4510 2428 4578 καθῆσθαι
2482 4506 2627 4579 αῦτῷ
2673 4507 2763 4561 καὶ
2796 4508 2848 4561 οἱ
2901 4508 3150 4580 μένοντες
3193 4506 3243 4560 ἐν
3290 4506 3457 4578 αὐτῷ·
3491 4505 3565 4568 ὡς
3599 4504 3688 4559 οῦν
3721 4503 3818 4558 κα-

2166 4599 2345 4669 θηται,
2395 4598 2484 4651 καὶ
2539 4598 2917 4671 συγκάθηνται.
2973 4596 3036 4650 Εἰ
3085 4618 3176 4668 om
3225 4595 3357 4665 αὕτη
3415 4594 3554 4649 ἐστὶν
3607 4592 3820 4669 ἱστορία

400 4689 648 4746 historia
677 4689 748 4743 de
778 4687 1076 4742 Abraham
1108 4689 1166 4740 et
1198 4686 1322 4752 Lot,
1357 4688 1412 4740 et
1455 4686 1513 4740 in
1564 4686 1718 4740 Actis
1767 4687 2051 4758 opostolo-

2166 4685 2253 4740 ἐπὶ
2288 4681 2537 4760 Ἀϐρααμ
2585 4688 2698 4758 (48)
2748 4685 2838 4738 καὶ
2891 4686 3035 4756 Λὼτ,
3066 4685 3156 4738 καὶ
3191 4683 3241 4738 ἐν
3282 4688 3399 4745 ταῖς
3435 4684 3661 4758 Πράξεσι
3710 4686 3818 4736 τῶν

401 4794 533 4832 rum
563 4777 850 4848 scriptum
872 4780 994 4830 est:
1024 4797 1049 4821 ‹‹
1070 4775 1138 4829 Et
1159 4774 1311 4829 sedit
1335 4791 1515 4844 supra
1555 4774 1819 4846 singulos
1849 4791 2048 4831 eorum

400 4867 655 4939 Spiritus
677 4870 917 4922 sanctus
937 4865 1002 4930 ⁸⁸,
1031 4888 1052 4916 ι
1083 4869 1147 4918 ut
1167 4868 1224 4917 et
1245 4863 1304 4916 in
1330 4863 1563 4918 Psalmo
1589 4864 1836 4920 dicitur:
1896 4889 1914 4914 α
1943 4866 2050 4929 Qui

402 4956 572 5013 sedes
599 4971 776 5027 super
804 4953 1109 5009 eherubim
1139 4952 1220 5008 3°:
1261 4975 1281 5002 ι
1317 4952 1460 5008 Filio
1491 4957 1645 5010 certe
1675 4956 1899 5010 scimus
1931 4955 2049 5010 exi-

472 5093 518 5127 "
547 5093 659 5148 Isa.
690 5108 770 5156 v1,
801 5091 855 5161 8,
892 5091 976 5144 10.
1070 5090 1114 5123 ⁸ο
1143 5088 1447 5161 ,ΙοειιιηΧμ
1480 5089 1670 5161 37-41.

402 5164 490 5220 45.
592 5164 638 5199 ⁸⁴
668 5159 1066 5229 Ρ8α1.ἰ.χχνιι,
1097 5161 1187 5214 65.
1292 5159 1335 5194 ⁸⁸
1367 5159 1538 5216 Zach.
1574 5178 1634 5229 II,
1671 5162 1754 5216 13.

402 5251 590 5305 LXXIX,
619 5236 675 5290 2.

473 5394 771 5467 (743)7Hmc,
799 5391 889 5446 καὶ
948 5391 1091 5467 εἶπα,
1143 5407 1329 5467 usque
1376 5393 1471 5462 ad,
1513 5393 1628 5467 τὸνΔ
1669 5389 2047 5467 λαὸν-,τοῦτον

398 5440 702 5534 ἰιιὲιιιέιὶνθ,
731 5440 945 5536 desunt
974 5464 1032 5519 in
1067 5440 1290 5536 Sasil;
1326 5440 1556 5535 propter
1609 5462 2048 5536 ὁμοιοτέλευτον.

401 5539 533 5594 Mox
580 5539 758 5610 idem,
803 5534 1338 5610 ΑᾷκούσετεηγΡαιιιιοί
1390 5541 1541 5607 post,
1589 5534 1948 5610 Anglicanus
1995 5545 2055 5594 et

401 5604 1044 5693 edit.nParis,“B).btete‘,
1077 5606 1172 5693 alii
1210 5604 1469 5682 βλέψητε.

471 5682 584 5752 (44)
616 5677 979 5752 Basiliensis,
1013 5677 1284 5752 ἀκούσετε.

472 5749 584 5826 (45)
633 5751 994 5824 Basiliensis,
1053 5749 1328 5826 ὥρμηται.
1389 5750 1616 5807 Ibidem
1677 5754 1817 5821 hac,
1877 5750 2050 5829 Ὠερθη

1774 5091 1816 5126 ⁸1
1849 5093 1970 5146 Act.
2007 5107 2203 5157 xxvm,
2237 5093 2334 5156 25,
2361 5092 2450 5145 26.

1857 5163 1900 5196 ⁸⁸
1929 5163 2096 5220 Joan.
2132 5180 2171 5230 ι,
2202 5164 2292 5218 33.

2163 4772 2486 4830 ἀποστόλων
2541 4773 2860 4850 γέγραπται·
2923 4798 2950 4825 ς(
2986 4773 3082 4827 Καὶ
3137 4773 3373 4827 ἐκάθισεν
3435 4772 3516 4849 ἔφ’
3561 4768 3653 4825 ἕνα
3694 4768 3823 4825 ’ἐκα-

2162 4885 2284 4918 στον
2343 4864 2517 4918 αὐτῶν
2579 4864 2640 4916 τὸ
2704 4865 2923 4935 Πνεῦμα
2975 4863 3038 4915 τὸ
3099 4862 3270 4937 ἅγιονθ
3311 4886 3336 4911 ν)
3369 4861 3441 4922 ὡς
3500 4862 3589 4915 καὶ
3639 4861 3690 4914 ἒν
3743 4863 3822 4930 τῷ

2159 4951 2365 5026 ψαλμῷ
2422 4951 2591 5029 λέγει·
2629 4975 2656 5001 ‹‹
2689 4953 2749 5008 Ὀ
2808 4952 3115 5023 καθήμενος
3176 4950 3264 5004 ἐπὶ
3321 4945 3617 5025 χερουϐὶμ·
3657 4972 3684 5001 ››
3743 4951 3822 5017 τῷ

2549 5089 2593 5123 ⁸²
2620 5088 2828 5144 Genes.
2865 5105 3027 5151 xvm,
3063 5090 3112 5152 1,
3146 5089 3198 5154 9,
3230 5089 3320 5141 22.
3399 5088 3444 5122 ⁸³
3494 5086 3638 5142 Dan.
3691 5100 3813 5154 xui,

2398 5163 2440 5197 ⁸τ
2471 5162 2642 5218 Joan.
2677 5177 2790 5228 xxv,
2828 5161 2916 5214 10.
3017 5160 3060 5194 ⁸⁸
3093 5153 3221 5215 Act.
3259 5177 3318 5226 ιι,
3355 5160 3441 5215 13.
3571 5158 3616 5193 ⁸³
3663 5153 3819 5212 Psal.

2163 5395 2192 5448 ὁ
2223 5393 2352 5454 Θεὸς
2382 5396 2460 5463 τῷ
2491 5386 3010 5466 ’ᾼϐραάμηᾴοειιιιῑ
3038 5390 3098 5446 in
3121 5389 3463 5463 Anglicano.

2257 5466 2346 5536 46)
2377 5462 2742 5535 Basiliensis,
2776 5462 3095 5535 ἒξηγὲρθην.

2260 5527 2344 5604 47)
2380 5527 3176 5604 Βοειιίοιιείε’δι’νοίιοοουε,
3209 5529 3272 5585 El
3298 5527 3363 5604 ρὲ
3394 5530 3443 5586 ὁ.

2234 5597 2348 5737 (48)
2379 5610 2442 5664 In
2472 5609 2789 5691 Anglicano
2819 5612 2877 5662 et
2906 5597 3173 5688 Felck.'i,
3224 5597 3498 5676 ’Δϐραάμ,
3547 5617 3682 5659 cum
3729 5606 3822 5658 ιο-

2234 5697 2291 5736 ιι.
2353 5698 2389 5736 ιι
2421 5680 2555 5737 alus
2583 5698 2719 5736 cum
2752 5679 2958 5737 denso.
2991 5683 3050 5734 et
3079 5693 3163 5734 sic
3193 5691 3446 5737 semper.

2164 5676 2291 5737 nui.
2327 5676 2389 5737 In
2421 5676 2719 5737 aliis'cum
2752 5679 2958 5744 denso,
2991 5683 3050 5734 et
3079 5676 3163 5734 sic
3193 5691 3446 5748 semper.
