4136 6372
289 452 364 513 45

927 450 1031 515 DE
1077 450 1442 516 COMMUNI
1486 450 1875 515 ESSENTIA
1921 450 2201 512 PATRIS
2250 451 2346 512 ET
2391 451 2573 513 FILII
2624 453 2722 513 ET
2767 455 2967 514 SPIR.
3013 453 3079 514 S.

3636 454 3715 513 ω

294 582 390 654 μὶν
440 582 551 655 Υἱῷ
612 580 767 655 ἷ¹σμεν
812 581 1196 658 ἀφωρισμένην
1256 580 1460 637 δίαιταν
1517 582 1576 637 ἐκ
1623 578 1809 651 δεξιῶν
1846 581 1944 633 τοῦ

2065 582 2239 637 miam
2272 582 2470 637 sedem
2512 584 2948 654 propriamque,
2983 582 3263 638 nimirum
3296 586 3367 639 ad
3417 586 3714 640 dexteram

292 671 503 748 Πατρὸς
553 669 886 742 ἰδιάζουσαν.
933 675 1048 725 Τῶν
1090 670 1221 746 γοῦν
1250 673 1364 746 (49)
1409 676 1574 749 τριῶν
1610 667 1945 735 καθισάντων

293 759 379 814 ἐπι
409 765 506 815 τοῦ
555 755 829 837 Ἀϐραὰμ,
863 759 1033 831 δῆλον
1078 760 1161 815 ὅτι
1211 760 1261 832 ἐξ
1311 761 1609 834 εὐωνύμων
1648 759 1857 815 ἐκάθισε
1886 756 1948 811 τὸ

296 851 520 923 Πνεῦμα
548 850 611 904 τὸ
641 851 813 926 ἅγιον*
848 849 983 921 αὕτη
1016 850 1116 927 γὰρ
1167 850 1314 922 αὐτῷ
1344 851 1693 928 ἀφωρισμένη
1746 846 1945 903 δίαιτα.

292 939 496 1014 ’Ὠσπερ
548 936 639 993 οὗν
690 939 826 1014 πρὸς
856 939 948 993 τὸν
988 938 1180 993 ἑαυτοῦ
1224 939 1345 993 Υἱὸν
1398 940 1532 993 εἷπε’
1576 962 1604 989 ‹‹
1662 936 1839 993 Κάθου
1889 934 1949 989 ἐκ

298 1023 485 1096 δεξιῶν
537 1046 661 1100 μου·
696 1026 814 1081 »ἐκ
864 1025 922 1082 δὶ
957 1031 1055 1082 τοῦ
1094 1026 1308 1093 καθίσαι
1350 1027 1409 1082 ἐκ
1457 1025 1644 1100 δεξιῶν
1690 1027 1779 1080 τὸν
1822 1024 1946 1078 Υἱὸν

294 1112 435 1170 ἔστιν
469 1115 772 1186 ἐπινοῆσαι,
806 1116 888 1172 δτι
921 1118 1038 1171 κατ’
1068 1116 1366 1193 ἐπιτροπὴν
1410 1117 1536 1172 εἶπε
1581 1116 1671 1171 καὶ
1709 1115 1789 1186 τῷ
1822 1114 1947 1169 ἑαυ-

291 1208 389 1259 τοῦ
424 1202 722 1277 ΙΙνεύματι,
772 1206 948 1259 Κάθου
998 1204 1048 1277 ἐξ
1100 1203 1394 1277 εὐωνύμων
1450 1225 1574 1277 μου.
1626 1208 1732 1257 Τοῦ
1763 1199 1821 1257 δὲ
1849 1223 1948 1256 κα-

296 1292 538 1365 θημένου
586 1294 621 1361 ἡ
672 1293 1015 1369 προσηγορία
1063 1291 1372 1365 ἀξιώματός
1423 1292 1533 1347 ἐστι
1586 1290 1828 1365 σημασία
1859 1307 1874 1321 ·
1921 1290 1949 1344 6

291 1381 393 1457 γὰρ
448 1382 764 1455 καθήμενος
819 1380 1227 1459 ἐμπερίγραφός
1289 1381 1452 1453 ἐστιν,
1515 1381 1568 1438 ἐν
1616 1382 1662 1453 ᾧ
1718 1380 1948 1450 κάθηται

290 1469 466 1543 τόπῳ.
528 1471 587 1523 '0
647 1468 705 1526 δὶ
758 1472 887 1533 θεὸς
941 1474 1103 1545 ἡμῶν
1162 1470 1532 1549 ἀπερίγραφός
1593 1470 1706 1528 ἐστι
1756 1470 1946 1548 φύσει·

290 1559 717 1636 περιγράφεσθαι
765 1556 824 1613 δὲ
874 1556 1025 1621 δοκεῖ
1072 1558 1682 1634 μετενσωματούμενος²
1738 1559 1801 1614 ού
1844 1559 1949 1636 γὰρ

291 1645 613 1721 ἀνθρωπίζει
671 1650 706 1717 ἡ
770 1649 955 1725 Γραφή
1011 1648 1103 1703 τὸν
1165 1648 1317 1704 Θεόν·
1378 1646 1507 1713 ἀλλ’
1561 1647 1621 1704 ἐκ
1677 1652 1776 1704 τοῦ
1832 1650 1954 1702 καθ’

289 1734 438 1807 ἡμᾶς
497 1732 829 1813 διαλέγεται,
882 1733 973 1791 ’ἕνα
1028 1736 1097 1813 τὰ
1155 1737 1289 1813 ὑπὲρ
1357 1740 1507 1811 ἡμᾶς
1567 1736 1780 1814 ἐμφάνῃ
1837 1738 1951 1809 (50)

289 1823 583 1901 πράγματα
629 1826 682 1883 ἐν
728 1826 852 1901 τοίᾳ
898 1826 1073 1906 φύσει.
1107 1830 1226 1884 Ὅτι
1270 1825 1337 1889 δὲ
1362 1827 1413 1890 ἰν
1445 1833 1522 1902 τῷ
1566 1829 1840 1900 ἑκατοστῷ
1867 1826 1952 1882 ἐν·

289 1912 436 2020 νάτρῳ
694 1936 878 1995 φησιν·
911 1942 939 1969 ‹‹
974 1917 1136 1973 Εἶπεν
1170 1918 1199 1972 6
1232 1917 1429 1992 Κύριος
1474 1916 1555 1991 τῷ
1603 1914 1785 1992 Κυρίῳ
1819 1935 1945 1991 μου⁶
1979 1954 2024 2020 Β

291 1997 472 2057 Κάϐου
505 2003 563 2059 ἐκ
610 2001 798 2077 δεξιῶν
831 2023 955 2077 μου·
996 2030 1018 2056 ι
1044 2006 1133 2061 καὶ
1180 2006 1512 2069 καθισάντων
1564 2005 1763 2079 αὐτῶν,
1798 2004 1944 2080 λέγει

290 2093 325 2160 ἡ
361 2093 545 2169 Γραφὴ
577 2093 713 2170 πρὸς
744 2092 902 2149 αὐτὸν
938 2096 1049 2169 (51)
1096 2094 1190 2150 τὸν
1245 2096 1503 2172 Χριστόν·
1536 2119 1563 2145 ‹‹
1608 2102 1815 2164 ”Ωμοσε
1849 2094 1949 2149 Κύ-

290 2199 430 2254 ριος,
488 2181 578 2235 καὶ
626 2181 690 2236 οὐ
744 2181 1255 2255 μεταμεληθήσεται
1291 2202 1303 2216 ο
1363 2182 1427 2239 σὺ
1485 2183 1659 2260 ἱερεὺς
1719 2183 1796 2246 εἷς
1852 2183 1942 2239 τὸν

286 2272 459 2328 αἰῶνα
504 2272 640 2329 κατὰ
675 2274 774 2342 τὴν
820 2273 967 2344 τάξιν
1015 2271 1378 2350 ΜεΛχισεδέκ·
1432 2299 1461 2328 ››
1513 2276 1626 2342 καὶ,
1663 2298 1690 2325 ‹‹
1746 2273 1943 2346 Κύριος

286 2358 347 2415 ἐκ
374 2359 561 2431 δεξιῶν
617 2380 732 2417 σοι)⁹
790 2386 820 2416 n
881 2360 1051 2434 δῆλον
1107 2362 1198 2420 οὖν
1260 2362 1341 2419 ὅτι
1396 2365 1459 2419 τὸ
1494 2362 1712 2439 Πνεῦμα
1769 2362 1829 2419 ἐκ
1858 2361 1943 2418 δε-

287 2449 412 2520 ξιῶν
445 2449 575 2505 ἐστι.

362 2664 449 2719 10.
490 2664 613 2719 ’Ότι
656 2664 691 2732 ἡ
756 2664 926 2740 Τριὰς
984 2662 1175 2740 ἤγειρε
1224 2665 1316 2719 τὸν
1371 2666 1598 2740 Χριστὸν
1650 2664 1788 2721 κατὰ
1841 2666 1941 2735 τὴν

856 2734 1026 2808 σάρκα
1039 2734 1126 2791 ’ἐκ
1142 2740 1347 2813 νεκρῶν
1359 2779 1373 2793 .

363 2821 497 2898 Περὶ
544 2823 761 2899 Πατρὸς
808 2822 982 2887 οὕτως
1031 2822 1200 2901 λέγει’
1256 2850 1278 2877 ι
1315 2826 1373 2879 '0
1422 2822 1480 2885 δὲ
1529 2826 1681 2892 Θεὸς,
1713 2824 1803 2881 καὶ
1849 2825 1942 2881 τὸν

291 2909 488 2984 Κύριον
518 2908 726 2987 ἤγειρε,
757 2911 847 2967 καὶ
880 2914 1030 2985 ἡμᾶς
1057 2912 1229 2989 ἐγερεῖ
1257 2916 1372 2987 (52)
1403 2911 1494 2969 διὰ
1520 2916 1618 2983 τῆς
1662 2911 1944 2987 δυνάμεως

294 2998 479 3056 αὐτοῦ.
536 3024 565 3051 ››
617 3000 749 3073 Περὶ
795 3001 944 3055 Υἱοῦ’
986 3024 1013 3055 α
1043 3000 1252 3065 Λύσατε
1292 3002 1387 3059 τὸν
1434 3002 1559 3057 ναὸν
1612 3003 1945 3067 τοῦτον,καὶ

293 3087 344 3143 ἐν
375 3088 550 3163 τρισὶν
573 3090 809 3165 ἡμέραις
855 3089 1024 3166 ἐγερῶ
1071 3089 1253 3147 αὐτόν.
1310 3090 1482 3152 Αὐτὸς
1529 3088 1587 3146 δὲ
1634 3087 1791 3167 ἔλεγε
1821 3090 1943 3164 περὶ

286 3180 387 3232 τοῦ
415 3181 542 3234 ναοῦ
570 3182 668 3235 τοῦ
697 3178 953 3251 σώματος
983 3178 1167 3237 αὐτοῦ.
1208 3205 1230 3231 »
1266 3178 1397 3256 Περὶ
1432 3176 1490 3235 δὲ
1537 3184 1635 3236 106
1694 3180 1942 3254 Πνεύμα-

285 3287 381 3330 τος
411 3269 553 3340 (53)·
584 3291 614 3319 ‹‹
646 3266 709 3321 Εἰ
760 3264 819 3323 δὲ
863 3269 926 3325 τὸ
979 3270 1221 3342 Πνεῦμα,
1271 3269 1334 3324 τὸ
1385 3268 1592 3344 ἐγεῖραν
1644 3269 1856 3336 Ἰησοῦν
1884 3268 1944 3324 ἐκ

284 3360 508 3431 νεκρῶν,
554 3356 696 3411 οἰκεῖ
741 3355 794 3412 iv
848 3357 999 3430 ὑμιν,
1032 3358 1061 3411 ὁ
1092 3356 1305 3433 ἐγείρας
1352 3356 1444 3413 τὸν
1488 3359 1718 3433 Χριστὸν
1768 3357 1829 3413 ἐκ
1865 3378 1946 3413 νε-

285 3448 430 3520 κρῶν
466 3446 797 3515 ζωοποιήσει
823 3445 913 3502 καὶ
961 3446 1027 3503 τὰ
1076 3446 1247 3516 θνητὰ
1276 3447 1505 3519 σώματα
1535 3447 1689 3519 ὑμῶν
1732 3444 1822 3501 διὰ
1844 3450 1942 3501 τοῦ

286 3532 617 3598 ἐνοικοῦντος
649 3533 815 3591 αὐτοῦ
844 3533 1163 3609 Πνεύματος
1194 3534 1245 3590 ἐν
1280 3536 1431 3609 ὑμῖν.
1467 3559 1495 3587 ››

521 3662 608 3716 11.
640 3662 758 3714 ’Ότι
791 3661 828 3730 ἡ
859 3660 1029 3733 Τριὰς
1060 3660 1149 3739 ὑφ’
1178 3661 1376 3731 ἑαυτῆς
1408 3657 1707 3735 δοξάζεται.

356 3772 411 3821 '0
460 3767 585 3830 Υἱὸς
640 3763 849 3836 δοξάζει
894 3767 986 3822 τὸν
1038 3768 1281 3844 Πατέρα⁶
1332 3767 1481 3843 λέγει
1531 3766 1657 3844 γάρ·
1719 3790 1745 3822 α
1790 3763 1943 3823 Ἐδό-

292 3856 423 3927 ξασά
452 3876 548 3910 σου
589 3856 652 3911 τὸ
688 3850 879 3929 ,ὄνομα
925 3854 1012 3910 ἐπὶ
1061 3863 1159 3926 τῆς
1205 3862 1332 3930 γῆς·
1370 3881 1399 3907 ››
1432 3856 1459 3917 6
1493 3856 1683 3931 Πατὴρ
1726 3860 1805 3927 τῷ
1837 3857 1946 3927 Υἲῷ

293 3942 437 4020 λέγει
488 3944 540 3998 ἐν
587 3948 668 4016 τῷ
716 3942 1059 4019 Εὐαγγελίῳ’
1100 3968 1122 3998 ι
1176 3944 1273 3998 Καὶ
1324 3940 1547 4014 ἐδόξασα
1579 3989 1593 4015 ,
1639 3946 1729 3998 καὶ
1778 3942 1945 3998 πάλιν

294 4029 525 4103 δοξάσω.
577 4056 606 4085 ι(
657 4034 776 4099 ’Ότι
824 4029 1136 4103 δεδόξασται
1190 4032 1312 4093 Υἱὸς
1361 4033 1504 4107 παρᾶ
1559 4037 1656 4087 τοῦ
1709 4032 1942 4108 Πατρὸς,

289 4120 380 4176 καὶ
415 4116 605 4196 Πατὴρ
784 4120 930 4196 παρᾶ
977 4124 1077 4175 τοῦ
1125 4121 1275 4189 Υίοῦ,
1310 4118 1454 4195 λέγει
1506 4119 1557 4175 ἐν
1590 4125 1669 4192 τῷ
1708 4120 1945 4196 Εὐαγγε-

294 4209 420 4283 λίῳ·
459 4232 480 4259 ι
520 4211 720 4286 Πάτερ,
774 4207 995 4280 δόξασόν
1049 4231 1144 4264 σου
1191 4210 1281 4263 τὸν
1324 4210 1470 4281 Υἱὸν,
1506 4209 1588 4263 ἶνα
1638 4209 1727 4263 καὶ
1761 4210 1788 4263 ὁ
1820 4208 1945 4271 Υἱός

292 4320 389 4354 σου
421 4296 617 4375 δοξάσῃ
646 4319 722 4355 σε.
760 4322 789 4351 ››
816 4298 887 4353 Τὸ
938 4300 1165 4373 Πνεῦμα
1212 4298 1305 4353 τὸν
1351 4299 1475 4352 Υὶὸν
1528 4296 1758 4369 δοξάζει⁹
1794 4294 1942 4374 λέγει

291 4390 395 4464 γὰρ
443 4388 567 4465 περὶ
617 4392 715 4444 τοῦ
772 4387 1161 4463 Παρακλήτου⁸
1218 4412 1246 4440 ‹‹
1297 4388 1533 4451 Ἐκεῖνος
1586 4387 1683 4461 ἐμὲ
1716 4385 1947 4459 δοξάσει,

290 4477 374 4533 ὅτι
405 4477 464 4533 ἐκ
507 4481 605 4533 τοῦ
655 4476 790 4551 ἐμοῦ
840 4477 1095 4551 λήψεται,
1146 4478 1237 4532 καὶ
1284 4475 1575 4554 ἀναγγελεῖ
1626 4478 1776 4551 ὑμῖν.
1831 4478 1948 4535 »Ὁ
2058 4480 2222 4536 vobis
2280 4480 2343 4534 ’9.
2404 4501 2431 4528 »ι

290 4566 416 4628 Υἱὸς
471 4565 536 4621 τὸ
587 4568 812 4639 Πνεῦμα
860 4562 1117 4638 δοξάζει,
1180 4565 1381 4641 λέγων’
1445 4570 1661 4623 «Πᾶσα
1712 4566 1951 4642 ἁμαρτία

1974 3324 2016 3391 C

2058 670 2273 740 Patris,
2306 672 2653 727 attributam
2702 688 2851 727 esse.
2886 672 3101 727 Tribus
3130 671 3306 741 igitur
3347 674 3501 743 apud
3532 674 3717 729 Abra-

2058 760 2195 816 ham
2227 759 2667 828 sedentibus,ad
2693 760 2995 815 sinistram
3022 764 3176 816 certe
3193 760 3448 831 Spiritus
3471 766 3715 819 sanctus

2057 849 2301 905 sedebat
2332 867 2345 905 :
2379 866 2447 906 ea
2478 850 2635 907 enim
2668 848 2752 913 illi
2781 850 3041 921 ascripta
3068 850 3237 905 sedes
3267 854 3376 904 est.
3392 850 3539 915 Nam
3562 851 3716 907 sicut

2059 938 2127 993 ad
2160 937 2367 993 Filium
2401 939 2549 993 dixit
2582 954 2595 993 :
2636 962 2655 987 α
2692 939 2839 993 Sede
2869 956 2902 993 a
2932 939 3151 993 dextris
3188 938 3333 993 meis
3365 939 3408 973 ⁸ο
3443 963 3456 995 :
3486 961 3515 988 ››
3546 956 3615 995 ex
3644 956 3710 996 eo

2058 1030 2257 1083 autem
2289 1027 2444 1099 quod
2492 1026 2672 1081 Filius
2704 1027 2865 1091 sedet
2897 1028 2967 1082 ad
3017 1029 3336 1093 dexteram,
3386 1027 3712 1099 intelligere

2056 1114 2275 1184 licebit,
2310 1116 2465 1188 quod
2506 1133 2609 1188 per
2638 1115 3076 1172 concessionem
3127 1114 3336 1171 dixerit
3377 1132 3483 1171 suo
3528 1115 3711 1187 Spiri-

2058 1204 2145 1259 tui
2177 1221 2190 1259 :
2223 1204 2370 1259 Sede
2400 1222 2433 1260 a
2464 1204 2721 1260 sinistris
2770 1204 2937 1259 meis.
2968 1202 3335 1259 Vocabulum
3368 1208 3566 1269 autem
3620 1220 3709 1260 se-

2059 1294 2276 1363 dentis,
2304 1293 2652 1364 dignitatem
2693 1294 2989 1365 significat
3020 1309 3033 1347 :
3065 1310 3199 1349 nam
3231 1294 3331 1365 qui
3366 1292 3546 1361 sedet,
3577 1292 3709 1348 fini-

2060 1382 2171 1437 bus
2200 1382 2329 1452 ejus
2358 1380 2493 1448 loci,
2527 1382 2584 1436 in
2618 1398 2731 1453 quo
2779 1383 2963 1447 sedet,
2996 1381 3521 1445 circumscribitur.
3556 1383 3710 1438 Deus

2061 1474 2257 1526 autem
2282 1474 2480 1526 noster
2510 1474 2719 1527 natura
2741 1488 2850 1527 sua
2871 1470 3050 1526 nullis
3084 1468 3300 1545 finibus
3336 1469 3713 1527 circumscri-

2060 1560 2220 1616 bitur
2252 1577 2264 1616 :
2296 1577 2500 1616 verum
2535 1559 2936 1616 circumscribi
2969 1558 3219 1625 videtur,
3253 1576 3387 1616 cum
3418 1576 3545 1631 quae
3585 1576 3712 1615 cor-

2062 1648 2286 1722 poralia
2314 1650 2550 1715 sunt,ad
2583 1666 2720 1705 eum
2748 1648 3206 1705 transferuntur.
3222 1648 3525 1720 Scriptura
3552 1649 3712 1705 enim

2061 1738 2245 1793 Deum
2276 1753 2649 1811 nequaquam
2683 1738 2981 1794 hominem
3014 1738 3172 1803 facit,
3187 1737 3288 1793 sed
3320 1741 3520 1795 nostro
3553 1755 3715 1795 more

2061 1827 2132 1883 de
2163 1842 2229 1883 eo
2278 1825 2559 1899 loquitur,
2594 1832 2659 1883 ut
2704 1843 2814 1897 res,
2851 1844 2976 1899 quae
3025 1843 3206 1899 supra
3253 1843 3361 1893 nos
3404 1832 3565 1894 sunt,
3598 1826 3711 1884 sub

2062 1916 2399 1974 istiusmodi
2427 1920 2638 1972 natura
2666 1916 3020 1972 manifestet.
3056 1916 3218 1982 Quod
3240 1920 3437 1972 autem
3470 1917 3527 1972 in
3554 1914 3709 1989 psal-

2059 2023 2150 2061 mo
2180 2005 2498 2061 centesimo
2532 2022 2682 2061 nono
2714 2006 3017 2077 loquitur:
3059 2026 3080 2054 ε
3114 2000 3269 2060 Dixit
3298 2004 3581 2063 Dominus
3606 2012 3712 2062 Do-

2056 2094 2217 2151 mino
2248 2111 2377 2149 meo
2410 2111 2423 2150 :
2457 2093 2605 2150 Sede
2638 2113 2670 2149 a
2700 2095 2921 2150 dextris
2957 2095 3103 2150 meis
3133 2095 3236 2149 '1.»
3274 2099 3338 2150 Et
3368 2096 3707 2152 sedentibus

2055 2183 2195 2252 illis,
2229 2184 2311 2239 ait
2355 2183 2656 2256 Scriptura
2690 2184 2760 2238 ad
2795 2184 2992 2257 ipsum
3035 2184 3335 2239 Christum
3371 2200 3384 2240 :
3426 2204 3452 2236 ι
3479 2185 3711 2241 Juravit

2057 2271 2433 2341 Dominus,et
2462 2290 2575 2328 non
2612 2271 2913 2344 paenitebit
2937 2290 3074 2328 eum
3110 2291 3123 2329 ε
3158 2278 3219 2328 tu
3250 2290 3311 2328 es
3343 2275 3618 2351 sacerdos
3648 2274 3708 2330 in

2054 2367 2335 2417 aiternum
2391 2362 2719 2417 secundum
2768 2362 3036 2417 ordinem
3090 2362 3471 2419 Melchisedec
3518 2380 3531 2418 :
3569 2385 3598 2413 ››
3629 2368 3707 2432 et,

2055 2473 2084 2502 «
2120 2451 2399 2507 Dominus
2445 2468 2477 2506 a
2508 2450 2725 2506 dextris
2755 2451 2875 2506 tuis
2906 2452 2951 2486 ⁹²
2978 2468 2991 2519 ;
3028 2475 3049 2504 ιι
3082 2451 3266 2523 liquet
3312 2452 3495 2525 igitur
3523 2453 3708 2526 Spiri-

2054 2544 2180 2596 tum
2213 2543 2486 2596 sanctum
2518 2558 2552 2596 a
2582 2540 2801 2596 dextris
2833 2557 2979 2597 esse.

2055 2666 2145 2722 10.
2178 2665 2330 2734 Quod
2356 2665 2607 2722 Trinitas
2637 2682 2671 2719 α
2695 2666 2933 2720 mortuis
2963 2663 3241 2720 Christum
3268 2665 3572 2723 secundum
3588 2682 3710 2722 car-

2624 2753 2755 2791 nem
2791 2739 3136 2792 excitaverit.

2127 2827 2208 2884 De
2239 2826 2404 2882 Patre
2425 2826 2507 2881 ita
2535 2826 2797 2898 loquitur
2821 2842 2834 2880 :
2860 2849 2886 2875 ‹‹
2913 2825 3067 2882 Deus
3096 2830 3293 2882 autem
3317 2829 3374 2882 et
3393 2827 3710 2884 Dominum

2057 2915 2366 2972 suscitavit
2394 2918 2450 2969 et
2480 2930 2586 2969 nos
2616 2914 2929 2970 suscitabit
2954 2930 3057 2986 per
3084 2913 3359 2969 virtutem
3392 2932 3561 2971 suam
3593 2916 3657 2970 ’3.
3679 2936 3708 2967 »

2057 3004 2137 3060 De
2168 3003 2309 3059 Filio
2341 3020 2354 3059 :
2389 3026 2417 3053 ‹‹
2442 3001 2656 3058 Solvite
2681 3002 2967 3073 templum
2989 3001 3182 3071 hoc,et
3201 3001 3258 3057 in
3285 3003 3473 3059 tribus
3500 3004 3710 3060 diebus

2057 3092 2355 3147 suscitabo
2388 3091 2549 3147 illud.
2592 3090 2688 3146 Ille
2727 3095 2920 3148 autem
2956 3091 3186 3145 dicebat
3211 3092 3283 3147 de
3332 3092 3551 3164 templo
3583 3110 3708 3148 cor-

2056 3182 2217 3254 poris
2248 3180 2338 3237 sui
2370 3182 2434 3237 9‘.
2464 3202 2490 3231 ››
2527 3180 2606 3236 De
2667 3179 2885 3252 Spiritu
2920 3183 3118 3234 autem
3156 3196 3167 3235 :
3205 3202 3231 3229 ‹‹
3266 3181 3428 3246 Quod
3482 3181 3531 3237 si
3582 3181 3710 3255 Spi-

2057 3270 2227 3337 ritus,
2259 3270 2360 3341 qui
2408 3268 2718 3337 suscitavit
2762 3267 2964 3324 Jesum
2999 3285 3032 3323 a
3073 3269 3343 3338 mortuis,
3378 3269 3605 3326 habitat
3651 3270 3712 3326 in

2055 3360 2221 3415 vobis
2256 3376 2269 3414 :
2302 3359 2403 3432 qui
2435 3358 2742 3415 suscitavit
2770 3356 3068 3413 Christum
3097 3376 3131 3413 a
3156 3359 3427 3425 mortuis,
3453 3359 3715 3416 vivifica-

2054 3448 2142 3506 bit
2171 3454 2229 3504 et
2258 3449 2531 3505 mortalia
2579 3464 2823 3519 corpora
2852 3452 3046 3503 vestra
3094 3464 3198 3517 per
3224 3448 3513 3522 Spiritum
3557 3450 3710 3521 ejus,

2051 3537 2419 3595 habitantem
2452 3538 2509 3593 in
2536 3536 2704 3593 vobis
2734 3537 2796 3591 9‘.
2832 3560 2854 3589 ι

2349 3662 2435 3716 11.
2470 3662 2793 3717 Trinitatem
2814 3678 2852 3716 a
2874 3662 3050 3733 ,τείρεα
3079 3662 3406 3733 gloriﬁcari.

2128 3768 2308 3825 Filius
2339 3767 2627 3840 gloriﬁcat
2654 3766 3057 3833 Patrem,dicit
3078 3768 3234 3823 enim
3266 3785 3278 3824 :
3317 3790 3344 3819 ιι
3375 3767 3704 3824 Gloriﬁcavi

2056 3874 2267 3913 nomen
2317 3863 2486 3913 tuum
2536 3857 2595 3911 in
2629 3858 2855 3913 terra“6
2888 3874 2900 3911 :
2938 3878 2966 3907 »
2998 3862 3056 3913 et
3103 3858 3271 3913 Pater
3318 3857 3462 3913 Filio
3511 3858 3594 3914 ait
3643 3858 3701 3913 in

2053 3946 2363 4019 Evangelio
2394 3963 2405 4001 :
2430 3967 2458 3995 «
2487 3946 2554 3999 Et
2572 3945 2977 4017 gloriﬁcavi,et
2999 3946 3213 4001 iterum
3237 3944 3577 4017 glorificabo
3607 3947 3707 4000 ⁸⁷.»

2054 4034 2216 4102 Quod
2245 4040 2443 4090 autem
2475 4034 2840 4107 gloriﬁcatus
2863 4034 2941 4089 sit
2964 4034 3146 4089 Filius
3178 4051 3210 4089 a
3233 4034 3418 4100 Patre,
3454 4038 3513 4090 et
3543 4034 3711 4091 Pater

2054 4142 2089 4181 a
2115 4124 2279 4191 Filio,
2315 4124 2373 4178 in
2406 4122 2716 4195 Evangelio
2750 4123 2831 4178 ait
2864 4141 2877 4179 :
2912 4146 2939 4172 ‹‹
2976 4124 3158 4191 Pater,
3192 4122 3453 4196 glorifica
3492 4123 3710 4179 Filium

2054 4218 2245 4279 tuum,
2282 4219 2346 4267 ut
2393 4218 2450 4267 et
2480 4211 2661 4267 Filius
2712 4216 2853 4267 tuus
2884 4211 3170 4283 glorificet
3221 4217 3276 4267 t0
3303 4212 3368 4267 9‘.
3402 4236 3424 4265 ο
3462 4212 3714 4284 Spiritus

2060 4301 2266 4357 Filium
2303 4301 2632 4373 gloriﬁcat;
2666 4302 2745 4356 ait
2774 4302 2930 4355 enim
2963 4302 3034 4356 de
3065 4299 3361 4356 Paracleto
3395 4319 3461 4357 τα
3488 4301 3590 4357 Ille
3621 4318 3714 4357 me

2058 4390 2428 4462 gloriﬁcabit,
2462 4390 2601 4461 quia
2638 4390 2709 4445 de
2755 4406 2884 4445 meo
2935 4390 3202 4461 accipiet,
3233 4394 3292 4445 et
3338 4390 3717 4446 annuntiabit

2489 4478 2674 4534 Filius
2736 4478 3018 4551 Spiritum
3081 4477 3387 4551 gloriﬁcat,
3443 4481 3645 4536 dicens
3698 4496 3713 4536 :

2064 4568 2308 4625 «Omne
2356 4572 2663 4640 peccatum
2712 4567 3065 4635 remittetur,
3109 4567 3209 4623 sed
3258 4567 3626 4640 blasphemia
3656 4569 3717 4624 in

291 4656 638 4732 ἀφεθήσεται·
673 4658 709 4725 ἡ
756 4653 815 4711 δὲ
868 4656 944 4719 εἰς
992 4656 1056 4711 τὸ
1086 4658 1309 4730 Πνεῦμα
1338 4656 1400 4711 τὸ
1435 4658 1589 4733 ἅγιον
1624 4654 1946 4734 βλασφημία

2065 4657 2346 4729 Spiritum
2379 4664 2655 4712 sanctum
2691 4673 2803 4712 non
2838 4660 3176 4713 remittetur
3205 4657 3283 4724 ⁸,»
3316 4657 3391 4712 ob
3419 4658 3551 4727 ejus
3582 4673 3717 4713 cum

288 4743 389 4800 οὐκ
420 4745 765 4824 ἀφεθήσεται,
799 4767 827 4800 s
863 4743 952 4800 διὰ
979 4751 1080 4816 τῆς
1114 4745 1251 4821 πρὸς
1301 4745 1517 4817 Πατέρα
1547 4745 1637 4800 καὶ
1669 4746 1791 4799 Υἱὸν
1826 4766 1943 4800 κοι-

2058 4746 2228 4802 Patre
2258 4751 2316 4802 et
2367 4745 2510 4801 Filio
2543 4747 3041 4801 communionem.
3079 4750 3271 4816 Atque
3312 4745 3489 4802 etiam
3522 4768 3551 4797 «
3583 4747 3724 4817 quia

289 4834 504 4897 νωνίαςο
564 4834 654 4889 καὶ
705 4833 757 4890 ἐν
800 4835 1012 4908 τούτῳ,
1069 4858 1091 4887 ι
1146 4834 1228 4889 ὅτι
1278 4831 1457 4895 οὐδεὶς
1508 4831 1723 4889 δύναται
1777 4833 1946 4889 εἰπεῖν

2065 4851 2231 4891 nemo
2260 4837 2451 4891 dicere
2482 4840 2673 4907 potest
2690 4835 3003 4891 Dominum
3036 4834 3387 4902 Jesum,nisi
3416 4834 3477 4890 in
3498 4836 3718 4907 Spiritu

294 4921 489 4998 Κύριον
519 4926 729 4994 Ἰησοῦν
761 4924 807 4979 εἰ
842 4926 919 4998 μὴ
953 4923 1005 4978 ἐν
1036 4922 1315 4996 Πνεύματι
1350 4922 1513 4998 ἁγίῳ.
1548 4946 1577 4975 ι)

537 5033 623 5087 12.
656 5030 791 5107 Περὶ
824 5027 1144 5107 δοξολογίας
1177 5029 1494 5102 Πνεύματος
1524 5027 1699 5106 ἁγίου.

366 5162 398 5192 ι(
429 5141 598 5194 Θῦσον
646 5142 727 5209 τῷ
774 5141 891 5209 Θεῷ
939 5137 1122 5199 θυσίαν
1169 5134 1439 5206 αἷνέσεως,
1488 5135 1579 5191 καὶ
1628 5132 1834 5199 ἀπόδος
1872 5141 1951 5209 τῷ

2059 4929 2266 4981 sancto
2298 4924 2341 4981 ⁵³.
2377 4946 2406 4974 ››

2335 5033 2421 5086 12.
2455 5032 2529 5086 De
2557 5031 2955 5102 gloriﬁcatione
2982 5031 3161 5086 sancti
3186 5032 3451 5102 Spiritus.

2139 5160 2160 5189 ι
2197 5136 2443 5193 Immola
2478 5138 2589 5193 Deo
2620 5136 2981 5193 sacriﬁcium
3011 5136 3227 5206 laudis,
3261 5143 3315 5193 el
3343 5136 3519 5199 redde
3546 5134 3722 5192 Altis-

368 5281 599 5339 ”Psal.
654 5298 770 5349 CIX,
819 5282 870 5339 1.
948 5282 989 5317 ’ί
1052 5280 1197 5340 ibid.
1275 5280 1320 5316 θ’
1363 5279 1507 5337 ibid.
1560 5280 1615 5348 4,
1662 5280 1717 5347 5,
1796 5281 1946 5337 “Il

2065 5323 2068 5332 ι
2116 5297 2192 5349 νι,
2248 5280 2333 5337 14.
2411 5280 2458 5315 ⁹⁴
2503 5279 2671 5338 Joan.
2727 5297 2793 5349 ιι,
2846 5278 2933 5348 19,
2980 5279 3071 5334 21.
3148 5278 3192 5314 ³³
3240 5278 3407 5349 Rom.
3457 5294 3583 5349 vui,
3636 5278 3724 5335 11.

296 5354 341 5390 ⁹⁶
369 5355 541 5411 Joan.
573 5371 711 5422 xvu,
742 5354 797 5409 4.
875 5353 917 5389 ⁹”¹
945 5352 1118 5410 Joan.
1149 5369 1254 5420 x11,
1285 5352 1376 5408 28.
1453 5353 1496 5388 ⁸⁸
1524 5350 1698 5409 Joan.
1730 5369 1872 5422 xvu,
1909 5353 1933 5408 1

2065 5352 2082 5386 ³
2111 5352 2283 5409 Joan.
2315 5369 2431 5423 xvx,
2466 5352 2552 5407 14.
2631 5351 2648 5385 ¹
2682 5350 2892 5408 Matth.
2925 5368 3027 5419 xu,
3060 5349 3149 5407 38.

366 5496 481 5568 (49)
509 5496 853 5563 Vaticanus,
886 5491 1005 5568 οὖν.
1022 5492 1559 5568 ίΜοι-Βειεῇιίθιιβῇε,
1587 5488 1867 5568 δηλονότι.

365 5565 702 5651 (50)_i_3ditio
749 5566 1144 5651 Commelin.,_
1174 5565 1580 5651 6p?‘4vn.‘MOX
1625 5566 1957 5651 Anglican”

293 5639 349 5694 tv
372 5632 586 5711 τοιᾷδε.
637 5639 784 5711 Quae
822 5632 1229 5711 sequebantur
1262 5632 1321 5695 in
1368 5632 1565 5711 editis
1590 5632 1749 5711 po_s_t'
1771 5632 1957 5711 δεξιῶν

343 5731 428 5778 ου,
460 5706 707 5778 scilicet,
758 5706 956 5783 imm
982 5713 1063 5783 om
1112 5716 1255 5780 etc.,
1288 5711 1505 5781 desunt
1550 5706 1612 5766 in
1653 5706 1958 5779 Vaticano,

343 5732 428 5778 ου,
460 5732 707 5778 scilicet,
758 5732 863 5771 εως
896 5732 956 5764 αν
985 5732 1063 5774 υω

297 5732 606 5843 Easﬂiensi
632 5788 690 5843 et
716 5778 1064 5857 Anglicane.

3228 5348 3251 5385 ²
3281 5348 3303 5405 Ι
3334 5349 3464 5407 Cor.
3497 5348 3599 5420 xu,
3630 5348 3685 5407 3.

2162 5494 2253 5563 51)
2286 5490 2458 5547 Αὐτόν
2492 5492 2661 5548 deest
2688 5493 2747 5548 in
2767 5490 3327 5563 Basiliensi,An_glic.
3344 5496 3401 5548 et
3420 5493 3723 5551 Vaticano.

2162 5561 2254 5653 *2)
2286 5564 2627 5653 Eesi‘iansis
2648 5563 3122 5653 θειλιξεέξςειξιδξο
3155 5561 3403 5653 “ire?

2283 5637 2436 5711 Edit:
2470 5636 2747 5711 gommel.
2780 5634 3155 5711 etZYaticanu
3186 5634 3311 5707 περῖ
3341 5634 3685 5711 Πνεύματος.

2165 5708 2255 5778 54)
2287 5706 2386 5761 Καὶ
2417 5706 2446 5759 ὁ
2478 5706 2690 5782 Πατήρ,
2724 5705 3108 5778 Anglicanus.
