4136 6444
422 491 495 551 4⁸7
1608 489 1674 549 S.
1719 483 2248 549 ATHANASIUS.
2283 517 2360 527 —
2389 485 2661 547 DURlA.

3761 489 3834 556 48

424 623 573 680 simo
607 627 739 680 vota
790 627 912 691 tua,
945 627 1004 678 et
1052 623 1256 678 invoca
1287 639 1377 677 me
1423 623 1482 677 in
1533 623 1625 677 die
1673 619 2036 676 tribulationi

2189 615 2423 688 Ὑψίστῳ
2451 615 2546 676 τὰς
2580 613 2742 690 εὐχάς
2796 636 2911 684 σου,
2962 618 3050 670 καὶ
3100 617 3416 674 έπικάλεσαί
3468 642 3534 693 με
3575 621 3627 676 έν
3656 623 3832 698 ἡμέρᾳ

423 718 555 782 tute,
588 715 645 766 et
675 726 878 766 eruam
911 716 986 776 te,
1021 716 1078 766 et
1107 712 1524 768 bonoriﬁcabis
1558 728 1651 766 me
1679 712 1720 766 ⁸.
1753 733 1780 760 ››
1817 709 2072 781 Spiritus

421 801 706 858 nimirum
736 806 846 868 est,
870 801 970 873 qui
1004 801 1146 857 dicit
1178 819 1190 857 :
1227 825 1252 851 «
1289 803 1502 857 Eruam
1531 807 1605 869 te,
1640 806 1696 856 et
1723 799 2070 855 honorifica-

419 891 512 948 bis
544 907 690 948 mem
727 891 787 946 Id
811 891 968 947 enim
998 896 1176 962 patet,
1211 892 1352 963 quia
1382 891 1506 964 ipse
1536 891 1680 946 dixit
1711 906 1725 945 :
1763 912 1791 940 ιι
1826 889 2073 945 Immola

421 981 561 1037 Deo.
594 1002 623 1031 »

501 1088 550 1142 9
594 1087 678 1143 13.
716 1087 863 1156 Quod
891 1087 1094 1160 ubique
1123 1088 1263 1144 adsit
1299 1089 1561 1144 Trinitas.
1597 1118 1666 1128 —-
1696 1088 1770 1142 De
1796 1086 1979 1141 Patre.

491 1199 516 1229 ε
549 1176 768 1233 leum
824 1181 883 1233 et
935 1182 1152 1233 terram
1210 1193 1314 1249 ego
1373 1175 1610 1248 impleo,
1672 1175 1815 1230 dicit
1872 1173 2066 1229 Domi-

418 1282 532 1322 nus
561 1265 602 1320 δ.
635 1287 663 1316 ›)

1049 1354 1135 1409 14.
1172 1355 1245 1410 De
1271 1354 1432 1410 Filio.

488 1466 517 1494 (ι
548 1443 657 1511 Qui
688 1444 970 1512 ascendit,
1005 1444 1055 1500 is
1085 1447 1194 1514 est,
1228 1443 1328 1515 qui
1374 1442 1677 1499 descendit
1707 1442 1776 1497 ad
1829 1439 2066 1496 inferio-

413 1549 504 1589 res
537 1536 734 1605 partes
763 1536 952 1603 terrae,
987 1537 1048 1587 ut
1077 1531 1348 1604 impleret
1377 1530 1575 1586 omnia
1604 1531 1645 1586 ⁸.
1681 1552 1709 1581 ››

1001 1640 1085 1694 15.
1119 1639 1193 1694 De
1226 1639 1466 1707 Spiritu.

485 1750 513 1779 «
545 1730 666 1796 Quo
696 1729 792 1784 ibo
823 1745 856 1783 a
884 1728 1108 1801 Spiritu
1156 1732 1279 1793 tuo,
1313 1731 1371 1782 et
1417 1743 1532 1799 quo
1564 1744 1598 1782 a
1628 1725 1771 1782 facie
1823 1729 1925 1780 tua
1973 1725 2062 1778 fu-

1879 1813 1927 1869 si
1961 1813 2063 1868 de-

410 1908 688 1963 scendero
719 1906 779 1962 in
828 1907 1145 1971 infernum,
1187 1906 1326 1961 ades
1356 1906 1396 1960 ‘.
1435 1926 1462 1953 ››
1492 1903 1662 1958 Aliud
1699 1919 1711 1956 :
1746 1925 1773 1953 «
1801 1901 1916 1957 Vos
1963 1918 2063 1956 co-

410 1817 618 1890 giam?
645 1818 706 1873 Si
737 1818 1054 1873 ascendero
1087 1817 1144 1871 in
1187 1815 1421 1883 coelum,
1455 1819 1516 1870 tu
1551 1814 1669 1870 illic
1701 1831 1764 1870 es
1813 1830 1827 1868 :

2187 703 2424 776 θλίψεώς
2458 724 2574 758 σου·
2606 705 2694 759 καὶ
2741 703 3028 777 έξελοῦμαί
3061 727 3137 776 σε,
3169 707 3259 762 καί
3311 706 3552 778 δοξάσεις
3587 732 3672 782 με.
3710 736 3737 763 »
3767 712 3831 766 Τὸ

2181 795 2408 865 Πνεῦμα
2457 791 2547 846 οῦν
2597 793 2706 848 ἐστι
2759 797 2894 867 (55),
2946 795 3008 849 τὸ
3060 795 3236 851 εἶπόν·
3291 822 3318 848 ‹‹
3375 797 3698 872 Έξιλοῦμαί
3755 822 3829 874 σε,

2179 886 2268 936 καί
2318 880 2555 953 δοξάσεις
2611 905 2696 956 με.
2749 909 2777 936 ››
2833 884 3012 954 Δῆλον
3060 886 3164 960 ὅτι,
3212 888 3338 942 αὐτὸ
3385 891 3498 958 (56)
3543 891 3642 964 γὰρ
3694 893 3828 962 εἷπε,

2180 996 2206 1022 (ι
2240 976 2408 1026 Θῦσον
2440 973 2518 1044 τῷ
2549 977 2683 1044 Θεῷ.
2721 997 2742 1024 ι

2242 1081 2327 1136 13.
2358 1081 2479 1136 "Ott
2510 1081 2731 1152 πάρεστι
2762 1079 2933 1151 πάντη
2969 1083 3003 1150 ἡ
3036 1082 3214 1158 Τριάς.
3249 1116 3316 1126 —
3347 1085 3481 1158 Περὶ
3528 1086 3762 1161 Πατρός.

2255 1193 2276 1221 ι
2309 1170 2409 1223 Τὸν
2439 1167 2664 1245 οὐρανὸν
2691 1169 2780 1223 καὶ
2824 1172 2923 1238 τὴν
2972 1178 3076 1244 γῆν
3129 1171 3238 1247 ἐγὼ
3287 1171 3512 1251 πληρῶ,
3544 1173 3690 1250 λέγει
3721 1176 3822 1232 Κύ-

2180 1278 2318 1333 ριος,
2351 1279 2378 1311 ι

2773 1351 2859 1406 14.
2896 1349 3027 1425 Περὶ
3061 1351 3212 1408 nos.

2247 1461 2275 1488 «
2308 1437 2364 1491 Ὀ
2395 1433 2617 1507 ἀναϐὰς,
2651 1437 2811 1500 αὐτός
2858 1437 2966 1493 ἰστι
3019 1439 3107 1494 xui
3155 1440 3183 1494 6
3227 1437 3465 1504 καταϐὰς
3514 1441 3590 1504 εἷς
3631 1445 3695 1497 τὰ
3724 1464 3824 1499 xu-

2174 1526 2383 1602 τώτερα
2416 1527 2555 1600 μέρη
2588 1530 2685 1596 τῆς
2717 1534 2846 1602 γῆς,
2872 1526 2963 1582 ’ἕνα
2994 1531 3268 1603 πληρώσῃ
3294 1529 3361 1586 τὰ
3388 1531 3578 1587 πάντα.
3614 1559 3642 1585 ››

2691 1636 2779 1690 15.
2814 1634 2944 1709 Περὶ
2978 1635 3310 1707 ΙΙνεύματος.

2247 1746 2274 1772 ‹‹
2307 1724 2423 1778 ΙΙοῦ
2450 1727 2697 1796 πορευθῶ
2743 1722 2848 1777 ἀπὸ
2895 1727 2992 1777 τοῦ
3048 1723 3359 1796 Πνεῦματός
3413 1747 3530 1796 σου,
3578 1727 3666 1782 καὶ
3717 1727 3821 1782 ἀπὸ

2172 1814 2268 1864 τοῦ
2315 1813 2611 1886 προσώπου
2661 1832 2758 1866 σου
2807 1817 2912 1866 ποῦ
2962 1811 3113 1890 φύγω
3147 1831 3160 1881 ;
3193 1815 3312 1868 Ἐὰν
3370 1810 3553 1870 ἀναὸὦ
3603 1816 3678 1878 εἷς
3728 1817 3817 1870 τὸν

2175 1899 2424 1974 οὐρανὸν,
2457 1900 2519 1954 σὺ
2552 1901 2660 1955 ἐκεῖ
2687 1902 2753 1955 εἷ’
2789 1901 2875 1955 ἐὰν
2909 1897 3127 1956 καταΕῶ
3158 1902 3235 1964 εἰς
3263 1904 3354 1958 τὸν
3391 1900 3547 1976 ᾅδην,
3582 1907 3762 1977 πάρει’
3791 1929 3818 1957 ››

410 1995 691 2068 gnoscitis
721 1995 911 2065 illum,
943 2000 1000 2051 et
1030 1995 1183 2066 apud
1217 2010 1316 2048 vos
1348 1997 1548 2048 manet
1576 1993 1616 2046 ⁷.
1657 2014 1684 2040 ››
1717 1992 1784 2046 Et
1829 1992 2010 2046 Isaias

2173 1987 2352 2044 ’Ἄλλο
2384 1992 2516 2062 (57)'
2553 2016 2579 2041 ‹‹
2612 1992 2796 2061 Ὑμεῖς
2827 1988 2885 2044 δὲ
2914 1992 3202 2065 γινώσκετε
3223 1992 3406 2061 αὐτὸν,
3427 1993 3517 2048 καὶ
3539 1996 3664 2069 παρ’
3688 1995 3814 2067 ὑμῖν

410 2107 438 2134 ‹‹
471 2084 577 2150 Qui
612 2084 860 2140 ﬁrmavit
889 2083 1097 2139 cmlum
1129 2087 1186 2138 et
1215 2087 1457 2149 terram,
1490 2086 1547 2137 et
1575 2083 1673 2136 dat
1715 2080 1918 2135 ﬂatum
1953 2096 2058 2151 po-

409 2172 568 2244 pulo,
602 2173 701 2244 qui
734 2175 793 2228 in
827 2190 895 2228 ea
923 2178 1030 2237 est,
1063 2177 1120 2227 et
1166 2171 1440 2243 spiritum
1474 2170 1546 2226 iis
1595 2170 1696 2241 qui
1731 2169 1957 2224 calcant
1983 2167 2057 2222 il-

408 2261 524 2316 lam
555 2263 596 2316 ⁸.
618 2285 645 2313 ››
673 2263 743 2318 Ει
773 2261 916 2318 illud
946 2281 958 2318 :
991 2283 1017 2315 ιι
1045 2261 1292 2332 Spiritus
1324 2260 1555 2316 Domini
1584 2258 1825 2331 replevit
1853 2258 2052 2314 orbem

402 2357 694 2408 terrarum
726 2353 766 2406 θ.
798 2373 826 2402 ››
859 2353 927 2407 Et
959 2368 972 2406 :
1009 2373 1038 2402 ‹‹
1073 2349 1328 2424 Spiritus
1371 2367 1537 2405 meus
1586 2353 1704 2404 stat
1753 2349 1810 2404 in
1862 2348 2054 2404 medio

400 2443 662 2494 vestrum
696 2441 757 2494 ¹⁰.
784 2461 812 2490 ››
847 2439 1043 2510 Vides,
1064 2443 1127 2494 ut
1157 2437 1410 2510 Spiritus
1441 2441 1576 2492 ante
1607 2441 1837 2493 Patrem
1872 2453 2050 2508 pona-

404 2526 540 2583 tur?

646 2618 731 2672 16.
769 2617 918 2686 Quod
947 2633 1103 2672 nemo
1132 2625 1421 2686 cognoscat
1452 2617 1794 2671 Trinitatem.

466 2705 615 2762 Dicit
661 2706 924 2763 Salvator
957 2724 970 2762 :
1007 2729 1034 2757 ‹‹
1069 2706 1237 2762 Pater
1285 2710 1504 2776 sancte,
1537 2707 1796 2761 mundus
1846 2709 1902 2760 te
1935 2721 2050 2759 non

396 2795 686 2867 cognovit,
719 2810 824 2868 ego
855 2800 1048 2851 autem
1081 2795 1210 2851 novi
1240 2799 1297 2850 te
1326 2795 1387 2849 “.
1421 2814 1446 2847 ιι
1481 2795 1562 2850 De
1592 2794 1734 2849 Filio
1766 2795 1823 2848 in
1866 2794 2050 2849 Evan-

395 2883 596 2956 gelio:
641 2907 670 2934 ‹‹
703 2883 768 2940 In
819 2884 1041 2940 mundo
1091 2888 1237 2951 erat,
1286 2889 1342 2939 et
1392 2885 1650 2939 mundus
1700 2900 1803 2955 per
1849 2884 2046 2956 ipsum

395 2973 586 3029 factus
607 2978 783 3041 est,et
804 2974 1060 3029 mundus
1087 2989 1222 3028 eum
1247 2989 1360 3028 non
1388 2972 1654 3045 cognovit
1676 2973 1741 3027 ¹².
1765 2994 1793 3023 ››
1820 2977 1896 3028 De
1917 2974 2046 3045 Spi-

394 3063 511 3118 ritu
545 3078 560 3118 :
593 3085 621 3113 «
655 3063 835 3127 Quem
889 3063 1147 3118 mundus
1179 3078 1295 3118 non
1345 3066 1538 3134 potest
1586 3061 1868 3134 accipere,
1902 3079 2044 3134 quo-

395 3151 555 3208 niam
583 3169 719 3208 eum
747 3169 863 3208 non
897 3152 1162 3224 agnoscit
1193 3153 1257 3205 ιδ.
1297 3173 1324 3200 η

395 3259 481 3313 17.
517 3259 666 3327 Quod
703 3261 761 3314 in
803 3259 979 3314 Veteri
1026 3274 1236 3330 quoque
1284 3262 1626 3314 Testamento
1670 3259 1907 3313 Trinitas
1947 3273 2043 3327 pe-

601 3331 873 3386 culiarem
899 3347 1060 3385 suam
1089 3331 1465 3402 operationem
1492 3330 1823 3386 exhibuerit.

464 3419 726 3488 «Sume,
761 3440 788 3468 »
836 3418 1050 3490 inquit,
1088 3440 1116 3468 ‹‹
1163 3419 1511 3491 sanguinem
1563 3415 1932 3485 initiationis,
1985 3422 2043 3473 et

389 3505 627 3578 impone
657 3507 1060 3564 sacerdotibus
1078 3507 1134 3562 in
1157 3506 1497 3563 summitate
1516 3506 1786 3563 auricula:
1806 3508 2040 3576 dextra,

391 3599 448 3652 et
502 3596 563 3650 in
620 3596 962 3652 summitate
1021 3597 1187 3669 pedis
1241 3597 1448 3667 dextri,
1479 3601 1534 3653 et
1585 3597 1646 3651 in
1698 3597 2044 3653 summitate

393 3685 608 3741 dextrae
671 3703 882 3741 manus
943 3688 1004 3741 ¹⁴.
1041 3709 1068 3735 ››
1129 3687 1196 3741 Et
1253 3685 1650 3742 animadverte
1706 3691 1883 3758 caput
1942 3703 2041 3757 po-

396 3773 520 3845 puli
550 3775 721 3831 tertio
769 3775 1169 3847 obsignatum,
1202 3776 1272 3830 ad
1330 3776 1574 3831 formam
1627 3776 1923 3847 serapbim
1955 3775 2044 3829 di-

393 3862 700 3919 centium:
756 3868 1082 3930 «Sanctus,
1133 3869 1396 3933 sanctus,
1455 3870 1698 3920 sanctus
1756 3865 2042 3920 Dominus

395 3951 648 4008 Sabaoth
699 3953 741 3986 ¹⁶
788 3969 800 4008 :
840 3974 866 4001 υ
897 3956 954 4008 et
999 3953 1068 4007 ad
1120 3953 1369 4009 formam
1420 3953 1606 4022 lintei,
1659 3953 1817 4024 quod
1874 3957 2041 4007 Petro

391 4040 593 4113 Joppie
650 4042 923 4113 apparuit
961 4057 992 4097 e
1037 4041 1179 4096 caelo
1237 4042 1584 4107 demissum,
1619 4058 1686 4097 eo
1737 4041 1894 4113 quod
1955 4049 2042 4097 ter

394 4130 720 4185 demissum
752 4130 828 4186 sit
857 4131 921 4184 ιθ.
953 4131 1021 4185 Et
1051 4147 1184 4186 cum
1227 4131 1509 4186 Dominus
1559 4130 1871 4201 imperavit
1917 4131 2038 4185 Mo-

391 4217 463 4285 si,
515 4223 581 4274 ut
627 4218 846 4274 diceret
891 4219 1103 4275 Aaroni
1150 4225 1206 4274 et
1257 4219 1390 4275 (iliis
1435 4220 1610 4291 ejus:
1649 4243 1676 4268 «
1727 4221 1813 4274 ita
1865 4219 2037 4275 bene-

388 4306 594 4363 dicetis
624 4306 759 4362 filiis
792 4308 991 4377 Israel,
1025 4308 1286 4363 dicentes
1316 4307 1452 4364 illis.
1486 4308 1554 4362 Et
1597 4308 1900 4380 imponent
1933 4326 2037 4364 no-

387 4412 521 4451 men
556 4413 752 4452 meum
782 4396 920 4452 [iliis
951 4397 1209 4463 Israel,et
1239 4415 1343 4468 ego
1378 4397 1662 4452 Dominus
1695 4397 2036 4453 benedicam

385 4484 840 4542 illis.Benedicet
870 4487 972 4542 tibi
1009 4486 1315 4554 Dominus,
1341 4492 1396 4541 et
1427 4485 1683 4541 servabit
1712 4492 1804 4548 te;
1839 4492 2034 4541 osten-

383 4575 483 4630 det
513 4575 718 4630 taciem
749 4592 919 4631 suam
952 4591 1130 4647 super
1157 4580 1235 4641 te,
1268 4579 1326 4631 et
1378 4573 1748 4630 miserebitur
1787 4575 1895 4630 tui.
1929 4579 2032 4630 At-

383 4662 551 4719 tollat
590 4665 868 4720 Dominus
922 4665 1127 4720 faciem
1161 4682 1328 4720 suam
1378 4680 1555 4735 super
1583 4668 1660 4734 te,
1696 4670 1752 4718 et
1797 4664 1896 4720 det
1926 4665 2030 4720 tibi

2173 2077 2340 2150 μένει.
2379 2103 2405 2127 ››
2452 2079 2553 2134 Καὶ
2606 2079 2634 2132 ὁ
2690 2078 2930 2141 ¹Ησαῖαςι
2965 2105 2992 2130 ‹‹
3025 2080 3081 2131 Ὀ
3129 2084 3428 2154 στερεώσας
3459 2083 3548 2137 τὸν
3589 2082 3814 2158 οὐρανὸν

2166 2165 2253 2219 xui
2288 2168 2383 2235 τήν
2417 2174 2544 2242 γῆν,
2594 2167 2682 2222 καὶ
2723 2165 2903 2229 διδοὺς
2954 2171 3123 2238 πνοὴν
3171 2174 3252 2241 τῷ
3301 2169 3440 2241 λαῷ,
3491 2175 3569 2242 τῷ
3602 2171 3683 2226 ἐπ’
3714 2173 3812 2226 αὐ·-

3701 2260 3812 2332 xul,

2166 2372 2193 2398 «
2231 2350 2451 2419 Πνεῦμα
2483 2349 2680 2424 Κυρίου
2724 2347 3059 2423 πεπλήρωκε
3102 2351 3200 2417 τὴν
3253 2351 3603 2422 οἰκουμένην·
3641 2376 3668 2403 n
3701 2352 3812 2421 xui,

2164 2262 2287 2327 τῆς,
2343 2257 2376 2324 ἢ
2436 2257 2526 2310 καὶ
2584 2262 2796 2329 πνεῦμα
2851 2264 2967 2318 τοῖς
3025 2263 3282 2313 πατοῦσιν
3342 2258 3546 2329 αὐτήν·
3611 2285 3638 2311 ››

2164 2461 2192 2487 ‹‹
2227 2436 2448 2509 ΙΙνεῦμά
2485 2459 2587 2509 μου
2617 2435 2838 2508 ἕστηκεν
2874 2438 2926 2493 έν
2965 2442 3114 2511 μέσῳ
3143 2441 3315 2512 ὑμῶν.
3356 2465 3383 2492 ››
3414 2442 3571 2516 Ὁρᾷς
3603 2446 3719 2504 πῶς
3749 2443 3812 2497 τὸ

2165 2527 2388 2599 Πνεῦμα
2416 2526 2768 2601 προτάττεται
2800 2531 2896 2581 τοῦ
2927 2529 3139 2603 Ιιστρός
3173 2549 3186 2597 ;

2433 2618 2517 2673 16,
2551 2617 2672 2672 ’Ότι
2707 2614 2881 2676 οὐδείς
2913 2619 3162 2692 γινώσκει
3191 2619 3287 2686 τὴν
3320 2619 3539 2694 Τριάδα.

2233 2702 2389 2776 Λέγει
2445 2705 2472 2758 ὁ
2535 2706 2748 2778 Σωτήρ·
2812 2730 2840 2757 ι(
2902 2707 3075 2779 Πάτερ
3136 2708 3275 2782 ἅγιε,
3332 2709 3537 2782 κόσμος
3603 2730 3659 2764 σε
3713 2708 3812 2764 οὐκ

2159 2789 2319 2866 ἔγνον
2354 2791 2458 2868 ἐγὼ
2491 2792 2547 2848 δέ.
2597 2815 2655 2848 σε
2700 2791 2882 2870 ἔγνων.
2917 2819 2944 2847 »ι
2980 2797 3109 2869 Περὶ
3152 2801 3248 2851 τοῦ
3275 2798 3402 2852 Υἱοῦ
3446 2797 3497 2852 έν
3528 2803 3607 2869 τῷ
3638 2798 3807 2874 Εὐαγ-

2155 2880 2342 2956 γελίῳ’
2378 2910 2402 2934 ›ι
2437 2885 2524 2936 Ἐν
2556 2882 2636 2955 τῷ
2661 2883 2853 2956 κόσμῳ
2873 2884 2965 2953 ἦν,
2987 2885 3077 2939 καὶ
3109 2887 3138 2940 6
3169 2885 3377 2957 κόσμος
3411 2883 3480 2940 δι’
3513 2885 3677 2941 αὐτοῦ
3699 2887 3811 2962 ἐγό-

2155 2989 2294 3039 νετο,
2352 2971 2441 3025 καὶ
2500 2973 2528 3026 6
2586 2973 2792 3045 κόσμος
2846 2972 3006 3028 αὐτὸν
3061 2972 3160 3028 οὐκ
3216 2971 3372 3049 ἔγνω.
3438 2997 3466 3023 ιδ
3522 2977 3650 3049 Περὶ
3708 2981 3807 3033 τοῦ

2156 3059 2491 3134 Πνεῦματοςο
2527 3086 2554 3113 ‹‹
2588 3063 2650 3115 Ὀ
2683 3063 2710 3116 6
2742 3061 2948 3135 κόσμος
2997 3061 3059 3117 οὐ
3109 3060 3328 3118 δύναται
3377 3059 3581 3135 λαϐεῖν,
3615 3065 3698 3120 ὅτι
3742 3067 3803 3122 οὗ

2152 3149 2409 3225 γινώσκει
2436 3146 2588 3206 αὐτό.
2633 3173 2662 3200 n

3098 3257 3350 3334 ᾖ,Τριὰς
3396 3259 3495 3326 τὴν
3535 3257 3801 3334 ἰνέργειαν

2228 3259 2313 3314 17.
2349 3257 2581 3312 Ὀτικαὶ
2615 3256 2667 3312 ἐν
2717 3260 2785 3329 τῇ
2841 3256 3049 3311 Halat"
3098 3259 3130 3326 ἡ
3183 3257 3350 3333 Τριὰς

2581 3330 2678 3385 τὴν
2713 3326 2852 3383 ῒδίαν
2882 3332 2995 3385 (581
3021 3278 3351 3385 ἷνδείκνυται

2581 3330 2678 3398 τὴν
2713 3317 2852 3383 ἴδ’ἶαν
2882 3332 2995 3402 (58)

2227 3441 2256 3467 «
2289 3411 2452 3488 Λάϐε,
2505 3442 2531 3468 ››
2583 3419 2737 3494 φησὶ,
2792 3442 2819 3468 ‹‹
2868 3418 2932 3473 τὸ
2980 3420 3114 3491 αἷμα
3159 3425 3261 3488 τῆς
3307 3418 3662 3493 τελειώσεως,
3714 3420 3803 3476 καὶ

2151 3504 2327 3567 ἐπίθες
2373 3505 2460 3559 ἐπὶ
2517 3505 2645 3568 τοὺς
2696 3507 2881 3581 ἱερεῖς,
2935 3506 3022 3561 ἐπὶ
3071 3507 3133 3561 τὸ
3185 3505 3347 3581 ἄκρον
3391 3513 3488 3563 τοῦ
3521 3509 3658 3571 ὠτὸς
3709 3512 3806 3564 τοῦ

2153 3592 2350 3665 δεξιοῦ,
2383 3594 2471 3648 καὶ
2504 3595 2592 3649 ἐπὶ
2641 3596 2704 3649 τὸ
2748 3592 2910 3670 ἄκρον
2955 3600 3052 3649 τοῦ
3102 3593 3272 3658 ποδὸς
3321 3601 3419 3651 τοῦ
3467 3595 3666 3668 δεξιοῦ,
3716 3598 3808 3653 καὶ

2153 3682 2239 3736 ἐπὶ
2269 3683 2331 3736 τὸ
2363 3683 2524 3757 ἄκρον
2557 3690 2653 3752 τῆς
2683 3685 2872 3759 χειρὸς
2903 3691 3003 3753 τῆς
3052 3681 3246 3755 δεξιᾶς.
3285 3710 3310 3733 »ι
3345 3687 3440 3741 Καὶ
3491 3686 3659 3762 βλέπε
3704 3690 3803 3757 τήν

2151 3769 2396 3846 κεφαλὴν
2427 3775 2524 3826 τοῦ
2575 3770 2712 3827 λαοῦ
2764 3773 2946 3848 τρίτον
3006 3774 3464 3850 σφραγιζομένην,
3524 3776 3658 3830 κατὰ
3711 3777 3804 3832 τὸν

2152 3859 2320 3914 τύπον
2369 3865 2477 3914 τῶν
2523 3860 2773 3938 Σεραφῗμ
2817 3867 2924 3916 τῶν
2976 3861 3269 3938 λεγόντων·
3304 3889 3332 3915 ‹‹
3377 3866 3593 3939 Ἄγιος,
3628 3866 3802 3940 ἅγιος,

2153 3949 2305 4023 ἅγιος
2364 3950 2558 4025 Κύριος
2613 3945 2842 4005 Σαϐαὼθ
2879 3971 2892 3984 θ
2931 3975 2957 4001 ››
2989 3951 3077 4006 καὶ
3129 3952 3265 4007 κατὰ
3326 3954 3419 4007 τὸν
3477 3953 3644 4007 τύπον
3702 3959 3802 4021 τῆς

2149 4033 2416 4110 σινδόνος,
2459 4046 2560 4108 τῆς
2611 4041 2865 4116 φανείσης
2920 4041 3108 4117 Πέτρῳ
3139 4040 3189 4095 έν
3227 4041 3442 4115 Ἰόππῃ,
3475 4040 3535 4096 ἐκ
3580 4045 3676 4096 τοῦ
3709 4040 3803 4095 οὐ·

2153 4132 2312 4202 ρανοῦ
2352 4127 2738 4203 χαλασθείσης,
2792 4127 2880 4184 διὰ
2929 4129 2990 4185 τὸ
3041 4131 3224 4206 τρίτον
3278 4129 3644 4206 χαλασθῆναι.
3699 4130 3802 4187 Καὶ

2150 4215 2238 4270 ὅτε
2270 4218 2297 4271 6
2355 4219 2481 4279 Θεὸς
2541 4218 2655 4272 εἶπε
2701 4223 2778 4290 τῷ
2838 4226 3023 4274 Μιυσεῖ
3080 4221 3247 4275 εἰπεῖν
3297 4222 3508 4296 Ἀαρὼν
3556 4221 3645 4275 καὶ
3687 4226 3803 4282 τοῖς

2148 4307 2288 4367 υἱοῖς
2335 4307 2519 4380 αὐτοῦ,
2569 4307 2759 4383 λέγων·
2796 4334 2823 4361 ι(
2875 4308 3064 4370 Οὕτως
3117 4309 3448 4383 εὐλογήσετε
3503 4311 3617 4383 (59)
3675 4310 3802 4371 τοὺς

2147 4396 2298 4457 υἱοὺς
2354 4395 2596 4471 Ἰσραὴλ,
2659 4396 2911 4472 λέγοντες
2968 4399 3171 4459 αὐτοῖς·
3225 4399 3322 4453 Καὶ
3368 4397 3682 4469 ἐπιθήσουσι
3736 4399 3801 4454 τὸ

2147 4479 2320 4556 ὄνομά
2367 4507 2469 4558 μου
2519 4485 2605 4540 ἐπὶ
2637 4485 2763 4546 τοὺς
2811 4487 2969 4547 υἱοὺς
3021 4485 3263 4561 Ἰσραὴλ,
3312 4487 3401 4541 καὶ
3451 4487 3560 4562 ἐγὼ
3602 4488 3801 4561 Κύριος

2144 4571 2430 4650 εὐλογήσω
2465 4574 2676 4636 αὐτούς,
2710 4573 3014 4650 Εὐλογήσει
3063 4595 3120 4628 σε
3174 4576 3396 4650 Κύριος,
3445 4575 3532 4631 χαί
3575 4576 3802 4652 φυλάξει

2142 4683 2216 4716 σε·
2253 4661 2498 4739 ἐπιφανεῖ
2534 4666 2596 4718 τὸ
2627 4659 2921 4737 πρόσωπον
2977 4663 3140 4718 αὐτοῦ
3191 4662 3280 4717 ἐπὶ
3332 4665 3410 4737 σὶ,
3459 4666 3547 4719 καὶ
3582 4664 3798 4735 ἐλεήσει

383 4769 588 4821 pacem
616 4754 676 4808 ‘7.
699 4776 728 4803 »
752 4755 822 4809 Et
851 4755 910 4808 in
941 4754 1097 4809 Novo
1124 4755 1499 4810 Testamento
1533 4753 1734 4808 itidem
1766 4754 1837 4809 de
1865 4758 2033 4809 Patre

2167 4773 2217 4808 ε.
2275 4753 2479 4828 Ἐπάρῃ
2524 4753 2718 4828 Κύριος
2761 4753 2823 4806 τὸ
2874 4752 3168 4826 πρόσωπον
3225 4752 3388 4806 αὐτοῦ
3446 4751 3533 4806 ἰπὶ
3580 4754 3656 4821 σὲ,
3707 4751 3798 4808 xui

381 4841 644 4913 loquitur
689 4842 905 4899 Paulus
940 4859 953 4898 :
992 4865 1020 4893 «
1052 4843 1207 4898 Deus
1239 4847 1437 4898 autem
1485 4845 1593 4910 est,
1628 4843 1723 4912 qui
1756 4849 2032 4915 operatur

380 4932 581 4987 omnia
609 4932 669 4988 in
700 4933 977 4988 omnibus
1012 4932 1110 4986 ‘8.»
1147 4931 1226 4986 De
1253 4929 1390 4985 Filio
1411 4947 1646 5002 quoque
1667 4931 1821 4987 idem
1844 4950 1894 4986 :«
1917 4934 2028 4988 Sed

378 5021 578 5077 omnia
632 5026 689 5077 et
746 5023 802 5076 in
863 5021 1140 5077 omnibus
1195 5019 1462 5076 Christus
1495 5021 1556 5076 ‘9.
1591 5042 1620 5071 »
1679 5022 1754 5077 De
1809 5022 2029 5094 Spiritu

442 5199 645 5257 8Psal.
677 5218 830 5266 XLIX,
883 5202 969 5263 14,
1031 5201 1118 5254 15.
1194 5200 1362 5255 ‘Jer.
1417 5217 1576 5267 XXIII,
1635 5201 1725 5254 24.
1802 5200 2065 5271 'Ephes.

1671 5289 1730 5338 ιι,
1791 5272 1845 5324 6.
1925 5273 1966 5306 ¹¹
2014 5271 2043 5326 J

2169 5314 2180 5325 .
2241 5287 2382 5336 xvu,
2440 5271 2529 5326 25.
2608 5271 2653 5304 ¹²
2707 5271 2877 5327 Joan.
2940 5288 2979 5337 ι,
3037 5271 3126 5327 10.
3205 5273 3251 5310 ¹³
3300 5272 3449 5329 Joan
3529 5288 3643 5341 XIV,
3701 5271 3796 5330 Π.

1124 5359 1208 5398 sa.
1257 5359 1333 5411 vr,
1365 5344 1420 5398 3.
1497 5342 1692 5398 “’Act.
1745 5359 1802 5411 x,
1856 5343 1910 5413 5,
1960 5343 2045 5410 10,

2167 5343 2169 5351 ⁷
2218 5343 2395 5400 Num.
2443 5358 2524 5409 vr,
2570 5342 2762 5398 22-26.
2845 5343 2887 5378 ιε
2932 5342 2954 5398 l
3009 5345 3136 5400 Cor.
3186 5361 3288 5410 xu,
3339 5346 3393 5400 6.

370 5273 532 5328 'Isa.
565 5290 704 5341 χιιι,
762 5274 817 5326 5.
895 5272 1079 5378 θεαρ.
1143 5287 1181 5336 ι,
1234 5273 1288 5325 7.
1367 5272 1413 5305 ¹⁰
1467 5275 1608 5343 Agg.

370 5345 414 5378 14
445 5345 597 5378 Furan
671 5360 801 5378 ννεν
854 5344 926 5378 9n
1045 5343 1066 5378 ι
1098 5343 1182 5378 [an
1257 5359 1312 5378 ιη
1367 5344 1399 5378 ‘2
1497 5345 1539 5378 18
1575 5345 1604 5378 Δ

368 5345 414 5381 ¹⁴
444 5345 623 5400 Exod.
670 5360 823 5411 XXIX,
854 5344 944 5408 20,
1023 5343 1066 5378 ¹⁸
1096 5343 1116 5397 1

367 5423 458 5486 ιιι,
492 5418 579 5472 11.

591 5603 740 5670 Haec,
768 5600 831 5655 τὸ
860 5602 1086 5674 Πνεῦμα
1131 5598 1221 5656 οῦν
1264 5600 1566 5674 tentata,
1603 5618 1791 5673 usque
1820 5602 1893 5657 ad
1927 5597 2026 5670 δῆ-

370 5672 469 5729 λον
500 5672 604 5740 ὅτι,
638 5674 880 5730 deerant
908 5675 966 5729 in
998 5672 1138 5730 edit.
1168 5673 1451 5730 Commel.
1483 5681 1540 5730 et
1571 5674 1628 5728 in
1663 5672 2021 5745 quibusdam

374 5763 542 5814 mss.,
575 5747 676 5802 sed
709 5745 983 5818 leguntur
1013 5748 1071 5802 in
1103 5747 1381 5818 Vatic.get
1413 5745 1473 5818 in
1507 5745 1680 5802 Basil.

443 5813 555 5894 (56)
587 5819 682 5876 Sic
711 5813 1029 5876 vaticanus
1059 5826 1116 5875 et
1144 5816 1372 5890 Anglic.
1404 5817 1608 5875 Czeteri
1653 5834 1806 5887 vero,
1839 5813 2021 5887 αὐτός,

2141 4839 2253 4913 δῴη
2291 4863 2373 4896 σοι
2406 4841 2651 4917 εἰρήνην.
2692 4867 2711 4891 ι
2751 4841 2848 4895 Καὶ
2906 4840 2956 4895 ἐν
3004 4844 3072 4914 τῇ
3125 4842 3232 4912 Νέᾳ
3282 4839 3490 4914 ὁμοίως
3534 4843 3654 4917 περῖ
3689 4848 3801 4896 Πα-

2137 4933 2263 5006 τρὸς
2300 4933 2327 4986 ὁ
2361 4930 2596 4992 11αῦλος’
2638 4955 2665 4981 ‹‹
2697 4931 2752 4982 Ὁ
2785 4929 2842 4984 δὲ
2871 4929 2997 4991 Θεὸς
3031 4930 3170 4984 ἐστιν
3205 4932 3232 4984 ὁ
3266 4930 3496 5006 ἐνεργῶν
3528 4933 3594 4986 τὰ
3625 4932 3802 4986 πάντα

2142 5019 2194 5075 ἔν
2225 5025 2378 5075 πᾶσι.
2437 5043 2464 5070 ››
2522 5018 2652 5092 ΙΙερὶ
2705 5022 2802 5072 τοῦ
2852 5019 2980 5071 Υἱοῦ
3025 5018 3052 5071 6
3102 5017 3282 5080 αὐτός’
3337 5017 3575 5074 «Ἀλλὰ
3623 5018 3801 5072 πάντα

2136 5216 2212 5267 1v,
2265 5200 2346 5253 10.
2429 5199 2448 5232 ⁸
2507 5197 2660 5254 Psal.
2713 5215 2980 5264 cxxxvm,
3038 5202 3094 5267 7,
3151 5203 3205 5257 8.
3282 5199 3499 5256 "Joan.
3560 5217 3677 5271 XIV,
3734 5202 3791 5258 7.

3474 5345 3520 5381 "
3570 5343 3792 5402 Coloss.

2206 5602 2318 5675 (57)
2351 5599 2529 5675 ’Ἄλλο
2563 5605 2726 5660 abest
2755 5604 2829 5659 ab
2861 5603 3202 5675 Anglicano.

2345 5674 2670 5764 Sic‘Vatic.
2707 5682 2766 5730 et
2793 5673 3021 5764 anglis
3055 5675 3255 5764 Cfeteri
3279 5681 3345 5764 e't'
3367 5675 3528 5764 editi,
3564 5673 3790 5764 οικεξαν.

2199 5748 2260 5828 ,(5
2285 5743 2315 5816 ν)
2350 5747 2502 5829 Edit.
2549 5747 2854 5830 Commel.,
2891 5743 3264 5839 ἐύλογήσητε.
3303 5749 3639 5817 Vaticanus,
3673 5750 3792 5803 An-

2132 5817 2293 5890 glic.,
2326 5817 2504 5875 Basﬂ.
2538 5825 2595 5875 et
2625 5821 2764 5876 edit.
2794 5819 2977 5886 Paris,
3007 5816 3356 5895 ευλογήσετε.
