4136 6388
288 417 365 476 49

926 413 1030 473 DE
1074 410 1437 474 COMMUNI
1480 409 1862 473 ESSENTIA
1908 409 2191 471 PATRIS
2238 410 2339 471 ET
2384 411 2563 472 FILH
2611 411 2711 472 ET
2758 410 2960 471 SPIR.
3009 412 3075 472 S.

3632 408 3714 472 50

287 545 376 602 καὶ
411 544 463 600 ἰν
494 549 624 600 πᾶσι
675 543 925 621 Χριστός.
975 566 1004 595 ››
1064 543 1193 618 Περὶ
1240 546 1336 596 τοῦ
1385 541 1544 617 ἁγίου
1596 540 1928 614 ΙΙνεύματοςί

2056 547 2303 597 sancto:
2368 566 2397 593 κ
2433 545 2561 598 Haec
2616 547 2811 599 autem
2864 541 3062 597 omnia
3120 548 3395 614 operatur
3452 560 3608 599 unus
3650 546 3711 598 et

290 659 319 687 «
350 638 526 689 Ταῦτα
556 631 613 688 δὲ
644 635 817 688 πάντα
842 632 1048 709 ἐνεργεῖ
1074 633 1136 687 τὸ
1182 628 1236 687 ’ἐν
1268 630 1357 686 καὶ
1406 632 1466 686 τὸ
1518 630 1646 686 αὐτὸ
1700 633 1939 702 Πνεῦμα,

290 722 531 800 διαιροῦν
569 721 679 795 ἰδίᾳ
708 723 916 796 ἐκάστῳ
946 722 1121 784 καθὼς
1161 721 1436 798 βούλεται.
1475 745 1503 772 ››

290 871 404 940 18.,
439 868 561 923 Ὅτι
622 868 656 936 ἡ
716 868 879 940 Τριάς
926 864 1266 940 παρακαλεῖχ
1301 863 1675 940 -ΙΙαράκλητος
1716 865 1819 940 γὰρ
1854 860 1943 940 διᾲ

356 939 420 1064 ’Ξὸ
480 934 809 1081 τξςαρακαλεῖν
861 938 950 992 καὶ
1005 934 1202 1006 ’σώζειν
1254 934 1487 1013 λέγεται,
1537 937 1611 999 ὡς
1670 934 1799 996 Θεὸς
1851 935 1940 990 καὶ

410 1032 484 1065 ωτ
532 1031 582 1085 ρ·

362 1126 495 1198 Περὶ
523 1130 622 1180 τοῦ
655 1126 870 1200 [ἰατρὸς
897 1126 924 1178 6
957 1122 1178 1186 Παῦλος
1211 1123 1377 1199 λέγει⁶
1433 1146 1456 1174 α
1503 1124 1662 1199 ’Υπὲρ
1708 1124 1941 1199 Χριστοῦ

285 1209 672 1289 πρεσϐεύομεν,
706 1213 779 1276 ὡς
808 1218 906 1267 τοῦ
940 1216 1072 1268 Θεοῦ
1120 1211 1563 1288 παρακαλοῦντος
1595 1210 1664 1267 δι’
1694 1214 1874 1285 ἡμῶν.
1910 1234 1939 1263 ››

285 1303 384 1358 Καὶ
433 1304 461 1357 6
513 1300 732 1365 Ἠσαίας
776 1300 914 1374 πρὸς
954 1304 1055 1372 τὴν
1105 1302 1486 1379 Ἰερουσαλήμ·
1547 1325 1574 1353 α
1623 1298 1942 1377 Παρακαλεῖ

284 1412 344 1445 σε
388 1393 415 1446 6
466 1390 733 1465 ὀνομάσας
798 1413 874 1448 σε.
920 1418 947 1444 ››
1004 1391 1317 1467 Παρακαλεῖ
1365 1392 1392 1444 6
1444 1390 1585 1453 Υἱός·
1637 1392 1714 1452 ὡς
1764 1388 1935 1465 ἔλεγε·

292 1504 319 1530 ‹‹
366 1482 589 1553 Πνεῦμα
650 1481 849 1555 Κυρίου
917 1479 998 1535 ἐπ’
1048 1480 1166 1553 ἆμὲ,
1228 1480 1289 1534 οὗ
1349 1478 1542 1535 εἷ’νεκεν
1604 1476 1790 1556 ἔχρισέ
1849 1498 1933 1552 με·

287 1569 733 1646 εὐαγγελίσασθαι
784 1575 1032 1646 πτωχοῖς
1081 1569 1384 1625 ἀπέσταλκέ
1434 1591 1521 1642 με,
1567 1566 1938 1646 παρακαλέσαι

280 1660 486 1721 πάντας
514 1658 643 1721 τοὺς
667 1656 1013 1720 πενθοῦντας.
1048 1682 1077 1709 ››
1109 1659 1364 1729 Ἰωάννης
1413 1659 1464 1714 έν
1496 1663 1563 1733 τῇ
1611 1657 1934 1731 Ἐπιστολῇ·

283 1770 311 1798 ‹‹
342 1749 465 1802 Ἐάν
492 1768 575 1809 τις
610 1747 844 1821 ἀμαρτῃ,
878 1746 1079 1822 ἔχομεν
1115 1746 1474 1821 ΙΙαράκλητον
1503 1748 1637 1823 πρὸς
1693 1748 1783 1801 τὸν
1828 1748 1938 1802 ΙΙα-

278 1836 429 1911 τέρα,
464 1837 671 1905 Ἰησοῦν
695 1835 925 1912 Χριστὸν
960 1833 1183 1906 δίκαιον,
1217 1837 1307 1890 καὶ
1340 1836 1498 1897 αὐτός
1528 1836 1667 1890 ἐστιν
1700 1833 1928 1907 ἷ¹λασμὸς

2054 1853 2149 1908 pro
2179 1836 2431 1908 peccatis
2463 1836 2680 1891 nostris
2713 1836 2777 1889 2⁸.
2815 1858 2843 1884 ››

2051 630 2204 687 idem
2250 632 2525 702 Spiritus,
2577 631 2846 687 dividens
2896 630 3145 703 singulis
3193 637 3366 703 prout
3412 631 3539 688 vult
3584 633 3648 687 ²⁹.
3683 653 3705 683 ι

2053 774 2139 829 18.
2171 774 2327 844 Quod
2358 775 2592 830 Trinitas
2648 775 3000 840 consoletur;
3058 774 3374 829 Paraclelus
3438 775 3584 830 enim
3642 774 3710 830 ab

2120 846 2815 974 ast/éoztandomonsolando
2844 855 2895 901 et
2923 844 3190 901 servando
3222 846 3453 916 dicitur,
3481 850 3541 901 ut
3568 847 3709 902 Deus

2121 935 2148 973 ϐ
2242 936 2274 973 a
2301 928 2474 973 valor.

2122 1034 2203 1089 De
2227 1035 2391 1090 Patre
2417 1034 2633 1090 Paulus
2656 1033 2765 1089 ait:
2798 1056 2828 1083 «
2858 1034 2964 1088 Pro
2985 1032 3217 1089 Christo
3240 1031 3529 1105 legatione
3568 1033 3706 1088 fun-

2049 1123 2338 1194 gimur,ut
2358 1123 2473 1179 Deo
2498 1123 2840 1178 exhortante
2859 1138 2962 1195 per
2982 1138 3087 1177 nos
3110 1122 3289 1175 “.»Et
3311 1120 3493 1175 Isaias
3515 1122 3587 1175 ad
3610 1122 3705 1177 Je-

2050 1212 2340 1269 rusalem:
2376 1235 2403 1263 «
2434 1212 2787 1267 Consolatur
2814 1216 2891 1278 te,
2917 1212 3020 1283 qui
3045 1210 3369 1265 nominavit
3415 1215 3471 1265 te
3499 1210 3638 1281 59’).
3676 1231 3698 1261 ι

2050 1301 2396 1357 Consolatur
2426 1306 2482 1358 et
2514 1301 2719 1369 Filius,
2752 1301 3254 1373 quemadmodum
3285 1299 3468 1354 dixit:
3504 1321 3531 1349 ‹‹
3567 1300 3704 1371 Spi-

2048 1390 2198 1446 ritus
2229 1391 2461 1447 Domini
2493 1407 2669 1462 super
2699 1407 2813 1456 me,
2845 1406 2911 1445 eo
2963 1390 3119 1460 quod
3175 1388 3407 1443 unxerit
3455 1403 3585 1456 me;
3639 1393 3705 1444 ut

2048 1480 2505 1552 evangelizarem
2548 1478 2905 1552 pauperibus
2937 1478 3098 1533 misit
3131 1494 3246 1543 me,
3279 1482 3344 1532 ut
3372 1476 3705 1533 consolarer

2046 1584 2252 1625 omnes
2280 1568 2550 1641 lugentes
2579 1570 2667 1636 ²⁴².,
2699 1568 2955 1624 Joannes
2978 1567 3037 1621 in
3071 1566 3365 1639 Epistola:
3402 1590 3429 1617 «
3463 1566 3525 1622 Si
3570 1567 3704 1639 quis

2047 1658 2389 1729 peccaverit,
2424 1658 2704 1714 habemus
2738 1656 3103 1712 Paracletum
3136 1656 3293 1727 apud
3326 1659 3558 1711 Patrem
3605 1660 3702 1713 Je-

2047 1764 2180 1803 sum
2211 1747 2506 1802 Christum
2532 1748 2789 1818 justum,
2823 1750 2880 1801 et
2908 1746 3035 1817 ipse
3066 1750 3151 1801 est
3206 1744 3542 1816 propitiatio
3599 1745 3702 1799 10

2903 1835 2983 1890 De
3037 1834 3258 1907 Spiritu
3313 1832 3574 1888 Salvator
3629 1834 3701 1889 ad

280 1925 404 1999 περὶ
436 1926 716 2001 ἁμαρτιῶν
750 1911 888 1999 (60)
936 1927 1119 1998 ἡμῶν.
1178 1949 1205 1977 ››
1253 1927 1390 2001 Περὶ
1427 1930 1528 1981 τοῦ
1562 1924 1874 1998 ΙΙνεύματος
1907 1925 1928 1979 6

2054 1925 2367 1997 discipulos
2397 1942 2537 1981 suos
2576 1924 2807 1996 inquit:
2874 1946 2901 1975 α
2951 1923 3011 1979 Si
3074 1922 3320 1995 diligitis
3380 1939 3493 1991 me,
3551 1938 3699 1993 prm-

282 2015 477 2087 Σωτὴρ
509 2014 645 2089 πρὸς
671 2013 799 2076 τοὺς
830 2014 1022 2069 ἑαυτοῦ
1062 2013 1328 2087 μαθητάς’
1362 2040 1389 2067 ‹‹
1424 2015 1540 2070 Ἐὰν
1571 2015 1809 2090 ἀγαπᾶτέ
1844 2034 1930 2087 με,

274 2104 371 2165 τὰς
416 2100 639 2165 ἐντολάς
692 2125 796 2177 μου
842 2105 1135 2179 τηρήσατε.
1181 2104 1341 2179 Κάγὼ
1372 2099 1638 2159 ἀναϐαίνω
1670 2104 1807 2177 πρὸς
1838 2104 1928 2157 τὸν

278 2192 493 2267 Πατέρα
528 2211 651 2266 μου·
687 2193 776 2247 καὶ
805 2191 1167 2268 παρακαλέσω
1197 2192 1378 2248 αὐτόν·
1420 2193 1510 2248 καὶ
1542 2190 1713 2248 ἄλλον
1744 2192 1929 2267 Παρά-

274 2280 479 2352 κλητον
507 2282 712 2356 πέμψει
748 2283 896 2357 ὑμῖν,
926 2283 989 2338 τὸ
1022 2286 1242 2357 Πνεῦμα
1271 2290 1373 2353 τῆς
1401 2282 1678 2354 ἀληθείας.

769 2429 855 2484 19.
892 2426 1024 2502 Περὶ
1053 2433 1153 2499 τῆς
1184 2424 1435 2503 Τριάδος.

352 2565 374 2591 ι
409 2540 586 2617 Μέγας
619 2542 647 2595 6
681 2542 877 2616 Κύριος
905 2544 1186 2615 ἡμῶν,καὶ
1223 2543 1435 2619 μεγάλη
1462 2546 1496 2613 ἡ
1521 2542 1682 2619 ἰσχὺς
1703 2542 1925 2599 αὐτοῦ’»

276 2628 459 2703 (ἰσχὺν
496 2628 639 2706 λέγει
669 2631 760 2684 τὸν
794 2630 939 2684 Υίόνο
967 2630 1127 2705 ἰσχὺς
1151 2629 1209 2686 δὲ
1234 2629 1462 2705 δύναμις
1486 2631 1616 2686 ἐστι’
1645 2657 1673 2683 ‹‹
1699 2633 1929 2709 Χριστὸς

275 2720 379 2792 γὰρ
441 2723 575 2773 Θεοῦ
625 2716 873 2792 δύναμις,
925 2721 1013 2774 καὶ
1066 2725 1200 2775 Θεοῦ
1249 2721 1429 2798 σοφία·
1469 2723 1519 2795 ››)
1550 2720 1639 2776 καὶ
1670 2728 1770 2790 τῆς
1800 2743 1929 2776 συν-

278 2807 443 2867 έσεως
476 2806 640 2862 αὐτοῦ
673 2807 771 2862 οὐκ
801 2807 940 2864 ἔστιν
975 2810 1227 2883 ἀριθμὸς,
1272 2833 1302 2861 ››
1354 2811 1597 2865 τουτέστι
1628 2808 1728 2864 τοῦ
1760 2810 1929 2865 Ιῐνεύ-

279 2915 467 2968 ματος
530 2896 607 2957 ὡς
656 2893 839 2970 ἔλεγεν
901 2899 929 2951 6
980 2900 1198 2970 Σωτήρ·
1264 2922 1290 2949 ‹‹
1342 2896 1481 2955 Ἰδοὺ
1538 2895 1739 2971 δίδωμι
1801 2899 1927 2972 ὑμῖν

276 2982 499 3057 Πνεῦμα
556 2985 745 3062 σοφίας
800 2986 889 3041 καί
940 2986 1223 3049 συνέσεως’
1288 3009 1317 3038 ι)
1377 2990 1467 3042 καὶ
1518 2987 1701 3043 πάλιν·
1755 3013 1782 3040 ‹‹
1842 2987 1929 3060 Τῷ

273 3072 439 3148 Λόγῳ
518 3074 721 3150 Κυρίου
795 3076 847 3129 οἱ
927 3075 1147 3152 οὐρανοὶ
1224 3076 1649 3152 ἐστερεώθησαν,
1706 3078 1795 3132 καὶ
1850 3082 1929 3150 τῷ

277 3162 559 3235 ΙΙνεύματι
613 3167 711 3219 τοῦ
767 3164 1035 3238 στόματος
1091 3164 1256 3220 αὐτοῦ
1303 3168 1510 3236 πᾶσαή
1546 3166 1773 3240 δύναμις
1831 3166 1924 3221 αὐ-

269 3255 401 3306 τῶν·
463 3272 490 3305 ιε
556 3252 645 3306 καὶ
694 3251 882 3308 πάλιν·
935 3278 963 3305 ‹‹

282 3339 310 3394 6
346 3340 477 3403 Θεὸς
508 3342 692 3415 ἡμῶν
726 3340 1010 3418 εὐλογήσει
1045 3343 1184 3416 ὑμᾶς
1210 3342 1237 3398 6
1269 3343 1416 3406 Θεός.
1452 3368 1481 3395 ››

273 3486 364 3540 20.
419 3485 550 3564 ξὈτι
605 3484 669 3539 τὸ
708 3488 952 3564 ἸΙνεῦμα
1006 3488 1139 3564 ποτὶ
1192 3490 1226 3557 ἡ
1306 3489 1490 3564 ξ’ραφή
1570 3492 1667 3543 τοῦ
1702 3489 1927 3564 λΙΙᾳτρὸς

346 3553 551 3634 καλεῖη
601 3558 734 3634 ποτὲ
810 3553 915 3634 τοῦ
983 3560 1152 3634 Υῖοῦχ
1214 3553 1356 3615 ποτὲ
1420 3553 1928 3634 (62))ιαθΪ-ὲαῦτὸ

348 3627 479 3683 αὐτὸ
529 3627 804 3720 ὀνομάζει·
861 3630 924 3686 οὐ
982 3631 1086 3708 γὰρ
1136 3630 1187 3687 ἐν
1221 3627 1664 3708 συγχύόειίάλλ²
1695 3630 1929 3709 ἀδιαιρὲ-

343 3720 453 3763 τως
482 3721 829 3776 κηρυσσεται.

345 3816 480 3891 Περὶ
512 3816 752 3893 Πατρός.
782 3842 811 3871 ‹‹
841 3820 1030 3893 Ἡμεῖς
1063 3817 1121 3874 δὲ
1152 3820 1214 3875 οὐ
1245 3821 1309 3876 τὸ
1346 3825 1561 3894 πνεῦμα
1588 3826 1686 3876 τοῦ
1716 3821 1927 3895 κόσμου

271 3899 565 3979 ἐλάϐομεν,
616 3906 764 3963 ἀλλὰ
808 3909 872 3963 τὸ
923 3910 1146 3982 Πνεῦμα
1172 3915 1269 3965 τοῦ
1300 3916 1434 3966 Θεοῦ
1465 3914 1599 3985 (63).
1636 3936 1663 3961 ››
1697 3911 1794 3966 Καὶ
1824 3912 1925 3965 πά-

273 3990 379 4046 λιν⁹
440 4018 468 4047 ‹‹
517 3996 699 4069 Ὑμεῖς
753 3994 809 4052 δὲ
867 3996 971 4052 οὐκ
1020 3999 1138 4053 me
1186 3999 1237 4053 έν
1306 4001 1455 4073 ὑμῖν.
1509 4025 1537 4051 ››
1588 4000 1724 4076 Περὶ
1776 3999 1921 4055 Υἱοῦ·

270 4081 678 4155 Ἐξαπέστειλεν
739 4086 766 4139 6
822 4087 977 4157 Θεὸς,
1030 4087 1093 4140 τὸ
1154 4090 1375 4161 Πνεῦμα
1440 4094 1535 4143 τοῦ
1588 4090 1715 4143 Υἱοῦ
1763 4090 1926 4145 αὐτοῦ

273 4169 352 4233 είς
406 4172 503 4234 τὰς
550 4170 778 4249 καρδίας
836 4177 1021 4248 ἡμῶν,
1072 4175 1291 4250 κράζον,
1343 4172 1520 4232 ’Δϐϐἆ
1566 4179 1593 4231 6
1649 4181 1861 4249 Πατήρ.
1896 4203 1925 4229 ››

272 4259 370 4314 Καὶ
419 4259 604 4318 πάλιν.
662 4287 692 4315 ‹‹
739 4266 834 4327 ’Ός
888 4270 1113 4339 Πνεῦμα
1160 4270 1393 4343 Χριστοῦ
1438 4266 1536 4321 οὐκ
1592 4263 1730 4342 ἔχει,
1763 4268 1926 4330 οὗτος

269 4348 369 4405 οὐκ
395 4345 536 4406 ἔστιν
565 4350 749 4407 αὐτοῦ.
790 4378 816 4404 ››
854 4353 989 4431 Περὶ
1018 4359 1116 4410 τοῦ
1152 4355 1468 4431 ΙΙνεόματος
1518 4356 1545 4411 6
1578 4356 1703 4419 Υἱὸς
1749 4354 1920 4434 ἔλεγε·

269 4463 297 4492 ‹‹
351 4441 439 4510 Μὴ
495 4445 887 4518 μεριμνήσητε,
934 4445 1005 4513 τί,
1055 4447 1089 4514 ἢ
1140 4449 1257 4508 πῶς
1293 4445 1584 4517 λαλήσετε⁶
1636 4444 1921 4517 δοθήσεται

266 4528 367 4606 γὰρ
429 4530 556 4603 ὑμῖν
624 4532 674 4587 ἐν
729 4532 904 4607 ἐκείνῃ
962 4537 1030 4607 τῇ
1082 4533 1198 4611 ὥρᾳ
1251 4535 1304 4589 τί
1352 4534 1641 4606 λαλήσετε’
1702 4536 1764 4590 οὐ
1818 4536 1922 4612 γὰρ

268 4619 424 4691 ὑμεῖς
473 4618 590 4675 ἐστε
636 4622 687 4675 οἱ
730 4621 1047 4694 λαλοῦντες,
1094 4624 1240 4679 ἀλλὰ
1287 4626 1348 4679 τὸ
1400 4625 1623 4698 Πνεῦμα
1650 4630 1748 4680 τοῦ
1806 4632 1921 4681 Πα-

266 4708 395 4785 τρός
459 4731 586 4783 μου,
637 4712 699 4766 τὸ
750 4710 953 4767 λαλοῦν
1007 4712 1059 4767 ἐν
1117 4716 1262 4787 ὑμῖν.
1316 4740 1343 4767 ››
1406 4715 1535 4792 Περὶ
1571 4717 1914 4790 Ιινεύματος·

270 4820 299 4850 ι(
332 4798 567 4868 Διῆλθον
603 4798 661 4856 δὶ
688 4802 789 4871 τὴν
824 4800 1064 4877 Φρυγίαν
1098 4802 1187 4857 καὶ
1215 4805 1316 4873 τὴν
1350 4802 1655 4874 Γαλατικὴν
1706 4807 1917 4882 χώραν,

267 4885 604 4952 κωλυθέντες
629 4891 730 4945 ὑπὸ
762 4889 858 4945 τοῦ
890 4892 1049 4966 ἁγίου
1082 4892 1415 4965 Πνεύματος,
1446 4894 1539 4948 τὸν
1593 4895 1771 4970 Λόγον
1823 4897 1919 4951 τοῦ

270 4977 404 5032 Θεοῦ
457 4976 696 5048 λαλῆσαι
746 4980 799 5035 ἐν
846 4985 915 5056 τῇ
968 4982 1137 5053 Ἀσίᾳ.
1187 4980 1465 5046 Ἐλθόντες
1516 4982 1573 5039 δὲ
1618 4987 1754 5040 κατά
1816 4988 1916 5056 τήν

344 5104 390 5178 ἓξ)
413 5103 606 5178 _I_Cor.
639 5123 742 5178 xu,
776 5108 862 5163 11.
995 5109 1037 5142 ²¹
1073 5108 1120 5163 II
1178 5109 1306 5164 Cor.
1338 5127 1392 5164 ν.
1426 5111 1515 5165 20.

269 5174 316 5209 ³⁸
346 5175 489 5230 ibid.
522 5178 608 5241 16,
647 5174 736 5234 17ξ
865 5179 910 5214 ²⁶
944 5181 963 5234 Ι
991 5179 1116 5235 Cor.
1148 5197 1189 5245 1,
1219 5182 1309 5236 24.

271 5247 317 5281 ³ο
376 5247 532 5302 Psal.
568 5265 716 5319 va1,
747 5252 806 5320 6,
917 5251 960 5287 ³¹
996 5251 1016 5306 I
1048 5252 1175 5308 Cor.
1210 5269 1275 5318 ιι,
1309 5254 1394 5308 12.

271 5318 362 5388 49,
392 5319 483 5374 20.

1442 5182 1485 5215 ³⁷
1518 5182 1670 5239 Psal.
1703 5201 1883 5251 CXLVI,
1916 5187 1971 5240 2.

365 5459 454 5538 {>9}
487 5460 589 5538 H_ic
620 5462 785 5519 locus
815 5465 1085 5538 estapud
1115 5466 1355 5522 Baruch.
1389 5484 1465 5538 ιν,
1494 5469 1585 5525 30.

364 5532 455 5604 60)
513 5533 661 5615 ilius,
721 5534 845 5615 περὶ
890 5532 1485 5615 ’ἀμαρτιῷνζ-όθ-ειιιὴ
1542 5541 1600 5596 in
1671 5541 1927 5615 editione

270 5602 643 5682 Commelin.,
668 5608 779 5682 _s_ed
794 5602 1101 5682 '_habent'ur
1132 5602 1204 5664 in'
1222 5609 1527 5678 Vaticano,
1590 5613 1921 5682 Basiliensi,

268 5675 495 5737 Anglic.
531 5681 590 5733 et
618 5675 758 5733 edit.
792 5679 1125 5737 Parisiensi.

346 5748 454 5821 (61)
484 5748 638 5806 Edit.
671 5750 951 5808 Commel.
984 5751 1131 5823 sola,
1160 5753 1345 5825 ἡμῶν,
1377 5754 1549 5812 male.

1018 3252 1327 3347 Edloy’qcei
1355 3255 1514 3347 ’ὑμᾶς
1567 3258 1679 3329 (61)
1711 3256 1738 3309 ὁ
1769 3256 1919 3325 Θεὸς,
1957 3280 2000 3347 C

1647 5112 1694 5146 ²²
1726 5113 1837 5169 Isa.
1884 5130 2000 5186 LXI,
2034 5116 2086 5182 1,
2136 5116 2169 5169 3

1499 5254 1546 5288 ³³
1595 5255 1763 5312 Rom.
1794 5273 1918 5325 vm,
1947 5258 2003 5314 9.

2042 2018 2205 2086 cepta
2236 2031 2366 2070 mea
2394 2018 2620 2071 servate
2652 2014 2765 2069 9‘.»
2795 2018 2899 2069 Et:
2940 2036 2967 2063 «
3000 2013 3117 2085 Ego
3161 2012 3411 2068 ascendo
3460 2011 3532 2067 ad
3591 2011 3696 2066 Pa-

2040 2111 2212 2169 trem,
2246 2110 2301 2157 et
2328 2103 2545 2175 rogabo
2576 2103 2891 2170 Patrem,et
2911 2102 3093 2157 alium
3118 2099 3483 2156 Paracletum
3506 2099 3700 2155 mittet

2040 2192 2227 2260 vobis,
2264 2192 2550 2264 Spiritum
2583 2191 2849 2247 veritatis
2883 2191 2948 2246 π.
2984 2212 3013 2239 ››

2470 2336 2557 2390 19.
2590 2335 2663 2391 De
2691 2334 2986 2392 Trinitate.

2113 2475 2141 2502 ‹‹
2175 2452 2425 2524 Magnus
2455 2451 2742 2507 Dominus
2774 2454 2991 2516 noster,
3015 2455 3073 2505 et
3102 2466 3313 2520 magna
3331 2448 3519 2505 virtus
3546 2450 3697 2520 ejus,

2041 2541 2352 2613 (Virtutem
2387 2540 2643 2612 appellat
2673 2540 2908 2604 Filium,
2939 2539 3126 2594 virtus
3184 2542 3379 2594 autem
3437 2537 3701 2609 potentia

2039 2636 2160 2686 est:
2197 2652 2224 2680 ‹‹
2258 2630 2525 2686 Christus
2556 2629 2713 2686 enim
2740 2629 2837 2685 Dei
2870 2629 3153 2701 potentia.
3186 2631 3243 2683 et
3274 2626 3373 2682 Dei
3406 2626 3698 2699 sapientia

2040 2723 2129 2775 est
2156 2718 2202 2753 ³⁸
2231 2735 2244 2785 ;
2276 2719 2331 2790 ››)
2354 2718 2741 2791 et_sapientiaa
2774 2718 2904 2788 ejus
2934 2734 3049 2773 non
3093 2721 3182 2771 est
3230 2732 3516 2772 numerus
3565 2717 3633 2782 ³⁷,
3668 2738 3696 2765 ››

2039 2806 2098 2862 id
2129 2813 2237 2874 est,
2271 2808 2546 2880 Spiritus,
2582 2812 2646 2862 ut
2668 2807 2931 2863 Salvator
2975 2806 3152 2861 dicit:
3219 2827 3247 2856 «
3279 2807 3424 2860 Ecce
3475 2806 3547 2860 do
3596 2822 3694 2861 vo-

2040 2895 2129 2951 bis
2152 2896 2433 2967 Spiritum
2459 2896 2787 2968 sapientias,
2816 2900 2870 2951 et
2902 2896 3232 2951 intellectus
3254 2895 3317 2949 ³³.
3354 2917 3381 2943 ι›
3415 2896 3481 2949 Et
3511 2894 3651 2950 alibi
3677 2911 3690 2949 :

2040 3008 2069 3035 ‹‹
2102 2986 2291 3041 Verbo
2327 2984 2553 3040 Domini
2586 2984 2713 3040 caeli
2743 2985 2960 3040 ﬁrmati
2992 2989 3152 3041 sunt.
3187 2989 3245 3039 et
3303 2983 3525 3055 Spiritu
3575 2983 3695 3039 oris

2039 3077 2168 3147 ejus
2199 3074 2393 3131 omnis
2425 3075 2610 3131 virtus
2639 3091 2843 3131 eorum
2874 3076 2937 3129 ’9.
2978 3098 3006 3124 »
3039 3077 3230 3146 Atque
3252 3075 3466 3129 iterum
3491 3092 3503 3131 ;
3533 3096 3561 3125 ‹‹
3594 3075 3695 3130 Be~

2038 3165 2271 3220 nedicst
2298 3165 2462 3221 vobis
2491 3169 2668 3230 Deus,
2716 3163 2869 3219 Deus
2917 3168 3129 3231 vester,
3182 3164 3489 3220 benedicat
3528 3164 3694 3220 vobis

2037 3253 2189 3309 Deus
2219 3253 2279 3307 ³ο.
2316 3273 2344 3303 ιι

2036 3400 2127 3453 20.
2162 3398 2312 3466 Quod
2344 3397 2635 3468 Scriptura
2666 3397 2958 3468 Spiritum,
3008 3397 3313 3468 aliquando
3361 3397 3563 3465 Patris,
3595 3398 3698 3451 ali-

2108 3470 2327 3542 quando
2358 3471 2509 3539 Filii,
2543 3469 2840 3542 aliquando
2868 3469 3116 3542 absolute
3148 3468 3447 3542 "Spiritum
3473 3478 3692 3542 _vocet;

2108 3539 2220 3597 non
2248 3543 2397 3598 enim
2442 3539 2684 3613 con/use,
2732 3541 2826 3597 sed
2869 3539 3285 3596 indivisibiliter
3327 3539 3691 3611 pradicatur.

2112 3751 2186 3802 De
2217 3746 2425 3801 Patre:
2462 3766 2490 3797 α
2520 3745 2635 3800 Nos
2668 3750 2865 3800 autem
2899 3760 3013 3799 non
3047 3743 3383 3816 accepimus
3412 3744 3693 3815 spiritum

2038 3835 2267 3904 mundi,
2302 3835 2401 3889 sed
2435 3834 2720 3905 Spiritum
2752 3833 2854 3888 Dei
2884 3834 2951 3887 ³1.
2988 3854 3016 3882 ››
3049 3833 3312 3889 Rursus:
3366 3854 3393 3882 «
3428 3832 3546 3888 Vos
3594 3849 3694 3887 au-

2035 3928 2153 3979 tem
2188 3940 2301 3978 non
2333 3923 2475 3978 estis
2507 3923 2566 3977 in
2598 3939 2790 3993 carne,
2824 3924 2925 3978 sed
2986 3922 3046 3976 in
3105 3922 3337 3993 spiritu,
3397 3921 3692 3993 siquidem

2036 4014 2295 4085 Spiritus
2317 4012 2416 4067 Dei
2438 4011 2743 4067 habitatin
2770 4011 2935 4068 vobis
2962 4012 3079 4067 3’.»
3131 4011 3212 4066 De
3244 4009 3386 4066 Filio
3413 4029 3424 4066 :
3468 4033 3496 4060 «
3531 4010 3693 4066 Misit

2036 4103 2192 4157 Deus
2221 4102 2502 4171 Spiritum
2538 4100 2661 4155 Filii
2693 4102 2784 4155 sui
2834 4101 2894 4155 in
2947 4101 3124 4156 corda
3162 4103 3384 4165 nostra,
3433 4098 3694 4154 claman-

2036 4196 2194 4245 tem:
2230 4191 2398 4246 Abba
2436 4194 2609 4245 Pater
2662 4190 2731 4245 ³³.
2780 4212 2807 4239 υ
2866 4190 3134 4245 Rursus:
3191 4211 3218 4238 ‹‹
3252 4188 3359 4254 Qui
3406 4188 3691 4260 Spiritum

2036 4279 2251 4334 Christi
2279 4296 2393 4334 non
2418 4279 2614 4349 habet,
2654 4295 2769 4334 non
2806 4284 2896 4334 est
2916 4280 3045 4349 ejus
3072 4278 3139 4348 3‘,
3175 4300 3203 4327 »
3241 4282 3316 4333 De
3348 4277 3568 4350 Spiritu
3601 4277 3692 4333 Fi-

2035 4366 2153 4423 lius
2182 4368 2363 4423 dixit:
2401 4389 2428 4417 ‹‹
2464 4367 2546 4423 Ne
2575 4366 2812 4423 solliciti
2853 4367 2999 4435 sitis,
3063 4367 3201 4439 quid
3254 4370 3356 4422 aut
3399 4367 3692 4438 quomodo

2032 4456 2359 4528 loquamini
2388 4472 2401 4512 :
2436 4457 2844 4512 dabiturenim
2862 4455 3121 4525 vobis,in
3142 4455 3241 4510 illa
3261 4454 3559 4525 horaquid
3603 4455 3692 4509 lo-

2033 4546 2337 4616 quamini:
2371 4562 2484 4601 non
2518 4547 2674 4601 enim
2705 4562 2807 4600 vos
2838 4545 3003 4615 estis,
3051 4545 3151 4616 qui
3197 4544 3530 4615 loquimini,
3588 4544 3689 4599 sed

1951 4655 1999 4720 Β
2031 4634 2284 4706 Spiritus
2317 4634 2507 4689 Patris
2540 4635 2674 4701 mei,
2711 4633 2810 4705 qui
2843 4632 3109 4706 loquitur
3132 4632 3193 4687 in
3225 4632 3390 4687 vobis
3421 4633 3484 4688 ³⁸.
3520 4650 3545 4683 s
3614 4635 3693 4687 De

2030 4723 2293 4796 Spiritu:
2334 4743 2354 4771 ιι
2392 4724 2851 4795 Peragraverunt
2882 4727 3079 4778 autem
3126 4721 3438 4794 Phrygiam
3488 4727 3544 4777 et
3578 4721 3689 4777 Ga-

2031 4813 2182 4868 latiae
2215 4813 2533 4881 regionem,
2590 4811 2866 4883 prohibiti
2910 4828 2944 4866 ιι
2991 4810 3209 4882 Spiritu
3271 4816 3473 4867 sancto
3530 4811 3687 4881 loqui

2032 4901 2282 4958 Veruum
2316 4901 2416 4956 Dei
2446 4903 2502 4956 in
2535 4900 2692 4957 Asia.
2733 4905 2876 4955 Cum
2907 4901 3211 4955 venissent
3240 4903 3436 4955 autem
3467 4899 3525 4954 in
3570 4899 3687 4971 My-

2032 4990 2204 5058 siam,
2236 4991 2543 5046 tentabant
2568 4990 2652 5045 irc
2682 4990 2739 5044 in
2782 4988 3136 5062 Bithyniam,
3170 4994 3227 5044 et
3254 5006 3369 5044 non
3426 4989 3694 5061 permisit

2321 5116 2367 5149 ²³
2416 5118 2436 5171 Ι
2488 5116 2658 5171 Joan.
2710 5131 2774 5181 ιι,
2824 5115 2876 5181 1,
2927 5115 2980 5167 2.

2105 5186 2149 5221 ²⁸
2178 5187 2349 5241 Joan.
2394 5204 2510 5258 XVI,
2545 5188 2650 5244 13:
2686 5158 2795 5241 Isti.
2823 5157 2903 5250 xi,
2933 5188 2988 5239 2.

2122 5258 2167 5292 ³³
2197 5258 2383 5314 Galat.
2418 5275 2492 5327 ιν,
2524 5260 2578 5314 6.
2712 5260 2760 5293 3‘
2788 5262 2952 5312 Rom.
2985 5272 3107 5325 VIII,
3137 5257 3192 5321 9,

3111 5114 3156 5147 ³⁴
3211 5112 3381 5167 Joan.
3426 5128 3541 5179 xw,
3602 5114 3691 5168 15·

3120 5186 3166 5219 9°
3223 5184 3373 5239 Psal.
3422 5198 3602 5251 χχχιι,
3634 5184 3689 5238 6-

3312 5255 3357 5290 ³⁸
3388 5254 3589 5310 Matth.
3634 5271 3690 5311 κ,

2110 5472 2217 5543 (62)
2250 5471 2391 5543 [lori
2418 5472 2581 5527 deest
2609 5470 2669 5543 in
2701 5467 3126 5543 Anglict‘lbid.
3198 5466 3423 5537 Anglic.
3480 5471 3539 5543 _et
3587 5468 3691 5523 Va-

2041 5534 2355 5616 ιὶοὲιιιίρῦκ
2377 5541 2427 5594 ἐν
2455 5542 2740 5616 συγχύσει,
2764 5534 2888 5616 ἀλλ’
2906 5534 3226 5616 ᾀδιαιιρέτως
3254 5534 3686 5616 κηρυσσόμενον.

2128 5608 2407 5682 63)Εᾱὶῑ.
2442 5608 2745 5679 (Σοιῇἱιιθιί,
2793 5609 2937 5665 ἀλλὰ
2992 5608 3067 5662 τὸ“
3100 5612 3197 5663 τοῦ
3246 5608 3381 5663 Θεοῦ
3432 5608 3685 5682 Reliqui,

2035 5681 2182 5739 ἀλλὰ
2202 5681 2271 5739 τὸ
2303 5686 2524 5756 Πνεῦμα
2577 5688 2674 5739 τοῦ
2705 5685 2858 5739 Θεοῦ.
