4136 6364
405 359 479 418 51
1571 357 1638 416 S.
1682 354 2055 417 ATHANAS

2176 356 2215 414 ι.
2241 382 2318 398 -
2348 353 2624 416 DURIA.
3751 361 3830 420 62

409 504 508 544 eos
533 486 788 560 Spiritus
816 487 958 542 Jesu
979 487 1042 540 ³⁸.
1081 509 1108 535 ››

407 575 640 632 tristare
669 574 955 646 Spiritum
987 580 1281 642 sanctum,
1318 575 1373 628 in
1403 592 1517 646 quo
1540 575 1753 648 signati
1778 576 1920 631 estis
1939 575 2003 628 ³⁷.
2031 596 2060 624 ››

413 666 622 720 Dicunt
652 664 930 730 haeretici,
956 663 1278 719 secundum
1313 663 1576 719 ordinem
1609 670 1666 719 et
1707 680 2061 719 annumera-

407 755 627 809 tionem
661 753 975 808 censistere
1004 752 1302 806 deitatem.
1368 751 1874 823 Respondebimus
1921 753 2061 809 scri-

421 848 588 914 ptum
613 857 742 897 esse
767 859 780 896 :
805 864 831 890 ‹‹
858 841 1088 896 Primus
1120 841 1314 906 homo,
1344 842 1413 896 de
1434 847 1590 895 terra
1628 846 1899 897 terrenus
1925 860 1937 907 ;
1972 859 2063 896 se-

413 931 646 987 cundus
677 931 871 997 homo,
915 930 985 984 de
1014 929 1156 984 caelo
1189 929 1439 984 cmlestis
1471 931 1536 985 ³⁸.
1569 950 1594 981 ο
1661 931 1732 985 Et
1783 947 2018 985 rursum
2047 947 2060 986 :

421 1042 448 1073 ι(
469 1021 730 1076 Primum
756 1019 897 1074 dicit
922 1018 1919 1091 animalem,posteaspiritualem”.
1949 1043 1977 1070 »
2003 1021 2063 1076 Si

416 1109 598 1180 igitur
630 1109 815 1177 primo
845 1108 906 1162 in
936 1109 1342 1164 numeratione
1381 1109 1696 1178 subjicitur
1746 1111 2062 1180 secundus,

419 1199 520 1270 qui
553 1203 749 1254 autem
781 1199 1112 1267 subjicitur,
1144 1214 1210 1252 eo
1259 1198 1350 1252 cui
1401 1198 1712 1269 subjicitur
1756 1199 1813 1252 in
1864 1215 2067 1254 nume-

428 1286 595 1342 randi
650 1286 900 1352 ratione,
956 1285 1130 1341 vilior
1187 1291 1310 1341 est:
1369 1285 1538 1341 vilior
1578 1287 1690 1341 erit
1741 1289 2066 1343 secundum

427 1381 678 1431 vestram
713 1375 1065 1430 sententiam
1099 1374 1339 1430 animali
1389 1376 1733 1447 spiritualis,
1769 1382 1825 1431 et
1854 1381 2066 1434 terres-

423 1467 497 1519 tri
581 1465 821 1520 homins
882 1464 1057 1520 homo
1116 1464 1412 1520 ccslestis.
1496 1465 1667 1521 Aliud
1738 1469 2070 1540 (argumen-

413 1552 844 1620 tum):Nullus
875 1553 1105 1623 ignorat
1152 1554 1478 1624 Sripturam
1527 1556 1831 1610 nominare
1888 1561 2068 1612 Deum

417 1641 687 1708 Abrahae,
721 1640 1102 1708 DeumIsaac,
1136 1651 1191 1697 et
1218 1643 1604 1699 DeumJacob.
1640 1643 1802 1699 Aliud
1831 1648 2072 1701 :Contra

413 1746 514 1786 eos
545 1729 645 1801 qui
673 1729 840 1785 tertio
871 1729 996 1785 loco
1036 1731 1317 1802 Spiritum
1358 1735 1628 1787 sanctum
1679 1733 2066 1792 constituunt.

1169 491 1244 540 De
1302 487 1560 558 Spiritu:
1626 487 1866 542 «Nolite
1923 503 2055 543 con-

2176 481 2376 537 Μυσίαν
2403 483 2543 556 (64),
2576 482 2869 558 ἐπειρῶντο
2903 484 2978 546 είς
3019 486 3118 554 τὴν
3167 486 3419 542 Βιθυνίαν
3474 488 3830 563 πορευθῆναι.

2169 572 2259 626 καὶ
2292 570 2390 626 οὐκ
2417 569 2591 627 εἷάσεν
2617 573 2814 636 ηὐτοὺς
2850 575 2912 628 τὸ
2964 576 3185 648 ΙΙνεῦμα
3235 573 3434 644 Ἰησοῦ.
3467 599 3494 626 ››
3547 577 3675 652 Περὶ
3731 576 3829 632 τοῦ

2175 659 2512 733 Ιῐνεύματος.
2579 686 2599 712 ι
2651 663 2740 732 Μὴ
2795 661 3014 718 λυπεῖτε
3059 664 3122 718 τὸ
3174 661 3395 737 Πνεῦμα
3439 665 3502 719 τὸ
3544 665 3715 740 ἅγιον,
3775 665 3826 720 ἐν

2172 749 2218 820 ᾧ
2269 748 2682 826 ἐσφραγίσθητε.
2743 777 2763 803 ι
2828 753 3085 828 Λέγουσιν
3133 753 3185 807 οἱ
3226 753 3487 828 αἱρετικοὶ
3517 757 3652 809 κατὰ
3680 755 3825 828 τάξιν

2171 835 2260 890 xui
2339 838 2709 911 ὑπαρίθμησιν
2787 840 2999 895 ἑστάναι
3067 842 3165 908 τὴν
3226 837 3474 910 θεότητα.
3535 846 3826 918 Ἐροῦμεν.

2173 921 2254 979 ὅτι
2285 928 2605 1001 γέγραπται.
2639 953 2668 980 ‹‹
2699 933 2754 983 '0
2779 934 2997 1003 πρῶτος
3031 931 3308 1005 ἄνθρωπος
3351 930 3412 986 ἐκ
3457 939 3562 1006 γῆς
3612 933 3826 1008 χοϊκός.

2175 1015 2203 1068 6
2236 1011 2483 1091 δεύτερος
2532 1015 2812 1090 ἄνθρωπος
2868 1017 2916 1090 ἐξ
2945 1016 3176 1091 οὐρανοῦ
3210 1020 3236 1072 6
3270 1018 3613 1095 ἐπουράνιος.
3650 1046 3677 1072 ››
3731 1021 3830 1077 Kui

2173 1102 2359 1157 πάλιν
2397 1129 2424 1155 ‹‹
2459 1105 2682 1179 Πρῶτόν
2715 1126 2849 1182 φησι
2902 1107 2964 1160 τὸ
2989 1107 3247 1182 ψυχικὸν,
3275 1108 3386 1162 εἶτα
3424 1108 3486 1163 τὸ
3530 1129 3827 1180 πνευματι-

2177 1191 2298 1249 κόν.
2337 1218 2357 1243 ι
2394 1193 2459 1248 Εἴ
2487 1193 2671 1248 τοίνυν
2703 1199 2781 1266 τῷ
2803 1195 3008 1270 πρώτῳ
3043 1195 3428 1269 ὑπαριθμεῖται
3463 1198 3526 1252 τὸ
3558 1195 3830 1274 δεύτερον,

2173 1281 2237 1336 τὸ
2287 1278 2345 1337 δέ
2394 1282 2872 1358 ὑπαριθμούμενον
2924 1284 3247 1358 ἀτιμότερόν
3307 1284 3418 1340 ἐστι
3470 1292 3567 1342 τοῦ
3622 1288 3756 1362 πρὸς
3802 1289 3832 1343 ὃ

2176 1368 2291 1446 ἔχει
2335 1371 2434 1440 τὴν
2495 1372 2880 1448 ὑπαρίθμησιν·
2936 1368 3260 1450 ἀτιμότερος
3333 1376 3449 1429 καθ’
3525 1377 3664 1449 ὑμᾶς
3730 1382 3833 1432 τοῦ

2177 1463 2416 1536 ψυχικοῦ
2445 1461 2472 1516 ὁ
2503 1462 2884 1534 πνευματικὸς,
2916 1462 3006 1516 καὶ
3037 1467 3136 1517 τοῦ
3175 1468 3375 1539 χοϊκοῦ
3421 1465 3449 1519 6
3489 1464 3830 1542 ἐπουράνιος.

2177 1547 2373 1606 νΑλλο⁶
2427 1549 2619 1613 Οὐδεὶς
2668 1551 2872 1626 ἀγνοεῖ,
2922 1549 3007 1605 ὅτι
3056 1553 3185 1607 Θεὸν
3238 1548 3511 1628 Ἀϐραὰμ,
3562 1556 3653 1610 καὶ
3701 1557 3830 1612 Θεὸν

2181 1638 2378 1710 Ἰσαὰκ,
2410 1639 2497 1692 xui
2531 1639 2661 1694 Θεὸν
2694 1634 2908 1706 Ἰακὼϐ,
2939 1639 3098 1695 καλεῖ
3144 1643 3179 1710 ἠ
3233 1645 3438 1719 Γραφή.
3485 1641 3684 1700 Ἀλλο’
3737 1645 3835 1701 Διὰ

2178 1725 2305 1788 τοὺς
2366 1726 2536 1803 τρίτῳ
2595 1725 2748 1800 τόπῳ
2793 1724 3088 1791 τάσσοντας
3153 1730 3216 1784 τὸ
3264 1734 3481 1802 Πνεῦμα
3540 1731 3604 1786 τὸ
3654 1735 3828 1807 ἅγιον.

417 1820 774 1874 Adversatur
795 1823 990 1874 autem
1023 1818 1140 1873 illis
1171 1819 1227 1874 in
1243 1820 1815 1877 VeteriTestamento
1849 1823 1944 1878 ubi
1980 1823 2055 1879 lo-

2180 1816 2543 1914 ’év‘ttfnpé?it
2575 1815 2760 1914 αὐτοῖς
2793 1815 2845 1872 ἐν
2876 1821 2942 1891 τῇ
2975 1815 3190 1889 Παλαιᾷ
3239 1820 3500 1892 Διαθήκῃ,
3547 1821 3636 1876 καὶ
3686 1821 3831 1899 λέγει

421 1908 621 1978 quitur
641 1909 798 1980 (cum
823 1907 880 1961 in
906 1907 1196 1979 Babylone
1215 1909 1638 1964 exterminatus
1657 1909 1863 1965 fuisset
1893 1927 2071 1982 popu-

420 1996 532 2068 lus)
565 1995 658 2051 his
680 1996 902 2052 verbis:
926 2018 954 2046 «
978 1997 1049 2050 Et
1068 1996 1418 2052 recordabor
1433 1999 1770 2052 testamenti
1796 1998 1910 2053 mei
1933 2016 2067 2054 cum

417 2084 619 2156 Jacob,
651 2089 708 2140 et
737 2085 1074 2141 testamenti
1098 2085 1212 2140 mei
1250 2101 1386 2140 cum
1424 2089 1609 2152 Isaac,
1639 2091 1697 2142 et
1733 2089 2067 2144 testamenti

418 2173 532 2229 mei
566 2191 700 2230 cum
730 2173 1026 2230 Abraham
1049 2174 1114 2228 ω.
1150 2196 1179 2223 ››
1211 2174 1383 2229 Aliud
1411 2192 1423 2230 :
1451 2197 1478 2225 «
1502 2174 1825 2232 Divisiones
1856 2177 2070 2249 gratia-

415 2279 545 2318 rum
578 2269 738 2330 sunt,
771 2264 921 2318 idem
957 2267 1152 2318 autem
1182 2263 1475 2336 Spiritus;
1526 2268 1584 2319 et
1603 2265 1921 2322 divisiones
1955 2268 2068 2321 mi-

413 2352 824 2409 nistrationum
850 2355 1009 2422 sunt,
1031 2353 1182 2406 idem
1235 2357 1432 2408 autem
1476 2353 1796 2422 Dominus;
1829 2360 1886 2410 et
1927 2355 2069 2410 divi-

410 2440 604 2498 siones
626 2443 1030 2512 operationum
1057 2445 1218 2509 sunt,
1243 2441 1399 2498 idem
1422 2457 1554 2497 vero
1591 2447 1761 2511 Deus,
1794 2444 1893 2514 qui
1929 2461 2064 2516 ope-

407 2535 571 2586 ratur
601 2531 798 2586 omnia
829 2531 887 2585 in
921 2532 1197 2585 omnibus
1222 2531 1286 2584 ⁸¹.
1328 2553 1348 2579 ι
1413 2529 1626 2586 Aliud:
1679 2554 1698 2579 σ
1732 2532 1856 2596 Quo
1906 2533 2001 2588 ibo
2035 2551 2066 2589 a

406 2619 619 2692 spiritu
649 2625 775 2690 tuo,
807 2627 864 2678 et
893 2637 1008 2693 quo
1040 2638 1074 2676 a
1104 2621 1248 2676 facie
1269 2625 1366 2676 tua
1387 2621 1607 2693 fugiam
1630 2623 1673 2658 ιι
1698 2622 1726 2676 ‘t
1751 2645 1779 2672 »

644 2818 732 2872 21.
773 2817 923 2886 Quod
944 2816 1116 2872 Filius
1145 2825 1269 2872 ante
1297 2817 1523 2872 Patrem
1560 2823 1819 2889 ponatur.

479 2925 573 2982 Ait
598 2924 889 2981 Salvator:
929 2943 950 2971 α
986 2925 1103 2996 Ego
1134 2928 1190 2978 et
1223 2928 1394 2979 Pater
1420 2925 1749 2992 veniemus,
1789 2932 1846 2982 et
1895 2945 2060 2984 man-

405 3015 634 3073 sionem
667 3015 820 3087 apud
855 3030 988 3069 eum
1023 3015 1308 3070 faciemus
1341 3013 1406 3069 ⁸³.
1442 3036 1470 3064 ››
1503 3013 1709 3071 Aliud:
1773 3039 1800 3066 ‹‹
1837 3017 1952 3090 Ego
2004 3023 2060 3075 et

401 3110 572 3161 Pater
594 3121 780 3160 unum
801 3120 1012 3159 sumus
1041 3105 1106 3159 “.
1139 3125 1167 3154 ι)
1206 3104 1462 3160 Rursum
1487 3103 1834 3176 Apostolus:
1869 3129 1895 3156 ‹‹
1917 3110 2058 3164 Gra-

2183 1900 2292 1974 (ὅτε
2325 1900 2377 1958 ἐν
2411 1897 2698 1960 Βαϐυλῶνι
2733 1901 2988 1979 ἐξώριστο
3017 1907 3130 1977 (65)
3162 1906 3191 1960 6
3225 1905 3401 1979 λαὸς),
3434 1907 3610 1971 οὕτως
3658 1897 3828 1985 λέγει·

2182 2017 2210 2045 α
2245 1991 2343 2046 Καὶ
2397 1993 2780 2065 μνησθήσομαι
2828 1995 2928 2062 τῆς
2977 1990 3247 2064 διαθήκης
3301 2016 3406 2068 μου
3434 2003 3534 2065 τῆς
3564 1999 3699 2074 πρὸς
3731 2000 3833 2054 Ἰα-

2179 2077 2318 2150 κὼδ,
2373 2079 2462 2136 xui
2509 2088 2609 2150 τῆς
2660 2079 2926 2152 διαθήκης
2981 2103 3087 2156 μου
3144 2087 3240 2152 τῆς
3296 2085 3432 2161 πρὸς
3485 2087 3681 2160 Ἰσαὰν,
3740 2089 3831 2144 καὶ

2175 2175 2278 2239 τῆς
2311 2167 2574 2240 διαθήκης
2607 2192 2711 2242 μου
2739 2178 2842 2240 τῆς
2871 2171 3009 2247 πρὸς
3041 2166 3312 2248 ’Δόραάμη
3349 2197 3378 2225 ››
3408 2174 3606 2230 Ἄλλο·
3627 2199 3657 2229 α
3684 2184 3835 2232 Διαι.

2178 2260 2350 2331 ρέσεις
2408 2257 2463 2315 δέ
2511 2260 2866 2335 χαρισμάτων
2911 2261 3036 2331 εἰσί,
3094 2262 3157 2316 τὸ
3208 2260 3265 2318 δὲ
3295 2263 3428 2318 αὐτὸ
3469 2269 3707 2339 Πνεῦμα
3739 2268 3831 2322 καὶ

2177 2345 2466 2425 διαιρέσεις
2524 2353 2638 2421 (66)
2686 2347 2976 2406 διακονιῶν
3037 2350 3195 2418 εἰσιν,
3247 2354 3275 2407 6
3326 2351 3383 2408 δὲ
3416 2353 3576 2416 αὐτὸς
3609 2355 3826 2431 Κύριος·

2175 2436 2265 2491 καὶ
2325 2435 2608 2513 διαιρέσεις
2666 2437 3047 2513 ἐνεργημάτων
3105 2439 3258 2507 εἰσὶν,
3321 2442 3350 2496 6
3403 2439 3460 2497 δὲ
3489 2442 3651 2505 αὐτὸς
3702 2446 3832 2507 Θεὸς

2177 2527 2205 2580 6
2238 2525 2468 2602 ἐνεργῶν
2501 2529 2567 2581 τὰ
2595 2528 2765 2582 πάντα
2796 2528 2847 2582 ἐν
2898 2534 3047 2585 πᾶσι.
3083 2553 3112 2582 »
3147 2530 3245 2584 Καὶ
3277 2529 3445 2586 ἁλλοο
3480 2556 3508 2584 α
3573 2536 3684 2588 Ποῦ
3723 2555 3829 2590 πο-

2176 2620 2349 2691 ρευθῶ
2377 2614 2485 2670 ἀπὸ
2512 2620 2612 2670 τοῦ
2643 2611 2948 2689 πνεύματός
2992 2637 3108 2688 σου,
3143 2618 3231 2673 xui
3265 2618 3372 2673 ἀπὸ
3399 2617 3497 2674 τοῦ
3528 2623 3828 2689 προσώπου

2174 2725 2270 2759 σου
2299 2708 2404 2759 ποῦ
2433 2702 2592 2780 φύγω
2607 2724 2621 2774 ;

2383 2829 2474 2886 2|.
2508 2829 2624 2883 Ὀτι
2657 2831 3012 2904 προτάττεται
3043 2832 3142 2883 τοῦ
3173 2830 3381 2904 Πατρὸς
3412 2830 3440 2883 6
3471 2829 3616 2890 Υἱὸς.

2240 2934 2398 3011 Λέγει
2450 2935 2478 2990 6
2529 2937 2752 3008 Σωτήρ·
2805 2957 2833 2982 α
2887 2935 3025 3008 Ἐγὼ
3055 2932 3143 2987 καὶ
3176 2934 3204 2987 6
3239 2936 3425 3009 Πατήρ
3475 2933 3828 3010 ἐλευσόμεθα,

2167 3024 2257 3078 xui
2294 3023 2466 3095 μινήν
2499 3022 2625 3096 παρ’
2659 3020 2804 3092 αὖτῷ
2834 3023 3160 3095 ποιήσομεν.
3199 3047 3226 3073 ››
3255 3020 3456 3078 ’Ἄλλο-
3512 3047 3533 3075 ε
3568 3026 3708 3101 Ἐγὼ
3738 3026 3827 3082 xui

2170 3113 2198 3166 6
2229 3111 2418 3186 Πατὴρ
2467 3106 2520 3164 ἓν
2574 3108 2752 3182 ἐσμεν.
2807 3135 2836 3162 ››
2892 3111 2998 3167 Καὶ
3048 3110 3212 3166 πάλιν
3246 3113 3274 3168 6
3305 3112 3660 3177 Ἀπόστολοςο
3697 3140 3726 3168 α
3759 3117 3822 3171 Ἡ

399 3195 484 3250 tia
503 3193 732 3249 Domini
766 3192 950 3248 nostri
977 3193 1118 3248 Jesu
1151 3192 1388 3259 Christi,
1423 3198 1480 3248 et
1528 3193 1786 3250 charitas
1841 3195 1957 3262 Dei,
2005 3205 2055 3252 et

2176 3200 2330 3274 χάρις
2374 3197 2471 3252 τοῦ
2514 3198 2715 3274 Κυρίου
2754 3201 2914 3271 ἡμῶν
2947 3202 3128 3269 Ἰησοῦ
3158 3202 3415 3276 Χριστοῦ,
3448 3201 3536 3257 xui
3569 3205 3602 3272 ἡ
3635 3203 3821 3278 ἀγάπη

399 3282 859 3339 communicatio
889 3282 1078 3338 sancti
1110 3281 1387 3354 Spiritus,
1418 3293 1580 3351 ﬁcum
1635 3284 1911 3340 omnibus
1963 3301 2056 3339 vo-

397 3373 492 3430 bis
514 3373 582 3430 “.
599 3395 628 3425 ››

398 3517 495 3571 ll
530 3515 622 3569 22.
665 3514 931 3570 Adversus
977 3529 1065 3570 eos
1133 3516 1232 3584 qui
1287 3514 1589 3588 discrimen
1641 3520 1856 3588 ponunt
1909 3519 2058 3572 inter

467 3602 535 3660 sit
566 3602 704 3660 quo,
735 3590 804 3655 et,
842 3601 943 3658 per
1001 3601 1215 3660 quem;
1282 3594 1332 3641 et
1391 3587 1554 3651 illud,
1605 3587 1672 3643 ei
1703 3605 1842 3659 quo,
1874 3591 2052 3660 Patri,

468 3658 630 3729 illud,
663 3674 766 3731 per
797 3674 992 3728 quem,
1023 3659 1173 3715 Filio
1203 3661 1263 3713 ut
1291 3660 1476 3714 minus
1507 3658 1846 3715 attribuant.

468 3766 806 3821 Invenimus
836 3769 1039 3821 contra
1067 3764 1125 3819 in
1151 3765 1493 3836 Scripturis,
1527 3765 1705 3821 etiam
1766 3766 1836 3822 de
1885 3767 2053 3823 Patre

395 3854 530 3926 dici,
551 3876 580 3906 ‹‹
601 3869 910 3927 perquam:
935 3876 964 3904 »
989 3858 1046 3909 et
1064 3855 1135 3908 de
1161 3853 1324 3925 Filio,
1348 3875 1376 3904 ››
1397 3870 1468 3909 ex
1489 3870 1676 3925 quo,»
1701 3861 1761 3910 et
1781 3855 1872 3926 [de
1918 3857 2051 3928 Spi-

393 3943 508 4000 ritu
540 3943 832 4000 similiter.
874 3943 953 3998 De
1012 3946 1179 3997 Patre
1233 3942 1548 4014 Apostolus
1595 3943 1714 3998 ait:
1774 3966 1802 3995 α
1839 3944 2050 4002 Fidelis

395 4034 564 4101 Deus,
600 4048 703 4105 per
743 4049 919 4105 quem
975 4031 1160 4088 vocati
1215 4031 1359 4088 estis
1401 4034 1459 4087 in
1519 4031 1858 4089 societatem
1917 4034 2048 4091 Filii

388 4123 518 4194 ejus
547 4123 609 4178 ⁴⁶.
635 4143 662 4172 ››
693 4121 888 4176 Aliud:
912 4142 939 4170 ‹‹
964 4119 1180 4176 Paulus
1203 4119 1508 4192 apostolus
1527 4120 1671 4176 Jesu
1694 4121 1906 4178 Christi
1948 4141 2049 4196 per

385 4210 745 4267 voluntatem
780 4210 878 4265 Dei
907 4211 970 4264 ‘7.
1008 4231 1034 4258 ››
1068 4209 1325 4265 Rursus:
1372 4231 1399 4259 «
1424 4210 1629 4281 Itaque
1652 4212 1776 4282 jam
1813 4229 1926 4267 non
1986 4230 2048 4269 es

384 4319 608 4368 servus,
641 4300 743 4355 sed
779 4299 958 4364 illius,
1021 4299 1176 4372 quod
1238 4300 1287 4354 si
1346 4298 1530 4359 ﬁlius.
1591 4303 1650 4354 et
1698 4299 1883 4356 haeres
1946 4319 2049 4376 per

386 4395 568 4446 Deum
599 4390 664 4444 ⁸⁸.
700 4412 727 4439 ιι
765 4394 830 4445 Et
860 4389 1005 4444 illud
1051 4406 1063 4444 :
1105 4409 1125 4437 ε
1162 4388 1670 4455 Quemadmodum
1729 4393 2046 4448 resurrexit

382 4479 672 4543 Christus,
706 4493 808 4550 per
836 4477 1083 4550 gloriam
1116 4476 1306 4532 Patris
1335 4477 1402 4530 ιθ.
1427 4499 1456 4526 »
1492 4477 1747 4533 Rursum
1780 4495 1916 4534 cum
1949 4497 2045 4552 ge-

383 4567 609 4623 nuisset
638 4568 754 4622 Eva
782 4567 944 4627 Cain.
989 4566 1175 4620 dixit:
1239 4587 1268 4616 ‹‹
1301 4565 1539 4620 Possedi
1585 4565 1882 4622 hominem
1936 4585 2039 4640 per
2074 4589 2117 4652 D
2145 4570 2293 4644 τρός.
2349 4593 2376 4620 ››

385 4661 567 4712 Deum
588 4656 653 4710 ⁸ο.
675 4677 704 4706 ››
732 4656 1068 4725 Iterumque
1088 4653 1339 4725 Josepho
1360 4652 1420 4708 in
1443 4670 1671 4711 carcere
1711 4672 1904 4712 nonne
1937 4673 2041 4730 per

2176 4677 2255 4714 ιει·
2309 4684 2335 4710 (ί

2148 4745 2315 4803 πάλιν
2348 4752 2428 4820 τῷ
2455 4748 2657 4824 Ἰωσήφ
2693 4752 2770 4810 είς
2827 4748 2928 4818 τήν
2955 4745 3203 4826 φυλακὴν
3238 4749 3366 4826 οὐχὶ
3399 4748 3491 4808 διὰ
3526 4759 3623 4809 τοῦ
3673 4761 3810 4812 Θεοῦ

384 4750 568 4802 Deum
600 4744 735 4800 data
764 4748 854 4800 est
885 4741 1282 4798 manifestatio
1322 4739 1414 4797 "‘1
1473 4747 1550 4799 De
1600 4743 1741 4801 Filio
1790 4761 1860 4802 ex
1909 4764 2040 4819 pro-

458 4889 648 4943 ³ιΑοι.
682 4905 796 4954 xvx,
827 4889 882 4955 6,
911 4889 967 4941 7.
1071 4887 1114 4922 ’τ
1145 4885 1354 4955 Ephes.
1390 4904 1467 4954 iv,
1490 4889 1578 4944 30.

385 4961 484 5028 f'I
543 4962 812 5017 Cor.xn.
874 4960 991 5014 4-6.
1098 4959 1144 4993 ⁸³
1197 4958 1350 5014 Psal.
1409 4975 1675 5028 cxxxvm,
1703 4961 1758 5015 7.

1682 4888 1726 4924 ⁸⁸
1757 4888 1778 4945 Ι
1809 4892 1934 4946 Cor.
1986 4908 2078 4959 xv,
2138 4892 2228 4948 47.

1868 4964 1912 4998 ⁴³
1963 4963 2136 5020 Joan.
2191 4980 2304 5034 xiv,
2333 4965 2424 5019 23.

2163 3291 2261 3341 τοῦ
2318 3291 2453 3342 Θεοῦ
2498 3290 2634 3359 (67),
2687 3288 2777 3342 καὶ
2824 3289 3082 3344 κοινωνία
3130 3294 3228 3344 τοῦ
3277 3290 3432 3367 ἁγίου
3485 3290 3821 3369 Πνεύματος,

2170 3373 2306 3447 μετᾶ
2333 3377 2549 3431 πάντων
2576 3376 2747 3450 ὑμῶν.
2784 3400 2812 3428 ››

2162 3520 2251 3575 22.
2286 3519 2431 3595 Πρὸς
2473 3518 3132 3601 τοῦελὲγονταςιτὸλέξ
3164 3517 3248 3601 οὗ,
3280 3520 3474 3601 καὶδΰ
3513 3521 3596 3601 οῦ,
3631 3522 3819 3601 διαςεξ-

2235 3589 2769 3672 ρεινηκαὶῌδιδόντιξς
2801 3593 2871 3672 τὸ⁸
2895 3592 3013 3664 μὲν,
3034 3589 3214 3665 νέξ-οὗ,
3236 3589 3333 3666 ⁷τῷ
3384 3589 3592 3672 Πατρί,⁷
3625 3598 3690 3652 τὸ
3734 3589 3820 3670 δὲ,

2240 3660 2310 3718 δι’
2339 3660 2422 3734 οὗ,
2448 3668 2527 3735 τῷ
2558 3665 2684 3736 Υἱῷ,
2717 3663 2791 3726 ὡς
2826 3660 3071 3720 ἔλαττον.

2234 3769 2577 3845 Εὐρίσκομεν
2631 3767 2689 3825 δὲ
2742 3768 2803 3825 ἐκ
2844 3773 2953 3825 τῶν
3004 3774 3252 3847 Γραφῶν,
3304 3771 3391 3827 ὅτι
3437 3773 3527 3828 καὶ
3580 3772 3670 3830 ἐπὶ
3721 3781 3819 3830 τοῦ

2161 3860 2373 3934 Πατρὸς
2438 3858 2647 3935 λέγεται
2695 3860 2778 3930 τὸ,
2831 3883 2859 3910 ‹‹
2895 3855 2965 3913 δι’
2995 3856 3079 3929 οῦ,
3122 3883 3150 3912 ››
3184 3860 3275 3914 καὶ
3303 3859 3391 3916 ἐπὶ
3421 3866 3518 3917 τοῦ
3550 3863 3698 3934 Υὶοῦ,
3732 3865 3817 3937 τὸ,

2164 3970 2191 3998 (ι
2223 3946 2274 4017 ἐξ
2302 3945 2388 4016 οῦ,
2416 3969 2442 4000 ι
2472 3946 2562 4000 καὶ
2747 3945 2834 4001 ἐπὶ
2885 3946 3200 4020 Πνεύματος
3245 3950 3479 4022 ὁμοίως.
3530 3952 3662 4028 Περὶ
3717 3959 3818 4009 τοῦ

2158 4035 2370 4111 Πατρὸς
2421 4035 2446 4090 3
2499 4033 2833 4097 ’Δπόστολος
2882 4033 3047 4112 λέγει·
3083 4061 3111 4088 ι(
3147 4037 3344 4100 Πιστὸς
3375 4039 3404 4092 6
3439 4039 3594 4109 Θεὸς,
3627 4038 3698 4096 δι’
3754 4041 3817 4098 οὗ

2158 4124 2432 4197 ἐκλήθητε
2488 4125 2565 4188 είς
2620 4126 2900 4182 κοινωνίαν
2958 4132 3056 4183 τοῦ
3116 4129 3244 4183 Υίοῦ
3301 4129 3488 4188 αὐτοῦ.
3523 4155 3552 4183 ‹‹
3609 4133 3812 4191 ’Άλλοο

2157 4241 2185 4269 ‹‹
2239 4215 2455 4278 Παῦλος
2505 4214 2810 4279 ἀπόστολος
2866 4217 3046 4287 Ἰησοῦ
3095 4221 3329 4290 Χριστοῦ
3377 4216 3468 4274 διὰ
3497 4219 3814 4296 θελήματος

2157 4309 2311 4361 Θεοῦ’
2378 4328 2405 4355 ››
2458 4304 2548 4358 xui
2608 4303 2790 4360 πάλινο
2852 4329 2880 4356 ‹‹
2941 4308 3103 4360 Ὥστε
3142 4305 3324 4360 οὐκέτι
3359 4306 3410 4361 εἴ
3437 4305 3659 4383 δοῦλος,
3689 4311 3823 4368 ἀλλ’

2157 4393 2294 4456 υἱός·
2330 4393 2375 4448 εἰ
2407 4389 2464 4448 δὶ
2496 4393 2631 4466 υἱὸς,
2680 4393 2770 4448 καὶ
2817 4392 3166 4470 κληρονόμος
3215 4391 3304 4450 διὰ
3347 4400 3502 4454 Θεοῦ.
3537 4422 3560 4452 ι
3598 4397 3696 4454 Καὶ
3725 4401 3815 4471 τὸ,

2160 4507 2182 4534 ι
2218 4485 2422 4558 ’Ὠσπερ
2454 4483 2662 4558 ἠγέρθη
2701 4483 2930 4556 Χριστὸς
2964 4479 3187 4555 διὰ(69)
3215 4485 3315 4553 τῆς
3364 4481 3526 4558 δόξης
3571 4493 3670 4543 τοῦ
3700 4495 3812 4544 Πα-

2429 4571 2528 4624 Καὶ
2588 4569 2774 4640 πάλιν,
2823 4569 2914 4625 ὅτε
2963 4569 3225 4644 ἐγεννήθη
3299 4572 3450 4642 Κάϊν,
3500 4573 3609 4630 Εὕα
3659 4575 3812 4650 sip-4-

2391 4657 2741 4732 Ἐκτησάμην
2808 4655 3090 4734 ἄνθρωπον
3141 4656 3231 4714 διὰ
3274 4666 3370 4716 τοῦ
3430 4668 3582 4722 Θεοῦ.
3632 4688 3661 4717 »
3712 4667 3811 4722 Kui

2337 4893 2383 4928 ⁸⁸
2442 4893 2463 4947 Ι
2522 4897 2653 4948 Cor.
2715 4908 2778 4960 ιι,
2840 4892 2928 4961 14,
2985 4892 3071 4949 45.

3179 4897 3224 4934 ⁸ο
3275 4896 3524 4955 Baruch.
3587 4917 3652 4966 ιι,
3709 4902 3801 4958 34.

2531 4965 2576 4998 ⁸⁸
2633 4963 2804 5019 Joan.
2864 4981 2921 5035 x,
2951 4965 3044 5019 30.

3149 4967 3193 5039 Ψ
3245 4969 3292 5022 ll
3347 4971 3474 5027 Cor.
3535 4987 3659 5039 xm,
3717 4975 3806 5029 13.

383 5023 429 5067 ⁸⁸
459 5033 480 5087 l
515 5032 645 5090 Cor.
681 5048 724 5086 ι.
753 5031 810 5085 9.
890 5031 932 5065 ⁸⁷
968 5035 988 5084 ι
1020 5028 1146 5084 Cor.
1181 5046 1259 5099 iv,
1295 5031 1346 5086 1.
1424 5032 1468 5067 ⁸³
1498 5023 1686 5088 Galat.
1721 5049 1797 5101 ιν,
1827 5035 1881 5088 7.
1962 5035 2007 5072 ‘9

2178 5051 2258 5092 m.
2290 5023 2366 5106 vi,
2401 5037 2490 5092 40.
2567 5036 2612 5071 ⁸ο
2641 5037 2848 5092 Genss.
2882 5023 2958 5104 iv,
2995 5038 3045 5093 1.
3080 5036 3124 5072 ⁸⁸
3157 5023 3606 5111 Genesi—itii

452 5181 566 5252 (64)
597 5178 1068 5270 ξίολνιιῐίπιξιξξιιιιεἒ
1087 5178 1556 5270 Basil."Angl._et
1587 5181 1844 5270 (ἓι-ιιιξοιιευ
1876 5182 2032 5270 Scri-

381 5248 567 5324 ptura;
597 5255 809 5324 textus.
846 5249 1018 5324 Editi,
1049 5248 1102 5324 ἒν
1133 5251 1219 5324 τῇ,
1256 5248 1610 5324 Μυσίᾳ-ΜΟΧ,
1669 5256 1848 5321 Ἰησοῦ
1893 5253 2033 5324 legi-

379 5320 478 5396 tur
507 5323 564 5396 in
598 5322 736 5396 edit.
771 5322 827 5376 in
860 5320 1245 5396 VaticLAngl.
1279 5331 1337 5396 et
1365 5322 1518 5396 Felc.
1567 5327 1622 5379 2.
1674 5320 1850 5382 Basil.
1904 5320 2032 5396 ej‘us

383 5394 510 5450 loco
531 5393 708 5450 habet
734 5397 830 5446 τοῦ
861 5393 1144 5465 Θεοῦᾙξίι]
1174 5391 1384 5465 Ἄπιθι,
1419 5391 1647 5464 λυπῆτε.

453 5467 562 5536 (65)
594 5465 971 5537 Anglicanus,
1003 5459 1295 5537 ἐξόριστοςξ

453 5537 690 5620 (ϐᾷλβίο
720 5537 1053 5620 Yaticanus,
1088 5537 1357 5620 Dasilaet
1393 5537 1618 5620 Anglic.
1650 5538 1851 5620 Caeteri
1897 5555 2030 5620 vero

381 5605 1068 5682 ξίν-’βάίῐῇΑκαὶίοιηαιρὲσεις
1098 5605 1177 5665 δέ.
1226 5613 1385 5682 Mox,
1442 5605 1618 5682 Basil.
1679 5614 1735 5682 et
1779 5609 2029 5682 Anglic.,

381 5679 410 5733 6
442 5676 500 5734 δὲ
545 5678 705 5743 αὐτὸς
764 5676 988 5755 Κύριος.
1041 5680 1241 5737 Castori
1297 5676 1380 5737 et'
1417 5681 1582 5750 editi,
1640 5679 1729 5733 xui
1786 5681 1815 5734 6
1871 5676 2031 5743 ἆύτὸξ

2264 5203 2366 5246 ιος.

2144 5188 2453 5328 Ii“(iil‘i’f'Sic
2484 5254 2847 5328 Basiliensis,
2878 5257 3198 5316 Vaticanus
3257 5266 3314 5318 et
3361 5268 3597 5321 Graecus
3654 5265 3804 5322 Scri-

2142 5331 2324 5407 ptura;
2357 5333 2570 5407 textus.
2604 5329 2755 5407 ΡΞάίιρ
2781 5335 2838 5384 et
2868 5329 2990 5407 alii,
3023 5334 3285 5407 1:960:06
3313 5334 3402 5388 xui
3432 5333 3664 5407 Πατρός.

2211 5399 2323 5481 (68)
2353 5399 2419 5481 in
2451 5400 2588 5481 edit.
2616 5401 2800 5458 Paris.
2831 5400 2921 5454 καί
2954 5403 3269 5475 omittitur,
3305 5407 3407 5463 sed
3469 5399 3686 5481 legitur
3739 5408 3798 5464 in

2140 5476 2264 5526 eaet.
2301 5471 2440 5526 edit.
2474 5477 2531 5527 et
2563 5488 2706 5528 mss.

2209 5541 2450 5614 (β9)Διά
2482 5545 2645 5599 deest
2689 5543 2748 5597 in
2780 5543 2918 5598 edit.
2951 5546 3254 5614 Commel.,
3315 5550 3414 5604 sed
3465 5549 3684 5614 legitur
3733 5551 3794 5608 in

2139 5612 2382 5686 reliquis
2410 5620 2467 5671 et
2494 5615 2553 5670 in
2577 5615 2963 5687 manuscript.
2998 5614 3184 5674 Vatic.
3215 5612 3386 5677 Basil.
3418 5612 3648 5696 Anglic.
