4136 6390
311 386 389 447 53
956 383 1060 444 DE
1107 380 1473 445 COMMUNI
1520 378 1908 442 ESSENTIA
1950 376 2230 439 PATRIS
2275 377 2377 437 ET
2421 376 2602 438 FILII
2652 377 2751 436 ET
2796 376 2996 437 SPIR.
3042 378 3111 439 S.
3661 381 3742 439 54

312 522 347 590 ἠ
382 517 705 597 διασάφησις
755 514 962 572 δίδοται
999 516 1172 591 ;ΙΙερὶ
1218 518 1316 569 τοῦ
1364 514 1493 569 Υίοῦ
1525 513 1583 569 ix
1610 519 1709 584 τῆς
1749 532 1958 589 προφη-

2081 512 2281 583 phetia
2312 511 2493 578 Isaiae,
2529 510 2747 566 Paulus
2782 510 2925 566 dixit
2958 527 2971 565 :
3012 531 3039 563 α
3072 512 3359 577 Quoniam
3391 529 3459 569 ex
3501 511 3651 584 ipso,
3683 514 3742 567 et

309 609 457 671 τείας
516 605 737 664 Ἠσαίου
794 604 1014 668 Παῦλος
1076 607 1241 660 εἶπεν·
1307 630 1327 655 ιι
1377 606 1494 658 Ὅτι
1546 604 1596 676 ἐξ
1647 602 1832 669 αὐτοῦ,
1874 600 1963 655 καὶ

313 696 383 752 δι’
412 697 599 770 αὐτοῦ,
630 696 719 751 καὶ
768 696 845 758 είς
892 692 1051 749 αὐτόν
1101 693 1167 748 τὰ
1196 694 1387 750 πάντα.
1420 714 1447 745 ι
1488 692 1550 746 Ei
1592 689 1648 746 δὲ
1696 688 1961 765 ἀντιλέγει

313 787 341 841 6
391 786 660 862 αἱρετικὸς
706 790 783 857 τῷ
831 784 1004 859 ΙΙατρὶ
1044 782 1123 855 τῷ
1173 787 1287 853 Θεῷ
1344 780 1604 856 λελέχθαι
1662 781 1783 849 τήν,
1825 803 1844 829 ι
1895 775 1965 831 δι’

313 875 397 945 οὗ,
435 900 462 927 ››
497 876 702 953 φωνὴν,
728 873 951 951 πρέπειν
1000 870 1159 926 δώσει
1207 873 1318 945 (70)
1369 870 1455 925 καὶ
1503 871 1601 938 τήν
1651 869 1770 939 ἷ¹σην
1816 867 1960 938 ἀξίαν

308 969 388 1036 τῷ
419 966 548 1036 Υίῷ·
600 964 689 1019 καὶ
739 960 903 1018 πάλιν
953 962 1220 1038 Ἐφεσίοις
1266 960 1293 1014 ὁ
1332 957 1691 1021 Ἀπόστολος·
1726 983 1753 1009 ‹‹
1798 956 1965 1026 Ἀλη-

309 1053 553 1115 θεῦοντες
609 1051 667 1107 δὶ
723 1052 773 1107 ἐν
849 1051 1077 1126 ἀγάπῃ,
1139 1050 1456 1122 αὐξήσωμεν
1538 1049 1613 1109 εἷς
1682 1047 1838 1101 αὐτὸν
1896 1047 1964 1100 τὰ

306 1144 499 1213 πάντα,
534 1142 584 1212 ἰξ
618 1142 677 1196 οῦ
711 1148 813 1196 πᾶν
845 1141 908 1195 τὸ
938 1143 1051 1212 (71)
1084 1144 1243 1211 σῶμα
1291 1135 1897 1213 συναρμολογούμενον,
1932 1158 1961 1185 ››

305 1230 397 1286 καὶ
446 1232 513 1285 τὰ
560 1230 715 1302 ἑξῆς.
769 1229 870 1286 Καὶ
920 1229 1057 1305 πρὸς
1108 1227 1435 1289 Κολοσσαεῐς
1484 1228 1619 1302 πρὸς
1677 1225 1804 1287 τοὺς
1865 1223 1965 1279 οὐκ

310 1316 542 1396 ἔχοντας
577 1320 675 1387 τὴν
724 1323 920 1395 γνῶσιν
970 1321 1067 1372 τοῦ
1112 1321 1448 1392 Μονογενοῦς
1504 1312 1734 1390 εἶ’ρηται.
1775 1338 1795 1366 ι
1842 1316 1962 1366 Ὅτι

2076 618 2177 672 per
2208 601 2423 673 ipsum,
2456 605 2511 655 et
2540 600 2599 654 in
2629 600 2758 671 ipso
2791 600 2989 654 omnia
3017 600 3079 655 ³⁸.
3120 622 3140 649 ι
3178 601 3339 664 Quod
3375 602 3424 656 si
3479 602 3574 656 hic
3605 617 3741 656 oon-

2072 689 2322 745 tradicat
2378 690 2707 756 haereticus,
2766 693 2823 744 et
2879 690 2949 743 de
3008 689 3123 744 Deo
3173 689 3341 743 Patre
3371 689 3499 759 hoc,
3536 712 3563 740 «
3629 706 3732 760 per

2075 795 2272 849 quem,
2310 801 2335 827 η
2370 778 2813 849 pronuntiatum
2869 778 3042 844 dicat,
3076 780 3356 833 concedat
3386 783 3580 833 tamen
3634 795 3734 833 ne-

2074 884 2237 923 cesse
2268 874 2374 922 est:
2406 867 2688 939 aequalem
2714 867 3063 939 dignitatem
3124 867 3561 922 attribuendam
3606 884 3737 923 esse

2076 956 2241 1012 Filio.
2274 959 2490 1012 Iterum
2523 956 2841 1027 Apostolus
2872 957 2942 1010 ad
2976 956 3292 1027 Ephesios:
3322 978 3349 1006 «
3396 958 3642 1010 Veraces
3674 956 3734 1010 in

2073 1045 2380 1101 dilectione
2399 1062 2760 1108 crescamus,
2788 1046 2843 1099 in
2879 1062 3015 1099 eum
3062 1061 3164 1116 per
3208 1044 3428 1107 omnia,
3490 1060 3558 1098 ex
3617 1060 3733 1115 quo

2070 1139 2258 1190 totum
2292 1152 2503 1208 corpus
2535 1139 2870 1206 cooptatum
2903 1134 2968 1199 ³³,
3004 1156 3032 1183 ››
3055 1138 3163 1189 etc.
3198 1134 3282 1187 Ad
3336 1132 3732 1201 Colossenses,

2071 1226 2168 1293 iis,
2199 1227 2296 1297 qui
2329 1243 2443 1281 non
2468 1225 2685 1280 habent
2716 1224 2983 1280 notitiam
3016 1224 3310 1296 Unigeniti
3342 1224 3565 1281 dictum
3609 1229 3732 1281 est:

2073 1339 2101 1365 ι(
2129 1316 2291 1383 Quod
2325 1316 2421 1387 qui
2456 1319 2867 1387 caputtenet,»
2892 1315 2948 1369 id
2980 1319 3087 1378 est,
3116 1314 3476 1381 Christum,«
3507 1331 3577 1370 ex
3602 1316 3732 1387 {quo

311 1409 339 1463 6
370 1412 583 1485 κρατῶν
613 1409 714 1477 τὴν
736 1406 1005 1484 κεφαλὴν,
1039 1430 1067 1457 ››
1096 1405 1337 1461 τουτέστι
1370 1406 1459 1460 τὸν
1491 1405 1740 1479 Χριστὸν,
1772 1429 1797 1455 ‹‹
1824 1403 1874 1473 ἐξ
1898 1403 1958 1457 οὗ

2076 1408 2261 1460 totum
2292 1421 2504 1477 corpus
2536 1422 2639 1473 per
2668 1421 2851 1460 nexus
2899 1409 2957 1459 et
3011 1404 3455 1475 oonjunctiones
3504 1405 3567 1470 5‘,
3620 1409 3731 1460 etc.

316 1504 420 1553 πᾶν
452 1498 516 1552 τὸ
546 1501 705 1571 σῶμα
762 1494 851 1552 διὰ
904 1500 1010 1551 τῶν
1070 1498 1239 1572 ἁφῶν,
1286 1495 1375 1549 καὶ
1419 1499 1527 1549 τῶν
1562 1492 1897 1567 συνδέσμων,
1932 1516 1961 1543 ››

311 1587 401 1643 καὶ
451 1588 518 1642 τὰ
566 1586 710 1656 ἑξῆς·
761 1586 849 1640 καὶ
900 1586 983 1655 τὸ,
1020 1610 1047 1637 α
1091 1587 1183 1639 Ἐκ
1227 1588 1322 1639 τοῦ
1372 1582 1749 1660 πληρώματος
1797 1583 1962 1638 αὑτοῦ

310 1680 477 1751 ¹ἡμεῖς
524 1677 713 1737 πάντες
761 1670 1052 1749 ἐλάϐομεν.
1088 1700 1107 1726 ι
1146 1676 1249 1730 Καὶ
1299 1674 1455 1736 αὐτὸς
1486 1675 1512 1729 6
1546 1672 1742 1749 Κύριος
1792 1672 1959 1749 λέγει·

310 1790 339 1819 ‹‹
371 1768 491 1819 Ὅτι
542 1764 603 1820 ἐκ
644 1768 740 1821 τοῦ
790 1763 927 1837 ἐμοῦ
979 1761 1234 1837 λήψεται,
1282 1762 1370 1818 καὶ
1415 1759 1704 1838 ἀναγγελεῖ
1747 1762 1896 1835 ὑμῖν.
1929 1783 1957 1817 ι)

2072 1497 2137 1546 Et
2162 1510 2216 1547 τα
2245 1492 2324 1547 De
2352 1493 2716 1564 plenitudine
2745 1493 2873 1563 ejus
2907 1509 3014 1547 nos
3042 1507 3248 1547 omnes
3279 1492 3682 1564 accepimus".
3702 1514 3732 1544 ››

2073 1582 2222 1648 Quin
2243 1587 2299 1637 et
2331 1582 2457 1654 ipse
2493 1581 2776 1637 Dominus
2807 1581 2922 1637 ait:
2944 1604 2970 1631 ‹‹
2999 1581 3283 1647 Quoniam
3317 1581 3387 1636 de
3422 1598 3549 1637 meo
3582 1582 3733 1637 acci-

2073 1672 2272 1743 piet,et
2302 1671 2676 1726 annuntiabit
2705 1671 2869 1726 vobis
2900 1672 2963 1724 ‘5.
2996 1693 3024 1721 »
3052 1671 3118 1725 Et
3149 1686 3375 1727 rursus:
3401 1693 3427 1721 ‹‹
3463 1670 3734 1725 Novivir-

2072 1764 2258 1815 tutem
2290 1760 2361 1814 de
2396 1776 2488 1815 me
2521 1760 2710 1815 exisse
2737 1760 2800 1815 ⁸⁷.
2828 1782 2856 1809 ››
2885 1762 2960 1815 De
2988 1758 3203 1830 Spiritu
3232 1775 3245 1814 :
3280 1781 3309 1809 «
3343 1760 3449 1824 Qui
3478 1759 3733 1814 seminat

310 1855 409 1910 Καὶ
465 1855 631 1908 πάλιν
683 1851 853 1929 λέγει*
905 1876 933 1905 ‹‹
986 1859 1198 1928 Ἔγνων
1259 1850 1485 1925 δύναμιν
1548 1849 1862 1922 ἐξελθοῦσαν
1910 1851 1958 1923 ἐξ

2076 1847 2131 1901 in
2164 1847 2406 1918 Spiritu,
2442 1852 2623 1902 metet
2653 1848 2711 1902 in
2738 1847 2957 1919 Spiritu
2988 1846 3166 1901 vitam
3200 1850 3474 1903 aeternam
3498 1848 3561 1902 ⁵⁸.
3598 1869 3625 1898 ››
3661 1848 3731 1902 Et

307 1943 464 2018 ἐμοῦ.
515 1964 541 1996 ι
595 1941 729 2020 Περὶ
776 1947 873 1998 τοῦ
921 1942 1255 2015 Ῑῐνεύματος’
1307 1966 1334 1993 ‹‹
1388 1944 1447 1998 Ὀ
1496 1940 1728 2017 σπείρων
1781 1940 1857 2002 εἷς
1895 1940 1958 1995 τὸ

306 2036 532 2106 Πνεῦμα
579 2032 638 2087 ἐκ
682 2037 780 2087 τοῦ
828 2030 1146 2106 ΙΙνεῦματος
1196 2030 1390 2106 θερίσει
1446 2031 1588 2099 ζωὴν
1640 2029 1893 2087 αἰώνιον.
1928 2055 1954 2081 ››

309 2122 407 2178 Καὶ
440 2122 469 2176 6
522 2122 780 2189 Ἰωάννης
829 2121 987 2199 φησίν
1045 2145 1073 2172 ‹‹
1106 2124 1194 2175 Ἐν
1245 2120 1425 2192 τούτῳ
1474 2120 1841 2195 γινώσκομεν,
1876 2118 1958 2174 ὅτι

309 2210 363 2266 ἒν
396 2213 532 2283 ἡμῖν
586 2209 723 2265 ἐστιν
776 2210 804 2264 6
844 2211 995 2279 Θεὸς,
1045 2208 1105 2264 ἐκ
1149 2213 1246 2263 τοῦ
1296 2207 1612 2282 ΙΙνεύματος
1662 2208 1847 2279 αὐτοῦ,
1899 2206 1961 2262 οὗ

312 2296 512 2355 ἔδωκεν
570 2302 729 2372 ἡμῖν.
769 2323 789 2349 n
826 2300 923 2354 Καὶ
982 2300 1009 2353 6
1072 2296 1301 2375 ἅγγελος
1361 2297 1530 2374 λέγει·
1573 2321 1598 2347 (ί
1628 2299 1697 2352 Τὸ
1744 2297 1846 2375 γὰρ
1908 2297 1959 2352 ἐν

315 2379 450 2454 αὐτῇ
499 2380 754 2455 γεννηθὲν
808 2379 866 2434 ἐκ
914 2377 1227 2452 ΙΙνεύματός
1272 2377 1411 2433 ἐστιν
1464 2377 1640 2454 ἁγίου.
1684 2402 1713 2430 ››
1761 2384 1816 2432 '0
1867 2377 1966 2432 K6-

318 2468 431 2543 ριός
490 2490 622 2547 φησι
665 2488 677 2500 ·
741 2493 768 2520 ι(
827 2469 897 2523 Τὸ
949 2467 1341 2543 γεγεννημένον
1392 2466 1452 2522 ἐκ
1505 2471 1603 2523 τοῦ
1658 2467 1966 2541 πνεύματος

2072 1936 2330 1992 Joannes
2360 1936 2590 2009 inquit:
2626 1956 2646 1985 α
2671 1938 2731 1991 In
2759 1937 2868 1992 hoc
2900 1937 3332 2009 cognoscimus,
3366 1937 3521 2007 quod
3550 1936 3726 2008 iDeus

2068 2025 2127 2082 in
2160 2026 2328 2081 nobis
2358 2027 2456 2094 sit,
2482 2043 2552 2081 ex
2580 2026 2794 2098 Spiritu
2841 2027 2969 2098 ejus
3009 2041 3183 2098 quem
3217 2026 3377 2081 dedit
3406 2026 3576 2081 nobis
3607 2026 3670 2081 ⁵⁸.
3696 2048 3726 2076 ››

2070 2116 2137 2170 Et
2167 2115 2411 2187 angelus
2443 2116 2561 2171 ait:
2597 2139 2623 2165 ‹‹
2649 2116 2809 2178 Quod
2847 2115 3001 2171 enim
3034 2120 3238 2170 natum
3272 2115 3330 2169 in
3363 2130 3431 2168 ea
3488 2118 3598 2180 est,
3659 2131 3731 2170 ex

2072 2204 2293 2275 Spiritu
2325 2210 2527 2260 sancto
2544 2209 2633 2259 est
2651 2206 2713 2258 ⁸ο.
2752 2227 2778 2254 ››
2812 2204 2940 2277 Ipse
2971 2218 3205 2275 quoque
3266 2202 3547 2258 Dominus
3597 2204 3679 2258 ait
3712 2221 3726 2259 :

2078 2315 2102 2345 α
2130 2295 2292 2358 Quod
2326 2300 2528 2348 natum
2562 2298 2650 2348 est
2682 2310 2751 2349 ex
2781 2294 3013 2367 spiritu,
3049 2293 3297 2364 spiritus
3319 2296 3407 2347 est
3426 2293 3533 2348 ⁶¹.››
3565 2292 3729 2357 Quod

2076 2383 2125 2439 si
2158 2383 2329 2453 illud,
2368 2405 2395 2433 «
2428 2400 2495 2440 ex
2529 2400 2664 2455 quo,
2698 2405 2727 2432 ››
2751 2383 3097 2455 imperantis
3128 2386 3241 2452 est,
3273 2381 3379 2437 hoc
3410 2381 3729 2453 estPatris,

2076 2490 2214 2545 quo,
2248 2489 2466 2544 quasso,
2498 2472 2645 2528 illud
2678 2473 2889 2528 refert:
2926 2494 2952 2522 ‹‹
2990 2472 3111 2529 Non
3164 2472 3353 2527 factus
3392 2475 3481 2527 est
3535 2471 3622 2525 vir
3666 2488 3734 2526 ex

316 2560 529 2629 πνεῦμα
586 2558 746 2613 ἔστιν.
783 2581 810 2609 ››
843 2557 907 2612 El
968 2554 1024 2611 δὲ
1078 2558 1162 2624 τὸ,
1207 2582 1235 2609 (ι
1268 2558 1317 2629 ἒξ
1380 2554 1465 2625 οὗ,
1509 2581 1537 2608 ››
1589 2557 1958 2621 ὶπιτάττοντός

2079 2561 2346 2631 muliere,
2408 2563 2507 2617 sed
2568 2561 2782 2616 mulier
2811 2577 2880 2615 ex
2909 2560 3031 2617 viro
3060 2561 3106 2595 ⁸³
3134 2560 3161 2613 ‘I
3192 2581 3220 2610 »
3259 2561 3335 2614 An
3359 2558 3584 2615 scilicet
3639 2559 3734 2615 hic

315 2646 450 2717 ἔστι,
497 2646 741 2699 τουτέστι
788 2649 887 2699 τοῦ
938 2646 1171 2720 ΙΙατρὸς,
1224 2650 1328 2699 ποῦ
1374 2665 1459 2707 τις
1508 2647 1660 2715 θήσει
1709 2648 1792 2717 τὸ,
1827 2672 1855 2699 ‹‹
1888 2647 1967 2705 O6

312 2733 521 2811 γέγονεν
554 2733 691 2810 ἀνὴρ
725 2732 785 2788 ἐκ
813 2736 1086 2809 γυννικὸς,
1119 2731 1245 2788 ἀλλ’
1276 2736 1312 2803 ἡ
1346 2734 1483 2809 γυνὴ
1512 2734 1561 2805 ἐξ
1592 2733 1785 2810 ἀνδρός
1816 2754 1830 2805 ἲ
1862 2754 1877 2806 ἲ

311 2851 401 2923 23.
453 2849 573 2923 Ὀτι
623 2851 865 2923 ΙΙατρὸς,
937 2849 1027 2923 καὶ
1085 2850 1235 2920 Υἱοῦ,
1278 2849 1375 2923 καὶ
1432 2848 1588 2923 αγίου
1647 2850 1965 2923 Ιῐνεύματός

383 2918 494 2995 ἐστι
548 2941 668 2995 τινα
726 2918 882 2975 κοινᾶ
910 2918 1226 2995 Αόνόματα,
1259 2920 1440 2995 ὠσπερ

378 3084 627 3120 τοιαυτα.

379 3205 495 3262 Ἐπὶ
525 3204 692 3260 ποσὸν
728 3203 819 3260 06v
861 3205 913 3260 ἓν
942 3205 1189 3280 περινοίᾳ
1232 3206 1494 3282 γενέσθαι,
1552 3207 1773 3279 Πνεῦμα
1822 3207 1964 3261 ὠνό-

312 3314 527 3367 μασται’
581 3294 680 3367 ὡς,
717 3319 746 3347 ‹‹
780 3295 1000 3369 ΙΙνεῦμα
1030 3295 1057 3349 6
1090 3297 1237 3367 Θεὸς,
1280 3294 1369 3350 καὶ
1415 3294 1542 3350 τοὺς
1591 3294 1962 3371 προσκυνοῦν-

306 3403 401 3446 τας
434 3383 603 3456 αὗτῷ,
639 3382 692 3438 ἐν
723 3383 989 3458 πνεύματι
1033 3384 1122 3439 καὶ
1171 3384 1401 3456 ἀληθείᾳ
1445 3382 1525 3439 δεῖ
1562 3391 1895 3461 προσκυνεῖν.
1926 3408 1953 3440 ι

308 3473 407 3528 Καὶ
466 3472 632 3528 πάλιν
702 3471 827 3549 περί
880 3478 979 3529 τοῦ
1037 3474 1170 3528 Υίοῦ
1203 3492 1217 3505 ⁸
1278 3497 1306 3526 ‹‹
1363 3476 1589 3547 Πνεῦμα
1660 3476 1959 3551 προσώπου

306 3564 470 3636 ἡμῶν
523 3564 753 3635 Χριστὸς
804 3563 1024 3636 Κύριος.
1063 3587 1084 3613 ι)
1117 3565 1303 3640 Ἄγιος
1354 3564 1381 3617 6
1432 3566 1644 3639 Πατὴρ,
1677 3564 1766 3618 καὶ
1806 3565 1961 3640 ἅγιος

306 3653 335 3708 ὁ
368 3652 516 3725 Υἱὸς,
569 3651 633 3707 τὸ
692 3650 750 3708 δὶ
802 3650 1026 3722 Πνεῦμα
1083 3652 1190 3729 οὐχ
1234 3652 1589 3729 ἁγιαζόμενόν
1641 3653 1803 3723 ἐστιν,
1834 3652 1960 3710 ἀλλ’

305 3740 549 3816 ἁγιάζον
582 3741 798 3818 ἀγαθὸν,
846 3742 922 3804 ὡς
970 3742 1164 3818 ἀγαθὸς
1220 3743 1248 3796 6
1292 3743 1506 3816 Πατὴρ,
1557 3743 1647 3797 καὶ
1698 3744 1726 3798 6
1760 3742 1818 3798 ἐκ
1864 3748 1959 3799 τοῦ

304 3831 509 3906 ἀγαθοῦ
560 3830 761 3905 ἀγαθὸς
809 3829 1083 3906 γεννηθείς
1129 3830 1287 3893 Υἱόςο
1343 3831 1492 3895 εὐθὶς
1549 3833 1773 3905 ΙΙνεῦμα
1821 3835 1956 3907 (73),

304 3919 379 3982 ὡς
413 3918 568 3982 εὐθὺς
599 3920 799 3995 Κύριος
831 3922 859 3974 6
890 3921 1017 3982 Θεὸς
1046 3923 1232 3993 ἡμῶν,
1263 3924 1343 3992 τῷ
1392 3920 1523 3975 εἶναι
1570 3920 1957 3993 αὐτοαλήθεια,

306 4005 627 4078 δικαιοσύνη
662 4005 752 4063 διὰ
777 4008 843 4063 τὸ
874 4008 1135 4084 ἄτρεπτον
1181 4015 1283 4078 τῆς
1330 4008 1535 4071 οὐσίας’
1573 4009 1956 4085 ΙΙαράκλητος,

308 4095 384 4158 ὡς
450 4097 770 4171 μονογενής*
829 4097 966 4151 κατὰ
1018 4097 1111 4151 τό’
1173 4121 1199 4149 ‹‹
1257 4097 1398 4172 Ἐγὼ
1449 4096 1811 4171 παρακαλέσω
1866 4101 1958 4155 τὸν

308 4185 526 4260 Πατέρα
581 4205 707 4257 μου,
759 4184 848 4239 καὶ
898 4182 1069 4240 ἄλλον
1121 4183 1483 4260 ΙΙαράκλητον
1533 4184 1693 4241 δώσει
1746 4188 1893 4261 ὑμῖν.
1929 4214 1957 4240 ››

306 4271 467 4331 Οὕτω
523 4273 702 4328 κοινὸν
758 4274 820 4328 τὸ
873 4268 1050 4346 ὄνομα
1106 4274 1242 4349 πρὸς
1302 4275 1518 4350 Πατέρα
1572 4274 1661 4330 καὶ
1712 4276 1831 4330 Υἱὸν
1879 4282 1959 4349 τῷ

307 4361 606 4435 ΙΙνεύματι,
656 4362 716 4417 ἐκ
765 4368 866 4431 τῆς
908 4363 1045 4417 κατὰ
1094 4362 1251 4437 φύσιν
1297 4363 1582 4427 κοινωνίας
1625 4366 1714 4419 καὶ
1764 4365 1959 4421 οἰκειό-

1500 2922 1561 2975 τὸ
1590 2964 1608 2995 Α,
1662 2922 1823 2995 Θεὸς,
1879 2925 1966 2990 τὸ,

383 2990 603 3077 Κύρεος,
633 2994 845 3069 “Αγιος,
910 2990 1159 3068 Ἀγαθὸς,
1211 2990 1453 3066 Πνεῦμα,
1515 2993 1604 3047 καὶ
1655 2990 1818 3048 ἄλλα
1848 2995 1966 3050 τινὰ

2081 2657 2261 2707 Deum
2294 2651 2483 2706 virum
2517 2650 2995 2722 appellabimus?

1912 2761 1939 2789 ››
1970 2738 2116 2813 ’Δρα
2147 2740 2261 2812 (72)
2292 2739 2380 2793 τὸν
2416 2737 2585 2814 ἄνδρᾶ
2614 2739 2741 2793 Θεὸν
2776 2736 3001 2813 ἐροῦμεν
3038 2756 3052 2806 ;

2077 2855 2166 2909 23.
2201 2856 2411 2924 Patris,
2468 2855 2620 2921 Filii,
2679 2858 2729 2909 et
2784 2856 3031 2925 Spiritus
3089 2856 3267 2911 sancti
3314 2870 3431 2910 esse
3478 2852 3734 2926 quaedam

2148 2929 2468 2997 communia
2526 2928 2774 2992 nomina,
2830 2928 3019 2997 qualia
3068 2930 3196 2980 sunt
3254 2926 3390 2981 Deus
3448 2927 3733 2993 Dominus,

2148 2996 2407 3064 Sanctus,
2440 3000 2643 3064 Bonus,
2675 2996 2937 3068 Spiritus,
2955 3002 3010 3051 et
3036 2998 3154 3051 alia
3198 2998 3486 3053 nonnulla.

2142 3214 2443 3276 Quatenus
2484 3210 2664 3283 igitur
2693 3214 2781 3265 est
2828 3209 3181 3283 cogitatione
3230 3213 3287 3265 et
3341 3209 3733 3283 intelligentia

2071 3300 2370 3372 praeditus,
2394 3298 2643 3371 Spiritus
2666 3298 2906 3365 dicitur,
2942 3304 3062 3369 ut,«
3090 3298 3343 3371 Spiritus
3377 3303 3466 3355 est
3498 3304 3737 3367 Deus,et

2071 3389 2174 3461 qui
2204 3389 2449 3444 adorant
2470 3404 2627 3453 eum,
2660 3388 2718 3442 in
2750 3387 2960 3460 Spiritu
2983 3391 3038 3443 et
3063 3387 3307 3444 veritate
3338 3392 3566 3459 oportet
3593 3391 3734 3445 ado-

2072 3494 2201 3534 rare
2225 3478 2289 3532 ⁶³.
2325 3499 2354 3527 ››
2386 3478 2642 3533 Rursum
2675 3478 2747 3532 de
2775 3476 2976 3531 Filiom
3005 3476 3263 3547 Spiritus
3294 3476 3459 3532 faciei
3518 3483 3734 3534 nostra;

2069 3567 2338 3622 Christus
2374 3567 2653 3621 Dominus
2674 3566 2769 3621 “.n
2800 3565 3047 3621 Sanctus
3084 3565 3333 3633 Pater,et
3364 3570 3604 3622 sanctus
3644 3567 3735 3621 Fi-

2069 3654 2467 3727 lius,Spiritus
2497 3671 2630 3710 vero
2664 3671 2778 3710 non
2813 3655 3216 3710 aanctificatus
3249 3656 3471 3723 est,sed
3505 3656 3731 3711 sancti-

2069 3745 2251 3800 ficans
2278 3761 2289 3800 :
2326 3743 2579 3815 itemque
2610 3744 2821 3812 bonus,
2854 3749 2918 3797 ut
2946 3744 3138 3799 bonus
3167 3743 3357 3813 Pater,
3390 3750 3443 3799 et
3466 3761 3534 3799 ex
3581 3747 3731 3801 bono

2068 3834 2301 3905 genitus
2336 3834 2525 3889 bonus
2557 3832 2757 3887 Filius:
2791 3837 2983 3887 rectus
3016 3832 3368 3904 Spiritus,ut
3397 3838 3592 3888 rectus
3616 3834 3728 3889 Do-

2068 3924 2267 3979 minus
2300 3923 2451 3977 Deus
2486 3927 2700 3991 noster,
2734 3938 2805 4003 eo
2832 3922 2988 3993 quod
3038 3922 3116 3976 sit
3142 3921 3267 3992 ipse
3299 3923 3728 3993 veritas,justi-

2068 4011 2252 4081 tia,ob
2284 4010 2829 4067 immutabilitatem
2862 4010 3246 4066 substantiae:
3280 4010 3634 4082 Paracletus,
3663 4016 3730 4067 ut

2069 4101 2603 4173 unigenitusjuxta
2624 4099 2828 4155 illudzu
2855 4100 2971 4171 Ego
3002 4101 3219 4171 rogabo
3242 4101 3471 4155 Patrem
3508 4117 3730 4169 meum,

2068 4195 2127 4245 et
2158 4190 2335 4245 alium
2367 4189 2725 4244 Paracletum
2755 4190 2918 4243 dabit
2947 4188 3109 4244 vobis
3130 4190 3194 4243 ⁸³.
3225 4190 3307 4243 Ita
3336 4206 3649 4245 commune
3674 4190 3731 4244 id

2069 4295 2283 4334 nomen
2318 4279 2561 4351 Spiritui
2597 4294 2730 4333 cum
2759 4279 2922 4333 Patre
2954 4282 3010 4332 et
3042 4277 3282 4346 Filio,ex
3312 4278 3731 4335 communione

2070 4373 2292 4423 naturae
2324 4371 2380 4423 et
2433 4367 2786 4439 proprietate
2839 4370 3177 4438 coaptatum
3217 4370 3324 4421 eet.
3360 4366 3507 4422 Nam
3554 4367 3730 4438 unde,

300 4471 467 4522 τητος
496 4453 531 4522 ἡ
565 4451 905 4528 προσηγορία
951 4452 1157 4507 τούτων
1211 4452 1439 4522 ἥνωται.
1494 4453 1666 4518 Πόθεν
1716 4455 1817 4531 γὰρ
1865 4452 1958 4511 ἅλ-

2076 4474 2287 4529 quaeso,
2323 4456 2580 4527 aliunde,
2616 4456 2786 4511 modo
2817 4454 3183 4528 principalis,
3235 4456 3409 4511 modo
3466 4456 3725 4528 Spiritus

303 4538 482 4611 λοθεν,
535 4539 699 4596 πάλιν
760 4541 1112 4618 ἡγεμονικὸν,
1170 4540 1335 4597 πάλιν
1396 4544 1618 4617 Πνεῦμα
1673 4541 1953 4617 ἀληθείας,

302 4627 469 4685 πάλιν
495 4628 719 4704 Πνεῦμα
751 4630 942 4707 σοφίας
974 4629 1284 4703 ὠνόμασται
1321 4652 1333 4702 ;

300 4738 391 4794 24.
441 4738 560 4792 ’Ὀτι
605 4735 703 4792 ὅσα
752 4738 779 4792 6
809 4738 1264 4866 ΧριστίρῚςωποιεῖ,
1308 4739 1398 4794 καὶ
1445 4740 1507 4795 τὸ
1539 4740 1689 4817 ἅγιον
1733 4743 1957 4817 Πνεῦμα

1115 4830 1282 4866 ποιει.

1115 4830 1282 4866 ποιει.

376 4898 750 4974 Ἐνεργήματα
796 4811 1114 4971 δυνάμῖᾘ,
1160 4898 1477 4975 χαρίσματα
1527 4899 1797 4974 ἰαμάτων.
1858 4903 1956 4958 Διά

297 4991 395 5043 τοῦ
445 4986 762 5061 ΙΙνεύματος
810 4986 965 5064 ἁγίου
1014 4986 1270 5061 δαίμονες
1319 4988 1723 5060 ἀπηλαύνοντο³
1774 4992 1827 5045 έν
1872 4996 1952 5065 τῷ

2066 4547 2352 4617 veritatis,
2385 4546 2531 4602 alias
2561 4544 2817 4618 Spiritus
2850 4544 3152 4616 sapientiae
3194 4544 3535 4600 nominatus
3592 4546 3733 4601 est?

2066 4745 2167 4803 l2
2198 4748 2287 4801 24.
2322 4744 2521 4801 Omnia
2548 4743 2826 4816 Spiritum
2853 4744 3053 4815 facere,
3078 4758 3194 4814 qua:
3252 4743 3498 4799 Christus
3559 4744 3722 4815 facit.

2138 4906 2518 4978 Operationes
2564 4904 2872 4970 virtutum,
2925 4903 3145 4976 gratias
3206 4903 3550 4960 sanitatum.
3617 4904 3725 4960 Per

2071 4995 2354 5067 Spiritum
2388 4997 2659 5050 sanctum
2688 4994 2986 5049 daemones
3006 4992 3448 5064 expellebantur
3475 5012 3487 5062 ;
3514 4994 3573 5048 in
3594 4995 3727 5064 Spi-

371 5134 417 5169 ⁶²
447 5133 824 5207 R010.}I30.
880 5133 927 5169 ⁸³
964 5134 1172 5204 Ephes.
1231 5151 1305 5203 Iv,
1341 5137 1427 5190 15.
1463 5137 1550 5203 16,
1628 5137 1672 5172 ⁵⁸
1732 5137 1956 5194 Coloss.

2076 5183 2081 5201 ,
2144 5140 2230 5194 19.
2275 5139 2320 5173 ⁸⁵
2368 5139 2615 5207 Joan.1,
2679 5139 2767 5204 16,
2826 5137 2871 5171 ⁸⁸
2925 5137 3098 5191 Joan.
3156 5153 3270 5204 xw,
3330 5137 3415 5190 14.
3472 5137 3516 5169 ⁸⁷
3584 5137 3726 5195 Luc.

302 5204 1047 5279 vm,ﬂ&6.u”_‘Genes.w,
1106 5207 1141 5279 Θ
1202 5206 1297 5261 ⁵⁹Ι
1355 5208 1524 5263 Joan.
1576 5224 1652 5278 ιν,
1710 5210 1798 5265 43.
1875 5210 1921 5245 ⁶⁰

2081 5211 2194 5266 tth.
2228 5227 2268 5279 ι,
2300 5212 2371 5264 20
2426 5211 2466 5246 ⁶¹
2527 5204 2695 5265 Joan.
2758 5224 2843 5278 ιιι,
2875 5208 2929 5262 6.
2992 5208 3243 5263 “ICor.
3303 5225 3366 5276 ιι,
3398 5210 3452 5278 8,
3504 5207 3726 5267 o'Joan.

300 5293 358 5345 ν,
415 5278 506 5332 24.
587 5277 635 5311 ⁵⁸
677 5275 892 5332 Threu.
962 5293 1040 5343 Iv,
1062 5276 1153 5332 20.
1231 5279 1297 5333 ⁸⁸.
1356 5279 1525 5335 Joan.
1559 5275 1675 5348 xxv,
1711 5281 1796 5335 16.

393 5421 487 5488 70)
521 5415 1124 5492 Anglicanus,1tptmi
1157 5416 1372 5477 δώσειν.

396 5492 488 5632 71ζ
518 5489 588 5544 Τό
617 5489 782 5547 deest
801 5492 860 5546 in
896 5489 1065 5546 Basil.
1099 5496 1158 5546 et
1188 5493 1415 5565 Anglic.

396 5564 466 5617 72
518 5562 695 5619 Basil.
728 5567 785 5618 et
813 5561 1068 5632 Anglic.,
1103 5559 1225 5632 ἄρα.

394 5559 487 5637 72)
518 5562 695 5637 lissi].
728 5561 1068 5637 etiAnglic”
1094 5559 1225 5637 ficu.

376 5634 935 5707 (73)IIve6pLa§deest
969 5634 1031 5689 in
1093 5634 1386 5707 vaticano,
1447 5635 1777 5705 Baeiliensi,
1840 5643 1964 5692 An-

304 5704 533 5779 glicano
557 5725 573 5777 ;
604 5704 676 5763 in
692 5704 825 5763 aliis
852 5706 1091 5781 legitur,
1123 5711 1182 5763 et
1206 5706 1307 5765 ubi
1336 5724 1453 5766 non
1483 5707 1735 5766 habetur
1761 5709 1962 5766 subin-

2070 5422 2455 5490 telligendum
2524 5426 2635 5479 est.
2670 5422 2821 5490 Mox,
2870 5420 3030 5490 ήμῶν
3066 5420 3231 5474 abest
3288 5438 3319 5474 ει
3349 5420 3631 5477 Vaticano
3672 5428 3730 5480 et

2073 5441 2190 5479 rem
2238 5441 2455 5480 enaum
2524 5441 2635 5479 est.
2672 5441 2821 5490 mox,
2870 5441 3030 5490 ημων
3066 5441 3231 5474 anesi.
3288 5441 3319 5474 ει
3361 5441 3631 5477 νιιιοαηο
3672 5441 3727 5480 et

2073 5441 2296 5571 {\ngﬁc;
2334 5496 2759 5571 Ibidemhcum‘
2802 5490 3115 5571 ‘li‘lasiliensj
3146 5490 3419 5571 legimus,
3451 5490 3727 5564 αὐτοαλή-

2071 5562 2228 5621 Θιιοῖ..
2266 5566 2513 5638 Reliqui,
2547 5563 2675 5638 αὐτὸ
2708 5562 3195 5638 ἀλήθειαλόίνὶεἱε
3225 5564 3489 5619 vocibus.

2140 5639 2255 5710 (74)
2288 5633 2510 5709 Πνεῦμα
2539 5637 2703 5692 deest
2732 5636 2788 5690 in
2822 5633 3157 5706 Anglicano.
