4136 6378
373 403 453 462 55
1551 405 1618 465 S.
1663 402 2196 465 ATHANASIUS.
2241 435 2319 446 —
2360 401 2628 464 DURIA.
3715 409 3795 470 56

371 535 487 590 ritu
516 533 614 589 Dei
659 532 931 589 diabolus
961 533 1491 606 comprimebatur:
1528 537 1597 591 ad
1658 535 2026 607 prasentiam

2152 531 2415 605 Πνεῦματι
2440 538 2536 588 τοῦ
2586 539 2720 590 Θεοῦ
2779 529 3041 597 διάϐολος
3096 538 3432 611 κατήργητο·
3478 539 3793 614 συμπαρόν·

370 624 646 695 Spiritus,
674 628 1051 693 peccatorum
1085 625 1407 697 redemptio
1440 625 1497 679 in
1531 627 1722 696 gratia
1751 625 2026 697 Spiritus:

367 736 396 762 ‹‹
429 712 625 768 Abluti
674 713 832 767 enim
863 713 1026 778 estis,
1061 719 1117 768 et
1149 714 1495 769 sanctiﬁcati
1528 716 1672 770 estis
1704 715 1761 770 in
1794 715 2031 770 nomine

368 801 600 858 Domini
632 801 817 856 nostri
848 802 986 856 Jesu
1010 803 1250 872 Christi,
1283 811 1340 858 et
1373 805 1428 858 in
1463 805 1685 876 Spiritu
1721 805 2030 860 sancto“.»

369 892 452 947 Ex
484 889 734 946 mortuis
793 895 1164 961 resurrectio,
1215 892 1390 964 idque
1424 909 1525 964 per
1553 893 1875 948 orationem
1909 893 2033 962 Spi-

375 979 526 1035 ritus
559 995 572 1034 :
603 1003 622 1027 -
656 981 898 1034 Emittes
929 981 1085 1035 enim
1119 981 1403 1052 Spiritum
1452 988 1642 1051 tuum,
1667 988 1720 1037 et
1747 983 2030 1037 creabun-

371 1073 491 1133 tur,
524 1076 577 1122 el
608 1070 915 1124 renovabis
949 1070 1152 1124 faciem
1185 1074 1353 1125 terra;
1384 1071 1449 1125 ⁸⁷.
1488 1092 1514 1119 ››
1551 1071 1777 1126 Rursus
1810 1071 1891 1124 ait
1914 1070 2032 1125 :«Si

371 1161 568 1214 autem
599 1157 868 1228 Spiritus,
905 1157 1002 1229 qui
1035 1159 1304 1214 excitavit
1329 1160 1531 1215 Jesum
1565 1176 1597 1213 a
1631 1160 1878 1214 mortuis
1912 1160 1976 1194 ⁸⁸·
2008 1182 2028 1206 ι

371 1246 535 1312 Quod
567 1246 617 1303 si
649 1247 782 1318 quis
815 1246 963 1303 hanc
989 1249 1344 1303 creationem
1376 1249 1622 1320 accipiat
1653 1250 1723 1304 de
1775 1258 2033 1304 mortuo-

373 1353 508 1392 rum
540 1336 945 1401 viviticatione,
981 1337 1103 1408 qui,
1135 1355 1353 1408 quaeso,
1395 1355 1508 1394 non
1538 1339 1745 1409 ingens
1776 1338 2036 1393 efﬁcacia

372 1423 649 1498 Spiritus,
682 1424 1081 1497 dispensantis
1111 1427 1278 1481 nobis
1298 1427 1478 1482 vitam
1535 1426 1697 1482 illam
1770 1443 2034 1483 resurre-

375 1513 610 1583 ctionis,
641 1520 698 1568 et
727 1515 796 1568 ad
835 1515 1200 1586 spiritualem
1233 1514 1394 1571 illam
1429 1515 1604 1571 vitam
1651 1516 1881 1571 animas
1932 1532 2032 1572 no-

375 1611 530 1660 stras
553 1603 892 1659 adamantis
912 1604 940 1659 ?
961 1605 1122 1668 Quod
1173 1604 1222 1660 si
1253 1603 1353 1659 illa
1383 1605 1598 1660 creatio
1650 1603 2030 1675 intelligatur,

379 1709 506 1764 quae
539 1693 598 1748 in
631 1693 752 1748 haec
813 1695 930 1747 vita
985 1698 1076 1748 est
1105 1709 1173 1748 ex
1195 1692 1447 1764 peccatis
1474 1693 1910 1750 transformatio
1969 1693 2028 1747 in

381 1782 632 1838 melius:
666 1783 828 1853 (nam
856 1783 936 1836 ita
969 1783 1150 1855 accipi
1184 1787 1378 1854 potest
1410 1784 1732 1838 secundum
1783 1799 2034 1838 consue-

381 1873 648 1930 tudinem
679 1873 1148 1945 Scripturzs,cum
1184 1873 1397 1930 Paulus
1428 1874 1506 1928 ita
1537 1875 1693 1928 dicat
1725 1891 1738 1929 :
1776 1896 1804 1922 ‹‹
1838 1873 1894 1929 Si
1918 1890 2034 1945 qua

380 1963 442 2018 in
473 1963 702 2018 Christo
735 1980 884 2020 nova
911 1969 1178 2018 creatura
1197 1964 1261 2031 ‘9;
1293 1985 1320 2013 ››
1353 1968 1411 2018 et
1441 1964 1553 2018 ista
1584 1963 2034 2035 innovatio,que

383 2070 415 2108 a
464 2052 721 2108 terrestri
776 2056 834 2107 et
865 2051 1243 2123 passionibus
1267 2052 1520 2108 obnoxia
1565 2053 1705 2119 vita,
1760 2053 1830 2106 ad
1865 2050 2032 2107 ccele-

381 2145 528 2196 stem
559 2141 786 2196 vivendi
821 2141 1104 2196 rationem
1139 2158 1243 2196 nos
1277 2143 1552 2197 transfert
1583 2158 1686 2214 per
1724 2140 2034 2212 Spiritum,

380 2246 560 2302 supra
592 2230 855 2297 modum,
881 2229 1343 2301 mirabiliterque
1375 2231 1607 2286 animas
1641 2235 1871 2286 nostras
1903 2229 2031 2284 atil-

375 2321 492 2387 cit;
526 2319 542 2390 )
575 2336 649 2375 an
681 2318 858 2374 isthic
908 2319 1272 2384 timebimus,
1333 2336 1404 2375 ne
1459 2319 1659 2375 nimiis
1710 2319 2035 2374 honoribus

375 2409 622 2481 gloriam
655 2407 913 2480 Spiritus
940 2409 1292 2464 excedamus
1318 2408 1346 2464 ?
1377 2425 1448 2464 an
1484 2408 1678 2478 potius
1707 2413 1936 2478 contra,
1964 2425 2036 2463 ne

376 2496 555 2554 nimis
585 2495 890 2552 humiliter
920 2498 992 2552 de
1040 2513 1106 2551 eo
1139 2495 1500 2552 sentiamus?
1523 2496 1674 2552 Dicit
1703 2496 1858 2550 enim
1882 2499 2033 2551 Ana-

374 2586 483 2641 niae
516 2589 722 2641 Petrus
753 2585 1054 2656 apostolus
1081 2603 1092 2640 :
1120 2609 1147 2635 ‹‹
1182 2587 1297 2640 Cur
1325 2589 1571 2640 Satanas
1620 2583 1881 2657 implevit
1937 2601 2038 2640 cor

374 2679 640 2742 tuum,ut
670 2675 1004 2730 mentireris
1033 2674 1274 2743 Spiritui
1299 2679 1500 2730 sancto
1520 2674 1548 2728 ?
1579 2691 1693 2730 non
1752 2675 2034 2730 mentitus

377 2779 442 2819 es
472 2762 834 2827 hominibus,
862 2764 959 2818 sed
993 2763 1110 2818 Deo
1131 2763 1195 2832 ⁷ο,
1221 2786 1249 2812 ‹‹

2136 643 2232 684 τος
2287 627 2383 676 τοῦ
2439 624 2789 695 Πνεύματος,
2845 626 3123 699 ἁμαρτιῶν
3184 625 3567 702 ἀπολύτρωσις
3626 628 3678 684 ἐν
3721 633 3790 704 τῇ

2143 714 2299 786 χάριι
2355 717 2450 766 τοῦ
2531 713 2867 786 Πνεῦματος’
2928 736 2957 764 ιι
3017 711 3418 770 Ἀπελοῦσασθε
3487 717 3635 793 γὰρ,
3694 718 3783 774 καὶ

2139 800 2438 875 ἡγιάσθητε
2496 801 2546 856 ἐν
2604 806 2683 873 τῷ
2742 802 2970 874 ὀνόματι
2999 807 3096 856 τοῦ
3128 803 3325 878 Κυρίου
3357 807 3518 878 ἡμῶν
3692 809 3797 878 Ἰη-

2142 895 2236 944 σοῦ
2288 889 2541 966 Χριστοῦ,
2591 892 2680 946 καὶ
2732 891 2784 946 ἐν
2827 897 2906 963 τῷ
2957 891 3223 964 Πνεῦματι
3272 898 3352 965 τῷ
3390 894 3550 969 ἁγίῳ.
3589 922 3608 950 ι
3646 899 3707 952 Ἡ
3739 896 3799 952 ἐκ

2142 983 2345 1053 νεκρῶν
2429 978 2779 1042 ἐπανάστασις
2834 985 2903 1054 τῇ
2963 979 3202 1056 ἐνεργείᾳ
3253 987 3352 1036 τοῦ
3434 986 3747 1057 Πνεύματος
3781 1004 3795 1019 °

2146 1092 2172 1117 ι(
2207 1066 2614 1138 Ἐξαποστελεῖς
2662 1070 2762 1144 γὰρ
2813 1071 2873 1123 τὸ
2927 1071 3148 1142 Πνεῦμά
3195 1091 3312 1140 σου,
3346 1072 3434 1126 καὶ
3475 1076 3796 1144 κτισθήσον-

2142 1175 2251 1210 ται·
2303 1157 2391 1210 καὶ
2447 1157 2771 1219 ἀνακαινιεῖς
2827 1158 2890 1212 τὸ
2941 1158 3234 1228 πρόσωπον
3292 1167 3391 1229 τῆς
3447 1168 3572 1236 γῆς.
3625 1185 3653 1213 n
3694 1161 3796 1220 Καὶ

2147 1243 2506 1320 πάλινιλέγεν
2545 1271 2571 1298 ι(
2603 1247 2665 1300 Ei
2715 1243 2772 1300 δέ
2817 1248 2880 1301 τὸ
2933 1251 3173 1318 Πνεῦμα,
3215 1247 3277 1302 τὸ
3328 1248 3534 1324 ἐγεῖραν
3587 1252 3794 1320 Ἰησοῦν

2145 1333 2204 1388 ἐκ
2231 1340 2521 1409 νεκρῶν.»
2557 1333 2630 1389 Εἴ
2675 1356 2758 1398 τις
2821 1334 2910 1390 οὖν
2951 1338 3049 1404 τήν
3111 1335 3285 1390 κτίσιν
3332 1334 3657 1410 ἐκλαμϐάνει
3708 1338 3796 1394 ἐπὶ

2143 1430 2242 1492 τῆς
2278 1428 2386 1478 τῶν
2448 1420 2812 1488 διαλυθέντων
2864 1420 3232 1498 ἀναϐιώσεως,
3292 1431 3411 1488 πῶς
3460 1427 3521 1482 οὐ
3577 1427 3792 1504 μεγάλη

2146 1517 2244 1566 τοῦ
2286 1513 2596 1584 Πνεῦματος
2639 1515 2674 1582 ὴ
2726 1512 2983 1588 ἐνέργεια,
3037 1519 3132 1568 τοῦ
3190 1514 3611 1589 οἶκονομοῦντος
3658 1519 3792 1591 ἡμῖν

2142 1601 2233 1656 τὸν
2283 1601 2335 1672 ἐξ
2385 1603 2720 1664 ἀναστάσεως
2773 1603 2913 1678 βίον,
2964 1604 3053 1657 καὶ
3103 1606 3239 1679 πρὸς
3282 1605 3380 1672 τήν
3427 1608 3797 1678 πνευματικήν

2145 1688 2321 1760 ἐκείνη
2375 1691 2520 1758 ζωὴν
2583 1691 2679 1752 τὰς
2755 1692 2936 1766 ψυχᾶς
2994 1694 3154 1764 ἡμῶν
3213 1693 3793 1768 μεταρῥυθμίζοντοςς

2144 1777 2250 1833 εἴτε
2291 1779 2504 1854 λέγοιτο
2551 1780 2723 1842 κτίσις
2756 1782 2791 1849 ἡ
2825 1779 3050 1834 ἐνταῦθα
3097 1786 3204 1835 τῶν
3252 1781 3302 1852 ἐξ
3352 1785 3629 1858 ἁμαρτιῶν
3681 1783 3797 1839 δια-

2145 1868 2510 1923 πεπτωκότων
2563 1869 2650 1923 ἐπὶ
2697 1870 2759 1924 τὸ
2815 1868 3030 1945 βέλτιον
3080 1871 3507 1944 μετακόσμησις·
3556 1874 3795 1949 (λέγεται

2145 1957 2249 2033 γὰρ
2287 1955 2376 2011 καί
2425 1957 2568 2012 οὕτω
2599 1961 2733 2013 κατᾶ
2760 1959 2858 2026 τήν
2906 1960 3185 2030 συνήθειαν
3230 1967 3329 2029 τῆς
3381 1967 3622 2040 Γραφῆς,
3670 1963 3796 2019 ὅταν

2147 2044 2362 2108 Παῦλος
2422 2045 2571 2122 λέγῃ·
2613 2073 2633 2097 (ι
2673 2046 2741 2102 Εἴ
2780 2069 2862 2109 τις
2915 2046 2968 2103 ἐν
3025 2053 3242 2121 Χριστῷ
3291 2051 3450 2117 καινὴ
3510 2051 3706 2114 κτίσις.
3769 2078 3791 2107 ι

2145 2136 2234 2190 καὶ
2269 2137 2296 2191 6
2321 2135 2543 2190 ἐνταῦθα
2587 2135 2998 2204 άνακαινισμὸς,
3047 2137 3136 2192 καὶ
3187 2135 3291 2192 ἀπό
3321 2145 3422 2208 τῆς
3453 2138 3655 2212 γηίνης
3705 2141 3795 2196 καὶ

2145 2224 2423 2297 ἐμπαθοῦς
2457 2229 2602 2294 ζωῆς
2634 2225 2720 2280 ἐπὶ
2754 2227 2850 2294 τὴν
2885 2225 3134 2301 οὐράνιον
3181 2225 3460 2282 πολιτείαν
3512 2224 3793 2302 μεταϐολὴ

2146 2309 2236 2366 διὰ
2279 2317 2376 2367 τοῦ
2415 2313 2726 2386 Πνεύματος
2767 2316 2904 2386 ἡμῖν
2951 2315 3235 2389 γινομένη,
3287 2315 3374 2370 ἐπὶ
3422 2323 3591 2372 πᾶσαν
3627 2318 3794 2394 ὑπερ-

2145 2396 2319 2469 ϐολὴν
2343 2403 2662 2473 Θαυμαστῶς
2708 2404 2803 2465 τὰς
2839 2406 3018 2478 ψυχὰς
3067 2406 3228 2476 ἡμῶν
3267 2406 3427 2481 ἄγειο)
3459 2405 3545 2460 ἐπὶ
3576 2407 3794 2470 τούτοις

2144 2490 2371 2565 πότερον
2434 2497 2788 2568 φοοηθὼμεν,
2839 2493 2912 2564 μή
2965 2493 3066 2560 τὴν
3126 2494 3272 2567 ἁγίαν
3327 2491 3479 2564 δόξαν
3552 2496 3796 2572 ὑπερθώ-

2148 2591 2283 2653 μεθα
2309 2584 2405 2634 τοῦ
2441 2580 2750 2652 Πνεῦματος
2799 2586 2918 2643 ταῖς
2970 2576 3298 2656 ὑπερϐολαῖς
3345 2587 3454 2637 τῶν
3498 2589 3674 2658 τιμῶν
3712 2587 3791 2655 ςῆ

2141 2669 2204 2724 τὸ
2235 2668 2494 2741 ἐναντίον,
2532 2670 2610 2741 μὴ
2658 2668 2735 2730 είς
2783 2671 3032 2724 ταπεινὸν
3083 2671 3472 2747 καταγάγωμεν
3523 2674 3622 2741 τὴν
3673 2673 3798 2748 περὶ

2144 2757 2306 2812 αὐτοῦ
2358 2755 2562 2812 ἔννοιαν
2600 2777 2612 2827 ;
2648 2759 2807 2832 Λέγει
2857 2759 2956 2835 γὰρ
3015 2763 3096 2831 τῷ
3156 2760 3372 2831 Ἀνανίᾳ
3424 2763 3452 2816 6
3491 2759 3800 2822 ἀπόστολος

384 2848 610 2924 Πέτρος·
649 2872 677 2900 ‹‹
723 2851 819 2904 Διά
866 2849 916 2903 τί
966 2847 1286 2924 ἐπλήρωσεν
1326 2851 1354 2904 6
1404 2855 1639 2911 Σατανᾶς
1686 2850 1784 2918 τὴν
1826 2846 2048 2925 καρδίαν
2105 2868 2222 2914 σου,
2273 2845 2565 2919 ψεύσασθαί
2613 2867 2671 2902 σε
2718 2847 2778 2901 τὸ
2832 2849 3051 2920 Πνεῦμα
3099 2849 3164 2902 τὸ
3211 2849 3361 2923 ἅγιον
3398 2875 3413 2915 ;
3445 2847 3545 2902 οὐκ
3590 2847 3800 2922 ἐψεύσω

386 2939 714 3015 ἀνθρώποις,
745 2935 891 2994 ἀλλὰ
917 2943 996 3010 τῷ
1027 2943 1160 3010 Θεῷ.
1197 2962 1226 2989 ››

452 3058 542 3112 25.
601 3061 854 3123 Patrem,
890 3062 940 3112 et
1022 3058 1251 3120 Filium,
1312 3061 1363 3113 et
1417 3058 1688 3128 Spiritum
1717 3065 1970 3113 sanctum

907 3129 1098 3184 ducem
1121 3131 1298 3198 fuisse
1326 3130 1514 3184 Israel.

459 3235 748 3307 Propheta
775 3234 958 3307 igitur
985 3235 1271 3291 Jeremias
1303 3235 1386 3290 ita
1438 3234 1508 3290 de
1542 3235 1711 3290 Patre
1751 3234 2035 3332 loquitur.
2070 3274 2113 3341 C

389 3346 411 3376 ε
449 3325 579 3395 Ipse
612 3325 730 3380 dux
762 3325 870 3379 fuit
898 3323 1097 3378 lsraeli
1130 3324 1186 3378 in
1222 3324 1451 3378 deserto
1473 3324 1538 3378 τί.
1575 3345 1602 3372 ››
1627 3323 1727 3378 Et:
1769 3347 1788 3371 ι
1821 3323 1902 3380 Ne
1955 3322 2039 3376 di-

381 3413 606 3480 xeritis,
645 3435 670 3459 »
701 3411 910 3483 inquit,
945 3434 974 3461 «
1007 3412 1106 3467 ubi
1137 3417 1229 3467 est
1260 3412 1436 3477 Deus,
1469 3411 1569 3482 qui
1603 3413 1808 3467 eduxit
1838 3428 1946 3466 nos
1976 3428 2045 3466 ex

382 3505 651 3574 Egypto,
684 3500 783 3572 qui
813 3502 931 3556 dux
952 3500 1122 3555 nobis
1147 3501 1256 3555 fuit
1282 3501 1338 3555 in
1377 3501 1606 3556 deserto
1629 3501 1678 3535 ⁷³
1709 3501 1737 3555 ‘1
1783 3520 1810 3551 ο
1845 3505 1902 3555 et
1932 3499 2048 3555 Da-

382 3591 475 3644 vid
509 3589 734 3661 inquit:
775 3613 801 3639 «
838 3590 1235 3660 Deduxisti,ut
1264 3589 1713 3662 oves,populum
1749 3590 1988 3645 tuum”.
2017 3612 2043 3638 η

389 3680 574 3736 Isaias
604 3684 800 3735 autem
834 3679 979 3734 dixit
1019 3679 1301 3751 Spiritum
1335 3679 1910 3744 sanctuszraelem
1939 3681 2044 3733 du-

385 3769 546 3824 xisse
574 3768 632 3822 in
660 3767 994 3823 solitudine.
1029 3768 1140 3822 Sed
1174 3767 1373 3822 licebit
1401 3767 1594 3839 ipsum
1621 3767 1823 3822 audire
1844 3768 2049 3823 dicen-

388 3861 506 3912 tem
533 3873 546 3911 :
581 3880 608 3906 «
643 3857 820 3912 Duxit
849 3874 948 3913 eos
979 3871 1082 3928 per
1109 3857 1411 3929 abyssum,
1440 3857 1607 3928 quasi
1626 3873 1843 3928 equum
1867 3857 1925 3911 in
1951 3873 2049 3911 so-

392 3945 751 4012 litudine,:et
779 3963 894 4001 non
928 3951 1067 4001 sunt
1095 3946 1406 4017 fatigati,et
1436 3951 1500 4000 ut
1530 3961 1738 4018 pecora
1768 3961 1873 4018 per
1894 3963 2046 4001 cam-

392 4051 554 4105 pum,
588 4035 892 4090 descendit
919 4034 1172 4106 Spiritus
1189 4033 1503 4103 aDomino,
1537 4040 1594 4090 et
1623 4035 1789 4090 duxit
1814 4051 1914 4090 eos
1941 4035 2038 4088 ⁷³.»

391 4126 473 4179 Ad
504 4123 838 4180 Corinthius
870 4129 1086 4189 autem,
1118 4126 1201 4179 ait
1233 4123 1449 4178 Paulus
1501 4123 1800 4180 Christum
1863 4124 2044 4180 fuisse

393 4213 643 4270 ducem:
683 4235 703 4261 ι
740 4213 1042 4279 Bibebant,
1079 4235 1100 4261 ι
1139 4213 1348 4283 inquit,
1374 4235 1401 4262 «
1427 4229 1496 4268 ex
1525 4211 2040 4284 spiritualioonse-

394 4305 610 4374 quente
661 4318 759 4356 eos
803 4305 965 4374 petra
997 4305 1179 4372 petra,
1240 4306 1436 4356 autem
1469 4306 1593 4356 erat
1617 4301 1883 4358 Christus
1913 4303 1977 4357 τι.
2014 4324 2042 4352 ››

393 4391 556 4456 Quod
587 4390 636 4446 si
665 4389 793 4462 quis
825 4390 1058 4456 dixerit,
1089 4390 1372 4462 Spiritum
1396 4390 1754 4448 intercedere
1800 4409 1904 4464 pro
1944 4407 2041 4446 no-

393 4481 506 4546 bis,
539 4497 605 4535 ac
637 4479 897 4550 proinde,
931 4485 1150 4550 quanto
1181 4482 1429 4551 supplex
1458 4479 1698 4536 inferior
1755 4487 1847 4537 est
1890 4481 2045 4535 dato-

394 4585 474 4636 re,
507 4572 668 4622 tanto
700 4584 934 4639 quoque
999 4567 1333 4623 inferiorem
1363 4568 1807 4641 essezSpiritum
1835 4586 1847 4637 ;
1909 4568 2047 4624 huic

2150 3063 2243 3116 25.
2291 3061 2415 3117 ’Ὁτι
2463 3061 2490 3113 6
2549 3061 2894 3135 ll_a1ﬁp,_3cai
2945 3063 2973 3115 6
3024 3061 3168 3135 Υίὸς,
3218 3060 3308 3115 καὶ
3346 3061 3419 3135 ⁸τὸ
3471 3065 3693 3135 Πνεῦμα
3740 3063 3804 3117 τὸ

2561 3129 2715 3206 ἅγιον
2749 3129 3009 3208 ὠδήγησε
3031 3131 3124 3187 τὸν
3152 3129 3402 3206 Ἰσραήλ.

2225 3238 2287 3295 Ὀ
2340 3238 2436 3311 μὶν
2478 3236 2572 3292 οὖν
2623 3241 2736 3313 (76)
2783 3242 3077 3318 προφήτης
3121 3238 3384 3315 Ἱερεμίας
3437 3239 3581 3317 λέγει
3630 3239 3804 3302 οὕτως

2163 3336 2286 3409 περί
2335 3336 2566 3413 Πατρός·
2615 3337 2698 3392 ὅτι
2737 3364 2763 3389 ‹‹

2157 3427 2225 3498 τῇ
2285 3424 2500 3501 ἐρήμῳ.
2533 3447 2559 3478 s
2599 3426 2716 3480 Καίο
2772 3451 2800 3479 ››

2159 3524 2187 3578 6
2218 3524 2370 3596 Θεὸς,
2407 3522 2434 3577 ό
2484 3523 2766 3599 ἀναγαγὼν
2813 3526 2963 3597 ἡμᾶς
3015 3523 3066 3579 ἐν
3116 3531 3218 3599 γῆς
3254 3524 3551 3598 Αἰγύπτου,
3593 3523 3621 3577 6
3650 3535 3812 3587 καθοο

2158 3608 2407 3686 δηγςσας
2457 3615 2606 3685 ἡμᾶς
2657 3612 2708 3667 ἐν
2750 3617 2820 3686 τῇ
2871 3612 3066 3688 ἐρήμῳ
3101 3631 3114 3681 ;
3151 3637 3178 3663 ››
3207 3611 3296 3666 καὶ
3349 3613 3377 3666 6
3409 3606 3574 3666 Δαϐὶδ
3623 3630 3806 3689 φησιν·

2158 3732 2187 3760 ι(
2219 3706 2551 3784 Ὠδήγησας,
2607 3710 2684 3770 ὡς
2740 3704 3010 3785 πρόϐατα,
3066 3709 3158 3764 τὸν
3219 3706 3350 3763 λαόν
3403 3729 3518 3765 σου.
3571 3735 3600 3762 »ο
3657 3711 3714 3762 '0
3753 3707 3811 3765 δὲ

2153 3799 2374 3861 ’Πσαῒας
2437 3801 2501 3853 τὸ
2552 3802 2771 3872 Πνεῦμα
2815 3800 2879 3852 τὸ
2927 3799 3077 3874 ἅγιον
3134 3797 3278 3853 εἶπεν
3328 3796 3669 3874 ὡδηγηκέναι
3717 3800 3808 3854 τὸν

2818 3338 2994 3400 Αὐτὸς
3038 3336 3297 3414 ὡδήγησε
3343 3339 3435 3394 τὸν
3489 3336 3704 3414 Ἰσραὴλ
3755 3336 3806 3392 ἐν

2857 3427 2968 3482 Οὐκ
3024 3425 3229 3496 εἷ’πατε,
3289 3428 3444 3504 φησὶ,
3500 3431 3612 3481 Ποῦ
3670 3424 3810 3481 ἔστιν

2156 3897 2377 3973 Ἰσραὴλ
2433 3895 2482 3951 ἐν
2532 3900 2601 3968 τῇ
2652 3895 2867 3971 ἐρήμῳ.
2902 3897 3084 3950 Ἔστιν
3136 3894 3228 3950 οὖν
3255 3894 3418 3950 αὐτοῦ
3464 3896 3689 3950 ἀκοῦσαι
3721 3895 3812 3951 λέ·-

2155 4006 2371 4062 γοντος·
2411 4008 2438 4038 ιι
2469 3987 2702 4060 Ἥγαγεν
2754 3984 2949 4047 αὐτοὺς
3161 3983 3250 4040 διὰ
3277 3993 3379 4054 τῆς
3428 3980 3687 4059 ἀϐύσσου,
3739 3985 3814 4047 ὡς

2157 4075 2322 4130 ξ’ππον
2386 4075 2436 4129 ἐν
2496 4073 2565 4148 τῇ
2621 4073 2813 4150 ἐρήμῳ
2845 4119 2860 4142 ,
2914 4075 3004 4130 καὶ
3064 4075 3163 4131 οὐκ
3222 4073 3536 4141 ἐκοπίασαν,
3597 4075 3687 4129 καὶ
3739 4075 3814 4136 ὡς

2155 4175 2329 4244 κτήνη
2380 4170 2469 4228 διὰ
2520 4170 2730 4245 πεδίου,
2775 4168 2977 4244 κατέϐη
3011 4178 3231 4247 Πνεῦμα
3274 4173 3421 4248 παρὰ
3469 4172 3693 4250 Κυρίου,
3727 4173 3817 4228 καὶ

2156 4259 2445 4338 ὡδήγησεν
2505 4260 2721 4324 αὐτούς.
2784 4286 2813 4315 »
2873 4265 3016 4338 Πρὸς
3079 4260 3137 4317 δὲ
3214 4262 3528 4338 Κορινθίους
3587 4263 3730 4338 λέγει
3789 4263 3818 4316 6

2159 4361 2404 4430 Παῦλος,
2438 4358 2520 4414 ὅτι
2555 4357 2785 4434 Χριστὸς
2809 4361 2899 4428 ἦν’
2938 4385 2966 4412 ‹‹
2997 4363 3220 4414 Ἕπινον
3257 4384 3284 4411 ››
3315 4360 3443 4435 γὰρ,
3475 4358 3662 4437 φησὶν,
3696 4385 3723 4410 ‹‹
3759 4359 3819 4415 ἰκ

2155 4456 2528 4520 πνευματικῆς
2576 4447 2990 4519 ἀκολουθούσης
3041 4449 3260 4522 πέτραςο
3312 4451 3346 4517 ἡ
3400 4445 3457 4503 δὶ
3493 4446 3663 4522 πέτρα
3691 4448 3757 4516 ἦν
3789 4449 3818 4502 6

2158 4543 2406 4619 Χριστός.
2449 4571 2466 4594 ο
2506 4545 2626 4601 Ἐὰν
2684 4541 2742 4599 δὲ
2789 4541 2913 4618 εἶ’πῃ
2961 4565 3067 4613 τις,
3121 4542 3203 4597 ὅτι
3257 4543 3320 4598 τὸ
3371 4548 3589 4617 Πνεῦμα
3631 4543 3816 4618 ἐντυγ-

394 4631 473 4712 ita
537 4631 1062 4729 respondebimus:
1123 4631 1522 4730 Unigenitum—
1563 4631 1774 4712 Filium
1807 4631 1935 4714 esse
1976 4659 2039 4713 ad

2157 4632 2313 4708 χάνει
2346 4633 2478 4710 ὑπὲρ
2509 4635 2694 4707 ἡμῶν,
2730 4632 2868 4688 ὥστε
2917 4631 3008 4687 οὖν
3058 4631 3183 4688 ὅσον
3215 4633 3244 4686 6
3273 4634 3456 4704 ἱκέτης
3485 4636 3598 4707 (78)
3630 4631 3816 4688 λείπε-

395 4749 696 4804 dexteram
728 4747 852 4814 Dei,
886 4747 1318 4803 etintercedere
1361 4764 1466 4820 pro
1525 4747 1697 4804 nobis
1727 4766 1740 4804 :
1774 4771 1802 4798 «
1862 4747 2050 4804 Nolite

394 4838 596 4910 itaque
616 4837 961 4893 contristare
989 4836 1273 4909 Spiritum
1307 4844 1600 4901 sanctum,
1635 4861 1663 4887 »
1699 4838 1871 4909 juxta
1903 4838 2049 4893 Pau-

395 4927 518 4983 lum
552 4926 618 4995 ⁷⁸,
653 4927 734 4982 ita
793 4924 1168 4997 loquentem:
1209 4949 1229 4973 ι
1295 4926 1354 4980 ln
1408 4943 1524 4997 quo
1577 4925 1789 4999 signati
1815 4928 1960 4983 estis
1989 4927 2048 4982 in

392 5018 548 5072 diem
579 5014 1021 5087 redemptionis.
1057 5034 1088 5067 ι
1119 5013 1268 5080 Quin
1300 5019 1358 5070 et
1383 5015 1721 5086 Stephanus
1752 5016 1835 5072 ita
1865 5015 2050 5088 loqui-

390 5113 523 5162 tur:

457 5195 574 5250 Vos
602 5208 835 5264 semper
851 5191 1098 5264 Spiritui
1129 5199 1331 5247 sanclo
1361 5191 1834 5258 obsistitis,sieut
1851 5197 2048 5264 patres

2155 4751 2243 4785 ται
2299 4736 2397 4786 τοῦ
2447 4731 2772 4807 εὐεργέτου,
2832 4734 3095 4785 τοσοῦτον
3159 4729 3401 4785 λείπεται
3458 4731 3521 4786 τὸ
3570 4733 3810 4802 Πνεῦμαο

2158 4817 2403 4895 λέγωμεν
2452 4819 2623 4892 αὐτῷ,
2674 4819 2757 4874 ὅτι
2789 4820 2816 4874 6
2859 4821 3182 4894 Μονογενής
3229 4821 3369 4874 ἐστιν
3420 4819 3473 4875 ἐν
3525 4817 3670 4890 δεξιᾷ
3718 4823 3815 4874 τοῦ

2157 4923 2310 4990 Θεοῦ,
2372 4919 2461 4974 καὶ
2521 4917 2839 4994 ἐντυγχάνει
2894 4919 3027 4994 ὑπὲρ
3088 4921 3270 4991 ἡμῶν·
3335 4942 3363 4970 ‹‹
3412 4920 3501 4987 Μὴ
3563 4916 3652 4972 οὖν
3715 4916 3815 4972 λυ-

2156 5013 2307 5062 πεῖτε
2353 5009 2414 5064 τὸ
2467 5010 2690 5081 ΙῙνεῦμα
2735 5009 2798 5063 τὸ
2851 5006 3031 5082 ἂγιον,
3064 5032 3092 5061 ››
3143 5009 3279 5064 κατὰ
3324 5009 3412 5062 τὸν
3469 5007 3687 5065 Ῑῐαῦλον
3721 5010 3811 5063 τὸν

2157 5102 2408 5179 λέγοντα·
2464 5130 2491 5157 (ι
2543 5106 2629 5160 Ἐν
2679 5105 2725 5177 ᾧ
2787 5104 3179 5182 )σφραγίσθητε
3228 5104 3304 5168 είς
3353 5105 3564 5182 ἡμέραν
3617 5104 3823 5161 ἀπολυ-

2153 5195 2432 5269 τρώσεως.
2466 5218 2494 5246 ››
2537 5194 2640 5252 Καὶ
2691 5195 2719 5249 6
2771 5193 3042 5271 Στέφανος
3097 5192 3154 5249 δὲ
3206 5193 3373 5271 λέγει·
3425 5220 3455 5247 ι(
3506 5196 3688 5268 Ὑμεῖς
3739 5194 3820 5250 ἀεί

454 5351 500 5385 ⁸³
536 5352 663 5403 Cor.
723 5347 867 5420 l_vx,
929 5344 1341 5420 11.7”__Psal._
1392 5362 1511 5402 cm.
1561 5345 1758 5420 30.}6
1816 5346 1985 5420 Rom.
2043 5364 2166 5420 VIII,
2228 5351 2314 5404 11.
2383 5351 2430 5386 ⁸ο
2483 5352 2532 5404 II
2590 5349 2720 5405 Cor.
2783 5366 2833 5417 v,
2900 5350 2982 5404 17.
3044 5351 3089 5385 ⁷ο
3142 5356 3268 5406 Act.
3301 5367 3358 5418 ν,
3390 5353 3446 5416 3,
3497 5352 3549 5406 4.
3608 5350 3808 5409 "Jer.

382 5438 522 5486 xxii,
550 5421 607 5490 7,
666 5419 710 5454 τ²
740 5417 858 5474 Jer.
912 5434 974 5484 ιι,
1021 5419 1077 5472 6.
1139 5417 1184 5450 ⁷³
1216 5416 1367 5472 Psal.
1431 5434 1613 5483 Lxxw,
1663 5417 1754 5488 21,
1784 5419 1860 5461 7³·
1892 5418 2004 5473 Isa.

2152 5416 2199 5488 ἰ,
2235 5423 2321 5492 13,
2364 5423 2451 5477 14.
2483 5423 2529 5456 ⁷⁴
2565 5426 2585 5475 Ι
2615 5421 2746 5477 Cor.
2779 5416 2833 5491 x,
2864 5422 2916 5476 4.
2943 5422 2987 5456 ⁷⁸
3011 5421 3222 5495 Ephes.
3249 5416 3451 5492 iv,'30.

475 5590 568 5667 :53)
783 5583 1496 5667 Commel,_6pav..R'eliq_.
1529 5589 1586 5640 et
1616 5585 2024 5667 W88;,“_+”L§)v,

475 5661 568 5730 76)
620 5657 771 5731 Edit.
831 5658 989 5731 Corp.
1048 5656 1229 5711 Vatic.
1254 5661 1310 5712 et
1339 5656 1695 5731 Basil-,-yoﬁv.
1732 5656 1862 5713 Edit
1919 5659 2028 5714 Pa-

382 5725 485 5788 ris.
517 5725 575 5786 et
609 5728 856 5799 Anglia,
887 5725 1003 5780 οῦν.

2210 5589 2322 5658 (77)
2354 5586 2584 5657 Αὐτούς,
2619 5594 2676 5642 et
2710 5603 2864 5657 mox,
2895 5593 3018 5656 τῆς,
3051 5588 3268 5643 desunt
3298 5588 3358 5659 in
3386 5587 3725 5659 Anglicano.

2209 5657 2314 5730 (78)
2349 5661 2496 5715 Edit.
2529 5660 2810 5716 Commel.
2842 5664 2900 5714 et
2955 5659 3246 5725 Vatican.,
3310 5657 3549 5728 οἶκε-της.
3597 5658 3799 5716 Ceteri

2135 5735 2196 5787 et
2222 5733 2364 5788 edit.
2399 5731 2604 5802 Paris.,
2634 5731 2843 5802 ἱκέτης,
2876 5735 2932 5786 et
2960 5733 3045 5788 ita
3063 5729 3206 5804 legit
3233 5732 3523 5790 Nannius.
