4136 6390
378 411 454 472 57
1023 410 1127 471 DE
1171 408 1539 473 GOMMUNI
1581 407 1967 469 ESSENTIA
2008 407 2290 470 PATRIS
2335 412 2437 471 ET
2480 411 2663 472 FlLlI
2706 410 2808 471 ET
2853 411 3051 472 SPlR.
3100 411 3165 471 S.
3721 412 3801 471 58

374 543 454 614 τῷ
511 539 786 614 Πνεύματι
845 539 925 613 τῷ
980 540 1123 617 ἁγίῳ
1177 540 1542 612 ἀντιπίπτετε,
1591 541 1665 602 ὡς
1717 540 1768 593 οἱ
1800 540 1998 615 πατὲρε

2148 542 2324 597 vestri
2355 544 2456 598 ⁷⁸.»
2490 544 2671 600 Isaias
2704 560 2873 616 porro
2906 542 3047 598 dicit
3070 560 3121 598 :«
3156 543 3655 600 hxacerbaverunt
3675 542 3801 614 Spi-

378 630 549 704 ὁμῶν.
612 654 639 681 ›)
691 630 793 685 Καὶ
853 630 881 685 6
945 631 1169 692 ‘Haa’i‘aq
1231 627 1401 705 λέγει’
1469 654 1497 682 ‹‹

1565 629 1823 703 Παρώξυν
1840 648 1896 683 αν
1975 627 2039 681 τὸ

2153 632 2329 686 ritum
2361 638 2630 688 sanctum
2663 635 2725 687 ⁷⁷.
2781 655 2807 681 ››
2842 634 2903 687 Et
2935 632 3110 687 alibi:
3163 654 3189 681 ‹‹
3224 632 3445 687 Domus
3489 634 3671 688 Jacob
3702 648 3800 687 ex-

376 724 597 792 Πνεῦμα
641 719 705 773 τὸ
739 721 916 794 ἅγιον.
958 744 978 769 ι
1013 719 1110 774 Καὶ
1144 720 1386 795 ἑτέρωθι·
1424 743 1450 769 ››
1483 719 1640 780 Οἶκος
1673 712 1865 771 Ἰακὼϐ
1895 736 2003 792 παρ

2149 722 2443 776 acerbavit
2472 722 2755 794 Spiritum
2786 722 3012 776 Domini
3043 722 3106 775 ⁷⁸.
3140 744 3158 769 ι
3194 725 3267 773 At
3286 721 3529 775 tuillum
3564 737 3795 776 servum

372 810 570 885 ὠργισε
596 808 658 862 τὸ
694 812 917 881 Πνεῦμα
949 808 1205 883 Κυρίου.»
1236 806 1411 865 Ἀλλὰ
1443 806 1644 863 δοῦλον
1675 807 1805 862 αὐτὸ
1838 805 2039 881 λέγεις’

1886 896 1948 949 τὸ
1980 893 2037 950 δὲ
2147 915 2256 954 nus
2281 901 2343 954 "’9.
2380 923 2407 949 »
2442 901 2696 971 Spiritus
2728 905 2921 955 autem
2946 900 3025 953 ita
3058 900 3216 953 novit
3234 915 3318 965 ea,
3348 916 3475 969 quae
3507 903 3647 953 sunt
3669 898 3793 970 Dei,

371 920 398 947 «
434 898 489 950 Ὀ
522 893 718 959 δοῦλος
749 896 849 951 οὐκ
881 895 993 952 οἶδε
1021 897 1073 952 τί
1106 903 1255 952 ποιεῖ
1284 897 1449 952 αὐτοῦ
1491 898 1518 952 6
1553 896 1773 969 Κύριος·
1814 922 1834 947 ι

2147 809 2329 877 dicis;
2367 813 2488 878 sed,
2526 834 2553 860 ‹‹
2587 811 2800 866 Servus
2832 811 3038 874 nescit,
3071 810 3207 880 quid
3228 808 3399 865 faciat
3430 827 3574 865 suus
3606 811 3794 865 domi-

368 988 591 1058 ΙΙνεῦμα
644 984 817 1048 οὕτως
870 984 984 1040 οἶδε
1032 988 1099 1041 τὰ
1144 991 1242 1041 τοῦ
1287 992 1441 1060 Θεοῦ,
1498 988 1572 1049 ὡς
1605 988 1665 1041 τὸ
1696 989 1907 1057 πνεῦμα
1934 1004 1996 1039 το

2144 993 2208 1042 ut
2239 989 2481 1060 spiritus
2510 990 2790 1057 hominis,
2824 988 2923 1061 qui
2956 992 3045 1044 est
3072 989 3129 1042 in
3163 988 3290 1058 ipso
3315 988 3379 1041 ⁸ο.

370 1074 681 1149 ἀνθρώπου,
712 1076 774 1130 τὸ
810 1074 860 1130 ἐν
897 1076 1064 1149 αύτῷ.

334 1254 337 1255 ν
726 1184 816 1239 26.
849 1185 971 1240 ’Ότι
1005 1184 1033 1238 6
1066 1184 1191 1246 Υἱὸς
1226 1182 1484 1255 ἀλη››ινὸς
1518 1184 1669 1245 Θεὸς.

440 1269 502 1327 Ὁ
556 1270 813 1340 Ἰωάννης
864 1272 1057 1349 γράφει
1108 1271 1160 1326 ἐν
1209 1276 1277 1345 τῇ
1330 1271 1647 1345 Ἐπιστολῇ·
1713 1296 1733 1323 α
1770 1269 2025 1344 Οἴδαμεν,

2480 1186 2568 1239 26.
2605 1184 2753 1253 Quod
2784 1186 2957 1239 Filius
2986 1186 3058 1240 sit
3090 1201 3247 1239 verus
3277 1185 3439 1239 Deus.

2208 1274 2465 1329 Joannes
2495 1275 2576 1329 ita
2606 1274 2664 1328 in
2714 1274 2972 1344 Epistola
3003 1274 3243 1328 scribit:
3296 1296 3323 1322 «
3368 1274 3601 1328 Scimus
3632 1275 3787 1343 quod

370 1356 453 1412 ὅτι
486 1359 513 1413 6
545 1359 668 1421 Υἱὸς
699 1364 795 1413 τοῦ
827 1366 960 1414 Θεοῦ
1004 1360 1148 1431 ἥκει,
1193 1362 1281 1416 καὶ
1334 1359 1563 1416 δέδωκεν
1608 1363 1740 1435 ἡμῖν
1789 1359 1999 1415 διάνοια

2137 1362 2319 1417 Filius
2352 1363 2452 1417 Dei
2482 1363 2657 1430 venit,
2691 1369 2746 1417 et
2778 1362 2936 1417 dedit
2966 1362 3133 1418 nobis
3170 1367 3446 1431 mentem,
3481 1366 3544 1415 ut
3574 1379 3790 1434 cogno-

365 1443 458 1500 ’ίνα
505 1448 859 1521 γινώσκωμεν
904 1451 993 1503 τὸν
1042 1447 1297 1519 ἀληθινὸν
1352 1452 1503 1523 Θεὸν,
1551 1452 1640 1505 καὶ
1674 1450 1829 1523 ἔσμεν
1865 1450 1915 1505 ὲν
1946 1451 2025 1522 τῷ

372 1532 621 1607 ἀληθινῷ
658 1538 763 1609 Γῖῷ
792 1536 956 1592 αὐτοῦ
989 1539 1168 1609 Ἰησοῦ
1202 1544 1432 1615 Χριστῷ,
1469 1540 1636 1602 Οὗτός
1672 1539 1811 1594 ἐστιν
1842 1540 1869 1595 6
1892 1537 2027 1610 ἀλη-

370 1624 514 1687 θινὸς
542 1624 695 1695 Θεὸς,
729 1627 819 1680 καὶ
846 1629 880 1696 ἠ
918 1628 1031 1696 ζωὴ
1060 1629 1094 1697 ἡ
1127 1627 1347 1691 αἰώνιος
1376 1631 1509 1702 (79).
1547 1653 1574 1681 )›

648 1732 737 1786 27.
776 1732 894 1785 Ὅτι
927 1734 1093 1808 μέγας
1127 1734 1255 1795 Θεὸς
1285 1733 1494 1806 ἐκλήθη
1530 1736 1557 1788 6
1589 1735 1733 1798 Υἱὸς.

432 1821 489 1869 ‘0
547 1817 889 1882 Ἀπόστολος
935 1822 1072 1893 πρὸς
1120 1828 1297 1876 Τῖτον·
1355 1848 1381 1876 ι(
1426 1821 1875 1899 ΙΙροσδεχόμενοι
1922 1828 2021 1895 τὴν

2136 1467 2373 1507 scamus
2400 1468 2598 1507 verum
2634 1457 2835 1522 Deum,
2869 1456 2927 1507 et
2958 1467 3165 1507 sumus
3196 1452 3254 1507 in
3296 1467 3430 1507 vero
3461 1451 3603 1506 Filio
3635 1452 3785 1523 ejus,

2132 1540 2271 1596 Jesu
2305 1540 2556 1596 Christo.
2584 1541 2686 1596 Hic
2709 1547 2796 1596 est
2826 1558 2996 1596 verus
3019 1541 3172 1596 Deus
3198 1545 3257 1595 et
3280 1540 3394 1596 vita
3423 1544 3637 1596 aeterna
3656 1542 3723 1595 θί.
3754 1562 3782 1590 ››

2250 1738 2351 1792 13
2382 1738 2470 1791 27.
2505 1737 2660 1808 Quod
2689 1738 2862 1793 Filius
2892 1749 3111 1792 vocatus
3139 1737 3212 1791 sit
3242 1752 3475 1807 magnus
3507 1737 3666 1791 Deus.

2201 1826 2515 1898 Apostolus
2574 1828 2644 1881 ad
2705 1827 2940 1882 Titum:
2988 1850 3014 1876 ‹‹
3075 1827 3492 1898 Exspectantes
3551 1825 3781 1881 beatam

365 1906 632 1984 μακαρίαν
664 1905 861 1963 ἐλπίδα
910 1910 998 1964 καὶ
1048 1908 1354 1988 ἐπιφάνειαν
1394 1920 1494 1981 τῆς
1546 1911 1706 1984 δόξης
1737 1919 1833 1968 τοῦ
1868 1916 2003 1992 μεγά

2133 1932 2298 1988 spem
2330 1921 2387 1971 et
2417 1917 2732 1971 adventum
2765 1917 2959 1989 glorim
2992 1916 3187 1987 magni
3230 1915 3353 1983 Dei,
3388 1918 3445 1969 et
3470 1913 3783 1970 Salvatoris

362 1990 463 2048 λου
523 2001 677 2065 Θεοῦ,
728 2000 818 2052 καὶ
878 2005 1137 2076 Σωτῆρος
1206 2003 1366 2073 ἡμῶν
1419 2003 1600 2072 Ἰησοῦ
1651 2009 1906 2077 Χριστοῦ,
1950 1990 2018 2067 Ἵδς

360 2079 556 2139 ἔδωκεν
588 2085 772 2140 ἑαυτὸν
809 2087 940 2161 ὑπὲρ
973 2091 1155 2161 ἡμῶν.
1188 2114 1215 2141 ››
1246 2092 1304 2148 Ὀ
1337 2090 1493 2153 αὐτὸς
1526 2092 1661 2168 πρὸς
1690 2093 2015 2168 Ῥωμαίους·

360 2195 389 2223 ‹‹
426 2173 509 2244 Ἐξ
540 2176 614 2228 ὦν
644 2177 673 2230 6
719 2177 949 2252 Χριστὸς
999 2179 1062 2233 τὸ
1108 2180 1242 2234 κατὰ
1291 2180 1481 2256 σάρκα,
1518 2183 1546 2235 6
1578 2179 1649 2236 ὣν
1681 2181 1767 2237 ἐπὶ
1799 2184 2014 2239 πάντων

361 2262 489 2324 Θεὸς
518 2262 820 2340 εύλογητός
848 2266 923 2329 εἷς
953 2266 1081 2331 τοὺς
1112 2268 1334 2332 αἰῶνας.
1371 2295 1400 2322 ››
1432 2271 1628 2343 Ἀμήν.

359 2370 454 2450 28Σ
492 2370 637 2445 Πρὸς
666 2370 798 2435 τοὺς
830 2368 1272 2450 ἦκλᾳμϐἀνοντας
1304 2375 1378 2450 εἷς
1411 2371 1565 2450 ὕβριν
1592 2378 1674 2450 τὸ,
1713 2402 1740 2450 ι(
1770 2377 1879 2434 Ούκ
1909 2377 2015 2450 ἦλ-

432 2408 445 2424 .
492 2397 637 2445 ιιρος
666 2397 798 2435 τους
830 2397 1272 2447 εκΛαμοανοντας
1304 2397 1378 2439 εις
1411 2397 1476 2431 υο
1521 2399 1565 2431 tv
1592 2397 1674 2450 το,
1713 2402 1740 2431 ι(
1770 2397 1879 2434 υυκ
1909 2397 2014 2450 ηΑ-

432 2442 522 2526 θον
552 2450 778 2526 ποιῆσαι
808 2445 871 2526 τὸ
901 2444 1117 2526 Θὲλημα
1144 2448 1207 2526 τὸ
1239 2397 1544 2522 ἐμὸνβιλλὶὰ
1570 2450 1633 2505 τὸ
1659 2449 1877 2525 θέλημα
1900 2454 2014 2526 (80)

429 2516 527 2566 τοῦ
556 2514 869 2588 πέμψαντός
903 2538 969 2589 με
999 2514 1233 2593 ΙΙάτρὸς.

433 2616 496 2671 El
526 2617 790 2694 αἰσχύνην
825 2623 973 2698 φέρει
1004 2624 1083 2693 τῷ
1116 2626 1248 2695 Υἱῷ,
1277 2624 1339 2679 τὸ
1382 2627 1630 2703 πληροῦν
1680 2630 1742 2683 τὸ
1793 2628 2013 2703 θέλημα

361 2710 458 2795 τοῦ
491 2707 730 2782 ΙΙατρὸς,
762 2708 1027 2785 αἰσχύνην
1057 2712 1205 2790 φέρει
1235 2712 1326 2767 καὶ
1369 2719 1448 2785 τῷ
1496 2720 1632 2787 Θεῷ,
1676 2718 1765 2770 καὶ
1817 2720 2009 2795 Πατρὶ,

360 2792 610 2869 πληροῦν
661 2796 989 2882 τὸᾼθὲλημα
1034 2804 1131 2854 τοῦ
1182 2798 1412 2856 δικαίου·
1448 2826 1474 2857 α
1518 2803 1747 2877 Θέλημα
1797 2830 1825 2855 ››
1885 2792 2015 2882 γὰρ,

362 2882 524 2959 φησὶν
572 2884 600 2938 6
650 2879 839 2951 Δαϐὶδ,
894 2911 923 2937 ‹‹
967 2892 1073 2941 τῶν
1119 2884 1473 2966 φοϐουμένων
1525 2891 1683 2947 αὐτὸν
1733 2879 2011 2965 ποιήσει-ὁ

361 2970 578 3047 Κύριος,
627 2974 716 3028 καὶ
758 2976 857 3043 τῆς
916 2972 1155 3047 δεήσεως
1206 2978 1380 3034 αὐτῶν
1433 2980 1820 3040 εἷσακοὺσεται.
1876 3009 1903 3036 ››
1948 2986 2011 3041 Εἰ

350 3060 552 3131 θνητῆς
603 3061 815 3149 φύσεως
865 3062 1083 3138 θέλημα
1130 3065 1381 3143 πληροῦν
1416 3071 1449 3145 6
1476 3072 1605 3133 Θεὸς
1637 3071 1736 3127 οὐκ
1767 3074 2014 3149 αἰσχύνε-

347 3169 457 3216 ται,
492 3149 520 3203 6
553 3150 681 3213 Υἱὸς
714 3148 803 3206 διὰ
832 3152 929 3221 τὴν
958 3149 1211 3230 ἔνσαρκον
1246 3157 1564 3232 οἰκονομίαν
1588 3161 1677 3214 καὶ
1700 3162 1796 3231 τὴν
1823 3148 2008 3239 σχέσιν

2133 2005 2317 2059 nostri
2349 2005 2489 2060 Jesu
2514 2006 2747 2065 Christi,
2780 2005 2878 2077 qui
2922 2006 3082 2059 dedit
3125 2004 3508 2075 semetipsum
3544 2021 3647 2076 pro
3679 2021 3781 2058 no-

2132 2093 2223 2150 bis
2252 2095 2318 2149 ”.
2356 2117 2382 2144 »
2418 2095 2576 2150 Idem
2622 2095 2692 2150 ad
2744 2094 3077 2157 Romanos;
3111 2095 3192 2149 Ex
3239 2093 3457 2165 quibus
3488 2092 3779 2159 Christus,

2131 2185 2457 2240 secundum
2488 2201 2748 2254 carnem,
2782 2184 2882 2256 qui
2912 2188 3002 2239 est
3045 2200 3223 2255 super
3270 2183 3468 2238 omnia
3501 2184 3647 2238 Deus
3681 2182 3780 2238 he-

2130 2273 2399 2329 nedictus
2428 2274 2487 2328 in
2519 2275 2753 2330 saecula.
2791 2278 2976 2329 Amen
3002 2274 3068 2327 ⁸³.
3106 2293 3134 2321 »

2128 2381 2218 2435 28.
2247 2381 2511 2436 Adversus
2559 2397 2663 2448 eos,
2719 2382 2815 2453 qui
2862 2381 2959 2436 hoc
3010 2381 3215 2435 dictum
3273 2380 3353 2435 ad
3392 2380 3780 2434 contumeliam

2201 2453 2375 2524 (Filii)
2424 2452 2741 2525 accipiunt,
2786 2476 2813 2504 ‹‹
2867 2455 2986 2508 Νοη
3040 2454 3169 2508 veni
3211 2452 3777 2525 facerevoluntatem

2199 2542 2401 2595 meam,
2435 2526 2532 2580 sed
2560 2526 2895 2580 voluntatem
2928 2526 3132 2593 Patris,
3164 2525 3262 2595 qui
3290 2524 3443 2578 misit
3472 2540 3559 2578 me
3589 2524 3652 2577 δ”.
3676 2546 3704 2573 ››

2201 2632 2262 2687 Si
2294 2634 2503 2704 probro
2533 2638 2621 2687 est
2651 2632 2791 2687 Filio
2823 2630 3144 2703 adimplere
3172 2630 3532 2686 voluntatem
3566 2630 3779 2698 Patris,

2128 2721 2339 2792 probro
2372 2738 2603 2793 quoque
2634 2726 2723 2776 est
2756 2726 2887 2787 Deo;
2921 2726 2979 2776 et
3018 2721 3187 2788 Patri,
3221 2718 3543 2789 adimplere
3572 2719 3777 2776 volun-

2127 2814 2309 2865 tatem
2334 2812 2479 2881 justi
2510 2829 2521 2877 ;
2558 2812 2739 2866 David
2765 2811 2918 2866 enim
2956 2811 3073 2866 ait:
3108 2835 3133 2861 ‹‹
3165 2809 3537 2865 Voluptatem
3570 2810 3780 2865 timen-

2124 2897 2275 2953 tium
2308 2915 2369 2954 se
2402 2900 2572 2954 faciet
2617 2900 2924 2965 Dominus,
2967 2904 3024 2955 et
3072 2898 3539 2970 deprecationem
3575 2915 3777 2953 eorum

2125 2989 2396 3042 exaudiet
2418 2989 2482 3043 ⁸⁵.
2520 3008 2544 3039 n
2580 2989 2743 3053 Quod
2776 2987 2824 3041 si
2858 2988 3032 3055 Deus,
3058 2987 3387 3058 adimplens
3418 2987 3777 3042 voluntatem

2127 3075 2609 3142 mortalium,non
2634 3076 2994 3131 suffunditur
3012 3076 3269 3146 pudore;
3296 3074 3473 3130 Filius
3505 3075 3684 3145 igitur
3704 3076 3777 3131 ob

2124 3164 2396 3220 humanae
2429 3165 2621 3222 carnis
2662 3164 3163 3237 dispensationem
3197 3168 3252 3218 et
3304 3164 3573 3219 habitum
3607 3164 3777 3221 nobis

345 3238 445 3307 τὴν
496 3239 632 3315 πρὸς
678 3241 847 3313 ἡμᾶς,
899 3241 988 3295 καὶ
1038 3243 1358 3301 κατάστασιν
1417 3249 1516 3317 τήν
1571 3246 1854 3320 δουλικὴν,
1884 3238 2003 3321 Ῠτην

356 3323 424 3342 ρ..
483 3329 496 3342 .
562 3334 587 3342 ..
852 3330 862 3342 .
1044 3331 1098 3342 ..
1396 3336 1409 3342 -
1489 3337 1582 3342 μμ

2129 3256 2587 3321 convenientem,
2621 3260 2677 3310 et
2706 3255 3099 3309 conditionem
3146 3252 3437 3320 servilem,
3462 3270 3640 3324 quam
3674 3271 3775 3309 no-

352 3323 424 3382 δι’
472 3329 621 3400 ἡμᾶς
668 3330 993 3404 γενομένην,
1044 3331 1243 3408 λέγων’
1281 3360 1308 3387 ‹‹
1344 3336 1454 3391 Ούκ
1482 3337 1654 3407 ἦλθον
1686 3348 1912 3410 ποιῆσαι
1943 3344 2005 3398 τὸ

346 3416 478 3488 δμὸν
538 3416 777 3491 Θέλημα,
840 3443 867 3471 ››
916 3420 1161 3477 τουτέστι
1208 3425 1271 3478 τὸ
1314 3428 1412 3494 τῆς
1458 3428 1676 3504 σαρκὸς,
1728 3428 1915 3501 ἐπειδὴ
1970 3435 2005 3502 ἡ

345 3506 472 3581 σὰρξ
508 3504 615 3561 ἰδία
644 3507 833 3578 αὐτοῦ,
883 3534 909 3560 ‹‹
946 3508 1092 3565 ἀλλὰ
1114 3514 1176 3567 τὸ
1200 3518 1298 3567 τοῦ
1342 3516 1575 3591 Πατρός·
1615 3542 1641 3569 ››
1671 3521 1913 3576 τουτέστι
1946 3523 2006 3577 τὸ

346 3595 542 3651 θεϊκόνσ
601 3598 678 3670 μὴ
730 3598 821 3653 οῦν
873 3598 947 3661 εἷς
1000 3599 1269 3657 εὐτέλειαν
1324 3602 1771 3678 ἐκλαμϐανέσθω,
1822 3610 1866 3664 εἰ
1916 3610 2004 3665 καὶ

340 3683 408 3738 τὰ
459 3685 694 3758 μάλιστα
742 3685 989 3742 ἐκλύεται
1040 3689 1215 3745 αὐτῶν
1268 3695 1301 3763 ἡ
1353 3692 1581 3749 ἐπίνοια·
1619 3720 1646 3747 ‹‹
1682 3698 2002 3773 Ιίροσῆλθεν

342 3773 490 3861 αύτῷ
526 3774 749 3861 λεπρὸς,
797 3784 1109 3852 γονυπετῶν
1156 3780 1248 3835 καὶ
1300 3784 1492 3859 λέγων·
1546 3784 1731 3861 Κύριε,
1780 3787 1867 3842 ἰὰν
1918 3787 2003 3853 θέ-

342 3860 466 3937 λῃς,
518 3860 739 3919 δύνασαί
792 3887 859 3938 με
904 3868 1211 3944 καθαρίσαι·
1272 3895 1300 3922 ››
1356 3873 1432 3945 μὴ
1485 3860 1803 3931 ἀπεσείσατο
1844 3878 2002 3933 αὐτὸν

339 3951 383 4041 6A
422 3955 657 4028 Σωτήρ;
718 3954 794 4027 μὴ
826 3957 987 4041 εἶπε,
1035 3958 1095 4012 Τί
1143 3957 1514 4036 βλασφημεῖς,
1561 3962 1647 4018 ἐὰν
1681 3965 1787 4041 ἐγὼ
1816 3966 1998 4039 Oili»;

338 4038 425 4095 ἐὰν
476 4041 609 4129 θὲλῃ
658 4042 685 4096 6
733 4038 886 4105 Θεὸς’
942 4045 1069 4120 οὐχὶ
1127 4044 1183 4101 δὲ
1227 4046 1439 4122 ἐδέξατο
1482 4053 1545 4106 τὸ
1590 4038 1997 4129 ἀπηρτισμένον

334 4133 435 4218 τῆς
488 4126 758 4218 nio-rem.“
806 4130 956 4206 οὐχὶ,
988 4137 1067 4204 τῷ
1128 4134 1275 4207 αύτῷ
1320 4134 1471 4212 λόγῳ
1500 4126 1998 4218 ἀντιτρέψαςήαύτῷ

332 4216 433 4284 τὴν
476 4210 801 4309 συλλαϐὴν,
836 4220 949 4309 ’τήν
998 4222 1268 4298 σωτηρίαν
1321 4210 1525 4301 ἤγαγεν
1580 4210 1746 4301 αὐτῷ,
1801 4210 1993 4309 λέγων·

333 4304 599 4397 (ι’-Θέλω,
651 4306 1044 4383 καθαρίσθητι;
1099 4336 1128 4364 ‹‹
1178 4311 1363 4369 Θέλων
1436 4319 1709 4393 καθαρίζει
1772 4304 1994 4397 λεπρόν·

336 4390 511 4456 θέλων
564 4399 825 4483 ζωοποιεῖ
871 4397 1080 4472 νεκρόν·
1126 4400 1382 4473 ἠθέλησε,
1430 4406 1517 4459 καὶ
1566 4390 1757 4483 ἤγειρε
1815 4390 1994 4480 Λάζα-

335 4499 451 4573 ρον·
501 4482 590 4573 καὶ
619 4483 805 4573 αὐτοῦ
856 4483 965 4539 ἐστι
1015 4491 1191 4564 φωνή⁸
1239 4515 1267 4543 ‹‹
1298 4494 1501 4568 ’Ὠσπερ
1534 4495 1562 4549 6
1621 4482 1809 4573 ΙΙατήρ
1846 4501 1989 4568 ζωὴν

333 4568 452 4664 ἔχει
504 4570 553 4624 ἰν
614 4572 807 4645 ἑαυτῷ,
858 4574 1032 4638 οὕτως
1079 4578 1167 4632 καὶ
1216 4584 1296 4651 τῷ
1325 4582 1435 4654 Υἱῷ
1465 4579 1634 4639 ἔδωκε
1666 4568 1811 4655 ζωήν
1842 4584 1986 4664 ἔχειν

330 4657 399 4749 ἦν
433 4659 651 4749 ἒαυτῷξ
682 4685 712 4712 ››
756 4661 845 4716 καὶ
898 4663 1084 4720 πιιίλιν⁹
1137 4692 1164 4719 ‹‹
1206 4670 1409 4746 ’Ὠσπερ
1441 4672 1469 4726 6
1504 4673 1691 4749 Πατὴρ
1727 4657 1989 4744 ζωοποιεῖ

322 4748 450 4836 τοῦς
481 4748 736 4836 νεκροὺς,
760 4750 932 4815 οὓτως
963 4754 1052 4809 καὶ
1108 4756 1135 4810 6
1168 4758 1290 4821 Υἱὸς
1325 4759 1417 4822 οὕς
1442 4761 1609 4836 θέλει,
1641 4748 1917 4832 ζωοποιεῖο
1953 4791 1983 4819 ››

324 4834 414 4891 καί
443 4842 605 4893 τοῦτο
632 4834 798 4894 Δαϐὶδ
830 4839 1001 4916 λεγει⁹
1026 4867 1054 4895 ‹‹
1082 4847 1202 4900 Ὅτι
1234 4847 1372 4922 ὀργὴ
1406 4848 1458 4903 ἐν
1490 4848 1569 4923 τῷ
1594 4834 1758 4924 νθυμῷ
1789 4853 1977 4922 αὐτοῦ,

322 4926 412 4980 καὶ
447 4928 560 4995 ζωὴ
589 4927 642 4984 ἐν
671 4933 751 5000 τῷ
782 4930 1055 5003 θελήματι
1088 4933 1273 4993 αὐτοῦ.
1308 4961 1337 4989 ››

318 5052 406 5109 29.
452 5052 598 5149 Πρὸς
628 5052 1112 5149 ,τοὺςμλὲγνονξαθ
1134 5057 1246 5149 ’ὅτι
1272 5062 1460 5149 ηεξπεὶξν
1509 5065 1600 5119 τὸν
1627 5072 1877 5149 ,Σωτῆρα
1904 5072 1972 5143 τῇ

742 5126 873 5180 υἱῶν
909 5123 1230 5187 Ζεϐεδαίου.
1272 5133 1331 5188 Τί
1363 5134 1577 5204 θέλεις
1611 5136 1686 5200 ὡς
1717 5123 1970 5215 ἀγνὸοῦνΪ

387 5284 723 5359 Εὑρίσκομεν
775 5283 827 5340 ἐν
882 5286 951 5362 τῇ
997 5287 1220 5362 Παλαιᾷ
1262 5296 1523 5370 Διαθήκῃ,
1575 5294 1826 5374 λὲγοντος
1871 5306 1970 5355 τοῦ

2122 3344 2228 3398 stri
2279 3361 2453 3399 causa
2507 3344 2787 3416 suscepit,
2841 3360 2975 3398 cum
3021 3343 3200 3396 dicit:
3256 3343 3381 3398 Non
3430 3343 3559 3397 veni
3593 3344 3779 3398 facere

2119 3432 2477 3488 voluntatem
2512 3450 2722 3499 meam,
2750 3454 2777 3482 ››
2809 3432 2916 3487 hoc
2948 3435 3036 3486 est
3056 3432 3251 3487 carnis
3286 3447 3447 3498 meae,
3489 3454 3508 3480 α
3542 3433 3641 3487 sed
3676 3437 3779 3487 Pa-

2118 3522 2245 3585 tris,
2281 3522 2325 3557 δθ
2356 3542 2384 3571 ››
2408 3522 2515 3576 hoc
2547 3526 2636 3577 est
2663 3521 2920 3576 divinam
2951 3519 3313 3575 voluntatem
3339 3538 3352 3587 ;
3379 3536 3451 3574 ne
3476 3520 3533 3574 in
3567 3521 3770 3591 despe-

2118 3615 2278 3666 ctum
2332 3610 2549 3678 veniat,
2602 3608 2869 3681 quamvis
2919 3607 3151 3663 illorum
3202 3609 3493 3663 sententia
3523 3610 3777 3665 maxime

2116 3699 2291 3755 istinc
2322 3698 2725 3755 dissolvatur:
2778 3721 2806 3748 «
2858 3697 3119 3753 Accessit
3165 3698 3238 3751 ad
3296 3714 3430 3752 eum
3483 3697 3773 3769 leprosus,

2115 3806 2308 3861 genua
2339 3790 2598 3851 ﬂectens,
2631 3793 2687 3843 et
2718 3787 2883 3855 dixit,
2918 3788 3182 3850 Domine,
3217 3788 3263 3841 si
3318 3787 3424 3851 vis,
3461 3792 3625 3857 potes
3678 3805 3772 3843 me

2116 3879 2481 3933 mundare“.
2518 3900 2545 3929 »
2578 3879 2741 3933 Hunc
2775 3877 2975 3948 igitur,
3008 3893 3079 3931 an
3112 3876 3311 3946 rejecit
3342 3875 3608 3931 Salvator
3633 3877 3660 3930 ?
3690 3894 3764 3931 an

2114 3967 2259 4022 dixit
2288 3967 2361 4035 ei,
2387 3967 2533 4031 Quid
2565 3966 2943 4038 blasphemas
2970 3982 3104 4021 cum
3125 3965 3298 4031 dicis,
3330 3964 3377 4020 si
3411 3963 3632 4031 volo,ac
3656 3982 3771 4021 non

2112 4056 2312 4127 potius
2344 4056 2500 4112 Deus
2521 4056 2548 4110 ‘?
2577 4056 2723 4119 Quid
2757 4054 2937 4126 ergo?
2983 4071 3174 4109 nonne
3204 4052 3547 4125 approbavit
3579 4054 3771 4125 perfe-

2111 4146 2361 4200 ctionem
2397 4146 2524 4214 ejus
2551 4145 2680 4199 ﬁdei
2706 4145 2732 4198 ?
2756 4160 2949 4199 nonne
2971 4143 3179 4197 iisdem
3206 4142 3569 4213 respondens
3593 4141 3769 4214 sylla-

2111 4233 2200 4289 bis
2233 4234 2482 4289 salutem
2539 4233 2621 4287 illi
2675 4232 2925 4288 contulit
2972 4232 3210 4287 dicens:
3244 4254 3271 4279 «
3305 4230 3467 4298 Volo,
3516 4232 3766 4286 munda-

2109 4339 2169 4379 re
2189 4324 2232 4357 ⁸⁸
2254 4323 2281 4377 ‘2
2313 4345 2341 4371 »
2373 4322 2588 4379 Volens
2634 4327 2845 4394 purgat
2894 4323 3192 4393 leprosum
3224 4339 3236 4379 :
3283 4320 3478 4375 volens
3513 4320 3766 4377 viviﬁcat

2108 4417 2440 4468 mortuum:
2473 4411 2671 4481 voluit,
2706 4418 2761 4466 et
2789 4410 3059 4465 excitavit
3108 4411 3382 4465 Lazarum
3415 4410 3479 4478 ⁸ο,
3514 4411 3764 4482 ejusque

2104 4518 2212 4557 vox
2242 4507 2363 4557 est:
2400 4525 2426 4552 «
2463 4501 2627 4556 Sicut
2680 4502 2846 4556 Pater
2884 4500 3063 4555 vitam
3095 4499 3271 4554 habet
3318 4500 3375 4553 in
3418 4499 3762 4570 semetipso,

2104 4591 2183 4646 ita
2214 4598 2271 4647 et
2299 4590 2442 4647 Filio
2491 4592 2649 4646 dedit
2695 4592 2872 4644 vitam
2925 4589 3138 4644 habere
3187 4588 3244 4642 in
3278 4588 3597 4659 semetipso
3629 4589 3691 4643 9°.
3728 4611 3755 4639 ››

2099 4681 2167 4736 Et
2198 4697 2435 4736 rursum
2464 4697 2476 4736 :
2513 4704 2538 4730 «
2577 4680 2645 4736 Ut
2678 4681 2844 4735 Pater
2874 4678 3127 4733 viviﬁcat
3156 4683 3441 4745 mortuos,
3467 4677 3543 4732 ila
3574 4682 3630 4733 et
3658 4678 3761 4731 Fi-

2096 4768 2235 4834 lius,
2266 4787 2411 4840 quos
2444 4770 2588 4837 vult,
2622 4769 2934 4823 viviﬁcat‘H
2970 4786 2982 4823 :
3020 4790 3048 4817 »
3092 4768 3247 4839 quod
3283 4768 3477 4838 ipsum
3511 4767 3687 4822 etiam
3723 4786 3757 4824 θ.

2093 4859 2306 4913 Davide
2328 4859 2580 4913 dicitur:
2615 4881 2640 4907 «
2663 4858 2953 4923 Quoniam
2974 4856 3055 4911 ira
3083 4856 3143 4911 in
3168 4856 3571 4928 indignatione
3594 4856 3750 4926 ejus,

2090 4952 2147 5002 et
2175 4946 2290 5003 vita
2323 4947 2383 5001 in
2415 4948 2715 5002 voluntate
2746 4947 2873 5017 ejus
2896 4947 2961 4999 ⁸³.
2997 4964 3023 4996 ι

2085 5074 2173 5127 29.
2209 5071 2476 5127 Adversus
2521 5088 2612 5126 eos
2662 5073 2759 5142 qui
2787 5071 2995 5136 dicunt,
3048 5072 3219 5126 verba
3262 5071 3378 5126 haec
3418 5070 3744 5137 Saluatoris,

2155 5144 2300 5215 Quid
2329 5148 2406 5198 vis
2427 5148 2451 5197 .9
2478 5144 2649 5198 matri
2693 5143 2939 5212 ﬁliorum
2982 5143 3227 5199 Zebedaei
3269 5142 3439 5207 dicta,
3474 5143 3745 5211 ignoran-

2153 5218 2291 5271 tiam
2315 5230 2435 5287 prx
2463 5232 2519 5270 se
2545 5218 2714 5286 ferre.

2152 5304 2489 5361 Invenimus
2519 5304 2577 5357 in
2600 5303 2793 5359 Veteri
2815 5302 3333 5366 Testamento,haec
3360 5299 3520 5372 loqui
3554 5300 3737 5356 Deum

387 5402 431 5437 ’³⁸
462 5406 719 5487 χιι,
750 5404 865 5487 5ξλ
920 5405 1127 5487 ’ξ”.Ισαί-
1159 5427 1322 5487 μιιι,
1357 5414 1444 5468 10.
1522 5415 1565 5449 ⁷⁸
1597 5415 1772 5471 Mich.
1834 5436 1893 5487 ιι,
1924 5422 1979 5474 7.

2155 5422 2327 5477 Joan.
2361 5439 2451 5487 xv,
2487 5422 2573 5476 15.
2650 5420 2695 5455 ⁸ο
2727 5420 2748 5474 Ι
2779 5419 2901 5474 Cor.
2968 5436 3027 5484 ιι,
3062 5418 3150 5485 10,
3184 5417 3272 5472 Η.
3350 5417 3393 5452 ⁸1
3431 5417 3649 5472 lJoan.
3682 5432 3737 5481 ν,

316 5473 405 5560 eq.
481 5474 1006 5560 23Ti62112.13,14:
1083 5473 1554 5560 “nominans,
1611 5473 2003 5560 ιιιοαη.’νι,λ

2159 5473 2220 5528 νθί
2236 5473 2627 5557 ὗὲςὶιῐὶςῂέν,
2670 5473 2755 5545 191
2794 5473 2800 5474 ί
2833 5473 2877 5525 ⁸⁸
2924 5473 3092 5545 Joan.
3127 5473 3202 5554 vi,
3235 5491 3323 5542 38.
3402 5489 3446 5523 ⁸⁷
3478 5488 3660 5544 Marc.
3694 5473 3736 5553 ι,

319 5545 407 5601 1.0.
485 5545 529 5580 ει
561 5546 701 5601 ibid.
736 5547 823 5603 41.
873 5545 1139 5606 "Joan.
1173 5570 1252 5625 x1,
1287 5556 1373 5611 43.
1423 5545 1690 5614 'NJoan.
1725 5578 1780 5628 ν,
1808 5562 1897 5616 26.
1933 5545 2003 5599 "9:

2129 5566 2192 5621 .d.
2223 5545 2626 5620 έιῖ“”θ²ἰίέάιί
2653 5579 2784 5618 xxxx
2818 5563 2872 5616 6.

389 5673 500 5815 279)
529 5673 875 5744 Vaticanus,
900 5673 989 5728 καὶ
1012 5678 1124 5746 ζωὴ
1158 5678 1402 5742 αἰώνιος.

412 5745 500 5815 80)
530 5740 601 5797 Τὸ
633 5740 853 5815 θέλημα
877 5747 1042 5804 deest
1069 5749 1129 5805 in
1159 5753 1297 5809 edit.
1331 5754 1402 5810 Co

412 5740 500 5815 80)
530 5740 601 5797 Τὸ
633 5740 1042 5815 θέλημαᾶοθεὶ
1069 5740 1129 5805 in
1159 5753 1297 5809 edit.
1331 5740 1633 5825 Commel.,
1668 5758 1768 5815 sed
1799 5759 2014 5832 legitur
2044 5760 2104 5819 in
2136 5762 2417 5819 Vaticano
2448 5766 2507 5817 et
2535 5760 2881 5832 Anglicano,
2910 5762 2968 5813 et
2997 5757 3055 5812 in
3091 5753 3338 5828 reliquis
3366 5755 3557 5820 editis,
