4136 6364
352 341 432 402 89
1540 344 1604 405 8.
1653 339 2003 406 ΑΤΗΑΝΑΕ

2121 342 2178 406 Β.
2204 373 2280 387 -
2311 339 2573 405 DUBIA.
3683 334 3766 397 60

356 473 430 528 ad
458 473 822 529 Salomonem
853 491 866 529 :
900 495 929 524 «
965 473 1253 530 Postulaa
1285 490 1399 543 me,
1433 479 1489 530 et
1513 475 1722 530 faciam
1755 474 1860 530 tibi
1883 474 1946 529 9'.
1975 496 2002 522 »

2121 475 2256 526 Θεοῦ
2288 472 2604 543 Σολομῶνιο
2640 495 2668 522 «
2691 472 2808 543 (81)
2834 467 3061 540 Αἵτησαι
3093 467 3220 543 παρ’
3251 466 3408 539 ἐμοῦ,
3439 466 3529 521 καὶ
3550 468 3770 536 ποιήσω

354 561 499 625 Quid
531 562 758 635 igitur?
788 580 930 618 num
982 569 1295 636 antequam
1347 563 1676 638 postularet
1705 563 2000 632 Salomon,

352 650 661 722 ignorabat
707 652 861 708 Deus
894 653 1034 725 quid
1086 653 1182 709 ille
1215 656 1270 708 in
1323 655 1519 710 animo
1568 653 1854 709 haberet?
1901 653 2004 709 sed

351 739 476 794 vult
510 757 626 794 una
658 757 790 795 cum
827 743 1154 808 cognitione
1185 743 1306 807 Dei,
1342 744 1712 798 manifestare
1745 741 2001 813 postula-

351 829 553 893 tionis,
590 834 654 882 ut
684 830 878 900 inquit
909 831 1162 886 Paulus:
1201 833 1318 886 «Et
1349 833 1658 902 petitiones
1687 836 1888 886 vestra:
1921 832 2004 886 in-

355 920 664 972 notescant
695 919 845 990 apud
873 923 1051 973 Deum
1079 920 1140 974 9‘.
1175 941 1202 969 ι)
1239 920 1299 974 Id
1322 924 1431 987 est,
1464 921 1718 975 indicate
1750 920 1830 974 illi
1861 919 2002 991 quid

355 1004 696 1071 velitis,non
717 1012 996 1078 tanquam
1024 1008 1452 1080 ignoranti,sed
1470 1014 1746 1080 tanquam
1784 1010 2003 1065 bonum

358 1095 722 1165 propositum
754 1097 1123 1168 approbanti.

358 1200 447 1255 30.
482 1199 747 1256 Adversus
774 1218 861 1257 eos
904 1204 1000 1270 qui
1047 1204 1262 1270 dicunt,
1295 1207 1354 1259 in
1399 1207 1644 1261 ministri
1671 1205 1862 1261 ordine
1889 1221 2007 1261 esse

427 1273 658 1342 Filium,
689 1289 748 1329 eo
777 1273 921 1346 quod
948 1276 1143 1348 offerat
1173 1277 1342 1332 Patri
1370 1276 1674 1333 humanam
1713 1285 2000 1333 naturam.

433 1453 736 1524 Scriptura
765 1454 984 1509 indicat
1025 1454 1273 1520 Patrem,
1322 1457 1613 1512 adducere
1661 1458 1731 1512 ad
1768 1457 2001 1514 Filium.

363 1541 510 1595 Audi
547 1558 798 1614 namque
830 1543 1038 1598 Filium
1058 1543 1327 1616 baecipsa
1359 1545 1727 1616 loquentem:
1763 1547 2006 1602 «'Nemo

361 1635 553 1704 potest
581 1632 776 1688 venire
807 1633 877 1686 ad
912 1647 1025 1700 me,
1061 1632 1172 1688 nisi
1207 1637 1376 1689 Pater
1404 1649 1571 1690 meus
1609 1634 1860 1692 caelestis
1891 1640 2006 1692 tra-

357 1721 505 1777 xerit
534 1720 704 1776 illum
731 1721 792 1776 ⁸⁸.
827 1743 855 1772 ››

2115 581 2220 616 σοι.
2284 584 2311 610 ››
2360 561 2486 636 'Ap’
2528 557 2619 614 οὗν
2676 559 2801 634 πρὶν
2854 557 3094 629 αἰτῆσαι,
3131 556 3229 611 οὐκ
3258 553 3380 630 ᾔδει
3423 554 3454 610 ἃ
3485 554 3601 631 εἶχε
3630 556 3766 610 κατὰ

2112 651 2331 725 ψυχήν;
2386 647 2557 706 Ἀλλᾶ
2609 648 2862 725 βούλεται
2912 649 3059 720 ἡμᾶς
3096 648 3227 719 μετὰ
3256 653 3355 714 τῆς
3387 646 3638 721 γνώσεως
3666 649 3764 699 τοῦ

2113 743 2242 793 Θεοῦ
2291 743 2550 814 φανεροῦν
2603 739 2669 792 τὰ
2714 737 3011 810 αἰτήματα,
3053 735 3128 797 ὣς
3160 756 3289 812 φησι
3323 731 3564 795 Παῦλος·
3603 757 3630 784 ‹‹
3663 733 3760 788 Καὶ

2110 829 2177 884 τὰ
2206 829 2482 902 αἰτήματα
2513 831 2663 902 ὑμῶν
2691 829 3033 906 γνωριζέσθω
3066 828 3204 902 πρὸς
3238 827 3325 882 τὸν
3380 825 3527 880 Θεόν·
3565 850 3591 874 ››
3643 823 3762 878 ἀντὶ

2110 926 2229 993 τοῦ,
2263 921 2559 996 Γνωρίζετε
2591 919 2736 991 αὖτῷ
2764 919 2814 973 τί
2849 917 3051 986 Θέλετε,
3077 917 3188 993 οὐχ
3218 917 3291 979 ὡς
3329 917 3600 992 ἀγνοῦψτι,
3634 913 3761 969 ἀλλ’

2113 1011 2188 1072 ὡς
2218 1011 2317 1078 τὴν
2347 1008 2520 1078 καλὴν
2548 1010 2797 1084 πρόθεσιν
2830 1005 3246 1082 ἀποδεχομένῳ.

2112 1225 2237 1306 30..
2268 1222 2414 1306 ""965
2461 1220 2588 1306 τοὺς
2640 1219 2899 1306 λέγοντας
2939 1217 3008 1306 ,ἓν
3057 1215 3332 1306 ὑπηρέτου
3370 1215 3523 1306 ⁸τάξει
3560 1215 3765 1306 κεῖσθαι

2183 1295 2276 1420 τὲὲν
2308 1287 2471 1365 'l‘ibv,
2505 1290 2594 1348 διὰ
2638 1287 2727 1348 ’τὸ¹
2749 1292 3070 1370 προσφέρειν
3105 1287 3182 1363 τῷ
3215 1287 3385 1360 ΙΙατρὶ
3417 1291 3516 1356 τήν
3559 1287 3765 1358 ἀνθρω-

2184 1388 2223 1420 π
2259 1385 2416 1420 τητα.

2184 1388 2491 1532 ξτῖέαφὴ
2553 1449 2789 1507 δείκνυσι
2851 1452 2941 1505 τὸν
2999 1449 3211 1524 Πατέρα
3284 1448 3631 1532 προσάγοντα
3683 1449 3765 1516 τῷ

2117 1544 2242 1615 Υἱῴ.
2277 1531 2479 1598 ’Ἄκουε
2503 1543 2603 1618 γὰρ
2633 1539 2729 1596 τοῦ
2762 1540 2888 1594 Υὶοῦ
2919 1537 3197 1613 λέγοντος.
3233 1560 3261 1587 ι(
3302 1533 3491 1596 Οὐδεὶς
3541 1531 3761 1588 δύναται

2116 1632 2251 1708 πρὸς
2285 1633 2350 1706 μὶ
2381 1631 2576 1699 ἐλθεῖν,
2608 1630 2692 1685 ἐὰν
2732 1630 2808 1703 μὴ
2842 1630 2870 1684 6
2905 1630 3093 1703 Πατήρ
3129 1647 3232 1700 μου
3264 1626 3292 1680 6
3327 1624 3571 1701 οὐράνιος
3602 1621 3761 1677 61x6-

2118 1743 2183 1796 σῃ
2212 1721 2392 1778 αὐτόν.

362 1847 450 1902 31.
483 1847 749 1903 Adversus
781 1863 868 1904 eos
915 1849 1025 1921 qui
1060 1850 1306 1905 serviunt
1350 1851 1584 1916 vocibus,
1616 1859 1667 1906 et
1721 1867 1828 1908 non
1885 1868 2003 1908 sen-

2121 1849 2202 1904 31.
2239 1847 2382 1921 Πρὸς
2425 1844 2565 1921 ’τοὺςΔ
2604 1843 2962 1904 δουλεύοντας
3013 1839 3229 1921 ᾎὲξεσι,⁸
3257 1835 3344 1892 καὶ
3381 1836 3456 1921 μη
3487 1839 3601 1921 τοῖς
3632 1837 3768 1921 νοή-

429 1921 952 1995 ςθηιίίεῌεᾳονανιιτη
1008 1920 1359 1977 litterarum:
1405 1931 1458 1978 et
1511 1923 1730 1995 faciunt
1783 1925 2007 1980 Patrem

428 1993 596 2047 Deum
624 1993 775 2047 Filii.

429 2100 740 2172 Apostolus
757 2099 899 2155 dicit
923 2117 935 2155 :
962 2122 989 2149 «
1018 2100 1168 2155 Deus
1193 2100 1419 2156 Domini
1455 2101 1637 2156 nostri
1668 2100 1806 2157 Jesu
1838 2101 2003 2157 Chri-

358 2190 455 2260 sti,
487 2194 656 2244 Pater
676 2189 871 2260 glorias
895 2190 958 2245 ³⁸.
993 2208 1018 2240 ιο
1050 2188 1230 2244 lstbic
1251 2207 1447 2245 rerum
1478 2191 1861 2247 (sconomiam
1885 2191 2006 2247 dis-

357 2279 642 2352 pensavit,
677 2295 812 2334 nam
865 2282 922 2334 et
959 2277 1206 2351 gloriam
1260 2277 1467 2334 Filium
1501 2279 1868 2352 unigenitum
1904 2297 2007 2352 ap-

356 2367 593 2441 pellavit
620 2384 632 2424 :
666 2368 872 2424 Jesum
898 2366 1197 2424 Christum
1220 2384 1353 2424 vero
1370 2367 1698 2425 nominavit
1727 2369 2011 2440 praedica-

356 2458 570 2514 tionem
631 2456 1110 2527 dispensationis.
1173 2459 1275 2513 14
1329 2457 1792 2528 Dispensationis
1850 2459 2005 2513 enim

357 2551 512 2603 Deus
541 2551 648 2615 est,
701 2546 895 2618 glorias
944 2563 1077 2601 vero
1131 2546 1321 2601 Pater.
1377 2547 1432 2600 Si
1485 2563 1598 2601 non
1648 2547 1838 2602 credis
1872 2546 2008 2603 huic

358 2636 536 2704 dicto,
567 2636 667 2690 sed
699 2633 872 2690 aliam
902 2634 1202 2690 existimas
1224 2651 1352 2690 esse
1373 2635 1818 2707 gloriam,cujus
1841 2636 2009 2692 Pater

361 2727 514 2781 Deus
539 2730 666 2792 est;
700 2721 1082 2795 aliam'igitur
1110 2724 1555 2780 comminiscere
1579 2730 1871 2790 naturam,
1905 2742 2004 2779 su-

359 2813 689 2870 blimiorem
719 2813 862 2868 Filio
887 2829 898 2868 :
921 2816 999 2883 [ut
1029 2813 1127 2884 qui
1161 2819 1249 2868 est
1298 2813 1465 2868 Pater
1494 2813 1710 2885 gloriae,
1743 2816 1871 2885 ejus
1903 2814 2004 2869 Pa-

353 2907 449 2958 ter
479 2903 849 2969 nominetur;
887 2901 1063 2972 hujus
1094 2918 1225 2957 vero
1250 2903 1421 2957 Deus.
1458 2902 1653 2958 Gloria
1681 2903 1835 2958 enim
1875 2903 2005 2959 Uni-

357 2992 592 3064 genitus
624 2991 877 3047 dicitur:
913 3014 939 3040 «
976 2991 1043 3046 Et
1072 2992 1348 3059 vidimus,
1387 3015 1413 3040 »
1449 2991 1660 3064 inquit,
1697 3016 1725 3043 «
1755 2992 2002 3066 gloriam

357 3082 508 3153 ejus,
528 3080 772 3153 gloriam
806 3081 976 3152 quasi
1008 3080 1300 3154 Unigeniti
1333 3099 1366 3137 a
1398 3086 1563 3138 Patre
1585 3083 1648 3137 ⁵⁷.
1684 3105 1711 3132 ››
1743 3085 2003 3154 Quapro-

2190 1909 2319 1995 μασι
2345 1922 2454 1995 τῶν
2488 1917 2643 1995 θείων
2671 1921 2920 1995 Γραφῶν,
2954 1913 3041 1969 καὶ
3073 1909 3360 1971 ποιοῦντας
3400 1909 3493 1962 τὸν
3551 1909 3766 1979 Πατέρα

2182 1989 2308 2044 Θεὸν
2339 1994 2438 2044 τοῦ
2469 1990 2616 2046 Υίοῦ.

2182 2101 2236 2152 '0
2281 2095 2625 2158 Ἀπόστολος
2676 2093 2846 2170 λὲγειο
2901 2118 2930 2146 ‹‹
2973 2093 3030 2145 Ὀ
3075 2091 3202 2151 Θεὸς
3233 2092 3331 2143 τοῦ
3379 2085 3577 2161 Κυρίου
3605 2087 3766 2159 ἡμῶν

2117 2187 2296 2256 Ἰησοῦ
2344 2190 2576 2258 Χριστοῦ
2625 2186 2653 2239 6
2698 2183 2887 2257 Πατὴρ
2934 2188 3032 2250 τῆς
3066 2179 3248 2250 δόξης.
3286 2200 3313 2227 n
3347 2178 3606 2239 Ἐνταῦθα
3668 2175 3768 2241 τὴν

2117 2275 2431 2348 οἰκονομίαν
2513 2272 2751 2350 διώρισε’
2816 2271 2905 2326 καὶ
2964 2267 3117 2340 δόξαν
3181 2268 3275 2340 μὶν
3331 2266 3422 2320 τὸν
3487 2268 3761 2338 Μονογενῆ

2115 2366 2292 2422 καλεῖο
2323 2369 2528 2436 Ἰησοῦν
2563 2362 2621 2420 δὶ
2646 2363 2873 2439 Χριστὸν
2900 2363 2963 2416 τὸ
2991 2361 3248 2434 κήρυγμα
3275 2363 3374 2425 τῆς
3425 2353 3762 2427 οἰκονομίας·

2115 2459 2233 2524 Τῆς
2287 2457 2380 2528 μὲν
2428 2456 2529 2530 γὰρ
2578 2452 2897 2525 οἰκονομίας
2943 2450 3072 2510 Θεὸς
3117 2450 3215 2516 τῆς
3247 2444 3305 2500 δὶ
3345 2443 3504 2516 δόξης
3554 2444 3767 2516 Πατήρ.

2115 2545 2178 2600 Ei
2211 2543 2268 2599 δὲ
2302 2546 2376 2618 μὴ
2409 2544 2578 2607 πείθει
2613 2563 2669 2598 σε
2696 2543 2758 2596 τὸ
2790 2541 2962 2617 ῥῆμα,
2996 2535 3142 2593 ἀλλὰ
3172 2534 3350 2605 ἄλλην
3372 2534 3493 2588 τινά
3519 2531 3764 2605 νομίζεις

2117 2631 2268 2704 δόξαν
2321 2635 2477 2706 εἶναι,
2520 2633 2587 2703 ἧς
2632 2633 2822 2707 Πατὴρ
2869 2631 2897 2685 6
2942 2628 3092 2690 Θεός⁸
3125 2626 3302 2695 ἄλλην
3328 2626 3450 2680 τινὰ
3479 2622 3764 2690 ἐπινόησον

2117 2724 2272 2801 φύσιν
2333 2724 2604 2796 ἀνωτέραν
2654 2727 2751 2777 τοῦ
2827 2721 2974 2775 Υίοῦ·
3021 2716 3113 2772 ’ἱνα
3163 2716 3372 2786 ἐκείνης
3426 2715 3519 2787 μὶν

2112 2798 2318 2886 κληθῇ,
2349 2812 2546 2868 τούτου
2578 2809 2635 2866 δὶ
2665 2812 2793 2872 Θεὸς
2828 2809 3105 2882 ὁνομασθῇ
3137 2807 3165 2860 6
3197 2806 3382 2875 Πατήρ
3431 2805 3528 2869 τῆς
3580 2798 3762 2868 δόξης,

2115 2903 2249 2972 Δόξα
2294 2903 2400 2979 γὰρ
2455 2899 2671 2977 λέγεται
2723 2901 2751 2954 6
2801 2899 3130 2973 Μονογινής·
3186 2920 3212 2946 ‹‹
3258 2896 3369 2965 (82)
3404 2889 3763 2961 Ἐθεασάμεθα

2111 2994 2236 3069 γὰρ,
2289 2991 2444 3069 φησὶ,
2490 2991 2590 3060 τὴν
2647 2987 2803 3059 δόξαν
2860 2987 3045 3055 αὐτοῦ,
3090 2983 3244 3056 δόξαν
3296 2982 3372 3044 ὡς
3421 2982 3761 3069 Μονογινοῧς

2113 3068 2261 3158 παρᾶ
2291 3068 2525 3156 Πατρός·
2563 3104 2592 3131 ››
2623 3077 2762 3134 ὥστε
2789 3079 2872 3148 τὸ,
2911 3101 2933 3130 ι
2965 3082 3020 3130 ‘0
3051 3075 3179 3136 Θεὸς
3207 3077 3304 3128 τοῦ
3350 3068 3549 3145 Κυρίου
3594 3069 3758 3158 ἡμῶν

354 3175 442 3226 ter
473 3170 692 3227 dictum
725 3169 868 3226 illud
900 3187 912 3226 :
955 3191 976 3219 ι
1011 3176 1162 3227 Deus
1193 3171 1419 3228 Domini
1451 3172 1637 3228 nostri
1665 3173 1805 3228 Jesu
1837 3173 2000 3228 Chri-

2121 3155 2296 3240 Ἰησοῦ
2353 3172 2610 3245 Χριστοῦ,
2665 3193 2692 3220 ››
2740 3167 2852 3222 ἀντὶ
2898 3170 3018 3238 τοῦ,
3068 3165 3097 3220 6
3144 3164 3272 3225 Θεὸς
3313 3167 3414 3230 τῆς
3443 3155 3639 3233 σαρκὸς
3664 3158 3762 3210 τοῦ

2121 3265 2152 3274 -
2318 3264 2345 3274 ..
2412 3259 2425 3274 ο
2467 3263 2507 3274 ..
2595 3260 2610 3274 ι
2726 3260 2753 3270 ~
2820 3253 2904 3274 an.
3039 3255 3053 3274 ι
3102 3259 3145 3274 η
3196 3253 3282 3274 ,\,_
3339 3252 3437 3274 φφ-
3483 3246 3740 3274 .-ι-----

353 3259 426 3316 sti
448 3259 530 3326 9';
562 3281 590 3310 »
626 3259 682 3314 id
715 3264 824 3324 est,
847 3260 1002 3316 Deus
1030 3261 1223 3315 carnis
1245 3260 1480 3326 Christi,
1514 3265 1687 3316 Pater
1714 3277 1847 3317 vero
1878 3262 2001 3334 glo-

353 3348 472 3417 riae,
510 3347 676 3404 Pater
704 3348 954 3404 deitalis.
1004 3347 1260 3404 Gloriam
1298 3348 1513 3422 quippe
1558 3349 1739 3405 Isaias
1771 3367 2004 3423 quoque

353 3436 712 3494 Salvatorem
745 3441 1014 3493 nostrum
1050 3443 1374 3510 nuncupat,
1412 3439 1736 3494 secundum
1767 3440 2004 3496 deitatis

356 3525 702 3597 dignitatem
731 3543 743 3580 :
778 3542 910 3580 cum
941 3527 1096 3582 enim
1133 3533 1458 3582 recenseret
1482 3527 1761 3584 miracula
1793 3546 1919 3601 quis
1944 3530 1999 3583 in

355 3615 586 3670 deserto
619 3616 1006 3688 contigerant,
1057 3623 1112 3671 et
1157 3617 1455 3672 solitudini
1507 3617 1658 3673 bona
1687 3618 2000 3673 annuntia-

355 3709 464 3769 ret,
495 3705 575 3759 ait
601 3721 613 3760 :
645 3728 664 3753 α
700 3705 1004 3761 Exsultent
1025 3706 1253 3762 deserta
1281 3706 1639 3773 Jordanis,et
1670 3707 1913 3764 floreant
1939 3712 2003 3763 ut

354 3791 566 3863 lilium,
599 3793 878 3865 quoniam
909 3793 1095 3866 gloria
1114 3795 1316 3852 Libani
1347 3796 1486 3852 data
1507 3802 1595 3852 est
1625 3797 1697 3866 ei,
1733 3802 1788 3853 et
1818 3797 2004 3853 honor

354 3881 640 3938 Carmeli:
673 3886 730 3936 et
762 3883 1014 3954 populus
1043 3899 1210 3940 meus
1233 3884 1449 3940 videbit
1470 3885 1714 3955 gloriam
1751 3887 2001 3957 Domini,

353 3977 411 4025 et
440 3970 861 4027 sublimitatem
901 3973 1039 4027 Dei:
1067 3977 1124 4028 et
1165 3973 1384 4029 videbit
1428 3975 1620 4030 omnis
1651 3991 1805 4041 caro,
1839 3975 2004 4030 salu-

353 4064 478 4115 tare
512 4060 611 4115 Dei
635 4061 697 4115 ’9.
734 4082 762 4109 »
811 4061 1006 4117 Gloria
1055 4062 1236 4133 igitur
1282 4067 1371 4118 est
1414 4080 1448 4118 a
1500 4062 1708 4136 gloria,
1762 4064 1919 4118 unde
1949 4067 2007 4118 et

356 4147 574 4204 Paulus
606 4149 722 4206 ait:
757 4173 785 4200 «
847 4152 953 4216 Qui
985 4154 1074 4207 est
1131 4151 1406 4223 splendor
1448 4154 1666 4225 gloriae,
1728 4159 1784 4208 et
1816 4153 2006 4225 ﬁgura

355 4236 699 4293 substantia
726 4240 765 4294 ³.
801 4260 830 4288 ››
865 4240 964 4295 Est
1004 4242 1182 4313 igitur
1232 4241 1640 4314 Pater;gloriie
1692 4241 2000 4313 Unigeniti,

358 4327 509 4380 Deus
538 4343 670 4382 vero
711 4329 904 4384 carnis
947 4328 1186 4385 Christi.
1242 4330 1363 4386 Non
1414 4332 1571 4402 quod
1626 4329 1806 4386 alium
1838 4329 2005 4385 Chri-

353 4420 510 4470 stum
543 4416 819 4486 dicam,et
842 4417 1022 4474 alium
1047 4418 1424 4492 Unigenitum
1460 4436 1596 4476 :non
1629 4419 1787 4475 enim
1811 4425 2006 4476 mente

353 4503 549 4560 divido
579 4522 707 4576 quis
740 4508 811 4562 ob
845 4509 1131 4564 unitatem
1166 4525 1280 4564 non
1313 4508 1674 4564 dividuntur.
1719 4513 1889 4565 Pater
1919 4511 2003 4566 si-

2116 3264 2370 3336 Χριστοῦ·
2405 3259 2433 3314 6
2467 3260 2653 3334 Πατὴρ
2686 3260 2782 3326 τῆς
2816 3253 3001 3329 δόξης,
3032 3255 3060 3308 6
3102 3253 3289 3327 Πατὴρ
3334 3252 3438 3319 τῆς
3481 3246 3761 3336 θεότητος.

2115 3334 2278 3420 Δόξαν
2316 3350 2416 3427 γὰρ
2466 3347 2554 3404 καὶ
2601 3349 2630 3403 6
2676 3345 2897 3410 Ἡσαΐας
2939 3347 3028 3400 τὸν
3066 3350 3299 3417 Σωτῆρα
3325 3339 3503 3409 καλεῖ,
3535 3335 3672 3427 κατᾷ
3700 3334 3762 3389 τὸ

2110 3446 2211 3508 τῆς
2242 3425 2521 3510 εθεότητος
2580 3437 2813 3510 ἀξίωμα
2877 3435 3044 3490 είπὼν
3102 3432 3203 3510 γὰρ
3249 3431 3316 3486 τὰ
3347 3429 3399 3484 ἰν
3440 3431 3508 3501 τῇ
3566 3425 3761 3500 ἐρήμῳ

2111 3530 2377 3602 θαύματα,
2436 3529 2526 3582 καὶ
2576 3524 3063 3602 εὐαγγελισάμενος
3121 3521 3220 3589 τήν
3288 3514 3517 3588 ἔρημον,
3577 3513 3758 3602 φησίν·

2116 3643 2138 3671 ο
2190 3616 2572 3694 Ἀγαλλιάσθω
2619 3601 2692 3670 τὰ
2734 3611 2915 3691 ἔρημα
2968 3614 3066 3666 τοῦ
3124 3604 3414 3694 ἸορδάνουΔ
3446 3604 3534 3657 καὶ
3584 3601 3764 3694 duos!-

2108 3731 2188 3765 τω
2401 3707 2477 3768 ὡς
2523 3703 2724 3777 κρίνον·
2763 3687 2857 3756 ⁷ὅτι
2907 3702 2942 3769 ἡ
2995 3697 3120 3769 δόξα
3167 3700 3266 3751 τοῦ
3312 3687 3548 3749 Λιϐάνου
3599 3687 3760 3759 ἐδόθη

2111 3798 2270 3870 αὐτῇ,
2319 3795 2410 3851 καὶ
2458 3797 2493 3864 ἠ
2537 3794 2673 3866 τιμὴ
2718 3795 2815 3846 τοῦ
2861 3787 3190 3865 Καρμήλου.
3251 3784 3349 3840 Καὶ
3399 3784 3426 3837 6
3473 3781 3603 3843 λαός
3658 3800 3764 3870 μου

2112 3868 2300 3961 ὄψεται
2343 3885 2442 3952 τήν
2495 3881 2649 3956 δόξαν
2697 3879 2920 3956 Κυρίου,
2966 3878 3057 3933 καὶ
3102 3877 3166 3932 τὸ
3196 3875 3330 3949 ὕψος
3360 3876 3458 3928 τοῦ
3488 3874 3640 3961 Θεοῦο
3674 3868 3764 3961 καὶ

2113 3957 2300 4050 ὄψεται
2352 3978 2496 4028 πᾶσα
2541 3972 2668 4047 σὰρξ
2709 3969 2774 4024 τὸ
2814 3970 3086 4042 σωτήριον
3127 3969 3223 4020 τοῦ
3254 3966 3410 4019 Θεοῦ.
3449 3985 3470 4010 ι
3503 3958 3636 4050 Δόξα
3669 3957 3761 4050 οῦν

2115 4045 2255 4120 ἐστιν
2293 4062 2398 4117 ἀπὸ
2443 4045 2627 4134 δόξηςλ
2673 4058 2792 4114 ὅθεν
2836 4056 2925 4112 καὶ
2976 4057 3003 4112 ὁ
3036 4054 3250 4116 Παῦλος
3285 4051 3452 4126 λέγει·
3493 4073 3521 4100 ‹‹
3553 4048 3652 4109 ’Ὀς
3685 4045 3758 4100 ὥν

2114 4151 2445 4228 ἀπαύγασμα
2488 4157 2590 4220 τῆς
2657 4147 2818 4219 δόξης
2874 4147 2965 4202 καὶ
3022 4143 3307 4222 χαρακτὴρ
3361 4147 3463 4210 τῆς
3524 4137 3765 4192 ὑποστά-

2111 4264 2270 4305 σεως.
2319 4265 2348 4294 ››
2397 4241 2584 4315 Πατήρ
2635 4237 2724 4292 οὗν
2776 4236 2888 4292 ἰστι
2928 4241 3030 4304 τῆς
3081 4231 3241 4303 δόξης
3271 4235 3368 4286 τοῦ
3400 4228 3739 4315 Μονογενοῦς

2114 4333 2242 4392 Θεὸς
2293 4327 2351 4384 δὲ
2397 4336 2497 4398 τῆς
2543 4313 2739 4401 σαρκὸς
2786 4329 2884 4380 τοῦ
2937 4325 3194 4399 Χριστοῦ.
3239 4320 3354 4377 Οὐκ
3385 4315 3555 4373 ἄλλον
3588 4313 3646 4370 δὲ
3672 4314 3766 4401 τὸν

2116 4417 2342 4496 Χριστὸν
2411 4399 2737 4492 λέγωρκαὶ
2809 4411 2978 4496 ἄλλον
3035 4410 3126 4464 τὸν
3171 4411 3476 4496 Μονογενῆ·
3531 4405 3603 4476 τῇ
3661 4399 3764 4496 γαρ

2114 4488 2293 4579 ἐννοίᾳ
2345 4505 2406 4561 οὐ
2449 4488 2630 4578 τέμνω
2674 4503 2741 4557 τὰ
2791 4488 2869 4574 μῆ
2899 4497 3207 4573 τεμνόμενα
3234 4499 3302 4569 τῇ
3336 4494 3543 4550 ἐνώσει.
3577 4491 3763 4564 Πατὴρ

353 4593 590 4664 quidem
625 4595 917 4668 Unigeniti
949 4601 1040 4652 est
1069 4603 1204 4652 ante
1232 4598 1483 4665 saecula;
1519 4602 1668 4653 Deus
1701 4613 1832 4653 vero
1861 4599 2002 4656 Uni-

2121 4600 2211 4674 γὰρ
2243 4601 2340 4650 τοῦ
2366 4597 2699 4670 Μονογενοῦς
2745 4589 2852 4668 πρὸ
2882 4589 3116 4645 αἰώνων·
3155 4587 3282 4649 Θεὸς
3331 4583 3390 4640 δὲ
3432 4586 3532 4638 τοῦ
3586 4587 3765 4674 Move-

352 4682 531 4753 genlti
565 4685 891 4739 secundum
922 4699 1158 4740 carnem
1183 4685 1240 4739 in
1269 4686 1384 4740 {ine
1404 4685 1636 4744 seculi:
1655 4702 2005 4760 semperque

348 4769 509 4825 illius
542 4771 707 4828 Pater
737 4777 977 4843 est,non
1011 4788 1244 4845 semper
1273 4778 1469 4830 autem
1503 4774 1662 4830 illius
1696 4779 1867 4844 Deus,
1901 4779 2002 4833 sed

351 4873 419 4913 ex
451 4875 564 4928 quo
596 4876 830 4915 carnem
865 4859 961 4916 ille
992 4863 1503 4934 assumpsit.Deus
1526 4864 1694 4920 Pater
1723 4869 1812 4921 est
1841 4865 2002 4922 illius

349 4947 588 5004 deitatis
615 4949 806 5004 :Pa'ter
826 4949 1118 5021 siquidem
1147 4956 1238 5007 est
1269 4957 1548 5022 aeternus,
1581 4954 1764 5010 Filius
1805 4960 2000 5012 autem

421 5091 464 5126 ⁸³
499 5091 576 5147 ΙΙΙ
607 5091 748 5163 Reg.
782 5110 867 5159 ιη,
900 5095 956 5148 5.
1034 5095 1078 5128 ⁸⁸
1107 5093 1248 5150 Phili

344 5165 388 5199 ”
419 5163 529 5219 Isa.
562 5181 728 5232 xxxv,
765 5167 816 5232 1,
849 5168 920 5233 2;
955 5182 1050 5237 ιιι,
1088 5168 1172 5222 10.
1226 5163 1400 5223 Hebr.
1434 5186 1473 5238 ι,
1505 5170 1559 5224 3.

445 5317 535 5394 84)
563 5317 1035 5394 §ie_\_’aticanus,_
1073 5320 1251 5394 Basil.
1300 5321 1523 5394 Anglic.
1548 5321 1732 5394 ,Editi,
1764 5321 1996 5392 αἰτήσει.

441 5388 752 5470 83)_Editio
784 5392 1087 5470 Comma!”
1119 5391 1210 5470 καί
1259 5388 1572 5470 ἓηῐεξιρησί.
1624 5388 1998 5470 Ιὺίἆθφξτήν

349 5461 511 5538 deest
529 5462 899 5538 ineditjs,sed
917 5461 1168 5521 habetur
1185 5468 1240 5521 in
1258 5461 1564 5521 Basiliensi
1588 5461 1996 5538 etAnglicano.

421 5534 529 5602 (83)
563 5534 656 5587 Sic
708 5534 1047 5591 Basiliensis
1095 5546 1152 5593 et
1180 5538 1356 5592 editio
1406 5534 1776 5593 Parisiensis'.
1808 5539 1998 5593 Editio

348 5619 481 5658 vero
511 5606 972 5678 Commeliniana
1009 5625 1140 5664 cum
1187 5608 1488 5678 Vaticano,
1536 5609 1772 5678 ἀνθήτω.
1821 5611 1998 5666 Paulo

352 5680 486 5749 post
511 5676 688 5734 editio
719 5679 1068 5738 Parisiensis
1110 5684 1167 5738 et
1195 5676 1572 5756 Anglicanus,
1611 5676 1776 5754 αὖτῷ.
1808 5681 1998 5739 Editio

2111 4669 2297 4762 +1106:
2343 4685 2480 4740 κατὰ
2677 4679 2847 4757 σάρκα
2898 4678 2984 4734 ἰπὶ
3031 4675 3178 4732 τέλει
3242 4671 3340 4730 τοῦ
3402 4672 3618 4762 αἲῶνοςι
3678 4669 3760 4723 ἀεὶ

2114 4758 2276 4832 αὑτοῦ
2306 4775 2517 4852 Πατὴρ,
2567 4772 2667 4828 οὐκ
2714 4771 2795 4826 ἀεὶ
2828 4766 2990 4824 αὐτοῦ
3021 4765 3174 4837 Θεὸς,
3207 4762 3355 4821 ἀλλὰ
3386 4762 3475 4841 ἀφ’
3500 4758 3566 4852 οὗ
3597 4760 3768 4852 σάρκα

2115 4860 2395 4922 ἀνέλαϐεν.
2441 4847 2573 4926 Θεὸς
2622 4864 2732 4935 (84)
2788 4861 2816 4916 6
2864 4859 3051 4934 Πατὴρ
3099 4855 3264 4912 αὐτοῦ
3295 4860 3396 4924 τῆς
3424 4850 3682 4920 θεότητος
3737 4847 3764 4902 6

2117 4956 2211 5028 μὶν
2256 4955 2358 5030 γὰρ
2408 4952 2594 5028 Πατὴρ
2639 4947 2839 5021 ἀίδιος,
2889 4949 2918 5002 6
2971 4945 3028 5002 δὶ
3071 4945 3196 5008 Υἱὸς
3226 4938 3514 5002 συναΐδιος·
3549 4937 3639 4993 καὶ
3670 4935 3769 4990 οὐκ

1299 5112 1354 5171 p.
1384 5113 1462 5162 1v,
1493 5098 1550 5171 6.
1627 5098 1671 5132 ⁸⁸
1698 5097 1868 5154 Joan.
1895 5115 1974 5169 v1,

2176 5099 2218 5135 ⁸⁸
2265 5098 2480 5171 Ephes.
2515 5114 2555 5164 ι,
2588 5097 2676 5151 17.
2752 5095 2793 5130 ’τ
2830 5097 2996 5151 Joan.
3029 5108 3072 5158 ι,
3105 5089 3192 5161 14,
3268 5089 3313 5124 ⁸⁸
3357 5086 3568 5159 pros.
3601 5101 3644 5152 ι,
3673 5085 3762 5140 17.

2109 5340 2244 5379 vero
2273 5321 2558 5379 Commel.
2589 5325 2649 5377 et
2705 5319 2966 5387 Vatican.
3017 5333 3155 5373 cum
3203 5314 3763 5387 GraeoSoriptura

2110 5400 2290 5461 textu,
2347 5393 2508 5465 αὐτῇ.
2565 5394 2693 5450 Mox
2748 5391 2914 5458 editi,
2947 5386 3103 5458 δόξαν
3158 5391 3256 5442 τοῦ
3307 5384 3528 5459 Κυρίου,
3571 5384 3674 5442 sed
3704 5385 3765 5439 in

2112 5484 2255 5522 mss.
2285 5469 2382 5520 τοῦ
2414 5467 2598 5520 deest.

2181 5539 2292 5610 (84)
2313 5538 2414 5610 ASic
2448 5535 2808 5610 Basiliensis,
2825 5531 3066 5610 Anglic.
3117 5530 3460 5610 Vaticanus.
3477 5527 3768 5610 inciditis

2110 5597 2332 5665 deest'b
2361 5607 2510 5668 Θιός.
2544 5608 2676 5676 Mox
2705 5597 3049 5662 Basiliensis
3097 5608 3155 5660 et
3182 5600 3430 5676 Anglic.,
3465 5597 3678 5668 ἀιδίως,
3712 5603 3770 5655 et

2109 5681 2283 5756 paulo
2315 5685 2466 5754 post,
2503 5675 2812 5738 συναϊδίως,
