4136 6386
368 372 442 435 61
1003 374 1106 436 DE
1151 373 1514 438 COMMUNI
1556 371 1946 436 ESSENTIA
1986 369 2276 432 PATRIS
2319 370 2421 431 ET
2464 370 2650 432 FILII
2694 368 2799 432 ET
2842 370 3042 433 SPIR.
3090 374 3153 433 S.
3720 372 3802 433 62

370 502 485 582 ἔχει
512 527 711 579 τομην,
745 503 873 561 οὐδὲ
902 502 1158 582 διαίρεσιν
1178 508 1212 577 ἡ
1246 504 1372 577 δόξα
1398 508 1498 576 τῆς
1546 504 1829 576 ἀληθείας.
1883 503 2003 559 Πότε

2166 504 2194 558 si
2227 507 2550 559 coaeternus
2579 520 2801 575 :neque
2840 504 3053 575 accipit
3074 506 3391 561 sectionem
3417 508 3520 561 aut
3551 504 3799 560 divisio-

372 594 462 651 οὖν
499 595 707 666 έκλήθη
742 596 870 657 Θεὸς
900 599 996 650 τοῦ
1025 596 1150 650 Υἱοῦ
1183 596 1209 652 ὁ
1244 597 1432 672 Πατήρ
1465 593 1552 650 διὰ
1574 597 1671 665 τὴν
1694 594 1899 669 σάρκα;
1933 593 2005 671 ἀφ

2164 610 2278 648 lem
2311 593 2494 665 gloria
2521 594 2801 649 veritatis.
2851 593 3233 655 Quandouam
3265 594 3446 667 igitur
3477 593 3666 659 Pater,
3701 593 3797 647 Fi-

371 684 434 740 οὗ
465 684 738 758 προῆλθεν
782 685 841 740 ἐκ
867 683 1090 746 κοιλίας
1130 684 1358 761 μητρός.
1395 685 1490 739 Διὰ
1518 689 1679 739 τοῦτο
1712 684 1764 738 έν
1794 683 1873 755 τῷ
1904 703 2004 756 προ

2169 682 2203 735 ii
2244 683 2390 737 Deus
2424 682 2495 737 ob
2527 699 2763 736 carnem
2796 682 3136 737 nominatus
3166 687 3253 737 est
3284 682 3312 736 ?
3361 683 3433 737 ab
3473 698 3537 737 eo
3570 681 3795 737 scilicet

371 774 537 850 φήτῃ,
600 773 934 848 βουλόμενος
987 772 1156 844 δεῖξαι
1206 775 1397 829 ἑαυτοῦ
1426 776 1517 828 καὶ
1549 776 1647 842 τήν
1684 772 1911 842 θεότητα
1941 792 2004 826 κα

2160 788 2422 841 ,empore,
2466 788 2580 840 quo
2640 770 2832 842 prodit
2870 787 2937 825 ex
2988 776 3149 825 utero
3203 770 3427 825 matris.
3462 770 3592 825 Ideo
3636 770 3793 842 apud

368 863 469 931 τήν
510 862 680 938 σάρκα
711 861 1106 933 ἆληθεύουσαν,
1143 861 1350 937 ἔλεγεν·
1386 888 1414 915 ‹‹
1446 868 1535 917 Ἐκ
1568 861 1782 923 κοιλίας
1820 861 1995 937 μητρό

2160 859 2497 930 PrOphetam
2531 859 2732 913 volens
2776 860 3081 914 ostendere
3122 865 3178 914 et
3226 860 3499 913 deitatem
3536 876 3701 913 suam
3738 863 3793 913 et

376 972 501 1024 μου,
536 950 665 1014 Θεός
702 972 806 1025 μου
838 951 887 1005 εἴ
914 950 997 1007 σύ.
1026 975 1053 1002 ι)
1085 951 1147 1005 Εἰ
1180 949 1236 1006 δὲ
1267 951 1453 1027 βούλει
1486 952 1550 1005 τὰ
1581 951 1857 1006 ὑπόλοιπα
1886 955 2009 1026 γνῶ·

2156 964 2375 1003 :arncm
2408 964 2602 1002 veram
2636 965 2784 1016 esse,
2806 947 2946 1002 dicit
2972 964 2984 1003 :
3012 971 3038 997 ‹‹
3066 949 3145 1003 De
3167 952 3369 1003 ventre
3400 947 3603 1001 matris
3627 963 3789 1003 mere.

370 1060 482 1112 ναι,
512 1039 564 1094 έν
594 1045 673 1113 τῷ
703 1040 929 1112 εἰκοστῷ
960 1037 1193 1116 δευτέρῳ
1224 1039 1430 1115 ψαλμῷ
1462 1038 1789 1116 διδαχθήσῃ.

2161 1041 2293 1090 )eus
2326 1051 2491 1091 meus
2516 1052 2577 1091 es
2626 1040 2686 1090 tu
2713 1036 2751 1090 ².
2782 1059 2807 1086 ››
2830 1037 2991 1102 Quod
3012 1037 3060 1092 si
3086 1036 3311 1108 reliqua
3330 1052 3679 1108 cognoscere
3700 1051 3794 1089 ve-

2138 1124 2234 1190 lis,
2269 1125 2326 1180 in
2358 1125 2633 1181 vicesimo
2665 1127 2922 1181 secundo
2954 1126 3184 1181 Psalmo
3215 1125 3461 1181 edisces.

372 1239 461 1294 32.
524 1237 665 1312 Πρὸς
695 1236 821 1300 τοὺς
855 1236 1113 1313 λέγοντας
1140 1236 1316 1313 Δμέγαν
1358 1238 1494 1313 θεὸν
1529 1239 1664 1291 εἶναι
1695 1237 1786 1291 τὸν
1816 1237 2005 1311 Πατέρι

2160 1234 2229 1287 ὶ2.
2268 1233 2541 1313 Adversus
2584 1249 2705 1313 eos_
2720 1236 2817 1313 qui
2865 1234 3065 1290 dicunt
3097 1238 3335 1313 Patrem
3380 1248 3495 1313 esse
3530 1249 3793 1304 magnum

884 1306 975 1364 τόν
1010 1308 1067 1363 δὲ
1098 1306 1324 1382 Υἷὸνμή
1358 1306 1493 1365 ἴσον.
1964 1306 1972 1311 ’
2427 1310 2517 1359 De

1964 1306 1972 1311 ’
2427 1310 2630 1373 Deum,
2660 1307 2866 1361 Filium
2900 1322 3025 1361 vero
3053 1306 3105 1361 ei
3131 1306 3494 1377 ,inmqualem.

445 1414 508 1470 Εί
540 1415 629 1469 καὶ
652 1415 720 1469 τὰ
754 1414 992 1487 μάλιστα
1038 1417 1137 1485 τήν
1188 1414 1390 1491 Τριάδα
1427 1415 1551 1488 μίαν
1576 1414 1808 1484 θεότητα
1836 1412 2029 1489 λέγον-

2213 1410 2333 1466 Etsi
2381 1410 2633 1467 maxime
2682 1412 3029 1468 Trinitatem
3076 1429 3252 1468 unam
3310 1411 3580 1467 deitatem
3632 1411 3791 1466 dica-

372 1523 482 1572 τες,
512 1503 831 1579 εὑρίσκομεν
860 1505 949 1558 τὸν
984 1505 1108 1559 Υἱὸν
1139 1503 1191 1560 έν
1222 1509 1291 1578 τῇ
1338 1509 1546 1583 Γραφῇ,
1602 1506 1734 1577 πρὸς
1779 1505 1841 1559 τὸ
1890 1524 2005 1580 φρα·

2161 1516 2296 1568 nus,
2328 1500 2663 1556 invenimus
2692 1506 2887 1556 tamen
2923 1502 2982 1556 in
3032 1503 3215 1556 sacris
3256 1501 3485 1566 litteris,
3518 1501 3591 1555 ad
3626 1501 3794 1555 obtu-

378 1591 457 1662 ξαι
518 1594 582 1646 τὰ
640 1588 882 1666 στόματα
934 1598 1042 1649 τῶν
1078 1593 1356 1667 ἂναντίων,
1394 1593 1560 1669 μέγαν
1595 1594 1739 1665 παρὰ
1766 1592 1859 1648 τὸν
1916 1599 2011 1647 Πα-

2165 1589 2327 1643 ’81]άᾶ
2360 1590 2826 1645 adversariorum
2853 1608 2972 1661 ora,
2998 1591 3204 1646 Filium
3234 1606 3513 1663 magnum
3545 1588 3798 1661 appella-

372 1678 520 1756 τέρα·
580 1679 729 1756 λέγει
790 1684 893 1757 γὰρ
944 1683 972 1736 6
1024 1678 1213 1737 Δαϐὶδ·
1273 1708 1300 1734 ››
1344 1684 1589 1745 Γνωστὸς
1620 1682 1671 1738 ἐν
1702 1679 2005 1757 τῇἸοοδαίι

2162 1678 2187 1732 'i
2222 1695 2488 1733 seorsum
2523 1696 2555 1734 a
2587 1679 2792 1735 Patre:
2819 1680 2899 1735 ait
2920 1679 3076 1736 enim
3111 1680 3286 1735 David
3316 1696 3327 1735 :
3360 1703 3378 1728 α
3409 1679 3594 1735 Notus
3616 1680 3674 1733 in
3696 1680 3795 1734 Ju-

373 1770 401 1824 6
432 1769 584 1832 Θεός·
626 1769 679 1826 ἂν
707 1769 787 1843 τῷ
821 1768 1041 1847 Ἰσραήλ
1079 1770 1213 1848 μέγα
1240 1772 1332 1827 τὸν
1364 1765 1539 1844 ὄνομα
1586 1770 1768 1827 αὐτοῦ·
1826 1796 1853 1823 ›)
1902 1774 1936 1841 ἡ
1972 1768 2006 1825 δ

2165 1768 2264 1823 laaa
2290 1776 2440 1823 Deus
2468 1784 2479 1821 :
2506 1768 2563 1823 in
2592 1768 2764 1823 Israel
2788 1786 3067 1841 magnum
3097 1785 3310 1826 nomen
3337 1770 3466 1839 ejus
3486 1769 3524 1822 ³.
3547 1794 3568 1822 ι
3596 1770 3798 1825 Judaea

375 1856 609 1914 Ἰουδαία
638 1862 967 1936 πεὸιώριστο
995 1860 1151 1933 τόπῳ
1182 1866 1414 1937 φανερῷ.
1450 1861 1583 1937 Περὶ
1630 1859 1688 1915 δὲ
1737 1865 1834 1915 τοῦ
1879 1861 2007 1915 Υὶοῦ

2159 1861 2339 1911 ιυιθω
2373 1857 2546 1912 certis
2592 1857 2734 1912 locis
2782 1858 3021 1911 deﬁnita
3063 1863 3205 1914 erat.
3252 1858 3332 1914 De
3371 1858 3514 1913 Filio
3546 1863 3743 1913 autem
3780 1872 3792 1912 :

378 1971 400 1997 ι
437 1948 597 2023 Κύριε
628 1948 656 2003 ὁ
689 1949 886 2021 Κύριος
917 1952 1102 2022 ἡμῶν,
1138 1950 1213 2012 ὡς
1247 1951 1555 2023 θαυμαστὸν
1603 1951 1665 2004 τὸ
1712 1944 1890 2023 ὄνομά
1939 1971 2011 2004 σοι

2165 1946 2452 2001 (Domine
2492 1947 2774 2001 Dominus
2828 1952 3046 2016 noster,
3093 1964 3271 2018 quam
3321 1946 3667 2002 admirabile
3709 1952 3798 2003 est

375 2035 426 2091 έν
457 2036 600 2111 πάσῃ
626 2042 693 2103 τῇ
724 2041 836 2115 γῇί
876 2062 904 2089 ››
956 2035 1177 2107 Ἐπειδὴ
1226 2044 1400 2094 πᾶσαν
1453 2038 1743 2115 ἰπλήρωσε
1790 2040 1888 2108 τὴν
1934 2046 2003 2116 γῆ

2158 2051 2357 2090 nomen
2382 2040 2549 2091 tuum
2574 2035 2632 2090 in
2656 2036 2927 2091 universa
2948 2036 3132 2092 terra“
3158 2036 3168 2090 !
3198 2058 3225 2085 »
3249 2036 3535 2103 Quoniam
3559 2053 3791 2093 omnem

372 2128 406 2195 ἡ
442 2127 677 2202 Χριστοῦ
708 2126 1067 2203 προσηγορία·
1103 2127 1178 2190 εἷς
1212 2134 1385 2182 πᾶσαν
1418 2129 1518 2204 γὰρ
1564 2129 1664 2196 τήν
1715 2132 1814 2203 γῆν
1867 2128 2005 2199 ἒξῆΛι

2152 2127 2360 2179 terram
2395 2124 2659 2196 implevit
2688 2124 2901 2180 Christi
2933 2124 3538 2181 vocabulum.Etenim
3572 2126 3628 2181 in
3661 2142 3785 2182 om-

371 2216 455 2271 θεν
517 2216 545 2271 6
604 2215 841 2294 φθόγγος
895 2221 1004 2271 τῶν
1067 2216 1259 2293 ἁγίων·
1320 2218 1409 2273 καὶ
1463 2218 1538 2280 εἷς
1578 2220 1645 2272 τὰ
1673 2216 1876 2294 πέρατα
1930 2224 1996 2288 τῆ

2159 2229 2279 2268 nem
2310 2218 2525 2269 terram
2559 2213 2731 2268 exivit
2776 2230 2958 2268 sonus
3009 2219 3373 2278 sanctorum,
3407 2219 3463 2269 et
3502 2230 3689 2286 usque
3720 2215 3792 2271 ad

383 2306 713 2378 οἰκουμένης
739 2305 807 2361 τὰ.
835 2304 1055 2382 ῥήματα
1085 2307 1280 2361 αὐτῶν·
1319 2307 1543 2369 εΐκότως
1599 2306 1747 2382 λέγει
1802 2308 1830 2362 6
1888 2306 2016 2381 ψαλ·

2158 2303 2289 2357 ines
2319 2302 2475 2357 orbis
2508 2303 2682 2357 verba
2713 2318 2934 2370 eorum,
2986 2304 3195 2359 merito
3227 2320 3362 2375 ergo
3394 2303 3662 2359 Psalmus
3702 2304 3791 2358 di-

376 2395 496 2467 μός·
559 2419 588 2446 ‹‹
648 2396 959 2468 Θαυμαστὸν
1020 2396 1080 2450 τὸ
1139 2394 1313 2470 όνομά
1379 2418 1474 2451 σου
1519 2395 1569 2451 έν
1599 2398 1747 2471 πάσῃ
1773 2400 1841 2470 τῇ
1873 2400 2009 2472 γῇ.)

2158 2392 2238 2461 :it,
2264 2414 2291 2441 ‹‹
2312 2391 2649 2448 Admirable
2671 2396 2759 2447 est
2782 2408 2993 2448 nomen
3011 2396 3181 2448 tuum
3205 2394 3262 2448 in
3288 2392 3557 2448 universa
3578 2396 3791 2450 terra.»

373 2483 469 2539 Καὶ
498 2483 637 2539 τίτὸ
668 2482 1029 2558 ἐπαγόμενον,
1069 2509 1097 2537 ››
1137 2486 1259 2543 ’Ότι
1321 2484 1531 2562 έπήρθη
1582 2488 1617 2555 ἡ
1683 2486 2006 2563 μεγαλοπρέ

2161 2483 2433 2547 )uorsum
2467 2480 2634 2549 illud,
2661 2481 2815 2553 quod
2849 2481 3177 2553 subjungit,
3203 2505 3229 2532 «
3256 2481 3540 2548 Quoniam
3574 2481 3794 2537 elevata

372 2576 499 2627 πειά
551 2593 645 2626 σου
706 2573 953 2646 ὑπεράνω
1010 2578 1117 2628 τῶν
1175 2574 1451 2649 οὐρανῶν;
1516 2598 1542 2626 ››
1595 2572 1911 2649 Πληροῦται
1972 2574 2005 2630 δ

2157 2574 2229 2625 ist
2259 2570 2696 2642 magniﬁcentia
2729 2576 2830 2627 tua
2874 2588 3052 2642 super
3099 2570 3274 2626 ccelos
3306 2572 3325 2605 ⁵
3351 2571 3378 2625 ‘I
3409 2594 3436 2619 n
3469 2571 3632 2634 Quod
3662 2576 3790 2627 tum

370 2665 555 2729 τοῦτο,
590 2659 679 2715 ὅτε
710 2656 975 2730 ἀνέϐησαν
1008 2662 1085 2723 εἷς
1116 2663 1179 2715 τὸ
1212 2657 1340 2734 ὅρος
1372 2664 1423 2716 οἱ
1468 2662 1702 2735 μαθηταὶ
1758 2666 1891 2735 μετά
1931 2669 2003 2718 τοὶ

2164 2658 2448 2728 mpletum
2484 2664 2594 2728 est,
2628 2676 2759 2713 cum
2796 2660 3188 2715 ascenderunt
3218 2659 3494 2730 discipuli
3527 2659 3585 2713 in
3620 2676 3793 2715 mon-

374 2754 657 2819 Σωτῆρος,
741 2746 1043 2821 μέλλοντος
1124 2745 1621 2822 ἀναλαμϐάνεσθαι,
1679 2748 1835 2825 ἔλεγε
1890 2752 2007 2824 πρόι

2157 2763 2256 2801 .em
2289 2764 2421 2802 cum
2474 2747 2771 2803 Salvatore
2802 2748 2860 2802 in
2911 2748 3085 2804 caelos
3119 2750 3496 2816 assumendo,
3524 2748 3790 2820 dixitque

367 2835 585 2898 αὐτούς·
620 2861 647 2887 ‹‹
682 2837 910 2891 Μείνατε
951 2836 1025 2899 εἷς
1059 2837 1436 2912 Ἱεροσόλυμα,
1468 2835 1570 2900 ἕως
1630 2836 1692 2892 οὗ
1740 2838 1999 2911 ένδύσησθ

2154 2836 2209 2889 id
2243 2851 2341 2891 eos
2374 2852 2387 2889 ε
2423 2859 2449 2885 ο(
2486 2837 2713 2891 Manete
2744 2837 2802 2890 in
2835 2837 3184 2908 Jerusalem,
3231 2839 3413 2893 donec
3460 2838 3787 2894 induamini

368 2922 595 2998 δύναμιν
631 2924 684 2995 ἐξ
716 2925 907 2999 ὕψους·
946 2950 973 2977 ›)
1010 2924 1098 2980 διὰ
1126 2926 1188 2980 τὸ
1220 2925 1475 3002 ἐπῆρθαι·
1534 2949 1555 2977 ε
1589 2928 1711 2984 ’Ότι
1747 2927 1956 3002 ἐπήρθη
1990 2937 2001 2982 1‘

2154 2923 2349 2978 lirtute
2380 2940 2446 2979 ex
2477 2923 2591 2978 alto
2639 2926 2659 2959 ⁸
2714 2941 2725 2978 :
2768 2944 2793 2974 ο
2834 2925 2973 2996 quia
3023 2926 3245 2981 scilicet
3295 2932 3639 2999 assumptus
3688 2928 3787 2984 ille

370 3014 818 3089 μεγαλοπρέπειά
873 3035 970 3068 σου
1016 3015 1261 3090 ὑπεράνω
1309 3019 1418 3070 τῶν
1476 3015 1743 3091 οὐρανῶν.
1802 3041 1831 3068 ››
1862 3017 2003 3090 Αὐτῆ

2151 3016 2261 3066 arat
2293 3028 2306 3066 :
2346 3036 2365 3061 ιι
2406 3013 2692 3076 Quoniam
2725 3012 2945 3068 elevata
2973 3020 3062 3069 est
3093 3015 3530 3085 magniﬁcentia
3559 3022 3660 3073 tua
3691 3034 3784 3072 su-

367 3100 458 3157 οὗν
488 3099 655 3158 Δαϐὶδ
687 3108 998 3182 προσφωνεῖ
1030 3102 1225 3179 λέγων·
1263 3128 1289 3156 ‹‹
1320 3107 1436 3159 ’Ότι
1472 3099 1679 3179 ὄψομαι
1708 3104 1835 3167 τοὺς
1861 3105 1994 3179 οὐρα

2152 3117 2237 3171 )Θῐ¹
2253 3101 2447 3157 cmlos.
2461 3124 2485 3149 ››
2498 3102 2675 3174 Igitur
2687 3119 2819 3157 eum
2839 3102 3012 3157 David
3028 3102 3785 3174 alloquitur,dicens:«Quo-

362 3190 515 3261 νοὸς,
546 3190 674 3268 ἔργα
700 3197 809 3248 τῶν
844 3189 1125 3248 δακτύλων
1160 3214 1278 3249 σου.
1311 3216 1340 3246 »

2055 3254 2092 3268 Α
2133 3191 2288 3246 niam
2322 3191 2487 3246 video
2518 3190 2715 3257 omlos,
2748 3208 2923 3263 opera
2952 3190 3268 3263 digitorum
3300 3195 3531 3248 tuorum
3572 3196 3611 3249 ⁷.
3649 3218 3669 3245 ι

436 3254 526 3356 3S.
554 3254 680 3357 ’ἀίει
710 3297 894 3375 ὣσπερ
926 3299 954 3353 6
987 3299 1173 3375 Πατὴρ
1204 3297 1407 3373 Κύριος
1440 3293 1690 3356 Σαϐαὼθ.
1724 3299 1898 3363 οὕτως
1928 3299 2017 3355 καὶ
2049 3254 2069 3323 ί

972 3371 999 3426 ὁ
1034 3370 1157 3426 Υἷὸς
1191 3370 1427 3426 ὁμοίως.

2145 3298 2219 3352 33.
2276 3299 2338 3355 Ut
2382 3300 2554 3353 Pater
2599 3301 2676 3353 est
2722 3299 2982 3355 Dominus
3029 3298 3285 3367 Sabaoth,
3332 3301 3416 3357 ita
3462 3310 3519 3356 et
3581 3302 3778 3360 Filius.

1078 3384 1157 3433 ἰὸς
1191 3384 1427 3445 ομοίως.

435 3477 498 3533 Ὁ
556 3474 778 3539 Ἡσαΐας
840 3474 1012 3553 λέγει·
1074 3502 1101 3529 ‹‹
1164 3477 1265 3535 Καὶ
1323 3481 1526 3567 σημεῖα
1580 3477 1671 3533 καὶ
1709 3478 1904 3555 τέρατα
1963 3477 2015 3534 έν

2200 3492 2383 3549 Isaias
2414 3492 2557 3548 dicit
2587 3510 2599 3548 :
2642 3512 2664 3541 α
2698 3493 2879 3566 Signa
2908 3497 2965 3549 et
2995 3494 3267 3567 prodigia
3304 3495 3364 3551 in
3396 3496 3569 3553 domo
3600 3497 3780 3553 Israel

360 3569 440 3637 τῷ
500 3564 636 3639 οἷ’κῷ
696 3564 914 3639 Ἰσραὴλ
974 3566 1121 3642 παρὰ
1170 3567 1368 3641 Κυρίου
1402 3561 1655 3635 Σαϐαὼθ,
1687 3566 1746 3630 ὅς
1776 3588 1992 3623 κατοικε

2147 3598 2161 3635 ι
2194 3582 2437 3637 Ι)οωίηο
2468 3561 2881 3653 Ξοὴοοώ,’ᾳυὶ
2915 3561 3142 3638 habitat
3172 3561 3242 3638 in
3278 3590 3475 3640 monte
3505 3584 3641 3641 Sion
3672 3586 3712 3650 ⁸,
3750 3608 3780 3637 ››

359 3653 411 3708 ἐν
442 3659 521 3727 τῷ
552 3650 665 3731 ὄρει
701 3656 866 3713 Σιών.
902 3680 931 3707 ››
962 3657 1046 3710 Ἐν
1097 3653 1155 3711 δὲ
1189 3660 1269 3727 τῷ
1300 3654 1526 3729 ψαλμῷ·
1564 3678 1591 3709 α
1620 3658 1764 3731 Ἐγὼ
1805 3655 1862 3711 δὲ
1888 3679 1992 3713 κατ

2145 3671 2189 3725 ἠ
2222 3670 2455 3727 Psalmo
2486 3676 2680 3725 autem
2711 3650 2855 3726 dic—it
2909 3688 2923 3725 :
2966 3694 2992 3721 «
3047 3673 3162 3743 Ego
3196 3677 3391 3729 autem
3423 3674 3778 3730 constitutus

356 3742 583 3815 εστάθην
648 3743 901 3822 βασιλεὺς
957 3746 1044 3801 ὑπ’
1096 3745 1261 3800 αὐτοῦ
1310 3744 1397 3799 ἐπὶ
1431 3745 1574 3800 Σιὼν
1609 3741 1736 3821 ὄρος
1762 3748 1825 3801 τὸ
1856 3748 1989 3823 ἅγιοι

399 3833 412 3853 ,
490 3832 517 3841 ..

2139 3776 2257 3817 sum
2280 3777 2379 3816 rex
2401 3760 2473 3815 ab
2498 3777 2590 3827 eo,
2609 3776 2791 3832 super
2810 3759 2943 3816 Sion
2968 3765 3228 3817 montem
3256 3768 3525 3819 sanctum
3550 3765 3677 3834 ejus
3698 3766 3772 3819 θ.»

354 3854 539 3890 αυτου.
572 3858 600 3885 )›

347 3958 439 4015 34.
472 3959 616 4034 Πρὸς
664 3957 791 4019 τοὺς
842 3956 1099 4034 λέγοντας
1143 3960 1307 4028 ἧττον
1357 3959 1583 4014 εἶναιτὸ
1647 3964 1869 4034 Πνεῦμα
1910 3968 1980 4017 τοτ

424 4034 657 4058 v-._-.~:
727 4027 911 4058 1..-.§.1
971 4025 1473 4058 zz:_e.\.-.z.-\.1n..
1568 4031 1731 4058 ηιμ-
1819 4032 1978 4058 ---ο-ελ.

2141 3984 2218 4041 l5
2252 3983 2342 4038 34.
2376 3982 2782 4058 Αάυενιςαδλςοε,
2814 3985 2912 4056 qui
2942 3984 3128 4039 dicunt
3158 3986 3429 4041 minorem
3452 4002 3564 4042 esse
3592 3988 3774 4058 Spiri-

421 4025 682 4155 ἔσρῑιξστοῦ,
727 4025 931 4098 ἐπειδή
968 4025 1219 4105 ἀρραϐὼν
1267 4028 1503 4101 ἐκλήθη,
1567 4031 1754 4106 μέρος,
1793 4025 2004 4109 φησὶν,

520 4122 555 4155 ι.

2141 4025 2216 4041 ιι,
2252 4025 2285 4036 υ
2303 4025 2342 4038 ιο
2376 4025 2530 4039 ιιιυυυυ
2553 4025 2640 4037 υυιυ
2674 4025 2760 4039 νυν
2853 4025 2909 4038 ινν
2942 4025 3128 4039 ιῡιυυιιιν
3162 4025 3326 4041 σιυιινυι
3343 4025 3429 4041 una
3452 4025 3562 4042 νυσν
3592 4025 3626 4041 υ
3672 4025 3706 4041 νι
3726 4025 3774 4043 ι-

2192 4060 2308 4109 tum
2336 4061 2596 4109 sanctum
2628 4025 2839 4155 Christ;
2871 4058 3155 4127 aiuntque,
3190 4059 3451 4128 quoniam
3482 4025 3663 4114 arrhg
3686 4076 3774 4115 vo-

2194 4132 2344 4155 nul-In
2376 4134 2448 4155 ΑΩ.
2498 4135 2706 4155 -.ι-ΜΟΔΑΛ.
2743 4144 2769 4155 II
2799 4130 2982 4155 ..ι-...ΠΨ
3021 4144 3126 4155 ΔΩΩΔ

520 4122 555 4157 ι·
2188 4132 2344 4182 catus
2372 4134 2466 4194 est,
2494 4135 2709 4198 partem
2737 4129 2985 4200 aliquam
3016 4122 3146 4183 esse.

420 4204 725 4280 Γέγραπται
784 4203 838 4260 έν
890 4208 959 4279 τῇ
1019 4205 1161 4281 πρὸς
1218 4205 1516 4283 Ἐφεσίους·
1585 4230 1605 4256 ι
1671 4206 1757 4261 'Ev
1814 4206 1860 4277 ᾧ
1914 4206 2005 4261 καὶ

2189 4234 2485 4305 Scriptum
2522 4233 2696 4289 estin
2732 4233 2990 4305 Epistola
3022 4235 3091 4289 ad
3137 4234 3417 4306 Ephesios
3450 4252 3463 4289 :
3499 4258 3526 4285 «
3561 4235 3623 4291 In
3657 4252 3771 4307 quo

344 4295 718 4357 πιστεύσαντες
765 4294 1160 4373 ἐσφραγίσθητε
1215 4300 1295 4368 τῷ
1354 4295 1629 4367 Πνεύματι
1684 4303 1787 4365 τῆς
1841 4295 1977 4373 ἐπαγ

406 4383 463 4403 \I
622 4388 649 4400 ν
718 4384 733 4403 9
784 4384 797 4403 1
918 4384 945 4403 Ol
998 4387 1104 4403 [Λα-*1
1160 4384 1175 4403 9
1340 4386 1352 4403 ι
1399 4386 1412 4403 ρ
1530 4379 1591 4403 Ρὶ
1705 4392 1733 4403 -ο
1832 4386 1850 4403 \

2134 4323 2418 4377 :redentes
2442 4322 2657 4393 signati
2683 4321 2823 4377 estis
2840 4322 3054 4393 Spiritu
3083 4322 3493 4394 promissionis
3526 4329 3727 4379 sancto
3755 4341 3767 4379 :

341 4383 529 4493 vallat;
582 4388 662 4457 τῷ
708 4384 867 4462 ἁγίῳ,
914 4384 1107 4493 6"(’85)
1156 4384 1298 4441 ὄπιν
1332 4386 1360 4439 ὁ
1388 4379 1639 4458 ἀρραϐὼν
1666 4392 1766 4455 τῆς
1793 4386 1972 4462 κληρο

2135 4410 2213 4482 [ui
2246 4414 2336 4466 est
2365 4379 2541 4466 arrha
2570 4379 2913 4466 hereditatis
2944 4379 3174 4477 nostrae,
3201 4413 3271 4467 ad
3305 4412 3768 4483 redemptionem

339 4471 537 4545 νομίας
559 4473 827 4546 ἠμῶν,εἰς
850 4472 1231 4550 ἀπολύτρωσιν
1252 4479 1354 4542 τῆς
1386 4473 1789 4548 περιποιήσεως
1817 4475 1972 4547 ἡμῶν

369 4561 384 4581 .
478 4558 502 4581 ,ι
787 4566 815 4576 -
898 4561 982 4581 δη
1151 4563 1163 4581 ι
1240 4568 1265 4578 -
1430 4562 1498 4581 η,
1552 4561 1564 4581 1
1824 4560 1867 4581 τις
1944 4564 1959 4581 .

2132 4501 2527 4571 icquisitionis
2560 4504 2795 4565 nostris,
2828 4500 2886 4555 in
2918 4500 3153 4555 laudem
3194 4501 3390 4573 gloriae
3422 4501 3610 4573 ipsius
3642 4503 3707 4556 ίο.
3738 4524 3765 4553 ››

340 4561 418 4625 εἷς
476 4558 693 4618 ἔπαινον
744 4566 842 4633 τῆς
894 4561 1057 4634 δόξης
1105 4563 1289 4620 αὐτοῦ.
1346 4587 1376 4614 ››
1430 4561 1766 4637 Εὐρίσκομεν
1819 4560 1878 4618 δὲ
1903 4564 1973 4619 τὸε

2137 4558 2223 4644 sed
2257 4594 2315 4643 et
2344 4593 2577 4644 Patrem
2610 4558 2946 4644 invenimus
2972 4589 3031 4643 in
3056 4558 3378 4660 Scripturis
3409 4558 3635 4660 partem
3671 4607 3770 4662 ap-

340 4652 552 4728 Πατέρα
611 4652 663 4708 ἐν
712 4628 1021 4731 τῇνΓραφηδ
1072 4652 1234 4729 μέρος
1280 4628 1622 4724 καλούμενον
1849 4651 1973 4728 λέγε

2134 4628 2223 4644 ιν..
2258 4628 2315 4643 υ..
2344 4628 2366 4642 .
2390 4628 2577 4644 μιν...
2612 4628 2946 4644 ...νυμημυυ
3057 4628 3378 4660 suntm...”
3410 4628 3635 4660 μην...
3671 4628 3767 4662 ηις

2134 4678 2336 4745 iellari,
2368 4679 2425 4732 in
2479 4678 2713 4733 Psalmo
2762 4677 2919 4733 enim
2966 4677 3181 4733 dicitur
3213 4694 3225 4734 :
3261 4701 3287 4728 ‹‹
3325 4678 3513 4734 Portio
3545 4695 3676 4735 mea
3705 4696 3767 4735 es

338 4742 442 4816 γὰρ
492 4741 546 4796 έν
596 4745 674 4813 τῷ
719 4740 946 4816 ψαλμῷ·
999 4766 1028 4794 ‹‹
1078 4741 1244 4817 Μερίς
1290 4761 1396 4815 μου
1426 4740 1477 4796 εἴ
1503 4740 1555 4795 ἐν
1588 4745 1661 4815 γῇ
1695 4742 1971 4810 ζώντων-ι

2135 4785 2170 4823 u
2201 4767 2259 4821 in
2292 4773 2449 4822 terra
2478 4766 2796 4822 viventium
2833 4769 2900 4820 “.
2928 4788 2954 4816 ››
2978 4769 3163 4838 Atque
3195 4768 3407 4823 iterum
3444 4769 3500 4822 in
3534 4768 3762 4825 decimo

336 4828 425 4885 καὶ
478 4829 642 4886 πάλιν
694 4830 746 4885 ἐν
773 4834 854 4903 τῷ
882 4828 1247 4906 ὶκκαιδεκάτῳ
1277 4828 1506 4904 ψαλμῷ·
1542 4854 1571 4883 ‹‹
1607 4830 1805 4905 Κύριος
1840 4832 1965 4907 μερὶ

2128 4861 2271 4912 texto
2302 4855 2578 4927 psalmo:
2621 4879 2640 4903 α
2685 4855 2973 4911 Dominus
3006 4828 3141 4927 pars
3190 4857 3545 4912 hereditatis
3597 4873 3761 4928 meae,

333 4922 431 4989 τῆς
463 4918 846 4993 κληρονομίας
880 4940 1008 4994 μου,
1039 4920 1251 4976 καὶτοῦ
1281 4918 1553 4992 ποτηρίου
1590 4940 1717 4993 μου.
1752 4943 1782 4972 ››

1006 4971 1008 4985 ,
1039 4920 1130 4976 καὶ
1153 4924 1251 4975 τοῦ
1281 4918 1553 4992 ποτηρίου
1590 4940 1717 4993 μου·
1752 4943 1782 4972 ’³
2106 4952 2165 5002 et
2193 4918 2393 5001 calicis
2426 4945 2537 5000 mei
2572 4945 2639 4996 ¹².

332 5046 459 5123 35..
496 5045 638 5123 ῌρὸς
708 5043 839 5123 τοὺς
899 5040 1157 5123 λέγοντας
1231 5046 1323 5123 τρν
1365 5044 1535 5123 -Υὶὸν-
1567 5045 1641 5117 μὴ
1691 5045 1840 5123 ἐἶναι
1895 5051 1960 5115 τῆ

2124 5053 2195 5108 35.
2245 5051 2505 5107 Adversus
2546 5067 2633 5107 eos
2684 5052 2782 5122 qui
2838 5050 3025 5107 dicunt
3073 5052 3288 5107 Filium
3315 5069 3425 5109 non
3474 5068 3591 5108 esse
3628 5054 3757 5108 sub-

404 5114 605 5209 oﬁc‘ridcn
638 5120 736 5209 τοξὸ
777 5114 1018 5209 ματρὸς,
1078 5117 1165 5209 δτε
1214 5116 1309 5190 μία
1360 5114 1575 5209 έξουστία
1617 5116 1707 5209 καὶ
1742 5114 1992 5209 δύναμις,

2176 5126 2398 5209 statuite
2447 5126 2632 5179 Patris
2728 5124 2999 5209 ‘quoqqu‘e
3044 5124 3351 5209 eademgue-
3383 5125 3756 5209 .iit'potcntia,

404 5189 539 5315 ἴοίὶη
576 5187 844 5264 βασιλεία,
903 5187 1012 5244 ’καῖ
1078 5187 1271 5259 θεότης
1324 5193 1422 5243 τοῦ
1480 5189 1693 5264 Πατρὸς
1751 5188 1840 5243 καὶ
1880 5187 1994 5245 τοῦ

479 5281 564 5317 ου.

1906 5194 1994 5245 τοῦ
2174 5198 2373 5263 virtus,
2401 5211 2656 5267 regnum,
2689 5187 3044 5253 ct'divifzitas
3082 5187 3268 5251 Patris
3298 5200 3352 5251 et
3381 5187 3539 5253 Filii.

406 5367 562 5443 Λέγει
619 5368 648 5422 6
860 5369 1173 5445 προφήτης·
1235 5391 1263 5419 ‹‹
1324 5366 1608 5443 Ἐξαίφνης
1653 5368 1765 5437 ἣξει
1796 5366 1871 5429 είς
1901 5370 1993 5423 τὸν

2176 5374 2325 5431 Dicit
2382 5372 2666 5445 prOpheta
2726 5388 2739 5427 :
2799 5390 2827 5423 s
2883 5372 3096 5428 Statim
3130 5372 3289 5428 venit
3346 5375 3415 5428 ad
3461 5373 3751 5445 templum

400 5476 422 5510 ³
451 5476 605 5547 Psal.
639 5493 755 5545 χιι,
792 5477 877 5531 12.
954 5478 977 5511 ⁸
1006 5476 1158 5533 Psal.
1193 5493 1353 5542 uxv,
1390 5478 1440 5530 1.
1517 5474 1721 5547 ‘7Psal.
1753 5491 1877 5542 vm,
1910 5480 1963 5533 2.

2116 5481 2234 5536 bid.
2312 5482 2333 5515 ⁸
2361 5482 2484 5534 Act.
2544 5496 2581 5545 ι,
2635 5479 2688 5532 4.
2765 5480 2784 5512 ⁷
2813 5478 2965 5533 Psal.
3010 5494 3129 5547 vm,
3172 5480 3224 5533 4.
3301 5481 3321 5514 ⁸
3356 5481 3469 5534 Isa.
3501 5495 3627 5547 vm,
3662 5480 3749 5534 18·

329 5548 350 5583 ’
379 5546 532 5603 Psal.
566 5564 628 5614 ιι,
659 5548 715 5602 6.
794 5549 840 5585 ιο
870 5548 1080 5622 Ephes.
1114 5565 1153 5616 ι,
1190 5548 1277 5617 13,
1312 5550 1398 5603 14.
1478 5548 1519 5584 1³
1549 5546 1699 5603 Psal.
1734 5564 1877 5604 εχει.
1907 5550 1961 5606 6.

870 5548 1080 5622 Ephes.
1114 5565 1153 5616 ι,
1190 5548 1277 5617 13,
1312 5550 1398 5603 14.
1478 5548 1519 5584 1³
1549 5546 1699 5603 Psal.
1734 5564 1877 5604 cm.
1907 5550 1961 5606 6.
2040 5553 2087 5589 ¹²
2114 5553 2263 5609 Psal.
2296 5569 2387 5619 xv,
2420 5552 2473 5605 5.

399 5656 503 5723 (85)
534 5653 599 5706 ’Ὀ
630 5655 796 5736 deest
824 5655 884 5710 in
916 5656 1263 5740 Anglicpno.
2165 5660 2278 5787 S87)
2311 5661 2396 5715 Ita
2424 5656 2741 5713 Vaticanus
2786 5660 2844 5711 et
2889 5655 3266 5727 Anglicanus.
3304 5659 3364 5711 In
3398 5655 3571 5713 editis
3602 5656 3742 5713 arti-

399 5726 513 5787 (86)
543 5726 857 5785 Vaticanus
886 5730 944 5782 et
974 5727 1354 5787 Anglicanus.
1387 5717 1707 5787 λεγόμενον.
2096 5746 2170 5787 ou
2197 5748 2268 5787 us
2292 5729 2475 5787 deest.

397 5717 513 5798 (86)
543 5726 857 5785 Vaticanus
886 5730 944 5782 et
974 5717 1354 5799 Anglicanus,
1387 5717 1707 5800 λεγόμενον.

841 5741 857 5783 i
886 5730 944 5782 et
974 5717 1354 5799 Anglicanus,
1387 5717 1707 5800 λεγόμενον.
2096 5717 2274 5788 culus
2292 5729 2474 5787 deest.
