4136 6364
339 371 418 430 63
1541 372 1607 434 s.
1656 365 2188 432 ATHANASIUS.
2211 395 2292 412 —
2319 363 2589 427 DUBIA.
3681 367 3760 429 δι

343 519 518 558 suum
574 503 872 569 Dominus,
931 519 1104 574 quem
1155 521 1258 560 vos
1311 504 1592 575 queritis,
1634 508 1693 558 et
1736 501 1993 574 Angelus

2110 497 2232 551 ναὸν
2267 496 2458 551 εαυτοῦ
2490 495 2518 549 6
2574 493 2798 570 Κύριος,
2843 493 2901 550 ὄν
2955 496 3108 569 ὑμεῖς
3160 501 3390 567 ζητεῖτε,
3421 498 3511 551 καὶ
3543 496 3573 552 6
3604 498 3761 573 ἅγγε-

342 593 697 662 testamenti,
732 608 906 663 quem
939 609 1041 646 vos
1071 592 1250 648 vultis
1283 593 1421 648 ¹³-¹⁸.
1459 616 1484 642 n
1510 592 1605 648 Dei
1638 592 1818 666 igitur
1845 597 1992 647 tem-

2103 584 2200 647 λος
2254 592 2355 655 τῆς
2415 582 2705 654 διαθήκης,
2757 582 2814 637 δν
2863 585 3020 656 ὑμεῖς
3068 583 3269 640 θέλετε.
3332 607 3360 635 ››
3415 590 3549 640 Θεοῦ
3608 583 3696 639 οῦν
3729 585 3758 640 6

339 679 504 752 plum
559 685 667 750 est,
720 681 877 752 quod
928 685 984 735 et
1037 698 1212 736 suum
1262 681 1493 755 (Filius)
1541 698 1670 738 esse
1701 681 1878 747 dicit;
1922 695 1994 734 ne

2110 675 2248 745 ναὸς,
2282 673 2370 729 καὶ
2404 671 2553 750 λέγει
2587 673 2779 728 ἑαυτοῦ
2812 673 2945 728 εἶναι
2975 672 3066 728 τὸν
3108 677 3256 744 ναόν,
3319 674 3395 736 ὡς
3461 676 3538 748 μή
3597 696 3756 748 νομι-

339 769 778 824 existimaretur
808 770 1032 824 disersa
1065 786 1193 824 esse
1226 770 1408 825 Patris
1439 771 1784 836 dominatio,
1817 774 1874 824 et.
1904 768 1993 822 di-

338 873 571 912 versum
605 859 731 912 Filii
771 874 1038 928 regnum.
1064 859 1374 930 Templum
1407 860 1616 929 Patris,
1639 860 1790 930 quod
1830 858 1992 912 dedi-

342 946 494 1001 cavit
526 946 801 1002 Salomon
840 954 970 1015 Deo,
995 948 1103 1003 hoc
1136 949 1333 1021 ipsum
1372 949 1493 1002 Filii
1527 948 1811 1019 templum
1841 964 1992 1002 nun-

339 1039 513 1106 cupat
547 1037 846 1108 propheta,
880 1054 1013 1092 cum
1047 1038 1128 1092 ait
1163 1063 1174 1092 :
1211 1061 1238 1086 «
1273 1038 1480 1092 Statim
1513 1038 1703 1092 veniet
1730 1038 1799 1092 ad
1845 1041 1991 1091 tem-

344 1123 507 1195 plum
565 1141 739 1179 suum
791 1127 1094 1182 Dominus.
1148 1148 1177 1178 »
1250 1127 1500 1197 Ideoque
1536 1126 1804 1182 Salvatur
1847 1127 1930 1181 ait
1980 1142 1993 1180 :

343 1235 370 1260 (ι
406 1211 612 1281 Ejicite
642 1211 764 1268 haec
795 1212 1030 1284 isthinc,
1063 1219 1121 1268 et
1159 1213 1340 1268 nolite
1381 1215 1568 1269 facere
1615 1215 1855 1268 domum
1890 1213 1994 1266 Pa-

340 1299 448 1356 tris
481 1301 616 1367 mei,
649 1301 890 1356 domum
927 1303 1342 1374 negotiationis
1375 1304 1418 1336 ¹⁹
1475 1319 1488 1356 :
1556 1326 1583 1352 »
1628 1302 1755 1374 ipse
1802 1301 1945 1356 dicit
1979 1316 1992 1355 :

346 1409 374 1442 ι
407 1390 610 1460 Ejicite
640 1389 753 1445 ista
783 1390 918 1445 hinc
947 1407 960 1445 :
996 1393 1208 1447 domus
1238 1392 1394 1447 enim
1444 1408 1595 1462 mea,
1627 1393 1838 1447 domus
1867 1407 1995 1446 ora-

345 1479 523 1534 tionis
551 1479 873 1536 vocabitur.
911 1485 1150 1548 Domus;
1184 1482 1394 1552 inquit,
1431 1482 1616 1538 Patris
1648 1482 1782 1546 mei,
1814 1486 1872 1536 et
1900 1481 1998 1536 do-

347 1583 482 1622 mus
514 1584 645 1623 mea
673 1569 740 1624 ²⁰.
776 1588 803 1620 ι)

345 1689 435 1746 36.
466 1691 672 1746 Filium
732 1692 935 1749 habere
982 1710 1182 1778 nomen
1211 1696 1422 1763 Patris,
1470 1699 1528 1750 ut
1575 1696 1746 1751 Deum
1800 1698 1852 1750 et
1893 1696 1997 1752 Do-

1046 1783 1283 1822 mmum.

2103 766 2294 832 σθῆναι
2343 763 2524 838 ἑτέραν
2575 762 2706 817 εἶναι
2758 767 2852 817 τοῦ
2902 764 3111 840 [ἰατρὸς
3152 765 3248 832 τῆν
3283 761 3616 836 δεσποτείαν,
3666 764 3760 818 καὶ

2103 854 2284 928 ἑτέραν
2316 857 2412 906 τοῦ
2444 853 2572 906 Ποῦ
2601 853 2700 920 τήν
2739 851 3039 927 βασιλείαν.
3073 853 3172 907 Τὸν
3204 854 3326 907 ναὸν
3375 857 3472 907 τοῦ
3522 855 3756 927 Πατρὸς,

2103 941 2161 997 δν
2222 940 2475 1008 ἀνέθηκεν
2535 944 2562 993 6
2612 938 2881 1012 Σολομὼν
2931 945 3010 1014 τῷ
3057 947 3192 1013 Θεῷ,
3243 946 3432 996 τοῦτον
3484 941 3608 996 ναὸν
3657 946 3758 996 τοῦ

2103 1032 2232 1086 Υἱοῦ
2289 1029 2449 1084 καλεῖ
2507 1031 2535 1084 6
2583 1032 2893 1106 προφήτης·
2945 1055 2972 1081 ‹‹
3031 1031 3318 1108 Ἐξαίιρνης
3370 1030 3484 1101 ἥξει
3537 1030 3612 1092 εἷς
3660 1030 3754 1086 τδν

2104 1121 2230 1175 ναὸν
2291 1120 2483 1174 ἑαυτοῦ
2531 1120 2560 1173 6
2610 1120 2827 1194 Κύριος.
2880 1147 2901 1175 ι
2958 1120 3055 1174 Διὰ
3097 1125 3259 1175 τοῦτο
3292 1121 3320 1173 6
3356 1121 3550 1188 Σωτήο
3585 1118 3756 1195 λέγει·

2113 1231 2134 1260 ε
2189 1205 2478 1263 Ἐκϐάλετε
2517 1212 2684 1263 ταῦτα
2732 1207 2967 1263 ἐντεῦθεν
3021 1212 3152 1280 (88),
3200 1209 3289 1263 καὶ
3325 1210 3400 1282 μὴ
3431 1213 3639 1262 ποιεῖτε
3665 1209 3757 1262 τὸν

2105 1301 2254 1354 οἷκον
2285 1303 2382 1352 τοῦ
2416 1293 2622 1372 Πατρός
2655 1317 2760 1368 μου
2792 1297 2940 1351 οἶκον
2970 1297 3260 1374 ἐμπορίου·
3300 1323 3327 1349 ››
3374 1296 3534 1359 αύτὸς
3587 1295 3755 1372 λέγει·

2107 1414 2134 1440 ‹‹
2169 1382 2459 1444 Ἐκόάλετε
2501 1391 2668 1441 ταῦτα
2718 1385 2977 1441 ἐντεῦθεν·
3039 1389 3066 1441 ὁ
3127 1388 3230 1462 γὰρ
3281 1386 3429 1448 οἶκός
3465 1407 3570 1459 μου
3602 1388 3754 1448 οἶκος

2106 1483 2420 1553 προσευχῆς
2449 1474 2806 1546 κληθήσεται.
2837 1477 2894 1529 '0
2925 1476 3094 1550 οἶκος,
3127 1475 3384 1554 φησὶ,τοῦ
3417 1475 3629 1550 Πατρός
3653 1495 3758 1548 μου

2105 1566 2194 1620 καὶ
2225 1564 2371 1626 οἶκός
2405 1584 2530 1637 μου.
2565 1588 2592 1616 ››

2106 1693 2197 1748 36.
2229 1693 2348 1744 Ὂτι
2381 1690 2409 1743 6
2440 1688 2564 1750 Υἱὸς
2605 1687 2666 1742 τὸ
2715 1685 2887 1760 ὄνομα
2932 1688 3030 1743 τοῦ
3078 1688 3285 1762 Πατρὸς
3333 1684 3473 1763 ἔχει,
3520 1686 3596 1748 ὡς
3626 1685 3757 1748 Θεὸς

2758 1762 2848 1814 καὶ
2881 1759 3101 1814 Κύριος.

2758 1781 2848 1815 και
2882 1781 3101 1836 λυριος.

426 1870 702 1925 Testatur
731 1871 902 1926 Pater
948 1871 1006 1926 in
1039 1873 1233 1929 Exodo
1291 1891 1302 1928 :
1345 1874 1488 1928 Ecce
1537 1890 1643 1945 ego
1683 1874 1847 1928 mitto
1878 1878 1995 1927 An-

2177 1869 2451 1941 Μαρτυρεῖ
2480 1864 2508 1918 6
2564 1865 2750 1939 Πατὴρ
2795 1863 2847 1919 έν
2877 1868 2947 1939 τῇ
2980 1863 3200 1938 Ἐξόδῳ·
3235 1891 3261 1917 ιι
3293 1861 3433 1922 Ἰδοὺ
3483 1862 3588 1940 ἐγὼ
3619 1863 3755 1917 ἀπο-

353 1958 548 2029 gelum
584 1976 782 2015 meum
814 1966 949 2016 ante
980 1963 1182 2018 faciem
1217 1968 1402 2029 tuam,
1439 1967 1503 2018 ut
1541 1963 1829 2018 custodiat
1856 1967 1909 2018 te
1942 1964 1999 2016 in

350 2047 465 2110 via,
499 2054 562 2102 ut
591 2050 925 2106 introducat
949 2055 1004 2107 te
1034 2051 1093 2106 in
1142 2057 1380 2120 terram,
1429 2070 1606 2124 quam
1662 2052 2003 2124 praeparavit

355 2136 462 2192 tibi
491 2154 503 2191 ε
537 2140 770 2194 attende
799 2139 906 2194 tibi
929 2157 995 2196 ea
1016 2141 1284 2196 ausculta
1305 2159 1462 2212 eum,
1491 2158 1562 2197 ne
1584 2142 1666 2198 sis
1696 2142 1745 2197 ei
1777 2142 2003 2197 inobse-

355 2242 562 2296 quens.
597 2227 721 2282 Non
772 2229 926 2284 enim
979 2230 1286 2286 remissius
1334 2236 1466 2302 aget
1513 2236 1704 2287 tecum
1740 2247 1752 2286 :
1787 2246 2000 2286 nomen

353 2315 508 2370 enim
563 2333 757 2372 meum
808 2323 898 2374 est
943 2319 999 2373 in
1046 2318 1146 2375 illo
1193 2321 1258 2375 ²¹.
1316 2343 1343 2370 ››
1395 2319 1558 2376 Unde
1611 2324 1668 2375 et
1719 2319 1899 2376 Filius
1939 2320 2002 2375 in

347 2404 657 2478 Evangelio
690 2406 830 2462 dicit
863 2425 875 2463 :
911 2432 938 2458 ‹‹
976 2409 1090 2480 Ego
1121 2409 1249 2465 veni
1283 2409 1338 2465 in
1373 2411 1608 2465 nomine
1638 2409 1830 2466 Patris
1861 2409 2000 2479 mei,

350 2499 408 2550 et
432 2510 544 2549 non
572 2497 874 2567 recepistis
902 2514 994 2551 me
1022 2516 1034 2554 :
1060 2498 1107 2553 si
1142 2497 1294 2554 alius
1324 2501 1547 2553 venerit
1577 2500 1635 2552 in
1671 2516 1778 2553 suo
1810 2497 2000 2552 nomi-

351 2598 446 2652 ne,
469 2581 636 2638 illum
670 2586 1004 2657 receperitis
1037 2588 1100 2639 2'.
1146 2610 1174 2635 »
1209 2589 1276 2642 Et
1306 2588 1362 2642 in
1398 2587 1622 2659 psalmo
1652 2604 1824 2654 cxvu,
1876 2586 1950 2638 ait
1987 2602 1999 2639 :

354 2693 383 2722 «
418 2671 792 2744 Benedictus,
823 2675 924 2746 qui
973 2675 1131 2730 venit
1181 2676 1237 2730 in
1292 2676 1526 2732 nomine
1576 2676 1804 2731 Domini
1854 2675 1918 2728 ³³.
1976 2696 2001 2721 »ι

352 2759 550 2815 Sancti
583 2761 762 2834 igitur
794 2765 1108 2836 prophetae,
1155 2783 1267 2821 non
1319 2767 1490 2821 modo
1540 2765 1730 2819 Solem
1755 2763 2000 2834 justitiae

353 2849 549 2905 dixere
582 2849 966 2920 Salvatorem,
990 2858 1047 2908 et
1071 2854 1419 2908 matutinam
1445 2870 1758 2924 veramque
1789 2852 1998 2917 lucem,

354 2939 451 2992 sed
486 2945 542 2993 et
573 2939 926 3011 lampadem,
978 2947 1034 2996 et
1078 2942 1381 2998 brachium
1419 2959 1432 2996 :
1468 2947 1532 2996 ut
1571 2946 1817 2997 testatur
1845 2942 2000 2996 Deus

353 3043 458 3098 per
487 3028 696 3082 Isaiam
726 3031 1097 3102 proybetam,
1140 3031 1338 3087 dicens
1372 3056 1398 3080 ‹‹
1432 3031 1877 3103 Appropinquat
1907 3047 1996 3086 ce-

355 3115 1036 3187 leriterjustitiameamt
1060 3121 1214 3176 adsit
1241 3147 1254 3189 ;
1277 3119 1535 3176 salutare
1557 3126 1752 3175 autem
1777 3136 1997 3184 meum,

2111 1955 2324 2011 στέλλω
2371 1955 2461 2010 τὸν
2519 1951 2749 2032 ἄγγελόν
2809 1975 2913 2028 μου
2974 1956 3077 2030 πρὸ
3137 1955 3438 2029 προσώπου
3495 1973 3612 2022 σου,
3665 1950 3758 2006 ’ἱνα

2111 2045 2319 2124 φυλάξῃ
2362 2067 2418 2100 σε
2461 2044 2512 2099 έν
2557 2045 2627 2115 τῇ
2661 2041 2792 2116 ὁδῷ,
2825 2043 2975 2106 ὅπως
3009 2044 3264 2120 εἰσαγάγῃ
3295 2065 3351 2098 σε
3382 2043 3432 2098 έν
3465 2047 3532 2117 τῇ
3565 2045 3657 2118 γῇ,
3691 2041 3758 2111 ἣν

2109 2138 2375 2211 ἡτοίμασέ
2433 2153 2552 2190 σοι·
2611 2134 2851 2210 πρόσεχε
2907 2138 3114 2206 σεαυτῷ
3171 2136 3283 2206 (89)
3355 2132 3444 2186 καὶ
3517 2130 3761 2185 εἷσάγουε

2107 2224 2292 2282 αὐτοῦ·
2348 2227 2424 2298 μὴ
2474 2222 2680 2286 ἆπείθει
2739 2222 2904 2295 αὒτῷ.
2967 2221 3040 2276 Ού
3089 2222 3192 2298 γὰρ
3245 2223 3322 2294 μὴ
3372 2217 3759 2289 ὑποστείληταί

2110 2335 2186 2371 σε·
2247 2316 2310 2370 τὸ
2358 2315 2462 2390 γὰρ
2513 2309 2688 2385 ὄνομά
2735 2312 2840 2385 μού
2869 2310 3008 2366 ἔστιν
3042 2311 3093 2366 ἐν
3127 2310 3296 2383 αύτῷ·
3322 2309 3350 2364 ό
3377 2311 3538 2374 ’Ὀθεν
3572 2309 3599 2364 6
3631 2308 3756 2370 ne;

2109 2405 2162 2459 έν
2195 2409 2273 2476 τῷ
2302 2399 2620 2479 Εὐαγγελίῳ
2651 2401 2820 2477 λέγει·
2862 2425 2887 2452 ι(
2919 2402 3063 2476 Ἐγὼ
3094 2400 3261 2469 ἦλθον
3305 2399 3355 2454 έν
3401 2404 3480 2471 τῷ
3531 2397 3759 2470 ὀνόματι

2110 2498 2209 2548 τοῦ
2275 2493 2484 2567 Πατρός
2549 2513 2675 2564 μου,
2733 2489 2820 2545 καί
2878 2489 2978 2545 οὐκ
3021 2487 3265 2560 ἐδέξασθέ
3315 2508 3399 2561 με·
3448 2487 3533 2541 ἐὰν
3586 2485 3756 2549 ἄλλος

2109 2581 2242 2657 ἔλθη
2294 2582 2371 2644 εἷς
2415 2581 2476 2636 τὸ
2513 2577 2684 2654 ὄνομα
2733 2579 2945 2652 ἑαυτοῦ,
2978 2579 3176 2634 ἐκεῖνον
3212 2576 3448 2648 δέξησθε,
3486 2600 3511 2627 n
3545 2575 3646 2633 Καὶ
3679 2575 3754 2638 εἷς

2107 2671 2198 2726 τὸν
2233 2670 2550 2725 έκαστοστὸν
2595 2665 3045 2723 ἑπτακαιδέκατον
3097 2667 3317 2740 ψαλμὸν
3355 2664 3525 2740 λέγει·
3583 2690 3609 2716 ιι
3660 2664 3755 2719 Εὐ-

2110 2759 2414 2837 λογημένος
2469 2758 2496 2813 ό
2548 2758 2848 2834 ἐρχόμενος
2901 2757 2952 2812 ἐν
2984 2757 3210 2829 ὀνόματι
3246 2755 3468 2831 Κυρίου.
3506 2779 3532 2804 ››
3562 2755 3629 2811 Οἱ
3661 2752 3752 2807 οὗν

2109 2852 2251 2926 ἅγιοι
2280 2856 2556 2926 προφῆται
2589 2848 2651 2902 οὐ
2690 2847 2852 2920 μόνον
2886 2845 3085 2903 Ἷιλιον
3129 2843 3471 2913 δικαιοσύνης
3528 2842 3753 2896 ἐκάλουν

2104 2941 2194 2994 τὸν
2259 2945 2514 3014 Σωτῆρα,
2572 2937 2663 2991 καὶ
2722 2936 2994 3014 ὀρεθρινὸν
3055 2940 3168 3014 φῶς
3203 2933 3462 3004 ἀληθινὸν
3496 2929 3758 2986 ἀλλὰκαὶ

2109 3025 2392 3103 λαμπάδα,
2423 3027 2511 3081 καὶ
2549 3027 2834 3102 βραχίονα·
2870 3026 2944 3087 ὡς
2997 3029 3257 3100 μαρτυρεῖ
3305 3024 3332 3078 6
3383 3023 3535 3089 Θεὸς,
3584 3018 3756 3094 λέγων

2110 3115 2200 3172 διὰ
2253 3115 2475 3172 Ἠσαίου
2521 3120 2620 3171 τοῦ
2669 3118 2980 3193 προφήτου·
3051 3139 3079 3167 ιι
3139 3113 3371 3190 Ἐγγὶζει
3411 3110 3552 3186 ταχὺ
3583 3112 3618 3178 ἡ
3680 3105 3761 3162 δι-

351 3210 418 3261 ut
448 3205 676 3279 lampas
716 3209 942 3264 ardebit
992 3211 1054 3262 η.
1093 3233 1113 3259 ιι
1151 3209 1323 3265 Nulla
1356 3210 1617 3264 humana
1646 3210 1790 3264 ratio
1819 3208 1998 3263 inter-

2110 3205 2372 3273 καιοσύνη
2429 3225 2533 3278 μου
2580 3206 2990 3280 παραγενέσθαι·
3037 3205 3101 3260 τὸ
3134 3200 3191 3258 δὲ
3219 3199 3511 3309 σωτήριόνΧ
3548 3219 3654 3271 μου
3685 3196 3760 3257 ὡς

351 3299 612 3365 pretetur
634 3313 760 3367 quaa
782 3298 1182 3353 suntDei.Non
1210 3303 1400 3370 potest
1418 3298 1722 3353 veritatem
1744 3297 2002 3352 ediscere

353 3382 674 3454 quispiam,
699 3384 813 3441 nisi
835 3386 906 3440 ab
929 3386 1056 3458 ipsa
1081 3387 1338 3442 veritate.
1362 3389 1502 3441 Cum
1535 3387 1876 3458 unigenitus
1896 3390 2000 3441 Do-

354 3473 554 3526 minus
589 3479 789 3529 noster
815 3474 987 3530 Jesus
1019 3475 1291 3531 Christus
1321 3475 1516 3531 editus
1541 3479 1630 3530 est
1664 3476 1736 3530 ab
1766 3474 1998 3545 nuptia-

351 3559 424 3616 lis
457 3577 806 3633 congressus
853 3570 1085 3635 experte
1139 3564 1354 3636 puella,
1395 3580 1607 3619 novum
1642 3570 1844 3636 partus
1877 3580 2000 3618 mo-

351 3651 493 3705 dum
525 3651 582 3704 in
614 3652 836 3723 orbem,
869 3669 1196 3725 novamque
1229 3656 1475 3709 feturam
1509 3656 1567 3708 in
1600 3654 1780 3708 vitam
1815 3653 1999 3708 intro-

353 3739 576 3794 ducens
626 3739 790 3796 illum
826 3743 1017 3798 adhuc
1068 3742 1426 3797 infantulum
1475 3747 1663 3814 gestat
1706 3747 1911 3811 mater,
1944 3745 2003 3797 et

353 3827 522 3882 offert
551 3826 803 3884 Simeoni
837 3831 1146 3886 sacerdoti.
1178 3833 1292 3887 iste
1323 3831 1381 3886 in
1415 3831 1584 3887 ulnas
1617 3837 1852 3903 accepto
1882 3829 2003 3886 Sal-

353 3920 572 3983 vatore,
607 3918 678 3972 ad
711 3935 845 3974 eum
894 3919 977 3975 ita
1021 3919 1298 3991 loquitur,
1332 3937 1397 3976 ac
1429 3921 1570 3976 dicit
1603 3937 1615 3976 :
1657 3944 1682 3973 ι
1714 3921 1878 3975 Nunc
1909 3920 2001 3974 di-

356 4005 542 4060 mittis
574 4023 805 4062 servum
866 4015 1058 4078 tuum,
1111 4010 1371 4078 Domine,
1403 4011 1726 4065 secundum
1759 4009 1999 4064 verbum

352 4097 544 4164 tuum,
579 4094 637 4149 in
689 4113 848 4168 pace.
907 4098 1052 4161 Quia
1087 4098 1360 4154 viderunt
1388 4097 1537 4153 oculi
1583 4099 1691 4154 mei
1743 4097 1999 4154 salutare

348 4187 518 4238 tuum
551 4185 614 4250 π,
646 4207 672 4233 ››
705 4185 814 4241 hoc
845 4192 953 4254 est,
988 4187 1358 4259 praesentiam
1390 4188 1631 4243 Christi.
1667 4188 1869 4244 Merito
1893 4185 1998 4260 igi-

349 4277 446 4326 tur
493 4273 778 4344 propheta
827 4275 972 4331 dixit
1023 4277 1135 4331 sub
1182 4294 1431 4348 persona
1461 4278 1559 4332 Dei
1612 4294 1624 4332 :
1674 4299 1702 4327 «
1734 4276 2001 4334 Salutare

350 4375 546 4415 meum
575 4367 640 4416 ut
663 4362 888 4434 lampas
913 4365 1294 4429 ardebit,etin
1322 4366 1624 4420 brachium
1649 4383 1842 4422 meum
1867 4383 2002 4437 gen-

351 4454 438 4504 tes
469 4451 793 4522 sperabunt
821 4453 884 4507 ²⁶.
917 4474 945 4504 »
981 4453 1294 4510 Brachium
1345 4471 1600 4526 namque
1643 4456 1827 4527 patris
1858 4454 1998 4510 Uni-

350 4540 612 4611 genitum
647 4542 911 4597 nominat
943 4561 955 4597 :
991 4543 1292 4598 brachium
1325 4544 1584 4614 quidem,
1620 4561 1732 4599 non
1767 4549 1832 4599 ut
1866 4560 1998 4616 par-

2115 3295 2336 3368 λαμπὰς
2383 3296 2729 3365 καυθήσεται.
2786 3319 2812 3345 n
2865 3291 3070 3364 Μηδεὶς
3118 3292 3456 3367 ἀνθρώπινος
3489 3287 3758 3363 λογισμὸς

2111 3383 2456 3460 έρμηνευέτω
2506 3382 2572 3437 τὰ
2617 3387 2713 3436 τοῦ
2760 3386 2912 3438 Θεοῦ.
2968 3383 3084 3439 Οὐκ
3131 3378 3270 3435 ἔστιν
3304 3376 3560 3448 ἀλήθειαν
3590 3373 3757 3447 ἐκμα-

2109 3475 2218 3528 θεῖν
2278 3493 2399 3526 τινα
2444 3473 2478 3541 ἢ
2538 3473 2664 3548 παρ’
2714 3471 2884 3541 αὐτῆς
2936 3470 3104 3539 αὐτὴν
3152 3469 3604 3540 έκμανθάνονεας.
3633 3465 3758 3516 ’Ότε

2111 3563 2139 3616 6
2171 3562 2478 3637 Μονογενὴς
2509 3561 2537 3614 6
2571 3557 2966 3633 Κύριος’ἡμῶν
3014 3560 3222 3627 Ἰησοῦς
3269 3553 3498 3631 Χριστὸς
3558 3549 3755 3637 ἐτέχθη

2111 3650 2162 3720 ἐξ
2214 3636 2589 3726 ἀπειρογάμου
2646 3652 2837 3725 κόρης,
2899 3648 2975 3709 είς
3022 3648 3115 3700 τὸν
3169 3644 3373 3717 κόσμον
3407 3643 3553 3714 ξένην
3587 3636 3758 3693 ὠδῖνα

2108 3740 2197 3794 καὶ
2230 3739 2371 3810 ξένον
2417 3738 2636 3794 τοκετὸν
2678 3737 2978 3814 εἰσαγαγὼν
3026 3736 3102 3797 είς
3148 3735 3240 3789 τὸν
3277 3732 3415 3810 βίον·
3452 3727 3529 3786 ἔτι
3561 3730 3759 3806 βρέφος

2110 3825 2238 3883 ὄντα
2268 3833 2456 3883 τοῦτον
2508 3829 2816 3904 βαστάζειὴ
2871 3828 3056 3902 μήτηρ
3089 3825 3179 3879 καὶ
3240 3823 3495 3898 προσάγει
3530 3818 3758 3892 Συμεὼν

2106 3917 2187 3991 τῷ
2218 3919 2369 3993 ἱερεῖ.
2404 3915 2574 3979 Οῦτος
2606 3911 2791 3971 λαϐὼν
2826 3915 2903 3977 εἷς
2945 3915 3042 3976 τὰς
3084 3911 3322 3989 ἀγκάλας
3368 3912 3458 3966 τὸν
3500 3915 3756 3983 Σωτῆρα,

2109 4007 2244 4083 πρὸς
2276 4006 2433 4062 αὐτὸν
2467 4005 2756 4084 φθέγγεται
2786 4003 2876 4058 καί
2910 4025 3040 4082 φησι
3257 4025 3286 4054 α
3336 4002 3446 4058 Νῦν
3495 3996 3757 4056 ἀπολύεις

2107 4097 2198 4151 τὸν
2232 4093 2428 4151 δοῦλόν
2459 4116 2554 4150 σου
2588 4093 2828 4150 Δέσποτα
2857 4093 2990 4149 κατὰ
3016 4094 3079 4149 τὸ
3111 4091 3263 4168 ῥῆμά
3293 4111 3410 4160 σου,
3445 4089 3494 4145 ἐν
3544 4086 3754 4162 εἰρήνῃ.

2107 4188 2226 4240 ’Ότι
2283 4182 2434 4240 οἷδον
2464 4184 2518 4238 οἱ
2559 4181 2834 4260 ὀφθαλμοί
2863 4205 2967 4256 μου
2997 4183 3060 4237 τὸ
3092 4181 3361 4253 σωτήριόν
3387 4199 3504 4246 σου,
3536 4201 3564 4227 ››
3594 4195 3757 4230 τουτ-

2109 4276 2242 4343 έστι,
2296 4276 2398 4343 τήν
2453 4273 2749 4346 παρουσίαν
2806 4277 2904 4327 τοῦ
2963 4274 3218 4347 Χριστοῦ.
3275 4267 3517 4326 Εἲκότως
3578 4264 3668 4318 οὖν
3730 4263 3758 4316 6

2107 4365 2398 4441 προφήτης
2447 4360 2631 4438 ἔλεγεν
2681 4361 2742 4416 έκ
2771 4361 3070 4436 προσώπου
3118 4361 3218 4412 τοῦ
3267 4360 3420 4411 Θεοῦ·
3489 4377 3517 4406 α
3568 4352 3667 4441 Καὶ
3699 4351 3760 4441 τὸ

2111 4439 2381 4528 σωτήριόν
2445 4472 2550 4525 μου
2607 4451 2681 4512 ὡς
2736 4448 2958 4524 λαμπὰς
3006 4449 3353 4518 καυθήσεται,
3402 4443 3492 4498 καὶ
3541 4440 3619 4503 εἷς
3665 4439 3761 4493 τὸν

2114 4541 2384 4617 βραχίονά
2415 4563 2521 4615 μου
2550 4537 2674 4610 ἔθνη
2706 4539 2953 4597 ἐλπιοῦσι
2986 4541 3120 4612 (91).
3153 4563 3180 4590 ››
3232 4534 3501 4611 Βραχίονα
3531 4532 3633 4608 γὰρ
3663 4533 3760 4585 τοῦ

350 4634 468 4683 tem
501 4629 778 4698 deitatis;
826 4632 927 4686 sed
981 4637 1043 4686 ut
1092 4633 1435 4687 substantia:
1493 4634 1896 4704 conjunctum.
1931 4631 2004 4688 Ut

2111 4630 2320 4707 Ματρὸς
2353 4629 2517 4686 πάλιν
2549 4630 2707 4686 καλεῖ
2734 4630 2826 4684 τὸν
2862 4628 3167 4703 Μονογενῆ.
3219 4623 3495 4700 Βραχίονα
3545 4618 3602 4676 δὶ
3652 4618 3760 4693 οὐχ

349 4718 504 4773 enim
535 4719 840 4774 brachium
873 4721 1137 4791 ejusdem
1189 4726 1278 4777 est
1327 4724 1670 4778 substantias
1701 4725 1872 4794 cujus
1903 4721 2000 4776 ille

349 4807 444 4862 cui
479 4807 783 4863 brachium
813 4815 901 4864 est
930 4827 943 4878 ;
975 4809 1056 4866 ita
1087 4809 1388 4866 brachium
1426 4811 1609 4867 Patris
1640 4813 1996 4877 nominatur,

347 4895 824 4967 quandoquidem
859 4906 1195 4971 c00perator
1243 4905 1331 4956 est
1378 4899 1564 4955 Patris
1595 4899 1654 4954 in
1687 4899 1996 4956 creatione.

343 4987 535 5056 Atque
568 4986 742 5041 istius
773 4989 1103 5059 argumenti
1136 4989 1303 5045 testis
1333 4994 1423 5045 est
1453 4991 1554 5045 ιθ
1586 4991 1794 5045 beatus
1821 4988 1998 5044 Joan-

347 5089 451 5128 nes
481 5074 862 5146 evangelista,
898 5078 997 5149 qui
1029 5095 1208 5149 supra
1250 5084 1456 5150 pectus
1488 5077 1803 5133 Salvatoris
1834 5094 1999 5133 recu-

2109 4719 2186 4780 ὡς
2221 4720 2382 4794 μέρος
2408 4719 2665 4790 θεότητος
2693 4718 2870 4774 καλεῖ·
2923 4715 3050 4772 ἀλλ’
3097 4716 3173 4776 ὡς
3337 4711 3494 4782 οὐσίᾳ
3551 4729 3758 4780 συνημ-

2115 4809 2293 4881 μένον.
2326 4811 2528 4882 ’Ὠσπερ
2561 4809 2664 4885 γὰρ
2696 4808 2724 4862 6
2760 4805 3006 4884 βραχίων
3038 4811 3136 4874 τῆς
3184 4802 3349 4872 αὐτῆς
3381 4801 3522 4855 ἐστιν
3574 4796 3757 4857 οὐσίας

2111 4897 2342 4969 ἑκείνου,
2374 4895 2436 4952 οῦ
2467 4896 2576 4953 ἐστι
2614 4897 2882 4973 βραχίων,
2913 4893 3001 4950 διὰ
3028 4890 3190 4950 τοῦτο
3225 4891 3472 4968 βραχίων
3517 4891 3616 4944 τοῦ
3647 4891 3756 4941 Πα-

2107 4988 2233 5063 τρὸς
2270 4985 2614 5060 ὀνομάζεται,
2648 4983 2837 5054 ἐπειδὴ
2879 4983 3132 5059 συνεργός
3165 4982 3274 5036 έστι
3305 4983 3402 5049 τῆς
3422 4982 3518 5034 τοῦ
3550 4975 3759 5050 Πατρὸς

2114 5072 2495 5153 δημιουργίας.
2555 5075 2655 5130 Καὶ
2698 5074 2899 5145 ταύτης
2947 5076 3047 5142 τῆς
3096 5068 3423 5141 ἀποδείξεως
3477 5068 3681 5142 μάρτυς
3731 5063 3759 5116 δ

423 5235 814 5312 ’3-“Malach.
847 5255 932 5307 In,
962 5241 1008 5294 1.
1089 5241 1135 5276 ¹⁹
1161 5241 1330 5297 Joan.
1363 5259 1426 5311 ιι,
1454 5242 1539 5296 16.
1617 5242 1664 5276 ²⁰
1693 5241 1898 5297 Matth.
1926 5257 1998 5295 XX

2110 5241 2172 5296 3.
2248 5243 2291 5277 ’ί
2317 5241 2494 5298 Exod.
2527 5257 2690 5308 xxm,
2718 5241 2810 5312 20,
2839 5240 2930 5295 21.
3008 5238 3057 5273 ³³
3083 5238 3248 5294 Joan.
3279 5252 3334 5304 ν,
3367 5233 3456 5290 43.
3531 5232 3579 5268 ³⁸
3609 5229 3765 5288 Psal-

346 5321 518 5371 cxvu,
548 5309 636 5362 26.

413 5493 525 5566 (88)
559 5496 704 5570 Hero,
739 5516 924 5570 usque
957 5498 1036 5570 ad;
1053 5493 1318 5570 _6W6691V,
1360 5497 1574 5552 desunt
1622 5497 1682 5551 in
1726 5498 1996 5570 Anglica-

343 5581 438 5626 ιιι..
476 5583 578 5622 nec
614 5569 760 5625 lecta
791 5568 931 5626 sunt
961 5587 994 5624 a
1022 5568 1270 5623 Nannio.

414 5610 1309 5716 E'gi'iﬁﬁéiﬁziiéiiﬁfét
1339 5655 1543 5716 omnes
1575 5642 1988 5716 manuscripti,

345 5714 555 5779 prater
581 5713 777 5770 Basil“
811 5713 913 5786 qui
944 5727 1079 5768 cum
1110 5711 1251 5767 edit.
1284 5711 1466 5768 Paris.
1499 5711 1675 5770 habet
1701 5711 1867 5786 αὐτῷ.

714 5311 760 5350 it
793 5311 902 5366 Isa.
937 5329 1068 5380 un,
1106 5313 1155 5367 1.
1233 5314 1280 5347 ²⁶
1301 5313 1435 5368 Luc.
1470 5329 1532 5380 ιι,
1563 5314 1652 5380 29,
1684 5313 1774 5370 30.
1853 5313 1899 5348 ³⁸
1929 5313 2023 5369 lsa
2049 5329 2185 5382 Lm,
2217 5314 2268 5382 1,
2297 5317 2352 5370 2.

2178 5499 2292 5570 (90)
2325 5499 2420 5554 Sic
2450 5499 2790 5564 Vaticanus,
2849 5496 3224 5570 Basilianis,
3264 5492 3498 5570 Anglic.
3529 5496 3588 5548 et
3616 5490 3759 5548 edit.

2104 5563 2422 5626 Parisiens.
2456 5572 2608 5626 Edit.
2638 5563 2783 5627 vero
2803 5569 3110 5640 Co_mmel.,
3141 5563 3227 5620 nd‘
3264 5563 3431 5640 λέγὶι.

2174 5643 2288 5714 (91)
2319 5643 2472 5699 Edit.
2500 5642 2808 5712 Commel.,
2840 5637 3097 5696 έλπιῶσι.
