4136 6378
333 435 413 498 05
991 420 1093 489 DE
1136 421 1501 489 COMMUNI
1550 415 1925 483 ESSENTIA
1969 406 2253 474 PATRIS
2299 413 2395 474 ET
2438 413 2617 474 FlLlI
2667 415 2765 473 ET
2811 410 3009 474 SPIR.
3052 418 3116 476 S.
3682 418 3761 477 66

342 566 607 641 μακάριος
640 562 900 629 Ἰωάννης
933 560 960 613 6
992 555 1405 632 εύαγγελιστὴς,
1439 555 1467 609 6
1500 552 1587 608 ἰπὶ
1616 554 1714 606 τοῦ
1763 548 1992 641 στήθους

2136 545 2258 611 luit,
2290 551 2347 600 et
2374 544 2553 600 veluti
2604 562 2671 601 ex
2704 547 2945 617 perenni
2980 548 3135 601 fonte
3184 547 3499 619 thelogiam
3535 549 3759 606 hausit.

335 637 437 709 τοῦ
492 637 754 727 Σωτῆρος
815 648 1121 715 ἀναπεσὼν,
1176 645 1266 700 καὶ
1326 645 1401 706 ὡς
1451 643 1501 716 ἐξ
1544 642 1764 697 ἀεννάου
1814 637 1997 710 πηγῆς

339 743 610 814 ἀντλήσας
666 726 765 809 τήν
827 736 1137 812 θεολογίαν.
1169 736 1235 793 Τί
1294 734 1396 810 γάρ
1454 754 1615 811 φησιν
1671 727 1851 800 οὗτος,
1901 726 1991 780 τὸν

344 831 608 909 βραχίονα
664 822 1021 900 ἐκλαμϐάνων
1099 824 1174 886 εἷς
1251 827 1347 877 τοῦ
1426 827 1686 891 Σωτῆρος
1756 816 1994 909 οἱκονολ-

346 905 492 995 μίαν,
550 920 639 976 καὶ
696 920 796 988 τὴν
862 916 1024 972 αὐτοῦ
1085 913 1315 985 θεότητα
1353 940 1367 983 ;
1399 937 1428 965 ‹‹
1480 909 1697 981 ΙΙολλά,
1748 934 1777 961 ››
1839 905 1994 984 φησὶ,

347 994 611 1084 emptio:
667 1009 994 1078 ποιήσαντος
1038 1007 1137 1059 τοῦ
1196 1002 1373 1073 ’ίησοῦ
1429 997 1737 1077 ἔμπροσθεν
1796 994 1995 1061 αὐτῶν,

344 1100 444 1156 οὐκ
474 1099 783 1156 ἐπίστευσαν
828 1095 903 1159 εἷς
956 1093 1113 1150 αὐτὸν
1166 1093 1218 1148 ο”ι
1266 1088 1542 1148 Ἰουδαῖοι·
1581 1088 1673 1143 ’ίνα
1723 1085 1996 1161 πληρωθῇ

2112 635 2259 699 Quid
2290 636 2370 689 ait
2400 635 2555 689 enim
2591 634 3023 702 ille,brachium
3056 653 3367 691 assumens
3398 637 3467 691 ad
3497 638 3761 694 indican-

2106 724 2242 780 dam
2306 723 2806 795 dispensationem
2894 724 3287 795 deitatemque
3366 724 3676 782 Salvatoris
3733 727 3761 783 ?

2107 838 2134 865 ‹‹
2166 815 2311 870 Cum
2363 812 2569 880 multa,
2601 813 2811 883 inquit,
2863 813 3031 885 signa
3062 813 3297 868 fecisset
3335 813 3508 869 Jesus
3558 833 3757 873 coram

2105 903 2332 970 eis,non
2356 902 2727 957 crediderunt
2748 902 2806 957 in
2839 919 2972 958 eum
3005 902 3188 956 Judaei
3215 920 3226 956 :
3252 908 3314 957 ut
3337 905 3759 977 adimpleretur

2107 992 2328 1048 dictum
2348 992 2509 1047 Isaizs
2527 991 2999 1063 ".Domine,quis
3018 992 3265 1046 credidit
3281 992 3509 1047 auditui
3534 1000 3756 1065 nostro,

2108 1084 2165 1137 et
2193 1078 2499 1135 brachium
2532 1079 2761 1136 Domini
2791 1082 2883 1135 cui
2915 1079 3233 1135 revelatum
3259 1084 3350 1136 est
3380 1080 3423 1114 ³⁸
3446 1081 3472 1135 ‘2
3504 1104 3530 1131 ››

341 1189 405 1245 τὸ
438 1188 735 1265 εἰρημένον
770 1184 860 1241 διὰ
906 1181 1156 1243 Ἧσαίουσ
1206 1183 1399 1257 Κύριε,
1426 1181 1512 1243 τίς
1560 1178 1833 1235 ἐπίστευσε
1876 1177 1943 1247 τῇ
1992 1171 2130 1243 ἀκοῇ
2178 1170 2339 1242 ἡμῶν
2375 1186 2388 1236 ;
2420 1168 2510 1222 καὶ
2542 1169 2570 1222 6
2624 1168 2865 1243 βραχίων
2916 1166 3115 1243 Κυρίου
3144 1166 3250 1221 τίνι
3294 1167 3645 1245 ἀπεκαλύφθη
3683 1189 3697 1240 ;
3733 1194 3762 1223 »

472 1307 560 1362 37.
594 1306 716 1363 ’Ότι
750 1303 802 1358 οἱ
831 1302 1087 1360 Ἰουδαῖοι
1122 1298 1233 1355 υἱοὶ
1265 1298 1491 1359 σκότους
1524 1294 1855 1366 ἐκλήθησαν.

413 1412 570 1487 Λέγει
600 1412 628 1465 6
658 1410 951 1488 προφήτης
999 1412 1117 1469 τοῖς
1167 1406 1306 1468 υἱοῖς
1338 1402 1581 1479 Ἰσραήλ·
1618 1426 1645 1454 ‹‹
1678 1397 1814 1455 Τάδε
1846 1396 1993 1488 λέγει

340 1484 563 1579 Κύριος·
626 1484 793 1555 Νυκτῖ
851 1497 1115 1571 ὡμοίωσα
1169 1497 1269 1565 τὴν
1335 1492 1545 1569 μητέρα
1597 1513 1691 1546 σου
1726 1533 1740 1546 .
1806 1484 1993 1579 »ᾎΚαὶ

343 1570 681 1668 ἑρμηνεύων,
713 1588 794 1650 τίς
845 1589 880 1657 ἡ
908 1570 1025 1658 νὺξ,
1080 1586 1375 1661 ἐπήγαγεν
1415 1607 1441 1634 ι(
1471 1580 1751 1656 Ὡμοιώθη
1802 1579 1830 1633 ὁ
1862 1570 1994 1632 λαὸς

346 1701 475 1754 μου,
506 1680 583 1742 ὡς
617 1679 692 1753 μὴ
747 1676 891 1753 ἔχων
945 1675 1261 1751 ἐπίγνωσιν.
1297 1698 1326 1725 ››
1360 1672 1565 1727 Οὐκοῦν
1599 1668 1737 1725 ὅπου
1774 1669 1996 1743 γνῶσις,

342 1770 405 1824 τὸ
434 1773 565 1847 φῶς·
619 1766 758 1822 ὅπου
805 1765 1066 1842 ἀγνωσία,
1114 1765 1178 1819 τὸ
1232 1762 1439 1824 σκότος·
1472 1760 1608 1815 κατὰ
1634 1759 1724 1813 τὸν
1756 1754 1999 1847 Δλεγοντα

346 1840 533 1913 Δαϐίδσ
568 1881 595 1908 ‹‹
630 1855 746 1913 Οὐκ
791 1840 1047 1931 ἔγνωσαν,
1107 1850 1231 1907 οὐδὲ
1279 1853 1533 1919 συνῆκαν,
1586 1847 1637 1901 ἐν
1672 1844 1849 1900 σκότει
1882 1840 1998 1896 δια-

346 1945 703 2023 πορεύονται.
761 1965 787 1997 ι
849 1949 903 1997 Ὁ
959 1942 1138 1998 τοίνυν
1193 1938 1529 1999 Ἀπόστολος
1589 1936 1696 2011 οὐχ
1752 1934 1826 1995 ὡς
1885 1931 2002 1986 κατ’

2309 1286 2398 1340 37.
2430 1285 2657 1343 Iudaeos
2686 1286 2830 1356 ﬁlios
2859 1285 3218 1341 tenebrarum
3251 1284 3551 1357 appellari.

2178 1392 2334 1446 Dicit
2364 1391 2646 1463 propheta
2696 1391 2835 1446 filiis
2886 1391 3062 1447 Israel
3097 1409 3109 1446 :
3146 1415 3172 1441 «
3211 1393 3336 1447 Haec
3381 1392 3524 1447 dicit
3563 1395 3764 1449 Domi-

2106 1497 2219 1536 nus
2252 1498 2263 1535 ;
2302 1481 2464 1535 Nocti
2497 1480 2827 1552 comparavi
2852 1486 3099 1535 matrem
3131 1485 3292 1535 tuam
3329 1482 3392 1535 9’.
3428 1503 3456 1530 »
3488 1482 3557 1536 Et
3586 1499 3761 1554 expo-

2107 1586 2253 1625 nens
2286 1586 2416 1641 quae
2467 1575 2622 1625 esset
2654 1586 2784 1637 nox,
2818 1568 3016 1623 intulit
3070 1568 3188 1623 hazc
3222 1570 3396 1624 verba
3430 1585 3443 1625 :
3477 1592 3504 1620 «
3540 1570 3763 1626 Similis

2107 1659 2297 1715 factus
2318 1664 2407 1715 est
2430 1659 2683 1731 populus
2706 1675 2872 1714 meus
2896 1658 2947 1713 ei
2972 1658 3070 1729 qui
3090 1658 3484 1730 cognitionem
3508 1677 3623 1715 non
3659 1660 3763 1716 ha-

2108 1748 2207 1803 bet
2235 1748 2301 1801 ⁸⁰.
2337 1770 2364 1796 ››
2398 1748 2545 1818 Ergo
2578 1747 2679 1802 ubi
2713 1746 2992 1818 cognitio:
3022 1745 3101 1801 ibi
3133 1750 3191 1801 et
3219 1747 3318 1801 lux
3353 1765 3365 1803 :
3403 1748 3497 1801 ubi
3533 1748 3767 1819 ignora-

2109 1837 2213 1903 tio,
2275 1836 2355 1890 ibi
2405 1840 2462 1890 et
2512 1836 2764 1891 tenebre
2804 1853 2816 1890 :
2851 1836 3181 1889 secundum
3233 1834 3537 1903 Davidem,
3598 1838 3770 1909 cujus

2112 1926 2284 1980 verba
2310 1925 2431 1980 haec
2461 1928 2601 1980 sunt
2634 1941 2646 1980 :
2674 1948 2700 1973 ‹‹
2738 1924 3306 1995 Nescicrunt,neque
3337 1924 3770 1997 intellexerunt,

350 2012 562 2110 ὲχὸρῶν
621 2032 971 2109 θρασύνεται,
1032 2028 1177 2086 ἀλλά
1230 2028 1298 2104 τῇ
1354 2026 1588 2097 ἀληθείᾳ
1645 2023 1999 2110 συνίσταται..

2136 2032 2169 2069 ιι
2219 2015 2477 2069 tenebris
2524 2013 2828 2069 ambulant
2857 2014 2924 2068 εί.
2962 2037 2983 2062 ι
3029 2012 3345 2083 Apostolus
3395 2014 3597 2086 igitur,
3649 2033 3767 2071 non

352 2122 441 2179 διὰ
490 2127 652 2178 τοῦτο
711 2120 917 2195 ἔλεγεν
953 2145 981 2171 ‹‹

352 2212 600 2274 σκότους’
636 2209 783 2266 ἀλλὰ
808 2210 918 2265 υἱοὶ
953 2208 1131 2288 φωτὸς
1163 2207 1252 2263 καὶ
1282 2206 1515 2281 ἡμέρας.
1553 2227 1582 2256 ››

384 2392 473 2448 38.
506 2389 628 2447 ’Ότι
658 2388 720 2443 τὸ
754 2391 869 2465 φῶς
900 2390 1008 2442 τῶν
1046 2383 1320 2443 Ἰουδαίων
1353 2382 1592 2461 ἀφῃρέθη
1645 2381 1737 2436 ἀπ’
1766 2379 1966 2434 αὐτῶν.

427 2496 582 2571 Λέγει
617 2497 645 2550 ὁ
675 2497 967 2572 προφήτης
1011 2490 1296 2567 Ἱερεμίας·
1331 2514 1359 2543 ‹‹
1421 2491 1477 2545 ’Θ
1536 2489 1722 2564 λόγος,
1783 2488 1810 2540 6
1853 2484 2003 2562 γενό-

359 2604 517 2658 μενος
564 2584 699 2655 πρὸς
747 2582 1008 2655 Ἱερεμίαν
1060 2579 1148 2633 ἐπὶ
1195 2580 1368 2634 πάντα
1410 2577 1502 2633 τὸν
1565 2576 1697 2631 λαὸν
1746 2572 1940 2633 Ἰούδα.
1976 2598 2002 2623 ››

356 2673 489 2731 Εἶτα
536 2670 777 2749 ἐπιφὲρει
826 2668 1023 2745 λέγων·
1058 2692 1086 2719 ‹‹
1121 2666 1223 2724 Καὶ
1273 2666 1460 2744 ἀφελῶ
1509 2666 1599 2720 ἀπ’
1626 2664 1801 2720 αὐτῶν
1831 2664 2009 2736 ὀσμὴν

362 2760 562 2839 μύρου,
592 2761 682 2815 καὶ
714 2763 828 2837 φῶς
859 2756 1089 2834 λύχνου.
1126 2780 1155 2808 »

360 2886 449 2942 39.
486 2885 627 2955 7"01t
678 2882 930 2955 subactam
976 2881 1029 2935 οἱ
1087 2876 1347 2955 αἶ’ρετικοὶ
1399 2877 1600 2955 λέγειν,
1654 2877 1737 2933 ὅτι
1793 2872 2012 2955 1a.):-

431 2954 673 3031 ydpevau
713 2951 835 3031 διιίιΔ
875 2957 982 3031 τῷν
1053 2947 1351 3031 προφητῶν
1428 2947 1503 3012 ὡς
1544 2949 1643 3031 ..ἐκ
1714 2947 2012 3031 προσωπου

434 3018 532 3102 τοῦ
587 3025 742 3102 ἀγίου
817 3018 1135 3102 ΙΙνεύματός
1177 3018 1187 3029 ’
1219 3018 1491 3102 ἅρηταιξ
1539 3020 1658 3084 ὅθεν
1731 3018 2011 3102 νζομίςουσι

440 3100 501 3153 τὸ
569 3094 817 3172 Πνεῦμα-
861 3094 1149 3172 τὸςᾶγιον
1213 3094 1388 3172 ποιεῖν
1453 3094 1627 3172 ἧττον.
1682 3096 1779 3147 τοῦ
1858 3094 2012 3172 Θεοῦ,

430 3174 611 3233 κακῶς
648 3188 660 3202 ⁸
717 3162 831 3224 ’διὰ
902 3168 965 3223 τὸ
1036 3162 1212 3243 λέγειν
1288 3165 1379 3219 τὸν
1440 3162 1684 3291 ἵαλμόνι
1740 3186 1769 3213 ‹‹
1833 3166 2013 3233 Δεῦτε,

433 3242 899 3291 προσκυνήσωμεν
958 3238 1104 3291 αὐτῶ
1146 3286 1159 3291 -
1206 3261 1227 3288 ι
1289 3236 1365 3291 ὡς
1474 3257 1501 3289 ν
1580 3238 2013 3291 προσκυνοῦντος

433 3242 899 3318 προσκυνήσωμεν
948 3236 1227 3318 ἀὐτῷ-,ιι
1289 3236 1365 3318 ὡς
1442 3236 1501 3291 ἂν
1564 3236 2013 3312 προσκυνοῦντος

431 3308 529 3370 τοῦ
563 3308 882 3386 ΙΙνεύματος
914 3311 1005 3366 σῦν
1036 3308 1154 3372 τοῖς
1183 3308 1511 3384 ἀνθρώποις.

1033 2118 1145 2174 Οὐκ
1195 2102 1351 2191 ἐσμὲν
1416 2116 1524 2171 υἱοὶ
1582 2115 1769 2174 νυκτὸς
1802 2158 1815 2184 ,
1878 2107 2003 2164 οὐδὲ

2136 2102 2290 2159 Veluti
2326 2103 2581 2159 inimicis
2612 2102 3051 2170 insultans,sed
3085 2104 3225 2175 quia
3253 2104 3481 2158 veritati
3515 2105 3767 2175 patroci-

2113 2198 2308 2261 natur,
2342 2194 2419 2247 ila
2468 2193 2706 2263 scripsit
2738 2210 2749 2247 :
2786 2215 2814 2240 «
2848 2192 2971 2247 Non
3006 2209 3112 2247 nos
3162 2209 3369 2247 sumus
3404 2192 3506 2247 ﬁlii
3558 2194 3768 2262 noctis,

2113 2287 2217 2337 aut
2246 2282 2642 2348 tenebrarum,
2676 2283 2777 2337 sed
2811 2281 2915 2336 filii
2944 2281 3093 2336 lucis
3118 2285 3175 2336 et
3203 2282 3313 2337 diei
3349 2282 3416 2335 ³⁵³.
3454 2305 3475 2334 ι

2194 2390 2282 2444 38.
2318 2390 2467 2458 Quod
2498 2390 2678 2444 lumen
2704 2389 3022 2445 Iudaeorum
3051 2390 3118 2443 ab
3150 2390 3283 2458 ipsis
3312 2389 3559 2444 ablatum
3590 2398 3687 2445 est.

2186 2496 2336 2551 Dicit
2361 2494 2651 2551 Jeremias
2682 2493 2964 2566 propheta
2988 2510 3001 2548 :
3023 2516 3049 2542 «
3085 2492 3529 2564 Verbum,quod
3555 2494 3771 2549 factum

2117 2589 2204 2641 est
2234 2585 2303 2640 ad
2337 2583 2651 2640 Jeremiam
2682 2583 2741 2637 in
2774 2600 3010 2637 omnem
3030 2582 3313 2654 populum
3343 2582 3509 2637 Judzs
3540 2582 3771 2639 33.»Ubi

2118 2679 2322 2746 postea
2369 2673 2489 2728 haec
2517 2672 2696 2727 verba
2725 2672 3015 2727 subinfert
3041 2688 3054 2726 :
3088 2694 3116 2721 ‹‹
3150 2672 3220 2726 Et
3262 2672 3520 2727 auferam
3550 2672 3622 2728 ab
3652 2671 3771 2728 illis

2120 2764 2357 2818 odorem
2392 2760 2698 2833 unguenti,
2733 2765 2790 2815 et
2818 2760 3019 2816 lumen
3050 2760 3307 2815 candelae
3338 2762 3403 2816 3‘.
3438 2783 3466 2810 »

2122 2887 2210 2941 39.
2245 2886 2394 2954 Quod
2424 2886 2669 2941 heretici
2696 2886 2907 2941 soleant
2954 2884 3131 2941 dicere
3176 2890 3341 2940 verba
3382 2886 3776 2956 prophetarum

2194 2974 2266 3013 ea:
2293 2974 2535 3029 persona
2563 2957 2739 3011 sancti
2767 2956 3009 3028 Spiritus
3050 2959 3409 3029 pronuntiata
3437 2973 3552 3012 esse
3580 2978 3599 3013 :
3630 2958 3779 3013 unde

2193 3027 2408 3101 frustra
2459 3027 2817 3101 arbitrantur;
2861 3044 2914 3083 se
2962 3027 3237 3082 ostendere
3292 3044 3446 3101 posse
3502 3030 3777 3098 Spiritum

2194 3099 2446 3156 sanctum
2493 3102 2760 3154 minorem
2794 3100 2894 3153 Deo
2918 3117 2936 3152 :
2969 3115 3028 3153 eo
3060 3104 3202 3170 quod
3231 3101 3291 3153 in
3321 3099 3531 3169 psalmo
3565 3101 3644 3153 ita
3674 3101 3773 3155 ha-

2197 3174 2387 3228 beatur
2416 3190 2434 3225 :
2473 3193 2493 3222 α
2536 3174 2725 3228 Venite
2754 3172 3048 3225 adoremus
3077 3186 3202 3225 eum
3230 3171 3294 3235 ³⁵,
3320 3192 3346 3218 υ
3373 3173 3531 3242 quasi
3563 3171 3779 3243 Spiritu

2195 3252 2383 3300 sancto
2412 3260 2528 3298 una
2554 3259 2677 3299 cum
2705 3244 3020 3297 hominibus
3050 3243 3339 3298 adorante.

435 3415 866 3494 Ἀποκρινόμεθα
1038 3415 1224 3477 αὐτοῖς
1253 3413 1320 3468 τὰ
1350 3410 1641 3470 ἀκόλουθα.
1676 3413 1735 3467 Τί
1786 3411 1877 3468 οῦν
1926 3411 2010 3468 λέ-

2202 3422 2285 3477 Ad
2314 3439 2439 3494 quae
2472 3422 2552 3476 ita
2584 3418 2990 3475 convenienter
3023 3420 3467 3491 respondemus.
3495 3420 3642 3486 Quid
3672 3420 3780 3493 igi-

363 3531 467 3588 γει,
502 3509 583 3565 ὅτι
614 3510 703 3565 καὶ
739 3533 766 3561 ‹‹
799 3506 1131 3580 Κλαύσωμεν
1180 3502 1414 3560 ἐναντίον
1459 3503 1665 3577 Κυρίου
1699 3522 1713 3573 ;
1750 3527 1778 3554 ››
1811 3502 2015 3557 Οὐκοῦν

364 3600 455 3655 καὶ
488 3598 665 3655 κλαίει
695 3597 759 3653 τὸ
791 3599 1034 3668 Πνεῦμα,
1068 3595 1144 3656 ὡς
1190 3591 1253 3647 σὺ
1302 3593 1521 3669 φάσκεις
1556 3611 1568 3661 ;
1603 3592 1700 3646 Καὶ
1740 3591 2017 3667 ἀλλαχοῦ,

360 3687 450 3744 ἵνα
482 3686 677 3763 δειχθῇ
705 3689 739 3756 ἡ
771 3686 1031 3761 κυριότης
1074 3687 1171 3738 τοῦ
1219 3683 1559 3754 Πνεύματος,
1604 3680 1775 3755 λέγει’
1812 3706 1839 3733 ‹‹
1878 3683 2019 3756 Ἐγὼ

368 3778 472 3854 γάρ
508 3777 622 3850 εἰμι
658 3776 851 3852 Κύριος
885 3775 913 3829 6
935 3772 1083 3835 Θεός’
1110 3797 1137 3824 ››
1167 3770 1263 3827 Καὶ
1287 3770 1339 3826 ἐν
1368 3770 1528 3843 ἄλλῳ
1559 3769 1727 3847 λέγει.
1761 3795 1789 3823 ‹‹
1823 3775 2017 3843 Γνῶτε,

370 3868 454 3924 ὅτι
533 3867 730 3942 Κύριος
808 3864 970 3927 αὐτός
1044 3862 1183 3919 ἔστιν
1218 3862 1245 3915 ὁ
1300 3860 1432 3923 Θεός
1484 3903 1499 3916 .
1570 3884 1599 3912 ››
1660 3860 1750 3915 καὶ
1802 3860 1967 3917 πάλιν
2005 3882 2016 3895 ν

372 3983 400 4011 ‹‹
451 3956 785 4029 Ἀκούσομαι
828 3954 881 4009 τί
924 3952 1157 4024 λαλήσει
1207 3950 1255 4007 ἐν
1310 3950 1434 4024 ἐμοὶ
1491 3950 1688 4027 Κύριος
1727 3952 1755 4005 6
1803 3948 1954 4014 Θεὸς.
1990 3974 2018 4005 »

370 4044 652 4121 Ἐλὲγχων
687 4042 745 4099 δὲ
776 4043 851 4105 εἷς
890 4044 986 4104 τὰς
1036 4040 1311 4117 βασιλείας
1363 4038 1529 4114 λέγει·
1568 4064 1594 4090 ‹‹
1628 4043 1849 4111 Πνεῦμα
1897 4040 2023 4095 ἐλά-

377 4133 541 4203 λησεν
576 4132 628 4188 ἐν
663 4132 786 4205 ἐμοὶ
822 4134 957 4204 (93),
995 4153 1022 4179 »
1050 4128 1111 4185 οὐ
1144 4126 1211 4183 δι’
1246 4127 1402 4200 ἐμοῦ.
1438 4128 1535 4182 Καὶ
1561 4126 1653 4182 *ἕνα
1709 4131 2026 4205 μαρτυρήσῃ

376 4222 617 4289 Παῦλος,
647 4222 729 4283 τίς
762 4221 829 4289 ἦν
860 4220 887 4273 6
920 4216 1107 4273 λαλῶν
1142 4215 1230 4271 διὰ
1258 4220 1365 4271 τῶν
1399 4221 1721 4294 προφητῶν,
1756 4219 2024 4293 ἀνάγνωθι

374 4314 441 4367 τά
495 4311 763 4389 γραφέντα
817 4309 945 4383 παρ’
1004 4304 1167 4361 αὐτοῦ
1243 4304 1295 4360 ἐν
1354 4309 1422 4379 τῇ
1481 4306 1616 4381 πρὸς
1690 4301 1974 4382 Ἐϐραίους
2011 4325 2024 4338 °

383 4425 404 4453 ι
440 4398 779 4473 ΙΙολυμερῶς
811 4397 900 4453 καὶ
931 4394 1298 4469 πολυτρόπως
1329 4392 1498 4450 πάλαι
1533 4396 1561 4449 6
1611 4396 1739 4457 Θεὸς
1780 4395 2027 4467 λαλήσας

371 4495 489 4551 τοῖς
530 4488 790 4562 πατράσιν
839 4487 889 4541 ἐν
940 4491 1059 4547 τοῖς
1110 4486 1440 4561 προφήταις,
1500 4483 1581 4539 ἐπ’
1630 4484 1874 4560 ἐσχάτων
1923 4491 2031 4541 τῶν

376 4582 603 4655 ἡμερῶν
638 4575 905 4646 ἐλάλησεν
936 4576 1073 4646 ἡμῖν
1100 4572 1151 4628 ἐν
1176 4574 1305 4645 Υὶῷ.
1342 4596 1369 4625 ››
1399 4572 1609 4630 Οὐκοῦν
1635 4576 2027 4652 πεφανέρωται,

377 4668 462 4723 ὅτι
493 4665 621 4728 Θεός
650 4667 762 4739 (94)
795 4663 987 4719 ἔστιτὸ
1021 4665 1243 4735 ΙΙνεῦμα
1271 4662 1333 4716 τὸ
1378 4663 1548 4738 ἅγιον.
1583 4661 1757 4720 Πάλιν
1804 4662 2029 4737 ἴδωμεν,

2126 3516 2225 3568 tur
2254 3512 2526 3582 est,quod
2561 3510 2702 3563 dicit
2734 3528 2746 3565 :
2784 3530 2811 3559 «
2844 3509 3148 3563 Ploremus
3180 3526 3374 3563 coram
3412 3509 3655 3565 Domino
3675 3510 3783 3565 35?»

2132 3601 2356 3673 Ergone
2388 3599 2563 3655 etiam
2597 3598 2880 3670 Spiritum
2908 3597 3135 3669 plorare
3166 3598 3489 3653 aflirmabis
3515 3600 3704 3664 PQuin
3728 3605 3787 3654 et

2129 3690 2291 3758 alibi,
2328 3694 2391 3744 ut
2424 3689 2771 3744 ostendatur
2801 3688 3140 3741 dominatus
3181 3687 3454 3758 Spiritus,
3489 3687 3570 3743 ita
3597 3687 3788 3759 loqui-

2130 3785 2225 3835 tur
2259 3796 2270 3833 :
2307 3801 2334 3829 «
2369 3778 2484 3851 Ego
2516 3776 2671 3832 enim
2699 3791 2831 3832 sum
2867 3775 3147 3831 Dominus
3179 3775 3334 3830 Deus
3367 3776 3469 3830 ³⁷.»
3506 3776 3705 3831 [tidem
3731 3782 3791 3833 et

2130 3868 2190 3923 in
2223 3867 2334 3923 alio
2376 3866 2605 3939 psalmo
2638 3881 2651 3920 :
2686 3886 2714 3915 «
2747 3864 2980 3931 Scitote,
3014 3867 3293 3935 quoniam
3346 3864 3631 3919 Dominus
3660 3865 3789 3937 ipse

2132 3963 2221 4013 est
2251 3963 2403 4012 Deus
2431 3956 2496 4010 ³⁸.
2532 3978 2560 4004 ››
2592 3955 2819 4009 Rursus
2850 3954 2989 4009 alibi
3027 3970 3038 4008 :
3074 3974 3103 4003 «
3134 3954 3376 4009 Audiam
3411 3954 3547 4025 quid
3582 3954 3785 4027 loqua-

2132 4052 2229 4102 tur
2258 4047 2317 4101 in
2351 4062 2442 4100 me
2472 4044 2756 4099 Dominus
2790 4045 2938 4098 Deus
2970 4043 3032 4094 3°.
3068 4064 3095 4093 »
3134 4042 3193 4097 In
3227 4042 3561 4115 Regnorum
3590 4047 3789 4100 autem

2134 4136 2303 4192 libris
2349 4150 2672 4205 coarguens
2703 4132 2786 4187 ita
2816 4132 2893 4186 ait
2926 4149 2939 4186 :
2976 4155 3003 4182 ‹‹
3039 4132 3294 4203 Spiritus
3347 4132 3579 4187 locutus
3608 4138 3699 4188 est
3728 4132 3787 4189 in

2137 4242 2229 4281 me
2260 4226 2323 4291 ‘0,
2351 4244 2377 4275 ι
2414 4240 2530 4278 non
2563 4239 2665 4293 per
2698 4238 2809 4276 me.
2836 4225 2905 4275 Et
2935 4225 2998 4276 ut
3029 4238 3096 4275 ex
3126 4220 3291 4275 Pauli
3326 4221 3662 4277 testimonio
3693 4239 3791 4278 co-

2137 4331 2407 4387 gnoscas,
2442 4312 2714 4383 quisnam
2749 4312 2825 4365 sit
2869 4311 2968 4381 qui
3002 4310 3081 4364 ita
3132 4309 3479 4382 loquebatur
3509 4327 3608 4382 per
3657 4328 3791 4382 pro-

2139 4405 2365 4476 phetas,
2400 4403 2523 4474 lege
2555 4417 2681 4471 quis
2731 4399 2969 4470 scripsit
3013 4398 3109 4454 ille
3139 4399 3196 4453 in
3246 4400 3504 4470 Epistola
3556 4402 3627 4455 ad
3680 4400 3791 4455 He-

2138 4494 2323 4548 braeos
2357 4509 2368 4546 :
2410 4515 2428 4539 ι
2468 4489 2845 4545 Multifariam
2882 4487 3203 4558 multisque
3241 4489 3432 4543 modis
3463 4488 3603 4544 olim
3636 4488 3792 4545 Deus

2139 4584 2369 4636 locutus
2393 4584 2482 4635 est
2512 4578 2774 4649 patribus
2807 4577 3025 4632 nostris
3056 4578 3115 4631 in
3157 4576 3475 4649 prophetis.
3511 4582 3570 4631 In
3606 4584 3794 4634 extre-

2144 4672 2255 4725 mis
2286 4669 2496 4725 diebus
2530 4668 2763 4723 locutus
2796 4672 2884 4721 est
2914 4666 3081 4720 nobis
3114 4664 3170 4719 in
3207 4666 3351 4721 Filio
3383 4666 3661 4739 “.Liquet
3694 4668 3798 4738 igi-

378 4760 496 4817 πῶς
528 4750 643 4830 ἔχει
678 4755 706 4808 6
737 4752 1150 4830 χρηματισμὸς,
1183 4752 1241 4806 ὃν
1274 4749 1642 4826 ἐχρημάτισεν
1672 4752 1699 4806 6
1731 4759 1862 4815 Θεος
1893 4754 2010 4827 πρὸ.

2142 4766 2258 4826 tur,
2292 4759 2476 4814 Deum
2534 4773 2662 4812 esse
2716 4755 3000 4827 Spiritum
3061 4759 3355 4809 sanctum.
3389 4758 3505 4827 Age
3555 4773 3796 4811 rursum

376 4846 469 4899 τὸν
532 4841 742 4899 Ἠλίαν.
795 4841 927 4895 Τότε
974 4841 1079 4915 γὰρ
1132 4840 1160 4892 6
1205 4839 1394 4901 Ἠλίας
1449 4840 1900 4915 κατενετύγχανεν
1951 4847 2010 4915 τῇ

2140 4850 2446 4903 videamus
2505 4846 2799 4917 quomodo
2859 4861 2921 4900 se
2988 4844 3201 4898 habeat
3254 4844 3557 4900 oraculum
3619 4845 3801 4913 istud,

384 4933 522 5005 Θεῷ,
574 4930 770 5007 λέγων·
805 4953 833 4982 ‹‹
863 4929 939 4984 Τὰ
989 4928 1344 5004 θυσιαστήριά
1395 4948 1492 4983 σου
1542 4927 1900 5004 κατέσκαψαν,
1940 4931 2030 4986 καὶ

377 5020 505 5083 τοὺς
554 5020 840 5096 προφήτας
887 5038 981 5072 σου
1036 5015 1384 5072 ἀπέκτεινανο
1443 5017 1592 5093 κάγὼ
1651 5018 2033 5098 περιελείφθην

387 5110 569 5185 μόνος·
603 5108 693 5165 καὶ
729 5111 949 5178 ζητοῦσι
987 5108 1088 5175 τὴν
1138 5108 1322 5182 ψυχήν
1375 5128 1480 5180 μου
1530 5110 1675 5184 ἆραι.
1712 5131 1741 5159 ››
1774 5110 2032 5187 Ἀποκρί-

2143 4953 2255 5009 quo
2287 4937 2440 4992 Deus
2473 4935 2703 4991 locutus
2758 4938 2849 4988 est
2880 4933 2950 4988 ad
3004 4932 3211 4988 Eliam.
3246 4935 3410 4988 Tunc
3459 4934 3615 4988 enim
3647 4932 3801 4990 Elias

2144 5028 2297 5098 apud
2332 5027 2515 5080 Deum
2548 5022 3017 5094 conquerebalur
3048 5022 3140 5077 his
3170 5023 3362 5077 verbis
3387 5040 3434 5078 ;‹‹
3462 5021 3684 5077 Altaria
3700 5026 3805 5078 tua

2143 5117 2580 5180 dextruxerunt,
2615 5116 2672 5166 et
2702 5111 3016 5183 prophetas
3049 5115 3182 5165 tuos
3215 5111 3576 5180 occiderunt,
3612 5114 3668 5165 et
3698 5125 3805 5181 ego

455 5238 501 5274 ³⁷
531 5239 644 5295 Isa.
697 5253 814 5292 Lm.
876 5234 940 5307 ,³⁸
968 5234 1139 5290 Joan.
1191 5251 1293 5307 xu,
1325 5234 1415 5307 377.
1493 5237 1539 5271 ³ο
1567 5237 1697 5293 Ose.
1743 5254 1820 5307 ιν,
1851 5240 1907 5293 5.
1985 5242 2010 5275 3‘

2143 5241 2222 5297 id.
2255 5243 2308 5296 6.
2386 5242 2429 5277 ³1
2459 5238 2612 5295 Psal.
2664 5254 2851 5305 LXXXI,
2900 5238 2953 5292 5.
3031 5239 3077 5272 ³³
3110 5243 3131 5291 l
3160 5239 3363 5294 Thess.
3392 5254 3448 5303 v,
3478 5239 3532 5292 5.
3608 5236 3653 5271 ³³
3682 5236 3805 5292 Jer.

382 5327 516 5381 xxv,
577 5312 627 5367 1.
702 5306 955 5381 “ibid:
1014 5307 1101 5363 10.
1177 5306 1222 5340 ⁸⁸
1274 5306 1434 5381 Βεοι.
1487 5324 1637 5377 xcw,
1700 5310 1755 5366 6.
1806 5306 1875 5345 ί³⁸
1931 5310 2010 5367 ibi

2154 5315 2197 5350 ³⁷
2256 5312 2411 5369 Psal.
2471 5328 2633 5378 Lxxx,
2694 5308 2782 5365 ll.

384 5378 608 5453 Lxxilv,
637 5382 692 5437 9.
768 5380 813 5415 ‘°
842 5378 891 5435 ΙΙ
926 5378 1067 5451 Reg.
1097 5395 1258 5446 χχιιι,
1290 5379 1344 5434 2.
1420 5380 1462 5414 ⁴¹
1496 5381 1668 5437 Hebr.
1703 5399 1743 5450 ι,
1779 5383 1830 5451 1,
1863 5386 1919 5438 2.

457 5526 571 5600 (92)
602 5525 779 5600 Basil.
813 5528 872 5600 et
918 5522 1208 5600 Anglic.,_
1227 5521 1684 5600 ἀποκρινούμεθα.
1735 5531 1883 5597 Mox,
1916 5533 2038 5585 An-

2890 5309 2933 5343 ³⁸
2990 5309 3145 5365 Psal.
3205 5326 3357 5376 xcxx,
3415 5310 3469 5363 3.
3545 5309 3590 5343 3’
3647 5309 3804 5365 Psal.

2225 5530 2335 5599 (94)
2370 5529 2462 5586 Sic
2493 5527 2632 5599 edit.
2666 5523 3036 5599 Commel._et
3068 5542 3212 5582 mss.
3247 5530 3455 5599 praeter
3478 5522 3807 5599 Basil.,_qui

386 5591 521 5672 gli'c.
554 5591 614 5672 et
635 5599 779 5672 edit.
814 5591 1240 5672 Paris.,'1:l_06_v
1265 5591 1440 5672 λέγει,
1466 5591 1640 5656 recte.
1673 5591 1880 5656 Ceteri
1905 5618 2040 5657 vero
2152 5591 2330 5657 habet
2360 5601 2387 5653 ὁ
2418 5594 2571 5667 θεός,
2604 5614 2784 5669 quam
2836 5594 3144 5653 lectionem
3178 5591 3482 5670 perperam
3535 5591 3804 5667 sequitur

384 5663 694 5745 Eumiedit.
722 5663 1033 5745 ΔςοιιιιιιοΙέ,
1062 5666 1124 5745 Τί
1158 5663 1249 5745 οῦν
1282 5663 1354 5721 οὐ⁷
1386 5663 1559 5745 λέγει.

457 5743 569 5817 (93)
600 5739 965 5811 Basiliensis,
997 5738 1049 5793 tv
1083 5738 1243 5811 ἡμῖν.

2155 5674 2293 5729 edit.
2327 5672 2647 5728 Parisiens.
