4136 6364
375 425 450 487 87
1555 425 1625 485 S.
1671 417 2210 482 ATHANASIUS.
2246 447 2319 466 -—
2353 417 2616 484 BUBIA.

3717 423 3798 490 68

378 559 615 614 relictus
646 572 777 611 sum
810 554 1066 621 solus,et
1097 558 1367 626 quaerunt
1397 554 1655 609 animam
1691 569 1878 609 meam
1912 551 2017 608 tol-

2137 569 2284 604 νεται
2333 551 2478 623 αύτῷ
2527 552 2555 605 6
2608 553 3028 627 χρηματισμός,
3084 576 3112 608 α
3159 553 3516 627 Ἐξελεξάμην
3576 555 3794 630 ἐμαυτῷ

374 647 491 703 lere
516 648 616 702 ⁴².ι
654 645 988 716 Respondet
1018 645 1065 699 ei
1100 644 1399 699 oraculum
1429 660 1442 698 :
1482 663 1502 690 α
1536 641 1726 713 Delegi
1760 641 1902 696 mihi
1936 657 2025 695 se-

372 737 525 808 pties
582 735 744 790 mille
800 735 975 802 viros,
1036 734 1133 805 qui
1195 751 1308 788 non
1368 733 1818 788 incurvaverunt
1871 747 2024 802 genu

370 825 534 881 Baali
568 826 668 879 ‘3.»
703 823 1021 878 Videamus
1054 823 1410 894 igitur,num
1444 827 1500 877 et
1530 820 1784 893 Spiritus
1816 819 2027 874 habeat

370 913 580 969 edendi
631 910 854 967 oraculi
907 916 1276 983 potestatem.
1323 911 1576 966 Simeoni
1623 914 1796 973 certe,
1827 913 1883 963 et
1931 924 2023 962 sa-

372 1001 588 1058 cerdoti
622 1005 678 1056 et
708 1001 854 1067 seni,
890 999 1195 1055 oraculum
1248 999 1543 1055 redditum
1576 1003 1664 1054 est
1694 1016 1727 1053 a
1754 996 1972 1070 Spiritu
2008 1013 2021 1050 :

373 1114 400 1141 ‹‹
430 1091 809 1161 Nequaquam
861 1088 1150 1154 morieris,
1185 1091 1326 1160 quin
1374 1089 1538 1160 prius
1586 1087 1799 1142 videris
1829 1085 2024 1142 Chris-

369 1183 498 1234 tum
529 1179 597 1234 ⁶⁵.
636 1200 664 1227 ››
696 1179 765 1232 Ει
795 1193 931 1234 cum
965 1177 1344 1232 induceretur
1375 1194 1518 1249 puer
1548 1177 1604 1230 in
1638 1176 1946 1246 templum,
1971 1179 2028 1229 et

371 1271 625 1340 gestaret
653 1282 788 1320 eum
817 1266 876 1320 in
909 1265 1065 1320 ulnis
1095 1266 1353 1330 Simeon,
1387 1271 1510 1320 tum
1541 1263 1842 1336 respondit
1878 1262 1975 1317 ille
2009 1279 2020 1316 :

375 1375 403 1409 ιι
431 1356 597 1410 Nunc
627 1354 878 1410 dimittis
909 1371 1140 1409 servum
1176 1359 1364 1421 tuum,
1399 1353 1664 1418 Domine,
1698 1352 2022 1407 secundum

369 1444 612 1501 verbum
643 1447 836 1510 tuum,
871 1443 930 1498 in
962 1458 1103 1514 pace
1135 1444 1196 1497 ‘7.
1238 1467 1257 1490 υ
1299 1443 1484 1515 Igitur
1514 1441 1792 1514 Spiritus,
1826 1445 1882 1496 et
1915 1441 2023 1496 Do-

373 1534 572 1590 minus
602 1541 656 1590 et
685 1532 864 1588 herus
895 1537 1002 1588 est.

371 1659 468 1715 l7
541 1658 626 1712 40.
689 1657 847 1726 Quod
902 1656 1116 1782 dicanth
1139 1657 1410 1783 priritum
1468 1657 1582 1711 vim
1643 1653 2023 1724 sanctiﬁcandi

1117 1746 1151 1783 a
1189 1745 1297 1783 ere.

1117 1745 1297 1784 avere.

436 1835 496 1891 Si
523 1833 926 1891 sanctiﬁcandi
977 1851 1194 1890 munus
1227 1850 1330 1906 per
1375 1834 1624 1906 gratiam
1675 1833 1725 1886 ei
1780 1847 2018 1888 conces-

2137 638 2588 715 ἑπτακισχιλίους
2651 639 2867 716 ἄνδρας,
2896 640 3088 704 οντινες
3123 642 3221 698 οὐκ
3278 640 3521 718 ἔκαμψαν
3560 645 3692 719 γόνυ
3721 649 3791 720 τῇ

2136 727 2304 784 Βάαλ.
2342 754 2368 779 ››
2402 725 2634 802 ’[δωμεν
2663 729 2778 803 οὖν,
2816 730 2862 786 εἰ
2893 730 2982 785 καὶ
3027 733 3090 786 τὸ
3139 734 3358 805 Πνεῦμα
3407 730 3523 809 ἔχει
3565 753 3790 809 χρημα-

2131 817 2346 888 τισμόν,
2396 822 2483 889 Τῷ
2533 821 2779 891 Συμεὼν,
2836 821 2971 892 ἱερεῖ
3001 816 3108 875 ὄντι
3140 821 3230 875 καὶ
3273 823 3506 896 γέροντι,
3537 822 3790 899 ἐχρημαο

2131 905 2285 976 τίσθη
2335 907 2480 978 αὐτῷ
2531 907 2634 962 ὑπὸ
2679 914 2777 963 τοῦ
2828 909 3168 982 Ῑῐνεύματος,
3217 911 3301 965 ὅτι
3332 936 3358 962 ι(
3394 911 3471 968 Οὐ
3533 914 3609 985 μὴ
3654 912 3792 966 ἀπο-

2134 996 2315 1069 Θάνῃς,
2355 997 2478 1071 πρὶν
2532 997 2591 1051 ἃν
2645 995 2762 1072 ἴδῃς
2809 999 2900 1052 τὸν
2952 998 3205 1074 Χριστόν.
3243 1024 3270 1049 ››
3301 1000 3400 1054 Καὶ
3452 999 3542 1055 δτι
3570 999 3785 1056 παιδίον

2134 1083 2426 1160 εἰσηνέχθη
2460 1085 2535 1147 εἰς
2582 1087 2645 1141 τὸ
2687 1087 2854 1163 ἱερὸν,
2903 1087 2992 1141 καὶ
3044 1083 3328 1143 ἐϐάστασεν
3375 1088 3533 1144 αὐτὸν
3585 1089 3637 1144 έν
3667 1096 3787 1153 ταῖς

2134 1173 2400 1247 ἀγκάλαις
2459 1174 2645 1243 αὐτοῦ,
2696 1177 2820 1231 τότε
2874 1176 3223 1252 ἀποκρίνεται
3284 1180 3534 1250 Συμεών·
3605 1203 3624 1229 ο
3679 1183 3784 1233 Νῦν

2134 1261 2394 1318 ἀπολύεις
2432 1265 2524 1317 τὸν
2589 1261 2785 1318 δοῦλόν
2835 1286 2971 1333 σου,
3024 1265 3298 1338 Δέσποτα,
3349 1268 3486 1324 κατὰ
3525 1269 3589 1322 τὸ
3639 1267 3789 1343 ῥῆμά

2130 1371 2246 1417 σου,
2280 1349 2330 1405 ἐν
2364 1350 2552 1428 εἰρήνῃ
2582 1356 2716 1427 (95).
2750 1377 2777 1405 ιι
2816 1355 3019 1409 Οὐκοῦν
3058 1354 3260 1430 Κύριος
3291 1356 3382 1412 καὶ
3429 1353 3694 1428 δεσπότης
3726 1355 3789 1412 τὸ

2131 1439 2374 1513 Πνεῦμα.

2263 1654 2350 1710 40.
2383 1654 2504 1711 ’Ότι
2539 1651 2758 1730 λέγουσι
2791 1652 2856 1710 τὸ
2890 1657 3116 1730 Πνεῦμα
3142 1656 3452 1733 ἆγιαστικὸν
3484 1657 3636 1717 εἶναι.

2198 1832 2260 1886 Εἰ
2298 1832 2390 1905 μὲν
2422 1829 2578 1903 ἐδόθη
2629 1832 2777 1906 αὐτῷ
2814 1835 2877 1888 τὸ
2927 1834 3168 1908 ἁγιάζειν
3217 1837 3352 1890 κατά
3398 1837 3582 1911 χάριν,
3637 1836 3782 1910 εύρί-

367 1941 498 1980 sum
549 1924 680 1993 fuit,
716 1923 1014 1979 invenitur
1061 1940 1200 1980 sane
1245 1923 1344 1979 ille
1393 1921 1712 1978 sacerdotis
1757 1921 2016 1976 ofﬁcium

2133 1942 2306 1976 σκεται
2339 1921 2524 1996 ἱερέων
2738 1927 2928 1977 ποιοῦν
2963 1920 3138 1998 ἔργον.
3173 1923 3250 1980 Ού
3295 1925 3396 1999 γὰρ
3443 1923 3662 1979 δύναται
3693 1927 3782 1980 καὶ

364 2030 648 2070 exercere.
698 2013 824 2068 Non
859 2013 1014 2068 enim
1058 2017 1250 2084 potest
1298 2016 1354 2068 et
1401 2011 1686 2068 Dominus
1733 2009 1934 2075 simul,
1966 2013 2017 2065 et

2133 2007 2396 2079 δεσπότης
2447 2010 2580 2065 εἶναι
2634 2011 2722 2065 καὶ
2771 2011 3061 2086 ὑπουργός.
3114 2013 3210 2066 Καὶ
3254 2011 3300 2067 εί
3356 2013 3451 2085 μὶν
3483 2013 3781 2090 ὑπουργὸς,

365 2102 635 2158 minister
665 2118 814 2157 esse.
847 2102 906 2156 Si
939 2101 1118 2172 igitur
1146 2102 1418 2156 minister
1445 2105 1556 2166 est,
1588 2115 2018 2171 supervacuum

363 2201 450 2246 est
479 2207 616 2263 ergo
647 2207 754 2246 nos
788 2190 1066 2261 baptizari
1095 2189 1152 2244 in
1203 2189 1437 2245 nomine
1469 2188 1749 2244 ministri.
1792 2188 2016 2242 Etenim

363 2280 635 2335 sacerdos
668 2296 782 2333 non
814 2295 1023 2349 aquam
1063 2278 1410 2343 sanctificat,
1445 2279 1544 2332 sed
1599 2274 2016 2344 ministerium,

364 2369 516 2440 quod
552 2367 892 2439 requiritur,
923 2367 1226 2439 adimplet,
1265 2383 1396 2422 cum
1435 2367 1490 2421 id
1525 2365 1699 2422 ofﬁcii
1731 2364 2020 2437 acceperit

362 2475 396 2514 a
425 2458 542 2513 Deo
572 2475 675 2529 per
721 2457 973 2529 gratiam
1029 2456 1089 2512 Si
1117 2457 1299 2528 igitur
1345 2457 1500 2511 idem
1553 2454 1691 2510 facit
1743 2454 2016 2526 Spiritus,

364 2548 520 2617 quod
553 2548 849 2616 sacerdos,
883 2547 929 2601 si
963 2548 1098 2601 data
1127 2552 1216 2601 est
1244 2545 1327 2600 illi
1364 2543 1612 2601 facultas
1643 2543 2016 2599 sanctiﬁcan-

363 2636 445 2702 di,
481 2641 546 2691 ut
574 2639 637 2690 tu
671 2635 780 2701 ais,
813 2652 918 2691 cur
950 2636 1114 2691 Pater
1139 2637 1465 2691 sanctiﬁcat
1486 2635 1512 2688 ‘I
1543 2633 1600 2690 Si
1646 2633 1886 2706 quidem
1918 2649 2015 2687 rex

365 2742 514 2797 opus
543 2723 718 2781 alicui
751 2725 1087 2796 iniungens,
1112 2725 1169 2779 id
1202 2724 1250 2780 ei
1283 2724 1574 2796 agendum
1602 2722 1886 2790 concedit,
1921 2720 2015 2777 cui

364 2815 641 2888 injungit,
677 2832 780 2870 nec
811 2816 936 2887 ipse
967 2820 1264 2886 operatur.

367 2940 455 2995 41.
499 2941 735 2996 Rursum
782 2939 1076 2996 haereticus
1133 2943 1192 2994 ut
1252 2939 1495 2995 ostendat
1549 2938 1691 3010 quod
1745 2939 2011 3010 Spiritus,

619 3013 848 3068 Verbum
879 3013 977 3067 Dei
1007 3014 1301 3068 Dominum
1329 3015 1630 3082 nuncupat,
1661 3012 1760 3065 ait.

439 3137 464 3168 α
497 3119 650 3175 Dixit
699 3119 978 3174 Dominus
1028 3119 1275 3174 Domino
1327 3135 1455 3174 meo
1489 3135 1502 3174 :
1537 3118 1684 3172 Sede
1732 3135 1766 3172 a
1795 3115 2013 3171 dextris

360 3209 508 3264 meis
537 3209 600 3264 ‘5.
638 3231 665 3257 ››
701 3207 908 3263 Volens
946 3212 1143 3262 autem
1201 3205 1469 3262 Salvator
1498 3206 1823 3273 ostendere,
1855 3205 2011 3276 quod

2128 2100 2377 2173 περιττὸν
2408 2100 2472 2153 τὸ
2508 2099 2850 2175 βαπτίζεσθαι
2881 2103 3031 2172 ἡμᾶς
3059 2101 3136 2163 είς
3159 2103 3222 2156 τὸ
3254 2097 3427 2174 ὄνομα
3454 2107 3550 2157 τοῦ
3583 2105 3782 2180 61:009-

2126 2193 2246 2264 γοῦ.
2283 2188 2379 2242 Καὶ
2410 2190 2511 2263 γὰρ
2545 2190 2572 2242 6
2605 2189 2776 2261 ἱερεὺς
2825 2189 2886 2244 οὐ
2939 2191 3001 2244 τὸ
3042 2188 3187 2264 ὕδωρ
3237 2192 3468 2265 ἁγιάζει,
3512 2191 3658 2247 ἀλλὰ
3683 2195 3782 2262 τὴν

2130 2273 2350 2330 δέουσαν
2410 2276 2704 2350 ὑπηρεσίαν
2764 2277 3127 2351 ἀποπληροῖ,
3186 2277 3432 2356 εἰληφὼς
3485 2282 3631 2355 παρά
3686 2281 3784 2336 τοῦ

2130 2370 2263 2420 Θεοῦ
2295 2365 2430 2418 κατᾶ
2460 2364 2646 2440 χάριν,
2699 2366 2761 2420 Εἰ
2811 2365 2902 2420 οὖν
2952 2367 3016 2420 τὸ
3067 2366 3194 2421 αὐτὸ
3244 2373 3393 2422 ποιεῖ
3437 2368 3500 2422 τὸ
3547 2370 3784 2443 Πνεῦμα,

2127 2455 2156 2510 ’ὁ
2203 2455 2292 2509 καὶ
2339 2455 2367 2508 6
2422 2455 2620 2529 ἱερεὺς,
2676 2455 2721 2509 εί
2772 2453 2930 2525 ἐδόθη
2985 2456 3131 2528 αύτῷ
3178 2458 3240 2511 τὸ
3296 2457 3552 2532 άγιάζειν,
3614 2459 3689 2522 ὡς
3721 2460 3784 2515 σὺ

2127 2543 2253 2621 φῄς,
2288 2541 2376 2598 διὰ
2404 2543 2455 2598 τί
2488 2545 2516 2598 ὁ
2555 2545 2747 2618 Πατὴρ
2789 2545 2994 2620 ἁγιάζει
3031 2566 3044 2614 ;
3081 2545 3344 2608 Βασιλεὺς
3394 2547 3517 2622 γὰρ,
3569 2546 3782 2606 ἐπιτάτ-

2123 2653 2233 2687 των
2264 2633 2370 2687 τινὶ
2397 2631 2579 2707 ἔργον,
2611 2632 2797 2706 ἐκείνῳ
2835 2640 3139 2710 συγχωρεῖ,
3188 2635 3234 2707 ᾧ
3283 2635 3554 2692 ἐπιτάττει
3583 2643 3778 2694 ποιεῖν·

2125 2719 2214 2776 καί
2245 2720 2342 2776 ούκ
2373 2720 2529 2783 αὐτὸς
2560 2721 2856 2798 ἐργάζεται.

2123 2937 2210 2993 41.
2244 2934 2420 3011 Πάλιν
2456 2936 2484 2988 6
2513 2935 2807 3011 αἶρετικὸς,
2861 2933 3036 3011 θέλων
3085 2932 3271 3006 δεῖξαι,
3320 2935 3402 3011 ὅτι
3435 2936 3512 3011 Δτὸ
3556 2939 3774 3011 Πνεῦμα

2330 3007 2525 3083 Κύριον
2558 3005 2716 3061 καλεῖ
2741 3007 2833 3061 τὸν
2865 3006 3036 3082 Λόγον
3066 3012 3163 3062 τοῦ
3180 3005 3354 3078 Θεοῦ,
3387 3007 3558 3082 λέγει.

2200 3137 2221 3163 α
2257 3112 2475 3167 Εἶπενό
2527 3111 2722 3182 Κύριος
2779 3116 2857 3182 τῷ
2915 3112 3092 3184 Κυρίῳ
3155 3133 3279 3184 μου·
3336 3113 3513 3177 Κάθου
3571 3113 3632 3168 ἐκ
3689 3110 3776 3168 δε-

2123 3203 2250 3272 ξιῶν
2279 3221 2403 3273 μου.
2441 3225 2468 3252 »ι
2499 3199 2684 3254 Θέλων
2710 3199 2767 3254 δὲ
2799 3201 2826 3254 6
2859 3202 3055 3274 Σωτὴρ
3109 3199 3276 3272 δεῖξαι
3308 3201 3392 3256 ὅτι
3421 3203 3483 3258 οὐ
3520 3202 3684 3276 μόνον
3716 3201 3778 3256 τὸ

359 3314 473 3354 non
508 3298 700 3354 solum
735 3297 991 3368 Spiritus
1023 3295 1320 3352 Christum
1353 3295 1666 3350 Dominum
1701 3298 1883 3360 vocet,
1908 3293 2008 3348 sed

2133 3293 2348 3362 [Ινεῦμα
2386 3289 2581 3364 Κύριον
2631 3287 2789 3345 καλεῖ
2835 3290 2927 3344 τὸν
2978 3290 3231 3366 Χριστὸν,
3281 3289 3430 3346 ἀλλὰ
3474 3292 3565 3346 καὶ
3617 3290 3777 3353 αὐτὸς

359 3388 516 3458 quod
551 3385 676 3457 ipse
707 3385 993 3451 Christus,
1028 3384 1313 3439 Dominus
1342 3400 1409 3439 ac
1448 3383 1604 3439 Deus
1631 3384 1731 3447 sit,
1763 3382 2012 3436 interro-

359 3480 530 3545 gatus
562 3492 596 3529 a
622 3473 824 3528 Judaao
855 3475 916 3527 in
949 3473 1068 3527 haec
1098 3473 1302 3528 verba:
1339 3495 1367 3523 «
1398 3471 1908 3542 Praeceptor,quod
1927 3478 2015 3527 est

360 3562 619 3636 primum
672 3560 1068 3617 mandatum?
1112 3560 1254 3616 dicit
1297 3561 1346 3615 ei
1385 3577 1397 3616 :
1432 3559 1648 3631 Diliges
1704 3560 2012 3615 Dominum

358 3657 542 3706 Deum
574 3655 743 3706 tuum
775 3667 844 3706 ex
872 3655 992 3706 toto
1024 3650 1196 3706 corde
1229 3653 1326 3705 tuo
1359 3651 1423 3703 ‘7.
1456 3648 1685 3704 Etenim
1728 3647 2015 3720 scriptum

357 3746 450 3797 est
481 3757 494 3794 :
526 3742 796 3795 Dominus
846 3741 985 3796 Deus
1024 3756 1170 3796 unus
1201 3741 1280 3795 est
1309 3739 1373 3792 ⁸⁸.
1430 3739 1766 3794 Secundum
1817 3741 2012 3793 autem

361 3831 742 3886 mandatum:
765 3829 982 3900 Diliges
1000 3829 1455 3900 proximumtuu
1468 3829 1706 3896 m,sicut
1723 3833 1778 3882 te
1795 3828 2010 3898 ipsum.

359 3919 510 3974 Tum
562 3918 865 3989 respondit
913 3919 1156 3974 Judaaus
1189 3937 1202 3974 :
1239 3919 1412 3973 Recte
1462 3917 1691 3972 locutus
1734 3934 1818 3987 es,
1869 3933 2014 3987 pra:-

360 4013 578 4079 ceptor,
610 4013 793 4062 Deum
827 4024 1011 4062 unum
1046 4023 1174 4062 esse
1204 4008 1268 4061 ⁸ο.
1305 4029 1332 4055 ››
1365 4007 1483 4062 Ηοο
1529 4011 1726 4061 autem
1755 4005 1916 4072 dixit,
1953 4008 2016 4060 ut

360 4096 634 4152 deitatem
669 4096 795 4151 Filii
845 4096 1206 4152 inﬁciaretur
1241 4113 1253 4150 :
1285 4094 1547 4150 Salvator
1585 4100 1780 4150 autem
1813 4093 2015 4150 volens

361 4185 733 4241 dominatum
786 4202 962 4241 suum
994 4201 1129 4240 cum
1157 4184 1343 4240 Patris
1388 4184 1688 4240 dominatu
1721 4189 2011 4254 coeptare,

362 4279 742 4345 percontatur
771 4290 838 4330 ex
869 4289 935 4329 eo
970 4291 981 4329 :
1021 4295 1046 4319 «
1073 4273 1220 4336 Quid
1254 4273 1447 4328 dicitis
1479 4274 1548 4328 de
1575 4273 1823 4337 Christo,
1844 4274 2014 4343 cujus

359 4361 542 4418 Filius
591 4363 728 4418 est?
757 4363 961 4432 Aiunt,
1016 4361 1214 4416 David.
1251 4384 1279 4410 ››
1330 4361 1662 4433 Respondet
1704 4361 2012 4417 Salvator:

361 4474 390 4502 ‹‹
425 4452 727 4515 Quomodo
781 4451 961 4522 igitur
993 4449 1168 4504 David
1216 4449 1273 4504 in
1320 4450 1538 4522 Spiritu
1591 4456 1794 4506 sancto
1845 4450 2014 4505 illum

355 4539 672 4595 Dominum
716 4537 1014 4610 appellat?
1050 4537 1109 4593 Si
1142 4538 1323 4609 igitur
1356 4537 1536 4593 Filius
1565 4539 1694 4609 ejus
1724 4544 1834 4610 est,
1870 4555 2015 4609 quo-

360 4630 536 4684 modo
549 4644 684 4683 eum
708 4627 1023 4681 Dominum
1046 4625 1316 4682 vocatw?»
1345 4627 1596 4681 Rursum
1621 4628 1891 4682 dixerunt
1908 4626 2012 4696 illi,

362 4733 498 4772 eum
578 4715 813 4786 ejiceret
887 4715 1176 4770 daemonia
1236 4732 1248 4769 :
1312 4738 1339 4764 «
1389 4715 1492 4770 Hic
1545 4714 1603 4769 in
1682 4715 2021 4771 Beelzebule

360 4803 628 4876 principe
651 4803 1065 4858 daemoniorum
1090 4803 1247 4874 ejicit
1268 4804 1552 4859 daemonia
1569 4804 1670 4858 ⁵¹.››
1695 4805 1918 4868 Quibus
1941 4805 2022 4860 ita

362 4893 680 4964 respondet
737 4910 748 4948 :
813 4914 840 4940 «
874 4892 933 4947 Si
989 4909 1095 4964 ego
1158 4893 1214 4946 in
1277 4892 1612 4948 Beelzebule
1668 4893 1859 4964 ejicio,
1916 4893 2022 4948 ﬁlii

357 4981 539 5036 vestri
573 4981 634 5034 in
667 4997 926 5051 quonam
944 4980 1185 5050 ejiciunt
1205 4980 1249 5014 ⁵³
1273 4980 1300 5033 ?
1327 5003 1351 5028 ››
1375 4983 1679 5051 Caeterum,
1708 4997 1844 5035 cum
1870 4979 2022 5036 ﬁlios

362 5069 524 5140 dicit,
559 5069 856 5140 apostolos
906 5068 1257 5137 subindicat,
1291 5086 1358 5125 ex
1407 5069 1554 5141 ipsis
1583 5070 1885 5136 oriundos,
1921 5071 2022 5142 qui

439 5197 485 5231 ιε
518 5196 593 5252 111
626 5197 764 5267 Reg.
798 5212 914 5262 χιι,
951 5196 1034 5249 ιο.
1111 5196 1156 5229 ιε
1203 5195 1345 5250 ibid.
1383 5187 1466 5249 18.
1544 5196 1589 5230 ιε
1626 5200 1758 5250 Luc.
1812 5211 1874 5261 11,
1916 5196 2007 5251 se.

2178 5196 2320 5252 ibid.
2369 5196 2462 5250 29.
2539 5197 2584 5231 “
2631 5195 2782 5252 Psal.
2832 5213 2946 5264 cu,
2999 5199 3049 5252 1.

366 5268 414 5306 ⁸⁸
443 5273 605 5324 Deut.
638 5285 715 5336 v1,
747 5269 800 5322 5.
878 5269 923 5302 ιθ
952 5267 1128 5323 Marc.
1162 5285 1264 5337 x11,
1291 5268 1382 5335 31,
1412 5268 1502 5322 32.
1578 5267 1622 5301 ⁵ο
1653 5267 1857 5322 Matth.
1891 5283 2017 5336 xx111

2133 5269 2248 5324 44.
2325 5268 2366 5302 ⁶¹
2399 5267 2540 5324 Luc.
2570 5285 2647 5337 ιι,
2685 5270 2769 5325 15.
2845 5269 2892 5304 ³³
2925 5269 3067 5326 ibid.
3099 5271 3186 5325 19.

437 5392 729 5465 (95)ηΗοεο,
788 5392 841 5445 ὲν
897 5390 1106 5465 εἰρήνῃ,
1167 5393 1399 5465 desunt
1441 5391 1499 5445 in
1558 5392 1697 5465 edit.
1737 5391 2019 5448 Commel.

366 5463 740 5523 BasiILVatic.
769 5465 878 5520 Sed
910 5463 1189 5537 leguntur
1218 5464 1276 5519 in
1311 5463 1452 5519 edit.
1486 5464 1669 5520 Paris.
1702 5470 1761 5520 et
1791 5465 2019 5536 Anglic.

365 5539 636 5608 lectaque
667 5543 804 5592 sunt
834 5554 867 5592 a
897 5536 1143 5608 Nannio.

579 5609 940 5682 Basiliensis,
969 5605 1178 5682 ἱερέως.

457 5675 550 5750 97)
578 5675 956 5752 Anglicanus,
988 5675 1301 5752 έρωτῃθιὶςΣ

457 5685 550 5750 97)
578 5685 956 5752 Anglicanus,
988 5685 1012 5732 ὲ
1052 5685 1301 5745 ωτηθιὶς.

437 5685 550 5826 ί98)
578 5752 958 5825 Anglicanus,
990 5697 1166 5808 ὅσση.
1197 5752 1255 5806 et
1285 5747 1494 5819 Vatic.,
1528 5747 1736 5808 ἑαυτόν.

2127 3379 2154 3432 6
2209 3378 2437 3452 Χριστὸς
2493 3377 2686 3450 Κύριος
2745 3379 2832 3434 καὶ
2892 3379 3024 3442 Θεός
3083 3379 3248 3447 ἐστιν,
3309 3379 3608 3450 ἂξετασθεὶς
3668 3383 3782 3454 (97)

2123 3467 2268 3542 παρὰ
2326 3464 2594 3524 Ἰουδαίου
2653 3465 2908 3543 λέγοντος
2942 3489 2956 3501 ο
2991 3493 3020 3520 ‹‹
3085 3470 3375 3523 Ἐπιστάτα
3408 3516 3423 3542 ,
3478 3469 3610 3524 ποία
3667 3468 3777 3524 ἐστῖ

2123 3556 2315 3631 πρώτη
2350 3554 2544 3626 ἐντολή
2581 3575 2595 3623 ;
2630 3555 2780 3631 λέγει
2829 3557 2998 3628 αὐτῷ’
3051 3558 3379 3632 Ἀγαπήσεις
3441 3557 3641 3632 Κύριον
3684 3557 3778 3613 τὸν

2124 3645 2250 3701 Θεόν
2312 3666 2406 3700 σου
2461 3645 2511 3715 ἐξ
2571 3643 2710 3714 ὅλης
2769 3643 2992 3722 καρδίας
3049 3666 3146 3699 σου
3183 3665 3196 3678 ·
3256 3645 3346 3702 καὶ
3406 3647 3509 3722 γὰρ
3563 3645 3782 3722 γέγρα-

2123 3752 2270 3789 πται⁶
2336 3733 2530 3807 Κύριος
2589 3735 2720 3797 Θεὸς
2780 3734 2857 3796 είς
2917 3733 3076 3790 ἐστιν.
3137 3739 3197 3790 Ἡ
3257 3731 3476 3810 δευτέρα
3533 3734 3727 3806 ἐντολή
3766 3755 3778 3768 ⁸

2125 3825 2452 3898 Ἀγαπήσεις
2501 3823 2593 3877 τὸν
2643 3820 2882 3892 πλησίον
2935 3843 3029 3876 σου
3080 3822 3155 3884 ὡς
3205 3823 3423 3878 σεαυτόν
3478 3828 3611 3895 (98).
3652 3824 3784 3879 Τότε

2123 3912 2384 3987 ἀπεκρίθη
2433 3912 2460 3965 ὁ
2513 3909 2776 3972 Ἰουδαῖος
2807 3931 2820 3944 ·
2871 3911 3078 3986 Ὀρθῶς
3123 3912 3302 3982 εἶπας,
3354 3912 3647 3984 ἐπιστάτα,
3698 3914 3783 3969 δτι

2125 4003 2152 4055 ὁ
2183 4001 2313 4062 Θεὸς
2347 4001 2424 4062 εἷς
2478 3999 2610 4055 ἐστι.
2648 4004 2877 4055 »Τοῦτο
2931 3997 2986 4056 δὲ
3032 3999 3236 4077 ἔλεγεν,
3282 4001 3371 4056 ἵνα
3403 4003 3501 4071 τήν
3553 4002 3784 4073 Θεότητα

2121 4090 2217 4145 τοῦ
2267 4091 2399 4144 Υἱοῦ
2451 4091 2772 4164 ἀρνήσηται.
2820 4096 2874 4144 '0
2925 4088 2983 4144 δὲ
3032 4092 3252 4166 Σωνήρ,
3307 4091 3650 4167 βουλόμενος
3679 4092 3779 4160 τήν

2123 4179 2420 4254 κυριότητα
2449 4177 2614 4234 αὑτοῦ
2646 4178 2876 4252 συνάψαι
2905 4183 2974 4251 τῇ
3024 4184 3119 4234 τοῦ
3169 4182 3387 4255 ΙΙατρὸς
3435 4184 3573 4253 (99),
3605 4179 3784 4251 ἄξετα-

2127 4273 2204 4336 ζει
2232 4267 2411 4322 αὐτόν·
2448 4291 2474 4317 ‹‹
2509 4268 2646 4343 Περὶ
2672 4273 2770 4322 τοῦ
2805 4271 3044 4341 Χριστοῦ
3092 4266 3144 4321 τί
3198 4267 3383 4343 λέγετε
3416 4285 3430 4336 ;
3462 4268 3608 4330 τίνος
3640 4269 3782 4324 ἐστὶν

2124 4357 2242 4418 υἱός
2279 4375 2293 4424 ;
2328 4355 2560 4431 Λέγουσι
2613 4359 2731 4412 Τοῦ
2783 4351 2969 4413 Δαϐίδ.
3010 4380 3039 4407 ››
3090 4357 3469 4432 ’Δποκρίνεται
3501 4359 3529 4411 6
3563 4361 3782 4435 Σωτήρ·

2133 4465 2157 4496 ιι
2192 4449 2321 4507 Πῶς
2367 4446 2459 4500 οὗν
2517 4440 2683 4499 Δαϐὶδ
2734 4444 2786 4498 ἐν
2844 4445 3122 4518 ΙΙνεύματι
3181 4446 3319 4522 ἁγίῳ
3376 4446 3571 4522 Κύριον
3623 4447 3782 4503 αὐτὸν

2125 4533 2331 4602 uulsi;
2383 4533 2446 4588 El
2498 4531 2588 4588 οὖν
2639 4534 2761 4595 Υἱὸς
2807 4532 2971 4588 αὑτοῦ
3019 4533 3154 4602 ἐστι,
3208 4539 3326 4596 τῶς
3379 4535 3537 4591 αὐτὸν
3587 4536 3782 4609 Κύριον

2125 4621 2330 4691 καλεῖς
2369 4649 2390 4677 ι
2430 4620 2606 4680 Πάλιν
2655 4619 2840 4698 ἔλεγον
2892 4621 3058 4694 αὐτῷ,
3119 4623 3208 4678 ὅτε
3264 4620 3524 4695 ἐξέϐαλλε
3582 4630 3661 4698 (1)
3717 4628 3785 4681 τὰ

2055 4685 2098 4748 D
2132 4685 2387 4788 δαιμόνια
2419 4732 2431 4746 ·
2493 4739 2522 4767 ‹‹
2591 4685 2771 4776 Οὗτος.
2819 4713 2870 4770 ἐν
2932 4685 3318 4786 Βεέλζεϐοὺλ,
3381 4685 3607 4793 ἄρχοντι
3641 4685 3787 4774 ’τῶν

2133 4801 2453 4876 δαιμονίων,
2476 4796 2733 4857 ἐκϐάλλει
2757 4803 2822 4857 τὰ
2839 4797 3115 4875 δαιμόνια.
3139 4825 3166 4855 ι
3199 4802 3325 4858 Εἶτα
3353 4803 3520 4881 λέγει·
3540 4829 3566 4855 (ι
3592 4805 3656 4863 Εἰ
3680 4806 3785 4883 ἐγὼ

2131 4892 2183 4947 ἐν
2214 4887 2546 4960 Βεελζεϐοὺλ
2574 4885 2854 4964 ἐκϐάλλω,
2885 4893 2952 4948 τὰ
2979 4893 3138 4950 τέκνα
3168 4893 3321 4966 ὑμῶν
3355 4895 3406 4949 έν
3434 4896 3541 4949 τίνι
3587 4891 3787 4952 έκϐάλ-

2134 4981 2323 5036 λουσιν
2357 5000 2369 5050 ;
2403 5004 2431 5032 ››
2463 4979 2765 5037 Αἷνίττεται
2818 4978 2875 5037 δὲ
2923 4981 3118 5043 αὐτοὺς
3164 4983 3344 5051 τέκνα,
3389 4981 3561 5060 λέγων
3593 5006 3790 5059 γεννη-

2135 5070 2320 5134 θέντας
2355 5070 2449 5144 μὶν
2509 5069 2560 5140 ἕξ
2612 5069 2787 5126 αὐτῶν
2832 5070 2959 5132 τοὺς
3009 5069 3366 5141 ἀποστόλους,
3416 5068 3788 5138 ἐκϐάλλοντας

3128 5199 3172 5236 ⁴⁷
3222 5199 3398 5256 Marc.
3449 5216 3552 5267 x11,
3599 5200 3787 5258 28-30.

2204 5394 2318 5464 (99)
2351 5391 2844 5466 Edit.7Commel.,
2873 5395 2972 5447 τοῦ
3003 5391 3343 5466 Πνεύματος.

2202 5465 2280 5537 (4)
2311 5464 2405 5520 Sic
2437 5465 2612 5520 editio
2654 5465 2936 5537 Commel.
2971 5464 3160 5522 Basil.
3181 5472 3237 5522 et
3281 5467 3465 5524 Vatic.
3497 5469 3698 5537 Ceteri
3732 5472 3790 5526 et

2131 5535 2643 5608 editQParisiens”
2691 5535 2934 5608 ὶξὲοαλε.
2969 5537 3145 5594 Paulo
3193 5538 3346 5594 infra
3391 5540 3556 5608 editi,
3589 5535 3788 5596 ἐκϐάλ-

2131 5605 2215 5664 λει
2246 5607 2310 5686 τᾶι
2354 5605 2641 5686 (iamduci,
2673 5605 2786 5686 sita
2830 5607 2998 5686 λέγει.
3033 5608 3468 5686 Rasilicnsiset
3509 5605 3786 5686 Aﬂnglica-

2129 5697 2262 5750 nus,
2295 5674 2554 5760 ξκξάλλει
2586 5674 2652 5760 τά
2697 5674 2961 5760 δαιμόνξα
2990 5678 3144 5755 αὐτὰ,
3177 5681 3293 5740 εἶτα
3323 5678 3497 5760 λέγει.
3548 5674 3786 5743 vation-

2126 5745 2262 5825 nus,
2295 5745 2556 5808 ὶκϐάλλει
2584 5751 2720 5807 αὐτὰ
2748 5745 2866 5808 εἷτα
2895 5749 3066 5829 λέγει.
