4136 6390
335 451 413 511 69
973 445 1075 507 DE
1117 443 1482 508 GOMMUNI
1528 438 2243 521 ESSENTIA:PATRIS
2286 440 2387 504 ET
2432 444 2614 503 FILII
2664 444 2761 505 ET
2809 442 3011 503 SPIR.
3057 444 3123 505 Β.
3676 451 3759 510 7O

342 582 399 640 δὶ
428 582 495 638 τὰ
526 580 782 655 δαιμόνια
812 578 863 634 ἐν
894 578 1116 653 ὀνόματι
1155 580 1334 648 Ἰησοῦ
1382 582 1477 633 τοῦ
1527 575 1853 652 Ναζαραίου,
1916 573 1991 637 ὥς

2110 577 2394 633 daemonia
2422 577 2795 649 expellerent,
2847 577 2903 631 in
2963 579 3198 634 nomine
3257 580 3393 635 Jesu
3456 582 3761 654 Nazareni,

332 693 515 753 φησιν’
552 674 615 730 Ei
645 672 711 727 τὰ
737 673 897 728 τέκνα
930 672 1081 744 ὑμῶν
1112 670 1249 747 πρὸς
1301 669 1364 724 τὸ
1408 668 1675 753 ἀπελάσαι
1734 665 1990 740 δαίμονας

2110 665 2271 736 quasi
2324 667 2541 722 diceret

2599 684 2610 721 :
2674 667 2730 721 Si
2790 666 2956 721 liberi
3002 667 3175 721 vestri
3209 668 3279 722 ad
3313 670 3604 726 daemones
3636 673 3758 743 pel-

335 752 622 838 ἀρκοῦνται
671 764 749 832 τῷ
797 757 1026 831 ὀνόματί
1073 779 1199 831 μου,
1235 756 1339 833 ἐγὼ
1371 755 1446 820 εἷς
1470 756 1531 811 τὸ
1563 752 1732 829 ὄνομα
1763 754 1991 823 Βεελζε-

2110 753 2328 821 lendos,
2352 756 2589 812 nomine
2622 772 2749 811 meo
2781 756 2925 811 satis
2957 755 3229 811 instructi
3261 764 3421 828 sunt,
3445 776 3549 832 ego
3579 760 3638 815 in
3665 778 3761 816 no-

333 845 472 906 606l
503 850 605 905 οὐκ
634 843 891 904 ἐκϐάλλω
920 849 987 901 ’ὰ
1017 844 1273 920 δαιμόνια

548 959 635 1012 42.
670 954 813 1031 Πρὸς
839 954 964 1016 τοὺς
995 951 1253 1029 λέγοντας
1285 951 1367 1007 ὅτι
1399 951 1540 1007 αἰτεῖ
1569 951 1596 1006 6
1628 951 1774 1013 Υἱός.

406 1060 799 1130 Κατασκευάζει
851 1060 879 1113 6
924 1058 1218 1135 αἰρετικὸς,
1262 1058 1352 1112 καὶ
1402 1058 1550 1133 λέγει
1600 1056 1822 1113 ἔλαττον
1855 1058 1988 1112 sinu:

330 1151 423 1205 τὸν
456 1152 705 1206 αἰτοῦντα
736 1146 1002 1211 διδόντος.
1045 1149 1167 1202 Ἐὰν
1199 1145 1289 1202 οὖν
1337 1148 1428 1202 τὸν
1482 1148 1692 1222 Πατέρα
1738 1146 1991 1201 αἲτοῦντα

332 1242 479 1315 παρὰ
525 1240 823 1316 ἀνθρώπων
869 1237 1114 1313 εὕρωμεν
1169 1236 1220 1291 ἐν
1266 1240 1335 1311 τῇ
1382 1234 1595 1306 Παλαιᾷ
1644 1238 1905 1309 Διαθῆκῃ,
1937 1234 1989 1290 τί

334 1328 553 1404 λέγεις;
605 1353 633 1380 ‹‹
692 1328 790 1382 Καὶ
839 1331 953 1401 νῦν,
1006 1325 1251 1403 Ἰσραὴλ,
1303 1324 1357 1381 τί
1410 1325 1609 1401 Κύριος
1654 1325 1792 1381 αἰτεῖ
1844 1324 1989 1401 παρᾶ

332 1423 450 1488 σοῦ,
478 1416 606 1474 ἀλλ’
635 1418 671 1487 ἢ
701 1417 765 1471 τὸ
795 1411 1076 1495 φοϐεῖσθαι
1109 1415 1267 1471 αὐτόν
1295 1433 1309 1485 ;
1343 1440 1371 1467 ››

333 1528 423 1583 43.
459 1524 590 1601 Περὶ
637 1527 736 1601 τοῦ
784 1516 1169 1601 ὁμοιοτρόπως
1227 1519 1469 1601 δεδόσθαι
1511 1522 1830 1601 τον-νόμον
1883 1521 1986 1601 ὑπὸ

402 1592 895 1670 τοῦς’Πνεύματος,
929 1592 1017 1650 8τέ
1047 1592 1206 1665 ἐδόθη
1240 1595 1269 1648 6
1312 1593 1478 1668 νόμος
1505 1598 1574 1670 τῇ
1612 1592 1982 1668 Πεντηκοστῇ,

403 1668 478 1731 ὡς
503 1667 554 1723 έν
582 1672 663 1740 τῷ
692 1667 805 1744 ὄρει
832 1672 982 1723 Σινᾶ.

397 1779 673 1850 Μαρτυρεῖ
729 1780 933 1843 Μωσῆς
995 1771 1190 1849 λέγων·
1244 1798 1272 1825 ‹‹
1336 1773 1435 1827 Καὶ
1491 1774 1555 1842 ἧν
1615 1774 1649 1842 ὴ
1705 1768 1833 1843 δόξα
1886 1775 1983 1826 τοῦ

340 1868 473 1920 Θεοῦ
518 1861 739 1936 Ἰσραὴλ
793 1862 845 1918 ἐν
888 1867 970 1935 τῷ
1017 1857 1130 1938 ὄρει
1182 1867 1335 1929 Σινᾶ,
1364 1863 1437 1923 ὡς
1468 1866 1574 1938 πῦρ
1604 1856 1916 1934 καιόμενον·
1950 1884 1978 1913 υ

2101 844 2261 899 mine
2294 844 2650 923 Beelzebulis
2683 862 2795 899 non
2829 845 2997 914 ejicio
3027 846 3335 901 damonis.

2234 953 2320 1005 42.
2354 954 2630 1008 Adversus
2660 968 2720 1007 eo
2749 954 2845 1023 qui
2873 952 3063 1008 dicunt
3091 953 3302 1009 Filium
3328 955 3630 1025 postulare.

2170 1058 2383 1130 Arguit
2434 1060 2764 1125 hareticus,
2820 1065 2994 1131 atque
3044 1060 3148 1123 ait,
3180 1060 3468 1116 minorem
3501 1078 3630 1118 esse
3663 1080 3763 1132 pe-

2098 1150 2319 1202 tentem
2352 1149 2572 1204 datore.
2598 1149 2708 1203 Sed
2742 1148 2789 1203 si
2824 1153 3055 1202 Patrem
3088 1149 3158 1203 ab
3193 1148 3535 1205 hominibus
3566 1155 3762 1222 peten-

2097 1240 2216 1291 tem
2249 1236 2618 1292 inveniamus
2650 1237 2707 1290 in
2740 1236 2931 1292 Veteri
2968 1238 3368 1301 Testamento,
3419 1239 3557 1309 quid
3613 1239 3759 1294 mihi

2098 1323 2214 1395 hic,
2249 1342 2467 1397 quaso,
2499 1325 2926 1398 respondebis?
2960 1348 2986 1375 ‹‹
3015 1326 3082 1410 Et
3121 1343 3297 1392 nunc,
3360 1327 3558 1399 Israel,
3616 1328 3757 1399 quid

2096 1414 2383 1471 Dominus
2417 1421 2556 1472 tuus
2587 1433 2619 1471 a
2650 1420 2704 1471 te
2738 1419 2901 1488 petit,
2935 1415 3049 1472 nisi
3081 1421 3145 1471 ut
3177 1416 3371 1487 ipsum
3403 1422 3632 1473 metuas
3651 1418 3757 1474 93?»

2149 1523 2237 1577 43.
2274 1522 2423 1590 Quod
2449 1524 2581 1594 pari
2610 1522 2764 1579 modo
2797 1522 2923 1578 data
2952 1525 3025 1577 sit
3058 1524 3147 1578 lea:
3175 1540 3209 1578 a
3238 1523 3456 1592 Spiritu
3480 1526 3541 1579 in
3563 1526 3707 1580 Pen-

2476 1616 2689 1684 tecoste,
2721 1619 2883 1685 atque
2914 1614 2975 1667 in
3004 1620 3184 1669 monte
3208 1612 3366 1669 Sina.

2165 1790 2442 1845 Testatur
2469 1790 2680 1857 Moses,
2714 1789 2917 1847 dicens
2960 1808 2973 1847 :
3023 1814 3051 1841 «
3111 1792 3179 1847 Et
3234 1796 3361 1847 erat
3413 1792 3600 1864 gloria
3655 1793 3757 1849 Dei

2092 1877 2271 1934 Israel
2330 1878 2390 1932 in
2444 1883 2643 1934 monte
2692 1880 2849 1949 Sina,
2884 1879 3060 1934 veluti
3094 1880 3246 1951 ignis
3275 1881 3487 1936 ardens
3518 1882 3597 1950 ⁵⁴;
3633 1903 3661 1931 η
3694 1886 3761 1937 ut

323 1951 417 2008 ἵνα
443 1954 718 2027 πληρωθῇ
760 1951 844 2007 τό·
902 1975 930 2005 ‹‹
981 1949 1093 2027 Πῦρ
1124 1950 1296 2019 ἦλθον
1330 1948 1514 2026 βαλεῖν
1550 1950 1637 2005 ἐπὶ
1666 1953 1766 2020 τήν
1794 1952 1916 2025 γῆν,
1950 1973 1978 2001 ››

2110 1967 2511 2040 idimpleretur
2532 1967 2734 2023 illudzu
2745 1948 2942 2041 Ignem
2967 1968 3097 2024 veni
3113 1948 3343 2025 mittere
3358 1969 3416 2024 in
3432 1948 3756 2042 terramﬂ,»

327 2046 435 2118 πῦρ
494 2041 597 2096 οὐκ
628 2040 999 2119 ἀφανιστικὸν,
1033 2038 1179 2095 ἀλλὰ
1209 2038 1549 2116 καθαρτικόν.
1584 2038 1682 2094 Διά
1709 2042 1869 2094 τοῦτο
1899 2038 1979 2110 τῷ

322 2128 517 2202 Ἠσαίᾳ
545 2127 754 2185 δίδοται
787 2128 839 2185 έν
871 2134 987 2191 τοῖς
1010 2126 1243 2204 χείλεσι.
1272 2128 1367 2183 Καὶ
1396 2127 1567 2203 λέγει·
1586 2154 1614 2181 ‹‹
1640 2125 1777 2182 Ἰδοὺ
1807 2127 1989 2203 ἀφῆκα

324 2220 421 2283 τὰς
441 2218 709 2295 ἁμαρτίας
732 2239 887 2274 σου·››
919 2218 1063 2273 οὕτω
1084 2217 1207 2274 τότε
1230 2217 1395 2295 ἐφάνη
1417 2219 1480 2274 τὸ
1505 2222 1724 2290 Πνεῦμα
1746 2218 1809 2272 τὸ
1830 2216 1985 2292 ἃγιον

327 2309 379 2365 ἐν
544 2309 900 2379 ΙΙεντηκοστῇ
953 2306 1005 2362 ἐν
1055 2305 1185 2362 εἶ’δει
1216 2303 1410 2381 πυρός.
1444 2307 1838 2383 Ἔμερίσθησαν
1886 2306 1988 2381 γὰρ

324 2397 571 2475 γλῶσσαι
620 2397 747 2452 ὡσεὶ
797 2397 992 2474 πυρὸς,
1032 2397 1120 2452 καὶ
1154 2396 1393 2451 ἐκάθισεν
1424 2398 1497 2469 (2)
1534 2394 1614 2473 ἐφ’
1642 2394 1736 2450 ἓνα
1764 2391 1985 2448 ἕκαστον

333 2486 533 2543 αὐτῶν.
586 2486 684 2541 Καὶ
734 2484 915 2562 ὥσπερ
965 2485 1016 2539 ἐν
1063 2485 1133 2560 τῇ
1164 2485 1397 2557 ΙΙαλαιᾷ,
1448 2484 1863 2563 ἐπιφαινομένου
1891 2485 1988 2537 τοῦ

374 2579 486 2643 εοῦ,
527 2574 715 2630 πολλὰ
761 2576 827 2643 ἦν
876 2575 945 2629 τὰ
988 2572 1391 2651 δορυφοροῦντα
1446 2570 1716 2651 φόϐητρα,
1760 2572 1989 2651 γνόφος,

329 2663 420 2719 καὶ
466 2661 693 2734 θύελλα,
741 2662 828 2716 καὶ
881 2660 1132 2737 σάλπιγξ,
1180 2662 1269 2716 καὶ
1322 2664 1565 2737 βρονταὶ,
1615 2668 1991 2738 περιηχοῦντα

335 2755 398 2809 τὸ
446 2748 595 2825 ὅρος,
648 2752 803 2806 ἅτινα
848 2751 915 2821 ἦν
965 2752 1550 2827 προπαρασκευάζοντα
1599 2751 1690 2805 τὸν
1748 2750 1879 2805 λαὸν
1912 2751 1988 2813 είς

337 2837 505 2920 φόοον
536 2845 638 2897 τοῦ
678 2839 998 2914 νομοθέτου·
1034 2838 1206 2902 οὕτως
1235 2839 1323 2895 καὶ
1354 2844 1452 2895 τοῦ
1483 2838 1640 2916 ἁγίου
1674 2839 1989 2913 ῙΙνεύματος

340 2930 646 3006 μέλλοντος
725 2928 1029 3005 ἐπιεοιτᾷν·
1106 2927 1196 2983 *ίνα
1257 2929 1469 3002 μάθωσι
1522 2934 1618 2983 τοῦ
1676 2929 1989 3002 ΙΙνεύματος

322 3022 423 3090 τὴν
475 3018 623 3093 ἀξίαν
681 3016 909 3091 ένδόεως
960 3017 1349 3095 έπιφοιτῶσαν.
1396 3021 1597 3093 Ὥσπερ
1650 3017 1702 3072 ἐν
1752 3023 1829 3089 τῷ
1875 3013 1991 3093 ὄρει

330 3108 530 3187 γνόφος
574 3109 663 3163 xui
714 3104 920 3172 θύελλα
962 3104 1324 3183 προέδραμεν,
1390 3106 1535 3162 οὕτω
1582 3107 1670 3161 καὶ
1739 3105 1826 3161 ἰπὶ
1896 3112 1991 3161 τοῦ

326 3198 647 3272 ΙΙνεύματος
716 3196 947 3272 ἐγένετο·
1022 3220 1051 3248 ‹‹
1118 3196 1204 3251 Ἐν
1250 3199 1329 3267 τῷ
1377 3193 1836 3271 συμπληροῦσθαι
1895 3197 1991 3265 τήν

330 3288 543 3364 ἡμέραν
593 3294 695 3356 τῆς
756 3292 1159 3356 ΙΙεντηκοσ-τῆς,
1208 3284 1415 3361 ἰγένετο
1443 3288 1586 3360 ἦχος
1617 3284 1799 3361 ὣσπερ
1831 3305 1989 3361 φερο-

339 3377 505 3452 μένης
536 3383 712 3445 πνοῆς
748 3374 946 3450 βιαίας,
978 3374 1068 3429 καὶ
1097 3374 1221 3430 τότε
1252 3371 1407 3453 ὣφθη
1438 3376 1501 3430 τὸ
1535 3378 1741 3447 Πνεῦμ,
1772 3374 1863 3429 καὶ
1896 3395 1987 3429 συ-

326 3468 526 3522 νέσεισε
553 3466 644 3521 τὸν
680 3466 851 3521 οἷκον.
890 3488 917 3515 ››

330 3663 417 3718 44.
449 3661 574 3717 ’Ότι
607 3656 859 3735 λέγουσιν
891 3659 943 3735 oi
972 3659 1261 3735 αἱρετικοὶ,
1292 3657 1376 3713 ὅτι
1424 3657 1488 3712 τὸ
1540 3661 1763 3731 Πνεῦμα
1813 3654 1987 3731 δῶρόν

922 3729 1041 3786 ἐστι’
1065 3732 1212 3807 παρὰ
1241 3734 1396 3787 Θεοῦ.

403 3840 595 3912 Ἡμεῖς
672 3836 905 3913 λέγομεν
984 3834 1157 3914 δῶρον
1242 3842 1389 3907 ζωῆς
1469 3835 1837 3913 (ἠλευθέρωσε
1891 3838 1992 3912 γὰρ

332 3930 503 4002 ἡμᾶς·
556 3928 585 3982 6
636 3928 739 4003 γὰρ
788 3926 958 4000 νόμος
1008 3932 1108 3981 τοῦ
1159 3926 1474 3999 ΙΙνεύματος
1515 3934 1615 3996 τῆς
1652 3932 1795 3996 ζωῆς
1826 3924 1995 3995 ἠλευ-

333 4018 566 4090 θέρωσεν
625 4018 822 4088 ἡμᾶς),
881 4015 971 4069 καὶ
1032 4013 1208 4090 δῶρον
1265 4013 1563 4087 δυνάμεως·
1640 4039 1669 4067 ι(
1748 4018 1997 4089 Λήψεσθε

334 4106 440 4183 γὰρ
492 4102 745 4176 δύναμιν,
814 4102 1139 4166 έπελθόντος
1190 4107 1287 4157 τοῦ
1335 4104 1490 4179 ἁγίου
1540 4103 1858 4177 ΙΙνεύματος
1916 4102 2000 4181 έφ»

341 4195 497 4267 ὑμᾶς.
536 4220 557 4248 ι
608 4194 798 4266 Ἡμεῖς
849 4189 907 4247 δὲ
959 4192 1049 4247 καὶ
1088 4191 1212 4247 Υἱὸν
1241 4193 1329 4247 καὶ
1362 4192 1628 4256 υἱοθεσίαν
1660 4189 1999 4266 δεικνύομεν,

337 4282 419 4340 δτι
475 4281 767 4358 ἐχαρίσατο
812 4280 875 4337 τὸ
926 4284 1150 4355 Πνεῦμα
1194 4282 1257 4336 τὸ
1314 4282 1464 4357 ἅγιον
1510 4286 1627 4344 τοῖς
1668 4282 1997 4357 ἀνθρώποις·

337 4372 425 4427 καὶ
480 4373 595 4444 μετ’
646 4369 831 4442 ὀλίγα·
890 4395 919 4422 ‹‹
971 4374 1101 4432 Πῶς
1154 4370 1282 4446 οὐχὶ
1314 4370 1404 4426 καὶ
1436 4371 1527 4425 σὺν
1562 4370 1706 4441 αὐτῷ
1736 4372 1801 4425 τὰ
1829 4373 2004 4426 πάντα

338 4464 473 4536 ἡμῖν
538 4459 871 4537 χαρίσηται;
929 4484 956 4510 ››
1004 4459 1094 4514 καὶ
1145 4460 1391 4535 ἑτέρωθι·
1446 4482 1473 4512 ‹‹
1522 4463 1639 4517 Ἵνα
1691 4458 1893 4534 ἴδωμεν
1938 4461 2004 4515 τὰ

340 4550 444 4606 ὑπὸ
490 4554 587 4605 τοῦ
637 4553 771 4604 Θεοῦ
825 4550 1153 4625 χαρισθέντα
1204 4552 1340 4623 ἡμῖν
1534 4574 1561 4603 ››
1611 4553 1864 4626 ΙΙερίτοῦ
1900 4573 2001 4624 μυ-

341 4638 568 4714 στηρίου
598 4646 698 4709 τῆς
728 4637 1130 4713 ἀνθρωπήσεως
1162 4636 1338 4713 λέγων
1373 4660 1423 4694 εν
1456 4642 1524 4713 τῇ
1556 4639 1693 4713 πρὸς
1719 4634 2004 4715 Ἐϐραίους

343 4726 609 4801 έπιστολῇ
685 4726 943 4802 παραθεὶς
1023 4725 1241 4789 Παῦλος
1305 4729 1403 4795 τήν
1469 4729 1771 4801 φάσκουσαν
1834 4726 1998 4799 λέξιν·
2034 4716 2079 4779 D

348 4815 551 4872 «Ἰδοὺ
604 4815 708 4891 ἐγὼ
759 4816 847 4869 xui
889 4814 956 4869 τὰ
1004 4813 1216 4888 παιδία,
1268 4814 1299 4870 ἃ
1352 4837 1444 4888 μοι
1499 4811 1695 4871 ἔδωκεν
1729 4818 1756 4870 6
1786 4817 1934 4879 Θεός·
1972 4842 1999 4869 ››

344 4904 691 4981 έπεργάζεται
748 4902 871 4979 περὶ
938 4904 1173 4979 Χριστοῦ
1244 4904 1438 4980 Λέγων·
1506 4927 1533 4959 ιε
1579 4906 1728 4960 Ἐπεὶ
1779 4903 1869 4960 οὗν
1936 4906 2004 4961 τὰ

344 4991 537 5050 παιδία
582 4993 972 5063 κεκοινώνηκεν
1024 4990 1254 5065 α’ίματος
1308 4995 1400 5048 καὶ
1450 4993 1670 5067 σαρκὸς,
1712 4995 1801 5049 καὶ
1839 4994 2001 5057 αὐτὸς

345 5080 745 5160 παραπλησίως
798 5084 1029 5157 μετέσχε
1070 5086 1177 5137 τῶν
1228 5082 1427 5138 αὐτῶν·
1472 5081 1561 5137 ’ίνα
1605 5081 1694 5138 διὰ
1715 5088 1814 5139 τοῦ
1843 5083 2000 5139 θανά-

346 5193 443 5227 του
488 5172 804 5246 καταργήσῃ
857 5169 949 5225 τὸν
1007 5170 1070 5225 τὸ
1116 5172 1318 5246 κράτος
1367 5168 1565 5249 ἔχοντα
1609 5177 1706 5227 τοῦ
1747 5174 1998 5246 θανάτου,

345 5260 590 5318 τουτέστι
638 5260 729 5315 τὸν
780 5253 1061 5317 διάϐολον.
1098 5284 1126 5311 ››
1184 5258 1385 5324 Παῖδας
1418 5260 1476 5317 δὲ
1504 5262 1670 5317 αὐτοῦ
1702 5261 1752 5317 έν
1783 5261 2001 5325 τούτοις

2098 2056 2317 2129 ignem,
2339 2074 2455 2113 non
2483 2056 2582 2129 qui
2606 2062 2996 2125 consumeret,
3017 2059 3118 2114 sed
3142 2059 3241 2131 qui
3266 2067 3562 2131 purgaret.
3596 2060 3759 2117 Ideo-

2100 2162 2214 2217 que
2242 2146 2337 2201 ille
2368 2148 2541 2203 datus
2572 2152 2661 2202 est
2692 2148 2854 2202 Isaia
2880 2148 2936 2202 in
2963 2148 3136 2203 labiis
3169 2150 3293 2205 suis
3315 2151 3589 2222 56.Atque
3621 2152 3759 2207 hinc

2099 2240 2207 2301 est,
2241 2237 2394 2307 quod
2428 2236 2571 2291 dicit
2604 2253 2615 2290 :
2649 2259 2677 2286 ‹‹
2712 2237 2853 2292 Ecce
2880 2238 3078 2293 dimisi
3107 2244 3341 2309 peccata
3383 2245 3485 2294 tua
3514 2241 3576 2296 ⁵⁷.
3609 2263 3639 2293 ››
3675 2241 3763 2297 Ita

2099 2328 2240 2380 tunc
2272 2341 2504 2397 quoque
2536 2327 2810 2398 apparuit
2839 2327 3088 2397 Spiritus
3134 2333 3373 2385 sanctus
3430 2329 3489 2384 in
3552 2330 3762 2386 Pente—

2101 2419 2280 2481 coste,
2306 2415 2364 2470 in
2396 2416 2589 2487 specie
2618 2415 2799 2487 ignis;
2840 2416 3160 2488 dispartita
3191 2419 3349 2473 enim
3380 2424 3519 2473 sunt
3546 2418 3760 2491 lingua

2100 2503 2270 2575 quasi
2330 2503 2505 2574 ignis,
2566 2508 2620 2557 et
2678 2505 2829 2558 sedit
2859 2520 3035 2575 supra
3066 2504 3329 2574 singulos
3361 2521 3563 2560 eorum
3595 2507 3657 2561 ⁵⁸.
3693 2508 3759 2561 Et

2104 2592 2244 2647 utin
2268 2593 2460 2648 Veteri
2489 2593 2864 2648 Testamento
2888 2594 2951 2657 5°,
2987 2594 3055 2647 ad
3092 2594 3190 2649 Dei
3225 2596 3592 2665 prasentiam
3652 2597 3759 2651 ad-

2098 2685 2456 2752 ventumque
2479 2680 2665 2737 multa
2684 2682 2961 2737 terricula
2991 2684 3640 2757 pavefaciebant.ca|igo
3672 2684 3759 2739 ni-

2102 2768 2343 2835 mirum,
2376 2769 2651 2841 procella,
2685 2771 2846 2840 tuba,
2880 2771 2980 2825 18
3013 2776 3069 2826 et
3096 2773 3356 2829 tonitrua
3390 2774 3461 2828 ad
3494 2777 3756 2830 montem

2100 2858 2425 2925 reboantia,
2461 2875 2587 2928 qua
2618 2859 2900 2930 populum
2949 2861 3021 2916 ad
3081 2862 3350 2918 timorem
3411 2862 3762 2934 legislatoris

2104 2947 2544 3017 praparahant;
2569 2948 2653 3002 ita
2681 2964 2913 3018 quoque
2944 2949 3162 3004 factum
3195 2957 3284 3005 est
3314 2967 3449 3005 cum
3482 2952 3765 3006 adventu-

2104 3052 2205 3089 rus
2263 3051 2397 3089 mox
2427 3040 2579 3090 esset
2607 3036 2858 3106 Spiritus
2902 3042 3143 3092 sanctus
3178 3055 3190 3091 :
3225 3044 3289 3093 ut
3342 3044 3761 3110 cognoscerent

2101 3123 2379 3195 discipuli
2408 3124 2755 3195 dignitatem
2788 3124 3041 3195 Spiritus
3066 3143 3198 3181 cum
3228 3127 3413 3198 gloria
3450 3128 3760 3184 advenien-

2100 3216 2239 3268 tem.
2271 3212 2370 3279 Ut,
2402 3213 2665 3283 inquam,
2692 3216 2750 3267 in
2786 3214 3209 3287 monte,caligo
3240 3221 3297 3270 et
3319 3217 3574 3288 procella
3618 3232 3763 3287 pra-

2106 3302 2414 3367 cedebant,
2464 3301 2549 3357 ita
2578 3318 2813 3374 quoque
2843 3302 2900 3358 in
2934 3304 3186 3359 adventu
3218 3305 3469 3376 Spiritus
3503 3324 3517 3361 :
3552 3328 3580 3355 ‹‹
3615 3306 3760 3361 Cum

2101 3390 2490 3462 compleretur
2519 3390 2645 3446 dies
2676 3396 3069 3459 Pentecostes,
3106 3394 3290 3449 factus
3320 3398 3409 3450 est
3430 3412 3611 3451 sonus
3635 3400 3766 3449 tan-

2099 3496 2279 3552 quam
2311 3480 2676 3537 advenientis
2706 3481 2953 3553 spiritus
2984 3481 3345 3538 vehementis
3366 3484 3409 3518 ⁶⁰
3435 3500 3447 3538 :
3481 3505 3508 3533 ››
3541 3488 3599 3540 et
3618 3488 3764 3541 tunc

2101 3569 2373 3642 apparuit
2403 3569 2659 3641 Spiritus
2694 3586 2705 3625 :
2743 3574 2799 3625 et
2830 3570 3129 3627 concussit
3159 3572 3422 3628 domum.

2101 3677 2189 3732 44.
2222 3676 2376 3747 Quod
2405 3678 2650 3733 haeretici
2680 3678 2893 3745 dicant,
2927 3678 3201 3749 Spiritum
3225 3679 3430 3735 donum
3478 3682 3585 3736 Dei
3628 3696 3766 3737 esse.

2174 3838 2300 3893 Non
2332 3853 2466 3893 eum
2502 3837 2757 3893 dicimus
2788 3838 3010 3894 donum
3064 3838 3194 3893 vita
3261 3839 3553 3912 (liberavit
3609 3839 3769 3895 enim

2106 3944 2247 3994 nos;
2308 3944 2444 3982 nam
2503 3925 2593 3981 lex
2646 3927 2896 3998 Spiritus
2952 3928 3082 3983 vita
3140 3927 3408 3984 liberavit
3453 3946 3559 3984 nos
3593 3930 3681 3999 ⁶¹),
3715 3932 3773 3983 et

2107 4017 2325 4072 donum
2359 4015 2659 4087 potentia:
2684 4016 3034 4088 «Accipietis
3064 4017 3219 4071 enim
3250 4019 3523 4071 virtutem
3558 4031 3771 4087 super-

2107 4104 2392 4160 venientis
2414 4104 2474 4160 in
2497 4122 2599 4160 vos
2623 4104 2876 4176 Spiritus
2900 4105 3196 4161 sancti.“»
3220 4106 3335 4161 Nos
3357 4110 3554 4161 autem
3580 4111 3773 4160 osten-

2109 4194 2306 4250 dimus
2337 4194 2493 4265 quod
2524 4194 2778 4266 Spiritus
2811 4200 3052 4251 sanctus
3085 4199 3141 4251 et
3174 4194 3382 4251 Filium
3413 4200 3470 4249 et
3501 4195 3770 4266 adoptio-

2112 4301 2243 4339 nem
2277 4284 2503 4340 dederit
2534 4283 2874 4339 hominibus
2895 4301 2906 4338 :
2927 4290 2983 4340 et
3016 4284 3187 4356 paulo
3220 4289 3386 4356 post:
3413 4284 3770 4348 «Quomodo

2112 4391 2227 4428 non
2260 4373 2433 4428 etiam
2467 4390 2598 4427 cum
2623 4388 2689 4427 eo
2712 4373 2880 4427 nobis
2912 4375 3110 4430 omnia
3141 4374 3445 4429 donaverit
3466 4373 3553 4427 5’?
3577 4395 3603 4423 ››
3630 4374 3773 4428 Item

2112 4461 2249 4517 alibi
2286 4478 2297 4515 :
2335 4486 2361 4512 (ι
2395 4460 2467 4517 Ut
2504 4461 2810 4518 videamus
2868 4478 2993 4533 qua
3052 4464 3267 4518 donata
3317 4462 3488 4518 nobis
3544 4466 3683 4516 sunt
3742 4479 3777 4516 a

2114 4557 2228 4606 Deo
2244 4551 2344 4607 ⁵³.»
2365 4556 2439 4605 De
2459 4551 2734 4623 mysterio
2767 4556 3050 4623 suscepta
3083 4551 3472 4606 humanitatis
3500 4549 3773 4622 loquens,

2114 4640 2173 4694 in
2234 4639 2491 4711 Epistola
2548 4640 2617 4694 ad
2676 4638 2945 4695 Hebraeos
2991 4640 3226 4705 Paulus,
3264 4639 3546 4712 posthac
3577 4639 3778 4695 addita

2110 4730 2322 4785 verba:
2353 4729 2537 4783 «Ecce
2569 4745 2695 4800 ego,
2720 4734 2776 4783 et
2808 4730 2992 4800 pueri,
3020 4746 3166 4801 quos
3186 4728 3330 4783 mihi
3354 4729 3515 4783 dedit
3550 4730 3719 4795 Deus;
3751 4751 3772 4777 ι

2112 4820 2182 4872 de
2212 4817 2442 4874 Christo
2477 4818 2559 4871 ita
2612 4817 3086 4874 sermocinatur:
3125 4841 3153 4867 ‹‹
3216 4818 3362 4885 Quia
3419 4835 3554 4890 ergo
3614 4816 3777 4889 pueri

2113 4907 2699 4962 communicaveruut
2744 4908 3018 4977 sanguini
3051 4912 3108 4963 et
3138 4907 3321 4975 carni,
3350 4907 3475 4978 ipse
3507 4905 3779 4961 similiter

2114 4996 2484 5068 participavit
2514 4995 2771 5062 eisdem;
2801 5000 2865 5050 ut
2893 5013 2994 5067 per
3024 5000 3270 5051 mortem
3328 4996 3586 5051 aboleret
3641 5010 3777 5049 eum

2112 5085 2212 5155 qui
2246 5084 2499 5139 habebat
2532 5084 2737 5139 mortis
2766 5083 3099 5155 imperium,
3134 5086 3191 5139 id
3223 5090 3333 5152 est,
3358 5084 3769 5139 diabolum“.-

2113 5173 2292 5230 Filios
2326 5178 2519 5228 autem
2551 5190 2689 5229 suos
2732 5172 2824 5228 his
2878 5174 3066 5229 verbis
3122 5172 3417 5246 apostolos
3477 5172 3778 5240 nominat;

2112 5278 2217 5335 per
2247 5279 2393 5334 quos
2424 5263 2593 5335 signa
2613 5268 2670 5318 et
2692 5262 2959 5335 prodigia
2981 5262 3038 5318 in
3065 5264 3238 5317 domo
3272 5260 3448 5317 Israel
3482 5261 3778 5317 facturum

418 5409 463 5482 ιβ
519 5412 681 5467 Deut.
742 5429 799 5477 x,
862 5410 948 5465 12.
1022 5410 1069 5446 ⁸⁸
1122 5412 1305 5468 Exod.
1360 5427 1512 5482 xxiv,
1575 5412 1660 5468 16.
1738 5412 1782 5447 ⁵⁸
1838 5412 1978 5469 Luc.

2110 5428 2142 5481 i,
2178 5411 2265 5465 49.
2344 5410 2388 5445 ⁵⁸
2420 5409 2532 5482 Isa.
2566 5409 2730 5482 v1,7ﬁ.
2807 5409 2851 5442 ⁵⁷
2882 5409 3022 5463 Luc.
3053 5406 3279 5482 v4,A23.A_
3309 5406 3365 5482 ‘3_
3388 5409 3513 5463 Act.
3546 5423 3609 5462 ιι.
3643 5406 3694 5477 1,
3720 5408 3777 5482 3.

345 5483 391 5556 δέ
420 5481 595 5556 Exod.
627 5500 742 5550 xxx,
770 5483 872 5556 18,
898 5482 985 5556 19.
1061 5482 1107 5519 ⁸ο
1136 5488 1263 5539 Act.
1301 5501 1363 5553 ιι,
1399 5486 1450 5554 1,
1480 5478 1538 5540 2.
1611 5484 1657 5521 ⁸¹
1692 5484 1859 5541 Rom.
1893 5501 1992 5541 vm

2128 5478 2223 5517 ’⁸³
2253 5482 2378 5537 Act.
2412 5480 2541 5550 1,8.
2616 5481 2662 5515 ⁸³
2694 5481 2861 5535 Rom.
2892 5496 3019 5550 vm,
3074 5479 3165 5531 32.
3241 5478 3287 5512 “
3344 5480 3365 5533 Ι
3422 5482 3550 5533 Cor.
3607 5496 3664 5546 ι,
3721 5478 3778 5533 2.
3854 5498 3863 5505 '

344 5555 392 5608 ε’
422 5554 596 5611 Hebr.
630 5572 695 5623 ιι,
730 5554 821 5624 13,
855 5554 944 5610 14.

440 5700 475 5753 2
512 5696 681 5755 Εᾱίι.
710 5697 1016 5772 C0mmel.,
1044 5695 1328 5771 ,ἐκᾶθῃσενο

443 5700 498 5845 3i
530 5772 683 5829 Edit.
714 5768 1020 5845 Commel.,
1044 5764 1203 5843 ὑμῖν.
1235 5764 1328 5831 Va'

530 5772 683 5829 Edit.
714 5760 1020 5845 Commel.;
1044 5760 1214 5843 ῖὺξιῐνῖ
1235 5764 1583 5841 Vaticanus,
1614 5768 1985 5842 Basilisnsis,
2013 5769 2241 5845 Anglic.
2274 5774 2333 5826 et
2356 5769 2497 5828 edit.
2529 5766 2638 5821 Par
2674 5764 2884 5834 siens.,
2915 5765 3075 5838 ἡμῖν.
