4136 6364
381 406 455 463 Ἠ
1581 388 1647 446 S.
1693 379 2216 445 ATHANASIUS.
2242 410 2316 421 —-
2348 376 2616 438 DUBIA.
3726 370 3803 429 72

384 531 698 590 Dominum
748 525 1025 592 Sabaoth,
1083 522 1447 578 habitantem
1507 518 1566 573 in
1625 519 1822 572 monte
1875 513 2034 578 Sion,

2165 511 2275 569 τοὺς
2323 504 2667 566 ἀποστόλους
2721 501 3000 576 ὀνομάζει,
3041 499 3120 578 ἐφ’
3151 497 3225 555 ὧν
3258 505 3463 573 σημεῖα
3490 499 3578 555 καὶ
3609 498 3807 574 τέρατα

385 625 604 679 edocet.
638 618 786 683 Quin
819 616 933 672 etia
962 614 1220 668 illustres
1254 612 1368 666 fore
1417 607 1779 681 pronuntiat,
1811 619 2040 659 eorum-

388 728 501 784 que
533 709 710 765 facies
742 703 1140 777 obsignandas
1166 718 1293 756 esse
1324 697 1513 770 sigillo
1571 695 1805 759 Christi,
1846 690 2041 746 erudi-

382 783 615 870 tosque,
668 813 782 852 non
809 797 934 865 jam
967 791 1244 861 deinceps
1277 789 1401 859 lege
1435 786 1634 848 Mosis,
1666 783 1882 854 quippe
1915 795 2041 850 quae

389 889 635 946 ulterius
661 902 772 940 non
806 881 1112 949 consistat,
1136 885 1191 934 et
1213 877 1367 949 quod
1402 877 1614 931 domus
1646 889 1771 944 quae
1804 872 2044 925 vocatur

382 978 564 1036 Jacob
598 973 873 1031 derelicta
902 969 978 1026 sit
1008 988 1040 1024 a
1071 968 1208 1024 Deo.

475 1264 565 1318 45.
600 1257 747 1328 Quod
776 1259 918 1313 Deus
948 1254 1196 1328 Verbum
1213 1249 1500 1328 defendat,
1534 1246 1715 1301 Patris
1741 1249 1793 1300 et
1823 1241 1964 1300 Filii

963 1323 1312 1382 concordiam
1353 1336 1481 1376 esse.

460 1442 527 1496 Et
558 1455 628 1494 ne
653 1435 970 1493 credideris
999 1432 1242 1488 vilitatis
1273 1444 1403 1484 esse
1423 1426 1621 1488 verba,
1645 1423 1744 1478 sed
1770 1418 2044 1476 humani-

386 1533 527 1590 tatis
561 1547 574 1586 :
605 1527 848 1586 vilitatis
879 1525 1117 1598 quidem
1153 1521 1397 1594 species,
1429 1514 1682 1573 amantis
1711 1518 1908 1568 tamen
1940 1510 2044 1598 ho-

389 1623 580 1678 mines
612 1597 923 1690 promissio
955 1611 1338 1669 est.Christus
1368 1605 1524 1663 enim
1553 1603 1818 1661 omnium
1852 1597 2046 1656 Domi-

384 1727 519 1780 nus,
578 1689 732 1762 idem
784 1703 882 1758 ille
939 1701 1038 1774 qui
1093 1698 1314 1756 Judaais
1376 1696 1496 1750 haec
1526 1693 1671 1748 dicit
1705 1709 1719 1748 :
1752 1713 1779 1740 «
1811 1689 1951 1753 Quis
1977 1703 2047 1742 ex

378 1798 543 1855 vobis
575 1795 769 1867 arguit
802 1809 894 1848 me
925 1792 995 1846 de
1028 1794 1262 1861 peccato
1291 1786 1383 1839 5‘?
1417 1807 1443 1833 ››
1505 1782 1688 1838 Filius
1749 1781 1876 1848 ejus
1933 1781 2044 1844 est,

389 1888 489 1960 qui
549 1865 669 1958 per:
706 1882 1053 1955 prophetam
1096 1877 1396 1934 Michmam
1429 1871 1690 1960 loquitur
1721 1886 1734 1923 :
1770 1891 1798 1916 «
1835 1865 2047 1960 P_op_ule

2165 1898 2343 1954 γοντος
2394 1873 2482 1930 διὰ
2529 1878 2624 1928 τοῦ
2678 1873 2958 1949 προφήτον
3011 1868 3270 1944 Μιχαίου·

386 1953 492 2046 iiii,
522 1953 662 2046 q'uid
695 1953 944 2028 ieciiibi
967 1969 995 2024 ι
1025 1974 1128 2024 aut
1159 1983 1275 2038 qua
1303 1965 1362 2019 in
1394 1979 1454 2017 re
1486 1959 1765 2017 molestus
1798 1955 1876 2011 fui
1908 1953 2046 2009 tibi?

381 2043 670 2137 responde
703 2060 848 2116 mihi
877 2060 944 2125 ιτς
969 2079 996 2107 ›)
1029 2062 1086 2111 et
1115 2055 1215 2127 qui
1245 2055 1304 2108 in
1340 2049 1666 2122 Evangeliis
1697 2047 1887 2102 dicit:
1923 2068 1949 2094 ‹‹
1984 2043 2044 2099 Si

383 2134 535 2210 male
559 2153 791 2209 locutus
813 2147 1375 2217 sum,testimonium
1402 2139 1640 2213 perhibe
1663 2138 1736 2191 de
1767 2134 1920 2190 malo
1940 2135 2042 2186 ⁸⁸.»

384 2245 566 2301 Filius
622 2242 750 2311 ejus
807 2237 1034 2301 itidem,
1081 2234 1182 2306 qui
1215 2249 1317 2305 per
1344 2229 1660 2285 .leremiam
1695 2226 1775 2281 ait
1809 2241 1821 2280 :
1858 2247 1884 2273 ‹‹
1922 2221 2046 2278 Dixi

383 2331 793 2390 habitantibus
827 2325 1027 2391 Israel,
1060 2323 1209 2391 Quid
1243 2322 1591 2376 invenerunt
1619 2317 1677 2370 in
1707 2332 1798 2370 me
1850 2318 2044 2385 patres

383 2421 565 2478 vestri
622 2418 818 2474 delicti
865 2420 966 2472 aut
996 2413 1246 2483 injuriae,
1279 2409 1434 2482 quod
1469 2409 1636 2478 longe
1668 2424 1702 2461 a
1729 2420 1820 2458 me
1852 2418 2044 2458 reces-

383 2512 570 2568 serint
589 2509 663 2563 ‘9'?
689 2527 713 2558 η
745 2507 788 2562 0
821 2504 1056 2576 qualem
1093 2501 1540 2562 humanitatem,
1577 2497 1632 2550 in
1666 2510 1782 2565 qua
1812 2492 2045 2546 bonitas

385 2606 680 2665 naturam,
714 2597 832 2650 imo
866 2591 1061 2664 potius
1094 2606 1207 2644 non
1244 2595 1362 2642 tam
1397 2591 1888 2653 naturam,quam
1917 2597 2046 2635 nos-

379 2694 504 2747 tras
530 2685 914 2760 cogitationes
939 2679 1321 2752 (exsuperat)!

655 2828 742 2882 46.
777 2823 1049 2895 Quomodo
1081 2823 1295 2878 bonitas
1323 2820 1422 2875 Dei
1446 2816 1784 2875 ostendatur.

461 2935 611 2991 Dicit
639 2933 820 2989 Mosi:
848 2954 867 2980 ι
893 2931 1008 3002 Ego
1038 2944 1168 2984 sum
1204 2932 1372 2993 Deus,
1393 2925 1490 2996 qui
1520 2923 1774 2978 retribuo
1806 2925 2044 2993 peccata

391 3027 702 3098 parentum
760 3021 820 3075 in
880 3019 1029 3074 ﬁlios
1060 3018 1123 3071 7°.
1159 3038 1186 3065 »
1219 3016 1284 3070 Et
1313 3015 1656 3084 quousque?
1686 3034 1713 3061 ‹‹
1745 3010 1938 3081 Usque
1969 3009 2041 3064 ad

389 3097 627 3170 tertiam
656 3117 714 3167 et
747 3115 1012 3182 quartam
1046 3101 1842 3178 generationem".»Attende
1874 3097 2042 3162 mihi,

395 3217 730 3275 quaeso,quo
764 3204 929 3271 pacto
961 3195 1244 3251 ultionem
1279 3193 1553 3248 extendat
1582 3205 1767 3260 usque
1785 3189 1855 3244 ad
1876 3204 2047 3258 quar-

2151 597 2203 650 ἐν
2251 601 2329 668 τῷ
2378 594 2512 668 θ’ίκῳ
2564 591 2781 668 Ἰσραὴλ
2833 593 3083 661 ποιήσει)
3157 589 3357 664 Κύριον
3410 583 3656 644 Σαϐαὼθ⁹
3715 588 3805 642 τὸν

2150 690 2504 741 κατοικοῦντα
2552 683 2602 738 ἐν
2653 681 2732 754 τῷ
2777 678 2889 756 ὄρει
2930 680 3096 752 Σιὼν,
3165 676 3422 734 διδάσκει.
3468 677 3700 738 Τούτους
3748 675 3808 732 δὶ

2151 773 2344 834 αὐτοὺς
2377 771 2636 850 φανεροῦς
2672 792 2832 847 φησιν
2866 767 3096 834 ἔαεπθαι,
3139 767 3201 820 τὸ
3233 767 3526 839 πρόσωπον
3576 785 3803 840 σφραγι-

2153 863 2414 934 ζομένους
2446 864 2514 931 τῇ
2541 863 2636 914 τοῦ
2687 861 2916 934 Χριστοῦ
2965 853 3242 934 σφραγῖδι,
3290 851 3717 926 παιδευομένους
3747 874 3807 907 τε

2155 951 2351 1026 μηκέτι
2397 951 2488 1004 τὸν
2548 946 2786 1009 Μωσέως
2825 945 2994 1019 νόμον
3034 946 3340 1017 μανθάνειν,
3372 947 3452 1014 τῷ
3488 941 3680 1016 μηκέτι
3708 962 3802 995 συ-

2149 1039 2390 1095 νιστάναι
2420 1038 2602 1108 αὐτὸν,
2627 1037 2716 1091 καὶ
2744 1037 2834 1091 τὸν
2868 1032 3207 1107 καλούμενον
3235 1033 3382 1087 οἷκον
3418 1026 3612 1086 Ἰακὼϐ
3642 1050 3804 1086 κατα-

2155 1127 2440 1206 λελεῖφθαι
2466 1127 2568 1182 ὑπὸ
2599 1130 2755 1182 Θεοῦ.

2155 1257 2242 1310 45.
2276 1256 2399 1311 ’Ότι
2429 1256 2526 1307 τοῦ
2559 1251 2770 1326 ΙΙατρὸς
2803 1248 2892 1303 καὶ
2921 1251 3018 1326 τοῦ
3049 1247 3178 1326 μ”ιοῦ
3198 1247 3306 1326 ,τὴν
3340 1243 3652 1322 συμφωνίαν
3675 1244 3806 1298 ἀπο.

2633 1317 2880 1396 λὸγιῖται
2915 1320 2942 1373 6
2973 1319 3102 1380 Θεὸς
3134 1317 3330 1393 Λόγος.

2224 1431 2321 1486 Καὶ
2371 1432 2447 1503 μή
2497 1427 2726 1502 νομίσῃς
2781 1425 3046 1487 εὐτελείας
3092 1424 3224 1479 εἶναι
3262 1423 3330 1477 τὰ
3361 1423 3598 1498 ῥήματα,
3661 1419 3808 1476 ἀλλὰ

2153 1518 2579 1599 φιλανθρωπίας·
2638 1514 2906 1576 εὐτελείας
2959 1515 3052 1587 μὲν
3100 1514 3201 1588 γαρ
3251 1511 3314 1567 τὸ
3366 1517 3581 1586 σχῆμα,
3613 1506 3806 1587 φιλαν-

2153 1613 2374 1688 θρώπου
2407 1607 2464 1664 δὲ
2513 1607 2576 1663 τὰ
2626 1603 2949 1680 ἐπάγγελμα
2996 1605 3093 1676 (θ’
3143 1602 3374 1688 Χριστὸς
3399 1601 3501 1676 γὰρ
3532 1599 3560 1653 6
3591 1599 3806 1653 πάντων

2156 1686 2374 1776 Κύριος,
2420 1696 2575 1759 οῦτος
2634 1696 2790 1757 αὐτὸς
2853 1695 2880 1747 ὁ
2941 1692 3114 1768 λέγων
3172 1687 3475 1750 Ἰουδαίοις·
3540 1687 3697 1749 «Τίς
3758 1686 3811 1758 ἐξ

2158 1772 2308 1862 ὑμῶν
2343 1786 2555 1862 ἐλέγχει
2605 1805 2670 1857 με
2701 1782 2824 1849 περὶ
2859 1779 3122 1856 ἁμαρτίας
3151 1798 3165 1847 ;
3204 1803 3230 1829 ››
3269 1778 3391 1838 Υἱός
3423 1778 3534 1832 ἐστι
3571 1779 3668 1830 τοῦ
3717 1772 3810 1830 λέ-

3308 1893 3333 1917 ‹‹
3381 1864 3520 1926 Λαός
3576 1884 3705 1935 μου,
3750 1861 3802 1916 τί

2153 1965 2390 2037 ἠδίκησα
2420 1986 2496 2035 σε,
2529 1964 2563 2032 ἢ
2597 1963 2646 2016 τί
2676 1959 3094 2036 παρηνώχλησά
3124 1974 3244 2022 σοις
3279 1952 3607 2030 ἀποκρίθητί
3643 1970 3809 2024 μοι’»

2151 2057 2241 2111 καὶ
2292 2057 2320 2110 6
2365 2058 2442 2128 (5)
2492 2051 2580 2108 διὰ
2624 2056 2731 2106 τῶν
2782 2047 3129 2124 Εὖαγγελίων
3187 2045 3374 2099 είπώνο
3427 2069 3455 2095 ‹‹
3515 2041 3578 2097 Εἰ
3627 2045 3806 2104 κακῶς

2154 2143 2419 2214 ἐλάλησα,
2485 2139 2828 2216 μαρτύρησον
2877 2136 2998 2210 περῖ
3049 2140 3145 2190 τοῦ
3194 2138 3384 2200 κακοῦ,
3449 2133 3477 2186 6
3526 2130 3652 2192 Υἱός
3696 2130 3808 2184 ἐστι

2151 2239 2252 2288 τοῦ
2307 2231 2561 2308 λὲγοντος
2620 2229 2752 2304 πρὸς
2812 2224 3096 2301 Ἰερεμίαν·
3163 2247 3189 2273 ‹‹
3248 2224 3414 2277 Εἶπον
3458 2224 3528 2294 τῇ
3559 2219 3810 2292 κατοικία

2154 2307 2397 2398 Ἰσραήλλ
2431 2320 2490 2374 Τί
2523 2318 2675 2394 εὗρον
2725 2318 2776 2372 ἐν
2809 2315 2932 2387 ἐμοὶ
2963 2314 3016 2368 οἱ
3063 2314 3288 2388 πατέρες
3340 2312 3492 2384 ὑμῶν
3537 2307 3808 2380 πλημμε-

2154 2411 2311 2483 λημα
2339 2412 2372 2478 ἢ
2407 2407 2670 2480 ἀδίκημα,
2705 2406 2788 2460 ὅτι
2828 2403 3128 2472 ἀπέστησαν
3178 2401 3267 2454 ἀπ’
3308 2400 3442 2471 ἐμοῦ
3497 2398 3741 2472 μακρανς
3775 2419 3804 2448 ››

2154 2503 2216 2553 Ὀ
2272 2508 2370 2568 τῆς
2420 2495 2825 2576 φιλανθρωπίας
2883 2491 3117 2560 ἐκείνης,
3173 2490 3223 2544 ἐν
3285 2487 3321 2562 ᾖ
3382 2486 3656 2562 ἀγαθότης
3705 2487 3802 2554 τὴν

2155 2589 2332 2668 φύσιν,
2387 2574 2600 2661 μᾶλλον
2648 2583 2704 2639 δὲ
2752 2583 2813 2637 οὐ
2858 2582 2958 2650 τὴν
3011 2579 3192 2657 φύσιν,
3223 2577 3369 2633 ἀλλᾶ
3399 2577 3498 2644 τὴν
3537 2574 3804 2648 ἡμετέραν

2154 2677 2465 2752 ἐνθύμησιν.

2329 2803 2416 2858 46.
2451 2802 2577 2861 ΙΙῶς
2609 2800 2644 2867 ἡ
2691 2794 2960 2873 ἀγαθότης
2983 2797 3081 2848 τοῦ
3116 2794 3249 2848 Θεοῦ
3282 2786 3625 2845 ἐνδείκνυται.

2918 2901 3060 2975 Ἐγὼ
3124 2899 3152 2953 6
3210 2899 3338 2958 Θεὸς
3410 2897 3437 2950 6
3513 2889 3804 2953 ἀποδιδοὺς

2224 2904 2384 2983 Λέγει
2441 2911 2520 2977 τῷ
2576 2909 2781 2961 Μωσεῖ·
2841 2927 2870 2954 ‹‹

3249 2984 3345 3040 Καὶ
3393 2982 3558 3059 μέχρι
3613 2982 3805 3049 τίνος;

2154 2999 2418 3073 ἁμαρτίας
2478 2995 2726 3068 πατέρων
2779 2990 2868 3046 ἐπὶ
2918 2989 3095 3044 τέκνα.
3150 3011 3177 3037 ››

2155 3110 2183 3138 ‹‹
2227 3085 2353 3142 Ἐπὶ
2411 3083 2601 3160 τρίτην
2650 3081 2740 3136 καὶ
2789 3080 3048 3153 τετάρτην
3096 3077 3298 3154 γενεάν.
3337 3099 3362 3126 ››
3419 3073 3667 3146 ΙΙρόσεχι
3690 3073 3809 3129 πῶς

2151 3177 2250 3244 τὴν
2284 3156 2552 3248 τιμωρίαν
2606 3167 2863 3239 ἥπλωσεν
2916 3167 3002 3222 ἐπὶ
3050 3166 3308 3241 τέσσαρας
3356 3161 3563 3239 γενεάς.
3614 3161 3720 3229 Τὴν
3753 3156 3811 3213 δὶ

396 3249 726 3275 Ί“’”’“’”“’⁷Ἰ’“⁷
765 3249 922 3271 ι--νντν
1673 3249 1689 3260 .
1895 3249 1911 3258 ,

390 3298 512 3346 tam
546 3290 999 3361 generationem.
1035 3285 1212 3338 Suam
1245 3297 1376 3336 vero
1407 3297 1546 3352 erga
1574 3278 1844 3332 homines
1891 3275 2047 3330 beni-

2165 3262 2571 3342 φιλανθρωπίαν
2603 3260 2706 3321 ἓως
2734 3260 2920 3326 τίνος;
2955 3281 2982 3309 ‹‹
3019 3256 3118 3314 Καὶ
3168 3258 3340 3310 ποιῶν
3391 3251 3540 3313 ἔλεος
3588 3249 3663 3311 εἰς
3719 3267 3812 3323 χι-

392 3380 678 3454 gnitatem
711 3373 1063 3450 quousque?
1099 3392 1124 3424 ιι
1187 3373 1256 3426 Et
1311 3370 1529 3425 faciens
1589 3366 2051 3422 misericordiam

395 3471 454 3524 in
489 3467 647 3522 mille
679 3463 1123 3538 (generationes)
1159 3457 1540 3530 diligentibus
1574 3472 1665 3511 me
1695 3456 1758 3510 ⁷³.
1796 3476 1823 3502 ››

394 3612 481 3666 47.
548 3607 697 3676 Quod
754 3621 944 3661 omnes
996 3603 1273 3674 prOphetaz
1311 3602 1368 3654 in
1401 3615 1574 3654 unum
1604 3597 1838 3676 collecti,
1869 3612 2054 3676 rerum

465 3700 499 3736 a
529 3669 750 3737 ϐλήειο
806 3679 866 3733 in
919 3669 1436 3746 carne-gestarum,
1493 3671 1814 3726 memoriam
1871 3669 2050 3723 absol-

467 3754 670 3808 ver-int.

464 3863 650 3914 Moses
683 3857 932 3928 ﬁguram
966 3854 1154 3909 crucis
1186 3849 1492 3908 constituit
1523 3865 1535 3903 :
1570 3849 1727 3920 quod
1774 3850 2055 3903 testatum

394 3964 629 4021 quoque
681 3945 819 4001 facit
846 3944 971 4014 ipse
1001 3941 1258 3997 Salvator
1291 3957 1303 3996 :
1342 3963 1362 3988 ι
1399 3937 1928 4006 Quemadmodum,
1962 3936 2052 3990 in-

395 4038 628 4109 quiens,
656 4034 849 4089 Moses
880 4030 1156 4087 exaltavit
1185 4033 1518 4100 serpentem
1551 4027 1609 4081 in
1641 4027 1869 4081 deserto
1901 4025 2054 4095 73,ita

394 4129 624 4198 oportet
664 4122 902 4177 exaltari
923 4121 1021 4175 19
1043 4119 1249 4174 Filium
1274 4117 1532 4172 hominis
1553 4117 1657 4170 7‘.»
1685 4115 1892 4170 Itidem
1916 4131 2053 4185 quo-

396 4230 511 4287 que
531 4219 588 4269 et
606 4211 783 4268 Jonas
806 4211 1011 4266 mortis
1033 4210 1161 4279 ejus
1178 4206 1520 4262 memoriam
1540 4204 2050 4274 i'ecit75.Siquidem

393 4303 494 4358 ille
529 4301 829 4357 descendit
865 4301 921 4354 in
961 4305 1178 4362 cetum,
1207 4301 1383 4368 atque
1424 4296 1579 4349 intra
1621 4294 1884 4348 triduum
1919 4293 2053 4346 inde

394 4390 950 4465 prodiit,factusque
964 4391 1054 4442 est
1067 4392 1240 4457 typus
1255 4382 1844 4440 resurrectionis.Hoc
1859 4382 2051 4452 ipsum

395 4483 589 4536 denuo
619 4477 884 4534 Salvator
918 4478 1424 4546 repctens,typum
1457 4472 1626 4526 illum
1659 4470 1881 4526 veritati
1917 4486 2053 4525 con-

395 4569 556 4624 ciliat
588 4569 789 4622 dicens
825 4582 838 4620 :
880 4589 899 4614 ι
935 4565 1097 4620 Sicut
1129 4563 1236 4617 fuit
1264 4562 1442 4616 Jonas
1475 4561 1531 4614 in
1565 4567 1765 4614 ventre
1791 4559 1898 4613 ceti
1949 4560 2051 4613 tri-

2163 3351 2356 3415 λιάδας
2384 3357 2501 3414 τοῖς
2536 3348 2780 3426 ἀγαπῶσί
2816 3369 2900 3421 με.
2937 3371 2964 3399 ››

2164 3605 2253 3660 47.
2285 3604 2468 3663 Ὅπως
2501 3601 2690 3660 πάντες
2726 3599 2775 3652 οἱ
2805 3593 3280 3674 προφῆταιηὸμοῦ
3311 3590 3686 3665 συναχθέντες,
3716 3586 3815 3655 τὴν

2515 3674 2739 3745 μνήμην
2771 3665 3087 3742 οἰκονομίας
3120 3665 3466 3740 ἐπλήρωσαν.

2234 3856 2438 3919 Μωσῆς
2485 3850 2576 3904 τὸν
2631 3848 2801 3904 τύπον
2847 3852 2946 3902 τοῦ
2990 3848 3220 3919 σταυροῦ
3269 3841 3511 3911 ἐποίησε,
3551 3839 3640 3894 καὶ
3675 3859 3814 3914 μαρ-

2161 3945 2314 4016 τυρεῖ
2344 3940 2372 3992 6
2406 3941 2624 4014 Σωτὴρ,
2660 3937 2861 4012 λέγων’
2897 3961 2924 3987 ‹‹
2960 3935 3058 3989 Καὶ
3090 3936 3168 4006 (6)
3199 3930 3376 3993 καθὼς
3412 3931 3612 3997 Μωσῆς
3632 3928 3814 4001 ὕψωσε

2161 4015 2251 4085 τὸν
2303 4024 2423 4105 ὅφιν
2473 4027 2524 4083 ἐν
2574 4031 2642 4099 τῇ
2692 4025 2906 4100 ἐρήμῳ,
2941 4023 3115 4085 οὕτως
3147 4021 3229 4077 δεῖ
3261 4021 3541 4094 ὑψωθῆναι
3569 4017 3661 4072 τὸν
3691 4015 3814 4070 ϊίὸν

2160 4123 2256 4174 τοῦ
2288 4117 2594 4193 ἀνθρώπου.
2634 4142 2653 4166 ι
2688 4115 2920 4188 Ὁμοίως
2949 4114 3039 4167 καὶ
3071 4113 3254 4172 Ἰωνᾶς
3292 4108 3514 4178 ἐποίησε
3541 4107 3641 4174 τήν
3679 4105 3817 4178 μνή-

2167 4230 2273 4281 μην
2323 4190 2419 4261 τοῦ
2469 4207 2716 4260 θανάτου.
2768 4201 3017 4272 Κατῆλθε
3068 4202 3168 4276 γὰρ
3202 4199 3276 4260 εἰς
3305 4199 3369 4253 τὸ
3388 4203 3579 4266 κῆτος,
3612 4190 3820 4248 καὶδιᾶ

2160 4300 2324 4372 τριῶν
2374 4297 2597 4368 ἡμερῶν
2657 4289 2911 4360 ἀνεδόθη,
2965 4289 3056 4344 καὶ
3114 4287 3312 4363 ἐγίνετο
3353 4285 3528 4346 τύπος
3556 4290 3655 4352 τῆς
3687 4282 3815 4337 ἀνα-

2167 4387 2423 4447 στάσεως.
2455 4387 2626 4437 Τοῦτο
2659 4379 2822 4436 πάλιν
2851 4379 2940 4434 καὶ
2975 4379 3003 4432 6
3037 4377 3232 4450 Σωτὴρ
3266 4369 3574 4442 ἀναλαϐὼν,
3607 4373 3698 4426 τὸν
3730 4370 3820 4425 τύ-

2163 4497 2268 4530 πον
2321 4475 2398 4535 εἰς
2448 4473 2709 4542 ἀλήθειαν
2761 4468 2972 4546 ἐκφέρει
3002 4469 3103 4541 (6')
3156 4465 3350 4540 λέγων·
3405 4488 3433 4516 ι(
3484 4460 3580 4519 Καὶ
3637 4461 3819 4524 καθὼς

2165 4563 2416 4633 ἐποίησεν
2449 4563 2631 4621 Ἰωνᾶς
2663 4559 2714 4613 ἐν
2747 4560 2816 4629 τῇ
2844 4555 3031 4628 κοιλίᾳ
3059 4558 3156 4610 τοῦ
3186 4557 3386 4624 κήτους
3428 4556 3575 4626 τρεῖς
3606 4549 3818 4624 ἠμέρας

393 4659 507 4714 bus
566 4656 770 4712 diebus
825 4663 882 4709 et
938 4655 1128 4707 tribus
1182 4650 1475 4719 noctibus,
1509 4649 1589 4704 ita
1620 4664 1852 4720 quoque
1883 4663 2047 4720 agere

2165 4652 2248 4708 καὶ
2277 4656 2423 4727 τρεῖς
2453 4649 2670 4720 νύκτας,
2705 4646 2876 4709 οὕτως
2911 4643 2992 4700 δεῖ
3023 4647 3246 4713 ποιῆσαι
3277 4643 3368 4698 τὸν
3408 4641 3532 4695 ι’ἱὸν
3577 4642 3674 4693 τοῦ
3724 4638 3815 4691 ἀν-

394 4749 624 4819 oportet
654 4744 869 4800 Filium
901 4741 1159 4797 hominis
1189 4740 1248 4794 in
1282 4739 1452 4795 corde
1482 4743 1646 4794 terra:
1676 4739 1736 4794 ⁷⁸.
1778 4761 1820 4809 »-

630 4871 717 4924 48.
753 4868 902 4937 Quod
927 4868 1176 4922 Trinitas
1206 4867 1277 4920 sit
1304 4866 1811 4921 consubstantiatis.

469 4978 618 5044 Quid
650 4981 740 5033 est
769 4974 964 5031 Deus?
995 4974 1272 5029 Omnium
1307 4971 1684 5043 principium,
1730 4974 2055 5028 secundum

395 5065 764 5140 Apostolum,
792 5065 1084 5120 dicentem
1120 5078 1132 5116 :
1170 5085 1198 5111 ››
1232 5060 1394 5117 Unus
1427 5065 1577 5115 Deus
1606 5062 1793 5132 Pater,
1826 5080 1895 5118 ex
1939 5079 2057 5134 quo

398 5157 598 5212 omnia
624 5156 688 5209 ⁷⁷.
717 5176 743 5203 ››
765 5153 1022 5209 Verbum
1067 5151 1223 5207 enim
1275 5150 1404 5220 ejus
1435 5166 1504 5205 ex
1530 5149 1656 5221 ipso
1687 5167 1790 5222 per
1817 5169 2058 5223 genera-

2162 4743 2383 4820 Θρώπου
2417 4739 2467 4795 ἐν
2500 4742 2567 4812 τῇ
2596 4733 2792 4814 καρδιᾳ
2821 4743 2920 4805 τῆς
2949 4738 3076 4810 γῇς,
3112 4758 3139 4784 ›)

2502 4865 2592 4920 48.
2624 4865 2740 4917 ’Ότι
2774 4865 2808 4930 ἡ
2841 4864 2920 4935 (7)
2949 4861 3110 4935 Τριᾶς
3143 4856 3458 4931 ὁμοούσιος.

2235 4973 2296 5027 Τί
2327 4972 2438 5028 ἐστι
2486 4969 2655 5039 Θεός,
2707 4975 2765 5024 Ἡ
2810 4970 3020 5022 πάντων
3049 4966 3196 5040 ἀρχὴ
3227 4965 3362 5018 κατὰ
3407 4962 3499 5015 τὸν
3551 4958 3820 5014 ’Δπόστο-

2169 5062 2266 5118 λον
2319 5061 2562 5137 λέγοντα·
2618 5085 2644 5111 ‹‹
2693 5060 2785 5121 Εἷς
2818 5057 2948 5119 Θεὸς
2982 5058 3010 5111 6
3041 5055 3255 5129 Πατὴρ,
3289 5053 3340 5123 ἐξ
3373 5051 3434 5106 οὗ
3464 5051 3531 5104 τὰ
3559 5051 3752 5104 πάντα.
3788 5070 3816 5100 ››

2172 5152 2269 5207 Καὶ
2295 5136 2405 5229 γὰρ
2427 5152 2455 5205 6
2498 5145 2671 5226 Λόγος
2704 5147 2753 5221 ἐξ
2787 5147 2950 5202 αὐτοῦ
2978 5149 3242 5222 γενητῶς,
3290 5142 3380 5196 καὶ
3417 5140 3480 5195 τὸ
3513 5141 3736 5212 Πνεῦμα
3766 5136 3818 5208 ἐξ

467 5329 512 5364 ⁵⁸
542 5327 710 5383 Joan.
741 5343 867 5393 VIII,
903 5326 990 5379 46.
1066 5323 1110 5357 ⁸⁷
1142 5321 1318 5377 Mich.
1353 5321 1512 5394 V1.3.
1589 5322 1635 5356 ⁸⁸
1664 5321 1832 5379 Joan.
1867 5340 2027 5393 xvm,

2225 5327 2271 5362 ⁶⁹
2296 5326 2415 5383 Jer.
2453 5342 2517 5394 ii,
2542 5324 2597 5380 5.
2674 5324 2719 5357 7°
2744 5322 2921 5378 Exod.
2953 5336 3048 5394 χιε,
3078 5318 3130 5373 5.
3209 5317 3252 5351 ’¹¹
3285 5315 3428 5370 ibid.
3503 5312 3550 5348 ’¹¹
3579 5310 3726 5367 ibid.
3757 5309 3813 5381 6,

396 5399 574 5457 Num.
605 5417 720 5471 XXI,
750 5399 804 5454 9.
855 5391 928 5432 ’τι
955 5396 1122 5452 Joan.
1158 5409 1246 5462 ιιι,
1281 5394 1365 5448 14.
1439 5393 1485 5427 ⁷⁵
1512 5397 1680 5450 Joan.
1716 5412 1778 5464 ii,
1815 5397 1865 5451 1.
1943 5398 1987 5432 ⁷⁸
2015 5391 2047 5451 h

2165 5398 2219 5456 h.
2253 5415 2356 5472 xu,
2391 5391 2511 5452 4οζ
2553 5397 2598 5432 ”¹¹
2632 5397 2652 5450 Ι
2684 5394 2811 5450 Cor.
2842 5407 2968 5460 viii,
2997 5391 3053 5446 6.

470 5571 548 5694 (42
577 5566 955 5694 ﬁuglicanus,
985 5563 1048 5618 τὸ
1079 5560 1370 5647 ἐπίταγμα,
1405 5568 1462 5619 et
1491 5564 1567 5620 ita
1593 5563 1734 5637 legit
1762 5565 2047 5623 Nannius.

473 5643 528 5694 (5
595 5640 638 5694 Ο
711 5645 832 5694 eest
859 5655 918 5693 in
953 5636 1178 5694 Anglic.

473 5636 548 5710 (5)
577 5640 638 5695 Ὁ
671 5636 832 5695 deest
859 5639 918 5693 in
953 5636 1178 5710 Anglic.

469 5707 548 5789 (6)
578 5713 642 5769 In
672 5711 900 5785 Anglic,
930 5707 1020 5764 καί
1050 5707 1230 5766 deest.

2233 5569 2335 5639 (θ’)
2367 5563 2753 5639 Augustinus.
2784 5559 3030 5639 ἐμφέρεετ

2233 5623 3144 5710 l7)'ArtiEuius_deest_inieditis,
3177 5632 3236 5687 et
3266 5630 3324 5686 in
3354 5626 3662 5694 Vaticano,
3713 5623 3816 5680 sed

2160 5701 2411 5770 habetur
2438 5709 2500 5766 in
2530 5707 2707 5778 Basil,
2739 5709 2797 5764 et
2826 5705 2887 5764 in
2915 5701 3142 5777 Anglic.
