4136 6372
298 396 376 456 ’13
931 394 1033 457 DE
1078 392 1438 458 COMMUNl
1487 394 1875 456 ESSENTIA
1921 394 2200 460 PATRIS
2244 401 2347 462 ET
2391 402 2571 463 FILII
2619 403 2716 463 ΕΤ
2762 404 2960 465 SPIR.
3010 407 3076 466 S.
3644 409 3721 466 74

305 526 469 581 αὐτοῦ
516 528 593 599 (8)
638 526 999 601 ἐκπορευτῶς.
1046 526 1177 581 Εἶτα
1224 531 1368 580 πᾶσα
1414 529 1448 595 ἡ
1502 525 1675 588 κτίσις
1729 524 1817 581 διὰ
1862 531 1957 581 106

2077 532 2310 600 tionem,
2372 541 2430 590 et
2493 535 2747 607 Spiritus
2813 551 2917 607 per
2980 538 3413 608 processionem
3471 541 3719 594 exsistit.

300 616 480 692 Λόγου
506 615 558 671 ἐν
592 616 862 690 Πνεύματι
884 615 1107 685 συνὲστη
1144 613 1582 693 δημιουργικῶς.

299 833 388 889 49.
412 834 531 886 Ὅτι
559 832 621 887 τὸ
647 834 724 906 (9)
763 830 1157 909 βλασφημῆσαι
1192 830 1267 891 εἷς
1287 831 1377 909 τὸν
1400 830 1535 909 ,Υἱὸν
1569 829 1646 892 εἰς
1676 830 1775 898 τήν
1803 829 1953 906 ἁγίαν

727 900 931 978 Τρισὶδά
966 900 1267 980 βλασφημῇ
1277 902 1365 955 σαί
1397 900 1482 956 ἐστ
1494 924 1524 957 ι.

374 1008 615 1071 Πολλοῖς
643 1014 749 1063 τῶν
793 1008 882 1064 ἐπὶ
914 1015 1016 1083 γῆς
1048 1003 1278 1086 φοϐερὸς
1308 1009 1335 1062 6
1368 1007 1566 1082 Κυρίου
1598 1006 1767 1082 λόγος
1799 1010 1956 1072 καθέ-

302 1120 517 1169 στηκεν,
550 1100 577 1153 6
613 1101 849 1177 φάσκων.
892 1124 911 1151 α
939 1105 1090 1153 Πᾶσα
1120 1097 1359 1172 ἁμαρτία
1379 1098 1467 1152 καὶ
1491 1095 1815 1176 βλασφημία
1836 1099 1958 1172 ἀφε-

302 1191 519 1259 θήσεται
546 1194 661 1250 τοῖς
693 1185 1026 1262 ἄνθρώποιςο
1070 1186 1128 1249 ὅς
1165 1184 1212 1242 δ’
1246 1188 1304 1241 ἂν
1338 1184 1462 1260 εἴπῃ
1494 1186 1664 1261 λόγον
1696 1188 1833 1241 κατὰ
1859 1191 1957 1241 106

299 1278 611 1351 Πνεύματος
660 1282 757 1332 106
807 1277 983 1353 ἁγίου,
1038 1276 1137 1332 οὐκ
1183 1277 1507 1352 ἀφεθήσεται
1562 1275 1708 1348 αὐτῷ
1751 1274 1875 1330 οὐδὲ
1907 1276 1958 1331 ἰν

295 1366 474 1439 τούτῳ
504 1366 582 1439 τῷ
612 1364 926 1434 αἷῶνι,οὐδὶ
958 1366 1008 1420 ἐν
1042 1371 1120 1438 τῷ
1154 1365 1475 1439 μέλλοντι.»
1510 1366 1608 1419 Διά
1635 1370 1795 1420 τοῦτο
1818 1385 1955 1440 παρ-

297 1462 436 1510 αινεῖ
464 1462 623 1510 πᾶσιν
654 1457 682 1510 6
712 1457 854 1517 Θεῖος
885 1454 1246 1522 Ἀπόστολος,
1288 1453 1482 1530 λέγων,
1532 1454 1614 1509 δτι
1664 1456 1726 1509 τὸ
1774 1454 1955 1529 γράμ-

303 1566 377 1618 μα
404 1544 728 1616 ἀποστείνει,
760 1546 821 1599 τὸ
854 1542 911 1599 δὲ
942 1549 1155 1617 πνεῦμα
1180 1549 1457 1613 ζωοποιεῖ.
1496 1543 1685 1599 Πολλὰ
1713 1544 1816 1619 γὰρ
1846 1547 1951 1596 τῶν

298 1633 453 1697 θείων
488 1636 713 1712 Γραφῶν
748 1632 835 1687 ἐὰν
869 1634 1004 1688 κατὰ
1032 1634 1093 1688 τὸ
1124 1632 1357 1709 γράμμα
1386 1633 1689 1705 νοήσωμεν,
1721 1632 1797 1694 εἰς
1832 1631 1953 1697 ἀθί-

297 1743 466 1795 σμους
502 1721 857 1800 βλασφημίας
889 1721 1308 1797 περιπίπτομεν·
1346 1721 1459 1776 οἶόν
1492 1720 1601 1776 ἐστι
1625 1721 1796 1776 καὶτὸ
1818 1743 1952 1796 προ-

295 1814 542 1884 κείμενον
586 1814 724 1883 ἡμῖν
773 1816 869 1866 106
926 1812 1125 1887 Κυρίου
1167 1810 1377 1885 λόγιον·
1414 1810 1546 1887 ὅπερ
1578 1809 1664 1864 ἐὰν
1698 1811 1833 1865 κατά
1862 1812 1953 1880 ξη-

2068 621 2286 678 Deinde
2320 624 2590 681 universa
2622 642 2817 681 rerum
2840 630 3052 681 natura
3083 642 3185 698 per
3204 626 3459 683 Verbum
3494 629 3553 684 in
3586 629 3717 701 Spi-

2068 710 2183 765 ritu
2216 713 2507 769 creatione
2537 716 2853 770 constituta
2882 718 2990 770 est.

2140 835 2227 890 49.
2260 837 2421 909 Quod
2451 838 2826 913 blasphemare
2852 841 2907 893 in
2942 840 3144 895 Filium
3167 840 3238 895 sit
3269 841 3647 913 blasphemare

2530 912 2586 964 in
2621 914 2876 965 sanctam
2907 912 3252 966 Trinitatem.

2140 1013 2439 1087 Plerisque
2470 1032 2693 1087 eorum,
2728 1018 2829 1090 qui
2861 1018 2918 1072 in
2959 1018 3132 1074 terris
3164 1019 3404 1091 degunt,
3438 1020 3721 1076 terribilis

2068 1108 2158 1158 est
2187 1120 2378 1158 sermo
2412 1104 2533 1172 Dei,
2569 1122 2684 1177 quo
2715 1108 2796 1161 ait
2829 1125 2891 1160 :«
2926 1107 3109 1163 Omne
3140 1113 3443 1178 peccatum
3476 1112 3532 1164 et
3563 1108 3717 1165 blas-

2068 1191 2307 1263 phemia
2337 1195 2668 1250 remittetur
2697 1194 3060 1265 hominibus,
3094 1197 3194 1252 sed
3230 1196 3325 1268 qui
3363 1198 3573 1252 dixerit
3600 1214 3721 1253 ver-

2068 1282 2209 1337 bum
2251 1289 2454 1339 contra
2481 1286 2763 1355 Spiritum
2809 1291 3103 1356 sanctum,
3141 1303 3256 1341 non
3289 1286 3619 1343 remittetur
3646 1287 3720 1358 ei,

2068 1388 2175 1426 nec
2205 1371 2265 1427 in
2297 1372 2404 1427 hoc
2453 1374 2684 1441 saeculo,
2722 1391 2827 1430 nec
2878 1378 2938 1429 in
2990 1376 3184 1430 futuro
3206 1376 3270 1432 ⁷⁸.
3296 1398 3325 1425 ››
3358 1379 3724 1448 Quapropter

2067 1477 2272 1515 omnes
2304 1461 2582 1517 admonet
2615 1463 2781 1519 divus
2815 1464 3433 1534 Apostolus,indicans
3465 1463 3719 1519 litteram

2066 1548 2352 1616 occidere,
2372 1550 2645 1621 spiritum
2668 1551 2982 1607 viviﬁcare.
3000 1552 3278 1625 Pleraque
3308 1553 3599 1623 siquidem
3624 1570 3720 1607 sa-

2066 1653 2299 1692 crarum
2323 1639 2761 1709 Scripturarum
2784 1640 2832 1695 si
2856 1641 3027 1712 juxta
3048 1639 3300 1696 litteram
3328 1641 3633 1709 sentimus,
3657 1642 3718 1695 in

2067 1726 2320 1781 nefarias
2344 1726 2693 1782 collabimur
2714 1727 3114 1800 blasphemiae
3136 1747 3147 1785 :
3168 1730 3361 1797 qualis
3384 1735 3472 1785 est
3492 1730 3592 1785 illa
3612 1730 3719 1786 Do-

2065 1816 2209 1870 mini
2232 1817 2525 1873 sententia
2548 1818 2822 1890 superius
2848 1818 3054 1885 allata;
3079 1821 3234 1892 quod
3258 1821 3518 1891 quidem,
3543 1822 3591 1875 si
3616 1821 3715 1876 ab-

299 1905 395 1973 ροῦ
438 1900 535 1963 τὰς
592 1898 762 1970 λέξεις
788 1897 794 1900 ⁴
821 1895 1163 1973 ἐκλάϐωμεν,
1208 1898 1271 1953 οὐ
1335 1899 1497 1971 μόνον
1550 1899 1624 1960 εἷς
1662 1898 1952 1971 ἀθεμίτους

2077 1904 2251 1961 solute
2282 1907 2610 1981 secundum
2642 1908 2818 1963 verba
2845 1908 3268 1981 intelligamus,
3294 1926 3408 1964 non
3452 1910 3624 1965 modo
3658 1909 3716 1964 in

296 1987 500 2051 ἐννοίας
556 1988 1014 2063 περιπεσούμεθα,
1070 1986 1216 2044 ἀλλά
1260 1988 1350 2043 καὶ
1398 1988 1557 2043 αὐτὸν
1608 1988 1700 2043 τὸν
1754 1987 1947 2063 Κύριον

297 2076 702 2151 ἐναντιούμενον
753 2079 925 2149 εαυτῷ
972 2077 1296 2153 εὑρήσομεν.
1353 2078 1473 2131 Ἐὰν
1534 2079 1638 2153 γὰρ
1686 2078 1746 2139 ’ὸς
1788 2076 1844 2131 ἂν
1876 2076 1950 2131 εἰ·

295 2188 370 2240 πῃ
400 2168 513 2241 (10)
545 2167 711 2242 λόγον
743 2170 878 2222 κατὰ
906 2171 1002 2222 106
1054 2168 1202 2236 Ποῦ,
1251 2166 1573 2237 ἀφεθήσεται
1615 2165 1783 2239 αὐτῷ,
1833 2170 1952 2228 πῶς

294 2255 453 2317 αὐτὸς
502 2256 530 2309 6
584 2256 708 2318 Υἱὸς
761 2255 925 2310 εἶπεν·
979 2279 1006 2306 ‹‹
1056 2260 1110 2310 '0
1140 2255 1586 2329 ἀπαρνησάμενός
1633 2276 1698 2328 με
1746 2251 1950 2329 ἔμπρο-

296 2348 413 2401 σθεν
457 2350 564 2401 τῶν
616 2346 937 2423 ἀνθρώπων,
988 2345 1372 2420 ἀπαρνήσομαι
1421 2346 1576 2420 κάγὼ
1624 2344 1784 2399 αὐτὸν
1850 2344 1950 2417 ἴμ-

296 2437 524 2507 προσθεν
573 2440 678 2489 τῶν
743 2432 991 2511 ἀγγέλων
1051 2439 1147 2489 106
1204 2438 1355 2490 Θεοῦ·
1414 2458 1443 2485 ››
1501 2434 1591 2489 καὶ
1641 2432 1829 2505 πάλιν,
1862 2433 1949 2488 ἐὰν

298 2530 442 2577 πᾶσα
473 2523 706 2597 ἁμαρτία
734 2524 823 2578 καὶ
859 2522 1181 2599 βλασφημία
1210 2522 1531 2598 ἀφεθήσεται
1571 2527 1688 2584 τοῖς
1740 2523 1951 2598 ἀνθρώ-

300 2632 449 2681 ποις,
478 2611 569 2665 καὶ
601 2611 731 2683 ὑπὶρ
763 2612 932 2685 ἀργοῦ
966 2610 1135 2685 λόγου
1167 2610 1470 2685 ἀπολογίαν
1517 2609 1786 2684 δώσομεν·
1836 2615 1953 2674 πῶς

303 2701 331 2755 6
364 2699 541 2774 λέγων
572 2699 661 2754 τὸν
694 2696 927 2776 ἀδελφὸν
958 2698 1144 2785 αὐτῷ,
1172 2698 1341 2772 μωρέ,
1366 2695 1559 2773 ἔνοχος
1579 2699 1723 2753 ἔσται
1752 2698 1827 2760 εἷς
1852 2700 1950 2767 τὴν

297 2790 509 2864 γὲενναν
544 2792 657 2858 (11)
688 2792 784 2842 106
805 2786 974 2863 πυρός
1001 2806 1014 2856 ;
1038 2784 1154 2848 πῶς
1179 2784 1236 2840 δὶ
1256 2788 1343 2841 καὶ
1367 2788 1394 2841 6
1414 2785 1715 2848 ἀπόστολος
1740 2785 1953 2850 Παῦλός

299 2896 458 2954 φησι·
477 2902 504 2928 ‹‹
529 2878 617 2945 Μὴ
642 2875 931 2932 πλανᾶσθεο
959 2873 1081 2930 οὔτε
1103 2875 1320 2951 πόρνοι,
1346 2872 1469 2930 οὕτε
1493 2873 1839 2950 μοιχοὶ,οὕτε
1860 2897 1955 2948 μα-

298 2965 550 3033 λακοὶ,οὐ
574 2962 913 3040 λοίδοροι,οὖ
954 2965 1195 3037 μέθυσοι,
1230 2963 1337 3039 οὐχ
1366 2960 1599 3040 ἅρπαγες
1629 2965 1762 3038 (12),
1800 2964 1954 3040 βασι-ε

298 3055 446 3112 λείαν
474 3059 606 3111 Θεοῦ
631 3052 1138 3130 κληρονομήσουσι.
1174 3078 1196 3106 ι
1228 3052 1322 3107 Καὶ
1357 3051 1403 3106 εἷ
1424 3057 1589 3107 ταῦτα
1619 3052 1791 3113 οὕτως
1816 3050 1955 3127 ἔχει,

297 3149 415 3205 πῶς
450 3140 793 3213 λοιπὸν,εἷπὲ
819 3139 1036 3215 μοι,δτι
1064 3146 1207 3196 πᾶσα
1238 3140 1477 3217 ἁμαρτία
1507 3139 1596 3194 καί
1631 3140 1957 3218 βλασφημία

2064 1995 2318 2050 nefarias
2340 1995 2683 2052 delabemur
2703 1998 3046 2069 sententias,
3065 1999 3207 2069 quin
3229 2003 3287 2055 et
3306 1999 3502 2071 ipsum
3523 1998 3717 2054 Domi-

2066 2102 2208 2140 num
2240 2084 2353 2140 sibi
2384 2085 2496 2155 ipsi
2526 2085 2889 2140 contrarium
2918 2087 3445 2157 deprehendamus.
3470 2087 3526 2141 Si
3556 2089 3716 2142 enim

2064 2173 2338 2244 quisquis
2359 2174 2601 2228 verbum
2624 2174 2837 2229 dixerit
2866 2180 3068 2230 contra
3089 2174 3321 2243 Filium,
3346 2176 3403 2231 id
3432 2175 3482 2231 ei
3517 2176 3715 2232 remit-

2063 2264 2239 2327 tetur,
2264 2278 2368 2316 cur
2399 2261 2579 2333 igitur
2604 2261 2783 2318 Filius
2806 2262 2947 2317 dicit
2970 2280 3022 2317 ;‹‹
3045 2263 3152 2326 Qui
3182 2280 3274 2320 me
3302 2265 3600 2336 negaverit
3628 2281 3719 2319 co-

2064 2367 2189 2407 ram
2224 2350 2583 2420 hominibua,
2609 2352 2831 2423 negabo
2872 2356 2929 2407 et
2958 2368 3063 2423 ego
3096 2369 3233 2408 eum
3265 2369 3461 2408 coram
3493 2352 3719 2425 angelis

2066 2439 2310 2495 Dei79P»
2342 2439 2482 2494 Item
2516 2440 2566 2494 si
2598 2456 2771 2495 omne
2802 2445 3106 2511 peccatum
3139 2447 3196 2498 et
3227 2439 3597 2514 blasphemia
3629 2458 3718 2498 re-

2066 2528 2334 2584 mittetur
2381 2527 2742 2595 hominibus,
2768 2533 2826 2583 et
2854 2529 2925 2584 de
2967 2530 3138 2585 verbo
3191 2532 3376 2586 otioso
3430 2531 3717 2586 rationem

2065 2616 2375 2683 dabimus;
2410 2615 2506 2685 qui
2551 2616 2615 2671 ﬁt
2644 2621 2709 2671 ut
2738 2616 2789 2671 is
2820 2617 2919 2687 qui
2952 2617 3207 2690 appellat
3256 2617 3491 2674 fratrem
3541 2635 3715 2674 suum

2064 2706 2467 2768 fatuum,reus
2498 2705 2575 2760 sit
2603 2705 2883 2777 gehennae
2916 2706 3071 2779 ignis
3092 2706 3172 2760 ὀἳ
3214 2711 3316 2762 aut
3364 2724 3469 2763 cur
3497 2707 3719 2763 Paulus

2068 2793 2368 2864 apostolus
2391 2794 2530 2848 dicit
2548 2809 2596 2848 τε
2623 2794 2704 2849 Ne
2725 2796 2930 2850 erretis
2953 2814 2965 2851 :
2987 2812 3174 2866 neque
3199 2796 3516 2868 fornicarii,
3532 2813 3720 2868 neque

2067 2882 2338 2945 adulteri,
2355 2897 2542 2952 neque
2562 2881 2787 2948 molles,
2804 2900 2993 2954 neque
3015 2884 3307 2955 maledici,
3325 2902 3510 2957 neque
3527 2886 3718 2941 ebrio-

2067 2970 2141 3035 si,
2187 2984 2370 3039 neque
2427 2986 2668 3040 rapaces
2722 2986 2970 3042 regnum
3018 2972 3118 3027 Dei
3169 2973 3717 3044 possidebunt3‘7»

2067 3059 2230 3125 Quod
2263 3058 2310 3113 si
2344 3057 2466 3112 haec
2498 3058 2579 3115 ita
2609 3076 2670 3114 se
2704 3058 2959 3114 habent:
2994 3060 3087 3115 dic
3120 3060 3265 3115 mihi
3296 3064 3586 3132 quomodo
3619 3064 3721 3134 ait,

2068 3161 2240 3200 omne
2272 3150 2576 3216 peccatum
2621 3150 2680 3200 et
2728 3146 2920 3201 omnis
2968 3147 3338 3218 blasphemia
3391 3149 3726 3204 remittetur

301 3234 623 3311 ἀφεθήσεται
655 3237 768 3294 τοῖς
803 3232 1109 3307 ἀνθρώποις
1137 3251 1149 3301 ;
1184 3230 1282 3285 Καὶ
1318 3230 1404 3285 ἐὰν
1438 3231 1603 3284 πάλιν
1627 3234 1787 3284 τοῦτο
1818 3229 1956 3299 ἀλη-

304 3322 349 3341 h‘
451 3319 475 3341 δ
513 3321 527 3341 \
605 3320 615 3339 Ι
647 3318 667 3341 Χ
788 3320 801 3336 ‘
876 3318 890 3341 Ἰ
1010 3319 1098 3341 Ἷκυ
1219 3321 1327 3341 Ιιῆἱ
1370 3319 1384 3341 ι
1427 3316 1510 3341 "n\
1558 3340 1567 3341 κ
1600 3340 1607 3341 κ
1656 3320 1739 3341 ’1‘-
1778 3318 1828 3341 ,,l
1923 3339 1932 3341 _

2077 3233 2455 3288 hominibus?
2506 3234 2897 3305 Rursumque,
2931 3235 2978 3290 si
3028 3253 3229 3291 verum
3281 3236 3427 3292 illud
3478 3242 3585 3309 est,
3622 3255 3727 3293 cur

304 3322 414 3394 Θὶς,
448 3319 537 3375 διὰ
563 3320 616 3375 τί
647 3318 839 3375 λοιπὸν
875 3318 1184 3394 ἐγκαλεῖται
1216 3321 1329 3391 (13)
1363 3319 1390 3373 6
1422 3316 1609 3380 ἅθλιος
1656 3318 1956 3394 Ὠριγὲνης,

305 3410 465 3473 τέλος
497 3408 780 3483 κηρύττων
835 3411 934 3477 τῆς
964 3407 1268 3478 κο)άσεως,
1320 3406 1372 3462 ἒν
1425 3408 1508 3469 οἷς
1558 3428 1689 3483 φησι
1738 3406 1959 3482 συγχώ-

309 3521 464 3577 ρησιν
521 3500 697 3569 πάσης
746 3497 1014 3574 ἁμαρτίας
1063 3498 1308 3572 γενέσθαι
1365 3496 1454 3550 καὶ
1503 3502 1619 3558 τοῖς
1657 3496 1961 3571 ἀνθρώποις

308 3588 397 3644 καὶ
444 3594 563 3650 τοῖς
611 3585 830 3659 δαίμοσι
880 3586 1027 3661 παρὰ.
1074 3590 1245 3654 Θεοῦ;
1296 3584 1469 3641 Πάλιν
1496 3606 1573 3655 τε,
1608 3584 1693 3639 ἐὰν
1725 3587 1759 3654 ἡ
1794 3584 1870 3646 εἰς
1900 3584 1962 3638 τὸ

311 3682 527 3750 Πνεῦμα
573 3677 634 3731 τὸ
686 3677 841 3751 ἅγιον
897 3675 1223 3753 βΛασφημία
1254 3674 1353 3729 οὐκ
1398 3672 1499 3749 ἔχῃ
1529 3677 1641 3748 (14)
1672 3675 1961 3750 συγχώρη-

306 3788 411 3836 σιν,
443 3765 496 3820 τί
526 3766 793 3843 μέμφεται
843 3766 877 3831 ἡ
927 3762 1226 3833 Ἐκκλησία
1278 3764 1515 3817 Νουάτον
1568 3757 1959 3834 ἀποϐαλλόμε-

304 3877 397 3911 νον
423 3856 521 3923 τὴν
576 3855 896 3926 μετάνοιαν;
947 3853 1024 3910 Τὸ
1057 3850 1114 3907 δὲ
1145 3851 1544 3927 σκοτεινότερον
1577 3851 1667 3906 καὶ
1700 3848 1963 3906 δυσκατά-

306 3943 517 4014 ληπτον
551 3941 723 3997 ἐκεῖνό
757 3942 921 4013 ἐστιν,
955 3940 1037 3996 ὅτι
1070 3940 1127 4002 ὃς
1160 3939 1206 3995 δ’
1237 3941 1295 3995 ἂν
1327 3939 1450 4016 εἶ’πῃ
1482 3940 1644 4017 λόγον
1685 3940 1821 3995 κατὰ
1866 3944 1964 3994 106

308 4033 461 4103 Ποῦ,
494 4032 820 4108 ἀφεφήσεται
856 4029 1021 4100 αότῷ·
1055 4029 1112 4090 ’ὸς
1145 4027 1190 4082 δ’
1220 4029 1279 4083 ἂν
1310 4027 1433 4102 εἷ’πῃ
1477 4028 1638 4103 λόγον
1687 4029 1822 4083 κατὰ
1867 4032 1965 4083 106

308 4119 643 4190 Πνεύματος,
678 4116 777 4171 οὐκ
808 4117 1133 4193 ἀφεθήσεται
1165 4114 1332 4188 αὐτῷ·
1368 4115 1505 4170 ὥστε
1535 4113 1773 4170 ἐλάττων
1824 4116 1963 4171 ἔστὶν

312 4209 340 4262 6
372 4207 495 4268 Υἱὸς
522 4207 667 4281 παρὰ
695 4206 757 4260 τὸ
792 4209 1012 4277 Πνεῦμα
1039 4204 1102 4258 τὸ
1136 4206 1289 4279 ἅγιον
1322 4204 1412 4258 καὶ
1445 4204 1533 4257 τὸν
1584 4205 1815 4278 Πατὲρα.
1867 4204 1966 4258 Καὶ

311 4302 429 4358 πῶς
456 4296 581 4357 Υἱὸς
615 4294 787 4369 λέγει,
821 4318 848 4345 ‹‹
886 4294 1029 4368 Ἐγὼ
1062 4293 1149 4349 καὶ
1183 4295 1210 4348 6
1242 4295 1429 4365 Πατὴρ
1455 4288 1509 4347 ἓν
1544 4292 1722 4365 ἐσμεν,
1776 4317 1803 4343 ››

316 4410 343 4437 ‹‹
376 4386 432 4438 Ὀ
467 4386 543 4457 μὴ
574 4389 749 4457 τιμῶν
780 4384 870 4438 τὸν
904 4383 1026 4437 Υἱὸν
1061 4383 1123 4436 οὐ
1152 4387 1288 4455 τιμᾷ
1305 4382 1396 4436 τὸν
1422 4382 1631 4457 Πατέρα
1656 4399 1669 4451 ;
1697 4406 1724 4433 ›)
1749 4381 1850 4439 Καὶ
1871 4384 1970 4437 πά-

316 4473 403 4529 λιν
463 4473 683 4528 ἐνταῦθά
730 4494 916 4550 φησιν,
964 4472 1047 4526 ὅτι
1098 4496 1127 4524 ‹‹
1172 4475 1266 4533 "Oc
1313 4468 1359 4526 δ’
1391 4470 1449 4525 ἂν
1484 4468 1607 4545 εἶ’πῃ
1639 4471 1803 4546 λόγον
1836 4475 1972 4527 κατὰ

236 4580 237 4583 ‘
318 4565 413 4615 106
475 4560 621 4629 1‘106,
669 4558 995 4637 ἀφεθήσεται
1049 4557 1232 4629 αὖτῷ;
1288 4583 1313 4608 ››
1364 4560 1503 4631 Ἀρα
1541 4557 1653 4625 οὗν,
1704 4558 1820 4612 εἰπὲ
1853 4581 1969 4632 μοι,

1853 4294 1941 4347 καὶ
1947 4338 1968 4363 ,

2071 3322 2251 3378 miser
2281 3328 2591 3377 accusatur
2616 3322 2914 3395 Origenes,
2935 3326 3091 3395 quod
3118 3326 3293 3380 ﬁnem
3323 3326 3577 3397 aliquem
3612 3344 3726 3399 p03-

2073 3427 2282 3466 narum
2307 3411 2646 3480 constituat,
2669 3428 2734 3466 ac
2757 3412 2995 3467 tandem
3030 3412 3435 3470 remissionem
3458 3416 3727 3472 omnium

2074 3504 2449 3571 peccatorum
2481 3499 2820 3555 hominibus
2852 3500 3069 3573 pariter
3088 3508 3146 3557 et
3170 3502 3533 3558 daemonibus
3556 3521 3589 3558 a
3610 3505 3727 3561 Deo

2072 3588 2310 3643 concedi
2346 3587 2656 3658 praedicet?
2690 3592 2941 3644 Rursum
2976 3589 3023 3645 si
3055 3589 3427 3662 blasphemia
3458 3593 3516 3647 in
3547 3594 3727 3665 Spiri-

2071 3681 2200 3732 tum
2234 3682 2504 3731 sanctum
2533 3677 2941 3733 remissionem
2967 3695 3080 3733 non
3108 3680 3301 3747 habet,
3327 3696 3508 3752 quare
3529 3682 3729 3753 culpat

2072 3764 2330 3821 Ecclesia
2358 3765 2645 3821 Novatum
2687 3766 3041 3836 rejicientem
3088 3768 3527 3839 paenitentiam?
3558 3771 3723 3834 Quod

2074 3861 2267 3911 autem
2317 3853 2807 3911 obscurissimum
2858 3860 2915 3910 et
2964 3855 3262 3912 intellectu
3303 3858 3723 3915 difﬁcillimum

2074 3954 2180 4010 est,
2204 3943 2436 4015 quod,ei
2464 3943 2563 4013 qui
2595 3942 2824 3998 locutus
2857 3945 3029 3999 l'uerit
3049 3950 3251 3999 contra
3272 3946 3503 4012 Filium,
3528 3947 3729 4003 remit-

2074 4036 2269 4087 tatur:
2296 4032 2348 4084 ei
2384 4047 2515 4085 vero
2547 4031 2648 4102 qui
2680 4031 2892 4086 dixerit
2922 4033 3162 4088 verbum
3208 4039 3411 4090 contra
3442 4036 3729 4107 Spiritum

2076 4126 2368 4187 sanctum,
2400 4134 2778 4191 nequaquam
2832 4122 3195 4190 remittatur;
3229 4124 3309 4179 ita
3341 4129 3407 4180 ut
3436 4126 3629 4181 minor
3660 4128 3736 4182 sit

2080 4208 2260 4264 Filius
2304 4208 2520 4279 Spiritu
2557 4213 2757 4263 sancto
2788 4213 2845 4263 et
2874 4210 3061 4265 Patre.
3088 4212 3277 4274 Quare
3320 4212 3504 4285 igitur
3531 4214 3611 4270 ait
3641 4215 3734 4271 Fi-

2081 4297 2195 4353 lius
2224 4314 2285 4351 :«
2310 4298 2427 4368 Ego
2450 4302 2506 4352 et
2538 4301 2706 4352 Pater
2728 4314 2913 4352 unum
2939 4316 3146 4355 sumus
3165 4301 3241 4369 ⁸²;
3265 4321 3290 4351 ιι
3321 4307 3396 4370 et,
3425 4303 3586 4367 «Qui
3618 4320 3737 4360 non

2079 4386 2329 4441 honorat
2350 4386 2587 4456 Filium,
2606 4403 2722 4441 non
2746 4386 2996 4442 honorat
3016 4393 3071 4443 et
3089 4388 3314 4444 Patrem
3334 4391 3418 4445 83?
3433 4412 3461 4441 »
3478 4392 3739 4463 itemque

2080 4475 2175 4529 hic
2206 4475 2285 4529 ait
2312 4493 2357 4528 ;‹‹
2388 4475 2729 4544 Quicunque
2758 4476 2968 4531 dixerit
2996 4478 3239 4531 verbum
3267 4484 3468 4535 contra
3498 4480 3738 4550 Filium,

2082 4563 2418 4618 remittetur
2438 4564 2485 4618 ei
2507 4563 2617 4618 8‘?»
2646 4564 2867 4636 Ergone
2887 4565 3111 4620 scilicet
3132 4568 3561 4625 condonabitur
3583 4569 3741 4627 blas-

323 4651 815 4725 συγχωρηθήσεται
846 4650 880 4717 ἠ
918 4648 993 4709 εἰς
1015 4648 1106 4702 τὸν
1133 4648 1253 4701 Υἱὸν
1284 4647 1498 4724 βλασιρη
1511 4647 1607 4720 μία
1625 4654 1741 4708 τοῖς
1761 4650 1960 4723 Ἀρεια-

2088 4653 2324 4725 phemia
2355 4654 2411 4706 in
2444 4653 2654 4707 Filium
2687 4654 2940 4720 Arianis,
2963 4655 3346 4725 Simonianis,
3368 4658 3741 4732 Sabellianis,

318 4737 553 4811 νοῖςρὶαί
584 4736 1071 4811 Σιμωνιανοῖς,καὶ
1105 4732 1519 4810 Σαϐελλιανοῖς,
1552 4736 1640 4791 καὶ
1676 4742 1973 4793 Φωτεινια-

2086 4740 2482 4807 Photinianis,
2516 4746 2573 4796 et
2614 4742 2857 4814 reliquis
2902 4744 3175 4799 omnibus
3207 4746 3307 4816 qui
3340 4747 3622 4803 adversus
3651 4748 3742 4803 in-

392 4911 435 4946 "
467 4909 811 4989 Matthgxn,
841 4908 1059 4989 31,32.
1134 4908 1179 4943 ⁷⁸
1211 4909 1350 4964 Luc.
1384 4924 1485 4976 x11,
1516 4908 1569 4962 9.
1647 4908 1693 4944 ⁸ο
1723 4907 1931 4964 Matth.

2077 4912 2139 4964 t2.
2215 4910 2259 4945 δι
2296 4909 2319 4963 Ι
2351 4912 2478 4965 Cor.
2510 4926 2588 4979 vr,
2619 4910 2674 4981 9,
2709 4911 2801 4967 10.
2879 4911 2925 4946 ⁸³
2956 4911 3126 4969 Joan.
3158 4930 3215 4979 x,
3248 4914 3337 4971 30.
3415 4914 3459 4950 ³⁸
3489 4917 3654 4973 Joan.
3686 4933 3745 4989 v,

321 4984 413 5039 23.
488 4983 536 5019 ⁸⁴
567 4981 775 5039 Matth.
813 4996 916 5049 xn,
946 4980 1036 5036 32.

396 5146 593 5224 (8)_’_E£
619 5146 809 5224 αὐτοῦ,
841 5149 1008 5224 deest
1049 5146 1109 5203 in
1141 5147 1563 5224 ed._Cpmmel.,
1590 5147 1692 5203 sed
1736 5146 1986 5224 habetur

329 5219 678 5294 in'reliquis
696 5219 973 5276 omnibus
1004 5235 1136 5294 cum
1165 5219 1361 5294 editis,
1385 5226 1513 5294 tum
1538 5219 1981 5294 manuscriptis.

401 5294 477 5365 (9)
508 5289 603 5350 Sic
631 5292 843 5360 Vatio.,
884 5291 1135 5363 Anglic.,
1163 5290 1442 5365 Basil.ln
1494 5289 1866 5365 editis‘vero,
1898 5289 1983 5365 τό,

331 5360 513 5421 deest.
546 5365 724 5437 Porro
757 5360 1144 5437 segmentum
1163 5362 1272 5419 hoc
1302 5364 1374 5419 ad
1406 5364 1646 5419 verbum
1679 5360 1894 5435 legitur
1924 5360 1984 5418 in

334 5437 529 5505 Quaest.
566 5436 643 5492 ad
674 5434 1021 5506 Antiochum,
1053 5434 1226 5506 infra.

427 5509 515 5579 10)
547 5508 697 5563 Edit.
731 5500 1017 5563 Commel.
1040 5511 1098 5561 et
1118 5505 1414 5579 ‘Vaticanq
1447 5503 1507 5565 ὃς
1538 5501 1610 5558 δι’
1640 5501 1697 5557 εν
1730 5500 1874 5576 etEt-9.

429 5576 513 5650 11)
548 5579 1037 5650 Edit.__Commel.,
1070 5576 1282 5650 γένναν.

403 5584 489 5653 (11
548 5584 692 5634 Edit.
731 5584 1037 5648 C0mmel.,
1070 5584 1282 5650 γένναν.

403 5584 514 5723 (12)
546 5645 950 5724 Οὐχ-ἅρπαγες,
999 5652 1165 5724 deest
1210 5650 1269 5703 in
1289 5721 1299 5724 _
1323 5645 1500 5724 Basil.
1532 5648 1679 5724 Aug.
1708 5646 1981 5724 e_t__Vatie.

403 5663 514 5723 (12)
546 5663 950 5733 uoxapnayeg,
999 5663 1165 5733 deest
1210 5666 1269 5703 ιο
1323 5663 1500 5703 bas".
1532 5663 1679 5775 ang.
1708 5663 1981 5730 eavatic.

327 5725 480 5795 Mox,
509 5723 761 5795 Anglic.,
792 5722 980 5780 Vatis.
1014 5721 1097 5792 (in
1126 5737 1240 5793 quo
1268 5721 1433 5777 deest
1461 5715 1590 5792 ὅτι),
1666 5718 1985 5790 asillensls,

656 5852 917 5914 Panos.
966 5849 1078 5911 Gn.
1125 5846 1397 5912 XXVIII.

2094 5143 2290 5223 λοιπὸν
2326 5144 2459 5223 sint“
2476 5167 2569 5219 μοι
2600 5146 2706 5218 ὅτι,
2733 5154 2792 5207 et
2819 5149 2902 5207 ita
2930 5149 3072 5223 legit
3098 5152 3386 5209 Nannius.
3421 5152 3595 5220 Editi,
3629 5152 3751 5208 λοι-

2093 5218 2193 5273 πὸν
2233 5219 2398 5285 εἶπεν,
2430 5217 2533 5275 ὅτι.

2166 5292 2279 5362 (13)
2313 5291 2533 5364 De_hoc
2563 5290 2689 5364 loco
2739 5292 2869 5348 vide
2914 5310 3042 5364 quas
3091 5293 3351 5351 diximus
3397 5295 3457 5353 in
3509 5295 3751 5355 Monito.

2094 5362 2245 5436 Nox,
2266 5360 2435 5436 eget,
2456 5364 2633 5436 deest
2664 5363 2723 5418 in
2755 5360 3099 5436 Anglicano.

2167 5432 2678 5515 (tif-Basiliensis,
2731 5440 2788 5491 et
2833 5432 3215 5515 Knglicanus,
3266 5432 3755 5515 Exei._Vaticanus
3835 5500 3845 5515 ,

2095 5508 2154 5560 et
2178 5503 2364 5579 'editi,
2415 5503 2537 5579 ἔχῃ.
2572 5508 2707 5570 Quae
2740 5523 2891 5579 mox
2927 5503 3272 5578 sequuntur
3296 5503 3521 5566 'eadem
3573 5512 3756 5569 ferme

2097 5577 2389 5650 sententia
2421 5577 2693 5650 feruntur
2735 5578 2795 5650 in
2840 5577 3170 5650 quartaad
3222 5581 3601 5650 Serapionem
3630 5584 3752 5650 epi-

2097 5600 2389 5633 Βυηιϐιιιιει
2421 5600 2693 5632 ιΒΓυΩιυι·
2736 5600 2795 5632 ιι]
2840 5600 3052 5650 quarta
3099 5600 3170 5633 au
3222 5600 3362 5636 aera
3408 5600 3601 5638 ionem
3630 5600 3661 5639 Θ
3706 5600 3752 5637 l-

2096 5648 2266 5705 stola.
2298 5648 2443 5703 Vide
2474 5664 2601 5719 quae
2632 5648 2740 5702 hac
2770 5649 2843 5703 de
2873 5667 2935 5707 re
2969 5649 3224 5706 dicimus
3254 5653 3314 5708 in
3346 5600 3756 5723 ὅτικδῑίοηίἕαε

2094 5719 2167 5775 ad
2191 5720 2540 5777 Antiochum.

2237 5728 2540 5777 nuochum.

3397 5853 3435 5914 3
