4136 6394
356 387 435 444 75
1541 377 1606 438 S.
1653 372 2183 437 ATHANASIUS.
2214 405 2291 419 —
2319 373 2587 437 DUBIA.
3693 385 3772 448 73

359 516 752 572 oarnationem
783 515 909 570 Filii
940 512 1339 585 blasphemias
1371 507 1781 582 protulerunt?
1812 513 2010 577 Apage

2127 509 2234 558 νοῖς
2267 506 2399 577 (15),
2431 505 2517 558 καί
2540 509 2654 567 τοῖς
2688 504 2908 569 λοιποῖς
2943 515 3096 579 πᾶσι,
3129 515 3244 573 τοῖς
3277 512 3353 574 εἰς
3384 515 3482 582 τήν
3515 519 3612 569 τοῦ
3642 517 3772 571 Υἱοῦ

357 605 509 660 hanc
530 604 976 660 absurditatem.
1007 603 1066 658 Si
1097 601 1254 658 enim
1279 599 1377 672 qui
1407 599 1508 655 20
1530 598 1673 652 dicit
1697 596 1855 651 fratri
1883 610 2014 660 suo,

358 694 559 758 Fatue,
591 708 725 748 reus
759 698 849 748 est
879 692 1157 765 gehennae
1193 689 1348 762 ignis
1369 689 1435 753 ⁸⁵,
1471 687 1528 741 in
1562 702 1762 758 quam,
1796 697 2013 752 quaeso,

358 782 688 855 gehennam
742 781 1148 855 gehennarum
1200 777 1567 849 conjiciatur,
1611 774 1710 844 qui
1763 772 2018 828 afﬁrmat

361 871 544 926 Deum
579 888 754 927 suum
796 876 1125 926 creaturam
1176 884 1327 935 esse,
1361 883 1477 922 non
1509 863 1720 921 Filium
1754 861 1878 928 Dei,
1911 859 2013 914 sed

363 976 619 1028 servum,
644 960 744 1014 sed
769 960 1184 1014 administrum
1210 960 1266 1011 et
1296 956 1591 1010 minutum
1609 952 1637 1006 ‘I
1661 952 1732 1008 ει
1762 949 1810 1005 si
1843 949 1894 1003 is
1917 945 2015 1018 qui

363 1054 567 1104 contra
596 1047 810 1103 Filium
842 1049 1085 1103 verbum
1126 1046 1356 1109 dixerit,
1390 1042 1796 1098 remissionem
1829 1038 2014 1108 impe-

364 1137 564 1202 trabit,
593 1136 888 1207 quomodo
932 1135 1086 1190 idem
1135 1133 1318 1189 Filius
1351 1131 1494 1187 dixit
1527 1147 1539 1186 :
1569 1153 1597 1179 ‹‹
1631 1128 1737 1193 Qui
1771 1142 1884 1182 non
1919 1141 2013 1179 co-

367 1227 550 1280 medit
582 1241 819 1281 carnem
852 1241 1066 1290 meam,
1099 1240 1204 1279 nec
1237 1222 1384 1278 bibit
1412 1219 1762 1292 sanguinem
1795 1230 2015 1284 meum,

366 1331 482 1370 non
507 1314 683 1370 habet
702 1314 878 1370 vitam
901 1319 1179 1369 aternam
1197 1312 1279 1366 3°?
1296 1334 1322 1360 »
1343 1315 1457 1365 Aut
1479 1309 1599 1381 qui,
1622 1321 1840 1380 quaso,
1865 1307 2019 1374 pote-

367 1403 445 1459 rit
465 1403 566 1474 qui
596 1402 920 1474 ignominia
953 1402 1132 1458 afficit
1156 1401 1362 1456 Filium
1385 1416 1500 1455 non
1525 1395 1935 1467 blasphemare
1958 1391 2016 1446 in

367 1492 760 1547 Trinitatem?
782 1493 887 1558 Qui
914 1509 1045 1548 vero
1076 1491 1134 1546 in
1167 1508 1295 1546 eam
1327 1486 1756 1559 blasphemiam
1781 1482 1938 1550 dicit,
1967 1479 2018 1536 is

366 1580 524 1636 haud
555 1581 733 1636 dubie
759 1582 1010 1654 abnegat
1039 1586 1307 1636 sanctum
1340 1577 1653 1650 baptisma.
1677 1573 1784 1641 Qui
1819 1574 2017 1628 autem

369 1675 642 1726 sanctum
692 1671 988 1742 baptisma
1019 1671 1289 1740 abnegat,
1322 1669 1372 1724 is
1403 1666 1681 1722 nimirum
1733 1661 2017 1734 Spiritum

369 1762 638 1815 sanctum
670 1758 847 1814 exuit.
872 1760 941 1814 Et
967 1757 1466 1830 quemadmodum
1501 1756 1559 1809 in
1593 1752 1713 1809 sole
1741 1751 1854 1807 isto
1885 1766 2018 1804 sen-

370 1847 547 1912 sibili,
579 1849 627 1903 si
661 1847 840 1903 calori
877 1848 1127 1903 radiisve
1170 1848 1299 1917 ejus
1342 1843 1753 1901 contumeliam
1790 1838 2014 1906 feceris,
2051 1873 2096 1938 Β

368 1936 426 1992 ἱο
459 1940 646 1992 totam
679 1940 951 1992 naturam
984 1936 1124 1992 solis
1156 1935 1404 1991 recurrit
1431 1930 1774 2004 hujusmodi
1806 1933 2018 1984 contu-

369 2025 545 2081 melia
577 2043 590 2080 :
625 2025 707 2080 ita
735 2041 970 2097 quoque
1000 2042 1064 2080 se
1111 2042 1202 2080 res
1253 2024 1430 2079 habet
1458 2023 1516 2076 in
1551 2020 1864 2093 trigemino
1895 2015 2017 2073 sole

368 2114 674 2171 Trinitatis
704 2120 762 2170 et
795 2115 1055 2188 mysterii
1088 2131 1100 2170 :
1136 2112 1491 2169 contumelia
1523 2112 1700 2165 unius
1733 2123 2015 2179 personas,

366 2203 736 2275 blasphemia
757 2205 925 2260 estin
949 2204 1282 2259 universam
1305 2200 1731 2274 plenitudinem
1759 2196 2013 2252 Deitatis.

366 2291 513 2354 Quid
565 2292 744 2364 igitur
783 2293 898 2348 sibi
929 2292 1055 2348 vult
1085 2293 1309 2346 dictum
1361 2289 1504 2344 illud
1549 2286 1780 2344 Domini
1811 2287 1882 2341 ad
1913 2285 2015 2340 Ju-

367 2381 520 2436 daeos
544 2398 557 2437 :
583 2404 610 2431 «
646 2381 829 2437 Omne
859 2387 1162 2453 peccatum
1195 2387 1252 2435 et
1289 2379 1656 2450 blasphemia
1687 2376 2019 2432 remittetur

366 2468 746 2525 hominibus:
781 2471 878 2542 qui
912 2476 1108 2526 autem
1140 2469 1350 2524 dixerit
1378 2468 1619 2523 verbum
1651 2470 1855 2521 contra
1885 2463 2016 2534 Spi-

367 2558 546 2613 ritum
601 2565 892 2626 sanctum,
927 2576 1042 2614 non
1092 2559 1424 2614 remittetur
1471 2558 1544 2623 ei,
1578 2571 1768 2627 neque
1807 2554 1862 2607 in
1909 2553 2018 2607 hoc

370 2646 608 2715 saeculo,
641 2664 830 2720 neque
861 2648 921 2703 in
955 2649 1152 2704 futuro
1172 2647 1253 2702 οη
1277 2669 1306 2698 »
1341 2647 1659 2703 Prudenter
1703 2643 2016 2700 audiamus

368 2742 426 2793 et
456 2753 527 2791 ne
557 2737 928 2792 seducamur.
954 2737 1256 2808 Duplicem
1279 2752 1408 2792 esse
1435 2734 1728 2789 Christum
1765 2735 1896 2803 post
1925 2731 2014 2784 in-

367 2825 756 2881 enarrabilem
807 2827 1107 2894 unionem,
1139 2825 1267 2881 dico
1325 2829 1522 2880 autem
1581 2839 1649 2878 ex
1705 2820 1918 2876 deitate
1960 2822 2018 2874 et

368 2914 756 2982 humanitate,
799 2931 978 2972 sacrae
1021 2915 1192 2970 nobis
1239 2913 1604 2986 proclamant
1649 2911 1961 2982 Scriptum
1996 2925 2009 2964 :

368 3026 398 3055 α
431 3004 684 3059 Verbum
719 3026 749 3053 ››
781 3005 936 3059 enim
971 3027 1000 3054 «
1032 3020 1166 3060 caro
1211 3004 1427 3059 factum
1469 3008 1559 3058 est
1576 3002 1640 3058 ⁸⁸.
1667 3023 1695 3051 ››
1728 3000 2012 3055 Deitatem

364 3107 500 3163 ergo
529 3091 700 3148 Verbi
734 3092 860 3164 ipse
883 3093 1152 3148 Christus
1192 3093 1475 3165 Spiritum
1509 3096 1777 3146 sanctum
1814 3088 2012 3159 appel-

362 3179 465 3249 lat,
498 3181 994 3252 quemadmodum
1037 3183 1106 3236 ad
1151 3183 1580 3236 Samaritanam
1613 3179 1846 3235 locutus
1876 3182 1964 3233 est
1997 3194 2009 3232 :

2125 591 2392 667 σάρκωσιν
2447 593 2945 671 βλασφημήσασινς
2996 599 3205 675 ’Ἄπαγε
3252 609 3351 671 τῆς
3400 601 3664 666 ἀτοπίαςί
3708 605 3771 659 Εἰ

2122 682 2222 755 γὰρ
2256 682 2282 734 6
2317 679 2492 756 λέγων
2521 684 2611 737 τὸν
2645 681 2875 762 ἀδελφὸν
2925 687 3110 757 αὐτοῦ,
3159 693 3342 765 Μωρὶ,
3388 689 3580 768 ἔνοχός
3631 693 3774 748 εστιν

2124 768 2200 830 εἷς
2229 771 2328 838 τὴν
2361 770 2565 846 γέενναν
2596 779 2694 828 τοῦ
2725 776 2918 849 πυρὸς,
2953 777 3026 838 ei";
3060 779 3217 832 ποίαν
3248 777 3463 849 λοιπὸν,
3488 782 3604 837 εἷπε
3654 805 3771 856 μοι,

2124 857 2337 932 γέενναν
2373 862 2592 935 γεέννης
2627 859 3030 936 ἐκϐληθήσεται
3062 868 3089 921 6
3122 868 3299 944 Λὲγων
3330 871 3420 924 τὸν
3447 872 3575 926 Θεὸν
3608 872 3773 928 αὐτοῦ

2123 947 2346 1021 κτίσμα,
2377 952 2466 1004 καὶ
2497 952 2624 1026 οὐχὶ
2657 958 2790 1008 Θεοῦ
2838 955 2982 1024 Υἱὸν,
3024 955 3168 1011 ἀλλὰ
3199 954 3417 1032 δοῦλον,
3449 962 3538 1015 καὶ
3571 961 3774 1038 ὑπουρ-

2125 1038 2245 1112 γὸν,
2278 1039 2367 1093 καὶ
2404 1041 2630 1116 μικρόν;
2668 1043 2763 1096 Καὶ
2797 1043 3017 1112 εἱ,8στις
3042 1045 3162 1120 εἷ’πῃ
3184 1044 3346 1123 λόγον
3375 1050 3509 1104 κατᾶ
3528 1055 3626 1105 τοῦ
3650 1053 3776 1107 Υἱοῦ

2127 1129 2452 1206 ἀφεθήσεται
2501 1130 2666 1203 αὐτῷ,
2710 1138 2825 1195 πῶς
2870 1133 3026 1196 αότὸς
3078 1136 3105 1189 6
3155 1137 3278 1198 Υἱὸς
3329 1138 3494 1206 εἶπεν,
3529 1140 3611 1194 δτι
3645 1165 3672 1192 ‹‹
3719 1143 3775 1196 '0

2131 1221 2206 1292 μή
2256 1221 2480 1294 τρώγων
2535 1241 2638 1292 μου
2685 1223 2784 1290 τὴν
2837 1224 3025 1295 σάρκα,
3072 1224 3162 1278 καὶ
3204 1226 3372 1281 πίνων
3408 1249 3516 1300 μου
3547 1230 3608 1283 τὸ
3639 1229 3774 1303 αἷμα

2127 1307 2230 1361 οὐκ
2261 1304 2378 1383 ἔχει
2413 1310 2554 1377 ζωὴν
2589 1309 2806 1365 αἰώνιον
2835 1331 2847 1379 ;
2882 1337 2901 1361 ι
2940 1316 3064 1374 Πῶς
3096 1309 3153 1366 δὲ
3182 1313 3270 1368 καὶ
3306 1313 3519 1371 δύναταῖ
3547 1319 3774 1390 τις,ἀτι-

2131 1400 2313 1470 μάζων
2345 1399 2436 1452 τὸν
2466 1399 2606 1470 Υἱὸν,
2638 1400 2712 1472 μὴ
2750 1399 3092 1477 βλασφημεῖν
3124 1403 3198 1464 είς
3225 1405 3324 1472 τήν
3356 1404 3601 1480 Τριάδα;
3633 1410 3690 1465 Ὁ
3719 1405 3776 1464 δὶ

2129 1487 2202 1549 εἷς
2253 1487 2418 1555 αὐτὴν
2475 1486 2816 1565 βλασφημῶν
2856 1487 3114 1558 δηλονότι
3164 1491 3478 1569 ἀπαρνεῖται
3525 1494 3586 1551 τὸ
3620 1497 3773 1572 ἅγιον

2131 1577 2427 1652 βάπτισμα.
2499 1579 2554 1630 Ὁ
2603 1574 2660 1631 δὶ
2727 1577 2790 1632 τὸ
2841 1579 2991 1652 ἅγιον
3048 1579 3325 1655 βάπτισμα
3375 1584 3779 1660 ἆπαρνούμενος

2129 1666 2297 1736 δῆλον
2323 1667 2404 1722 ὅτι
2435 1668 2497 1722 τὸ
2528 1671 2746 1740 Πνεῦμα
2776 1669 2836 1722 τὸ
2868 1671 3017 1744 ἅγιον
3075 1669 3389 1731 ἀποδύεται.
3449 1675 3545 1729 Καὶ
3597 1674 3776 1753 ὥσπερ

2128 1759 2215 1814 ἰπὶ
2246 1763 2342 1814 τοῦ
2375 1758 2634 1828 αἰσθητοῦ
2665 1756 2852 1828 ἡλίου,
2889 1759 2976 1815 ἰὰν
3002 1762 3102 1830 τὴν
3138 1761 3345 1835 Θίρμην
3380 1767 3415 1834 ἢ
3457 1767 3556 1834 τήν
3591 1767 3782 1822 ἀκτῖνα

2129 1849 2290 1904 αὐτού
2321 1843 2668 1924 καθυϐρίσῃς,
2703 1849 2778 1910 εἷς
2827 1848 2965 1918 ὅλην
2995 1851 3093 1918 τήν
3146 1851 3302 1928 φύσιν
3351 1853 3513 1909 αὐτοῦ
3563 1856 3780 1931 ἀνατρε-

2125 1959 2212 2014 ’χει
2263 1941 2296 2007 ἡ
2347 1932 2523 2013 ὕϐρις·
2576 1937 2746 1998 οὓτως
2793 1938 2881 1992 καὶ
2930 1938 3017 1993 ἐπὶ
3047 1944 3144 1994 τοῦ
3173 1940 3460 2016 τρισηλίου
3492 1951 3592 2013 τῆς
3621 1945 3778 2020 ἁγίας

2124 2025 2352 2104 Τριάδος
2385 2029 2562 2104 φωτὸς
2593 2027 2681 2081 καὶ
2718 2028 3110 2104 μυστηρίου,τῇ
3142 2037 3243 2099 τῆς
3276 2037 3404 2103 μιᾶς
3434 2033 3774 2098 ὑποστάσεως

2125 2118 2314 2190 ἀτιμίᾳ
2363 2118 2562 2179 παντὸς
2604 2121 2701 2171 τοῦ
2746 2116 3124 2192 πληρώματος
3178 2127 3276 2189 τῆς
3327 2120 3585 2191 θεότητος
3634 2122 3773 2180 ἐστιν

2126 2210 2160 2277 ἡ
2198 2206 2533 2284 βλασφρμία.
2569 2206 2633 2263 Τί
2665 2204 2755 2260 οὖν
2790 2206 2927 2262 ἐστιν
2964 2206 3066 2262 ὑπό
3097 2213 3193 2262 τοῦ
3244 2210 3441 2285 Κυρίου
3471 2212 3608 2286 πρὸς
3640 2213 3775 2269 Ἰου-

2128 2295 2310 2357 δαίους
2342 2295 2659 2370 λεγὸμενον,
2694 2295 2774 2350 ὅτι
2810 2321 2836 2346 ι(
2872 2303 3021 2351 Πᾶσα
3054 2298 3289 2370 ἁμαρτία
3318 2302 3407 2353 καὶ
3455 2301 3778 2379 βλασφημία

2127 2387 2446 2464 ἀφεθήσεται
2477 2391 2594 2447 τοῖς
2626 2385 2956 2459 ἀνθρώποις.
2991 2386 3050 2447 ὅς
3084 2384 3129 2440 δ’
3182 2386 3238 2441 ἃν
3287 2385 3409 2462 sit“
3452 2393 3564 2464 (16)
3612 2391 3776 2468 λὸγον

2125 2477 2260 2531 κατά
2291 2480 2387 2529 τοῦ
2422 2473 2732 2546 Πνεύματος
2766 2474 2942 2548 ἁγίου,
2977 2476 3074 2529 οὐκ
3100 2476 3423 2553 ἀφεθήσεται
3477 2479 3624 2552 αύτῷ
3655 2480 3781 2538 ούδὶ

2127 2565 2179 2621 ἐν
2211 2569 2290 2636 τῷ
2319 2568 2409 2617 νῦν
2442 2563 2620 2633 αἰῶνι,
2671 2562 2795 2618 ούδὶ
2845 2563 2896 2618 ἐν
2937 2569 3016 2636 τῷ
3059 2565 3362 2637 μὲλλοντι;
3415 2590 3443 2619 ››
3495 2575 3782 2648 Νουνεχῶς

2129 2653 2468 2726 ἀκούσωμεν,
2501 2653 2590 2706 καὶ
2621 2654 2696 2725 μὴ
2730 2651 3122 2726 πλανηθῶμεν.
3150 2657 3337 2710 Διττὸν
3364 2656 3499 2711 εἶναι
3531 2660 3622 2714 τὸν
3653 2666 3785 2735 Χρι-

2127 2744 2249 2799 στὸν
2310 2743 2442 2816 μετὰ
2487 2743 2585 2810 τήν
2625 2743 2890 2819 ἄφραστον
2943 2741 3155 2812 ἕνωσιν,
3208 2745 3352 2821 φημὶ
3402 2743 3468 2814 δὴ
3501 2745 3560 2802 ἐκ
3590 2749 3777 2820 Θεὸτη-

2121 2854 2214 2894 τος
2259 2833 2346 2887 καὶ
2398 2831 2836 2906 ἀνθρωπὸτητος,
2889 2833 2943 2885 αἱ
2990 2832 3131 2907 ἱεραὶ
3184 2835 3297 2906 (17)
3347 2836 3481 2907 ⁴ἡμῖν
3515 2832 3775 2892 διαϐοῶσι

2123 2922 2346 3000 Γραφαί·
2384 2947 2410 2972 (ι
2444 2922 2500 2974 Ὀ
2530 2920 2633 2994 γὰρ
2669 2921 2840 2995 Λὸγος
2883 2921 3008 2995 σὰρξ
3039 2921 3266 2997 ἐγένετο.
3302 2948 3328 2974 ››
3359 2926 3464 2993 Τῆν
3497 2929 3623 3000 γοῦν
3678 2931 3776 2981 τοῦ

2123 3013 2305 3086 Λὸγου
2351 3010 2582 3077 θεὸτητα
2630 3008 2788 3070 αὐτὸς
2833 3010 3060 3084 Χριστὸς
3108 3015 3325 3083 Πνεῦμα
3372 3011 3521 3089 ἆγιον
3568 3013 3777 3088 ὀνομά-

2126 3106 2223 3170 ζει’
2256 3099 2392 3153 καθὰ
2420 3097 2506 3151 καὶ
2539 3098 2675 3172 πρὸς
2707 3099 2802 3165 τήν
2840 3103 3164 3173 Σαμαρεῖτιν
3191 3098 3393 3176 ἰλεγεν·
3429 3101 3510 3156 ὅτι
3547 3128 3573 3155 ι(
3606 3107 3774 3158 Πνεῦ-

2130 3209 2204 3260 μα
2229 3189 2256 3242 6
2287 3189 2434 3248 Θεὸς·
2473 3211 2495 3238 ι
2529 3188 2627 3253 τήν
2658 3183 2720 3240 δέ
2745 3186 3129 3261 ἀνθρωπὸτητα
3168 3188 3332 3244 αὐτοῦ
3386 3192 3505 3246 Υἱὸν
3563 3192 3775 3268 ἀνθρώ-

363 3269 692 3341 «Spiritus,
719 3291 746 3318 »
791 3270 1089 3341 inquiens,
1115 3293 1143 3319 «
1179 3274 1329 3325 Deus
1379 3274 1469 3326 est
1487 3270 1553 3323 ⁸³.
1585 3291 1612 3318 ››
1661 3268 2012 3322 Humanita-

2127 3245 2252 3330 που·
2283 3276 2462 3336 καθὼς
2492 3273 2655 3329 πάλιν
2689 3245 2943 3349 ἀλλαγ-οῦ
2973 3277 3093 3347 περὶ
3148 3285 3245 3346 τῆς
3281 3276 3417 3341 ἰδίας
3446 3281 3640 3356 σαρκὸς
3662 3245 3778 3336 Γαύ-

360 3362 477 3412 tem
511 3375 644 3414 vero
676 3375 868 3428 suam,
897 3358 1102 3413 Filium
1154 3358 1412 3413 hominis
1460 3356 1786 3412 nominavit
1817 3373 1830 3410 :
1867 3356 2019 3410 sicut

361 3445 537 3501 etiam
570 3446 711 3500 alibi
742 3446 812 3502 de
843 3464 952 3501 sua
978 3463 1147 3501 carne
1177 3446 1438 3518 loquitur
1459 3462 1509 3502 :«
1533 3446 1702 3500 Nunc
1731 3443 2017 3515 gloriﬁca-

360 3539 459 3589 tus
490 3539 581 3590 est
620 3533 800 3589 Filius
847 3536 1103 3591 hominis
1125 3537 1187 3591 9°.
1221 3557 1248 3584 »
1278 3535 1463 3590 Judaei
1494 3534 1695 3607 igitur,
1730 3534 1829 3606 qui
1863 3550 2016 3588 sem-

365 3637 469 3694 per
497 3622 556 3676 in
590 3622 772 3678 Deum
799 3623 1124 3689 offendunt,
1145 3624 1395 3696 duplicis
1417 3625 1698 3679 adversus
1718 3621 2016 3678 Christum

365 3709 744 3782 blasphemiae
767 3712 847 3768 rei
871 3718 1028 3767 sunt.
1053 3714 1312 3777 Quorum
1337 3713 1432 3767 alii
1457 3715 1514 3767 in
1538 3728 1774 3768 carnem
1801 3712 2016 3783 impin-

366 3805 529 3871 gunt,
559 3801 668 3856 hoc
697 3806 804 3867 est,
837 3803 895 3856 in
932 3802 1143 3857 Filium
1175 3802 1453 3868 hominis,
1478 3819 1612 3858 eum
1647 3801 2014 3874 prOphetam,

362 3905 478 3944 non
510 3887 694 3944 Deum
745 3891 1186 3946 existimantes:
1213 3891 1429 3962 quibus
1460 3891 1688 3947 veniam
1741 3889 1920 3957 dedit,
1955 3890 2012 3944 id

360 3977 514 4033 enim
553 3978 790 4035 initium
823 3985 947 4035 erat
977 3981 1426 4052 pradicationis,
1460 3997 1594 4035 cum
1626 3981 1889 4036 nondum
1916 3995 2010 4034 ca-

359 4084 470 4138 pax
498 4074 622 4124 erat
653 4070 930 4137 mundus,
955 4074 1020 4124 ut
1047 4075 1224 4124 Deum
1260 4069 1424 4124 illum
1456 4086 1586 4126 esse
1617 4069 2011 4140 crederet,qui

358 4155 534 4212 homo
589 4158 930 4229 apparebat.
963 4163 1155 4229 Atque
1205 4158 1342 4213 bino
1389 4164 1496 4228 est,
1538 4159 1693 4231 quod
1743 4158 2009 4214 Christus

356 4245 539 4301 ait:«
573 4245 680 4309 Qui
739 4247 952 4303 dixerit
999 4248 1256 4303 Verbum
1309 4253 1512 4303 contra
1563 4247 1767 4302 Filium
1821 4249 2007 4303 homi-

358 4334 473 4402 nis,
502 4356 531 4384 ››
563 4335 672 4390 hoc
701 4340 792 4392 est
843 4337 903 4391 in
954 4353 1167 4409 corpus
1214 4339 1363 4408 ejus,
1397 4357 1418 4384 α
1453 4337 1783 4392 remittetur
1813 4339 1864 4392 ei
1885 4338 1950 4389 9'.
1979 4360 2007 4387 »

359 4422 566 4478 Ausim
598 4424 754 4478 enim
787 4423 998 4493 dicere,
1033 4443 1103 4480 ne
1150 4425 1310 4497 ipsos
1358 4425 1594 4497 quidem
1645 4427 1849 4482 beatos
1882 4429 2008 4498 ejus

268 4526 282 4536 “
355 4511 680 4583 discipulos
712 4513 1023 4584 perfectam
1053 4515 1122 4570 de
1161 4516 1290 4585 ejus
1322 4514 1622 4570 divinitate
1652 4517 2006 4572 sententiam

2126 3370 2222 3419 τοῦ
2280 3384 2430 3438 φησι·
2494 3389 2521 3415 ‹‹
2573 3368 2676 3416 Νῦν
2730 3361 2986 3433 ὶδοξάσθη
3039 3366 3066 3418 6
3118 3367 3239 3429 Υἱὸς
3278 3372 3373 3422 τοῦ
3406 3369 3712 3445 ἀνθρώπου.
3750 3395 3777 3422 ι)

2127 3454 2190 3508 Ei
2223 3457 2336 3527 (18)
2368 3453 2456 3507 οὗν
2492 3453 2571 3507 ἀεὶ
2611 3457 2689 3524 τῷ
2738 3458 2854 3525 Θεῷ
2901 3455 3331 3530 προσκρούοντες
3382 3455 3635 3513 Ἰουδαῖοι
3675 3457 3784 3516 διτ-

2124 3543 2223 3610 τήν
2270 3542 2405 3616 πρὸς
2464 3542 2688 3620 Χριστὸν
2744 3544 2843 3611 τήν
2931 3541 3281 3621 βλασφημίαν
3342 3545 3650 3616 ἐκέκτηντο.
3713 3551 3781 3608 Οἱ

2131 3630 2224 3704 μὲν
2281 3630 2350 3704 τῇ
2399 3630 2553 3705 σαρκὶ
2598 3629 2783 3698 αὐτοῦ,
2837 3629 3009 3706 ἤγουν
3055 3637 3135 3704 τῷ
3186 3635 3292 3705 Υἱῷ
3337 3640 3434 3689 τοῦ
3466 3636 3780 3710 ἀνθρώπου,

2124 3720 2579 3793 προσκὸπτοντες,
2630 3723 2923 3798 προφήτην
2975 3721 3152 3792 αὐτὸν,
3205 3721 3331 3777 ἀλλ’
3381 3725 3441 3779 οὐ
3482 3728 3610 3782 θεὸν
3643 3728 3775 3783 εἶναι

2125 3807 2392 3881 ἰνὸμιζον·
2429 3810 2511 3870 οἷς
2541 3807 2631 3863 καί
2662 3811 2992 3884 συγγνώμην
3027 3806 3244 3865 ἔδωκεν
3278 3811 3424 3888 ἀρχὴ
3459 3815 3561 3890 γὰρ
3595 3818 3660 3885 ἠν
3678 3821 3777 3871 τοῦ

2122 3897 2498 3973 κηρύγματος,
2531 3898 2618 3952 καὶ
2654 3898 2797 3953 οὕτω
2827 3899 2893 3968 ἦν
2925 3903 3125 3973 χωρῶν
3155 3900 3182 3953 ὁ
3213 3901 3416 3974 κὸσμος
3457 3905 3592 3977 (19),
3642 3906 3770 3960 Θεὸν

2122 3986 2412 4056 πιστεύειν,
2474 3989 2802 4064 φαινὸμενον
2864 3986 3175 4057 ἄνθρωπον·
3237 3987 3321 4044 διὸ
3377 3991 3467 4046 καί
3527 4013 3688 4068 φησιν
3746 3995 3775 4049 6

2120 4076 2370 4150 Χριστὸς,
2423 4075 2505 4130 ὅτι
2563 4102 2583 4127 ι
2635 4079 2728 4137 Ὃς
2761 4076 2848 4130 ἐὰν
2883 4074 3004 4150 εἶεττῃ
3035 4074 3198 4154 λὸγον
3227 4081 3361 4134 κατᾶ
3390 4085 3487 4135 τοῦ
3522 4081 3645 4136 Ποῦ
3674 4085 3772 4137 τοῦ

2120 4164 2426 4239 ἀνθρώπου,
2459 4189 2486 4214 ››
2510 4163 2604 4218 εἴτ’
2638 4162 2728 4218 οὖν
2763 4168 2872 4236 (20)
2902 4169 2998 4220 τοῦ
3030 4167 3284 4239 σώματος
3329 4167 3515 4237 αὐτοῦ,
3571 4195 3593 4219 ε
3644 4171 3774 4248 ἀφε-

2120 4255 2338 4324 θήσεται
2383 4252 2548 4324 αὐτῷ.
2608 4278 2635 4304 ››
2684 4250 2894 4324 Τολμῶ
2938 4255 3042 4328 γὰρ
3093 4253 3288 4330 λέγειν,
3337 4256 3422 4310 ὅτι
3465 4255 3589 4313 ούδὶ
3619 4259 3773 4315 αὐτοὶ

2119 4343 2170 4396 οἱ
2223 4344 2481 4417 μακάριοι
2525 4341 2686 4396 αὐτοῦ
2731 4343 2967 4413 μαθηταὶ
2999 4342 3058 4395 τὸ
3089 4341 3296 4398 τέλειον
3332 4345 3455 4419 περὶ
3485 4353 3584 4415 τῆς
3611 4349 3775 4404 αὐτοῦ

2119 4432 2375 4498 θεὸτητος
2435 4431 2587 4506 εἶχυν
2637 4430 2917 4508 φρὸνημα,
2968 4427 3073 4492 ἕως
3119 4433 3179 4486 16
3240 4437 3459 4506 Πνεῦμα
3504 4434 3567 4490 16
3624 4439 3774 4514 ἅγιον

2116 4519 2301 4580 αὐτοῖς
2349 4523 2416 4592 τῇ
2468 4520 2818 4590 Πεντηκοστῇ
2864 4518 3239 4597 ἐπεφοίτησεν.
3293 4523 3442 4577 Ἐπεὶ
3491 4526 3580 4579 καὶ
3647 4527 3784 4599 μετᾶ

353 4599 655 4668 habuisse,
679 4602 863 4658 donec
913 4602 1167 4674 Spiritus
1217 4608 1455 4659 sanctus
1487 4603 1546 4658 in
1579 4603 1672 4659 die
1726 4609 2000 4661 Penteco-

2127 4608 2209 4676 εὴν
2271 4608 2554 4663 ἀνάστασιν
2621 4605 2820 4670 ἷδὸντες
2878 4608 3062 4677 αὐτὸν,
3115 4610 3166 4663 οἱ
3212 4613 3307 4682 μὶν
3338 4614 3773 4690 προσεκύνησαν,

352 4692 474 4745 stes
505 4705 604 4744 eos
637 4689 951 4745 visitasset.
985 4691 1285 4761 Siquidem
1339 4696 1466 4763 post
1517 4693 2001 4750 resurrectionem

350 4778 549 4849 ipsum
581 4778 863 4846 videntes,
892 4779 992 4834 alii
1022 4780 1256 4850 quidem
1303 4782 1690 4837 adoraverunt
1719 4799 1876 4852 eum,
1903 4783 2001 4839 alii

349 4882 485 4922 vero
516 4866 932 4923 haesitaverunt
959 4885 971 4924 :
996 4885 1102 4926 nec
1133 4874 1330 4926 tamen
1351 4870 1423 4926 ob
1445 4887 1572 4926 eam
1596 4888 1716 4928 rem
1739 4873 2003 4928 damnati

351 4958 512 5012 sunt.
532 4959 680 5012 Sunt
708 4956 806 5012 alii
830 4957 927 5028 qui
953 4959 1009 5013 in
1034 4958 1318 5030 Spiritum
1350 4965 1620 5016 sanctum
1644 4962 2002 5034 impingunt,

2113 4699 2164 4752 οὶ
2217 4695 2273 4751 δὲ
2334 4695 2630 4751 ἐδίστασαν·
2694 4696 2819 4751 ἀλλ’
2877 4698 2975 4753 οὐκ
3025 4697 3327 4782 ἐκπούτου
3356 4701 3769 4777 κατεκρίθησαν.

2115 4784 2458 4840 Οἱδὶ’“
2607 4789 2632 4799 “
2786 4788 2875 4806 "
3079 4785 3453 4826 ”‘»*"‘
3595 4796 3619 4828 τ

2300 4807 2374 4846 εις
2408 4807 2468 4840 το
2502 4792 2720 4858 Πνευμα
2747 4807 2808 4841 το
2843 4789 3016 4863 ἅγιον,
3051 4808 3126 4841 ειτ
3174 4809 3262 4842 οδν
3298 4810 3372 4851 εις
3395 4811 3494 4860 την
3527 4812 3623 4845 τοι)
3645 4794 3772 4866 Χρι-

2116 4895 2244 4929 στου
2277 4875 2506 4944 θεὸτητα
2541 4873 3056 4952 βλασφημήσαντες,
3088 4877 3177 4931 καὶ
3209 4875 3477 4953 λέγοντες,
3509 4879 3590 4935 δτι
3624 4903 3646 4935 ε
3683 4883 3767 4936 Ἐν

2119 4958 2474 5038 βεελζεϐοὺλ,
2505 4968 2584 5036 τῷ
2636 4961 2860 5040 ἄρχοντι
2909 4969 3011 5020 εῶν
3062 4962 3356 5039 δαιμονίων
3404 4962 3660 5023 ἐκϐάλλει
3704 4971 3772 5024 τὰ

418 5107 463 5143 ⁸⁸
493 5108 788 5192 Ἀριοξξὴτιγ,
816 5110 906 5164 22.
961 5111 1028 5192 ff
1057 5111 1223 5167 Joan.
1256 5128 1332 5179 v1,
1362 5112 1452 5168 54.
1528 5114 1571 5148 ⁸⁷
1604 5113 1814 5170 Matth.
1861 5133 1965 5183 xu,
2010 5123 2012 5166 ζ

2133 5117 2222 5173 32.
2299 5117 2343 5152 ⁸⁸
2373 5117 2541 5174 Joan.
2575 5136 2613 5190 ι,
2649 5119 2734 5176 14.
2811 5120 2856 5155 θ’
2883 5120 3055 5177 Joan.
3090 5137 3169 5189 ιν,
3189 5121 3288 5190 24.
3368 5123 3413 5158 ⁹⁰
3441 5122 3610 5180 Joan.
3645 5139 3770 5192 xm,

345 5179 435 5234 31.
514 5181 556 5215 ⁹¹
589 5181 795 5238 Matth.
827 5197 928 5253 xu,
960 5182 1051 5236 32.

417 5332 532 5399 (15)
558 5331 747 5388 Editio
793 5333 1273 5403 Commeliniana,
1320 5341 1672 5398 Φωτειανοῖς.
1716 5339 2000 5396 Basilien-

348 5401 686 5483 sis,_4ngl.,
714 5403 1060 5483 _Vaticanus,
1095 5401 1420 5470 Φωτιανοῖς.
1460 5411 1702 5483 Reliqui
1754 5417 1813 5468 et
1859 5413 2001 5468 editi

348 5473 1106 5556 ‘Parhisieus,depantvravcig,
1137 5485 1308 5556 recte.
1342 5483 1412 5537 Et
1454 5481 1538 5538 ita
1586 5473 1801 5556 legitur
1848 5485 2003 5541 infra

347 5544 408 5600 in
442 5546 840 5611 Quaestionibu:
873 5549 942 5604 ad
971 5551 1316 5608 Antiochum.

416 5618 531 5686 (16)
568 5618 931 5701 Basilien'sis‘,
964 5619 1106 5701 firm
1152 5620 1319 5701 λόγον
1366 5623 1502 5678 κατὰ
1546 5627 1644 5678 τοῦ
1692 5623 1822 5679 Υἳοῦ
1872 5622 2000 5701 ἀφε-

345 5679 564 5757 θήσεται
596 5687 760 5743 αὐτῶ·
795 5690 852 5754 ὃς
885 5679 931 5745 6"
962 5691 1019 5746 ἂν
1053 5679 1200 5765 εἶ’πη,
1230 5679 1338 5752 etc.

2184 5343 2296 5420 (t_'_7)
2329 5343 2501 5420 Editi,
2531 5341 2620 5420 καὶ
2652 5343 2706 5397 at
2736 5343 2899 5420 ἱεραί,
2924 5345 3026 5401 sed
3058 5343 3147 5398 καί
3178 5346 3342 5402 deest
3371 5345 3430 5402 in
3464 5345 3770 5418 Vaticano,

2114 5413 2290 5487 Basil.
2327 5421 2384 5471 et
2412 5416 2756 5487 Anglicano.

2211 5487 2296 5555 18)
2331 5487 2522 5553 Forte,
2553 5487 2627 5541 οι.

2209 5553 2293 5627 19)
2337 5556 2659 5613 Vaticanus
2716 5562 2774 5614 et
2827 5557 3212 5630 Anglicanus,
3267 5553 3422 5613 οὔπω
3481 5558 3681 5636 ἐχώρει
3740 5561 3770 5616 ὁ

2111 5625 2340 5698 κόσμος.
2922 5625 2950 5630 ”

2183 5698 2294 5772 (20)
2327 5698 2504 5756 Basil.
2538 5698 2633 5756 hic
2664 5706 2721 5757 et
2749 5699 2921 5772 intra,
2955 5697 3152 5758 ei'10uv.
