4136 6374
322 409 400 471 77
957 411 1058 471 DE
1104 402 1471 472 COMMUNI
1518 410 1901 471 ESSENTIA
1949 408 2229 472 PATRIS
2278 412 2375 472 ΕΤ
2421 410 2596 471 FlLll
2646 408 2745 471 ET
2792 410 2991 471 SPIR.
3041 410 3105 471 S.
3673 412 3754 472 78

319 541 593 615 δαιμόνια·
631 564 658 592 ››
689 541 925 610 τούτοις,
961 540 1146 618 φησὶν,
1187 567 1205 591 ι
1236 540 1335 595 οὐκ
1364 540 1686 618 ἀφεθήσεται
1739 537 1863 594 οὐδὲ
1923 539 1973 594 ἐν

2100 543 2189 613 qui
2223 542 2442 597 scilicet
2475 542 2531 597 in
2558 541 2771 596 Christi
2795 541 3071 596 deitatem
3097 542 3496 614 blasphemiae
3519 542 3749 612 dicunt,

318 636 397 702 τῷ
426 636 515 684 νῦν
550 628 863 701 αίῶνι,οὐδὶ
892 628 941 683 ἐν
972 634 1052 701 τῷ
1088 628 1408 701 μέλλοντι.»
1436 631 1532 683 Καὶ
1556 628 1720 683 πάλιν
1743 629 1982 701 σημειώ-

324 731 513 783 σασθαι
543 720 679 795 χρὴ,
713 718 795 773 ὅτι
837 718 935 773 οὐκ
967 719 1109 773 εἶπεν
1140 719 1167 771 ὁ
1198 716 1450 791 Χριστός·
1505 722 1591 790 Τῷ
1643 716 1977 795 βλασφημή-

324 830 471 863 σαντι
504 810 592 863 καὶ
630 810 1022 881 μετανοήσαντι
1058 810 1165 881 (2ιΙ)
1199 807 1296 860 οὐκ
1328 808 1667 884 ἀφεθήσεται·
1714 805 1860 861 ἀλλὰ
1903 811 1980 878 τῷ

328 896 541 975 βλασφη
557 903 764 971 μοῦντι,
796 894 889 953 εἶ’τ’
924 895 1034 963 οὖν,
1066 901 1145 967 τῷ
1174 896 1223 949 ἐν
1246 900 1314 968 τῇ
1345 895 1671 974 βλασφημίᾳ
1692 896 1979 969 ἐπιμένον-

2093 632 2368 701 aiuntque
2402 649 2467 687 :«
2504 632 2566 685 In
2614 630 2970 697 Beelzebule,
3006 629 3267 701 principe
3298 630 3745 697 daemoniorum,

2090 720 2247 791 ejicit
2269 721 2554 775 daemonia
2577 722 2643 774 93.
2672 743 2698 769 ››
2727 720 2803 774 De
2826 721 2954 775 istis
2983 718 3428 790 intelligendum
3454 725 3561 787 est,
3588 719 3746 791 quod

2091 809 2172 864 ait
2207 827 2273 864 :«
2308 811 2431 864 Non
2486 810 2833 872 remittetur,
2870 825 3058 879 neque
3102 810 3156 862 in
3196 810 3460 879 praesenti
3510 808 3742 877 saeculo,

2092 915 2282 970 neque
2312 899 2368 952 in
2420 900 2613 953 futuro
2636 899 2700 951 ’3.
2729 898 2874 963 Quin
2909 903 2965 951 et
2994 898 3103 951 hoc
3152 898 3579 952 observandum
3630 903 3741 965 est,

321 1007 392 1040 τι-
446 985 739 1061 ἐπειδήπερ
790 987 889 1041 οὐκ
937 986 1077 1041 ἔστιν
1133 984 1368 1061 ἁμαρτία
1406 985 1803 1061 ἀσυγχώρητος
1834 986 1974 1061 παρᾶ

2100 1005 2205 1042 non
2249 988 2467 1043 dixisse
2496 988 2794 1042 Christum
2830 1003 2843 1041 :
2878 986 3315 1057 blasphemanti
3353 989 3409 1041 et
3457 985 3741 1056 paeniten-

317 1080 397 1147 τῷ
428 1081 543 1147 Θεῷ
574 1082 690 1138 τοῖς
723 1075 963 1150 γνησίως
996 1078 1105 1148 (22)
1136 1074 1223 1129 καὶ
1256 1075 1372 1128 κατ’
1402 1074 1548 1146 ἀξίαν
1604 1078 1977 1147 μετανοοῦσιν.

2089 1077 2233 1130 tiam
2274 1077 2469 1147 agenti
2521 1075 2932 1131 remissionem
2966 1075 3220 1129 dandam
3271 1090 3384 1128 non
3433 1088 3608 1128 esse:
3642 1073 3743 1128 sed

319 1165 778 1238 blasphemanti,
814 1166 870 1220 id
924 1170 1014 1221 est
1062 1166 1121 1221 in
1170 1165 1541 1238 blasphemia
1592 1166 2001 1237 perseveranti.
2037 1166 2517 1236 Quandoquidem
2572 1164 2800 1219 nullum
2852 1170 2941 1219 est
2990 1168 3293 1234 peccatum
3340 1162 3747 1218 irremissibile

316 1257 471 1327 apud
505 1256 712 1322 Deum,
744 1255 882 1319 illis,
918 1255 1019 1326 qui
1050 1272 1181 1310 vere
1211 1272 1279 1310 ex
1312 1255 1531 1321 animo,
1566 1259 1623 1311 et
1656 1260 1717 1309 ut
1747 1272 1852 1326 par
1882 1259 1993 1321 est,
2030 1255 2437 1326 pmnitentiam
2469 1259 2672 1326 agunt.

785 1347 875 1399 50.
907 1343 968 1397 Τί
1002 1342 1141 1398 ἐστιν
1175 1342 1517 1419 Εὗαγγὲλια;

386 1437 491 1487 Τοῦ
523 1437 657 1488 Θεοῦ
714 1433 892 1509 Λόγου
944 1432 1143 1504 Κυρίου
1194 1433 1377 1502 Ἰησοῦ
1428 1436 1659 1508 Χριστοῦ
1688 1430 1971 1507 παρουσία,

316 1523 452 1598 πρὸς
504 1522 774 1597 σωτηρίαν
824 1525 922 1576 τοῦ
968 1522 1155 1597 γένους
1200 1525 1308 1577 τῶν
1350 1522 1649 1596 ἀνθρώπων
1679 1521 1975 1596 σαρκωθέν-

314 1631 431 1679 τος,
490 1610 549 1665 ἐκ
594 1610 905 1684 ῐΙνεύματος
952 1609 1109 1685 ἁγίου
1156 1610 1247 1665 καὶ
1308 1609 1537 1687 Μαρίας,
1588 1617 1687 1680 τῆς
1745 1610 1970 1685 ἀειπαρ-

320 1701 476 1763 θὲνου
506 1702 638 1773 (23).

864 1808 953 1864 51.
989 1805 1121 1882 Περὶ
1153 1804 1427 1881 ἀγγέλων.

385 1894 445 1949 Τί
477 1895 617 1949 ὶστιν
648 1892 774 1971 ὅρος
808 1894 990 1956 οὐσίας
1034 1892 1309 1970 ἀγγέλου;
1361 1893 1630 1970 Ἄγγελος
1679 1895 1783 1970 γὰρ
1833 1898 1968 1963 ζῶον

317 1980 561 2059 λογικὸν,
596 1981 786 2055 ἅϋλοδ,
820 1980 1212 2058 ὑμνολογικὸν,
1255 1984 1529 2041 ἀθάνατον.

496 2198 588 2253 52.
621 2196 680 2250 Τί
716 2193 773 2251 δὲ
800 2193 958 2271 ἔργον
986 2196 1457 2271 τᾼῶννέπουρανίων
1493 2193 1773 2269 δυνάμεων

1007 2268 1241 2344 ὑπάργει
1261 2268 1280 2337 ’ς

378 2359 581 2429 Ὕμνος
630 2354 892 2425 ἅληκτος,
942 2356 1030 2412 καὶ
1085 2353 1220 2431 ἔρως
1268 2355 1539 2419 ἄπαυστος
1586 2363 1687 2425 τῆς
1728 2353 1966 2432 μεγαλο-

309 2445 566 2521 πρεπείας
614 2450 710 2500 τοῦ
760 2451 914 2501 Θεοῦ·
963 2443 1108 2521 τάχα
1159 2443 1216 2500 δὲ
1262 2445 1351 2500 καὶ
1396 2445 1533 2520 εὐχή
1585 2443 1825 2517 ἔμμονος
1860 2448 1968 2517 (24)

314 2530 446 2606 ὗπὶρ
497 2532 768 2606 σωτηρίας
813 2534 998 2603 ἡμῶν.
1049 2529 1271 2600 Ἐπειδὴ
1311 2530 1367 2587 δὲ
1396 2534 1485 2587 καὶ
1517 2532 1672 2587 αὐταὶ
1705 2533 1759 2587 αἱ
1790 2533 1967 2603 τάξεις

312 2617 401 2672 καὶ
466 2623 788 2689 στρατιῶται
857 2619 1129 2693 λέγονται,
1197 2618 1279 2673 δεῖ
1318 2620 1509 2675 λοιπὸν
1556 2620 1754 2675 ἐννοεῖν
1818 2622 1966 2691 τάξιν

314 2702 731 2779 διδασκαλικὴν,
777 2707 923 2777 τάξιν
974 2706 1375 2783 ἐπιτρεπτικὴν,
1443 2708 1589 2779 τάξιν
1659 2730 1970 2781 τιμωρητι-

312 2796 435 2863 κήν,
486 2793 630 2864 τάξιν
680 2798 874 2871 ψυχῶν
919 2798 1269 2871 χαριοτικὴν,
1329 2796 1473 2867 τάξιν
1546 2796 1597 2851 ἐν
1661 2797 1970 2870 ἀνθρώποις

312 2886 790 2957 παραμονητικήν.
842 2888 1046 2960 ’Ὠσπερ
1098 2883 1155 2939 δὲ
1202 2885 1291 2940 καὶ
1338 2886 1538 2955 τάξεως
1595 2883 1854 2962 διαφορὰν
1916 2884 1967 2939 ἐν

310 2978 430 3034 ταῖς
479 2969 589 3027 ἄνω
635 2969 923 3046 δυνάμεσιν
973 2970 1239 3048 ἔγνωμεν,
1293 2972 1437 3028 οὕτω
1490 2974 1580 3028 καὶ
1614 2975 1848 3035 στάσεως
1881 2973 1970 3028 καὶ

311 3062 583 3139 γνώσεως.
634 3062 695 3116 Oi
749 3063 842 3135 μὶν
893 3061 1101 3138 θρόνοι,
1149 3062 1238 3117 καὶ
1269 3063 1336 3117 τὰ
1367 3062 1622 3140 σεραφῖμ,
1654 3064 1743 3116 καὶ
1773 3064 1840 3117 τὰ
1871 3083 1969 3138 χε-

316 3146 538 3227 ρουὸἰμ,
583 3149 799 3224 ἀμὲσως
846 3151 993 3227 παρᾶ
1042 3155 1181 3206 Θεοῦ
1236 3150 1616 3223 μανθάνουσιν,
1645 3151 1719 3212 ὡς
1753 3152 1969 3205 πάντων

312 3238 555 3312 ἀνώτερα
596 3240 686 3293 καὶ
736 3244 852 3310 Θεῷ
899 3239 1314 3309 πλησιάζονταο
1382 3245 1547 3294 ταῦτα
1605 3237 1663 3295 δὶ
1726 3236 1967 3295 διδάσκει

312 3327 380 3381 τὰ
425 3328 707 3404 κατώτερα
753 3328 1024 3403 τάγματα,
1074 3330 1164 3382 καὶ
1223 3328 1395 3390 οὕτως
1456 3327 1645 3407 ἐφεξῆς
1708 3330 1774 3381 τὰ
1833 3328 1969 3381 ἀνώ-

312 3436 442 3491 τερα
491 3412 729 3471 διδάσκει
779 3418 844 3472 τὰ
890 3418 1187 3493 κατώτερα.
1240 3418 1309 3472 Τὸ
1358 3415 1415 3472 δὲ
1452 3417 1757 3493 κατώτερον
1788 3415 1968 3492 τάγμα

318 3504 447 3560 εἶσὶν
478 3506 531 3560 οἱ
561 3504 808 3581 ἄγγελοι,
843 3506 895 3561 οἱ
925 3504 1015 3561 καί
1045 3510 1152 3561 τῶν
1185 3506 1483 3581 ἀνθρώπων
1518 3501 1666 3568 ὄντες
1717 3503 1967 3561 διδάσκα-

316 3592 429 3652 λοι.

790 3703 880 3757 53.
914 3701 973 3757 Τί
1006 3700 1145 3757 ἐστιν
1182 3699 1502 3777 ἅνθρωπος;

386 3789 707 3864 ’Ἄνθρωπός
738 3790 847 3845 ἐστι
883 3795 1020 3860 ζῶον
1048 3791 1255 3866 νοερὸν,
1298 3790 1614 3862 αἰσθητικὸν
1665 3789 1812 3845 θείου
1851 3794 1973 3860 νοῦ,

316 3879 404 3934 καὶ
441 3884 586 3949 ζωῆς
620 3878 847 3933 αἰῶνιου
891 3877 1160 3949 δεκτικὸν,
1209 3879 1299 3934 καὶ
1348 3884 1417 3953 τῇ
1470 3880 1674 3949 ταύτης
1725 3882 1970 3955 στερήσει

2521 1346 2609 1399 50.
2645 1344 2791 1414 Quid
2822 1346 2936 1399 sint
2966 1343 3309 1412 Evangelia?

2157 1433 2256 1488 Dei
2286 1434 2460 1488 Verbi
2494 1432 2725 1488 Domini
2765 1434 2902 1488 Jesu
2942 1432 3158 1488 Christi
3192 1431 3497 1503 praesentia
3528 1431 3598 1485 ad
3633 1429 3743 1486 hu-

2086 1523 2244 1577 mani
2277 1523 2507 1594 generis
2538 1523 2788 1577 salutem
2841 1522 3151 1590 incarnati,
3186 1537 3255 1576 ex
3283 1521 3506 1593 Spiritu
3540 1525 3744 1576 sancto

2084 1616 2140 1667 et
2173 1612 2355 1667 Maria
2385 1628 2616 1684 semper
2640 1611 2894 1683 Virgine.

2617 1808 2713 1864 21
2748 1808 2836 1861 51.
2864 1812 2942 1863 De
2971 1808 3201 1878 angelis.

2154 1896 2287 1960 Quae
2318 1901 2407 1952 est
2436 1897 2700 1952 definitio
2742 1897 3086 1953 substantiae
3128 1894 3447 1968 angelicas?
3477 1894 3740 1967 Angelus

2080 1985 2297 2040 animal
2328 1990 2417 2041 est
2465 1984 2773 2052 rationale,
2807 2000 3013 2057 expers
3065 1984 3345 2054 materiae,
3379 1983 3616 2056 hymnis
3646 1982 3741 2038 di-

2000 2097 2047 2161 B
2078 2073 2278 2131 cendis
2310 2080 2537 2146 aptum,
2573 2074 2928 2130 immortale.

2321 2183 2410 2236 72.
2446 2181 2596 2250 Quod
2626 2198 2759 2254 opus
2789 2182 3091 2237 antestium
3125 2180 3502 2253 potestatum?

2152 2360 2414 2433 Hymnus
2474 2365 2817 2432 perpetuus,
2867 2364 2923 2415 et
2973 2377 3139 2415 amor
3188 2358 3557 2415 incessabilis
3604 2375 3743 2431 erga

2080 2450 2451 2520 majestatem
2481 2449 2581 2505 Dei
2605 2474 2618 2515 ;
2655 2450 2903 2505 fortasse
2926 2449 3102 2504 etiam
3128 2449 3311 2504 oratio
3339 2447 3618 2504 continua
3638 2464 3743 2519 pro

2082 2544 2283 2594 nostra
2315 2538 2524 2594 salute.
2546 2541 2850 2605 Caeterum,
2873 2538 3013 2609 quia
3046 2537 3156 2610 ipsi
3180 2538 3416 2593 ordines
3444 2541 3501 2591 et
3525 2535 3743 2592 milites

2080 2626 2558 2692 denominantur,
2597 2630 2775 2681 restat
2822 2631 2884 2680 ut
2929 2626 3023 2681 hic
3056 2643 3154 2681 eos
3186 2626 3649 2698 distinguamus,
3680 2624 3740 2679 in

2081 2715 2347 2770 ordinem
2399 2716 2758 2782 docentium,
2808 2730 3171 2783 curatorum,
3214 2714 3611 2786 punientium,
3645 2729 3740 2770 eo-

2082 2820 2353 2872 rumque,
2389 2804 2489 2873 qui
2542 2803 2854 2858 animabus
2886 2804 3316 2875 gratiﬁcantur,
3350 2808 3407 2858 et
3453 2802 3552 2873 qui
3583 2803 3740 2874 apud

2083 2890 2353 2945 homines
2384 2896 2751 2962 permanent.
2783 2891 2853 2945 Et
2890 2892 3389 2962 quemadmodum
3424 2891 3736 2948 discrimen

2083 2980 2307 3035 ordinis
2339 2979 2397 3034 in
2430 2979 2702 3050 supernis
2739 2980 3127 3050 potestatibus
3160 2980 3451 3047 novimus,
3476 2980 3557 3035 ita
3596 2996 3741 3052 quo-

2083 3085 2196 3139 que
2230 3068 2499 3123 stationis
2532 3074 2588 3123 et
2618 3068 2897 3123 scientiae.
2924 3068 3143 3123 Throni
3177 3068 3419 3135 scilicet,
3445 3067 3740 3139 seraphim

2081 3164 2137 3212 et
2184 3156 2511 3227 cherubim,
2544 3158 2821 3213 continuo
2871 3162 2927 3212 et
2975 3159 3101 3212 sine
3144 3157 3263 3212 ullo
3305 3158 3497 3213 medio
3546 3174 3578 3212 a
3630 3159 3740 3213 Deo

2080 3246 2450 3311 condiscunt,
2477 3249 2677 3316 utpote
2709 3246 2932 3300 caateris
2966 3245 3343 3301 sublimiores
3373 3252 3430 3300 et
3459 3245 3576 3301 Deo
3609 3262 3741 3316 pro-

2080 3333 2444 3404 pinquiores,
2468 3340 2523 3388 et
2553 3333 2624 3388 ab
2661 3333 2731 3388 iis
2761 3333 3115 3389 erudiuntur
3144 3333 3450 3389 inferiores
3482 3334 3739 3403 ordines,

2081 3426 2255 3494 atque
2304 3422 2385 3477 ita
2439 3422 2714 3493 deinceps
2774 3422 3105 3493 superiores
3157 3423 3366 3478 docent
3414 3422 3738 3479 inferiores.

2083 3511 2330 3566 lnﬁmus
2361 3514 2557 3565 autem
2589 3511 2729 3566 ordo
2760 3515 2901 3566 sunt
2929 3510 3145 3582 angeli,
3174 3510 3275 3582 qui
3322 3515 3380 3566 et
3425 3510 3735 3567 hominum

2082 3598 2348 3672 magistri
2380 3602 2539 3655 sunt.

2604 3705 2693 3760 53.
2725 3704 2873 3775 Quid
2899 3706 2975 3761 est
3002 3705 3162 3762 homo
3179 3705 3207 3762 ‘t

2151 3794 2336 3849 Homo
2376 3798 2466 3850 est
2517 3794 2735 3849 animal
2782 3794 3083 3850 intellectu
3118 3796 3450 3865 praeditum,
3473 3800 3530 3851 et
3578 3797 3735 3867 quod

2084 3884 2263 3939 sentit
2295 3884 2548 3938 divinam
2583 3889 2864 3951 mentem,
2890 3883 3019 3938 vitae
3050 3888 3277 3939 internae
3308 3901 3511 3957 capax,
3543 3889 3599 3941 et
3628 3885 3740 3940 hu-

315 3968 532 4038 θνητόν.
583 3967 794 4024 Τούτου
843 3965 934 4022 οὖν
984 3973 1082 4022 τοῦ
1132 3967 1422 4042 ἀνθρώπου
1451 3974 1548 4023 τοῦ
1577 3968 1713 4024 κατὰ
1741 3970 1841 4037 τήν
1868 3990 1974 4043 γη-

2109 3989 2177 4028 us
2209 3972 2557 4043 spoliatione
2591 3973 2857 4027 mortale.
2892 3972 3243 4043 Hujusmodi
3266 3978 3354 4028 est
3382 3973 3563 4046 igitur
3593 3974 3743 4029 ratio

317 4062 448 4131 γενῆ
478 4056 700 4113 πλάσιν.

316 4173 408 4230 54.
434 4170 917 4248 _:'Qtt“0’15V_08“COC‘
952 4173 986 4248 ,ὁ
1046 4170 1498 4248 ἄνθρωπος,“καὶ
1561 4173 1708 4248 *οὐχ*
1744 4172 1973 4248 ἁπλοῦς,

392 4241 518 4297 οὐδὲ
601 4241 664 4318 ἐξ-
730 4239 999 4318 ὁμοειδῶν
1077 4239 1276 4318 μερῶν,
1338 4239 1481 4298 ’ἀλλ’
1558 4243 1608 4314 ἐξ
1649 4239 1976 4318 Πάσωμάτου

393 4319 509 4461 γρῦ,
579 4313 670 4368 καὶ
746 4313 999 4388 σώματος
1056 4313 1158 4371 τοῦ
1223 4313 1644 4389 ἐπιθυμητικοῦ,
1697 4313 1822 4385 ἤτοι
1886 4316 1979 4389 ἐμ-

440 4406 601 4461 υχου.

440 4406 601 4463 υχου.

394 4502 484 4564 Ὧς
535 4497 767 4571 ἰδίδαξεν
815 4501 843 4555 ὁ
894 4500 1132 4571 Παῦλος,
1183 4503 1378 4579 σαρκὸς
1427 4503 1520 4576 μὲν
1567 4503 1632 4558 τὸ
1664 4502 1983 4576 ἐπιθυμητια

320 4590 411 4644 κὸν
587 4588 656 4663 τῇ
690 4592 843 4665 ψυχῇ
876 4591 1230 4665 προσνείμας,
1262 4591 1293 4645 ὅ
1333 4592 1421 4646 καὶ
1469 4593 1639 4665 σάρκα
1688 4597 1977 4668 προσεῖπεν

322 4679 435 4753 ἃμα
471 4683 550 4750 τῷ
601 4680 799 4748 ἑαυτῆς
857 4680 1128 4752 θελήματι
1184 4681 1283 4749 τὴν
1334 4680 1623 4756 ἀνθρώπου
1682 4681 1871 4757 σάρκα,
1912 4682 1977 4749 ἢν

321 4769 410 4823 καὶ
481 4766 854 4843 στρατεύεσθαι
932 4763 1031 4845 ἔφη
1121 4769 1257 4824 κατὰ
1335 4774 1430 4824 τοῦ
1506 4769 1836 4842 πνεύματος·
1916 4769 1978 4824 οὐ

324 4855 665 4933 στρατεύεται
724 4853 783 4911 δὲ
834 4857 897 4911 τὸ
947 4858 1022 4929 μὴ
1073 4858 1282 4929 κίνησιν
1355 4855 1506 4935 ἔχον,
1562 4856 1703 4932 μηδὲ
1758 4856 1978 4929 Θᾶλησιν

328 4945 492 5005 ἰδίαν,
550 4944 759 5016 Ταύτην
813 4943 871 5000 δὲ
917 4948 1015 5016 τήν
1067 4948 1258 5024 σάρκα,
1307 4950 1442 5021 πρὸς
1492 4949 1555 5003 τὸ
1610 4953 1823 5023 πνεῦμα
1878 4945 1979 5025 ἔφη

403 5135 449 5170 ⁹²
482 5135 614 5191 Luc.
646 5152 725 5205 x1,
762 5135 848 5190 15.
928 5134 973 5169 ⁸³
1006 5132 1212 5188 Matth.
1246 5149 1346 5201 xu,
1378 5133 1467 5188 32.

406 5313 518 5385 (21)
548 5313 641 5370 Sic
680 5314 889 5383 Vatic.,
939 5311 1116 5369 Basil.
1150 5316 1208 5368 et
1250 5313 1422 5385 Angl.
1454 5313 1607 5369 Editi
1637 5328 1794 5380 vero,
1830 5331 1989 5385 μετα-

334 5386 566 5441 νοοῦντι.

408 5458 463 5527 (2
504 5453 852 5528 )__l‘v1;crtou;,
911 5454 1223 5528 Anglican.
1283 5454 1450 5528 _Mox,
1510 5454 1828 5512 Vaticanus
1887 5471 1991 5527 pro

335 5522 891 5610 esseesset.
924 5522 1371 5610 ειὲοῖγιελιεξμόςκ

408 5596 523 5671 (23)
551 5599 644 5671 Sic
675 5596 1042 5668 Basiliensis,
1067 5596 1291 5671 Anglic.
1325 5602 1382 5671 et
1408 5597 1595 5671 Vatic.
1631 5598 1785 5654 Editi
1834 5614 1993 5671 vero,

339 5668 424 5724 ἀεῖ
452 5668 728 5745 ῌαρθὲνου

2085 4061 2343 4117 hominis
2377 4061 2705 4116 secundum
2739 4066 3078 4118 terrestrem
3116 4062 3385 4119 formam.

2082 4178 2172 4230 54.
2209 4174 2366 4250 Quod
2394 4177 2725 4250 compositus
2752 4177 2826 4250 sit
2855 4176 3041 4250 homo,
3060 4181 3113 4232 et
3140 4193 3251 4233 non
3280 4180 3536 4250 simplex,
3570 4194 3746 4249 neque

2159 4263 2230 4302 ex
2270 4248 2614 4301 similaribus
2652 4248 2920 4317 partibus,
2950 4249 3043 4303 sed
3070 4265 3139 4304 ex
3169 4248 3509 4320 incorporati
3538 4248 3743 4315 mente,

2157 4323 2210 4373 et
2236 4334 2456 4389 corpore
2484 4320 2905 4389 concupiscenti,
2937 4322 3053 4375 sive
3080 4322 3339 4378 animali.

2160 4504 2234 4560 Ut
2254 4505 2452 4560 docuit
2476 4504 2710 4573 Paulus,
2732 4506 2831 4577 qui
2865 4506 3061 4562 carnis
3083 4506 3605 4579 concupiscibilem
3624 4507 3747 4564 vim

2089 4597 2302 4651 animm
2333 4594 2620 4665 attribuit,
2655 4612 2833 4665 quam
2883 4600 2940 4651 et
2985 4613 3222 4652 carnem
3264 4596 3597 4669 appellavit,
3630 4614 3752 4654 una

2091 4699 2224 4738 cum
2257 4684 2385 4752 ejus
2418 4684 2734 4752 voluntate,
2760 4684 3018 4741 hominis
3041 4685 3267 4741 scilicet
3288 4702 3544 4754 carnem,
3569 4702 3750 4759 quam

2095 4771 2347 4826 militare
2369 4772 2448 4825 ait
2479 4777 2677 4827 contra
2702 4773 2988 4845 Spiritum
3018 4791 3029 4828 :
3058 4775 3159 4829 sed
3183 4775 3339 4830 enim
3363 4775 3616 4831 militare
3647 4792 3752 4831 ne-

2094 4864 2244 4932 quit,
2294 4861 2450 4932 quod
2504 4867 2667 4917 motu
2721 4862 3086 4929 destituitur,
3120 4869 3178 4920 et
3208 4864 3571 4921 voluntatem
3618 4881 3754 4936 pro-

2095 4949 2283 5020 priam
2305 4966 2420 5004 non
2454 4949 2649 5005 habet.
2677 4951 2836 5007 Hanc
2863 4970 3035 5024 porro
3063 4970 3297 5010 carnem
3322 4955 3601 5011 adversus
3622 4954 3754 5025 Spi-

2103 5311 2277 5387 Porro
2306 5313 2453 5387 haec
2487 5312 2793 5387 habentur
2840 5317 2912 5371 ad
2958 5316 3199 5387 verbum
3228 5315 3307 5387 “in
3360 5324 3555 5387 quaest.
3587 5315 3656 5387 30
3686 5316 3756 5372 ad

2100 5384 2457 5469 Antiocham.
2486 5385 2551 5439 Et
2600 5387 2874 5469 similiter
2904 5386 3022 5468 illa,
3046 5386 3111 5469 Δτί
3139 5385 3196 5439 δὲ
3224 5382 3385 5469 ἔργον
3435 5391 3542 5469 τῶν
3593 5385 3755 5440 ἄπου-

2104 5453 2301 5532 ραῌνίων
2334 5454 2623 5532 δυνάμεων
2658 5456 2915 5532 ὑπάρχει,
2950 5453 3016 5512 ἱῐί
3043 5453 3340 5515 tricesima
3372 5460 3562 5532 prima
3608 5476 3757 5531 quae-

2100 5527 2278 5582 stione
2306 5529 2380 5582 ad
2408 5530 2755 5583 Antiochum.

2174 5598 2288 5668 (24)
2318 5599 2413 5654 Sic
2447 5600 2616 5655 Basil.
2668 5606 2727 5655 et
2771 5599 2995 5670 Anglic.
3028 5604 3202 5656 recte.
3236 5600 3436 5656 Caeteri
3484 5604 3541 5657 et
3588 5599 3754 5669 editi,

498 5663 750 5761 αρθὲνρυ,
783 5663 1505 5761 div’isis‘vocinps;.Paplo
1538 5675 1685 5761 po'st,
1717 5670 1903 5761 Yati'c‘.
1938 5685 1974 5725 e'

2103 5663 2363 5740 ἔμπονος.

2177 5740 2286 5761 In!‘
2318 5741 2358 5761 τὶ

338 5713 1685 5817 Xogiicf'étéia?'iﬁiidi‘ﬁéiiaﬁi‘“omni
1737 5713 1990 5818 ἒῆἶῶζοῦξ

2175 5740 2287 5813 (25)
2316 5738 2660 5797 Basiliensis
2690 5743 2748 5795 et
2774 5739 3156 5813 Anglicanus,
3184 5747 3285 5812 τῆς
3313 5744 3522 5819 ψυχῆς.
