4136 6412
341 449 419 509 '19
1532 441 1599 502 S.
1642 437 2165 501 ATHANASIUS.
2199 469 2275 484 —-
2316 437 2577 502 DUBIA.
3683 437 3764 503 80

341 580 520 634 ritum
554 576 634 631 ait
674 591 958 648 pugnare,
991 591 1104 629 non
1156 589 1282 630 eam
1317 573 1555 644 quidem
1606 570 1991 637 immobilem,

2111 565 2494 643 διαμάχεσθαι,
2532 569 2594 623 οὗ
2623 569 2722 638 τήν
2755 568 3033 639 ἀκίνητον,
3070 566 3195 624 οὗδὶ
3222 570 3321 638 τὴν
3363 567 3593 644 ἄψυχον.
3646 573 3761 623 ψυ-

340 671 439 722 aut
470 664 870 720 inanimalem.
905 662 1202 720 Naturalis
1249 663 1402 718 enim
1454 661 1830 716 aﬂ‘ectionum
1871 675 1998 714 m0-

337 760 436 811 tus
466 756 516 810 ei
549 753 765 810 insitus
798 758 910 820 est,
945 753 1070 824 qui,
1103 769 1235 806 cum
1284 767 1416 806 caro
1449 748 1811 816 nominatur,
1846 753 1909 802 ut
1941 747 1999 802 in

335 843 595 916 Epistola
653 843 723 898 ad
785 842 1087 897 Romanos
1147 839 1521 895 manifestius
1580 838 2000 909 interpretatus

335 936 452 1003 est,
483 931 790 987 declarans
821 936 1068 998 motum,
1105 929 1205 1002 qui
1247 929 1307 984 in
1341 945 1513 983 carne
1544 931 1653 998 est,
1685 926 1999 997 conﬂigere

338 1022 625 1078 adversus
673 1023 953 1084 mentem,
986 1022 1044 1073 et
1082 1018 1330 1072 invicem
1381 1016 1734 1089 oppugnari,
1770 1020 1832 1069 ut
1875 1031 1997 1069 rem

339 1125 716 1181 nequaquam
749 1107 1014 1163 eamdem
1037 1111 1211 1178 atque
1235 1110 1508 1174 mentem,
1534 1105 1635 1160 sed
1660 1120 1902 1176 prorsus
1926 1102 1999 1157 ab

341 1215 409 1255 ea
453 1199 745 1253 diversam
799 1214 812 1253 :
842 1220 862 1245 α
899 1195 1275 1252 Condelector
1322 1196 1500 1262 enim,
1529 1216 1556 1244 ››
1587 1193 1800 1265 inquit,
1831 1213 1852 1240 ι
1884 1192 2001 1264 legi

339 1287 465 1355 Dei,
491 1287 819 1342 secundum
853 1285 1192 1340 interiorem
1239 1284 1534 1338 hominem
1567 1299 1579 1337 :
1606 1283 1771 1338 video
1803 1287 1999 1338 autem

339 1375 514 1432 aliam
547 1375 733 1446 legem
779 1375 838 1428 in
893 1374 1177 1429 membris
1225 1375 1395 1440 meis,
1431 1371 1746 1428 bellantem
1798 1375 2001 1426 contra

339 1463 526 1536 legem
553 1463 766 1518 mentis
790 1479 951 1529 meai,
977 1468 1034 1517 et
1064 1461 1449 1535 captivantem
1485 1477 1578 1516 me
1598 1461 1698 1514 ⁸⁴.››
1722 1460 1880 1516 Hanc
1901 1476 1998 1516 vo-

337 1553 650 1617 luntatem,
669 1558 726 1607 et
750 1552 1008 1606 animam
1036 1551 1268 1622 proprie
1290 1549 1606 1622 appellavit
1625 1548 1864 1616 Paulus,
1882 1548 1999 1604 dis-

337 1641 614 1714 tinguens
660 1657 788 1697 cam
821 1657 853 1695 a
883 1639 1118 1711 spiritu,
1151 1655 1282 1694 cum
1317 1639 1461 1694 dicit
1489 1655 1502 1694 :
1528 1662 1556 1690 «
1589 1639 1742 1694 Deus
1774 1637 1996 1694 sancti-

339 1732 471 1786 ﬁcat
498 1747 601 1785 vos
653 1745 756 1802 per
797 1729 1017 1798 omnia,
1048 1737 1104 1784 et
1145 1729 1371 1800 integer
1418 1727 1664 1800 spiritus
1694 1733 1906 1797 vester,
1939 1731 1997 1783 et

338 1835 552 1892 corpus
581 1824 639 1875 et
669 1818 868 1874 anima
909 1818 1036 1873 sine
1067 1816 1243 1883 culpa
1289 1817 1348 1871 in
1401 1817 1714 1872 adventum
1766 1815 1994 1872 Domini

337 1908 523 1965 nostri
550 1908 688 1964 Jesu
711 1906 925 1963 Christi
956 1911 1219 1962 servetur
1233 1906 1451 1961 “.nHis
1470 1906 1662 1961 verbis
1694 1905 1990 1977 spiritum,

339 1999 597 2053 animam
630 2001 688 2052 et
717 2014 930 2068 corpus
980 2013 1083 2067 pro
1115 1996 1341 2069 integro
1389 1995 1629 2051 homine
1675 2012 1992 2068 exponens,

339 2102 673 2158 rogansque
702 2101 836 2140 eum
878 2085 1249 2150 sanctiﬁcari,
1283 2089 1340 2140 et
1368 2085 1494 2140 sine
1543 2084 1716 2156 culpa
1759 2101 1992 2140 conser-

338 2173 482 2228 vari.
508 2177 654 2245 Ergo
697 2173 1024 2245 designavit
1075 2173 1374 2246 spiritum,
1399 2173 1501 2245 qui
1532 2174 1992 2229 sanctiﬁcandus

339 2267 514 2331 esset,
546 2262 650 2317 hoc
681 2268 768 2318 est
799 2268 1054 2318 mentem
1085 2262 1425 2318 humanam.
1453 2262 1725 2318 Animam
1757 2262 1988 2332 deinde,

337 2351 454 2406 vim
484 2351 958 2422 concupiscendi,
981 2360 1036 2406 et
1082 2367 1293 2422 corpus
1332 2352 1777 2406 tabernaculum
1809 2355 1989 2407 terre-

338 2445 458 2495 stre
511 2439 812 2512 appellat:
859 2447 923 2494 ut
969 2442 1294 2495 secundum
1345 2439 1498 2495 hanc
1547 2439 1988 2496 distinctionem

332 2529 528 2583 tribus
558 2532 786 2584 constet
823 2527 1001 2584 homo
1028 2529 1341 2601 terrigena,
1374 2528 1750 2600 intelligibili,
1774 2545 1988 2584 concu-

333 2616 611 2688 piscibili,
635 2617 1236 2688 corporali.Voluntas
1267 2635 1436 2690 porro
1464 2618 1585 2673 sive
1615 2618 1832 2688 anima,
1858 2634 1989 2690 quae

331 2708 424 2759 est
449 2705 539 2760 vis
567 2704 1069 2776 concupiscibilis,
1105 2706 1269 2761 unita
1307 2710 1397 2761 est
1441 2706 1646 2776 menti,
1671 2711 1731 2762 et
1759 2706 1986 2778 corpori

330 2791 615 2849 humano.
651 2793 1045 2850 Invalescente
1091 2794 1271 2866 igitur
1302 2795 1666 2866 intelligendi
1718 2797 1792 2862 vi,
1826 2801 1986 2852 totus

330 2881 506 2938 homo
539 2882 789 2938 efficitur
818 2882 1249 2954 intellectualis,
1273 2900 1614 2956 quanquam
1646 2884 1982 2957 implicatus

332 2971 411 3026 sit
439 2971 776 3028 carnalibus
827 2972 1339 3045 concupiscentiis,
1373 2975 1700 3030 secundum
1749 2975 1982 3046 conspi-

331 3074 501 3115 cuam
534 3061 965 3118 dissensionem
1016 3067 1074 3117 et
1118 3078 1378 3135 pugnam
1410 3065 1559 3134 ejus,
1594 3080 1721 3134 qua
1771 3064 1830 3118 in
1878 3063 1982 3119 ho-

331 3149 490 3204 mine
519 3155 629 3216 est,
665 3149 971 3206 rationalis
1011 3151 1098 3206 vis
1146 3168 1279 3206 cum
1330 3152 1678 3219 irrationali,
1704 3169 1819 3208 non
1853 3153 1982 3223 qui-

333 3238 464 3293 dem
497 3239 860 3304 dominante,
893 3239 996 3294 sed
1028 3239 1358 3294 dominium
1405 3242 1675 3312 patiente.
1703 3243 1985 3297 Ceterum

2023 1951 2071 2016 B

2109 658 2258 711 σικὸν
2305 658 2408 731 γὰρ
2459 656 2777 733 ἰνέσπαρται
2827 656 2995 731 ταύτῃ
3041 658 3246 730 κίνημα
3291 657 3616 727 παθητικὸν,
3648 658 3762 729 μεθ’

2109 744 2171 798 οὗ
2222 745 2348 818 σὰρξ
2401 745 2747 818 ὀνομάζεται,
2810 745 2883 806 ὡς
2945 744 2996 800 ἐν
3051 749 3120 819 τῇ
3169 746 3302 819 πρὸς
3341 744 3647 817 Ῥωμαίους
3681 744 3758 800 ἔτι

2107 834 2426 910 σαφεστερον
2473 836 2804 909 ἡρμήνευσε,
2856 834 2917 888 τὸ
2975 833 3024 889 ἐν
3090 838 3156 907 τῇ
3211 835 3364 907 σαρκὶ
3424 831 3759 912 διασαφήσας

2107 923 2337 994 κίνημα,
2407 921 2815 998 διαμαχόμενον
2881 925 3018 997 πρὸς
3077 929 3198 978 νοῦν
3258 925 3346 978 καὶ
3405 922 3758 1000 ἀντιπάσχον,

2109 1012 2183 1073 ὡς
2232 1013 2293 1066 οὐ
2341 1012 2531 1067 ταύτὸν
2584 1011 2788 1085 δήπου,
2829 1010 2954 1068 ἀλλ’
2981 1010 3161 1087 ἕτερον
3193 1012 3251 1067 ὅν
3280 1018 3360 1085 τῷ
3388 1017 3484 1084 νῷ·
3518 1038 3544 1063 ‹‹
3583 1014 3757 1083 Συνή·

2110 1098 2273 1174 δομαι
2323 1102 2446 1176 γὰρ,
2495 1126 2522 1153 ››
2570 1103 2722 1178 φησὶ,
2774 1127 2800 1151 ‹‹
2853 1107 2929 1173 τῷ
2975 1103 3130 1174 νόμῳ
3178 1107 3273 1156 τοῦ
3317 1100 3472 1174 Θεοῦ,
3505 1101 3638 1156 κατὰ
3665 1102 3756 1156 τὸν

2109 1186 2213 1244 ἔσω
2263 1189 2565 1266 ἄνθρωπον
2633 1189 2820 1266 βλέπω
2879 1188 2934 1245 δὲ
2979 1187 3161 1266 ἕτερον
3205 1190 3369 1264 νόμον
3421 1189 3472 1244 ἰν
3511 1197 3628 1252 τοῖς
3666 1193 3758 1263 μὲ-

2111 1278 2228 1334 λεσί
2277 1301 2402 1351 μου,
2453 1279 2990 1352 ἀντιστρατευόμενον
3035 1284 3114 1351 τῷ
3163 1279 3317 1352 νόμῳ
3346 1283 3444 1334 τοῦ
3472 1278 3595 1340 νοός
3631 1301 3758 1352 μου,

2108 1367 2196 1422 καὶ
2247 1365 2727 1441 αἰχμαλωτίζοντά
2781 1389 2865 1441 με.
2919 1393 2947 1419 ››
2989 1372 3158 1423 Τοῦτο
3193 1365 3248 1423 δὶ
3299 1369 3362 1424 τὸ
3404 1367 3622 1441 θέλημα
3667 1367 3757 1423 καὶ

2106 1457 2288 1532 ψυχὴν
2343 1453 2496 1518 ἰδίως
2547 1457 2574 1511 :5
2626 1456 2842 1520 Παῦλος
2893 1455 3162 1531 δκάλεσεν,
3213 1457 3457 1534 χωρίσας
3507 1457 3613 1512 ἀπὸ
3660 1461 3758 1513 τοῦ

2104 1545 2431 1618 πνεύματος,
2482 1546 2571 1601 ὅτε
2619 1567 2803 1623 φησιν·
2865 1571 2892 1598 ‹‹
2943 1552 2997 1600 Ὁ
3045 1547 3184 1609 Θεὸξ
3221 1548 3412 1621 ἁγιάσῃ
3457 1547 3596 1619 ὑμᾶς
3627 1545 3758 1602 ὁλο-

2102 1633 2303 1702 τελεῖς,
2336 1637 2423 1689 καὶ
2456 1633 2772 1710 ὁλόκληρον
2803 1636 2958 1707 ὐμῶν
2991 1634 3050 1690 τὸ
3082 1640 3317 1707 πνεῦμα,
3349 1635 3438 1690 καί
3489 1639 3524 1705 ἠ
3577 1637 3754 1710 ψυχὴ,

2103 1724 2192 1778 καὶ
2222 1724 2274 1778 τὶ
2305 1725 2366 1778 τὸ
2397 1729 2555 1797 σῶμα
2606 1723 2908 1797 ἀμέμπτως
2940 1724 2992 1779 ιν
3025 1729 3092 1799 τῇ
3124 1725 3393 1798 παρουσίᾳ
3420 1728 3518 1779 τοῦ
3554 1722 3754 1800 Κυρίου

2102 1815 2264 1885 ἡμῶν
2294 1816 2411 1886 (26)
2445 1815 2621 1883 Ἰησοῦ
2653 1815 2887 1889 Χριστοῦ
2922 1814 3216 1888 τηρηθείηο
3254 1838 3282 1864 ››
3313 1813 3365 1868 ἂν
3392 1813 3450 1869 δὶ
3481 1813 3660 1886 τούτῳ
3689 1814 3752 1868 τὸ

2101 1907 2335 1975 πνεῦμα,
2366 1902 2456 1956 καὶ
2486 1903 2695 1976 ψυχὴν,
2726 1902 2814 1956 καὶ
2846 1908 3027 1976 σῶμα,
3056 1904 3149 1958 τὸν
3179 1901 3415 1972 ὁλοτελῆ
3466 1898 3750 1976 ἄνθρωπον

2103 1989 2456 2065 ἑρμηνεύσας,
2505 1990 2595 2044 καὶ
2647 1991 3008 2063 ὑπευξάμενος
3055 1991 3214 2047 αὐτὸν
3259 1991 3602 2066 ἆγιασθῆναί,
3661 1990 3750 2046 καὶ

2101 2080 2403 2153 ἀμέμπτως
2459 2083 2788 2154 τηρηθῆναι.
2851 2085 3071 2153 Πνεῦμα
3127 2082 3220 2153 μὶν
3284 2078 3375 2135 οὖν
3451 2077 3618 2152 ἔδειξε
3688 2082 3750 2136 τὸ

2100 2171 2482 2244 ἀγιαζόμενον,
2543 2168 2676 2244 ὅπερ
2724 2170 2863 2225 ἐστὶν
2916 2171 2944 2224 ὸ
2999 2174 3124 2232 νοῦς
3182 2170 3210 2224 ὁ
3267 2171 3624 2244 ἀνθρώπινοςο
3657 2173 3753 2244 ψυ-

2100 2260 2209 2334 χὴν
2260 2257 2316 2314 δὲ
2370 2261 2502 2333 μετὰ
2548 2264 2707 2314 τοῦτο
2749 2261 2812 2314 τὸ
2857 2259 3274 2333 ὶπιθυμητικὸν,
3304 2262 3394 2314 καὶ
3425 2264 3586 2331 σῶμα
3617 2266 3750 2328 σκῆ-

2097 2369 2185 2410 νος
2231 2349 2294 2403 τὸ
2341 2352 2556 2423 γήϊνον·
2605 2348 2741 2404 ὥστε
2785 2351 2925 2404 κατὰ
2965 2350 3166 2419 ταύτην
3198 2350 3297 2417 τὴν
3328 2346 3586 2424 διαίρεσιν
3627 2348 3752 2424 τρία

2099 2437 2230 2492 εἶναι
2261 2439 2350 2492 τὸν
2386 2437 2666 2514 ἄνθρωπον
2697 2438 2788 2493 τὸν
2822 2446 3054 2512 γηγενῆδ
3086 2440 3148 2492 τὸ
3179 2438 3455 2514 νοερὸν,τὸ
3478 2437 3750 2511 ἐπιθυμη-

2095 2527 2267 2595 τικὸν,
2316 2527 2379 2582 τὸ
2421 2528 2750 2600 σωματικόν.
2802 2531 2978 2584 Τοῦτο
3020 2530 3131 2601 (27)
3175 2528 3241 2582 τὸ
3290 2525 3530 2600 Θάλημα,
3559 2526 3686 2596 ἤτοι
3714 2529 3748 2596 ἡ

2096 2617 2341 2691 ψυχη,τὸ
2363 2614 2987 2688 ἐπιθυμητικὸν,ἤνωται
3019 2621 3098 2688 τῷ
3129 2620 3207 2688 νῷ
3231 2620 3310 2688 τῷ
3339 2620 3437 2670 τοῦ
3459 2617 3748 2691 ἀνθρώπου

2094 2705 2184 2760 καὶ
2232 2710 2310 2775 τῷ
2357 2707 2590 2777 σώματι.
2645 2707 3096 2780 Ἐπικρατοῦντος
3148 2705 3240 2759 οῦν
3289 2708 3386 2759 τοῦ
3433 2709 3642 2780 νοεροῦ,
3683 2706 3746 2760 τὸ

2093 2792 2222 2849 ὅλον
2273 2793 2384 2848 ἐστὶ
2429 2795 2610 2868 νοερὸς
2656 2792 2969 2869 ἅνθρωπος·
3009 2793 3255 2868 καίτοιγε
3305 2793 3741 2868 συμπεπληγμά-

2091 2903 2180 2937 νον
2229 2882 2372 2958 ἔχων
2422 2882 2474 2937 ἐν
2517 2888 2636 2943 ταῖς
2689 2888 2973 2956 σαρκικαῖς
3023 2881 3361 2954 ὶπιθυμίαις,
3439 2883 3573 2938 κατὰ
3636 2883 3737 2950 τήν

2091 2968 2373 3046 πρόδηλον
2403 2969 2662 3047 διαφορὰν
2694 2970 2783 3024 καὶ
2825 2971 3010 3045 μάχην
3046 2968 3274 3045 λογικοῦ
3304 2991 3361 3025 τε
3390 2971 3480 3025 καὶ
3511 2968 3743 3044 ἀλόγου,

2090 3065 2192 3115 τοῦ
2240 3060 2290 3114 ἰν
2340 3065 2420 3131 τῷ
2461 3060 2754 3134 ἀνθρώπῳ,
2803 3057 2930 3113 ἀλλ’
2975 3058 3074 3114 οὐκ
3120 3058 3563 3136 ἐπικρατοῦντος,
3596 3057 3746 3114 ἀλλὰ

2095 3147 2577 3220 ἰπικρατουμᾶνου.
2646 3148 3002 3222 Ἡγεμονικὸν
3071 3146 3127 3203 δὲ
3186 3146 3420 3224 λέγεται,
3481 3148 3661 3209 καθὼς
3722 3148 3749 3203 5

2094 3243 2216 3299 νοῦς
2266 3241 2478 3313 ἡγεῖται
2527 3241 2624 3292 τοῦ
2674 3242 2905 3306 ζωτικοῦ
2957 3239 3236 3309 σώματος.
3282 3240 3601 3313 Ἀνθρωπος
3653 3235 3745 3292 οὖν

330 3326 671 3398 principalis
697 3328 799 3384 22
829 3327 1045 3382 dicitur
1073 3343 1260 3396 mens,
1284 3333 1578 3400 quatenus
1600 3329 1872 3401 princeps
1898 3334 1989 3385 est

2102 3328 2214 3381 καθ’
2244 3326 2535 3401 ἡγεμονίαν
2563 3330 2658 3380 νοῦ
2690 3330 2798 3399 (28)
2835 3326 3063 3402 μετέσχε
3085 3327 3362 3396 θεότητος,
3395 3327 3579 3401 νοερὸν
3609 3330 3744 3394 ζῶον

330 3418 389 3469 et
416 3416 536 3470 dux
563 3416 826 3487 corporis
867 3415 1166 3472 animalis.
1202 3416 1386 3472 Homo
1427 3416 1626 3488 igitur,
1658 3419 1985 3474 secundum

327 3503 724 3575 principatum
757 3505 994 3574 mentis,
1021 3504 1312 3576 particeps
1345 3510 1436 3560 est
1463 3505 1718 3573 deitatis,
1741 3523 1877 3562 cum
1911 3508 1989 3563 sit

327 3590 546 3646 animal
578 3591 1008 3661 intellectuale;
1041 3591 1292 3664 ideoque
1322 3593 1464 3649 dicit
1494 3611 1557 3650 :«
1589 3594 1698 3660 Qui
1729 3594 1988 3652 adhaeret

326 3679 596 3746 Domino,
629 3697 784 3736 unus
815 3680 1060 3753 spiritus
1088 3686 1178 3738 est
1199 3681 1263 3736 ⁸⁸.
1289 3703 1320 3732 ››

2097 3415 2169 3470 ὥν
2197 3438 2209 3450 ·
2245 3413 2333 3470 διὰ
2371 3420 2532 3470 τοῦτο
2582 3413 2747 3492 λέγει·
2779 3441 2806 3468 ι(

2093 3505 2306 3578 πνεῦμά
2335 3505 2497 3562 ἐστιν.

2858 3418 2913 3469 '0
2961 3415 3317 3489 κολλώμενος
3363 3420 3442 3488 τῷ
3480 3416 3662 3491 Κυρίῳ
3689 3411 3744 3470 ἓν

395 3831 440 3867 ⁹⁴
470 3830 636 3886 Rom.
671 3848 774 3904 vn,
807 3832 999 3889 22-23.
1077 3833 1121 3869 °‘
1152 3833 1174 3888 Ι
1205 3834 1411 3890 Thess.
1442 3850 1498 3906 v,
1527 3833 1619 3890 23.
1696 3835 1740 3870 ⁸⁸
1771 3836 1792 3891 Ι
1821 3835 1948 3892 Cor.
1982 3853 2063 3909 vr,
2099 3837 2186 3894 17.

392 3983 503 4057 (26)
543 3984 606 4040 In
641 3987 852 4057 verbo,
881 3986 1086 4057 judiv,
1133 3987 1331 4043 deficit
1377 3988 1559 4043 codex
1605 3989 1971 4046 Basiliensis.

321 4053 758 4141 MozilA'Pglic"
779 4053 844 4141 ἐν
876 4053 1436 4141 δὶαοὺτοιςγςπνεῦμα,
1469 4065 1581 4116 etc.

391 4127 507 4200 (27)
533 4127 726 4198 Τοῦτο,
761 4129 926 4186 deest
956 4130 1015 4186 in
1044 4130 1272 4203 Anglic.

2157 3989 2270 4061 (28)
2302 3989 2436 4056 Vox,
2466 3991 2584 4049 νοῦ.
2617 3987 2866 4046 habetur
2906 3989 2966 4044 in
3016 3989 3357 4061 Anglicano,
3388 3994 3444 4047 et
3491 3990 3550 4046 in
3599 3990 3741 4046 edit.

2085 4062 2271 4188 faris.
2322 4063 2384 4116 In
2434 4061 2676 4132 reliquis
2723 4066 2780 4118 et
2828 4062 2888 4117 in
2937 4061 3076 4118 edit.
3110 4061 3396 4118 Commel.
3443 4061 3742 4119 desidera-

2113 4151 2200 4189 ur.

1212 4422 1289 4481 ΙΝ
1335 4420 1781 4482 EPISTOLAM
1826 4423 2333 4484 CATHOLICAM
2379 4423 2846 4484 ADMONITIO.

386 4576 414 4605 «
445 4553 576 4609 Haec
608 4553 873 4625 Epistola
901 4569 1016 4608 non
1061 4551 1314 4608 habetur
1361 4552 1422 4608 in
1474 4553 1736 4625 antiquis
1767 4553 2070 4611 Athanasii
2101 4553 2358 4626 Operum
2392 4553 2857 4620 collectionibus,
2889 4554 3371 4629 ambigimusque
3423 4572 3498 4613 an
3548 4556 3626 4612 sit
3671 4571 3742 4613 ea

311 4657 661 4715 germanum
691 4641 996 4696 Athanasii
1030 4657 1216 4711 opus;
1250 4640 1535 4696 nonnulla
1567 4641 1782 4713 quippe
1814 4648 1955 4698 sunt
2001 4643 2095 4698 hic
2149 4643 2423 4715 loquendi
2456 4661 2669 4715 genera
2699 4661 2757 4699 in
2793 4645 2942 4700 veris
2974 4645 3278 4700 Athanasii
3312 4645 3588 4717 operibus
3623 4662 3737 4701 non

308 4732 554 4797 usitata,
585 4745 922 4801 quanquam
957 4729 1281 4785 sexcenties
1312 4745 1440 4784 sese
1469 4729 1553 4784 illi
1588 4731 1869 4787 obtulerit
1899 4747 1966 4788 ea
1995 4749 2015 4787 ι

2102 4733 2319 4804 lrpandi
2352 4733 2600 4801 occasio,
2633 4750 2686 4788 ν.
2720 4749 2776 4804 g.
2811 4727 3093 4803 σύμϐολον
3124 4739 3222 4801 τῆς
3264 4732 3516 4800 πίστεως,
3551 4733 3740 4804 stylus

306 4823 447 4878 item
476 4821 778 4878 remissior
801 4837 980 4891 quam
1003 4820 1462 4876 Athanasianus.
1488 4820 1550 4876 In
1585 4821 1754 4878 titulo
1784 4823 1955 4878 etiam
1986 4840 2015 4893 q

2102 4824 2250 4878 idam
2284 4829 2599 4879 occurrunt
2619 4821 2830 4885 νοθείας
2853 4826 3021 4896 signa
3047 4841 3059 4879 :
3086 4841 3214 4891 vox,
3243 4825 3295 4877 oi
3327 4822 3735 4892 συνεπίσκοποι,

308 4929 608 4985 nusquam
650 4912 721 4967 ab
754 4911 1073 4966 Athanasio
1110 4916 1412 4982 usurpata,
1445 4911 1592 4967 solet
1634 4914 1848 4984 quippe
1881 4913 2098 4984 ubique
2145 4913 2244 4969 ille
2292 4915 2670 4987 coepiscopos
2715 4931 2919 4970 vocare
2968 4911 3453 4990 συλλειτουργαύς.
3487 4915 3738 4972 Nomina

304 5002 446 5057 item
479 5002 782 5074 regionum
818 4999 1111 5070 pauciora,
1147 5016 1324 5070 quam
1357 5017 1484 5071 quae
1514 5001 1784 5072 Epistolas
1815 5002 2122 5058 Catholica:
2154 5020 2282 5073 quae
2314 5004 2604 5076 encyclica
2633 5008 2741 5070 est,
2773 5004 2952 5059 inseri
2991 5003 3237 5060 soleant.
3271 5005 3558 5059 Praterea
3586 5004 3736 5060 solet

302 5090 665 5148 Athanasius
695 5090 891 5145 fusius
922 5095 980 5144 et
1009 5089 1296 5160 liquidius
1341 5106 1433 5145 res
1485 5096 1681 5162 gestas
1725 5091 1785 5146 in
1835 5091 2104 5164 epistolis
2135 5093 2260 5149 suis
2291 5108 2584 5165 enarrare,
2617 5111 2791 5164 quam
2841 5093 2936 5148 hic
2980 5092 3329 5149 habeantur.
3363 5095 3733 5166 Quapropter

303 5180 460 5238 inter
489 5178 669 5236 dubia
699 5193 878 5250 opera
907 5193 1037 5234 eam
1065 5177 1339 5249 ablegare
1366 5178 1558 5234 visum
1590 5183 1698 5235 est.
