4136 6424
430 400 504 461 81
1690 397 2079 461 EPISTOLA
2120 398 2592 464 CATHOLICA.
3774 402 3853 464 82

1602 551 1729 603 ΤΟΥ
1766 552 1855 604 ΕΝ
1892 550 2124 604 ΑΓῙΟΙΣ
2162 552 2428 606 ΠΑΤΡΟΣ
2468 551 2664 608 ΗΜΩΝ

1772 698 2505 797 ΑΘΑΝΑΣΙΟΥ

1754 872 2109 929 ΚΑΘΟΛῙΚΗ
2146 872 2521 931 ΕΠΙΣΤΟΛΗ.

1532 1144 1625 1239 S.
1698 1145 1797 1238 P.
1869 1144 1981 1239 N.
2052 1142 2736 1241 ATHANASII

1752 1323 2077 1379 EPISTOLA
2121 1321 2502 1380 CATHOLICA.

415 1574 732 1654 To‘ic_m1&
781 1572 947 1654 τόπον
1001 1573 1259 1654 ἀδελφοῖς
1308 1575 1784 1654 ἀντιποιουμένοις
1830 1576 2057 1654 πίστεως

2182 1576 2443 1654 Οηιηίριιδ
2472 1579 2672 1651 ubique
2706 1580 2955 1635 locorum
2983 1581 3273 1654 fratribus,
3298 1581 3432 1650 ﬁdei
3452 1585 3637 1654 utique
3667 1589 3839 1641 secta-

488 1644 576 1724 καί
607 1646 904 1724 σωτηρίας,
936 1650 1026 1702 καὶ
1055 1644 1185 1724 τοῖς
1202 1650 1318 1702 κατ’
1361 1644 1670 1724 Αἴγυπτοκί.Δ
1701 1650 1790 1703 καὶ
1840 1648 2063 1724 Συρίαν,

486 1717 576 1795 καί
601 1716 998 1795 -Ιξιλικίαν,καὶ
1031 1720 1324 1795 Φοινίκην,
1345 1716 1455 1775 καῖ
1480 1717 1732 1795 Ἀραϐίαν
1786 1716 1932 1795 (29),
1979 1716 2065 1795 ὀρέ

486 1786 728 1863 θοδόξοις
758 1777 1099 1863 ἐπισκόποις,
1134 1777 1450 1857 Ἀθάνάσιος
1480 1777 1570 1849 καλ
1602 1794 1654 1849 οἱ
1678 1777 2063 1849 συνέπίάκοποι

486 1860 538 1916 έν
573 1862 755 1937 Κυρίῳ
784 1864 1018 1938 χαίρειν.

479 1976 630 2032 Ὅσοι
677 1978 776 2047 τὴν
827 1973 1071 2034 ἀσέϐειαν
1118 1984 1377 2055 ωνορᾶτε
1405 1982 1504 2050 τήν
1538 1980 1968 2055 ἐπανισταμένην
1996 1977 2065 2053 τῇ

410 2060 652 2137 εὐσεϐείᾳ
699 2064 789 2122 διά
835 2087 894 2122 τε
943 2072 1188 2145 φανερῶν
1251 2074 1593 2146 κενοφωνιῶν
1652 2072 1787 2143 (30),
1847 2070 1937 2124 καὶ
1996 2066 2065 2123 δι’

409 2154 742 2229 ὑποκρίσεων
791 2152 1056 2232 δοΛερῶν,
1104 2156 1196 2211 καὶ
1248 2155 1599 2230 διαστάσεων,
1658 2158 1747 2214 καὶ
1814 2152 2061 2234 θορύϐων

408 2243 687 2318 ἀπρεπῶν,
743 2243 835 2299 καὶ
879 2245 1140 2322 πληγῶν,
1189 2246 1278 2301 καὶ
1325 2245 1671 2322 τραυμάτων,
1723 2247 1813 2303 καὶ
1860 2246 2061 2325 φόνων,

406 2332 743 2404 ὑπεξελθεῖν,
776 2335 1019 2412 καθάπερ
1047 2334 1154 2390 ἀπὸ
1192 2333 1473 2400 κλύδωνός
1519 2359 1666 2401 τινος
1717 2338 1793 2401 εἰς
1844 2336 2062 2411 λιμένα,

406 2421 497 2477 καὶ
548 2423 739 2492 σώζειν
791 2424 1014 2487 ἑαυτοὺς
1063 2424 1333 2503 ὀφείλετε,
1388 2427 1624 2502 μήτετῇ
1655 2421 1875 2499 ἀσεϐείᾳ
1926 2448 2066 2500 συμ-

408 2510 731 2584 μιγνύμενοι
759 2517 866 2567 τῶν
899 2513 1231 2577 ἀθετούντων
1261 2515 1360 2583 τὴν
1407 2515 1532 2588 μίαν
1578 2516 1668 2571 καὶ
1716 2518 1829 2590 (31)
1879 2514 2062 2585 ἀληθῆ

412 2597 646 2669 θεότητα
671 2607 772 2669 τῆς
803 2602 954 2677 ἁγίας
984 2600 1233 2676 Τριάδος,
1264 2604 1354 2658 καὶ
1408 2603 1923 2676 ἀπαλλοτριούντων
1972 2604 2063 2659 τὸν

413 2686 538 2740 Υἱὸν
586 2691 684 2741 τοῦ
732 2688 963 2763 Πατρὸς,
1009 2693 1099 2743 καί
1146 2691 1210 2745 τὸ
1254 2696 1475 2764 Πνεῦμα
1500 2697 1597 2747 τοῦ
1628 2694 1757 2747 Υἱοῦ
1788 2692 2069 2770 χωριζόνο

410 2794 545 2843 των,
598 2778 738 2849 μήτε
778 2782 898 2840 ταῖς
961 2777 1281 2855 συγχύσεσιν
1335 2779 1510 2835 αὐτῶν
1578 2780 1667 2835 καὶ
1735 2781 2070 2860 μιαιφονίαις

2250 1652 2477 1726 (oribus,
2505 1654 2873 1726 episcopisque
2902 1652 3220 1726 orthodoxis
3248 1655 3307 1707 in
3346 1652 3597 1725 /Egypto,
3647 1656 3835 1726 Syria,

2245 1721 2461 1799 Cilicia,
2494 1721 3023 1799 Phaniam—Arabia,
3044 1724 3383 1780 Athanasius
3413 1721 3465 1781 at
3484 1721 3823 1799 coepiscopi,

2245 1794 2305 1847 in
2338 1797 2573 1851 Domino
2602 1797 2855 1851 salutem.

2242 1980 2539 2052 Quotquot
2566 1981 2927 2053 impietatem
2976 1981 3316 2053 conspicitis
3365 1980 3723 2038 attollentem
3771 1998 3835 2038 se

2172 2069 2456 2126 adversus
2487 2070 2788 2142 pietatem,
2823 2069 2986 2126 vanis
3019 2070 3212 2143 palam
3247 2069 3525 2127 adhibitis
3555 2070 3832 2126 sermoci-

2173 2159 2533 2224 nationibus,
2568 2159 2771 2215 dolosa
2803 2158 3203 2226 simulatione,
3234 2159 3499 2215 dissidiis
3531 2159 3693 2228 item,
3740 2160 3831 2214 in-

2173 2247 2398 2302 decoris
2446 2247 2826 2314 tumultibus,
2876 2248 2996 2303 imo
3028 2246 3239 2319 plagis,
3267 2248 3633 2318 vulneribus,
3661 2247 3830 2304 caedi-

2171 2337 2317 2405 bus;
2352 2337 2522 2408 quasi
2555 2354 2588 2393 a
2616 2340 2962 2409 tempestate
2992 2337 3062 2392 ad
3096 2342 3329 2409 portum
3375 2338 3687 2409 confugere
3735 2354 3830 2394 sa-

2171 2427 2473 2498 lutemque
2502 2427 2668 2484 vobis
2696 2441 2903 2499 parare
2936 2426 3159 2483 debetis
3190 2443 3203 2483 :
3237 2442 3428 2498 neque
3462 2442 3560 2483 vos
3606 2425 3680 2483 iis
3728 2427 3830 2485 ad-

2175 2516 2422 2571 miscere
2452 2516 2553 2588 qui
2584 2532 3121 2587 unam,veramque
3152 2520 3367 2573 sanctae
3399 2516 3705 2572 Trinitatis
3738 2517 3842 2572 ab-

2176 2608 2396 2674 negant
2426 2604 2726 2672 deitatem,
2762 2604 2973 2660 Filium
3007 2622 3040 2660 a
3070 2605 3237 2660 Patre
3266 2604 3619 2672 abalienant,
3655 2604 3839 2677 Spiri-

2176 2698 2425 2765 tumque
2457 2698 2732 2766 separant
2762 2711 2795 2750 a
2826 2693 2989 2763 Filio,
3024 2710 3214 2765 neque
3242 2710 3447 2749 eorum
3478 2693 3838 2750 tumultibus

2178 2782 2551 2855 caadibusque
2581 2800 2680 2839 vos
2713 2782 2955 2839 sociare.
2988 2783 3074 2839 Ita
3104 2783 3260 2839 enim
3294 2799 3399 2838 nos
3432 2783 3532 2854 qui
3586 2781 3839 2839 salutem

407 2862 857 2940 ἀναμιγνύμενοι.
911 2866 1066 2922 Οὕτω
1114 2868 1216 2943 γὰρ
1267 2868 1359 2923 καὶ
1592 2872 1777 2943 ἡμεῖς,
1848 2870 2057 2933 ἑαυτοὺς

2181 2887 2460 2926 curamus
2522 2874 2804 2938 nostram,
2867 2888 2972 2927 nec
3022 2888 3137 2926 non
3169 2888 3371 2927 eorum
3404 2871 3503 2942 qui
3535 2871 3706 2928 nobis
3736 2873 3839 2927 ob-

412 2951 746 3028 βουλόμενοι
803 2956 1019 3024 σώζειν,
1067 2957 1157 3011 καὶ
1206 2957 1339 3021 τοὺς
1388 2957 1752 3033 πειθομένους
1794 2962 1951 3031 ἡμῖν,
1982 2960 2057 3014 κα

2181 2962 2801 3030 temperant,apertam
2842 2958 2955 3012 Arii
2986 2958 3350 3030 impietatem
3375 2960 3604 3029 jamdiu
3639 2961 3842 3016 confu-

409 3040 469 3096 ἆκ
515 3040 766 3105 πλείονος
824 3041 933 3115 ἤδη
987 3044 1192 3121 χρόνου
1236 3047 1336 3115 τὴν
1383 3055 1635 3124 προφανῆ
1680 3042 1924 3104 ἀσέϐειαν
1973 3052 2072 3104 τοῦ

406 3129 615 3205 Ἀρείου
676 3130 1036 3209 διελέγχομεν
1093 3135 1183 3189 καὶ
1238 3136 1337 3205 τὴν
1418 3134 1700 3214 ὑπόκρισιν
1776 3141 1883 3192 τῶν
1952 3137 2070 3192 έπι-

409 3217 675 3282 πλάστοις
746 3219 982 3296 ῥήμασιν
1043 3222 1404 3296 ὑπαγομένων
1461 3223 1594 3288 τοὺς
1652 3224 2065 3303 ἀφελεστέρους·

410 3309 768 3384 χωριζόμεθά
812 3331 872 3365 τε
915 3309 1091 3382 πάσης
1140 3311 1358 3385 ἀταξίας
1407 3313 1608 3383 αὐτῶν,
1640 3319 1959 3378 πενθοῦντες
1990 3314 2070 3392 ἐφ’

405 3397 489 3459 οἷς
539 3399 888 3473 πράττουσιν,
939 3397 1022 3455 ὅτι
1069 3400 1133 3455 τὸ
1183 3396 1354 3474 ὄνομα
1399 3403 1464 3457 τὸ
1512 3403 1706 3479 ἀγαθὸν
1763 3399 2067 3482 δυσφημεῖ-

403 3487 522 3540 σθαι
578 3491 819 3559 ποιοῦσι,
867 3489 955 3543 καὶ
1012 3487 1341 3564 βουλόμενοι
1394 3488 1790 3568 διατηρηθῆναί
1836 3497 1953 3555 πῶς
2011 3491 2063 3549 ἐν

402 3574 540 3646 ἡμῖν
572 3573 662 3629 καὶ
695 3580 812 3637 τοῖς
850 3578 968 3649 μεθ’
996 3580 1158 3651 ἡμῶν
1188 3578 1279 3634 τόν
1307 3601 1366 3635 τε
1392 3586 1494 3649 τῆς
1541 3580 1776 3644 πίστεως
1825 3582 1915 3637 καὶ
1962 3589 2064 3652 τῆς

402 3659 676 3725 ἐπιεικοῦς
728 3665 1069 3744 ἀναστροφῆς
1115 3663 1306 3741 νόμον.
1367 3669 1481 3747 Ἐφ’
1548 3668 1581 3724 ἂ
1627 3670 1717 3724 καὶ
1768 3671 1907 3739 ὑμᾶς
1956 3692 2064 3726 πα-

402 3749 771 3826 ρακαλοῦμεν,
809 3752 926 3808 ὅσοι
956 3775 1015 3810 τε
1040 3752 1149 3827 ἤδη
1184 3758 1283 3827 τὴν
1337 3758 1505 3827 αὐτὴν
1560 3756 1801 3813 ἔνστασιν
1854 3758 2066 3831 ἐνεστή-

399 3841 576 3910 σασθε,
626 3841 717 3896 καὶ
767 3840 883 3897 ὅσοι
938 3840 1170 3916 μηδέπω
1219 3847 1359 3918 πρὸς
1405 3847 1497 3901 τὸν
1533 3845 1700 3916 ζῆλον
1741 3851 1933 3902 τοῦτον
1980 3848 2061 3919 [E-

396 3928 675 3999 ανέστητε.
726 3931 794 3987 Ἤ
853 3929 995 4004 μηδὶ
1046 3935 1313 4004 συνήκατε
1362 3932 1766 4009 καταλυόμενον
1824 3933 1913 3991 διὰ
1954 3942 2062 3993 τῶν

394 4017 661 4073 τοιούτων
714 4022 827 4094 (33)
874 4021 965 4075 τὸν
1020 4025 1465 4097 Χριστιανισμὸν,
1514 4026 1604 4080 καὶ
1654 4028 1903 4102 σχήματι
1969 4025 2059 4081 δο-

406 4103 552 4182 λερῷ
578 4108 670 4161 τὸν
701 4102 959 4163 διάϐολον
1008 4110 1496 4185 καταπολεμυῦντα
1542 4115 1643 4183 τὴν
1704 4114 2055 4189 Ἐκκλησίαν,

396 4194 485 4249 καὶ
538 4194 720 4271 ὥσπερ
763 4200 891 4251 ναῦν
944 4199 1444 4270 καταποντίζοντα;
1494 4202 1563 4257 Εἴ
1609 4200 1666 4258 δὲ
1695 4204 1783 4258 καὶ
1832 4202 2053 4283 γράφειν

399 4287 536 4358 ἡμῖν
566 4286 655 4340 καὶ
693 4286 1106 4343 ἀνακοινοῦσθαι
1153 4291 1277 4365 περὶ
1320 4296 1428 4346 τῶν
1478 4293 1745 4349 τοιούτων
1795 4292 2055 4371 βούλεσθε
2084 4316 2128 4386 C

401 4376 692 4450 χαίροντες
744 4373 1004 4451 δεξόμεθα
1044 4381 1143 4448 τήν
1198 4380 1509 4458 ὁμοψυχίειν
1576 4383 1665 4439 καὶ
1723 4385 2052 4458 σύμπνευσιν

395 4461 568 4535 ὑμῶν,
616 4461 870 4543 ἀδελφοὶ,
922 4465 1013 4521 καὶ
1066 4468 1165 4530 τὰς
1211 4473 1319 4523 τῶν
1374 4470 1553 4545 εὐχῶν
1599 4472 1885 4535 κοινωνίας
1917 4475 2052 4546 (34),

394 4551 441 4606 εί
471 4551 561 4607 καὶ
590 4556 669 4625 τῷ
696 4553 852 4627 τόπῳ
885 4552 1274 4631 διεστήκαμεν·
1333 4560 1687 4636 γνωρίζοντες
1739 4562 1890 4635 ὑμῖν,
1944 4560 2050 4630 ὅτι,

394 4638 439 4729 εἰ
470 4639 578 4729 καὶ,
608 4639 807 4715 πολλῷ
856 4640 963 4715 ἤδη
1018 4645 1207 4721 χρόνῳ
1236 4647 1304 4702 τὰ
1334 4656 1435 4718 τῆς
1464 4652 1816 4729 παραφθορᾶς
1847 4652 2053 4721 ταύτης

397 4726 742 4803 ἐπιπολάζει,
787 4729 916 4786 ἀλλ’
960 4731 1052 4788 οὖν
1103 4731 1179 4789 ἔτι
1231 4737 1345 4810 (35)
1391 4739 1479 4792 καὶ
1530 4738 1582 4794 έν
1625 4726 1743 4802 τοῖς
1772 4739 2053 4804 πλείστοις

399 4820 509 4908 τῶν
540 4818 688 4908 λαῶν
713 4816 954 4908 διαμένει
983 4821 1047 4876 τὸ
1075 4825 1173 4892 τῆς
1233 4824 1605 4897 ἀποστολικῆς
1646 4829 1879 4893 πίστεως
1921 4831 2049 4908 ἀγα-

398 4906 510 4975 θὸν,
570 4906 659 4962 καὶ
711 4907 763 4963 ἐν
810 4914 926 4973 τοῖς
973 4908 1254 4975 πλείστοις
1299 4919 1409 4969 τῶν
1459 4915 1791 4972 ἐπισκόπων·
1850 4918 1895 4972 εί
1958 4906 2049 4975 καί

395 4994 489 5071 βίᾳ
534 4997 828 5073 κατέχουσί
872 5019 1013 5061 τινες
1063 5001 1155 5055 τὸν
1204 5003 1335 5058 λαὸν
1384 5005 1474 5059 καὶ
1537 5005 1742 5082 ἑτέροις
1813 5006 2048 5084 ῥήμασιν

607 5150 757 5220 Haec,
790 5149 880 5231 καὶ
930 5151 1215 5231 Φιῃνίκῃρν,
1265 5156 1355 5231 καὶ
1405 5151 1685 5231 Ἀραϐίαν,
1727 5162 1944 5231 desunt
1988 5163 2049 5217 in

392 5220 583 5308 φεῦ..
630 5224 935 5308 δεουρξὶο..
991 5220 1334 5308 Basili‘ensis
1410 5220 1683 5308 primus;
1730 5227 2048 5308 ’ᾼρῥαϐίαν.

390 5291 710 5426 ἕὲἒιδῖϐ,
749 5295 1059 5359 Ἀθανάσιος
1090 5298 1179 5351 καὶ
1211 5298 1264 5351 οἱ
1293 5291 1697 5373 συνεπίσκοποι,
1730 5291 1947 5361 de's'unt
1988 5306 2051 5362 in

508 5381 523 5418 ι
556 5405 572 5424 ο

439 5380 572 5424 8811.

464 5436 704 5518 (30).§ic
733 5453 941 5518 omnes
971 5455 1115 5518 mss.
1151 5445 1444 5518 Interpres
1472 5450 1638 5501 vetus
1668 5446 1909 5518 legerat,
1931 5467 2051 5500 και-

392 5505 988 5587 νοφωνίῷν,-ινεις1ξθι·ᾳι
1014 5512 1196 5587 enim,
1230 5505 1389 5587 nobis
1418 5533 1648 5587 prorsus
1676 5505 1978 5575 vocabulis.

501 5526 701 5577 ωνιων,
733 5526 988 5565 verterat
1014 5528 1196 5579 enim,
1230 5526 1389 5570 novis
1418 5533 1648 5587 prorsus
1676 5526 1977 5575 vocabulis.

461 5526 583 5723 $31;
615 5582 677 5635 In
710 5581 883 5664 Basil.
923 5584 948 5637 1
984 5588 1042 5638 et
1069 5584 1104 5638 2
1134 5590 1192 5640 et
1231 5585 1289 5640 in
1321 5587 1647 5659 Anglicano
1677 5590 1842 5674 deest
1869 5590 1977 5645 καί.

492 5651 564 5723 32_
619 5656 679 5723 In
730 5654 872 5709 edit.
900 5654 1186 5723 Commel.
1226 5653 1315 5709 καί
1363 5664 1546 5716 deest.
1579 5662 1649 5718 Et
1694 5664 1848 5719 infra
1894 5680 1977 5719 an‘

492 5651 583 5730 32‘)
619 5656 679 5730 [n
730 5653 872 5709 edit.
897 5654 1186 5730 _Commel.
1220 5653 1315 5730 καί
1339 5651 1546 5730 deest.
1579 5662 1649 5718 Et
1694 5662 1848 5719 infra
1894 5667 2053 5730 ante,

402 5717 485 5774 έκ’
509 5717 787 5795 πλείονος,
817 5721 909 5778 καί
937 5724 1101 5784 deest
1128 5727 1188 5784 in
1219 5728 1529 5787 Basiliensi
1559 5717 1610 5788 17.

2183 3046 2461 3116 tavimus,
2494 3046 2751 3117 itemque
2781 3062 2981 3101 eorum
3016 3046 3449 3102 simulationem
3502 3050 3601 3120 qui
3660 3050 3842 3105 conﬁ-

2181 3135 2289 3191 ctis
2347 3135 2717 3191 sermonibus
2768 3134 3160 3207 simpliciores
3191 3136 3483 3191 seducunt
3516 3153 3528 3193 :
3562 3143 3618 3191 et
3647 3154 3680 3192 a
3709 3142 3833 3192 tur-

2181 3224 2420 3279 bulenta
2448 3241 2651 3279 eorum
2685 3224 2963 3279 societate
2995 3241 3102 3279 nos
3142 3241 3525 3297 segregamus
3558 3244 3570 3281 :
3604 3243 3841 3282 eorum-

2179 3329 2293 3383 que
2342 3312 2598 3368 facinora
2658 3313 2949 3384 Iugemus,
3012 3314 3165 3385 quod
3213 3330 3421 3384 nempe
3452 3314 3511 3369 id
3544 3319 3742 3387 agant,
3776 3320 3841 3372 ut

2177 3402 2396 3457 bonum
2431 3417 2642 3457 nomen
2670 3401 3315 3473 blasphemetur,atque
3346 3406 3724 3474 peroptamus
3773 3408 3841 3460 ut

2176 3506 2309 3545 cum
2343 3491 2499 3563 apud
2532 3494 2794 3556 nos,tum
2818 3489 2969 3560 apud
3002 3490 3399 3560 nostros,fidei
3431 3492 3830 3563 modestaeque

2176 3579 2499 3650 disciplinas
2533 3579 2624 3634 lex
2653 3582 2933 3635 servetur.
2965 3579 3051 3633 Ad
3081 3596 3265 3651 eaque
3294 3579 3425 3651 ipsa
3481 3581 3680 3636 studia
3735 3598 3838 3638 vos

2174 3669 2867 3739 cobortamur,quotquot
2895 3668 3327 3739 ejusdemmodi
3360 3669 3695 3725 institutum
3718 3687 3835 3727 am-

2174 3758 2638 3830 plexi,quotquot
2667 3759 2806 3813 item
2840 3759 3042 3813 eodem
3076 3758 3272 3813 studio
3304 3759 3565 3814 nondum
3600 3760 3835 3815 inﬂam-

2173 3847 2314 3902 mati
2347 3846 2508 3902 estis.
2540 3849 2744 3902 Annon
2777 3846 3109 3919 intelligitis
3141 3847 3431 3917 ejusmodi
3465 3848 3642 3903 rebus
3696 3848 3837 3905 abo-

2169 3934 2274 3991 leri
2303 3934 2913 4006 Cbristianismum,ac
2937 3934 3140 3999 dolosa
3167 3935 3359 4007 specie
3392 3935 3690 3991 diabolum
3725 3953 3833 4008 op-

2172 4040 2435 4095 pugnare
2465 4023 2810 4090 Ecclesiam,
2840 4040 3088 4095 eamque
3117 4024 3295 4079 veluti
3337 4040 3544 4080 navem
3603 4026 3834 4081 demer-

2167 4116 2348 4184 gere?
2404 4114 2567 4178 Quod
2602 4113 2648 4168 si
2684 4113 2853 4168 nobis
2886 4113 3141 4169 scribere
3175 4129 3241 4167 ac
3270 4129 3450 4185 super
3478 4130 3546 4167 ea
3576 4129 3639 4168 re
3669 4130 3832 4169 com-

2166 4203 2465 4258 municare
2501 4200 2823 4266 volueritis,
2846 4204 3100 4257 vestram
3130 4202 3501 4257 concordiam
3529 4203 3828 4274 conspira-

2165 4290 2756 4362 tionemque,necnon
2792 4294 3057 4345 mutuam
3076 4290 3407 4346 orationum
3432 4290 3829 4361 participatio-

2166 4397 2323 4443 nem,
2348 4380 2457 4436 etsi
2487 4379 2613 4435 loco
2644 4378 2856 4447 dissiti,
2882 4378 2997 4434 laeti
3020 4378 3433 4449 suscipiemus.
3458 4377 3825 4433 Iudicemus-

2163 4485 2275 4540 que
2305 4469 2491 4535 vobis,
2521 4468 2628 4524 etsi
2654 4468 2886 4538 jamdiu
2921 4471 3228 4539 grassatur
3256 4466 3383 4522 lues
3415 4466 3635 4533 isthaec,
3668 4469 3825 4538 apud

2164 4558 2483 4614 maximam
2517 4561 2739 4629 partem
2773 4555 3124 4628 populorum
3158 4571 3383 4611 necnon
3414 4555 3825 4627 episcoporum

2163 4646 2549 4720 apostolicam
2582 4645 2799 4702 servari
2834 4645 3032 4700 ﬁdem.
3066 4644 3325 4700 Tametsi
3354 4643 3626 4700 nonnulli
3659 4650 3822 4714 sunt,

2161 4736 2425 4809 qui,cum
2446 4736 2521 4806 vi,
2542 4740 2604 4790 tu
2617 4752 2671 4790 m
2687 4733 3198 4790 fallacibusverbis
3214 4733 3499 4805 populum
3516 4733 3823 4792 detinent:

2161 4825 2515 4899 plurimique
2546 4823 3209 4897 episcoporum,partim
3240 4826 3398 4878 metu
3429 4822 3688 4877 virorum
3720 4823 3822 4878 28

2159 4918 2218 4969 in
2252 4913 2499 4969 urbibus
2528 4910 3165 4983 illustriorum,partim
3196 4910 3394 4981 glorize
3426 4910 3819 4982 ambitu,quaa

2162 5004 2425 5061 sentiunt
2454 5001 2769 5072 occultant,
2805 5017 2933 5073 quae
2988 5016 3104 5056 non
3162 5000 3427 5055 sentiunt
3483 5016 3546 5055 se
3599 5000 3817 5056 sentire

2232 5164 2344 5235 (33)
2378 5161 2716 5220 Basiliensis
2745 5160 2997 5235 primus,
3028 5158 3257 5235 τούτων.

2230 5230 2344 5318 (34)
2388 5242 2447 5289 In
2499 5230 2765 5318 editione
2798 5230 3405 5318 ςῖοωξηςξ.ικοιωνία.ς,
3454 5230 3629 5318 lapsu
3677 5246 3811 5301 gra-

2161 5301 2354 5378 phico',
2401 5322 2571 5378 quem
2624 5312 2691 5361 ut
2736 5308 2964 5378 notaret
3016 5303 3145 5378 Eelc
3201 5301 3564 5378 posuit,‘bcr.
3615 5320 3810 5355 κοινω-

2159 5370 2293 5442 νίαν,
2343 5370 2625 5434 'méndose
2671 5375 2894 5431 scilicet
2940 5375 3173 5446 scripsit
3201 5370 3496 5446 ’κοινωνίαν
3550 5390 3652 5445 pro
3698 5392 3814 5426 κοι-

2158 5450 2378 5519 νωνίας,
2407 5467 2583 5520 quam
2617 5448 2924 5503 lectionem
2952 5445 3222 5520 videntur
3251 5445 3529 5520 babuisse
3560 5446 3686 5514 ejus
3716 5461 3811 5499 co-

2163 5516 2737 5578 dicesﬁParisienses
2771 5534 2901 5573 vero
2950 5516 3202 5572 editores
3254 5516 3403 5573 Felc.
3436 5516 3667 5587 lapsum
3720 5532 3812 5571 se-

2922 5594 3222 5644 osuerunt.

2163 5595 2305 5659 cuti,
2338 5592 2506 5660 τήν...
2538 5588 2847 5657 κοινωνίαν,

2939 5665 2997 5716 et
3037 5660 3264 5732 Anglic.
3298 5658 3451 5715 Edit.
3482 5673 3615 5713 vero
3646 5656 3815 5710 Com-

2237 5666 2345 5737 (35)
2376 5662 2690 5737 $ic_Basil.
2730 5662 2753 5714 1
2788 5665 2847 5715 et

2164 5732 2337 5807 mel.,'
2356 5735 2447 5789 οὗν
2482 5732 2614 5788 ἐστι.
