4136 6362
346 391 424 454 83
1541 390 1607 452 S.
1653 387 2184 453 ATHANASIUS.
2213 423 2290 434 —
2321 390 2584 455 DUBIA.
3696 395 3775 456 ει

349 524 652 580 simulant.
685 523 792 589 Qui
825 523 873 580 si
904 541 1016 579 non
1051 527 1247 579 essent
1275 523 1347 579 iis
1378 523 1684 579 affectibus
1722 538 2009 596 praeoccu-

2134 519 2456 590 ἀπατηλοῖς⁸
2509 523 2598 576 καὶ
2657 521 2965 578 ἐπισκόπων
3018 522 3254 595 πλῆθος,
3306 525 3371 578 τὰ
3407 525 3500 597 μὶν
3535 522 3623 579 διὰ
3655 522 3774 587 δέος

351 614 492 685 pati,
524 614 828 669 veritatem
871 629 1012 669 sane
1044 613 1246 684 paucis
1280 612 1437 668 hisce
1467 613 1657 669 verbis
1687 612 2007 684 expositam

352 707 738 774 agnoscerent
764 720 775 757 :
800 702 1204 768 scilicet,Deus
1238 707 1294 756 et
1324 702 1420 757 Dei
1459 703 1639 757 Filius
1671 719 1784 756 non
1823 707 2013 773 potest

353 806 484 848 esse
516 809 607 848 res
639 809 672 846 a
704 792 818 847 Deo
852 791 1020 856 facta,
1075 808 1178 846 nec
1234 791 1482 863 Spiritus
1541 797 1780 846 sanctus
1837 791 2011 845 rebus

356 882 525 936 factis
556 887 1002 936 annumeratur.
1023 880 1145 946 Dei,
1168 897 1280 935 non
1313 897 1444 935 vero
1476 886 1772 946 creatura},
1794 881 2011 934 adven-

355 975 484 1025 tum
519 970 890 1025 admittimus
925 988 936 1024 :
971 987 1158 1041 neque
1191 969 1249 1023 in
1280 969 1430 1024 servi
1463 969 1774 1024 adventum
1826 968 2010 1022 credi-

359 1075 516 1125 mus,
549 1059 848 1130 divinique
880 1058 1133 1130 Spiritus
1166 1059 1411 1130 gratiam
1459 1058 1831 1113 admittimus
1865 1075 1877 1111 :
1914 1074 2015 1128 per

360 1165 535 1219 quem
569 1153 625 1203 et
655 1148 733 1201 dii
766 1146 1071 1217 efficimur,
1089 1154 1143 1202 et
1175 1147 1274 1202 Dei
1308 1147 1526 1219 templa
1557 1147 2014 1203 reddimurJiaac

361 1237 518 1292 enim
583 1237 783 1308 paucis
841 1236 972 1291 licet
1040 1236 1358 1298 declarata,
1414 1236 1743 1291 Christiano
1802 1237 2015 1306 cuique

361 1331 562 1398 aperta
583 1331 880 1392 sunt,cum
901 1333 1230 1381 accuratam
1255 1327 1326 1380 ab
1343 1325 1623 1396 initioque
1642 1326 2013 1397 praedicatam

360 1415 662 1471 veritatem
695 1414 1137 1470 conserventzin
1163 1432 1278 1487 qua
1300 1415 1347 1470 si
1371 1421 2015 1480 maneamus,a3ternam

361 1509 770 1575 exspectamus
801 1521 986 1576 spem.
1022 1505 1180 1558 Fidei
1211 1504 1409 1576 itaque
1434 1509 1642 1559 nostrae
1674 1503 2016 1574 Symbolum

365 1594 1017 1649 est:Consubstantia|is
1042 1595 1526 1661 Trinitatis,Deus
1554 1612 1722 1650 verus
1745 1611 1811 1650 ex
1837 1593 2020 1649 Maria

365 1683 554 1738 factus
575 1689 745 1738 homo
772 1701 785 1740 :
810 1684 906 1755 qui
933 1683 1024 1738 his
1047 1700 1161 1738 non
1184 1683 1558 1754 astipulatur,
1587 1683 1900 1739 anathema
1921 1684 2018 1739 sit.

366 1776 498 1826 Haec
518 1774 673 1828 enim
699 1773 929 1844 praefert
951 1772 1193 1828 Niczente
1217 1772 1423 1842 synodi
1457 1773 1805 1845 rescriptum
1834 1790 1846 1827 :
1871 1773 2020 1828 Con-

367 1860 814 1950 substantialem
831 1876 959 1916 esse
975 1862 1127 1916 Patri
1143 1861 1441 1930 Filium,et
1454 1862 1738 1934 Spiritum
1753 1867 2019 1917 sanctum
2053 1885 2100 1950 Β

370 1950 522 2005 Patri
551 1955 608 2005 et
629 1948 772 2004 Filio
795 1950 1437 2022 congloriﬁcari.Deum
1460 1968 1660 2006 verum
1686 1950 1894 2006 Filium
1921 1951 2020 2006 Dei

370 2041 765 2107 incarnatum,
789 2045 846 2094 et
873 2055 1114 2111 passum
1146 2057 1295 2107 esse,
1321 2041 1728 2109 resurrexisse,
1756 2040 1812 2094 in
1847 2039 2021 2095 cmlos

372 2129 1048 2196 ascendi,sse,venturum
1080 2144 1211 2184 esse
1226 2129 1486 2200 judicem
1509 2130 1772 2185 vivorum
1795 2135 1851 2185 et
1875 2145 2024 2184 mor-

371 2221 608 2273 tuorum
647 2233 661 2272 :
695 2219 784 2274 cui
820 2217 1006 2289 gloria
1036 2218 1095 2272 in
1131 2217 1344 2273 saecula
1373 2218 1743 2275 saeculorum.
1773 2220 1976 2274 Amen.

2119 615 2225 663 τῶν
2279 611 2330 664 ἂν
2382 610 2605 666 πύλεσιν
2661 612 3088 690 ἐπιφανεστὲρων
3137 617 3271 686 (36),
3320 613 3386 668 τὰ
3429 612 3487 668 δὲ
3527 612 3596 668 δι’
3628 615 3774 670 ἀντι-

2121 699 2338 768 ποίησιν
2372 697 2552 770 δόξης⁵
2587 699 2674 755 καί
2720 701 2750 755 ἃ
2804 702 2897 774 μὶν
2950 706 3257 778 φρονοῦσιν,
3307 701 3770 777 ἀποκρύπτουσιν,

2121 786 2153 841 ἃ
2201 785 2256 841 δὲ
2306 790 2382 860 μή
2431 795 2718 866 φρονοῦσιν
2766 791 3164 865 ὑποκρίνονται.
3224 793 3330 860 Ὡς,
3377 792 3429 846 εἷ’
3451 814 3510 868 γε
3544 794 3619 864 μή
3653 793 3775 847 τού-

2119 897 2237 938 τοις
2286 885 2402 939 τοῖς
2452 880 2640 934 πάθεσι
2690 881 3199 955 προκατεσχημένοι
3269 880 3394 946 εἶσὶ,
3453 881 3540 935 καὶ
3605 881 3767 954 μόνον

2125 965 2399 1041 ῥηθεῖσαν,
2449 969 2546 1035 τήν
2607 968 2863 1037 ἀλήθειαν
2921 967 3138 1042 ὀλίγοις
3199 969 3452 1043 ῥήμασιν,
3514 969 3770 1045 ἐπιγινώ-

2125 1076 2362 1124 σκουσιν,
2419 1057 2503 1110 ’ὁτι
2554 1059 2692 1129 μήτε
2734 1057 2948 1129 ποίημα
2998 1062 3131 1112 Θεοῦ
3181 1059 3310 1120 Θεὸς
3359 1059 3449 1112 καὶ
3490 1059 3605 1120 ne;
3640 1055 3773 1114 Θεοῦ

2125 1143 2254 1198 εἶναι
2307 1142 2548 1211 δύναται,
2598 1147 2733 1217 μήτε
2781 1147 2840 1199 τὸ
2892 1147 3109 1217 Πνεῦμα
3154 1148 3216 1200 τὸ
3267 1148 3420 1219 ἅγιον
3475 1149 3776 1218 ποιήμασιν

2126 1233 2614 1309 ἆγκαταριθμεῖται.
2659 1235 2791 1289 Θεοῦ
2830 1257 2886 1289 τε
2919 1235 3226 1312 ἐπιφάνειαν
3262 1233 3650 1308 ὑπεδεξάμεθα,
3683 1235 3772 1290 καὶ

2126 1322 2254 1397 οὖχῖ
2309 1327 2417 1394 (37)
2467 1325 2761 1395 κτίσματος
2793 1322 3107 1395 ἰπιδημίαψ
3144 1323 3269 1379 οὐδὲ
3301 1326 3375 1386 εἴς
3409 1323 3610 1380 δούλου
3640 1346 3776 1400 παρ-

2127 1410 2308 1466 ουσίαν
2374 1415 2822 1484 πεπιστεύκαμεν,
2888 1416 2977 1467 καὶ
3041 1418 3222 1476 θεῖκοῦ
3284 1415 3592 1487 Πνεύματος
3654 1416 3777 1470 ὑπε-

2129 1497 2412 1574 δεξάμεθα,
2467 1499 2535 1555 δι’
2593 1500 2654 1554 οῦ
2699 1502 2786 1556 καὶ
2849 1503 3267 1574 θεοποιούμεθα,
3326 1504 3414 1556 καὶ
3468 1508 3602 1558 Θεοῦ
3657 1504 3776 1559 ναοὶ

2127 1592 2510 1662 καθιστάμεθα.
2562 1594 2740 1648 Ταῦτα
2798 1593 2900 1666 γὰρ
2957 1594 3045 1646 καὶ
3106 1593 3248 1646 οὕτω
3313 1593 3562 1668 βραχέως
3617 1589 3777 1668 λεγό-

2134 1701 2284 1754 μενα,
2340 1682 2497 1734 παντὶ
2565 1682 2868 1754 Χριστιανῷ
2921 1678 3222 1750 κατάδηλα,
3282 1682 3356 1743 ὡς
3414 1684 3511 1751 τὴν
3578 1679 3776 1758 ἀκριϐῆ

2133 1771 2244 1842 (38)
2290 1769 2340 1839 ἐξ
2391 1770 2568 1844 ἀρχῆς
2610 1775 2976 1844 κηρυχθεῖσαν
3027 1769 3283 1839 ἀλήθειαν
3347 1772 3634 1839 σώζουσιν,
3701 1770 3782 1849 ἔφ’

2130 1857 2166 1932 ᾖ
2196 1857 2522 1931 ἐμμένοντες
2555 1859 2648 1920 τὰς
2682 1858 2933 1920 αἰωνίους
2963 1857 3186 1920 ἐλπίδας
3237 1857 3594 1934 ἐκδεχόμεθα.
3632 1860 3781 1933 Σύμο

2133 1942 2297 2002 ϐολον
2333 1948 2423 2001 οῦν
2457 1955 2555 2017 τῆς
2587 1947 2817 2009 πίστεως
2851 1951 3010 2020 ἡμῶν
3046 1948 3339 2020 ὁμοούσιος
3371 1952 3405 2017 ἡ
3438 1949 3621 2020 Τριὰς,
3654 1950 3782 2012 Θεὸς

2132 2041 2246 2111 (39)
2306 2037 2586 2106 ἀληθινὸς,
2647 2037 2705 2091 ἐκ
2750 2042 2959 2112 Μαρίας
3006 2038 3294 2112 γενόμενος
3352 2038 3658 2113 ἄνθρωπος.
3723 2041 3784 2097 Ὁ

2135 2126 2192 2182 δὶ
2225 2128 2300 2200 μὴ
2348 2126 2716 2199 συντιθέμενος
2768 2126 3006 2199 ἀνάθεμα
3057 2125 3213 2182 ἔστω.
3264 2129 3444 2183 Ταῦτα
3472 2126 3573 2202 γὰρ
3606 2127 3787 2183 καὶτὸ

2131 2225 2232 2287 τῆς
2294 2214 2540 2290 μεγάλης
2594 2213 2820 2270 συνόδου
2863 2217 2963 2284 τῆς
3015 2215 3064 2270 ιν
3101 2215 3292 2287 Nimia
3323 2215 3553 2291 γράμμα
3586 2215 3788 2291 βούλεο

366 2325 475 2358 ταν
507 2304 827 2376 Ὀμοούσιον
861 2305 994 2358 εἶναι
1025 2301 1103 2376 τῷ
1136 2305 1304 2380 Πατρὶ
1336 2306 1426 2359 τὸν
1461 2305 1601 2360 Υἳόν·
1635 2305 1724 2359 καὶ
1756 2306 1819 2359 τὸ
1852 2310 2089 2379 Πνεῦμα,
2115 2311 2195 2378 τῷ
2228 2305 2416 2380 Πατρὶ.
2448 2304 2538 2358 καὶ
2568 2309 2648 2376 τῷ
2701 2306 2809 2358 ι’ἱῶ
2849 2301 3280 2374 συνδοξάζεσθαι⁸
3335 2306 3464 2359 Θεὸν
3524 2303 3780 2375 ἀληθινὸν

363 2393 455 2448 τὸν
490 2393 609 2447 Υἱὸν
644 2397 739 2448 τοῦ
771 2398 908 2448 Θεοῦ
941 2395 1328 2469 σεσαρκῶσθαι,
1359 2395 1696 2468 πεπονθὲναι,
1755 2394 2066 2467 ἀναστῆναι,
2111 2396 2186 2457 εἰς
2237 2393 2498 2470 οὐρανοὺς
2546 2392 2956 2464 ἀνεληλυθέναι,
3006 2392 3151 2463 ἥξειν
3204 2394 3393 2466 κριτήν
3449 2394 3665 2462 ζώντων
3693 2395 3782 2449 καὶ

361 2485 586 2558 νεκρῶν·
623 2480 669 2554 ᾧ
699 2484 734 2552 ἡ
768 2481 896 2552 δόξα
923 2482 998 2544 εἷς
1029 2482 1156 2538 τοὺς
1189 2483 1386 2546 αἰῶνας
1415 2488 1524 2538 τῶν
1552 2483 1765 2538 αἰώνων
1797 2487 1928 2555 (40).
1964 2488 2020 2539 ’Δ
2034 2487 2166 2559 μήν.

435 2653 549 2739 (3β)
579 2653 674 2709 Sic
701 2653 880 2739 'Bansil.
907 2656 967 2739 Ξ,
1003 2655 1237 2739 rectius.
1273 2655 1486 2711 Caeteri‘
1523 2661 1582 2711 et
1610 2656 1790 2739 ,editi,
1822 2655 2022 2739 ἐπιφα-

359 2721 652 2795 νεστὲραις.
701 2726 859 2800 Infra
907 2726 1084 2781 Basil.
1122 2729 1170 2793 1,
1205 2725 1729 2800 προκατισχημὲνοι.
1763 2721 2021 2800 Anglis,

362 2814 728 2870 προκατησχη
741 2795 913 2870 μένοι.

435 2868 549 2939 (37)
589 2865 883 2942 Ηέο-,λγαὶ
933 2865 1082 2942 οὐχζ,
1134 2886 1319 2940 usque
1370 2871 1462 2940 ad,
1502 2865 1878 2942 ,ὑπεδεξάμεθα
1927 2887 2018 2925 se-

365 2955 576 3010 quens,
609 2940 1106 2996 desiderantur—in
1139 2942 1331 3010 editis,
1366 2942 1464 2998 sed
1499 2941 1792 2998 habentur
1822 2944 1878 2998 in
1916 2943 2018 2998 Ba-

364 3008 589 3067 siliensi
623 3010 812 3068 primo
845 3017 903 3067 et
928 3011 1268 3068 Analicano.

500 3028 589 3067 1181
621 3028 812 3084 primo
845 3028 903 3067 οι
928 3028 1268 3085 angncano.

2206 2658 2324 2728 (38)
2356 2655 2450 2711 Sic
2480 2657 2619 2710 edit.
2653 2655 2835 2728 Paris.
2869 2660 2924 2710 et
2950 2655 3129 2728 Basil.
3153 2658 3206 2709 2.
3245 2656 3305 2728 In
3338 2655 3476 2711 edit.
3504 2654 3783 2710 Commel.

2134 2734 2191 2784 et
2212 2720 2278 2782 'in
2305 2720 2561 2800 reliquis
2606 2743 2780 2800 _mss.,
2813 2720 3012 2800 ἀκριϐῆ
3061 2728 3245 2782 deest.
3281 2727 3457 2782 Paulo
3491 2735 3636 2798 post,
3667 2729 3780 2780 An-

2131 2800 2290 2872 glic.,
2322 2798 2411 2851 καὶ
2441 2797 2535 2858 τάς
2568 2797 2843 2857 αἰωνίους.

2202 2873 2317 2940 (39)
2351 2871 2733 2943 Anglicanus,
2764 2870 2802 2943 6_
2825 2879 2976 2928 θεος.

2206 2936 2316 3013 (40)
2351 2936 2473 2997 δίον
2505 2936 2840 3013 Basiliensis
2888 2940 3205 2996 secundus.
3240 2940 3302 2996 lu
3352 2941 3576 2996 caeteris
3621 2943 3678 2994 et
3725 2936 3783 2993 in

2133 3011 2307 3070 editis
2332 3017 2439 3066 τῶν
2473 3011 2684 3066 αἰώνων
2719 3014 2901 3068 deest.

891 3363 1334 3423 ADMONITIO
1379 3361 1452 3422 ΙΝ
1500 3363 2120 3425 REFUTATIONEM
2165 3364 2635 3426 HYPOCRISIS
2679 3363 3037 3435 MELETII,
3087 3363 3256 3423 ETC.

426 3496 469 3551 Ι.
511 3516 537 3549 α
572 3497 633 3551 In
666 3495 876 3551 Nannii
920 3496 1397 3568 interpretatione
1447 3497 1655 3554 titulus
1704 3500 1787 3553 sic
1836 3497 2032 3566 habet,
2069 3500 2343 3570 Refutatio
2390 3504 2581 3555 contra
2628 3498 2942 3571 hypocrisin
2989 3499 3214 3566 Meletii,
3248 3497 3470 3553 Eusebii
3515 3505 3569 3552 et
3624 3498 3793 3553 Pauli

357 3587 808 3647 Samosatensis;
839 3585 1108 3642 vitiatum
1141 3587 1358 3659 quippe
1388 3587 1648 3643 codicem
1682 3589 2066 3660 Anglicanum
2101 3595 2336 3645 secutus
2370 3588 2466 3644 ille
2497 3595 2620 3644 est:
2649 3589 2952 3654 nimirum,
2988 3588 3158 3660 lapsu
3191 3588 3500 3657 cujusdam
3533 3587 3782 3658 scripto-

364 3673 446 3727 ris
480 3673 669 3745 primo
699 3675 955 3746 positum
987 3681 1095 3741 est,
1127 3672 1216 3728 καί
1249 3669 1524 3746 Εύσέὸιον,
1557 3675 1646 3729 καὶ
1678 3675 1769 3730 τὸν
1805 3682 2014 3748 Σαμοσο

2134 3683 2233 3743 ,ut
2265 3677 2476 3747 legitur
2507 3677 2562 3730 in
2596 3676 3002 3748 superioribus
3033 3676 3244 3730 editis:
3271 3675 3406 3729 hinc
3438 3673 3590 3729 alius
3621 3693 3784 3730 ama-

359 3762 626 3828 nuensis,
651 3761 816 3818 illum
841 3769 1313 3820 Samosatensem
1340 3770 1500 3820 ratus
1524 3780 1652 3820 esse
1679 3765 1924 3820 Paulum
1944 3765 2014 3819 ha

2135 3765 2418 3829 iarcham,
2442 3770 2658 3820 temere
2682 3765 2946 3830 inseruit,
2970 3763 3058 3816 καὶ
3084 3759 3300 3818 Παῦλον
3323 3763 3412 3815 τὸν
3441 3761 3786 3833 Σαμοσατὲα,

359 3853 424 3904 ut
455 3849 708 3906 habetur
734 3851 792 3906 in
826 3851 1144 3924 Anglicano
1177 3853 1393 3908 codice.
1423 3857 1495 3907 At
1526 3853 1839 3924 legendum
1870 3871 2000 3910 esse

2134 3879 2136 3890 ν
2168 3852 2290 3925 περὶ
2345 3851 2602 3907 Μελέτιον
2635 3851 2723 3906 καὶ
2761 3845 3010 3906 etatem»
3041 3851 3131 3905 τὸν
3181 3850 3518 3922 Σαμοσατὲα,
3551 3868 3686 3906 cum
3720 3868 3787 3906 ex

361 3939 784 4012 manuscriptis
818 3941 936 3996 fere
967 3940 1267 4006 omnibus,
1292 3947 1418 3996 tum
1451 3958 1518 3997 ex
1550 3947 1703 3998 recta
1735 3943 1996 3998 historias
2028 3943 2177 3998 serie
2210 3948 2458 3998 constat.
2484 3942 2654 4015 Carpi
2681 3943 2836 3998 enim
2870 3943 2978 3998 hoc
3008 3941 3134 3997 loco
3162 3939 3398 4006 Meletii,
3425 3939 3657 3995 Eusebii
3685 3944 3786 3994 Sa-

355 4029 1529 4100 mosatensis,cs3terorumqueAntiochias
1543 4037 1878 4087 coactorum
1900 4032 2306 4104 episcoporum
2328 4031 2636 4102 epistolam
2657 4033 2725 4086 ad
2745 4030 3055 4086 Jovianum
3078 4031 3492 4102 imperatorem
3511 4045 3665 4084 anno
3681 4030 3787 4083 363

353 4117 632 4188 scriptam
658 4117 803 4171 nulli
827 4119 1173 4190 ambiguum
1197 4119 1326 4185 erit,
1345 4136 1471 4175 eam
1491 4120 1798 4192 epistolam
1823 4123 1976 4193 apud
2001 4127 2296 4176 Socratem
2322 4121 2656 4192 inspicienti
2680 4137 2690 4174 :
2713 4121 2885 4190 cujus
2909 4123 3132 4191 partem
3160 4118 3252 4172 hic
3275 4134 3567 4189 apponere
3588 4115 3782 4172 visum

353 4209 442 4259 est
463 4222 476 4260 :
501 4209 609 4272 Τῆς
645 4203 793 4279 άγίας
822 4203 1049 4260 συνόδου
1069 4212 1169 4274 τῆς
1203 4204 1253 4259 ἐν
1277 4207 1471 4278 Nimia
1497 4205 1667 4262 πάλαι
1697 4209 2160 4283 συγκροτηθείσης
2181 4209 2280 4278 τὴν
2304 4208 2481 4262 πίστιν
2515 4209 2603 4262 καὶ
2629 4204 3017 4281 ἀποδεχόμεθα
3042 4205 3130 4260 καὶ
3155 4206 3479 4280 κατὲχομεν·
3504 4202 3668 4260 ὁπότε
3696 4205 3784 4258 καὶ

349 4293 412 4347 τὸ
444 4289 635 4347 δοκοῦν
671 4293 722 4348 ἰν
747 4293 882 4368 αὐτῇ
917 4295 1056 4364 ξένον
1089 4317 1225 4350 τισιν
1262 4291 1452 4369 ὄνομα,
1502 4297 1563 4352 τὸ
1611 4302 1708 4352 τοῦ
1755 4298 2050 4371 ὁμοουσίου
2101 4300 2299 4375 φαμὲν,
2334 4295 2609 4374 ἀσφαλοῦς
2657 4296 2928 4371 τετύχηκε
2976 4295 3120 4370 παρὰ
3148 4300 3264 4354 τοῖς
3309 4293 3570 4366 πατράσιν
3602 4291 3782 4367 ἆρμη-

352 4381 518 4452 νείας,
580 4384 977 4455 σημαινούσης,
1031 4383 1112 4438 ὅτι
1169 4385 1228 4440 ἐκ
1273 4393 1373 4454 τῆς
1407 4385 1588 4448 οὐσίας
1632 4392 1727 4440 τοῦ
1775 4388 1984 4462 ιΙατρὸς
2019 4389 2046 4442 ὁ
2078 4388 2201 4448 Υἱὸς
2236 4386 2516 4462 ἐγεννήθη,
2547 4385 2636 4440 καὶ
2689 4385 2771 4439 ὅτι
2825 4385 3019 4456 ὅμοιος
3068 4385 3185 4438 κατ’
3235 4382 3416 4437 οὐσίαν
3466 4386 3543 4452 τῷ
3590 4379 3787 4453 Πατρί-

355 4467 478 4524 οῧτε
511 4468 569 4524 δὲ
595 4472 670 4533 ὡς
701 4474 902 4535 πάθους
933 4475 1081 4535 τινὸς
1129 4476 1251 4550 περὶ
1299 4477 1400 4545 τήν
1457 4476 1694 4552 ἄρρητον
1744 4478 1988 4552 γέννησιν
2040 4476 2448 4548 ἐπινοουμένου,
2484 4473 2604 4530 οὔτε
2635 4477 2770 4529 κατά
2797 4496 2913 4528 τινα
2943 4481 3142 4549 χρῆσιν
3197 4471 3529 4540 Ἑλληνικὴν
3560 4465 3780 4542 λαμϐά-

350 4578 496 4612 νεται
525 4565 642 4622 τοῖς
686 4563 916 4637 πατράσι
963 4565 1026 4617 τὸ
1074 4559 1249 4636 ὄνομα
1295 4572 1395 4634 τῆς
1448 4565 1651 4638 οὐσίας,
1686 4565 1760 4627 εἷς
1792 4566 2014 4642 ἀνατροτ

2136 4564 2192 4621 δὲ
2221 4571 2340 4632 τοῦ,
2372 4566 2456 4635 Ἐξ
2490 4566 2587 4619 οὐκ
2612 4560 2788 4626 ὄντος.
2821 4567 3039 4622 Sanctae
3084 4565 3280 4636 synodi
3325 4565 3532 4618 Nicaeae
3583 4571 3780 4616 coacta!

351 4649 512 4719 ﬁdem
561 4652 914 4708 admittimus
963 4655 1398 4726 retinemusque.
1435 4656 1494 4711 Si
1542 4657 1764 4728 quidem
1810 4674 2008 4713 nomen
2059 4656 2581 4713 consubstantialis
2613 4656 2692 4710 ibi
2740 4656 3070 4719 admissum,
3103 4653 3244 4724 quod
3292 4652 3532 4706 insolens
3578 4651 3778 4721 quibu-

349 4737 506 4792 sdam
536 4741 715 4795 visum
757 4746 855 4807 est,
889 4747 1048 4797 cauta
1098 4746 1554 4815 interpretatione
1581 4763 1615 4800 a
1647 4747 1905 4801 Patribus
1935 4751 2014 4801 est
2044 4746 2427 4819 explicatum;
2459 4748 2538 4800 ita
2565 4749 2626 4799 ut
2657 4746 2956 4816 signiﬁcet,
2991 4759 3059 4797 ex
3090 4743 3272 4796 Patris
3320 4740 3638 4795 substantia
3684 4740 3780 4793 Fi-

355 4825 498 4882 lium
527 4844 640 4884 esse
664 4833 936 4900 genitum,
967 4848 1200 4903 eumque
1237 4835 1553 4890 substantia
1603 4837 1787 4891 Patris
1837 4851 1951 4890 esse
1996 4836 2241 4891 similem
2272 4855 2291 4890 :
2323 4851 2432 4890 non
2460 4836 2622 4905 quasi
2647 4835 2830 4905 passio
2861 4832 3127 4904 quaedam
3176 4831 3236 4885 in
3277 4829 3633 4900 generatione
3664 4827 3777 4882 illa

350 4917 627 4988 ineffabili
655 4920 1024 4987 intelligatur,
1056 4937 1230 4992 neque
1277 4939 1381 4977 usu
1429 4928 1660 4994 quodam
1709 4923 1882 4979 Graeci
1910 4926 2180 4980 sermonis
2224 4925 2556 4980 substantia?
2601 4939 2800 4978 nomen
2829 4939 2863 4976 a
2893 4922 3153 4976 Patribus
3187 4921 3523 4984 usurpatur,-
3570 4915 3661 4972 διά
3709 4915 3780 4969 ad

344 5006 751 5063 subversionem
785 5009 939 5063 illius
968 5010 1123 5074 dicti,
1156 5011 1236 5064 Ex
1266 5028 1382 5066 non
1415 5014 1804 5068 exstantibus.
1833 5037 1859 5063 ‹‹
1896 5014 2024 5069 Haec
2058 5015 2313 5068 maxime
2344 5014 2539 5078 verba,
2572 5010 2873 5068 Catholica
2903 5026 3065 5078 sane,
3099 5014 3164 5064 ut
3196 5025 3366 5063 nemo
3397 5011 3492 5062 eat
3521 5003 3775 5072 inﬁcias,

345 5094 417 5148 ad
453 5101 794 5166 suspectum
827 5104 884 5152 et
916 5115 1157 5169 pravum
1193 5116 1434 5155 sensum
1479 5101 1824 5173 detorquere
1855 5103 2258 5174 nequidquam
2290 5107 2536 5157 conatur
2586 5101 2839 5172 scriptor
2869 5100 2998 5155 iste.
3029 5100 3162 5162 Qua:
3193 5113 3336 5152 sane
3366 5110 3544 5150 causa
3575 5093 3685 5148 fuit
3717 5098 3781 5148 ut

345 5198 380 5239 a
408 5185 594 5240 doctis
633 5186 775 5242 viris
806 5188 1052 5243 Paulino
1087 5195 1207 5242 tum
1244 5190 1512 5246 Ecclesiae
1546 5191 1918 5247 Antiochenaa
1951 5197 2174 5263 partem
2208 5192 2539 5263 occupanti,
2563 5196 2664 5244 aut
2693 5190 2925 5244 cuidam
2960 5205 3024 5242 ex
3050 5187 3405 5258 sequacibus
3435 5185 3563 5254 ejus
3593 5184 3778 5238 ascri-

343 5272 534 5329 batur.
570 5276 728 5339 Quod
765 5280 881 5332 veri
917 5277 1062 5333 satis
1097 5278 1288 5333 simile
1320 5284 1429 5349 est,
1465 5297 1596 5335 cum
1632 5287 1853 5336 certum
1891 5281 2035 5338 alias
2080 5281 2157 5337 sit
2204 5281 2582 5337 Paulinianos
2615 5280 2740 5335 ideo
2772 5297 2804 5334 a
2835 5278 3046 5334 Meletii
3082 5275 3497 5332 communione
3542 5271 3776 5326 avulsus

343 5379 492 5428 esse,
528 5366 684 5435 quod
717 5367 846 5436 ejus
879 5372 1214 5439 suspectam
1248 5367 1534 5424 haberent
1566 5371 1762 5425 fidem.

417 5451 487 5505 ΙΙ.
525 5476 552 5503 ‹‹
583 5454 867 5525 Quisquis
894 5463 1091 5511 tamen
1126 5461 1203 5511 sit
1231 5457 1409 5528 hujus
1438 5459 1706 5530 opusculi
1739 5464 1958 5525 auctor,
1993 5459 2224 5516 videtur
2267 5477 2384 5514 non
2415 5475 2546 5514 esse
2579 5457 2970 5522 Athanasius;
3003 5456 3296 5526 siquidem
3324 5453 3476 5508 hanc
3508 5449 3604 5505 ille
3637 5450 3773 5505 doc-

343 5540 562 5596 trinam
594 5543 802 5614 probat
842 5545 897 5598 in
931 5545 1079 5599 libro
1115 5547 1186 5600 De
1227 5548 1473 5617 synodis,
1511 5565 1672 5602 num.
1711 5549 1798 5613 41,
1832 5549 1928 5603 ubi
1963 5549 2118 5604 clare
2149 5549 2344 5604 innuit
2373 5565 2570 5603 vocem
2604 5544 2953 5617 ὀμοιοούσιον
2982 5548 3184 5615 (quam
3231 5543 3541 5613 impugnat
3590 5538 3773 5609 hujus

346 5629 613 5700 opusculi
646 5631 852 5692 editor)
884 5634 1039 5705 piam
1072 5651 1220 5700 esse,
1256 5651 1361 5690 nec
1394 5640 1590 5691 tamen
1633 5638 1902 5693 sufﬁcere
1933 5639 2005 5693 ad
2039 5637 2252 5693 Christi
2305 5637 2740 5709 generationem
2792 5632 3244 5705 explanandam,
3278 5631 3637 5702 quapropter
3667 5625 3768 5681 ad-

348 5717 598 5774 dendam
646 5737 774 5777 esse
821 5739 1017 5780 vocem
1065 5721 1381 5794 ὀμοούσιον,
1416 5741 1544 5796 quae
1596 5743 1728 5782 cum
1777 5726 1837 5782 in
1882 5725 2130 5799 epistola
2177 5725 2412 5792 Meletii,
2446 5732 2581 5794 etc.,
2613 5726 2830 5781 diserte
2861 5721 3245 5793 exprimatur,
3278 5724 3432 5776 mete
3480 5716 3580 5772 illa
3629 5729 3767 5771 cum
