4136 6386
342 425 425 488 88
1380 422 1839 486 REFUTATIO
1885 421 2348 486 HYPOCRISIS
2394 424 2746 489 MELETII.
3700 438 3780 499 86

344 556 655 613 Athanasii
686 556 954 613 doctrina
985 556 1297 612 consentit.
1332 556 1435 612 His
1484 556 1632 612 adde
1685 554 1818 628 styli
1868 555 2208 611 varietatem
2245 574 2387 613 sane
2417 559 2832 631 conspicuam;
2865 562 3301 623 Athanasianus
3354 568 3511 625 enim
3567 570 3781 642 planus

345 650 726 717 apertusque,
761 644 939 714 hujus
971 660 1107 699 vero
1156 642 1460 715 scriptoris
1492 643 1978 699 intricatissimus
2007 648 2116 710 est,
2149 643 2229 698 ita
2261 650 2344 709 ut,
2380 646 2491 699 sub
2525 646 2698 701 finem
2740 648 3136 721 potissimum,
3171 654 3259 708 vix
3311 656 3388 710 sit
3436 656 3775 730 intelligen-

347 735 481 790 dus.
515 735 729 789 Praater
757 734 901 804 haec,
936 733 1245 805 indignum
1280 732 1601 789 Athanasio
1633 733 1983 788 orthodoxas
2015 733 2264 804 piasque
2296 736 2641 802 sententias,
2669 737 2916 807 argutiis
2948 744 3121 810 atque
3150 742 3374 798 cavillis
3405 744 3778 817 impugnare,

345 824 501 896 quod
537 840 722 879 unum
756 824 877 894 agit
906 822 1160 894 scriptor
1187 822 1319 878 iste.
1354 824 1470 878 Nec
1500 822 1915 887 omittendum,
1949 839 2065 877 non
2098 822 2338 893 reperiri
2374 823 2480 878 hoc
2528 825 2879 895 opusculum
2914 827 2972 880 in
3006 829 3440 899 antiquioribus
3470 832 3777 889 Athanasii

346 929 587 983 operum
622 911 1085 981 collectionibus,
1120 912 1442 983 abesseque
1474 929 1506 966 a
1540 912 1717 983 Regio
1750 916 1805 965 et
1834 911 2187 981 Segueriano
2220 912 2438 981 codice,
2464 912 2564 983 qui
2598 914 2771 968 ambo
2803 915 3000 969 omnia
3027 916 3330 973 Athanasii
3363 936 3536 990 opera
3566 921 3778 977 iisdem

345 1002 630 1057 adhibitis
662 1000 925 1057 numeris
957 999 1447 1072 complectuntur.
1482 1001 1670 1064 Quare
1699 1000 1947 1055 dubium
1982 999 2191 1055 saltem
2223 1000 2510 1072 valdeque
2549 1007 2892 1074 suspectum
2924 1003 3177 1061 videtur.
3218 1007 3539 1079 Antiquum
3571 1014 3769 1066 tamen

343 1107 475 1147 esse
507 1094 686 1162 patet,
721 1094 896 1161 atque
926 1089 1102 1161 paulo
1134 1094 1266 1160 post
1298 1090 1544 1145 missam
1578 1107 1609 1143 a
1641 1088 1893 1158 Meletio,
1925 1088 2176 1144 Eusebio
2209 1088 2458 1161 aliisque
2502 1092 2573 1146 ad
2615 1091 2927 1147 Jovianum
2960 1093 3268 1165 epistolam
3298 1096 3546 1153 editum.
3580 1098 3770 1163 Quare

346 1178 497 1235 illud
529 1178 589 1234 in
620 1194 844 1234 annum
876 1178 1108 1234 circiter
1136 1179 1241 1233 364
1270 1176 1647 1234 conferimus.

1498 1390 1628 1447 ΤΟΥ
1665 1392 1757 1447 EN
1795 1394 2026 1446 ΑΓΙΟΙΣ
2066 1392 2347 1448 ΠΑΤΡΟΣ
2389 1393 2587 1450 ΗΜΩΝ

1684 1541 2420 1640 ΑΘΑΝΑΣΙΟΥ

715 1703 985 1782 Ἔλεγχος
1014 1707 1110 1774 τῆς
1140 1706 1254 1779 (41)
1286 1704 1618 1782 ὑποκρίσεως
1648 1708 1757 1761 τῶν
1784 1703 2226 1835 περὲΜαλὲτὶον,
2256 1705 2345 1760 καὶ
2377 1702 2637 1764 Εὐσέϐιον
2667 1709 2759 1764 τὸν
2794 1711 3113 1783 Σαμοσατὲα
3139 1714 3275 1767 κατὰ
3295 1716 3391 1767 τοῦ

1946 1797 2120 1835 nocua
2146 1798 2229 1833 ου.

1945 1797 2229 1851 μοουσιου.

1448 2015 1540 2110 S.
1614 2015 1711 2108 P.
1785 2014 1894 2109 N.
1970 2013 2650 2111 ATHANASII

748 2196 1028 2266 Ite/utalia
1058 2196 1359 2269 hypocrisis
1389 2195 1593 2252 Maletz‘i
1620 2203 1676 2251 et
1704 2195 1931 2251 Eusebii
1958 2194 2371 2267 Samosatensis,
2403 2194 2662 2252 adversus
2692 2199 3353 2262 Consubstantialitatem.

402 2430 881 2517 ’Ἄνθρωποςκαεν
931 2442 1195 2516 ὁμοίωσιν
1255 2448 1389 2499 Θεοῦ
1438 2443 1650 2520 γέγονε,
1709 2444 1799 2498 καὶ
1846 2440 1986 2499 ἔστιν

2172 2412 2275 2503 24
2309 2446 2487 2502 Homo
2516 2448 2586 2503 ad
2620 2447 3069 2505 similitudinem
3101 2450 3203 2506 Dei
3254 2451 3443 2507 factus
3492 2455 3601 2522 est,
3659 2468 3769 2507 nec

343 2530 405 2585 οὗ
456 2531 583 2591 Θεὸς
632 2532 659 2584 6
701 2529 1005 2606 ἅνθρωπος,
1052 2534 1115 2586 τὸ
1172 2533 1272 2609 γὰρ
1332 2532 1524 2606 ὅμοιόν
1582 2555 1689 2589 τινι
1724 2531 1822 2588 οὐκ
1852 2531 1990 2588 ἔστιν

340 2618 473 2674 αὐτὸ
505 2618 700 2690 ἰκεῖνο,
733 2620 778 2691 ᾧ
807 2621 1113 2693 ὁμοιοῦται.
1146 2623 1235 2682 Ὠς
1282 2622 1371 2675 καὶ
1420 2623 1504 2693 τὸ,
1552 2622 1719 2695 ὁμοία
1768 2622 1907 2677 ἐστιν
1952 2625 1986 2691 ὴ

342 2707 593 2782 βασιλεία
633 2712 741 2762 τῶν
794 2708 1033 2784 οὐρανῶν
1093 2713 1201 2783 (42)
1260 2712 1465 2785 σαγήνῃ
1522 2712 1611 2765 καὶ
1697 2712 1988 2787 σπέρματι,

334 2796 423 2851 καὶ
459 2794 611 2851 οὐδὲν
639 2796 844 2851 τούτων
875 2796 1015 2853 ἐστὶν
1046 2800 1080 2867 ἡ
1121 2796 1369 2873 βασιλεία
1404 2802 1513 2852 τῶν
1566 2798 1825 2873 οὐρανῶν·
1876 2799 1988 2872 καὶ,

333 2884 529 2958 ὅμοιος
576 2885 848 2961 ἀνθρώπῳ
898 2885 1253 2962 οἰκοδεσπότῃ
1301 2889 1328 2943 6
1373 2889 1723 2961 μαθητευθεὶς
1770 2892 1839 2962 τῇ
1895 2889 1990 2962 βα-

335 2972 515 3045 σιλείᾳ
563 2978 671 3029 τῶν
724 2975 986 3051 οὐρανῶν,
1041 2976 1170 3032 ἀλλ’
1218 2977 1315 3031 οὐκ
1360 2975 1752 3048 οἰκοδεσπότης
1807 2976 1986 3039 οὗτος·

331 3064 419 3118 καὶ
469 3061 626 3136 ἕτερα
665 3069 889 3119 τοιαῦτα
938 3062 1147 3123 πολλά.
1190 3066 1393 3138 Ὅμοια
1425 3064 1481 3120 δὲ
1510 3068 1598 3120 καί
1630 3065 1680 3119 ἐν
1724 3071 1840 3127 τοῖς
1888 3066 1991 3119 σώ-

334 3170 489 3223 μασι,
537 3148 706 3213 λύκος
754 3152 896 3221 κυνὶ,
930 3150 1055 3206 ἀλλ’
1085 3152 1146 3207 οὔ
1178 3151 1322 3207 κύων
1356 3152 1469 3208 ἐστι
1498 3155 1631 3228 (43)·
1663 3153 1751 3208 καὶ
1801 3152 1986 3207 κασσί-

330 3260 487 3310 τιρος
546 3238 791 3315 ἀργύρῳ,
841 3238 969 3295 ἀλλ’
1028 3240 1127 3295 οὐκ
1184 3239 1437 3318 ἄργυρος·
1503 3240 1715 3318 χαλκὸς
1775 3262 1987 3318 χρυσῳ,

332 3327 459 3384 ἀλλ’
488 3349 549 3382 νο
581 3327 803 3405 χρυσός·
837 3328 926 3383 καὶ
960 3328 1213 3384 κόκκινον
1243 3328 1455 3403 αἵματι,
1497 3328 1625 3385 ἀλλ’
1674 3330 1783 3406 οὐχ
1829 3332 1992 3403 αἷμα·

333 3421 427 3472 καῖ
469 3416 642 3493 γύψος
694 3417 843 3492 χιόνι
894 3419 1030 3491 (44),
1079 3416 1204 3473 ἀλλ’
1258 3419 1318 3474 οὗ
1364 3420 1527 3495 ’χιών
1572 3420 1661 3473 καὶ
1693 3418 1839 3475 ἄλλα
1869 3416 1988 3475 διά-

340 3527 482 3583 φορα
508 3511 732 3561 τοιαῦτα
764 3508 1067 3583 θεωριῖται.
1101 3506 1218 3580 Θεῷ
1245 3506 1334 3563 οὖν
1364 3508 1470 3585 οὐχ
1520 3507 1714 3580 ὅμοιος
1765 3509 1792 3563 6
1846 3509 1989 3576 Υἱὸς,

340 3595 471 3659 Θεὸς
518 3592 615 3661 ὢν,
665 3593 792 3651 ἀλλ’
838 3592 895 3650 ἓν
948 3596 1039 3651 καὶ
1084 3600 1265 3651 τοῦτο·
1318 3598 1393 3661 ὡς
1424 3596 1741 3674 γιγραπται·
1780 3622 1805 3649 (ι
1848 3598 1991 3673 Ἐγὼ

334 3683 425 3740 καὶ
477 3685 505 3739 6
554 3686 740 3759 Πατὴρ
787 3681 843 3740 ἓν
892 3684 1068 3758 ἐσμιν.
1142 3708 1169 3737 ‹‹
1219 3687 1322 3742 Καὶ
1392 3686 1623 3757 ϐιότητα
1680 3688 1994 3761 ἡρμήνευσε

334 3775 435 3842 τήν
484 3773 730 3844 ἑνότηταο
781 3774 1012 3844 ϐιότητα
1054 3773 1111 3829 δὲ
1157 3775 1265 3850 οὐχ
1313 3773 1426 3830 οἵαν
1486 3780 1592 3830 τῶν
1642 3775 1990 3847 θεοποιηθὲν-
2024 3817 2073 3881 Β

526 3864 550 3881 υ
661 3861 716 3881 δῖ
793 3862 806 3881 3
956 3865 981 3881 Λ
1018 3864 1030 3881 \
1158 3863 1171 3881 1
1229 3867 1242 3881 ι
1410 3866 1424 3881 \
1508 3864 1520 3881 1
1600 3865 1610 3881 1
1784 3865 1797 3881 Ι
1876 3861 1900 3881 ν

333 3883 466 3918 των·
518 3864 609 3917 ἅτε
657 3861 723 3932 δὴ
782 3862 1063 3925 ἀντιτιθεὶς
1115 3863 1281 3933 αὐτὴν
1326 3866 1463 3941 πρὸς
1504 3864 1735 3935 ἐκείνην,
1768 3865 1845 3927 ὡς
1874 3861 1989 3940 ἔχει

332 3954 397 4008 τὸ
447 3951 631 4029 λόγιον
676 3956 774 4007 τοῦ
818 3953 1038 4028 Κυρίου⁹
1091 3954 1219 4015 Θεὸς
1270 3956 1371 4029 γάρ
1423 3955 1584 4025 ἐστιν,
1643 3953 1755 4029 οὐχ
1793 3954 1868 4016 ὡς
1899 3956 1989 4008 ἄν·

339 4053 558 4116 θρωπος
601 4042 628 4095 6
675 4043 792 4095 καθ’
860 4041 1124 4114 ὁμοίωσιν
1178 4047 1310 4097 Θεοῦ
1357 4038 1647 4119 γενόμινος
1708 4046 1839 4116 (45)·
1902 4044 1990 4097 καὶ

337 4130 467 4191 Θεὸς
504 4128 909 4203 ὀνομαζόμενος
937 4128 1006 4204 τῇ
1040 4131 1326 4203 ὁμοιώσει,
1358 4130 1420 4184 οὗ
1449 4136 1518 4205 τῇ
1552 4131 1724 4210 φύσει’
1778 4133 1991 4205 ὁμοιως

341 4217 508 4291 μένην
559 4217 704 4294 ἔχων
753 4223 865 4289 Θεῷ
908 4220 1006 4287 τὴν
1055 4218 1259 4274 οὐσίαν·
1302 4219 1391 4274 καὶ
1425 4217 1489 4289 δὴ
1524 4221 1614 4275 καὶ
1664 4216 1989 4296 προκόπτων

337 4305 391 4361 ἂν
447 4310 515 4380 τῇ
577 4306 889 4380 ὁμοιότητι·
945 4308 1063 4370 καθ’
1108 4309 1169 4377 ἣν
1221 4306 1329 4377 ἤδη
1374 4306 1532 4387 φύσιν
1579 4311 1712 4382 (46),
1770 4333 1797 4362 ‹‹
1828 4310 1995 4363 Τὲκνα

338 4400 476 4453 Θεοῦ
508 4395 689 4469 ἐσμεν,
722 4420 750 4449 ››
783 4397 872 4451 καὶ
906 4420 934 4447 ‹‹
976 4396 1103 4451 Ἐὰν
1134 4400 1441 4474 φανερωθῇ,
1466 4397 1653 4471 ὅμοιοι
1683 4398 1830 4470 αὖτῳ
1876 4398 1993 4454 ἒσὸ-

631 4488 654 4505 Η
997 4484 1010 4503 Ἰ
1286 4486 1298 4506 ἳ
1496 4487 1508 4507 ν
1672 4510 1683 4519 ξ
1721 4487 1734 4508 \
1941 4487 1954 4505 9

343 4487 498 4559 μεθα.
552 4510 580 4538 ››
657 4492 805 4540 Οπου
851 4484 909 4540 δὲ
956 4486 1111 4541 ουσία
1158 4489 1193 4556 ἡ
1242 4488 1403 4559 αυτ-ἠ,
1453 4510 1515 4543 ου
1562 4509 1858 4564 προκοπτει
1900 4509 1991 4543 ου-

336 4574 425 4630 σία
477 4575 552 4637 εἷς
598 4574 662 4630 τὸ
716 4572 930 4646 μᾶλλον
979 4575 1069 4629 καὶ
1120 4578 1308 4646 ἧττον,
1370 4576 1519 4633 ἀλλὰ
1560 4576 1844 4654 ἄνθρωπος
1899 4578 1993 4650 μὲν

407 4702 451 4741 οτ
480 4701 652 4757 Joan.
684 4716 742 4773 ι,
775 4701 865 4755 30.
944 4701 987 4737 9⁸
1018 4702 1186 4758 Rom.
1218 4719 1343 4774 νιιι,
1378 4705 1464 4758 16.
1544 4705 1588 4739 ⁹⁹
1617 4708 1643 4757 Ι
1669 4704 1841 4760 Joan.
1872 4720 1957 4773 ιιι,
1987 4704 2043 4759 2.

411 4826 662 4898 (41)ίΤῆς
712 4827 876 4883 deest
902 4826 963 4882 in
997 4826 1173 4883 Basil.
1210 4829 1234 4882 1
1270 4832 1327 4883 et
1379 4829 1437 4883 in
1487 4829 1685 4885 codice
1733 4829 1995 4884 eminen-

339 4897 559 4972 tissimi
615 4898 930 4972 cardinalis
977 4900 1270 4972 Ottoboni,
1321 4901 1642 4972 quemgsic
1700 4908 1993 4971 notamus,

340 4969 584 5026 Ottobon.
623 4970 773 5041 Mox,
823 4971 966 5025 edit.
999 4969 1356 5026 Commelin.‘
1396 4970 1657 5040 Μελέτον,
1693 4969 1989 5028 mendose.

341 5041 470 5115 Mox
507 5041 815 5115 particula,
841 5041 956 5107 καί,
988 5042 1460 5115 quen_legebatur
1510 5044 1568 5098 in
1614 5045 1786 5100 editis
1835 5049 1990 5112 ante,

341 5112 432 5166 τὸν
466 5113 806 5187 Σαμοσατὲα,
838 5112 1086 5169 deest'in
1121 5112 1417 5181 0tt6b0n.,
1447 5115 1749 5172 Basiliensi
1780 5117 1993 5187 primo,

342 5132 432 5166 τον
466 5132 543 5165 ια
592 5132 804 5182 οσατεα,
838 5132 1003 5169 uses:
1031 5132 1086 5168 1n
1121 5132 1417 5181 uuonon.,
1450 5132 1749 5172 basilicum
1780 5132 1993 5187 primo,

342 5132 602 5259 secundi)
633 5189 690 5239 et
710 5185 908 5259 _Felcl;.
939 5188 994 5254 2,
1028 5190 1086 5259 et
1116 5191 1267 5241 recte
1298 5186 1556 5259 quidem.
1592 5188 1837 5259 Anglic.,
1870 5185 1993 5259 περὶ

340 5253 607 5313 Μελὲτιον
635 5256 725 5309 καὶ
750 5254 963 5310 Παῦλον
982 5253 1451 5331 τὸν-Σαμοσοὶτέα,
1475 5277 1654 5331 quam
1679 5253 1991 5315 lectibnein

341 5344 644 5401 perperam
680 5336 918 5384 secutus
950 5333 1035 5383 est
1078 5328 1363 5398 Nannius,
1402 5336 1465 5385 ut
1494 5328 1747 5387 diximus
1780 5330 1838 5385 in
1873 5332 1995 5386 Mo-

342 5399 793 5473 nito.“ibidem,
853 5401 1020 5473 editi,
1055 5406 1188 5472 post
1245 5403 1584 5473 Σαμοσατὲα,
1616 5404 1835 5460 habent
1887 5406 1993 5455 τῶν

341 5467 670 5544 κακοδόξων,
724 5467 853 5543 quae
909 5467 1084 5544 verba
1153 5489 1282 5527 cum
1330 5467 1530 5529 desint
1571 5467 1662 5530 'in,
1698 5476 1995 5544 Ottobon.,

342 5543 650 5616 Basiliensi
679 5544 731 5613 1,
760 5545 814 5614 2,
846 5543 1070 5616 Anglic.
1107 5549 1163 5616 et
1206 5544 1458 5601 Felckm.
1492 5548 1546 5615 2,
1579 5547 1800 5603 omissa
1837 5551 1994 5601 sunt.

344 5615 478 5694 Mox
534 5614 734 5694 iidem,
773 5614 908 5669 κατὰ
947 5614 1059 5668 ίτοῦ
1117 5615 1464 5688 Ὀμοουσίου.
1515 5614 1687 5687 Editi,
1720 5617 1842 5694 περὶ
1899 5621 1999 5672 τοῦ

344 5684 694 5757 Ὃμοουσίου.

420 5757 534 5833 (42)
563 5758 837 5817 Ottobon.
864 5757 1205 5817 Basiliensis
1250 5761 1300 5832 1,
1333 5759 1635 5834 Anglican.
1671 5766 1730 5821 et
1759 5761 1908 5817 Felc.
1939 5764 1995 5831 2,

2100 2538 2297 2592 tamen
2330 2540 2419 2592 est
2450 2536 3004 2609 homo,Deus:quod
3037 2539 3191 2594 enim
3226 2539 3399 2595 alicui
3433 2540 3624 2596 simile
3655 2546 3766 2610 est,

2102 2642 2476 2697 nequaquam
2512 2626 2656 2682 illud
2680 2627 2876 2699 ipsum
2900 2632 3008 2695 est,
3028 2628 3119 2682 cui
3143 2633 3233 2684 est
3251 2629 3462 2685 simile.
3484 2633 3579 2694 Ut,
3599 2632 3761 2687 verbi

2102 2730 2303 2781 causa,
2337 2713 2529 2770 simile
2560 2719 2649 2770 est
2680 2731 2923 2787 regnum
2958 2716 3234 2772 caelorum
3271 2734 3499 2789 sagenas
3558 2722 3615 2773 et
3674 2735 3767 2774 se-

2102 2803 2419 2870 menti,nec
2452 2804 2773 2875 quidquam
2808 2809 3003 2861 tamen
3034 2806 3244 2861 horum
3270 2813 3359 2862 est
3381 2824 3627 2879 regnum
3651 2824 3766 2862 cce-

2101 2889 2292 2945 lorum
2329 2907 2341 2944 :
2378 2895 2435 2946 et
2458 2891 2558 2963 qui
2582 2893 2789 2947 doctus
2813 2894 2979 2948 estin
3006 2910 3183 2965 regno
3214 2896 3514 2964 caelorum,
3550 2895 3763 2951 similis

2101 2984 2189 3034 est
2219 2978 2445 3033 homini
2480 2980 2892 3051 patrifamilias
2927 2998 2939 3035 :
2974 2985 3033 3036 at
3077 2999 3449 3053 nequaquam
3508 2983 3762 3055 paterfa-

2100 3067 2295 3123 milias
2327 3068 2449 3139 ipse
2481 3073 2589 3136 est,
2623 3072 2679 3123 et
2704 3069 2819 3124 alia
2848 3069 3188 3140 hujusmodi
3221 3070 3425 3126 multa.
3460 3073 3522 3126 In
3554 3088 3758 3142 corpo-

2100 3156 2264 3211 ribus
2294 3156 2457 3227 item,
2492 3156 2669 3229 lupus
2701 3158 2829 3213 cani
2875 3157 3107 3229 similis,
3168 3176 3281 3214 non
3342 3161 3502 3215 canis
3560 3165 3758 3215 tamen

2100 3250 2187 3301 est
2242 3263 2253 3300 :
2288 3247 2589 3317 {stagnum
2648 3252 2910 3318 argento,
2957 3252 3014 3302 et
3043 3264 3412 3319 nequaquam
3447 3253 3757 3320 argentum

2099 3338 2190 3389 est
2222 3350 2235 3388 :
2269 3351 2345 3388 aes
2376 3351 2539 3403 auro,
2573 3350 2678 3390 nec
2724 3340 2919 3390 tamen
2982 3346 3070 3391 est
3125 3353 3337 3391 aurum
3390 3353 3403 3390 :
3456 3337 3755 3393 coccinum

2100 3422 2397 3494 sanguini,
2458 3424 2559 3479 sed
2615 3440 2732 3478 non
2781 3428 2871 3479 est
2901 3423 3143 3496 sanguis
3178 3442 3191 3479 :
3226 3441 3449 3497 gypsus
3483 3424 3619 3492 nivi,
3653 3441 3761 3480 nec

2099 3514 2297 3567 tamen
2330 3512 2429 3567 nix
2458 3516 2547 3566 est
2578 3528 2591 3566 :
2626 3516 2683 3567 et
2714 3511 2796 3567 sic
2828 3511 2940 3567 alia
2970 3513 3124 3568 inter
3151 3529 3213 3569 se
3244 3513 3493 3584 diversa,
3528 3514 3629 3570 sed
3672 3518 3762 3569 ta-

2102 3616 2235 3655 men
2271 3599 2493 3656 similia
2519 3599 2981 3672 conspiciuntur.
3014 3601 3131 3657 Deo
3160 3601 3356 3674 itaque
3389 3618 3760 3674 nequaquam

2104 3688 2316 3746 similis
2349 3694 2439 3745 est
2469 3687 2671 3757 Filius,
2707 3689 2861 3757 Deus
2889 3707 3025 3745 cum
3057 3690 3153 3757 sit,
3189 3691 3289 3746 sed
3347 3708 3533 3746 unum
3595 3696 3759 3759 sunt,

2106 3778 2188 3834 uti
2222 3779 2505 3849 scriptum
2538 3781 2626 3833 est
2658 3794 2670 3832 :
2706 3801 2733 3827 α
2767 3778 2884 3851 Ego
2907 3782 2963 3834 et
2984 3779 3152 3835 Pater
3180 3796 3363 3833 unum
3394 3796 3603 3835 sumus
3633 3780 3696 3834 9".
3728 3799 3762 3831 »

2102 3868 2508 3939 Deitatemque
2567 3866 2855 3922 unitatem
2912 3867 3329 3939 interpretatur
3383 3886 3396 3924 :
3456 3869 3762 3937 Deitatem,

2100 3956 2489 4028 inquam,non
2523 3955 2717 4027 qualis
2748 3962 2837 4011 est
2870 3956 2928 4010 in
2959 3956 3031 4011 iis
3064 3957 3163 4028 qui
3215 3957 3295 4011 dii
3353 3957 3540 4013 effecti
3600 3961 3761 4030 sunt,

2102 4044 2382 4101 nimirum
2425 4044 2575 4099 hanc
2604 4043 2688 4098 illi
2719 4044 2983 4116 opponit,
3019 4050 3084 4100 ut
3116 4045 3345 4101 Domini
3379 4046 3611 4117 praefert
3642 4045 3764 4101 elo-

2102 4133 2520 4205 quium;|Deus
2546 4134 2703 4188 enim
2738 4138 2846 4199 est,
2882 4151 2994 4189 non
3030 4139 3095 4188 ut
3123 4134 3318 4204 homo,
3353 4135 3455 4206 qui
3486 4136 3556 4190 ad
3590 4135 3765 4191 simi-

2100 4222 2412 4277 litudinem
2448 4222 2545 4277 Dei
2578 4223 2764 4277 factus
2795 4222 3195 4293 est,Deusque
3221 4224 3560 4279 nominatur
3590 4223 3764 4279 simi-

2102 4310 2370 4379 litudine,
2408 4328 2522 4366 non
2551 4315 2797 4378 natura;
2834 4310 3008 4366 habet
3038 4311 3255 4382 quippe
3287 4312 3604 4367 essentiam
3664 4313 3765 4367 Dei

2103 4400 2358 4456 similem
2413 4400 2702 4469 effectam,
2761 4399 2821 4453 in
2872 4417 2989 4470 qua
3020 4399 3408 4455 similitudine
3440 4402 3764 4471 profectum

2103 4489 2362 4545 admittit
2399 4506 2411 4544 :
2445 4504 2624 4561 penes
2656 4504 2834 4559 quam
2866 4488 3298 4558 naturam,jam
3326 4508 3353 4540 α
3375 4487 3501 4543 Filii
3532 4488 3630 4544 Dei
3665 4506 3765 4543 su-

2104 4594 2240 4635 mus
2264 4578 2473 4646 “,net:
2507 4600 2534 4627 «
2570 4576 2628 4633 Si
2655 4576 3010 4649 apparuerit,
3046 4575 3270 4632 similes
3301 4576 3353 4633 ei
3383 4577 3607 4633 erimus
3636 4577 3699 4631 9°.
3734 4599 3765 4627 ››

2106 4826 2180 4889 ὡς
2236 4826 2323 4880 καὶ
2377 4826 2571 4898 ὁμοίαν
2606 4823 2878 4899 βασιλείαν
2930 4828 3037 4878 τῶν
3095 4824 3359 4899 οὐρανῶν,
3396 4830 3760 4899 postremus

2105 4900 2301 4971 habet,
2332 4894 2457 4969 τήν,
2489 4894 2632 4971 ante
2656 4894 2957 4971 βασιλείαν.
2988 4899 3121 4971 _Mox
3150 4894 3290 4966 haec,
3324 4894 3601 4951 καὶ-οὐδὲν
3632 4895 3760 4971 τού-

2100 4990 2207 5025 των
2249 4967 2397 5025 ὲστιν
2421 4972 2456 5039 ἡ
2493 4967 2741 5044 βασιλὶία
2767 4967 3213 5044 ⁵’·ςῶν“οὐρανιι›ν,
3245 4971 3460 5026 desunt
3506 4970 3566 5024 in
3616 4968 3755 5023 edit.

2101 5045 2384 5118 Commel.
2419 5037 2568 5118 Felc.
2603 5044 2657 5109 2,
2692 5037 3294 5118 ditk'36_8tv:to~57wv._
3552 5111 3602 5118 __
3696 5109 3707 5118 _

2174 5116 2286 5187 (43)
2320 5113 2463 5190 Ἐστι
2512 5116 2675 5190 deest
2722 5115 2779 5167 in
2830 5113 3202 5190 Felc._2._His
3249 5111 3465 5190 similia
3513 5111 3641 5165 vide
3691 5111 3755 5190 in

2104 5184 2276 5242 tract.
2311 5186 2375 5242 de
2402 5186 2648 5259 synodis,
2678 5201 2842 5239 num.
2866 5186 2954 5259 ti.
2978 5184 3262 5259 vulgares
3294 5200 3359 5239 eo
3391 5188 3656 5259 tempore
3684 5184 3763 5236 si-

2103 5253 2468 5314 militudines
2498 5262 2743 5329 usurpat
2768 5256 3019 5329 scriptor
3047 5253 3176 5329 iste,
3204 5264 3256 5309 ul
3291 5260 3348 5309 et
3381 5253 3759 5329 Athanasius.

2182 5332 2290 5401 (44)
2327 5323 2663 5401 Basiliensis
2703 5323 2970 5401 primus,
3017 5328 3106 5380 καὶ
3163 5323 3581 5401 413103,.XI6VL.
3630 5324 3762 5401 Mox

2106 5394 2271 5475 editi,
2319 5401 2407 5453 καὶ
2454 5394 2861 5475 ἅλλα-,ὃιάξρορα
2888 5402 3131 5475 τοιαῇτα,
3166 5394 3550 5475 ἐθὲἷ-διάῇορα
3596 5397 3763 5452 abest

2107 5477 2179 5531 ab
2211 5474 2427 5537 Ottob.,
2460 5469 2762 5528 Basilicus.
2797 5469 2849 5539 1,
2880 5470 3105 5541 Anglic.
3139 5478 3193 5525 et
3223 5469 3369 5524 Felc.
3400 5469 3454 5523 2.

2180 5547 2292 5617 (45)
2324 5546 2417 5617 Sic
2447 5545 2717 5617 Ottobon.
2744 5537 3082 5598 Basiliensis
3114 5543 3162 5609 1,
3188 5542 3492 5614 Anglican.
3514 5543 3572 5593 et
3602 5537 3754 5593 Felc.

2106 5620 2160 5673 2.
2187 5613 2717 5689 Ἐᾶίιὶιλεγόμενος-
2987 5687 2993 5689 _
3280 5613 3511 5689 ;_,,__

2179 5688 2295 5761 (46)
2324 5677 2419 5743 Sic
2448 5677 2653 5743 omnes
2684 5700 2828 5738 mss.
2861 5687 3068 5754 preter
3100 5683 3249 5740 Felc.
3279 5684 3330 5737 5.
3361 5678 3538 5746 Editi,
3571 5677 3762 5755 φησιν,

2112 5760 2285 5818 male.
