4136 6368
386 388 465 449 87
1580 387 1644 448 S.
1691 381 2215 447 ATHANASIUS.
2243 413 2323 428 —
2349 383 2619 445 DUBIA.
3725 382 3806 446 88

389 521 496 578 Ubi
531 538 698 593 porro
728 522 931 578 eadem
963 522 1094 594 ipsa
1123 525 1212 577 est
1240 521 1676 588 substantia,ibi
1710 517 2030 576 substantia

2154 511 2325 575 οὕτως
2357 516 2490 586 (47),
2521 515 2550 568 ὁ
2583 511 2639 568 δὶ
2673 512 2864 586 Κύριος
2896 513 2924 566 ὁ
2954 512 3114 574 αὐτὸς
3146 511 3248 568 ἀεί·
3289 511 3378 567 καί
3407 511 3470 568 οὐ
3519 513 3651 568 ποτὶ
3704 514 3799 586 μὶν

390 628 506 666 non
539 612 784 682 proficit,
819 627 924 666 nec:
950 612 1210 666 admittit
1243 612 1456 681 majus,
1515 612 1600 666 vel
1660 611 1876 677 minus,
1937 607 2037 662 sed

387 699 645 754 hominis
703 699 847 755 illud
897 705 984 754 est
1017 717 1030 755 :
1066 705 1124 754 at
1158 699 1435 755 Dominus
1468 701 1618 754 idem
1654 715 1886 769 semper
1914 697 2040 768 ipse

386 795 495 857 est,
530 805 633 842 nec
667 790 841 844 modo
868 790 1079 858 minor,
1111 789 1284 844 modo
1318 791 1521 859 major,
1583 794 1780 860 utpote
1838 792 1987 842 Deus
2021 803 2035 841 :

393 899 414 925 ι
465 877 662 941 Jesus,
723 899 744 924 ι
800 878 1012 948 inquit,
1071 899 1097 929 α
1147 877 1266 932 heri
1294 883 1351 932 et
1380 877 1570 944 hodie,
1606 879 1729 948 ipse
1758 876 1901 931 etin
1933 893 2038 930 saa-

387 964 519 1020 cula
544 969 582 1019 1.
619 987 647 1014 ››
679 965 784 1027 Qui
818 966 995 1037 igitur
1024 965 1164 1020 illud
1199 965 1339 1022 Filio
1369 966 1598 1032 adimit,
1630 967 1783 1038 quod
1817 967 1895 1021 sit
1937 965 2038 1020 Pa-

387 1055 460 1109 tri
493 1053 1035 1125 consubstantialis,
1068 1055 1443 1126 similemque
1475 1057 1669 1127 ipsum
1699 1055 1800 1122 ait,
1860 1056 2037 1109 Deum

385 1143 551 1198 illum
581 1159 708 1198 esse
740 1149 932 1214 negat.
965 1143 1384 1214 Similiterque,
1406 1145 1502 1215 qui
1539 1142 2038 1198 consubstantiale

385 1233 610 1300 deﬁnit,
644 1236 708 1286 ut
737 1233 1066 1287 substantia
1097 1232 1288 1288 simile
1342 1233 1390 1288 is
1421 1233 1664 1288 alteram
1714 1233 1841 1302 ejus
1899 1232 2037 1286 sub-

385 1321 663 1376 stantiam
700 1321 947 1386 inducit,
966 1325 1198 1390 Deoque
1227 1321 1481 1376 similem
1514 1321 1889 1376 factam.Non
1923 1321 2036 1375 ita-

383 1424 495 1480 que
527 1408 622 1464 ille
649 1414 1075 1479 consequenter
1105 1410 1185 1463 ait
1216 1427 1349 1464 eum
1401 1426 1530 1465 esse
1581 1426 1648 1464 ex
1707 1409 2039 1464 substantia

382 1498 733 1564 Patris,cum
767 1497 1324 1552 consubstantialem
1358 1515 1473 1553 non
1505 1498 2038 1568 sentiat;quemad-

383 1587 624 1640 modum
659 1593 749 1640 est
783 1586 955 1640 homo
989 1587 1085 1657 qui
1110 1603 1179 1641 ex
1206 1587 1462 1642 hominis
1491 1587 1823 1642 substantia
1852 1587 2038 1657 gigni-

379 1679 496 1729 tur.
531 1674 689 1737 Quod
725 1674 773 1730 si
806 1674 988 1730 Filius
1018 1691 1085 1729 ex
1114 1679 1223 1730 Deo
1258 1692 1374 1730 non
1403 1680 1493 1731 est
1520 1675 1845 1730 secundum
1897 1675 2035 1730 sub-

380 1763 680 1832 stantiam,
707 1763 1204 1832 quemadmodum
1241 1762 1414 1818 homo
1438 1781 1505 1819 ex
1530 1763 1784 1834 homine,
1819 1763 1918 1819 sed
1951 1763 2035 1817 si-

2148 600 2346 672 ἥττων,
2392 604 2524 657 ποτὶ
2574 601 2631 657 δὲ
2691 603 2912 675 μείζων,
2938 602 3013 663 ὡς
3073 603 3221 663 Θεός·
3261 626 3282 653 ι
3337 603 3564 670 Ἰησοῦς,
3612 602 3798 680 φησὶν,

2149 693 2278 767 χθὲς
2329 692 2415 746 καὶ
2466 694 2703 768 σήμερον
2764 694 2791 746 ὁ
2843 692 3000 753 αὐτὸς
3032 694 3120 745 καὶ
3153 693 3228 754 εἱς
3267 691 3394 753 τοὺς
3426 691 3648 753 αἰῶνας.
3680 716 3709 745 ››
3741 693 3801 751 Ὀ

2146 781 2323 835 τοίνυν
2353 781 2609 855 ἀναιρῶν,
2645 783 2702 836 τὸ
2734 781 2866 836 εἶναι
2917 782 3007 835 τὸν
3055 782 3175 834 Υἱὸν
3227 780 3521 852 ὁμοούσιον
3571 785 3650 852 τῷ
3693 787 3802 838 Πα-

2146 870 2256 944 τρὶ,
2303 869 2479 943 λὲγων
2531 867 2587 924 δὲ
2634 870 2852 942 ὅμοιον,
2903 870 3112 942 ἀναιρεῖ
3159 871 3220 925 τὸ
3271 870 3406 924 εἶναι
3437 871 3583 928 Θιὸν.
3617 870 3805 926 Ὠσαύο

2147 979 2253 1020 τως
2302 957 2358 1013 δὲ
2402 959 2488 1013 καὶ
2540 962 2566 1014 ὁ
2617 959 2981 1032 ὶξηγούμενος
3029 960 3090 1012 τὸ
3141 959 3455 1030 ὁμοούσιον,
3508 960 3581 1019 ὡς
3611 955 3802 1032 ὅμοιον

2146 1053 2214 1122 τῇ
2249 1047 2423 1120 οὐσίᾳ,
2456 1048 2637 1123 ἂτέραν
2669 1050 2767 1116 τὴν
2800 1048 2982 1102 οὐσίαν
3018 1046 3191 1122 λέγει,
3251 1053 3366 1119 Θεῷ
3416 1046 3473 1103 δὲ
3523 1050 3806 1122 ὁμοιωμὲ-

2146 1160 2264 1208 νην.
2316 1137 2388 1191 Οὐ
2436 1138 2613 1191 τοίνυν
2674 1135 2799 1191 οὐδὲ
2850 1138 2913 1191 τὸ
2961 1136 3022 1191 ὲκ
3058 1145 3157 1205 τῆς
3191 1137 3372 1199 οὐσίας
3406 1138 3541 1191 εἶναι
3575 1139 3804 1212 πρεπόν-

2145 1247 2253 1288 τως
2305 1226 2476 1300 λέγιι,
2539 1227 2612 1298 μὴ
2667 1231 2879 1302 φρονῶν
2934 1227 3250 1297 ὁμοούσιον,
3302 1228 3376 1288 ὡς
3428 1228 3713 1300 ἄνθρωπος
3743 1227 3803 1282 ἐκ

2147 1323 2243 1384 τῆς
2287 1315 2572 1390 ἀνθρώπου
2623 1314 2830 1376 οὐσίας.
2887 1315 2947 1368 Εἰ
2981 1312 3037 1368 δὲ
3071 1316 3171 1386 μή,
3204 1315 3276 1375 ὡς
3309 1313 3596 1390 ἄνθρωπος
3627 1314 3676 1384 ἐξ
3707 1315 3797 1368 ἆν-

2146 1405 2364 1478 Θρώπου
2423 1405 2538 1458 κατ’
2597 1403 2803 1475 οὐσίαν,
2864 1403 2923 1458 ἐκ
2979 1409 3114 1458 Θεοῦ
3174 1405 3201 1457 ὁ
3262 1405 3405 1474 Υἱὸς,
3466 1403 3592 1458 ἀλλ’
3639 1404 3713 1466 ὡς
3748 1403 3800 1458 ἐν

2147 1495 2482 1566 ὁμοιώματι,
2515 1493 2752 1565 καθάπερ
2789 1490 3001 1567 ἀνδριὰς
3048 1493 3343 1565 ἀνθρώπῳ,
3397 1493 3431 1561 ἢ
3470 1493 3544 1554 ὡς
3592 1493 3796 1566 ἄνθρω-

2146 1603 2246 1644 πος
2280 1588 2412 1654 Θεῷ·
2450 1580 2620 1651 δῆλός
2653 1581 2789 1636 ἐστιν
2823 1583 2851 1636 ὁ
2890 1586 3138 1642 τοιοῦτος
3191 1581 3483 1654 ὀμοούσιον
3535 1583 3650 1654 (48)
3700 1582 3792 1651 μὶν

2148 1669 2347 1745 λέγων,
2399 1671 2691 1743 ὁμοούσιον
2743 1668 2799 1725 δὲ
2849 1670 2910 1724 οὐ
2959 1674 3192 1747 φρονῶν·
3251 1669 3313 1723 οὐ
3368 1670 3472 1744 γὰρ
3522 1670 3657 1723 κατὰ
3693 1671 3794 1738 τὴν

2145 1762 2426 1829 συνήθειαν
2500 1759 2751 1835 βούλεται
2831 1759 2890 1813 τὸ
2949 1758 3240 1830 ὁμοούσιον
3299 1757 3607 1826 ἀκούεσθαι,
3664 1758 3796 1833 ὅπερ

380 1851 715 1906 militudine
744 1853 1097 1922 quadam,ut
1127 1857 1322 1907 statua
1353 1852 1576 1907 homini
1610 1859 1699 1908 est
1729 1851 2030 1918 similis,et

2146 1847 2310 1917 ἐστὶν,
2344 1848 2428 1903 ἐπὶ
2466 1855 2590 1920 μιᾶς
2625 1852 2736 1921 (49)
2769 1849 2856 1902 καὶ
2887 1855 2986 1915 τῆς
3021 1847 3185 1915 αὐτῆς
3220 1846 3427 1914 οὐσίας,
3478 1845 3625 1901 ἀλλὰ
3653 1849 3800 1920 παρὰ

2189 1939 2201 1953 .
2392 1940 2435 1953 ,Α
2866 1934 2888 1952 υ.
2956 1932 3084 1953 ραις
3271 1936 3281 1953 ν
3460 1934 3579 1953 ,πη
3740 1938 3752 1953 .

379 1943 444 1993 ut
471 1940 645 1994 homo
675 1939 822 2006 Deo;
859 1939 1045 2004 palam
1080 1946 1232 1995 certe
1264 1946 1354 1996 est
1384 1957 1517 1996 eum
1551 1942 1648 2012 qui
1684 1941 1768 1996 sic
1800 1941 2033 2006 sentiat,

376 2029 938 2084 consubstantialem
969 2029 1211 2084 minime
1239 2031 1489 2086 sentire:
1518 2046 1630 2085 non
1663 2029 1785 2085 vult
1817 2031 2034 2102 quippe

378 2116 478 2172 ille
506 2116 1002 2172 consubstantiale
1033 2134 1134 2187 pro
1167 2135 1324 2173 more
1356 2124 1412 2173 et
1443 2136 1551 2173 usu
1585 2119 1791 2190 accipi,
1815 2120 1885 2175 de
1917 2137 2034 2176 una

380 2205 605 2261 scilicet
632 2212 688 2261 et
716 2207 916 2260 eadem
952 2207 1302 2274 substantia,
1329 2207 1426 2262 sed
1455 2216 1512 2262 ut
1544 2207 1699 2263 mala
1730 2207 1812 2262 uti
1845 2208 2033 2279 possit

380 2294 886 2366 interpretatione,
917 2294 1176 2349 Grecam
1232 2311 1428 2350 vocem
1464 2300 1671 2366 praeter
1717 2303 2028 2352 consuetu-

373 2383 573 2439 dinem
635 2388 883 2455 usurpat
941 2381 1258 2453 όμοούσιον,
1319 2400 1531 2455 nempe
1576 2401 1702 2457 quas
1763 2403 1878 2441 non
1923 2403 2026 2457 pro

374 2472 491 2529 alia
522 2489 582 2528 re
611 2473 765 2544 apud
797 2472 1026 2528 Grmcos
1056 2472 1349 2542 usuvenit,
1391 2490 1570 2545 quam
1629 2475 1700 2530 ad
1758 2476 2023 2531 eamdem

374 2567 648 2618 naturam
706 2561 1141 2628 declarandam,
1183 2579 1356 2633 quam
1389 2563 1746 2619 credendum
1778 2569 1867 2620 est
1899 2581 2026 2621 esse

373 2649 434 2706 in
464 2651 654 2720 Patre,
686 2657 743 2705 et
773 2651 940 2716 Filio,
972 2655 1030 2706 et
1056 2651 1274 2722 Spiritu
1306 2657 1528 2707 sancto.
1575 2652 1696 2719 llle,
1758 2654 2022 2724 inquam,

371 2755 491 2794 una
546 2738 1216 2795 consubstantialitatem
1267 2741 1490 2810 evertit,
1541 2758 1858 2814 vocemque
1883 2743 2022 2797 sub-

371 2828 601 2884 stantia:
666 2828 864 2900 spurie
923 2833 1190 2899 usurpat,
1245 2830 1384 2884 dum
1441 2845 1569 2884 eam
1629 2831 1845 2904 cogitat
1899 2848 2025 2887 esse

375 2934 547 2990 opus,
598 2934 713 2973 non
746 2933 878 2973 vero
910 2917 1114 2972 fetum.
1152 2918 1402 2990 Ideoque
1431 2936 1628 2976 vocem
1663 2922 2022 2994 {inpassibili-

369 3011 475 3072 ειν,
509 3003 716 3059 callide
746 3004 982 3074 adjicit;
1020 3022 1133 3060 non
1195 3011 1260 3060 ut
1316 3008 1607 3079 passionis
1663 3009 2022 3065 calumniam

371 3093 471 3148 π
505 3093 826 3160 dimoveat;
863 3093 996 3165 quis
1025 3095 1180 3149 enim
1213 3094 1396 3151 Deum
1429 3097 1898 3168 passibilem,vel
1931 3099 2024 3152 di-

370 3198 498 3237 cere
531 3181 729 3237 ausit?
759 3182 859 3238 sed
895 3188 960 3237 ut
991 3183 1208 3238 factum
1241 3201 1308 3239 ex
1339 3184 1454 3240 Deo
1483 3185 1660 3253 dicat,
1711 3204 1813 3242 nec
1861 3187 2024 3260 geni-

2144 1939 2240 2006 τήν
2277 1940 2583 2007 συνήθειαν·
2617 1938 2704 1991 καὶ
2732 1936 2821 1991 ’ἱνα
2862 1932 3136 2009 διαϐάλλῃ
3191 1936 3414 2006 ταύτην,
3460 1934 3793 2006 Ἑλληνικήν

2145 2027 2301 2101 ῥῆσιν
2357 2027 2651 2102 είρηκίναι,
2701 2026 2763 2080 τὸ
2806 2026 3099 2098 ὁμοούσιον
3136 2025 3286 2099 ῥῆμα
3315 2030 3412 2079 τοῦ
3443 2023 3493 2078 ἐν
3526 2023 3792 2095 Ἕλλησιν

2142 2112 2294 2177 ἔθους
2327 2115 2409 2170 ἐπ’
2458 2113 2635 2169 οὐδενὶ
2684 2114 2850 2187 ὶτὲρῳ
2889 2114 3161 2185 κείμενον,
3271 2111 3355 2166 ἐπὶ
3386 2117 3464 2183 τῷ
3493 2114 3591 2181 τὴν
3625 2111 3788 2180 αὐτὴν

2140 2204 2294 2280 φύσιν
2345 2212 2705 2279 παραστῆσαι·
2768 2204 2899 2277 ὅπερ
2953 2201 3033 2257 δεῖ
3079 2207 3356 2257 πιστεῦσαι
3409 2201 3495 2255 ἰπὶ
3556 2203 3790 2277 Πατρὸς,

2136 2295 2225 2348 καὶ
2285 2292 2433 2361 Υἱοῦ,
2492 2294 2581 2347 καὶ
2642 2293 2798 2367 ἁγίου
2865 2292 3198 2364 Ηνεύματος.
3251 2294 3401 2362 ’Ἅμα
3457 2311 3516 2345 1s
3572 2289 3664 2344 οὖν
3726 2293 3787 2345 τὸ

2136 2383 2428 2455 ὁμοούσιον
2481 2383 2638 2444 οὗτος
2688 2383 2952 2456 ὶκτρὲπει,
3004 2383 3092 2435 καὶ
3138 2381 3200 2435 τὸ
3247 2387 3349 2449 τῆς
3400 2380 3582 2442 οὐσίας
3611 2379 3786 2443 νόθως

2139 2468 2418 2543 ὀνομάζει·
2470 2471 2544 2533 ὡς
2593 2468 2752 2545 ἔργον
2812 2474 2970 2541 νοῶν,
3022 2469 3130 2544 οὐχ
3179 2468 3252 2530 ὡς
3283 2471 3545 2544 γιννημα,
3575 2468 3664 2521 καὶ
3697 2465 3786 2522 διὰ

2131 2565 2294 2616 τοῦτο
2347 2559 2436 2615 καὶ
2496 2561 2558 2614 τὸ
2602 2559 2822 2623 ἀπαθῶς
2876 2559 3195 2634 προστίθησι
3252 2559 3510 2619 πιθανῶς·
3567 2556 3673 2634 οὐχ
3698 2558 3783 2612 ἳνα

2133 2647 2338 2714 πάθους
2399 2648 2571 2726 ἇφᾶλῃ
2622 2644 2908 2719 διαϐολήν·
2967 2648 3050 2710 τίς
3095 2648 3198 2723 γὰρ
3228 2647 3317 2701 καὶ
3351 2644 3495 2723 λέγει
3522 2646 3656 2702 Θεού
3687 2649 3784 2701 πά-

2136 2749 2228 2802 θος
2255 2758 2268 2807 ;
2301 2737 2429 2793 ἀλλ’
2455 2737 2546 2792 ’ίνα
2576 2738 2807 2807 ποιητὸν
2843 2736 2903 2792 ἐκ
2927 2741 3062 2792 Θεοῦ
3095 2735 3249 2811 λὲγῃ,
3279 2737 3367 2790 καὶ
3403 2738 3478 2809 μὴ
3528 2735 3780 2812 γεννητὸν

2135 2826 2194 2883 ικ
2223 2825 2356 2883 Θεοῦ
2387 2826 2826 2903 προεληλυθότα·
2863 2827 2936 2888 ὡς
2986 2833 3086 2895 τῆς
3123 2825 3383 2896 τοιαύτης
3413 2822 3650 2899 προοδου
3679 2845 3780 2879 πα-

2131 2919 2362 2986 Θητικῆς
2420 2913 2608 2987 οὔσης·
2665 2916 2803 2980 καθὰ
2854 2913 2912 2970 δὶ
2955 2914 3134 2990 λὲγειν
3180 2913 3428 2978 εῑώθασιν
3474 2914 3526 2969 οἱ
3556 2914 3654 2982 τήν
3691 2915 3783 2987 μὶν

2134 3005 2193 3062 ὐκ
2238 3013 2339 3075 τῆς
2387 3005 2572 3066 οὐσίας
2622 3001 2859 3078 πρόοδον
2909 3005 2984 3066 ὡς
3034 3004 3206 3068 πάθος
3233 2999 3611 3070 ἐκϐάλλοντες,
3642 3004 3702 3071 ἦν
3733 2999 3792 3058 δὶ

2135 3094 2388 3169 λὲγουσιν
2423 3094 2482 3148 ἐκ
2506 3101 2606 3162 τῆς
2653 3093 2840 3155 οὐσίας
2890 3091 3108 3163 ποίησιν
3149 3093 3223 3154 ὡς
3274 3092 3452 3162 ἀπαθῆ
3503 3096 3790 3146 συνιστῶν-

2135 3205 2243 3246 τες.
2275 3187 2479 3258 ’Ὠσπερ
2511 3186 2622 3256 (50)
2657 3182 2702 3238 εί
2729 3184 2816 3238 καὶ
2847 3189 2946 3251 τῆς
2996 3184 3295 3252 ποιήσεως,
3343 3182 3388 3236 εί
3439 3181 3790 3256 ἀνθρωπίνως

368 3275 494 3326 tum
543 3287 611 3326 ex
642 3270 782 3336 fDeo
818 3271 1175 3342 processisse
1205 3272 1455 3328 fateatur
1486 3291 1499 3329 :
1537 3275 1704 3345 quasi
1735 3252 2028 3346 processio

2145 3252 2498 3346 λαμϐάνοιτο,
2522 3252 2746 3343 -κίνησιν
2779 3271 3036 3348 ἰχούσης,
3068 3271 3155 3326 καὶ
3185 3272 3275 3326 τὸν
3311 3271 3368 3326 ἐκ
3396 3279 3496 3341 τῆς
3523 3252 3791 3340 κινήσεως

366 3357 708 3429 hujusrnodi
742 3359 1002 3431 passioni
1033 3360 1109 3414 sit
1138 3361 1914 3434 obnoxia,quemadmodum
1949 3365 2032 3419 di-

368 3463 498 3502 cere
528 3446 717 3502 solent
748 3447 847 3518 qui
877 3448 1312 3518 processionem
1344 3466 1412 3504 ex
1464 3451 1796 3507 substantia
1857 3453 2027 3524 quasi

367 3535 704 3607 passionem
766 3541 1054 3608 respuunt
1101 3554 1113 3591 :
1168 3554 1345 3609 quam
1391 3555 1525 3595 vero
1555 3546 1762 3597 vocant
1791 3558 1858 3597 ex
1887 3544 2026 3598 sub-

368 3624 590 3680 stantia
623 3625 929 3691 facturam,
950 3626 1117 3697 quasi
1153 3626 1425 3698 passione
1452 3627 1698 3685 liberam
1731 3648 2028 3687 commen-

367 3713 532 3768 dant.
565 3715 910 3785 Quanquam
947 3717 1170 3770 factura
1200 3720 1346 3787 ipsa,
1381 3719 1429 3773 si
1462 3717 1720 3775 humano
1754 3737 1912 3776 more
1941 3722 2028 3775 in-

364 3801 682 3872 telligatur,
729 3808 786 3857 et
817 3808 1041 3858 motum
1075 3803 1308 3871 habeat,
1343 3811 1398 3860 et
1426 3823 1494 3862 ex
1526 3814 1684 3863 motu
1721 3809 1977 3865 laborem
2012 3826 2025 3864 :

371 3905 498 3961 quae
530 3906 668 3944 sane
695 3892 767 3946 ab
799 3891 1005 3962 opifice
1041 3897 1150 3948 [)eo
1183 3893 1371 3950 aliena
1403 3901 1561 3950 sunt.
1595 3899 1861 3954 Attamen
1896 3899 2030 3953 licet

374 3995 476 4050 per
507 3977 849 4050 hujusmodi
884 3981 1375 4052 explanationem,
1410 3986 1842 4054 processiunem
1904 3987 2031 4042 Filii

375 4067 545 4138 quasi
597 4068 1025 4137 generationem
1062 4070 1488 4141 impassibilem
1520 4073 1867 4146 intelligant,
1902 4077 2030 4147 Spi-

370 4157 550 4210 ritum
578 4173 715 4210 sane
763 4174 794 4211 a
858 4157 1022 4212 Patre
1077 4166 1134 4212 et
1195 4159 1333 4214 Filio
1396 4161 1652 4216 alienum
1714 4169 2027 4220 statuunt:

371 4244 850 4314 quandoquidem
887 4263 998 4300 non
1024 4248 1384 4317 generationi
1419 4249 1634 4306 similis
1657 4251 1786 4322 ejus
1809 4269 2034 4324 proces-

371 4331 459 4388 sio
491 4338 598 4403 est,
632 4334 734 4388 sed
781 4335 1110 4405 spirationi,
1171 4337 1452 4392 nimirum
1513 4339 1585 4393 ob
1645 4341 2031 4414 participandi

373 4422 640 4486 modum,
699 4423 864 4494 quasi
899 4423 1120 4479 scilicet
1149 4425 1350 4482 efflatu
1384 4428 1639 4498 quodam
1671 4446 1739 4484 ex
1769 4446 1867 4485 ore
1899 4447 2032 4502 pro-

377 4511 625 4578 deunte;
660 4528 723 4566 ac
755 4512 1128 4584 recipientem
1163 4530 1248 4582 se,
1278 4517 1700 4585 sanctificante,
1750 4520 1902 4590 quod
1963 4520 2033 4574 de

370 4597 599 4670 Spiritu
631 4599 864 4656 dicitur.
903 4603 1076 4674 Atqui
1108 4603 1475 4675 impossibile
1521 4610 1677 4662 esset
1730 4607 2036 4664 Trinitatis
2065 4592 2112 4658 D

447 4761 464 4795 ¹
498 4758 673 4815 Hebr.
705 4775 830 4827 xm,
861 4763 914 4817 8.

451 4920 892 5004 (47)Οῑιο1>οη.,
926 4919 1105 4983 οὗτος.
1161 4924 1318 4981 Infra
1364 4925 1541 4995 idem,
1593 4925 1827 4996 Ἰησοῦς,
1877 4928 2032 5004 φησὶ,

379 4991 790 5066 Χριςττὸςχθίς-
878 5064 885 5066 _
956 5038 968 5048 .

453 5063 567 5136 (48)
601 5063 750 5120 Felc.
778 5071 833 5133 2,
867 5064 1238 5136 ὁμοιοοόσιος,

455 5135 564 5207 (49)
735 5135 938 5223 omnes
996 5155 1136 5223 mss.
1161 5144 1393 5223 “praeter
1439 5140 1673 5223 Felc.‘5,
1708 5145 1806 5223 qui
1857 5141 2032 5223 habet

384 5221 516 5285 cum
567 5208 759 5285 e_d_itis.
791 5208 922 5285 _1tep‘:
978 5214 1122 5285 μιᾶς.
1161 5209 1334 5285 Paulo
1378 5218 1528 5284 post.
1577 5208 2030 5285 Anglicaniaia-

383 5274 546 5354 eam.
588 5279 759 5354 Mox,
787 5274 880 5354 tv,
912 5274 1045 5337 ante
1091 5274 1395 5351 "suum;
1431 5285 1592 5340 deest
1640 5274 1700 5339 iii
1747 5284 1923 5341 Basil.
1975 5288 2025 5354 1,

379 5349 604 5419 Anglic.
639 5356 696 5406 et
729 5350 873 5405 Felc.
906 5354 960 5406 2.

453 5422 564 5495 (59)
593 5425 886 5495 Suspecta
912 5423 1102 5480 lectio.
1136 5423 1516 5495 Anglicanus,
1549 5425 1613 5494 ἦν
1648 5422 1704 5479 δὲ
1755 5424 2026 5495 λέγουσιν,

453 5445 564 5492 (ου)
593 5445 874 5493 auspecw.
913 5445 1102 5480 ιεοιιο.
1136 5445 1516 5495 Αηειιοιωυε,
1549 5447 1613 5494 ην
1648 5445 1704 5479 οε
1755 5445 1815 5481 Λε
1853 5447 2026 5494 ουσιν,

379 5487 453 5568 ᾡς
508 5489 566 5544 ἐκ
620 5500 719 5568 τῆς
770 5493 951 5555 οὐσίας
1004 5495 1234 5568 πρόησιν
1282 5498 1402 5567 (sic)
1460 5497 1534 5558 ὡς
1590 5499 1767 5565 ἀπαθῆ
1818 5445 2028 5554 Ἐκϐαλ-

379 5557 589 5648 λοντες,
623 5557 824 5641 ὣσπερ,
864 5576 970 5623 etc.
1025 5557 1203 5623 paulo
1262 5557 1412 5639 post,
1463 5557 1767 5639 Ottobon,
1817 5571 2029 5639 κίνησιν

377 5651 618 5705 εχουσιν.

431 5696 560 5776 ’(51)
591 5707 972 5780 Anglicanus,
1004 5707 1300 5782 ἐχομένης.

2140 3363 2400 3435 κάματον·
2449 3364 2583 3437 ἅπερ
2637 3359 2906 3436 ἀλλότρια
2945 3358 3415 3436 δημιουργοῦντος
3447 3357 3602 3415 Θεοῦ·
3636 3360 3790 3432 ὅμως

2138 3457 2293 3528 γοῦν,
2345 3451 2419 3513 ὡς
2477 3449 2721 3527 γέννησιν
2785 3451 2960 3519 ἀπαθῆ
3014 3448 3103 3504 διὰ
3167 3450 3431 3518 τοιαύτης
3482 3449 3790 3526 ἰξηγήσεως

2136 3542 2235 3610 τὴν
2287 3545 2384 3595 τοῦ
2439 3541 2566 3595 Υἱοῦ
2614 3544 2864 3602 νοοῦντες
2915 3537 3171 3614 πρόοδον,
3217 3541 3278 3593 τὸ
3352 3543 3569 3612 Πνεῦμα
3617 3537 3789 3594 ἀλλο-

2135 3634 2348 3706 τριοῦσι
2405 3630 2613 3705 Πατρὸς
2673 3628 2760 3684 καὶ
2821 3626 2968 3683 ι’ἳοῦ·
3022 3628 3106 3683 ὅτι
3141 3630 3216 3702 μή
3248 3630 3495 3704 γεννήσει
3525 3631 3559 3697 ἡ
3590 3628 3788 3683 τούτου

2138 3715 2394 3793 πρόοδος,
2430 3717 2575 3772 ἀλλὰ
2604 3717 2813 3772 πνεύσει
2847 3716 3132 3790 ὁμοιοῦται
3167 3716 3254 3771 διὰ
3303 3718 3402 3785 τὴν
3456 3718 3785 3789 μετάληψιν,

2139 3807 2215 3868 ὡς
2245 3813 2416 3874 πνοῆς
2448 3806 2507 3860 ἐκ
2555 3807 2822 3878 στόματος
2883 3806 3192 3882 ἰρχομὲνης
3243 3809 3353 3879 (51)
3385 3805 3474 3860 καὶ
3506 3807 3594 3860 τὸν
3632 3826 3790 3877 μετα-

2142 3891 2492 3968 λαμϐάνοντα
2547 3894 2896 3968 ἁγιαζούσης,
2948 3895 3086 3958 καθὰ
3145 3891 3210 3962 δη
3275 3894 3485 3970 λέγεται
3543 3895 3786 3965 πνεύμα-

2139 4004 2230 4045 τος
2262 3987 2395 4056 (52).
2429 3985 2529 4040 Ἦν
2560 3981 2615 4037 δὲ
2644 3981 2902 4037 ἀδύνατον
2935 3981 2987 4036 ἰν
3020 3986 3087 4056 τῇ
3128 3989 3228 4050 τῆς
3273 3980 3503 4055 Τριάδος
3556 3979 3682 4056 δόξῃ
3726 3983 3789 4038 τὸ

2145 4077 2366 4144 Πνεῦμα
2419 4071 2752 4142 δοξάζεσθαι,
2789 4073 2864 4144 μὴ
2897 4069 3172 4146 προδικῶς
3207 4072 3263 4125 δν
3301 4071 3360 4125 ἐκ
3388 4076 3518 4126 Θεοῦ
3568 4069 3634 4126 δι’

2142 4164 2290 4230 Γὶοῦ,
2323 4160 2469 4216 ἀλλὰ
2501 4165 2798 4230 ποιητικῶς
2831 4160 2891 4214 lx.
2929 4165 3060 4214 Θεοῦ
3101 4161 3349 4234 γεγονὸς,
3383 4160 3459 4222 ὡς
3515 4161 3784 4235 Λέγουσιν.

2139 4250 2216 4308 Οὐ
2247 4251 2348 4326 γὰρ
2380 4247 2748 4322 συνδοξάζεται
2782 4249 3001 4320 ποίημα
3031 4252 3258 4321 ποιητῇ,
3293 4245 3417 4303 οὐδὲ
3448 4245 3648 4310 δοῦλος
3680 4251 3794 4322 (54)

2142 4337 2393 4413 δεσπότῃ·
2453 4337 2583 4394 οὐδὶ
2629 4342 2662 4404 ἡ
2713 4345 2812 4407 τῆς
2861 4336 3160 4413 ἀλλοτρίας
3193 4342 3326 4392 Θεοῦ
3358 4337 3542 4399 οὐσίας
3580 4336 3791 4411 μέθεξις

2143 4428 2202 4483 ἃν
2236 4425 2318 4497 εἷή
2353 4432 2506 4483 Θεοῦ·
2544 4452 2571 4480 κ
2605 4428 2690 4482 Ἐν
2723 4426 2901 4500 τούτῳ
2932 4427 3094 4501 γὰρ,››
3127 4427 3288 4504 φησὶν
3324 4427 3352 4480 ὁ
3377 4427 3633 4495 Ἰωάννης
3655 4428 3793 4500 (55),

2144 4541 2173 4569 ‹‹
2233 4518 2592 4591 γινώσκομεν,
2652 4516 2734 4571 ὅτι
2795 4515 2846 4571 ἐν
2878 4518 3012 4588 ἡμῖν
3044 4515 3201 4587 ἐστιν,
3236 4515 3294 4570 ὲκ
3323 4520 3419 4570 τοῦ
3453 4515 3789 4588 Πνεύματος,

2144 4604 2205 4661 οὗ
2237 4604 2434 4661 ἔδωκεν
2463 4608 2626 4677 ἡμῖν.
2669 4629 2693 4656 ›ι

2235 4930 2326 5000 52)
2353 4929 2483 4984 Huic
2516 4929 2862 5000 referuntur,
2891 4927 2950 4982 in
2993 4926 3238 4984 concilio
3269 4926 3624 4992 Florentino,
3657 4942 3791 5000 pag.

2143 4999 2265 5065 413,
2300 4999 2537 5056 nomine
2567 4999 2890 5056 Athanasii.

2213 5073 2326 5143 (53)
2359 5077 2441 5127 Ita
2472 5071 2685 5142 legitur
2708 5072 2766 5126 in
2789 5068 3036 5127 concilio
3060 5069 3412 5143 Florentino.
3438 5068 3589 5125 Felc.
3624 5084 3796 5141 porro

2141 5141 2267 5199 loco
2300 5141 2471 5199 varia:
2500 5143 2787 5212 lectioni»,
2819 5158 2996 5213 quam
3042 5159 3108 5195 ex
3150 5141 3323 5196 Basil.
3361 5143 3384 5195 1
3420 5147 3477 5196 et
3500 5143 3555 5211 2,
3587 5147 3643 5196 et
3671 5144 3794 5213 An-

2140 5214 2275 5286 glic.
2313 5224 2514 5270 notare
2546 5214 2793 5278 volebat,
2824 5212 3092 5286 eamdem
3127 5213 3385 5286 reposuit
3413 5229 3542 5284 qua:
3565 5213 3633 5286 in
3665 5212 3792 5267 edi-

2141 5282 2220 5341 tis
2248 5287 2518 5355 habetur,
2544 5286 2786 5350 scilicet,
2821 5282 2907 5338 διὰ
2932 5285 3128 5352 Ἰησοῦ.
3156 5282 3500 5355 Quanquam
3527 5284 3795 5339 videatur

2139 5374 2296 5423 eum,
2331 5354 2397 5410 δι’
2429 5358 2576 5427 Υἱοῦ,
2614 5357 2822 5428 legisse
2855 5360 2912 5412 in
2959 5357 3167 5411 iisdem
3203 5354 3522 5422 codicibus,
3558 5360 3623 5411 ut
3653 5355 3793 5426 legit

2139 5429 2275 5483 item
2334 5430 2618 5485 Nannius.
2672 5431 2892 5485 Ibidem
2943 5429 3088 5484 Felc.
3141 5428 3459 5495 secundus,
3519 5430 3785 5500 γεγονὼς,

2137 5501 2438 5556 mendose.

2208 5572 2320 5644 (54)
2357 5573 2499 5627 Felc.
2533 5573 2588 5644 2,
2622 5567 2844 5626 δοῦλον.

2208 5639 2316 5713 (56)
2349 5645 2410 5700 ’0
2441 5643 2716 5711 Ἰωάννης,
2741 5645 2903 5698 deest
2933 5643 2994 5714 in
3020 5641 3326 5714 Ba‘siliensi
3350 5641 3536 5714 primo
3557 5647 3614 5698 et
3635 5639 3784 5697 Felc.

2137 5708 2414 5772 seCundo.
2446 5715 2576 5773 Mox
2605 5708 2906 5782 Ottobon.,
2935 5710 2998 5768 οὗ
3029 5708 3256 5768 δέδωκεν
3284 5708 3444 5786 ἡμῖν.
