4136 6428
382 401 457 463 91

1542 403 1611 464 S.
1657 401 2189 464 ATHANASIUS.
2220 432 2301 448 —
2329 401 2597 465 DUBIA.

3727 408 3815 469 92

388 551 522 591 nem
580 538 638 590 et
685 535 756 589 ab
816 534 1100 606 apostolis
1149 533 1447 590 inductam
1501 534 1677 589 ﬁdem
1722 532 2035 606 postulare,

2156 537 2259 600 τῆς
2306 539 2500 601 κοινῆς
2542 531 2632 587 καὶ
2678 531 2729 603 EE
2789 530 3110 588 ἀποστόλων
3161 532 3506 609 εἶσαχθείσης
3553 534 3815 607 πίστεως,

386 624 703 681 scribimus
735 640 1054 695 paucorum
1077 640 1206 679 esse
1246 624 1404 678 illam
1438 623 1640 678 sedulo
1671 623 2034 694 disquirere:

387 714 561 769 {idem
598 718 790 768 autem
818 713 1086 783 retinere,
1109 714 1373 768 omnium
1407 730 1533 768 esse
1555 729 1756 768 eorum
1789 713 1889 784 qui
1925 717 2037 766 Deo

388 804 780 874 obsequentes
813 802 1077 873 sunt,qui
1096 808 1152 856 et
1178 819 1450 874 magnam
1485 803 1666 857 studii
1686 801 1776 856 sui
1803 801 2034 856 laudem

387 894 666 948 referunt.
700 891 807 957 Qui
867 893 1023 945 enim
1086 909 1211 962 quae
1247 892 1397 946 ultra
1427 892 1579 945 vires
1611 908 1751 946 suas
1781 895 1922 946 sunt
1954 891 2038 944 in-

385 983 581 1052 dagat,
607 982 664 1034 in
700 981 956 1050 periculo
975 987 1238 1035 versatur
1272 1000 1284 1036 :
1319 982 1416 1052 qui
1450 986 1643 1035 autem
1679 979 1911 1034 traditis
1943 979 2034 1034 in-

384 1071 584 1138 haeret,
607 1076 768 1126 extra
799 1070 1119 1142 periculum
1149 1076 1254 1126 est.
1283 1071 1612 1126 Suademus
1643 1072 1823 1143 igitur
1851 1069 2034 1137 vobis,

384 1161 537 1232 quod
590 1164 647 1216 et
693 1161 860 1215 nobis
893 1161 1036 1232 ipsis
1069 1161 1409 1228 suademus,
1458 1166 1522 1215 ut
1553 1161 1828 1215 traditam
1861 1159 2036 1214 ﬁdem

384 1249 648 1320 servetis,
718 1251 1078 1320 profanaque
1150 1266 1311 1304 novae
1391 1249 1707 1320 cujuslibet
1761 1248 2037 1304 doctrina:

384 1338 562 1393 verba
609 1337 976 1405 aversemini,
1039 1354 1363 1410 omnesque
1411 1337 1746 1404 hortemini,
1798 1342 1863 1392 ut
1889 1336 2038 1392 tanti

387 1427 649 1500 mysterii
678 1426 1117 1498 inquisitionem
1152 1427 1602 1483 exhorrescant:
1638 1431 1695 1482 et
1719 1427 2036 1482 confitean-

382 1521 500 1585 tur,
539 1525 667 1572 tum
699 1517 794 1572 Dei
826 1517 882 1571 in
919 1533 1093 1572 carne
1125 1516 1681 1581 manifestalionem,
1710 1516 2036 1571 secundum

382 1605 759 1660 traditionem
793 1606 1205 1676 apostolicam;
1242 1613 1369 1660 tum
1393 1605 1678 1675 justitiam
1714 1621 1892 1677 quam
1924 1605 2034 1660 Do-

383 1693 582 1750 minus
612 1694 820 1749 habuit
851 1696 910 1749 in
963 1694 1207 1766 Spiritu,
1240 1694 1300 1749 id
1331 1699 1440 1764 est,
1473 1711 1586 1749 non
1620 1694 1881 1749 humana
1903 1709 2032 1749 mu-

379 1783 621 1850 tatione,
656 1785 756 1838 sed
791 1783 991 1838 divina
1023 1783 1292 1856 puritate.
1329 1783 1703 1854 Impossibile
1756 1783 1911 1838 enim
1946 1786 2036 1838 est

380 1871 700 1928 humanam
759 1876 1051 1940 naturam,
1099 1889 1314 1943 puram
1362 1876 1419 1928 et
1449 1871 1577 1927 sine
1609 1877 1841 1943 peccato
1872 1871 2037 1926 exhi-
2065 1907 2114 1974 B

382 1961 528 2030 beri,
565 1961 678 2017 nisi
715 1963 864 2016 Deus
896 1961 954 2017 in
1005 1978 1179 2018 carne
1237 1977 1366 2017 esse
1397 1962 1688 2032 credatur,
1721 1961 1822 2032 qui
1864 1961 2034 2030 justi-

379 2050 520 2105 tiam
556 2052 775 2122 peccati
833 2055 1125 2122 expertem
1151 2052 1207 2105 in
1243 2051 1528 2106 mundum
1563 2051 1878 2115 induxerit,
1927 2065 2034 2104 cu-

373 2139 477 2210 jus
534 2138 849 2211 participes
910 2138 1118 2208 ett‘ecti,
1177 2139 1440 2196 vivemus
1495 2143 1552 2194 et
1612 2139 1756 2195 salvi
1795 2137 2033 2196 erimus.

380 2227 530 2286 Illud
554 2228 745 2284 enim:
782 2250 810 2278 «
841 2228 966 2284 Non
998 2233 1087 2285 est
1109 2230 1312 2299 justus
1342 2229 1401 2284 in
1433 2233 1588 2284 terra
1611 2229 1710 2300 qui
1735 2227 1909 2283 faciat
1928 2228 2034 2282 bo-

382 2333 524 2371 num
557 2321 615 2371 et
645 2334 760 2372 non
799 2321 998 2388 peccet
1027 2318 1071 2383 ⁸,
1109 2339 1138 2367 ››
1173 2318 1228 2372 in
1289 2333 1603 2373 commune
1659 2317 1730 2371 de
1758 2317 2034 2372 omnibus

380 2405 723 2460 hominibus
781 2405 1004 2461 dictum
1039 2412 1127 2461 est
1161 2423 1172 2460 :
1217 2406 1392 2472 unde,
1431 2428 1458 2456 «
1494 2407 1568 2461 De
1623 2404 1768 2460 ccelo
1797 2404 1974 2470 venit,
2003 2426 2032 2455 ››

380 2493 590 2564 inquit,
628 2514 656 2546 ε
688 2496 843 2565 quod
900 2494 1341 2550 immaculatam
1393 2495 1687 2566 justitiam
1745 2510 1814 2549 ex
1844 2509 1904 2549 se
1936 2494 2039 2548 dat

379 2580 660 2637 Verbum.
699 2606 725 2631 ››
777 2584 846 2638 Et
893 2583 1115 2654 liquido
1169 2584 1308 2638 dicit
1342 2600 1354 2638 :
1389 2607 1414 2633 ‹‹
1452 2584 1632 2639 Nemo
1682 2583 1946 2638 ascendit
1975 2583 2035 2637 in

381 2671 755 2734 coelum.nisi
810 2673 906 2743 qui
941 2674 1244 2728 descendit
1299 2673 1369 2727 de
1411 2673 1555 2728 c0310
1616 2672 1797 2726 Filius
1846 2670 2033 2727 homi-

383 2759 496 2815 nis.
531 2760 572 2814 ⁸.
605 2783 633 2810 ››
670 2761 737 2815 Et
768 2778 1045 2816 rursum:
1080 2783 1107 2810 «
1143 2762 1199 2816 Si
1234 2761 1494 2817 videritis
1529 2762 1740 2816 Filium
1776 2761 2034 2815 hominis

383 2850 798 2904 ascendentem
849 2850 948 2904 ubi
1007 2855 1132 2906 erat
1180 2851 1343 2921 prius
1373 2851 1414 2904 ⁸.
1477 2871 1505 2899 ››
1540 2851 1646 2905 Et:
1685 2871 1714 2899 ιι
1756 2849 1869 2921 Ego
1901 2866 2031 2904 sum

383 2937 680 3008 panis,qui
714 2939 786 2992 de
815 2937 958 2994 coelo
988 2938 1281 3006 descendi,
1315 2939 1571 3008 vivus,et
1598 2939 1693 3007 qui
1725 2941 1825 2993 dat
1855 2938 2031 2992 vitam

381 3027 604 3082 mundo
633 3029 674 3080 ⁷.
711 3049 740 3077 ››
798 3029 1021 3091 Quibus
1069 3045 1237 3084 suam
1295 3029 1485 3100 ipsius
1532 3029 1807 3084 deitatem
1838 3033 2034 3100 aperte

380 3131 488 3171 nos
517 3117 737 3185 edocet,
771 3133 874 3172 nec
906 3123 1098 3172 tamen
1131 3118 1320 3172 aufert
1351 3118 1505 3189 quod
1556 3118 1881 3173 secundum
1913 3133 2034 3172 car-

379 3221 516 3260 nem
550 3210 990 3278 assumpserat;
1025 3206 1126 3261 sed
1151 3206 1410 3277 seipsum
1427 3222 1558 3261 cum
1590 3222 1762 3261 carne
1789 3207 2032 3276 conjun-

380 3293 505 3366 git:
539 3275 1014 3366 quandoquidem
1035 3298 1202 3366 juxta
1224 3275 1467 3349 ﬁaulum
1493 3295 1553 3349 in
1585 3275 2033 3350 similitudinem
2063 3275 2106 3341 (ἶ

368 3382 688 3439 hominum
747 3383 938 3439 tactus
995 3390 1107 3451 est,
1167 3389 1226 3438 et
1281 3383 1487 3438 habitu
1521 3384 1794 3439 inventus
1851 3389 2035 3440 estut

381 3472 556 3526 homo
585 3471 818 3526 3.Homo
851 3476 1049 3527 autem
1086 3489 1204 3527 una
1234 3489 1481 3544 persona
1512 3479 1569 3527 et
1598 3489 1782 3527 unum
1814 3471 2033 3528 animal

379 3565 563 3627 est,ex
593 3561 803 3632 spiritu
858 3565 916 3615 et
956 3578 1130 3616 carne
1179 3561 1569 3633 compositum
1603 3563 1778 3632 (59'):
1830 3562 1900 3616 ad
1934 3577 2034 3616 cu-

371 3650 476 3723 jus
493 3649 941 3705 similitudinem
966 3649 1413 3722 intelligendum
1436 3655 1525 3707 est
1539 3650 1836 3706 Christum
1854 3667 2034 3706 unam

379 3757 510 3798 esse
539 3757 873 3812 personam,
905 3745 962 3797 et
991 3758 1106 3797 non
1159 3743 1330 3808 duas,
1393 3747 1456 3796 ut
1477 3743 1603 3813 jam
1654 3743 2035 3798 incredulitas

381 3831 788 3902 magnitudine
844 3830 1054 3886 divinae
1105 3831 1302 3903 gratiae
1328 3831 1629 3899 destituta,
1667 3837 1725 3887 et
1755 3832 1815 3886 in
1847 3832 2035 3903 genti-

380 3918 528 3975 lium
561 3919 903 3975 scandalum
932 3920 1226 3992 prolapsa,
1264 3924 1427 3991 apert
1457 3925 1512 3974 et
1552 3937 1786 3975 summa
1815 3923 1869 3976 vi
1899 3937 2037 3976 con-

383 4009 591 4064 tendit.
625 4008 770 4064 Cum
804 4008 959 4064 enim
995 4026 1109 4064 non
1151 4009 1349 4064 credat
1384 4008 1662 4080 possibile
1692 4026 1822 4065 esse
1852 4013 2035 4064 Deum

383 4097 685 4153 hominem
738 4099 887 4168 ﬁeri,
925 4101 1097 4170 juxta
1133 4097 1380 4154 Joannis
1410 4099 1585 4154 verba
1610 4097 1775 4153 initio
1807 4099 2034 4170 posita:

385 4209 413 4237 α
449 4187 703 4242 Verbum
737 4204 869 4242 caro
905 4188 1121 4242 factum
1150 4192 1239 4242 est
1269 4188 1309 4253 θ,
1346 4209 1373 4238 ››
1411 4188 1540 4243 ideo
1565 4187 2034 4254 dicit,hominem

385 4276 624 4347 quidem
657 4293 791 4332 eum
824 4293 952 4332 esse
983 4294 1050 4332 ex
1071 4275 1310 4348 Virgine
1340 4277 1628 4347 genitum,
1652 4282 1708 4332 et
1729 4293 1797 4332 ex
1828 4282 2038 4333 natura

384 4381 495 4420 sua
550 4365 697 4420 nihil
761 4365 1021 4420 divinum
1077 4365 1328 4432 habere;
1362 4365 1546 4421 Deum
1577 4382 1712 4421 vero
1772 4366 1831 4420 in
1881 4366 2038 4421 hunc

384 4454 580 4525 ipsum
627 4454 1020 4510 descendisse.
1082 4455 1259 4510 Porro
1313 4455 1413 4526 qui
1475 4454 1595 4509 haec
1652 4455 1873 4522 dicunt,
1927 4454 2038 4510 sibi

383 4542 498 4614 ipsi
530 4545 770 4599 adversa
801 4545 1121 4615 proferunt,
1151 4544 1321 4615 quasi
1344 4543 1531 4598 Verbo
1553 4544 2039 4612 contradicentes,

2146 621 2447 697 γράφομεν,
2503 620 2584 675 ὅτι
2626 622 2725 690 τήν
2779 623 2874 694 μὶν
2925 619 3198 697 ἀκρίϐειαν
3245 623 3410 691 αὐτῆς
3611 624 3807 696 ἐπιζη-

2144 716 2253 764 τεῖν
2286 709 2490 784 όλίγων
2525 710 2658 779 ἐστὶ,
2689 711 2787 779 τήν
2823 709 2879 766 δὶ
2913 713 3086 766 πίστιν
3115 711 3363 788 κατέχειν
3397 715 3647 769 ἁπάντων
3700 720 3808 771 τῶν

2146 799 2284 873 πρὸς
2333 799 2424 853 τὸν
2484 799 2614 853 Θεὸν
2675 799 2975 872 εύπειθῶν,
3037 800 3088 854 οἳ
3145 801 3234 855 καὶ
3289 804 3540 877 μέγιστον
3586 801 3805 858 ἔπαινον

2146 887 2508 964 ἀποφέρονται
2563 896 2662 957 τῆς
2722 888 3029 961 ἐπιθυμίας.
3089 891 3146 941 Ὃ
3207 891 3301 962 μὲν
3363 891 3464 964 γὰρ
3520 897 3693 962 ζητῶν
3739 895 3810 948 τὸ.

2149 976 2279 1049 ὑπὲρ
2314 977 2498 1031 ἑαυτὸν
2533 976 2896 1040 ἐπικίνδυνος·
2940 980 2968 1034 6
3023 977 3080 1034 δέ
3126 985 3242 1041 τοῖς
3290 977 3671 1054 παραδοθεῖσιν
3704 981 3808 1055 έμ-

2151 1067 2326 1139 μένων
2380 1064 2696 1129 ἀκίνδυνος.
2746 1070 3126 1144 ΙΙαραινοῦμεν
3177 1066 3234 1123 δὶ
3294 1069 3422 1142 ὑμῖν
3475 1072 3612 1143 (61))
3670 1070 3804 1149 ὅπερ

2147 1151 2236 1208 καί
2285 1155 2497 1217 έαυτοῖς
2552 1161 2960 1229 παραινοῦμεν,
3016 1158 3116 1225 τήν
3174 1154 3570 1232 παραδοθεῖσαν
3622 1160 3804 1215 πίστιν

2148 1241 2460 1318 φυλάττειν,
2516 1243 2864 1320 ἐκτρέπεσθαι
2925 1242 2982 1299 δὶ
3042 1245 3139 1307 τὰς
3205 1240 3479 1320 βεϐήλους
3538 1267 3808 1325 καινοφω-

2147 1331 2286 1406 νίας,
2318 1333 2408 1386 καὶ
2452 1337 2614 1388 τοῦτο
2661 1339 2793 1388 πᾶσι
2841 1339 3145 1410 παρεγγυᾷν
3198 1329 3480 1413 φοϐεῖσθαι
3527 1338 3628 1405 τήν
3679 1339 3806 1414 περὶ

2144 1425 2242 1476 τοῦ
2295 1420 2630 1491 τηλικούτου
2696 1423 2998 1498 μυστηρίου
3063 1425 3308 1494 ζήτησιν·
3368 1423 3667 1501 ὁμολογεῖν
3725 1424 3806 1500 δὶ,

2147 1509 2229 1566 ὅτι
2262 1512 2636 1589 πεφανέρωται
2684 1512 2812 1574 Θεὸς
2860 1511 2914 1566 έν
2966 1513 3123 1587 σαρκὶ
3174 1514 3311 1568 κατὰ
3361 1515 3460 1583 τήν
3510 1513 3808 1571 ἀποστολι-

2145 1603 2247 1670 κὴν
2278 1599 2599 1674 παράδοσιν,
2631 1601 2720 1655 καὶ
2765 1603 2866 1670 τὴν
2916 1599 3284 1674 δικαιοσύνην,
3334 1604 3395 1672 ἣν
3445 1599 3604 1679 ἴσχεν
3635 1605 3664 1659 6
3695 1604 3803 1661 Κύο

2148 1711 2266 1764 ριος
2304 1689 2356 1746 έν
2405 1690 2700 1763 ΙΙνεύματι,
2751 1689 3048 1763 τουτέστιν,
3100 1690 3200 1746 ούκ
3246 1692 3553 1767 ἀνθρωπίνῃ
3599 1698 3802 1769 τροπῇ,

2145 1778 2292 1834 ἀλλὰ
2344 1781 2497 1853 θεϊκῇ
2554 1784 2624 1853 τῇ
2680 1780 3008 1855 καθαρότητι
3043 1799 3057 1812 ’
3118 1779 3379 1836 ἀδύνατον
3435 1781 3537 1856 γὰρ
3605 1783 3804 1859 ἑτέρως

2143 1867 2207 1923 τὸ
2254 1869 2486 1943 καθαρὸν
2526 1869 2616 1923 καὶ
2661 1867 3044 1943 ἀναμάρτητον
3091 1868 3173 1924 ἐπ’
3219 1868 3562 1944 ἀνθρωπίνης
3594 1871 3805 1948 φύσεως

2145 1955 2579 2032 παραδεχθῆναι,
2627 1956 2672 2011 εἰ
2727 1957 2803 2029 μή
2853 1957 2982 2019 Θεὸς
3029 1957 3082 2012 έν
3133 1958 3292 2032 σαρκὶ
3322 1958 3634 2015 πιστεύοιτο
3665 1961 3804 2015 εἶναι

2146 2047 2174 2100 6
2203 2046 2302 2114 τὴν
2333 2046 2713 2119 ἀναμάρτητον
2747 2043 3094 2117 δικαιοσύνην
3126 2045 3204 2108 εἰς
3223 2047 3315 2102 τὸν
3345 2047 3551 2121 κόσμον
3586 2049 3800 2126 εἷσαγα-

2144 2136 2277 2211 γὼν,
2327 2138 2394 2203 ἧς
2463 2133 2781 2210 μετέχοντες
2839 2135 3115 2208 ζησόμεθα
3163 2137 3253 2191 καὶ
3306 2138 3594 2210 σωσόμεθα
3639 2140 3802 2213 (δι’).

2146 2226 2224 2283 Τὸ
2255 2225 2380 2299 γὰρ,
2406 2250 2433 2276 ‹‹
2465 2224 2578 2279 Οὐκ
2605 2223 2714 2279 ἔστι
2749 2222 2959 2287 δίκαιος
2984 2224 3072 2280 έπὶ
3103 2232 3204 2292 τῆς
3236 2232 3364 2300 γῆς,
3397 2227 3459 2288 ὃς
3491 2229 3713 2297 ποιήσει
3740 2229 3806 2284 τὸ

2144 2313 2381 2388 ἀγαθὸν,
2431 2312 2518 2367 καὶ
2568 2313 2677 2388 οὐχ
2727 2315 3120 2388 ἁμαρτήσεται,
3155 2337 3183 2364 κ
3229 2314 3414 2369 κοινὸν
3447 2311 3627 2385 δήπου
3673 2318 3810 2372 κατᾶ

2144 2405 2354 2457 πάντων
2409 2402 2706 2478 ἀνθρώπων
2759 2403 2924 2457 έστὶνο
2977 2402 3129 2473 ὅθεν,
3162 2427 3189 2452 α
3225 2403 3313 2473 Ἐξ
3364 2402 3594 2476 ούρανοῦ
3643 2426 3806 2461 κατα-

2146 2486 2369 2561 ϐέϐηκε,
2404 2515 2430 2542 ››
2464 2491 2650 2568 φησὶν,
2699 2514 2728 2543 ‹‹
2759 2493 2786 2546 6
2815 2492 2915 2559 τήν
2962 2490 3229 2568 ἄχραντον
3281 2489 3634 2565 δικαιοσύνην
3679 2497 3807 2571 παρ’

2147 2584 2338 2638 ἑαυτοῦ
2371 2580 2718 2657 δωρούμενος
2760 2582 2957 2657 Λόγος.
2993 2606 3023 2634 ››
3056 2582 3152 2639 Καὶ
3205 2581 3352 2657 λέγει
3398 2589 3600 2661 σαφῶς
3638 2610 3666 2638 ‹‹
3699 2585 3804 2644 Οὐ-

2147 2667 2259 2732 δεὶς
2291 2665 2621 2740 ἀναϐέϐηκεν
2654 2670 2729 2733 είς
2760 2671 2853 2726 τὸν
2905 2671 3127 2746 οὐρανὸν
3171 2671 3217 2726 εἰ
3252 2674 3327 2745 μή
3362 2673 3391 2727 6
3423 2673 3482 2728 έκ
3508 2678 3606 2728 τοῦ
3637 2674 3801 2750 ούρα-

2145 2763 2242 2812 νοῦ
2299 2754 2552 2830 καταϐὰς,
2612 2761 2639 2813 6
2700 2761 2823 2822 Υἱὸς
2878 2765 2975 2815 τοῦ
3036 2761 3347 2837 ἀνθρώπων
3405 2785 3432 2813 ιι
3478 2762 3567 2817 καὶ
3613 2763 3798 2818 πάλιν·

2153 2872 2180 2902 ιι
2206 2849 2326 2903 Ἐὰν
2359 2850 2600 2924 θεωρῆτε
2649 2851 2762 2922 (62)
2814 2851 2904 2905 τὸν
2959 2851 3082 2904 Υἱὸν
3132 2855 3231 2906 τοῦ
3263 2852 3552 2925 ἀνθρώπου
3581 2847 3799 2907 ἀναϐαί-

2145 2959 2328 3005 νοντα,
2361 2937 2501 2992 δπου
2531 2939 2597 3007 ἦν
2647 2940 2710 2993 τὸ
2760 2938 3048 3013 πρότερον·
3083 2963 3110 2990 ›>
3144 2940 3255 3008 καὶ,
3307 2941 3447 3016 Ἐγὼ
3497 2941 3610 3014 εἶμι
3645 2942 3674 2996 6
3702 2940 3803 3017 ἅρ-

2142 3047 2260 3096 τος,
2295 3027 2322 3080 6
2353 3027 2412 3081 έκ
2439 3031 2537 3082 τοῦ
2568 3027 2798 3102 ούρανοῦ
2827 3023 3087 3099 καταϐὰς,
3120 3030 3147 3082 6
3181 3034 3284 3098 ζῶν
3311 3031 3401 3084 καὶ
3437 3032 3580 3099 ζωὴν
3619 3028 3806 3092 διδοὺς

2142 3120 2223 3188 τῷ
2280 3116 2510 3188 κόσμῳ·
2571 3142 2591 3166 ι
2652 3121 2836 3194 σαφῶς
2894 3115 2984 3171 διὰ
3038 3119 3244 3172 τούτων
3303 3121 3416 3192 (63)
3474 3117 3808 3175 ἐκδιδάσκων

2146 3207 2294 3277 ἡμᾶς
2325 3207 2425 3274 τὴν
2459 3205 2691 3274 θεότητα
2737 3207 2836 3274 τήν
2883 3207 3098 3275 ἑαυτοῦ,
3130 3207 3230 3262 οὐκ
3278 3209 3507 3283 ἀναιρῶν
3557 3209 3618 3264 τό
3669 3211 3806 3264 κατὰ

2143 3296 2316 3370 σάρκα
2364 3293 2824 3372 προσειληφέναι,
2885 3292 3013 3349 ἀλλ’
3072 3297 3204 3351 ένῶν
3265 3297 3450 3352 ἑαυτὸν
3509 3299 3645 3371 πρὸς
3699 3300 3800 3366 τὴν

2143 3384 2332 3458 σάρκα’
2367 3382 2555 3452 ἐπειδὴ
2613 3385 2749 3438 κατὰ
2799 3386 3016 3441 ΙΙαῦΛον
3069 3387 3183 3459 (64)
3240 3385 3291 3440 έν
3343 3387 3659 3460 ὁμοιώματι
3705 3386 3797 3441 ἀν-

2144 3475 2378 3545 θρώπων
2409 3474 2622 3548 γέγονε,
2673 3472 2761 3527 καὶ
2814 3475 3060 3549 σχήματι
3093 3473 3328 3548 εὑρεθεὶς
3378 3475 3452 3538 ὡς
3486 3473 3794 3552 ἄνθρωπος.

2142 3563 2204 3619 Ὀ
2238 3559 2296 3616 δὲ
2344 3561 2627 3636 ἅνθρωπος
2670 3560 2724 3615 ἓν
2774 3560 3092 3635 πρόσωπον,
3139 3562 3228 3616 καὶ
3286 3566 3422 3631 ζῶον
3469 3562 3548 3634 ἓν,
3582 3563 3688 3618 ἀπό
3738 3584 3796 3618 τε

2141 3649 2448 3723 πνεύματος
2506 3649 2596 3704 καὶ
2653 3649 2877 3724 σαρκός·
2935 3649 3073 3704 κατὰ
3120 3647 3179 3705 δὲ
3232 3651 3296 3705 τὸ
3352 3650 3612 3724 ὁμοίωμα
3673 3652 3738 3706 αύ
3772 3685 3793 3695 -

2141 3743 2238 3794 τοῦ
2268 3740 2381 3812 (65)
2411 3740 2634 3807 νοητέον
2674 3738 2766 3792 τὸν
2809 3739 3036 3813 Χριστὸν
3067 3736 3182 3810 ιἕνα,
3230 3739 3319 3793 καὶ
3365 3739 3426 3794 ού
3480 3737 3575 3795 δύο
3624 3741 3834 3816 πρόσ--

2144 3848 2288 3896 ωπα,
2334 3827 2467 3902 ὅπερ
2515 3829 2550 3896 ἡ
2601 3830 2691 3881 νῦν
2739 3827 2960 3882 ἀπιστία
3018 3829 3280 3901 βιάζεται,
3332 3833 3515 3907 σαφῶς
3569 3828 3795 3884 ἀπολει-

2144 3915 2354 3989 πομένη
2383 3921 2481 3971 τοῦ
2518 3918 2773 3992 μεγέθους
2823 3923 2924 3985 τῆς
2972 3915 3116 3979 θείας
3147 3918 3398 3992 χάριτος,
3429 3919 3518 3973 καὶ
3557 3923 3636 3990 τῷ
3664 3917 3799 3974 Ἑλ-

2146 4004 2360 4076 ληνικῷ
2405 4003 2693 4077 σκανδάλῳ
2726 4003 3148 4079 περιπίπτουσα.
3184 4003 3404 4075 Ἐπειδὴ
3455 4007 3557 4081 γὰρ
3608 4008 3669 4062 ού
3709 4028 3798 4062 πι-

2145 4094 2316 4150 στεύει
2377 4091 2600 4149 δυνατὸν
2662 4093 2799 4148 εἶναι
2855 4094 2948 4149 τὸν
3007 4095 3137 4150 Θεὸν
3215 4096 3498 4170 ἄνθρωπον
3553 4098 3797 4173 γενέσθαι

2143 4183 2280 4238 κατὰ
2335 4184 2433 4252 τὴν
2493 4183 2544 4253 έξ
2603 4182 2784 4258 ἀρχῆς
2832 4184 3018 4260 φωνὴν
3077 4183 3352 4258 Ἰωάννου,
3382 4183 3663 4259 λέγοντος,
3713 4185 3797 4241 δτι

2146 4299 2174 4327 ‹‹
2205 4275 2266 4331 Ὀ
2298 4272 2471 4348 Λόγος
2521 4273 2646 4344 σὰρξ
2697 4272 2928 4348 ἐγένετο,
2965 4296 2991 4323 ›)
3026 4268 3114 4326 διὰ
3162 4273 3324 4328 τοῦτό
3355 4296 3516 4352 φησιν
3707 4274 3796 4330 ἅν-

2145 4364 2361 4436 θρωπον
2425 4361 2520 4434 μὶν
2581 4360 2715 4415 εἶναι
2774 4359 2832 4414 έκ
2886 4363 2984 4429 τῆς
3042 4361 3318 4436 Παρθένου
3372 4363 3654 4438 τεχθέντα,
3708 4362 3798 4418 καὶ

2151 4448 2319 4524 μηδὲν
2353 4449 2499 4526 ἔχειν
2543 4453 2613 4523 τῇ
2665 4448 2816 4527 φύσει
2849 4445 3048 4504 θεϊκόν·
3085 4450 3214 4506 Θεὸν
3253 4448 3310 4506 δὲ
3341 4451 3416 4514 εἷς
3449 4451 3607 4507 αὐτὸν
3639 4473 3802 4507 κατα-

2148 4535 2459 4610 ϐεϐηκέναι.
2516 4539 2578 4592 Οἳ
2636 4535 2694 4593 δὲ
2746 4542 2915 4594 ταῦτα
2966 4537 3238 4614 λέγοντες,
3297 4539 3432 4595 αὐτὰ
3476 4542 3545 4596 τὰ
3593 4540 3804 4596 έναντία

388 4633 529 4688 dum
585 4633 771 4698 aiunt,
824 4632 1031 4706 Filium
1089 4633 1347 4688 hominis
1402 4649 1578 4688 none
1639 4633 1777 4689 coelo
1798 4634 2035 4690 descen-

2149 4627 2423 4704 λέγουσιν,
2458 4627 2640 4705 ὥσπερ
2671 4627 3033 4705 ἀντιλέγοντες
3077 4633 3156 4701 τῷ
3203 4627 3384 4704 Λόγῳ,
3418 4628 3500 4685 ὅτι
3541 4628 3675 4706 οὐχὶ
3706 4650 3800 4686 κα-

386 4723 644 4793 dentem,
674 4723 772 4777 sed
805 4739 836 4778 e
885 4727 1038 4778 terra
1068 4726 1428 4794 surgentem,
1476 4722 1653 4776 Deum
1711 4738 1742 4778 e
1771 4722 1910 4778 ccelo
1942 4723 2038 4779 de-

384 4812 790 4877 scendentem,
813 4810 874 4865 in
907 4827 969 4866 se
1000 4811 1310 4882 recepisse.

456 4899 510 4956 3.
543 4898 661 4955 Nos
690 4899 889 4971 itaque
920 4900 1086 4955 decet
1109 4898 1326 4954 divinis
1374 4898 1655 4955 inhaerere
1683 4899 1898 4971 verbis,
1934 4915 2037 4955 nec

454 5030 690 5088 ‘Eccle.
725 5049 796 5087 m
816 5033 908 5089 21.
967 5033 989 5066 ⁸
1040 5032 1326 5100 Joan.m,
1359 5033 1442 5087 13.
1496 5033 1712 5089 ‘Joan.
1788 5050 1868 5101 v1,
1967 5033 2058 5088 63.

456 5167 596 5239 (59')
629 5169 693 5222 In
720 5165 995 5239 Symbolo
1024 5184 1035 5220 :
1061 5168 1206 5221 Nam
1233 5168 1374 5222 sicut
1417 5169 1604 5224 anima
1659 5168 1958 5224 rationalis
1988 5175 2039 5222 et

386 5255 512 5294 caro
542 5255 684 5294 unus
716 5246 794 5293 est
826 5239 1004 5307 homo,
1037 5243 1147 5293 etc.

457 5311 568 5381 (60)
600 5308 809 5379 Αὐτῆς,
840 5311 1005 5364 deest
1037 5310 1092 5362 in
1129 5309 1360 5372 Seguer.

455 5377 1135 5452 (61)7Basil.VAnglic.Aet_
1169 5381 1430 5452 Seguer.,
1467 5377 1524 5434 δὲ
1552 5380 1642 5434 καὶ
1677 5379 1825 5452 ὑμῖν.
1864 5378 2039 5436 Paulo

383 5445 535 5524 post,
558 5445 651 5517 Sé,
685 5457 820 5508 ante
851 5445 946 5512 τάξ
983 5445 1276 5524 βεϐήλουςῖ
1303 5445 1464 5508 deest
1486 5453 1544 5508 in
1576 5445 1806 5524 Anglic.

479 5526 780 5605 (ἔζη-κιθεᾷ
799 5526 945 5605 σωθη
957 5523 1177 5605 σὸιμεθα.
1193 5525 1356 5605 Dlt.

480 5590 946 5668 62)'Bas‘iliensis
977 5590 1033 5650 et
1063 5596 1312 5668 Anglic.,
1348 5594 1434 5668 ἐὰν
1475 5590 1566 5668 οὖν
1600 5595 1859 5668 θεωρῆτε.

605 5669 867 5745 §eguer.,
903 5670 1097 5745 Σαφῶς
1130 5662 1192 5745 δέ
1214 5663 1444 5745 που-διὰ
1475 5662 1541 5733 δὴ
1575 5662 1805 5745 τούτων..

481 5671 551 5723 63
605 5671 867 5740 Seguer.,
903 5671 1097 5745 Σαφῶς
1130 5671 1186 5721 δέ
1214 5685 1320 5718 που
1354 5671 1444 5719 διὰ
1475 5671 1541 5733 δὴ
1575 5671 1805 5721 τούτων.

461 5671 574 5812 (64)
610 5739 974 5808 Basiliensis,
1023 5739 1278 5812 Anglia,
1311 5738 1577 5810 Seguer.,
1614 5735 1748 5792 κατὰ
1775 5735 2043 5794 Ἀπὸστο-

2145 4714 2468 4788 ταὸεϐηκὼς
2517 4715 2569 4788 ἐξ
2619 4717 2852 4794 ούρανοῦ
2899 4718 3026 4779 Υἱὸς
3076 4718 3388 4791 ἀνθρώπου,
3432 4718 3562 4775 ἀλλ’
3609 4718 3668 4774 tu.
3695 4726 3803 4794 γῆς

2149 4808 2401 4880 ἀναστὰς,
2435 4804 2723 4877 ὑπεδέξατο
2753 4809 2866 4881 (67)
2893 4808 2986 4861 τὸν
3018 4805 3068 4879 te
3102 4805 3334 4882 ούρανοῦ
3362 4807 3515 4864 Θεόν.

2216 4898 2272 4952 2.
2321 4897 2496 4968 Ἣμᾶς
2550 4893 2641 4950 οὖν
2668 4895 2852 4957 καλῶς
2905 4894 3019 4971 ἔχει
3069 4900 3186 4958 τοῖς
3236 4895 3399 4960 θείοις
3447 4893 3668 4961 ἔπεσθαι
3703 4897 3800 4974 ῥή-

2115 5033 2136 5068 ⁶
2212 5032 2356 5088 ibid.
2431 5031 2693 5100 51,53.⁸
2769 5030 3020 5103 Philipp.
3099 5047 3161 5100 ιι,
3217 5031 3272 5087 7.
3325 5032 3346 5068 ⁹
3416 5032 3589 5089 Joan.
3642 5050 3680 5089 ι.
3716 5035 3801 5089 it.

2151 5164 2269 5220 λον.
2306 5165 2482 5230 Editi,
2515 5165 2650 5218 κατὰ
2682 5161 2925 5220 Παῦλον.

2223 5235 2854 5308 (65)Βοευοι·.,ίαύτῶν.
2892 5237 3049 5293 Infra
3105 5235 3450 5308 Gobler._et
3501 5237 3647 5292 Felc.
3681 5236 3802 5308 pri-

2151 5306 2306 5374 mus,
2339 5306 2744 5379 ἀπολιπομένη.
2781 5310 2908 5365 Mox
2931 5309 3193 5379 Seguer.,
3227 5306 3477 5379 Anglic.,
3510 5306 3805 5364 Goble_r.et

2150 5381 2301 5456 Felc.
2339 5384 2387 5449 1,
2419 5388 2517 5456 τῆς
2555 5380 2699 5456 θείας
2731 5381 2982 5456 χάριτος.
3016 5379 3170 5436 Editi
3201 5386 3259 5436 et
3305 5379 3506 5436 Caeteri
3537 5395 3804 5436 manusc.

2149 5452 2325 5538 male,
2356 5458 2454 5538 τῆς
2487 5452 3025 5538 άληθεςαςξχάριτος.

2221 5526 2328 5596 (66)
2372 5517 2458 5580 Ita
2493 5517 2633 5597 mss.
2669 5517 2820 5581 Εάὶὶῖ
2855 5517 3075 5592 autem,
3110 5517 3236 5597 ἔφη.

2223 5588 2332 5664 (67)
2392 5596 2698 5664 Basilicus,
2725 5602 2784 5652 et
2843 5588 3114 5667 Segusr),
3153 5588 3438 5662 amatam,
3486 5609 3616 5665 qua:
3641 5592 3810 5650 lectio

2153 5684 2269 5724 non
2311 5670 2658 5740 spernenda.
