4136 6376
262 420 340 483 93
1367 417 1467 479 DE
1511 417 2100 480 INCARNATIONE
2143 418 2273 477 DEI
2317 420 2580 482 VERBI.
3602 417 3683 482 94

273 573 421 626 μασι,
482 551 572 605 καὶ
630 552 703 624 μὴ
762 550 1046 625 λογισμῶν
1105 549 1422 625 γυμνασίαις
1479 548 1799 625 προδιδόναι
1854 550 1920 605 τὰ

2042 551 2467 607 ratiociniorum
2531 552 3033 625 disputationibus
3092 553 3191 607 illa
3250 555 3515 625 prodere,
3550 567 3683 623 quae

271 645 455 719 σαφῶς
508 639 679 701 οὕτως
729 640 1124 715 κεκηρυγμένα.
1173 641 1291 695 ”Οτ’
1339 638 1397 694 ἂν
1449 638 1539 693 οὖν
1595 639 1757 713 μόνον
1808 635 1920 693 ἕτε-

272 750 362 804 ρον
398 733 511 803 (68)
552 729 831 805 ἄνθρωπον
883 727 1113 804 λέγωσιν
1157 729 1207 782 οἱ
1236 734 1333 783 τοῦ
1384 730 1765 800 Σαμοσατέως,
1806 726 1920 784 ἓτε-

273 839 363 892 ρον
401 816 459 873 δὶ
487 819 575 872 τὸν
610 820 760 890 Θεὸν,
795 820 869 891 μὴ
921 816 1381 893 παραδεχώμεθα.
1418 818 1479 872 El
1528 819 1630 893 γὰρ
1680 820 1768 872 καὶ
1796 819 1919 871 Θεὸν

272 906 492 963 ἐνοικεῖν
550 907 600 962 ἰν
649 912 727 978 τῷ
776 907 1041 983 ἀνθρώπῳ
1088 905 1318 982 λέγοιεν,
1354 908 1428 979 μή
1461 905 1918 982 παραδεχώμθω

271 997 471 1052 ἰνοικεῖ
521 994 578 1051 δὲ
629 997 679 1051 ἐν
724 999 882 1069 ἡμῖν,
934 997 1112 1057 καθὼς
1155 998 1487 1072 γέγραπται·
1547 1022 1565 1046 α
1621 998 1921 1065 Ἐνοικήσω

269 1086 321 1140 ἐν
374 1085 558 1147 αὐτοῖς
609 1085 697 1140 καὶ
752 1085 1199 1161 ἐμπεριπατήσω.
1255 1109 1283 1135 ››
1329 1084 1493 1140 Οὐδὲν
1541 1084 1630 1139 οὖν
1684 1083 1920 1163 διαφέρει

271 1177 437 1248 ἡμῶν
466 1176 577 1248 (69)
608 1176 743 1229 κατὰ
789 1176 879 1229 τὸν
929 1174 1103 1228 αὐτῶν
1160 1172 1343 1250 λόγον·
1384 1174 1508 1229 ὥστ’
1557 1175 1601 1228 εί
1644 1196 1922 1249 συμπροσ-

270 1269 446 1326 κυνεῖς
490 1264 579 1318 τὸν
632 1260 913 1338 ἄνθρωπον
962 1262 1042 1335 τῷ
1086 1268 1202 1335 Θεῷ
1256 1264 1412 1339 Λόγῳ
1461 1265 1597 1318 κατὰ
1641 1266 1739 1332 τὴν
1784 1263 1921 1319 ἧνοί-

274 1374 458 1423 κησιν,
510 1352 910 1427 συμπροσκῦνει
959 1359 1049 1406 καὶ
1099 1358 1216 1414 τοῖς
1267 1354 1439 1428 ἁγίοις
1499 1351 1587 1407 διὰ
1641 1354 1732 1407 τὸν
1788 1354 1926 1408 ἐνοι-

274 1446 473 1496 κοῦντα
523 1441 572 1495 ἐν
629 1441 835 1498 αὐτοῖς.
872 1441 973 1497 Καὶ
1020 1446 1138 1503 πῶς
1188 1442 1286 1496 οὐκ
1332 1440 1530 1497 ἄτοπον
1568 1461 1580 1511 ;
1614 1445 1683 1497 Τὸ
1734 1441 1790 1497 Si
1836 1442 1925 1497 καὶ

276 1532 383 1604 πρὸ
417 1530 569 1605 ἁγίου
608 1530 943 1602 ῐΙνεύματος,
973 1529 1215 1584 τουτέστι
1265 1532 1371 1606 πρὸ
1418 1536 1572 1600 Θεοῦ,
1608 1529 1924 1605 δοξασθῆναι

278 1620 560 1693 ἄνθρωπον
619 1626 721 1687 τῆς
777 1618 1015 1694 ἐσχάτης
1070 1619 1209 1674 ἐστὶν
1271 1616 1534 1682 ἀσεϐείας.
1596 1622 1786 1694 Ἡμεῖς
1835 1620 1925 1675 οὗν

275 1711 352 1779 τῷ
384 1711 659 1779 ΙΙνευματι
714 1708 868 1774 Θεὸν,
897 1708 986 1761 καὶ
1042 1710 1328 1781 ἄνθρωπον
1372 1713 1441 1782 τῇ
1496 1710 1651 1783 σαρκὶ
1682 1712 1774 1764 τὸν
1822 1711 1928 1765 Κύ-

276 1816 390 1869 ριον
445 1799 605 1869 ἡμῶν
662 1798 797 1851 εἶναι
845 1796 1294 1869 πεπιστεύκαμεν,
1345 1798 1441 1852 κᾶν
1490 1798 1833 1873 χλευάζωσιν
1877 1801 1929 1853 οἱ

275 1884 489 1939 ἄπιστοι
542 1887 640 1955 τὴν
692 1886 752 1941 ἐκ
798 1887 1050 1962 γυναικὸς
1098 1885 1366 1962 γέννησιν,
1406 1894 1504 1956 τῆς
1554 1889 1748 1963 σαρκὸς
1797 1888 1926 1943 εἶναι
1959 1927 2006 1993 Β

354 1974 367 1993 ι
620 1974 634 1993 κ
739 1975 751 1993 ,
854 1982 881 1993 ..
976 1977 1000 1993 η
1050 1976 1062 1993 ι
1316 1983 1340 1993 -
1438 1978 1453 1993 κ
1571 1975 1598 1993 ν
1695 1979 1708 1993 .
1759 1981 1786 1993 ..
1839 1980 1863 1993 Α

271 1974 497 2045 ταύτην,
550 1974 636 2029 οιαὶ
697 1975 758 2029 οὐ
814 1982 916 2045 τῆς
975 1976 1254 2045 θεότητος.
1310 1978 1490 2049 Φαμὲν
1539 1975 1630 2031 οὗν
1681 1979 1924 2047 ἡνῶσθαι

275 2067 343 2137 τῇ
372 2063 527 2138 σαρκὶ
572 2065 664 2118 τὸν
718 2065 865 2133 Θεὸν,
897 2064 987 2118 καὶ
1036 2066 1172 2119 κατὰ
1216 2063 1377 2121 τοῦτο
1419 2066 1479 2120 ἐκ
1523 2067 1779 2141 γυναικὸς
1826 2088 1924 2121 πε-

276 2150 534 2222 πλάσθαι,
584 2154 673 2207 καὶ
719 2155 1087 2230 γεγεννῆσθαι,
1136 2152 1226 2209 ἕνα
1268 2150 1416 2224 ὄντα,
1466 2155 1541 2209 ὡς
1592 2156 1619 2209 6
1663 2155 1925 2210 Ἀπόστο-

279 2241 375 2304 λος
408 2240 663 2313 ἐδίδαξεν*
706 2268 733 2295 ‹‹
767 2242 1167 2313 Ἐξαπὲστειλεν
1204 2244 1231 2297 6
1264 2245 1393 2307 Θεὸς
1436 2246 1527 2299 τὸν
1570 2245 1690 2299 ria»
1738 2244 1925 2318 αὐτοῦ,

276 2332 618 2405 γεννώμενον
665 2331 724 2387 ἐκ
773 2332 1052 2407 γυναικὸς,
1098 2334 1393 2409 γενόμενον
1440 2337 1548 2407 (70)
1601 2335 1703 2389 ὑπὸ
1733 2333 1924 2407 νόμον,

271 2418 361 2474 ἵνα
417 2420 542 2482 τοὺς
601 2421 706 2475 ὑπὸ
758 2421 928 2493 νόμον
987 2420 1279 2497 ἰξαγοράσῃ
1322 2467 1335 2479 .
1396 2448 1423 2474 ››
1485 2422 1581 2476 Καὶ
1636 2423 1729 2477 τὸν
1787 2425 1929 2477 Θεῖον

277 2509 501 2583 σταυρὸν
535 2508 895 2583 χλευάζουσιν
942 2509 1153 2581 ὁμοίως
1196 2508 1488 2579 Ἕλλησιν.
1521 2516 1707 2584 Ἡμεῖς
1742 2509 1800 2566 δὲ
1826 2518 1925 2581 τῆς

278 2598 473 2671 σαρκὸς
521 2593 695 2653 ἕνεκεν
746 2598 936 2651 τοῦτόν
983 2620 1155 2674 φαμεν
1191 2643 1207 2669 ,
1259 2598 1319 2653 οὔ
1369 2599 1783 2675 κεχωρισμένης
1831 2604 1928 2656 τοῦ

280 2688 439 2753 Θεοῦ,
470 2682 585 2738 οὐδ’
618 2684 691 2746 εἷς
748 2682 929 2761 ἕτερον
978 2686 1269 2759 πρόσωπον
1322 2685 1680 2762 διῃρημένης·
1714 2688 1777 2742 οὐ
1824 2689 1927 2763 γὰρ

280 2771 502 2828 δυνατὸν
536 2775 671 2828 εἴναι
703 2772 902 2848 Κύριον
923 2782 1024 2844 τῆς
1058 2772 1217 2845 δόξης
1240 2774 1400 2849 ψιλὸν
1428 2776 1731 2851 ἄνθρωπον·
1768 2801 1795 2828 ‹‹
1820 2779 1876 2830 '0
1902 2802 1922 2829 ιι

280 2858 338 2915 δὲ
368 2887 395 2913 ››
442 2863 637 2937 Κύριος
688 2867 796 2917 τῶν
846 2861 1143 2935 δυνάμεων,
1194 2863 1355 2926 αὐτός
1405 2864 1544 2919 ἐστιν
1596 2867 1623 2920 6
1676 2865 1930 2941 βασιλεὺς

280 2956 381 3019 τῆς
414 2947 597 3021 δόξης’
635 2975 656 3002 ι)
694 2950 891 3027 Κύριον
922 2955 1028 3005 τῶν
1076 2948 1358 3025 δυνάμεων
1391 2948 1724 3030 φοϐούμενοι
1757 2952 1932 3030 λέγειν

284 3040 565 3114 ἄνθρωπον
600 3042 712 3113 (71)
740 3041 832 3095 τὸν
862 3041 961 3108 τήν
1013 3039 1178 3109 αὐτὴν
1227 3044 1362 3114 ἡμῖν
1400 3039 1599 3117 ἔχοντα
1629 3044 1807 3120 φύσιν,
1841 3043 1930 3098 καὶ

288 3134 473 3203 μεῖζον
532 3127 725 3202 οὐδὶν,
784 3131 909 3186 Θεὸν
962 3129 1098 3184 κατὰ
1150 3131 1249 3199 τὴν
1309 3129 1683 3200 ἁποστῡλικὴν
1742 3134 1927 3209 φωνὴν

278 3217 666 3293 ὁμολογοῦμεν
716 3220 853 3273 εἶναι
900 3218 990 3274 τὸν
1042 3218 1244 3294 Κύριον
1276 3226 1376 3289 τῆς
1427 3217 1586 3290 δόξης
1614 3220 1706 3274 τὸν
1740 3219 1930 3275 ἐσταυ-

2032 640 2201 694 nobis
2233 640 2312 694 ita
2343 642 2649 697 manifeste
2708 643 3017 714 praedicata
3067 647 3226 697 sunt.
3284 648 3422 697 Cum
3480 642 3680 713 itaque

2032 729 2462 785 Samosatensis
2493 748 2773 802 sequaces
2807 733 2972 787 nobis
3006 731 3275 799 dixerint,
3300 731 3551 786 alterum
3572 730 3677 785 ho-

2034 817 2249 872 minem
2282 820 2587 883 duntaxat,
2620 821 2867 875 alterum
2900 821 3084 875 Deum
3108 836 3257 884 esse,
3292 836 3362 874 ne
3412 819 3543 873 illos
3574 819 3679 873 ad-

2034 908 2359 962 mittamus.
2417 911 2537 964 lmo
2597 911 2705 965 etsi
2738 910 2990 964 dixerint
3020 915 3198 964 Deum
3231 908 3289 962 in
3322 908 3558 962 homine
3590 907 3685 961 in—

2034 995 2320 1067 habitare,
2352 1014 2421 1052 ne
2454 998 2808 1069 recipiamus
2839 1016 2939 1053 eos
2976 1017 2987 1053 :
3032 997 3320 1052 inhabitat
3352 998 3507 1052 enim
3538 1000 3595 1050 et
3622 994 3683 1049 in

2036 1086 2225 1154 nobis,
2265 1091 2327 1140 ut
2374 1088 2660 1157 scripturn
2719 1092 2807 1143 est
2842 1104 2855 1141 :
2885 1109 2911 1136 ‹‹
2962 1086 3307 1142 Inhabitabo
3363 1086 3420 1139 in
3479 1084 3597 1139 illis
3628 1087 3685 1139 et

2033 1174 2416 1230 inambulabo
2446 1177 2506 1227 ιο.
2548 1200 2566 1225 η
2605 1182 2747 1247 Ergo
2779 1194 2847 1232 ex
2871 1176 3106 1231 illorum
3138 1174 3509 1231 sententiain
3528 1172 3689 1227 nullo

2035 1279 2069 1317 a
2100 1263 2269 1317 nobis
2328 1263 2597 1319 Christus
2656 1266 2889 1333 differt;
2921 1266 3002 1319 ita
3033 1271 3096 1319 ut
3144 1265 3191 1318 si
3224 1264 3521 1318 hominem
3556 1278 3690 1317 cum

2036 1356 2149 1406 Deo
2209 1353 2396 1407 Verbo
2428 1353 2606 1409 simul
2649 1355 2856 1409 adores
2914 1359 3152 1425 propter
3182 1355 3277 1409 27
3314 1351 3692 1407 inbabitatio-

2037 1456 2193 1511 nem,
2228 1443 2400 1496 adora
2432 1460 2665 1514 quoque
2689 1448 2923 1499 sanctos
2983 1448 3217 1517 propter
3264 1458 3396 1497 eum
3468 1440 3567 1511 qui
3627 1439 3688 1494 in

2038 1529 2157 1585 illis
2187 1530 2811 1597 inhabitat.0uomodo
2846 1532 2985 1587 illud
3022 1531 3345 1587 absurdum
3395 1547 3510 1585 non
3561 1529 3684 1583 fue-

2038 1618 2115 1673 rit
2135 1619 2365 1674 ?Dicere
2386 1621 2909 1690 autem,h0minem
2926 1626 3062 1676 ante
3084 1619 3365 1692 Spiritum
3389 1622 3685 1683 sanctum,

2037 1707 2096 1763 id
2128 1713 2215 1763 est
2245 1714 2379 1763 ante
2412 1714 2611 1776 Deum,
2645 1709 3036 1781 glorificatum
3071 1710 3269 1779 fuisse,
3303 1713 3571 1763 extremae
3603 1710 3694 1761 est

2040 1798 2383 1869 impietatis.
2416 1798 2532 1853 Nos
2564 1798 2761 1869 itaque
2810 1798 3029 1869 Spiritu
3068 1800 3245 1854 Deum
3306 1800 3362 1852 et
3394 1812 3567 1851 carne
3592 1795 3692 1850 h0-

2040 1886 2604 1957 minem,Dominum
2648 1895 2910 1942 nostrum
2947 1904 3076 1943 esse
3108 1887 3427 1956 credimus,
3459 1884 3693 1941 etiamsi

2036 1974 2320 2031 increduli
2355 1975 2441 2030 illi
2500 1978 2934 2048 generationem
2986 1994 3053 2031 ex
3084 1975 3328 2031 muliere
3357 1974 3644 2029 irrideant
3676 1989 3691 2028 :

2038 2064 2173 2134 quia
2203 2065 2394 2120 carnis
2449 2065 2748 2137 generatio
2780 2065 2882 2120 illa
2939 2069 3049 2135 est,
3110 2081 3222 2119 non
3254 2063 3509 2120 deitatis.
3544 2061 3693 2117 Dici-

2037 2169 2171 2209 mus
2196 2153 2376 2225 igitur
2409 2156 2586 2210 Deum
2620 2155 2852 2210 unitum
2902 2170 3032 2210 esse
3089 2154 3274 2221 carni,
3332 2157 3387 2208 et
3444 2156 3689 2207 eatenus

2036 2257 2105 2296 ex
2136 2241 2379 2298 muliere
2408 2244 2775 2298 elformatum
2814 2244 3196 2316 genitumque
3227 2257 3376 2311 esse,
3408 2240 3489 2295 ita
3520 2245 3587 2294 ut
3616 2239 3694 2295 sit

2040 2346 2216 2397 unus,
2268 2335 2333 2386 ut
2379 2331 2693 2402 Apostolus
2744 2332 2976 2387 docuit:
3016 2352 3044 2381 «
3075 2330 3234 2386 Misit
3286 2332 3436 2384 Deus
3472 2327 3682 2382 Filium

2040 2435 2216 2475 suum
2252 2421 2469 2475 factum
2503 2437 2571 2476 ex
2603 2420 2848 2477 muliere
2880 2438 2893 2488 ;
2927 2421 3147 2475 factum
3178 2419 3287 2474 sub
3319 2417 3464 2490 lege,
3499 2420 3564 2471 ut
3593 2431 3692 2471 eos

2038 2508 2136 2579 qui
2168 2515 2276 2564 sub
2308 2509 2434 2582 lege
2466 2515 2635 2566 erant
2665 2510 2978 2565 redimeret
3013 2512 3078 2563 11.
3106 2532 3133 2558 ››
3165 2507 3424 2563 Divinam
3458 2520 3697 2577 quoque

2038 2612 2270 2652 crucem
2315 2599 2563 2654 irrident
2614 2600 2768 2653 haud
2829 2615 3000 2655 secus
3049 2614 3225 2669 quam
3280 2586 3546 2668 gentiles.
3578 2594 3695 2649 Nos

2040 2691 2233 2741 autem
2267 2686 2455 2758 ipsam
2491 2689 2871 2743 nominamus
2903 2688 3096 2743 carnis
3127 2686 3328 2757 gratia,
3364 2701 3491 2755 quae
3523 2698 3627 2737 nec
3660 2699 3693 2737 a

2038 2774 2156 2829 Deo
2188 2781 2513 2846 segregata,
2548 2793 2653 2831 nec
2684 2776 2742 2830 in
2793 2775 2968 2831 aliam
2999 2791 3313 2847 personam
3345 2772 3531 2828 divisa
3562 2774 3688 2827 est:

2039 2862 2404 2934 impossibile
2442 2865 2599 2919 enim
2633 2869 2722 2920 est
2754 2865 3067 2920 Dominum
3099 2864 3293 2936 gloriae
3326 2863 3551 2917 nudum
3587 2860 3689 2915 ho-

2042 2951 2260 3006 minem
2294 2967 2457 3007 esse:
2494 2974 2521 3002 «
2555 2952 2861 3023 Dominus,
2888 2975 2916 3002 ››
2948 2958 3169 3017 autem,
3200 2952 3533 3005 «virtutum
3562 2948 3691 3020 ipse

2041 3044 2130 3097 est
2162 3041 2278 3096 Rex
2307 3040 2585 3113 gloriae”,
2611 3062 2638 3090 ››
2664 3057 2794 3096 cum
2824 3046 3158 3096 metuamus
3182 3039 3494 3095 Dominum
3515 3037 3695 3093 virtu-

2039 3132 2165 3183 tum
2194 3128 2384 3184 dicere
2412 3129 2735 3195 hominem,
2765 3130 3032 3184 eamdem
3064 3144 3128 3183 ac
3169 3144 3275 3182 nos
3306 3131 3575 3181 naturam
3611 3126 3694 3180 ni-

2042 3217 2242 3289 hilque
2304 3220 2500 3289 majus
2562 3217 3253 3273 babentem:Dominum
3287 3214 3482 3288 gloria:
3506 3213 3694 3269 cruci-

277 3305 546 3382 ρωμὲνον·
579 3306 668 3362 καὶ
698 3311 777 3379 τῷ
807 3311 1021 3383 σταυρῷ
1066 3308 1313 3382 τροπαίῳ
1362 3309 1631 3383 χρώμεθα
1657 3310 1792 3363 κατὰ
1835 3314 1928 3364 τοῦ

2046 3307 2249 3373 ﬁxum,
2302 3308 2469 3376 juxta
2499 3306 2880 3378 apostolicam
2913 3322 3131 3372 vocem,
3187 3307 3364 3360 Deum
3397 3320 3526 3360 esse
3555 3319 3694 3358 con-

275 3390 560 3451 διαϐόλοψ
591 3397 680 3451 καὶ
711 3398 746 3466 ἡ
794 3396 1023 3475 σφραγὶς
1067 3399 1228 3469 ἡμῶν
1276 3402 1371 3473 τοῦ
1423 3400 1660 3469 Χριστοῦ
1702 3396 1929 3472 δύναμίς

274 3483 414 3539 ἐστιν
449 3485 524 3546 εἷς
579 3485 869 3559 σωτηρίαν.
922 3485 1021 3542 Καὶ
1070 3490 1148 3557 τῷ
1197 3492 1413 3561 Χριστῷ
1464 3492 1926 3565 συνεσταυρῶσθαι

270 3578 431 3628 τοῦτο
463 3577 734 3650 σωτήριον
775 3574 909 3650 ὑπὲρ
965 3573 1131 3647 νόμον
1175 3575 1263 3629 καὶ
1294 3575 1392 3643 τὴν
1424 3574 1483 3629 ἐκ
1510 3575 1685 3649 νόμου
1722 3574 1929 3631 δικαιο-

272 3662 463 3733 σύνην,
517 3667 680 3717 τοῦτο
725 3664 931 3740 ἁγιάζει
964 3665 1054 3717 τὸν
1100 3663 1335 3736 κόσμον.
1378 3663 1474 3717 Καὶ
1525 3662 1612 3719 διὰ
1658 3670 1817 3719 τοῦτο
1850 3667 1927 3728 εἷς

269 3751 361 3806 τὸν
413 3750 636 3807 θάνατον
689 3750 852 3806 αὐτοῦ
898 3751 1289 3828 βαπτιζόμεθα,
1340 3747 1421 3806 ὅτι
1457 3755 1485 3808 6
1518 3754 1743 3817 θάνατος
1792 3754 1926 3809 ὲκεί-

272 3860 365 3893 νου
396 3840 503 3915 οὐχ
536 3840 806 3914 ἅμαρυίας
836 3843 901 3909 ἧν
950 3839 1248 3914 ἐπιτίμιον,
1282 3838 1407 3895 οὐδὲ
1454 3841 1566 3903 ἴσος
1595 3847 1673 3914 τῷ
1719 3844 1927 3915 Θανάτῳ

272 3932 370 3983 τοῦ
404 3926 597 4000 Ἀδάμ·
631 3926 779 3985 ἄλλὰ
808 3928 1071 4005 λυτήριος
1117 3936 1217 3994 τῆς
1250 3930 1538 4005 ἁμαρτίας,
1571 3930 1661 3986 καὶ
1709 3937 1806 3986 τοῦ
1840 3930 1928 3986 διὰ

273 4016 477 4087 ταύτην
507 4017 754 4080 θανάτου.

352 4195 403 4250 4.
440 4195 613 4271 Σαφὶς
644 4192 821 4247 τοίνυν
854 4191 917 4247 τὸ
954 4195 1215 4268 κήρυγμα
1242 4197 1350 4247 τῶν
1401 4193 1723 4249 ἀποστόλων
1758 4194 1927 4251 ἐκκεί-

277 4283 408 4351 σθω,
456 4282 693 4358 καθάπερ
743 4281 1042 4357 βούλεσθε,
1094 4280 1225 4355 ὅπερ
1275 4282 1365 4337 καὶ
1412 4284 1559 4359 παρὰ
1603 4287 1711 4338 τῶν
1764 4285 1925 4360 ἁγίων

274 4369 521 4448 πατέρων
576 4369 961 4447 παραδέδοται·
1022 4371 1147 4447 περὶ
1206 4372 1300 4444 μὶν
1358 4378 1457 4441 τῆς
1510 4372 1785 4447 Θεότητος,
1845 4373 1928 4430 ὅτι

279 4460 377 4534 μία
409 4460 565 4538 φύσις
616 4463 650 4530 ἡ
692 4462 874 4537 Τριὰς,
922 4462 1012 4516 καὶ
1056 4461 1191 4515 κατὰ
1237 4465 1396 4515 τοῦτο
1450 4461 1571 4534 μίαν
1606 4462 1786 4519 οὐσίαν
1814 4467 1928 4538 (72)

274 4550 364 4604 καὶ
404 4550 460 4604 αἱ
508 4553 597 4604 νῦν
649 4547 865 4605 σύνοδοι
912 4552 1206 4628 γράφουσιν
1250 4550 1652 4615 ἀποστολιιιῶς·
1683 4554 1711 4607 ὁ
1744 4551 1802 4608 δὲ
1830 4559 1927 4608 τοῦ

2039 3396 2276 3451 ﬁtemur
2311 3412 2323 3450 :
2358 3412 2423 3450 ac
2455 3411 2645 3461 cruce,
2680 3396 2836 3449 velut
2882 3400 3120 3465 tropaeo,
3182 3394 3463 3449 adversus
3495 3391 3694 3446 diabo-

2039 3484 2162 3539 lum
2196 3484 2456 3539 utimur:
2494 3483 2877 3555 sigillumque
2910 3486 3182 3538 nostrum
3212 3486 3302 3536 est
3330 3479 3547 3537 Christi
3580 3479 3690 3535 vir-

2036 3578 2134 3629 tus
2166 3574 2224 3628 in
2257 3573 2527 3628 salutem.
2563 3576 2642 3627 Ac
2672 3588 2806 3627 cum
2839 3571 3068 3627 Christo
3093 3569 3355 3641 cruciﬁgi
3391 3569 3497 3624 hoc
3528 3570 3692 3623 salu-

2038 3668 2162 3719 tare
2192 3664 2624 3734 est,plusquam
2655 3661 2765 3728 lex,
2802 3665 2858 3715 et
2887 3660 3207 3733 plusquam
3229 3658 3467 3728 justitia
3498 3656 3643 3730 legis
3676 3673 3690 3711 :

2038 3753 2151 3808 hoc
2204 3753 2493 3807 mundum
2555 3751 2903 3806 sanctiﬁcat.
2945 3752 3133 3821 Atque
3164 3750 3293 3803 ideo
3352 3748 3409 3802 in
3445 3751 3693 3802 mortem

2040 3843 2168 3912 ejus
2218 3842 2606 3913 baptizamur,
2645 3839 2785 3912 quia
2844 3854 3003 3893 mors
3039 3838 3196 3892 illius
3227 3854 3342 3893 non
3375 3841 3497 3891 erat
3528 3851 3699 3906 poena

2038 3930 2283 4004 peccati,
2339 3946 2525 4001 neque
2581 3929 2798 3984 similis
2830 3934 2954 3983 erat
2984 3925 3155 3982 morti
3190 3925 3401 3981 Adami
3434 3925 3573 3993 ;sed
3608 3940 3699 3979 re-

2039 4020 2298 4092 demptio
2321 4025 2446 4074 erat
2474 4022 2758 4090 apeccato
2780 4022 2838 4073 et
2869 4035 2902 4073 a
2924 4022 3113 4072 morte
3143 4032 3244 4088 per
3273 4018 3575 4087 peccatum
3607 4012 3698 4067 in-

2040 4110 2239 4165 ducta.

2112 4199 2163 4253 4.
2221 4200 2433 4269 Aperte
2488 4196 2670 4269 igitur
2722 4194 3119 4267 apostolorum
3162 4190 3495 4265 praedicatio
3518 4206 3693 4262 expo-

2040 4292 2312 4354 natur,ut
2342 4286 2454 4358 ipsi
2489 4284 2822 4355 vultis,quaa
2857 4282 3123 4339 asanctis
3158 4297 3392 4353 quoque
3423 4279 3695 4335 Patribus

2038 4377 2255 4431 tradita
2295 4381 2383 4431 est
2409 4392 2421 4429 ε
2456 4376 2527 4430 de
2548 4375 2762 4430 deitate
2788 4371 3211 4445 quidem,qu0d
3245 4370 3503 4425 Trinitas
3526 4369 3700 4424 unica

2039 4465 2117 4521 sit
2149 4470 2398 4520 natura:
2436 4482 2553 4536 qua
2613 4462 2905 4519 sententia
2953 4461 3133 4529 hujus
3181 4459 3467 4530 temporis
3488 4459 3700 4531 synodi

2040 4572 2219 4611 unam
2252 4570 2381 4609 esse
2439 4554 2831 4608 substantiam
2882 4549 3199 4622 apostolica
3242 4548 3531 4603 scribunt.
3558 4547 3702 4602 Ver—

275 4642 411 4693 Θεοῦ
462 4638 641 4714 Λόγος
692 4636 1035 4715 δημιουργὸς
1082 4643 1188 4693 τῶν
1242 4638 1507 4712 ἁπάντων,
1548 4641 1684 4716 πρὸς
1736 4642 1927 4715 ὁμοιό-

2042 4645 2182 4701 bum
2216 4648 2411 4699 autem
2436 4641 2791 4709 Dei,creat0r
2811 4656 2945 4695 curn
2978 4638 3056 4694 sit
3086 4637 3695 4709 omnium,postquam

272 4747 413 4797 τητα
459 4728 558 4797 τὴν
608 4727 800 4783 ἑαυτοῦ
848 4728 1033 4789 κτίσας
1074 4729 1164 4781 τὸν
1218 4724 1502 4803 ἄνθρωπον
1533 4726 1584 4799 ἐξ
1615 4728 1818 4805 ἀρχῆς,
1852 4731 1930 4795 εἰς

2043 4735 2115 4791 ab
2139 4732 2305 4788 initio
2338 4731 2637 4787 hominem
2670 4730 2739 4785 ad
2765 4727 3217 4785 similitudinem
3249 4742 3419 4782 suam
3451 4725 3694 4794 creavit,

351 4854 396 4893 ι’
428 4855 608 4910 Levit.
640 4871 797 4924 xxvr,
832 4856 918 4909 12.
950 4854 992 4890 ¹¹
1016 4854 1206 4910 Galat.
1240 4870 1316 4920 ιν,
1350 4855 1404 4924 4,
1435 4855 1472 4908 5
1502 4855 1548 4890 ¹²
1582 4855 1734 4913 Psal.
1766 4875 1929 4926 χχιιι,
1964 4860 2049 4915 10.

351 5014 464 5085 (68)
495 5015 878 5088 8ᾗοβθςιιθικ,
903 5013 1153 5088 Anglic.,
1181 5012 1476 5088 Gobler.et
1508 5016 1655 5072 Felc.
1691 5018 1741 5071 1.
1776 5017 1926 5073 Editi

276 5090 333 5161 et
361 5084 574 5161 caeteri,
595 5084 780 5161 ἕτερον
812 5084 1068 5157 μόνον.Ϊο
1096 5087 1248 5161 hunc
1278 5085 1472 5161 locum
1504 5089 1574 5143 ad
1601 5089 1926 5161 marginem

276 5154 582 5232 Basilicus.
616 5154 737 5214 haec
768 5154 1079 5232 leguntur,
1130 5154 1211 5210 ὅτι
1270 5156 1418 5232 ἀρχὴ
1476 5161 1574 5226 τῆς
1600 5231 1605 5232 γ
1636 5154 1926 5232 Νεστορίου

276 5176 582 5213 Dasulens.
617 5176 737 5214 haec
768 5176 1065 5232 leguntur,
1130 5176 1211 5210 οτι
1270 5176 1335 5230 αρ
1385 5178 1418 5225 η
1476 5178 1574 5226 της
1636 5176 1926 5232 met-opma

274 5228 529 5301 αἱρέσεως
560 5229 587 5282 ὁ
622 5228 988 5301 Σαμοσατεύς.
1024 5230 1084 5284 Id
1140 5233 1231 5285 est
1263 5246 1275 5284 :
1308 5176 1544 5287 Dxestorii
1589 5231 1785 5288 haeresi
1814 5236 1927 5289 ini-

274 5302 591 5374 tiumﬁqdedit
623 5303 1045 5359 Samosatensis.
1077 5302 1148 5356 Et
1186 5318 1327 5357 sane
1359 5302 1452 5357 hic
1482 5303 1784 5374 ipsissima
1815 5306 1928 5361 Ne-

276 5372 442 5427 storii
474 5380 852 5446 oppugnatur
882 5374 1143 5446 haeresis,
1180 5378 1243 5428 ut
1274 5390 1445 5429 nemo
1477 5372 1591 5431 non
1623 5376 1800 5432 videt.
1836 5379 1927 5433 In-

274 5446 361 5499 fra
390 5442 895 5517 ΑῠςῘὶ-ϐ..’ἐνοικεῖν
927 5442 983 5499 δὲ
1006 5443 1055 5499 ἐν
1089 5446 1247 5516 ἡμῖν.

274 5517 469 5640 δῑέῗεέζ
489 5515 685 5589 Angl.,
715 5519 882 5590 ἡμᾶς.
946 5519 1101 5573 Infra
1130 5515 1392 5589 Seguer.,
1444 5515 1532 5569 καὶ
1562 5515 1689 5578 τοὺς
1740 5516 1928 5591 ἁγίους

311 5606 364 5639 ια
379 5606 494 5644 τον,

346 5661 460 5731 (70)
512 5657 824 5731 Γενόμενον.
886 5661 979 5718 Sio
1036 5658 1248 5730 legitur
1312 5659 1373 5713 in
1426 5676 1568 5717 mss.
1629 5661 1926 5727 omnibus,

274 5730 486 5802 praeter
518 5730 888 5788 Felckmanni
922 5734 974 5787 1.
1008 5733 1070 5787 In
1102 5730 1459 5801 quibusdam
1493 5732 1752 5804 antiquis
1776 5732 1926 5789 Seri-

2084 5023 2228 5074 tura
2259 5014 2928 5088 exemplaribusqhaberi
2973 5014 3337 5088 γεννώμενον,
3371 5010 3701 5088 observavit

2093 5091 2186 5145 ob.
2220 5086 2576 5161 Stephanus.
2611 5086 2862 5161 Vulgata
2895 5086 3086 5153 habet,
3134 5090 3375 5157 factum,
3408 5088 3465 5138 et
3497 5087 3690 5137 textus

2039 5164 2270 5218 Graecus
2306 5160 2597 5233 vulgaris,
2620 5160 2932 5233 γενόμενον.
3109 5228 3118 5233 _
3245 5226 3277 5233 Α
3327 5224 3378 5233 Η
3456 5222 3467 5231 .

2110 5234 2222 5358 S71)
2272 5224 2456 5307 Αέγεῖν
2516 5224 2820 5303 ἄνθρωπον.
2882 5233 3051 5284 Deest
3106 5228 3164 5281 in
3215 5224 3585 5307 .Gobleriano
3640 5226 3698 5279 et

2040 5305 2112 5359 Fe
2140 5307 2292 5359 ckm.
2324 5306 2373 5359 1.
2410 5320 2513 5359 nec
2543 5303 2760 5358 lectum
2814 5306 2902 5357 est
2950 5318 2982 5355 a
3038 5300 3286 5353 Nannio.
3322 5294 3498 5350 Paulo
3533 5298 3691 5359 post,

2043 5311 2292 5360 Felckm.
2324 5311 2373 5374 1,
2410 5320 2513 5359 nec
2543 5311 2760 5358 lectum
2814 5311 2902 5357 est
2950 5318 2982 5355 a
3039 5311 3286 5353 Nannio.
3322 5311 3498 5350 Paulo
3531 5311 3691 5365 post,

2039 5377 2243 5453 φωνήν,
2286 5378 2450 5453 deest
2480 5375 2926 5453 in_Basi_lie_nsi._
3035 5441 3065 5453 μ
3298 5442 3335 5453 ἢ
3418 5435 3463 5453 ‘7

2109 5435 2240 5520 (72f
2280 5446 2515 5520 Οὐσίαν.Δ
2554 5450 2721 5501 Deest
2758 5444 2836 5520 _in
2874 5441 3240 5520 _Angl_ican0._
3295 5435 3497 5520 Panulo
3533 5438 3691 5520 post,

2037 5508 2294 5589 δθὲυέῐκ,
2355 5515 2814 5589 ὁμοιότητα
2871 5508 3082 5589 {aurci},
3129 5515 3304 5589 recte,
3355 5508 3587 5589 Gobler.
3629 5509 3688 5586 et

2040 5580 2743 5662 Εϐἶοτῌὸμοιότηταμτήν
2771 5580 2824 5654 ἐξ
2882 5584 3093 5637 ὶαυτοῦ.
3154 5580 3303 5635 Editi
3364 5583 3422 5633 et
3471 5580 3685 5644 caeteri,

2038 5656 2358 5734 ὁμοιότητα
2373 5662 2472 5728 τὴν
2505 5658 2554 5729 ἐξ
2583 5656 2771 5713 αὐτοῦ.
