4136 6390
431 395 510 457 95
1601 388 1667 451 S.
1710 385 2267 452 ATHANASIUS..
2301 416 2380 434 —
2407 385 2674 450 DUBIA.
3765 382 3853 446 96

434 529 508 586 ad
540 528 992 585 similitudinem
1018 543 1255 600 quoque
1284 542 1454 583 suam
1483 525 1652 580 illum
1686 523 1968 590 restituit,
1998 521 2078 578 si-
2105 537 2124 589 Α

2193 518 2458 594 ὁμοίωσιν
2486 522 2586 589 τὴν
2615 519 2752 594 πρός
2797 517 2957 574 αὐτὸν
3008 517 3260 594 ἆπανάγει
3310 513 3501 583 πάλιν,
3541 515 3845 589 ὁμοιωθιὶς

435 618 574 675 mile
607 617 823 674 factum
882 618 1042 690 operi
1075 634 1206 685 suo,
1242 616 1380 689 quia
1417 633 1487 672 ex
1518 619 1723 672 sancta
1752 617 1809 670 et
1838 612 2084 684 Deipara

434 709 616 764 Maria
643 709 880 780 Virgine
900 723 1136 762 carnem
1158 705 1686 778 sumpsit,ethomo
1719 705 1937 758 factum
1970 706 2079 768 est,

433 813 681 854 manens
712 802 906 852 tamen
943 801 1184 862 Deus,ut
1213 795 1567 861 homines,et
1596 794 1645 849 si
1665 792 1933 848 homines
1956 806 2079 845 ma-

431 888 631 950 neant,
664 884 804 939 deos
836 883 1110 939 efﬁceret.
1145 882 1387 954 Unaque
1420 897 1670 954 persona
1721 884 1810 936 est
1837 884 1971 935 ante
1998 877 2084 934 in-

433 973 830 1030 carnationem
861 977 918 1029 et
951 976 1083 1044 post
1111 969 1756 1041 incarnationem,Deus
1787 985 1959 1025 carne
1988 968 2082 1025 in-

432 1061 998 1132 comprehensibilis,
1049 1061 1107 1115 in
1139 1077 1373 1116 carnem
1405 1058 1804 1122 indivisibilis.
1852 1057 1913 1112 in
1945 1073 2077 1128 pas-

431 1151 699 1207 sionibus
746 1152 939 1206 carnis
995 1148 1402 1222 impassibilis,
1435 1150 1534 1220 qui
1584 1151 1829 1204 mortem
1859 1146 1997 1201 vicit
2025 1148 2084 1201 et

435 1239 611 1295 tertia
649 1238 741 1294 die
794 1239 1146 1294 resurrexit:
1179 1237 1277 1309 qui
1333 1237 1600 1293 ascendit
1655 1235 1712 1290 in
1762 1234 1972 1290 caelum
2022 1234 2082 1289 in

431 1327 618 1400 gloria
651 1329 763 1383 sibi
794 1327 1071 1394 naturali,
1101 1333 1158 1382 et
1188 1343 1302 1381 non
1351 1343 1455 1398 per
1480 1325 1727 1397 gratiam
1761 1342 1773 1379 :
1811 1323 1912 1395 qui
1945 1340 2080 1395 pro-

433 1416 630 1488 palam
660 1416 721 1471 in
753 1434 861 1472 sua
885 1416 1098 1471 deitate
1126 1421 1410 1470 venturus
1463 1419 1574 1482 est,
1607 1429 1847 1485 corpore
1876 1416 2080 1468 sancto

432 1521 562 1569 suo,
594 1506 749 1573 quod
782 1522 850 1560 ex
879 1505 1062 1559 Maria
1092 1504 1371 1575 sumpsit,
1404 1503 1690 1575 effulgens
1723 1501 1908 1575 gloria
1932 1500 2078 1556 inef-

434 1594 620 1662 fabili,
654 1594 1154 1666 quemadmodum
1187 1609 1316 1648 sese
1348 1594 1407 1648 in
1440 1597 1637 1647 monte
1667 1608 1735 1647 ex
1765 1594 1927 1663 parte
1953 1595 2082 1644 tan-

433 1686 560 1738 tum
591 1682 866 1752 ostendit,
901 1687 964 1738 ut
986 1682 1220 1738 doceret
1268 1697 1329 1737 se
1359 1685 1416 1736 et
1445 1685 1616 1736 antea
1651 1685 1706 1735 et
1727 1696 1884 1735 nunc
1917 1695 2080 1735 eum-

434 1774 564 1828 dem
599 1772 796 1844 ipsum
845 1788 997 1839 esse,
1041 1787 1145 1827 nec
1175 1770 1236 1825 in
1284 1771 1550 1841 sequenti
1603 1776 1863 1841 tempore
1897 1770 2080 1824 Deum

432 1861 653 1917 factum
713 1861 894 1916 fuisse
926 1864 1015 1929 (ut
1066 1861 1190 1931 jam
1223 1861 1525 1914 contendit
1555 1858 1984 1931 blasphemia):
2017 1871 2080 1912 se

432 1949 572 2005 item
604 1965 793 2021 neque
833 1949 1132 2004 hominem
1164 1964 1293 2004 esse
1325 1947 1592 2018 desiisse,
1627 1964 1816 2020 neque
1847 1960 2084 2002 carnem

431 2037 1027 2110 deposuisse.Etenim
1057 2053 1192 2092 cum
1226 2036 1575 2109 Unigenitus
1599 2036 1696 2092 ille
1723 2035 1931 2107 incipit
1959 2050 2088 2090 esse

431 2127 612 2183 Filius
645 2127 922 2194 hominis,
957 2133 1082 2182 tum
1113 2126 1289 2182 etiam
1323 2125 1560 2198 angelos
1603 2143 1743 2182 suos
1773 2125 1972 2194 mittit,
2006 2124 2090 2179 in-

432 2215 728 2271 variabilis
759 2232 1010 2286 semper,
1071 2219 1130 2270 et
1186 2215 1409 2270 nullam
1472 2215 1854 2270 mutationem
1890 2214 1946 2267 in
1980 2229 2091 2270 sua

435 2305 650 2361 deitate
680 2321 916 2377 passus,
951 2305 1273 2361 secundum
1298 2321 1533 2360 carnem
1564 2319 1720 2372 vero,
1757 2303 1926 2360 nobis
1957 2319 2091 2359 con-

434 2394 746 2465 formatus,
780 2398 836 2449 et
867 2410 974 2450 nos
1007 2393 1121 2450 sibi
1151 2394 1266 2466 ipsi
1297 2393 1694 2450 conformans.

2192 613 2273 680 τῷ
2305 606 2427 681 ἰδίῳ
2457 611 2753 682 ποιήματι,
2787 605 2876 663 διὰ
2903 609 2965 662 τὸ
3014 609 3380 682 σοσαρκῶσθαι
3414 604 3465 676 ιε
3516 604 3669 680 ἁγίας
3708 611 3844 662 Θεο-

2191 698 2355 753 τόκου
2402 698 2612 774 Μαρίας
2662 697 2963 772 Παρθένου,
3012 695 3101 750 καὶ
3160 695 3444 770 ἄνθρωπος
3501 696 3846 769 γεγενῆσθαι,

2195 787 2370 859 μένων
2403 787 2558 855 Θεὸς,
2582 783 2672 841 ἵνα
2711 783 2840 848 τοὺς
2871 784 3190 859 ἀνθρώπους
3231 781 3386 845 θεοὺς
3435 779 3692 856 ἀποδείξῃ
3741 784 3854 856 μι-

2190 896 2371 938 νοντας
2398 875 2736 953 ἀνθρώπους.
2773 875 3076 950 Ιιρόσωπον
3124 872 3181 928 ’ὲν
3227 872 3318 927 καὶ
3346 872 3454 946 πρὸ
3499 877 3602 941 τῆς
3633 873 3850 948 σαρκώ-

2192 983 2326 1026 σεως
2359 1009 2378 1036 ,
2435 965 2524 1018 καὶ
2587 964 2721 1036 μετὰ
2765 963 2864 1030 τὴν
2921 960 3188 1038 σάρκωσιν
3253 957 3630 1036 ἀπερίληπτος
3687 959 3850 1034 σαρκὶ

2192 1051 2343 1123 Θεὸς,
2400 1053 2692 1128 ἀμέριστος
2744 1051 2820 1112 εἷς
2879 1049 3071 1124 σάρκα⁹
3131 1049 3346 1118 ἀπαθὴς
3397 1047 3447 1103 ἐν
3496 1052 3615 1110 τοῖς
3671 1050 3852 1120 παθή-

2196 1163 2324 1214 μασι
2371 1149 2470 1211 τῆς
2525 1141 2744 1216 σαρκὸς,
2795 1141 3020 1210 νικήσας
3081 1140 3326 1204 θάνατον,
3377 1136 3468 1191 καὶ
3516 1136 3742 1199 ἀναστὰς
3773 1141 3846 1211 τῇ

2190 1231 2373 1305 ἡμέρᾳ
2427 1235 2496 1304 τῇ
2548 1230 2720 1306 τρίτῃ·
2771 1228 3010 1292 ἀνελθὼν
3067 1227 3142 1289 ιίς
3187 1227 3279 1282 τὸν
3340 1225 3568 1302 οὐρανὸν
3619 1224 3670 1280 tv
3720 1223 3849 1301 δόξῃ

2192 1324 2413 1396 φυσικῇ,
2443 1319 2533 1375 καὶ
2565 1319 2665 1374 οὐκ
2712 1319 2762 1374 ἂν
2814 1320 3026 1394 χάριτι·
3075 1315 3376 1392 ιρχόμενος
3429 1315 3480 1370 ἂν
3532 1315 3601 1390 τῇ
3654 1316 3849 1370 ὶαυτοῦ

2189 1408 2403 1479 θεότητι
2454 1408 2731 1484 ἐμφανῶς,
2784 1406 3080 1480 ἐκλάμπων
3133 1405 3192 1460 ἐκ
3237 1409 3334 1460 τοῦ
3384 1405 3443 1460 ἐκ
3489 1403 3698 1477 Μαρίας
3737 1405 3849 1459 σώ-

2195 1519 2364 1572 ματος
2395 1498 2560 1552 αὐτοῦ
2606 1502 2704 1552 τοῦ
2756 1497 2910 1572 ἁγίου
2952 1497 3051 1564 τὴν
3086 1493 3238 1565 δόξαν
3270 1495 3369 1563 τὴν
3400 1493 3734 1569 ἀπόρρητον,
3767 1495 3846 1550 ὡς

2190 1588 2279 1642 καὶ
2336 1587 2423 1642 ἐπὶ
2479 1585 2576 1641 τοῦ
2634 1583 2793 1660 ὅρους
2849 1583 3041 1656 ἔδειξεν
3093 1584 3198 1639 ἀπὸ
3264 1583 3460 1658 μέρους
3507 1629 3520 1654 ,
3577 1580 3845 1638 διδάσκων

2191 1679 2360 1750 ἡμᾶς,
2393 1679 2474 1733 δτι
2515 1697 2605 1730 και
2655 1675 2916 1751 πρότερον
2949 1675 3038 1742 καὶ
3081 1678 3169 1726 νῦν
3201 1675 3228 1728 ὁ
3263 1672 3419 1733 αὐτός
3455 1671 3586 1743 ἐστι,
3620 1673 3710 1727 καὶ
3740 1671 3850 1748 οὐχ

2193 1765 2413 1842 ὕστερον
2461 1763 2815 1825 ἀποθεωθείς’
2863 1763 2936 1825 ὡς
2986 1765 3020 1832 ἠ
3071 1767 3156 1816 νῦν
3209 1760 3535 1839 βλασφημία
3582 1760 3844 1837 βιάζεται’

2193 1852 2318 1910 οὐδὲ
2348 1856 2687 1926 παυσάμενος
2719 1851 2816 1907 τοῦ
2860 1851 2993 1908 slva:
3048 1853 3171 1913 Υἱὸς
3212 1851 3522 1924 ἀνθρώπου,
3553 1847 3678 1904 οὐδὲ
3709 1850 3849 1906 ἀπο-

2195 1945 2416 2016 θέμενος
2459 1944 2557 2012 τὴν
2608 1941 2796 2017 σάρκα.
2849 1940 2946 1995 Καὶ
2997 1942 3098 2016 γὰρ
3149 1939 3238 1994 ὅτε
3287 1940 3514 2015 ἄρχεται
3553 1939 3686 1993 εἶναι
3717 1938 3842 2000 Υἱὸς

2198 2032 2487 2108 ἀνθρώπου
2546 2033 2574 2087 ὁ
2633 2031 2941 2106 Μονογενὴς
2993 2031 3103 2101 (73)
3149 2026 3501 2083 ἀποστίλλων
3562 2027 3672 2082 ἐστῖ
3719 2026 3850 2090 τοὺς

2198 2120 2469 2197 ἀγγάλους
2520 2124 2705 2189 αὑτοῦ,
2737 2117 3110 2179 ἀναλλοίωτος
3160 2114 3232 2171 ὢν
3268 2116 3370 2184 ἀεὶ,
3412 2117 3500 2171 καὶ
3535 2110 3850 2188 μεταϐολὴν

2199 2207 2455 2282 οὖδιμίαν
2488 2206 2632 2284 ἔχων
2683 2209 2808 2284 περὶ
2856 2209 2954 2276 τὴν
3005 2206 3256 2276 θεότητα,
3286 2206 3421 2260 κατὰ
3452 2203 3509 2260 δὲ
3535 2207 3635 2274 τὴν
3681 2205 3853 2281 σάρκα

2200 2299 2596 2375 σχηματισθεὶς
2647 2300 2782 2370 ἡμῖν
2827 2296 2917 2351 καὶ
2968 2294 3390 2372 συσχηματίζων
3453 2296 3603 2368 ἡμᾶς
3653 2295 3848 2366 ὶαυτῷ.

531 2543 624 2615 73)
651 2541 989 2601 Felckmani
1021 2542 1248 2615 primus
1278 2547 1335 2599 et
1363 2542 1504 2598 edit.
1535 2540 1842 2614 Commel.,
1873 2539 2124 2615 ὁμογενήι

2207 2539 2487 2596 mendose
2521 2555 2534 2594 :
2568 2536 2667 2594 alii
2716 2553 2946 2610 omnes,
2997 2535 3026 2590 ὁ
3058 2534 3400 2608 Μονογινής.
3460 2534 3634 2603 infra,
3667 2532 3846 2591 Basil.

506 2543 624 2669 £73)
651 2543 989 2601 Felckmani
1021 2543 1141 2634 prin

436 2630 501 2670 so
531 2631 623 2686 us,
654 2624 1141 2688 συσχηματισθεις.

1325 2917 1398 2974 ΙΝ
1434 2917 1700 2976 LIBRUM
1748 2917 2031 2977 CONTRA
2072 2916 2560 2974 SABELLIANOS
2591 2915 2953 2974 MONITUH.

503 3062 604 3120 28
635 3085 665 3114 ‹‹
693 3066 881 3122 Tanta
901 3071 991 3123 est
1011 3065 1273 3122 afﬁnitas
1302 3064 1482 3135 hujus
1524 3063 1660 3118 libri
1701 3079 1837 3119 cum
1868 3060 2120 3118 homilia
2176 3060 2243 3115 27
2303 3061 2504 3117 Basilii
2533 3068 2724 3116 contra
2781 3058 3151 3127 Sabellianos,
3213 3062 3410 3116 Arium
3465 3068 3518 3115 et
3568 3059 3856 3114 Ariamazes

438 3173 466 3202 «
498 3161 856 3227 nuncupata,
891 3163 955 3212 ut
976 3155 1323 3211 alterutrum
1350 3152 1700 3226 opusculum
1723 3169 1793 3208 ex
1811 3152 1990 3208 altero
2012 3165 2354 3221 expressum
2380 3149 2560 3206 fuisse
2578 3148 2876 3221 propalam
2900 3149 3072 3208 sit.Et
3092 3166 3233 3205 sane
3254 3150 3465 3206 iisdem
3487 3147 3853 3220 argumentis

433 3261 462 3291 α
492 3242 549 3298 in
585 3248 833 3317 utroque
859 3246 1190 3317 proceditur
1220 3244 1292 3300 ad
1324 3243 1629 3298 haereticos
1659 3241 2067 3307 confutandos,
2099 3241 2302 3298 eadem
2334 3239 2465 3312 ipsa
2499 3243 2863 3311 usurpantur
2889 3240 3197 3311 Scriptura:
3228 3239 3373 3307 loca,
3408 3255 3524 3294 uno
3547 3243 3607 3294 at
3636 3236 3848 3309 equali

430 3353 458 3381 «
492 3333 696 3388 ordine
726 3334 1371 3406 posita.Neminemque
1403 3337 1824 3404 putamusesse
1855 3330 2317 3402 quinjudicet,id
2340 3329 2586 3385 artificio
2603 3329 2913 3400 cujusdam
2932 3328 3178 3384 Greculi
3197 3329 3500 3401 scriptoris
3522 3327 3853 3384 admissum

430 3441 459 3468 «
492 3419 676 3477 fuisse
707 3421 805 3492 qui
829 3421 1171 3477 alterutrius
1202 3421 1391 3475 Patris
1421 3419 1639 3474 librum
1671 3419 1863 3474 verbis
1880 3417 2072 3474 solum
2101 3418 2480 3473 commutatis
2498 3417 2667 3472 alteri
2686 3416 3122 3488 ascripserit.Et
3143 3416 3380 3489 quidem
3410 3417 3467 3471 in
3490 3415 3647 3471 hunc
3669 3415 3857 3470 Atha-

436 3529 458 3556 ι
496 3509 662 3564 nasio
693 3510 1044 3566 attributum
1067 3511 1274 3566 cadere
1303 3508 1535 3563 videtur
1553 3507 1848 3579 suspicio:
1883 3523 2018 3562 nam
2051 3511 2258 3579 preter
2285 3505 2421 3579 styli
2455 3506 2849 3561 diversitatem
2882 3521 3024 3560 sane
3045 3505 3447 3577 conspicuam,
3473 3519 3849 3577 nequaquam

436 3615 465 3646 (ι
499 3599 786 3655 memoria
815 3599 1115 3671 proditum
1147 3603 1237 3654 est
1253 3614 1386 3653 cum
1416 3597 1789 3652 iishasreticis
1805 3613 2098 3668 pugnasse
2117 3594 2778 3667 Athanasium,quicum
2797 3593 3306 3665 Sabellio,Patrem
3331 3593 3659 3666 Filiumque
3674 3609 3853 3648 unam

433 3707 462 3735 «
498 3702 627 3743 esse
659 3687 1124 3759 personam,solo
1147 3688 1384 3743 nomine
1415 3686 1748 3742 distinctam
1784 3686 2148 3741 affirmarent
2179 3703 2192 3741 :
2226 3687 2380 3757 quod
2403 3691 2601 3741 tamen
2625 3701 2808 3740 unum
2827 3684 3022 3756 agitur
3040 3683 3098 3739 in
3124 3684 3232 3740 hoc
3256 3684 3628 3757 opusculo.ln
3652 3682 3854 3738 Basilii

435 3796 464 3826 ‹‹
495 3792 630 3832 vero
659 3777 904 3833 homilia
932 3779 991 3832 in
1049 3784 1355 3832 Anomaaos
1387 3777 1638 3831 maxime
1681 3777 1811 3845 ejus
1840 3774 2121 3847 temporis
2143 3774 2441 3830 haereticos
2463 3773 2707 3830 vertitur
2726 3773 2903 3842 acies,
2936 3773 3070 3829 licet
3092 3773 3384 3829 Sabellius
3432 3789 3666 3845 quoque
3696 3772 3857 3827 haud

438 3882 466 3915 α
496 3866 755 3936 segniter
783 3866 1301 3938 impugnetur.Sed
1336 3866 1435 3936 qui
1467 3881 1535 3919 ex
1565 3863 1778 3918 Basilio
1810 3863 1920 3919 hoc
1950 3863 2302 3935 opusculum
2337 3862 2640 3918 Athanasii
2680 3862 2918 3917 nomine
2947 3863 3334 3932 expressit.ad
3367 3862 3633 3917 fraudem
3659 3865 3724 3916 ut
3746 3878 3858 3933 pu-

433 3975 460 4002 «
495 3959 691 4010 tamus
723 3955 1144 4026 contegendam
1175 3957 1580 4008 Anomaeorum
1598 3969 1890 4024 nusquam
1913 3951 2320 4006 meminit.Nec
2333 3953 2466 4022 quis
2487 3950 3270 4023 putaveritBasiliumtanta
3297 3952 3485 4006 virum
3509 3949 3857 4021 eloquentiae

437 4061 464 4093 ιι
495 4045 553 4097 et
578 4043 1254 4113 eruditionis,alienis,ut
1284 4042 1604 4108 aiunt,sese
1637 4041 1843 4113 pennis
1875 4041 2401 4096 exornatum.Sane
2432 4041 2567 4096 talis
2596 4045 2685 4096 est
2714 4039 2983 4106 homo,ut
3014 4055 3085 4094 ne
3110 4040 3168 4094 in
3197 4039 3591 4110 suspicionem
3616 4038 3858 4110 quidem

435 4152 463 4179 «
499 4130 634 4184 furti
669 4131 967 4204 plagiique
997 4138 1212 4188 veniat.
1236 4130 1544 4186 Homiliam
1580 4131 1781 4200 itaque
1809 4131 1877 4183 27
1907 4130 2230 4202 genuinum
2263 4129 2462 4184 Basilii
2494 4145 2622 4185 esse
2651 4146 2821 4201 opus,
2855 4129 2962 4185 hoc
2990 4146 3122 4184 vero
3155 4129 3475 4185 Athanasio
3508 4128 3858 4200 ascriptum,

437 4240 466 4269 ‹‹
499 4221 766 4290 spurium
800 4222 1190 4277 arbitramur:
1223 4221 1358 4277 licet
1381 4220 1611 4292 jamdiu
1647 4220 1798 4275 inter
1817 4218 2216 4274 Athanasiana
2244 4223 2617 4290 compareat;
2644 4218 2702 4274 in
2736 4217 2995 4290 antiquis
3021 4219 3180 4274 enim
3211 4218 3654 4274 collectionibus
3677 4216 3856 4272 Atha-

439 4329 468 4359 ‹‹
508 4309 659 4365 nasii
689 4326 930 4382 operum
963 4310 1228 4368 habetur.

1597 4539 1726 4597 ΤΟΥ
1762 4542 1850 4595 ΕΝ
1891 4541 2121 4597 ΔΓΙΟΙΣ
2161 4538 2433 4596 ΠΑΤΡΟΣ
2476 4539 2671 4595 ΠΜΩΝ

1782 4684 2515 4784 ΑΘΑΝΑΣΙΟΥ

690 4860 821 4935 Περὶ
849 4867 950 4931 τῆς
983 4857 1158 4916 ἀϊδίου
1193 4858 1468 4934 ὑπάρξεως
1496 4861 1593 4912 τοῦ
1625 4857 1752 4912 Υἱοῦ
1794 4857 1883 4912 καὶ
1913 4861 2009 4913 τοῦ
2040 4855 2356 4929 ΙΙνεῦματος
2389 4855 2482 4911 σὺν
2527 4861 2666 4932 Θεῷ,
2697 4857 2789 4914 καὶ
2819 4857 2955 4933 πρὸς
2986 4855 3112 4920 τοὺς
3148 4851 3600 4926 Σαϐιλλίζοντας.

1561 5113 1653 5208 S.
1709 5113 1806 5207 P.
1867 5111 1981 5209 N.
2043 5113 2728 5210 ATHANASII

834 5297 925 5358 De
944 5303 1161 5357 aeterna
1188 5293 1340 5356 Filii
1364 5304 1421 5356 et
1450 5293 1721 5377 Spiritus
1747 5295 1943 5356 sancti
1977 5313 2109 5354 cum
2158 5293 2279 5355 Deo
2310 5294 2674 5369 cremantia,
2726 5303 2779 5355 et
2817 5300 3026 5354 contra
3054 5289 3446 5353 Sabelh'anos.

2146 5449 2214 5460 ...-

429 5615 435 5620 _
510 5541 558 5594 1.
590 5539 933 5596 Judaismus
981 5535 1293 5610 gentilitati
1352 5536 1680 5592 contrarius
1719 5540 1830 5602 est,
1882 5538 2090 5590 neutra

2272 5535 2323 5590 1.
2356 5529 2698 5606 Ἰουδαϊσμὸς
2755 5531 3048 5587 ἇντικειται
3105 5531 3240 5605 πρὸς
3293 5527 3704 5604 Ἐλληνισμὸν,
3763 5534 3858 5589 καὶ

433 5618 631 5686 tamen
685 5628 885 5699 religio
933 5629 1046 5700 pia,
1093 5627 1191 5682 sed
1255 5629 1506 5696 utraque
1563 5629 1724 5680 extra
1787 5623 2088 5680 veritatem

2194 5619 2474 5697 οὐδέτερος
2533 5618 2757 5691 εὐσεϐὴς
2804 5667 2818 5692 ,
2879 5619 3007 5676 ἀλλ’
3074 5618 3372 5696 ἀμφότεροι
3433 5627 3536 5689 τῆς
3594 5621 3858 5692 ἀληθείας

437 5717 725 5780 consistit.
787 5717 1090 5789 Siquidem
1141 5718 1198 5771 et
1226 5712 1522 5786 Babylonii
1581 5712 1801 5770 bellum
1854 5727 2086 5785 gessere

2193 5710 2368 5773 ικτός.
2429 5709 2578 5768 Ἐπεὶ
2633 5711 2723 5766 καὶ
2785 5706 3131 5766 Βαϐυλώνιοι
3174 5706 3629 5784 ποπολιμήκασιν
3691 5709 3861 5786 Δίγυ-
