4136 6384
259 420 333 481 97
1508 414 1821 478 CONTRA
1865 410 2433 478 SABELLIANOS.
3600 421 3680 483 98

255 550 468 623 πτίους,
498 549 591 605 καὶ
618 547 783 604 ἄλλοι
813 547 1019 604 πολλοὶ
1070 541 1281 608 ἀσεϐεῖς
1312 547 1421 620 (74)
1469 540 1707 601 ἀσεϐέσιν
1743 548 1906 616 ἠναν-

2034 555 2224 602 zontra
2258 549 2553 620 .Egyptios
2585 566 2595 603 :
2632 549 2850 621 aliique
2883 550 3215 622 complures
3250 552 3441 623 impii,
3474 552 3674 625 impiis

254 640 545 704 τιώθησαν.
580 638 653 692 Οὖ
700 637 880 692 τοίνυν
929 636 1137 710 ἐξαρκεῖ
1180 637 1243 691 τὸ
1291 637 1427 712 πρὸς
1478 630 1722 690 ἀσέϐειαν
1766 634 1909 689 ἀνθί-

259 740 503 798 στασθαι,
564 727 609 783 εἰ
664 729 739 800 μὴ
800 726 868 781 δι’
927 724 1196 781 εὐσέϐειαν
1251 729 1286 795 ἡ
1342 727 1480 800 πρὸς
1529 727 1628 794 τὴν
1666 720 1910 779 ἀσέϐειαν

260 817 564 878 ἀντίστασις
592 816 847 891 γίγνηται
876 817 1013 889 (75).
1049 813 1243 869 Πολλά
1272 815 1361 869 καὶ
1396 813 1605 890 μεγάλα
1634 816 1769 869 κατά
1805 817 1914 868 τῶν

262 904 810 981 είδωλολατρούντων
844 902 1032 981 ἔχουσι
1082 902 1263 978 λέγειν
1305 905 1360 957 οἱ
1402 902 1677 972 Ἰουδαῖοι,
1707 904 1796 957 καὶ
1831 900 1911 956 δι-

261 1016 387 1051 καια
419 993 645 1070 λέγουσι
674 997 1105 1069 κατηγοροῦντες
1138 992 1313 1047 αὐτῶν
1357 992 1425 1067 τῇ
1474 992 1644 1047 κτίσει
1683 992 1912 1065 λατρευ-

263 1084 429 1139 όντων
462 1085 609 1157 παρά
639 1086 753 1157 (76)
797 1083 887 1136 τὸν
936 1082 1207 1138 κτίσαντα.
1240 1080 1399 1137 Ἀλλ’
1447 1081 1559 1157 οὐχ
1589 1080 1673 1136 ὅτι
1727 1079 1913 1135 δυσσε-

262 1168 412 1228 ϐειαν
466 1172 777 1249 ἐλέγχουσι,
831 1170 921 1226 διὰ
964 1177 1125 1227 τοῦτο
1174 1166 1408 1226 εὐσεϐεῖν
1459 1170 1915 1247 ὁμολογηθήσον-

259 1284 369 1335 ται,
423 1263 515 1317 τὸν
562 1262 681 1316 Υἱὸν
740 1266 837 1316 τοῦ
877 1266 1033 1330 Θεοῦ,
1086 1258 1154 1316 δι’
1201 1259 1262 1315 οὗ
1319 1262 1386 1315 τὰ
1442 1262 1615 1315 πάντα
1670 1261 1911 1337 γέγονεν,

259 1349 610 1428 ἀρνούμενοι,
660 1350 751 1406 καὶ
794 1356 914 1413 τοῖς
958 1348 1028 1405 δι’
1076 1350 1240 1404 αὐτοῦ
1287 1350 1379 1404 τὸν
1432 1348 1642 1424 Πατέρα
1691 1345 1914 1423 σεϐομέ-

259 1462 376 1503 νοις
411 1438 765 1516 ἐγκαλοῦντες
816 1437 1215 1509 πολυθεότητα.
1269 1438 1465 1514 Διόπερ
1510 1436 1911 1511 ἐξεληλύθαμεν

262 1528 315 1601 ἐξ
346 1529 655 1601 Ἑλλήνων,
685 1528 776 1584 καὶ
828 1527 1199 1604 ἀφωρίσμεθα,
1248 1528 1385 1599 πρὸς
1411 1529 1474 1582 τὸ
1522 1528 1596 1601 μή
1628 1532 1745 1589 ταῖς
1778 1526 1911 1581 ἀκα-

260 1619 478 1695 θάρτοις
556 1615 1037 1693 εἰδωλολατρείαις
1092 1616 1525 1692 ἀναμίγνυσθαι·
1588 1615 1914 1689 ἐξεληλύθα-

266 1727 363 1781 μεν
413 1704 471 1762 δὶ
512 1706 601 1761 καὶ
653 1705 707 1761 ἐγ
756 1712 859 1776 τῆς
907 1710 1014 1760 τῶν
1067 1702 1343 1761 Ἰουδαίων
1392 1704 1767 1781 βλασφημίας,
1820 1705 1911 1758 τὸν

260 1797 384 1851 Υὶὸν
414 1793 855 1872 ὁμολογήσαντες
896 1799 994 1849 τοῦ
1045 1798 1201 1865 Θεοῦ,
1232 1794 1322 1849 καὶ
1373 1794 1627 1872 φυγόντες
1657 1794 1755 1862 τὴν
1789 1791 1914 1848 ὁλὲ-

260 1888 409 1962 θριον
444 1887 667 1960 ἄρνησιν
711 1889 808 1939 τοῦ
850 1884 1047 1960 Κυρίου
1095 1886 1279 1956 ἡμῶν,
1310 1888 1407 1938 τοῦ
1453 1882 1728 1959 λέγοντος*
1764 1907 1791 1934 (‹
1820 1884 1913 1946 Ὃς
1945 1923 1992 1987 Β

263 1972 308 2030 δ’
339 1976 398 2029 ἂν
432 1973 735 2050 ἀρνήσηταί
763 1995 831 2046 με
872 1970 1175 2050 ἔμπροσθεν
1220 1976 1329 2028 τῶν
1378 1972 1702 2047 ἀνθρώπων,
1753 1972 1915 2046 ἀρνή-

261 2084 428 2137 σομαι
460 2063 617 2119 αὐτὸν
650 2061 952 2138 ἔμπροσθεν
1002 2067 1100 2118 τοῦ
1152 2060 1359 2138 Πατρός
1408 2082 1512 2135 μου
1559 2066 1657 2116 τοῦ
1712 2060 1764 2116 ἐν
1800 2066 1914 2121 τοῖς

261 2153 535 2227 οὐρανοῖς·
585 2178 605 2203 ι
656 2152 1067 2227 Ὀμολογοῦμεν
1120 2148 1177 2206 δὲ
1232 2150 1321 2205 τὸν
1381 2150 1503 2205 Υίὸν
1563 2150 1622 2205 ἐκ
1680 2150 1911 2226 Πατρὸς,

258 2243 349 2297 καὶ
383 2242 463 2297 ἀεὶ
512 2242 645 2315 μετὰ
681 2238 777 2295 τοῦ
822 2241 1051 2315 Πατρὸς,
1101 2239 1446 2301 πιστεύοντες
1498 2238 1645 2311 αὐτῴ
1694 2236 1911 2313 λέγοντι

256 2332 346 2388 καὶ
396 2330 861 2407 ἐπαγγελλομένῳ
908 2331 1043 2403 (77)’
1083 2352 1110 2381 ‹‹
1161 2334 1269 2391 Πᾶς
1319 2327 1465 2391 ὅστις
1516 2327 1910 2404 ὁμολογήσειεν

260 2422 359 2493 ὲμὶ
413 2417 714 2494 ἔμπροσθεν
766 2423 875 2472 τῶν
936 2418 1234 2494 ἀνθρώπιον
1271 2460 1285 2485 ,
1346 2415 1686 2491 ὁμολογήσω
1762 2416 1912 2492 κάγὼ

260 2509 418 2564 αὐτὸν
450 2506 748 2584 ἔμπροσθεν
800 2512 897 2562 τοῦ
946 2506 1156 2581 Πατρός
1210 2527 1315 2580 μου
1360 2504 1457 2563 τοῦ
1489 2506 1541 2561 ἐν
1590 2512 1705 2568 τοῖς
1751 2505 1910 2582 οὐρα-

260 2618 397 2659 νοις.
434 2621 462 2648 ››

334 2690 389 2743 2.
422 2689 591 2738 Τοῦτο
624 2684 857 2759 ὁρῶντες
886 2684 949 2737 τὸ
996 2679 1358 2758 παράδειγμα,
1390 2683 1480 2736 καὶ
1526 2687 1617 2737 νῦν
1660 2681 1911 2752 ἀπηλλο-

260 2775 577 2850 τριώθημεν
623 2778 733 2827 τῶν
779 2769 1215 2841 Ἑλληνιζόντων
1265 2769 1344 2825 ἐπ’
1379 2770 1606 2843 ὀνόματι
1651 2772 1913 2842 Χριστια-

262 2867 483 2937 νισμοῦ,
512 2867 620 2916 τῶν
654 2858 813 2935 ἔργον
861 2865 995 2915 Θεοῦ
1041 2858 1375 2932 τολμώντων
1428 2859 1706 2932 θεολογεῖν
1738 2879 1797 2913 τε
1826 2858 1913 2912 καὶ

263 2956 619 3029 προσκυνεῖν.
680 2949 1039 3024 Χωριζόμεθα
1087 2948 1144 3002 δὲ
1198 2947 1287 3002 καὶ
1345 2953 1451 3003 τῶν
1509 2946 1913 3017 Ἰουδαϊζόντων

262 3042 352 3097 καὶ
409 3041 501 3095 τὸν
552 3038 971 3114 Χριστιανισμὸν
1032 3036 1083 3090 ἐν
1138 3034 1463 3109 Ἰουδαϊσμῷ
1517 3036 1910 3114 παραφθειρόν.

261 3149 392 3185 των’
455 3128 530 3196 οἳ,
589 3128 679 3183 τὸν
712 3127 771 3182 ἐκ
827 3131 922 3181 τοῦ
981 3129 1116 3181 Θεοῦ
1173 3125 1300 3180 Θεὸν
1362 3124 1725 3200 ἀρνούμενοι,
1785 3125 1911 3179 Θεὸν

261 3214 352 3273 ἵνα
424 3214 823 3293 παραπλησίως
902 3211 1187 3276 Ἰουδαίοις
1264 3212 1516 3287 λέγουσιν
1575 3234 1587 3246 ’
1649 3213 1756 3288 οὐχ
1830 3212 1913 3267 ὅτι

2023 636 2312 691 adversati
2346 643 2503 692 sunt.
2537 639 2788 709 Ideoque
2823 655 2937 693 non
2970 638 3495 712 sufﬁcitimpietati
3517 641 3674 697 obsi-

2024 729 2197 793 atere,
2228 725 2343 779 nisi
2375 725 2609 797 pietatis
2641 743 2819 781 causa
2850 726 2932 781 illi
2972 727 3314 783 obsistatur.
3363 730 3424 783 In
3470 730 3677 785 multis

2023 814 2417 885 gravibusque
2448 816 2622 871 rebus
2651 816 2832 869 Judaei
2868 815 3206 871 idololatras
3238 833 3481 887 arguere
3538 835 3675 890 pos-

2024 908 2184 967 sunt,
2208 902 2471 973 ipsisque
2491 904 2513 972 j
2526 909 2658 958 usta
2679 904 2749 958 de
2773 920 2952 959 causa
2981 904 3213 958 crimini
3238 910 3493 974 vertunt,
3519 909 3673 977 quod

2022 996 2301 1047 creaturae
2332 993 2528 1062 potius
2576 1009 2750 1062 quam
2805 993 3049 1047 creatori
3107 993 3381 1048 serviant.
3432 994 3547 1049 Nec
3594 1000 3677 1050 ta-

2024 1098 2157 1136 men
2190 1098 2255 1135 eo
2287 1083 2440 1152 quod
2478 1081 2836 1153 impietatem
2870 1087 3140 1152 arguant,
3175 1082 3312 1136 hinc
3346 1082 3438 1154 pie
3460 1084 3681 1139 sentire

2024 1176 2436 1243 agnoscentur,
2489 1171 2629 1226 dum
2680 1170 2887 1226 Filium
2942 1172 3059 1238 Dei,
3107 1189 3211 1242 per
3253 1188 3427 1243 quem
3479 1175 3679 1228 omnia

2025 1260 2176 1315 facta
2208 1268 2364 1330 sunt,
2399 1265 2614 1331 negant
2640 1278 2652 1315 :
2679 1265 2735 1315 et
2766 1260 2908 1315 dum
2940 1278 3059 1323 eos,
3089 1261 3191 1331 qui
3225 1261 3677 1332 peripsum,Pa-

2023 1352 2172 1404 trem
2204 1348 2425 1418 colunt,
2456 1349 2709 1404 inducta
2758 1350 2998 1403 deorum
3042 1349 3500 1421 multiplicitatis
3542 1350 3680 1407 insi-

2025 1438 2273 1494 mulant.
2307 1438 2585 1501 Quocirca
2613 1440 2684 1493 ab
2716 1438 2965 1493 ethnicis
2998 1438 3403 1510 discessimus,
3456 1441 3526 1495 ab
3574 1440 3681 1496 iis-

2025 1544 2138 1599 que
2171 1528 2458 1599 segregati
2498 1544 2729 1594 sumus,
2774 1544 2845 1582 ne
2872 1527 3104 1599 impuro
3164 1527 3454 1583 idolorum
3494 1528 3680 1585 cultui

2025 1616 2519 1671 admisCeremur:
2571 1633 2603 1671 a
2649 1616 2989 1671 Judaaorum
3035 1632 3269 1689 quoque
3312 1617 3680 1688 blasphemia

2031 1705 2452 1772 abscessimus,
2487 1721 2619 1759 cum
2652 1704 2751 1760 Dei
2783 1705 2992 1760 Filium
3024 1705 3277 1761 confessi
3309 1723 3539 1773 sumus,
3587 1710 3678 1761 at-

2026 1809 2137 1864 que
2181 1792 2498 1865 effugimus
2530 1792 2917 1865 perniciosam
2969 1794 3413 1865 abnegationem
3448 1795 3679 1850 Domini

2025 1883 2209 1938 nostri
2242 1882 2528 1938 dicentis:
2563 1903 2591 1931 «
2624 1882 2732 1948 Qui
2767 1886 2961 1937 autem
2997 1883 3294 1954 negaverit
3324 1900 3417 1939 me
3478 1900 3677 1939 coram

2025 1970 2387 2039 hominibus,
2423 1971 2648 2042 negabo
2673 1987 2807 2026 cum
2840 1988 3037 2027 coram
3067 1974 3237 2026 Patre
3267 1988 3421 2041 meo,
3473 1973 3574 2044 qui
3616 1975 3675 2027 in

2024 2058 2184 2114 caelis
2204 2065 2289 2114 est
2312 2059 2374 2113 1³.
2400 2080 2426 2107 ››
2450 2064 2563 2114 Nos
2588 2076 2756 2131 porro
2792 2060 3142 2115 conﬁtemur
3166 2060 3374 2115 Filium
3408 2078 3476 2116 ex
3506 2061 3679 2118 Patre

2024 2165 2174 2218 esse,
2207 2165 2271 2203 ac
2301 2165 2536 2220 semper
2564 2166 2693 2204 esse
2723 2165 2856 2204 cum
2890 2153 3095 2205 Patre:
3131 2154 3305 2221 atque
3356 2149 3440 2204 illi
3490 2150 3675 2206 credi-

2026 2255 2158 2293 mus
2180 2238 2281 2308 qui
2312 2238 2421 2292 hoc
2453 2242 2533 2292 ait
2561 2242 2618 2292 et
2651 2238 2992 2309 pollicetur:
3028 2239 3286 2294 «Omnis
3314 2240 3413 2311 qui
3437 2240 3677 2295 confite-

2025 2328 2185 2383 bitur
2215 2343 2307 2382 me
2339 2344 2535 2382 coram
2567 2327 2930 2398 hominibus,
2966 2328 3286 2384 confitebor
3316 2334 3373 2385 et
3405 2346 3510 2402 ego
3541 2347 3679 2386 eum

2024 2432 2220 2472 coram
2250 2419 2419 2471 Patre
2448 2432 2599 2483 meo,
2634 2417 2732 2488 qui
2766 2416 2825 2471 in
2858 2416 3018 2471 cretis
3049 2422 3137 2472 est
3167 2418 3230 2486 1⁸,

2093 2685 2147 2737 2.
2170 2684 2287 2739 Hoc
2304 2684 2601 2755 exemplar
2622 2701 2756 2740 cum
2780 2684 3137 2755 intueamur,
3160 2685 3280 2756 jam
3297 2701 3679 2760 segregamur

2025 2773 2095 2827 ab
2128 2773 2201 2827 iis
2233 2774 2333 2843 qui
2367 2774 2476 2828 sub
2509 2774 2747 2829 nomine
2779 2774 3210 2829 Christianismi
3245 2793 3377 2831 cum
3429 2776 3678 2830 ethnicis

2025 2861 2308 2925 sentiunt,
2341 2863 2675 2933 audentque
2710 2861 2803 2916 Dei
2835 2863 3151 2934 Opiﬁcium,
3177 2865 3360 2919 Deum
3395 2864 3584 2919 dicere
3622 2868 3681 2919 et

2024 2948 2287 3003 adorare.
2322 2948 2711 3019 Segregamur
2740 2966 2974 3020 quoque
3005 2968 3037 3005 a
3064 2952 3531 3019 Judaizantibus,
3579 2953 3681 3023 qui

2025 3036 2545 3092 Christianismum
2581 3039 2638 3092 in
2671 3037 2978 3092 Judaismo
3005 3041 3360 3109 depravant:
3396 3041 3493 3111 qui
3519 3057 3677 3109 eum,

2025 3125 2124 3197 qui
2149 3141 2216 3179 ex
2238 3125 2354 3181 Deo
2377 3130 2483 3193 est,
2513 3126 2689 3179 Deum
2710 3142 2838 3180 esse
2862 3133 3077 3198 negant
3101 3146 3113 3183 :
3150 3127 3454 3199 Deumque
3494 3145 3678 3184 unum

2027 3214 2528 3284 quemadmodum
2562 3213 2743 3269 Judaei
2779 3214 3132 3283 praedicant:
3166 3215 3263 3285 qui
3300 3232 3415 3270 non
3480 3233 3545 3271 eo
3594 3217 3680 3272 di-

269 3306 434 3379 μόνος
497 3290 791 3379 ἀγέννητος
828 3323 841 3336 ·
901 3303 990 3358 καὶ
1054 3302 1218 3377 μόνος
1276 3304 1430 3378 πηγὴ
1493 3302 1771 3373 θεότητος,
1828 3299 1917 3356 διὰ

2034 3308 2163 3357 cant
2191 3303 2385 3374 ipsum
2422 3319 2549 3357 esse
2580 3302 2770 3357 solum
2807 3304 3013 3373 Deum,
3047 3305 3199 3374 quod
3235 3304 3393 3359 solus
3438 3322 3552 3360 non
3586 3321 3683 3377 ge-

262 3398 423 3449 τοῦτο
501 3395 793 3472 φάσκοντες
867 3391 1025 3447 αὐτὸν
1107 3392 1242 3446 εἶναι
1318 3390 1482 3464 μόνον
1563 3391 1730 3446 Θεόν·
1794 3389 1921 3446 ἀλλ’

267 3483 344 3545 ὡς
403 3481 598 3558 ἄγονον
661 3483 788 3537 Υἱοῦ
861 3481 951 3535 καὶ
1010 3481 1250 3555 ἄκαρπον
1330 3484 1531 3550 ζῶντος
1598 3480 1775 3556 Λόγου
1830 3477 1921 3534 καί

268 3572 460 3650 σοφίας
520 3571 806 3642 ἀληθινῆς.
869 3569 1048 3645 Λόγον
1105 3569 1207 3645 γὰρ
1268 3568 1378 3624 οἷον
1440 3570 1530 3624 τὸν
1586 3568 1646 3623 ἐκ
1696 3568 1923 3639 καρδίας

268 3661 561 3734 ἀνθρώπου
634 3660 921 3733 νομίζουσι
996 3660 1088 3714 τὸν
1162 3663 1261 3713 τοῦ
1337 3663 1507 3726 Θεοῦ,
1582 3658 1671 3713 καὶ
1730 3658 1923 3737 σοφίαν

270 3749 463 3805 ὁποίαν
521 3751 621 3819 τὴν
681 3749 733 3805 ἐν
785 3751 960 3825 ψυχῇ·
1015 3748 1104 3803 καὶ
1164 3745 1253 3802 διὰ
1298 3752 1460 3803 τοῦτο
1518 3747 1811 3824 πρόσωπον
1865 3744 1921 3801 ’ἐν

269 3839 362 3894 τὸν
420 3839 548 3894 Θεὸν
584 3839 697 3911 ἅμα
725 3840 804 3908 τῷ
832 3836 991 3913 Λόγῳ
1021 3834 1200 3913 φασίν·
1237 3833 1419 3910 ὥσπερ
1468 3836 1559 3889 καὶ
1590 3836 1678 3889 τὸν
1713 3836 1921 3909 ἄνθρω-

271 3947 373 3982 πον
404 3928 515 3998 ἅμα
543 3924 624 3999 τῷ
655 3926 848 3980 ἑαυτοῦ
881 3924 1041 4001 Λόγῳ
1074 3923 1357 4000 ἄνθρωπον
1388 3919 1499 3995 ἕνα,
1550 3920 1703 3977 οὐδὲν
1752 3922 1922 3978 πλέον

274 4013 549 4071 Ἰουδαίων
607 4013 965 4087 δοξάζοντες,
1028 4016 1132 4066 τῶν
1195 4012 1294 4066 οὐκ
1351 4009 1761 4085 ἀποδεξαμένων
1833 4012 1926 4067 τὸν

276 4103 664 4180 εὖαγγελιστὴν
714 4103 806 4156 τὸν
858 4100 1012 4165 εὐθὺς
1063 4102 1172 4174 (78)
1202 4100 1254 4171 ἐξ
1284 4100 1462 4176 ἀρχῆς
1516 4102 1746 4175 βοῶντα·
1783 4127 1809 4152 ‹‹
1841 4107 1926 4156 Ἐν

275 4192 428 4269 ἀρχῇ
456 4195 522 4262 ἦν
555 4193 582 4246 6
614 4192 815 4266 Λόγος,
849 4190 938 4246 καὶ
972 4191 1000 4244 ὁ
1031 4189 1209 4263 Λόγος
1237 4190 1303 4259 ἦν
1354 4190 1491 4264 πρὸς
1531 4191 1620 4243 τὸν
1655 4191 1807 4261 Θεὸν,
1837 4191 1927 4244 καὶ

276 4283 406 4344 Θεὸς
436 4282 503 4352 ἦν
542 4280 571 4335 6
621 4280 825 4355 Λόγος.
857 4304 885 4333 ››
920 4279 984 4337 Εἰ
1033 4280 1134 4355 γὰρ
1185 4277 1237 4333 ἐν
1289 4276 1484 4352 καρδίᾳ
1530 4278 1706 4354 Λόγον
1740 4280 1767 4334 6
1799 4280 1928 4342 Θεὸς

276 4368 392 4446 ἔχει
443 4371 518 4443 μή
572 4370 966 4445 γεγεννημένον
1017 4370 1131 4440 (79)
1162 4366 1212 4439 ἐξ
1255 4366 1421 4422 αὐτοῦ
1465 4369 1601 4422 κατά
1647 4366 1928 4439 ἀλήθειαν,

274 4460 350 4523 ὡς
383 4461 509 4515 Θεὸν
545 4458 604 4514 ἐκ
634 4463 793 4528 Θεοῦ,
826 4463 941 4520 πῶς
976 4458 1035 4512 ἃν
1072 4454 1153 4527 εἴη
1186 4458 1321 4533 πρὸς
1361 4457 1452 4511 τὸν
1487 4457 1613 4511 Θεὸν
1647 4457 1675 4511 6
1706 4456 1880 4534 Λόγος
1913 4476 1927 4527 ;

279 4548 371 4603 καὶ
402 4553 518 4609 πῶς
540 4547 599 4602 ἃν
624 4544 708 4616 εἷή
733 4546 862 4609 Θεός
890 4565 903 4615 ;
929 4545 1002 4601 Οὐ
1029 4547 1132 4621 γὰρ
1152 4547 1180 4601 6
1203 4544 1369 4620 λόγος
1393 4547 1504 4618 (80)
1523 4550 1621 4599 τοῦ
1642 4545 1930 4619 ἀνθρώπου

2032 3389 2213 3461 nitus,
2236 3395 2291 3446 et
2313 3391 2467 3463 quod
2502 3390 2667 3446 solus
2690 3390 2821 3447 fons
2852 3391 3086 3447 deitatis
3133 3392 3208 3447 sit
3231 3410 3243 3460 ;
3270 3394 3370 3448 sed
3402 3394 3557 3464 quod
3592 3393 3682 3449 Fi-

2030 3479 2176 3534 lium
2209 3496 2324 3535 non
2357 3482 2641 3549 genuerit,
2679 3495 2781 3534 nec
2810 3479 3067 3535 Verbum
3097 3482 3317 3552 vivens,
3369 3499 3685 3553 veramque

2033 3568 2384 3639 sapientiam
2420 3568 2773 3639 produxerit.
2806 3568 2951 3623 Nam
2986 3568 3234 3624 Verbum
3273 3570 3368 3625 Dei
3401 3569 3516 3625 tale
3566 3571 3683 3625 exi-

2034 3657 2298 3722 stimant,
2331 3657 2499 3727 quale
2530 3656 2674 3711 illud
2708 3673 2776 3711 ex
2806 3658 3065 3713 humano
3098 3658 3273 3713 corde
3318 3659 3636 3729 procedens
3672 3677 3686 3714 :

2034 3749 2092 3801 et
2123 3745 2473 3818 sapientiam
2508 3745 2625 3814 Dei,
2660 3746 2895 3817 qualem
2928 3746 3089 3801 illam
3126 3763 3256 3818 quas
3285 3747 3344 3801 in
3374 3748 3571 3803 anima
3599 3765 3692 3804 ex-

2035 3836 2228 3892 sistit:
2252 3840 2607 3907 quapropter
2631 3835 2815 3890 Deum
2842 3851 2975 3890 cum
2999 3834 3188 3891 Verbo
3230 3852 3337 3891 suo
3360 3837 3459 3892 29
3489 3853 3686 3907 perso-

2036 3941 2169 3981 nam
2196 3942 2375 3979 unam
2392 3941 2519 3979 esse
2540 3924 2905 3991 dicunt,utet
2924 3924 3222 3979 hominem
3243 3942 3376 3979 cum
3394 3927 3569 3980 verbo
3582 3942 3691 3981 suo

2035 4014 2336 4069 hominem
2362 4030 2568 4079 unum,
2593 4030 2697 4068 nec
2718 4013 2851 4084 plus
2874 4029 3049 4085 quam
3069 4013 3257 4068 Judaei
3280 4014 3564 4080 sentiunt,
3587 4015 3687 4086 qui

2036 4102 2452 4175 evangelistam
2488 4120 2602 4157 non
2634 4102 2946 4173 recipiunt,
2980 4103 3054 4157 ab
3101 4102 3229 4173 ipso
3275 4103 3471 4158 statim
3522 4103 3688 4159 initio

2038 4191 2392 4247 clamantem
2425 4208 2438 4245 :
2473 4213 2500 4240 «
2536 4191 2599 4245 In
2628 4191 2915 4263 principio
2948 4198 3072 4247 erat
3118 4190 3397 4262 Verbum,
3451 4196 3508 4247 et
3553 4191 3691 4246 Ver-

2040 4280 2177 4336 bum
2211 4284 2335 4334 erat
2363 4280 2519 4351 apud
2550 4279 2759 4346 Deum,
2806 4285 2863 4334 et
2904 4280 3059 4335 Deus
3103 4284 3227 4336 erat
3273 4280 3530 4335 Verbum
3565 4280 3625 4336 ’⁵.
3661 4302 3691 4331 ››

2041 4368 2100 4423 Si
2133 4368 2286 4423 enim
2321 4368 2475 4424 Deus
2532 4367 2790 4423 Verbum
2844 4367 2903 4422 in
2955 4368 3126 4424 corde
3176 4368 3371 4435 habet,
3416 4386 3530 4424 non
3565 4386 3597 4423 a
3630 4385 3692 4425 se

2040 4474 2239 4513 revera
2269 4457 2555 4528 genitum,
2594 4462 2656 4511 ut
2688 4456 2871 4512 Deum
2904 4474 2972 4513 ex
3004 4457 3119 4512 Deo
3147 4482 3160 4523 ;
3192 4458 3487 4528 quomodo
3534 4458 3689 4530 apud

2044 4547 2225 4601 Deum
2264 4546 2517 4600 Verbum
2548 4546 2882 4601 exstiterit?
2938 4552 2995 4600 et
3056 4546 3153 4615 qui
3205 4546 3326 4600 ﬁeri
3388 4549 3578 4617 potest
3626 4551 3692 4601 ut

277 4638 560 4711 ἄνθρωπός
593 4635 702 4691 ἐστι
752 4636 887 4710 πρὸς
938 4634 1239 4708 ἄνθρωπον,
1292 4632 1407 4688 ἐπεὶ
1456 4635 1596 4706 μήτε
1644 4638 1747 4702 ζῶν
1796 4634 1917 4709 ἐστι,

2040 4635 2293 4690 Verbum
2329 4635 2482 4690 Deus
2515 4634 2728 4690 fuerit?
2760 4634 2883 4689 Non
2934 4633 3089 4689 enim
3139 4634 3383 4689 verbum
3432 4634 3690 4690 hominis

279 4729 419 4801 μήτε
475 4725 735 4804 ὑφεστὼς,
780 4722 928 4780 ἀλλὰ
982 4725 1162 4792 ζώσης
1200 4721 1423 4798 καρδίας
1475 4722 1564 4776 καὶ
1616 4723 1926 4800 ὑφεστώσης

270 4815 480 4888 κίνημα
541 4814 704 4888 μόνον
740 4833 752 4845 ·
812 4813 903 4867 καὶ
962 4812 1173 4888 λέγεται
1229 4816 1622 4886 παραχρῆμα,
1680 4810 1771 4865 καί
1830 4812 1929 4866 οὐκ

274 4901 407 4974 ἔστι,
466 4902 557 4957 καὶ
612 4901 885 4963 πολλάκις
948 4899 1293 4974 λαλούμενος
1355 4902 1469 4972 (81)
1525 4896 1785 4955 οὐδεποτε
1816 4898 1927 4956 δια-

347 5081 392 5117 ¹³
424 5079 627 5136 Matth.
658 5097 715 5150 ι,
748 5080 838 5134 33.
918 5079 960 5113 ¹⁸
994 5078 1137 5135 ibid.
1170 5079 1260 5135 32.
1338 5079 1383 5114 ³⁸
1409 5079 1580 5135 Joan.
1612 5095 1653 5144 ι,
1687 5079 1736 5132 1.

365 5248 458 5317 74)
489 5247 899 5317 Seguerianus,
932 5243 1203 5308 πολλάκις
1237 5240 1467 5307 ἀσεϐεῖς.

366 5248 435 5303 74
489 5248 557 5304 Se
599 5248 899 5317 uerianus,
932 5248 1203 5308 πολλάκις
1237 5248 1467 5307 ἀσεϐεῖς.

366 5248 458 5403 753
489 5263 973 5403 Goilerianushet
1020 5319 1384 5403 Seguerian._,
1432 5316 1708 5403 γίγνηται.
1762 5316 1924 5403 Basi-

273 5388 501 5484 liensis,
534 5390 761 5465 γίνεται.
794 5390 947 5448 Editi
978 5388 1126 5448 vero'
1170 5396 1226 5448 et
1282 5388 1472 5448 ceteri
1507 5388 1923 5462 manuscripti,

273 5482 331 5540 γι
371 5482 540 5518 νεται.

492 5533 877 5617 goblerianus
908 5533 1085 5617 habet
1112 5530 1257 5617 περί,
1288 5533 1467 5617 φειδ,

365 5602 1106 5681 77)_K0ti_l1tawsllouévqi._
1132 5602 1395 5681 Deestin
1436 5604 1669 5681 Gobler.
1702 5608 1762 5681 et
1792 5602 1926 5681 Fel-

272 5674 684 5748 ck'm.’i.rMox
714 5674 1188 5748 omnes'omnino
1219 5677 1452 5748 codices
1504 5676 1746 5748 habent,
1788 5674 1923 5748 ὁμο-

271 5745 503 5826 λογήσει
529 5747 581 5803 ἐν
616 5746 762 5821 ἐμοί,
796 5749 898 5806 sed
932 5748 1105 5805 male.
1142 5749 1271 5807 Mox
1298 5746 1454 5823 κάγώ
1484 5747 1649 5805 deest
1668 5747 1729 5803 in
1760 5745 1923 5803 Bisi-

2040 4725 2212 4779 bomo
2230 4728 2319 4778 est
2349 4724 2502 4794 apud
2539 4723 2862 4793 hominem,
2899 4739 3030 4778 cum
3062 4739 3167 4779 nec
3197 4723 3350 4778 vivat
3401 4740 3506 4778 nec
3557 4725 3696 4779 sub-

2038 4813 2230 4881 sistat,
2256 4812 2356 4866 sed
2374 4811 2484 4866 vivi
2517 4817 2573 4865 et
2599 4811 2980 4867 subsistentia
3004 4811 3197 4867 cordis
3235 4820 3428 4868 motus
3452 4816 3688 4868 tantum

2038 4903 2152 4957 sit:
2181 4900 2335 4973 quod
2370 4916 2507 4954 mox
2538 4906 2601 4955 ut
2630 4900 3077 4972 pronuntiatum
3113 4906 3224 4967 est,
3270 4918 3384 4957 non
3434 4901 3691 4973 amplius

2032 5243 2205 5301 liensi
2236 5248 2291 5300 et
2304 5244 2689 5317 Segueriano.

2125 5319 2219 5388 78)
2250 5314 2422 5377 Εὐθύξ
2457 5318 2707 5372 habetur
2737 5316 2796 5372 in
2830 5318 2973 5373 solis
3008 5316 3185 5372 Basil.
3219 5320 3278 5371 et
3306 5316 3546 5388 seguer.

2127 5386 2215 5457 79)
2246 5389 2477 5445 Gobler.
2512 5394 2569 5444 et
2597 5393 2835 5460 Seguer.
2869 5389 3089 5445 habent
3117 5386 3503 5461 γεγενημένον,
3562 5406 3692 5461 per-

2086 5475 2266 5515 eram.

2038 5476 2266 5531 peram.

2116 5531 2231 5605 (80)
2264 5528 2460 5605 Λόγος.
2493 5529 2766 5605 Deest_in_
2784 5529 3159 5605 Seguerjano.

2107 5597 2222 5673 (81)
2251 5597 2468 5657 Οῐηήθε
2500 5618 2643 5655 mss.
2678 5597 2897 5673 habent
2923 5597 3305 5673 καλούμενος,
3328 5611 3536 5673 prater
3594 5604 3694 5659 se-

2035 5668 2207 5745 gu'er,’
2235 5674 2333 5745 qui
2368 5673 2549 5729 multo
2581 5670 2815 5739 melius,
2850 5668 3189 5741 Λαλούμενος
3216 5668 3414 5728 habet.
