4136 6378
412 384 492 444 99
1601 376 1664 434 S.
1713 367 2242 433 ATHANASIUS.
2272 400 2351 413 —
2380 365 2646 432 DUBIA.

3723 372 3849 440 100

416 513 678 570 exsistit:
712 526 777 566 ac
806 510 945 565 licet
973 508 1195 581 pluries
1225 507 1564 579 repetitum,
1596 519 1898 576 nunquam
1938 518 2067 574 per-

2195 498 2361 571 μίνει.
2419 498 2518 553 Τὸν
2579 495 2637 553 δὲ
2684 503 2780 554 τοῦ
2830 504 2963 555 Θεοῦ
3010 494 3185 575 Λόγον
3234 502 3433 557 ἄνωθεν
3480 503 3509 556 6
3538 500 3848 578 ψαλμῳδὸς

417 606 633 658 manet.
668 601 747 657 De
776 599 961 654 Verbo
993 602 1189 653 autem
1225 595 1321 651 Dei
1348 595 1580 668 jamdiu
1613 594 1895 667 propheta
1928 608 2071 662 pra:-

414 691 636 747 dicarat
664 690 759 745 his
810 688 1040 744 verbis:
1106 708 1134 735 ‹‹
1163 690 1229 740 In
1276 689 1584 751 aeternum,
1635 682 1901 749 Domine,
1937 684 2074 734 Ver-

409 781 551 835 bum
582 783 754 834 tuum
790 781 1095 849 permanet
1124 777 1182 830 in
1217 774 1363 830 coelo
1403 775 1466 828 η.
1504 795 1531 822 ››
1563 775 1689 839 Qua
1736 773 1795 826 in
1845 786 1905 825 re
1954 767 2067 840 ipsi

411 872 694 923 consonat
723 864 1101 938 evangelista,
1136 863 1236 935 qui
1267 862 1523 918 Verbum
1556 877 1686 917 esse
1719 866 1900 914 Deum
1932 874 2070 913 con-

413 956 632 1022 ﬁtetur,
664 956 807 1010 dum
838 952 1006 1008 illum
1040 950 1384 1024 apparuisse
1408 950 1744 1015 annuntiat,
1766 946 2072 1003 advenisse

415 1049 634 1112 narrat,
668 1052 723 1099 et
755 1044 1125 1099 incarnatum
1160 1040 1343 1095 fuisse
1375 1039 1669 1111 praedicat,
1722 1054 1825 1092 nec
1874 1042 2072 1090 tamen

416 1131 643 1188 Patrem
677 1132 736 1187 in
799 1130 971 1186 Verbi
1025 1128 1434 1184 incarnatione
1488 1126 1949 1199 complectitur;
1997 1122 2079 1178 ait

415 1221 607 1277 enim:
648 1244 668 1271 ι
708 1220 960 1277 Verbum
1002 1235 1137 1275 caro
1171 1218 1393 1272 factum
1442 1223 1531 1273 est
1579 1222 1635 1273 et
1676 1215 1970 1271 habitavit
2014 1212 2075 1267 in

418 1310 625 1366 nobis:
661 1314 718 1364 et
768 1308 1027 1364 vidimus
1084 1306 1331 1378 gloriam
1389 1307 1541 1376 ejus,
1600 1305 1842 1377 gloriam
1903 1300 2075 1373 quasi

415 1398 712 1472 Unigeniti
743 1415 778 1454 a
808 1398 999 1463 Patre,
1037 1396 1276 1469 plenum
1310 1395 1509 1467 gratias
1544 1401 1602 1449 et
1651 1391 1914 1447 veritatis
1948 1391 2007 1446 ιτ.
2045 1410 2075 1439 ››

415 1488 794 1560 Unigenitum
825 1486 1082 1541 Verbum
1115 1485 1174 1539 in
1224 1484 1443 1540 mundo
1492 1482 1682 1539 cernis
1733 1480 2076 1537 manifesta-

414 1582 564 1645 tum,
596 1575 751 1631 inter
781 1574 1052 1630 homines
1082 1573 1368 1638 habitare,
1390 1571 1760 1643 gloriamque
1784 1569 1874 1624 illi
1912 1569 2081 1623 attri-

416 1663 538 1733 bui,
574 1661 745 1735 quasi
777 1660 1071 1733 Unigeniti
1129 1678 1163 1715 a
1222 1660 1420 1716 Patre:
1486 1675 1601 1715 non
1661 1656 1832 1730 quasi
1879 1657 2077 1729 ipsum

414 1753 675 1808 Verbum
699 1755 871 1806 Pater
894 1750 988 1817 sit,
1011 1765 1117 1805 nec
1140 1749 1306 1819 quasi
1342 1747 1511 1803 Pater
1562 1763 1677 1802 una
1725 1763 1859 1803 cum
1890 1745 2079 1802 Verbo

415 1856 543 1898 sese
602 1838 1085 1905 manifestaverit,
1142 1837 1296 1893 sicut
1351 1836 1526 1893 homo
1576 1853 1691 1891 una
1745 1853 1878 1891 cum
1965 1851 2072 1891 suo

417 1930 589 1985 verbo
619 1932 898 2001 apparet:
962 1942 1149 1998 neque
1210 1930 1402 1998 potest
1460 1941 1740 1997 apparere
1799 1924 2066 1988 verbum,

420 2017 533 2074 nisi
572 2017 623 2072 is
645 2016 747 2088 qui
780 2015 921 2070 illud
955 2015 1185 2081 effatur,
1218 2015 1372 2069 adsit
1403 2018 1459 2069 et
1489 2013 1784 2085 loquatur.
1823 2013 2069 2078 Quibus-

422 2123 558 2161 nam
590 2105 771 2178 igitur
801 2102 1151 2160 credemus?
1192 2103 1346 2158 Iisne
1393 2103 1492 2174 qui
1538 2102 1709 2157 nobis
1755 2102 2071 2174 praedicant

420 2195 631 2250 Filium
663 2210 697 2250 a
728 2197 899 2249 Patre
931 2193 1273 2260 advenisse;
1305 2210 1380 2247 an
1414 2192 1486 2247 iis
1537 2191 1639 2263 qui
1680 2192 1908 2246 Patrem
1954 2207 2072 2245 una

417 2300 552 2340 cum
584 2283 751 2352 Filio,
786 2298 966 2339 unam
996 2298 1310 2354 personam
1340 2297 1469 2336 esse
1514 2280 1763 2335 dicunt?
1809 2279 1867 2334 Si
1912 2280 2070 2334 enim

414 2372 591 2429 unica
619 2370 696 2428 sit
743 2387 1014 2443 persona,
1070 2370 1365 2442 quomodo
1422 2369 1524 2424 illa
1580 2370 1817 2441 quidem
1869 2368 2067 2438 mittit,

423 2463 547 2518 hmo
570 2477 703 2517 vero
730 2460 984 2517 mittitur
1002 2464 1061 2515 et
1086 2475 1185 2529 per
1205 2475 1441 2515 carnem
1491 2458 1851 2530 conspicitur
1869 2457 1897 2512 ?
1924 2458 2068 2512 Nam

419 2572 450 2602 «
477 2554 661 2606 Deum
693 2565 866 2604 nemo
891 2548 1034 2603 vidit
1066 2564 1324 2619 unquam
1353 2564 1365 2601 :
1412 2547 1749 2620 unigenitus
1772 2546 1953 2602 Filius
1970 2545 2070 2617 qui

421 2645 511 2695 est
538 2637 598 2693 in
630 2638 765 2694 sinu
798 2636 1013 2705 Patris,
1073 2636 1199 2708 ipse
1240 2636 1534 2691 enarravit
1567 2636 1607 2671 ιθ
1631 2657 1682 2702 η,
1721 2634 2071 2690 adveniens-

422 2744 538 2799 que
565 2726 693 2799 ipse
722 2730 928 2781 sancta
955 2741 1094 2780 voce
1124 2724 1405 2795 loquitur,
1431 2741 1496 2779 ac
1527 2724 1787 2796 seipsum
1839 2722 2071 2795 conspi-

423 2816 697 2872 ciendum
746 2814 984 2885 praebet,
1018 2818 1192 2886 atque
1229 2812 1326 2867 illo
1358 2812 1530 2867 modo
1564 2812 1745 2867 Patris
1795 2811 2072 2883 cognitio-

424 2919 559 2960 nem
590 2902 811 2958 indioat
839 2918 852 2957 :
892 2923 912 2950 ι
950 2901 1058 2967 Qui
1091 2900 1234 2955 vidit
1265 2917 1378 2968 me,
1409 2901 1556 2956 vidit
1585 2906 1642 2956 et
1691 2901 1917 2956 Patrem
1942 2901 2007 2967 η,
2039 2921 2067 2951 »

423 3008 529 3048 nec
559 3008 621 3047 se
652 2990 775 3062 ipse
806 2995 1035 3045 Patrem
1070 2990 1245 3044 dicit:
1280 2989 1573 3060 quomodo
1606 2989 1759 3045 enim
1794 2989 1850 3044 id
1911 2988 2071 3044 dice-

419 3086 526 3147 ret,
550 3097 680 3135 cum
705 3077 1017 3134 invisibilis
1038 3076 1135 3134 ille
1166 3077 1287 3133 sit?
1309 3078 1418 3133 Sed
1443 3094 1505 3134 se
1536 3077 1712 3134 talem
1754 3094 1883 3134 esse
1926 3094 2071 3149 qua-

420 3169 495 3224 lis
521 3173 612 3224 est
640 3168 846 3224 Pater:
882 3184 1015 3222 nam
1050 3167 1323 3238 superius
1364 3167 1625 3222 dixerat:
1687 3189 1715 3216 ‹‹
1749 3166 1807 3222 Si
1857 3182 2070 3238 cogno-

2191 586 2461 663 ἐκεκράγει
2496 585 2669 663 λέγων
2711 590 2848 657 (82).
2886 612 2915 640 ‹‹
2946 588 3041 651 Εἰς
3082 590 3174 644 τὸν
3223 588 3412 658 αἰῶνα,
3464 590 3647 667 Κύριε,
3678 593 3707 646 6
3738 593 3845 649 A6-

2182 696 2279 750 γος
2341 696 2438 730 σου
2500 673 2740 749 διαμένει
2801 677 2852 731 ἐν
2910 682 2989 749 τῷ
3041 677 3271 750 ούρανῷ-
3325 703 3353 730 ››
3405 681 3495 734 καὶ
3554 680 3848 759 σύμφωνος

2183 764 2337 837 αὐτῷ
2367 766 2394 819 6
2427 765 2557 819 Θεὸν
2587 766 2724 820 εἶναι
2755 767 2844 820 τὸν
2878 767 3051 841 Λόγον
3090 769 3378 842 ὁμολογῶν
3428 768 3848 844 ειῖδαγγελισιιτής⁹

2184 854 2553 931 φανερωθέντα
2625 876 2685 910 τε
2760 855 2919 910 αὐτὸν
2998 856 3398 932 εὐαγγελίζεται
3434 901 3452 924 ,
3507 859 3598 913 καὶ
3663 880 3848 934 παρα-

2180 942 2469 1019 γενόμενον
2532 942 2777 1016 μηνύει,
2837 944 2926 999 καὶ
3005 944 3347 1019 σαρκωθὲντα
3414 947 3717 1018 κηρύττει,
3777 948 3843 1004 οὗ

2182 1028 2723 1106 συμπεριλαμϐάνων
2768 1036 2837 1107 τῇ
2886 1038 2983 1088 τοῦ
3043 1034 3224 1108 Λόγου
3279 1036 3544 1110 σαρκώσει
3597 1037 3688 1091 τὸν
3737 1042 3847 1093 Πα-

2182 1119 2347 1194 τὲρα’
2402 1146 2430 1172 ‹‹
2480 1123 2537 1175 '0
2588 1122 2787 1198 Λόγος,
2848 1122 2947 1199 αάρ
3007 1144 3180 1201 φησι,
3239 1125 3367 1196 σὰρξ
3418 1127 3534 1198 (83)
3583 1123 3791 1199 ἆγὲνετο
3824 1170 3842 1198 ,

2181 1208 2272 1263 καὶ
2326 1210 2629 1280 ἓσκήνωσεν
2685 1210 2737 1265 ἐν
2770 1213 2928 1283 ἡμῖν,
2988 1211 3077 1266 καὶ
3138 1211 3472 1286 ἐθεασάμεθα
3527 1215 3627 1282 τὴν
3680 1212 3837 1286 δόξαν

2185 1296 2371 1369 αὐτοῦ,
2404 1296 2559 1368 δόξαν
2610 1320 2685 1361 ως
2728 1304 3065 1376 Μονογενοῦς
3115 1301 3260 1376 παρᾶ
3310 1302 3560 1377 Πατρὸς,
3609 1300 3837 1377 πλήρης

2185 1388 2416 1461 χάριτος
2463 1387 2552 1442 καὶ
2602 1386 2882 1459 ἀληθείας.
2931 1414 2957 1440 ››
3008 1390 3297 1465 Μονογενῆ
3346 1391 3439 1445 τὸν
3487 1391 3665 1467 Λόγον
3710 1388 3842 1450 ὄντα

2186 1477 2315 1550 ὁρᾷς
2370 1476 2421 1531 ἐν
2480 1475 2676 1549 κόσμῳ
2732 1477 3166 1555 φανερούμενον,
3226 1478 3279 1534 ἐν
3339 1480 3651 1556 ἀνθρώποις
3702 1503 3838 1553 σκη-

2185 1570 2401 1637 νοῦντα,
2460 1564 2615 1637 δόξαν
2674 1567 2822 1639 αύτῷ
2877 1570 3312 1645 κηρυσσομὲνην,
3366 1570 3443 1632 ὡς
3493 1572 3839 1647 Μονογενοῦς

2186 1654 2334 1727 παρὰ
2362 1657 2593 1730 Πατρὸς·
2628 1656 2735 1732 οὐχ
2781 1657 2857 1720 ὡς
2908 1659 3118 1732 Πατρὸς
3170 1657 3336 1714 αὐτοῦ
3383 1654 3558 1731 ὄντος,
3607 1658 3722 1716 οὐδ’
3759 1661 3837 1724 ὠς

2187 1748 2286 1798 τοῦ
2316 1746 2527 1820 Πατρὸς
2584 1747 2698 1818 ἅμα
2741 1750 2822 1817 τῷ
2873 1748 3033 1823 Λὸγῳ
3078 1750 3399 1826 πεφηνὸτος,
3450 1748 3631 1824 ὥσπερ
3679 1751 3709 1805 6
3739 1749 3839 1805 ἄν-

2192 1833 2410 1907 θρωπος
2442 1834 2555 1906 ἅμα
2595 1838 2674 1905 τῷ
2723 1834 2914 1889 ἑαυτοῦ
2963 1835 3206 1912 φαίνεται
3255 1834 3426 1913 λὸγῳ,
3456 1838 3547 1893 καὶ
3599 1838 3698 1894 ούκ
3726 1836 3838 1894 ἔστι

2180 1928 2411 1999 φανῆναι
2458 1922 2549 1976 τὸν
2600 1920 2785 1998 λὸγον,
2818 1922 2869 1978 εἴ
2908 1924 2985 1996 μή
3033 1924 3123 1979 καὶ
3155 1925 3183 1980 6
3210 1923 3398 1981 λαλῶν
3440 1927 3600 1983 αὺτὸν
3632 1926 3833 2003 παρείη

2178 2010 2268 2064 καὶ
2302 2011 2615 2087 φθέγγοιτο.
2666 2011 2816 2068 Τίσιν
2861 2010 2952 2067 οὖν
3007 2013 3335 2087 πιστεύομεν
3394 2018 3507 2088 (84)
3540 2035 3553 2085 ;
3589 2017 3832 2092 Πὸτιρον

2177 2104 2293 2160 τοῖς
2338 2098 2846 2174 εὐαγγελιζομένοις
2899 2104 3035 2174 ἡμῖν
3090 2103 3213 2157 ι’ἱὸν
3260 2104 3407 2180 παρὰ
3454 2106 3666 2179 Πατρὸς
3716 2105 3836 2161 ἔπι-

2186 2184 2563 2260 δεδημηκὸτα,
2600 2188 2634 2257 ἢ
2668 2195 2794 2251 τοῖς
2842 2189 2899 2244 ’ἐν
2951 2190 3248 2266 πρὸσωπον
3298 2194 3412 2263 ἅμα
3454 2197 3534 2265 τῷ
3563 2194 3727 2267 Λὸγῳ
3754 2193 3850 2249 τὸν

2180 2276 2394 2351 Πατέρα
2434 2279 2723 2353 φάσκουσιν
2775 2277 2909 2332 εἶναι
2944 2297 2958 2346 ;
2994 2277 3060 2332 Εἴ
3104 2279 3205 2354 γὰρ
3253 2278 3309 2333 ’ἐν
3361 2279 3677 2355 πρόσωπον,
3716 2286 3839 2344 πῶς

2178 2365 2241 2418 τὸ
2276 2364 2369 2436 μὲν
2402 2364 2748 2434 ἀποστέλλει,
2781 2367 2842 2421 τὸ
2876 2364 2932 2421 δὲ
2963 2366 3379 2440 ἀποστέλλεται,
3412 2369 3501 2423 καὶ
3552 2371 3835 2446 Θεωρεῖται

2182 2448 2272 2505 διὰ
2301 2454 2496 2525 σαρκὸς
2532 2472 2545 2521 ;
2583 2479 2609 2505 ‹‹
2635 2454 2763 2508 Θεὸν
2794 2481 2813 2505 ο
2840 2457 2940 2530 γὰρ
2971 2478 2998 2510 α
3019 2453 3195 2517 ούδεὲς
3219 2457 3425 2531 ἑώρακε
3453 2458 3676 2513 πώποτε
3697 2460 3840 2531 (85)’

2184 2541 2211 2595 6
2248 2543 2544 2617 μονογενὴς
2586 2543 2729 2614 Υἱὸς,
2760 2544 2787 2597 6
2819 2543 2892 2597 ὦν
2943 2544 3019 2605 εἰς
3067 2545 3157 2599 τὸν
3208 2544 3414 2601 κὸλπον
3464 2551 3560 2601 τοῦ
3610 2548 3842 2623 Πατρὸς,

2181 2629 2383 2693 ἐκεῖνος
2441 2630 2759 2707 ἐξηγήσατο,
2794 2658 2820 2684 ››
2865 2633 2953 2687 καὶ
3004 2637 3400 2710 παραγεγονὼς
3458 2635 3617 2699 αὐτὸς
3674 2638 3837 2714 φθέγ-

2180 2739 2328 2795 γεται
2377 2723 2447 2792 τῇ
2504 2719 2629 2795 ἁγίᾳ
2679 2725 2858 2798 φωνῇ,
2907 2724 3169 2797 παρέχων
3218 2726 3316 2792 τήν
3364 2725 3556 2779 εαυτοῦ
3585 2726 3839 2801 θεωρίαν,

2179 2807 2270 2863 καὶ
2303 2805 2391 2862 διὰ
2418 2806 2620 2879 ταύτης
2655 2812 2765 2883 (86)
2793 2812 2894 2879 τήν
2921 2809 3018 2865 τοῦ
3068 2814 3282 2888 Ιιατρὸς
3317 2811 3608 2888 ἐπίγνωσιν
3647 2815 3846 2870 ὑποτι-

2182 2895 2428 2969 θέμενος*
2480 2922 2508 2948 ι(
2560 2899 2617 2952 Ὀ
2664 2898 2925 2975 ἑωρακὼς
2973 2899 3092 2972 ἐμὶ,
3141 2898 3351 2972 ἕώρακε
3396 2903 3489 2957 τὸν
3542 2905 3776 2978 Ιιατιρα,
3809 2926 3840 2956 ι)

2182 2985 2290 3061 οὐχ
2318 2986 2502 3041 ἑαυτὸν
2536 2987 2671 3040 εἶναι
2715 2988 2807 3041 τὸν
2860 2988 3076 3063 Πατέρα
3128 2992 3369 3067 φάσκων,
3400 2995 3516 3053 πῶς
3567 2991 3693 3068 γὰρ,
3742 2992 3837 3049 τὸν

2182 3074 2411 3150 ἀὸρατον
2448 3094 2461 3144 ;
2511 3073 2659 3129 ἀλλὰ
2688 3081 2937 3131 τοιοῦτον
2970 3078 3085 3132 οἷον
3116 3080 3207 3133 τὸν
3243 3079 3475 3155 Ιιατὲραο
3520 3083 3843 3156 προειρήκει

2181 3163 2282 3237 γάρ
2317 3181 2331 3195 ·
2395 3186 2424 3214 ‹‹
2481 3162 2545 3218 Εἰ
2605 3163 2896 3239 ἐγνώκειτέ
2955 3186 3022 3238 με
3054 3211 3070 3239 ,
3128 3167 3219 3222 καὶ
3274 3169 3337 3222 τὸ
3379 3168 3592 3243 ΙΙατέρα
3625 3190 3732 3243 μου
3780 3168 3843 3225 ἂν

419 3258 656 3314 vissetis
690 3274 804 3323 me,
827 3261 884 3312 et
916 3255 1143 3311 Patrem
1197 3272 1394 3310 meum
1454 3256 1655 3326 ul'ique
1703 3255 2071 3325 cognovisse-

2187 3234 2366 3325 ᾔδειτε
2412 3254 2546 3325 (87),
2598 3234 2770 3322 ››”τήν
2830 3234 2998 3309 δυάδα
3054 3234 3159 3311 τῶν
3222 3234 3535 3331 προσώπων
3593 3234 3841 3334 ἄντικρυς

418 3345 496 3401 tis
516 3347 581 3402 9°.
601 3368 629 3396 »
654 3344 877 3409 Quibus
899 3343 1241 3400 dualitatem
1269 3360 1655 3415 personarum
1684 3350 1879 3414 aperte
1903 3343 2071 3400 nobis

420 3433 681 3490 declarat
711 3450 779 3488 ex
811 3433 1025 3488 deitate
1084 3432 1143 3487 in
1203 3431 1366 3487 nullo
1419 3432 1695 3489 dissimili
1751 3434 2067 3505 cognitam.

419 3525 786 3595 Quapropter
815 3521 917 3594 qui
964 3520 1093 3575 Filii
1151 3526 1470 3593 conspectu
1532 3522 1748 3594 dignus
1801 3522 2070 3589 habetur,

418 3614 735 3683 conspectu
770 3609 957 3665 Patris
989 3609 1232 3665 minime
1263 3609 1545 3681 privatur.
1578 3615 1703 3665 Non
1735 3611 1890 3667 enim
1913 3611 2073 3684 geni-

416 3706 512 3756 tor
537 3699 649 3755 sibi
678 3698 1030 3755 dissimilem
1058 3699 1377 3772 generavit,
1401 3700 1499 3755 sed
1524 3698 1698 3755 talem
1732 3699 1925 3771 qualis
1946 3700 2072 3773 ipse

418 3794 528 3846 est.
552 3789 612 3845 Si
632 3788 828 3859 itaque
853 3788 1083 3843 unicam
1119 3804 1236 3843 rem
1260 3789 1543 3843 duntaxat
1583 3789 1905 3861 existimas,
1936 3806 2071 3845 cum

420 3894 619 3934 revera
648 3877 776 3933 dum
804 3877 949 3947 sint,
983 3875 1210 3931 Patrem
1254 3881 1312 3932 et
1360 3876 1568 3932 Filium
1619 3877 1876 3950 ignoras.
1937 3880 2075 3944 Quae

419 3982 557 4038 ergo
589 3964 694 4021 tibi
726 3981 859 4021 cum
885 3964 1283 4021 ecclesiastica
1312 3965 1576 4020 doctrina
1606 3965 1943 4022 communio
1972 3984 2071 4023 su-

420 4054 664 4129 perest?
720 4054 915 4125 Ecqua
973 4054 1198 4109 ratione
1256 4053 1486 4110 Domini
1547 4071 1716 4110 voces
1773 4056 2069 4128 excipias:

427 4163 456 4197 ε
477 4143 616 4216 Ego,
638 4164 666 4192 »
690 4142 906 4214 inquit,
929 4164 958 4192 ι(
982 4148 1039 4197 et
1077 4141 1248 4198 Pater
1269 4159 1451 4198 unum
1475 4144 1737 4198 sumus'1
1757 4144 1785 4198 τι)
1805 4166 1833 4194 ››
1854 4161 1919 4199 ac
1944 4162 2074 4199 rur-

421 4248 555 4288 sum
589 4231 660 4287 de
689 4234 859 4286 Patre
889 4231 1253 4288 edisserens:
1294 4254 1314 4281 ι
1348 4231 1433 4286 Ab
1465 4230 1565 4287 illo
1595 4248 1751 4299 sum,
1784 4251 1816 4285 ι
1858 4232 2071 4304 inquit,

421 4343 451 4372 ιι
485 4324 544 4376 et
570 4319 671 4375 ille
702 4335 795 4375 me
824 4319 985 4375 misit
1005 4321 1052 4354 ²²
1078 4337 1092 4376 :
1122 4342 1150 4370 »
1181 4321 1351 4376 tertio
1380 4320 1520 4376 item
1547 4338 1560 4375 :
1595 4343 1623 4371 ‹‹
1650 4322 1765 4393 Ego
1784 4323 2019 4394 rogabo.
2044 4343 2074 4373 »

422 4409 635 4481 inquit,
669 4430 698 4459 «
729 4407 962 4464 Patrem
994 4424 1214 4477 meum,
1245 4414 1304 4465 et
1331 4408 1513 4465 alium
1566 4409 1916 4466 Paraclitum
1974 4411 2077 4468 da-

422 4496 509 4553 bit
536 4497 703 4553 vobis
731 4496 797 4551 ²³.
832 4519 860 4548 ››

493 4585 547 4639 3.
607 4584 749 4640 Cum
812 4584 993 4656 igitur
1049 4585 1120 4641 de
1175 4584 1371 4657 seipso
1430 4587 1606 4655 dicat,
1668 4587 1883 4659 «Ego:
1919 4611 1948 4638 ››
2007 4590 2153 4661 deD

421 4672 590 4729 Patre
644 4687 804 4740 vero,
864 4672 1059 4728 «Ille:
1095 4695 1123 4723 »
1182 4674 1253 4729 de
1311 4674 1533 4746 Spiritu
1593 4681 1795 4731 sancto
1852 4682 2069 4749 autem,

495 4823 540 4859 ¹⁶
573 4821 720 4878 Psal.
753 4838 946 4890 cxvm,
976 4823 1065 4877 89.
1166 4824 1208 4858 ¹⁷
1237 4825 1403 4880 Joan.
1448 4842 1489 4890 ι,
1544 4826 1633 4882 44.

424 4894 473 4931 ²²
496 4894 666 4951 Joan.
694 4911 795 4965 vn,
828 4896 917 4949 29.
997 4895 1042 4929 ³³
1070 4896 1236 4951 Joan.
1268 4912 1386 4965 xw,
1420 4898 1506 4952 16.

499 5046 613 5119 (82)
644 5043 855 5124 Λέγων.
889 5046 1063 5104 Deest
1091 5048 1151 5103 in
1182 5047 1490 5124 Basiliensi
1521 5054 1580 5105 et
1636 5050 1874 5124 Seguer.
1906 5053 2077 5124 Mox,

426 5115 610 5201 Κύριε,
642 5115 860 5212 inn'solo
916 5123 1155 5212 ἔθεμεν.
1204 5115 2077 5212 habetur,"quem:sequimur,

426 5189 885 5267 quiaingGr‘teco
916 5189 1229 5267 Scriptura
1240 5196 1442 5267 _tei_rt_u,
1476 5189 1665 5267 Κύριε,
1701 5189 1934 5267 legitur.

493 5261 610 5332 (83)
640 5261 723 5316 lta
752 5262 825 5317 Se
872 5279 928 5316 u.
960 5265 1019 5318 et
1046 5261 1210 5319 Gobl.
1239 5264 1388 5319 Editi
1421 5261 1645 5321 vero'et
1673 5261 1863 5323 caeteri
1898 5284 2045 5326 mss.

468 5333 524 5401 ὶρ
556 5329 684 5401 ἔφη,
716 5278 865 5401 σάρξ
2058 5310 2075 5338 ’

460 5351 524 5401 αρ
556 5351 684 5401 εφη,
716 5351 865 5401 σαρι-

422 5350 524 5407 γαρ
556 5350 581 5385 ε
623 5352 684 5403 η,
716 5350 877 5418 σαρξ..

496 5352 620 5476 (84)
640 5404 1054 5477 Seguerianus,
1093 5402 1472 5477 πιστεύσομεν.

501 5476 615 5547 (85)
647 5476 708 5550 In
728 5476 885 5550 edit.
917 5476 1101 5531 Paris.
1134 5481 1192 5531 et
1221 5476 1419 5550 Colon.
1455 5478 1692 5550 legitur,
1727 5476 1854 5533 ἀλλ’
1886 5485 2020 5536 ante
2049 5479 2078 5533 ὀ

429 5546 756 5631 μονογενής,
790 5549 890 5603 sed
927 5564 1059 5630 cum
1100 5548 1296 5631 nenia
1336 5546 1591 5631 editione
1645 5546 1927 5607 Commel.
1956 5568 2081 5631 nec

426 5617 716 5747 iaigtaliquo
747 5635 859 5675 ms.
893 5634 999 5675 nec
1028 5621 1087 5675 in
1116 5619 1417 5692 Scriptura
1444 5620 1695 5693 legatur,
1718 5626 2079 5694 eXpunctum

1738 4828 1780 4862 ¹⁸
1830 4828 1971 4885 ibid.
2025 4830 2112 4887 18.

2179 3342 2315 3413 ἡμῖν
2365 3339 2748 3416 ἐξηγούμενος,
2801 3342 3207 3417 ἀπαραλλάκτῳ
3256 3347 3673 3421 γνωριζομᾶνην
3715 3347 3839 3412 θεὸ-

2177 3449 2325 3500 τητι.
2376 3430 2570 3504 Διὸπερ
2604 3430 2632 3484 6
2676 3438 2775 3500 τῆς
2816 3436 2913 3486 τοῦ
2964 3434 3091 3486 Υἳοῢ
3144 3435 3561 3507 καταειούμενος
3608 3436 3838 3512 θεωρίας

2181 3517 2280 3573 οὐκ
2309 3517 2668 3594 ἀπεστέρηται
2713 3526 2812 3589 τῆς
2862 3525 2959 3575 τοῦ
3004 3522 3238 3597 Ματρὸς.
3273 3522 3345 3578 OL’.
3393 3524 3493 3599 γὰρ
3543 3522 3773 3580 ἀλλοῖον
3803 3525 3835 3581 6

2178 3609 2454 3684 γεννήτωρ
2478 3607 2678 3682 ἐγέννα,
2705 3607 2850 3664 ἀλλᾶ
2870 3614 3117 3665 τοιοῦτον
3143 3612 3256 3673 οἷος
3279 3614 3391 3686 (88)
3414 3611 3595 3674 αὐτὸς.
3620 3613 3682 3669 El
3704 3617 3834 3690 γοῦν

2181 3694 2233 3751 ἕν
2260 3717 2313 3751 τι
2347 3697 2507 3769 μὸνον
2541 3698 2675 3752 εἶναι
2724 3704 2950 3775 πρᾶγμα
2999 3698 3262 3773 νομίζεις,
3314 3698 3409 3756 δύο
3455 3698 3512 3756 δὶ
3541 3697 3670 3756 ὅντα
3699 3702 3839 3757 κατὰ

2182 3783 2458 3859 ἀλήθειαν,
2509 3786 2719 3862 ἀγνοεῖς
2767 3789 2858 3842 τὸν
2914 3790 3130 3864 Πατέρα
3175 3789 3265 3844 καὶ
3312 3790 3405 3845 τὸν
3447 3791 3590 3847 Υἱὸν.
3622 3790 3711 3853 Τίς
3742 3789 3835 3847 οὖν

2182 3894 2266 3928 σοι
2318 3874 2453 3948 πρὸς
2500 3875 2597 3943 τήν
2648 3874 3104 3946 ἐκκλησιαστικὴν
3159 3874 3509 3934 διδασκαλίαν
3565 3877 3675 3933 ἐστὶ
3715 3900 3833 3934 κοι-

2180 3961 2345 4017 νωνία
2376 3980 2391 4031 ;
2426 3964 2550 4024 Ῑιῶς
2582 3960 2639 4017 δὶ
2661 3964 2754 4026 τὰς
2782 3969 2881 4019 τοῦ
2913 3962 3175 4020 δεσπὸτου
3209 3963 3330 4037 δὲξη
3369 3968 3573 4040 φωνὰς,
3608 3993 3636 4022 ιι
3663 3969 3832 4045 Ἐγὼ,

2182 4050 2337 4129 φησὶ,
2384 4049 2474 4106 καί
2505 4052 2533 4105 6
2564 4053 2750 4127 Πατὴρ
2778 4056 2891 4124 (89)
2934 4051 2989 4109 ἓν
3041 4055 3198 4127 ἔσμεν
3232 4075 3244 4125 ;
3278 4081 3305 4108 ))
3340 4056 3437 4111 Καὶ
3487 4055 3653 4112 πάλιν
3702 4056 3832 4134 περὶ

2181 4144 2276 4195 τοῦ
2310 4141 2520 4216 ΙΙατρὸς
2552 4138 2965 4218 διαλεγόμενος,
2998 4167 3025 4195 ιι
3061 4144 3195 4218 ΙΙαρ’
3234 4144 3400 4200 αὐτοῦ
3445 4145 3584 4219 εἶμι,
3613 4172 3642 4198 ››
3675 4146 3837 4224 φησὶ,

2180 4230 2428 4291 κάκεῖνος
2460 4228 2558 4303 ἐμὲ
2588 4228 2891 4286 ἀπέστειλευ
2926 4254 2956 4283 ι»
2987 4233 3311 4309 προστίθησι
3341 4230 3399 4289 δὲ
3429 4233 3517 4289 καὶ
3539 4234 3602 4289 τὸ
3631 4234 3839 4309 τρίτον’

2187 4343 2215 4372 ‹‹
2248 4318 2412 4394 Ἐγὼ,
2442 4341 2471 4371 »
2521 4319 2675 4397 φησὶ,
2709 4344 2735 4370 (ι
2771 4318 3132 4396 παρακαλέσω
3176 4322 3267 4377 τὸν
3313 4322 3523 4399 Πατέρα
3573 4344 3700 4397 μου,
3747 4321 3842 4379 καὶ

2186 4405 2358 4462 ἄλλον
2385 4406 2747 4484 ΙΙαράκλητον
2781 4406 2944 4464 δώσει
2973 4411 3123 4484 ὑμῖν.
3158 4434 3187 4463 ››

2256 4590 2415 4642 Ὅταν
2451 4585 2541 4641 οὗν
2575 4590 2700 4665 περὶ
2754 4590 2848 4663 μὲν
2896 4589 3087 4645 ἑαυτοῦ
3116 4587 3252 4667 λεγῃ
3278 4592 3361 4663 τὸ,
3393 4615 3421 4642 ‹‹
3457 4592 3620 4666 Ἐγὼ,
3656 4615 3684 4644 ››
3714 4591 3848 4669 περὶ

2183 4674 2242 4733 δὶ
2270 4674 2366 4732 τοῦ
2398 4679 2630 4753 ΙΙατρὸς,
2671 4701 2698 4733 ε
2730 4680 2981 4751 Ἐκεῖνος,
3016 4704 3044 4733 ››
3077 4680 3202 4754 περὶ
3253 4676 3311 4735 δὲ
3356 4684 3453 4735 τοῦ
3491 4680 3844 4755 Ιινεύματος,

2867 4833 2914 4869 ²⁰
2966 4833 3107 4890 ibid.
3156 4833 3213 4888 7.

2216 4832 2259 4866 ¹⁹
2309 4830 2481 4887 Joan.
2532 4848 2645 4904 xxv,
2693 4832 2753 4889 9.
2867 4833 2914 4869 ²⁰
2966 4833 3107 4890 ibid.
3156 4833 3213 4888 7.
3317 4834 3365 4869 “
3410 4833 3579 4891 Joan.
3628 4852 3683 4901 ι,
3741 4835 3834 4893 30.

2261 5056 2380 5130 (86),
2407 5054 2584 5130 Basil.
2616 5061 2676 5111 et
2697 5060 2934 5130 Segusr.
2968 5057 3205 5115 habent.
3239 5053 3329 5112 διὰ
3352 5055 3574 5129 ταύτης.
3605 5058 3750 5116 Editi
3782 5064 3843 5118 et

2189 5122 2406 5193 ceteri,
2442 5122 2531 5180 διὰ
2543 5130 2732 5184 ταῦτα.

2188 5264 2217 5322 ὃ
2255 5199 2373 5322 (ἐξ)
2404 5198 2635 5256 Gobler.
2669 5204 2727 5255 et
2753 5198 2904 5257 Felc.
2932 5201 2957 5255 1
2992 5200 3232 5269 habent,
3263 5198 3551 5276 ἐγνώκειτε
3606 5199 3686 5271 ἂν,
3740 5199 3841 5269 τὴν

2222 5289 2251 5322 υ
2364 5310 2376 5322 .

2222 5289 2376 5324 υαοα.

2189 5340 2673 5467 δθξὲἐέθευενη
2702 5341 2840 5399 οἷον.
2875 5343 3027 5413 Mox,
3058 5340 3103 5397 εἰ
3134 5345 3289 5418 γοῦν,
3322 5343 3489 5401 deest
3517 5345 3578 5400 in
3637 5344 3839 5414 Basil.,

2232 5428 2618 5568 afﬁrmetis,
2648 5482 2843 5568 going.
2877 5489 2981 5568 Sic
3018 5501 3225 5568 onmnea
3272 5503 3417 5568 mss.
3462 5485 3637 5568 Editi.
3686 5484 3843 5568 καὶηὸ

2190 5551 2399 5634 ξίατήρ.
2457 5551 2992 5634 Ibid.'dSeguer._et
3035 5556 3240 5634 Ba‘silﬂ
3290 5556 3379 5634 καὶ
3419 5555 3536 5634 σὺη
3564 5557 3758 5634 Πάτερ,

2190 5621 2366 5706 ἐσμενῖ
2416 5625 2505 5680 καὶ
2553 5621 2751 5699 πάλινξ
2793 5627 2933 5706 Ἐγὼ
2982 5627 3073 5682 καὶ
3113 5628 3142 5682 6
3185 5621 3374 5706 Πατὴρ
3418 5627 3471 5685 ἔν
3498 5621 3717 5704 ’ἄσμενδ
3743 5621 3854 5685 ’καὶ

2187 5693 2374 5754 πάλιν.
