4136 6382
258 396 363 458 101

1492 390 1811 457 CONTRA
1858 386 2426 455 SABELLIANOS.

3553 396 3667 457 102

259 553 285 581 ‹‹
320 524 512 590 ἄλλος·
567 550 597 580 »
629 530 744 589 πῶς
799 525 897 581 οὐκ
944 524 1241 581 αποστασία
1288 526 1461 604 σαφὴς
1511 527 1784 601 ἀρνεῖσθαι
1832 526 1901 580 τὰ

2036 526 2266 593 ιΑΙίιιε;
2303 548 2332 575 ››
2364 542 2558 581 nonne
2589 525 2965 596 apertissima
2991 525 3232 581 defectio
3267 532 3323 581 et
3372 529 3671 599 apostasia

256 614 398 692 τρία,
455 615 544 669 καὶ
602 615 765 688 μὸνον
823 616 956 670 εἴναι
1006 615 1185 690 Αέγειν
1241 616 1333 670 τὸν
1385 616 1674 693 φάσκοντα·
1711 638 1739 667 ‹‹
1798 613 1908 669 Οὐκ

260 704 372 778 εἰμὶ
407 705 596 777 μὸνος,
626 702 709 759 ὅτι
741 704 767 758 6
799 706 1015 778 πέμψας
1051 725 1117 777 με
1168 705 1361 780 Πατὴρ
1397 706 1513 777 μετ’
1541 705 1676 777 ἐμοῦ
1708 702 1840 759 ἐστι.
1876 726 1904 754 ››

260 795 466 868 Χρῆται
498 791 556 850 δὲ
584 794 673 847 καὶ
704 797 907 867 νομικῇ
947 797 1101 870 φωνῇ
1150 795 1284 867 (90),
1316 793 1405 848 καὶ
1459 791 1547 847 διὰ
1575 792 1777 861 ταύτης
1812 789 1906 846 δύο

260 882 582 957 παρίστησιν
633 877 789 944 ὄντας
835 882 994 937 αὑτὸν
1024 903 1085 936 τε
1131 882 1220 937 καὶ
1258 882 1349 937 τὸν
1385 883 1615 955 Πατέρα·
1654 905 1682 934 ι(
1715 883 1797 935 Ἐν
1828 884 1907 951 τῷ

262 971 437 1045 νὸμῳ,
495 972 596 1048 γάρ
647 992 799 1049 φησι,
856 975 935 1043 τῷ
995 968 1241 1047 ὑμετέρῳ
1297 972 1616 1047 γέγραπται,
1678 969 1760 1025 ὅτι
1813 967 1909 1023 δύο

261 1059 561 1136 ἀνθρώπων
611 1063 646 1130 ἡ
704 1059 971 1137 μαρτυρία
1022 1058 1236 1131 ἀληθής
1278 1060 1436 1115 ἐστιν’
1474 1061 1635 1136 Ἐγὼ,
1662 1083 1690 1110 ››
1721 1058 1908 1134 φησὶν,

262 1174 289 1201 ‹‹
324 1148 438 1222 εἰμὶ
472 1149 499 1202 6
535 1154 821 1226 μαρτυρῶν
868 1149 990 1225 περὶ
1040 1149 1296 1222 ἐμαυτοῦ,
1334 1151 1422 1204 καὶ
1476 1153 1738 1225 μαρτυριῖ
1784 1146 1907 1222 περὶ

264 1236 399 1311 ἐμοῦ
432 1237 459 1291 6
489 1236 705 1312 πέμψας
743 1259 808 1311 με
856 1240 1071 1311 Πατήρ.
1107 1262 1135 1290 ››
1169 1235 1311 1294 Ἰδοὺ
1343 1240 1445 1313 γὰρ
1496 1235 1590 1293 δύο
1620 1237 1909 1311 πρὸσωπα,

264 1328 354 1382 καὶ
387 1326 433 1381 εί
464 1327 539 1400 μὴ
575 1326 753 1403 λέγεις
801 1325 896 1383 δύο
936 1328 1070 1382 εἶναι
1120 1327 1257 1382 κατὰ
1304 1328 1584 1398 ἀλήθειαν,
1615 1331 1775 1381 τοῦτο
1825 1325 1913 1382 λέ-

264 1437 375 1491 γων
408 1413 533 1470 οὐδὲ
580 1418 678 1485 τήν
734 1415 1025 1493 μαρτυρίαν
1059 1415 1145 1487 ἐᾷς
1192 1416 1533 1471 συνίστασθαι
1582 1413 1739 1470 οὖσαν
1773 1414 1912 1485 άλη-

264 1506 437 1576 θινήν.
468 1509 636 1560 Τοῦτο
694 1507 796 1581 γὰρ
854 1509 1137 1560 πιστοῦται
1189 1506 1287 1573 τὴν
1346 1504 1665 1581 μαρτυρίαν,
1721 1504 1784 1558 τὸ
1836 1505 1913 1575 μὴ

268 1595 355 1672 ὑφ’
386 1594 503 1656 ἑνὸς
534 1593 773 1669 γίνεσθαι
826 1594 1015 1668 μὸνου,
1050 1593 1177 1650 ἀλλ’
1226 1595 1329 1649 ὑπὸ
1378 1593 1494 1652 δύο.
1537 1592 1633 1649 Καὶ
1663 1594 1767 1669 γὰρ
1820 1613 1915 1666 με·

268 1683 603 1759 μαρτύρηκεν
661 1683 689 1736 6
739 1685 929 1759 Πατὴρ
981 1682 1031 1753 ἐξ
1091 1682 1318 1758 ούρανοῦ
1372 1681 1551 1759 λέγων
1586 1724 1597 1742 .
1659 1708 1686 1736 ‹‹
1741 1681 1915 1745 Οῦτὸς

266 1771 406 1827 ἐστιν
435 1772 463 1827 6
489 1772 615 1834 Υἱὸς
667 1792 772 1845 μου
821 1772 848 1825 6
894 1772 1198 1847 ἀγαπητὸς⁶
1237 1797 1264 1824 ››
1298 1772 1391 1827 καὶ
1431 1774 1554 1835 Υἱὸς
1611 1776 1746 1827 Θεοῦ
1778 1772 1915 1826 εῖναι

267 1862 295 1916 6
331 1862 635 1937 μονογενὴς
668 1862 791 1923 Υἱὸς
839 1864 953 1935 (91)
1009 1866 1291 1937 μαρτυρεῖ,
1324 1863 1413 1917 καὶ
1462 1863 1543 1935 τῴ
1578 1862 1751 1937 Πατρὶ
1785 1858 1914 1915 διεί-

269 1948 457 2005 λεκται
489 1954 671 2028 σαφῶς
722 1950 774 2004 ἐν
823 1950 1011 2013 ἀκοαῖς
1054 1951 1352 2026 ἀνθρώπων
1385 1950 1587 2028 λέγων·
1631 1975 1658 2004 ‹‹
1689 1952 1917 2024 Ἐξομο-

270 2038 546 2115 λογοῦμαί
580 2061 686 2107 σοι,
721 2040 924 2116 Πάτερ,
949 2038 1111 2115 Κύριε
1138 2044 1235 2095 τοῦ
1267 2040 1499 2116 οὐρανοῦ
1530 2042 1617 2095 καὶ
1666 2047 1764 2109 τῆς
1792 2046 1917 2115 γῆς,

269 2124 351 2181 ὅτι
412 2127 723 2203 ἀπέκρυψας
770 2132 937 2182 ταῦτα
983 2128 1090 2183 ἀπὸ
1138 2133 1318 2207 σοφῶν
1367 2130 1457 2184 καὶ
1506 2134 1779 2197 συνετῶν,
1830 2132 1921 2183 καὶ

270 2215 621 2291 ἀπεκάλυψας
668 2217 804 2271 αὖτά
849 2217 1083 2287 νηπίοις.
1136 2218 1235 2272 Ναὶ
1291 2218 1319 2271 6
1350 2220 1564 2292 Πατήρ’
1612 2218 1694 2273 ὅτι
1746 2217 1918 2279 οὕτως

272 2303 493 2360 εὐδοκία
542 2304 749 2382 ἰγὲνετο
794 2304 1092 2381 ἔμπροσθέν
1135 2328 1252 2364 σου.
1302 2308 1484 2362 Πάντα
1519 2328 1611 2380 μοι
1642 2303 1915 2382 παρεδόθη

275 2394 378 2449 ὑπὸ
407 2399 505 2449 τοῦ
526 2396 742 2471 Πατρὸς
789 2417 914 2468 μου.
950 2418 979 2447 ››
1011 2395 1181 2452 Ἀλλὰ
1227 2396 1278 2451 τί
1324 2397 1459 2472 πρὸς
1505 2401 1671 2451 ταῦτα
1719 2396 1923 2451 ἀπολο-

272 2488 496 2557 γοῦνται
545 2484 597 2538 οἳ
634 2490 735 2553 τῆς
792 2482 1070 2539 Ἰουδαίων
1123 2488 1233 2559 (92)
1287 2485 1563 2559 ἀρνήσεως
1616 2484 1918 2561 ὑπηρέται,

277 2571 407 2647 ὑπὲρ
464 2576 562 2625 τοῦ
621 2573 697 2645 μὴ
766 2577 947 2649 σαφῶς
1020 2572 1342 2649 ἰλὲγχεσθαι
1390 2580 1509 2637 τοῖς
1566 2574 1921 2651 Εὐαγγελίοις

274 2660 724 2733 ἀντιπράττοντες
793 2664 891 2714 τοῦ
950 2661 1148 2736 Κυρίου
1205 2665 1367 2734 ἡμῶν
1421 2664 1606 2733 Ἰησοῦ
1665 2669 1919 2739 Χριστοῦ·

268 2749 360 2803 καὶ
392 2747 566 2810 οὕτως
615 2746 711 2804 δύο
756 2748 1072 2811 ὑποστάσεις
1124 2749 1423 2827 φαίνεσθαι,
1451 2747 1547 2804 ἕνα
1589 2752 1681 2805 τὸν
1712 2753 1924 2825 Πατὲρα

271 2837 424 2906 Θεὸν,
472 2834 656 2912 ἕτερον
710 2835 767 2892 δὲ
814 2838 906 2893 τὸν
958 2839 1083 2893 Υἱὸν
1135 2835 1457 2915 ἅνθρωπον;
1502 2844 1611 2895 Φεῦ
1655 2846 1755 2909 τῆς
1802 2841 1923 2894 ἀσε-

272 2921 419 2988 ϐείας
456 2928 467 2983 ί
500 2926 599 2981 Καὶ
628 2927 680 2982 τί
725 2924 887 2981 τοῦτο
939 2925 1179 3005 διαφέρει
1228 2936 1329 2997 τῆς
1380 2930 1743 3001 Σαμοσατὲως
1787 2929 1925 2983 ἀπο-

273 3013 465 3091 λογίας
518 3032 533 3084 ;
589 3014 891 3070 εἰπάτωσαν
943 3012 1000 3069 δὲ
1048 3020 1163 3077 πῶς
1227 3014 1513 3088 ἅνθρωπος
1559 3018 1681 3091 περὶ
1733 3019 1924 3072 ἑαυτοῦ

273 3108 437 3158 ταῦτα
485 3104 799 3180 φθέγγεσθαι
847 3103 1050 3176 τολμᾷ.
1088 3128 1116 3156 ‹‹
1147 3110 1201 3160 Ὀ
1240 3105 1495 3181 ἑωρακὼς
1549 3104 1665 3179 ἐμὶ,
1722 3107 1927 3181 ἑώρακε

272 3193 363 3247 τὸν
400 3193 657 3265 “arripui;
708 3198 899 3255 »Πῶς
959 3190 1016 3247 δὲ
1071 3194 1099 3247 6
1147 3192 1532 3270 εὐαηελιστὴς
1582 3195 1707 3268 περὶ
1760 3194 1925 3249 αὐτοῦ

1951 1906 1998 1972 Β

2016 616 2190 670 fuerit
2217 620 2338 669 tres
2372 632 2653 687 personas
2686 631 2920 686 negare,
2954 631 3018 669 ac
3053 615 3242 670 dicere
3274 617 3462 673 solum
3497 617 3667 672 illum

2016 720 2145 759 esse
2176 705 2276 775 qui
2308 704 2425 759 ait:
2461 727 2487 754 ‹‹
2524 705 2647 759 Non
2682 720 2815 759 sum
2848 705 3033 771 solus,
3067 703 3206 775 quia
3237 706 3337 776 qui
3368 723 3460 762 me
3505 707 3670 762 misit

2018 792 2204 858 Pater,
2236 809 2467 849 mecum
2499 796 2587 847 est
2616 795 2682 847 2⁸.
2719 816 2740 843 ι
2780 793 2931 848 Voce
2964 810 3196 864 quoque
3226 793 3400 865 legali
3458 797 3667 862 utitur,

2019 898 2085 937 ac
2116 899 2218 953 per
2246 882 2429 953 illam,
2463 899 2525 937 se
2577 886 2634 937 et
2694 883 2923 937 Patrem
2982 884 3130 938 duos
3187 900 3316 939 esse
3374 884 3664 940 declarat:

2020 993 2047 1021 «
2072 972 2133 1025 In
2154 970 2281 1042 lege
2307 993 2333 1020 »
2360 973 2538 1042 enim,
2563 972 2773 1042 inquit,
2800 995 2825 1021 ‹‹
2853 978 3047 1027 vestra
3069 973 3351 1043 scriptum
3385 978 3497 1041 est,
3530 974 3673 1045 quia

2020 1059 2271 1114 duorum
2305 1060 2609 1115 hominum
2657 1061 3065 1115 testimonium
3117 1078 3319 1116 verum
3372 1067 3499 1117 est:
3551 1062 3667 1133 Ego

2020 1164 2176 1212 sum,
2211 1170 2238 1197 »
2269 1149 2481 1219 inquit,
2521 1171 2547 1202 ιι
2576 1150 2676 1221 qui
2708 1150 3107 1205 testimonium
3142 1150 3417 1222 perhibeo
3448 1152 3518 1206 de
3546 1167 3670 1207 me-

2018 1236 2180 1307 ipso:
2212 1238 2312 1292 30
2343 1244 2399 1291 et
2429 1238 2834 1293 testimonium
2867 1239 3133 1310 perhibet
3164 1240 3234 1293 de
3266 1256 3376 1309 me,
3410 1242 3509 1312 qui
3556 1239 3673 1295 ml-

2021 1325 2098 1381 sit
2125 1342 2215 1381 me
2251 1327 2414 1382 Pater
2442 1327 2504 1379 ²⁵.
2538 1349 2566 1377 ››
2620 1327 2846 1382 Etenim
2896 1344 3026 1383 ecce
3069 1330 3216 1383 duas
3266 1345 3568 1401 personas,
3615 1334 3674 1385 et

2022 1415 2073 1470 si
2102 1417 2263 1471 dicas
2293 1417 2441 1471 duas
2474 1433 2672 1471 revera
2705 1434 2817 1471 non
2847 1433 2998 1487 esse,
3041 1418 3183 1473 dum
3232 1418 3340 1473 hoc
3383 1419 3669 1488 afﬁrmas,

2024 1521 2139 1558 non
2172 1505 2319 1561 sinis
2346 1505 2753 1562 testimonium
2787 1512 3075 1573 constare,
3123 1509 3275 1577 quod
3324 1512 3520 1564 tamen
3574 1526 3671 1564 ve-

2025 1610 2154 1648 rum
2186 1600 2295 1649 cst.
2330 1595 2408 1650 Eo
2440 1595 2656 1667 quippe
2674 1595 3081 1651 testimonium
3105 1596 3248 1651 illud
3273 1597 3669 1666 conﬁrmatur,

2026 1684 2182 1754 quod
2215 1700 2329 1739 non
2362 1684 2433 1739 ab
2466 1701 2581 1740 uno
2616 1684 2761 1750 solo,
2794 1685 2895 1739 sed
2926 1702 2959 1739 a
2990 1685 3220 1741 duobus
3272 1686 3670 1758 perhibeatur.

2028 1772 2332 1829 Enimvero
2365 1774 2711 1829 testiﬁcatus
2739 1777 2829 1829 est
2849 1774 3020 1829 Pater
3040 1775 3111 1829 de
3143 1774 3284 1831 caelo
3316 1775 3409 1831 his
3444 1778 3669 1833 verbis:

2027 1884 2056 1911 «
2089 1861 2191 1917 Hic
2219 1867 2310 1917 est
2337 1862 2518 1918 Filius
2548 1879 2717 1918 meus
2748 1863 2998 1918 dilectus
3028 1864 3105 1919 ’5:
3136 1886 3166 1913 »
3214 1867 3273 1919 et
3320 1864 3501 1921 Filius
3553 1866 3672 1934 Dei,

2029 1951 2397 2022 unigenitum
2433 1952 2532 2007 Dei
2566 1952 2773 2008 Filium
2801 1970 2862 2007 se
2891 1969 3020 2008 esse
3049 1958 3319 2024 testatur,
3343 1960 3401 2009 et
3423 1954 3674 2026 Patrem,

2031 2044 2231 2110 aperta
2259 2040 2639 2095 audientibus
2671 2040 3029 2109 hominibus,
3074 2042 3165 2097 his
3212 2043 3404 2098 verbis
3457 2044 3676 2099 allocu-

2030 2134 2125 2184 tus
2157 2134 2282 2183 est:
2335 2152 2362 2178 «
2396 2129 2684 2185 Conﬁteor
2732 2129 2860 2196 tibi,
2912 2130 3095 2201 Pater,
3143 2130 3386 2186 homine
3434 2132 3559 2187 coeli
3619 2138 3680 2189 et

2029 2221 2216 2285 terrae,
2251 2217 2389 2288 quia
2422 2218 2780 2273 abscondisti
2811 2218 2932 2273 haec
2963 2237 2996 2273 a
3027 2219 3395 2291 sapientibus
3436 2229 3489 2275 et
3534 2239 3679 2293 pru-

2032 2307 2331 2373 dentibus,
2365 2312 2423 2362 et
2453 2308 2722 2362 revelasti
2753 2324 2820 2362 ea
2851 2307 3131 2379 parvulis.
3167 2311 3271 2376 Ita,
3301 2310 3506 2365 Pater:
3543 2311 3685 2381 quia

2032 2396 2117 2451 sic
2138 2396 2249 2450 fuit
2272 2395 2551 2467 placitum
2575 2401 2709 2451 ante
2730 2402 2804 2451 te.
2830 2397 3041 2453 Omnia
3068 2398 3209 2452 mihi
3246 2399 3461 2454 tradita
3489 2406 3629 2455 sunt
3650 2417 3684 2455 a

2033 2485 2199 2541 Patre
2226 2502 2354 2541 meo
2378 2487 2441 2540 ²⁷.
2472 2509 2499 2536 ››
2529 2486 2640 2541 Sed
2664 2485 2805 2557 quid
2833 2488 2903 2541 ad
2924 2487 3045 2542 haec
3074 2489 3681 2559 respondentJudaeo-

2032 2592 2161 2629 rum
2213 2575 2541 2648 negationis
2587 2576 2956 2632 administri:
3001 2592 3073 2631 ne
3117 2577 3309 2648 palam
3354 2578 3680 2649 deprehen-

2033 2665 2249 2719 dantur
2307 2665 2602 2719 adversari
2654 2665 2984 2737 Evangeliis
3035 2666 3266 2720 Domini
3310 2667 3496 2721 nostri
3538 2668 3680 2723 Jesu

2033 2752 2246 2809 Christi
2272 2771 2285 2820 ;
2311 2758 2367 2808 et
2389 2770 2458 2807 ne
2482 2754 2565 2808 sic
2586 2753 2714 2807 duaa
2737 2753 3083 2825 hypostases
3121 2760 3460 2827 appareant,
3496 2773 3683 2811 unum

2034 2858 2243 2911 nempe
2275 2841 2526 2909 Patrem,
2573 2848 2777 2908 Deum,
2823 2842 3071 2898 alterum
3116 2860 3251 2898 vero
3302 2843 3538 2913 Filium,
3587 2844 3686 2900 ho-

2036 2930 2254 2984 minem
2276 2930 2303 2983 ?
2332 2947 2364 2984 o
2394 2929 2758 3001 impietatem
2789 2932 2798 2984 l
2839 2932 3056 3002 Ecquid
3089 2931 3233 2987 illud
3293 2932 3487 2988 diﬁ‘ert
3516 2950 3550 2988 a
3579 2935 3685 2989 Sa-

2035 3018 2390 3072 mosatensis
2414 3016 2792 3073 defensione?
2823 3019 3026 3073 Dicant
3049 3036 3163 3090 quo
3187 3024 3356 3091 pacto
3391 3020 3567 3075 homo
3596 3026 3682 3076 ta-

2034 3106 2113 3161 lia
2142 3107 2213 3161 de
2244 3105 2437 3176 seipso
2469 3105 2626 3177 loqui
2658 3107 2909 3161 audeat:
2945 3128 2973 3156 ‹‹
3005 3108 3111 3172 Qui
3146 3108 3288 3161 vidit
3319 3124 3409 3161 me
3439 3109 3586 3163 vidit
3629 3114 3686 3164 et

2038 3195 2262 3249 Patrem
2286 3196 2329 3230 ⁸⁸
2356 3198 2426 3248 P»
2457 3197 2570 3249 Aut
2601 3211 2705 3249 cur
2743 3194 3107 3266 evangelista
3164 3196 3356 3266 ipsum
3403 3197 3484 3251 ita
3530 3198 3685 3252 locu-

270 3287 438 3337 ταῦτα
470 3283 837 3359 φθεγγομένου
889 3288 1168 3359 μαρτυρεῖ,
1220 3281 1301 3338 ὅτι
1354 3282 1563 3359 Πατέρα
1592 3282 1730 3338 ἴδιον
1770 3282 1919 3360 ἔλεγε

2036 3288 2155 3337 tum
2181 3287 2469 3338 testatur:
2495 3299 2703 3354 nempe
2725 3285 2881 3354 quod
2909 3286 3086 3338 Deum
3108 3287 3336 3339 Patrem
3358 3302 3533 3340 suum
3557 3302 3686 3342 esse

270 3371 363 3426 16v
398 3372 524 3426 Θεὸν
579 3368 692 3425 ἴσον
743 3372 928 3426 ἑαυτὸν
978 3377 1149 3426 ποιῶν
1178 3377 1258 3443 τῷ
1298 3377 1414 3444 Θεῴ
1448 3391 1461 3441 ;
1495 3372 1605 3427 Ούκ
1638 3371 1922 3449 ἄνθρωπος

274 3459 392 3524 ἴσος
422 3466 500 3533 τῷ
530 3465 669 3533 Θεῷ,
722 3459 849 3515 ἀλλ’
883 3462 910 3515 6
943 3460 1002 3515 ἐκ
1045 3467 1142 3516 τοῦ
1184 3463 1298 3536 (93)
1346 3467 1480 3517 Θεοῦ
1526 3464 1656 3525 Θεὸς
1708 3459 1793 3517 ἶσα
1823 3460 1923 3533 ἔξει

269 3556 347 3623 τῷ
374 3552 718 3628 γεγεννηκὸτι
750 3551 885 3605 κατὰ
911 3550 1010 3619 τήν
1064 3549 1243 3628 φύσιν,
1276 3551 1349 3612 ὡς
1392 3552 1482 3605 καὶ
1526 3550 1749 3613 Παῦλος
1784 3572 1918 3627 μαρ-

267 3645 438 3716 τυρεῖ,
472 3639 533 3694 οὐ
567 3639 691 3716 περὶ
737 3642 836 3708 τῆς
890 3637 1368 3715 ἐνανθρωπήσεως,
1401 3637 1548 3695 ἀλλὰ
1591 3641 1659 3695 τὰ
1689 3640 1796 3716 πρὸ
1823 3647 1926 3709 τῆς

270 3729 729 3805 ἐνανθρωπήσιως
761 3727 1122 3804 ἐξηγούμενος
1146 3730 1280 3803 (94)⁶
1307 3750 1329 3779 α
1362 3730 1473 3798 Ὃς,
1496 3728 1547 3783 ἐν
1584 3732 1768 3805 μορφῇ
1793 3734 1926 3784 Θεοῦ

275 3818 561 3893 ὑπάρχων,
596 3817 704 3893 οὐχ
743 3818 1030 3893 ἁρπαγμὸν
1060 3820 1309 3892 ἡγήσατο
1338 3819 1401 3873 τὸ
1433 3818 1567 3872 εἶναι
1600 3816 1688 3872 ἴσα
1717 3823 1856 3890 Θεῷ.
1898 3842 1927 3871 ››

274 3909 457 3980 Ἰσμεν
506 3907 597 3961 καὶ
650 3905 1002 3980 ἀνθρωπίνως
1031 3906 1304 3969 πολλάκις
1352 3907 1444 3961 τὸν
1496 3914 1730 3984 Σωτῆρα
1776 3909 1929 3985 φθεγ-

274 3996 528 4071 γόμενον·
568 3993 697 4049 ἀλλ’
730 3994 837 4070 οὐχ
868 3993 957 4050 ὅτε
986 3994 1171 4071 φησίνο
1207 4020 1235 4048 ‹‹
1262 3997 1402 4072 Ἐγώ
1436 3996 1548 4069 εἰμι
1582 3998 1609 4051 6
1644 4000 1931 4071 μαρτυρῶν

275 4085 399 4156 περὶ
450 4083 711 4157 ἐμαυτοῦ,
754 4083 843 4137 καὶ
899 4089 1158 4158 μαρτυρεῖ
1199 4084 1325 4159 περὶ
1375 4084 1509 4156 ἐμοῦ
1538 4086 1564 4139 6
1595 4086 1813 4159 πεμψας
1866 4106 1933 4157 με

278 4173 489 4247 Πατήρ.
522 4196 550 4223 ››
600 4170 672 4225 Οὐ
718 4171 819 4247 γὰρ
865 4168 1146 4247 ἅνθρωπος
1197 4172 1225 4226 6
1274 4171 1539 4248 πεμφθείς
1582 4172 1656 4234 είς
1704 4174 1794 4227 τὸν
1837 4172 1929 4227 κό-

278 4282 438 4335 σμον,
467 4262 494 4315 6
520 4258 711 4336 λέγων·
747 4285 774 4311 ‹‹
808 4266 898 4315 Ἐκ
947 4264 1044 4315 τοῦ
1098 4262 1308 4336 Πατρὸς
1346 4260 1572 4331 ἐξῆλθον
1606 4261 1695 4316 καὶ
1726 4261 1865 4331 ἧκω’
1904 4286 1926 4314 ι

278 4352 306 4407 6
338 4349 532 4427 λέγων·
566 4375 593 4401 ‹‹
625 4348 814 4412 Οὕτως
846 4349 949 4425 γὰρ
999 4349 1281 4424 ἠγάπησεν
1334 4351 1362 4405 6
1392 4351 1522 4412 Θεὸς
1570 4352 1662 4406 τὸν
1702 4351 1929 4425 κόσμον,

280 4440 419 4495 ὥστε
446 4442 537 4494 τὸν
589 4440 710 4493 Υἱὸν
760 4436 926 4494 αὐτοῦ
973 4439 1065 4494 τὸν
1122 4442 1397 4515 μονογενῆ
1445 4438 1665 4513 ἔδωκεν,
1712 4439 1800 4495 ⁸ίνα
1829 4446 1933 4503 πᾶς

277 4531 306 4585 6
357 4528 625 4583 πιστεύων
678 4527 753 4589 εἷς
804 4526 963 4582 αὐτὸν
1007 4530 1121 4601 (95)
1175 4530 1250 4601 μὴ
1302 4526 1609 4600 ἀπόληται,
1660 4527 1786 4585 ἀλλ’
1829 4526 1933 4605 ἔχῃ

2035 3372 2264 3441 dixerit,
2297 3371 2698 3442 aequalemque
2729 3388 2858 3426 sese
2890 3377 3001 3427 Deo
3051 3372 3301 3427 fecerit?
3347 3373 3471 3428 Non
3526 3374 3684 3429 enim

2034 3465 2123 3516 est
2153 3460 2328 3515 homo
2361 3461 2475 3515 Deo
2505 3460 2786 3531 aequalis;
2820 3460 2919 3514 sed
2952 3460 3106 3515 Deus
3137 3476 3204 3516 ex
3253 3461 3389 3532 Deo,
3440 3462 3686 3534 aequalis

2035 3549 2360 3604 secundum
2396 3553 2666 3603 naturam
2700 3547 2809 3601 erit
2837 3548 2887 3602 ei
2920 3547 3021 3618 qui
3050 3564 3112 3602 se
3143 3549 3461 3618 generavit,
3518 3554 3584 3604 ut
3633 3558 3689 3605 et

2037 3638 2254 3694 Paulus
2287 3642 2552 3707 testatur,
2588 3637 2685 3691 ubi
2719 3653 2833 3692 non
2864 3637 2937 3692 de
2967 3637 3394 3703 incarnatione,
3458 3638 3559 3693 sed
3614 3639 3687 3694 de

2036 3727 2110 3782 iis
2168 3743 2296 3798 quae
2352 3726 2814 3781 incarnationem
2875 3742 3221 3797 praecessere
3278 3727 3454 3782 verba
3511 3727 3684 3784 facit:

2038 3837 2068 3866 «
2101 3817 2208 3882 Qui
2240 3832 2373 3871 cum
2406 3815 2465 3869 in
2501 3816 2690 3870 forma
2720 3814 2816 3869 Dei
2847 3819 3026 3880 esset,
3059 3832 3175 3869 non
3212 3816 3480 3886 rapinam
3533 3816 3693 3871 arbi-

2039 3911 2230 3961 tratus
2261 3910 2498 3960 estesse
2530 3920 2592 3960 se
2621 3903 2905 3976 aequalem
2936 3904 3052 3960 Deo
3085 3905 3147 3958 ’9.
3179 3922 3206 3955 ι
3243 3905 3474 3959 Scimus
3492 3910 3691 3961 autem

2040 3995 2332 4050 Christum
2367 3994 2714 4065 plerumque
2736 3994 3061 4048 secundum
3081 3993 3507 4049 humanitatem
3530 3993 3691 4049 locu-

2041 4090 2168 4140 tum
2202 4084 2424 4139 fuisse:
2459 4088 2517 4137 at
2548 4100 2662 4137 non
2700 4084 2935 4153 quando
2966 4082 3148 4137 dixit:
3188 4104 3215 4132 «
3250 4084 3366 4153 Ego
3397 4099 3530 4137 sum
3590 4084 3693 4154 qui

2042 4173 2447 4229 testimonium
2483 4171 2758 4243 perhibeo
2790 4172 2861 4226 de
2893 4172 3118 4242 meipso
3147 4188 3159 4225 :
3195 4177 3252 4225 et
3282 4171 3691 4227 testimonium

2042 4263 2397 4335 perhibetde
2426 4278 2540 4330 me,
2571 4260 2668 4331 qui
2702 4260 2863 4315 misit
2894 4277 3006 4325 me,
3040 4261 3210 4315 Pater
3230 4261 3294 4315 ³ο.
3334 4282 3360 4305 η
3392 4260 3515 4316 Non
3534 4260 3693 4317 enim

2042 4353 2216 4407 homo
2246 4355 2337 4406 est
2367 4350 2467 4422 qui
2500 4350 2720 4405 missus
2750 4353 2840 4405 est
2867 4349 2926 4403 in
2960 4350 3271 4419 mundum,
3323 4355 3380 4404 et
3428 4350 3549 4406 ait:
3590 4374 3610 4399 α
3646 4353 3695 4406 Α

2042 4443 2210 4496 Patre
2240 4439 2385 4495 exivi
2415 4446 2472 4495 et
2500 4439 2663 4493 venio
2687 4440 2726 4473 ³¹
2765 4456 2776 4493 :
2813 4460 2840 4488 »
2873 4438 2973 4509 qui
2997 4438 3133 4492 item
3162 4438 3337 4493 dicit:
3369 4459 3397 4492 ι
3419 4439 3514 4494 Sic
3535 4438 3695 4494 enim

2042 4530 2193 4585 Deus
2228 4529 2429 4583 dilexit
2459 4528 2770 4598 mundum,
2807 4533 2869 4581 ut
2921 4527 3129 4581 Filium
3188 4544 3363 4583 suum
3424 4528 3697 4600 unigeni-

282 4619 425 4688 ζωὴν
474 4616 717 4671 αἱώνιον’
752 4641 780 4669 ››
816 4617 844 4671 6
898 4616 1089 4693 λέγων’
1120 4642 1149 4669 ‹‹
1185 4612 1541 4689 Καταόἐὸηκα
1595 4617 1654 4673 ἐκ
1699 4624 1797 4673 τοῦ
1837 4618 1919 4673 06-

2045 4624 2169 4673 tum
2196 4619 2398 4673 daret:
2434 4623 2496 4671 ut
2527 4617 2719 4671 omnis
2740 4615 2840 4687 qui
2859 4616 3044 4671 credit
3067 4616 3124 4670 in
3152 4632 3309 4683 eum,
3338 4633 3451 4671 non
3476 4623 3697 4689 pereat,

280 4711 464 4784 ρανοῦ,
499 4704 605 4782 οὐχ
635 4703 721 4760 ἵνα
748 4710 893 4760 ποιῶ
916 4707 979 4761 τὸ
1003 4704 1223 4780 θέλημα
1251 4710 1391 4780 (95⁴”)
1421 4708 1483 4761 τὸ
1514 4706 1667 4780 ἰμὸν,
1699 4707 1845 4763 ἀλλὰ
1868 4708 1931 4762 τὸ

281 4795 501 4869 θέλημα
528 4799 623 4850 τοῦ
672 4795 989 4869 πέμψαντός
1047 4817 1133 4868 με.
1185 4819 1213 4848 »
1258 4794 1415 4852 Ἀλλ’
1464 4796 1509 4851 εἰ
1558 4795 1734 4859 θέλεις
1788 4796 1933 4870 αὐτῷ

353 4968 874 5036 "Joan.vm,16.
981 4968 1026 5002 ³⁸
1084 4967 1227 5023 ibid.
1284 4969 1374 5037 17,
1433 4970 1520 5024 18.

1624 4968 1669 5004 ²⁶
1712 4969 1918 5024 Matth.
1979 4976 2064 5035 in,
2121 4968 2221 5035 17;
2273 4982 2410 5032 xvn,
2471 4967 2525 5020 5.

2044 4708 2143 4763 sed
2185 4707 2398 4762 habeat
2455 4706 2637 4761 vitam
2697 4710 2974 4760 (sternam
3003 4705 3089 4773 82;
3126 4730 3153 4754 »
3214 4705 3314 4777 qui
3373 4705 3548 4761 etiam
3609 4707 3699 4761 di-

2043 4798 2153 4852 cit:
2188 4819 2215 4847 ‹‹
2249 4794 2532 4852 Descendi
2566 4796 2638 4850 de
2666 4793 2829 4863 coelo,
2880 4811 2996 4849 non
3048 4800 3112 4849 ut
3162 4795 3373 4850 faciam
3430 4795 3698 4852 volunta-

2637 4966 2682 5000 ³⁷
2737 4965 2937 5021 Matth.
2999 4982 3078 5033 χι,
3137 4966 3323 5020 25-27.
3428 4965 3473 5001 ²⁸
3530 4965 3701 5024 Joan.

280 5056 395 5109 xxv,
426 5040 482 5094 9.
558 5040 605 5074 "
634 5039 885 5112 Philipp.
921 5056 983 5111 ιι,
1017 5040 1073 5094 6.
1150 5040 1197 5074 ³ο
1223 5039 1395 5096 Joan.
1419 5057 1541 5107 vm,
1573 5041 1658 5098 18.
1739 5041 1782 5077 ³⁸
1812 5041 1919 5097 Joa

2036 5057 2132 5110 (vr,
2164 5040 2254 5093 28.
2333 5039 2379 5073 ³³
2414 5037 2587 5093 Joan.
2620 5054 2707 5105 III,
2742 5038 2830 5092 16.

352 5228 467 5300 (90)
485 5227 859 5305 basiliensis,
890 5230 960 5305 τῇ
992 5230 1195 5300 νομικῇ
1227 5232 1404 5305 φωνῇ.
1439 5231 1615 5305 Infra,
1665 5232 1745 5301 τῷ
1794 5229 1929 5305 ὑμε-

279 5300 446 5375 τίρῳ,
481 5301 540 5356 in
572 5300 766 5375 Graeco
796 5300 1103 5375 Scriptura;
1135 5300 1331 5375 textu,
1359 5300 1417 5359 et
1469 5303 1529 5357 in
1576 5300 1930 5375 Segueriano

281 5371 516 5443 legitur,
559 5378 618 5427 at
647 5373 705 5427 in
737 5377 924 5428 castor.
957 5373 1125 5428 codd.
1159 5378 1216 5427 et
1246 5374 1384 5429 edit.
1417 5391 1532 5430 non
1566 5371 1836 5429 habetur.

353 5444 477 5517 (911
522 5444 802 5517 segnem,
844 5445 978 5496 Θεοῦ
1033 5444 1289 5517 [animi
1349 5444 1656 5517 μονογενὴς
1720 5445 1747 5498 ὁ
1807 5443 1931 5517 ξ’ἱός

283 5510 418 5641 lito:
446 5510 647 5583 Basili,
681 5510 996 5569 διείλεκται.
1048 5515 1202 5571 Editi
1250 5510 1383 5573 vero
1428 5510 1753 5587 et'caeteri,
1813 5513 1933 5585 διή-

326 5604 494 5641 ικται.

326 5604 470 5640 εκται
481 5629 494 5641 .

356 5659 469 5730 (92)
502 5658 589 5730 Ita
616 5657 876 5730 Seguer.,
910 5661 1085 5713 recte.
1127 5658 1281 5713 Editi
1336 5675 1517 5730 vero,_
1544 5658 1595 5711 ot
1646 5662 1754 5730 τῶν
1806 5658 1937 5715 Ἰου-

285 5723 473 5789 δαίων.
534 5723 722 5786 Infra-
745 5723 950 5785 omnes
1006 5729 1415 5802 manuscripti,
1478 5723 1939 5806 ἀντιπράττοντας

2039 5228 2127 5283 τὸν
2162 5228 2361 5303 Κύριον
2382 5228 2555 5303 ,ἡμῶν
2590 5226 2813 5303 Ἰησοῦν
2832 5226 3061 5303 Χριστὸν
3097 5222 3421 5303 ;xai0i5_1wc
3450 5225 3547 5303 ⁸«ἑὰς
3579 5221 3697 5303 669,

2114 5302 2217 5371 (93(
2246 5295 2639 5355 ’Θοὺιοι-ἱεηυε
2670 5295 3106 5371 θιἘοὶοιιιηεο.
3161 5301 3213 5363 1,
3263 5300 3341 5367 τῷ
3384 5300 3522 5367 Θεῷ,
3570 5295 3701 5353 ἀλλ’

2044 5373 2072 5426 ὁ
2100 5370 2159 5425 εκ
2184 5375 2301 5437 τοῦ,
2336 5371 2573 5426 omissis
2607 5370 2838 5426 mediis.

2260 5435 2561 5529 pasilutet-
2581 5446 2837 5529 Seguae’rq
2881 5439 3065 5529 ξρύσιν,
3100 5439 3173 5499 ὡς
3226 5438 3315 5526 καὶ
3346 5435 3544 5529 ’ἱξτῇος
3606 5459 3704 5529 p.02,-

2044 5508 2220 5582 θητής
2253 5513 2280 5567 ὀ
2309 5517 2416 5586 τῶν
2446 5511 2604 5565 ἐθνῶν
2634 5508 2979 5586 ’διδάσκαλος
3035 5516 3297 5586 μαρτυρεῖ
3344 5508 3587 5583 Παῦλος,
3607 5508 3615 5514 ⁷
3637 5510 3700 5566 οὑ

2044 5581 2168 5658 περὶ
2197 5588 2296 5653 τῆς
2329 5583 2784 5658 ἆνανθρωπῇσεως
2817 5581 3011 5658 λέγωνΓ

2117 5652 2229 5730 ζ95)
2258 5652 2732 5730 Seguer'.__l_1abet,
2750 5652 2847 5730 *ἐπ’
2879 5652 3062 5730 αὐτόν,

2118 5724 2230 5804 (95)
2261 5724 2367 5784 Sic
2386 5724 2688 5784 Basiliens.
2742 5728 2979 5799 Seguer.
3011 5729 3069 5782 et
3102 5727 3338 5784 Graecus
3384 5724 3699 5797 Scriptura
