4136 6364
412 357 528 421 ιο3

1597 353 1661 413 S.
1709 347 2238 412 ATHANASIUS.
2267 380 2345 392 —
2374 346 2638 410 DUBIA.

3706 357 3823 418 104

413 493 530 544 tem
565 503 778 554 meam,
810 485 913 542 sed
940 485 1297 541 voluntatem
1332 485 1460 555 ejus
1493 483 1593 555 qui
1627 483 1788 538 misit
1819 498 1911 536 me
1940 481 2004 533 ³³.
2026 499 2051 530 ιι

2184 477 2524 553 ἀνθρωπίνως
2577 479 2831 550 ἀκοῦσαι,
2882 479 3233 553 ἁρμοζόντως
3279 485 3350 554 τῇ
3406 483 3659 559 ὀρωμὲνῃ
3689 487 3825 541 κατά

415 578 524 632 Sed
557 576 606 632 si
635 576 724 631 vis
755 592 890 630 eum
949 575 1154 630 audire
1214 573 1552 641 loquentem
1601 571 1966 636 humanitus,
2009 573 2066 624 et

412 671 804 737 congruenter
824 665 895 719 ad
927 666 1222 719 carnalem
1259 664 1529 729 formam,
1582 678 1710 730 quae
1769 660 2062 730 apparuit,

411 759 469 810 et
497 755 566 809 ad
602 753 1056 818 humanitatem,
1087 769 1261 823 quam
1298 751 1594 805 auditores
1618 751 1745 820 ejus
1769 749 1986 802 nudam
2011 752 2068 801 et

411 842 596 898 solam
617 843 674 896 in
693 858 759 897 eo
781 842 1216 908 existimabant,
1242 840 1379 894 audi
1403 841 1577 893 verba
1611 839 1773 908 ejus:
1819 860 1847 885 «
1871 836 1927 889 Si
1959 852 2064 906 ego

410 931 818 987 testimonium
880 929 1153 1001 perhibeo
1213 929 1284 982 de
1332 929 1576 998 meipso,
1659 925 2064 980 testimonium

412 1037 612 1076 meum
646 1037 760 1074 non
793 1026 879 1074 est
907 1018 1202 1073 verum.“
1227 1039 1254 1066 ››
1278 1017 1440 1083 Quod
1489 1015 1712 1070 scilicet
1735 1029 1922 1084 neque
1954 1013 2067 1066 ﬁde

415 1111 629 1182 dignus
651 1109 748 1176 sit,
775 1124 961 1179 neque
984 1107 1118 1163 talis
1140 1107 1506 1162 existimetur
1529 1105 1723 1170 homo,
1758 1103 1854 1174 qui
1879 1103 1950 1156 de
1972 1119 2065 1157 se-

414 1199 542 1270 ipso
573 1197 972 1253 testimonium
1010 1197 1194 1250 ferat:
1231 1213 1364 1250 cum
1400 1200 1592 1250 autem
1638 1193 1779 1248 dicit
1809 1209 1821 1246 :
1887 1214 1914 1241 ‹‹
1945 1190 2066 1246 Etsi

411 1302 517 1360 ego
547 1285 954 1342 testimonium
987 1285 1260 1356 perhibeo
1307 1285 1377 1338 de
1430 1284 1679 1354 meipso,
1729 1297 1932 1335 verum
1981 1284 2070 1334 est

409 1375 815 1432 testimonium
849 1390 1067 1439 meum,
1103 1374 1242 1444 quia
1294 1373 1414 1428 scio
1467 1373 1620 1426 unde
1670 1371 1800 1425 veni
1855 1373 1911 1424 et
1956 1385 2068 1438 quo

409 1465 557 1520 vado
584 1465 647 1518 ³⁵.
683 1486 711 1512 ››
743 1463 985 1528 Quando
1023 1467 1251 1516 Patrem
1284 1465 1340 1516 et
1367 1476 1495 1516 sese
1529 1475 1869 1523 numerans,
1920 1458 2070 1512 duos

410 1569 536 1608 esse
566 1553 708 1607 dicit
735 1551 932 1624 glorias
963 1568 1082 1606 suae
1121 1555 1317 1616 testes,
1371 1564 1750 1620 nequaquam
1805 1547 2071 1601 humana

410 1641 692 1714 loquitur,
724 1641 824 1696 sed
859 1657 1038 1711 supra
1069 1655 1303 1694 omnem
1339 1639 1663 1693 humanam
1689 1636 2066 1707 dignitatem:

411 1731 613 1801 ecquid
646 1730 774 1784 dico
824 1729 1196 1784 humanam?
1252 1745 1431 1798 supra
1490 1726 1837 1797 angelicam,
1889 1741 2071 1796 supra

409 1818 801 1892 principatus,
836 1835 1016 1890 supra
1049 1822 1389 1889 potestates,
1414 1833 1594 1887 supra
1615 1815 2066 1869 dominationes.

2175 569 2344 642 σάρκα
2403 573 2612 645 μορφῇ,
2670 569 2758 623 καὶ
2815 574 2882 642 τῇ
2934 572 3276 645 νομιζομένῃ
3333 571 3473 646 ψιλῇ
3518 573 3663 647 παρὰ
3703 579 3826 636 τοῖς

2176 657 2461 712 ἀκούσασιν
2538 658 2914 733 ἀνθρωπὸτητι
2956 703 2969 728 ,
3031 660 3191 715 ἄκουε
3269 660 3519 736 λέγοντος
3591 663 3757 718 αὐτοῦ
3811 682 3823 697 ³

2179 770 2204 796 ‹‹
2239 746 2299 799 Εἰ
2511 746 2619 820 ἐγὼ
2676 751 2936 821 μαρτυρῶ
2991 749 3114 823 περὶ
3166 747 3424 822 ἐμαυτοῦ,
3474 754 3508 820 ἡ
3562 752 3831 827 μαρτυρία

2180 855 2283 906 μου
2314 834 2529 903 ἀληθὴς
2563 834 2660 889 οὐκ
2690 832 2822 890 ἔστι·
2858 861 2885 887 ››
2918 838 3052 890 κατὰ
3081 839 3141 891 τὸ
3197 839 3273 910 μὴ
3323 839 3631 911 ἀξιόπιστον
3673 841 3828 912 εἶναι,

2181 922 2320 995 μηδὲ
2350 923 2660 995 νομίζεσθαι
2722 925 3003 998 ἄνθρωπον
3062 927 3234 997 ἐαυτῷ
3293 933 3690 1003 μαρτυροῦντα·
3742 933 3832 984 ὅτε

2177 1009 2234 1066 δέ
2267 1029 2419 1087 φησιο
2457 1037 2477 1062 ιι
2518 1012 2624 1068 Κᾶν
2662 1013 2769 1086 ἐγὼ
2825 1019 3084 1089 μαρτυρῶ
3127 1015 3248 1090 περὶ
3303 1015 3560 1089 ἐμαυτοῦ,
3610 1021 3645 1088 ἡ
3693 1039 3828 1093 μαρ-

2174 1101 2330 1173 τυρία
2363 1123 2466 1172 μου
2505 1101 2720 1172 ἀληθής
2766 1102 2925 1174 ἐστιν,
2958 1103 3041 1157 ’ὁτι
3087 1101 3210 1158 οῖδα
3253 1105 3414 1160 πόθεν
3448 1104 3706 1182 ἔρχομαι,
3738 1108 3828 1162 καὶ

2177 1193 2283 1243 ποῦ
2317 1189 2526 1264 ὑπάγω.
2562 1212 2590 1241 ››
2624 1192 2769 1260 Ὅτε,
2822 1190 3070 1263 ἀριθμῶν
3119 1193 3211 1247 τὸν
3262 1194 3474 1269 Πατέρα
3521 1195 3608 1249 καὶ
3645 1195 3826 1266 αὐτὸν,

2180 1276 2274 1332 δύο
2307 1277 2467 1355 φησίν
2502 1278 2636 1332 εἶναι
2665 1284 2793 1341 τοὺς
2824 1281 2946 1355 περὶ
2977 1287 3076 1349 τῆς
3111 1279 3272 1352 δόξης
3319 1283 3483 1336 αὐτοῦ
3529 1286 3827 1360 μάρτυρας,

2179 1367 2278 1421 οὐκ
2321 1367 2627 1442 ἀνθρώπινα
2671 1369 2975 1444 φθέγγεται,
3007 1368 3131 1424 ἀλλ’
3163 1371 3295 1447 ὑπὶρ
3347 1379 3518 1426 πᾶσαν
3556 1373 3831 1448 ἀνθρωπί-

2177 1478 2270 1526 νην
2306 1455 2472 1528 ἀξίαν·
2505 1456 2594 1510 καὶ
2629 1457 2678 1511 τί
2725 1455 2868 1532 λέγω
2902 1459 3242 1533 ἀνθρωπίνην
3277 1479 3290 1529 ;
3326 1461 3458 1537 ὑπὶρ
3509 1462 3830 1538 ἀγγελικὴν,

2181 1544 2310 1620 ὑπὲρ
2345 1545 2542 1620 ἀρχὰς,
2598 1544 2727 1620 ὑπὲρ
2780 1543 3054 1619 δυνάμεις,
3109 1548 3240 1624 ὑπὲρ
3294 1550 3644 1623 κυριότητας.
3698 1553 3831 1608 Ποία

2177 1634 2280 1708 γὰρ
2311 1634 2598 1708 ἀνθρώπου
2627 1635 2715 1688 καὶ
2749 1640 2882 1690 Θεοῦ
2916 1636 3309 1713 συναρίθμησις
3343 1658 3356 1707 ;
3389 1640 3472 1701 τίς
3506 1639 3761 1714 ἐγγύτης,
3793 1642 3828 1710 ἢ

2176 1720 2258 1782 τίς
2288 1723 2543 1776 κοινωνία
2573 1742 2586 1791 ;
2617 1721 2765 1776 ἀλλὰ
2797 1722 2992 1797 λέγων’
3019 1747 3050 1778 ι(
3074 1726 3554 1802 Ἐξομολογοῦμαί
3585 1751 3689 1799 σοι,
3725 1733 3831 1785 Πά-

2178 1829 2290 1884 τερ,
2325 1809 2485 1885 Κύριε
2515 1816 2610 1865 τοῦ
2642 1811 2873 1886 ούρανοῦ
2904 1814 2992 1867 καὶ
3023 1817 3118 1882 τῆς
3156 1823 3283 1889 γῆς,
3319 1843 3345 1867 ‹‹
3380 1816 3663 1890 ἅνθρωπος
3695 1819 3830 1874 εἶναί

409 1866 801 1892 ι““··“·ι’“’”’-1
837 1866 1016 1890 “'r“
1050 1866 1389 1889 r"""'"':
1414 1866 1594 1887 ‘—r"‘
1622 1866 1928 1869 “-"*""~*--
1995 1866 2004 1867 ί
2027 1866 2062 1869 *ν

409 1911 535 1975 Qua
565 1907 722 1964 enim
755 1906 979 1962 ratione
1025 1907 1199 1962 homo
1243 1907 1360 1961 Deo
1407 1903 1783 1960 annumerari
1828 1901 2064 1974 possit?

2240 1866 2250 1884 ι
2278 1866 2290 1881 1
2405 1866 2412 1885 ι
2710 1866 2719 1886 ι
2947 1866 2968 1867 η
3078 1866 3117 1882 I‘
3169 1866 3283 1889 [ιη
3325 1866 3345 1867 "
3383 1866 3662 1890 “"r"""
3696 1866 3830 1874 """

2184 1920 2261 1952 σοι
2289 1897 2458 1968 δοκεῖ,
2490 1898 2696 1962 καλῶς·
2731 1902 2819 1955 καὶ
2842 1904 2941 1977 γὰρ
2967 1899 3082 1978 ἔχει
3112 1904 3175 1958 τὸ
3207 1908 3318 1978 (97)
3349 1905 3684 1983 ἀνθρώπινον
3710 1910 3832 1964 ἀνα-

409 2014 540 2069 quae
572 1996 723 2051 inter
748 2013 848 2051 eos
879 1994 1157 2064 afﬁnitas,
1189 2011 1316 2065 quae
1349 1993 1689 2048 communio
1714 1992 1741 2046 ‘I
1772 1992 1881 2047 Sed
1926 2007 2060 2045 cum

408 2087 588 2142 dicit:
624 2108 651 2135 ‹‹
683 2085 976 2140 Conﬁteor
1029 2084 1158 2150 tibi,
1225 2085 1409 2148 Pater,
1471 2083 1714 2137 Domine
1772 2079 1898 2135 caeli
1953 2085 2012 2134 et
2069 2083 2239 2134 terrae
2260 2080 2379 2146 3°,»

2176 1989 2515 2061 μεμιγμένον
2571 1991 2604 2057 ἡ
2657 1991 3062 2065 παραγενομένη
3117 1993 3308 2064 θεότης
3360 1995 3436 2055 είς
3475 1997 3564 2050 τὸν
3597 1997 3833 2069 κόσμον.

2442 2079 2616 2135 homo
2674 2097 2803 2136 esse
2865 2082 2969 2137 tibi
3027 2083 3274 2153 videtur,
3339 2091 3490 2143 recte
3551 2089 3828 2159 quidem;

409 2176 596 2231 deitas
621 2175 775 2230 enim
807 2173 908 2228 illa
939 2190 1066 2244 quae
1098 2173 1159 2227 in
1193 2173 1479 2227 mundum
1517 2171 1770 2240 advenit,
1803 2169 2229 2224 humanitatem
2263 2168 2373 2224 sibi
2408 2169 2744 2240 adjunctam
2779 2171 2969 2227 habet.

481 2282 532 2336 4.
567 2280 679 2336 Sed
711 2297 783 2336 ne
812 2279 884 2335 ob
917 2280 1113 2336 carnis
1145 2278 1412 2334 velamen
1453 2283 1631 2333 Deum
1669 2278 1921 2348 ignores,
1964 2275 2066 2346 qui

409 2371 609 2426 statim
636 2370 707 2424 de
733 2368 924 2439 seipso
957 2368 1306 2439 subjungit:
1340 2389 1369 2418 «
1396 2367 1573 2422 Nemo
1624 2365 1784 2420 novit
1835 2364 2064 2429 Filium,

410 2459 525 2513 nisi
549 2458 756 2513 Pater:
791 2473 981 2528 neque
1012 2457 1242 2511 Patrem
1277 2456 1411 2526 quis
1432 2455 1590 2510 novit
1613 2454 1726 2508 nisi
1775 2452 1980 2517 Filius,
2012 2457 2070 2507 et

411 2549 505 2603 cui
532 2546 778 2602 voluerit
801 2545 982 2601 Filius
1008 2544 1494 2600 revelare.Venite
1516 2545 1586 2598 ad
1609 2557 1934 2610 me,omnes
1966 2541 2066 2611 qui

412 2636 693 2692 laboratis
714 2641 772 2690 et
791 2635 1016 2690 onerati
1040 2633 1203 2700 estis,
1229 2638 1286 2687 et
1300 2649 1407 2703 ego
1431 2632 1688 2687 reﬁciam
1716 2648 1835 2686 vos.
1860 2629 2067 2685 Tollite

415 2726 509 2781 8|
533 2726 747 2797 jugum
781 2740 975 2778 meum
1006 2739 1184 2794 super
1211 2739 1334 2785 vos,
1365 2727 1421 2776 et
1451 2720 1659 2776 discite
1691 2738 1724 2775 a
1756 2737 1867 2788 me,
1927 2719 2067 2790 quia

415 2813 575 2870 mitis
607 2829 738 2868 sum
769 2818 827 2868 et
859 2811 1103 2866 humilis
1135 2811 1306 2865 corde
1336 2828 1348 2865 :
1375 2809 1760 2865 etinvenietis
1802 2807 2063 2880 requiem

414 2901 728 2960 animabus
750 2902 980 2967 vestris,
1005 2901 1217 2972 jugum
1252 2900 1403 2954 enim
1427 2915 1620 2954 meum
1668 2914 1846 2953 suave
1879 2902 1986 2966 est,
2011 2901 2067 2951 et

415 3009 564 3049 onus
588 3008 784 3047 meum
812 2989 932 3046 leve
954 2990 1016 3044 3".
1037 3012 1062 3038 ››
1085 2989 1452 3044 Calumniam
1475 2993 1635 3043 tuam
1684 2987 1931 3042 exclusit
1960 2991 2064 3040 Do-

417 3081 653 3136 minus:
686 3097 818 3134 cum
855 3095 916 3134 se
974 3078 1100 3150 ipse
1151 3079 1212 3132 in
1272 3079 1532 3132 humana
1588 3093 1821 3147 quoque
1880 3076 2067 3129 forma

415 3177 596 3227 Deum
632 3169 909 3237 declarat,
934 3168 1159 3222 aPatre
1209 3167 1332 3222 solo
1377 3164 1671 3235 cognosci,
1721 3163 2066 3232 Patremque

411 3274 763 3332 cognoscere
795 3274 808 3309 :
843 3255 945 3326 qui
973 3256 1045 3309 iis
1077 3270 1225 3324 quos
1279 3254 1576 3324 dignatur,
1635 3251 1728 3305 sui
1789 3255 1846 3304 et
1874 3249 2067 3303 Patris

410 3345 804 3418 cognitionem
839 3341 1088 3397 revelat:
1125 3357 1352 3413 nosque
1382 3345 1550 3394 vocat
1579 3339 1650 3392 ad
1685 3354 1766 3405 se,
1803 3337 2064 3407 requiem

412 3434 570 3506 apud
602 3450 665 3487 se
697 3431 1005 3503 promittit,
1040 3434 1098 3484 et
1128 3434 1192 3483 ut
1214 3431 1426 3499 jugum
1461 3428 1590 3497 ejus
1617 3431 1918 3498 portemus
1939 3425 2067 3480 hor-

410 3526 588 3579 tatur.
622 3521 750 3574 Haec
783 3535 916 3573 cum
949 3518 1049 3588 ait,
1085 3517 1454 3572 divinitatem
1506 3515 1754 3585 detegit:
1791 3514 2063 3568 eximiam

413 3627 585 3667 suam
617 3609 1008 3679 maiestatem,
1043 3623 1222 3679 parva
1253 3607 1439 3661 forma
1471 3603 1819 3659 occultatam
1880 3601 2065 3673 expli-

413 3703 543 3755 cat:
580 3702 920 3769 potestatem
952 3713 1080 3766 quae
1111 3712 1290 3767 supra
1321 3693 1496 3750 caelos
1526 3699 1583 3748 et
1611 3697 1840 3748 terreno
1863 3708 2065 3762 corpo-

416 3807 478 3846 re
520 3789 770 3846 velatam
801 3789 1074 3845 ostendit.
1109 3787 1215 3843 Sed
1252 3786 1394 3858 quid
1426 3803 1574 3858 opus
1625 3801 1714 3840 me
1771 3789 2068 3840 sexcentas

416 3879 648 3934 Domini
682 3878 867 3933 nostri
897 3879 1031 3933 Jesu
1064 3877 1279 3931 Christi
1313 3891 1503 3940 voces,
1536 3891 1683 3941 quas
1740 3873 2065 3929 secundum

417 3967 781 4024 divinitatem
815 3965 1078 4038 protulit,
1141 3966 1492 4020 recensere?
1551 3963 1767 4033 quibus
1817 3962 1953 4032 jure
2010 3964 2068 4016 et

418 4057 625 4113 merito
683 4055 1016 4127 exploditur
1078 4071 1226 4110 nova
1284 4052 1712 4109 Samosatensis
1754 4051 2066 4120 sententia,

419 4162 536 4217 qua
566 4145 923 4201 Salvatorem
957 4159 1184 4198 merum
1208 4142 1504 4198 hominem
1530 4141 1706 4195 dicit:
1736 4157 1852 4195 una
1873 4145 2066 4195 autem

419 4235 811 4290 exturbantur
832 4233 1052 4288 insanae
1074 4230 1308 4286 illorum
1339 4248 1529 4302 nugae,
1554 4228 1654 4300 qui
1676 4245 1810 4283 eum
1831 4228 2067 4283 imitan-

417 4327 536 4377 tur.
563 4323 697 4392 Age,
719 4336 905 4390 pauca
925 4319 1262 4374 testimonia
1282 4319 1631 4373 referamus:
1677 4315 1948 4387 quisnam
1981 4321 2071 4372 est

421 4410 521 4484 qui
555 4410 672 4465 haec
703 4409 880 4464 dicit:
916 4432 943 4458 ‹‹
979 4408 1103 4463 Non
1137 4407 1330 4463 omnis
1358 4407 1458 4479 qui
1492 4406 1636 4461 dicit
1667 4404 1832 4471 mihi,
1889 4403 2072 4460 Domi-

423 4516 518 4568 ne,
542 4497 806 4568 Domine,
833 4497 1076 4552 intrabit
1097 4497 1155 4550 in
1178 4513 1424 4568 regnum
1475 4493 1754 4550 ccelorum
1775 4493 1857 4547 33?
1892 4515 1917 4540 ››
1949 4493 2072 4547 Non

417 4587 678 4643 hominis
712 4588 952 4642 verbum
986 4585 1151 4655 illud,
1187 4585 1287 4641 sed
1325 4585 1443 4651 Usi,
1478 4583 1843 4638 ostendentis
1875 4598 2076 4653 germa

421 4693 559 4732 nam
592 4692 761 4732 suam
789 4693 857 4730 ex
887 4675 1052 4730 Patre
1083 4671 1546 4747 generationem,
1579 4676 1757 4743 atque
1791 4671 1917 4726 ideo
1971 4675 2076 4725 [)0-

421 4765 567 4822 mini
598 4764 838 4820 titulum
870 4781 986 4819 non
1028 4763 1374 4819 recusantis.
1427 4761 1706 4816 Dominus
1761 4760 1918 4814 enim
1967 4765 2074 4828 est,

422 4871 491 4911 ex
522 4853 645 4911 solo
675 4853 921 4909 Domino
944 4853 1202 4924 genitus,
1236 4855 1299 4906 ut
1340 4869 1374 4906 a
1423 4851 1619 4922 Moyse
1676 4849 1901 4905 dictum
1949 4854 2073 4905 est:

490 5014 538 5048 ⁸³
565 5014 735 5071 Joan.
765 5028 846 5083 VI,
875 5014 967 5070 38.

421 5102 522 5154 vn,
555 5087 645 5141 21.

1065 5014 1111 5048 ⁸⁴
1137 5017 1300 5071 Joan.
1333 5031 1389 5082 ν,
1420 5013 1510 5068 31.

418 5240 635 5361 fiextus.
667 5235 821 5291 Editi
859 5253 1013 5304 vero,
1046 5240 1101 5292 et
1133 5235 1373 5308 quidam
1421 5231 1830 5305 manuscripti,
1885 5231 1946 5285 τὸ
1996 5231 2078 5285 Θό-

465 5325 581 5361 una
616 5325 742 5361 μου.

465 5329 496 5362 η
510 5325 581 5362 μα
616 5325 742 5362 μου.

487 5327 872 5450 ἱῶἓῖἕέέυοτ.
899 5383 956 5434 et
983 5379 1219 5450 Graecus
1250 5375 1558 5450 Scriptura:
1585 5378 1801 5444 textus,
1836 5372 1947 5430 ἐάν.

496 5445 610 5519 (97)
654 5445 740 5520 ita
757 5450 999 5520 Seguer.
1035 5451 1098 5504 In
1127 5449 1332 5520 editis,
1356 5445 1417 5520 τό
1434 5447 1626 5520 deest.

642 5516 956 5602 ᾊρατξτὸν
985 5520 1144 5602 ζυ-γὸν
1183 5539 1286 5591 μου
1316 5516 1395 5594 ἐφ’
1429 5516 1587 5602 ὑμᾶς..
1625 5517 1754 5572 Haec
1781 5517 1996 5602 desunt
2018 5517 2078 5572 in

424 5588 598 5647 editis
629 5595 686 5647 et
713 5588 1159 5662 inquibusdam
1185 5588 1639 5661 'manuscriptis,
1701 5588 1804 5644 sed
1866 5589 2081 5645 haben-

425 5667 524 5720 tur
554 5663 612 5718 in
646 5661 835 5720 Basili
857 5668 915 5720 et
939 5663 1319 5737 Segueriano.

1611 5010 1657 5046 ⁸⁵
1684 5010 1855 5066 Joan.
1886 5026 2010 5081 vm,
2049 5011 2134 5066 14.

2248 2275 2304 2330 4.
2343 2271 2518 2330 Ἀλλά
2551 2275 2626 2346 μὴ
2661 2273 2749 2328 διὰ
2776 2275 2838 2328 τὸ
2864 2275 3132 2348 κάλυμμα
3160 2284 3260 2346 τῆς
3294 2281 3491 2353 σαρκὸς
3525 2280 3707 2356 ἀγνόει
3733 2283 3827 2336 τὸν

2177 2363 2328 2433 Θεὸν,
2353 2363 2444 2416 τὸν
2492 2362 2646 2425 εὐθὺς
2695 2362 2960 2438 ἐπάγοντα
2990 2365 3112 2439 περὶ
3163 2366 3374 2433 ἐαυτοῦ,
3406 2370 3493 2423 καὶ
3534 2371 3825 2446 φάσκοντα.

2183 2475 2203 2503 α
2239 2447 2431 2512 Οὐδεὶς
2464 2450 2810 2525 ἐπιγινώσκει
2840 2453 2932 2507 τὸν
2949 2454 3070 2507 Υὶὸν
3106 2455 3150 2507 εἰ
3180 2455 3255 2526 μὴ
3287 2457 3315 2510 6
3350 2459 3557 2532 Πατὴρ,
3586 2457 3715 2514 οὐδὲ
3736 2460 3827 2514 τὸν

2179 2538 2388 2614 Πατέρα
2418 2560 2499 2601 τις
2531 2539 2870 2616 ἐπιγινώσκει
2895 2542 2939 2596 εἰ
2967 2544 3042 2615 μή
3077 2545 3104 2598 6
3128 2544 3269 2610 Υἱὸς,
3290 2545 3378 2599 καὶ
3403 2545 3448 2617 ᾦ
3471 2547 3528 2600 ἂν
3558 2547 3827 2622 βούληται

2178 2627 2206 2680 ὁ
2239 2627 2357 2690 Υἱὸς
2388 2627 2758 2702 ἀποκαλύψαι.
2783 2635 2941 2686 Δεῦτε
2962 2634 3096 2708 πρὸς
3128 2635 3214 2706 μὶ,
3241 2635 3432 2697 πάντες
3456 2637 3505 2690 οἱ
3526 2644 3826 2702 κοπιῶντες

2176 2717 2266 2770 καὶ
2322 2718 2791 2795 πεφορτισμένοι,
2852 2721 3005 2796 κάγὼ
3054 2722 3345 2778 ἀναπαύσω
3406 2726 3570 2795 ὑμᾶς.
3627 2727 3830 2800 ’Λρατε

2175 2808 2263 2861 τὸν
2300 2807 2456 2881 ζυγόν
2495 2829 2598 2880 μου
2631 2808 2711 2886 ἐφ’
2767 2809 2906 2881 ὑμᾶς
2956 2813 3092 2882 (98),
3141 2813 3232 2865 καὶ
3285 2812 3476 2882 μάθετε
3523 2813 3613 2865 ἀπ’
3665 2813 3826 2884 ἐμοῦ,

2175 2895 2255 2950 ὅτι
2290 2896 2463 2971 πρᾶός
2513 2897 2664 2968 εἶμι,
2712 2898 2802 2951 καὶ
2852 2899 3106 2959 ταπεινὸς
3154 2903 3221 2970 τῇ
3274 2897 3484 2972 καρδίᾳο
3535 2901 3624 2954 καὶ
3669 2901 3827 2975 εὑρή-

2176 3006 2292 3039 σετε
2320 2985 2613 3038 ἀνάπαυσιν
2671 2991 2786 3046 ταῖς
2833 2989 3036 3060 ψυχαῖς
3093 2987 3266 3058 ὑμῶν·
3303 2989 3331 3041 6
3359 2988 3460 3063 γάρ
3509 2989 3668 3063 ζυγός
3723 3012 3827 3062 μου

2176 3075 2440 3148 χρηστὸς,
2474 3074 2562 3126 καὶ
2593 3074 2652 3126 τὸ
2705 3074 2926 3150 φορτίον
2981 3095 3084 3145 μου
3135 3074 3368 3152 ἐλαφρόν
3407 3075 3569 3132 ἐστιν.
3607 3103 3632 3127 ››
3667 3078 3826 3133 Ἀπέ-

2176 3161 2359 3215 κλεισέ
2409 3181 2491 3214 σοι
2537 3162 2636 3229 τὴν
2687 3164 3041 3233 συκοφαντίαν
3101 3164 3128 3217 ὁ
3189 3165 3421 3238 Κύριοςο
3475 3167 3601 3221 Θεὸν
3651 3188 3826 3241 παρα-

2177 3251 2375 3318 στήσας
2427 3248 2610 3303 ἐαυτὸν
2662 3250 2750 3304 καὶ
2801 3250 2886 3305 ἐπὶ
2929 3259 3026 3319 τῆς
3075 3253 3414 3328 ἀνθρωπίνης
3445 3263 3670 3332 μορφῆς
3721 3257 3822 3310 ὑπὸ

2173 3342 2269 3392 τοῦ
2304 3338 2511 3410 Πατρὸς
2543 3330 2940 3412 γινωσκόμενον
2979 3340 3141 3412 μόνον
3194 3344 3325 3414 (99),
3366 3343 3454 3396 καὶ
3486 3330 3824 3419 γινώσκοντα

2173 3427 2265 3479 τὸν
2297 3425 2529 3502 Πατέρα,
2579 3427 2666 3481 καὶ
2715 3434 2832 3489 τοῖς
2879 3429 3321 3502 καταξιουμὲνοις
3367 3431 3822 3488 ἀποκαλύπτοντα

2175 3516 2272 3583 τὴν
2314 3514 2505 3568 ἑαυτοῦ
2552 3520 2746 3591 γνῶσιν
2791 3517 2880 3571 καὶ
2927 3519 3027 3586 τήν
3078 3523 3174 3572 τοῦ
3227 3520 3457 3593 Ματρὸς,
3491 3520 3821 3597 προσκαλεῖ-

2173 3625 2261 3658 ται
2316 3606 2465 3676 ὖμᾶς
2521 3605 2658 3679 πρὸς
2717 3606 2942 3678 ἑαυτὸν,
2996 3606 3286 3662 ἀνάπαυσιν
3344 3609 3826 3685 ἐπαγγελλόμενος

2174 3694 2319 3769 παρὰ
2351 3693 2544 3765 ἑαυτῷ,
2577 3693 2664 3748 καὶ
2701 3697 2858 3770 ζυγὸν
2903 3695 3093 3751 ἑαυτοῦ
3148 3699 3404 3772 βαστάσαι
3455 3699 3825 3774 παρακελευό-

2181 3803 2386 3855 μενος.
2447 3785 2630 3838 Ταῦτα
2694 3782 2864 3859 λέγων
2937 3787 3333 3862 ἀπαμφιέννυσι
3390 3789 3490 3856 τήν
3549 3788 3778 3858 θεότητα
3813 3833 3826 3859 ,

2178 3870 2463 3946 ἑρμηνεύει
2515 3873 2578 3926 τὸ
2626 3872 3037 3945 κεκαλυμμένον
3091 3871 3180 3928 διὰ
3225 3881 3324 3943 τῆς
3378 3883 3574 3950 μικρᾶς
3611 3885 3831 3954 μορφῆς

2180 3956 2526 4036 ὑπερϐάλλον
2561 3962 2807 4036 μέγεθος,
2858 3964 2956 4029 τήν
3005 3964 3391 4038 ὑπερουράνιον
3441 3964 3678 4038 ἐξουσίαν
3711 3965 3829 4021 ἐπι-

2179 4047 2412 4104 δείκνυσι
2471 4048 2648 4124 γηίνῳ
2705 4053 3261 4125 παραπεπετασμένην
3319 4055 3556 4126 σώματι.
3618 4055 3720 4111 Καὶ
3776 4055 3828 4110 τί

2181 4160 2249 4212 με
2309 4136 2391 4193 δεῖ
2435 4139 2748 4215 καταλέγειν
2810 4139 3006 4216 μυρίας
3054 4138 3216 4203 οὔσας
3265 4143 3444 4204 θεϊκὰς
3501 4147 3682 4221 φωνὰς
3731 4149 3828 4200 τοῦ

2177 4228 2377 4300 Κυρίου
2410 4230 2567 4300 ἡμῶν
2604 4231 2783 4298 Ἰησοῦ
2814 4234 3048 4304 Χριστοῦ
3083 4250 3096 4300 ;
3130 4228 3199 4284 δι’
3230 4231 3302 4286 ὧν
3355 4227 3678 4288 ἐκϐάλλεται
3738 4235 3832 4306 μὲν

2181 4315 2406 4378 εἰκότως
2436 4319 2471 4385 ὴ
2501 4321 2599 4371 τοῦ
2633 4318 2995 4389 Σαμοσατέως
3044 4319 3366 4392 καινοτομία
3412 4322 3534 4396 περὶ
3583 4327 3680 4377 τοῦ
3713 4329 3831 4377 Σω-

2179 4411 2367 4478 τῆρος,
2413 4405 2486 4466 ὡς
2542 4399 2696 4466 ὄντος
2747 4405 3033 4480 ἀνθρώπου
3082 4407 3269 4480 ψιλοῦ,
3322 4405 3745 4466 συνεκϐάλλεται
3777 4409 3835 4466 δὲ

2105 4514 2151 4578 D
2181 4493 2271 4547 καί
2320 4497 2353 4562 ἡ
2399 4498 2506 4546 τῶν
2561 4493 2912 4566 μιμουμένων
2967 4495 3168 4550 ἐκεῖνον
3233 4497 3522 4572 ἀλόγιστος
3574 4497 3832 4576 φλυαρία.

2187 4582 2323 4656 Φέρε
2347 4583 2470 4657 γὰρ,
2519 4579 2593 4634 τίν’
2646 4580 2846 4658 ὀλίγων
2892 4583 3315 4657 ἐπιμνησθῶμεν
3372 4593 3701 4664 μαρτυριῶν,
3749 4588 3833 4651 τίς

2186 4673 2214 4726 6
2245 4671 2311 4724 τὰ
2346 4674 2568 4726 τοιαῦτα
2620 4669 2813 4746 λέγων·
2855 4694 2881 4725 α
2911 4672 2983 4726 Οὐ
3030 4679 3133 4735 πᾶς
3168 4675 3195 4728 ὁ
3229 4673 3398 4750 λέγων
3455 4697 3547 4748 μοι
3597 4680 3696 4748 (1)⁹
3729 4677 3833 4731 Κύ-

2189 4780 2290 4836 ριε,
2343 4760 2525 4833 Κύριε,
2577 4758 2933 4816 εἰσελεύσεται
2982 4762 3058 4825 εἷς
3102 4766 3199 4831 τὴν
3256 4763 3532 4836 βασιλείαν
3584 4771 3692 4819 τῶν
3745 4763 3835 4819 ού-

2189 4851 2414 4925 ρανῶν;
2477 4873 2505 4900 ››
2556 4848 2666 4903 Οὐκ
2713 4849 3006 4925 ἀνθρώπου
3061 4853 3139 4926 (2)
3185 4853 3247 4906 τὸ
3291 4852 3461 4927 ῥῆμα,
3512 4853 3659 4910 am
3705 4858 3841 4909 Θεοῦ

2233 5011 2278 5047 ⁸⁸
2316 5011 2522 5068 Matth.
2553 5029 2634 5083 χι,
2663 5012 2755 5068 25.
2853 5014 2896 5049 ³⁷
2933 5013 3136 5071 Matth.
3168 5031 3228 5083 ι,
3257 5016 3450 5071 27-30.
3545 5015 3590 5050 ³⁸
3621 5015 3837 5072 Matth.

2853 5014 2896 5049 ³⁷
2933 5013 3136 5071 Matth.
3168 5031 3228 5084 ι,
3257 5016 3450 5071 27-30.

2259 5234 2368 5306 (99)
2400 5238 2634 5307 Seguer.
2670 5234 2832 5307 solus
2861 5235 3055 5304 liabet,
3081 5235 3270 5307 μόνου.

2262 5307 2339 5376 (1)
2371 5307 2429 5361 In
2461 5306 2636 5380 editis
2667 5313 2724 5362 et
2754 5306 3202 5380 inﬁquibusdam
3237 5327 3382 5366 mss.
3415 5309 3580 5365 deest
3611 5327 3726 5380 μοι.
3775 5313 3840 5364 In

2189 5377 2427 5452 Seguer.
2462 5377 2692 5452 Gohler.
2725 5383 2783 5452 et
2814 5379 2961 5452 Felc.
2995 5381 3051 5452 1,
3080 5380 3312 5452 legitur.

2260 5448 2334 5524 (:2)
2371 5450 2430 5504 In
2465 5449 2637 5524 editis
2669 5454 2724 5524 et
2754 5449 2814 5504 in
2849 5450 3091 5524 reliquis
3131 5448 3274 5508 mss.
3325 5451 3556 5524 legitur,
3610 5448 3710 5506 οὐκ
3732 5448 3845 5524 ,ἀνι

2189 5520 2409 5602 θριρπου
2439 5520 2697 5602 7dp,_sed
2731 5536 2866 5602 cum
2897 5520 2997 5602 γάρ
3029 5523 3183 5578 desit
3209 5525 3266 5578 in
3300 5520 3560 5602 Seguer.:
3587 5528 3643 5580 et
3693 5521 3841 5580 alio-

2189 5592 2290 5662 qui
2320 5592 2738 5664 superefﬂuere
2765 5592 3052 5665 videatur,
3084 5592 3440 5668 expunctum
3480 5600 3591 5654 est.
