4136 6388
260 454 366 521 105

1487 464 1794 525 CONTRA
1852 462 2415 523 SABELLIANOS.

3551 473 3667 529 106

258 588 556 655 δεικνύντος
586 594 686 662 την
718 591 942 668 γνησίαν
974 593 1079 648 ἀπὸ
1128 595 1337 668 Πατρὸς
1385 595 1651 669 γέννησιν,
1693 594 1781 648 καὶ
1814 590 1897 646 διὰ

2015 615 2042 642 ‹‹
2076 592 2231 647 Pluit
2264 594 2545 650 Dominus
2592 594 2842 665 sulphur
2888 599 2945 651 et
2985 595 3177 667 ignem
3212 615 3245 653 a
3276 599 3525 657 Domino
3546 602 3609 656 3°.
3641 626 3667 651 ››

255 684 407 736 τοῦτο
438 681 536 749 τὴν
568 679 924 757 κυριολογίαν
958 681 1056 737 οὐκ
1106 682 1443 759 ἀρνουμένου
1489 685 1589 751 τὴν
1619 682 1744 758 περὶ
1779 682 1900 736 ἑαυα-

254 773 383 823 τυῦ.
437 768 635 845 Κύριος
684 770 785 846 γὰρ
819 771 847 825 6
896 770 955 825 ἐκ
998 776 1096 826 τοῦ
1147 770 1317 844 μόνου
1362 770 1749 848 γεγεννημένος
1799 777 1909 826 Κυ-

258 856 391 933 ρίου,
416 858 492 919 ὡς
521 858 611 912 καὶ
642 858 789 934 παρὰ
818 863 1023 933 Μωϋσῇ
1070 858 1323 915 λέλεκται
1371 860 1453 915 τό·
1488 885 1514 912 ‹‹
1549 855 1772 936 Ἕϐρεξε
1803 858 1907 913 Κύ-

258 966 369 1022 ριος
403 952 569 1017 θεῖον,
622 947 710 1002 καὶ
756 952 862 1023 πῦρ
912 950 1058 1024 παρᾶ
1108 948 1306 1024 Κυρίου
1498 972 1519 1002 ε
1554 948 1651 1003 Καὶ
1705 947 1907 1003 ἄλλοτε

254 1035 385 1112 πρὸς
416 1036 546 1099 τοὺς
596 1034 936 1099 ἀποστόλους
981 1039 1141 1114 φησὶν
1176 1039 1203 1093 6
1239 1040 1457 1114 Σωτήρ·
1493 1063 1519 1092 ‹‹
1565 1036 1805 1092 Φωνεῖτέ
1840 1057 1906 1108 με

255 1121 645 1187 ὁΔιδάσκαλος
678 1125 829 1181 καὶὸ
879 1125 1101 1200 Κύριος,
1153 1127 1242 1181 καὶ
1295 1125 1477 1189 καλῶς
1531 1126 1737 1201 λέγετε”
1790 1124 1905 1198 εἰμὶ

252 1214 371 1288 γάρ·
410 1237 437 1265 ›)
470 1214 559 1268 καὶ
590 1214 777 1281 πάλιν,
812 1212 1086 1286 Δεσπότην
1132 1219 1231 1286 τῆς
1279 1218 1534 1292 πατρῴας
1577 1215 1751 1276 οἰκίας
1782 1214 1903 1269 έαυ-

248 1303 334 1356 τὸν
387 1303 730 1381 ἀποφαίνων,
790 1306 864 1365 ὡς
922 1304 981 1358 ἂν
1047 1306 1342 1381 μονογενὴς
1394 1304 1539 1367 Υἱὸς
1601 1330 1628 1357 ‹‹
1691 1304 1754 1358 Εἰ
1812 1304 1905 1358 τὸν

250 1389 637 1463 οἰκοδεσπότην
691 1389 1033 1463 Βεελζεὸοὺλ
1084 1393 1439 1463 ἐπεκάλεσαν,
1478 1394 1632 1466 πόσῳ
1686 1391 1903 1466 μᾶλλον

246 1478 374 1542 τοὺς
426 1481 704 1543 οἰκιακοὺς
754 1481 940 1539 αὐτοῦ.
976 1505 1005 1533 ››
1037 1482 1246 1539 Οὐκοῦν
1298 1482 1382 1537 ὅτι
1430 1483 1524 1555 μὶν
1575 1483 1701 1543 Θεὸς
1743 1482 1771 1536 6
1802 1479 1904 1535 Κύ-

251 1588 365 1643 ριος
399 1571 476 1642 (4)
503 1574 609 1625 τῶν
645 1569 791 1625 ὅλων
826 1571 1037 1637 Ἰησοῦς
1065 1572 1316 1647 Χριστὸς,
1346 1572 1421 1633 ὡς
1454 1570 1528 1625 ὢν
1558 1571 1616 1626 ἐκ
1642 1575 1739 1626 τοῦ
1770 1574 1904 1625 Θεοῦ

249 1659 658 1733 γεγεννημένος,
711 1656 882 1728 δῆλον
934 1660 1149 1714 ἅπαντι”
1205 1659 1369 1714 εἰπὼν
1417 1658 1492 1717 δὲ.
1543 1686 1570 1712 ‹‹
1619 1659 1697 1717 Οὐ
1742 1666 1843 1721 πᾶς
1876 1659 1904 1713 6

218 1743 416 1821 ’λέγων
449 1768 564 1820 μοι,
600 1746 787 1823 Κύριε,
820 1747 1008 1822 Κύριε,
1063 1748 1423 1805 εἰσελεύσεται
1470 1750 1545 1812 εἷς
1597 1751 1696 1819 τήν
1747 1751 1900 1823 βασι-

2016 683 2084 737 Et
2114 682 2255 738 alibi
2304 683 2584 755 apostolis
2617 683 2880 738 Salvator
2928 685 3007 738 ait
3040 701 3105 741 :«
3140 690 3254 741 Vos
3300 691 3521 745 vocatis
3575 707 3666 745 me

2019 771 2316 842 Magister,
2367 777 2424 827 et
2470 772 2752 826 Dominus
2786 789 2798 826 :
2840 777 2897 827 et
2944 777 3092 828 bene
3141 775 3334 830 dicitis
3368 793 3381 829 :
3415 794 3551 833 sum
3582 785 3665 833 et-

2017 862 2172 915 enim
2196 861 2257 915 ‘0.
2286 883 2314 910 »
2346 867 2427 914 Ac
2460 878 2696 916 rursum
2729 878 2792 916 se
2823 862 3033 917 domus
3065 867 3321 933 paternae
3354 868 3665 924 Dominum

2019 948 2293 1014 declarat,
2338 954 2538 1021 utpote
2590 950 2956 1022 unigenitum
3010 951 3221 1006 Filium
3258 969 3326 1007 ;·‹
3359 954 3417 1008 Si
3465 955 3666 1011 Domi-

2016 1055 2157 1092 num
2208 1039 2418 1094 domus
2469 1038 2766 1093 Beelzebul
2814 1047 3183 1105 vocaverunt,
3209 1047 3428 1113 quanto
3476 1044 3666 1116 magis

2016 1127 2369 1182 domesticos
2390 1127 2631 1197 θέωνι.»
2662 1127 2863 1198 Itaque
2886 1129 3041 1199 quod
3062 1128 3217 1184 Deus
3246 1130 3509 1200 quidem,
3534 1132 3665 1187 uni-

2016 1232 2315 1270 versorum
2355 1215 2633 1270 Dominus
2681 1216 2755 1271 sit
2804 1216 2976 1271 Jesus
3008 1216 3293 1285 Christus,
3320 1219 3533 1291 quippe
3564 1222 3664 1291 qui

2016 1320 2083 1360 ex
2115 1309 2225 1359 Deo
2256 1304 2488 1376 genitus
2534 1305 2628 1369 sit,
2665 1304 2965 1376 propalam
3005 1306 3190 1361 cuivis
3221 1312 3328 1362 est.
3358 1311 3501 1363 Cum
3533 1325 3665 1366 vero

2016 1394 2098 1448 ait
2132 1411 2143 1447 :
2172 1417 2198 1443 «
2232 1393 2355 1448 Non
2389 1394 2579 1449 omnis
2612 1395 2711 1465 qni
2746 1394 2885 1449 dicit
2917 1394 3083 1461 mihi,
3115 1394 3377 1462 Domine,
3397 1398 3663 1466 Domine,

2014 1484 2259 1538 intrabit
2307 1483 2365 1537 in
2418 1500 2661 1553 regnum
2709 1483 2986 1539 caelorum
3008 1485 3135 1551 ⁴²;››
3172 1485 3288 1540 ι]ωο
3337 1488 3664 1560 subjungit,

2016 1572 2232 1643 quibus
2279 1575 2505 1626 Patrem
2558 1571 2727 1627 nobis
2788 1573 3095 1628 manifeste
3144 1574 3404 1630 declarat
3435 1593 3449 1631 :
3478 1598 3506 1627 «
3557 1577 3667 1633 Sed

2016 1662 2113 1733 qui
2172 1660 2311 1716 facit
2368 1660 2735 1716 voluntatem
2794 1660 2982 1716 Patris
3042 1661 3177 1729 mei,
3230 1663 3329 1734 qui
3388 1663 3448 1719 in
3507 1665 3666 1721 caelis

2012 1754 2103 1805 est
2125 1750 2191 1804 ‘3.
2215 1767 2241 1801 η

245 1830 393 1889 λείαν
423 1839 531 1889 τῶν
564 1836 826 1910 οὐρανῶν,
863 1861 889 1887 n
925 1836 1166 1915 ἐπιφέρει
1192 1838 1283 1893 καὶ
1326 1838 1419 1893 τὸν
1472 1836 1688 1915 Πατέρα
1736 1840 1920 1913 σαφῶς
1971 1839 2107 1910 ἡμῖν
2151 1838 2226 1910 (5)
2276 1833 2611 1910 ἑρμηνεύων·
2647 1858 2675 1886 ‹‹
2713 1832 2868 1890 ’Δλλ’
2917 1835 2944 1888 6
2976 1840 3149 1890 ποιῶν
3197 1836 3261 1890 τὸ
3307 1836 3524 1911 θέλημα
3565 1843 3663 1895 τοῦ

245 1924 462 1999 Πατρός
497 1945 625 1997 μου,
654 1930 752 1980 τοῦ
785 1924 837 1980 έν
868 1924 1140 2003 οὐρανοῖς.
1178 1951 1205 1978 ››

311 2034 365 2088 5.
400 2037 591 2107 Ἔχεις
642 2030 734 2087 οὖν
784 2034 930 2103 Υἱὸν,
982 2033 1128 2110 ἔχεις
1178 2035 1414 2112 Πατέρα·
1471 2036 1545 2109 μὴ
1596 2029 1771 2113 φοϐοῦ
1800 2035 1897 2103 τὴν

2074 2036 2127 2090 5.
2164 2034 2352 2089 Habes
2400 2034 2582 2106 igitur
2624 2032 2859 2100 Filium,
2891 2032 3074 2088 habes
3104 2033 3354 2090 Patrem.
3391 2036 3469 2091 Ne
3519 2037 3662 2094 time

245 2115 433 2174 δυάδα·
466 2125 533 2194 τῇ
563 2121 717 2197 φύσει
744 2123 844 2198 γὰρ
896 2123 957 2177 οὐ
1006 2122 1308 2192 διώρισται,
1343 2121 1456 2178 οὐδ’
1506 2125 1534 2177 ὁ
1563 2126 1629 2179 τὰ
1669 2122 1763 2178 δύο
1810 2122 1896 2177 λέ-

240 2228 352 2283 γων
385 2209 809 2286 ἀπηλλοτρίωσε
847 2216 953 2267 ’τοῦ
1000 2215 1351 2289 γεννήσαντος
1376 2213 1438 2267 τὸ
1469 2212 1733 2288 γέννημα·
1772 2209 1897 2266 οὐὸὶ

241 2295 329 2352 διὰ
384 2300 485 2368 τήν
545 2300 728 2375 ἑτέραν
788 2304 864 2374 (6)
925 2302 1117 2375 μανίαν
1148 2307 1255 2357 τῶν
1315 2302 1705 2378 ἀρνησαμένων
1770 2302 1894 2374 μίαν

242 2386 505 2456 εἶναιτὴν
532 2392 638 2442 τῶν
677 2387 772 2444 δύο
805 2390 1057 2461 θεότητα,
1095 2389 1182 2445 διὰ
1228 2397 1390 2446 τοῦτο
1436 2392 1527 2445 καὶ
1574 2389 1671 2446 δύο
1718 2389 1894 2468 λέγειν

244 2476 518 2552 φευκτέον.
568 2478 660 2539 Εἷς
708 2480 860 2547 Θεὸς,
912 2478 996 2534 ὅτι
1043 2479 1132 2534 καὶ
1184 2481 1374 2552 Ιιατὴρ
1408 2479 1504 2541 εἶς·
1557 2480 1684 2543 Θεὸς
1720 2477 1776 2534 δὲ
1807 2480 1896 2534 καὶ

244 2564 388 2631 Υἱὸς,
436 2564 741 2635 ταύτότητα
790 2565 958 2642 ἔχων,
1010 2568 1085 2629 ὡς
1138 2569 1263 2629 Υἱὸς
1321 2570 1456 2644 πρὸς
1516 2568 1746 2643 Πατέρα·
1801 2568 1900 2623 οὐκ

245 2652 405 2713 αὐτὸς
440 2650 511 2706 ὢν
546 2653 573 2706 6
605 2655 814 2729 Πατὴρ,
866 2653 993 2709 ἀλλ’
1042 2658 1324 2729 ἡνωμένος
1372 2658 1506 2731 πρὸς
1552 2657 1643 2711 τὸν
1688 2658 1899 2730 Πατέρα

240 2744 312 2815 τῇ
342 2741 517 2819 φύσει·
580 2739 675 2797 δύο
737 2743 831 2815 μὶν
891 2743 1128 2818 ἀριθμῷ,
1190 2745 1286 2818 μία
1342 2743 1400 2801 δὲ
1459 2744 1589 2800 οὖσα
1638 2750 1716 2816 (7)
1748 2747 1901 2801 οὐσία

243 2829 449 2885 τελεία’
485 2828 604 2899 δύο,
639 2831 738 2886 οὐκ
785 2832 844 2887 ἐκ
892 2830 989 2888 δύο
1024 2838 1225 2909 μερῶν.
1278 2835 1498 2895 Τέλειος
1548 2834 1575 2887 6
1623 2835 1745 2896 Υἱὸς
1777 2834 1899 2903 ἥκει

245 2920 392 2993 παρὰ
434 2918 647 2974 τελείου
696 2923 931 2995 ΙΙατρὸς,
962 2919 1036 2975 ὢν
1066 2922 1117 2992 ἐξ
1151 2920 1329 2990 ὄντος,
1360 2924 1645 2998 χαρακτὴρ
1672 2930 1769 2993 τῆς
1798 2945 1900 2978 παι

241 3014 439 3083 τρικῆς
474 3009 836 3081 ὑποστάσεως,
871 3009 933 3064 o6
967 3010 1120 3086 ῥῆμα
1166 3010 1552 3080 ἀνυπόστατον,
1585 3010 1731 3067 ἀλλὰ
1758 3017 1903 3082 ζῶσα

251 3094 505 3169 δύναμις,
536 3097 626 3152 καὶ
674 3103 770 3153 τοῦ
816 3103 910 3172 ζῇν
958 3098 1104 3153 αἰτία
1149 3105 1265 3162 τοῖς
1310 3105 1493 3171 πᾶσιν,
1538 3099 1643 3175 οὐχ
1691 3098 1779 3154 οἵα
1810 3102 1900 3154 ἀν-

251 3186 475 3259 θρώπου
527 3182 777 3259 δύναμις,
810 3185 880 3242 δι’
924 3189 984 3257 ἣν
1038 3186 1321 3263 ἄνθρωπός
1377 3187 1487 3242 ἐστι
1538 3186 1783 3250 δυνατός’
1837 3189 1898 3244 οὐ

254 3273 359 3348 γὰρ
404 3274 651 3348 γέννημα
699 3275 989 3348 ἀνθρώπου
1020 3277 1054 3345 ἢ
1089 3278 1167 3349 (8)
1196 3277 1333 3338 υἱὸς.
1365 3277 1400 3345 ἢ
1436 3274 1663 3349 δύναμις
1700 3276 1890 3331 αὐτοῦ·

247 3366 385 3417 Θεοῦ
437 3360 493 3417 δὲ
537 3364 663 3425 Υἱὸς
692 3366 727 3433 ἢ
780 3361 1028 3437 δύναμις,
1063 3364 1199 3419 ὥστε
1240 3362 1463 3427 δυνατός
1517 3366 1609 3438 μὲν
1638 3366 1664 3418 6
1710 3368 1894 3441 ἰῖιτξρ

239 3450 493 3517 τελείως,
525 3450 607 3506 ὅτι
660 3454 848 3526 Πατὴρ
898 3451 1198 3525 δυνάμεως,
1233 3451 1460 3527 δύναμις
1513 3451 1569 3508 δὲ
1601 3455 1628 3508 6
1660 3455 1779 3516 Υἱὸς
1809 3476 1894 3508 τε·

240 3536 389 3612 λεία,
440 3538 524 3594 ὅτι
572 3541 819 3616 γέννημα
868 3540 1053 3598 αὐτοῦ.
1115 3542 1210 3596 Καὶ
1262 3542 1422 3619 σοφία
1467 3547 1565 3597 τοῦ
1617 3543 1826 3616 ΙΙατρὸς
1867 3544 1894 3597 ὁ

240 3627 392 3695 Υἱὸς,
425 3626 553 3683 ἀλλ’
583 3632 690 3705 οὐχ
720 3629 796 3691 ὡς
827 3631 861 3699 ἡ
893 3634 989 3684 τοῦ
1018 3631 1329 3707 ἀνθρώπου,
1355 3629 1426 3685 δι’
1452 3631 1518 3700 ἧς
1550 3632 1577 3685 6
1610 3630 1895 3708 ἄνθρωπος

237 3716 427 3793 σοφὸς,
481 3716 603 3772 άλλ⁹
647 3718 751 3772 ἀπὸ
804 3722 973 3796 σοφοῦ
1024 3718 1203 3797 σοφία·
1252 3719 1376 3795 περὶ
1548 3720 1608 3774 οὗ
1658 3719 1892 3796 λέγεται·

240 3828 270 3857 ‹‹
302 3804 466 3878 Μόνῳ
515 3811 666 3884 σοφῷ
713 3812 827 3879 Θεῷ
868 3805 957 3862 διὰ
1001 3809 1184 3879 Ἰησοῦ
1233 3811 1488 3885 Χριστοῦ,
1521 3810 1566 3875 ᾧ
1597 3812 1631 3878 ἡ
1666 3806 1794 3879 δόξα
1819 3808 1893 3872 εἷς

233 3894 366 3956 τοὺς
418 3894 639 3963 αῗῶνας,
688 3895 855 3970 ἀμήν.
888 3920 917 3949 »
952 3894 1105 3953 ’A11’
1153 3897 1253 3952 οὐκ
1299 3896 1576 3973 ἐγέννησεν
1620 3898 1648 3951 6
1680 3901 1893 3973 Πατήρ.

238 3985 367 4044 Πῶς
418 3980 509 4036 οὖν
566 3985 776 4060 Ιιατήρ,
829 3984 921 4039 καὶ
970 3984 1116 4047 τίνος
1150 4004 1164 4053 ;
1201 3986 1258 4040 Et
1310 3984 1370 4041 δὲ
1418 3984 1717 4060 ἐγέννησεν,
1761 3988 1788 4040 6
1820 3985 1893 4041 ὥν

240 4069 386 4125 ἐστιν
416 4070 445 4124 6
475 4072 890 4146 γεγεννημένος.
934 4072 1118 4147 Κάγὼ,
1169 4074 1353 4149 φησὶν,
1387 4073 1648 4149 ὁμολογῶ
1697 4074 1897 4150 γέννη-

244 4175 351 4210 σιν·
387 4164 632 4232 γεννᾶται
665 4162 769 4235 γὰρ
804 4159 831 4214 6
882 4159 1069 4235 λόγος,
1118 4160 1209 4216 ὅτε
1254 4161 1344 4216 καὶ
1393 4161 1643 4217 λαλεῖται
1691 4164 1778 4218 καί
1809 4184 1896 4238 γι-

242 4246 532 4303 νώσκεται.
569 4247 666 4302 Καὶ
717 4248 944 4312 ποσάκις
977 4250 1005 4303 6
1034 4250 1215 4319 αὐτὸς,
1248 4251 1364 4306 εἶπέ
1416 4272 1531 4324 μοι,
1565 4255 1897 4326 γεννηθήσε-

239 4355 331 4390 ται
368 4353 381 4404 ;
414 4336 447 4404 ἣ
477 4335 725 4400 πολλοὺς
758 4337 896 4415 ἐρεῖς
942 4337 1038 4394 τοῦ
1084 4344 1217 4396 Θεοῦ
1248 4339 1455 4415 Λόγους
1490 4339 1739 4396 ἑκάστοτε
1769 4361 1896 4416 γεν-

237 4423 523 4496 νωμένους
558 4443 571 4493 ;
604 4424 693 4480 καὶ
745 4427 878 4481 ποτὶ
931 4427 1026 4500 μὲν
1074 4432 1361 4482 σιωπῶντα
1413 4430 1758 4505 φαντασθήσῃ
1803 4430 1895 4485 τὸν

237 4512 394 4582 Θεὸν,
426 4514 559 4568 ποτὲ
589 4511 645 4568 δὲ
676 4513 973 4583 λαλοῦντα,
1004 4516 1094 4571 καὶ
1129 4512 1612 4590 μεταϐαλλόμενον
1648 4517 1753 4573 ἀπό
1786 4540 1891 4574 σω-

234 4602 463 4672 πήσεως
521 4602 598 4664 εἰς
646 4600 888 4674 λαλιὰν,
943 4606 1035 4659 καὶ
1090 4605 1332 4679 ’χείλεσιν
1398 4607 1802 4681 ἀναγομένοις,
1853 4608 1889 4677 ἢ

232 4688 434 4765 καρδίᾳ
483 4692 777 4767 κινουμένῃ
813 4711 827 4763 ;
862 4693 972 4748 Οὐκ
1015 4695 1300 4770 ἄνθρωπος
1336 4694 1364 4749 6
1404 4695 1555 4758 Θεὸςο
1599 4692 1890 4767 ὑπέλαϐες,

2007 2124 2373 2193 dualitatem,
2399 2123 2563 2177 nulla
2587 2122 2801 2194 quippe
2825 2128 3044 2177 natura
3067 2122 3368 2179 distinctio
3394 2150 3407 2191 ;
3432 2143 3536 2181 nec
3559 2127 3660 2199 qui

2007 2214 2122 2268 duo
2150 2213 2309 2280 dicit,
2335 2213 2595 2285 genitum
2620 2230 2653 2266 a
2673 2211 2950 2283 gignente
2972 2212 3340 2267 abalienavit.
3366 2214 3562 2285 Neque
3587 2217 3658 2272 ob

2007 2298 2181 2354 aliam
2215 2316 2413 2353 eorum
2453 2299 2768 2363 insaniam,
2794 2297 2891 2368 qui
2918 2305 3135 2369 negant
3160 2316 3337 2354 unam
3370 2317 3497 2356 esse
3523 2302 3662 2357 duo-

2007 2405 2137 2443 rum
2172 2388 2469 2453 deitatem,
2496 2388 2624 2442 ideo
2648 2389 2797 2442 duos
2820 2387 3012 2443 dicere
3034 2389 3337 2443 vitandum
3360 2396 3466 2445 est.
3495 2389 3660 2446 Unus

2006 2483 2096 2532 est
2126 2477 2300 2543 Deus,
2325 2476 2464 2548 quia
2495 2482 2552 2531 et
2584 2477 2747 2531 Pater
2780 2493 2931 2529 unus
2964 2483 3088 2530 est:
3117 2476 3270 2532 Deus
3300 2494 3535 2550 quoque
3567 2480 3658 2534 Fi-

2006 2564 2122 2619 lius
2151 2569 2206 2619 et
2236 2564 2602 2619 identitatem
2636 2563 2814 2618 habet
2846 2564 2915 2617 ad
2949 2562 3202 2629 Patrem,
3227 2569 3425 2637 utpote
3457 2565 3660 2635 Filius,

2008 2670 2142 2707 cum
2174 2658 2368 2707 tamen
2400 2652 2525 2723 ipse
2548 2651 2715 2706 Pater
2743 2668 2857 2706 non
2891 2652 2987 2723 sit,
3019 2653 3119 2707 sed
3154 2658 3364 2709 natura
3394 2654 3549 2709 Patri
3583 2656 3663 2711 sit

2009 2742 2359 2811 conjunctus
2385 2757 2397 2795 :
2425 2741 2539 2795 duo
2572 2740 2811 2810 quidem
2856 2758 3120 2811 numero,
3151 2742 3322 2798 unica
3352 2760 3482 2798 vero
3520 2744 3659 2800 sub-

2010 2830 2229 2884 stantia
2260 2830 2514 2899 periecta
2538 2846 2550 2883 :
2576 2829 2710 2895 duo,
2740 2845 2846 2883 nec
2868 2847 2936 2884 ex
2957 2830 3188 2885 duabus
3220 2831 3505 2902 partibus.
3534 2833 3662 2887 Per-

2013 2918 2197 2973 fectus
2237 2916 2416 2971 Filius
2447 2934 2480 2971 a
2512 2917 2762 2987 perfecto
2813 2917 2980 2972 Patre
3027 2919 3222 2989 prodit
3254 2937 3265 2973 :
3301 2920 3556 2975 existens
3588 2921 3659 2976 ab

2010 3006 2327 3060 exsistente
2361 3022 2373 3059 :
2407 3004 2596 3075 ﬁgura
2642 3011 2897 3075 paternae
2944 3006 3321 3076 substantiae;
3373 3024 3487 3063 non
3527 3010 3659 3064 Ver-

2008 3096 2150 3149 bum
2186 3094 2573 3149 subsistentia
2597 3109 2840 3148 carens:
2866 3094 2966 3150 sed
3000 3094 3195 3150 vivens
3229 3102 3506 3166 potestas,
3533 3114 3659 3168 quae

2009 3184 2137 3238 vitae
2170 3188 2372 3238 auctor
2400 3188 2487 3238 est
2510 3183 2738 3237 cunctis
2774 3181 3143 3237 hominibus:
3171 3201 3283 3238 non
3326 3184 3517 3255 qualis
3556 3186 3661 3240 ho-

2011 3272 2191 3327 minis
2235 3277 2514 3343 potestas,
2540 3276 2776 3342 propter
2822 3288 2997 3342 quam
3050 3273 3222 3327 homo
3272 3280 3477 3343 potens
3525 3280 3657 3330 est:

2011 3378 2199 3431 neque
2221 3359 2373 3415 enim
2400 3365 2662 3430 potestas
2693 3359 2970 3425 hominis,
3003 3359 3188 3430 proles
3215 3366 3315 3415 aut
3347 3361 3503 3417 illius
3534 3363 3662 3432 ejus

2008 3456 2114 3505 est.
2142 3450 2241 3503 Dei
2271 3465 2404 3503 vero
2436 3448 2639 3514 Filius,
2665 3451 2926 3518 potestas
2971 3449 3099 3517 ejus
3131 3452 3253 3516 est;
3290 3450 3371 3504 ita
3401 3455 3465 3504 ut
3493 3450 3664 3506 Pater

2005 3539 2258 3610 perfecte
2293 3543 2499 3609 potens
2530 3536 2626 3603 sit,
2652 3536 2791 3607 quia
2834 3536 2999 3591 Pater
3050 3541 3139 3591 est
3188 3538 3533 3607 potestatis:
3572 3539 3659 3593 Fi-

2006 3626 2121 3682 lius
2152 3642 2285 3680 vero
2335 3625 2589 3696 perfecta
2638 3624 2896 3695 potentia
2949 3624 3047 3694 sit,
3074 3626 3213 3696 quia
3263 3626 3455 3697 proles
3508 3628 3657 3697 ejus.

2004 3716 2295 3787 Sapientia
2329 3730 2558 3785 quoque
2590 3713 2779 3768 Patris
2822 3716 2911 3768 est
2954 3713 3153 3781 Filius,
3183 3715 3283 3769 sed
3317 3732 3431 3771 non
3465 3717 3658 3786 qualis

2005 3804 2294 3877 sapientia
2317 3802 2593 3871 hominis,
2620 3819 2927 3874 per,quam
2950 3803 3122 3857 homo
3143 3803 3379 3873 sapiens
3400 3811 3518 3871 est;
3554 3805 3655 3860 sed

2005 3911 2039 3950 a
2068 3894 2331 3966 sapiente
2362 3892 2482 3947 haec
2513 3891 2806 3962 sapientia
2834 3896 2959 3947 est:
2986 3891 3055 3945 de
3076 3907 3190 3962 quo
3212 3891 3428 3947 dicitur
3451 3910 3503 3949 :«
3535 3893 3655 3948 Soli

2005 3982 2254 4055 sapienti
2285 3982 2420 4049 Deo,
2447 3996 2548 4052 per
2574 3980 2777 4035 Jesum
2810 3980 3130 4051 Christum,
3152 3981 3244 4035 cui
3266 3982 3453 4053 gloria
3473 3982 3532 4036 in
3554 3998 3656 4037 saa-

2007 4073 2156 4139 cula,
2192 4088 2359 4126 amen
2385 4070 2449 4124 “.
2478 4092 2504 4119 ››
2528 4069 2767 4135 Verum,
2818 4069 3003 4138 aiunt,
3056 4087 3170 4124 non
3216 4072 3422 4142 genuit
3468 4072 3659 4127 Pater.

2005 4160 2305 4225 Quomodo
2335 4158 2517 4231 igitur
2547 4162 2604 4213 et
2628 4159 2938 4228 cujusnam
2964 4158 3131 4213 Pater
3150 4159 3371 4213 fuerit?
3422 4160 3522 4215 Sin
3555 4178 3659 4216 au-

2008 4254 2122 4305 tem
2157 4249 2376 4321 genuit,
2412 4263 2547 4319 ergo
2579 4246 2680 4317 qui
2711 4252 2820 4317 est,
2853 4246 2904 4302 is
2934 4251 3025 4301 est
3053 4248 3153 4318 qui
3186 4248 3420 4319 genitus
3451 4255 3560 4304 est.
3589 4250 3663 4304 At

2005 4355 2131 4411 ego,
2157 4337 2330 4403 dicet,
2369 4335 2807 4408 generationem
2841 4336 3117 4391 conﬁteor
3152 4353 3164 4390 :
3198 4336 3461 4408 gignitur
3504 4338 3660 4393 enim

2003 4426 2517 4497 verbum,quando
2541 4424 2886 4480 enuntiatur
2905 4429 2962 4479 et
2991 4425 3385 4496 cognoscitur.
3410 4434 3492 4482 Ac
3524 4444 3665 4498 quo-

2001 4516 2232 4583 ties,dic
2256 4515 2425 4582 mihi,
2448 4514 2503 4568 id
2527 4513 2723 4585 ipsum
2753 4513 3169 4585 generabitur?
3190 4514 3291 4570 82
3313 4531 3453 4569 num
3478 4517 3662 4574 multa

2001 4608 2163 4663 dices
2188 4605 2283 4660 Dei
2305 4604 2514 4670 Verba,
2531 4602 2779 4657 diversis
2805 4603 3170 4673 temporibus
3189 4604 3425 4676 genita?
3446 4622 3519 4660 an
3545 4623 3662 4662 mo-

2001 4697 2072 4751 do
2114 4693 2383 4750 silentem
2432 4692 2616 4747 Deum
2668 4690 3157 4759 comminisceris,
3191 4694 3362 4749 modo
3412 4693 3659 4765 loquen-

235 4778 430 4853 ἄνομε,
464 4779 547 4835 ὅτι
580 4777 725 4837 ἔσται
768 4803 852 4837 σοι
902 4781 1097 4856 ὅμοιος
1132 4782 1160 4838 6
1192 4784 1322 4846 Θεός
1358 4803 1371 4855 ;
1404 4787 1466 4840 ’Θ
1497 4782 1768 4861 ἄνθρωπε,
1798 4786 1893 4841 κᾶν

2010 4790 2149 4853 tem,
2178 4800 2244 4839 ac
2274 4786 2677 4838 transeuntem
2712 4798 2743 4835 a
2773 4780 3007 4836 silentio
3037 4782 3108 4836 ad
3142 4781 3459 4854 loquelam.
3482 4784 3663 4856 idque

240 4865 566 4946 ὀφθαλμοὺς
597 4869 830 4937 ἀκούσης
876 4876 1032 4945 Θεοῦ,
1058 4870 1154 4927 κᾶν
1203 4874 1318 4947 (10)
1362 4874 1432 4928 τὰ
1478 4872 1625 4929 ἄλλα
1658 4874 1799 4948 μέλη
1831 4876 1900 4931 τὰ

312 5038 359 5074 ⁸⁸
388 5038 595 5115 (lienes.
627 5056 744 5113 xxx,
789 5041 881 5096 24.
956 5041 1003 5077 ⁸ο
1030 5041 1199 5098 Joan.
1250 5057 1377 5110 xm,
1430 5042 1517 5098 13.
1593 5042 1873 5099 “Matth.
1922 5060 1981 5115 ι,
2027 5044 2118 5099 25.

234 5126 362 5179 ινι,
389 5112 481 5165 27.

312 5293 391 5366 (3)
416 5293 648 5372 Gobler.
692 5300 750 5352 et
800 5295 947 5352 Felc.
1000 5315 1037 5362 ι,
1087 5293 1282 5372 Κύριος
1328 5299 1435 5372 πῦρ
1479 5295 1626 5372 παρὰ
1653 5295 1892 5372 Κυρίου.

233 5363 487 5455 Μρκ’,’ἱη
533 5370 769 5451 Sgguer.
826 5372 1082 5435 tantum,
1114 5363 1269 5441 pbst,
1302 5363 1519 5443 Κυρίου,
1552 5363 1785 5442 legitur,
1837 5369 1895 5423 ἐκ

228 5454 337 5489 του
369 5454 619 5494 ουοανου.

307 5508 387 5582 (4)
416 5508 509 5582 Sic
556 5510 820 5582 Seguer.,
852 5510 1083 5567 Gobler.
1136 5514 1193 5566 et
1240 5510 1394 5566 Felc.
1444 5527 1483 5582 ε.
1536 5511 1688 5582 Editi
1734 5528 1891 5579 vero,

226 5578 488 5654 Θεὸς-καί
520 5578 737 5654 Κύρῖος.
771 5578 898 5654 Mox
948 5598 1150 5654 omnes
1211 5599 1386 5649 mss.,
1429 5581 1505 5654 ὡς
1555 5580 1613 5635 ἂν
1669 5581 1727 5636 ἐκ
1772 5578 1890 5639 τοῦ.

225 5651 387 5725 Editi
422 5669 557 5708 vero
601 5650 831 5725 omnes,
866 5652 939 5714 ὡς
972 5650 1047 5707 ὢν
1079 5652 1139 5707 ἐκ
1166 5657 1280 5725 τοῦ.
1313 5653 1493 5725 Paulo
1526 5659 1675 5723 post,
1728 5656 1891 5725 editi,

225 5719 260 5775 ὅ
294 5719 472 5800 Misy
500 5743 632 5800 eo".-
664 5724 926 5800 S_esner-.
961 5721 1464 5800 εθριίιιεν-ὂᾏάγων
1501 5719 1617 5800 iisn-

303 5795 386 5870 (5)
418 5798 565 5869 Ημῖν
598 5795 813 5870 legitur
858 5797 918 5852 in
961 5797 1152 5865 Gobl.,
1191 5795 1336 5853 Felc.
1369 5795 1410 5865 ἰ,
1441 5795 1510 5854 οῖ’
1543 5798 1700 5870 Seg.;
1734 5797 1896 5854 deest

518 5924 786 5990 Panos.
836 5923 947 5988 Gn.
989 5922 1271 5987 XXVIII.

2008 4873 2225 4947 apertis
2258 4872 2450 4939 labiis,
2487 4874 2589 4926 aut
2620 4873 2912 4925 commoto
2944 4871 3160 4926 corde?
3189 4872 3315 4927 Non
3346 4877 3436 4927 est
3463 4872 3660 4942 homo,

2222 5042 2268 5077 "
2318 5039 2523 5097 Matth.
2574 5056 2673 5109 vn,
2723 5039 2814 5094 21.
2919 5038 2964 5073 ⁴³
3024 5038 3164 5094 ibid.
3227 5039 3315 5093 22.
3417 5039 3661 5098 “Rom.

2004 5299 2064 5355 in
2095 5298 2289 5355 editis.

2076 5372 2150 5443 (6)
2184 5366 2551 5444 ββείιίθηβ,ίεν
2580 5364 2842 5444 mea“;
2918 5438 2928 5444 _
3141 5437 3172 5444 _
3444 5431 3457 5443 .
3587 5432 3623 5444 ..

2073 5432 2150 5513 (7)
2182 5441 2277 5497 Sic
2309 5432 3105 5513 BasiliensiséGobglerianus,
3138 5437 3388 5503 Seguer;
3442 5432 3503 5487 in
3537 5432 3660 5488 edi-

2004 5506 2087 5567 tis
2115 5506 2174 5568 et
2201 5510 2425 5568 caeteris
2458 5528 2601 5565 mss.
2637 5506 2768 5561 οὖσα
2799 5511 2980 5563 deest.

2076 5586 2152 5651 (8)
2182 5583 2249 5636 ’Π
2282 5584 2447 5637 deest
2478 5582 2536 5636 in
2568 5580 2896 5651 Basiliensi.

2074 5644 2151 5721 (9)
2186 5657 2269 5709 lta
2295 5660 2532 5719 Seguer.
2565 5649 2719 5705 Editi
2750 5665 2905 5715 vero,
2940 5648 3027 5702 καὶ
3059 5644 3203 5721 περί.

2074 5708 2185 5797 (ib)
2217 5708 2346 5795 Κᾶν,
2368 5708 2582 5778 ’όωηθε
2613 5734 2755 5774 mss.
2786 5708 2941 5777 Editi
2971 5708 3267 5791 vero,'xal.
