4136 6382
434 375 548 435 107

1611 371 1678 432 S.
1724 365 2252 430 ATHANASIUS.
2284 397 2363 410 -
2392 365 2656 430 DUBIA.

3726 376 3842 437 108

429 506 586 562 Deus
609 523 622 562 :
651 505 1021 575 existimasti,
1043 505 1263 576 inique,
1288 504 1443 575 quod
1466 503 1621 559 Deus
1641 503 1749 558 erit
1782 502 1884 557 tibi
1917 501 2066 556 simi-

2191 500 2494 572 σωματικὰ,
2549 500 2624 570 μή
2681 503 2953 573 σαρκικῶς
2999 499 3131 554 νόει⁶
3180 498 3327 557 ἀλλὰ
3391 500 3458 557 δι’
3509 501 3841 576 ὁμοιότητος

431 594 503 649 lis
525 595 552 648 ?
591 594 748 650 Licet
778 593 979 650 oculos
1028 594 1126 648 Dei
1181 592 1458 658 audieris,
1493 609 1525 647 ο
1559 592 1753 657 homo,
1786 589 1920 646 licet
1967 589 2082 645 alia

429 684 689 754 corporis
738 683 1022 752 membra,
1065 699 1137 737 ne
1186 682 1498 737 carnaliter
1543 681 1686 736 illud
1738 679 2076 750 intelligas:

429 773 531 828 sed
579 789 682 844 per
727 771 1120 844 corporalium
1166 771 1640 836 similitudinem,
1670 769 2078 840 incorporeum

428 862 706 934 intellige.
732 863 959 918 Etenim
985 862 1090 916 tibi
1114 861 1337 916 dictum
1361 867 1480 917 est:
1506 860 1758 931 Spiritus
1785 863 1873 913 est
1893 858 2078 923 Deus;

429 951 514 1007 sic
543 956 600 1006 et
626 951 884 1007 Verbum
923 950 1090 1017 illud,
1122 967 1236 1006 non
1278 950 1607 1005 humanum
1642 953 1749 1018 est,
1773 963 1878 1003 nec
1909 947 2080 1018 quale

2187 593 2294 642 τῶν
2339 591 2660 660 σωματικῶν
2713 586 2877 642 ἐννόει
2923 590 2984 643 τὸ
3033 589 3345 663 ἀσώματον.
3372 591 3472 646 Καὶ
3539 595 3644 668 γὰρ
3689 591 3839 668 εἷ’ρη-

2187 677 2275 730 ταί
2334 698 2438 732 σοι.
2498 679 2714 749 Ιινεῦμα
2766 677 2794 730 6
2853 677 3002 740 Θεός·
3064 678 3206 733 οὕτω
3264 679 3353 733 καὶ
3412 681 3439 735 6
3501 681 3679 757 Λόγος
3742 682 3840 738 οὐκ

2189 765 2547 837 ἀνθρώπινος,
2599 763 2723 820 οὐδὲ
2773 768 2888 828 οἷος
2917 767 2944 820 6
2976 766 3088 822 σός·
3123 767 3252 829 Θεὸς
3293 771 3396 843 γάρ
3448 769 3581 838 ἆστι,
3613 771 3710 825 κᾶν
3759 773 3835 844 μή

2191 875 2272 908 σοι
2303 851 2458 927 δοκῇ,
2491 855 2578 908 καὶ
2612 854 2711 908 οὐκ
2741 854 2840 910 εἰσί
2895 853 2989 910 δύο
3040 857 3184 928 Θεοὶ,
3219 857 3301 911 ὅτι
3337 855 3478 930 μηδὲ
3517 856 3612 914 δύο
3663 860 3839 916 Πατέ-

2192 962 2302 1018 ρες,
2338 941 2479 1015 μηδὲ
2510 943 2814 1018 ἓτερούσιος
2851 949 2948 999 τοῦ
2978 949 3341 1019 γεννήσαντος
3366 947 3393 1000 6
3425 949 3838 1022 γεγεννημένος.

426 1045 598 1098 tuum
631 1057 644 1094 :
686 1042 836 1096 Deus
865 1040 1022 1096 enim
1053 1045 1162 1109 est,
1193 1039 1327 1094 licet
1373 1039 1429 1093 id
1477 1039 1583 1094 tibi
1635 1037 1877 1092 minime
1906 1035 2175 1090 videatur
2203 1051 2215 1088 :
2253 1051 2355 1089 nec
2386 1035 2503 1089 duo
2534 1035 2623 1090 Dii
2675 1042 2833 1104 sunt,
2868 1037 3019 1092 sicut
3068 1053 3173 1092 nec
3222 1038 3338 1094 duo
3369 1043 3571 1096 Patres
3603 1056 3616 1095 :
3654 1056 3844 1112 neque

428 1130 667 1186 diversas
698 1129 1044 1185 substantia
1076 1134 1166 1184 est
1195 1129 1433 1201 genitus
1465 1145 1499 1182 a
1526 1131 1860 1199 generante.

498 1256 552 1309 6.
585 1255 692 1319 Qui
724 1254 880 1310 enim
911 1255 1028 1310 duo
1073 1253 1360 1326 principia
1391 1251 1640 1317 inducit,
1674 1251 1723 1305 is
1755 1251 1903 1305 duos
1935 1249 2084 1304 Deos

428 1344 725 1416 praedicat.
750 1343 880 1399 Haec
929 1348 1019 1400 est
1057 1343 1368 1400 Marcionis
1416 1342 1710 1413 impietas,
1743 1339 1842 1410 qui
1896 1338 2081 1393 Deum

421 1433 650 1504 justum
695 1433 914 1504 proprii
947 1432 1157 1488 Christi
1209 1437 1459 1497 Patrem,
1494 1435 1549 1485 et
1597 1429 1843 1484 alterum
1895 1427 2080 1482 Deum

427 1522 651 1577 bonum
683 1521 900 1594 proprii
923 1521 1140 1577 Christi
1176 1520 1402 1576 Patrem
1436 1521 1706 1574 afﬁrmat.
1734 1517 1957 1572 Rursus
1980 1517 2080 1587 qui

430 1609 614 1666 Deum
652 1628 766 1666 non
801 1611 1042 1676 factum,
1077 1609 1254 1666 alium
1286 1627 1419 1666 vero
1450 1610 1634 1664 Deum
1666 1611 1884 1662 tactum
1918 1606 2079 1672 dicit,

429 1699 578 1755 duos
610 1705 668 1755 et
693 1699 820 1772 ipse
852 1705 996 1755 Deos
1028 1700 1304 1765 admittit,
1330 1703 1566 1770 propter
1593 1694 1936 1752 substantiae
1967 1694 2078 1749 dif-

2263 1249 2318 1304 6.
2346 1248 2403 1302 '0
2431 1248 2644 1322 μὲνγὰρ
2666 1247 2841 1324 ἀρχὰς
2868 1248 3096 1323 εἰσάγων
3123 1247 3238 1319 δύο,
3261 1247 3356 1305 δύο
3378 1251 3632 1324 κηρύττει
3654 1251 3844 1318 Θεούς.

2189 1333 2337 1405 Αὕτη
2373 1337 2696 1411 Μαρκίωνος
2723 1340 2757 1406 ἡ
2810 1334 3108 1407 δυσσέϐεια,
3143 1344 3274 1394 Θεὸν
3327 1339 3581 1416 λέγοντος
3633 1339 3839 1397 δίκαιον

2194 1423 2334 1479 ἰδίου
2360 1430 2595 1496 Χριστοῦ
2628 1425 2860 1500 Πατέρα,
2905 1429 2993 1481 καὶ
3042 1429 3170 1483 Θεὸν
3218 1426 3400 1505 ἕτερον
3453 1431 3649 1504 ἀγαθὸν
3699 1429 3840 1487 ἰδίου

2190 1517 2422 1588 Χριστοῦ
2455 1516 2683 1589 Πατέρα.
2721 1515 2887 1570 Πάλιν
2920 1517 2947 1570 6
2980 1517 3108 1571 Θεὸν
3146 1517 3405 1592 ἀγένητον
3452 1520 3584 1573 εἰναι
3635 1517 3835 1595 λέγων,

2189 1601 2360 1658 ἄλλον
2397 1601 2453 1658 δὲ
2484 1606 2612 1658 Θεὸν
2642 1607 2753 1676 (11)
2773 1605 3022 1679 γενητὸν,
3043 1603 3142 1660 δύο
3167 1606 3255 1661 καὶ
3279 1607 3438 1669 αὐτὸς
3469 1607 3617 1683 λέγει
3650 1609 3838 1677 Θεοὺς,

2189 1689 2278 1746 διὰ
2321 1694 2419 1758 τήν
2476 1700 2575 1761 τῆς
2636 1693 2821 1754 οὐσίας
2883 1692 3168 1773 διαφορὰν,
3219 1697 3278 1763 ἦν
3335 1695 3679 1775 βλασφήμως
3729 1699 3838 1754 εἰσ-

429 1787 759 1856 ferentiam,
810 1804 988 1859 quam
1048 1786 1510 1857 blasphemando
1569 1784 1906 1840 introducit.
1969 1783 2066 1839 Ubi

2188 1783 2326 1856 άγει.
2387 1785 2558 1836 Ὅπου
2607 1779 2662 1836 δὲ
2715 1782 2810 1854 μία
2857 1784 2952 1855 μὶν
3002 1787 3036 1852 ἡ
3089 1785 3258 1859 ἀρχή,
3290 1783 3344 1838 ἓν
3379 1783 3437 1840 δὲ
3487 1788 3547 1840 τὸ
3587 1787 3636 1859 ἐξ
3670 1787 3836 1858 αὐτῆς

423 1892 559 1931 vero
590 1877 830 1931 unicum
862 1881 952 1931 est
991 1875 1370 1948 principium,
1405 1892 1472 1930 ao
1506 1875 1678 1929 unica
1707 1876 1834 1944 ejus
1862 1872 2074 1944 proles,

425 1963 505 2019 ibi
555 1963 996 2020 absolutissima
1026 1980 1090 2019 ac
1125 1963 1412 2019 naturalis
1464 1963 1679 2035 imago,
1711 1962 1850 2032 quia
1879 1978 1946 2016 ex
1974 1961 2074 2016 illo

425 2053 624 2125 genita
653 2059 786 2109 est:
823 2053 900 2108 ibi
945 2057 999 2108 et
1045 2071 1198 2108 unus
1251 2054 1438 2119 Deus;
1487 2053 1566 2106 ita
1619 2058 1683 2106 ut
1728 2052 1982 2122 perlecta
2015 2049 2072 2104 in

425 2146 594 2197 Patre
623 2143 811 2198 deitas
848 2141 1110 2197 exsistat.
1136 2142 1420 2197 Caterum
1455 2142 1593 2212 quia
1640 2157 1708 2195 ex
1759 2156 1932 2210 parvo
1965 2139 2074 2193 hoc

424 2230 688 2303 exemplo
711 2232 888 2302 (quod
920 2231 1116 2285 divina
1138 2231 1438 2302 Scriptura
1471 2229 1730 2302 protulit,
1754 2245 1887 2283 cum
1920 2229 2072 2283 ima-

423 2320 619 2392 ginem
658 2321 751 2376 Dei
784 2319 1099 2376 invisibilis
1121 2320 1414 2375 Cbristum
1453 2319 1774 2390 nuncupat)
1806 2333 2070 2388 compre-

420 2409 676 2465 hendere
695 2409 854 2465 vales
877 2411 1031 2480 quod
1055 2409 1275 2464 dictum
1301 2414 1418 2475 est;
1451 2409 1543 2463 hic
1574 2410 1784 2463 iterum
1819 2406 2073 2461 dissimi-

419 2495 732 2554 litudinem
775 2515 902 2570 qua:
952 2499 1010 2552 in
1059 2498 1322 2569 exemplo
1370 2503 1459 2553 est
1508 2498 1824 2569 fugiamus,
1860 2512 2069 2567 nempe

423 2588 578 2658 quod
608 2586 708 2642 Dei
753 2587 968 2658 imago,
997 2594 1118 2642 arte
1148 2589 1300 2642 facta
1345 2591 1402 2642 et
1448 2587 1690 2642 alterius
1723 2586 2069 2640 substantiae

420 2676 498 2730 sit
531 2692 546 2732 :
577 2677 831 2748 genitam
866 2681 1058 2732 autem
1092 2681 1148 2732 et
1167 2674 1732 2731 consubstantialem
1763 2690 1890 2728 eam
1941 2690 2070 2730 esse

419 2764 823 2820 conﬁteamur.
867 2769 1136 2820 Attamen
1187 2764 1283 2835 qui
1336 2763 1489 2836 regis
1539 2763 1853 2835 imaginem
1888 2763 2065 2831 videt,

421 2868 616 2924 regem
649 2853 833 2921 videt;
877 2859 932 2908 et
981 2853 1061 2908 ait
1094 2869 1106 2906 :
1141 2857 1301 2921 Ecce,
1337 2851 1430 2906 hic
1481 2869 1578 2908 rex
1626 2859 1734 2916 est,
1769 2868 1873 2907 nec
1920 2852 2068 2907 duos

420 2956 586 3011 reges
618 2941 943 3012 constituit,
978 2958 1166 3013 neque
1193 2946 1414 3013 partem
1450 2942 1604 3013 regis
1635 2941 1950 3013 imaginem
1982 2941 2068 2995 di-

421 3029 519 3096 cit,
554 3045 658 3084 nec
689 3030 968 3103 imaginis
1014 3047 1231 3102 regem.
1263 3030 1355 3084 Sic
1386 3030 1566 3101 igitur
1609 3046 1764 3084 unus
1794 3034 1883 3084 est
1915 3029 2068 3084 Deus

2185 1872 2470 1945 γέννημα,
2521 1870 2679 1925 εἰκών
2731 1867 3089 1943 ἀκριϐεστάτη
3141 1874 3230 1927 καὶ
3281 1877 3502 1945 φυσική·
3562 1873 3700 1930 διότι
3747 1877 3837 1931 καὶ

2183 1961 2410 2034 γεννητὴ
2447 1959 2497 2030 ἐξ
2528 1959 2711 2014 αὐτοῦ·
2747 1963 2822 2022 εἷς
2851 1961 3001 2033 Θεὸς,
3033 1961 3243 2024 τελείας
3277 1964 3370 2034 μὲν
3425 1963 3475 2018 ἐν
3525 1965 3692 2040 Πατρί
3735 1972 3838 2035 τῆς

2185 2048 2438 2117 Θεότητος
2471 2051 2793 2120 νοουμένης,
2825 2049 3038 2112 τελείας
3070 2048 3126 2105 δὲ
3158 2052 3244 2106 καὶ
3275 2052 3325 2106 ἐν
3359 2054 3468 2125 Υἰῷ
3496 2056 3594 2122 τῆς
3640 2075 3834 2131 πατρι-

2182 2139 2280 2204 κῆς
2313 2138 2567 2205 θεότητος
2597 2137 2975 2212 ὑπαρχούσης.
3017 2140 3162 2194 Ἐπεὶ
3214 2141 3303 2195 καὶ
3354 2139 3441 2196 διὰ
3487 2147 3584 2197 τοῦ
3638 2148 3834 2219 μικροῦ

2180 2227 2373 2280 τούτου
2405 2224 2867 2300 παραδείγματος,
2919 2227 3051 2303 ὅπερ
3102 2232 3135 2298 ἡ
3188 2230 3300 2284 θεία
3351 2234 3532 2308 Γραφὴ
3579 2230 3829 2303 δεδήλω-

2179 2337 2267 2370 κεν
2321 2316 2501 2370 εἰκόνα
2546 2320 2641 2369 τοῦ
2693 2321 2826 2370 Θεοῦ
2872 2322 2968 2371 τοῦ
3023 2317 3255 2393 ἀοράτου
3302 2321 3392 2374 τὸν
3437 2323 3666 2396 Χριστὸν
3704 2323 3826 2376 ὀνο-

2185 2406 2414 2476 μάσασα,
2449 2402 2663 2458 δύνασαι
2714 2401 3038 2460 καταλαϐεῖν
3088 2408 3150 2462 τὸ
3203 2407 3510 2484 λεγόμενον·
3564 2411 3824 2487 φύγωμεν

2178 2493 2342 2548 πάλιν
2395 2495 2483 2548 καὶ
2543 2493 2766 2557 ἐνταῦθα
2821 2496 2883 2550 τὸ
2934 2495 3192 2567 ἀνόμοιον
3244 2499 3304 2552 τὸ
3353 2497 3404 2553 έν
3458 2497 3536 2572 τῷ
3580 2498 3832 2575 παραδεί-

2178 2604 2369 2657 γματι,
2399 2584 2461 2637 τὸ
2509 2584 2766 2659 τεχνίτην
2807 2588 2916 2658 (12)
2961 2585 3049 2638 καὶ
3082 2585 3384 2662 ἓτεροῦσιον
3434 2588 3564 2642 εἶναι
3597 2591 3696 2656 τήν
3727 2594 3826 2644 τοῦ

2179 2677 2311 2726 Θεοῦ
2342 2672 2541 2741 εἰκόνα,
2574 2674 2836 2748 γεννητὴν
2891 2672 2947 2728 δὲ
2977 2675 3064 2729 καὶ
3111 2676 3402 2748 ὁμοούσιον
3436 2676 3825 2752 ὁμολογῶμεν.

2177 2759 2458 2833 Ὅμωςδή
2503 2759 2593 2816 οῦν
2646 2765 2757 2835 (13)
2788 2764 2815 2818 6
2847 2764 2945 2831 τὴν
2999 2763 3180 2818 εἰκόνα
3223 2769 3323 2819 τοῦ
3378 2764 3646 2838 βασιλέως
3684 2765 3826 2838 ὀρων

2175 2852 2265 2905 τὸν
2303 2849 2528 2925 βασιλέα
2559 2852 2678 2927 ὁρᾷ,
2731 2852 2820 2906 καί
2875 2873 3056 2928 φησιν.
3092 2849 3254 2920 Ἰδοὺ,
3288 2852 3450 2912 οὗτος
3485 2853 3512 2905 6
3550 2851 3827 2924 βασιλεὺς,

2175 2940 2263 2994 καὶ
2297 2939 2358 2993 οὐ
2391 2937 2486 2993 δύο
2517 2938 2785 3008 πεποίηκε
2834 2937 3100 3012 βασιλεῖς,
3134 2935 3259 2991 οὐδὲ
3311 2938 3474 3013 μέρος
3523 2943 3620 2992 τοῦ
3676 2940 3825 3013 βασι-

2179 3026 2318 3087 λέως
2359 3028 2459 3093 τὴν
2512 3026 2712 3097 εἷ’κόνα,
2744 3026 2778 3094 ἦ
2821 3033 2919 3093 τῆς
2966 3024 3173 3087 εἰκόνος
3221 3026 3312 3080 τὸν
3363 3026 3591 3102 βασιλέα
3625 3071 3637 3083 .
3671 3027 3826 3082 Οὕτω

420 3123 610 3188 Pater,
633 3125 689 3176 et
710 3138 826 3176 una
845 3121 1121 3178 divinitas
1155 3122 1344 3177 Patris
1367 3127 1422 3176 et
1447 3121 1592 3176 Filii.
1613 3125 1703 3186 At,
1729 3126 1794 3175 ut
1815 3126 1872 3175 tu
1900 3120 2065 3178 dicis.

2179 3115 2356 3169 τοίνυν
2393 3117 2468 3175 εἷς
2503 3115 2632 3175 Θεὸς
2681 3115 2708 3168 6
2751 3115 2958 3189 Πατήρ,
2991 3115 3080 3168 καὶ
3135 3113 3230 3186 μία
3274 3115 3466 3184 θεότης
3497 3117 3704 3191 Πατρὸς
3736 3116 3824 3170 καὶ

419 3227 573 3266 unus
603 3211 733 3279 erit,
766 3213 1128 3282 compositus
1169 3228 1236 3265 ex
1266 3211 1496 3265 duabus
1529 3210 1796 3281 partibus
1845 3209 2068 3279 imper-

414 3298 600 3355 fectis.
627 3301 737 3355 Sed
771 3300 843 3354 ad
875 3300 1026 3354 hanc
1055 3299 1418 3369 impietatem
1450 3314 1623 3352 aures
1652 3297 1977 3362 occludere,
2011 3301 2068 3350 et

413 3387 674 3444 animam
706 3388 946 3442 abluere
988 3386 1258 3442 convenit
1290 3403 1300 3440 :
1337 3387 1434 3456 qui
1480 3385 1634 3440 enim
1667 3385 1789 3440 haec
1819 3386 2066 3440 commi-

414 3475 682 3542 niscitur,
716 3491 820 3530 nec
860 3474 1066 3529 Filium
1103 3489 1209 3528 nec
1252 3479 1482 3528 Patrem
1532 3475 1845 3528 conﬁtetur
1879 3491 1890 3528 :
1925 3490 2061 3529 nam

413 3580 605 3636 neque
635 3564 802 3618 Pater
831 3578 1020 3634 neque
1049 3561 1228 3617 Filius
1271 3564 1647 3634 imperfectus
1679 3562 1923 3636 intelligi
1956 3581 2062 3636 po-

411 3655 548 3708 test.

482 3777 538 3830 7.
564 3775 738 3848 Atqui
769 3776 989 3832 dictum
1021 3780 1129 3846 est,
1155 3777 1237 3831 ait
1260 3795 1310 3834 ;‹‹
1343 3775 1489 3842 Quia
1519 3792 1623 3848 ego
1673 3777 1733 3832 in
1783 3781 1970 3844 Patre,
2003 3780 2062 3832 et

414 3868 577 3920 Pater
606 3865 666 3921 in
702 3882 793 3921 me
821 3871 911 3921 est
934 3866 978 3900 ⁸⁸
1011 3881 1023 3921 :
1056 3885 1076 3913 α
1112 3883 1226 3922 non
1259 3869 1348 3920 est
1378 3871 1570 3920 autem
1605 3866 1775 3921 Pater
1803 3867 2057 3921 Verbum

410 3953 470 4009 in
503 3955 675 4009 corde
706 3953 833 4010 Filii
859 3973 872 4010 :
899 3971 1035 4026 ergo
1059 3971 1163 4010 nec
1197 3954 1380 4010 Filius
1401 3960 1488 4010 est
1510 3955 1766 4010 Verbum
1797 3957 1852 4008 in
1885 3957 2059 4011 corde

411 4039 626 4108 Patris;
657 4042 752 4096 sed
786 4044 875 4095 est
897 4041 1150 4096 Verbum
1187 4040 1386 4096 vivens
1409 4059 1443 4095 a
1467 4041 1692 4096 vivente
1726 4041 1887 4096 Patre
1917 4041 2054 4110 Deo,

410 4129 562 4200 quod
607 4133 822 4184 aeterna
877 4130 1250 4201 generatione
1306 4131 1529 4185 editum
1579 4135 1688 4195 est,
1721 4139 1776 4184 et
1832 4132 2056 4202 absque

407 4216 578 4273 initio
611 4217 765 4273 Patri
795 4217 1128 4273 coexsistit:
1164 4219 1245 4273 ita
1278 4223 1338 4273 ut
1369 4219 1539 4274 Pater
1559 4237 1862 4290 nunquam
1892 4219 2055 4276 solus

407 4307 752 4378 cogitandus
783 4306 879 4362 sit.
915 4308 1158 4378 Semper
1186 4309 1339 4363 enim
1375 4308 1632 4363 Trinitas
1662 4315 1749 4362 est
1776 4309 2051 4376 Trinitas,

407 4409 512 4449 nec
573 4411 830 4466 unquam
901 4395 1368 4450 additamentum
1440 4396 1762 4452 divinitatis
1820 4398 2050 4468 accipit.

403 4481 598 4554 Neque
631 4483 810 4538 Filius
841 4500 972 4538 cum
1020 4483 1183 4554 prius
1230 4501 1344 4538 non
1393 4489 1549 4539 esset
1600 4501 1735 4539 cum
1771 4486 1956 4552 Patre,
1989 4487 2048 4540 in
2080 4506 2127 4569 Ι)

401 4575 700 4640 posterum
732 4572 784 4627 ei
814 4573 1088 4640 additur;
1122 4589 1311 4642 neque
1347 4572 1486 4628 Filio
1519 4574 1773 4644 Spiritus
1807 4581 2049 4630 sanctus

402 4658 646 4714 accedit.
679 4663 812 4724 Quae
844 4661 1000 4715 enim
1032 4678 1066 4715 a
1096 4662 1350 4731 quodam
1399 4662 1681 4733 principio
1713 4664 1864 4718 facta
1889 4669 2047 4732 sunt,

401 4752 458 4801 et
489 4747 718 4818 opiﬁcia
748 4754 906 4814 sunt,
933 4754 991 4802 et
1021 4749 1277 4818 subdita,
1301 4756 1357 4804 et
1385 4751 1653 4805 Trinitati
1686 4751 1846 4807 nullo
1881 4754 2050 4808 modo

401 4842 887 4891 annumerantur.
938 4836 1106 4904 Nam,
1133 4860 1159 4885 «
1194 4843 1475 4903 euntes,»
1515 4839 1726 4912 inquit,
1776 4862 1803 4894 α
1851 4842 2051 4897 ἀοροω

398 4941 604 4980 omnes
633 4929 859 4996 gentes,
886 4924 1246 4996 baptizantes
1268 4942 1388 4994 eos,
1418 4927 1475 4980 in
1507 4929 1738 4984 nomine
1763 4931 1970 4997 Patris,
1994 4937 2051 4986 et

392 5014 540 5083 Filii,
567 5019 624 5070 et
645 5013 899 5086 Spiritus
930 5014 1117 5070 sancti
1137 5015 1200 5068 ⁸⁸.
1233 5037 1254 5065 ι
1291 5014 1529 5070 Nullum
1581 5024 1777 5073 autem
1832 5021 2046 5091 princi-

465 5240 511 5275 “
536 5239 704 5298 Joan.
735 5256 854 5312 xw,
889 5241 975 5298 10.
1052 5242 1097 5277 ⁴⁶
1129 5241 1335 5301 Matth.
1369 5262 1532 5316 xvm,
1566 5248 1655 5303 19.

461 5475 574 5560 (11)
604 5475 1196 5560 Seguer:_Gobler._et
1245 5482 1394 5560 Felc.
1445 5501 1484 5560 x_,

389 5546 618 5604 Priores

393 5618 486 5692 μὶν
523 5613 704 5692 αὐτός.

460 5691 574 5767 (12)
606 5691 790 5763 Forte,
818 5693 1106 5764 τεχνητήν.

1535 5481 1814 5556 γεννητόν.
1836 5555 1839 5556 ν
1864 5482 2034 5556 male.

707 5565 781 5604 uo
830 5549 969 5605 ibid.
1021 5552 1321 5610 omittunt.
1372 5549 1734 5613 656v.'Basil.
1769 5555 1888 5612 ibid
1939 5552 2034 5609 δύο

2181 3205 2329 3257 Υἱοῦ.
2378 3209 2464 3263 Ὡς
2515 3199 2570 3256 δὲ
2615 3202 2676 3256 σὺ
2725 3199 2946 3277 λέγεις,
3003 3205 3078 3264 εἷς
3121 3200 3268 3258 ἕσται
3320 3205 3570 3268 σύνθετος
3621 3204 3678 3259 ἐκ
3728 3203 3823 3259 δύο

2181 3295 2358 3365 μερῶν
2409 3289 2636 3346 ἀτελῶν.
2685 3291 2830 3364 ΙΙρὸς
2876 3288 2931 3345 δὲ
2975 3291 3172 3358 ταύτην
3231 3293 3330 3360 τήν
3381 3288 3625 3347 ἀσέϐειαν
3686 3294 3820 3347 ἀπο-

2173 3379 2384 3434 κλεῖσαι
2428 3379 2594 3435 καλὸν
2652 3381 2747 3442 τὰς
2789 3381 2972 3452 ἀκοὰς,
3022 3381 3110 3435 καὶ
3142 3384 3255 3453 (14)
3304 3381 3666 3455 ἀπονίψασθαι
3719 3385 3818 3452 την

2173 3471 2357 3544 ψυχήν
2386 3488 2398 3500 ⁸
2446 3469 2570 3524 οὕτε
2617 3469 2718 3544 γὰρ
2769 3470 2891 3523 Υἰὸν
2940 3469 3063 3523 οὕτε
3094 3471 3308 3545 Πατέρα
3347 3471 3374 3525 6
3422 3475 3582 3526 τοῦτο
3616 3493 3815 3548 φαντα-

2175 3557 2400 3629 ζόμενος
2435 3557 2718 3633 ὁμολογεῖ
2755 3557 2869 3612 ἐπεὶ
2897 3561 3035 3630 μήτε
3067 3558 3299 3635 Πατέρα,
3335 3562 3473 3632 μήτε
3505 3561 3624 3615 Υἰὸν
3647 3559 3814 3630 ἀτελῆ

2171 3652 2310 3700 νοεῖν
2344 3646 2603 3722 ἐγχωρεῖ.

2237 3773 2290 3826 7.
2325 3769 2484 3826 Ἀλλ’
2535 3767 2766 3845 εἴρηται,
2814 3771 2996 3848 φησίνο
3034 3795 3061 3822 ‹‹
3087 3774 3204 3825 Ὅτι
3257 3770 3366 3846 ἐγὼ
3420 3773 3471 3826 έν
3502 3777 3581 3844 τῷ
3618 3772 3815 3849 ΙΙατρὶ,

2167 3859 2255 3914 καὶ
2291 3860 2317 3914 6
2351 3861 2542 3935 Πατὴρ
2575 3859 2624 3913 ἐν
2661 3859 2802 3932 ἐμοί.
2840 3885 2867 3911 ››
2901 3860 2998 3914 οὐκ
3049 3858 3158 3915 ἔστι
3207 3857 3264 3914 δὲ
3312 3860 3483 3936 Λόγος
3534 3860 3584 3916 έν
3622 3860 3817 3934 καρδίᾳ

2166 3954 2262 4002 τοῦ
2296 3949 2422 4002 Υἰοῦ
2453 3949 2479 4002 6
2514 3951 2720 4023 Πατήρ·
2759 3949 2818 4002 o6
2873 3949 3048 4003 τοίνυν
3097 3947 3220 4004 οὐδὲ
3270 3950 3297 4004 6
3326 3954 3439 4024 (15)
3488 3952 3608 4013 Υἱὸς
3642 3952 3817 4028 Λόγος

2168 4037 2218 4092 ἐν
2248 4035 2444 4112 καρδίᾳ
2488 4042 2585 4092 τοῦ
2638 4039 2874 4113 Ματρὸς,
2921 4036 3066 4092 ἀλλά
3117 4039 3293 4114 Λόγος
3330 4044 3433 4108 ζῶν
3477 4041 3581 4094 ἀπὸ
3614 4045 3815 4109 ζῶντος

2167 4127 2374 4200 Ιῐατρὸς
2406 4131 2557 4194 Θεοῦ,
2611 4124 2771 4199 ἀϊδίῳ
2817 4129 3061 4201 γεννήσει
3113 4129 3389 4204 πεφηνὼς,
3441 4128 3693 4204 ἀνάρχως
3739 4135 3816 4202 τῷ

2166 4215 2338 4290 Πατρί
2392 4216 2564 4270 συνών
2603 4235 2614 4246 ·
2669 4216 2746 4276 ὡς
2799 4213 3074 4288 μηδέποτε
3126 4216 3290 4288 μόνον
3341 4215 3673 4281 ἐπινοεῖσθαι
3725 4218 3815 4272 τὸν

2166 4304 2397 4379 Πατέρα.
2459 4304 2571 4359 ’Δεῖ
2627 4304 2730 4378 γὰρ
2784 4306 2954 4378 Τριὰς
3011 4307 3045 4373 ἡ
3104 4305 3286 4378 Τριὰς,
3346 4305 3434 4359 καὶ
3497 4308 3815 4381 προσθήκην

2165 4393 2418 4462 θεότητος
2449 4393 2508 4446 οὗ
2539 4387 2828 4463 λαμϐάνει.
2865 4390 2992 4448 Οὐδ’
3023 4391 3050 4446 6
3085 4396 3160 4464 μὴ
3194 4393 3456 4469 πρότερον
3487 4394 3559 4447 ὣν
3609 4394 3700 4448 σὺν
3732 4394 3811 4468 τῷ

2166 4482 2331 4556 Πατρί
2382 4480 2726 4557 προστίθεται
2779 4480 2996 4552 ὕστερον
3053 4480 3080 4534 6
3114 4483 3258 4552 Υἱὸς,
3313 4480 3438 4536 οὐδὲ
3485 4487 3564 4554 τῷ
3597 4484 3704 4555 Υἰῷ
3748 4483 3808 4538 τὸ

2160 4573 2382 4642 Ιένεῦμα
2427 4569 2757 4645 ἐπιγίνεται.
2809 4570 2881 4623 Τὰ
2928 4570 3028 4645 γὰρ
3084 4570 3188 4624 ἀπό
3234 4593 3381 4633 τινος
3429 4571 3608 4646 ἀρχῆς
3659 4593 3809 4648 γεγε-

2159 4661 2365 4732 νημένα
2409 4663 2517 4732 (16)
2567 4659 2656 4712 καὶ
2705 4659 2988 4731 ποιηματά
3039 4658 3146 4714 ἐστι
3198 4661 3285 4714 καὶ
3345 4658 3535 4730 δοῦλα,
3593 4661 3679 4716 καῖ
3739 4666 3808 4735 τῇ

2159 4746 2344 4822 Τριάδι
2397 4754 2799 4820 συναριθμεῖται
2852 4746 3129 4820 οὐδαμῶς·
3167 4774 3192 4798 ‹‹
3238 4751 3592 4824 Πορευθέντες
3622 4751 3744 4826 γὰρ,
3781 4776 3807 4802 υ

2161 4840 2313 4917 φησί,
2353 4865 2370 4887 α
2408 4837 2773 4909 μαθητεύσατε
2823 4839 2995 4891 πάντα
3042 4839 3107 4891 τὰ
3137 4837 3286 4908 ἔθνη,
3334 4839 3682 4914 βαπτίζοντες
3713 4840 3810 4894 αὑ-

2157 4928 2282 4990 τοὺς
2313 4929 2388 4989 εἰς
2419 4928 2482 4981 τὸ
2513 4923 2687 4999 ὄνομα
2715 4931 2810 4980 τοῦ
2859 4926 3094 4998 ΙΙατρὸς,
3128 4928 3216 4980 καὶ
3265 4932 3363 4981 τοῦ
3414 4929 3560 4996 ι’ἰοῦ,
3593 4929 3682 4983 καὶ
3713 4934 3810 4984 τοῦ

2160 5018 2310 5094 ἁγίου
2340 5015 2677 5089 ΙΙνεόματος.
2714 5040 2742 5067 ››
2775 5016 2985 5090 Ἀρχὴν
3022 5011 3079 5069 δὲ
3129 5012 3251 5069 οὕτε
3305 5015 3453 5088 μίαν,
3502 5014 3624 5072 οὔτε
3662 5017 3808 5088 ἐξου-

2246 5483 2330 5544 13)
2361 5478 2774 5544 Seguerianus,
2808 5475 2855 5531 δ’
2883 5475 2997 5532 οὗν.

2244 5551 2331 5606 Ml
2362 5551 2460 5604 Καί
2491 5553 2654 5606 deest
2684 5551 2741 5606 in
2775 5551 3052 5606 omnibus
3085 5566 3228 5605 mss.

2347 5623 2849 5707 “SicESeguerianp
2887 5621 2914 5674 ὁ
2945 5623 3196 5707 deest'in
3229 5621 3423 5707 editis.

2243 5697 2329 5767 16)
2345 5695 2436 5752 Sic
2458 5693 2658 5763 Basil.,
2678 5694 2931 5764 Gobler.,
2951 5699 3080 5766 Seg.
3105 5694 3168 5751 In
3190 5694 3384 5762 editis,
3405 5693 3792 5770 γεγεννημένα.
