4136 6396
281 411 395 472 109

1522 399 1834 462 CONTRA
1885 401 2442 466 SABELLlANOS.

3580 425 3701 483 110

275 538 414 608 σίαν,
476 534 600 592 οὔτε
657 533 885 608 δύναμιν
950 530 1377 606 συνηρίθμησεν·
1442 528 1602 604 ἀϊδίῳ
1661 532 1772 603 (17)
1822 531 1926 605 γὰρ

2065 539 2274 601 )atum,
2308 554 2496 608 neque
2542 543 2913 610 potestatem,
2946 559 3133 615 neque
3179 546 3452 604 virtutem
3509 568 3701 606 annu-

274 631 341 684 τὰ
375 629 450 701 μὴ
483 624 632 681 ἀίδια
663 625 1104 698 συναριθμεῖσθαι
1135 619 1418 689 ἀδύνατον,
1459 620 1547 675 καὶ
1599 624 1664 685 τῇ
1716 621 1934 689 θεότητι

277 718 344 772 τὰ
378 717 455 789 μή
493 714 795 790 μετέχοντα
841 720 940 782 τῆς
971 712 1231 781 θεότητος
1289 710 1350 765 οὐ
1398 710 1759 765 συντάττεται.
1811 713 1935 770 Πῶς

281 804 372 860 οὖν
431 805 482 860 ἐν
535 809 614 876 τῷ
659 801 1007 880 γεγεννηκότι
1060 801 1088 856 6
1138 801 1512 876 γεννημὲνος;
1561 799 1652 853 καὶ
1711 796 1873 852 πάλιν
1908 798 1936 850 6

277 896 554 972 γεννήτωρ
605 893 655 947 ἐν
724 897 803 964 τῷ
849 893 1184 968 γεννήματι;
1237 894 1354 952 πῶς
1409 888 1568 950 οὗτος
1619 886 1669 942 ἐν
1723 886 1932 958 ἐκείνῳ,

277 984 520 1044 κάκεῖνος
551 982 602 1037 ἐν
633 981 851 1054 τούτῳ;
887 982 1009 1038 Ὅτι
1042 981 1129 1035 καὶ
1162 980 1320 1040 αὐτὸς
1363 977 1612 1038 τοιοῦτός
1643 976 1782 1031 ἐστιν
1817 978 1932 1036 οἷος

273 1075 542 1139 κάκεῖνος,
590 1071 835 1135 κάκεῖνος
887 1073 1003 1133 οἷος
1055 1069 1235 1132 οὗτος.
1287 1068 1440 1123 Οὕτω
1493 1067 1582 1122 καὶ
1634 1066 1688 1121 ἓν
1724 1065 1789 1120 όὰ
1815 1063 1933 1136 δύο,

271 1169 352 1236 τῷ
413 1164 488 1236 μὴ
530 1159 840 1217 διαλλάτειν
902 1163 1034 1233 (18),
1096 1157 1235 1232 μηδὲ
1291 1158 1726 1232 ἀπεσχοινίσθαι,
1795 1152 1936 1227 μηδὲ

272 1254 387 1310 καθ’
435 1249 617 1326 ἕτερον
679 1248 820 1313 εἶδος
869 1250 957 1304 καὶ
1009 1251 1153 1320 ξενον
1207 1250 1528 1324 χαρακτῆρα
1575 1252 1810 1310 νοεῖσθαι
1841 1245 1932 1299 τὸν

273 1343 420 1411 Υῖὸν,
471 1340 595 1395 ἀλλ’
646 1340 778 1394 εἶναι
845 1339 994 1408 Θεὸν,
1065 1337 1245 1412 ὥσπερ
1290 1338 1379 1392 καὶ
1432 1339 1459 1390 6
1509 1337 1716 1407 Πατήρ.
1784 1333 1933 1390 Ἐπεὶ

274 1431 364 1485 καὶ
394 1430 641 1491 εἰπόντος
672 1429 864 1483 πὺτοῦ·
903 1452 928 1478 ‹‹
963 1428 1104 1502 Ἐγὼ
1154 1427 1244 1480 καὶ
1276 1428 1303 1481 6
1353 1427 1540 1497 Πατὴρ
1589 1421 1642 1478 ἓν
1692 1423 1872 1495 ἐσμεν,
1905 1448 1932 1474 ››

279 1521 614 1596 ἠγανάκτουν
675 1519 726 1571 0i.
786 1515 1039 1571 Ἰουδαῖοι
1091 1514 1363 1590 λέγοντες,
1414 1518 1531 1568 ’Ότι
1590 1512 1673 1585 σὺ,
1734 1510 1936 1584 ἅνθρω-

279 1629 404 1679 πος,
457 1606 531 1661 ὥν
577 1607 752 1668 ποιεῖς
796 1605 1017 1660 σεαυτὸν
1068 1604 1218 1660 Θεόν.
1277 1627 1304 1656 n
1355 1603 1453 1657 Καὶ
1497 1604 1524 1657 6
1577 1601 1773 1675 Σωτὴρ
1807 1602 1936 1654 ἀπε·-

280 1696 505 1773 κρίνατο
556 1696 670 1768 (19)
731 1688 963 1770 βεϐαιῶν
1008 1695 1070 1748 τὸ
1116 1693 1404 1770 εἰρημένον
1457 1692 1544 1746 ὑπ’
1601 1691 1798 1759 αὐτῶν,
1861 1687 1935 1751 ὡς

281 1791 433 1849 οὐδὲν
512 1791 653 1848 ἄλλο
829 1795 991 1846 τοῦτο
1054 1788 1387 1861 δεδηλωκὼς
1442 1789 1492 1844 ἐν
1561 1793 1638 1860 τῷ
1697 1789 1934 1865 φάσκειν·

2048 625 2314 689 meravit,
2346 629 2499 697 quod
2542 628 2907 699 impossibile
2939 632 3014 685 sit
3044 637 3259 689 aeterna
3303 653 3414 692 non
3467 640 3701 695 aeternis

2048 715 2424 769 annumerari
2460 733 2472 770 :
2508 716 2597 770 vel
2643 734 2770 788 qua;
2801 734 2935 774 cum
2964 721 3180 776 deitate
3213 723 3356 777 nihil
3389 741 3702 783 commune

2047 801 2286 871 habent,
2318 820 2451 859 cum
2502 805 2714 861 deitate
2755 808 3032 862 ordinari.
3069 810 3368 872 Quomodo
3416 815 3598 887 igitur
3642 816 3702 871 in

2047 892 2305 964 genitore
2326 893 2562 966 genitus
2589 913 2600 949 :
2626 899 2728 949 aut
2758 913 2965 950 rursus
2989 900 3217 967 genitor
3245 899 3302 954 in
3333 903 3702 974 genitOPqua

2049 983 2274 1037 ratione
2306 983 2400 1037 hic
2453 983 2511 1037 in
2563 982 2683 1049 illo,
2717 983 2813 1039 ille
2844 983 2900 1038 in
2937 985 3093 1041 isto?
3123 988 3268 1050 Quia
3319 996 3376 1044 et
3425 991 3519 1046 hic
3567 993 3702 1048 talis

2046 1076 2136 1126 est
2165 1071 2358 1141 qualis
2407 1071 2524 1141 ille,
2548 1077 2604 1126 et
2636 1073 2732 1128 ille
2766 1073 2958 1144 qualis
3009 1074 3122 1130 hic.
3159 1083 3342 1149 Atque
3393 1079 3476 1134 ita
3525 1080 3588 1135 {it
3637 1086 3704 1136 ut

2047 1161 2161 1215 duo
2195 1159 2296 1214 illa
2317 1178 2500 1216 unum
2526 1161 2671 1229 sint;
2707 1178 2774 1216 eo
2799 1165 2955 1234 quod
2990 1182 3172 1236 neque
3195 1167 3488 1236 differant,
3515 1187 3703 1241 neque

2050 1254 2414 1320 separentur,
2450 1267 2638 1322 neque
2670 1253 2778 1306 sub
2823 1253 2938 1307 alia
2969 1255 3181 1324 specie,
3217 1260 3318 1310 aut
3347 1258 3456 1312 sub
3489 1258 3603 1314 alia
3634 1260 3700 1312 ﬁ-

2047 1356 2193 1411 gura
2224 1339 2400 1394 Filius
2431 1339 2794 1411 intelligatur
2823 1358 2835 1394 :
2872 1343 2970 1396 sed
3003 1342 3158 1398 Deus
3194 1345 3290 1409 sit,
3317 1348 3698 1415 quemadmo-

2047 1431 2188 1485 dum
2221 1434 2278 1484 et
2300 1430 2484 1484 Pater.
2509 1430 2654 1483 Cum
2682 1429 2838 1484 enim
2867 1430 2968 1486 illo
2993 1431 3220 1488 dicente
3246 1451 3296 1489 :u
3319 1435 3435 1506 Ego
3459 1441 3515 1491 et
3537 1437 3704 1492 Pater

2048 1536 2230 1575 unum
2265 1535 2474 1573 sumus
2496 1519 2559 1586 ‘7,
2589 1540 2614 1566 ››
2639 1519 3085 1589 indignarentur
3107 1522 3316 1590 Judaei,
3345 1525 3446 1580 83
3469 1542 3535 1580 ac
3557 1527 3706 1581 dice-

2047 1613 2241 1664 rentzu
2257 1608 2402 1671 Quia
2419 1611 2482 1662 tu
2501 1607 2676 1662 homo
2696 1624 2828 1662 cum
2850 1609 2952 1675 sis,
2971 1609 3112 1666 facis
3131 1612 3382 1683 teipsum
3403 1613 3587 1669 Deum
3608 1615 3702 1681 ‘8,»

2049 1696 2350 1770 respondit
2393 1696 2674 1762 Salvator,
2701 1699 2854 1768 quod
2889 1697 2970 1751 illi
3007 1699 3274 1756 dixerant
3325 1702 3706 1768 conﬁrmans,

2052 1789 2220 1860 quasi
2255 1787 2402 1842 nihil
2433 1787 2591 1843 aliud
2623 1787 2748 1859 ipse
2779 1788 3154 1858 declarasset,
3181 1792 3320 1847 dum
3344 1792 3490 1848 dixit
3515 1810 3562 1848 ;‹‹
3590 1795 3705 1864 Ego

281 1908 309 1935 «
365 1883 515 1958 Ἐγὼ
564 1880 653 1936 καὶ
714 1881 742 1934 6
795 1882 979 1955 Πατὴρ
1027 1876 1081 1935 ἓν
1129 1879 1311 1952 ἐσμεν,
1345 1904 1373 1932 ››
1407 1879 1469 1934 τὸ
1501 1878 1630 1933 εἶναι
1661 1876 1751 1931 καὶ
1781 1874 1940 1930 αὐτὸν

2065 1884 2105 1935 ιι
2136 1877 2304 1932 Pater
2334 1893 2516 1931 unum
2571 1893 2863 1945 sumus;n
2902 1895 3076 1950 quam
3131 1896 3192 1934 se
3241 1897 3474 1953 quoque
3524 1888 3706 1938 Deum

289 1973 417 2027 Θεὸν
466 1969 588 2026 Υἱὸν
641 1964 769 2024 ὄντα
817 1973 970 2024 Θεοῖν
1022 1994 1047 2020 ‹‹
1084 1968 1148 2024 Εἰ
1184 1968 1416 2030 ἐκείνους
1451 1966 1603 2031 θεοὺς
1635 1967 1772 2032 εἷπε,
1805 1963 1940 2038 πρὸς

290 2059 380 2121 οὕς
437 2059 465 2112 6
513 2057 688 2134 Λόγος
731 2054 826 2110 τοῦ
877 2060 1010 2111 Θεοῦ
1041 2055 1272 2131 ἐγένετο,
1305 2056 1394 2110 καὶ
1427 2054 1492 2108 οὐ
1526 2052 1746 2108 δύναται
1780 2048 1947 2118 λυθῆ-

283 2149 427 2216 ναιὴ
463 2148 676 2224 Γραφή·
707 2145 764 2199 ὅν
798 2147 825 2199 6
867 2146 1052 2220 Πατὴρ
1103 2144 1318 2219 ἡγίασε,
1368 2144 1458 2197 καὶ
1505 2139 1816 2196 ἀπέστειλεν
1867 2138 1942 2199 εἰς

281 2236 373 2293 τὸν
407 2235 635 2308 κόσμον.
670 2235 826 2308 ὑμεῖς
859 2233 1062 2310 λέγετε,
1094 2237 1212 2288 ’Ότι
1250 2231 1620 2310 βλασφημεῖς·
1655 2229 1738 2284 ὅτι
1774 2228 1941 2297 εἷπον,

285 2324 367 2381 ὅτι
421 2324 548 2387 Υἱὸς
598 2328 760 2397 Θεοῦ,
813 2323 925 2396 εἷ’μι
954 2343 966 2392 ;
1016 2323 1061 2377 εἷ
1095 2322 1156 2377 οὐ
1184 2327 1326 2377 ποιῶ
1356 2323 1423 2378 τὰ
1454 2317 1587 2395 ἔργα
1610 2324 1706 2374 τοῦ
1738 2316 1946 2392 Πατρός

293 2436 423 2488 μου,
461 2415 534 2487 μὴ
585 2411 862 2468 πιστεύετέ
914 2431 1026 2486 μοι·
1076 2412 1122 2467 εἶ
1172 2410 1228 2468 δὲ
1256 2416 1421 2479 ποιῶ,
1455 2411 1550 2466 κᾶν
1593 2408 1718 2482 ἐμοὶ
1755 2409 1828 2480 μή
1862 2407 1946 2461 θὲ-

295 2501 434 2573 λητε
490 2505 601 2575 (20)
650 2500 945 2569 πιστεύειν,
1001 2506 1118 2563 τοῖς
1178 2499 1354 2575 ἔργοις
1411 2499 1706 2554 πιστεύετε·
1763 2495 1837 2549 'tv’
1871 2495 1948 2549 εἷ’-

303 2587 450 2659 δῆτε,
482 2590 571 2644 καὶ
604 2590 930 2664 γινώσκητε,
962 2588 1045 2642 ὅτι
1079 2589 1184 2664 ἐγὼ
1215 2587 1266 2642 ἐν
1295 2593 1374 2660 τῷ
1404 2587 1596 2662 Πατρὶ,
1629 2586 1718 2640 καὶ
1769 2586 1797 2639 6
1839 2590 1948 2638 Πα-

302 2680 407 2753 τὴρ
457 2678 508 2732 ἐν
569 2676 714 2750 ἐμοί.
767 2701 795 2730 ››
851 2675 1056 2733 Οὐκοῦν
1102 2676 1152 2730 ἐν
1203 2681 1282 2747 τῷ
1315 2675 1484 2752 Πατρὶ
1514 2676 1604 2729 τὸν
1638 2675 1760 2728 Υῖὸν
1795 2673 1952 2739 εἶναι,

304 2767 395 2822 καὶ
425 2767 516 2822 τὸν
549 2767 762 2840 Πατὲρα
791 2763 842 2818 ἐν
876 2769 952 2836 τῷ
991 2766 1121 2836 Υἱῷ,
1151 2763 1311 2819 τοῦτό
1342 2764 1451 2818 ἐστι
1502 2763 1590 2817 καὶ
1643 2759 1795 2816 οὐδὲν
1839 2758 1953 2814 ἓτε-

301 2877 418 2932 ρον,
448 2855 541 2909 τὸν
573 2855 696 2908 Υἱὸν
731 2853 861 2908 εἶναι
893 2853 1025 2908 Θίόῦ
1204 2854 1296 2907 τὸν
1327 2853 1386 2908 ἐκ
1412 2856 1510 2906 τοῦ
1539 2855 1675 2906 Θεοῦ
1705 2865 1957 2926 γεγεννη-

301 2946 484 3017 μένον,
539 2944 692 3011 Θεὸν,
743 2937 867 2996 ὄντα
895 2941 1031 2996 κατᾶ
1058 2943 1156 3010 τήν
1191 2941 1365 3018 φύσιν,
1399 2941 1530 3016 ὅπερ
1563 2941 1590 2994 ὁ
1623 2941 1836 3013 Πατήρ,
1865 2934 1954 2991 καὶ

301 3030 577 3088 δεικνύντα
600 3032 662 3086 τὸ
693 3035 942 3107 πατρῷον
977 3028 1122 3092 εἶδος
1155 3029 1206 3084 ἐν
1240 3031 1430 3102 ἐαυτῷ,
1482 3029 1572 3083 καὶ
1606 3026 1952 3098 δεικνύμενον

297 3121 386 3177 ἐπὶ
422 3128 519 3191 τῆς
551 3127 820 3194 πατρικῆς
855 3118 1214 3182 ὑποστάσεως.

366 3214 419 3267 8.
474 3212 570 3272 Εἷς
622 3210 740 3277 οῦν,
787 3212 877 3264 καί
921 3210 1020 3273 εἷς,
1069 3207 1157 3262 καὶ
1203 3210 1238 3276 ἡ
1272 3206 1400 3269 δυὰς
1434 3208 1496 3262 οὑ
1532 3211 1853 3284 μεμέρισται
1882 3215 1948 3284 τῇ

298 3299 474 3378 φύσει,
508 3295 763 3366 ἀνενδεὴς
797 3295 927 3352 οὖσα
957 3301 1023 3370 τῇ
1053 3295 1381 3367 τελειότητι,
1416 3296 1544 3352 ὅλον
1597 3300 1689 3371 pi»;
1720 3302 1780 3354 τὸ
1815 3298 1870 3352 π)
1899 3303 1952 3368 λί-

305 3409 466 3464 ρωμα
513 3395 613 3457 τῆς
661 3387 916 3455 θεότητος
966 3386 993 3440 6
1035 3386 1244 3461 Πατὴρ,
1294 3386 1368 3447 ὡς
1401 3388 1609 3460 Πατὴρ,
1643 3387 1771 3442 ὅλον
1806 3387 1863 3442 δὲ
1891 3389 1953 3442 τὸ

299 3479 584 3553 πλήρωμα
615 3483 713 3546 τῆς
748 3475 1003 3545 Θεότητος
1037 3475 1065 3529 6
1096 3474 1240 3536 Υἱὸς.
1274 3475 1348 3536 ὡς
1378 3475 1518 3538 Υἱός.
1573 3475 1792 3545 Ἐπειδὴ
1841 3480 1954 3551 (22)

304 3565 373 3621 δι’
406 3564 728 3641 ἀμφοτέρων
761 3561 815 3618 ἓν
851 3561 996 3624 εἶδος
1024 3567 1246 3634 νοεῖται,
1290 3562 1623 3640 ὁλοκλήρως
1675 3565 1726 3620 ἐν
1777 3567 1954 3638 ἀμφο-

301 3654 478 3728 τέροις
530 3652 900 3726 δεικνύμενον.
961 3649 1166 3721 Μηδεῖς
1224 3652 1488 3726 ἀρνείσθω
1546 3654 1645 3722 τὴν
1710 3676 1957 3732 φανερω-

304 3749 481 3808 θεῖσαν
512 3743 563 3798 ἐν
610 3747 688 3816 τῷ
718 3742 912 3815 κόσμῳ
947 3743 1108 3812 ζωήψ
1147 3764 1174 3791 ‹‹
1204 3743 1360 3805 "Huc
1392 3745 1477 3814 ἦν,
1514 3768 1540 3793 ››
1575 3743 1722 3820 φησὶ,
1759 3771 1784 3795 ι(
1818 3744 1955 3820 πρὸς

299 3835 389 3890 τὸν
440 3832 666 3905 Πατέρα,
718 3831 807 3886 καὶ
854 3830 1164 3908 ἐφανερώθη
1197 3833 1350 3903 ἡμῖν.
1387 3856 1415 3882 ››
1449 3830 1546 3886 Καί
1577 3833 1683 3907 πρὸ
1712 3841 1812 3903 τῆς
1855 3855 1955 3911 φα-

300 3923 582 3999 νερώσεως
649 3919 809 3976 τοῦτο
887 3917 1062 3993 ἔδοξεν
1125 3920 1278 3990 εἶναι,
1339 3919 1500 3989 ἡνίκα
1557 3922 1954 4000 πεφανέρωται.

303 4012 622 4088 Γεγέννηται
672 4011 776 4085 γὰρ
827 4007 1036 4077 ἀῖδίως,
1088 4008 1178 4062 καὶ
1230 4009 1464 4085 ὑπάρχει
1512 4012 1644 4082 μετᾶ
1686 4017 1781 4066 τοῦ
1815 4010 1956 4066 ἰδίου

303 4098 534 4174 Πατρός.
588 4096 797 4167 Μηδεὶς
846 4096 1178 4170 ἀρνούμενος
1223 4097 1290 4151 τὰ
1315 4098 1440 4171 τρία
1477 4101 1575 4166 τήν
1615 4099 1820 4172 μονάδα
1868 4101 1958 4155 εὐ-

308 4188 510 4264 ρίσκειν
553 4184 844 4258 νομιζέτωο
903 4185 1030 4240 ἀλλ’
1086 4185 1137 4240 ἐν
1195 4189 1264 4259 τῇ
1312 4184 1501 4262 Τριάδι
1549 4189 1742 4242 νοείτω
1792 4189 1852 4243 τὸ
1879 4185 1958 4259 ἓν,

307 4274 452 4352 ἔχων
498 4277 561 4330 τὸ
617 4275 910 4352 κεφάλαιον
959 4280 1062 4344 τῆς
1100 4272 1334 4337 πίστεως
1387 4275 1439 4329 ἐν
1485 4280 1564 4348 τῷ
1608 4277 1961 4352 βαπτίσματι,

305 4366 394 4420 καὶ
448 4364 498 4419 ἐν
551 4367 666 4438 (23)
709 4369 827 4427 ταῖς
886 4362 1061 4439 τρισὶν
1114 4363 1288 4439 ἁγίαις
1335 4371 1612 4442 σφραγῖσι,
1665 4364 1733 4420 δι’
1781 4369 1853 4421 ὧν
1886 4367 1960 4429 εἰς

309 4453 583 4531 σωτηρίαν
633 4453 1073 4529 ἀναγεγέννηται,
1137 4455 1488 4526 μεμνημένος
1540 4459 1636 4509 τοῦ
1699 4455 1962 4511 Ἀποστό-

310 4540 414 4597 λου
465 4540 744 4618 λέγοντος·
809 4565 837 4594 ‹‹
882 4541 976 4604 Εἷς
1030 4542 1159 4604 Θεὸς
1193 4543 1220 4596 ὁ
1261 4543 1468 4618 Πατήρ,
1502 4542 1552 4614 ἐξ
1584 4548 1647 4598 οῦ
1675 4545 1742 4599 τά
1769 4545 1964 4618 πάντα,

2052 1985 2201 2033 esse,
2227 1983 2361 2022 cum
2407 1966 2586 2020 Filius
2622 1966 2716 2020 Dei
2744 1966 2819 2021 sit
2854 1984 2866 2021 :
2895 1989 2920 2014 ‹‹
2954 1967 3011 2022 Si
3061 1968 3194 2024 illos
3244 1969 3390 2024 dixit
3441 1971 3601 2040 deos,
3634 1969 3706 2025 ad

2055 2074 2204 2128 quos
2234 2072 2426 2111 sermo
2461 2053 2558 2109 Dei
2592 2057 2775 2110 factus
2806 2061 2913 2126 est,
2939 2062 2993 2111 et
3026 2074 3141 2112 non
3174 2063 3365 2129 potest
3397 2057 3539 2114 solvi
3563 2059 3709 2114 Scri-

2057 2151 2265 2218 ptura:
2300 2161 2473 2216 quem
2509 2148 2679 2200 Pater
2720 2146 3126 2211 sanctiﬁcavit,
3159 2153 3213 2201 et
3246 2147 3408 2203 misit
3437 2149 3496 2203 in
3532 2165 3708 2204 mun-

2057 2237 2219 2301 dum,
2245 2251 2347 2290 vos
2379 2233 2599 2300 dicitis,
2622 2235 2757 2304 quia
2802 2233 3174 2306 blasphemas
3210 2255 3222 2291 :
3256 2235 3395 2308 quia
3441 2237 3582 2306 dixi,
3616 2238 3709 2292 Fi-

2058 2326 2174 2380 lius
2207 2324 2302 2379 Dei
2338 2323 2515 2377 sum?
2537 2322 2592 2376 Si
2628 2340 2739 2378 non
2777 2323 2922 2378 facio
2953 2341 3127 2395 opera
3161 2325 3343 2380 Patris
3371 2326 3504 2395 mei,
3531 2325 3712 2380 nolite

2059 2414 2292 2470 credere
2324 2412 2465 2466 mihi
2495 2429 2507 2467 :
2533 2413 2578 2466 si
2615 2416 2808 2467 autem
2852 2413 3019 2481 facio,
3046 2419 3103 2468 et
3135 2413 3184 2469 si
3217 2413 3362 2468 mihi
3406 2414 3714 2470 nolueritis

2060 2504 2316 2571 credere,
2348 2501 2624 2571 operibus
2673 2502 2924 2578 credite:
2951 2508 3014 2557 ut
3046 2504 3270 2572 sciatis,
3293 2508 3350 2558 et
3398 2519 3714 2576 cognosca-

2060 2593 2158 2656 tis,
2191 2590 2328 2662 quia
2360 2606 2464 2661 ego
2515 2589 2574 2643 in
2626 2579 2811 2656 Patre,
2839 2594 2894 2644 et
2941 2590 3111 2645 Pater
3157 2591 3216 2645 in
3269 2607 3362 2646 me
3382 2593 3498 2647 ‘9.»
3535 2592 3720 2664 Igitur

2063 2681 2122 2735 in
2155 2680 2321 2734 Patre
2354 2678 2566 2733 Filium
2599 2695 2746 2747 esse,
2781 2685 2837 2733 et
2867 2684 3096 2735 Patrem
3137 2681 3192 2735 in
3227 2680 3392 2751 Filio,
3428 2681 3537 2736 hoc
3568 2679 3714 2735 nihil

2065 2769 2223 2823 aliud
2277 2772 2384 2833 est,
2419 2783 2591 2837 quam
2642 2784 2770 2821 eum
2806 2769 2904 2838 qui
2938 2785 3006 2823 ex
3052 2774 3164 2824 Deo
3197 2769 3434 2841 genitus
3479 2774 3570 2824 est
3620 2770 3713 2824 Dei

2068 2855 2278 2911 Filium
2313 2871 2440 2910 esse
2477 2870 2488 2909 :
2525 2871 2588 2908 ac
2620 2855 2802 2910 Deum
2835 2858 3158 2912 secundum
3207 2862 3502 2928 naturam,
3538 2863 3601 2914 ut
3629 2864 3718 2914 est

2067 2949 2255 3008 Pater,
2307 2947 2486 3014 atque
2543 2943 2601 2997 in
2654 2943 2845 3014 seipso
2895 2949 3198 3015 paternam
3250 2948 3497 3002 formam
3550 2946 3716 3001 exhi-

2066 3034 2224 3099 bere,
2275 3032 2471 3103 ipsum
2525 3037 2729 3086 mutuo
2777 3032 2836 3086 in
2885 3037 3128 3103 paterna
3177 3034 3507 3089 substantia
3554 3035 3717 3089 exhi-

2067 3122 2209 3177 beri.

2135 3211 2189 3264 8.
2222 3207 2388 3264 Unus
2419 3208 2618 3280 igitur,
2643 3212 2700 3263 et
2751 3225 2927 3273 unus,
2962 3214 3018 3264 et
3063 3210 3318 3265 dualitas
3370 3227 3485 3265 non
3536 3209 3723 3267 divisa

2065 3305 2155 3354 est
2181 3304 2392 3353 natura
2413 3315 2539 3364 sua,
2565 3314 2696 3351 cum
2725 3297 2885 3353 nullo
2915 3298 3175 3370 indigeat
3196 3300 3264 3354 ad
3291 3316 3458 3355 suam
3488 3301 3724 3371 integri-

2065 3394 2266 3444 tatem.
2299 3387 2579 3441 Universa
2627 3386 2861 3456 quidem
2914 3387 3216 3458 plenitudo
3265 3389 3593 3444 divinitatis
3633 3395 3724 3445 est

2066 3478 2251 3544 Pater,
2288 3482 2578 3546 quatenus
2612 3475 2796 3529 Pater.
2825 3475 3103 3531 Universa
3135 3476 3268 3532 item
3306 3477 3607 3548 plenitudo
3640 3477 3722 3532 di-

2066 3567 2330 3620 vinitatis
2362 3571 2448 3618 est
2471 3563 2670 3630 Filius,
2697 3569 2988 3636 quatenus
3009 3565 3208 3620 Filius.
3233 3566 3717 3637 Quandoquidem

2068 3673 2170 3728 per
2199 3659 2522 3724 utrumque
2557 3670 2670 3707 una
2714 3653 2902 3708 forma
2949 3654 3315 3727 intelligitur,
3341 3673 3464 3726 quae
3495 3655 3718 3727 integre

2066 3745 2126 3800 in
2176 3749 2426 3813 utroque
2473 3741 2799 3796 exhibetur.
2833 3742 3012 3797 Nemo
3046 3742 3220 3798 vitam
3272 3747 3439 3814 neget
3482 3760 3608 3816 qua:
3657 3744 3719 3799 in

2069 3834 2290 3889 mundo
2322 3831 2632 3903 apparuit:
2659 3854 2684 3880 «
2711 3831 2845 3894 Quae
2893 3835 3039 3900 erat,
3067 3854 3093 3880 »
3126 3832 3336 3904 inquit,
3362 3856 3390 3881 ‹‹
3425 3834 3578 3903 apud
3612 3832 3717 3889 Pa-

2065 3929 2235 3986 trem,
2258 3925 2313 3976 et
2347 3919 2620 3992 apparuit
2642 3920 2811 3974 nobis
2832 3920 2895 3974 5°.
2925 3941 2944 3969 ι
2971 3921 3159 3974 Etiam
3184 3925 3504 3992 antequam
3537 3937 3714 3993 appa-

2066 4017 2217 4068 reret
2249 4011 2304 4065 id
2337 4011 2531 4081 ipsum
2564 4009 2687 4064 visa
2735 4016 2821 4064 est
2871 4026 3020 4079 esse,
3050 4011 3201 4081 quod
3238 4027 3371 4064 cum
3423 4011 3715 4081 apparuit.

2067 4102 2210 4156 Nam
2244 4099 2316 4154 ab
2347 4105 2561 4153 aeterno
2606 4098 2837 4168 genitus
2882 4102 2992 4165 est,
3015 4103 3071 4153 et
3101 4115 3231 4152 cum
3267 4098 3501 4170 proprio
3547 4099 3717 4156 Patre

2070 4188 2318 4245 exsistit.
2343 4188 2524 4242 Nemo
2555 4188 2666 4242 tria
2706 4203 2834 4242 esse
2880 4202 3120 4258 negans,
3148 4189 3429 4242 unitatem
3464 4203 3524 4244 se
3555 4189 3719 4243 inve-

2071 4279 2196 4333 nire
2228 4293 2400 4349 posse
2431 4275 2722 4331 existimet
2753 4293 2765 4330 :
2801 4277 2902 4331 sed
2936 4276 2994 4330 in
3025 4276 3310 4332 Trinitate
3343 4294 3527 4332 unum
3562 4277 3722 4350 cogi-

2074 4371 2177 4435 tet,
2206 4382 2339 4422 cum
2369 4365 2500 4420 fidei
2529 4381 2850 4432 summam,
2872 4370 2990 4420 tam
3019 4364 3077 4420 in
3109 4365 3463 4436 baptismate
3489 4365 3722 4436 habeat,

2075 4472 2250 4528 quam
2283 4456 2342 4509 in
2374 4454 2562 4510 tribus
2594 4452 2916 4525 signaculis
2948 4453 3188 4518 sanctis,
3211 4469 3314 4524 per
3345 4470 3469 4523 quae
3518 4453 3576 4508 in
3627 4471 3725 4510 sa-

2075 4545 2257 4601 lutem
2300 4547 2679 4615 regeneratus
2728 4546 2835 4608 est,
2871 4559 3097 4597 memor
3136 4541 3397 4614 Apostoli
3429 4543 3676 4599 dicentis
3712 4562 3725 4599 :

311 4632 402 4689 καὶ
451 4631 528 4694 εἷς
582 4632 780 4708 Κύριος
831 4633 1036 4698 Ἰησοῦς
1104 4633 1356 4707 Χριστὸς,
1405 4629 1474 4686 δι’
1524 4634 1586 4688 οὗ
1615 4636 1680 4688 τὰ
1709 4634 1900 4691 πάντα·
1939 4660 1950 4688 ›

2084 4655 2104 4683 ιι
2139 4634 2304 4690 Unus
2341 4638 2488 4686 Deus
2519 4631 2706 4696 Pater,
2742 4645 2809 4685 ex
2841 4647 2955 4701 quo
2985 4629 3185 4685 omnia
3219 4648 3230 4686 :
3265 4635 3322 4687 et
3353 4647 3507 4687 unus
3541 4633 3730 4687 Domi-

318 4720 664 4794 μεμνημένος
695 4726 791 4776 τοῦ
825 4720 1078 4796 λὲγοντος
1103 4721 1333 4797 Πατρός·
1368 4746 1395 4773 ‹‹
1429 4723 1521 4777 Ἐκ
1550 4725 1781 4799 γαστρὸς
1831 4726 1966 4801 πρὸς

314 4808 598 4887 ὲωσφόρου
630 4808 882 4884 ὲγὲννησά
914 4831 970 4864 σε
1003 4853 1016 4878 ,
1053 4833 1080 4860 ››
1110 4813 1208 4864 τοῦ
1259 4830 1316 4864 τε
1362 4807 1491 4865 Υἶοῦ
1544 4817 1966 4888 μαρτυροῦντος.

315 4897 398 4954 ὅτι
448 4901 514 4967 ἦν
568 4898 675 4974 πρὸ
722 4902 820 4953 τοῦ
868 4899 1078 4971 κόσμου
1133 4899 1279 4972 παρὰ
1325 4897 1404 4971 τῷ
1439 4899 1754 4975 ῌατρὶ,την
1789 4899 1966 4975 δόξαν,

315 4983 460 5062 ἔχων
661 4994 764 5056 τῆς
813 4987 1089 5057 θεότητος’
1123 5011 1150 5039 ››
1194 4986 1422 5058 Δόξασόν
1448 4972 1561 5061 ’με’
1587 4991 1712 5064 γὰρ,
1749 5015 1775 5041 ››
1811 4972 1968 5069 φησὶ,

2079 4740 2190 4779 nus
2219 4723 2393 4778 Jesus
2420 4719 2709 4783 Christus,
2735 4735 2834 4789 per
2855 4736 3026 4790 quem
3060 4719 3258 4774 omnia
3279 4720 3394 4775 ⁵1.»
3419 4725 3634 4776 Memor
3654 4721 3732 4778 sit

2080 4828 2310 4885 quoque
2345 4808 2533 4864 Patris
2573 4807 2822 4862 dicentis
2856 4826 2903 4862 τι
2931 4808 3004 4862 Ex
3042 4812 3204 4862 utero
3235 4811 3370 4863 ante
3418 4809 3728 4866 luciferum

2079 4900 2252 4974 genui
2310 4904 2362 4953 te
2392 4899 2534 4952 ηε»
2585 4895 2720 4951 item
2784 4895 2910 4951 Filii
2968 4895 3069 4967 qui
3123 4901 3374 4952 testatur
3430 4914 3493 4953 se
3551 4899 3733 4954 fuisse

2081 4997 2214 5046 ante
2241 4987 2531 5043 mundum
2561 4985 2714 5056 apud
2741 4985 2988 5054 Patrem,
3014 4985 3381 5059 gloriamque
3411 4987 3734 5044 divinitatis

387 5108 430 5143 ‘7
458 5108 629 5164 Joan.
664 5125 720 5176 Χ,
753 5109 842 5164 30.
919 5109 962 5144 ’⁸⁸
993 5108 1140 5164 ibid.
1175 5107 1264 5164 33.
1341 5109 1388 5144 ⁴⁴
1419 5109 1560 5166 ibid.
1593 5109 1789 5166 36-38.
1867 5111 1912 5146 ⁵ο
1945 5113 1950 5166 ξ

2070 5127 2165 5166 an.
2200 5126 2238 5174 ι,
2270 5107 2324 5160 2.
2402 5105 2443 5139 ⁸1
2479 5104 2502 5158 Ι
2531 5105 2658 5158 Cor.
2691 5120 2815 5172 v11],
2847 5104 2901 5157 6.
2979 5104 3024 5138 ⁵⁵⁸
3055 5104 3205 5160 Psal.
3239 5121 3351 5173 CIX,
3385 5105 3438 5159 3.

410 5223 498 5295 17)
526 5223 860 5280 Goblerian.
891 5228 947 5280 et
977 5223 1128 5280 Felc.
1165 5241 1202 5291 ι,
1238 5219 1450 5295 ἀιδίως.

416 5291 504 5367 18)
535 5295 868 5352 Goblerian.
902 5301 959 5351 et
990 5295 1138 5351 Felc.
1175 5312 1215 5364 Ι,
1247 5293 1309 5348 τὸ
1336 5295 1410 5367 μὴ
1448 5291 1593 5351 διαλ.

412 5365 624 5442 19)_Sic
671 5369 910 5442 Seguer.
955 5370 1025 5422 At
1075 5367 1135 5442 in
1185 5365 1360 5422 editis
1408 5368 1697 5425 omissum
1749 5365 1972 5442 ἀπεκρί-

313 5436 641 5523 aaut-mitem
692 5436 836 5523 illud
869 5436 919 5523 ἐν
951 5442 1029 5509 τῷ
1058 5437 1456 5523 φέσκειν,ΗυξΕ
1505 5445 1805 5523 tamenne}:
1837 5436 1973 5496 con-

314 5514 480 5565 textu
539 5526 667 5568 esse
719 5512 1013 5567 videntur.
1070 5509 1527 5567 Commeliniani
1588 5511 1734 5567 nihil
1791 5528 1973 5568 anuo-

318 5586 471 5638 tant.

395 5652 509 5727 (20)
547 5653 812 5727 segnem,
862 5653 1093 5727 Gobler.
1145 5657 1201 5727 et
1248 5653 1496 5727 Felc._1,
1542 5650 1746 5716 θέλετε.
1800 5654 1975 5727 Editi,

323 5721 541 5800 θέλητε.
576 5721 709 5783 Mox
755 5721 1018 5803 hinc,_xat
1048 5724 1372 5801 γινώσκητε,
1407 5721 1700 5782 habentur
1748 5727 1807 5782 in
1862 5721 1979 5782 G0;

2081 5225 2227 5301 bler.
2271 5219 2494 5301 Felc.1,
2527 5219 2790 5299 εθευοιιι,
2823 5219 2925 5301 sed
2977 5219 3192 5275 desunt
3239 5219 3296 5273 in
3343 5217 3516 5273 editis
3565 5221 3625 5272 et
3675 5220 3733 5274 in

2083 5294 2438 5376 quibusdam
2471 5294 2915 5376 moanuscriptis.

2156 5367 2268 5438 (21)
2301 5360 2809 5438 Seguerianust'tt‘)
2841 5360 2974 5413 εἶναι
2989 5361 3160 5438 -Θεογῖς,

2177 5425 2266 5502 22)
2299 5425 2596 5491 ΞὶιῗΒιιεὶι.
2627 5425 2954 5502 etSeguer.
2989 5429 3160 5502 Editi,
3195 5425 3332 5502 ἐπεί,

2177 5439 2266 5508 22)
2299 5439 2393 5491 Sic
2424 5439 2596 5490 Basil.
2627 5439 2684 5487 et
2714 5439 2954 5502 Seguer.
2989 5439 3160 5494 Editi,
3195 5439 3332 5483 επει.
3522 5495 3535 5508 ο
3569 5497 3580 5508 ο

2156 5439 2268 5580 (23)
2303 5507 2580 5580 Ἐπί-ἀθεεὶ
2609 5505 2664 5557 in
2694 5503 2889 5580 editis,
2914 5503 3012 5557 sed
3047 5499 3294 5580 habetur
3324 5501 3381 5556 in
3406 5495 3735 5580 Daslliensi.

2087 5565 2218 5635 ΜὸΧ
2252 5565 2463 5643 ’Βᾶείίη
2505 5565 3308 5646 Ξθευθνξμῠυξλμεμνημενος
3353 5574 3450 5626 τοῦ
3498 5565 3739 5640 κήρυκος

2084 5657 2184 5720 τῆς
2215 5639 2477 5718 ἀληθείας
2513 5639 2855 5700 Ἀποστόλου
2889 5639 3141 5717 λὲγοντος
3173 5641 3335 5710 ἡμῖν,
