4136 6394
286 469 401 529 H3

1537 461 1855 522 CONTRA
1896 461 2456 527 SABELLIANOS.

3592 466 3710 523 114

282 597 346 653 τὸ
401 593 547 671 ὕδωρ
603 598 674 669 τῇ
730 595 902 671 χειρὶ,
962 593 1052 649 καὶ
1101 594 1203 663 τὴν
1258 596 1357 670 γῆν
1416 597 1589 647 πᾶσαν
1644 588 1821 667 δρακί.
1871 593 1937 671 ’ῼ

2052 611 2294 652 mensus
2316 602 2424 669 est,
2448 615 2515 654 ac
2538 602 2720 654 totam
2764 600 2977 653 terram
3011 594 3233 668 pugillo
3253 597 3321 650 ⁸1.
3349 597 3513 661 Quod
3538 595 3587 652 si
3615 612 3706 651 ea-

284 684 331 741 δ’
362 685 536 747 οὕτως
569 687 683 759 (30)
717 684 983 760 ἐλάχιστα
1013 685 1205 755 πάντα,
1239 683 1313 746 ὡς
1344 686 1378 752 ἡ
1410 681 1726 760 προφητικὴ
1758 701 1935 755 παρα-

285 770 425 845 ϐολή
466 774 699 850 μετρίως
735 771 1101 840 ὑποδείκνυσι,
1131 776 1251 835 πῶς
1284 773 1343 827 ἂν
1376 776 1444 845 τῇ
1494 775 1661 847 μικρᾷ
1689 770 1777 825 καὶ
1811 770 1936 825 έλα-

281 864 444 941 χίστῃ
507 862 675 918 κτίσει
732 861 1284 937 συμπαρεκτείνεσθαι
1344 859 1539 933 δόξειεν
1602 886 1616 927 ;
1668 860 1741 913 Οὐ
1799 881 1936 931 συμ-

283 952 773 1029 παρεκτεινόμενος
830 957 945 1013 τοῖς
995 957 1124 1006 πᾶσι
1184 951 1519 1026 πεπλήρωκε
1574 950 1641 1004 τὰ
1688 950 1861 1003 πάντα
1908 947 1935 1001 6

283 1042 436 1104 Θεός’
474 1041 784 1114 σωματικὸν
818 1041 920 1115 γὰρ
970 1045 1154 1105 τοῦτο,
1187 1039 1367 1114 ὥσπερ
1420 1039 1464 1093 εἰ
1514 1038 1605 1092 τὸν
1648 1037 1779 1112 ἀέρα
1805 1036 1934 1114 φαίη

281 1130 709 1206 πεπληρωκέναι
751 1151 835 1191 τις
882 1130 972 1185 τὸν
1028 1128 1222 1201 μεταξὺ
1254 1136 1356 1203 γῆς
1406 1128 1493 1182 καὶ
1526 1126 1776 1201 οὐρανοῦ·
1812 1124 1937 1180 ἀλλ’

281 1221 357 1283 ὡς
410 1218 637 1293 δύναμις
687 1218 896 1295 συνέχει
946 1219 1014 1272 τὰ
1058 1218 1249 1273 πάντα’
1302 1215 1531 1289 δύναμις
1578 1217 1679 1291 γὰρ
1711 1214 1934 1286 ἀσώμα-

280 1330 398 1377 τος,
434 1308 691 1383 ἀόρατος,
736 1306 798 1362 οὐ
848 1304 1145 1375 κυκλοῦσα,
1179 1305 1241 1360 οὐ
1288 1303 1659 1375 κκκλουμένη.
1690 1303 1761 1357 T6
1804 1302 1936 1357 αὐτὸ

284 1395 344 1453 δὶ
389 1398 480 1451 καὶ
510 1396 636 1471 περὶ
665 1398 779 1469 (31)
808 1400 907 1450 τοῦ
957 1396 1107 1461 Υἲοῦ,
1140 1393 1229 1449 καὶ
1280 1393 1403 1465 περὶ
1450 1393 1545 1447 τοῦ
1578 1390 1735 1466 ἁγίου
1768 1389 1934 1446 Ilvati-

287 1504 478 1559 ματος·
513 1483 603 1539 διὰ
659 1484 760 1560 γὰρ
818 1484 947 1537 Υἱοῦ
1005 1483 1095 1538 καὶ
1153 1482 1204 1537 ἐν
1269 1481 1537 1553 Ηνεύματι
1582 1483 1651 1534 τὰ
1691 1478 1860 1534 πάντα
1907 1479 1934 1534 6

286 1576 415 1637 Θεὸς
460 1573 551 1629 καὶ
611 1574 973 1642 συνεστήσατο
1003 1615 1018 1639 ,
1077 1571 1167 1626 καὶ
1234 1569 1473 1645 συνέχων
1536 1567 1931 1647 διαφυλάττει.

285 1658 501 1725 Ἀσεϐὶς
525 1662 704 1717 τοίνυν
738 1662 828 1716 καὶ
863 1666 1042 1731 ζητεῖν
1073 1658 1162 1715 καί
1212 1658 1410 1714 ἐννοεῖν
1440 1659 1503 1714 τὸ
1533 1662 1638 1713 ποῦ
1685 1660 1798 1731 (32)
1828 1677 1933 1711 πο-

276 1752 337 1808 τέ
368 1751 507 1807 ἐστιν
544 1751 572 1805 6
604 1751 754 1816 Θεὸς,
787 1750 823 1819 ἢ
861 1749 889 1803 6
930 1748 1109 1823 Λόγος
1161 1748 1283 1803 τίνα
1328 1747 1493 1803 τόπον
1528 1744 1775 1821 εἷ’ληχεν,
1807 1746 1841 1815 ἢ
1871 1746 1934 1800 τὸ

278 1844 501 1913 Πνεῦμα
528 1840 649 1894 τίνα
679 1835 890 1910 οἴκησιν
933 1835 1308 1913 ἐκληρώσατο.
1342 1837 1405 1891 Εἰ
1438 1833 1494 1892 δὲ
1526 1834 1613 1890 διὰ
1648 1832 1810 1890 τοῦτο
1841 1834 1931 1888 τὸν

278 1930 402 1986 Υἲὸν
437 1928 537 1985 οὐκ
584 1927 719 1984 εἶναί
770 1948 853 1990 τις
901 1926 1027 1982 οὐδὲ
1069 1933 1425 2002 γεγεννῆσθαι
1475 1927 1588 1998 (33)
1639 1922 1816 1999 λέγοι,
1850 1922 1935 1978 ὅτι

277 2018 445 2081 τόπος
478 2018 647 2083 αὐτοῦ
674 2023 776 2087 τῆς
824 2015 1007 2078 οὐσίας
1058 2015 1407 2086 ἀνεπινόητος
1438 2014 1527 2070 καὶ
1560 2014 1874 2088 ἀνεύρητος,
1905 2013 1934 2067 6

277 2111 529 2169 τοιοῦτος
578 2104 705 2161 οὐδὲ
744 2107 836 2160 τὸν
888 2103 1097 2181 Πατέρα
1144 2104 1277 2183 φαίη
1327 2104 1461 2159 εἶναι
1509 2103 1769 2176 καθάπαξ,
1823 2099 1936 2157 οὐδ’

280 2196 548 2273 ὑπάρχειν
581 2196 735 2252 Θεόψ
770 2194 885 2250 ἐπεὶ
920 2192 1063 2268 μηδὲ
1098 2196 1267 2257 τόπος
1314 2215 1397 2255 τις
1444 2193 1745 2267 εὑρίσκεται
1777 2197 1932 2250 Θεοῦ.

286 2310 316 2339 ι(
370 2286 533 2341 Εἶπεν
582 2284 766 2365 ἄφρων
810 2284 861 2340 ἐν
906 2282 1101 2361 καρδίᾳ
1149 2283 1332 2339 αὐτοῦ·
1387 2282 1496 2337 Οὐκ
1544 2279 1655 2337 ἔστι
1704 2281 1852 2343 Θεός.
1902 2303 1931 2333 ››

280 2381 551 2453 ’Ἃφρονες
600 2374 674 2436 ὡς
718 2371 940 2445 ἀληθῶς
991 2374 1044 2428 οἱ
1090 2377 1354 2440 τοιοῦτοι,
1398 2377 1573 2435 κεναῖς
1623 2369 1936 2447 φαντασίαις

278 2463 500 2526 ἑαυτοὺς
558 2462 1107 2539 παραλογιζόμενοι·
1170 2461 1382 2531 νηπίων
1442 2461 1532 2515 καὶ
1597 2461 1932 2515 παντάπασιν

282 2552 529 2621 ἀνοήτων
599 2551 669 2605 τὰ
745 2550 965 2626 ῥήματα
998 2593 1013 2619 ,
1072 2548 1344 2627 ὀφθαλμῷ
1420 2544 1785 2621 λαμϐάνεσθαι
1873 2547 1936 2602 τὸ

281 2639 575 2711 ἀσώματον
627 2638 718 2692 καὶ
776 2636 932 2709 τόπῳ
1006 2632 1507 2712 περιλαμϐάνεσθαι
1565 2640 1677 2711 (34)
1739 2635 1936 2712 βουλο-

285 2728 383 2801 μέν
390 2747 485 2784 ων.

355 2905 442 2960 11.
492 2904 682 2976 Δῶμεν
721 2898 779 2956 δὲ
834 2900 1022 2963 αὐτοῖς
1086 2899 1348 2976 βραχείας
1405 2901 1557 2962 τινας
1614 2900 1824 2962 εἰκόνας
1883 2900 1942 2956 ἐκ

280 2996 389 3047 τῶν
449 2988 825 3065 ἐνδεχομένων
884 2989 1190 3060 ἀσωμάτων
1222 3033 1236 3057 ,
1291 2993 1454 3042 τινῶν
1528 2988 1941 3061 ἐπιμνησθέντες

279 3078 645 3155 πραγμάτων,
676 3076 710 3132 ἃ
756 3075 823 3147 δὴ
876 3078 994 3131 καθ’
1042 3079 1190 3150 ἡμᾶς
1245 3071 1393 3148 ὄντα,
1424 3077 1514 3131 καὶ
1564 3076 1651 3131 ἐπὶ
1688 3085 1789 3146 τῆς
1820 3078 1941 3133 κτί-

284 3190 422 3231 σεως
453 3167 717 3246 φαίνεται,
769 3166 820 3221 εἶ’
858 3187 976 3228 πως
1026 3163 1298 3231 δυνηθεῖεν
1342 3162 1431 3219 διὰ
1476 3165 1683 3220 τούτων
1717 3162 1940 3221 ἀναϐαί-

282 3278 464 3319 νοντες
513 3254 763 3325 ἐννοῆσαί
806 3276 926 3316 πως
970 3253 1030 3309 τὰ
1079 3253 1371 3325 ἀσώματον
1421 3258 1518 3308 τοῦ
1568 3255 1800 3330 Πατρὸς,
1850 3256 1939 3309 καὶ

2047 685 2178 740 dem
2212 687 2435 742 ratione
2469 689 2714 743 minima
2743 694 2881 741 sunt
2908 686 3199 752 omnia,ut
3220 684 3515 756 prOphetaa
3539 702 3701 755 para-

2046 773 2178 828 bola
2210 776 2355 831 satis
2387 777 2645 842 indicat;
2680 777 2780 846 qui
2815 775 3072 838 modicis,
3098 790 3163 828 ac
3192 773 3449 828 minimae
3472 778 3699 829 creatu-

2047 880 2240 917 rarum
2260 865 2843 931 universitati,Deum
2863 861 3229 918 commentiri
3251 868 3513 932 oportere
3531 867 3698 932 puta-

2048 954 2209 1009 bitur
2229 955 2257 1009 ‘P
2287 956 2409 1010 Non
2442 956 2597 1010 enim
2631 972 2695 1010 eo
2732 961 2879 1009 Deus
2911 953 3109 1009 omnia
3138 951 3423 1023 implevit,
3447 958 3599 1022 quod
3626 952 3697 1006 ad

2048 1044 2309 1097 omnium
2335 1045 2526 1115 spatia
2547 1044 3058 1104 extendatur.nam
3086 1040 3228 1094 illud
3254 1038 3481 1110 corpori
3504 1039 3697 1094 solum

2051 1134 2331 1202 competit
2363 1150 2375 1186 ε
2435 1138 2501 1187 ut
2531 1132 2579 1187 si
2610 1131 2744 1202 quis
2774 1148 2989 1197 aerem,
3022 1128 3271 1200 exempli
3313 1145 3511 1198 causa,
3544 1129 3702 1182 dicat

2045 1224 2235 1274 totum
2271 1221 2513 1292 implere
2565 1221 2845 1292 spatium,
2886 1220 3040 1290 quod
3074 1220 3282 1273 ccelum
3317 1218 3469 1271 inter
3497 1222 3555 1271 et
3584 1221 3697 1270 ter-

2045 1326 2170 1363 ram
2205 1311 2550 1375 intercedit;
2584 1311 2686 1365 sed
2710 1310 2876 1381 quasi
2908 1308 2997 1363 vis
3029 1308 3293 1378 quaedam
3328 1307 3525 1361 omnia
3556 1322 3697 1360 con-

2044 1398 2189 1453 tinet
2224 1414 2236 1454 :
2270 1400 2355 1454 vis
2385 1399 2539 1454 enim
2573 1399 2934 1469 incorporea,
2956 1396 3270 1452 invisibilis
3300 1400 3409 1466 est,
3435 1413 3548 1450 non
3581 1395 3692 1450 cir-

2047 1489 2305 1558 cumdat,
2333 1503 2438 1542 nec
2457 1488 2873 1543 circumdatur.
2901 1488 3162 1557 ldipsum
3194 1490 3389 1540 autem
3422 1490 3480 1540 et
3501 1485 3573 1540 de
3601 1484 3694 1538 Fi-

2045 1575 2144 1641 lio,
2176 1581 2233 1631 et
2273 1578 2344 1631 de
2391 1577 2611 1647 Spiritu
2658 1580 2859 1631 sancto
2905 1576 3218 1630 dicendum
3272 1592 3285 1630 :
3334 1590 3436 1645 per
3482 1573 3693 1628 Filium

2047 1666 2225 1733 enim,
2250 1671 2309 1721 et
2338 1666 2397 1720 in
2427 1666 2644 1738 Spiritu
2671 1670 2894 1731 sancto,
2916 1665 3069 1720 Deus
3101 1664 3299 1719 omnia
3322 1667 3378 1719 et
3410 1662 3700 1729 condidit,

2045 1757 2103 1808 et
2130 1755 2436 1810 continens
2465 1758 2787 1810 conservat.
2824 1754 3077 1825 Impium
3110 1753 3286 1820 igitur
3315 1755 3700 1823 quaerere,aut

2045 1842 2321 1915 cogitare,
2356 1843 2595 1899 ubinam
2628 1843 2783 1898 Deus
2832 1841 2908 1897 sit
2940 1859 2953 1895 :
2989 1846 3092 1897 aut
3136 1856 3451 1913 quemnam
3500 1839 3693 1896 locum

2048 1932 2310 1988 obtineat
2334 1932 2624 1987 Verbum:
2650 1937 2753 1987 aut
2784 1947 2961 2002 quam
2992 1930 3417 1986 habitationem
3440 1928 3696 2001 Spiritus

2044 2027 2285 2077 sanctus
2315 2022 2559 2077 sortitus
2584 2020 2679 2077 sit.
2731 2021 2893 2087 Quod
2940 2020 2990 2075 si
3020 2019 3152 2090 quis
3182 2018 3310 2074 ideo
3344 2017 3554 2073 Filium
3586 2034 3692 2074 nec

2044 2126 2193 2177 esse,
2228 2127 2332 2165 nec
2363 2110 2625 2182 genitum
2656 2109 2840 2165 fuisse
2883 2108 3154 2174 afﬁrmet,
3209 2107 3365 2179 quod
3396 2107 3561 2162 locus
3590 2122 3693 2177 pro

2045 2199 2175 2269 ejus
2206 2199 2543 2255 substantia
2564 2215 2671 2254 nec
2701 2196 3038 2270 excogitari,
3063 2214 3169 2253 nec
3201 2195 3455 2251 inveniri
3481 2195 3694 2267 possit,

2045 2288 2095 2345 is
2132 2304 2237 2343 nec
2262 2289 2486 2344 Patrem
2514 2288 2751 2360 quidem
2777 2304 3037 2359 unquam
3061 2285 3345 2354 extitisse,
3370 2301 3475 2340 nec
3496 2286 3695 2356 ipsum

2045 2378 2230 2433 Deum
2261 2394 2412 2446 esse,
2444 2377 2655 2434 dixerit
2687 2395 2699 2432 :
2734 2376 3211 2449 quandoquidem
3245 2391 3350 2430 nec
3381 2374 3698 2445 quisquam

2044 2466 2206 2523 locus
2237 2466 2337 2522 Dei
2368 2482 2548 2540 capax
2578 2467 2893 2523 invenitur.
2928 2488 2956 2517 «
2988 2466 3144 2522 Dixit
3172 2464 3459 2535 insipiens
3484 2464 3543 2518 in
3575 2480 3702 2520 cor-

2046 2557 2118 2611 de
2148 2572 2277 2623 suo,
2311 2556 2435 2611 Non
2466 2561 2555 2612 est
2596 2562 2745 2611 Deus
2791 2557 2859 2610 ⁶².
2914 2577 2943 2605 ››
2994 2554 3340 2625 Insipientes
3388 2570 3587 2609 revera
3616 2553 3704 2607 illi

2046 2649 2206 2711 sunt,
2241 2645 2341 2715 qui
2372 2646 2538 2701 vanis
2568 2646 2918 2701 commentis
2950 2660 3077 2699 sese
3118 2643 3421 2715 decipiunt
3455 2658 3469 2698 :
3503 2641 3707 2697 stolidi

2047 2750 2113 2789 ac
2144 2750 2387 2803 prorsus
2413 2734 2604 2789 insani
2630 2743 2788 2801 sunt,
2808 2733 2906 2803 qui
2938 2734 3348 2801 incorporeum
3375 2730 3543 2787 oculo
3566 2747 3696 2803 per-

2048 2821 2185 2892 cipi,
2219 2837 2285 2876 ac
2315 2820 2440 2875 loco
2471 2821 2873 2877 circumscribi
2904 2823 3127 2876 volunt.

2123 2909 2209 2962 11.
2246 2912 2458 2963 Demus
2488 2909 2668 2980 igitur
2698 2908 2817 2963 illis
2850 2909 3093 2979 pusillas
3124 2909 3350 2980 aliquot
3378 2907 3689 2979 imagines,

2049 3013 2118 3052 ex
2147 2997 2504 3066 incorporeis
2561 3013 2712 3067 saepe
2755 2997 3216 3062 occurrentibus,
3253 3012 3318 3050 ac
3356 2997 3427 3051 de
3457 2995 3705 3067 quibus-

2052 3087 2189 3140 dam
2210 3085 2566 3140 mentionem
2582 3085 3020 3154 faciamus,quas
3039 3086 3192 3155 apud
3221 3101 3326 3139 nos
3349 3084 3702 3151 habeantur,

2048 3179 2105 3229 et
2128 3175 2184 3228 in
2210 3190 2405 3229 rerum
2424 3179 2632 3228 natura
2653 3177 3029 3245 compareant
3052 3190 3064 3228 :
3092 3172 3140 3229 si
3163 3190 3277 3244 quo
3303 3173 3475 3227 modo
3498 3188 3703 3226 earum

2050 3278 2229 3333 opera
2257 3262 2487 3327 emersi,
2522 3263 2931 3332 incorporeum
2963 3278 3092 3317 esse
3120 3262 3437 3328 Patrem,et
3468 3259 3704 3327 Filium,

277 3351 375 3402 τοῖ’)
433 3345 583 3413 Υἱοῦ,
613 3346 703 3399 καὶ
734 3348 830 3400 τοῦ
890 3342 1049 3419 ἁγίου
1082 3341 1416 3416 Πνεύματος’
1448 3343 1537 3396 καὶ
1570 3341 1765 3415 μηκέτι
1798 3364 1933 3420 φαν-

2052 3356 2106 3405 et
2131 3351 2414 3422 Spiritum
2448 3356 2739 3419 sanctum,
2764 3348 3091 3420 intelligere
3118 3348 3352 3404 valeant
3376 3367 3389 3416 ;
3416 3364 3519 3403 nec
3551 3347 3710 3404 ultra

278 3436 532 3505 τάζεσθαι
559 3434 763 3496 τόπους
810 3433 1008 3503 αὐτῶν,
1064 3430 1207 3505 μηδὲ
1254 3432 1484 3494 τοπικὰς
1526 3429 1811 3509 διαιρέσεις
1843 3441 1945 3503 τῆς

279 3522 511 3601 Τριάδος
731 3521 989 3578 ἐπινοεῖν.
1044 3521 1369 3592 ’Δσώματος
1426 3520 1515 3575 καὶ
1573 3520 1940 3594 πνευματικὰς

287 3612 361 3669 ὢν
393 3612 421 3667 6
451 3613 645 3686 νόμος,
710 3610 849 3666 ἔστιν
894 3610 946 3665 ἐν
1005 3613 1074 3684 τῇ
1131 3614 1227 3664 τοῦ
1272 3611 1623 3683 νομομαθοῢς
1654 3613 1767 3683 (36)
1824 3609 1945 3666 δια-

281 3702 422 3774 νοίᾳ·
459 3702 511 3757 ἰν
541 3705 610 3776 τῇ
643 3700 779 3775 αὐτῇ
830 3698 888 3755 δὶ
934 3699 1023 3754 καὶ
1064 3700 1116 3753 οἱ
1162 3704 1461 3775 προφῆται,
1496 3697 1804 3776 Εὐαγγέλια
1852 3699 1943 3756 καὶ

284 3788 609 3847 ἀπὸστολοι·
644 3790 733 3845 καὶ
787 3786 998 3865 εἴρηται
1056 3787 1181 3864 περὶ
1234 3792 1342 3842 τῶν
1387 3792 1632 3842 νοιιικῶν
1673 3789 1762 3844 καὶ
1814 3810 1946 3865 προ-

290 3884 540 3959 φητικῶν
593 3877 792 3955 λόγων.
831 3903 852 3930 ε
886 3880 1118 3954 Ἔχουσι
1157 3876 1388 3931 Μωϋσέα
1432 3874 1522 3931 καί
1560 3875 1687 3939 τοὺς
1720 3881 1943 3955 προφή-

280 3989 400 4031 τας.
456 3990 486 4020 ››
544 3967 635 4023 καὶ
671 3967 700 4021 6
745 3967 943 4041 Σωτὴρ
983 3965 1073 4020 τὸν
1125 3963 1321 4039 ἔχοντα
1376 3962 1586 4019 παλαιὰ
1639 3966 1729 4021 καὶ
1785 3967 1945 4022 καινὰ

285 4056 508 4133 ῥήματα
552 4055 641 4111 ἐπὶ
696 4062 799 4125 τῆς
848 4056 1041 4110 ἑαυτοῦ
1100 4050 1339 4114 διανοίας
1391 4052 1621 4108 ἐοικέναι
1654 4055 1815 4131 φησὶν
1853 4058 1942 4110 ἀν-

283 4144 495 4219 θρώπῳ
544 4140 926 4217 οἰκοδεσπότῃ,
955 4140 1101 4203 ὅστις
1130 4140 1389 4219 προφέρει
1422 4140 1483 4196 ἐκ
1528 4146 1627 4196 τοῦ
1668 4145 1943 4218 θησαυροῦ

284 4232 452 4289 αὐτοῦ
480 4234 636 4288 καινὰ
665 4231 754 4288 καὶ
785 4231 1011 4288 παλαιά.
1061 4227 1313 4306 Ἐδέχετο
1345 4226 1403 4284 δὲ
1434 4229 1462 4283 6
1492 4234 1764 4294 Μωυσέως
1819 4237 1941 4295 νοῦς

283 4321 476 4400 σοφίαν
533 4343 593 4377 τε
648 4327 819 4377 πᾶσαν
862 4319 1268 4395 Αἰγυπτιακὴν,
1316 4318 1406 4373 καὶ
1436 4321 1534 4389 τήν
1568 4318 1627 4374 ἐκ
1680 4325 1776 4375 τοῦ
1807 4326 1942 4377 Θεοῦ

284 4408 529 4476 δοθεῖσαν
561 4410 708 4483 αὐτῷ
744 4454 759 4469 .
790 4408 893 4467 Καὶ
924 4406 1154 4477 Δανιὴλ,
1187 4406 1395 4462 σύνεσιν
1433 4413 1604 4463 πᾶσαν
1634 4410 1734 4479 τὴν
1786 4408 1939 4466 Χαλ-

284 4498 452 4555 δαίων
483 4497 882 4573 ὑποδεξάμενος
906 4500 1019 4572 (37)
1055 4543 1068 4569 ,
1103 4495 1302 4571 ἐχώρει
1342 4495 1434 4551 καὶ
1464 4497 1532 4551 τὰ
1583 4497 1811 4554 ποικίλα
1837 4506 1937 4569 τῆς

282 4588 427 4652 θείας
457 4589 649 4667 σοφίας
704 4590 977 4661 νοήματα,
1012 4584 1144 4660 ὅπερ
1189 4584 1441 4657 σημαίνει
1493 4583 1562 4640 δι’
1606 4588 1878 4663 Ἰεζεχιήλ
1912 4591 1938 4645 6

2053 3455 2255 3493 eorum
2290 3440 2416 3494 loca
2446 3438 2992 3507 comminiscantur,
3024 3437 3112 3492 vel
3144 3436 3359 3493 locales
3388 3436 3708 3491 divisiones

2054 3528 2114 3583 in
2142 3527 2429 3583 Trinitate
2459 3526 2803 3597 excogitant.
2861 3524 3247 3597 lnoorporalis
3290 3530 3349 3580 et
3380 3524 3706 3597 spiritualis

2053 3634 2186 3672 cum
2220 3617 2298 3672 sit
2328 3618 2436 3683 lex,
2460 3617 2516 3670 in
2554 3616 2700 3688 legis
2724 3615 2892 3687 periti
2925 3619 3121 3670 mente
3150 3614 3415 3670 exsistit:
3452 3614 3526 3669 ibi
3561 3631 3705 3683 quo-

2053 3722 2167 3777 que
2198 3712 2338 3761 sunt
2369 3705 2682 3778 prephetae,
2714 3704 3028 3776 Evangelia
3058 3709 3115 3759 et
3158 3704 3404 3775 apostoli
3436 3721 3448 3759 :
3483 3702 3703 3759 dictum

2052 3795 2271 3867 quippe
2301 3799 2393 3851 est
2413 3796 2483 3849 de
2505 3793 2794 3865 legalibus
2824 3798 2882 3848 et
2914 3792 3267 3863 propheticis
3289 3792 3480 3848 verbis
3504 3809 3519 3847 :
3539 3814 3566 3841 ‹‹
3590 3796 3704 3847 Ha-

2053 3884 2194 3939 bent
2223 3884 2460 3955 Moysen
2492 3888 2550 3938 et
2580 3882 2898 3954 prophetas
2952 3880 3019 3935 ⁸³.
3070 3900 3097 3932 υ
3151 3883 3221 3937 Ει
3265 3880 3528 3937 Salvator
3569 3897 3703 3936 eum

2051 3974 2151 4043 qui
2184 3990 2334 4028 nova
2363 3978 2419 4028 et
2450 3978 2643 4028 vetera
2683 3972 2859 4026 verba
2901 3970 2961 4025 in
3018 3975 3211 4025 mente
3261 3987 3369 4025 sua
3420 3968 3700 4036 continet,

2051 4061 2305 4117 similem
2335 4062 2478 4118 dicit
2509 4060 2733 4116 homini
2764 4058 3175 4131 patrifamilias
3206 4059 3306 4129 qui
3366 4059 3587 4130 profert
3632 4058 3705 4113 de

2050 4151 2331 4206 thesauro
2381 4167 2509 4221 suo,
2567 4165 2717 4204 nova
2773 4154 2831 4203 et
2889 4153 3100 4204 vetera.
3156 4146 3425 4219 Suscepit
3470 4162 3704 4217 quoque

2051 4239 2267 4311 Moysis
2298 4238 2650 4304 intellectus,
2684 4254 2816 4293 cum
2849 4236 3200 4310 sapientiam
3230 4252 3466 4291 omnem
3496 4239 3706 4307 Egyp-

2050 4327 2283 4395 tiacam,
2344 4332 2470 4383 tum
2505 4344 2630 4383 eam
2691 4342 2818 4398 quae
2874 4325 2987 4382 sibi
3036 4342 3070 4380 a
3125 4326 3235 4381 Deo
3285 4326 3419 4380 data
3492 4324 3702 4379 fuerat.

2049 4416 2119 4471 Et
2148 4416 2349 4471 Daniel
2407 4422 2681 4483 suscepta
2735 4414 2896 4471 omni
2948 4412 3350 4468 Chaldaaorum
3392 4409 3703 4484 sapientia,

2047 4505 2208 4560 varia
2238 4511 2435 4561 tamen
2493 4505 2700 4559 divinae
2732 4502 3031 4575 sapientiae
3083 4518 3257 4557 sensa
3318 4501 3705 4572 percipiebat,

2049 4600 2113 4649 ut
2160 4611 2265 4666 per
2314 4593 2663 4649 Ezechielem
2722 4592 2942 4647 indicat
2989 4590 3145 4646 Deus
3180 4607 3193 4645 :
3227 4612 3252 4640 .‹
3285 4589 3566 4661 Nunquid
3600 4589 3697 4646 85

285 4678 437 4742 Θεός.
480 4703 501 4731 ιι
536 4680 624 4749 Μὴ
665 4678 726 4733 σὺ
765 4678 1078 4755 σοφώτερος
1098 4674 1258 4729 εῖτοῦ
1299 4672 1503 4745 Δανιήλ
1538 4694 1551 4744 ;
1594 4682 1695 4731 πᾶν
1714 4677 1938 4755 κρύφιον

2052 4683 2370 4754 sapientior
2398 4699 2460 4738 es
2490 4686 2555 4737 tu
2602 4681 2833 4737 Daniele
2862 4681 2901 4735 ‘2.
2929 4696 3101 4735 omne
3140 4684 3429 4735 secretum
3463 4695 3575 4734 non
3609 4694 3705 4734 os-

286 4767 395 4843 οὐχ
442 4764 741 4843 ὑπεδείχθη
793 4787 898 4823 σοι.
939 4792 966 4819 ››
1016 4764 1419 4838 Ἀναρίθμητος
1459 4761 1517 4818 6‘s
1546 4767 1581 4835 ἡ
1619 4771 1717 4820 τοῦ
1766 4767 1941 4824 Σολο-

293 4860 475 4930 μῶνος
653 4855 941 4933 φρόνησις,
981 4853 1068 4909 καὶ
1100 4853 1161 4907 τὸ
1191 4851 1347 4928 χύμα
1378 4859 1480 4922 τῆς
1509 4852 1733 4928 καρδίας
1754 4856 1941 4926 αὐτοῦ,

2053 4778 2288 4826 tensum
2340 4776 2429 4826 est
2471 4771 2581 4837 tibi
2631 4772 2691 4825 ⁸⁸.
2753 4791 2780 4819 ››
2828 4768 3283 4825 Innumerabilia
3330 4784 3563 4839 quoque
3593 4767 3706 4823 fuit

2052 4860 2382 4915 Salomonis
2429 4860 2740 4931 sapientia,
2772 4869 2829 4915 et
2873 4858 3125 4913 latitudo
3171 4858 3365 4914 cordis
3391 4859 3520 4928 ejus
3551 4857 3707 4914 sicut

354 4964 400 4999 ⁶¹
430 4964 540 5019 Isa.
573 4979 664 5031 XL,
697 4963 785 5018 12.
860 4962 908 4997 ⁶²
938 4959 1073 5017 Psal
1103 4975 1227 5030 xm,
1263 4960 1315 5014 1.
1390 4959 1436 4994 ⁸³
1465 4959 1601 5017 Luc.
1635 4978 1748 5029 xvi.
1779 4963 1868 5018 29.

2052 4964 2225 5020 :zech.
2257 4980 2456 5033 xxvm,
2484 4965 2538 5019 3.

360 5068 474 5140 (30)
502 5068 635 5142 seg.
660 5067 846 5136 solus,
866 5063 1420 5142 l_31__8feoiirwc._Mox,
1443 5065 1699 5142 Gobler.,
1732 5067 1880 5142 Felc.
1902 5086 1941 5139 ι,

291 5136 426 5211 Sag.
456 5136 526 5211 ut
560 5136 621 5196 in
647 5145 830 5211 textu.
866 5139 1016 5195 Editi
1065 5142 1125 5211 et
1173 5136 1594 5211 quidam_mss.
1628 5137 1703 5199 ὡς
1734 5140 1768 5208 ἡ
1802 5136 1942 5211 προί-

295 5204 500 5287 φηῖικὴ
550 5210 900 5285 παραοολικὴ
969 5204 1210 5282 μετρίωξ
1272 5204 1675 5283 παραδεικνυσι,
1742 5204 1942 5267 minus

293 5288 478 5427 re2333)?)
508 5351 643 5430 Περί
686 5355 848 5411 deest
892 5353 955 5409 in
1013 5351 1224 5419 editis;
1270 5366 1339 5406 ex
1382 5351 1621 5423 Seguer.
1682 5352 1942 5409 restitui-

295 5440 478 5565 ωῗὲέ)
516 5498 611 5554 Sic
640 5499 906 5572 Seguer.,
932 5493 1099 5552 Gobl.
1152 5492 1301 5550 Felc.
1337 5511 1355 5549 ι
1384 5511 1396 5549 :
1430 5493 1489 5549 in
1520 5494 1714 5563 editis,
1745 5492 1938 5565 τόπου,

292 5584 622 5640 perperam.

364 5642 477 5713 (33)
507 5641 924 5713 Seguperiapus,
955 5642 1296 5713 γεγενῆσθαι.

364 5642 457 5705 (33
507 5642 924 5713 Seguerianus,
955 5642 1296 5713 γεγενῆσθαι.

364 5642 478 5785 (34;
506 5704 1040 5785 IlepdadexieaeaL
1065 5710 1265 5785 deerat
1310 5707 1374 5785 in
1413 5708 1590 5785 editis
1642 5714 1700 5785 et
1727 5710 1785 5766 in
1817 5708 1943 5781 qui-

294 5778 548 5843 husdam
579 5778 747 5853 muﬁ,
779 5784 881 5843 sed
907 5798 978 5840 ex
1006 5778 1185 5838 Basil.
1214 5778 1554 5837 restitutum
1586 5784 1694 5839 est.

2127 5070 2239 5158 (ἓξ)
2269 5070 2400 5143 Seg.
2435 5069 2617 5137 solus,
2647 5073 2748 5138 τῆς
2778 5063 3030 5144 Τριάδος,
3077 5068 3175 5125 alii
3206 5084 3339 5125 vero
3380 5083 3604 5124 omnes.
3635 5065 3707 5138 τῇ

2051 5146 2448 5285 ΤρίέἕλΕάίῑί,
2480 5218 2579 5281 τῆς
2620 5216 2997 5286 νομομαθοῦς,
3040 5211 3339 5268 mendose.
3386 5212 3539 5283 Seg.,
3584 5210 3707 5281 τοῦ,

2051 5290 2235 5427 Γθῖθξ)
2268 5356 2616 5427 Ιηίεᾱίιίοοο
2653 5355 2933 5427 Commel.
2968 5355 3151 5423 deest,
3188 5347 3605 5427 ᾦποδεξάμενος.
3641 5353 3703 5427 In

2051 5419 2309 5482 editione
2341 5426 2522 5498 Paris.
2575 5429 2702 5498 ejus
2754 5419 3147 5498 locorlegitur'
3182 5419 3603 5493 ἀποδεξάμενος,
3632 5424 3706 5477 At

2050 5514 2255 5553 omnes
2290 5515 2432 5553 mss.
2466 5495 2861 5567 ὑποοεξάμενος
2894 5495 3129 5551 habent.

2121 5569 2233 5639 (38)
2270 5570 2328 5623 In
2362 5569 2535 5624 editis
2583 5560 2657 5622 et'
2686 5560 3045 5639 quibusdam
3098 5581 3265 5639 mss,
3296 5564 3387 5617 καὶ
3414 5564 3529 5639 -ιεοῦ
3562 5560 3695 5639 Σολ,

2049 5634 2249 5709 Basili,
2281 5639 2535 5709 Gobler.,
2569 5634 2805 5709 Seguer,
2830 5638 2993 5709 tuo?»
3028 5635 3185 5704 Σολ.,
3205 5642 3377 5694 recte.
3413 5634 3543 5690 Mox
3568 5636 3700 5703 post

2047 5707 2257 5785 ἄμμος,
2287 5707 2526 5784 Seguer,
2557 5708 2720 5766 addit
2747 5707 2935 5781 φησιν.
