4136 6392
378 484 490 546 115

1562 485 1627 543 S.
1675 479 2197 543 ATHANASIUS.
2225 513 2300 524 -
2334 478 2593 542 DUBlA.

3669 482 3788 544 116

376 633 570 679 arena,
600 631 725 683 quis
774 619 863 671 est
908 614 1075 686 juxta
1126 630 1287 670 mare
1327 614 1392 670 °'.
1444 614 1594 669 Dum
1645 614 1796 669 hanc
1844 612 2019 683 igitur

2138 609 2207 671 ὡς
2242 609 2451 681 ἅμμος,
2507 611 2542 679 ἠ
2592 609 2737 685 παρᾶ
2792 611 2892 680 τὴν
2954 609 3246 670 θαλασσαν.
3305 613 3377 668 Τὸ
3408 609 3466 668 δὲ
3519 616 3780 668 τοσοῦτον

375 710 608 761 tantam
659 704 1081 776 sapientiarum
1115 704 1554 760 multitudinem
1589 703 1647 757 in
1694 718 1808 758 una
1829 706 2023 757 mente

373 793 765 865 conspiciunt,
800 793 855 846 in
889 791 1013 847 loco
1043 796 1237 847 tamen
1273 791 1402 847 illas
1436 809 1550 848 non
1582 808 1711 847 esse
1756 790 2021 846 animad—

372 887 622 938 vertant.
660 881 799 947 Quis
830 882 984 935 enim
1022 882 1195 936 homo
1228 886 1399 937 tanta:
1435 880 1860 953 magnitudinis
1893 880 2021 935 fue-

374 973 471 1035 rit,
507 976 570 1026 ut
600 971 675 1025 sit
702 971 947 1025 idoneus
980 971 1049 1025 ad
1084 976 1167 1024 tot
1197 970 1515 1042 sapientiae
1545 969 1938 1041 excipiendas,
1973 967 2021 1023 si

376 1060 581 1116 divisis
611 1061 671 1114 in
713 1059 856 1114 locis
906 1060 1170 1131 singulas
1218 1059 1650 1131 speculationes
1692 1057 2022 1113 habuerit?

382 1154 523 1203 Cum
558 1150 738 1221 igitur
767 1148 1094 1218 spiritualia
1126 1164 1253 1219 quae
1285 1149 1380 1204 hic
1409 1152 1567 1215 sunt,
1601 1147 1852 1220 plurima
1890 1146 2025 1201 licet

377 1238 512 1307 sint,
546 1236 815 1309 plurimis
864 1242 1059 1292 tamen
1111 1236 1254 1291 locis
1304 1254 1418 1292 non
1462 1236 1787 1306 indigeant,
1820 1235 1919 1291 sed
1962 1236 2018 1289 in

377 1344 493 1381 uno
517 1328 834 1396 eodemque
858 1326 1152 1380 intellectu
1174 1332 1507 1394 versentur;
1532 1324 1936 1395 intelligamus
1957 1340 2025 1379 ea

379 1433 505 1486 quae
538 1432 716 1486 supra
748 1432 872 1477 nos,
908 1432 973 1469 ac
1004 1416 1327 1470 secundum
1379 1431 1439 1470 se
1489 1416 1830 1485 incorporea
1861 1418 2021 1479 sunt,

378 1504 608 1560 Patrem
657 1520 883 1574 nempe,
932 1503 1165 1575 Filium,
1196 1509 1254 1559 et
1282 1503 1563 1576 Spiritum
1597 1506 1889 1566 sanctum,
1919 1516 2024 1556 nec

379 1593 524 1649 locis
573 1592 853 1665 indigere,
890 1609 992 1648 nec
1043 1591 1186 1647 locis
1228 1593 1486 1665 separari
1519 1610 1532 1659 ;
1565 1608 1669 1647 nec
1714 1591 1848 1664 quis
1894 1591 2023 1646 ideo

377 1682 603 1754 opinari
648 1682 860 1737 audeat
907 1683 1156 1748 Patrem,
1189 1687 1292 1737 aut
1337 1682 1694 1747 Filium,aut
1739 1681 2024 1752 Spiritum

379 1776 646 1826 sanctum
680 1788 795 1826 non
819 1771 1281 1843 exsistere,quod
1310 1771 1561 1844 singulis
1599 1770 1761 1826 locus
1791 1771 2023 1825 deﬁniri

378 1865 434 1914 et
458 1860 670 1916 ascribi
702 1865 970 1931 nequeat.
992 1862 1097 1916 Sed
1113 1861 1281 1917 Pater
1312 1860 1548 1933 quidem
1580 1862 1675 1932 qui
1708 1861 2021 1932 perfectam

377 1948 696 2004 essentiam
729 1947 1003 2017 omnique
1042 1948 1266 2004 defectu
1303 1955 1597 2005 carentem
1630 1948 1828 2016 habet,
1863 1947 2026 2004 radix

377 2043 436 2093 et
464 2036 592 2092 fons
622 2041 711 2092 est
743 2035 870 2092 Filii
910 2053 976 2092 ac
1007 2037 1260 2109 Spiritus
1291 2037 1477 2094 sancti
1511 2054 1524 2092 :
1573 2043 1665 2093 est
1707 2041 1902 2092 autem
1935 2037 2025 2093 Fi-

379 2124 495 2180 lius
525 2124 582 2179 in
616 2124 787 2198 plena
817 2125 1147 2191 divinitate,
1175 2125 1431 2182 Verbum
1481 2125 1700 2195 vivens,
1737 2142 1803 2181 ac
1834 2125 2028 2198 proles

377 2213 570 2269 Patris
602 2230 729 2286 qua
762 2212 926 2269 nullo
960 2214 1195 2285 indiget.
1222 2213 1441 2270 Plenus
1472 2230 1704 2287 quoque
1733 2218 1822 2271 est
1849 2213 2025 2287 Spiri-

379 2308 477 2358 tus
508 2308 748 2358 sanctus
782 2303 948 2372 Filio,
979 2320 1097 2360 non
1124 2321 1261 2375 pars
1287 2303 1550 2373 alterius,
1584 2304 1685 2361 sed
1725 2304 1786 2359 in
1834 2305 2027 2376 seipeo

380 2392 625 2463 integer.
645 2395 834 2465 Atque
861 2393 940 2448 ita
961 2394 1379 2465 Trinitas,quaa
1409 2409 1605 2449 revera
1635 2394 2027 2459 exsistit,con-

373 2483 580 2554 juncta
627 2486 718 2538 est
766 2482 990 2553 absque
1017 2481 1139 2538 ulla
1182 2482 1635 2554 intercapedine.
1687 2482 1841 2537 Nihil
1872 2483 2028 2538 enim

382 2575 473 2627 est
502 2571 657 2642 quod
686 2570 1079 2641 disterminat,
1100 2587 1218 2626 una
1246 2571 1422 2627 simul
1446 2570 1642 2628 existit
1671 2572 1742 2628 ab
1774 2576 1987 2628 aeterno
2012 2590 2026 2640 ;

381 2658 612 2714 nullum
630 2659 786 2714 enim
802 2675 987 2714 aevum
1010 2658 1613 2715 intercedit.Formam
1632 2665 1824 2716 autem
1852 2678 2027 2716 unam

382 2748 772 2819 eamdemque
802 2748 930 2818 ipsa
962 2748 1352 2818 praefert,cum
1385 2749 1551 2803 Pater
1572 2749 1805 2820 quidem
1841 2750 1898 2803 in
1932 2749 2027 2804 Fi-

383 2836 462 2892 lio
493 2836 910 2908 conspiciatur,
946 2837 1126 2892 Filius
1172 2854 1307 2892 vero
1347 2838 1404 2892 in
1453 2837 1671 2909 Spiritu
1726 2844 1927 2894 sancto
1975 2842 2030 2893 et

385 2924 766 2998 intelligatur,
808 2930 864 2980 et
904 2925 1199 2981 hominem
1263 2927 1355 2982 sui
1401 2926 1740 2999 participem
1798 2927 2026 2982 habeat.

385 3036 415 3065 «
444 3018 564 3071 Nos
596 3012 774 3085 enim,
806 3013 1016 3086 inquit,
1049 3031 1252 3071 omnes
1297 3015 1550 3072 revelata
1598 3016 1741 3071 facie
1784 3015 2030 3089 gloriam

381 3104 614 3160 Domini
646 3104 1099 3177 speculantes,in
1116 3106 1382 3162 eamdem
1406 3106 1723 3178 imaginem
1746 3108 2032 3163 transfor-

383 3210 615 3249 mamur
653 3211 688 3249 a
733 3193 918 3268 gloria
960 3195 1021 3250 in
1070 3194 1341 3267 gloriam,
1390 3200 1668 3264 tanquam
1722 3211 1756 3250 ιι
1799 3195 2032 3250 Domini

381 3282 592 3354 spiritu
622 3283 686 3336 ⁸⁸.
725 3305 746 3332 ι

2131 697 2345 767 πλῆθος
2376 702 2482 753 τῶν
2517 704 2720 776 σοφιῶν
2757 703 2869 773 (39)
2901 700 3023 777 περὶ
3060 701 3184 774 μίαν
3231 701 3462 777 ὁρωντες
3495 699 3730 757 διάνοιαν
3769 747 3783 774 ,

2131 786 2562 859 ἐνθυμείσθωσαν
2596 788 2755 851 αὐτὰς
2807 790 2908 844 οὐκ
2937 786 3094 852 οῦσας
3126 790 3177 845 ὲν
3208 791 3361 865 τόπῳ
3398 838 3408 848 .
3445 791 3618 853 Πόσος
3677 791 3782 867 γὰρ

2131 876 2190 931 ἂν
2239 881 2319 949 τῷ
2381 877 2591 952 μεγέθει
2650 877 2938 954 γεσόμενος
2996 881 3300 953 ἄνθρωπος,
3360 880 3639 956 ἐξήρκεσεν
3700 880 3779 943 εἰς

2130 966 2229 1033 τὴν
2258 965 2531 1020 τοσοῦτων
2563 965 2872 1043 ὑποδοχὴν,
2901 968 2945 1022 εί
2984 968 3174 1030 τόποις
3223 969 3641 1045 μεμερισμένοις
3672 974 3780 1024 τῶν

2133 1056 2506 1131 θεωρημάτων
2561 1053 2754 1111 ἕκαστα
2807 1058 2952 1133 εἶχεν
3006 1084 3021 1126 ;
3063 1060 3229 1115 ’Όταν
3289 1056 3380 1112 οὖν
3434 1059 3501 1113 τὰ
3561 1058 3784 1113 ἐνταῦθα

2131 1145 2472 1215 πνευματικὰ
2506 1146 2580 1216 μή
2617 1144 2804 1216 δέηται
2834 1145 3102 1201 πλειόνων
3133 1147 3316 1201 τόπων
3347 1148 3576 1202 πΛείονα
3604 1143 3736 1201 ὄντα
3766 1194 3780 1219 ,

2132 1233 2280 1289 ἀλλὰ
2308 1234 2431 1309 περὶ
2463 1234 2554 1288 τὸν
2585 1232 2674 1289 ἕνα
2716 1235 2806 1290 καὶ
2835 1236 2927 1290 τὸν
2959 1234 3119 1290 αὺτὸν
3154 1236 3445 1314 στρέφηται
3495 1239 3607 1310 (40)
3633 1242 3781 1306 νοῦν⁹

2134 1322 2477 1394 ἐννοήσωμεν
2530 1324 2619 1377 καὶ
2675 1323 2742 1377 τὰ
2773 1324 2907 1400 ὑπὲρ
2964 1327 3135 1397 ἡμᾶς,
3169 1327 3260 1380 καί
3310 1327 3426 1379 καθ’
3473 1326 3633 1380 ἑαυτά
3656 1321 3785 1381 ὅντα

2134 1413 2417 1485 ἀσώματα,
2447 1414 2536 1466 τὸν
2600 1411 2808 1488 Πατέρα
2864 1413 2953 1468 καὶ
3010 1415 3102 1469 τὸν
3136 1415 3259 1468 Υίὸν
3318 1413 3409 1469 καὶ
3467 1415 3528 1468 τὸ
3563 1417 3784 1487 Πνεῦμα

2138 1503 2210 1573 μή
2259 1500 2440 1555 τόπων
2504 1497 2733 1574 δεόμενα
2766 1548 2781 1573 ,
2817 1499 2959 1574 μηδὲ
3014 1502 3204 1565 τόποις
3263 1499 3613 1576 διαιρούμενα
3649 1521 3661 1533 ⁸
3694 1504 3785 1558 καὶ

2138 1591 2213 1664 μὴ
2275 1587 2363 1644 διὰ
2392 1594 2552 1645 τοῦτο
2612 1590 2949 1668 ἀνύπαρκτον
3004 1593 3040 1662 ἢ
3073 1593 3164 1647 τὸν
3199 1591 3413 1668 Πατέρα
3440 1613 3524 1653 τις
3556 1636 3570 1662 ,
3600 1593 3635 1660 ἢ
3693 1594 3785 1648 τὸν

2132 1681 2279 1744 Υίὸν,
2310 1680 2345 1747 ἢ
2404 1679 2465 1734 τὸ
2525 1683 2750 1754 ΙῙνεῦμα
2804 1682 2867 1735 τὸ
2900 1682 3053 1757 ἅγιον
3109 1681 3454 1737 ὑποτίθεσθαι
3493 1679 3778 1754 τολμάτω·

2134 1768 2216 1823 ὅτι
2254 1767 2393 1842 μηδὲ
2422 1768 2531 1824 ἔστι
2560 1769 2728 1824 τόπον
2762 1771 3037 1846 ἀφορίζειν
3084 1770 3174 1825 καὶ
3204 1768 3520 1844 κατανέμειν
3550 1771 3778 1844 ἑκάστῳ.

2134 1857 2290 1913 Ἀλλ’
2337 1857 2445 1913 ἔστι
2508 1859 2601 1931 μὲν
2639 1858 2667 1912 6
2701 1860 2889 1936 ΙΙατήρ
2945 1858 3154 1915 τέλειον
3218 1855 3361 1935 ἔχων
3387 1860 3451 1915 τὸ
3509 1859 3641 1915 εἶναι
3691 1860 3782 1915 καὶ

2133 1946 2422 2010 ἀνελλιπὲς
2457 1994 2471 2018 ,
2508 1947 2629 2024 ῥίζα
2657 1948 2746 2003 καὶ
2793 1950 2946 2025 πηγὴ
2976 1953 3074 2003 τοῦ
3130 1950 3257 2003 Υἱοῦ
3286 1950 3377 2003 καὶ
3404 1954 3502 2003 τοῦ
3528 1947 3781 2021 Ιινεύμα-

2132 2038 2253 2091 τοᾶ’
2288 2033 2399 2091 ἔστι
2429 2034 2486 2092 δὲ
2518 2036 2545 2091 6
2579 2037 2700 2099 Υίος
2732 2035 2784 2091 ὲν
2816 2035 3020 2113 πλήρει
3051 2040 3121 2111 τῇ
3152 2037 3369 2108 θεότητι
3398 2081 3411 2107 ,
3446 2041 3551 2107 ζῶν
3585 2036 3782 2114 Λόγος,

2134 2125 2224 2181 καὶ
2253 2124 2495 2201 γέννημα
2520 2130 2618 2181 τοῦ
2667 2127 2881 2202 ΙΙατρὸς
2940 2123 3204 2189 ἀνενδεές·
3248 2125 3460 2202 πλῆρες
3504 2122 3563 2181 δὲ
3603 2125 3693 2181 καὶ
3723 2124 3785 2180 τὰ

2136 2216 2363 2288 Πνεῦμα
2388 2220 2491 2270 τοῦ
2526 2216 2653 2270 Υἳοῦ
2686 2261 2700 2285 ,
2730 2215 2791 2271 οὐ
2827 2215 2987 2292 μέρος
3047 2214 3231 2293 ἑτέρου
3266 2260 3280 2285 ,
3314 2213 3438 2271 ἀλλ’
3471 2213 3782 2291 ὀλόκληρον

2137 2302 2217 2381 ἐφ’
2276 2304 2486 2360 ἑαυτοῦ.
2546 2304 2645 2359 Καὶ
2703 2304 2875 2366 οὕτως
2931 2309 2967 2375 ἡ
3022 2306 3185 2382 Τριὰς
3220 2348 3234 2372 ,
3296 2302 3569 2375 ἀληθινῶς
3630 2302 3785 2373 οὖσα,

2138 2399 2403 2461 συνῆπται
2459 2393 2552 2465 μὶν
2612 2390 2969 2455 ἀδιαστάτως.
3025 2394 3096 2449 Τὸ
3152 2393 3255 2469 γὰρ
3313 2390 3553 2467 διορίζον
3611 2390 3784 2464 οὖδὶν,

2138 2481 2346 2537 σύνεστι
2388 2479 2445 2537 δὲ
2505 2478 2692 2544 ἀϊδίως
2725 2500 2739 2513 ·
2775 2482 2906 2537 σῖὼν
2953 2483 3054 2559 γὰρ
3095 2479 3272 2545 οὐδεὶς
3332 2480 3527 2555 μεταξὺ
3574 2502 3786 2558 παρεμ-

2138 2569 2342 2628 πίπτει.
2380 2573 2611 2651 Μορφήν
2663 2569 2722 2627 δὲ
2777 2572 3060 2650 προφαίνει
3119 2571 3245 2646 μίαν
3299 2572 3388 2626 καὶ
3442 2573 3544 2641 τὴν
3599 2569 3788 2640 αῦτήν,

2141 2661 2354 2737 Πατρὸς
2417 2661 2511 2734 μὲν
2564 2660 2615 2715 έν
2674 2662 2785 2733 Υἱῴ
2828 2660 3228 2737 θεωρουμένου,
3269 2661 3397 2716 Υίοῦ
3437 2658 3496 2715 δὶ
3522 2658 3575 2714 έν
3610 2658 3789 2716 Ilvati-

2144 2771 2272 2823 ματι
2302 2750 2389 2805 καὶ
2421 2750 2714 2823 νοουμένου
2766 2751 2855 2805 καὶ
2917 2749 3289 2825 μετεχομένου
3342 2750 3446 2803 ὑπὸ
3478 2749 3788 2823 ἀνθρώπου.

2142 2862 2169 2889 ‹‹
2231 2840 2419 2911 Ἡμεῖς
2467 2841 2594 2916 γὰρ,
2656 2864 2683 2891 ››
2745 2839 2898 2915 φησὶ,
2966 2864 2986 2889 ι
3034 2838 3222 2897 πάντες
3283 2832 3789 2906 ἀνακεκαλυμμένῳ

2139 2930 2420 3004 προσώπῳ
2475 2930 2574 2996 τὴν
2636 2924 2790 2997 δόξαν
2850 2926 3048 2999 Κυρίου
3106 2922 3597 2998 κατοπτριζόμενοι
3633 2922 3789 2994 ,(41)

2141 3017 2308 3084 αὐτὴν
2365 3015 2547 3071 εἰκόνα
2604 3012 3102 3090 μεταμορφούμεθα
3154 3012 3260 3067 ἀπὸ
3301 3008 3462 3084 δόξης
3496 3010 3573 3073 είς
3613 3007 3787 3081 δόξαν,

2139 3104 2378 3177 καθάπερ
2412 3105 2517 3159 ἀπὸ
2548 3102 2744 3178 Κυρίου
2775 3100 3103 3173 πνεύματος.
3140 3124 3169 3151 ››

452 3372 539 3427 12.
566 3369 649 3429 Ne
671 3369 854 3443 igitur
882 3370 1053 3441 quasi
1084 3371 1144 3425 in
1177 3386 1416 3440 corpore
1443 3370 1558 3425 tria
1588 3371 1853 3426 membra
1884 3370 2026 3425 indi-

2224 3372 2309 3429 12,
2344 3369 2433 3437 Μή
2485 3369 2662 3424 τοίνυν
2721 3369 2795 3429 ὡς
2851 3367 3135 3438 ἐνσώματα
3180 3363 3454 3439 ἀδιαίρετα
3489 3363 3626 3439 μέρη
3660 3384 3791 3441 φαν-

374 3458 500 3515 visa
528 3460 940 3531 imaginemur.
992 3458 1181 3530 Impia
1212 3459 1370 3523 enim
1420 3465 1510 3514 est
1556 3459 1679 3515 haec
1731 3458 2026 3531 cogitatio,

372 3548 681 3619 alienaque
704 3548 777 3602 ab
823 3546 1182 3618 incorporeis
1231 3547 1521 3618 perfectis.
1563 3548 1875 3603 lndivisam
1922 3549 2026 3603 ad-

375 3637 682 3692 mittamus
712 3634 1182 3691 coexeistentiam
1215 3652 1439 3702 eorum,
1472 3636 1574 3708 qui
1608 3637 1666 3691 in
1699 3653 1761 3692 se
1800 3643 2025 3705 mutuo,

375 3725 598 3796 absque
630 3723 749 3779 ulla
773 3724 1052 3779 distantia
1083 3724 1445 3780 coexsistunt
1477 3742 1490 3780 :
1525 3731 1582 3782 et
1610 3741 1742 3781 cum
1774 3732 1894 3781 tres
1934 3743 2026 3782 re-

376 3830 511 3869 vera
539 3813 886 3877 subsistant,
912 3831 1087 3868 uuam
1115 3814 1358 3869 formam
1391 3813 1814 3887 intelligamus,
1833 3831 1959 3887 qua:
1994 3832 2028 3870 a

381 3902 545 3957 Patre
566 3901 802 3972 quidem
834 3901 1057 3972 incipit,
1076 3902 1135 3956 in
1160 3902 1301 3957 Filio
1323 3903 1675 3974 resplendet,
1695 3909 1752 3959 et
1781 3920 1882 3975 per
1899 3905 2026 3975 Spi-

381 3991 560 4047 ritum
594 3996 867 4046 sanctum
892 3991 1321 4046 manifestatur.
1348 3994 1712 4067 Quapropter
1735 3994 1829 4063 qui
1852 3993 2030 4064 Spiri-

380 4084 507 4135 tum
555 4080 769 4147 l‘erunt,
815 4079 1112 4135 Christum
1162 4096 1397 4151 quoque
1440 4080 1634 4136 ferunt
1667 4097 1681 4137 :
1715 4098 1870 4148 nam,
1906 4104 1932 4130 ‹‹
1968 4081 2026 4137 Si

381 4169 537 4240 quis,
570 4169 784 4241 inquit,
832 4168 1114 4240 Spiritum
1147 4169 1362 4226 Christi
1412 4186 1525 4224 non
1556 4170 1745 4237 habet,
1785 4170 1879 4225 hic
1911 4187 2027 4226 non

379 4262 470 4313 est
500 4259 648 4329 ejus.
684 4258 744 4313 Si
786 4262 984 4313 autem
1034 4258 1305 4314 Christus
1336 4259 1395 4313 in
1445 4260 1613 4315 vobis
1644 4265 1732 4316 est
1765 4277 1778 4315 :
1815 4275 2028 4331 corpus

379 4347 617 4418 quidem
651 4350 948 4402 mortuum
992 4352 1082 4402 est
1129 4352 1365 4419 propter
1413 4352 1715 4418 peccatum
1747 4348 1812 4419 ⁸⁷,
1858 4370 1886 4397 ››
1915 4352 2024 4404 etc.

378 4437 446 4491 Et
473 4435 730 4492 Joannes
765 4452 778 4491 :
813 4458 840 4485 «
882 4436 962 4491 Ex
1009 4436 1119 4491 hoc
1170 4436 1604 4508 cognoscimus,
1636 4438 1913 4509 quoniam
1970 4439 2027 4492 in

377 4525 548 4581 nobis
605 4530 715 4591 est,
763 4542 831 4581 ex
880 4524 1102 4597 Spiritu
1158 4542 1333 4597 quem
1384 4526 1545 4582 dedit
1596 4526 1766 4583 nobis
1794 4528 1858 4581 ⁸⁸.
1907 4549 1935 4576 ››
1965 4527 2031 4581 Et

375 4613 594 4669 Paulus
626 4612 862 4684 quidem
911 4630 1157 4684 corpora
1195 4619 1395 4669 nostra
1440 4613 1727 4687 templum
1778 4614 2032 4687 Spiritus

381 4702 567 4757 sancti
599 4701 886 4766 nominat,
931 4702 1226 4757 Christum
1260 4708 1453 4758 autem
1488 4704 1547 4758 in
1579 4704 1748 4759 nobis
1779 4720 1907 4759 esse
1940 4705 2031 4758 di-

384 4790 507 4846 cit:
542 4789 772 4846 Christo
821 4795 1017 4845 autem
1069 4791 1372 4847 habitante
1415 4790 1474 4847 in
1527 4792 1801 4848 interiore
1834 4797 2033 4848 nostro

385 4878 647 4947 homine,
682 4882 747 4934 ut
776 4878 1064 4950 scriptum
1094 4879 1378 4945 est,Deus
1408 4884 1498 4935 est
1523 4880 1621 4951 qui
1651 4881 1710 4936 in
1744 4882 1913 4937 nobis
1946 4881 2033 4936 in-

386 4966 618 5023 habitat
668 4984 681 5021 :
733 4983 892 5032 nam,
926 4988 954 5017 ‹‹
990 4967 1259 5033 Nescitis,
1309 4967 1522 5039 inquit,
1565 4969 1700 5040 quia
1746 4970 2034 5041 templum

384 5055 488 5113 Dei
520 5056 681 5123 estis,
734 5060 792 5111 et
839 5056 1090 5126 Spiritus
1147 5055 1248 5111 Dei
1300 5057 1526 5112 habitat
1571 5056 1631 5112 in
1680 5059 1846 5114 vobis
1904 5060 1968 5113 ⁸9.
2005 5083 2026 5111 ι

381 5145 589 5217 Itaque
634 5143 1002 5200 divinitatem
1065 5144 1437 5201 indivisibem
1483 5162 1637 5215 esse,
1694 5162 1761 5203 ex
1819 5147 2034 5205 divinis

2132 3458 2423 3530 ταξώμεθα
2451 3458 2594 3533 τρία.
2656 3451 2929 3524 Δυσσεϐἠς
2981 3455 3082 3531 γὰρ
3108 3453 3135 3508 6
3170 3453 3459 3528 λογισμὸς,
3494 3451 3790 3526 ἀλλότριος

2135 3546 2437 3619 ἀσωμάτων
2498 3544 2721 3601 τελείων
2755 3588 2767 3601 .
2802 3542 3135 3619 ’Δδιαίρετον
3169 3541 3462 3617 δεχώμεθα
3509 3541 3792 3596 συνουσίαν

2136 3634 2404 3689 συνόντων
2448 3633 2724 3705 ἀλλήλοις
2783 3635 2896 3706 (42)
2954 3630 3314 3699 ἀδιαστάτως,
3372 3630 3463 3684 καὶ
3518 3634 3683 3705 τριῶν
3729 3650 3793 3705 γε

2134 3724 2271 3779 κατᾶ
2327 3722 2584 3794 ἀλήθειαν
2647 3722 2993 3801 ὑφεστώτων,
3043 3719 3099 3775 ’ὲν
3160 3720 3224 3774 τὸ
3286 3716 3430 3781 εἶδος
3470 3717 3743 3792 ἐννοῶμεν
3776 3764 3789 3790 ,

2104 3818 2107 3821 ’
2135 3812 2444 3889 ἀρχόμενον
2479 3815 2590 3884 (43)
2626 3813 2718 3885 μὲν
2753 3810 2813 3867 ἐκ
2839 3810 3074 3885 Πατρὸς,
3106 3807 3327 3881 λάμψαε
3358 3805 3415 3863 δὲ
3455 3807 3507 3863 ἐν
3540 3808 3670 3879 Υὶῷ,
3702 3806 3796 3862 καὶ

2136 3901 2530 3976 φανεροῦμενον
2575 3898 2664 3955 διὰ
2720 3900 3061 3972 ΙΙνεόματος.
3121 3898 3218 3952 Διά
3267 3901 3429 3951 τοῦτο
3487 3897 3577 3951 καὶ
3637 3897 3690 3951 οἱ
3731 3896 3796 3950 τὸ

2136 3993 2360 4063 Πνεῦμα
2402 3995 2692 4069 φοροῦντες
2743 3992 2967 4066 φοροῦσι
3025 3986 3277 4063 Χριστόν·
3312 4011 3339 4037 ‹‹
3376 3985 3438 4042 Εἴ
3495 3987 3599 4062 γάρ
3625 4006 3732 4057 τις,
3768 4006 3794 4038 ι

2140 4081 2351 4157 φησὶ,››
2385 4082 2612 4153 ΙΙνεῦμα
2668 4082 2902 4155 Χριστοῦ
2956 4076 3061 4131 οὐκ
3116 4075 3255 4152 ἔχει,
3291 4075 3448 4137 οὗτος
3508 4074 3607 4129 οὐκ
3653 4072 3796 4130 ἔστιν

2137 4169 2322 4227 αὐτοῦ.
2382 4168 2449 4224 Εἴ
2506 4170 2737 4246 Χριστὸς
2796 4166 2850 4223 ἐν
2912 4168 3079 4241 ὑμῖν,
3136 4166 3198 4220 τὸ
3260 4166 3355 4238 μὲν
3406 4169 3565 4236 σῶμα
3612 4165 3799 4239 νεκρὸν

2139 4256 2228 4315 διὰ
2256 4261 2521 4332 ἀμαρτῖαν
2555 4304 2568 4329 ,
2604 4281 2631 4308 ››
2664 4258 2755 4312 καὶ
2794 4257 2861 4311 τὰ
2891 4256 3013 4326 ἑξῆς
3052 4298 3064 4311 .
3100 4253 3199 4309 Καί
3227 4254 3255 4308 6
3288 4255 3544 4324 Ἰωάννης
3578 4273 3591 4286 ο
3631 4276 3658 4308 ι
3707 4254 3799 4309 Ἐκ

2135 4348 2331 4404 τούτου
2377 4349 2718 4423 γινώσκομεν
2755 4393 2766 4414 ,
2795 4344 2876 4400 ὅτι
2909 4343 2961 4399 ἐν
3013 4345 3149 4416 ἡμῖν
3180 4340 3347 4414 ἔστιν,
3399 4341 3458 4396 ἐκ
3483 4345 3583 4397 τοῦ
3623 4340 3796 4398 Πνεῦ-

2144 4457 2311 4511 ματος
2346 4481 2362 4507 ,
2404 4435 2466 4489 οὗ
2494 4431 2694 4490 ἔδωκεν
2726 4436 2862 4506 ἡμῖν
2899 4477 2912 4491 .
2949 4456 2976 4484 ››
3008 4432 3109 4486 Καὶ
3141 4430 3268 4485 ναὸν
3303 4431 3397 4503 μὶν
3437 4430 3591 4507 ἁγίου
3622 4429 3795 4488 Πνεῦ-

2145 4547 2312 4600 ματος
2359 4526 2425 4580 τὰ
2459 4525 2687 4597 σώματα
2715 4526 2877 4596 ἡμῶν
2907 4522 2935 4577 6
2970 4518 3190 4582 Παῦλος
3226 4520 3483 4593 ὀνομάζει
3519 4566 3530 4578 .
3563 4520 3796 4595 Χριστὸν

2141 4610 2201 4667 δὲ
2232 4613 2282 4667 ἐν
2329 4614 2464 4685 ἡμῖν
2497 4613 2632 4666 εἶναι
2666 4609 2814 4684 λέγει
2848 4652 2862 4667 .
2894 4611 3129 4685 Χριστοῦ
3162 4606 3219 4663 δὶ
3250 4608 3530 4670 οἰκοῦντος
3588 4607 3663 4670 είς
3700 4609 3793 4663 τὸν

2065 4725 2112 4789 D
2143 4700 2250 4756 ἔσω
2305 4703 2465 4774 ἡμῶν
2520 4696 2804 4773 ἄνθρωπον
2840 4742 2854 4768 ,
2914 4698 3051 4753 κατὰ
3100 4698 3161 4753 τὸ
3207 4697 3582 4774 γεγραμμένον
3615 4744 3630 4770 ,
3662 4697 3792 4759 Θεός

2144 4790 2284 4845 ἐστιν
2319 4790 2371 4844 ὲν
2413 4792 2549 4862 ἡμῖν
2581 4792 2846 4843 κατοικῶν
2884 4810 2897 4822 ·
2934 4813 2960 4840 «
2992 4786 3106 4845 Οὐκ
3135 4785 3315 4843 οἳδατε
3352 4833 3366 4856 ,
3395 4787 3499 4863 γὰρ
3531 4832 3545 4858 ,
3577 4786 3740 4864 φησὶν
3777 4830 3791 4856 ,

2144 4880 2228 4935 ὅτι
2280 4880 2405 4941 ναὸς
2456 4882 2590 4934 Θεοῦ
2622 4877 2759 4945 ἐστε,
2807 4878 2897 4932 καὶ
2943 4878 3007 4932 τὸ
3058 4880 3282 4949 Πνεῦμα
3329 4880 3426 4931 τοῦ
3485 4880 3619 4932 Θεοῦ
3652 4874 3796 4930 οἰκεῖ

2145 4969 2198 5025 ἐν
2250 4969 2399 5042 ὑμῖν,
2436 4992 2464 5019 ››
2495 4966 2683 5029 Οὕτως
2747 4988 2841 5039 μοι
2897 4965 2958 5021 τὰ
3013 4972 3114 5035 τῆς
3171 4965 3433 5036 θεότητος
3487 4962 3791 5041 ἀδιαίρετον

2144 5052 2379 5119 εὐσεϐῶς
2437 5056 2497 5112 ὲκ
2522 5060 2628 5110 τῶν
2679 5055 2834 5119 θείων
2869 5055 3047 5133 λόγων
3106 5053 3491 5127 καταμάνθανε,
3539 5053 3591 5109 ἰν
3617 5053 3792 5130 τρισὶν

2142 5145 2196 5202 ἓν
2249 5144 2388 5209 εἶδος
2446 5149 2722 5202 κατανοῶν
2757 5192 2773 5219 ,
2807 5144 2914 5222 οὐχ
2967 5144 3024 5200 ἓν
3087 5144 3147 5200 ἐκ
3198 5147 3367 5219 τριῶν
3420 5144 3792 5220 πρᾶγμα(44)

448 5292 495 5327 ⁸⁸
522 5290 601 5347 III
631 5290 772 5363 Reg.
805 5306 884 5358 ιν,
916 5289 1005 5344 29.
1081 5289 1126 5324 ⁸⁵
1152 5289 1203 5343 II
1233 5288 1360 5345 Cor.
1395 5305 1479 5360 In,
1515 5289 1602 5344 17.
1679 5290 1722 5324 ⁵⁷
1754 5290 1924 5346 Rom.
1956 5309 2026 5348 vn

2138 5300 2161 5361 ν,
2196 5294 2284 5348 10.
2360 5293 2404 5327 ⁸⁸
2435 5291 2457 5347 Ι
2488 5292 2657 5349 Joan.
2691 5307 2766 5360 ιν,
2800 5290 2889 5346 13.
2966 5290 3012 5326 ⁶⁹
3040 5289 3062 5345 Ι
3102 5288 3232 5345 Cor.
3265 5305 3350 5354 ιιι,
3382 5287 3468 5343 16.

451 5435 563 5516 (39)
595 5435 659 5490 In
689 5433 864 5516 editis
898 5448 1202 5516 perperam
1235 5430 1449 5516 legitur
1475 5434 1649 5516 σοφῶ,
1677 5449 1810 5489 cum
1845 5435 1921 5491 sit
1949 5435 2032 5493 le-

382 5504 639 5582 gendum
669 5507 894 5582 σοφιῶν,
927 5504 1019 5560 uti
1043 5504 1281 5582 Seguer.
1302 5504 1513 5560 habet.

603 5576 836 5659 Segueri
847 5592 995 5659 anus
1024 5576 1326 5659 στρέφεται.

462 5645 575 5713 (fit)
607 5645 780 5717 Editi,
811 5647 910 5715 τήν
944 5645 1041 5714 εἷς,
1066 5645 1173 5703 sed"
1200 5649 1275 5707 εἰς
1310 5649 1472 5703 deest
1500 5648 1559 5702 in
1590 5649 1862 5705 omnibus
1888 5666 2031 5706 mss.

389 5724 448 5778 et
475 5720 532 5776 in
567 5720 764 5776 Graeco
792 5718 1104 5790 Scriptura:
1130 5724 1311 5775 textu.

467 5794 579 5864 (42)
609 5792 782 5859 Editi,
816 5787 1123 5860 ἀλλῆλους,
1156 5791 1256 5847 sed
1307 5790 1666 5850 Basiliensis.
1699 5792 2030 5851 Gcblerian.

2145 5439 2344 5510 Segu,,
2365 5433 2670 5510 αλλήλοις,
2705 5435 2890 5510 multo
2922 5433 3151 5510 melius.

2217 5500 2533 5581 (43)'Editi',
2566 5500 2900 5582 ἀρχομένου.
2953 5506 3252 5562 mendose.
3304 5505 3570 5576 Seguer.,
3620 5500 3790 5577 ἀρχό-

2148 5599 2329 5724 μεῖἕίί)
2358 5651 2509 5706 Editi
2539 5655 2597 5707 et
2626 5650 2866 5724 quidam
2897 5647 3281 5724 manuscripti
3309 5647 3524 5703 habent
3546 5648 3789 5717 Πνεῦμα,

2145 5720 2407 5797 Seguer.,
2440 5720 2686 5796 πρᾶγμά,
2708 5720 2982 5777 ultimum
3015 5720 3398 5794 praeferimus.
