  <div class='ocr_page' id='page_1' title='image "/cluster/home/n/w/nwhite01/storage/ocr_20150623/28:no.4/coo.31924054873090/074.png"; bbox 0 0 4136 6386; ppageno 0'>
   <div class='ocr_carea' id='block_1_1' title="bbox 316 423 426 486">
    <p class='ocr_par' dir='ltr' id='par_1_1' title="bbox 316 423 426 486">
     <span class='ocr_line' id='line_1_1' title="bbox 316 423 426 486; baseline 0 -2"><span class='ocrx_word' id='word_1_1' title='bbox 316 423 426 486; x_wconf 71' lang='grc'><strong>121</strong></span> 
     </span>
    </p>
   </div>
   <div class='ocr_carea' id='block_1_2' title="bbox 1477 430 2576 503">
    <p class='ocr_par' dir='ltr' id='par_1_2' title="bbox 1477 430 2576 503">
     <span class='ocr_line' id='line_1_2' title="bbox 1477 430 2576 503; baseline -0.01 0"><span class='ocrx_word' id='word_1_2' title='bbox 1477 430 1689 503; x_wconf 84' lang='lat' dir='ltr'><strong>QUOD</strong></span> <span class='ocrx_word' id='word_1_3' title='bbox 1734 432 1950 495; x_wconf 87' lang='lat' dir='ltr'><strong>UNUS</strong></span> <span class='ocrx_word' id='word_1_4' title='bbox 1996 430 2118 494; x_wconf 83' lang='lat' dir='ltr'><strong>SIT</strong></span> <span class='ocrx_word' id='word_1_5' title='bbox 2162 431 2576 494; x_wconf 76' lang='lat' dir='ltr'><strong>CHRISTUS.</strong></span> 
     </span>
    </p>
   </div>
   <div class='ocr_carea' id='block_1_3' title="bbox 3616 427 3734 488">
    <p class='ocr_par' dir='ltr' id='par_1_3' title="bbox 3616 427 3734 488">
     <span class='ocr_line' id='line_1_3' title="bbox 3616 427 3734 488; baseline 0.017 -2"><span class='ocrx_word' id='word_1_6' title='bbox 3616 427 3734 488; x_wconf 69' lang='grc'><strong>129</strong></span> 
     </span>
    </p>
   </div>
   <div class='ocr_carea' id='block_1_4' title="bbox 316 554 1969 642">
    <p class='ocr_par' dir='ltr' id='par_1_4' title="bbox 316 554 1968 642">
     <span class='ocr_line' id='line_1_4' title="bbox 316 554 1968 642; baseline 0.002 -29"><span class='ocrx_word' id='word_1_7' title='bbox 316 576 402 613; x_wconf 80' lang='grc' dir='ltr'><strong>κεν</strong></span> <span class='ocrx_word' id='word_1_8' title='bbox 436 554 642 642; x_wconf 66' lang='grc' dir='ltr'>ἑαυτόν.</span> <span class='ocrx_word' id='word_1_9' title='bbox 676 558 764 627; x_wconf 80' lang='grc' dir='ltr'><strong>Μὴ</strong></span> <span class='ocrx_word' id='word_1_10' title='bbox 797 558 978 615; x_wconf 90' lang='grc' dir='ltr'>τοίνυν</span> <span class='ocrx_word' id='word_1_11' title='bbox 1013 561 1065 616; x_wconf 75' lang='grc' dir='ltr'>αἱ</span> <span class='ocrx_word' id='word_1_12' title='bbox 1098 563 1405 635; x_wconf 77' lang='grc' dir='ltr'>σωματικαὶ</span> <span class='ocrx_word' id='word_1_13' title='bbox 1437 564 1611 642; x_wconf 73' lang='grc' dir='ltr'>φωναὶ</span> <span class='ocrx_word' id='word_1_14' title='bbox 1650 610 1664 633; x_wconf 85' lang='grc'><em>,</em></span> <span class='ocrx_word' id='word_1_15' title='bbox 1694 564 1968 619; x_wconf 85' lang='grc' dir='ltr'>τουτέστιν</span> 
     </span>
    </p>
   </div>
   <div class='ocr_carea' id='block_1_5' title="bbox 2087 554 3731 642">
    <p class='ocr_par' dir='ltr' id='par_1_5' title="bbox 2087 562 3731 637">
     <span class='ocr_line' id='line_1_5' title="bbox 2087 562 3731 637; baseline -0.002 -18"><span class='ocrx_word' id='word_1_16' title='bbox 2087 565 2182 620; x_wconf 89' lang='lat' dir='ltr'><strong>rit.</strong></span> <span class='ocrx_word' id='word_1_17' title='bbox 2207 564 2291 620; x_wconf 92' lang='lat' dir='ltr'><strong>Ne</strong></span> <span class='ocrx_word' id='word_1_18' title='bbox 2328 565 2487 637; x_wconf 84' lang='lat' dir='ltr'><strong>gitur</strong></span> <span class='ocrx_word' id='word_1_19' title='bbox 2508 580 2679 621; x_wconf 91' lang='lat' dir='ltr'><strong>voces</strong></span> <span class='ocrx_word' id='word_1_20' title='bbox 2700 581 2825 637; x_wconf 69' lang='lat' dir='ltr'><strong>qua:</strong></span> <span class='ocrx_word' id='word_1_21' title='bbox 2849 564 2920 619; x_wconf 92' lang='lat' dir='ltr'><strong>de</strong></span> <span class='ocrx_word' id='word_1_22' title='bbox 2942 578 3179 635; x_wconf 89' lang='lat' dir='ltr'><strong>corpore</strong></span> <span class='ocrx_word' id='word_1_23' title='bbox 3200 562 3489 632; x_wconf 80' lang='lat' dir='ltr'><strong>feruntur,</strong></span> <span class='ocrx_word' id='word_1_24' title='bbox 3517 575 3731 633; x_wconf 83' lang='lat' dir='ltr'><strong>nempe</strong></span> 
     </span>
    </p>
   </div>
   <div class='ocr_carea' id='block_1_6' title="bbox 318 640 1968 727">
    <p class='ocr_par' dir='ltr' id='par_1_6' title="bbox 318 640 1968 727">
     <span class='ocr_line' id='line_1_6' title="bbox 318 640 1968 727; baseline 0.004 -26"><span class='ocrx_word' id='word_1_25' title='bbox 318 648 352 716; x_wconf 77' lang='grc' dir='ltr'><strong>ἡ</strong></span> <span class='ocrx_word' id='word_1_26' title='bbox 384 640 675 708; x_wconf 78' lang='grc' dir='ltr'>κατάϐασις</span> <span class='ocrx_word' id='word_1_27' title='bbox 705 668 765 701; x_wconf 87' lang='grc' dir='ltr'><strong>τε</strong></span> <span class='ocrx_word' id='word_1_28' title='bbox 793 650 882 703; x_wconf 84' lang='grc' dir='ltr'>καὶ</span> <span class='ocrx_word' id='word_1_29' title='bbox 925 651 1205 721; x_wconf 83' lang='grc' dir='ltr'>ἀποστοΑή</span> <span class='ocrx_word' id='word_1_30' title='bbox 1258 653 1393 725; x_wconf 85' lang='grc' dir='ltr'>πρὸς</span> <span class='ocrx_word' id='word_1_31' title='bbox 1452 640 1679 727; x_wconf 14' lang='grc' dir='ltr'>Ὗᾶρνησιν</span> <span class='ocrx_word' id='word_1_32' title='bbox 1709 661 1811 723; x_wconf 85' lang='grc' dir='ltr'><strong>τῆς</strong></span> <span class='ocrx_word' id='word_1_33' title='bbox 1843 673 1968 727; x_wconf 82' lang='grc' dir='ltr'>σαρ-</span> 
     </span>
    </p>
   </div>
   <div class='ocr_carea' id='block_1_7' title="bbox 318 735 1969 815">
    <p class='ocr_par' dir='ltr' id='par_1_7' title="bbox 318 735 1969 815">
     <span class='ocr_line' id='line_1_7' title="bbox 318 735 1969 815; baseline 0.004 -26"><span class='ocrx_word' id='word_1_34' title='bbox 318 736 538 797; x_wconf 85' lang='grc' dir='ltr'>κώσεως</span> <span class='ocrx_word' id='word_1_35' title='bbox 569 735 732 791; x_wconf 82' lang='grc' dir='ltr'>αὐτοῦ</span> <span class='ocrx_word' id='word_1_36' title='bbox 782 741 1233 814; x_wconf 81' lang='grc' dir='ltr'>προσαγέσθωσαν</span> <span class='ocrx_word' id='word_1_37' title='bbox 1268 744 1381 814; x_wconf 87' lang='lat'><strong>(59)</strong></span> <span class='ocrx_word' id='word_1_38' title='bbox 1413 786 1427 811; x_wconf 89' lang='lat'><strong>,</strong></span> <span class='ocrx_word' id='word_1_39' title='bbox 1462 741 1543 797; x_wconf 79' lang='grc' dir='ltr'><strong>ὅτι</strong></span> <span class='ocrx_word' id='word_1_40' title='bbox 1581 744 1655 815; x_wconf 85' lang='grc' dir='ltr'>μή</span> <span class='ocrx_word' id='word_1_41' title='bbox 1711 737 1969 798; x_wconf 79' lang='grc' dir='ltr'>καταϐαί-</span> 
     </span>
    </p>
   </div>
   <div class='ocr_carea' id='block_1_8' title="bbox 320 824 1970 899">
    <p class='ocr_par' dir='ltr' id='par_1_8' title="bbox 320 824 1970 899">
     <span class='ocr_line' id='line_1_8' title="bbox 320 824 1970 899; baseline 0.005 -21"><span class='ocrx_word' id='word_1_42' title='bbox 320 844 396 879; x_wconf 89' lang='grc' dir='ltr'><strong>νει</strong></span> <span class='ocrx_word' id='word_1_43' title='bbox 455 830 695 882; x_wconf 77' lang='grc' dir='ltr'>τοπικῶς</span> <span class='ocrx_word' id='word_1_44' title='bbox 761 824 902 899; x_wconf 73' lang='grc' dir='ltr'>μηδὲ</span> <span class='ocrx_word' id='word_1_45' title='bbox 960 828 1353 885; x_wconf 74' lang='grc' dir='ltr'>ἀποστέλλεται</span> <span class='ocrx_word' id='word_1_46' title='bbox 1415 830 1543 886; x_wconf 67' lang='grc' dir='ltr'>Θεό)</span> <span class='ocrx_word' id='word_1_47' title='bbox 1579 830 1751 887; x_wconf 84' lang='grc' dir='ltr'>’ἀλλ’</span> <span class='ocrx_word' id='word_1_48' title='bbox 1782 832 1970 887; x_wconf 87' lang='grc' dir='ltr'>ἀκουέ-</span> 
     </span>
    </p>
   </div>
   <div class='ocr_carea' id='block_1_9' title="bbox 317 915 1972 994">
    <p class='ocr_par' dir='ltr' id='par_1_9' title="bbox 317 915 1972 994">
     <span class='ocr_line' id='line_1_9' title="bbox 317 915 1972 994; baseline 0.002 -27"><span class='ocrx_word' id='word_1_49' title='bbox 317 932 494 967; x_wconf 87' lang='grc' dir='ltr'>τωσαν</span> <span class='ocrx_word' id='word_1_50' title='bbox 552 918 649 967; x_wconf 80' lang='grc' dir='ltr'><strong>τοῦ</strong></span> <span class='ocrx_word' id='word_1_51' title='bbox 710 915 1051 972; x_wconf 79' lang='grc' dir='ltr'>’Δποστόλου</span> <span class='ocrx_word' id='word_1_52' title='bbox 1109 916 1405 994; x_wconf 73' lang='grc' dir='ltr'>φράζοντος</span> <span class='ocrx_word' id='word_1_53' title='bbox 1458 919 1521 973; x_wconf 85' lang='grc' dir='ltr'>τὸ</span> <span class='ocrx_word' id='word_1_54' title='bbox 1579 924 1824 994; x_wconf 81' lang='grc' dir='ltr'>πρᾶγμα,</span> <span class='ocrx_word' id='word_1_55' title='bbox 1882 918 1972 973; x_wconf 90' lang='grc' dir='ltr'><strong>καὶ</strong></span> 
     </span>
    </p>
   </div>
   <div class='ocr_carea' id='block_1_10' title="bbox 318 1002 1975 1084">
    <p class='ocr_par' dir='ltr' id='par_1_10' title="bbox 318 1002 1975 1084">
     <span class='ocr_line' id='line_1_10' title="bbox 318 1002 1975 1084; baseline 0.004 -31"><span class='ocrx_word' id='word_1_56' title='bbox 318 1002 431 1073; x_wconf 78' lang='grc' dir='ltr'><strong>ἅμα</strong></span> <span class='ocrx_word' id='word_1_57' title='bbox 458 1006 566 1055; x_wconf 85' lang='grc' dir='ltr'>τῶν</span> <span class='ocrx_word' id='word_1_58' title='bbox 598 1002 863 1058; x_wconf 73' lang='grc' dir='ltr'>τοιούτων</span> <span class='ocrx_word' id='word_1_59' title='bbox 895 1004 1338 1078; x_wconf 81' lang='grc' dir='ltr'>ὀμοιώσεων,ὅτε</span> <span class='ocrx_word' id='word_1_60' title='bbox 1359 1006 1543 1084; x_wconf 78' lang='grc' dir='ltr'>φησίν.</span> <span class='ocrx_word' id='word_1_61' title='bbox 1571 1032 1597 1059; x_wconf 90' lang='grc'><strong>‹‹</strong></span> <span class='ocrx_word' id='word_1_62' title='bbox 1630 1008 1725 1068; x_wconf 91' lang='grc' dir='ltr'>Ὃς</span> <span class='ocrx_word' id='word_1_63' title='bbox 1760 1007 1811 1061; x_wconf 86' lang='grc' dir='ltr'>ἐν</span> <span class='ocrx_word' id='word_1_64' title='bbox 1846 1027 1975 1079; x_wconf 76' lang='grc' dir='ltr'>μορ-</span> 
     </span>
    </p>
   </div>
   <div class='ocr_carea' id='block_1_11' title="bbox 317 1089 1975 1171">
    <p class='ocr_par' dir='ltr' id='par_1_11' title="bbox 317 1089 1975 1171">
     <span class='ocr_line' id='line_1_11' title="bbox 317 1089 1975 1171; baseline 0.002 -25"><span class='ocrx_word' id='word_1_65' title='bbox 317 1089 392 1166; x_wconf 70' lang='grc' dir='ltr'>φῇ</span> <span class='ocrx_word' id='word_1_66' title='bbox 417 1095 549 1146; x_wconf 77' lang='grc' dir='ltr'>Θεοῦ</span> <span class='ocrx_word' id='word_1_67' title='bbox 584 1090 869 1167; x_wconf 73' lang='grc' dir='ltr'>ὑπάρχων,</span> <span class='ocrx_word' id='word_1_68' title='bbox 903 1094 1007 1171; x_wconf 79' lang='grc' dir='ltr'>οὐχ</span> <span class='ocrx_word' id='word_1_69' title='bbox 1030 1097 1311 1171; x_wconf 86' lang='grc' dir='ltr'>ἁρπαγμὸν</span> <span class='ocrx_word' id='word_1_70' title='bbox 1345 1098 1589 1171; x_wconf 78' lang='grc' dir='ltr'>ἡγήσατο</span> <span class='ocrx_word' id='word_1_71' title='bbox 1620 1097 1682 1151; x_wconf 89' lang='grc' dir='ltr'>τὸ</span> <span class='ocrx_word' id='word_1_72' title='bbox 1717 1098 1851 1151; x_wconf 81' lang='grc' dir='ltr'>εἶναι</span> <span class='ocrx_word' id='word_1_73' title='bbox 1886 1092 1975 1150; x_wconf 82' lang='grc' dir='ltr'>ἷ¹σα</span> 
     </span>
    </p>
   </div>
   <div class='ocr_carea' id='block_1_12' title="bbox 318 1177 1971 1263">
    <p class='ocr_par' dir='ltr' id='par_1_12' title="bbox 318 1177 1971 1263">
     <span class='ocr_line' id='line_1_12' title="bbox 318 1177 1971 1263; baseline 0.004 -31"><span class='ocrx_word' id='word_1_74' title='bbox 318 1183 454 1250; x_wconf 80' lang='grc' dir='ltr'>Θεῷ,</span> <span class='ocrx_word' id='word_1_75' title='bbox 487 1177 613 1233; x_wconf 89' lang='grc' dir='ltr'>ἀλλ’</span> <span class='ocrx_word' id='word_1_76' title='bbox 660 1181 844 1236; x_wconf 77' lang='grc' dir='ltr'>ἑαυτὸν</span> <span class='ocrx_word' id='word_1_77' title='bbox 878 1182 1128 1255; x_wconf 67' lang='grc' dir='ltr'>ἐκένωσε,</span> <span class='ocrx_word' id='word_1_78' title='bbox 1181 1187 1397 1263; x_wconf 77' lang='grc' dir='ltr'>μορφὴν</span> <span class='ocrx_word' id='word_1_79' title='bbox 1448 1183 1650 1239; x_wconf 80' lang='grc' dir='ltr'>δούλου</span> <span class='ocrx_word' id='word_1_80' title='bbox 1680 1181 1886 1256; x_wconf 78' lang='grc' dir='ltr'>λαϐὼν,</span> <span class='ocrx_word' id='word_1_81' title='bbox 1919 1184 1971 1240; x_wconf 78' lang='grc' dir='ltr'>ἐν</span> 
     </span>
    </p>
   </div>
   <div class='ocr_carea' id='block_1_13' title="bbox 323 1267 1975 1347">
    <p class='ocr_par' dir='ltr' id='par_1_13' title="bbox 323 1267 1975 1347">
     <span class='ocr_line' id='line_1_13' title="bbox 323 1267 1975 1347; baseline 0.005 -26"><span class='ocrx_word' id='word_1_82' title='bbox 323 1267 637 1341; x_wconf 72' lang='grc' dir='ltr'><strong>ὁμοιώματι</strong></span> <span class='ocrx_word' id='word_1_83' title='bbox 655 1270 953 1344; x_wconf 85' lang='grc' dir='ltr'>ἀνθρώπων</span> <span class='ocrx_word' id='word_1_84' title='bbox 976 1274 1288 1347; x_wconf 88' lang='grc' dir='ltr'>γενόμενος.</span> <span class='ocrx_word' id='word_1_85' title='bbox 1318 1299 1345 1327; x_wconf 80' lang='lat' dir='ltr'><strong>n</strong></span> <span class='ocrx_word' id='word_1_86' title='bbox 1368 1279 1536 1330; x_wconf 87' lang='lat' dir='ltr'><strong>T0610</strong></span> <span class='ocrx_word' id='word_1_87' title='bbox 1556 1278 1620 1343; x_wconf 74' lang='grc' dir='ltr'>ἧν</span> <span class='ocrx_word' id='word_1_88' title='bbox 1650 1276 1713 1331; x_wconf 88' lang='grc' dir='ltr'>τὸ</span> <span class='ocrx_word' id='word_1_89' title='bbox 1734 1271 1975 1344; x_wconf 81' lang='grc' dir='ltr'>καταϐῆ-</span> 
     </span>
    </p>
   </div>
   <div class='ocr_carea' id='block_1_14' title="bbox 318 1360 1975 1436">
    <p class='ocr_par' dir='ltr' id='par_1_14' title="bbox 318 1360 1975 1436">
     <span class='ocr_line' id='line_1_14' title="bbox 318 1360 1975 1436; baseline 0.006 -27"><span class='ocrx_word' id='word_1_90' title='bbox 318 1378 427 1423; x_wconf 82' lang='grc' dir='ltr'>ναι,</span> <span class='ocrx_word' id='word_1_91' title='bbox 458 1361 619 1413; x_wconf 78' lang='grc' dir='ltr'>τοῦτο</span> <span class='ocrx_word' id='word_1_92' title='bbox 643 1360 705 1414; x_wconf 92' lang='grc' dir='ltr'>τὸ</span> <span class='ocrx_word' id='word_1_93' title='bbox 728 1361 1103 1430; x_wconf 76' lang='grc' dir='ltr'>ἀποσταλῆναι</span> <span class='ocrx_word' id='word_1_94' title='bbox 1136 1363 1211 1425; x_wconf 80' lang='grc' dir='ltr'>εἷς</span> <span class='ocrx_word' id='word_1_95' title='bbox 1234 1360 1441 1436; x_wconf 73' lang='grc' dir='ltr'>ἔνδυμα</span> <span class='ocrx_word' id='word_1_96' title='bbox 1468 1363 1844 1435; x_wconf 86' lang='grc' dir='ltr'>ταπεινότερον</span> <span class='ocrx_word' id='word_1_97' title='bbox 1874 1370 1975 1433; x_wconf 79' lang='grc' dir='ltr'><strong>τῆς</strong></span> 
     </span>
    </p>
   </div>
   <div class='ocr_carea' id='block_1_15' title="bbox 323 1444 1975 1530">
    <p class='ocr_par' dir='ltr' id='par_1_15' title="bbox 323 1444 1975 1530">
     <span class='ocr_line' id='line_1_15' title="bbox 323 1444 1975 1530; baseline 0.006 -32"><span class='ocrx_word' id='word_1_98' title='bbox 323 1444 472 1530; x_wconf 76' lang='grc' dir='ltr'>ἀξὶας</span> <span class='ocrx_word' id='word_1_99' title='bbox 505 1445 961 1519; x_wconf 76' lang='grc' dir='ltr'>αὐτοῦ,ὑπόϐασις</span> <span class='ocrx_word' id='word_1_100' title='bbox 991 1453 1025 1519; x_wconf 81' lang='grc' dir='ltr'>ἡ</span> <span class='ocrx_word' id='word_1_101' title='bbox 1058 1458 1159 1520; x_wconf 83' lang='grc' dir='ltr'>τῆς</span> <span class='ocrx_word' id='word_1_102' title='bbox 1184 1452 1529 1526; x_wconf 72' lang='grc' dir='ltr'>ἀνθρωπίνης</span> <span class='ocrx_word' id='word_1_103' title='bbox 1565 1459 1784 1530; x_wconf 74' lang='grc' dir='ltr'>μορφῆς</span> <span class='ocrx_word' id='word_1_104' title='bbox 1806 1453 1975 1526; x_wconf 74' lang='grc' dir='ltr'>ὶπαμ-</span> 
     </span>
    </p>
   </div>
   <div class='ocr_carea' id='block_1_16' title="bbox 324 1529 1971 1613">
    <p class='ocr_par' dir='ltr' id='par_1_16' title="bbox 324 1529 1971 1613">
     <span class='ocr_line' id='line_1_16' title="bbox 324 1529 1971 1613; baseline 0.006 -29"><span class='ocrx_word' id='word_1_105' title='bbox 324 1529 505 1607; x_wconf 77' lang='grc' dir='ltr'>φίασις</span> <span class='ocrx_word' id='word_1_106' title='bbox 536 1576 552 1602; x_wconf 84' lang='grc'><strong><em>,</em></strong></span> <span class='ocrx_word' id='word_1_107' title='bbox 584 1534 720 1589; x_wconf 85' lang='grc' dir='ltr'>κατὰ</span> <span class='ocrx_word' id='word_1_108' title='bbox 746 1535 807 1589; x_wconf 88' lang='grc' dir='ltr'>τὸ</span> <span class='ocrx_word' id='word_1_109' title='bbox 868 1534 1128 1611; x_wconf 75' lang='grc' dir='ltr'>βούλημα</span> <span class='ocrx_word' id='word_1_110' title='bbox 1155 1543 1253 1594; x_wconf 80' lang='grc' dir='ltr'><strong>τοῦ</strong></span> <span class='ocrx_word' id='word_1_111' title='bbox 1286 1540 1497 1612; x_wconf 85' lang='grc' dir='ltr'>ΙΙατρὸς</span> <span class='ocrx_word' id='word_1_112' title='bbox 1530 1529 1919 1613; x_wconf 73' lang='grc' dir='ltr'>ἐπιτελουμένη</span> <span class='ocrx_word' id='word_1_113' title='bbox 1958 1582 1971 1595; x_wconf 94' lang='grc'><strong>.</strong></span> 
     </span>
    </p>
   </div>
   <div class='ocr_carea' id='block_1_17' title="bbox 323 1617 1973 1706">
    <p class='ocr_par' dir='ltr' id='par_1_17' title="bbox 323 1617 1973 1706">
     <span class='ocr_line' id='line_1_17' title="bbox 323 1617 1973 1706; baseline 0.004 -31"><span class='ocrx_word' id='word_1_114' title='bbox 323 1619 389 1675; x_wconf 86' lang='grc' dir='ltr'><strong>Εἰ</strong></span> <span class='ocrx_word' id='word_1_115' title='bbox 425 1617 482 1675; x_wconf 75' lang='grc' dir='ltr'>δὶ</span> <span class='ocrx_word' id='word_1_116' title='bbox 518 1621 672 1695; x_wconf 89' lang='grc' dir='ltr'>τόπῳ</span> <span class='ocrx_word' id='word_1_117' title='bbox 728 1622 816 1678; x_wconf 78' lang='grc' dir='ltr'><strong>καὶ</strong></span> <span class='ocrx_word' id='word_1_118' title='bbox 875 1624 1088 1698; x_wconf 85' lang='grc' dir='ltr'>σώματι</span> <span class='ocrx_word' id='word_1_119' title='bbox 1129 1626 1156 1680; x_wconf 85' lang='grc' dir='ltr'><strong>ὀ</strong></span> <span class='ocrx_word' id='word_1_120' title='bbox 1189 1626 1363 1703; x_wconf 87' lang='grc' dir='ltr'>Λόγος</span> <span class='ocrx_word' id='word_1_121' title='bbox 1423 1629 1497 1700; x_wconf 72' lang='grc' dir='ltr'>μὴ</span> <span class='ocrx_word' id='word_1_122' title='bbox 1548 1629 1973 1706; x_wconf 80' lang='grc' dir='ltr'>περιγράφεται,</span> 
     </span>
    </p>
   </div>
   <div class='ocr_carea' id='block_1_18' title="bbox 323 1707 1971 1793">
    <p class='ocr_par' dir='ltr' id='par_1_18' title="bbox 323 1707 1971 1793">
     <span class='ocr_line' id='line_1_18' title="bbox 323 1707 1971 1793; baseline 0.005 -32"><span class='ocrx_word' id='word_1_123' title='bbox 323 1707 423 1763; x_wconf 77' lang='grc' dir='ltr'>οὐκ</span> <span class='ocrx_word' id='word_1_124' title='bbox 466 1709 939 1783; x_wconf 79' lang='grc' dir='ltr'>ἀποσπασθήσεται</span> <span class='ocrx_word' id='word_1_125' title='bbox 995 1719 1093 1770; x_wconf 84' lang='grc' dir='ltr'>τοῦ</span> <span class='ocrx_word' id='word_1_126' title='bbox 1140 1713 1436 1789; x_wconf 85' lang='grc' dir='ltr'>ἀσωμάτου</span> <span class='ocrx_word' id='word_1_127' title='bbox 1496 1717 1706 1793; x_wconf 89' lang='grc' dir='ltr'>ΙΙατρὸς</span> <span class='ocrx_word' id='word_1_128' title='bbox 1759 1714 1847 1772; x_wconf 81' lang='grc' dir='ltr'>διὰ</span> <span class='ocrx_word' id='word_1_129' title='bbox 1873 1718 1971 1786; x_wconf 80' lang='grc' dir='ltr'>τὴν</span> 
     </span>
    </p>
   </div>
   <div class='ocr_carea' id='block_1_19' title="bbox 318 1797 1976 1882">
    <p class='ocr_par' dir='ltr' id='par_1_19' title="bbox 318 1797 1976 1882">
     <span class='ocr_line' id='line_1_19' title="bbox 318 1797 1976 1882; baseline 0.005 -31"><span class='ocrx_word' id='word_1_130' title='bbox 318 1797 453 1871; x_wconf 88' lang='grc' dir='ltr'>πρὸς</span> <span class='ocrx_word' id='word_1_131' title='bbox 509 1804 670 1873; x_wconf 84' lang='grc' dir='ltr'>σῶμα</span> <span class='ocrx_word' id='word_1_132' title='bbox 726 1802 1031 1875; x_wconf 88' lang='grc' dir='ltr'>ἀνάκρασιν·</span> <span class='ocrx_word' id='word_1_133' title='bbox 1067 1801 1311 1860; x_wconf 83' lang='grc' dir='ltr'>δέδεκται</span> <span class='ocrx_word' id='word_1_134' title='bbox 1366 1805 1466 1882; x_wconf 78' lang='grc' dir='ltr'><strong>γὰρ</strong></span> <span class='ocrx_word' id='word_1_135' title='bbox 1498 1805 1655 1860; x_wconf 83' lang='grc' dir='ltr'>αὐτὸν</span> <span class='ocrx_word' id='word_1_136' title='bbox 1694 1806 1757 1861; x_wconf 87' lang='grc' dir='ltr'>τὸ</span> <span class='ocrx_word' id='word_1_137' title='bbox 1815 1810 1976 1878; x_wconf 83' lang='grc' dir='ltr'>σῶμα</span> 
     </span>
    </p>
   </div>
   <div class='ocr_carea' id='block_1_20' title="bbox 322 1885 1970 1971">
    <p class='ocr_par' dir='ltr' id='par_1_20' title="bbox 322 1885 1970 1971">
     <span class='ocr_line' id='line_1_20' title="bbox 322 1885 1970 1971; baseline 0.005 -30"><span class='ocrx_word' id='word_1_138' title='bbox 322 1885 663 1961; x_wconf 76' lang='grc' dir='ltr'>βουληθέντα</span> <span class='ocrx_word' id='word_1_139' title='bbox 696 1934 711 1959; x_wconf 86' lang='grc'><em>,</em></span> <span class='ocrx_word' id='word_1_140' title='bbox 742 1891 817 1952; x_wconf 85' lang='grc' dir='ltr'>ὡς</span> <span class='ocrx_word' id='word_1_141' title='bbox 848 1891 1075 1969; x_wconf 80' lang='grc' dir='ltr'>πεφύκει</span> <span class='ocrx_word' id='word_1_142' title='bbox 1105 1896 1139 1963; x_wconf 79' lang='grc' dir='ltr'>ἡ</span> <span class='ocrx_word' id='word_1_143' title='bbox 1172 1894 1399 1969; x_wconf 81' lang='grc' dir='ltr'>σαρκίνη</span> <span class='ocrx_word' id='word_1_144' title='bbox 1462 1894 1617 1971; x_wconf 84' lang='grc' dir='ltr'>φύσις</span> <span class='ocrx_word' id='word_1_145' title='bbox 1674 1896 1802 1950; x_wconf 84' lang='grc' dir='ltr'>Θεὸν</span> <span class='ocrx_word' id='word_1_146' title='bbox 1838 1896 1970 1949; x_wconf 89' lang='grc' dir='ltr'>ὑπο-</span> 
     </span>
    </p>
   </div>
   <div class='ocr_carea' id='block_1_21' title="bbox 318 1971 1970 2052">
    <p class='ocr_par' dir='ltr' id='par_1_21' title="bbox 318 1971 1970 2052">
     <span class='ocr_line' id='line_1_21' title="bbox 318 1971 1970 2052; baseline 0.005 -23"><span class='ocrx_word' id='word_1_147' title='bbox 318 1971 584 2047; x_wconf 77' lang='grc' dir='ltr'>δέξασθαι.</span> <span class='ocrx_word' id='word_1_148' title='bbox 647 1980 807 2034; x_wconf 85' lang='grc' dir='ltr'>Μένει</span> <span class='ocrx_word' id='word_1_149' title='bbox 865 1978 923 2035; x_wconf 74' lang='grc' dir='ltr'>δὲ</span> <span class='ocrx_word' id='word_1_150' title='bbox 979 1980 1131 2038; x_wconf 74' lang='grc' dir='ltr'>οὐδὶν</span> <span class='ocrx_word' id='word_1_151' title='bbox 1193 1979 1416 2038; x_wconf 79' lang='grc' dir='ltr'>ἔλαττον</span> <span class='ocrx_word' id='word_1_152' title='bbox 1486 1984 1573 2038; x_wconf 83' lang='grc' dir='ltr'>ἐπὶ</span> <span class='ocrx_word' id='word_1_153' title='bbox 1621 1987 1720 2052; x_wconf 75' lang='grc' dir='ltr'><strong>τῆς</strong></span> <span class='ocrx_word' id='word_1_154' title='bbox 1778 1984 1970 2039; x_wconf 69' lang='grc' dir='ltr'>ἑαυτοῦ</span> 
     </span>
    </p>
   </div>
   <div class='ocr_carea' id='block_1_22' title="bbox 319 2063 1970 2147">
    <p class='ocr_par' dir='ltr' id='par_1_22' title="bbox 319 2063 1970 2147">
     <span class='ocr_line' id='line_1_22' title="bbox 319 2063 1970 2147; baseline 0.007 -30"><span class='ocrx_word' id='word_1_155' title='bbox 319 2063 551 2141; x_wconf 79' lang='grc' dir='ltr'>φύσεως,</span> <span class='ocrx_word' id='word_1_156' title='bbox 582 2067 619 2137; x_wconf 71' lang='grc' dir='ltr'><strong>ἢ</strong></span> <span class='ocrx_word' id='word_1_157' title='bbox 652 2066 740 2122; x_wconf 80' lang='grc' dir='ltr'>καί</span> <span class='ocrx_word' id='word_1_158' title='bbox 770 2070 876 2146; x_wconf 86' lang='grc' dir='ltr'><strong>πρὸ</strong></span> <span class='ocrx_word' id='word_1_159' title='bbox 908 2077 1008 2140; x_wconf 79' lang='grc' dir='ltr'><strong>τῆς</strong></span> <span class='ocrx_word' id='word_1_160' title='bbox 1047 2073 1370 2145; x_wconf 85' lang='grc' dir='ltr'>σαρκώσεως</span> <span class='ocrx_word' id='word_1_161' title='bbox 1400 2116 1413 2129; x_wconf 91' lang='grc'><strong>.</strong></span> <span class='ocrx_word' id='word_1_162' title='bbox 1445 2075 1607 2129; x_wconf 85' lang='grc' dir='ltr'>Ὥστε</span> <span class='ocrx_word' id='word_1_163' title='bbox 1637 2075 1671 2145; x_wconf 78' lang='grc' dir='ltr'>ἡ</span> <span class='ocrx_word' id='word_1_164' title='bbox 1707 2072 1757 2145; x_wconf 78' lang='grc' dir='ltr'><strong>ἐξ</strong></span> <span class='ocrx_word' id='word_1_165' title='bbox 1807 2072 1970 2147; x_wconf 79' lang='grc' dir='ltr'>οὐρα-</span> 
     </span>
    </p>
   </div>
   <div class='ocr_carea' id='block_1_23' title="bbox 317 2151 1974 2237">
    <p class='ocr_par' dir='ltr' id='par_1_23' title="bbox 317 2151 1974 2237">
     <span class='ocr_line' id='line_1_23' title="bbox 317 2151 1974 2237; baseline 0.005 -30"><span class='ocrx_word' id='word_1_166' title='bbox 317 2158 413 2208; x_wconf 81' lang='grc' dir='ltr'><strong>νοῦ</strong></span> <span class='ocrx_word' id='word_1_167' title='bbox 441 2151 733 2219; x_wconf 75' lang='grc' dir='ltr'>κατάϐασις</span> <span class='ocrx_word' id='word_1_168' title='bbox 764 2162 878 2232; x_wconf 86' lang='grc'>(60)</span> <span class='ocrx_word' id='word_1_169' title='bbox 911 2159 1010 2216; x_wconf 86' lang='grc' dir='ltr'>οὐκ</span> <span class='ocrx_word' id='word_1_170' title='bbox 1036 2161 1102 2230; x_wconf 78' lang='grc' dir='ltr'>ἦν</span> <span class='ocrx_word' id='word_1_171' title='bbox 1149 2157 1442 2234; x_wconf 78' lang='grc' dir='ltr'>μετάϐασις</span> <span class='ocrx_word' id='word_1_172' title='bbox 1474 2161 1525 2233; x_wconf 68' lang='grc' dir='ltr'><strong>ἐξ</strong></span> <span class='ocrx_word' id='word_1_173' title='bbox 1558 2161 1817 2237; x_wconf 76' lang='grc' dir='ltr'>οὐρανοῦ,</span> <span class='ocrx_word' id='word_1_174' title='bbox 1848 2158 1974 2217; x_wconf 76' lang='grc' dir='ltr'>οὐδὲ</span> 
     </span>
    </p>
   </div>
   <div class='ocr_carea' id='block_1_24' title="bbox 317 2242 1871 2326">
    <p class='ocr_par' dir='ltr' id='par_1_24' title="bbox 317 2242 1871 2326">
     <span class='ocr_line' id='line_1_24' title="bbox 317 2242 1871 2326; baseline 0.007 -30"><span class='ocrx_word' id='word_1_175' title='bbox 317 2243 353 2311; x_wconf 80' lang='grc' dir='ltr'>ἡ</span> <span class='ocrx_word' id='word_1_176' title='bbox 388 2242 669 2315; x_wconf 86' lang='grc' dir='ltr'>ἀποστολή</span> <span class='ocrx_word' id='word_1_177' title='bbox 703 2249 993 2322; x_wconf 86' lang='grc' dir='ltr'>χωρισμὸς</span> <span class='ocrx_word' id='word_1_178' title='bbox 1022 2249 1128 2305; x_wconf 88' lang='grc' dir='ltr'><strong>ἀπὸ</strong></span> <span class='ocrx_word' id='word_1_179' title='bbox 1158 2256 1257 2306; x_wconf 82' lang='grc' dir='ltr'>τοῦ</span> <span class='ocrx_word' id='word_1_180' title='bbox 1287 2252 1607 2325; x_wconf 74' lang='grc' dir='ltr'>πέμποντος</span> <span class='ocrx_word' id='word_1_181' title='bbox 1640 2250 1871 2326; x_wconf 86' lang='grc' dir='ltr'>Πατρός.</span> 
     </span>
    </p>
   </div>
   <div class='ocr_carea' id='block_1_25' title="bbox 1938 1942 2047 2007">
    <p class='ocr_par' dir='ltr' id='par_1_25' title="bbox 1938 1942 2047 2007">
     <span class='ocr_line' id='line_1_25' title="bbox 1938 1942 2047 2007; baseline 0 0"><span class='ocrx_word' id='word_1_182' title='bbox 1938 1942 2047 2007; x_wconf 52' lang='grc' dir='ltr'><strong>,Β</strong></span> 
     </span>
    </p>
   </div>
   <div class='ocr_carea' id='block_1_26' title="bbox 2082 649 3729 723">
    <p class='ocr_par' dir='ltr' id='par_1_26' title="bbox 2082 649 3729 723">
     <span class='ocr_line' id='line_1_26' title="bbox 2082 649 3729 723; baseline -0.004 -14"><span class='ocrx_word' id='word_1_183' title='bbox 2082 655 2403 709; x_wconf 73' lang='lat' dir='ltr'><strong>descensus</strong></span> <span class='ocrx_word' id='word_1_184' title='bbox 2426 658 2483 709; x_wconf 90' lang='lat' dir='ltr'><strong>et</strong></span> <span class='ocrx_word' id='word_1_185' title='bbox 2505 654 2730 717; x_wconf 82' lang='lat' dir='ltr'><strong>missio,</strong></span> <span class='ocrx_word' id='word_1_186' title='bbox 2758 654 2827 708; x_wconf 91' lang='lat' dir='ltr'><strong>ad</strong></span> <span class='ocrx_word' id='word_1_187' title='bbox 2859 652 3187 723; x_wconf 86' lang='lat' dir='ltr'><strong>negandam</strong></span> <span class='ocrx_word' id='word_1_188' title='bbox 3212 652 3341 722; x_wconf 85' lang='lat' dir='ltr'><strong>ejus</strong></span> <span class='ocrx_word' id='word_1_189' title='bbox 3374 649 3729 706; x_wconf 88' lang='lat' dir='ltr'><strong>incarnatio-</strong></span> 
     </span>
    </p>
   </div>
   <div class='ocr_carea' id='block_1_27' title="bbox 2081 738 3733 814">
    <p class='ocr_par' dir='ltr' id='par_1_27' title="bbox 2081 738 3733 814">
     <span class='ocr_line' id='line_1_27' title="bbox 2081 738 3733 814; baseline -0.004 -17"><span class='ocrx_word' id='word_1_190' title='bbox 2081 758 2215 797; x_wconf 88' lang='lat' dir='ltr'><strong>nem</strong></span> <span class='ocrx_word' id='word_1_191' title='bbox 2248 742 2639 814; x_wconf 80' lang='lat' dir='ltr'><strong>proferantur,</strong></span> <span class='ocrx_word' id='word_1_192' title='bbox 2674 742 2813 814; x_wconf 83' lang='lat' dir='ltr'><strong>quia</strong></span> <span class='ocrx_word' id='word_1_193' title='bbox 2842 741 2995 796; x_wconf 89' lang='lat' dir='ltr'><strong>Deus</strong></span> <span class='ocrx_word' id='word_1_194' title='bbox 3026 739 3196 794; x_wconf 88' lang='lat' dir='ltr'><strong>locali</strong></span> <span class='ocrx_word' id='word_1_195' title='bbox 3257 739 3429 794; x_wconf 90' lang='lat' dir='ltr'><strong>modo</strong></span> <span class='ocrx_word' id='word_1_196' title='bbox 3488 755 3594 794; x_wconf 89' lang='lat' dir='ltr'><strong>nec</strong></span> <span class='ocrx_word' id='word_1_197' title='bbox 3638 738 3733 792; x_wconf 92' lang='lat' dir='ltr'><strong>de-</strong></span> 
     </span>
    </p>
   </div>
   <div class='ocr_carea' id='block_1_28' title="bbox 2082 826 3727 898">
    <p class='ocr_par' dir='ltr' id='par_1_28' title="bbox 2082 826 3727 898">
     <span class='ocr_line' id='line_1_28' title="bbox 2082 826 3727 898; baseline -0.004 -12"><span class='ocrx_word' id='word_1_198' title='bbox 2082 833 2326 897; x_wconf 82' lang='lat' dir='ltr'><strong>scendit,</strong></span> <span class='ocrx_word' id='word_1_199' title='bbox 2360 848 2466 886; x_wconf 90' lang='lat' dir='ltr'><strong>neo</strong></span> <span class='ocrx_word' id='word_1_200' title='bbox 2498 832 2790 898; x_wconf 90' lang='lat' dir='ltr'><strong>mittitur;</strong></span> <span class='ocrx_word' id='word_1_201' title='bbox 2815 831 2914 885; x_wconf 82' lang='lat' dir='ltr'><strong>sed</strong></span> <span class='ocrx_word' id='word_1_202' title='bbox 2948 830 3196 884; x_wconf 82' lang='lat' dir='ltr'><strong>audiant</strong></span> <span class='ocrx_word' id='word_1_203' title='bbox 3215 826 3559 898; x_wconf 90' lang='lat' dir='ltr'><strong>Apostolum</strong></span> <span class='ocrx_word' id='word_1_204' title='bbox 3583 826 3727 881; x_wconf 91' lang='lat' dir='ltr'><strong>illud</strong></span> 
     </span>
    </p>
   </div>
   <div class='ocr_carea' id='block_1_29' title="bbox 2083 914 3727 992">
    <p class='ocr_par' dir='ltr' id='par_1_29' title="bbox 2083 914 3727 992">
     <span class='ocr_line' id='line_1_29' title="bbox 2083 914 3727 992; baseline -0.004 -17"><span class='ocrx_word' id='word_1_205' title='bbox 2083 920 2466 992; x_wconf 82' lang='lat' dir='ltr'><strong>explicantem</strong></span> <span class='ocrx_word' id='word_1_206' title='bbox 2502 937 2618 975; x_wconf 92' lang='lat' dir='ltr'><strong>una</strong></span> <span class='ocrx_word' id='word_1_207' title='bbox 2648 936 2783 975; x_wconf 90' lang='lat' dir='ltr'><strong>cum</strong></span> <span class='ocrx_word' id='word_1_208' title='bbox 2816 916 3159 988; x_wconf 89' lang='lat' dir='ltr'><strong>hujusmodi</strong></span> <span class='ocrx_word' id='word_1_209' title='bbox 3210 914 3727 983; x_wconf 85' lang='lat' dir='ltr'><strong>similitudinibus,</strong></span> 
     </span>
    </p>
   </div>
   <div class='ocr_carea' id='block_1_30' title="bbox 2083 1002 3728 1075">
    <p class='ocr_par' dir='ltr' id='par_1_30' title="bbox 2083 1002 3728 1075">
     <span class='ocr_line' id='line_1_30' title="bbox 2083 1002 3728 1075; baseline -0.005 -11"><span class='ocrx_word' id='word_1_210' title='bbox 2083 1026 2216 1065; x_wconf 92' lang='lat' dir='ltr'><strong>cum</strong></span> <span class='ocrx_word' id='word_1_211' title='bbox 2251 1009 2331 1064; x_wconf 91' lang='lat' dir='ltr'><strong>ait</strong></span> <span class='ocrx_word' id='word_1_212' title='bbox 2361 1027 2373 1064; x_wconf 91' lang='lat'><strong>:</strong></span> <span class='ocrx_word' id='word_1_213' title='bbox 2410 1032 2435 1058; x_wconf 88' lang='grc'><strong>‹‹</strong></span> <span class='ocrx_word' id='word_1_214' title='bbox 2470 1008 2576 1072; x_wconf 88' lang='lat' dir='ltr'><strong>Qui</strong></span> <span class='ocrx_word' id='word_1_215' title='bbox 2609 1025 2745 1064; x_wconf 92' lang='lat' dir='ltr'><strong>cum</strong></span> <span class='ocrx_word' id='word_1_216' title='bbox 2775 1008 2836 1062; x_wconf 93' lang='lat' dir='ltr'><strong>in</strong></span> <span class='ocrx_word' id='word_1_217' title='bbox 2870 1009 3055 1062; x_wconf 78' lang='lat' dir='ltr'><strong>forma</strong></span> <span class='ocrx_word' id='word_1_218' title='bbox 3087 1005 3183 1061; x_wconf 85' lang='lat' dir='ltr'><strong>Dei</strong></span> <span class='ocrx_word' id='word_1_219' title='bbox 3217 1008 3391 1071; x_wconf 89' lang='lat' dir='ltr'><strong>esset,</strong></span> <span class='ocrx_word' id='word_1_220' title='bbox 3425 1020 3540 1058; x_wconf 90' lang='lat' dir='ltr'><strong>non</strong></span> <span class='ocrx_word' id='word_1_221' title='bbox 3574 1002 3728 1075; x_wconf 88' lang='lat' dir='ltr'><strong>rapi-</strong></span> 
     </span>
    </p>
   </div>
   <div class='ocr_carea' id='block_1_31' title="bbox 2084 1091 3733 1166">
    <p class='ocr_par' dir='ltr' id='par_1_31' title="bbox 2084 1091 3733 1166">
     <span class='ocr_line' id='line_1_31' title="bbox 2084 1091 3733 1166; baseline -0.004 -13"><span class='ocrx_word' id='word_1_222' title='bbox 2084 1116 2219 1154; x_wconf 85' lang='lat' dir='ltr'><strong>nam</strong></span> <span class='ocrx_word' id='word_1_223' title='bbox 2254 1097 2571 1152; x_wconf 86' lang='lat' dir='ltr'><strong>arbitratus</strong></span> <span class='ocrx_word' id='word_1_224' title='bbox 2602 1102 2692 1153; x_wconf 92' lang='lat' dir='ltr'><strong>est</strong></span> <span class='ocrx_word' id='word_1_225' title='bbox 2720 1113 2848 1153; x_wconf 90' lang='lat' dir='ltr'><strong>esse</strong></span> <span class='ocrx_word' id='word_1_226' title='bbox 2879 1111 2942 1151; x_wconf 88' lang='lat' dir='ltr'><strong>se</strong></span> <span class='ocrx_word' id='word_1_227' title='bbox 2973 1093 3257 1166; x_wconf 67' lang='lat' dir='ltr'><strong>aequalem</strong></span> <span class='ocrx_word' id='word_1_228' title='bbox 3291 1093 3441 1148; x_wconf 90' lang='lat' dir='ltr'><strong>Deo:</strong></span> <span class='ocrx_word' id='word_1_229' title='bbox 3494 1091 3595 1147; x_wconf 88' lang='lat' dir='ltr'><strong>sed</strong></span> <span class='ocrx_word' id='word_1_230' title='bbox 3645 1106 3733 1147; x_wconf 89' lang='lat' dir='ltr'><strong>se-</strong></span> 
     </span>
    </p>
   </div>
   <div class='ocr_carea' id='block_1_32' title="bbox 2085 1180 3729 1257">
    <p class='ocr_par' dir='ltr' id='par_1_32' title="bbox 2085 1180 3729 1257">
     <span class='ocr_line' id='line_1_32' title="bbox 2085 1180 3729 1257; baseline -0.005 -16"><span class='ocrx_word' id='word_1_231' title='bbox 2085 1189 2403 1257; x_wconf 84' lang='lat' dir='ltr'><strong>metipsum</strong></span> <span class='ocrx_word' id='word_1_232' title='bbox 2436 1186 2777 1250; x_wconf 86' lang='lat' dir='ltr'><strong>exinanivit,</strong></span> <span class='ocrx_word' id='word_1_233' title='bbox 2808 1187 3056 1239; x_wconf 87' lang='lat' dir='ltr'><strong>formam</strong></span> <span class='ocrx_word' id='word_1_234' title='bbox 3108 1181 3257 1238; x_wconf 90' lang='lat' dir='ltr'><strong>servi</strong></span> <span class='ocrx_word' id='word_1_235' title='bbox 3307 1180 3623 1253; x_wconf 87' lang='lat' dir='ltr'><strong>accipiens,</strong></span> <span class='ocrx_word' id='word_1_236' title='bbox 3668 1180 3729 1234; x_wconf 89' lang='lat' dir='ltr'><strong>in</strong></span> 
     </span>
    </p>
   </div>
   <div class='ocr_carea' id='block_1_33' title="bbox 2085 1268 3730 1332">
    <p class='ocr_par' dir='ltr' id='par_1_33' title="bbox 2085 1268 3730 1332">
     <span class='ocr_line' id='line_1_33' title="bbox 2085 1268 3730 1332; baseline -0.005 -2"><span class='ocrx_word' id='word_1_237' title='bbox 2085 1275 2535 1332; x_wconf 85' lang='lat' dir='ltr'><strong>similitudinem</strong></span> <span class='ocrx_word' id='word_1_238' title='bbox 2572 1274 2875 1329; x_wconf 88' lang='lat' dir='ltr'><strong>hominum</strong></span> <span class='ocrx_word' id='word_1_239' title='bbox 2900 1273 3091 1328; x_wconf 84' lang='lat' dir='ltr'><strong>factus</strong></span> <span class='ocrx_word' id='word_1_240' title='bbox 3119 1271 3185 1326; x_wconf 73' lang='lat'><strong>&quot;&#39;9.</strong></span> <span class='ocrx_word' id='word_1_241' title='bbox 3221 1292 3250 1321; x_wconf 85' lang='lat'><strong>»</strong></span> <span class='ocrx_word' id='word_1_242' title='bbox 3300 1270 3417 1325; x_wconf 89' lang='lat' dir='ltr'><strong>Hoc</strong></span> <span class='ocrx_word' id='word_1_243' title='bbox 3458 1274 3584 1324; x_wconf 90' lang='lat' dir='ltr'><strong>erat</strong></span> <span class='ocrx_word' id='word_1_244' title='bbox 3630 1268 3730 1322; x_wconf 87' lang='lat' dir='ltr'><strong>de-</strong></span> 
     </span>
    </p>
   </div>
   <div class='ocr_carea' id='block_1_34' title="bbox 2082 1356 3736 1431">
    <p class='ocr_par' dir='ltr' id='par_1_34' title="bbox 2082 1356 3736 1431">
     <span class='ocr_line' id='line_1_34' title="bbox 2082 1356 3736 1431; baseline -0.007 -11"><span class='ocrx_word' id='word_1_245' title='bbox 2082 1365 2383 1431; x_wconf 88' lang='lat' dir='ltr'><strong>scendere,</strong></span> <span class='ocrx_word' id='word_1_246' title='bbox 2416 1363 2523 1419; x_wconf 91' lang='lat' dir='ltr'><strong>hoc</strong></span> <span class='ocrx_word' id='word_1_247' title='bbox 2555 1362 2730 1430; x_wconf 89' lang='lat' dir='ltr'><strong>mitti,</strong></span> <span class='ocrx_word' id='word_1_248' title='bbox 2764 1368 2829 1417; x_wconf 94' lang='lat' dir='ltr'><strong>ut</strong></span> <span class='ocrx_word' id='word_1_249' title='bbox 2858 1360 3134 1416; x_wconf 57' lang='lat' dir='ltr'><strong>indumeu</strong></span> <span class='ocrx_word' id='word_1_250' title='bbox 3157 1364 3279 1414; x_wconf 89' lang='lat' dir='ltr'><strong>tum</strong></span> <span class='ocrx_word' id='word_1_251' title='bbox 3310 1356 3596 1429; x_wconf 80' lang='lat' dir='ltr'><strong>dignitate</strong></span> <span class='ocrx_word' id='word_1_252' title='bbox 3626 1371 3736 1410; x_wconf 87' lang='lat' dir='ltr'><strong>sua</strong></span> 
     </span>
    </p>
   </div>
   <div class='ocr_carea' id='block_1_35' title="bbox 2082 1445 3733 1514">
    <p class='ocr_par' dir='ltr' id='par_1_35' title="bbox 2082 1445 3733 1514">
     <span class='ocr_line' id='line_1_35' title="bbox 2082 1445 3733 1514; baseline -0.005 -7"><span class='ocrx_word' id='word_1_253' title='bbox 2082 1453 2371 1507; x_wconf 84' lang='lat' dir='ltr'><strong>humilius</strong></span> <span class='ocrx_word' id='word_1_254' title='bbox 2398 1457 2747 1507; x_wconf 88' lang='lat' dir='ltr'><strong>assumeret.</strong></span> <span class='ocrx_word' id='word_1_255' title='bbox 2784 1449 2932 1506; x_wconf 90' lang='lat' dir='ltr'><strong>Illud</strong></span> <span class='ocrx_word' id='word_1_256' title='bbox 2964 1454 3053 1504; x_wconf 91' lang='lat' dir='ltr'><strong>est</strong></span> <span class='ocrx_word' id='word_1_257' title='bbox 3082 1446 3457 1514; x_wconf 84' lang='lat' dir='ltr'><strong>descendere,</strong></span> <span class='ocrx_word' id='word_1_258' title='bbox 3516 1445 3733 1499; x_wconf 89' lang='lat' dir='ltr'><strong>huma-</strong></span> 
     </span>
    </p>
   </div>
   <div class='ocr_carea' id='block_1_36' title="bbox 2085 1533 3729 1612">
    <p class='ocr_par' dir='ltr' id='par_1_36' title="bbox 2085 1533 3729 1612">
     <span class='ocr_line' id='line_1_36' title="bbox 2085 1533 3729 1612; baseline -0.006 -15"><span class='ocrx_word' id='word_1_259' title='bbox 2085 1558 2220 1597; x_wconf 88' lang='lat' dir='ltr'><strong>nam</strong></span> <span class='ocrx_word' id='word_1_260' title='bbox 2244 1543 2490 1596; x_wconf 85' lang='lat' dir='ltr'><strong>formam</strong></span> <span class='ocrx_word' id='word_1_261' title='bbox 2510 1543 2674 1612; x_wconf 80' lang='lat' dir='ltr'><strong>juxta</strong></span> <span class='ocrx_word' id='word_1_262' title='bbox 2692 1538 2881 1595; x_wconf 87' lang='lat' dir='ltr'><strong>Patris</strong></span> <span class='ocrx_word' id='word_1_263' title='bbox 2902 1538 3263 1593; x_wconf 87' lang='lat' dir='ltr'><strong>voluntatem</strong></span> <span class='ocrx_word' id='word_1_264' title='bbox 3286 1535 3546 1589; x_wconf 80' lang='lat' dir='ltr'><strong>induere.</strong></span> <span class='ocrx_word' id='word_1_265' title='bbox 3567 1533 3729 1597; x_wconf 87' lang='lat' dir='ltr'><strong>Quod</strong></span> 
     </span>
    </p>
   </div>
   <div class='ocr_carea' id='block_1_37' title="bbox 2083 1623 3733 1701">
    <p class='ocr_par' dir='ltr' id='par_1_37' title="bbox 2083 1623 3733 1701">
     <span class='ocr_line' id='line_1_37' title="bbox 2083 1623 3733 1701; baseline -0.007 -15"><span class='ocrx_word' id='word_1_266' title='bbox 2083 1629 2133 1686; x_wconf 91' lang='lat' dir='ltr'><strong>si</strong></span> <span class='ocrx_word' id='word_1_267' title='bbox 2157 1631 2280 1686; x_wconf 91' lang='lat' dir='ltr'><strong>loco</strong></span> <span class='ocrx_word' id='word_1_268' title='bbox 2304 1635 2361 1685; x_wconf 92' lang='lat' dir='ltr'><strong>et</strong></span> <span class='ocrx_word' id='word_1_269' title='bbox 2382 1646 2621 1701; x_wconf 89' lang='lat' dir='ltr'><strong>corpore</strong></span> <span class='ocrx_word' id='word_1_270' title='bbox 2640 1628 2899 1683; x_wconf 88' lang='lat' dir='ltr'><strong>Verbum</strong></span> <span class='ocrx_word' id='word_1_271' title='bbox 2925 1643 3039 1681; x_wconf 91' lang='lat' dir='ltr'><strong>non</strong></span> <span class='ocrx_word' id='word_1_272' title='bbox 3063 1623 3589 1690; x_wconf 80' lang='lat' dir='ltr'><strong>circumscribitur,</strong></span> <span class='ocrx_word' id='word_1_273' title='bbox 3616 1637 3733 1676; x_wconf 91' lang='lat' dir='ltr'><strong>non</strong></span> 
     </span>
    </p>
   </div>
   <div class='ocr_carea' id='block_1_38' title="bbox 2084 1718 3730 1789">
    <p class='ocr_par' dir='ltr' id='par_1_38' title="bbox 2084 1718 3730 1789">
     <span class='ocr_line' id='line_1_38' title="bbox 2084 1718 3730 1789; baseline -0.006 -14"><span class='ocrx_word' id='word_1_274' title='bbox 2084 1718 2365 1775; x_wconf 87' lang='lat' dir='ltr'><strong>avelletur</strong></span> <span class='ocrx_word' id='word_1_275' title='bbox 2395 1720 2467 1774; x_wconf 89' lang='lat' dir='ltr'><strong>ab</strong></span> <span class='ocrx_word' id='word_1_276' title='bbox 2492 1718 2835 1789; x_wconf 88' lang='lat' dir='ltr'><strong>incorporeo</strong></span> <span class='ocrx_word' id='word_1_277' title='bbox 2868 1718 3055 1782; x_wconf 88' lang='lat' dir='ltr'><strong>Patre,</strong></span> <span class='ocrx_word' id='word_1_278' title='bbox 3097 1719 3336 1788; x_wconf 89' lang='lat' dir='ltr'><strong>propter</strong></span> <span class='ocrx_word' id='word_1_279' title='bbox 3379 1728 3548 1768; x_wconf 88' lang='lat' dir='ltr'><strong>suam</strong></span> <span class='ocrx_word' id='word_1_280' title='bbox 3594 1726 3730 1767; x_wconf 88' lang='lat' dir='ltr'><strong>cum</strong></span> 
     </span>
    </p>
   </div>
   <div class='ocr_carea' id='block_1_39' title="bbox 2084 1800 3731 1881">
    <p class='ocr_par' dir='ltr' id='par_1_39' title="bbox 2084 1800 3731 1881">
     <span class='ocr_line' id='line_1_39' title="bbox 2084 1800 3731 1881; baseline -0.006 -16"><span class='ocrx_word' id='word_1_281' title='bbox 2084 1825 2325 1881; x_wconf 90' lang='lat' dir='ltr'><strong>corpore</strong></span> <span class='ocrx_word' id='word_1_282' title='bbox 2350 1807 2949 1880; x_wconf 88' lang='lat' dir='ltr'><strong>contemperationem</strong></span> <span class='ocrx_word' id='word_1_283' title='bbox 2974 1823 2993 1860; x_wconf 92' lang='lat'><strong><em>:</em></strong></span> <span class='ocrx_word' id='word_1_284' title='bbox 3026 1821 3163 1860; x_wconf 91' lang='lat' dir='ltr'><strong>nam</strong></span> <span class='ocrx_word' id='word_1_285' title='bbox 3194 1819 3409 1876; x_wconf 89' lang='lat' dir='ltr'><strong>corpus</strong></span> <span class='ocrx_word' id='word_1_286' title='bbox 3438 1800 3731 1857; x_wconf 89' lang='lat' dir='ltr'><strong>volentem</strong></span> 
     </span>
    </p>
   </div>
   <div class='ocr_carea' id='block_1_40' title="bbox 2084 1890 3735 1970">
    <p class='ocr_par' dir='ltr' id='par_1_40' title="bbox 2084 1890 3735 1970">
     <span class='ocr_line' id='line_1_40' title="bbox 2084 1890 3735 1970; baseline -0.007 -16"><span class='ocrx_word' id='word_1_287' title='bbox 2084 1898 2281 1970; x_wconf 89' lang='lat' dir='ltr'><strong>ipsum</strong></span> <span class='ocrx_word' id='word_1_288' title='bbox 2304 1897 2553 1968; x_wconf 85' lang='lat' dir='ltr'><strong>excepit,</strong></span> <span class='ocrx_word' id='word_1_289' title='bbox 2575 1900 2867 1968; x_wconf 89' lang='lat' dir='ltr'><strong>quatenus</strong></span> <span class='ocrx_word' id='word_1_290' title='bbox 2890 1896 3101 1950; x_wconf 89' lang='lat' dir='ltr'><strong>idonea</strong></span> <span class='ocrx_word' id='word_1_291' title='bbox 3122 1897 3212 1949; x_wconf 89' lang='lat' dir='ltr'><strong>est</strong></span> <span class='ocrx_word' id='word_1_292' title='bbox 3237 1890 3495 1947; x_wconf 84' lang='lat' dir='ltr'><strong>carnalis</strong></span> <span class='ocrx_word' id='word_1_293' title='bbox 3518 1893 3735 1945; x_wconf 89' lang='lat' dir='ltr'><strong>natura</strong></span> 
     </span>
    </p>
   </div>
   <div class='ocr_carea' id='block_1_41' title="bbox 2081 1978 3732 2057">
    <p class='ocr_par' dir='ltr' id='par_1_41' title="bbox 2081 1978 3732 2057">
     <span class='ocr_line' id='line_1_41' title="bbox 2081 1978 3732 2057; baseline -0.005 -14"><span class='ocrx_word' id='word_1_294' title='bbox 2081 1987 2267 2043; x_wconf 91' lang='lat' dir='ltr'><strong>Deum</strong></span> <span class='ocrx_word' id='word_1_295' title='bbox 2301 1986 2620 2057; x_wconf 83' lang='lat' dir='ltr'><strong>suscipere.</strong></span> <span class='ocrx_word' id='word_1_296' title='bbox 2656 1985 2850 2041; x_wconf 86' lang='lat' dir='ltr'><strong>Manet</strong></span> <span class='ocrx_word' id='word_1_297' title='bbox 2880 1983 3266 2039; x_wconf 87' lang='lat' dir='ltr'><strong>nihilominus</strong></span> <span class='ocrx_word' id='word_1_298' title='bbox 3297 1981 3358 2036; x_wconf 91' lang='lat' dir='ltr'><strong>in</strong></span> <span class='ocrx_word' id='word_1_299' title='bbox 3390 1997 3497 2036; x_wconf 89' lang='lat' dir='ltr'><strong>sua</strong></span> <span class='ocrx_word' id='word_1_300' title='bbox 3543 1978 3732 2049; x_wconf 82' lang='lat' dir='ltr'><strong>ipsius</strong></span> 
     </span>
    </p>
   </div>
   <div class='ocr_carea' id='block_1_42' title="bbox 2080 2067 3730 2147">
    <p class='ocr_par' dir='ltr' id='par_1_42' title="bbox 2080 2067 3730 2147">
     <span class='ocr_line' id='line_1_42' title="bbox 2080 2067 3730 2147; baseline -0.006 -15"><span class='ocrx_word' id='word_1_301' title='bbox 2080 2081 2314 2144; x_wconf 90' lang='lat' dir='ltr'><strong>natura,</strong></span> <span class='ocrx_word' id='word_1_302' title='bbox 2339 2091 2517 2147; x_wconf 91' lang='lat' dir='ltr'><strong>quam</strong></span> <span class='ocrx_word' id='word_1_303' title='bbox 2546 2079 2679 2130; x_wconf 86' lang='lat' dir='ltr'><strong>ante</strong></span> <span class='ocrx_word' id='word_1_304' title='bbox 2698 2069 3160 2129; x_wconf 85' lang='lat' dir='ltr'><strong>incarnationem</strong></span> <span class='ocrx_word' id='word_1_305' title='bbox 3190 2069 3417 2127; x_wconf 86' lang='lat' dir='ltr'><strong>habuit.</strong></span> <span class='ocrx_word' id='word_1_306' title='bbox 3437 2069 3525 2124; x_wconf 86' lang='lat' dir='ltr'><strong>Ita</strong></span> <span class='ocrx_word' id='word_1_307' title='bbox 3550 2072 3615 2122; x_wconf 91' lang='lat' dir='ltr'>ut</span> <span class='ocrx_word' id='word_1_308' title='bbox 3630 2067 3730 2123; x_wconf 85' lang='lat' dir='ltr'><strong>de-</strong></span> 
     </span>
    </p>
   </div>
   <div class='ocr_carea' id='block_1_43' title="bbox 2081 2155 3717 2233">
    <p class='ocr_par' dir='ltr' id='par_1_43' title="bbox 2081 2155 3717 2233">
     <span class='ocr_line' id='line_1_43' title="bbox 2081 2155 3717 2233; baseline -0.004 -12"><span class='ocrx_word' id='word_1_309' title='bbox 2081 2181 2326 2221; x_wconf 87' lang='lat' dir='ltr'><strong>scensus</strong></span> <span class='ocrx_word' id='word_1_310' title='bbox 2350 2180 2419 2219; x_wconf 84' lang='lat' dir='ltr'><strong>ex</strong></span> <span class='ocrx_word' id='word_1_311' title='bbox 2444 2162 2609 2233; x_wconf 75' lang='lat' dir='ltr'><strong>cmlo,</strong></span> <span class='ocrx_word' id='word_1_312' title='bbox 2636 2179 2749 2218; x_wconf 91' lang='lat' dir='ltr'><strong>non</strong></span> <span class='ocrx_word' id='word_1_313' title='bbox 2778 2161 2951 2217; x_wconf 84' lang='lat' dir='ltr'><strong>fuerit</strong></span> <span class='ocrx_word' id='word_1_314' title='bbox 2965 2159 3405 2233; x_wconf 84' lang='lat' dir='ltr'><strong>transmigratio</strong></span> <span class='ocrx_word' id='word_1_315' title='bbox 3426 2174 3497 2214; x_wconf 79' lang='lat' dir='ltr'><strong>ex</strong></span> <span class='ocrx_word' id='word_1_316' title='bbox 3544 2155 3717 2215; x_wconf 71' lang='lat' dir='ltr'><strong>cmlot</strong></span> 
     </span>
    </p>
   </div>
   <div class='ocr_carea' id='block_1_44' title="bbox 2083 2247 3447 2325">
    <p class='ocr_par' dir='ltr' id='par_1_44' title="bbox 2083 2247 3447 2325">
     <span class='ocr_line' id='line_1_44' title="bbox 2083 2247 3447 2325; baseline -0.005 -16"><span class='ocrx_word' id='word_1_317' title='bbox 2083 2268 2272 2325; x_wconf 89' lang='lat' dir='ltr'><strong>neque</strong></span> <span class='ocrx_word' id='word_1_318' title='bbox 2305 2252 2531 2320; x_wconf 79' lang='lat' dir='ltr'><strong>missio,</strong></span> <span class='ocrx_word' id='word_1_319' title='bbox 2566 2269 2600 2308; x_wconf 82' lang='lat' dir='ltr'><strong>a</strong></span> <span class='ocrx_word' id='word_1_320' title='bbox 2631 2252 2797 2308; x_wconf 89' lang='lat' dir='ltr'><strong>Patre</strong></span> <span class='ocrx_word' id='word_1_321' title='bbox 2827 2251 3094 2307; x_wconf 89' lang='lat' dir='ltr'><strong>mittente</strong></span> <span class='ocrx_word' id='word_1_322' title='bbox 3131 2247 3447 2321; x_wconf 89' lang='lat' dir='ltr'><strong>separatio.</strong></span> 
     </span>
    </p>
   </div>
   <div class='ocr_carea' id='block_1_45' title="bbox 390 2397 987 2473">
    <p class='ocr_par' dir='ltr' id='par_1_45' title="bbox 390 2397 987 2473">
     <span class='ocr_line' id='line_1_45' title="bbox 390 2397 987 2473; baseline 0.012 -21"><span class='ocrx_word' id='word_1_323' title='bbox 390 2398 435 2432; x_wconf 73' lang='lat'><strong>7°</strong></span> <span class='ocrx_word' id='word_1_324' title='bbox 465 2397 717 2473; x_wconf 89' lang='lat' dir='ltr'><strong>Philipp.</strong></span> <span class='ocrx_word' id='word_1_325' title='bbox 752 2418 818 2471; x_wconf 82' lang='grc' dir='ltr'>ιι,</span> <span class='ocrx_word' id='word_1_326' title='bbox 846 2404 903 2471; x_wconf 89' lang='grc'><strong>6,</strong></span> <span class='ocrx_word' id='word_1_327' title='bbox 931 2405 987 2459; x_wconf 87' lang='grc'><strong>7.</strong></span> 
     </span>
    </p>
   </div>
   <div class='ocr_carea' id='block_1_46' title="bbox 396 2539 1969 2622">
    <p class='ocr_par' dir='ltr' id='par_1_46' title="bbox 396 2539 1425 2622">
     <span class='ocr_line' id='line_1_46' title="bbox 396 2539 1425 2622; baseline 0.012 -32"><span class='ocrx_word' id='word_1_328' title='bbox 396 2539 507 2611; x_wconf 81' lang='grc'>(59)</span> <span class='ocrx_word' id='word_1_329' title='bbox 536 2540 949 2612; x_wconf 81' lang='lat' dir='ltr'><strong>Seguerianus,</strong></span> <span class='ocrx_word' id='word_1_330' title='bbox 980 2543 1425 2622; x_wconf 80' lang='grc' dir='ltr'>προαγὲσθωσαν.</span> 
     </span>
    </p>
   </div>
   <div class='ocr_carea' id='block_1_47' title="bbox 2087 2539 3737 2622">
    <p class='ocr_par' dir='ltr' id='par_1_47' title="bbox 2154 2542 3737 2621">
     <span class='ocr_line' id='line_1_47' title="bbox 2154 2542 3737 2621; baseline -0.003 -16"><span class='ocrx_word' id='word_1_331' title='bbox 2154 2549 2268 2621; x_wconf 86' lang='grc'>(60)</span> <span class='ocrx_word' id='word_1_332' title='bbox 2300 2542 2625 2620; x_wconf 82' lang='grc' dir='ltr'>Κατάϐασις,</span> <span class='ocrx_word' id='word_1_333' title='bbox 2650 2549 2812 2605; x_wconf 86' lang='lat' dir='ltr'><strong>deest</strong></span> <span class='ocrx_word' id='word_1_334' title='bbox 2831 2548 2892 2603; x_wconf 92' lang='lat' dir='ltr'><strong>in</strong></span> <span class='ocrx_word' id='word_1_335' title='bbox 2932 2546 3191 2604; x_wconf 87' lang='lat' dir='ltr'><strong>Gobler..</strong></span> <span class='ocrx_word' id='word_1_336' title='bbox 3234 2544 3385 2602; x_wconf 86' lang='lat' dir='ltr'><strong>Felo.</strong></span> <span class='ocrx_word' id='word_1_337' title='bbox 3416 2560 3459 2612; x_wconf 86' lang='lat'><strong>1,</strong></span> <span class='ocrx_word' id='word_1_338' title='bbox 3493 2543 3737 2616; x_wconf 88' lang='lat' dir='ltr'><strong>Seguer.</strong></span> 
     </span>
    </p>
   </div>
   <div class='ocr_carea' id='block_1_48' title="bbox 1322 2856 2740 2923">
    <p class='ocr_par' dir='ltr' id='par_1_48' title="bbox 1322 2856 2740 2923">
     <span class='ocr_line' id='line_1_48' title="bbox 1322 2856 2740 2923; baseline 0.001 -10"><span class='ocrx_word' id='word_1_339' title='bbox 1322 2857 1394 2913; x_wconf 92' lang='lat' dir='ltr'><strong>IN</strong></span> <span class='ocrx_word' id='word_1_340' title='bbox 1433 2857 1854 2915; x_wconf 77' lang='lat' dir='ltr'><strong>ORATIONEM</strong></span> <span class='ocrx_word' id='word_1_341' title='bbox 1893 2856 2325 2923; x_wconf 84' lang='lat' dir='ltr'><strong>SEQUENTEM</strong></span> <span class='ocrx_word' id='word_1_342' title='bbox 2376 2858 2740 2915; x_wconf 87' lang='lat' dir='ltr'><strong>MONlTUM.</strong></span> 
     </span>
    </p>
   </div>
   <div class='ocr_carea' id='block_1_49' title="bbox 388 2993 3742 3074">
    <p class='ocr_par' dir='ltr' id='par_1_49' title="bbox 388 2993 3742 3074">
     <span class='ocr_line' id='line_1_49' title="bbox 388 2993 3742 3074; baseline 0.003 -27"><span class='ocrx_word' id='word_1_343' title='bbox 388 2993 511 3048; x_wconf 84' lang='lat' dir='ltr'><strong>Jam</strong></span> <span class='ocrx_word' id='word_1_344' title='bbox 532 2993 745 3063; x_wconf 88' lang='lat' dir='ltr'><strong>pridem</strong></span> <span class='ocrx_word' id='word_1_345' title='bbox 766 2994 1109 3050; x_wconf 76' lang='lat' dir='ltr'><strong>eruditorum</strong></span> <span class='ocrx_word' id='word_1_346' title='bbox 1136 2998 1247 3067; x_wconf 76' lang='lat' dir='ltr'><strong>[uit</strong></span> <span class='ocrx_word' id='word_1_347' title='bbox 1276 3001 1485 3069; x_wconf 86' lang='lat' dir='ltr'><strong>opinio,</strong></span> <span class='ocrx_word' id='word_1_348' title='bbox 1507 2999 1654 3055; x_wconf 83' lang='lat' dir='ltr'><strong>hunc</strong></span> <span class='ocrx_word' id='word_1_349' title='bbox 1682 3001 1889 3055; x_wconf 88' lang='lat' dir='ltr'><strong>librum</strong></span> <span class='ocrx_word' id='word_1_350' title='bbox 1931 3017 2284 3073; x_wconf 86' lang='lat' dir='ltr'><strong>nequaquam</strong></span> <span class='ocrx_word' id='word_1_351' title='bbox 2316 3002 2501 3057; x_wconf 87' lang='lat' dir='ltr'><strong>videri</strong></span> <span class='ocrx_word' id='word_1_352' title='bbox 2535 3002 2989 3071; x_wconf 83' lang='lat' dir='ltr'><strong>Athanasianum,</strong></span> <span class='ocrx_word' id='word_1_353' title='bbox 3033 3002 3164 3059; x_wconf 85' lang='lat' dir='ltr'><strong>licet</strong></span> <span class='ocrx_word' id='word_1_354' title='bbox 3188 3004 3409 3073; x_wconf 78' lang='lat' dir='ltr'><strong>antiqui</strong></span> <span class='ocrx_word' id='word_1_355' title='bbox 3452 3002 3742 3074; x_wconf 85' lang='lat' dir='ltr'><strong>cujusdam</strong></span> 
     </span>
    </p>
   </div>
   <div class='ocr_carea' id='block_1_50' title="bbox 320 3081 3743 3163">
    <p class='ocr_par' dir='ltr' id='par_1_50' title="bbox 320 3081 3743 3163">
     <span class='ocr_line' id='line_1_50' title="bbox 320 3081 3743 3163; baseline 0.003 -27"><span class='ocrx_word' id='word_1_356' title='bbox 320 3084 374 3136; x_wconf 89' lang='lat' dir='ltr'><strong>et</strong></span> <span class='ocrx_word' id='word_1_357' title='bbox 403 3081 613 3137; x_wconf 78' lang='lat' dir='ltr'><strong>eruditi</strong></span> <span class='ocrx_word' id='word_1_358' title='bbox 640 3085 753 3139; x_wconf 85' lang='lat' dir='ltr'><strong>viri</strong></span> <span class='ocrx_word' id='word_1_359' title='bbox 777 3099 911 3154; x_wconf 87' lang='lat' dir='ltr'><strong>opus</strong></span> <span class='ocrx_word' id='word_1_360' title='bbox 930 3100 1042 3140; x_wconf 85' lang='lat' dir='ltr'><strong>esse</strong></span> <span class='ocrx_word' id='word_1_361' title='bbox 1066 3086 1267 3156; x_wconf 83' lang='lat' dir='ltr'><strong>palam</strong></span> <span class='ocrx_word' id='word_1_362' title='bbox 1294 3090 1385 3144; x_wconf 89' lang='lat' dir='ltr'><strong>sit.</strong></span> <span class='ocrx_word' id='word_1_363' title='bbox 1419 3090 1497 3144; x_wconf 87' lang='lat' dir='ltr'><strong>Ea</strong></span> <span class='ocrx_word' id='word_1_364' title='bbox 1526 3089 1593 3144; x_wconf 88' lang='lat' dir='ltr'><strong>de</strong></span> <span class='ocrx_word' id='word_1_365' title='bbox 1625 3106 1687 3144; x_wconf 84' lang='lat' dir='ltr'><strong>re</strong></span> <span class='ocrx_word' id='word_1_366' title='bbox 1715 3090 1847 3145; x_wconf 80' lang='lat' dir='ltr'><strong>libet</strong></span> <span class='ocrx_word' id='word_1_367' title='bbox 1885 3092 2180 3147; x_wconf 87' lang='lat' dir='ltr'><strong>Petavium</strong></span> <span class='ocrx_word' id='word_1_368' title='bbox 2240 3092 2436 3147; x_wconf 87' lang='lat' dir='ltr'><strong>audire</strong></span> <span class='ocrx_word' id='word_1_369' title='bbox 2495 3092 2937 3160; x_wconf 86' lang='lat' dir='ltr'><strong>Theologicorum</strong></span> <span class='ocrx_word' id='word_1_370' title='bbox 2984 3091 3298 3163; x_wconf 85' lang='lat' dir='ltr'><strong>dogmatum</strong></span> <span class='ocrx_word' id='word_1_371' title='bbox 3355 3091 3422 3147; x_wconf 87' lang='lat' dir='ltr'><strong>de</strong></span> <span class='ocrx_word' id='word_1_372' title='bbox 3475 3092 3743 3146; x_wconf 84' lang='lat' dir='ltr'><strong>Trinitate</strong></span> 
     </span>
    </p>
   </div>
   <div class='ocr_carea' id='block_1_51' title="bbox 321 3172 3744 3253">
    <p class='ocr_par' dir='ltr' id='par_1_51' title="bbox 321 3172 3744 3253">
     <span class='ocr_line' id='line_1_51' title="bbox 321 3172 3744 3253; baseline 0.002 -27"><span class='ocrx_word' id='word_1_373' title='bbox 321 3172 462 3226; x_wconf 81' lang='lat' dir='ltr'><strong>tibro</strong></span> <span class='ocrx_word' id='word_1_374' title='bbox 484 3187 558 3238; x_wconf 83' lang='lat' dir='ltr'><strong>1v,</strong></span> <span class='ocrx_word' id='word_1_375' title='bbox 581 3187 638 3241; x_wconf 87' lang='lat' dir='ltr'><strong>p.</strong></span> <span class='ocrx_word' id='word_1_376' title='bbox 663 3172 787 3227; x_wconf 87' lang='grc'><strong>315.</strong></span> <span class='ocrx_word' id='word_1_377' title='bbox 813 3177 1012 3245; x_wconf 86' lang='lat' dir='ltr'><strong>Neque</strong></span> <span class='ocrx_word' id='word_1_378' title='bbox 1041 3190 1172 3229; x_wconf 88' lang='lat' dir='ltr'><strong>vero</strong></span> <span class='ocrx_word' id='word_1_379' title='bbox 1202 3176 1506 3233; x_wconf 86' lang='lat' dir='ltr'><strong>Athanasii</strong></span> <span class='ocrx_word' id='word_1_380' title='bbox 1538 3179 1768 3234; x_wconf 87' lang='lat' dir='ltr'><strong>videtur</strong></span> <span class='ocrx_word' id='word_1_381' title='bbox 1797 3195 1960 3234; x_wconf 89' lang='lat' dir='ltr'><strong>esse:</strong></span> <span class='ocrx_word' id='word_1_382' title='bbox 1996 3182 2151 3251; x_wconf 91' lang='lat' dir='ltr'><strong>quod</strong></span> <span class='ocrx_word' id='word_1_383' title='bbox 2183 3199 2250 3237; x_wconf 83' lang='lat' dir='ltr'><strong>ex</strong></span> <span class='ocrx_word' id='word_1_384' title='bbox 2281 3181 2429 3253; x_wconf 79' lang='lat' dir='ltr'><strong>stylo</strong></span> <span class='ocrx_word' id='word_1_385' title='bbox 2475 3180 2846 3253; x_wconf 87' lang='lat' dir='ltr'><strong>conjicimus,</strong></span> <span class='ocrx_word' id='word_1_386' title='bbox 2882 3181 2984 3252; x_wconf 92' lang='lat' dir='ltr'><strong>qui</strong></span> <span class='ocrx_word' id='word_1_387' title='bbox 3008 3186 3064 3236; x_wconf 90' lang='lat' dir='ltr'><strong>et</strong></span> <span class='ocrx_word' id='word_1_388' title='bbox 3095 3180 3367 3235; x_wconf 71' lang='lat' dir='ltr'><strong>diffusior</strong></span> <span class='ocrx_word' id='word_1_389' title='bbox 3398 3184 3510 3246; x_wconf 85' lang='lat' dir='ltr'><strong>est,</strong></span> <span class='ocrx_word' id='word_1_390' title='bbox 3544 3184 3601 3234; x_wconf 91' lang='lat' dir='ltr'><strong>et</strong></span> <span class='ocrx_word' id='word_1_391' title='bbox 3629 3178 3744 3234; x_wconf 87' lang='lat' dir='ltr'><strong>mi-</strong></span> 
     </span>
    </p>
   </div>
   <div class='ocr_carea' id='block_1_52' title="bbox 322 3259 3743 3343">
    <p class='ocr_par' dir='ltr' id='par_1_52' title="bbox 322 3259 3743 3343">
     <span class='ocr_line' id='line_1_52' title="bbox 322 3259 3743 3343; baseline 0.002 -30"><span class='ocrx_word' id='word_1_392' title='bbox 322 3277 436 3314; x_wconf 90' lang='lat' dir='ltr'><strong>nus</strong></span> <span class='ocrx_word' id='word_1_393' title='bbox 465 3259 882 3332; x_wconf 87' lang='lat' dir='ltr'><strong>simplicitatis,</strong></span> <span class='ocrx_word' id='word_1_394' title='bbox 916 3263 1417 3337; x_wconf 77' lang='lat' dir='ltr'><strong>affectationisque</strong></span> <span class='ocrx_word' id='word_1_395' title='bbox 1451 3265 1583 3338; x_wconf 91' lang='lat' dir='ltr'><strong>plus</strong></span> <span class='ocrx_word' id='word_1_396' title='bbox 1606 3266 1801 3337; x_wconf 87' lang='lat' dir='ltr'><strong>habet,</strong></span> <span class='ocrx_word' id='word_1_397' title='bbox 1829 3284 2008 3338; x_wconf 86' lang='lat' dir='ltr'><strong>quam</strong></span> <span class='ocrx_word' id='word_1_398' title='bbox 2040 3268 2135 3338; x_wconf 91' lang='lat' dir='ltr'><strong>qui</strong></span> <span class='ocrx_word' id='word_1_399' title='bbox 2170 3270 2471 3325; x_wconf 84' lang='lat' dir='ltr'><strong>Athanasii</strong></span> <span class='ocrx_word' id='word_1_400' title='bbox 2496 3287 2813 3343; x_wconf 87' lang='lat' dir='ltr'><strong>germanus</strong></span> <span class='ocrx_word' id='word_1_401' title='bbox 2844 3275 2933 3324; x_wconf 89' lang='lat' dir='ltr'><strong>est</strong></span> <span class='ocrx_word' id='word_1_402' title='bbox 2981 3270 3151 3339; x_wconf 91' lang='lat' dir='ltr'><strong>cujus</strong></span> <span class='ocrx_word' id='word_1_403' title='bbox 3203 3269 3458 3324; x_wconf 82' lang='lat' dir='ltr'><strong>nativam</strong></span> <span class='ocrx_word' id='word_1_404' title='bbox 3508 3267 3743 3340; x_wconf 86' lang='lat' dir='ltr'><strong>elegan-</strong></span> 
     </span>
    </p>
   </div>
   <div class='ocr_carea' id='block_1_53' title="bbox 322 3348 3741 3430">
    <p class='ocr_par' dir='ltr' id='par_1_53' title="bbox 322 3348 3741 3430">
     <span class='ocr_line' id='line_1_53' title="bbox 322 3348 3741 3430; baseline 0.002 -27"><span class='ocrx_word' id='word_1_405' title='bbox 322 3348 489 3414; x_wconf 89' lang='lat' dir='ltr'><strong>tiam,</strong></span> <span class='ocrx_word' id='word_1_406' title='bbox 524 3365 591 3404; x_wconf 90' lang='lat' dir='ltr'><strong>ac</strong></span> <span class='ocrx_word' id='word_1_407' title='bbox 620 3354 829 3420; x_wconf 89' lang='lat' dir='ltr'><strong>sponte</strong></span> <span class='ocrx_word' id='word_1_408' title='bbox 858 3349 1157 3418; x_wconf 83' lang='lat' dir='ltr'><strong>ﬂuentem,</strong></span> <span class='ocrx_word' id='word_1_409' title='bbox 1191 3352 1355 3409; x_wconf 90' lang='lat' dir='ltr'><strong>nulla</strong></span> <span class='ocrx_word' id='word_1_410' title='bbox 1388 3359 1577 3427; x_wconf 89' lang='lat' dir='ltr'><strong>potest</strong></span> <span class='ocrx_word' id='word_1_411' title='bbox 1606 3355 1858 3411; x_wconf 89' lang='lat' dir='ltr'><strong>imitatio</strong></span> <span class='ocrx_word' id='word_1_412' title='bbox 1887 3357 2192 3429; x_wconf 89' lang='lat' dir='ltr'><strong>consequi.</strong></span> <span class='ocrx_word' id='word_1_413' title='bbox 2217 3358 2366 3413; x_wconf 90' lang='lat' dir='ltr'><strong>Tum</strong></span> <span class='ocrx_word' id='word_1_414' title='bbox 2398 3375 2467 3414; x_wconf 83' lang='lat' dir='ltr'><strong>ex</strong></span> <span class='ocrx_word' id='word_1_415' title='bbox 2494 3376 2561 3415; x_wconf 92' lang='lat' dir='ltr'><strong>eo</strong></span> <span class='ocrx_word' id='word_1_416' title='bbox 2593 3359 2745 3430; x_wconf 91' lang='lat' dir='ltr'><strong>quod</strong></span> <span class='ocrx_word' id='word_1_417' title='bbox 2782 3356 3120 3413; x_wconf 89' lang='lat' dir='ltr'><strong>Marcellum</strong></span> <span class='ocrx_word' id='word_1_418' title='bbox 3145 3359 3515 3430; x_wconf 82' lang='lat' dir='ltr'><strong>Ancyranum</strong></span> <span class='ocrx_word' id='word_1_419' title='bbox 3538 3356 3741 3412; x_wconf 85' lang='lat' dir='ltr'><strong>statim</strong></span> 
     </span>
    </p>
   </div>
   <div class='ocr_carea' id='block_1_54' title="bbox 322 3437 3737 3521">
    <p class='ocr_par' dir='ltr' id='par_1_54' title="bbox 322 3437 3737 3521">
     <span class='ocr_line' id='line_1_54' title="bbox 322 3437 3737 3521; baseline 0.002 -28"><span class='ocrx_word' id='word_1_420' title='bbox 322 3453 455 3493; x_wconf 88' lang='lat' dir='ltr'><strong>cum</strong></span> <span class='ocrx_word' id='word_1_421' title='bbox 492 3437 671 3494; x_wconf 82' lang='lat' dir='ltr'><strong>Paulo</strong></span> <span class='ocrx_word' id='word_1_422' title='bbox 703 3439 1111 3509; x_wconf 89' lang='lat' dir='ltr'><strong>Samosateno,</strong></span> <span class='ocrx_word' id='word_1_423' title='bbox 1146 3445 1427 3514; x_wconf 91' lang='lat' dir='ltr'><strong>tanquam</strong></span> <span class='ocrx_word' id='word_1_424' title='bbox 1459 3448 1685 3500; x_wconf 89' lang='lat' dir='ltr'><strong>certum</strong></span> <span class='ocrx_word' id='word_1_425' title='bbox 1709 3448 1767 3500; x_wconf 90' lang='lat' dir='ltr'><strong>et</strong></span> <span class='ocrx_word' id='word_1_426' title='bbox 1795 3445 2132 3502; x_wconf 87' lang='lat' dir='ltr'><strong>confessum</strong></span> <span class='ocrx_word' id='word_1_427' title='bbox 2164 3446 2504 3504; x_wconf 85' lang='lat' dir='ltr'><strong>haereticum</strong></span> <span class='ocrx_word' id='word_1_428' title='bbox 2538 3447 2878 3521; x_wconf 87' lang='lat' dir='ltr'><strong>conjungit;</strong></span> <span class='ocrx_word' id='word_1_429' title='bbox 2912 3463 3047 3503; x_wconf 90' lang='lat' dir='ltr'><strong>cum</strong></span> <span class='ocrx_word' id='word_1_430' title='bbox 3096 3451 3294 3503; x_wconf 89' lang='lat' dir='ltr'><strong>tamen</strong></span> <span class='ocrx_word' id='word_1_431' title='bbox 3346 3447 3418 3502; x_wconf 87' lang='lat' dir='ltr'><strong>de</strong></span> <span class='ocrx_word' id='word_1_432' title='bbox 3465 3444 3737 3501; x_wconf 89' lang='lat' dir='ltr'><strong>Marcelle</strong></span> 
     </span>
    </p>
   </div>
   <div class='ocr_carea' id='block_1_55' title="bbox 323 3529 3742 3607">
    <p class='ocr_par' dir='ltr' id='par_1_55' title="bbox 323 3529 3742 3607">
     <span class='ocr_line' id='line_1_55' title="bbox 323 3529 3742 3607; baseline 0.003 -26"><span class='ocrx_word' id='word_1_433' title='bbox 323 3544 439 3583; x_wconf 92' lang='lat' dir='ltr'><strong>non</strong></span> <span class='ocrx_word' id='word_1_434' title='bbox 472 3532 592 3582; x_wconf 89' lang='lat' dir='ltr'><strong>tam</strong></span> <span class='ocrx_word' id='word_1_435' title='bbox 620 3529 862 3585; x_wconf 90' lang='lat' dir='ltr'><strong>sinistre</strong></span> <span class='ocrx_word' id='word_1_436' title='bbox 882 3530 1168 3600; x_wconf 86' lang='lat' dir='ltr'><strong>judicarit</strong></span> <span class='ocrx_word' id='word_1_437' title='bbox 1199 3532 1580 3589; x_wconf 84' lang='lat' dir='ltr'><strong>Athanasius.</strong></span> <span class='ocrx_word' id='word_1_438' title='bbox 1609 3536 1705 3590; x_wconf 84' lang='lat' dir='ltr'><strong>His</strong></span> <span class='ocrx_word' id='word_1_439' title='bbox 1732 3551 1768 3590; x_wconf 89' lang='lat' dir='ltr'><strong>a</strong></span> <span class='ocrx_word' id='word_1_440' title='bbox 1800 3536 2018 3591; x_wconf 74' lang='lat' dir='ltr'><strong>Patavio</strong></span> <span class='ocrx_word' id='word_1_441' title='bbox 2045 3538 2316 3607; x_wconf 74' lang='lat' dir='ltr'><strong>sagaciter</strong></span> <span class='ocrx_word' id='word_1_442' title='bbox 2344 3544 2397 3591; x_wconf 88' lang='lat' dir='ltr'><strong>et</strong></span> <span class='ocrx_word' id='word_1_443' title='bbox 2422 3537 2636 3593; x_wconf 87' lang='lat' dir='ltr'><strong>erudite</strong></span> <span class='ocrx_word' id='word_1_444' title='bbox 2683 3537 2999 3607; x_wconf 68' lang='lat' dir='ltr'><strong>observatis,</strong></span> <span class='ocrx_word' id='word_1_445' title='bbox 3043 3536 3315 3604; x_wconf 77' lang='lat' dir='ltr'><strong>addimus,</strong></span> <span class='ocrx_word' id='word_1_446' title='bbox 3367 3552 3493 3591; x_wconf 89' lang='lat' dir='ltr'><strong>cum</strong></span> <span class='ocrx_word' id='word_1_447' title='bbox 3540 3535 3742 3592; x_wconf 88' lang='lat' dir='ltr'><strong>adver-</strong></span> 
     </span>
    </p>
   </div>
   <div class='ocr_carea' id='block_1_56' title="bbox 320 3615 3742 3695">
    <p class='ocr_par' dir='ltr' id='par_1_56' title="bbox 320 3615 3742 3695">
     <span class='ocr_line' id='line_1_56' title="bbox 320 3615 3742 3695; baseline 0.002 -24"><span class='ocrx_word' id='word_1_448' title='bbox 320 3632 412 3671; x_wconf 89' lang='lat' dir='ltr'><strong>sus</strong></span> <span class='ocrx_word' id='word_1_449' title='bbox 442 3615 729 3673; x_wconf 70' lang='lat' dir='ltr'><strong>haereticos</strong></span> <span class='ocrx_word' id='word_1_450' title='bbox 759 3619 843 3673; x_wconf 90' lang='lat' dir='ltr'><strong>his</strong></span> <span class='ocrx_word' id='word_1_451' title='bbox 870 3622 1091 3689; x_wconf 84' lang='lat' dir='ltr'><strong>agatur,</strong></span> <span class='ocrx_word' id='word_1_452' title='bbox 1123 3623 1220 3692; x_wconf 86' lang='lat' dir='ltr'><strong>qui</strong></span> <span class='ocrx_word' id='word_1_453' title='bbox 1245 3621 1382 3677; x_wconf 90' lang='lat' dir='ltr'><strong>duas</strong></span> <span class='ocrx_word' id='word_1_454' title='bbox 1414 3625 1474 3678; x_wconf 87' lang='lat' dir='ltr'><strong>in</strong></span> <span class='ocrx_word' id='word_1_455' title='bbox 1508 3624 1720 3679; x_wconf 86' lang='lat' dir='ltr'><strong>Christo</strong></span> <span class='ocrx_word' id='word_1_456' title='bbox 1756 3640 2021 3695; x_wconf 75' lang='lat' dir='ltr'><strong>personas</strong></span> <span class='ocrx_word' id='word_1_457' title='bbox 2049 3641 2168 3681; x_wconf 86' lang='lat' dir='ltr'><strong>esse</strong></span> <span class='ocrx_word' id='word_1_458' title='bbox 2195 3629 2505 3692; x_wconf 83' lang='lat' dir='ltr'><strong>tuerentur,</strong></span> <span class='ocrx_word' id='word_1_459' title='bbox 2537 3642 2602 3682; x_wconf 92' lang='lat' dir='ltr'><strong>ea</strong></span> <span class='ocrx_word' id='word_1_460' title='bbox 2630 3626 2757 3681; x_wconf 83' lang='lat' dir='ltr'><strong>item</strong></span> <span class='ocrx_word' id='word_1_461' title='bbox 2801 3625 2873 3681; x_wconf 87' lang='lat' dir='ltr'><strong>de</strong></span> <span class='ocrx_word' id='word_1_462' title='bbox 2925 3642 3093 3681; x_wconf 88' lang='lat' dir='ltr'><strong>causa</strong></span> <span class='ocrx_word' id='word_1_463' title='bbox 3136 3626 3316 3681; x_wconf 86' lang='lat' dir='ltr'><strong>videri</strong></span> <span class='ocrx_word' id='word_1_464' title='bbox 3363 3625 3464 3680; x_wconf 86' lang='lat' dir='ltr'><strong>hoc</strong></span> <span class='ocrx_word' id='word_1_465' title='bbox 3510 3641 3742 3695; x_wconf 83' lang='lat' dir='ltr'><strong>opuscu-</strong></span> 
     </span>
    </p>
   </div>
   <div class='ocr_carea' id='block_1_57' title="bbox 322 3705 3744 3787">
    <p class='ocr_par' dir='ltr' id='par_1_57' title="bbox 322 3705 3744 3787">
     <span class='ocr_line' id='line_1_57' title="bbox 322 3705 3744 3787; baseline 0.004 -28"><span class='ocrx_word' id='word_1_466' title='bbox 322 3705 433 3759; x_wconf 81' lang='lat' dir='ltr'><strong>lum</strong></span> <span class='ocrx_word' id='word_1_467' title='bbox 472 3706 768 3763; x_wconf 84' lang='lat' dir='ltr'><strong>Athanasio</strong></span> <span class='ocrx_word' id='word_1_468' title='bbox 798 3708 1247 3777; x_wconf 84' lang='lat' dir='ltr'><strong>abiudicandum,</strong></span> <span class='ocrx_word' id='word_1_469' title='bbox 1281 3713 1378 3783; x_wconf 85' lang='lat' dir='ltr'><strong>qui</strong></span> <span class='ocrx_word' id='word_1_470' title='bbox 1408 3713 1465 3766; x_wconf 88' lang='lat' dir='ltr'><strong>in</strong></span> <span class='ocrx_word' id='word_1_471' title='bbox 1488 3714 1643 3767; x_wconf 83' lang='lat' dir='ltr'><strong>nullo</strong></span> <span class='ocrx_word' id='word_1_472' title='bbox 1669 3729 1897 3784; x_wconf 83' lang='lat' dir='ltr'><strong>operum</strong></span> <span class='ocrx_word' id='word_1_473' title='bbox 1922 3730 2149 3770; x_wconf 86' lang='lat' dir='ltr'><strong>suorum</strong></span> <span class='ocrx_word' id='word_1_474' title='bbox 2186 3714 2348 3787; x_wconf 83' lang='lat' dir='ltr'><strong>hujus</strong></span> <span class='ocrx_word' id='word_1_475' title='bbox 2378 3715 2642 3772; x_wconf 66' lang='lat' dir='ltr'><strong>haereseos</strong></span> <span class='ocrx_word' id='word_1_476' title='bbox 2670 3716 2943 3770; x_wconf 84' lang='lat' dir='ltr'><strong>meminit.</strong></span> <span class='ocrx_word' id='word_1_477' title='bbox 2975 3716 3154 3785; x_wconf 84' lang='lat' dir='ltr'><strong>Neque</strong></span> <span class='ocrx_word' id='word_1_478' title='bbox 3189 3718 3419 3786; x_wconf 74' lang='lat' dir='ltr'><strong>putatur</strong></span> <span class='ocrx_word' id='word_1_479' title='bbox 3448 3714 3744 3770; x_wconf 81' lang='lat' dir='ltr'><strong>Athanasii</strong></span> 
     </span>
    </p>
   </div>
   <div class='ocr_carea' id='block_1_58' title="bbox 319 3794 3743 3880">
    <p class='ocr_par' dir='ltr' id='par_1_58' title="bbox 319 3794 3743 3880">
     <span class='ocr_line' id='line_1_58' title="bbox 319 3794 3743 3880; baseline 0.003 -29"><span class='ocrx_word' id='word_1_480' title='bbox 319 3798 486 3851; x_wconf 65' lang='lat' dir='ltr'><strong>aetate</strong></span> <span class='ocrx_word' id='word_1_481' title='bbox 515 3794 583 3850; x_wconf 84' lang='lat' dir='ltr'><strong>de</strong></span> <span class='ocrx_word' id='word_1_482' title='bbox 609 3796 817 3852; x_wconf 89' lang='lat' dir='ltr'><strong>duabus</strong></span> <span class='ocrx_word' id='word_1_483' title='bbox 847 3799 909 3853; x_wconf 85' lang='lat' dir='ltr'><strong>in</strong></span> <span class='ocrx_word' id='word_1_484' title='bbox 940 3798 1155 3856; x_wconf 85' lang='lat' dir='ltr'><strong>Christo</strong></span> <span class='ocrx_word' id='word_1_485' title='bbox 1181 3803 1433 3871; x_wconf 82' lang='lat' dir='ltr'><strong>personis</strong></span> <span class='ocrx_word' id='word_1_486' title='bbox 1461 3804 1669 3873; x_wconf 85' lang='lat' dir='ltr'><strong>agitata</strong></span> <span class='ocrx_word' id='word_1_487' title='bbox 1699 3804 1939 3875; x_wconf 73' lang='lat' dir='ltr'><strong>quaestio.</strong></span> <span class='ocrx_word' id='word_1_488' title='bbox 1988 3804 2239 3861; x_wconf 76' lang='lat' dir='ltr'><strong>Attamen</strong></span> <span class='ocrx_word' id='word_1_489' title='bbox 2292 3806 2354 3863; x_wconf 83' lang='lat' dir='ltr'><strong>in</strong></span> <span class='ocrx_word' id='word_1_490' title='bbox 2398 3806 2808 3880; x_wconf 82' lang='lat' dir='ltr'><strong>antiquioribus</strong></span> <span class='ocrx_word' id='word_1_491' title='bbox 2851 3807 3030 3861; x_wconf 71' lang='lat' dir='ltr'><strong>exstat</strong></span> <span class='ocrx_word' id='word_1_492' title='bbox 3076 3803 3370 3873; x_wconf 85' lang='lat' dir='ltr'><strong>codicibus,</strong></span> <span class='ocrx_word' id='word_1_493' title='bbox 3424 3802 3743 3875; x_wconf 80' lang='lat' dir='ltr'><strong>videturque</strong></span> 
     </span>
    </p>
   </div>
   <div class='ocr_carea' id='block_1_59' title="bbox 320 3881 2053 3963">
    <p class='ocr_par' dir='ltr' id='par_1_59' title="bbox 320 3881 2053 3963">
     <span class='ocr_line' id='line_1_59' title="bbox 320 3881 2053 3963; baseline 0.006 -24"><span class='ocrx_word' id='word_1_494' title='bbox 320 3881 531 3940; x_wconf 55' lang='lat' dir='ltr'><strong>saculo</strong></span> <span class='ocrx_word' id='word_1_495' title='bbox 561 3887 759 3957; x_wconf 87' lang='lat' dir='ltr'><strong>quinta</strong></span> <span class='ocrx_word' id='word_1_496' title='bbox 785 3885 1018 3958; x_wconf 88' lang='lat' dir='ltr'><strong>editum,</strong></span> <span class='ocrx_word' id='word_1_497' title='bbox 1051 3904 1160 3961; x_wconf 90' lang='lat' dir='ltr'><strong>quo</strong></span> <span class='ocrx_word' id='word_1_498' title='bbox 1190 3890 1415 3963; x_wconf 82' lang='lat' dir='ltr'><strong>vigebat</strong></span> <span class='ocrx_word' id='word_1_499' title='bbox 1444 3893 1777 3949; x_wconf 83' lang='lat' dir='ltr'><strong>Nestoriana</strong></span> <span class='ocrx_word' id='word_1_500' title='bbox 1806 3894 2053 3950; x_wconf 68' lang='lat' dir='ltr'><strong>haeresis.</strong></span> 
     </span>
    </p>
   </div>
   <div class='ocr_carea' id='block_1_60' title="bbox 1497 4194 2571 4251">
    <p class='ocr_par' dir='ltr' id='par_1_60' title="bbox 1497 4194 2571 4251">
     <span class='ocr_line' id='line_1_60' title="bbox 1497 4194 2571 4251; baseline 0.007 -7"><span class='ocrx_word' id='word_1_501' title='bbox 1497 4194 1621 4247; x_wconf 83' lang='grc' dir='ltr'><strong>ΤΟΥ</strong></span> <span class='ocrx_word' id='word_1_502' title='bbox 1658 4196 1747 4248; x_wconf 82' lang='grc' dir='ltr'><strong>ΕΝ</strong></span> <span class='ocrx_word' id='word_1_503' title='bbox 1787 4194 2024 4251; x_wconf 84' lang='grc' dir='ltr'><strong>ΔΓῙΟῙΣ</strong></span> <span class='ocrx_word' id='word_1_504' title='bbox 2063 4195 2335 4251; x_wconf 81' lang='grc' dir='ltr'><strong>ῙΙΔΤΡΟΣ</strong></span> <span class='ocrx_word' id='word_1_505' title='bbox 2377 4198 2571 4251; x_wconf 76' lang='grc' dir='ltr'><strong>ΠΜΩΝ</strong></span> 
     </span>
    </p>
   </div>
   <div class='ocr_carea' id='block_1_61' title="bbox 1668 4358 2402 4458">
    <p class='ocr_par' dir='ltr' id='par_1_61' title="bbox 1668 4358 2402 4458">
     <span class='ocr_line' id='line_1_61' title="bbox 1668 4358 2402 4458; baseline 0.004 -3"><span class='ocrx_word' id='word_1_506' title='bbox 1668 4358 2402 4458; x_wconf 83' lang='grc' dir='ltr'><strong>ΑΘΑΝΑΣΙΟΥ</strong></span> 
     </span>
    </p>
   </div>
   <div class='ocr_carea' id='block_1_62' title="bbox 1570 4548 2429 4623">
    <p class='ocr_par' dir='ltr' id='par_1_62' title="bbox 1570 4548 2429 4623">
     <span class='ocr_line' id='line_1_62' title="bbox 1570 4548 2429 4623; baseline -0.001 -16"><span class='ocrx_word' id='word_1_507' title='bbox 1570 4548 1679 4607; x_wconf 77' lang='grc' dir='ltr'><strong>οτι</strong></span> <span class='ocrx_word' id='word_1_508' title='bbox 1718 4549 1834 4608; x_wconf 74' lang='lat' dir='ltr'><strong>E12</strong></span> <span class='ocrx_word' id='word_1_509' title='bbox 1873 4549 1918 4607; x_wconf 90' lang='lat'>0</span> <span class='ocrx_word' id='word_1_510' title='bbox 1957 4549 2255 4608; x_wconf 72' lang='grc' dir='ltr'><strong>ΧΡΙΣΤΟΣ</strong></span> <span class='ocrx_word' id='word_1_511' title='bbox 2292 4552 2429 4623; x_wconf 76' lang='grc' dir='ltr'>(δι).</span> 
     </span>
    </p>
   </div>
   <div class='ocr_carea' id='block_1_63' title="bbox 1452 4842 2617 4947">
    <p class='ocr_par' dir='ltr' id='par_1_63' title="bbox 1452 4842 2617 4947">
     <span class='ocr_line' id='line_1_63' title="bbox 1452 4842 2617 4947; baseline 0.003 -9"><span class='ocrx_word' id='word_1_512' title='bbox 1452 4842 1545 4938; x_wconf 92' lang='lat' dir='ltr'><strong>S.</strong></span> <span class='ocrx_word' id='word_1_513' title='bbox 1597 4843 1700 4937; x_wconf 93' lang='lat' dir='ltr'><strong>P.</strong></span> <span class='ocrx_word' id='word_1_514' title='bbox 1752 4844 1865 4941; x_wconf 95' lang='lat' dir='ltr'><strong>N.</strong></span> <span class='ocrx_word' id='word_1_515' title='bbox 1935 4844 2617 4942; x_wconf 85' lang='lat' dir='ltr'><strong>ATHANASII</strong></span> 
     </span>
    </p>
   </div>
   <div class='ocr_carea' id='block_1_64' title="bbox 1567 5040 2483 5113">
    <p class='ocr_par' dir='ltr' id='par_1_64' title="bbox 1567 5040 2483 5113">
     <span class='ocr_line' id='line_1_64' title="bbox 1567 5040 2483 5113; baseline 0.005 -14"><span class='ocrx_word' id='word_1_516' title='bbox 1567 5040 1754 5113; x_wconf 86' lang='lat' dir='ltr'><strong>QUOD</strong></span> <span class='ocrx_word' id='word_1_517' title='bbox 1793 5041 1968 5102; x_wconf 86' lang='lat' dir='ltr'><strong><em>UNUS</em></strong></span> <span class='ocrx_word' id='word_1_518' title='bbox 2002 5042 2111 5101; x_wconf 87' lang='lat' dir='ltr'><strong><em>SIT</em></strong></span> <span class='ocrx_word' id='word_1_519' title='bbox 2142 5044 2483 5104; x_wconf 84' lang='lat' dir='ltr'><strong><em>CHRISTUS.</em></strong></span> 
     </span>
    </p>
   </div>
   <div class='ocr_carea' id='block_1_65' title="bbox 2163 5332 3751 5414">
    <p class='ocr_par' dir='ltr' id='par_1_65' title="bbox 2163 5332 3751 5414">
     <span class='ocr_line' id='line_1_65' title="bbox 2163 5332 3751 5414; baseline -0.006 -15"><span class='ocrx_word' id='word_1_520' title='bbox 2163 5342 2287 5399; x_wconf 74' lang='lat'><strong>88.</strong></span> <span class='ocrx_word' id='word_1_521' title='bbox 2310 5373 2379 5384; x_wconf 93' lang='grc'><strong>--</strong></span> <span class='ocrx_word' id='word_1_522' title='bbox 2402 5344 2452 5399; x_wconf 89' lang='grc'><strong>1.</strong></span> <span class='ocrx_word' id='word_1_523' title='bbox 2476 5342 2729 5400; x_wconf 77' lang='lat' dir='ltr'><strong>Docebat</strong></span> <span class='ocrx_word' id='word_1_524' title='bbox 2742 5357 2840 5399; x_wconf 92' lang='lat' dir='ltr'><strong>eos</strong></span> <span class='ocrx_word' id='word_1_525' title='bbox 2853 5343 2952 5414; x_wconf 90' lang='lat' dir='ltr'><strong>qui</strong></span> <span class='ocrx_word' id='word_1_526' title='bbox 2976 5339 3157 5399; x_wconf 85' lang='lat' dir='ltr'><strong>semel</strong></span> <span class='ocrx_word' id='word_1_527' title='bbox 3177 5356 3211 5395; x_wconf 87' lang='lat' dir='ltr'><strong>a</strong></span> <span class='ocrx_word' id='word_1_528' title='bbox 3220 5332 3529 5410; x_wconf 88' lang='lat' dir='ltr'><strong>gentilium</strong></span> <span class='ocrx_word' id='word_1_529' title='bbox 3553 5347 3751 5391; x_wconf 86' lang='lat' dir='ltr'><strong>errore</strong></span> 
     </span>
    </p>
   </div>
   <div class='ocr_carea' id='block_1_66' title="bbox 2091 5422 3747 5503">
    <p class='ocr_par' dir='ltr' id='par_1_66' title="bbox 2091 5422 3747 5503">
     <span class='ocr_line' id='line_1_66' title="bbox 2091 5422 3747 5503; baseline -0.006 -15"><span class='ocrx_word' id='word_1_530' title='bbox 2091 5432 2444 5500; x_wconf 87' lang='lat' dir='ltr'><strong>resilierant,</strong></span> <span class='ocrx_word' id='word_1_531' title='bbox 2477 5448 2543 5488; x_wconf 87' lang='lat' dir='ltr'><strong>ac</strong></span> <span class='ocrx_word' id='word_1_532' title='bbox 2583 5447 2769 5487; x_wconf 92' lang='lat' dir='ltr'><strong>unum</strong></span> <span class='ocrx_word' id='word_1_533' title='bbox 2801 5445 3046 5503; x_wconf 88' lang='lat' dir='ltr'><strong>vereque</strong></span> <span class='ocrx_word' id='word_1_534' title='bbox 3090 5428 3282 5484; x_wconf 89' lang='lat' dir='ltr'><strong>solum</strong></span> <span class='ocrx_word' id='word_1_535' title='bbox 3331 5422 3747 5481; x_wconf 77' lang='lat' dir='ltr'><strong>universorum</strong></span> 
     </span>
    </p>
   </div>
   <div class='ocr_carea' id='block_1_67' title="bbox 2090 5507 3743 5593">
    <p class='ocr_par' dir='ltr' id='par_1_67' title="bbox 2090 5507 3743 5593">
     <span class='ocr_line' id='line_1_67' title="bbox 2090 5507 3743 5593; baseline -0.005 -16"><span class='ocrx_word' id='word_1_536' title='bbox 2090 5525 2273 5577; x_wconf 86' lang='lat' dir='ltr'><strong>Deum</strong></span> <span class='ocrx_word' id='word_1_537' title='bbox 2319 5524 2697 5593; x_wconf 81' lang='lat' dir='ltr'><strong>agnoverant,</strong></span> <span class='ocrx_word' id='word_1_538' title='bbox 2747 5535 2863 5573; x_wconf 92' lang='lat' dir='ltr'><strong>non</strong></span> <span class='ocrx_word' id='word_1_539' title='bbox 2909 5515 3165 5589; x_wconf 90' lang='lat' dir='ltr'><strong>amplius</strong></span> <span class='ocrx_word' id='word_1_540' title='bbox 3213 5518 3493 5571; x_wconf 71' lang='lat' dir='ltr'><strong>creaturae</strong></span> <span class='ocrx_word' id='word_1_541' title='bbox 3542 5507 3743 5581; x_wconf 66' lang='lat' dir='ltr'><strong>adiici.</strong></span> 
     </span>
    </p>
   </div>
   <div class='ocr_carea' id='block_1_68' title="bbox 394 5329 1989 5408">
    <p class='ocr_par' dir='ltr' id='par_1_68' title="bbox 394 5329 1989 5408">
     <span class='ocr_line' id='line_1_68' title="bbox 394 5329 1989 5408; baseline 0.003 -19"><span class='ocrx_word' id='word_1_542' title='bbox 394 5335 442 5389; x_wconf 87' lang='grc'><strong>1.</strong></span> <span class='ocrx_word' id='word_1_543' title='bbox 474 5329 625 5390; x_wconf 84' lang='grc' dir='ltr'>Ἔδει</span> <span class='ocrx_word' id='word_1_544' title='bbox 661 5331 756 5406; x_wconf 61' lang='grc' dir='ltr'>μὲν</span> <span class='ocrx_word' id='word_1_545' title='bbox 787 5330 915 5395; x_wconf 79' lang='grc' dir='ltr'>τοὺς</span> <span class='ocrx_word' id='word_1_546' title='bbox 945 5332 1084 5405; x_wconf 76' lang='grc' dir='ltr'>ἅπαξ</span> <span class='ocrx_word' id='word_1_547' title='bbox 1116 5331 1701 5407; x_wconf 79' lang='grc' dir='ltr'>ἀποπηδήσανταςτῆς</span> <span class='ocrx_word' id='word_1_548' title='bbox 1729 5333 1989 5408; x_wconf 79' lang='grc' dir='ltr'>Ἐλληνι-</span> 
     </span>
    </p>
   </div>
   <div class='ocr_carea' id='block_1_69' title="bbox 319 5418 1982 5499">
    <p class='ocr_par' dir='ltr' id='par_1_69' title="bbox 319 5418 1982 5499">
     <span class='ocr_line' id='line_1_69' title="bbox 319 5418 1982 5499; baseline 0.003 -23"><span class='ocrx_word' id='word_1_549' title='bbox 319 5426 423 5491; x_wconf 82' lang='grc' dir='ltr'><strong>κῆς</strong></span> <span class='ocrx_word' id='word_1_550' title='bbox 453 5418 698 5493; x_wconf 83' lang='grc' dir='ltr'>ωλάνης,</span> <span class='ocrx_word' id='word_1_551' title='bbox 729 5422 820 5476; x_wconf 82' lang='grc' dir='ltr'><strong>καὶ</strong></span> <span class='ocrx_word' id='word_1_552' title='bbox 881 5420 1196 5499; x_wconf 71' lang='grc' dir='ltr'>ἑπιγνόντας</span> <span class='ocrx_word' id='word_1_553' title='bbox 1226 5423 1318 5478; x_wconf 83' lang='grc' dir='ltr'><strong>τὸν</strong></span> <span class='ocrx_word' id='word_1_554' title='bbox 1371 5420 1466 5479; x_wconf 59' lang='grc' dir='ltr'>ἵνα</span> <span class='ocrx_word' id='word_1_555' title='bbox 1493 5424 1584 5481; x_wconf 76' lang='grc' dir='ltr'><strong>καὶ</strong></span> <span class='ocrx_word' id='word_1_556' title='bbox 1648 5424 1808 5499; x_wconf 88' lang='grc' dir='ltr'>μόνον</span> <span class='ocrx_word' id='word_1_557' title='bbox 1841 5426 1982 5497; x_wconf 88' lang='grc' dir='ltr'>ἀλη-</span> 
     </span>
    </p>
   </div>
   <div class='ocr_carea' id='block_1_70' title="bbox 321 5510 1978 5588">
    <p class='ocr_par' dir='ltr' id='par_1_70' title="bbox 321 5510 1978 5588">
     <span class='ocr_line' id='line_1_70' title="bbox 321 5510 1978 5588; baseline 0.004 -24"><span class='ocrx_word' id='word_1_558' title='bbox 321 5511 459 5572; x_wconf 80' lang='grc' dir='ltr'>Θεῶς</span> <span class='ocrx_word' id='word_1_559' title='bbox 489 5513 598 5565; x_wconf 82' lang='grc' dir='ltr'><strong>τῶν</strong></span> <span class='ocrx_word' id='word_1_560' title='bbox 628 5510 877 5565; x_wconf 81' lang='grc' dir='ltr'>ἁπάντων</span> <span class='ocrx_word' id='word_1_561' title='bbox 910 5510 1038 5567; x_wconf 81' lang='grc' dir='ltr'>Θεὸν</span> <span class='ocrx_word' id='word_1_562' title='bbox 1076 5555 1091 5581; x_wconf 83' lang='grc'><strong><em>,</em></strong></span> <span class='ocrx_word' id='word_1_563' title='bbox 1126 5511 1322 5586; x_wconf 79' lang='grc' dir='ltr'>μηκέτι</span> <span class='ocrx_word' id='word_1_564' title='bbox 1379 5518 1657 5587; x_wconf 85' lang='grc' dir='ltr'>προσεῖναι</span> <span class='ocrx_word' id='word_1_565' title='bbox 1688 5513 1758 5588; x_wconf 73' lang='grc' dir='ltr'><strong>τῇ</strong></span> <span class='ocrx_word' id='word_1_566' title='bbox 1785 5513 1978 5588; x_wconf 83' lang='grc' dir='ltr'>κτίσει,</span> 
     </span>
    </p>
   </div>
   <div class='ocr_carea' id='block_1_71' title="bbox 398 5655 1969 5749">
    <p class='ocr_par' dir='ltr' id='par_1_71' title="bbox 398 5661 1969 5749">
     <span class='ocr_line' id='line_1_71' title="bbox 398 5661 1969 5749; baseline 0.004 -30"><span class='ocrx_word' id='word_1_567' title='bbox 398 5665 508 5737; x_wconf 86' lang='grc'>(61)</span> <span class='ocrx_word' id='word_1_568' title='bbox 560 5661 1106 5749; x_wconf 37' lang='grc' dir='ltr'><strong>⁸ἰξοειςιόβριστόις,</strong></span> <span class='ocrx_word' id='word_1_569' title='bbox 1167 5666 1483 5749; x_wconf 68' lang='lat' dir='ltr'><strong>Parisiens.</strong></span> <span class='ocrx_word' id='word_1_570' title='bbox 1537 5668 1709 5749; x_wconf 79' lang='lat' dir='ltr'><strong>edit._</strong></span> <span class='ocrx_word' id='word_1_571' title='bbox 1753 5668 1969 5749; x_wconf 80' lang='lat' dir='ltr'><strong>addunt</strong></span> 
     </span>
    </p>
   </div>
   <div class='ocr_carea' id='block_1_72' title="bbox 2087 5655 3747 5749">
    <p class='ocr_par' dir='ltr' id='par_1_72' title="bbox 2087 5655 3747 5749">
     <span class='ocr_line' id='line_1_72' title="bbox 2087 5655 3747 5749; baseline -0.011 -21"><span class='ocrx_word' id='word_1_572' title='bbox 2087 5671 2323 5749; x_wconf 54' lang='lat' dir='ltr'><strong>Lucani,</strong></span> <span class='ocrx_word' id='word_1_573' title='bbox 2356 5666 2504 5749; x_wconf 56' lang='grc' dir='ltr'>Ἐἶδει</span> <span class='ocrx_word' id='word_1_574' title='bbox 2537 5665 2600 5749; x_wconf 64' lang='grc' dir='ltr'>δζ</span> <span class='ocrx_word' id='word_1_575' title='bbox 2613 5687 2749 5749; x_wconf 50' lang='grc' dir='ltr'>τους.</span> <span class='ocrx_word' id='word_1_576' title='bbox 2770 5666 2928 5739; x_wconf 77' lang='grc' dir='ltr'>ἅπαξ,</span> <span class='ocrx_word' id='word_1_577' title='bbox 2953 5666 3125 5742; x_wconf 77' lang='lat' dir='ltr'><strong>quasi</strong></span> <span class='ocrx_word' id='word_1_578' title='bbox 3156 5666 3529 5739; x_wconf 61' lang='lat' dir='ltr'><strong>premissum</strong></span> <span class='ocrx_word' id='word_1_579' title='bbox 3569 5655 3747 5733; x_wconf 80' lang='lat' dir='ltr'><strong>quid-</strong></span> 
     </span>
    </p>
   </div>
   <div class='ocr_carea' id='block_1_73' title="bbox 325 5733 2808 5833">
    <p class='ocr_par' dir='ltr' id='par_1_73' title="bbox 325 5733 2808 5833">
     <span class='ocr_line' id='line_1_73' title="bbox 325 5733 2808 5833; baseline -0.008 -20"><span class='ocrx_word' id='word_1_580' title='bbox 325 5733 526 5812; x_wconf 55' lang='grc' dir='ltr'><strong>Λόγος»</strong></span> <span class='ocrx_word' id='word_1_581' title='bbox 556 5735 617 5814; x_wconf 54' lang='lat' dir='ltr'><strong>iii</strong></span> <span class='ocrx_word' id='word_1_582' title='bbox 652 5733 958 5833; x_wconf 46' lang='grc' dir='ltr'>θρίαίάέῇ</span> <span class='ocrx_word' id='word_1_583' title='bbox 978 5733 1105 5811; x_wconf 58' lang='grc' dir='ltr'><strong>(ιω</strong></span> <span class='ocrx_word' id='word_1_584' title='bbox 1123 5754 1239 5811; x_wconf 53' lang='lat' dir='ltr'><strong>vi?!</strong></span> <span class='ocrx_word' id='word_1_585' title='bbox 1252 5738 1632 5809; x_wconf 63' lang='grc' dir='ltr'><strong>ἀθθβιίιιωιο</strong></span> <span class='ocrx_word' id='word_1_586' title='bbox 1668 5739 1887 5805; x_wconf 71' lang='lat' dir='ltr'><strong>Catena</strong></span> <span class='ocrx_word' id='word_1_587' title='bbox 1912 5741 1975 5800; x_wconf 84' lang='lat' dir='ltr'><strong>in</strong></span> <span class='ocrx_word' id='word_1_588' title='bbox 2084 5742 2243 5815; x_wconf 78' lang='lat' dir='ltr'><strong>piam</strong></span> <span class='ocrx_word' id='word_1_589' title='bbox 2276 5733 2472 5816; x_wconf 68' lang='lat' dir='ltr'><strong>fuerit,</strong></span> <span class='ocrx_word' id='word_1_590' title='bbox 2502 5740 2603 5798; x_wconf 73' lang='lat' dir='ltr'><strong>sed</strong></span> <span class='ocrx_word' id='word_1_591' title='bbox 2634 5737 2808 5796; x_wconf 85' lang='lat' dir='ltr'><strong>male.</strong></span> 
     </span>
    </p>
   </div>
  </div>
