4136 6388
340 412 455 472 125

1503 412 1716 484 QUOD
1761 407 1972 472 UNUS
2021 408 2145 470 SIT
2189 408 2606 472 CHRISTUS.

3655 374 3785 474 ηδ’

337 541 623 617 προσέχειν
677 541 934 615 Θελήσῃς,
993 541 1238 617 εὑρήσεις
1305 539 1500 603 αὐτοὺς
1559 537 1659 612 ἔξω
1700 546 1802 608 τῆς
1834 537 1971 613 ἁγίας

2103 544 2160 596 et
2173 540 2331 595 hunc
2344 541 2576 612 negotio
2591 539 2854 596 animum
2871 540 3147 597 adhibere
3159 539 3765 614 volueris,deprehen-

334 629 558 707 Τριάδος
623 629 923 706 βάλλοντας
982 631 1071 685 τὸν
1127 631 1323 706 Κύριον
1384 633 1498 704 (70)
1555 633 1716 702 ἡμῶν
1776 631 1984 698 Ἰησοῦν

333 722 580 794 Χριστὸν,
613 722 686 782 ὡς
745 717 965 787 δοῦλον,
1009 722 1081 782 ὼς
1113 720 1396 795 ἄνθρωπον
1431 717 1858 793 ἀπροσκύνητον,
1892 717 1982 771 τὸν

334 809 730 884 προσκυνητόν·
790 815 1198 884 προσκυνοῦντα
1254 807 1311 864 δί
1370 807 1608 881 μᾶλλον,
1639 808 1728 862 καὶ
1763 801 1985 861 σέϐοντα

335 899 468 970 μετά
537 897 772 968 πάντων,
826 898 913 953 καὶ
975 898 1407 971 ὑποτασσόμενον
1466 902 1535 970 τῇ
1596 896 1720 972 ἀγίᾳ
1772 894 1980 971 Τριάδι,

327 987 400 1048 ὡς
463 985 784 1061 Μάρκελλος
843 986 933 1041 xui
990 988 1017 1040 6
1080 988 1422 1059 Σαμοσατεὺς
1484 985 1702 1047 Παῦλος
1747 986 1982 1060 παρεξη-

324 1079 566 1149 γοῦνται,
613 1076 675 1129 τὸ
726 1076 899 1137 θεῖκὸν
959 1076 1048 1129 καὶ
1110 1074 1470 1130 ἀποστολικὸν
1502 1074 1728 1150 γράμμα
1756 1073 1829 1135 εἰς
1879 1075 1978 1141 τήν

328 1161 468 1217 ἰδίαν
499 1163 673 1218 αὐτῶν
706 1162 951 1226 ἕλκοντες
985 1161 1209 1220 ἔννοιαν·
1272 1167 1492 1218 «Ὅταν
1546 1186 1572 1215 ››
1635 1165 1761 1238 γάρ,
1823 1162 1978 1240 φησὶ,

329 1277 357 1304 ‹‹
420 1253 661 1328 ὑποταγῇ
721 1254 870 1325 αύτῷ
924 1256 989 1309 τά
1021 1254 1215 1318 πάντα,
1248 1253 1369 1308 τότε
1397 1253 1485 1307 καὶ
1519 1253 1676 1313 αὐτὸς
1711 1254 1738 1306 6
1770 1251 1914 1316 Υἱὸς,
1950 1276 1975 1301 ››

325 1343 600 1396 τουτέστιν
644 1343 670 1396 ὑ
729 1343 1060 1420 ἀναληφθεὶς
1121 1343 1424 1418 ἅνθρωπος.
1493 1367 1518 1392 ‹‹
1582 1342 1978 1414 ὑποταγήσεται

326 1434 405 1501 τῷ
465 1430 779 1500 ὑποτάξαντι
839 1430 985 1503 αὐτῷ
1034 1432 1101 1484 τά
1157 1432 1329 1484 πάντα
1369 1433 1502 1502 (71),
1529 1428 1599 1482 ἵν’
1703 1431 1730 1482 ὁ
1765 1429 1916 1498 Θεὸς,
1949 1452 1977 1479 ››

328 1520 514 1597 φησὶν,
548 1520 621 1581 ὡς
654 1520 742 1574 καὶ
775 1520 880 1594 πρὸ
906 1522 1003 1587 τῆς
1037 1520 1381 1591 σαρκώσεως,
1423 1544 1448 1568 ‹‹
1485 1518 1534 1572 ἐν
1569 1525 1753 1585 πᾶσιν,
1782 1543 1806 1566 ‹‹
1833 1517 1978 1571 ἀσώ-

329 1629 497 1681 ματος
560 1608 655 1678 ὥν,
717 1609 806 1663 καὶ
864 1613 1020 1681 σῶμα
1082 1609 1156 1681 μή
1215 1605 1380 1684 ἔχων·
1440 1608 1527 1662 καὶ
1587 1605 1976 1683 ὁάναληφθεὶς

322 1697 630 1771 ἄνθρωπος,
682 1697 815 1770 μετά
872 1697 1086 1752 πάντων
1145 1697 1234 1751 καὶ
1281 1702 1399 1752 τοῖς
1449 1704 1577 1751 πᾶσι
1613 1697 1976 1773 συναριθμού-

326 1805 484 1858 μενος
516 1785 1220 1861 προσιὼν,ὑποτασσόμενος
1252 1787 1340 1840 καὶ
1369 1784 1644 1860 λατρεύων
1674 1790 1807 1856 Θεῷ.
1843 1792 1977 1840 Σκο-

2102 629 2203 685 des
2236 630 2395 701 ipsos
2426 637 2587 685 extra
2633 635 2901 684 sanctam
2930 630 3277 685 Trinitatem
3306 630 3621 686 Dominum
3656 648 3758 686 no-

2096 725 2283 774 strum
2318 721 2646 776 89Jesum
2679 719 2973 775 Christum
3008 721 3338 784 exturbare,
3397 725 3462 774 ut
3491 735 3750 786 servum,

2095 814 2160 862 ut
2190 809 2512 877 hominem,
2547 825 2721 880 quem
2755 809 2994 862 adorare
3037 809 3198 862 nefas
3247 807 3345 871 sit,
3378 825 3512 862 cum
3555 810 3633 863 sit
3662 814 3749 862 ta-

2094 914 2227 954 men
2281 899 2742 954 adoranduszac
2793 899 2984 970 ipsum
3044 898 3240 968 potius
3298 897 3663 962 adorantem,
3695 902 3750 951 et

2091 1003 2224 1042 cum
2260 989 2481 1043 caeteris
2512 988 2787 1042 omnibus
2819 986 3124 1051 colentem,
3158 1002 3380 1041 necnon
3439 985 3741 1040 subditum

2091 1082 2304 1131 sanctae
2335 1077 2606 1131 Trinitati
2637 1093 2765 1132 esse
2796 1082 3043 1147 putant;
3077 1080 3143 1130 ut
3171 1073 3495 1140 Marcellus,
3520 1081 3578 1128 et
3598 1077 3746 1128 Pau-

2091 1165 2184 1219 lus
2218 1167 2668 1232 Samosatensis,
2702 1166 2958 1220 divinam
2990 1171 3047 1220 et
3078 1165 3458 1236 apostolicam
3483 1162 3742 1233 Scriptu-

2091 1271 2215 1310 ram
2250 1257 2319 1310 ad
2368 1273 2536 1310 suam
2577 1256 2924 1310 sententiam
2979 1255 3410 1324 detorquentes,
3445 1269 3745 1324 perperam

2089 1344 2416 1416 explicant:
2445 1362 2603 1410 nam,
2636 1368 2655 1393 ιι
2691 1361 2823 1400 cum
2855 1345 3122 1414 subjecta
3155 1343 3366 1398 fuerint
3391 1340 3749 1406 illiomnia,»

2088 1435 2304 1504 inquit,
2341 1456 2369 1484 ‹‹
2397 1440 2536 1488 tunc
2567 1439 2625 1488 et
2656 1435 2780 1504 ipse
2805 1433 3007 1496 Filius,
3039 1455 3068 1483 »
3094 1433 3150 1486 id
3188 1439 3278 1486 est
3308 1431 3485 1486 homo
3517 1445 3749 1484 assum-

2088 1529 2247 1596 ptus,
2277 1545 2303 1574 «
2337 1524 2640 1593 subjectus
2672 1523 2783 1578 erit
2803 1523 2876 1587 ei,
2913 1523 3016 1593 qui
3065 1521 3320 1591 subjecit
3348 1521 3396 1574 ei
3431 1519 3649 1587 omnia,
3685 1521 3750 1572 ut

2090 1613 2167 1668 sit
2195 1613 2426 1682 Deus,“
2464 1636 2482 1660 ι
2510 1611 3464 1682 inquit,utanteincarnationem,«
3492 1608 3548 1662 in
3567 1605 3752 1662 omni-

2087 1702 2263 1766 bus,»
2287 1718 2422 1758 cum
2447 1701 2659 1772 sitipse
2676 1701 3362 1772 incorporeus,etcorpus
3382 1714 3495 1752 non
3513 1695 3747 1760 habeat;

2085 1790 2262 1845 homo
2305 1795 2502 1846 autem
2533 1794 2878 1859 assumptus
2911 1787 3134 1844 caeteris
3189 1787 3466 1843 omnibus
3499 1799 3746 1840 anume-

319 1875 548 1942 πήσατε,
579 1873 654 1935 εἷς
687 1872 818 1943 ὅσην
847 1874 1138 1929 κατέπεσον
1172 1875 1476 1950 ἀφροσύνην
1511 1877 1563 1929 οἱ
1594 1873 1971 1952 δοκησίσοφοι,

2087 1886 2273 1942 ratus,
2303 1880 2575 1935 subditus
2598 1878 2676 1933 sit
2697 1877 3156 1948 Deo,ipsumque
3182 1875 3357 1932 colat.
3383 1872 3750 1946 Perpendite.

321 1961 395 2025 εἷς
420 1961 551 2034 ὅσην
590 1964 779 2036 μανίαν
811 1965 897 2020 καὶ
929 1964 1200 2037 ἀπιστίαν,
1234 1965 1322 2019 xui
1355 1965 1583 2020 ἐπινοεῖν
1615 1967 1680 2020 τὰ
1715 1967 1788 2039 μὴ
1824 1960 1972 2037 ὄντα,

319 2051 409 2106 καὶ
449 2050 798 2120 πλάττεσθαι,
825 2055 914 2108 καὶ
958 2052 1300 2129 μυθολογεῖν.

2087 1987 2304 2040 quaeso,
2337 1970 2395 2022 in
2419 1971 2696 2040 quantam
2728 1968 3046 2022 amentiam
3082 1965 3306 2036 delapsi
3330 1969 3470 2020 sunt
3499 1963 3616 2032 isti,
3652 1963 3753 2034 qui

2085 2059 2197 2114 sibi
2229 2059 2374 2131 ipsis
2405 2058 2699 2130 sapientes
2721 2057 3010 2126 videntur,
3044 2056 3104 2110 in
3135 2059 3424 2127 quantum
3455 2051 3753 2108 vesaniam

321 2147 379 2198 et
414 2144 817 2199 inﬁdelitatem
851 2145 1065 2214 abiere,
1091 2152 1154 2200 ut
1181 2145 1509 2216 excogitent
1529 2150 1586 2201 et
1614 2146 2142 2204 comminiscentur
2165 2166 2294 2220 quas
2321 2165 2623 2219 nunquam
2652 2149 2832 2212 fuere,
2855 2162 3167 2217 morasque
3197 2142 3427 2199 fabulas
3461 2144 3751 2197 enarrent.

391 2275 403 2286 .
437 2230 511 2285 Οὐ
555 2231 714 2304 μόνον
776 2229 834 2286 δὲ
885 2236 951 2305 τῇ
982 2231 1157 2287 πίστει
1189 2232 1508 2308 προσελθεῖν
1543 2233 1642 2288 οῦκ
1669 2233 1969 2306 ἠθέλησαν,

315 2316 461 2373 ἀλλά
509 2320 597 2374 καὶ
655 2321 859 2383 ἀπάτας
917 2320 1150 2395 ἐξεῦρον,
1210 2322 1298 2376 καὶ
1331 2322 1653 2398 κακοτργίας
1687 2322 1970 2399 ἐμηχανή-

317 2428 502 2478 σαντο,
561 2408 862 2465 ἐπλάσαντο
927 2411 1111 2486 μωρὰς
1161 2411 1250 2465 καὶ
1301 2409 1656 2474 ἀπαιδεύτους
1693 2415 1971 2483 ζητήσεις,

319 2494 394 2557 εἲς
427 2494 639 2566 πλάνην
689 2497 914 2553 πολλῶν
973 2499 1061 2552 καὶ
1121 2499 1449 2554 ἀποστασίαν
1496 2501 1811 2576 παράνομον
1847 2523 1973 2556 σκο-

319 2586 587 2653 πήσαντες
621 2589 755 2656 (72).
800 2585 860 2638 Εἰ
892 2589 994 2660 γάρ
1025 2585 1370 2661 προσεδόκων
1401 2589 1462 2642 τὸ
1500 2587 1729 2659 μέλλον,
1763 2591 1808 2644 εἰ
1840 2597 1973 2646 Θεοῦ

318 2670 617 2746 ἐπιδημίαν
670 2673 759 2728 καὶ
791 2673 964 2749 κρίσιν
997 2673 1295 2746 ἐπίστευον,
1328 2677 1372 2729 εἰ
1403 2676 1623 2731 κόλασιν
1659 2674 1972 2755 ἐφοϐοῦντο,

317 2765 388 2834 τῇ
430 2765 609 2816 πίστει
671 2765 1081 2838 προσήρχοντο,
1143 2763 1494 2840 Εὐαγγελίοις
1553 2765 1854 2836 ἐπείθοντο,
1883 2768 1973 2822 καὶ

317 2848 648 2911 ἀποστόλοις
680 2849 1024 2919 ἠκολούθουν
1060 2851 1272 2923 μᾶλλον
1377 2853 1670 2928 λογισμοῖς
1706 2855 1976 2931 ἀνθρωπί-

316 2959 456 3000 νοις.
523 2939 751 3015 Χριστὸν
823 2940 924 3014 γὰρ
985 2939 1182 3002 εὐθέως
1243 2939 1502 3015 ἐκήρυξαν
1565 2941 1863 3014 ἐξελθόντες
1923 2946 1973 2998 οἱ

315 3027 614 3083 ἀπόστολοι
673 3027 975 3105 συμφώνως
1031 3028 1120 3081 καὶ
1181 3028 1497 3092 ἀκολούθως
1556 3031 1644 3084 τὸν
1707 3033 1828 3086 Υῖὸν
1877 3037 1974 3087 τοῦ

316 3121 470 3175 Θεοῦ.
504 3121 702 3172 Τοῦτον
762 3117 851 3172 τὸν
897 3116 950 3171 ἐν
1012 3115 1266 3191 Βηθλεὲμ
1292 3119 1616 3192 γεννηθέντα
1647 3119 1706 3174 ἐκ
1735 3122 1974 3196 σπέρμα-

315 3229 409 3269 τος
469 3202 634 3261 Δαϐἶδ
687 3207 822 3262 κατὰ
875 3205 1064 3282 σάρκα,
1121 3206 1213 3260 τὸν
1264 3207 1604 3279 ὁμοιωθέντα
1638 3211 1967 3285 ἀνθρώποις,

2153 2241 2208 2293 3.
2240 2239 2365 2294 Non
2390 2238 2583 2293 solum
2615 2242 2810 2292 autem
2844 2236 2976 2290 fidei
3037 2251 3164 2290 sese
3196 2235 3516 2304 adjungere
3546 2229 3752 2287 nolue-

2083 2334 2238 2397 runt,
2271 2328 2373 2383 sed
2405 2332 2462 2382 et
2510 2326 2676 2382 dolos
2707 2325 3154 2390 adinvenerunt,
3177 2322 3530 2391 fraudesque
3561 2318 3746 2379 moliti

2085 2422 2263 2473 sunt:
2299 2415 2511 2472 stultas
2542 2420 2598 2471 et
2655 2415 2886 2487 ignaras
2917 2412 3270 2485 quaestiones
3308 2407 3646 2474 commenti,
3679 2423 3746 2462 eo

2086 2506 2278 2562 solum
2313 2509 2666 2577 spectantes,
2695 2509 2757 2558 ut
2788 2503 3008 2557 multos
3037 2501 3096 2556 in
3128 2516 3406 2564 errorem,
3439 2503 3496 2554 et
3525 2497 3582 2551 in
3617 2512 3741 2552 sce-

2086 2597 2328 2651 leratam
2383 2594 2769 2650 defectionem
2831 2593 3196 2647 inducerent.
3257 2590 3314 2645 Si
3359 2588 3512 2643 enim
3551 2588 3750 2642 futura

2085 2687 2506 2754 exspectarent,
2542 2682 2590 2737 si
2636 2681 2734 2736 Dei
2787 2682 3099 2735 adventum
3134 2685 3190 2734 et
3225 2677 3518 2750 judicium
3549 2675 3747 2730 crede-

2087 2778 2236 2839 rent,
2299 2772 2347 2827 si
2407 2771 2762 2843 supplicium
2797 2770 3267 2834 reformidarent,
3301 2768 3373 2822 ad
3407 2766 3584 2821 fidem
3607 2779 3750 2819 sane

2088 2862 2448 2924 accederent,
2482 2858 2810 2930 Evangeliis
2855 2859 3347 2928 obtemperarent,
3373 2860 3430 2910 et
3450 2853 3746 2925 apostolos

2086 2950 2277 3020 magis
2311 2965 2488 3021 quam
2521 2948 2782 3002 humana
2812 2947 3120 3002 ratiocinia
3151 2949 3556 3015 sequerentur.
3580 2942 3744 2998 Chri-

2085 3044 2240 3095 stum
2271 3040 2427 3094 enim
2459 3035 2705 3109 apostoli
2738 3036 2934 3090 statim
2967 3040 3140 3105 atque
3163 3034 3400 3106 profecti
3424 3036 3584 3097 sunt,
3608 3047 3744 3086 voce

2082 3144 2340 3183 consona
2369 3134 2426 3182 et
2465 3126 2841 3181 conformiter
2882 3123 3343 3195 praedicaverunt
3391 3119 3602 3176 Filium
3643 3110 3749 3176 Dei

2081 3233 2232 3273 esse.
2271 3218 2431 3271 Hunc
2467 3217 2525 3270 in
2579 3213 2919 3270 Bethlehem
2963 3216 3164 3268 natum
3199 3227 3268 3265 ex
3312 3210 3535 3266 semine
3565 3209 3746 3264 David

317 3296 408 3350 xui
469 3296 844 3370 σταυρωθέντα
905 3296 1035 3371 ὑπὲρ
1087 3295 1384 3369 ἀνθρώπων
1419 3296 1507 3351 ἐπὶ
1541 3297 1776 3353 Ποντίου
1803 3299 1971 3371 Πιλά-

2093 3307 2418 3362 secundum
2452 3321 2711 3366 carnem,
2747 3303 3088 3357 hominibus
3115 3299 3370 3356 similem
3406 3301 3648 3365 factum,
3683 3313 3748 3353 ac

315 3407 436 3454 του,
494 3384 678 3439 αὐτὸν
712 3385 858 3438 εἷπον
921 3387 1031 3457 (73)
1084 3385 1234 3454 Θεὸν,
1285 3384 1442 3439 αὐτὸν
1475 3384 1782 3462 ἄνθρωπον,
1815 3389 1972 3444 αὐτὸν

315 3477 468 3530 εἷπον
498 3473 619 3528 Υἱὸν
649 3477 803 3542 Θεοῦ,
839 3471 996 3526 αὐτὸν
1025 3473 1145 3526 Υἱὸν
1181 3475 1490 3549 ἀνθρώπου,
1552 3475 1710 3531 αὑτὸν
1770 3477 1821 3548 ἐξ
1882 3479 1972 3534 οὐ·

317 3569 502 3640 ρανοῦ,
536 3563 695 3618 αὐτὸν
731 3563 835 3617 ἀπὸ
867 3569 996 3637 γῆς,
1030 3562 1188 3617 αὐτὸν
1223 3565 1424 3632 ἀπαθῆ,
1487 3564 1645 3619 αὑτὸν
1705 3570 1972 3640 παθητὸν,

317 3653 417 3709 οὐκ
469 3651 665 3721 ἄλλον,
729 3651 790 3706 οὐ
842 3651 1108 3726 πρόσωπα
1165 3648 1282 3723 δύο,
1353 3651 1461 3727 οὐχ
1511 3654 1849 3726 ὑποστάσεις,
1910 3657 1970 3712 οὐ

316 3743 711 3819 προσκυνήσεις
765 3738 881 3796 δύο.
916 3739 1013 3802 Τίς
1045 3738 1206 3814 χρεία
1239 3745 1417 3810 ζητεῖν
1467 3743 1556 3796 καὶ
1591 3741 1969 3820 λογομαχεῖν;

318 3830 600 3888 Ιιιστεύειν
684 3830 968 3907 συμφέρει,
1057 3829 1146 3882 καὶ
1234 3824 1429 3903 σέϐειν,
1515 3831 1604 3886 xui
1654 3840 1968 3909 προσκυνεῖν

318 3925 521 3994 σιωπῇ.
578 3917 713 3974 Οἶδα
768 3917 925 3973 αὑτὸν
977 3919 1104 3972 Θεὸν
1161 3917 1382 3988 ἀληθῶς
1423 3918 1472 3992 ἐξ
1506 3920 1733 3995 οὐρανοῦ
1766 3925 1968 3994 ἀπαθῆ·

320 4008 442 4066 οῖδα
500 4009 657 4064 αὑτὸν
719 4007 777 4063 ἐκ
822 4008 1130 4080 σπέρματος
1181 4003 1346 4062 Δαϐὶδ
1379 4010 1514 4063 κατά
1544 4010 1732 4085 σάρκα,
1768 4013 1971 4088 ἅνθρω-

317 4121 418 4156 πον
481 4099 584 4154 ἀπὸ
636 4104 737 4174 γῆς
795 4097 1060 4167 παθητόν.
1123 4096 1197 4150 Οὐ
1251 4102 1419 4170 ζητῶ,
1461 4103 1578 4161 πῶς
1609 4102 1850 4171 παθητὸς
1881 4103 1970 4157 καὶ

319 4190 528 4257 ἀπαθὴς
587 4189 614 4242 ὁ
671 4187 850 4258 αὐτὸς,
911 4191 1028 4248 πῶς
1079 4186 1206 4248 Θεὸς
1238 4186 1328 4240 καὶ
1388 4192 1506 4250 πῶς
1557 4186 1971 4264 ἅνθρωπος,’ίνα

319 4283 417 4355 μή,
449 4281 511 4335 τὸ
542 4284 657 4342 πῶς
699 4277 1185 4354 περιεργαζόμενος
1217 4277 1304 4332 καὶ
1335 4278 1427 4332 τὸν
1458 4278 1660 4352 τρόπον
1685 4282 1968 4352 ἀναζητῶν

314 4370 524 4426 ἐκπέσω
552 4373 649 4424 τοῦ
679 4368 1043 4444 προκειμένου
1076 4369 1210 4440 ἡμῖν
1247 4369 1467 4443 ἀγαθοῦ.
1530 4369 1807 4426 Ιῐιστεύειν
1866 4373 1968 4447 γάρ

311 4465 527 4537 πρῶτον
588 4460 723 4534 χρὴ,
782 4457 869 4512 xui
931 4454 1192 4528 δοξάζειν,
1241 4457 1330 4511 καὶ
1363 4454 1610 4533 δεύτερον
1645 4460 1845 4523 ἀνωθεν
1871 4462 1971 4530 τὴν

314 4549 562 4604 σύστασιν
620 4546 828 4603 τούτων
889 4546 1174 4615 αἰτεῖσθαι,
1226 4547 1314 4600 xui
1369 4547 1444 4618 μή
1477 4547 1712 4612 κάτωθεν
1763 4548 1964 4619 ταύτην

2087 3413 2190 3468 pro
2215 3395 2556 3450 hominibus
2581 3393 2920 3448 cruciﬁxum
2972 3392 3082 3445 sub
3115 3390 3318 3445 Pontio
3351 3387 3558 3455 Pilato,
3581 3403 3747 3442 eum-

2085 3488 2218 3542 dem
2249 3485 2446 3541 dixere
2481 3489 2684 3547 Deum,
2719 3487 2776 3538 et
2805 3482 3146 3548 hominem;
3174 3479 3383 3535 Filium
3436 3477 3534 3533 Dei
3558 3482 3614 3532 et
3663 3477 3751 3532 Fi-

2084 3575 2228 3631 lium
2265 3575 2558 3641 hominis;
2593 3589 2662 3627 ex
2692 3570 2858 3638 cmlo,
2890 3575 2948 3625 et
2979 3587 3046 3626 ex
3079 3575 3234 3624 terra
3264 3587 3278 3636 ;
3305 3565 3734 3640 impassibilem

2083 3669 2142 3718 et
2174 3662 2510 3734 passibilem
2539 3686 2552 3726 ;
2577 3677 2692 3716 non
2742 3659 2944 3727 alium,
2978 3675 3093 3712 non
3131 3673 3410 3729 personas
3440 3656 3608 3720 duas,
3635 3669 3743 3710 nec

2083 3754 2232 3808 duas
2261 3751 2627 3824 hypostases,
2682 3765 2784 3804 nec
2841 3749 2988 3803 duas
3021 3747 3414 3802 adorationes.
3448 3745 3740 3808 Quorsum

2082 3841 2535 3912 disceptationes
2567 3843 2623 3894 et
2644 3838 2952 3893 verborum
2988 3853 3195 3908 pugnae
3214 3836 3243 3890 ?
3265 3835 3510 3890 Credere
3539 3849 3743 3888 conve-

2081 3931 2189 3995 nit,
2235 3936 2294 3986 et
2336 3947 2454 3984 una
2513 3929 2722 3993 colere,
2770 3932 2939 3998 atque
2995 3927 3237 3980 adorare
3295 3940 3429 3979 cum
3492 3921 3746 3978 silentio.

2079 4020 2555 4091 Agnoscoipsum
2587 4034 2787 4074 revera
2821 4023 2998 4071 Deum
3020 4031 3086 4070 ex
3116 4013 3256 4068 caalo
3283 4011 3746 4083 impassibilem:

2082 4124 2334 4179 agnosco
2357 4108 2553 4177 ipsum
2586 4122 2654 4160 ex
2678 4105 2902 4160 semine
2921 4103 3096 4160 David
3124 4102 3449 4158 secundum
3483 4116 3745 4168 carnem,

2080 4197 2381 4253 hominem
2415 4197 2486 4250 de
2517 4200 2672 4250 terra
2703 4192 3428 4266 passibilem.Nonquasro
3449 4192 3742 4262 quomodo

2080 4287 2234 4341 idem
2269 4284 2568 4357 passibilis
2593 4289 2649 4339 et
2678 4281 3064 4354 impassibilis
3095 4281 3208 4336 sit:
3243 4281 3538 4351 quomodo
3586 4284 3740 4336 Deus

2081 4379 2138 4430 et
2167 4375 2378 4441 homo;
2413 4390 2485 4428 ne
2511 4373 2680 4439 illud,
2712 4371 3026 4443 quomodo,
3059 4371 3350 4426 curiosius
3383 4369 3742 4441 investigan-

2081 4466 2174 4529 do,
2209 4465 2614 4534 rationemque
2646 4460 3056 4534 perquirendo,
3083 4459 3218 4514 boni
3252 4457 3420 4514 nobis
3456 4458 3739 4530 propositi

2071 4555 2366 4625 jacturam
2401 4553 2628 4607 faciam.
2656 4551 2920 4605 Primum
2951 4549 3108 4604 enim
3149 4548 3385 4603 credere
3415 4551 3644 4619 oportet
3676 4563 3743 4602 ac

311 4637 628 4716 πορίζεσθαι
687 4635 739 4706 ἐξ
796 4633 1024 4708 α’ίματος
1086 4634 1175 4689 καὶ
1233 4635 1455 4708 σαρκὸς,
1515 4633 1641 4691 ἀλλ’
1683 4636 1732 4710 ἐξ
1765 4639 1965 4693 ἀποκα-

2086 4643 2437 4714 gloriﬁcare:
2471 4641 2752 4708 secundo,
2785 4656 2852 4694 ex
2905 4632 3048 4693 ccel'o
3101 4638 3313 4692 harum
3358 4653 3551 4691 rerum
3605 4653 3742 4691 con-

309 4727 526 4800 λύψεως
589 4724 733 4789 θείας
788 4724 880 4778 xui
933 4723 1206 4796 οὐρανίου.
1266 4748 1293 4775 ‹‹
1327 4722 1632 4799 Μακάριος»
1699 4727 1800 4802 γὰρ
1831 4752 1858 4778 ‹‹
1894 4729 1962 4799 εἴ,

311 4816 498 4890 Σίμων
558 4814 666 4888 Βάρ
732 4815 891 4868 Ἰωνᾶ
945 4815 1080 4882 (74),
1139 4810 1222 4867 ὅτι
1255 4813 1381 4887 σὰρξ
1406 4813 1496 4867 καὶ
1535 4815 1672 4886 αἷμα
1704 4815 1802 4870 οὐκ
1833 4818 1961 4871 ἀπε-

309 4904 516 4979 κάλυψέ
564 4923 670 4975 σοι,
734 4899 858 4957 ἀλλ’
917 4903 945 4955 ὁ
976 4903 1164 4978 Πατήρ
1209 4923 1312 4974 μου
1337 4901 1364 4955 ὁ
1393 4901 1450 4957 έν
1479 4907 1596 4964 τοῖς
1626 4903 1896 4980 οὐρανοῖς·
1934 4931 1962 4958 ››

307 4997 419 5067 καὶ,
483 5016 512 5046 ‹‹
565 4992 641 5048 Σὺ
701 4992 749 5047 εἷ
804 4991 1032 5063 Πέτρος,
1065 4990 1154 5046 καὶ
1186 4990 1272 5046 ἰπὶ
1302 4991 1469 5066 ταύτῃ
1498 4993 1569 5064 τῇ
1611 4995 1780 5071 πέτρᾳ
1811 4995 1964 5051 οἷ’κο-

311 5081 542 5158 δομήσω
577 5102 680 5155 μου
707 5081 806 5151 τὴν
843 5077 1190 5150 Ἐκκλησίαν,
1235 5081 1325 5135 καὶ
1355 5079 1526 5136 πύλαι
1559 5079 1690 5152 ᾅδου
1721 5083 1783 5138 οὐ
1815 5106 1967 5141 κατι-

309 5172 601 5250 σχύσουσιν
660 5169 851 5254 αὐτῆς.
902 5193 932 5222 ››
993 5169 1191 5232 Πιστὸς
1254 5169 1282 5223 ὀ
1338 5169 1522 5247 λόγος,
1554 5172 1643 5226 καὶ
1675 5172 1966 5240 ἀσάλευτος

377 5338 419 5372 ⁸¹
455 5337 478 5393 Ι
508 5337 635 5393 Cor.
669 5351 762 5403 xv,
785 5333 876 5389 28.
909 5333 955 5368 ⁸³
987 5333 1196 5391 Matth.
1220 5351 1336 5399 XVI,
1369 5336 1457 5390 17.

379 5515 491 5587 (70)
523 5509 832 5572 Βάλλοντας
856 5509 949 5565 τὸν
983 5509 1234 5587 Χριστόν,
1260 5512 1501 5587 Catena.

380 5579 492 5652 (71)
523 5589 754 5654 Catena,
810 5600 947 5654 quae
1004 5579 1098 5638 hic
1150 5583 1386 5649 desinit,
1429 5579 1456 5637 ἕ
1495 5605 1680 5646 κοντες
1725 5581 1953 5641 ἔννοιαν·

302 5655 428 5712 τότε
456 5655 544 5730 xui
581 5653 609 5708 ὀ
633 5654 764 5730 ⁸ξ”ιὸς
777 5653 1220 5730 ῌὺίπρταγήσεται
1249 5659 1327 5726 τῷ
1358 5655 1552 5730 Πατρί.

377 5730 492 5801 (72)
513 5725 717 5798 Basil.,
767 5725 934 5783 Gobl.
985 5725 1043 5782 et.
1085 5725 1308 5798 Segu,
1342 5725 1733 5798 σκοπήσαντις.
1779 5729 1952 5800 Editi,

2079 4732 2442 4788 stitutionem
2470 4737 2807 4800 petere,non
2834 4737 3029 4784 autem
3053 4729 3122 4783 ab
3147 4729 3254 4782 imo
3286 4727 3449 4782 illam
3481 4743 3549 4780 ex
3571 4741 3742 4779 carne

2073 4826 2130 4877 et
2181 4822 2467 4892 sanguine
2524 4824 2862 4877 desumere:
2923 4821 3022 4874 sed
3075 4835 3144 4874 ex
3173 4817 3370 4873 divina
3417 4823 3473 4871 et
3521 4815 3742 4871 scelesti

2074 4911 2442 4967 revelatione.
2477 4911 2619 4965 Nam
2654 4933 2681 4961 «
2716 4911 2928 4965 Beatus
2958 4925 3044 4977 es,
3075 4908 3276 4964 Simon
3310 4908 3578 4976 Barjona,
3598 4906 3737 4976 quia

2075 5018 2208 5058 caro
2239 5005 2296 5056 et
2315 4999 2560 5073 sanguis
2589 5016 2702 5055 non
2753 4997 3026 5054 revelavit
3054 4996 3161 5052 tibi
3196 5014 3208 5051 :
3241 4995 3343 5052 sed
3373 4994 3540 5048 Pater
3570 5010 3738 5048 meus

2077 5090 2172 5162 qui
2198 5091 2256 5146 in
2272 5089 2430 5146 caelis
2447 5095 2538 5144 est
2555 5089 2602 5124 ⁸³
2629 5107 2643 5156 ;
2679 5110 2708 5138 »
2731 5093 2790 5144 et
2815 5105 2828 5144 :
2853 5110 2883 5138 ‹‹
2907 5087 2996 5142 Tu
3008 5103 3070 5143 es
3084 5082 3733 5152 Petrus,etsuperbano

2077 5183 2304 5253 petram
2336 5178 2635 5234 mdiﬁcabo
2664 5177 2982 5234 Ecolesiam
3007 5190 3222 5240 meam,
3256 5175 3312 5227 et
3351 5173 3528 5242 porta
3561 5168 3736 5226 inferi

2069 5516 2416 5579 σκοπίσαντες
2427 5559 2438 5572 .

2160 5591 2250 5653 73)
2282 5589 2456 5644 Basil.
2491 5587 2585 5642 hic
2613 5591 2671 5641 et
2699 5585 2870 5653 infra,
2904 5583 3074 5636 εἶπαν.

2160 5591 2229 5644 73
2282 5590 2456 5644 Basil.
2491 5590 2585 5642 hic
2613 5591 2671 5641 et
2699 5590 2870 5653 infra,
2904 5590 3074 5636 εἶπαν.

2136 5590 2250 5732 (74)
2280 5657 2639 5724 Basiliensis,
2664 5657 2838 5713 Ἰωνᾶ.
2870 5655 2979 5712 Alii
3009 5659 3067 5710 et
3095 5648 3256 5710 editi,
3290 5646 3463 5699 Ἰωνα.
