4136 6432
315 429 431 492 12⁸1

1479 433 1548 494 8.
1593 424 2129 492 ATHANASIUS.
2171 457 2251 471 —
2295 425 2559 488 DUBIA.

3605 430 3728 494 198

314 541 430 620 non
461 562 854 635 praevalebunt
881 564 1162 620 adversus
1191 580 1320 621 eam
1345 565 1411 621 ”.
1446 586 1476 616 »
1508 562 1724 620 Fidelis
1747 576 1958 629 sermo,

2079 557 2109 626 ἡ
2173 555 2490 633 ὑπόσχεσις,
2543 557 2635 614 καὶ
2693 559 2728 628 ἡ
2786 556 3085 630 Ἐκκλησία
3144 560 3436 631 ἀήττητος,
3463 559 3560 616 κᾶν
3589 558 3722 632 ’ᾲδου

313 658 367 710 et
401 669 514 708 non
569 652 852 709 vacillans
884 654 1239 724 promissio:
1275 656 1490 710 invicta
1538 670 1629 709 res
1651 657 1741 706 est
1774 648 1963 704 Eccle-

309 741 420 809 sia,
452 741 683 796 etiamsi
711 742 908 796 adsint
930 747 1106 813 porta:
1128 743 1319 810 inferi,
1341 742 1611 815 quamvis
1632 757 1766 796 cum
1797 738 1966 794 infer-

312 846 424 885 nus
459 829 602 901 ipse,
656 836 780 885 tum
813 831 849 885 ii
885 831 980 900 qui
1013 831 1071 885 in
1107 832 1232 903 ipso
1263 839 1402 887 sunt
1435 831 1726 904 principes
1757 826 1962 883 mundi

308 919 686 974 tenebrarum
723 927 1081 975 moveantur.
1107 920 1344 976 Conﬁdo
1375 921 1456 975 illi
1481 921 1574 989 qui
1612 921 1730 975 ait:
1757 941 1784 967 (ι
1814 917 1962 972 Con-

305 1007 602 1079 ﬁdite,ego
630 1007 735 1062 vici
769 1009 1056 1064 mundum
1078 1009 1143 1075 3‘,
1178 1032 1205 1058 »
1232 1016 1288 1064 et
1308 1027 1410 1082 per
1430 1009 1732 1082 passiones
1760 1007 1962 1061 itidem

305 1095 458 1151 vici:
488 1097 964 1168 quandoquidem
997 1098 1098 1170 qui
1157 1098 1276 1153 haec
1321 1099 1650 1170 patiebatur
1698 1096 1962 1152 Ecclesia:

307 1185 813 1255 Dominus,potius
843 1187 1193 1256 vincebat,et
1214 1189 1527 1243 crucifixus
1559 1184 1960 1242 hominessal-

304 1289 405 1330 vos
437 1273 703 1341 faciebat,
737 1292 802 1329 ac
835 1275 1135 1331 moriendo
1168 1276 1516 1332 vivilicabat.
1551 1276 1726 1331 Vides
1762 1274 1961 1329 audis-

307 1379 419 1436 que
448 1364 722 1418 eumdem
753 1380 871 1418 una
901 1364 1085 1420 Deum
1110 1369 1167 1420 et
1191 1366 1512 1421 hominem.
1540 1366 1598 1420 Si
1624 1365 1782 1420 enim
1807 1363 1962 1419 Deus

305 1455 537 1507 tantum
594 1457 770 1520 esset,
827 1455 1120 1524 quomodo
1179 1471 1412 1525 passus,
1445 1454 1739 1526 quomodo
1773 1452 1960 1508 cruci-

306 1540 477 1607 ﬁxus,
509 1545 566 1595 et
593 1547 862 1596 mortuus
895 1541 1151 1598 fuisset?
1178 1542 1297 1598 hinc
1329 1543 1545 1614 quippe
1577 1559 1608 1596 a
1634 1547 1746 1597 Deo
1774 1541 1962 1596 aliena

306 1635 467 1685 sunt.
502 1629 570 1684 Et
599 1630 648 1684 si
709 1629 884 1686 homo
911 1631 1215 1698 duntaxat,
1266 1633 1557 1703 quomodo
1617 1648 1716 1701 per
1748 1629 1964 1702 passio-

307 1735 442 1775 nem
464 1719 715 1789 vicisset,
738 1719 986 1775 salutem
1002 1725 1058 1775 et
1069 1721 1247 1776 vitam
1266 1721 1610 1776 attulisset?
1639 1720 1767 1775 Hec
1783 1737 1965 1791 supra

307 1807 609 1864 hominem
640 1813 826 1863 erant.
864 1809 1022 1864 Idem
1057 1814 1254 1865 autem
1285 1814 1340 1865 et
1370 1809 1590 1881 patitur
1609 1814 1666 1865 et
1687 1813 1965 1878 servat,et

309 1912 422 1994 per.
467 1896 806 1969 passionem
850 1897 1044 1953 vincit.
1097 1899 1255 1954 Idem
1311 1903 1489 1994 Deus,
1543 1899 1694 1955 idem
1750 1897 1958 1954 homo:
1996 1929 2044 1994 Β

307 1985 482 2042 ambo
509 1991 575 2041 ut
606 2002 812 2050 unum,
847 1992 1164 2058 utrumque
1193 1993 1256 2041 ut
1285 1986 1504 2043 solum.

380 2076 484 2130 ,ιο
514 2075 566 2129 li.
599 2075 709 2130 Sed
755 2075 900 2130 forte
946 2074 1240 2146 quispiam
1293 2091 1361 2130 ex
1405 2074 1862 2147 sapientioribus
1909 2079 1968 2130 et

308 2163 696 2236 generosis,in
721 2162 980 2218 medium
1015 2163 1740 2236 prodiens,accuratusque
1766 2163 1966 2236 inqui-

311 2251 483 2308 sitor:
512 2253 647 2307 Pars
664 2251 1276 2324 igitur,dixerit,Verbi
1291 2269 1506 2325 corpus
1527 2259 1708 2321 est,ac
1726 2253 1968 2325 Filiihy-

310 2346 612 2413 postaseos
634 2340 1154 2412 complementum,
1176 2351 1237 2397 ut
1268 2359 1424 2398 unus
1454 2343 1532 2398 sit
1563 2342 1746 2398 Filius
1768 2343 1866 2398 Dei
1897 2358 1967 2397 ex

310 2430 576 2502 utrisque
597 2431 1003 2500 constans,qui
1029 2430 1412 2503 imperfectus
1429 2447 1499 2487 ex
1511 2449 1573 2488 se
1590 2431 1750 2497 sit,et
1765 2447 1969 2503 corpo-

309 2535 370 2574 re
400 2519 471 2574 ad
503 2535 670 2575 suam
703 2519 1120 2590 perfectionem
1144 2520 1968 2593 indigeat.Alioquiquomodo

279 2610 284 2614 ’
311 2605 513 2663 unus?
542 2611 644 2662 aut
672 2607 964 2678 quomodo
995 2625 1113 2664 una
1143 2608 1481 2681 hypostasis
1528 2614 1589 2664 et
1615 2625 1733 2664 una
1768 2623 1968 2679 perso-

314 2695 663 2767 na?alioqui
677 2696 1120 2762 rursum,siuna
1133 2697 1210 2752 sit
1225 2696 1469 2752 Verbiet
1489 2696 1967 2769 oarnishyposta-

315 2785 719 2857 sis,quomodo
735 2786 864 2858 ipsa
881 2784 1060 2842 Filius
1084 2785 1180 2841 Dei
1193 2790 1284 2842 est
1302 2785 1330 2840 ‘I
1350 2786 1492 2842 Caro
1514 2785 1694 2859 igitur
1707 2791 1819 2841 Deo
1837 2802 1970 2841 con-

313 2874 721 2930 substantialis
737 2874 866 2943 erit,
912 2875 1066 2948 quod
1098 2876 1354 2947 proferre
1384 2874 1633 2946 impium
1659 2879 1769 2930 est.
1803 2874 1965 2938 Quod

313 2964 364 3019 si
395 2963 503 3018 hoc
531 2963 614 3019 ita
634 2980 696 3019 se
728 2963 960 3028 habeat,
984 2980 1176 3036 neque
1206 2963 1462 3020 Verbum
1498 2964 1679 3020 Filius
1713 2962 1823 3019 erit
1851 2961 1965 3017 Deo

311 3049 1025 3122 consubstantialis,quod
1059 3050 1230 3122 plane
1259 3051 1586 3107 absurdum
1618 3055 1708 3106 est
1735 3067 1748 3106 :
1783 3049 1964 3121 siqui-

312 3139 443 3195 dem
484 3137 729 3195 Verbum
758 3144 850 3196 est
905 3139 1249 3211 perfectum,
1281 3139 1804 3209 consubstantiale,
1837 3155 1968 3210 pro-

2073 643 2241 700 πόλαι
2304 645 2651 723 ἆπιγένωνται
2708 649 2845 722 (75),
2903 647 2999 702 κᾶν
3048 649 3076 702 6
3135 644 3268 719 ᾅδης
3308 649 3468 712 αὐτὸς
3498 655 3720 723 κινηθῇ,

2072 733 2168 788 κᾶν
2226 735 2277 789 οἱ
2337 733 2387 789 ἐν
2447 735 2594 807 αὐτῷ
2647 738 3085 813 κοσμοκράτορες
3113 742 3210 792 τοῦ
3240 737 3486 801 σκότδυς.
3532 739 3722 812 Θάρσει

2069 827 2150 894 τῷ
2182 823 2444 898 εἰρηκότι·
2483 848 2510 876 ιι
2541 830 2814 899 Θαρσεῖτε,
2857 825 2968 900 ἐγὼ
3009 825 3265 896 νενίκηκα
3290 828 3381 882 τὸν
3432 827 3660 900 κόσμον,
3697 851 3720 877 1

2071 911 2161 966 καὶ
2209 918 2327 975 τοῖς
2385 914 2699 986 παθήμασιν
2761 913 2970 987 ὁμοίως
3043 915 3318 985 νενίκηκα·
3390 913 3576 984 ἐπειδὴ
3633 917 3722 970 καὶ

2075 1003 2102 1056 6
2131 1003 2333 1073 ταύτης
2391 1007 2508 1077 (76)
2565 1004 2860 1076 Δεσπότης,
2911 1007 3097 1070 παθὼν
3160 1005 3373 1080 μᾶλλον
3431 1005 3600 1078 ἐνίκα,
3633 1005 3722 1060 καὶ

2073 1093 2473 1167 σταυρούμενος
2549 1093 2734 1167 ἔσωζε,
2818 1095 2906 1149 καὶ
2982 1097 3338 1166 ἀποθνήσκων
3414 1095 3722 1165 ἐζωοποίει.

2073 1183 2234 1257 Ὁρᾷς
2287 1182 2376 1236 καὶ
2435 1183 2646 1246 ἀκούεις
2675 1184 2766 1240 τὸν
2798 1183 2956 1238 αὐτὸν
2990 1185 3102 1258 ἅμα
3137 1185 3265 1241 Θεὸν
3293 1185 3383 1240 καὶ
3414 1186 3720 1260 ἄνθρωπον.

2073 1271 2137 1325 Εἰ
2165 1271 2266 1346 γὰρ
2297 1271 2426 1333 Θεὸς
2465 1271 2628 1344 μόνον
2659 1274 2751 1342 ἦν,
2783 1277 2900 1336 πῶς
2929 1270 3156 1350 ἔπασχε,
3202 1279 3319 1336 πῶς
3376 1273 3722 1348 ἐσταυροῦτο,

2071 1360 2160 1415 καὶ
2221 1361 2593 1430 anteme-xcv;
2664 1360 2930 1437 ἀλλότρια
2971 1362 3071 1437 γὰρ
3123 1366 3290 1418 ταῦτα
3338 1366 3491 1418 Θεοῦ.
3546 1360 3643 1416 Καὶ
3677 1361 3724 1416 εί

2073 1450 2357 1523 ἅνθρωπος
2437 1448 2623 1522 μόνον,
2703 1455 2819 1512 πῶς
2878 1449 2969 1504 διὰ
3023 1450 3226 1515 πάθους
3288 1449 3455 1518 ἐνίκα,
3507 1449 3722 1522 ἔσωζεν,

2074 1536 2359 1606 ὲζωοποίει
2385 1556 2400 1607 ;
2457 1539 2620 1602 Ταῦθ’
2653 1538 2784 1614 ὑπὶρ
2829 1536 3110 1613 ἄνθρωπον
3142 1543 3230 1608 ἦν.
3265 1541 3320 1592 Ὀ
3351 1536 3410 1594 δὶ
3441 1538 3601 1601 αὐτὸς
3631 1539 3723 1593 καὶ

2071 1627 2293 1702 πάσχει,
2319 1625 2409 1681 καὶ
2440 1629 2625 1698 σώζει,
2650 1627 2739 1681 καὶ
2770 1625 2861 1682 διὰ
2883 1632 2979 1682 τοῦ
3005 1627 3210 1692 πάθους
3241 1626 3406 1684 ἐνίῦα.
3446 1629 3503 1681 Ὀ
3562 1626 3724 1689 αὐτὸς

2072 1716 2224 1783 Θεὸς,
2259 1716 2286 1770 6
2317 1715 2476 1779 αὐτὸς
2507 1714 2813 1792 ἅνθρωπος,
2837 1717 2900 1772 τὸ
2929 1715 3332 1795 συναμφότερον
3367 1716 3442 1779 ὡς
3471 1711 3549 1785 ἰν,
3600 1714 3725 1770 εκά-

2069 1826 2224 1882 τερον
2257 1805 2332 1868 ὡς
2363 1804 2546 1879 μόνον.

2144 2075 2198 2130 4.
2249 2069 2404 2129 Ἀλλ’
2455 2070 2593 2135 ’ίσως
2652 2072 2764 2148 ἀρεῖ
2824 2094 2908 2136 τις
2967 2077 3072 2128 τῶν
3133 2077 3313 2152 σοφῶν
3341 2072 3430 2128 καὶ
3461 2070 3721 2149 γενναίων

2072 2160 2358 2234 παρελθὼν
2392 2160 2443 2216 ἂν
2481 2161 2629 2235 μέσῳ
2675 2157 2904 2238 ἀκριϐὴς
2939 2165 3202 2233 ζητητής.
3236 2163 3416 2236 Μέρος
3472 2183 3563 2216 ουν
3622 2164 3721 2216 τοῦ

2074 2249 2252 2326 Λόγου
2305 2250 2368 2305 τὸ
2415 2254 2598 2323 σῶμα,
2657 2250 3116 2327 συμπληρωτινὸν
3163 2253 3264 2320 τῆς
3306 2255 3405 2306 τοῦ
3437 2249 3564 2306 Υίοῦ
3591 2249 3724 2305 ὑπο-

2074 2338 2332 2411 στάσεως,
2386 2339 2456 2393 ’ίν’
2505 2339 2542 2414 ᾖ
2585 2341 2662 2402 εἷς
2717 2340 2839 2403 Υἱὸς
2867 2345 2966 2396 τοῦ
2995 2344 3129 2398 Θεοῦ
3158 2340 3209 2411 ἐξ
3240 2340 3563 2419 ἀμφοτέρων
3596 2360 3724 2414 συγ-

2075 2428 2347 2502 κείμενος,
2376 2428 2467 2483 καὶ
2501 2427 2701 2498 ἀτελὴς
2756 2428 2828 2484 ὥν
2883 2431 3002 2494 καθ’
3049 2429 3256 2499 ἑαυτὸν,
3287 2429 3378 2484 καὶ
3405 2433 3505 2484 τοῦ
3535 2429 3725 2501 σώμα-

2075 2539 2167 2581 τος
2227 2518 2303 2580 εἰς
2358 2515 2638 2574 τελείωσιν
2695 2517 3114 2594 προσδεόμενος.
3178 2519 3326 2574 Ἐπεὶ
3383 2522 3502 2581 πῶς
3552 2519 3654 2588 εἷς,
3687 2516 3722 2584 ἢ

2077 2611 2194 2670 πῶς
2255 2606 2351 2681 μία
2409 2605 2697 2670 ὑπόστασις
2739 2607 2830 2662 καὶ
2886 2608 2942 2663 ἓν
2993 2607 3323 2682 πρόσωπον;
3363 2607 3479 2663 ἐπεὶ
3534 2605 3725 2674 πάλιν,

2077 2697 2123 2752 εί
2185 2696 2281 2770 μία
2338 2695 2628 2758 ὑπόστασις
2684 2701 2781 2751 τοῦ
2838 2695 3016 2773 Λόγου
3070 2697 3162 2752 καὶ
3211 2703 3314 2765 τῆς
3354 2696 3572 2771 σαρκὸς,
3604 2699 3723 2756 πῶς

2078 2783 2136 2840 δὶ
2181 2786 2294 2859 (77)
2349 2784 2472 2847 Υἱὸς
2529 2783 2665 2855 αὕτη
2713 2789 2811 2841 τοῦ
2868 2791 3039 2855 Θεοῦς
3080 2785 3403 2858 Ὁμοούσιος
3444 2783 3547 2857 ἄρα
3577 2779 3723 2836 ἔσται

2075 2875 2164 2930 καὶ
2225 2876 2260 2944 ἡ
2320 2872 2448 2948 σὰρξ
2502 2877 2582 2945 τῷ
2609 2872 2746 2948 Θεῷ,
2777 2873 2911 2951 ὅπερ
2941 2874 3082 2929 ἐστὶν
3115 2867 3324 2934 ἀσεϐὲς.
3357 2871 3420 2928 Et
3453 2867 3512 2925 δὶ
3537 2873 3724 2936 τοῦτο,

2076 2961 2202 3019 οὐδὲ
2259 2963 2288 3018 ὁ
2335 2962 2510 3040 Λόγος
2571 2963 2692 3026 Υἱὸς
2753 2961 2898 3018 ἔσται
2954 2961 3249 3034 όμοοόσιος
3278 2965 3376 3016 τοῦ
3404 2963 3560 3026 Θεοῦ,
3591 2957 3724 3034 ὅπερ

2079 3051 2219 3108 ἔστὶν
2253 3049 2476 3107 ἄτοπον
2527 3053 2556 3107 ὁ
2595 3051 2768 3128 Λόγος
2799 3052 2904 3126 γὰρ
2933 3047 3142 3112 τὲλειος
3167 3048 3256 3105 καί
3289 3048 3607 3121 ὁμοοόσιος,
3635 3045 3726 3100 καὶ

2078 3139 2218 3197 ἰδίαν
2270 3143 2388 3205 καθ’
2446 3140 2631 3197 ἑαυτὸν
2681 3140 2825 3217 ἔχων
2878 3139 3164 3196 ὑπόστασιν
3216 3137 3320 3203 ἀεὶ,
3369 3137 3458 3192 καὶ
3493 3133 3724 3208 μηδενὸς

315 3227 629 3300 priamque
685 3229 840 3300 apud
899 3245 961 3284 se
994 3229 1169 3284 habet
1218 3245 1452 3299 semper
1506 3227 1870 3300 bypostasin,
1903 3243 1966 3282 ac

2081 3225 2503 3304 προσδεόμενος.
2561 3229 2628 3288 Oi
2683 3233 2851 3284 ταῦτα
2906 3230 3339 3303 κατηγοροῦντες
3376 3226 3476 3293 τὴν
3527 3225 3728 3280 ἑαυτῶν

311 3296 472 3372 nullo
503 3296 1042 3389 indiget—.Caeterum
1078 3317 1175 3388 qui
1209 3316 1290 3372 ita
1321 3296 1605 3388 arguunt;
1633 3332 1804 3372 suam
1835 3332 1966 3370 sen-

2080 3296 2332 3395 γνώμην’
2367 3318 2595 3397 φανερὰν
2658 3296 3168 3387 καθιστωσινς-δτι
3227 3312 3322 3370 δύο
3411 3311 3729 3375 ὑποστάσεις

310 3405 556 3460 tentiam
588 3410 788 3474 aperte
811 3404 1134 3471 declarant,
1168 3421 1377 3476 nempe
1409 3405 1558 3460 duas
1588 3421 1717 3461 esse
1739 3405 1969 3461 Domini

315 3492 501 3549 nostri
529 3493 668 3548 Jesu
702 3494 917 3550 Christi
949 3494 1294 3566 hypostases
1321 3511 1334 3549 :
1369 3509 1478 3549 nos
1501 3494 1641 3549 item
1660 3493 1970 3550 calumniis

311 3581 628 3654 impetunt,
660 3586 835 3654 atque
883 3582 1046 3638 nulla
1092 3599 1208 3638 non
1257 3583 1484 3638 ratione
1532 3587 1805 3655 satagunt
1848 3599 1971 3639 ser-

314 3687 518 3727 mones
550 3677 784 3727 nostros
811 3673 883 3727 ad
913 3671 1137 3744 aliquid
1161 3671 1402 3728 absurdi
1425 3673 1861 3744 detorquere,ut
1881 3673 1966 3728 di-

315 3776 521 3816 camus
549 3777 784 3832 corpus,
817 3761 990 3816 Verbi
1021 3761 1413 3834 hypostaseos
1452 3760 1966 3832 complementum,

315 3854 418 3905 aut
458 3851 570 3905 Deo
622 3849 1126 3906 oonsubstantiale
1174 3866 1326 3915 esse,
1380 3855 1481 3906 aut
1522 3855 1865 3906 extraneum
1911 3855 1971 3906 et

312 3937 572 3996 alienum
595 3940 837 3995 omnino
866 3957 901 3995 a
929 3939 1058 3994 Filii
1082 3938 1401 4012 hypostasi,
1434 3955 1561 4010 quas
1592 3943 1788 3996 tamen
1809 3939 1968 4012 ipso-

315 4044 448 4084 rum
479 4028 656 4084 verba
683 4031 860 4084 sunt:
898 4045 1034 4084 nam
1064 4027 1240 4084 aliam
1271 4027 1355 4083 illi
1405 4027 1746 4101 hypostasin
1787 4029 1965 4086 indu-

317 4122 483 4188 cunt,
506 4117 722 4188 carnis,
750 4117 869 4173 sive
902 4123 965 4173 ut
1007 4117 1121 4191 ipsi
1151 4118 1340 4184 aiunt,
1373 4120 1660 4190 assumpti
1687 4117 1964 4190 hominis,

315 4211 376 4262 et
403 4207 578 4262 aliam
608 4207 967 4263 assumentis
988 4207 1089 4263 Dei
1116 4224 1128 4262 :
1154 4208 1328 4264 aliam
1349 4224 1658 4281 personam
1683 4207 1808 4264 Filii
1842 4209 1966 4272 Dei.

315 4299 374 4351 et
392 4295 572 4352 aliam
606 4312 915 4368 personam
948 4295 1076 4352 Filii
1121 4297 1396 4366 hominis,
1433 4314 1502 4354 ex
1532 4296 1757 4353 semine
1786 4297 1965 4354 David

315 4386 640 4442 secundum
671 4401 925 4442 carnem.
961 4386 1047 4442 Ita
1067 4391 1132 4443 ut
1153 4402 1341 4459 neque
1366 4385 1550 4443 Filius
1569 4386 1667 4442 Dei
1689 4386 1768 4443 sit
1785 4387 1968 4445 Filius

313 4473 596 4541 hominis,
629 4491 761 4530 cum
818 4475 896 4532 sit
950 4475 1216 4533 diversus
1245 4493 1279 4533 a
1321 4475 1554 4532 Davidis
1584 4475 1918 4532 substantia
1951 4493 1964 4532 ε

313 4579 505 4636 neque
534 4563 633 4635 qui
661 4564 986 4620 secundum
1021 4580 1253 4621 carnem
1315 4568 1492 4621 natus
1538 4566 1650 4629 est,
1684 4562 1868 4619 Filius
1890 4565 1971 4620 sit

2076 3412 2175 3463 τοῦ
2231 3406 2428 3484 Κυρίου
2476 3409 2636 3481 ἡμῶν
2692 3407 2870 3477 Ἰησοῦ
2926 3407 3184 3481 Χριστοῦ,
3242 3403 3331 3458 καὶ
3387 3405 3535 3474 ἡμᾶς
3568 3421 3728 3456 συκο-

2079 3501 2354 3575 φαντοῦσι,
2414 3497 2506 3552 καὶ
2544 3500 2839 3572 πειρῶνται
2869 3494 2984 3567 ἃμα
3012 3493 3348 3569 πανταχόθεν
3381 3491 3457 3554 είς
3485 3488 3541 3546 ἰν
3603 3489 3728 3545 ἀτό-

2077 3607 2194 3641 πων
2259 3585 2536 3662 περιάγειν
2585 3585 2713 3647 τοὺς
2771 3584 3073 3658 ήμετὲρους
3133 3579 3357 3655 λόγους,
3390 3577 3731 3653 συμπληρωο

2074 3675 2223 3731 τικὸν
2280 3676 2450 3732 εἰπεῖν
2504 3683 2604 3746 τῆς
2665 3674 3009 3737 ὑποστάσεως
3061 3677 3161 3728 τοῦ
3208 3671 3387 3748 Λόγου
3433 3671 3496 3725 τὸ
3546 3673 3726 3740 σῶμα,

2075 3765 2112 3834 ἢ
2176 3765 2470 3839 ὀμοοόσιον
2529 3767 2642 3837 (78)
2698 3768 2778 3835 τῷ
2833 3761 2970 3834 Θεῷ,
3031 3763 3066 3832 ἢ
3128 3761 3274 3832 ξὲνον
3313 3760 3403 3815 καὶ
3434 3756 3726 3834 ἀλλότριον

2074 3855 2380 3909 παντάπασι
2405 3860 2507 3923 τῆς
2541 3851 2886 3913 ὑπόστασεως
2915 3855 3014 3906 τοῦ
3044 3849 3195 3918 Υίοῦ,
3235 3847 3367 3923 ὅπερ
3424 3846 3578 3902 αὐτοὶ
3637 3843 3729 3900 λέ-

2074 3963 2284 4018 γουσιν,
2343 3939 2524 4012 ἄλλην
2583 3939 2871 3996 ὑπόστασιν
2933 3938 3239 4014 εἰσάγοντες
3322 3939 3420 4005 τῆς
3506 3933 3726 4010 σαρκὸς,

2076 4027 2201 4100 ἤτοι
2257 4033 2356 4086 τοῦ
2412 4026 2812 4108 ἀναληφθέντος
2861 4027 3170 4103 ἀνθρώπου,
3230 4025 3305 4087 ὡς
3360 4020 3514 4078 αὐτοί
3576 4041 3726 4099 φασι,

2074 4119 2164 4175 καὶ
2232 4117 2410 4192 ἄλλην
2490 4122 2589 4174 τοῦ
2670 4111 3031 4178 ἀναλαϐόντος
3101 4117 3260 4181 Θεοῦ,
3334 4109 3476 4168 ἄλλο
3558 4109 3727 4184 πρόσ-

2075 4230 2222 4266 ωπον
2274 4213 2373 4266 τοῦ
2430 4208 2559 4265 Υἰοῦ
2615 4211 2714 4263 τοῦ
2769 4209 2904 4262 Θεοῦ
2959 4204 3050 4260 καὶ
3109 4201 3250 4259 ἄλλο
3306 4201 3600 4278 πρόσωπον
3629 4201 3728 4255 τοῦ

2074 4297 2204 4354 Υἰοῦ
2256 4302 2355 4354 τοῦ
2412 4298 2726 4372 ἀνθρώπου.
2782 4297 2881 4349 τοῦ
2948 4293 3009 4348 ὲκ
3065 4292 3375 4367 σπέρματος
3401 4284 3565 4345 Δαϐἱδ
3594 4287 3732 4343 κατὰ

2077 4388 2266 4463 σάρκα.
2322 4387 2484 4442 Ὥστε
2540 4385 2681 4458 μήτε
2729 4383 2822 4438 τὸν
2891 4381 3014 4436 Υἷὸν
3068 4385 3168 4437 τοῦ
3224 4383 3358 4436 Θεοῦ
3417 4379 3548 4434 εἷναι
3604 4376 3727 4432 Υίὸν

2078 4476 2366 4549 ἀνθρώπου
2426 4471 2734 4550 ἑτεροόσιον
2796 4467 2926 4527 ὄντα
2978 4474 3078 4526 τοῦ
3154 4464 3341 4526 Δαὸὶδ·
3424 4469 3564 4542 μήτε
3641 4466 3732 4521 τὸν

2076 4563 2213 4619 κατὰ
2261 4563 2430 4637 σάρκα
2485 4561 2802 4640 γεννηθέντα
2863 4562 2998 4617 εἶναι
3058 4558 3182 4615 Υίὸν
3231 4562 3332 4614 τοῦ
3389 4561 3526 4613 Θεοῦ
3592 4557 3731 4629 (70),

313 4651 436 4720 Dei,
467 4667 600 4706 cum
632 4651 709 4707 sit
735 4651 977 4709 alterius
1007 4653 1354 4710 substantia
1411 4669 1446 4708 a
1480 4652 1618 4708 Deo.
1650 4651 1768 4707 Nos
1822 4668 1954 4708 vero

2079 4651 2367 4730 ιτὲροόσιον
2421 4647 2548 4708 ὄντα
2599 4654 2698 4707 τοῦ
2744 4654 2900 4708 Θεοῦ.
2931 4651 3124 4724 Ἡμεῖς
3154 4645 3213 4705 δὶ
3237 4644 3330 4703 ἱνα
3359 4644 3450 4702 καί
3503 4645 3596 4701 τὸν
3628 4643 3732 4699 αὖ·

311 4757 499 4797 unum
551 4741 942 4814 eumdemqus
983 4743 1236 4799 dicimus
1269 4741 1474 4810 Deum,
1509 4741 1741 4806 fratres,
1773 4739 1831 4797 in
1866 4741 1973 4800 hoe

310 4829 632 4902 prophetis,
664 4831 1060 4904 apostolisque
1116 4831 1610 4902 obtemperantes,
1667 4846 1736 4886 ao
1774 4829 1972 4902 potius

309 4920 680 4994 evangelista
713 4922 1030 4991 credimus,
1058 4937 1237 4992 quam
1278 4919 1481 4992 gentili
1513 4919 1812 4992 sapientia
1841 4921 1970 4978 ani-

310 5026 475 5066 mum
499 5009 1020 5082 adhibeamus,aut
1047 5008 1328 5066 humanis
1347 5009 1770 5066 conturbemur
1791 5010 1972 5068 ratio-

309 5097 501 5155 ciniis.
559 5101 640 5155 Ac
703 5099 774 5155 de
831 5098 1069 5171 propria
1099 5095 1290 5154 salute
1337 5097 1723 5167 decertantes,
1786 5098 1971 5157 Deum

379 5237 428 5275 ⁸³
458 5238 666 5296 Matth.
696 5255 814 5308 xvr,
849 5240 938 5294 18.
968 5237 1016 5274 ⁸⁴
1041 5241 1210 5295 Joan.
1236 5255 1350 5308 xvx,
1382 5238 1474 5294 33.

387 5406 499 5481 (75)
527 5407 680 5481 Haec,
711 5406 806 5461 κᾶν
842 5403 974 5481 ᾅδου
996 5405 1176 5481 πύλαι.
1197 5404 1578 5481 ὶπιγένωνται,
1603 5408 1664 5465 in
1715 5407 1838 5465 solo
1869 5409 1977 5465 Se-

311 5480 593 5551 gueriano
623 5479 932 5547 habentur,
957 5480 1017 5536 in
1039 5479 1213 5551 editis
1243 5479 1476 5536 desunt.

387 5550 498 5624 (76)
560 5551 756 5618 Basil.,
815 5550 1335 5624 Seguer.,zav’nnc,
1395 5557 1453 5608 et
1512 5552 1747 5623 quidem
1797 5557 1973 5608 recte.

320 5621 496 5685 Editi,
527 5624 714 5676 ταῦτα.

326 5693 505 5821 de(:81)
539 5697 625 5750 lta
647 5694 882 5766 Seguer.
916 5695 1146 5752 Gobler.
1207 5699 1265 5751 et
1295 5693 1472 5752 'Felo.
1533 5711 1573 5750 ι.
1624 5699 1688 5750 In
1747 5693 1884 5752 edit.
1920 5689 1980 5749 δά

367 5778 508 5821 eest.

2078 4743 2171 4798 τὸν
2205 4741 2435 4820 λὲγομεν
2462 4741 2612 4810 Θεὸν,
2643 4737 2894 4819 ἀδελφοὶ,
2925 4740 3235 4815 προφήταις
3263 4737 3354 4792 καὶ
3405 4732 3735 4795 ἀποστόλοις

2078 4833 2417 4906 πειθόμενοι,
2461 4830 2552 4886 καὶ
2605 4851 2686 4904 τῳ
2744 4826 3064 4906 Εὖαγγελίῳ
3121 4827 3462 4888 πιπεύονοες
3517 4820 3734 4896 μᾶλλον

2079 4922 2117 4991 ἢ
2173 4921 2337 5000 σοφίᾳ
2388 4917 2691 4994 Ἑλληνικῇ
2745 4919 3134 4996 προσέχοντες,
3179 4915 3268 4970 καὶ
3300 4912 3590 5000 λογισμοῖς
3641 4911 3736 4965 ἁν-

2081 4998 2377 5085 θρωπίνοις
2435 5007 2850 5085 ταραττόμενοι,
2900 5007 2992 5062 καὶ
3049 5005 3174 5082 περὶ
3212 5010 3314 5073 τῆς
3345 5000 3488 5065 ἰδίας
3518 4998 3738 5075 διακριο

2082 5096 2301 5172 νόμενοι
2359 5095 2656 5173 σωτηρίας,
2707 5095 2836 5153 Θεὸν
2889 5092 2982 5152 ἵνα
3021 5091 3408 5170 ὁμολογοῦμεν
3437 5089 3502 5146 τὸ
3530 5109 3738 5163 συναμ-

2178 5407 2269 5479 78)
2291 5405 2652 5479 Basiliensis,
2751 5403 2841 5479 καὶ
2874 5400 3194 5477 ὄμοοὺσιον.
3235 5473 3271 5479 _
3353 5471 3387 5479 __
3529 5466 3559 5479 __

2175 5466 2268 5550 795
2296 5479 2402 5530 Τοῦ
2448 5466 2730 5550 deest'jn
2791 5466 2966 5550 Segu.
3022 5479 3180 5550 Mox,
3235 5466 3568 5550 Basil.,__¢§3
3624 5466 3740 5550 Θειῖε

2085 5539 2411 5607 ὄντα.Ἰὶ)ἰά.
2445 5549 2603 5621 863.,
2657 5543 2753 5602 ἕνα
2780 5539 2992 5602 καὶντόν
3051 5539 3234 5621 αὐτόν.
3281 5545 3344 5621 in
3400 5539 3594 5621 editis,
3651 5539 3740 5594 γαί

2086 5625 2270 5714 de‘est;
2296 5621 2477 5712 Paulo
2505 5612 2938 5748 postﬁeguer"
2983 5618 3072 5673 καὶ
3102 5615 3428 5678 ἀποστόλοις
3461 5612 3745 5686 ἑπόμενοι,

2086 5714 2175 5748 και
2202 5712 2282 5748 τω
2311 5711 2502 5748 ευαγγε
2546 5711 2688 5748 tm.

2083 5693 2175 5750 καὶ
2202 5696 2282 5766 τῷ
2311 5690 2688 5769 εὐαγγελιστῆ.
