4136 6406
299 390 415 453 129

1456 392 1671 467 QUOD
1714 392 1928 457 UNUS
1970 392 2095 454 Sl'l‘
2137 390 2552 458 CHRISTUS.

3605 402 3725 466 130

297 523 519 600 φότερον
557 570 571 593 ,
607 523 732 598 μίαν
793 524 1081 582 ὑπόστασιν
1256 526 1346 582 καὶ
1375 526 1430 581 ’ὲν
1458 525 1752 602 πρόσωπον
1789 570 1804 591 ,
1838 524 1946 601 οὐχ

2065 540 2272 591 unum,
2304 531 2619 599 utrumque
2648 528 2972 584 simulesse
3002 532 3370 600 conﬁtemur,
3403 551 3590 591 unam
3616 535 3719 608 hy-

289 611 378 667 ’ίνα
418 612 879 688 συμπληρωτικὸν
938 622 1037 685 τῆς
1096 614 1435 677 ὑποστάσεως
1463 616 1525 670 τὸ
1585 620 1746 689 σῶμα
1782 615 1947 691 γένη-

294 720 402 757 ται·
441 697 628 764 ἀσεϐὲς
683 702 785 779 γάρ
819 725 831 739 ο
885 702 1073 773 ὶπειδὴ
1123 703 1335 760 τέλειον
1392 705 1455 761 τὸ
1514 711 1666 761 Θεῖον
1705 726 1718 740 ο
1774 703 1953 759 ἀνεπί-

297 789 480 847 δεκτον
513 790 890 864 ἐλαττώσεως,
925 791 1156 862 ἁπλοῦν,
1190 796 1278 850 καὶ
1313 792 1590 868 μονοειδὲς
1625 842 1638 863 ,
1669 795 1758 849 καὶ
1789 792 1947 849 ἀσύν-

298 884 472 948 θετον,
506 881 581 944 είς
617 883 753 959 μὲρη
790 882 851 938 06
879 882 1187 959 διαιρεῖται,
1217 886 1484 954 τουτέστι,
1518 884 1651 939 καθὸ
1681 884 1809 947 Θεὸς
1843 881 1946 937 Λό-

296 992 394 1046 γος
426 970 537 1027 ἔστί
562 972 651 1026 καὶ
682 970 1076 1045 μονοειδὴς,εἷς
1102 971 1359 1052 διαφορὰν
1387 973 1569 1049 μελῶν
1583 974 1672 1029 καὶ
1699 973 1949 1047 πραγμά-

296 1082 403 1115 των
449 1061 510 1117 οὐ
543 1061 754 1128 πίπτει,
788 1059 863 1120 εἷ¹ς
894 1084 953 1118 τε
983 1068 1142 1137 σῶμα
1170 1065 1260 1119 καὶ
1290 1064 1578 1137 ἀσώματον
1610 1066 1745 1137 (81)·
1780 1062 1808 1116 6
1842 1061 1946 1116 Λό-

298 1171 393 1226 γος
426 1151 528 1225 γάρ
588 1150 698 1206 ἐστι
755 1150 966 1215 τέλειος
1014 1153 1105 1208 καὶ
1138 1150 1328 1208 διόλου
1387 1154 1674 1227 ἀσώματος
1705 1171 1720 1186 °
1752 1152 1814 1206 06
1845 1152 1947 1227 γὰρ

300 1239 430 1301 Θεὸς
462 1239 655 1315 γέγονε
685 1242 979 1314 σαρκωθεὶς
1009 1288 1024 1314 ,
1057 1240 1182 1297 οὐδὶ
1238 1242 1359 1304 Υΐὸς
1392 1247 1525 1298 Θεοῦ
1560 1289 1574 1314 ,
1610 1242 1950 1317 ἀνθρώπινον

303 1332 463 1402 σῶμα
492 1324 696 1398 λαϐὼν,
730 1327 856 1386 οὐδὲ
887 1331 1087 1405 Κύριος
1118 1338 1220 1401 τῆς
1255 1329 1436 1402 δόξης,
1467 1333 1567 1400 τὴν
1611 1336 1709 1386 τοῦ
1742 1328 1948 1386 δούλου

306 1419 522 1496 μορφὴν
552 1418 781 1497 φορέσας
819 1438 832 1453 ·
867 1418 993 1476 ἀλλ’
1026 1421 1310 1497 ἅνθρωπος
1336 1420 1427 1476 καὶ
1460 1421 1575 1483 υίὸς
1604 1420 1890 1497 ἀνθρώπου
1921 1418 1949 1473 6

301 1507 425 1569 Υἱὸς
454 1512 553 1562 τοῦ
585 1512 719 1564 Θεοῦ
746 1554 761 1578 ,
792 1510 883 1564 καὶ
932 1507 1129 1573 δοῦλος
1158 1511 1295 1565 κατὰ
1320 1511 1419 1579 τὴν
1454 1510 1667 1587 μορφὴν
1698 1508 1726 1563 6
1754 1509 1825 1580 τῇ
1853 1508 1950 1586 φύ-

300 1617 380 1652 σει
411 1594 630 1672 Κύριος.
662 1598 740 1655 O6
791 1598 854 1653 16
915 1603 1074 1672 σῶμα
1103 1598 1195 1654 οῦν
1247 1598 1711 1677 συμπληρωτικὸν
1765 1599 1953 1675 γέγονε

297 1688 398 1755 τῆς
455 1692 643 1756 θεϊκῆς
701 1687 1047 1751 ὑποστάσεως
1074 1707 1087 1720 ⁸
1131 1686 1258 1744 ἀλλ’
1292 1687 1319 1743 6
1350 1687 1573 1758 ἀληθῶς
1602 1686 1810 1749 τέλειος
1843 1731 1858 1757 ,
1888 1686 1951 1742 τὸ

300 1773 487 1838 ἀτελὲς
548 1774 859 1832 ἐτελείωσεν
892 1822 929 1857 ,ι
979 1776 1007 1830 6
1066 1775 1374 1851 ἀπροσδεὴς
1444 1777 1514 1852 τῇ
1576 1774 1953 1853 προσδεομὲνῃ

298 1863 535 1935 συνῆλθε
564 1866 653 1920 καὶ
686 1867 967 1937 συνηνώθη
1001 1866 1157 1961 σαρκὶ
1191 1912 1206 1935 ,
1242 1866 1269 1921 6
1304 1865 1537 1940 μηδενὸς
1588 1865 1777 1961 χρείαν
1805 1862 1950 1961 ἔχων
1982 1895 2032 1961 Β

300 1954 486 2009 ἑαυτὸν
518 1951 688 2009 ἔδωκε
716 1959 795 2027 τῷ
856 1955 1046 2031 χρείαν
1079 1952 1263 2032 ἔχοντι
1325 1958 1540 2029 σώματι
1573 2000 1586 2014 .
1619 1953 1815 2016 Οὐδεὶς
1853 1955 1953 2030 γὰρ

297 2047 407 2097 τῶν
442 2041 498 2097 εὖ
530 2042 876 2121 φρονούντων
912 2090 928 2117 ,
958 2044 994 2113 ἢ
1030 2046 1217 2121 νήφειν
1252 2044 1398 2107 ὅλως
1427 2045 1516 2100 καὶ
1546 2050 1687 2099 νοεῖν
1724 2042 1955 2116 δυναμέ-

296 2153 402 2186 νων
438 2134 586 2205 (82),
621 2128 764 2186 εἷ’ποι
800 2132 858 2187 ἂν
893 2180 907 2205 ,
941 2132 1025 2187 ὅτι
1064 2181 1077 2202 ,
1112 2132 1289 2206 ὥσπερ
1328 2133 1355 2187 6
1386 2134 1563 2208 Λόγος
1608 2131 1819 2194 τέλειος
1880 2131 1952 2187 ὣν

297 2222 388 2275 καὶ
450 2219 807 2284 ἐνυπόστατος
844 2265 858 2290 ,
893 2221 955 2277 06
1010 2220 1328 2295 προσεδεῖτο
1388 2223 1582 2298 σαρκὸς
1620 2269 1634 2292 ,
1685 2220 1778 2276 ’ίνα
1825 2223 1953 2285 Θεὸς

303 2308 515 2373 τέλειος
545 2311 787 2387 γενηται.
823 2310 996 2374 οὕτως
1028 2309 1155 2367 οὐδὲ
1180 2312 1242 2367 τὸ
1274 2317 1434 2385 σῶμα
1450 2317 1548 2367 τοῦ
1582 2312 1763 2388 Λόγου
1792 2310 1956 2389 ἔχρῃ-

311 2402 418 2468 ζεν,
453 2397 544 2455 ’ίνα
571 2398 780 2463 τέλειος
823 2400 913 2456 καὶ
944 2400 1303 2464 ὲνυπόστατος
1363 2404 1646 2477 ἄνθρωπος
1701 2402 1948 2477 γένηται·

312 2485 438 2541 ἀλλ’
469 2487 719 2562 ούρανίνυ
747 2493 845 2544 τοῦ
895 2496 1160 2564 Σωτῆρος
1192 2488 1451 2562 ἐδεόμεθα
1474 2535 1488 2560 ,
1521 2489 1774 2565 οὐρανίου
1805 2488 1958 2545 ἐλευ-

308 2566 598 2649 θερωτοῦ,
630 2575 900 2654 ἀφαιρέσει
930 2584 1030 2647 τῆς
1064 2576 1450 2654 ἰπιγενομὲνης
1481 2577 1748 2653 ἁμαρτίας
1779 2622 1799 2652 ,
1838 2581 1959 2635 ἁνα-

306 2668 621 2726 καινοῦντος
681 2667 827 2738 ἡμᾶς
876 2663 936 2719 ἇκ
983 2672 1084 2735 τῆς
1141 2666 1431 2729 κακώσεως
1467 2711 1481 2737 ,
1512 2667 1601 2722 καὶ
1662 2669 1731 2722 τὰ
1758 2666 1960 2739 ταύτης

304 2754 419 2825 (83)
450 2753 814 2831 ἀφαιροῦντος
848 2750 1016 2810 δεινά.

371 2932 426 2986 5.
462 2929 637 2992 Εὐθὺς
693 2931 785 2985 οὗν
816 2931 920 2985 ἀπὸ
977 2931 1236 3006 γενέσεως
1267 2933 1302 3001 ἡ
1335 2931 1591 3003 καινότης
1639 2930 1908 2989 ἐδείκνυτο
1944 2978 1959 3006 ,

301 3019 390 3074 καὶ
421 3020 483 3075 τὸ
537 3018 785 3095 οὐράνιον
818 3024 915 3074 τοῦ
975 3020 1379 3094 γεγεννημένου
1412 3018 1500 3075 διὰ
1530 3024 1626 3091 τῆς
1658 3026 1959 3097 γεννήσεως

304 3107 605 3187 ἐξεφαίνετο
640 3154 653 3178 ,
713 3108 774 3163 ού
845 3107 981 3163 κατᾶ
1037 3107 1281 3183 γέννησιν
1366 3110 1654 3185 ἀνθρώπου
1720 3111 1956 3167 παλαιοῦ

304 3195 354 3267 ἐξ
439 3194 636 3275 ᾶνδφὸς
694 3196 784 3251 καὶ
842 3197 1092 3272 γυναικὸς
1153 3196 1271 3271 εἶχε
1353 3198 1454 3267 τήν
1514 3198 1803 3274 γέννησιν.
1859 3200 1955 3254 Καὶ

302 3287 405 3361 γὰρ
488 3260 748 3341 ἀδύνατον
824 3287 947 3341 ἄνευ
1035 3284 1227 3359 ἀνδρὸς
1291 3288 1487 3355 κυῆσαι
1540 3293 1812 3362 γυναῖκα,
1871 3260 2029 3344 ὅτις

299 3377 401 3444 τήν
463 3374 643 3430 οὐσίαν
693 3379 802 3430 τῶν
857 3374 1210 3451 γεννωμένων
1262 3374 1314 3430 ἐν
1372 3380 1489 3437 τοῖς
1538 3376 1771 3451 πατράσι
1800 3396 1955 3432 κατε-

302 3460 502 3519 ϐάλετο
586 3464 619 3519 ἀ
701 3464 828 3527 Θεός
875 3484 887 3496 ·
978 3465 1052 3527 ὡς
1128 3463 1215 3519 καὶ
1297 3464 1389 3519 τὸν
1472 3463 1601 3519 Λευΐ
1684 3487 1844 3543 φησιν
1916 3469 1951 3537 ἡ

302 3553 487 3630 Γραφή
541 3552 592 3608 ἐν
654 3552 724 3628 τῇ
786 3552 949 3632 ὀσφύῖ
1003 3558 1102 3609 τοῦ
1186 3553 1397 3629 ΙΙατρὸς
1464 3553 1599 3609 εἶναι
1656 3550 1951 3629 Ἀϐραάμ.

300 3642 360 3698 Ὁ
422 3639 479 3696 δὲ
536 3643 834 3717 Λυτρωτής
909 3641 972 3697 06
1028 3646 1125 3697 τοῦ
1184 3640 1361 3715 Ἀδὰμ
1415 3642 1478 3697 τὸ
1535 3643 1668 3698 εἶναι
1729 3641 1950 3719 λαϐὼν,

302 3728 427 3786 ἀλλ’
487 3730 547 3786 ἐκ
602 3735 699 3786 τοῦ
732 3728 912 3805 Ἀδὰμ
944 3731 1007 3785 τὸ
1064 3738 1259 3807 σχῆμα
1306 3727 1623 3801 προλαϐὼν,
1657 3735 1759 3803 τήν
1783 3735 1953 3810 σάρκα

303 3817 451 3895 λέγω
507 3821 608 3889 τὴν
673 3821 808 3894 μετὰ
863 3824 1049 3896 ψυχῆς
1105 3820 1444 3896 ἀνθρωπίνης
1479 3863 1494 3889 ,
1551 3822 1640 3877 καὶ
1698 3822 1949 3898 γενόμε-

300 3928 391 3970 νος
450 3906 735 3981 ἅνθρωπος
792 3909 928 3965 κατᾶ
972 3910 1034 3964 τὸ
1093 3908 1283 3982 ὁρατὸν
1321 3954 1335 3978 ,
1395 3909 1671 3987 εῗσηγαγεν
1727 3912 1805 3974 εἰς
1860 3913 1953 3968 τὸν

300 3997 503 4070 κόσμον
535 3999 634 4067 τήν
667 3997 963 4069 καινότητα
1010 3999 1146 4054 κατὰ
1199 3999 1263 4054 τὸ
1296 3998 1543 4075 ἁόρατον’
1601 4001 1715 4055 καθ’
1744 4003 1811 4070 ἧς
1844 4001 1951 4079 οὐχ

303 4085 427 4160 ὅρος
489 4087 737 4159 θανάτου,
773 4088 838 4142 06
869 4086 1119 4162 τυραννὶς
1182 4082 1466 4160 διαϐόλου,
1500 4087 1646 4144 ἀλλὰ
1691 4089 1951 4145 κοινωνία

307 4174 401 4248 μὲν
458 4180 554 4230 τοῦ
588 4176 766 4253 Λόγου
824 4176 961 4253 πρὸς
1019 4178 1147 4239 τοὺς
1191 4176 1420 4247 θνητοὺς
1479 4176 1567 4231 καὶ
1623 4180 1950 4253 τυρανουμὲ-

301 4286 447 4334 νους,
483 4262 713 4345 διαφορᾶ
759 4264 817 4322 δὲ
846 4265 1035 4335 πολλή
1086 4267 1221 4321 κατὰ
1249 4267 1311 4321 τὸ
1362 4268 1621 4322 ἀθάνατον
1659 4312 1672 4337 ,
1722 4269 1857 4324 κατὰ
1885 4270 1948 4325 τὸ

300 4351 577 4428 ἐλεύθερον
640 4356 729 4410 καὶ
780 4354 1141 4432 ἀτυράννητον
1178 4400 1189 4412 .
1226 4354 1524 4429 Ἐθαύμαζε
1553 4355 1641 4411 καὶ
1672 4358 1707 4427 ἡ
1742 4359 1948 4433 ΙΙαρθὲ-

295 4463 388 4504 νος
466 4444 647 4517 Μαρία
704 4447 817 4519 (84)
899 4442 1345 4519 εὐαγγελισθιῖσα
1397 4445 1496 4513 τὴν
1552 4443 1798 4520 γὲννησιν
1848 4452 1945 4502 τοῦ

296 4536 559 4607 Σωτῆρος
613 4535 713 4603 τὴν
742 4534 793 4607 ἐξ
851 4534 1040 4603 αὐτῆς.
1075 4558 1104 4587 ‹‹
1136 4535 1263 4596 ΙΙῶς
1296 4534 1399 4610 γὰρ
1458 4531 1602 4590 ἔσται
1635 4557 1730 4608 μοι
1756 4542 1940 4610 τοῦτο,

2060 615 2340 682 postasin,
2373 620 2432 670 et
2461 632 2638 671 unam
2673 633 2981 688 personam
3009 635 3023 674 :
3058 636 3174 675 non
3226 626 3287 676 ut
3316 623 3716 695 complemen-

2056 706 2183 756 tum
2218 702 2599 775 hypostaseos
2644 721 2857 777 corpus
2903 707 3212 775 efﬁciatur,
3254 708 3499 781 impium
3557 712 3715 768 enim

2059 791 2203 846 illud
2255 798 2381 848 est:
2444 795 2919 864 quandoquidem
2974 796 3250 851 divinitas
3309 802 3562 865 perfecta
3601 804 3712 868 est,

2060 896 2176 935 non
2207 897 2386 953 capax
2416 882 2874 949 imminutionis,
2908 885 3176 956 simplex,
3228 886 3564 958 singularis,
3599 905 3712 944 non

2058 969 2405 1041 composita,
2451 971 2510 1025 in
2562 988 2738 1043 quam
2789 972 3117 1028 differentia
3162 975 3565 1031 membrorum
3598 994 3713 1032 non

2059 1058 2217 1111 cadit
2247 1075 2436 1130 neque
2460 1077 2677 1127 rerum,
2703 1078 2914 1133 nempe
2944 1062 3229 1134 corporis,
3260 1070 3316 1119 et
3347 1065 3712 1137 incorporei:

2059 1162 2194 1201 nam
2239 1146 2497 1203 Verbum
2548 1150 2871 1221 perfectum
2913 1157 2969 1205 et
3016 1153 3256 1208 omnino
3302 1154 3714 1225 incorporeum

2058 1240 2167 1289 est.
2202 1235 2402 1307 Neque
2431 1237 2588 1292 enim
2624 1243 2773 1294 Deus
2815 1239 3003 1295 factus
3036 1246 3144 1310 est,
3180 1243 3415 1313 quando
3443 1242 3719 1299 incarna-

2058 1328 2156 1379 tus
2186 1329 2295 1390 est,
2329 1343 2515 1397 neque
2565 1327 2747 1383 Filius
2802 1329 2918 1394 Dei,
2969 1331 3205 1400 quando
3257 1347 3470 1404 corpus
3501 1332 3717 1389 huma-

2060 1429 2203 1468 num
2234 1416 2490 1486 accepit:
2526 1433 2714 1488 neque
2741 1418 3027 1475 Dominus
3048 1419 3268 1492 gloriae,
3302 1424 3537 1494 quando
3568 1423 3717 1479 servi

2062 1501 2308 1558 formam
2341 1505 2593 1575 gestavit
2617 1523 2629 1559 :
2657 1506 2758 1561 sed
2782 1506 2957 1562 homo
2988 1512 3044 1562 et
3066 1508 3221 1565 filius
3253 1510 3513 1567 hominis
3533 1512 3718 1568 Filius

2066 1592 2159 1647 Dei
2193 1599 2302 1660 est,
2322 1596 2379 1648 et
2400 1609 2608 1650 servus
2636 1596 2961 1651 secundum
2989 1597 3237 1653 formam
3260 1601 3475 1672 est,qui
3504 1605 3718 1658 natura

2062 1679 2347 1736 Dominus
2396 1687 2505 1739 est.
2556 1683 2680 1738 Non
2728 1685 2925 1756 itaque
2974 1702 3186 1758 corpus
3224 1688 3717 1760 complementum

2063 1768 2283 1825 factum
2316 1776 2403 1826 est
2450 1771 2657 1827 divinae
2698 1772 3117 1846 hypostaseos;
3151 1778 3253 1832 sed
3296 1778 3393 1848 qui
3430 1794 3559 1835 vere
3589 1797 3717 1851 per-

2063 1857 2249 1914 fectus
2274 1865 2386 1931 est,
2419 1860 2824 1932 imperfectum
2867 1864 3126 1936 perfecit,
3158 1870 3214 1921 et
3244 1866 3342 1937 qui
3377 1867 3597 1925 nullius
3627 1868 3719 1925 in-

2064 1948 2321 2020 digebat,
2347 1965 2480 2004 cum
2501 1966 2677 2007 carne
2696 1951 2995 2023 indigente
3011 1954 3276 2024 junctus,
3310 1960 3365 2010 et
3380 1956 3583 2013 unitus
3601 1963 3690 2014 est
3709 1976 3724 2026 ;

2067 2037 2167 2109 qui
2199 2037 2361 2093 nullo
2392 2055 2540 2110 opus
2576 2040 2847 2108 habebat,
2880 2058 3029 2113 opus
3063 2044 3301 2100 habenti
3332 2047 3559 2118 corpori
3592 2064 3721 2104 sese

2065 2126 2522 2183 dedidit.Nullus
2553 2129 2770 2200 quippe
2799 2130 3106 2187 hominum
3139 2133 3239 2204 qui
3264 2140 3414 2189 recte
3436 2136 3723 2205 sentiant,

2065 2221 2169 2271 aut
2200 2215 2299 2287 qui
2347 2216 2600 2288 denique
2649 2219 2842 2274 sobrie
2893 2236 3084 2290 agere,
3116 2238 3182 2276 ac
3230 2221 3555 2294 intelligere
3589 2243 3722 2297 pos-

2066 2305 2205 2373 sint,
2256 2306 2501 2368 dixerit:
2555 2307 2629 2363 Ut
2672 2308 2953 2379 Verbum,
3004 2312 3324 2383 perfectum
3372 2330 3507 2371 cum
3538 2317 3635 2387 sit,
3668 2321 3728 2373 et

2066 2395 2415 2468 hypostasin
2462 2397 2697 2471 habeat,
2739 2417 2912 2457 carne
2961 2419 3077 2457 non
3128 2403 3432 2476 indigebat
3476 2409 3541 2461 ut
3570 2410 3724 2464 Deus

2067 2486 2361 2557 perfectus
2392 2488 2592 2558 ﬁeret;
2643 2488 2730 2544 sic
2779 2507 2967 2562 neque
3017 2508 3229 2563 corpus
3274 2495 3464 2550 Verbo
3492 2494 3726 2567 indige-

2068 2573 2187 2642 bat,
2223 2579 2285 2629 ut
2316 2576 2627 2645 perfectus,
2660 2583 2717 2634 et
2745 2578 2804 2633 in
2849 2579 3152 2653 hypostasi
3183 2581 3358 2638 homo
3390 2584 3574 2640 ﬁeret.
3608 2584 3721 2640 Sed

2070 2662 2288 2719 cmlesti
2320 2664 2616 2722 Salvatore
2662 2667 3094 2740 indigebamus,
3129 2670 3349 2727 cmlesti
3393 2671 3726 2740 liberatore.

2070 2750 2168 2819 qui
2186 2751 2404 2822 peccati
2423 2753 2737 2810 abolitione
2758 2772 2827 2811 ex
2849 2758 3067 2813 nostris
3086 2774 3191 2813 nos
3209 2759 3464 2816 miseriis
3491 2776 3730 2817 renova-

2072 2841 2176 2901 ret,
2207 2838 2686 2912 calamitatesque
2718 2844 2853 2899 inde
2882 2848 3169 2916 profectas
3201 2848 3473 2904 auferret.

2139 2925 2193 2979 5.
2251 2928 2458 2982 Statim
2514 2929 2693 3001 igitur
2750 2931 2823 2986 ab
2901 2934 3030 3005 ipsa
3107 2936 3425 3007 nativitate,
3494 2937 3726 2995 novitas

2069 3014 2362 3086 apparuit,
2422 3032 2488 3071 ac
2563 3017 2815 3074 cmlestis
2873 3026 3083 3076 natura
3148 3024 3278 3095 ejus
3335 3026 3435 3096 qui
3492 3027 3726 3097 genitus

2069 3107 2209 3169 erat,
2272 3121 2374 3175 per
2428 3106 2790 3163 nativitatem
2851 3110 2978 3181 ejus
3028 3116 3266 3167 ostensa
3320 3120 3444 3169 est:
3508 3115 3725 3188 quippe

2070 3192 2167 3262 qui
2201 3210 2315 3247 non
2349 3196 2674 3251 secundum
2709 3198 2936 3269 antiqui
2964 3197 3226 3256 hominis
3259 3218 3327 3256 ex
3354 3202 3477 3257 viro
3510 3208 3566 3258 et
3593 3221 3722 3258 mu-

2068 3278 2208 3335 liere
2239 3284 2698 3352 generationem,
2727 3292 2900 3342 natus
2932 3288 3027 3344 sit.
3054 3288 3425 3360 lmpossibile
3449 3290 3603 3347 enim
3638 3297 3729 3347 est

2065 3370 2285 3440 absque
2314 3370 2420 3425 viri
2466 3389 2642 3443 opera
2688 3374 2994 3430 mulierem
3044 3378 3340 3448 gravidam
3388 3396 3539 3447 esse,
3583 3381 3725 3451 quia

2066 3461 2431 3517 nascentium
2508 3465 2899 3521 substantiam
2968 3466 3029 3521 in
3105 3467 3370 3539 ipsorum
3454 3470 3719 3542 patribus

2064 3548 2218 3605 Deus
2247 3552 2574 3621 constituit,
2603 3555 3103 3626 quemadmodum
3135 3563 3193 3613 et
3222 3558 3544 3630 Scriptura,
3584 3560 3720 3617 Levi

2064 3641 2158 3693 41
2206 3640 2263 3695 in
2313 3641 2495 3712 patris
2548 3645 2640 3697 sui
2699 3643 2945 3699 Abrahm
2987 3644 3208 3701 lumbis
3263 3647 3446 3703 fuisse
3496 3655 3719 3706 narrat.

2063 3728 2417 3801 Redemptor
2444 3735 2662 3798 autem,
2700 3749 2814 3787 non
2863 3734 3069 3789 Adami
3097 3751 3227 3791 esse
3257 3753 3583 3805 assumens,
3615 3738 3717 3794 sed

2062 3834 2131 3873 ex
2160 3818 2385 3875 Adamo
2438 3819 2687 3875 fermam
2738 3822 3054 3893 accipiens,
3116 3841 3353 3880 carnem
3403 3826 3532 3881 dico
3582 3843 3718 3884 cum

2062 3909 2259 3962 anima
2286 3907 2566 3975 humana,
2601 3914 2658 3964 et
2687 3909 2874 3965 factus
2917 3910 3092 3967 homo
3133 3912 3464 3985 visibiliter,
3499 3916 3720 3971 novita-

2062 4000 2179 4050 tem
2212 3995 2270 4050 in
2327 3997 2612 4052 mundum
2672 3998 3049 4055 invisibiliter
3104 4001 3466 4058 introduxit:
3516 4009 3721 4060 contra

2061 4100 2236 4156 quam
2270 4103 2386 4140 non
2422 4086 2627 4140 mortis
2666 4087 2990 4153 decretum,
3048 4106 3152 4144 nec
3202 4090 3420 4147 diaboli
3450 4094 3717 4165 tyrannis

2060 4172 2353 4244 praevalet,
2386 4174 2488 4228 sed
2521 4175 2686 4229 adest
2715 4178 3050 4232 communio
3072 4177 3248 4234 Verbi
3282 4197 3415 4235 cum
3450 4182 3718 4237 mortali-

2060 4264 2170 4316 bus
2197 4268 2254 4316 et
2292 4264 2590 4333 tyrannica
2637 4265 2969 4333 oppressis;
3023 4266 3349 4339 ingensque
3398 4270 3716 4327 discrimen

2059 4352 2130 4405 ob
2164 4351 2691 4417 immortalitatem,
2713 4352 3128 4425 libertatem,et
3150 4374 3180 4409 ιι
3203 4359 3513 4429 tyrannide
3532 4377 3722 4417 exem-

2058 4441 2339 4512 ptionem,
2392 4441 2568 4497 rebus
2619 4441 2896 4497 humanis
2943 4442 3176 4499 illatum
3235 4451 3342 4501 est.
3378 4452 3509 4519 Ipsa
3539 4448 3719 4523 Virgo

2058 4529 2242 4584 Maria
2272 4529 2562 4585 admirata
2591 4535 2700 4598 est,
2737 4531 2972 4602 quando
3012 4549 3080 4587 ex
3118 4549 3180 4590 se
3211 4535 3420 4590 futuras
3452 4536 3716 4596 Salvato-

293 4621 480 4696 φησὶν,
538 4621 651 4677 ἐπεὶ
711 4619 875 4695 ἄνδρα
939 4622 1002 4677 οὐ
1060 4623 1315 4698 γινώσκω
1349 4641 1362 4693 ;
1396 4622 1836 4700 »Εὐηγγελίσθη
1892 4623 1950 4681 δὲ

2065 4618 2140 4674 ris
2174 4619 2496 4674 nativitatis
2554 4619 2826 4675 nuntium
2888 4622 3132 4694 accepit.
3185 4644 3214 4674 ‹‹
3274 4624 3575 4688 Quomodo
3621 4629 3720 4686 ﬁet

293 4707 436 4773 θείαν
472 4710 656 4766 οὐσίαν
716 4715 811 4765 τοῦ
872 4710 1220 4788 γεννηθέντος
1269 4711 1319 4782 ἐξ
1359 4710 1526 4781 αὐτῆς
1560 4714 1674 4787 (85)
1704 4712 1756 4768 ἐν
1810 4734 1942 4789 μορ-

291 4798 460 4877 φώσει
509 4800 755 4874 σαρκίνῃ.
788 4800 885 4855 Καὶ
919 4801 985 4869 ἦν
1030 4799 1277 4871 οὐράνιον
1309 4800 1371 4855 τὸ
1402 4798 1599 4876 δῶρον,
1632 4800 1721 4856 καὶ
1753 4804 1945 4876 γήϊνον

288 4887 352 4941 τὸ
388 4887 702 4963 βλάστημα·
768 4889 834 4959 ἦν
896 4888 1307 4964 εἰρηνοποίησις
1364 4896 1463 4958 τῆς
1518 4889 1768 4963 γῆς,καῖ
1807 4890 1943 4966 πρὸς

292 4975 555 5047 οὐρανοὺς
589 4977 873 5051 ὁμοίωσις,
905 4980 1040 5035 κατὰ
1070 4980 1167 5048 τήν
1197 4982 1305 5033 τῶν
1338 4977 1589 5054 ἀγγέλων
1627 4980 1799 5054 χαρὰν
1833 4984 1941 5034 τῶν

294 5064 574 5140 βοώντων·
610 5089 638 5119 ‹‹
668 5066 809 5137 Λόξα
839 5066 890 5120 ἐν
926 5064 1172 5141 ὑψίστοις
1202 5070 1339 5140 Θεῷ,
1366 5066 1455 5122 καὶ
1489 5065 1577 5123 ἐπὶ
1608 5073 1713 5142 γῆς
1748 5066 1937 5142 εἰρήνη

359 5208 404 5244 ⁸⁵
436 5209 575 5266 Luc.
608 5226 651 5279 ι,
681 5210 771 5265 34.

507 5358 644 5439 μίαν
678 5359 856 5439 φύσιν,
890 5360 1068 5418 Basil.

360 5433 471 5504 (8|)
513 5433 599 5507 _I_ta
628 5432 834 5507 omnes
891 5433 1300 5507 manuscripti.
1363 5434 1511 5491 Editi
1566 5451 1725 5507 vero,
1782 5432 1835 5489 εἷ’
1886 5454 1946 5490 τε

286 5500 590 5574 σῶ⁷μαέἷίη,
623 5502 769 5575 εἷήτε
800 5502 1080 5577 ἀσώματα,
1117 5500 1414 5577 mendose.

359 5572 472 5646 ('82)
495 5572 703 5645 Basil.,
721 5572 977 5644 Gobler.,
1001 5572 1268 5650 seguer.,
1300 5572 1634 5650 δυναμένων,
1658 5578 1836 5644 Editi,
1860 5574 1948 5631 δυ-

284 5643 541 5718 νάμενος.

360 5716 468 5793 (83)
503 5720 599 5777 Sic
629 5716 886 5789 Gobler.,
911 5718 1060 5777 Felc.
1093 5736 1134 5789 ι,
1159 5719 1400 5793 Seguer,
1426 5724 1493 5777 In
1521 5718 1766 5796 reliquis
1792 5718 1862 5777 τὰ
1889 5717 1949 5774 lx

2058 4708 2200 4763 mihi
2228 4708 2406 4777 istud,
2424 4730 2452 4757 »
2467 4708 2567 4779 ait,
2597 4732 2617 4757 «ι
2642 4710 2919 4781 quoniam
2937 4713 3127 4766 virum
3143 4729 3256 4767 non
3281 4730 3568 4787 cognosco
3588 4717 3671 4773 εστ
3688 4740 3715 4769 ››

2055 4796 2333 4852 Nuntiata
2364 4800 2557 4852 autem
2587 4797 2672 4852 illi
2703 4802 2793 4855 est
2823 4799 3018 4855 divina
3043 4802 3299 4857 essentia
3331 4805 3482 4875 ejus,
3514 4806 3614 4876 qui
3647 4822 3717 4863 ex

2056 4887 2186 4958 ipsa
2214 4886 2325 4941 sub
2355 4886 2576 4942 carnali
2626 4887 2812 4941 iorma
2861 4892 3036 4944 natus
3066 4892 3173 4944 est.
3211 4890 3463 4963 Eratque
3491 4894 3712 4950 donum
3774 4946 3781 4953 ,

2056 4976 2307 5040 caeleste,
2339 4991 2696 5047 germenque
2716 4980 3015 5032 terrenum
3045 4993 3058 5033 :
3086 4995 3196 5049 pax
3224 4983 3394 5035 terrae
3440 4981 3711 5038 concilia-

2055 5068 2248 5134 batur,
2277 5080 2345 5120 ac
2375 5064 2706 5120 similitudo
2737 5066 3003 5135 quaedam
3035 5067 3164 5138 ejus
3209 5083 3343 5123 cum
3374 5068 3535 5123 cca-lis
3565 5077 3714 5141 erat,

2050 5360 2252 5429 ταύτης
2285 5360 2449 5416 deest
2472 5359 2612 5415 utin
2635 5359 2830 5415 editis.
2861 5360 2991 5417 Mox
3010 5357 3363 5428 Goblerian.,
3388 5357 3643 5419 Felckm.
3669 5381 3711 5433 ι,

2054 5433 2379 5508 γεννήσεως.

2126 5506 2238 5581 (813)
2266 5501 2673 5581 ξθςυβμξίμῐιυε,
2710 5499 2981 5581 ῌαρθένος
3013 5494 3295 5581 Θεοτόκος.
3327 5569 3338 5581 ·

2127 5565 2241 5645 (85)
2275 5565 2542 5645 Ιοῖεάἱζὶε
2575 5565 2871 5639 mendose,
2906 5570 2957 5638 ἐξ
2988 5568 3173 5635 αὐτοῦ,
3210 5569 3411 5640 Basil.,
3450 5565 3719 5643 Gobler.,

2057 5641 2319 5719 segnem,
2353 5643 2404 5713 ἐξ
2432 5641 2622 5710 αὐτῆς.
