4136 6372
396 383 510 446 131
1601 380 1667 444 8.
1714 380 2247 443 ATHANASIUS.
2271 411 2351 426 --
2377 380 2644 443 DUBIA.
3701 394 3821 459 {33

402 519 467 571 ut
498 531 611 587 prae
638 530 700 570 se
730 514 950 570 ferebat
988 513 1329 587 angelorum
1360 513 1642 586 gaudium
1693 513 2014 569 dicentium

2181 511 2501 586 ὶνθρώποις’
2536 535 2563 563 ››
2597 511 2894 588 Χαίροντίς
2950 515 3042 570 οὗν
3102 516 3188 572 ἐπὶ
3358 525 3592 596 Χριστοῦ
3619 527 3814 600 γεννή-

399 626 429 655 ‹‹
456 604 653 660 Gloria
680 603 738 657 in
789 604 1034 659 excelsis
1082 608 1217 670 Deo,
1249 608 1305 659 et
1333 602 1393 657 in
1438 609 1594 659 terra
1642 620 1752 675 pax
1798 601 2032 657 homini

2183 620 2249 654 rei
2283 643 2297 668 ,
2330 600 2429 655 οὐκ
2459 601 2802 673 ἀνθρωπίνην
2835 606 3008 678 χαρὰν
3062 606 3368 681 χαίροντες,
3403 611 3516 666 οἷον
3576 614 3688 684 (86)
3726 614 3816 669 ἐπὶ

400 694 531 749 bus.
563 693 608 727 ⁸⁸
638 715 666 745 ››
699 692 1033 749 Gaudentes
1059 692 1239 764 igitur
1262 693 1318 747 in
1350 692 1565 747 Christi
1598 691 2033 756 nativitate,nor

2181 688 2488 763 (εννωμένῳ
2518 687 2720 763 παιδίῳ
2748 692 3029 767 χαίρουσιν
3064 695 3343 769 ἄνθρωποι
3374 745 3389 770 ,
3420 701 3509 754 καὶ
3565 703 3814 777 γενεσίων

397 781 659 837 humano
688 779 924 853 gaudio,
966 779 1138 852 quale
1181 786 1269 836 est
1298 780 1577 852 gaudium
1630 780 1959 847 hominum,
1992 778 2030 833 ii

2189 775 2504 832 ηπιτελοῦσιν
2558 779 2774 854 ἑορτήν·
2808 779 2933 836 ἀλλ’
2986 782 3266 860 ἐπιφανείᾳ
3320 789 3555 858 Χριστοῦ
3580 775 3588 777 ἡ
3614 792 3822 867 χαίρω-

399 870 704 925 nativitate
735 869 898 942 pueri
949 869 1304 940 cujuspiam,
1340 868 1438 923 ubi
1485 874 1543 924 et
1589 867 1871 923 natalium
1904 867 2032 923 celev

2184 887 2263 921 ιεν
2298 869 2431 940 (87),
2462 873 2554 922 καῖ
2605 870 2784 947 φωτὸς
2843 871 3142 946 ἐπιλαμψει
3199 876 3404 945 θεϊκοῦ,
3462 878 3525 933 οὐ
3554 882 3817 937 κοινωνὸν

397 959 672 1014 britatem
698 962 899 1030 agunt.
924 958 1037 1013 Sed
1070 957 1140 1012 de
1158 956 1371 1012 Christi
1395 958 1645 1014 adventu
1666 957 2030 1028 gaudeamus

2184 953 2384 1030 ἷχοντες
2440 959 2540 1026 τῆς
2600 958 3008 1033 αἰχμαλωσίας,
3042 961 3190 1018 ἀλλὰ
3244 963 3530 1042 λυτρωτὴν
3562 969 3698 1025 κατὰ
3723 970 3817 1026 τόν

394 1051 454 1103 et
482 1047 554 1103 de
586 1047 794 1102 divinis
824 1046 973 1101 lucis
1004 1044 1434 1101 illustratione:
1483 1061 1599 1101 non
1627 1046 1778 1117 quod
1810 1044 2021 1116 captivi

2186 1044 2528 1104 Απόστολον.
2561 1047 2620 1101 Τί
2652 1044 2710 1102 δὲ
2760 1050 2826 1117 ἧν
2886 1048 2974 1105 ἐπὶ
3029 1051 3246 1116 τούτοις
3275 1073 3289 1122 ;
3321 1060 3381 1111 ἸΙ
3439 1057 3624 1132 χρίσις
3654 1101 3668 1125 ,
3699 1065 3819 1125 καθ’

393 1137 536 1192 tatis
568 1140 897 1192 consortem
942 1134 1289 1200 habeamus,
1322 1134 1422 1190 sed
1457 1134 1926 1206 Redemptorem,
1960 1149 2025 1189 se

2186 1135 2242 1225 ᾖν,
2282 1134 2618 1210 γεννώμενος
2651 1137 2915 1214 θειότερον
2948 1141 2982 1208 ἢ
3028 1143 3145 1196 κατ’
3178 1142 3493 1218 ἀνθρώπους
3527 1192 3540 1215 ,
3574 1148 3662 1202 καὶ
3693 1170 3819 1225 τρα-

394 1227 656 1281 cundum
687 1223 1053 1296 Apostolum.
1082 1223 1229 1287 Quid
1253 1230 1446 1279 autem
1469 1229 1747 1296 praeterea
1768 1224 1874 1278 hac
1903 1223 1964 1277 in
1992 1240 2027 1278 Pl

2178 1224 2280 1300 ρεὶς
2341 1224 2625 1300 θειοτέρως
2682 1228 2716 1296 ἦ
2771 1229 2886 1283 καθ’
2933 1231 3081 1302 ἡμᾶς
3144 1233 3372 1308 Χριστός
3409 1279 3422 1291 .
3470 1235 3540 1290 Τὸ
3591 1236 3686 1309 μὶν
3720 1223 3811 1293 οὗν

395 1313 633 1370 adfuit?
665 1314 888 1381 Unctio,
922 1330 1039 1384 qua
1068 1312 1294 1368 scilicet
1335 1312 1617 1368 diviniora
1651 1330 1828 1384 quam
1863 1311 2023 1368 homi

2185 1319 2358 1387 ιχῆμα
2414 1315 2549 1369 κατᾶ
2602 1316 2701 1383 τήν
2760 1317 2929 1389 σάρκα
2977 1317 3028 1373 ὲν
3090 1318 3243 1376 ὕδατι
3303 1323 3613 1398 βαπτίζεται
3678 1330 3818 1399 μετὰ

394 1420 500 1460 nes
528 1404 699 1459 modo
726 1408 900 1459 natus
930 1411 1037 1473 est,
1069 1402 1505 1458 divinioreitem
1538 1419 1714 1473 quam
1744 1418 1848 1457 nos
1880 1402 2027 1456 modi

2181 1399 2463 1490 ίουᾷαίων.
2526 1404 2624 1458 Καὶ
2683 1406 2938 1477 Ἰωάννης
2992 1407 3019 1462 ὀ
3069 1410 3367 1484 βαπτίζων,
3418 1413 3509 1468 καὶ
3564 1418 3814 1490 ποταμὸς

393 1494 681 1550 educatus
715 1497 804 1550 est
824 1492 1110 1548 Christus.
1131 1491 1341 1547 Forma
1360 1491 1557 1562 itaque
1588 1507 1696 1546 sua
1725 1490 2026 1546 secundum

2182 1488 2443 1578 lop_81'vr,c
2478 1492 2506 1546 ὁ
2564 1493 2742 1549 λούων
2800 1499 2958 1569 σῶμα
3014 1498 3077 1553 τὸ
3136 1500 3304 1568 Θεῖον,
3357 1502 3447 1557 καὶ
3499 1488 3813 1578 ΙΙνεύματος

394 1598 629 1638 carnem
676 1582 852 1638 undis
901 1579 1163 1636 abluitur
1209 1596 1341 1635 cum
1391 1578 1629 1635 Judaais.
1661 1581 1914 1635 Joannes
1946 1580 2019 1634 ba

2183 1575 2356 1656 ῗφοδος
2415 1578 2466 1649 ἐξ
2525 1580 2755 1657 οὐρανοῦ
2787 1583 2862 1645 sic
2920 1585 2984 1639 τὸ
3041 1588 3274 1664 καθαρὸν
3326 1593 3485 1663 σῶμα
3535 1575 3654 1648 τοῦή
3690 1599 3816 1666 Χρι·

392 1671 649 1744 ptizavit,
682 1671 897 1726 ﬂuvius
944 1668 1220 1725 Jordanis
1264 1668 1452 1724 abluit
1499 1668 1762 1724 divinum
1795 1684 2009 1739 corpus

2178 1672 2309 1735 ττοῦ,
2344 1668 2394 1738 ἐξ
2449 1667 2510 1723 οὗ
2539 1670 2630 1724 καὶ
2681 1671 2757 1734 εἷς
2790 1674 2938 1744 ἡμᾶς
2998 1669 3260 1731 διαϐαίνει
3309 1686 3426 1742 καθ’
3458 1679 3722 1754 ὁμοίωσιν
3776 1687 3811 1755 ἡ

388 1767 532 1817 tunc
562 1759 813 1833 Spiritus
843 1758 1028 1815 sancti
1083 1759 1142 1813 in
1186 1774 1399 1831 purum
1451 1756 1664 1814 Christi
1696 1773 1909 1828 corpus
1940 1756 2021 1811 adt

2181 1758 2413 1833 ιάθαρσις
2471 1761 2606 1832 (88),
2661 1758 2754 1815 ἵνα
2801 1762 2889 1816 καὶ
2921 1765 3086 1835 ἡμεῖς
3146 1765 3610 1844 ἁκολουθήσωμεν
3668 1770 3814 1844 αὐτῷ

385 1855 598 1906 ventus
628 1848 758 1919 fuit,
790 1866 824 1904 a
854 1865 969 1920 quo
1013 1847 1075 1902 in
1119 1864 1227 1903 nos
1278 1846 1546 1919 purgatio
1590 1850 1916 1901 transmeat
1948 1862 2016 1917 pe

2178 1845 2498 1918 πληροῦντες
2575 1855 2749 1904 πᾶσαν
2804 1847 3151 1923 δικαιοσύνην
3208 1901 3221 1923 ,
3279 1857 3371 1910 καὶ
3428 1860 3811 1937 καθαιρόμενοι

385 1938 837 1997 similitudinem
864 1954 878 2005 ;
913 1938 1189 2008 utipsum
1208 1952 1551 2007 sequamur,
1576 1935 2018 2007 impleamusqui

2173 1937 2209 1987 ἰν
2269 1938 2418 2006 αύτῷ
2470 1941 2549 2008 τῷ
2610 1937 2839 2011 Κυρίῳ,
2882 1941 2929 2013 ᾧ
2985 1943 3020 2009 ἡ
3079 1938 3208 2013 δόξα
3265 1944 3339 2008 εἷς
3396 1947 3524 2010 τοὺς
3582 1933 3806 2013 αἰῶνας.

385 2043 619 2085 omnem
644 2025 1201 2098 justitiam,purgati
1232 2025 1292 2080 in
1326 2024 1455 2097 ipso
1486 2024 1757 2094 Domino,
1790 2024 1882 2079 cui
1915 2023 2046 2096 glo-
2155 2026 2332 2096 ’Δμήν
2366 2027 2502 2098 (89).

384 2118 476 2174 ria
502 2117 561 2172 in
591 2114 820 2173 saecula.
857 2118 1059 2170 Amen.

456 2288 501 2323 ⁸⁸
532 2287 669 2344 Luc.
708 2304 772 2359 ιι,
801 2287 887 2343 14.

450 2466 564 2541 (89)
595 2464 1011 2541 S_eguerianus,
1043 2459 1183 2519 οἵαν.
1256 2535 1287 2541 _
1663 2532 1672 2541 _
1910 2537 1961 2541 __

1910 2537 1961 2541 __
2216 2466 2330 2541 (88)
2361 2464 2699 2541 Basiliensis
2720 2472 2785 2541 et
2811 2473 3072 2541 Seguer.,
3101 2472 3135 2538 ἠ
3171 2471 3457 2541 σάρκωσις,

451 2467 565 2608 (Βϐζ
595 2467 1011 2537 Seguerianus,
1043 2467 1183 2519 οἵαν.

451 2538 541 2609 (87
607 2536 862 2614 Gobler.,
920 2536 1069 2614 Eelc.
1130 2553 1194 2614 ιη
1253 2535 1518 2606 Seguer.,
1576 2532 1864 2608 χαίρομεν.
1910 2537 2036 2590 Mox

2216 2467 2330 2533 (88)
2361 2467 2699 2522 Basiliensis
2729 2472 2785 2523 et
2811 2473 3072 2541 Seguer.,
3101 2472 3135 2538 ἡ
3171 2471 3458 2541 σάρκωσις.

2178 2607 2189 2614 _
2218 2538 2328 2606 (89)
2360 2537 2517 2614 Heio,
2545 2537 2619 2599 είς
2648 2539 2775 2600 τοὺς
2808 2540 3029 2614 αἰῶνας,
3053 2544 3221 2614 ἀμήν,
3256 2547 3471 2604 desunt
3496 2551 3552 2606 in
3583 2550 3792 2606 Goble-

380 2600 599 2683 ἔχοντες
632 2610 796 2664 deest
826 2600 885 2663 in
918 2600 1293 2680 Segueriano.
1331 2600 1360 2606 ⁷
1504 2600 1509 2601 ί
1580 2600 1618 2607 ’”
1678 2600 1687 2608 ’
1749 2600 1758 2605 ’
2146 2600 2320 2663 τίιιιιο
2339 2614 2395 2663 et
2427 2600 2576 2665 ΡοΙο.
2609 2627 2648 2677 ι,
2681 2628 2785 2667 nec
2815 2612 2964 2670 lecta
2995 2600 3474 2676 sunt'a'Na'nnio.

382 2764 3793 2797 η

1334 2898 1413 2957 IN
1463 2896 1815 2967 SEQUENS
1860 2896 2337 2959 OPUSGULUM
2381 2899 2847 2960 ADMONITIO.

460 3072 483 3102 ι
518 3051 561 3109 Ι.
595 3054 771 3108 Vetus
801 3067 964 3107 error
992 3049 1256 3106 omnium
1289 3050 1549 3121 (excepto
1580 3048 1894 3121 Bisiliensi)
1927 3049 2465 3120 manuscriptorum
2497 3054 2607 3115 est,
2639 3056 2703 3105 ut
2732 3050 2842 3108 hoc
2882 3051 3232 3124 opusculum
3264 3071 3399 3110 cum
3432 3056 3795 3127 expositione

388 3162 411 3191 ι
449 3140 610 3198 illius
644 3142 779 3196 dicti
808 3158 821 3195 :
857 3142 1056 3197 Omnia
1084 3141 1227 3195 mihi
1255 3140 1465 3194 tradita
1488 3148 1619 3193 sunt
1645 3154 1679 3193 a
1726 3140 1911 3204 Patre,
1941 3138 2053 3192 sub
2102 3153 2220 3191 uno
2249 3137 2572 3209 eodemque
2603 3139 2773 3194 titulo
2812 3141 3137 3214 jungatur:
3172 3142 3283 3200 hoc
3314 3144 3537 3199 scilicet
3565 3145 3798 3213 ordine,

387 3254 409 3282 ι
440 3238 500 3287 ut
533 3232 721 3303 primo
755 3236 1006 3302 ponatur
1031 3229 1364 3294 Tractatus,
1396 3228 1454 3282 in
1476 3226 1625 3282 illud
1653 3244 1664 3280 :
1699 3228 1897 3282 Omnia
1927 3227 2066 3281 mihi
2092 3226 2309 3282 tradita
2355 3233 2507 3294 sunt,
2539 3236 2639 3283 etc.
2672 3228 2957 3293 Secundo,
3007 3232 3397 3304 tragmentum
3432 3249 3502 3289 ex
3540 3232 3688 3289 libro
3722 3235 3793 3290 de

384 3343 414 3372 «
450 3319 702 3377 Nicenis
733 3318 1002 3381 decretis,
1034 3333 1089 3388 ρ.
1120 3318 1246 3381 211,
1287 3313 1456 3368 Τοῦτό
1483 3313 1622 3366 ἐστιν
1675 3311 1895 3382 ἀληθῶς
1942 3309 2017 3366 διε

2164 3311 2299 3368 ηλίαε
2336 3316 2458 3371 "me
2483 3321 2560 3371 est
2590 3333 2717 3372 vera
2745 3318 3021 3387 doctrina,
3052 3329 3158 3377 etc.
3216 3323 3326 3377 sub
3358 3323 3559 3377 eodem
3595 3322 3797 3392 titulo,

385 3432 414 3462 ‹‹
449 3408 651 3482 paucis
679 3413 910 3463 tantum
944 3405 1187 3461 mutatis
1218 3405 1432 3460 verbis.
1464 3402 1657 3458 Tertio
1687 3403 1781 3457 hic
1824 3402 2054 3458 libellus
2086 3404 2157 3458 de
2186 3403 2456 3459 Sabbatis
2486 3412 2913 3478 consequenter
2935 3410 3258 3481 eademque
3300 3411 3516 3482 pariter
3545 3411 3793 3482 inscrip-

386 3524 414 3554 «
447 3501 627 3556 tione.
662 3498 857 3568 quue
890 3513 1130 3568 prorsus
1162 3497 1333 3551 modo
1362 3497 1557 3566 jacent
1586 3500 1643 3548 in
1676 3494 1850 3549 editis
1882 3494 2158 3549 omnibus
2192 3495 2414 3550 Latinis
2449 3496 2750 3552 Athanasii
2777 3515 2846 3553 ex
2876 3497 3087 3554 Nannii
3118 3501 3403 3557 versione.
3436 3504 3559 3567 Quo
3591 3506 3790 3557 autem

384 3612 413 3642 «
448 3605 587 3644 casu
622 3603 715 3642 res
745 3588 827 3641 ita
856 3587 1189 3655 disparatae,
1240 3588 1667 3654 consequenter
1694 3587 1752 3637 et
1800 3583 1910 3637 sub
1942 3583 2142 3639 eodem
2190 3583 2361 3639 titulo
2393 3584 2590 3655 positae
2639 3587 2876 3649 fuerint,
2910 3588 3043 3659 quis
3088 3589 3365 3659 augurari
3395 3591 3633 3647 valeat?
3660 3594 3791 3647 Haec

383 3700 411 3728 ‹‹
447 3671 731 3748 Opuscula
762 3690 865 3729 seu
898 3674 1226 3744 fragmenta
1256 3676 1407 3726 recte
1436 3672 1674 3726 demum
1708 3669 1892 3726 divisa
1928 3672 2160 3726 fuerunt
2192 3688 2225 3726 a
2254 3672 2735 3729 Commelinianis
2782 3675 3128 3741 editoribus,
3157 3692 3304 3747 quos
3334 3679 3511 3733 secuti
3545 3679 3625 3736 ita
3653 3686 3795 3737 sunt

380 3788 408 3817 «
446 3763 822 3829 Parisienses,
858 3766 923 3817 ut
970 3768 1282 3833 postquam
1316 3766 1434 3815 tres
1482 3759 1614 3816 illos
1664 3766 1948 3815 tractatus
1976 3761 2037 3815 in
2070 3761 2261 3832 priore
2312 3767 2469 3817 tomo
2501 3762 2735 3817 divisim
2793 3762 3153 3829 retulissent,
3188 3770 3252 3820 ut
3284 3783 3375 3821 res
3407 3768 3784 3839 postulabat;

382 3877 411 3905 ‹‹
436 3854 693 3911 secundo
725 3853 935 3907 iterum
966 3855 1150 3917 tomo;
1182 3868 1238 3921 p.
1268 3852 1357 3915 6/1,
1393 3850 1790 3922 fragmentum
1825 3851 2228 3921 reposuerint:
2265 3854 2479 3908 chcst
2510 3854 2661 3906 enim
2691 3869 2821 3907 vera
2840 3852 3113 3924 doctrina,
3146 3860 3202 3909 et
3231 3863 3651 3927 consequenter
3681 3860 3791 3914 hoc

381 3964 411 3994 «
441 3944 510 4001 de
541 3940 809 3997 Sabbatis
839 3937 1215 4010 opusculum.
1268 3939 1496 3994 Primus
1530 3955 1698 4009 porro
1757 3944 2061 4004 tractatus,
2096 3955 2306 4011 nempe
2336 3940 2394 3993 in
2439 3938 2583 3994 illud
2612 3955 2625 3993 :
2669 3940 2867 3995 Omnia
2920 3942 3062 3997 mihi
3089 3944 3297 3998 tradita
3330 3952 3477 4010 sunt,
3507 3954 3631 4013 δια,
3664 3947 3792 4003 suis

380 4052 409 4081 ‹‹
441 4046 570 4087 sese
598 4029 752 4084 notis
780 4027 974 4099 prodit
1002 4043 1131 4082 esse
1172 4025 1661 4082 Athanasianum.
1695 4026 1840 4082 Vide
1892 4029 2081 4100 primo
2112 4031 2270 4083 tomo
2322 4045 2379 4099 p.
2411 4028 2500 4083 81.
2551 4027 2965 4100 Fragmentum
3017 4048 3147 4087 vero
3174 4051 3187 4089 ;
3221 4033 3344 4087 Ηκε
3371 4037 3449 4088 εει
3480 4036 3626 4090 enim
3655 4052 3793 4092 υενα

379 4142 408 4171 α
439 4119 712 4188 doctrina,
744 4116 1003 4172 diximus
1034 4132 1104 4171 ex
1131 4114 1280 4171 libro
1310 4114 1382 4170 de
1424 4114 1673 4171 Nicaenis
1703 4115 1951 4172 decretis
1998 4123 2333 4189 excerptum
2369 4118 2569 4173 fuisse.
2622 4118 2787 4175 Hunc
2823 4137 2957 4177 vero
3005 4126 3324 4177 tractatum
3357 4123 3512 4194 quod
3545 4129 3795 4197 spectat,

377 4230 407 4259 ‹‹
439 4224 512 4264 an
544 4205 853 4262 Athanasii
883 4205 962 4261 sit
992 4220 1193 4270 necne,
1223 4205 1317 4259 vix
1346 4204 1700 4276 deprehendi
1735 4210 1942 4277 potest,
1978 4222 2006 4261 ο

2161 4205 2306 4263 Iulle.
2334 4206 2566 4278 uspiam
2599 4207 2689 4263 vel
2717 4207 2927 4271 νοθείας
2961 4209 3049 4265 vel
3077 4208 3441 4284 γνησιότητος
3472 4218 3612 4268 nota
3639 4230 3794 4271 com-

377 4320 406 4349 ‹‹
438 4300 678 4370 pareat:
712 4294 968 4351 bomiliae
998 4309 1254 4365 namque
1286 4296 1541 4366 speciem
1565 4294 1814 4365 praefert,
1846 4312 1958 4366 quo
1991 4296 2286 4352 scribendi
2318 4310 2530 4368 genere
2569 4296 2716 4350 nihil
2746 4297 2935 4353 edidit
2977 4297 3358 4367 Athanasius,
3391 4303 3548 4374 quod
3579 4303 3650 4360 ad
3684 4321 3794 4361 nos

379 4403 408 4438 ιι
436 4400 625 4456 usque
654 4383 1017 4456 pervenerit:
1049 4383 1201 4438 unde
1225 4381 1321 4436 vix
1349 4397 1419 4437 ex
1451 4380 1599 4453 stylo
1631 4381 1851 4453 aliquid
1883 4381 2117 4439 decerni
2148 4398 2320 4455 posse
2350 4382 2599 4436 videtur.
2639 4404 2668 4433 »

444 4496 473 4524 «
508 4473 579 4528 II.
610 4472 814 4545 Agitur
843 4472 935 4528 hic
958 4471 1030 4527 de
1060 4470 1336 4541 Sabbato,
1371 4469 1529 4542 quod
1562 4486 1678 4525 non
1709 4471 1834 4541 otii,
1864 4472 1965 4526 sed
2005 4470 2101 4526 Dei
2134 4470 2527 4543 cognoscendi
2562 4486 2743 4525 causa
2772 4470 2976 4526 datum
3007 4472 3358 4543 defenditur,
3391 4478 3463 4534 de
3484 4476 3795 4537 Dominica

376 4583 405 4613 «
434 4561 597 4627 item,
629 4562 702 4617 de
731 4559 1177 4616 circumcisione
1208 4562 1266 4614 et
1306 4557 1686 4630 baptismate.
1721 4561 1789 4612 Et
1813 4574 1955 4614 sane
1998 4560 2315 4629 quamdam
2349 4557 2655 4630 dignitatis
2703 4560 2957 4631 speciem
2992 4564 3223 4633 prtsfert
3268 4564 3379 4622 hoc
3411 4567 3791 4640 opusculum,

373 4674 402 4703 «
429 4655 497 4706 ut
525 4649 575 4706 si
606 4666 721 4706 non
750 4648 1054 4705 Athanasii
1090 4647 1167 4702 sit
1198 4646 1450 4717 alicujus
1481 4644 1689 4702 saltem
1722 4646 1802 4719 pii
1854 4647 2123 4718 doctique
2152 4648 2260 4703 viri
2301 4664 2449 4720 opus
2497 4662 2627 4704 esse
2659 4653 2912 4720 putetur.
2949 4650 3304 4709 Monendum
3338 4656 3588 4727 denique
3618 4657 3789 4713 duxi-

379 4759 401 4790 ι
436 4756 590 4807 mus,
622 4740 694 4795 ad
721 4739 1043 4794 orationem
1076 4741 1346 4807 quartam
1399 4741 1602 4792 contra
1632 4737 1902 4805 Arianos,
1954 4740 2089 4805 tom,
2120 4738 2188 4805 II,
2238 4755 2295 4809 p.
2331 4735 2456 4805 496,
2506 4735 2565 4792 in
2596 4738 2862 4810 margine
2910 4739 3177 4796 codicum
3229 4742 3429 4812 Basil.,
3462 4744 3693 4801 Gobler.
3728 4750 3790 4801 et

369 4852 398 4880 «
435 4829 688 4885 Felckm.
722 4827 777 4892 4,
805 4826 927 4882 ι]ωο
952 4826 1099 4896 legi:
1132 4825 1207 4877 Τὰ
1237 4822 1358 4897 περὶ
1392 4816 1675 4877 σαϐϐάτων
1710 4823 1800 4877 καὶ
1821 4843 2002 4897 περιτο

2151 4821 2256 4879 ὧδε
2287 4820 2507 4879 ἔκειντο.
2538 4825 2873 4897 Opuscuium
2894 4828 2960 4883 de
2989 4829 3248 4885 Sabbatis
3267 4840 3317 4885 et
3345 4834 3784 4905 circumcisione,

369 4941 397 4969 ‹‹
429 4918 520 4973 hic
543 4918 783 4989 positum
811 4923 931 4970 erat
955 4929 974 4968 :
1008 4912 1146 4984 quid
1180 4930 1371 4968 causae
1405 4930 1535 4968 vero
1566 4912 1643 4968 sit
1672 4914 1827 4985 quod
1858 4930 1924 4969 eo
1955 4913 2067 4971 loci
2096 4914 2448 4971 translatum
2483 4916 2677 4982 fuerit,
2710 4932 2782 4972 ne
2814 4919 3143 4988 conjectare
3175 4920 3411 4990 quidem
3443 4920 3617 4990 licet;
3649 4940 3783 4979 cum

369 5031 397 5061 «
432 5009 504 5065 de
533 5007 711 5064 rebus
742 5003 864 5060 illic
895 5002 1067 5075 longe
1099 5002 1437 5075 disparibus
1462 5008 1694 5076 agatur.
1726 5025 1752 5056 ι
