4136 6378
311 388 427 447 133

1344 368 1443 431 DE
1488 365 1872 431 SABBATIS
1918 365 2018 426 ET
2061 362 2700 426 CIRCUMCISIONE.

3620 388 3738 445 134

1476 523 1604 575 ΤΟΥ
1642 518 1731 573 ΕΝ
1770 515 2006 571 ΑΓΙΟΙΣ
2049 513 2321 569 ΠΑΤΡΟΣ
2364 514 2556 569 ΗΜΩΝ

1665 662 2397 760 ΑΘΑΝΑΣΙΟΥ

1113 848 1271 899 IIEPI
1314 842 1692 898 ΣΑΒΒΑΤΩΝ
1732 843 1850 891 ΚΑΙ
1891 837 2320 907 ΠΕΡΙΤΟΜΗΣ,
2364 841 2446 891 ΕΚ
2484 841 2614 892 ΤΗΣ
2656 840 2942 897 ΕΞΟΔΟΥ.

1440 1104 1534 1198 S.
1589 1104 1688 1195 P.
1744 1102 1852 1193 N.
1928 1098 2611 1193 ATHANASII

1144 1278 1231 1331 DE
1269 1272 1592 1330 SABBATIS
1631 1272 1719 1326 ET
1755 1266 2293 1337 CIRCUMCISIONE,
2334 1269 2418 1323 EX
2455 1271 2657 1327 LIBRO
2695 1272 2912 1330 EXODI.

396 1561 445 1615 1.
484 1579 506 1611 κ
541 1555 640 1611 Καὶ
672 1552 993 1633 φυλάξουσιν
1028 1551 1076 1605 οἷ
1121 1549 1229 1605 υἱοὶ
1290 1546 1508 1625 Ἰσραὴλ
1566 1548 1633 1601 τὰ
1691 1538 1966 1611 Σάϐϐατα,

2154 1545 2334 1600 421.
2370 1568 2398 1595 κ
2435 1547 2502 1602 Et
2556 1551 2891 1606 custodient
2947 1552 3051 1608 filii
3110 1556 3289 1613 Israel
3347 1560 3622 1633 Sabbata,
3676 1570 3735 1620 et

321 1651 493 1702 ποιεῖν
545 1644 679 1700 αὐτὰ
737 1644 813 1705 εἷς
869 1643 964 1705 τὰς
1020 1641 1206 1717 γενεὰς
1238 1638 1436 1694 αὐτῶν.
1471 1638 1713 1707 Διαθήκη
1747 1634 1969 1695 αἰώνιος

318 1736 370 1792 ἐν
401 1734 525 1808 ἐμοὶ
580 1734 672 1789 καὶ
728 1738 845 1795 τοῖς
879 1732 1017 1793 υἱοῖς
1047 1727 1292 1805 Ἰσραὴλ,
1326 1726 1553 1802 σημεῖόν
1589 1726 1726 1781 ἐστιν
1760 1724 1810 1779 έν
1846 1722 1970 1797 ἐμοὶ

317 1825 560 1895 αἰώνιον,
622 1822 703 1878 ὅτι
760 1819 815 1893 ἓξ
872 1821 1105 1897 ἡμέραις
1167 1818 1391 1889 ἐποιήσε
1442 1817 1637 1893 Κύριος
1677 1815 1768 1870 τὸν
1804 1813 1975 1889 ούρα-

316 1914 403 1968 νὸν
465 1914 581 1987 (90)
637 1911 728 1966 καὶ
786 1911 885 1979 τὴν
942 1917 1069 1986 γῆν,
1110 1908 1199 1964 καὶ
1251 1911 1320 1981 τῇ
1367 1902 1575 1981 ἐϐδόμῃ
1605 1905 1787 1980 ἡμέρᾳ
1815 1903 1975 1957 κατέ-

316 2024 503 2059 παυσε.
566 2025 595 2053 ››
655 1999 895 2073 Σημεῖόν
957 1999 1065 2054 ἐστι
1132 2002 1228 2052 τοῦ
1260 1994 1454 2052 εἰδέναι
1488 1998 1585 2065 τήν
1616 2002 1715 2063 τῆς
1748 1993 1971 2053 κτίσεως

318 2092 550 2165 ἡμέραν,
607 2091 697 2145 καὶ
752 2091 815 2145 τὸ
870 2088 1072 2159 ταύτης
1103 2087 1284 2143 τέλος.
1321 2085 1654 2150 Ἀκόλουθον
1681 2088 1746 2153 ἦν
1774 2080 1878 2145 ἓως
1909 2082 1977 2135 τὰ

319 2188 419 2251 τῆς
450 2179 675 2241 κτίσεως
710 2178 1001 2254 ένεργεῖτο,
1033 2175 1120 2233 ἐπὶ
1149 2185 1249 2247 τῆς
1297 2174 1664 2253 Ἰερουσαλὴμ
1691 2174 1796 2235 ’ὲως
1853 2171 1978 2226 τότε

324 2269 608 2349 φυλάττειν
666 2270 734 2323 τὰ
794 2263 1064 2323 Σάϐϐατα.
1116 2265 1417 2337 Ἐλθούσης
1451 2264 1508 2320 δὲ
1536 2272 1635 2334 τῆς
1670 2263 1850 2339 ἐτέρας
1883 2282 1975 2336 γε·

323 2364 445 2421 νεᾶς
503 2358 728 2412 καὶτοῦ
776 2357 1098 2430 κτιζομένου
1159 2354 1316 2424 λαοῦ,
1376 2357 1511 2410 κατὰ
1561 2354 1624 2409 τὸ
1658 2352 1975 2429 λεγόμενον·

332 2471 359 2499 ‹‹
414 2449 681 2525 Γραφήτω
738 2445 871 2516 αὕτη
933 2446 1008 2507 εἷς
1062 2447 1244 2521 γενεὰν
1278 2445 1484 2518 ἑτέραν,
1514 2443 1605 2498 καὶ
1639 2441 1768 2504 λαὸς
1803 2442 1831 2497 6
1862 2462 1980 2497 κτι-

338 2535 560 2608 ζόμενος
613 2534 806 2589 αἰνέσει
858 2536 948 2588 τὸν
1009 2534 1223 2608 Κύριον·
1288 2558 1315 2584 ››
1376 2533 1581 2608 ἀνάγκη
1653 2533 1845 2604 μηκέτι
1889 2530 1977 2584 τὸν

335 2623 464 2679 λαὸν
523 2626 713 2677 τοῦτον
772 2626 956 2697 τηρεῖν
1005 2622 1067 2675 τὸ
1097 2629 1196 2690 τῆς
1228 2622 1492 2695 προτέρας
1542 2619 1768 2681 κτίσεως
1798 2619 1980 2691 τέλος,

334 2711 481 2767 ἀλλὰ
518 2712 616 2779 τήν
678 2711 854 2785 ἀρχὴν
904 2716 1003 2779 τῆς
1038 2706 1284 2783 δευτέρας
1316 2707 1538 2769 κτίσεως
1570 2713 1769 2776 ζητεῖν.
1803 2707 1893 2769 Γίς
1926 2705 1983 2761 δέ

330 2800 496 2869 ἐστιν,
553 2800 589 2868 ἢ
636 2800 756 2862 καθ’
812 2801 872 2867 ἣν
936 2799 1127 2868 ἀνέστη
1172 2796 1200 2851 6
1232 2796 1427 2872 Κύριος
1455 2815 1467 2866 ;
1499 2798 1724 2850 Ἒκτοτε
1751 2796 1851 2872 γὰρ
1886 2798 1984 2870 ἁρ-

2082 1634 2461 1692 celebrabunt
2510 1637 2613 1693 illa
2659 1639 2717 1695 in
2767 1645 3245 1713 generationibus
3295 1650 3465 1705 suis:
3500 1659 3735 1724 pactum

2084 1725 2509 1796 sempiternum
2543 1728 2696 1784 inter
2717 1746 2809 1785 me
2838 1736 2895 1787 et
2926 1733 3077 1789 inter
3100 1734 3251 1791 filios
3276 1738 3475 1804 Israel,
3500 1740 3738 1811 signum

2085 1818 2174 1868 est
2205 1814 2262 1868 in
2296 1832 2389 1871 me
2422 1821 2771 1889 perpetuum
2801 1837 2813 1874 :
2839 1822 2977 1893 quia
3008 1840 3109 1879 sex
3133 1825 3341 1882 diebus
3374 1828 3508 1883 fecit
3544 1832 3741 1885 Domi-

2087 1919 2198 1957 nus
2247 1904 2456 1960 cozlum
2490 1910 2546 1961 et
2575 1912 2814 1976 terram,
2837 1916 2893 1965 et
2933 1913 3184 1984 septimo
3218 1915 3310 1971 die
3352 1918 3683 1973 cessavit".
3711 1941 3739 1968 ››

2085 1991 2328 2063 Signum
2353 1998 2443 2050 est
2465 2000 2529 2050 ut
2549 1998 2789 2065 sciatur,
2810 2000 2935 2055 dies
2958 2003 3293 2073 creationis,
3316 2008 3561 2079 ejusque
3582 2007 3738 2063 finis.

2087 2080 2558 2139 Consentaneum
2608 2093 2750 2155 erat,
2779 2095 2840 2143 ut
2889 2092 3149 2161 quandiu
3201 2101 3479 2151 creaturaa
3531 2099 3740 2153 conde-

2087 2170 2321 2239 bantur,
2337 2174 2540 2229 tandiu
2566 2174 2623 2230 in
2644 2176 2972 2233 Jerusalem
2996 2180 3249 2237 Sabbata
3275 2185 3733 2242 custodirentur.

2090 2260 2307 2313 Verum
2343 2261 2438 2315 ubi
2471 2263 2628 2317 venit
2656 2265 2954 2336 generatio
2987 2266 3189 2336 altera,
3218 2273 3274 2323 et
3303 2271 3555 2341 populus
3587 2272 3737 2327 alius

2091 2349 2190 2418 qui
2223 2354 2454 2405 creatus
2507 2357 2616 2421 est,
2659 2354 2831 2424 juxta
2879 2355 3101 2411 dictum
3135 2357 3281 2412 illud
3316 2376 3383 2413 :«
3437 2362 3743 2416 Scribatur

2092 2437 2212 2492 haec.
2243 2439 2300 2492 in
2334 2443 2709 2512 generatione
2741 2444 2943 2512 altera,
2967 2451 3023 2501 et
3052 2446 3303 2518 populus
3327 2449 3427 2518 qui
3450 2452 3746 2505 creabitur

2092 2527 2357 2583 laudabit
2398 2530 2710 2587 Dominum
2737 2533 2780 2567 ⁸⁸
2815 2549 2879 2587 ;››
2917 2551 3029 2589 non
3064 2551 3301 2591 necesse
3330 2536 3486 2593 ultra
3514 2538 3643 2605 fuit,
3678 2546 3744 2596 ut

2095 2616 2188 2671 hic
2240 2618 2490 2689 populus
2538 2621 2750 2691 prioris
2800 2624 3110 2679 creationis
3161 2625 3335 2680 ﬁnem
3388 2626 3742 2698 observaret,

2093 2706 2193 2759 sed
2227 2710 2290 2760 ut
2319 2709 2587 2763 secunda;
2620 2710 2929 2767 creationis
2977 2712 3211 2768 initium
3243 2721 3544 2786 quaereret.
3578 2717 3743 2781 Quod

2096 2798 2292 2848 autem
2324 2795 2465 2850 illud
2496 2798 2731 2852 initium
2781 2805 2889 2868 est,
2922 2800 3034 2856 nisi
3066 2819 3183 2872 qua
3212 2792 3305 2857 die
3336 2804 3622 2862 Dominus
3651 2823 3742 2861 re-

327 2889 436 2964 χήν
494 2884 651 2963 ἔσχεν
704 2890 738 2957 ἡ
797 2889 957 2955 καινὴ
1015 2886 1212 2958 κτίσις,
1272 2885 1395 2959 περὶ
1451 2888 1517 2954 ἧς
1576 2886 1718 2939 εἶπεν
1771 2884 1977 2979 6.11:1?)-

2097 2882 2387 2937 surrexit‘l
2435 2884 2641 2939 exhinc
2689 2885 2847 2940 enim
2896 2890 3198 2944 exordium
3252 2907 3414 2947 novae
3462 2902 3739 2950 creatures

327 2975 425 3040 λος
457 2978 591 3048 (91)·
648 3000 674 3028 ‹‹
732 2978 892 3029 Ὥστε
950 2971 1003 3029 εἷ’
1062 2996 1142 3036 τις
1185 2974 1237 3029 ἐν
1271 2978 1492 3048 Χριστῷ
1520 2975 1678 3042 καινὴ
1724 2972 1979 3035 κτίσις.»

322 3068 435 3136 Τήν
488 3066 580 3138 μὲν
611 3064 701 3119 οὗν
743 3065 1007 3139 προτέραν
1037 3062 1210 3117 κτίσιν
1242 3067 1414 3117 ποιῶν
1443 3061 1469 3115 6
1501 3062 1629 3123 Θεὸς
1661 3063 1980 3116 κατέπαυσε·

325 3153 413 3209 διὰ
471 3158 634 3209 τοῦτο
692 3153 781 3208 καί
833 3154 895 3207 τὸ
956 3147 1235 3207 Σάϐϐατον
1276 3154 1335 3205 ἓν
1362 3155 1431 3224 τῇ
1466 3151 1649 3227 ἡμέρᾳ
1672 3150 1741 3224 τῇ
1774 3147 1985 3224 ἑϐδόμῃ

322 3244 547 3319 ἐτήρουν
584 3243 635 3298 οἱ
664 3251 761 3312 τῆς
795 3248 976 3318 γενεᾶς
1010 3245 1122 3315 (92)
1153 3241 1384 3312 ἐκείνης·
1408 3242 1442 3309 ἡ
1478 3237 1535 3294 δὲ
1556 3237 1778 3315 δευτέρα
1807 3240 1979 3301 κτίσις

321 3332 482 3395 τέλος
516 3332 616 3388 οὐκ
648 3329 785 3407 ἔχει’
842 3330 929 3386 διὰ
958 3336 1119 3386 τοῦτο
1154 3328 1279 3385 οὐδὲ
1335 3329 1687 3397 κατέπαυσεν,
1720 3328 1846 3383 ἀλλ’
1874 3324 1979 3391 ἕως

324 3425 444 3500 ἄρτι
484 3423 787 3499 ἐργάζεται,
817 3423 976 3486 ⁸Οθεν
1009 3418 1135 3476 οὐδὲ
1184 3414 1577 3491 σαϐϐατίζομεν
1635 3419 1843 3495 ἡμέραν
1905 3418 1978 3479 ὡς

326 3511 413 3567 ἐπὶ
442 3515 511 3586 τῇ
545 3512 755 3587 πρώτῃ,
790 3508 935 3565 ἀλλὰ
962 3510 1027 3564 τὰ
1060 3508 1335 3583 μέλλοντα
1384 3507 1675 3581 ἐλπίζομεν
1728 3502 1981 3561 Σάϐϐατα

326 3596 632 3670 σαϐϐάτων,
666 3599 698 3655 ἃ
728 3600 788 3655 οὐ
812 3598 970 3661 τέλος
1008 3594 1274 3672 λαμϐάνει
1301 3600 1336 3668 ἡ
1368 3599 1522 3666 καινὴ
1580 3596 1775 3667 κτίσις,
1837 3595 1982 3651 ἀλλὰ

327 3694 650 3766 φανεροῦται
692 3689 782 3744 καὶ
831 3686 1020 3744 διόλου
1054 3689 1314 3765 ἑορτάζει.
1353 3687 1449 3741 Διὰ
1474 3686 1576 3761 γὰρ
1623 3692 1785 3741 τοῦτο
1817 3683 1976 3756 ἐδόθη

322 3779 384 3834 τὸ
412 3774 691 3834 Σάϐϐατον
724 3777 802 3851 τῷ
832 3778 1083 3853 προτέρῳ
1124 3775 1263 3849 λαῷ,
1293 3774 1385 3830 ’ίνα
1411 3775 1652 3851 γινώσκῃ
1679 3777 1769 3829 καὶ
1799 3775 1861 3829 τὸ
1890 3774 1978 3829 τέ-

325 3867 422 3929 λος
452 3868 541 3922 καὶ
574 3869 672 3937 τήν
710 3868 887 3943 ἀρχὴν
920 3872 1017 3936 τῆς
1048 3863 1296 3926 κτίσεως.
1347 3862 1424 3938 Τῇ
1482 3861 1539 3918 δὲ
1593 3865 1752 3935 καινῇ
1807 3862 1977 3918 κτίσει

324 3956 423 4011 οὐκ
443 3954 745 4010 ἐνετείλατο
775 3952 1060 4032 φυλάττειν
1099 3949 1400 4007 Σάϐϐατον’
1429 3952 1518 4006 ἳνα
1544 3954 1643 4021 τὴν
1683 3953 1775 4025 μὲν
1801 3953 1979 4028 ἀρχὴν

328 4044 377 4098 ἰν
404 4044 472 4119 τῇ
513 4042 752 4121 Κυριακῇ
782 4044 1020 4117 γινώσκῃ
1049 4044 1183 4117 (93),
1228 4040 1582 4111 ἀτελεύτητον
1615 4038 1672 4095 δὲ
1703 4040 1977 4095 ἐπίσταται

326 4134 424 4203 τὴν
455 4134 652 4204 ταύτης
684 4132 869 4208 χάριν.

394 4406 448 4458 2.
482 4402 581 4455 Διά
635 4397 796 4455 τοῦτο
847 4394 905 4453 δὲ
940 4397 1031 4451 καὶ
1069 4398 1169 4466 τήν
1223 4398 1422 4472 ἀρχὴν,
1454 4396 1697 4451 τουτέστι
1726 4396 1824 4465 τήν
1876 4403 1977 4451 Κυ-

327 4492 517 4569 ριακὴν
547 4488 844 4561 ἐδήλωσεν,
872 4487 960 4541 τίνα
987 4487 1049 4542 τὸ
1078 4484 1238 4548 τέλος
1294 4489 1393 4556 τῆς
1453 4484 1831 4563 παρελθούσης
1892 4508 1978 4561 γι-

325 4582 555 4655 νώσκῃς.
592 4581 648 4633 Ὀ
676 4583 802 4655 γοῦν
840 4575 1174 4638 Ἀπόστολος
1225 4576 1348 4651 περὶ
1378 4583 1476 4645 τῆς
1526 4577 1792 4648 προτέρας
1851 4575 1979 4650 γράο

736 4693 764 4720 ‹‹
826 4668 954 4723 ’Ότε
993 4663 1051 4720 δὲ
1079 4664 1218 4735 ἦλθε
1245 4665 1306 4720 τὸ
1336 4664 1619 4740 πλήρωμα
1646 4664 1977 4745 τοῦίχρόνου

1577 4777 1604 4805 ››
1643 4754 1732 4807 καὶ
1790 4751 1900 4807 πάλ
1913 4777 1954 4807 ιν
1963 4773 1974 4785 ⁵

326 4692 439 4747 φων
493 4668 673 4747 φησίν·

326 4757 696 4830 ἐξαπέστειλεν
758 4756 787 4810 6
836 4756 965 4817 Θεὸς
1017 4756 1107 4809 τὸν
1154 4754 1275 4807 Υἰὸν
1337 4754 1520 4809 αὐτοῦ·

326 4873 355 4903 (ι
392 4849 513 4903 Ἐπὶ
545 4844 824 4916 συντελείᾳ
852 4849 956 4899 τῶν
992 4843 1227 4900 αἰώνων.
1263 4868 1291 4894 ››
1334 4842 1540 4900 Οὐκοῦν
1574 4844 1607 4911 ἡ
1656 4843 1747 4915 μὶν
1781 4843 1973 4917 πρώτη

320 4935 685 5012 πεπλήρωται
743 4934 832 4989 καὶ
875 4931 1243 4999 τετελείωται,
1305 4931 1404 4986 οὐκ
1460 4930 1663 4986 ἄλλοτε
1720 4932 1754 5001 ἢ
1815 4932 1888 4995 ὡς
1924 4932 1975 4987 οἰ

2096 2969 2223 3041 fuit,
2248 2971 2319 3025 de
2350 2988 2467 3042 qua
2495 2972 2636 3028 dicit
2668 2972 2881 3030 Paulus
2907 2991 2921 3029 :
2947 2999 2973 3025 «
3004 2976 3061 3030 Si
3091 2994 3205 3047 qua
3253 2996 3389 3051 ergo
3420 2982 3479 3035 in
3513 2981 3741 3040 Christo

2095 3076 2243 3115 nova
2272 3067 2539 3117 creatura
2568 3062 2631 3116 η.
2661 3085 2686 3111 ››
2719 3063 2975 3119 Priorem
3010 3065 3190 3136 igitur
3220 3070 3574 3125 creationem
3605 3088 3740 3127 cum

2094 3148 2326 3203 fecisset
2358 3156 2527 3217 Deus,
2568 3153 2885 3223 requievit:
2911 3170 3090 3224 quare
3122 3155 3390 3212 homines
3422 3162 3747 3229 generatio-

2094 3239 2184 3291 nis
2216 3237 2376 3292 illius
2409 3239 2730 3294 Sabbatum
2763 3241 3074 3297 observant
3105 3243 3195 3297 die
3227 3247 3496 3315 septima.
3523 3248 3740 3304 Secun-

2092 3326 2167 3380 da
2196 3333 2389 3381 autem
2438 3334 2652 3383 creatio
2704 3330 2878 3384 tinem
2932 3347 3047 3385 non
3096 3331 3292 3403 habet,
3335 3339 3391 3390 et
3436 3336 3565 3392 ideo
3624 3355 3739 3393 non

2092 3416 2397 3487 requievit,
2430 3418 2531 3473 sed
2564 3435 2750 3490 usque
2792 3419 2863 3473 ad
2897 3436 3151 3491 praesens
3183 3426 3415 3493 tempus
3445 3433 3741 3497 operatur.

2092 3506 2458 3578 Quapropter
2487 3524 2676 3578 neque
2708 3508 2945 3563 Sabbati
2978 3509 3132 3565 diem
3170 3512 3555 3581 celebramus,
3592 3521 3655 3570 ut
3683 3517 3743 3572 in

2094 3594 2279 3663 prima
2339 3596 2663 3663 creatione;
2716 3597 2818 3651 sed
2867 3614 3175 3669 speramus
3234 3600 3436 3657 futura
3491 3604 3749 3661 Sabbata

2092 3684 2491 3752 sabbatorum,
2540 3686 2599 3740 in
2654 3685 2871 3756 quibus
2933 3687 3107 3743 ﬁnem
3160 3705 3274 3743 non
3328 3692 3539 3763 accipit
3597 3710 3747 3751 nova

2091 3778 2380 3842 creatura,
2434 3776 2535 3829 sed
2594 3775 3027 3843 manifestatur,
3077 3781 3134 3832 et
3191 3785 3470 3849 perpetuo
3530 3782 3744 3839 festum

2091 3861 2365 3917 celebrat.
2398 3863 2531 3918 Ideo
2583 3863 2738 3918 enim
2791 3865 3111 3920 Sabbatum
3168 3867 3343 3937 priori
3395 3869 3607 3940 populo
3655 3871 3745 3926 in-

2084 3952 2356 4021 junctum
2391 3956 2499 4018 est,
2535 3957 2598 4007 ut
2627 3960 3001 4024 cognosceret
3031 3954 3206 4009 finem
3240 3960 3296 4010 et
3324 3956 3560 4011 initium
3592 3975 3749 4015 crea-

2088 4039 2287 4095 tionis.
2324 4040 2491 4095 Novae
2526 4046 2720 4095 autem
2755 4048 3030 4097 creatum
3074 4060 3187 4097 non
3222 4046 3495 4117 praecepit
3528 4051 3590 4102 ut
3621 4065 3745 4103 ser-

2090 4134 2251 4184 varet
2279 4130 2624 4195 Sabbatum,
2650 4135 2713 4183 ut
2746 4130 2978 4185 initium
3004 4131 3243 4202 quidem
3276 4134 3523 4203 hujusce
3547 4136 3607 4191 in
3639 4137 3749 4193 Do-

2092 4217 2308 4273 minica
2357 4219 2451 4273 die
2500 4224 2859 4289 agnosceret,
2892 4226 3207 4291 nossetque
3256 4222 3445 4294 ipsius
3492 4225 3743 4297 gratiam

2007 4283 2050 4350 C
2092 4306 2263 4361 finem
2303 4324 2416 4361 non
2449 4283 2805 4362 habituram.

2160 4397 2468 4451 2.1dcirco
2527 4400 2721 4451 autem
2783 4396 3039 4465 initium,
3093 4397 3147 4452 id
3210 4403 3319 4465 est,
3377 4401 3744 4460 Dominicam

2091 4485 2243 4539 diem
2266 4484 2563 4553 indicavit,
2588 4494 2644 4539 ul
2670 4486 2971 4558 praeteritae
2997 4487 3392 4559 generationis
3417 4490 3589 4546 finem
3615 4509 3743 4566 cog.

2089 4591 2381 4630 nosceres.
2404 4574 2718 4645 Apostolus
2769 4590 2905 4645 ergo
2956 4576 3028 4629 de
3078 4575 3269 4647 priore
3318 4577 3582 4635 scribens
3612 4581 3739 4637 ait:

2094 4687 2120 4713 ‹‹
2153 4668 2223 4719 At
2257 4664 2351 4719 ubi
2388 4664 2544 4719 venit
2584 4663 2885 4735 plenitudo
2936 4665 3242 4737 temporis,
3276 4667 3438 4723 misit
3469 4674 3621 4725 Deus
3653 4670 3744 4725 Fi-

2089 4753 2234 4808 lium
2292 4754 2617 4809 suum9°2»
2666 4758 2725 4809 et
2775 4770 2981 4810 rursus
3017 4771 3083 4808 ;‹‹
3122 4756 3181 4809 In
3234 4759 3745 4814 consummatione

2090 4842 2435 4898 saeculorum
2462 4843 2524 4897 9‘.
2552 4865 2578 4891 »
2613 4842 2806 4897 Prima
2853 4843 3033 4914 igitur
3078 4843 3318 4915 impleta
3366 4853 3455 4901 est
3497 4854 3555 4902 et
3601 4864 3744 4902 con-

2091 4937 2411 5003 summata,
2433 4949 2545 4987 non
2572 4931 2684 4987 alio
2716 4948 2892 5003 quam
2916 4949 2982 4988 eo
3012 4937 3294 5005 tempore,
3319 4935 3390 4991 de
3416 4952 3532 5006 quo
3561 4936 3743 4991 locuti

394 5113 438 5148 ⁸⁷
468 5112 650 5169 Exod.
682 5127 838 5177 xxXI,
872 5109 961 5179 16,
995 5107 1081 5163 17.
1158 5106 1202 5142 ⁸³
1234 5106 1388 5163 Psal.
1422 5125 1495 5177 οι,
1530 5108 1612 5163 19.
1692 5107 1736 5143 ⁸9
1768 5107 1815 5163 II
1845 5108 1974 5164 Cor.

2094 5108 2180 5176 17,
2258 5105 2301 5141 θο
2329 5103 2517 5162 Galat.
2552 5122 2629 5177 1v,
2663 5105 2715 5160 4.
2793 5105 2836 5142 ⁰¹
2873 5106 3073 5162 Matth.
3102 5124 3227 5175 xm,
3260 5108 3347 5163 40.

393 5280 603 5362 (90).Τε
644 5286 778 5362 post
829 5273 1079 5362 ορρανόν,
1110 5275 1329 5362 legitur
1376 5278 1456 5362 in.
1486 5278 1690 5362 editis,
1711 5279 1982 5362 deest-in

321 5344 455 5424 Seg.
488 5344 622 5408 Mox
645 5344 793 5424 Reg.
825 5344 1404 5423 οῖ’Βθεζτῇἶοδόμῃ
1433 5347 1633 5424 ἡμέρᾳ.
1667 5344 1733 5406 In
1786 5350 1980 5421 editis,

322 5425 721 5507 ἡμὲρεξίὲβθεὲς
806 5492 817 5504 .
978 5492 1077 5507 ,η
1350 5492 1386 5507 -
1464 5492 1496 5507 ..
1598 5491 1621 5507 ,

401 5490 510 5567 (9'1)
537 5496 633 5567 ita
680 5492 897 5567 Regius
940 5495 998 5547 et
1043 5492 1307 5563 Seguer.;
1350 5492 1522 5549 Basil.
1574 5491 1689 5547 εἷπε
1737 5490 1979 5553 Παῦλος.

327 5560 506 5642 Editi;
535 5560 636 5642 ἔφη
673 5563 716 5642 6_
733 5560 973 5642 Ιῖαῦλος.

2163 5278 2273 5360 (9ς3)
2306 5276 2457 5360 Fe_lc_.
2491 5277 2808 5360 secundus,
2858 5275 3099 5360 Κυριακῇ
3125 5276 3329 5360 tam“.
3350 5277 3540 5360 faulo
3588 5285 3741 5360 post,

2093 5348 2309 5433 Regius
2338 5353 2397 5403 et
2423 5353 2682 5433 Seguerx
2708 5347 2807 5430 τὴν
2839 5346 3039 5433 ταύτης
3072 5346 3255 5432 χάριν.
3290 5346 3742 5433 ῌᾱίξὶλτςήνῖταύὲ

2091 5419 2203 5489 τηκῐ
2224 5419 2421 5522 λάριν.
2456 5419 2588 5475 ΜοΧ
2637 5421 2876 5491 Regius,
2909 5419 3245 5502 Seguerian.
3280 5427 3337 5477 et
3383 5420 3741 5492 Goblerian.,

2091 5510 2334 5545 τουτεστι
2375 5489 2474 5556 τὴν
2522 5490 2815 5557 Κυριακήν.
2849 5490 3023 5557 Editl,
3068 5487 3310 5544 τουτέστι
3359 5491 3456 5557 τὴν
3506 5490 3738 5557 ἡμέραν.

2091 5509 2334 5545 τουτέστι
2375 5510 2474 5556 την
2524 5509 2815 5564 ιςυριακην.
2850 5509 3023 5559 nam,
3068 5509 3310 5544 τουτέστι
3359 5509 3456 5559 την
3506 5509 3738 5575 ἡμέραν.

2094 5562 2271 5643 ξευὶο
2304 5568 2434 5643 post
2464 5560 2790 5643 ngius,_'0
2830 5559 2918 5612 οὖν
2957 5557 3309 5643 ’ἐλπίσι-ξολος,
3345 5565 3474 5622 Mox
3504 5564 3738 5635 Regius,

402 5629 522 5715 (92')
546 5629 643 5715 S'io
683 5637 900 5715 Regius
946 5634 1137 5715 codex.
1172 5638 1231 5690 et
1277 5634 1513 5706 Seguer.
1547 5636 1700 5692 Editi
1747 5651 1882 5694 vero
1927 5640 1985 5692 et
2094 5629 2455 5706 Seguerian.,
2490 5629 2822 5689 Goblerian.
2856 5629 3042 5704 φησιν.
3073 5632 3249 5703 Editi,
3281 5630 3406 5715 ἔφη.

331 5703 549 5784 ceteri,
578 5713 678 5779 τῆς
709 5703 990 5784 γενέσεως,
1023 5705 1197 5764 male.
