4136 6400
287 413 404 477 137

1314 412 1419 474 DE
1463 411 1849 475 SABBATIS
1892 412 1995 476 ET
2036 410 2669 479 CIRCUMCISIONE.

3585 421 3703 483 138

289 544 423 601 ἑπτά
471 544 562 599 καὶ
590 543 655 599 τὸ
694 538 974 599 Σάϐϐατον
1009 541 1288 617 ἐμπίπτει.
1322 543 1389 601 Εἰ
1418 543 1598 599 τοίνυν
1630 540 1785 600 ἕνεκα
1839 548 1937 599 τοῦ

2063 551 2176 603 3st:
2210 564 2317 604 our
2345 550 2487 605 tuba
2516 549 2764 607 canendi
2814 567 2962 623 opus
3009 551 3127 607 illis
3172 553 3505 625 praecipitur
3529 553 3557 609 ‘I
3586 554 3698 609 Sed

289 633 472 708 ἀργεῖν
505 630 665 703 ἐδόθη
694 633 759 688 τὸ
812 628 1115 703 Σάϐϐατον,
1150 629 1239 686 διὰ
1293 632 1346 687 τί
1400 632 1716 708 ἐργάζεσθαι
1770 654 1941 708 προσ-

287 721 569 778 τάττονται
627 721 1021 792 σαλπίζοντεςς
1075 721 1232 777 Ἀλλ’
1290 721 1578 791 ἠπίστατο,
1614 722 1697 777 ὅτι
1750 722 1943 778 σαλπί-

294 818 471 883 ζοντες
531 807 907 885 ἐσαϐϐάτιζον,
938 810 1037 867 οὐκ
1102 813 1417 887 ἀργοῦντες,
1452 811 1596 868 ἀλλά
1650 812 1944 889 γινώσκον-

288 924 375 967 τες
430 903 522 958 τὸν
586 903 893 978 βοηθοῦντα
948 900 1132 963 αὐτοῖς
1192 900 1411 978 Κύριον·
1466 900 1648 979 ὥσπερ
1705 903 1795 957 καὶ
1853 901 1941 957 ἐπὶ

278 997 387 1047 τοῦ
443 990 911 1064 περιτεμνομένου
988 989 1352 1066 ὀκταημέρου*
1405 990 1643 1066 ἀνάγκην
1703 991 1804 1068 γὰρ
1865 994 1942 1065 (5)

289 1078 406 1158 ἔχει
436 1080 526 1135 καὶ
578 1084 656 1152 τῷ
689 1075 954 1153 Σαϐϐάτῳ
984 1078 1345 1156 περιτέμνειν,
1379 1081 1469 1134 καὶ
1528 1079 1679 1155 ὅμως
1740 1074 1942 1134 σαϐϐα-

287 1171 443 1242 τίζει,
478 1168 838 1245 ἐργαζόμενος
874 1170 993 1243 μὶν,
1024 1168 1306 1244 γινώσκων
1366 1167 1426 1226 δὲ
1454 1170 1544 1225 τὸν
1587 1169 1741 1227 Θεόν.
1776 1166 1963 1242 Ἀμέέ

290 1260 375 1316 λει
429 1259 519 1315 καὶ
574 1260 668 1321 τὰς
733 1260 809 1332 μή
868 1258 1078 1335 ἡμέρας
1136 1263 1245 1313 τῶν
1290 1254 1609 1329 Σαϐϐάτων,
1641 1258 1793 1332 ὅμως
1854 1255 1943 1313 διὰ

286 1351 386 1418 τὴν
420 1348 601 1427 ἄφεσιν
660 1352 768 1403 τῶν
822 1349 1102 1423 ἁμαρτιῶν
1160 1348 1250 1401 καὶ
1305 1348 1404 1416 τήν
1454 1354 1553 1416 τῆς
1613 1346 1940 1421 θεογνωσίας

289 1438 476 1514 χάριν,
532 1431 784 1491 Σάϐϐατα
843 1434 1129 1509 ὀνομάζειν
1182 1434 1366 1500 εἴωθεν
1427 1437 1455 1490 ὁ
1499 1435 1692 1509 νόμος,
1729 1434 1938 1508 μᾶλλον

291 1524 349 1581 δὲ
383 1526 411 1582 ὀ
444 1525 638 1602 Κύριος
696 1528 794 1579 τοῦ
850 1523 1025 1597 νόμου
1055 1529 1153 1598 (6),
1187 1526 1261 1588 ὡς
1320 1525 1371 1580 ἐν
1420 1530 1499 1598 τῷ
1530 1529 1819 1597 Λευϊτικῷ’
1850 1524 1939 1579 καὶ

290 1615 529 1686 ἐλάλησε
583 1614 780 1690 Κύριος
841 1614 977 1685 πρὸς
1038 1616 1244 1685 Μωσῆν
1310 1613 1561 1689 λέγων·‹‹
1600 1614 1697 1668 Καὶ
1726 1620 1794 1683 τῆ
1855 1610 1940 1668 δε-

288 1703 422 1779 κάτῃ
450 1708 549 1758 τοῦ
582 1702 754 1775 μηνὸς
784 1705 883 1755 τοῦ
915 1696 1156 1775 ἑϐδόμου
1184 1702 1381 1758 τούτου
1411 1702 1592 1779 ἡμέρα
1648 1701 1942 1775 έξίλασμοῦ

284 1793 469 1865 κλητὴ
502 1792 579 1866 (7)
610 1790 738 1867 ἀγία
767 1786 912 1845 ἔσται
946 1791 1095 1864 ὑμῖν·
1128 1791 1217 1847 καὶ
1247 1791 1606 1848 ταπεινώσετε
1632 1792 1728 1854 τὰς
1758 1791 1940 1866 ψυχὰς

289 1883 443 1957 ὑμῶν
476 1880 566 1936 καὶ
620 1879 913 1955 προσάξετε
970 1878 1402 1955 ὁλοκαυτώματα
1455 1885 1536 1954 τῷ
1594 1879 1794 1957 Κυρίῳ.
1830 1885 1939 1934 Πᾶν

291 1972 445 2049 ἔργον
508 1970 570 2026 οὐ
626 1972 885 2040 ποιήσετε
942 1969 993 2024 ἐν
1040 1970 1176 2039 αὐτῆ
1231 1977 1299 2041 τῆ
1360 1970 1543 2047 ἡμέρᾳ
1570 1969 1756 2042 ταύτῃ·
1793 1968 1942 2023 »καὶ

292 2064 407 2137 μετ’
468 2060 656 2135 ὀλίγα*
696 2083 724 2111 ‹‹
756 2058 853 2113 Καὶ
912 2054 1058 2114 ἔσται
1116 2065 1260 2114 πᾶσα
1316 2061 1492 2135 ψυχὴ,
1542 2059 1664 2129 ἥτις
1721 2060 1941 2129 ποιήσει

287 2150 443 2229 ἔργον
502 2149 554 2204 ἐν
616 2147 750 2218 αὐτῆ
811 2154 878 2218 τῆ
938 2147 1120 2224 ἡμέρᾳ
1164 2148 1354 2224 ταύτῃ,
1398 2147 1749 2217 ἀπολεῖταιὴ
1784 2147 1939 2221 ψυχὴ

284 2240 461 2310 ἐκείνη
524 2238 582 2295 ἐκ
627 2234 724 2293 τοῖ’)
782 2236 918 2292 λαοῦ
949 2237 1138 2307 αὐτῆς.
1199 2244 1310 2295 Πᾶν
1342 2236 1496 2316 ἔργον
1548 2237 1611 2292 οὐ
1660 2238 1937 2306 ποιήσετε,

284 2330 523 2404 νόμιμον
556 2328 775 2383 αἴώνιον
809 2326 885 2389 εἷς
942 2327 1037 2390 τὰς
1095 2328 1282 2404 γενεὰς
1317 2330 1491 2402 ὑμῶν.
1522 2322 1775 2384 Σάϐϐατα
1814 2320 1939 2381 σαϐ-

284 2416 462 2475 ϐάτων
497 2414 643 2474 ἔσται
674 2417 829 2491 ύμῖν,
860 2416 951 2472 καὶ
998 2416 1359 2473 ταπεινώσετε
1410 2418 1507 2480 τὰς
1566 2416 1748 2491 ψυχὰς
1782 2416 1936 2488 ὑμῶν

288 2508 395 2563 ἀπὸ
452 2506 643 2577 ὲνάτης
700 2509 799 2561 τοῦ
860 2505 1056 2578 μηνὸς,
1083 2505 1191 2561 ἀπὸ
1238 2505 1465 2582 ἑσπέρας
1522 2502 1627 2569 ἕως
1686 2503 1935 2581 ἑσπέρας,

287 2596 379 2653 καὶ
406 2589 747 2651 σαϐϐατιεῖτε
772 2593 839 2649 τὰ
870 2588 1123 2648 Σάϐϐατα
1154 2593 1331 2667 ὑμῶν.
1370 2619 1390 2646 ι

362 2706 417 2760 4.
449 2700 653 2756 Οὐκοῦν
686 2698 794 2774 οὐχ
817 2700 853 2767 ἡ
887 2692 1098 2770 ἑϐδόμη
1131 2697 1242 2751 ἐστὶ
1298 2698 1362 2753 τὸ
1416 2692 1718 2771 Σάϐϐατον,
1750 2697 1875 2753 ἀλλ’
1902 2700 1939 2767 ἡ

293 2790 479 2866 ἄφεσις
538 2794 646 2845 τῶν
700 2789 1005 2863 ἁμαρτιῶν,
1035 2785 1124 2841 ὅτε
1151 2807 1235 2849 τις
1267 2785 1492 2859 (7‘)di1t’
1548 2785 1721 2841 αὐτῶν
1781 2807 1942 2841 κατα-

292 2879 472 2936 παύει.
508 2876 651 2937 Ούδὶ
704 2879 740 2945 ἡ
792 2875 955 2951 ἀργία
1012 2873 1123 2930 ἐστὶ
1181 2875 1245 2929 τὸ
1304 2869 1608 2947 Σάϐϐατον,
1642 2873 1830 2944 ἀλλ’ἢ
1864 2874 1951 2945 ἐξ-

295 2968 640 3043 ομολόγησις
696 2964 787 3020 καὶ
839 2964 903 3018 τὸ
954 2967 1241 3018 ταπεινοῦν
1297 2964 1399 3031 τὴν
1458 2965 1665 3038 ψυχήν.
1714 2963 1791 3021 Οὐ
1847 2964 1949 3040 γὰρ

296 3056 640 3134 ὡρισμένως,
694 3057 775 3125 τῷ
835 3046 1124 3124 Σαϐϐάτῳ,
1185 3048 1421 3124 εἴρηκεν,
1456 3051 1581 3107 ἀλλ’
1636 3052 1826 3114 ἀπλῶς
1878 3059 1947 3121 τῆ

296 3146 508 3222 δεκάτῃ,
542 3147 603 3215 ἢν
638 3137 921 3217 συμϐαίνει
982 3141 1217 3212 ἀπαντᾷν
1281 3141 1357 3213 μὴ
1418 3140 1469 3195 ἐν
1533 3135 1821 3213 Σαϐϐάτῳ.
1851 3141 1950 3196 Καὶ

294 3236 448 3310 ὅμως
478 3236 577 3304 τήν
612 3234 928 3288 ἀπαντῶσαν
961 3228 1170 3306 ἡμέραν
1204 3226 1295 3284 διὰ
1348 3230 1440 3284 τὸν
1473 3227 1764 3303 ἐξιλασμὸν
1799 3224 1943 3283 Σάϐ-

2056 644 2223 693 norat
2252 655 2350 693 eos
2379 640 2525 694 tuba
2564 640 2825 694 canendo
2868 641 3253 709 sabbatizare,
3288 660 3403 698 non
3436 644 3701 709 oliando,

2054 727 2153 781 sed
2188 726 2373 782 Deum
2422 728 2835 799 opitulatorem
2882 746 3059 785 suum
3110 732 3501 802 agnoscendo.
3536 732 3699 795 Quod

2054 816 2258 872 itidem
2291 817 2360 872 de
2391 816 2488 874 illo
2521 818 2621 889 qui
2654 823 2852 873 octavo
2883 817 2977 873 die
3027 818 3473 874 circumciditur
3502 822 3704 875 dicen-

2053 905 2192 960 dum
2219 922 2231 960 :
2271 921 2508 962 necesse
2540 907 2759 979 quippe
2791 912 2878 961 est
2898 907 3071 962 etiam
3097 908 3350 963 Sabbato
3391 908 3702 963 circumci-

2052 994 2211 1062 dere,
2244 999 2300 1051 et
2328 999 2526 1051 tamen
2558 995 2659 1066 qui
2683 996 2791 1051 hoc
2824 996 2960 1050 facit
2989 994 3473 1063 sabbatizat,licet
3504 1011 3704 1067 opere-

2049 1086 2168 1153 tur,
2201 1084 2343 1155 quia
2370 1085 2543 1140 etiam
2584 1090 2763 1140 Deum
2814 1084 3131 1157 cognoscit.
3165 1085 3317 1140 Sane
3347 1083 3434 1139 illi
3466 1100 3702 1156 quoque

2052 1172 2177 1229 dies
2204 1173 2304 1245 qui
2334 1174 2585 1229 Sabbata
2614 1190 2729 1229 non
2755 1180 2917 1241 sunt,
2950 1178 3147 1229 tamen
3178 1174 3252 1229 ob
3291 1173 3701 1229 remissionem

2052 1266 2445 1332 peccatorum,
2469 1260 2978 1333 cognitionemque
3001 1260 3101 1316 Dei
3124 1261 3377 1317 Sabbata
3406 1261 3703 1333 appellare

2050 1349 2141 1405 lex
2171 1351 2300 1423 ipsa
2330 1351 2496 1417 solet,
2528 1352 2642 1406 imo
2671 1352 2865 1423 potius
2894 1351 3178 1407 Dominus
3211 1350 3482 1423 legis,qui
3516 1352 3573 1405 in
3598 1351 3701 1406 Le-

2048 1437 2222 1493 vitico
2254 1437 2370 1493 ait:
2421 1459 2449 1488 «
2500 1439 2735 1495 Decimo
2794 1438 2887 1494 die
2938 1439 3159 1494 mensis
3208 1438 3387 1509 hujus
3443 1437 3700 1509 septimi,

2053 1527 2178 1583 dies
2206 1527 2555 1599 expiationis
2588 1528 2697 1583 erit
2725 1526 3166 1595 celeberrimus,
3195 1532 3438 1584 sanctus
3466 1528 3576 1583 erit
3597 1545 3702 1583 vo-

2054 1618 2175 1672 bis:
2209 1626 2263 1673 et
2293 1616 2684 1673 humiliabitis
2715 1616 2945 1672 animas
2976 1621 3219 1683 vestras,
3243 1620 3301 1671 et
3329 1617 3583 1672 oll'eretis
3603 1617 3702 1675 ho-

2051 1704 2318 1761 locausta
2340 1705 2798 1761 Domino.0mne
2811 1722 2959 1778 opus
2973 1722 3089 1761 non
3114 1705 3339 1760 facietis
3361 1705 3418 1759 in
3440 1705 3551 1761 hac
3569 1705 3701 1778 ipsa

2052 1794 2146 1851 die
2162 1796 2225 1849 9°.
2256 1816 2284 1846 »
2319 1795 2386 1850 Et
2415 1800 2548 1867 post
2570 1811 2756 1867 pauca
2782 1811 2793 1850 :
2835 1815 2862 1848 α
2892 1794 2955 1850 Et
2986 1795 3097 1850 erit
3126 1793 3319 1849 omnis
3349 1795 3549 1849 anima
3570 1812 3697 1867 quas

2051 1884 2427 1956 fecerit‘opus
2460 1884 2517 1939 in
2550 1884 2658 1939 hao
2701 1884 2831 1956 ipsa
2877 1883 2989 1954 die,
3020 1883 3234 1955 peribit
3271 1882 3469 1938 anima
3496 1883 3597 1940 illa
3628 1885 3700 1941 de

2054 1972 2268 2045 populo
2300 1990 2427 2029 suo.
2460 1973 2616 2028 Nihil
2657 1990 2795 2046 ergo
2844 1974 3037 2045 operis
3070 1973 3334 2031 facietis:
3368 1972 3699 2045 legitimum

2052 2065 2475 2134 sempiternum
2524 2062 2583 2117 in
2641 2062 3116 2135 generationibus
3163 2062 3394 2117 vestris.
3449 2063 3703 2119 Sabbata

2052 2152 2433 2210 sabbatorum
2464 2158 2637 2208 erunt
2690 2153 2875 2221 vobis,
2910 2156 2967 2207 et
3027 2150 3413 2207 humiliabitis
3470 2151 3701 2209 animas

2050 2246 2274 2298 vestras
2302 2258 2336 2297 a
2366 2258 2520 2297 nona
2550 2242 2793 2313 mensis,
2825 2259 2859 2297 a
2903 2257 3148 2313 vespera
3178 2242 3251 2297 ad
3282 2256 3608 2313 vesperam,
3641 2246 3701 2297 et

2048 2330 2491 2387 sabbatizabitis
2521 2330 2775 2388 Sabbata
2803 2332 3056 2388 vestra‘.

2123 2690 2174 2745 4.
2206 2687 2404 2760 Itaque
2450 2703 2563 2742 non
2615 2686 2868 2759 septima
2916 2684 3041 2741 dies
3091 2684 3413 2741 Sabbatum
3457 2688 3565 2753 est,
3596 2680 3699 2737 sed

2054 2776 2323 2833 remissio
2354 2778 2749 2846 peccatorum,
2783 2789 2918 2829 cum
2950 2773 3085 2845 quis
3114 2789 3182 2828 ea
3221 2777 3555 2845 perpetrare
3574 2787 3699 2827 ces-

2057 2865 2291 2922 saverit.
2324 2863 2525 2934 Neque
2554 2863 2739 2917 otium
2772 2866 2861 2917 est
2896 2862 3241 2930 Sabbatum,
3276 2862 3377 2917 sed
3412 2860 3704 2917 confessio

2060 2961 2118 3011 et
2142 2952 2476 3010 humiliatio
2508 2949 2709 3005 animi.
2733 2950 2859 3005 Non
2878 2950 3036 3005 enim
3056 2950 3292 3005 deﬁnite
3321 2949 3708 3005 dixit.Sabba-

2060 3049 2118 3099 to
2143 3062 2156 3109 ;
2190 3043 2292 3098 sed
2325 3037 2690 3111 simpliciter,
2712 3036 2939 3092 decima
2966 3038 3081 3107 die,
3106 3053 3233 3108 quae
3264 3037 3706 3093 occurritetiam

2062 3148 2214 3205 saepe
2244 3136 2404 3187 extra
2431 3127 2850 3183 Sabbatum.Et
2880 3131 3078 3181 tamen
3112 3125 3272 3181 illam
3306 3126 3495 3197 ipsam
3522 3125 3701 3194 diem,

2034 3223 2137 3287 ob
2169 3217 2662 3292 prOpitiationem,
2696 3232 2811 3271 non
2842 3214 3190 3285 simpliciter
3229 3213 3573 3281 Sabbatum,
3605 3214 3708 3268 sed

295 3291 457 3381 ϐατον
492 3291 602 3399 ούχ
647 3321 861 3389 ἁπλῶς,
895 3291 1040 3375 ἀλλά
1078 3291 1351 3374 ,Σάϐϐατα
1408 3291 1691 3374 σαϐϐάτων
1747 3318 1944 3391 ὀνομά-

2063 3291 2309 3367 Sabbata
2334 3307 2714 3363 sabbatorum
2744 3303 3017 3376 appellat.
3041 3304 3201 3369 Quod
3226 3302 3275 3358 si
3308 3301 3459 3358 hanc
3490 3303 3708 3359 Sabba-

295 3420 393 3485 ζει.
428 3413 495 3471 Ei
524 3410 582 3467 δὲ
610 3410 809 3480 ταύτην
840 3403 1117 3463 Σάϐϐατον
1181 3406 1459 3481 ὀνομάζει,
1491 3406 1542 3462 ἐν
1586 3405 1644 3461 δὲ
1677 3401 1943 3479 Σαϐϐάτῳ

290 3503 603 3580 ἐργάζεσθαι
660 3497 891 3555 κελεύει·
954 3497 1053 3552 οὐκ
1111 3498 1213 3573 ἄρα
1274 3492 1464 3572 ἀργίας
1512 3496 1943 3575 προηγουμένως

292 3591 402 3647 ἐστὶ
430 3590 604 3665 νόμος
635 3590 711 3663 (8)
736 3587 799 3642 τὸ
861 3580 1165 3654 Σάϐϐατον,
1201 3585 1345 3641 ἀλλά
1403 3585 1657 3661 γνώσεως
1716 3586 1806 3641 καὶ
1863 3585 1943 3656 ἒξ-

294 3680 551 3754 ιλασμοῦ,
585 3678 675 3733 καὶ
708 3673 897 3752 ἀργίας
956 3675 1061 3729 ἀπὸ
1118 3674 1305 3738 κακίας
1365 3674 1564 3746 πάσης.
1599 3674 1678 3733 Οὖ
1711 3671 1800 3729 διὰ
1843 3675 1943 3743 τὴν

290 3770 480 3847 ἀργίαν
537 3766 629 3823 οὖν
670 3766 735 3822 τὸ
766 3759 1045 3820 Σάϐϐατον
1104 3761 1358 3835 δέδωκεν,
1391 3763 1538 3819 ἀλλά
1575 3764 1712 3839 πρὸς
1770 3764 1834 3818 τὸ
1864 3784 1948 3839 γι-

288 3859 515 3915 νώσκειν
576 3854 771 3916 αὐτοὺς
829 3855 928 3922 τὴν
988 3852 1318 3908 κατάπαυσιν
1367 3859 1468 3922 τῆς
1528 3852 1774 3914 κτίσεως.
1827 3853 1947 3909 Ἐν-

294 3946 535 4004 ετείλατο
560 3945 662 4022 γὰρ
693 3944 722 3998 ὁ
753 3943 881 4004 Θεὸς
943 3940 1145 4017 λέγων·
1183 3966 1211 3993 ‹‹
1241 3942 1356 3996 Ἵνα
1403 3940 1728 4016 γινώσκητε,
1764 3941 1845 3996 ὅτι
1893 3941 1944 3997 έν

293 4037 459 4111 ταύτῃ
483 4042 552 4105 τῆ
607 4032 790 4108 ἡμέρᾳ
841 4030 1142 4087 κατέπαυσε
1199 4030 1395 4106 Κύριος
1432 4030 1460 4085 ὀ
1492 4031 1621 4093 Θεὸς
1683 4031 1834 4103 ὑμῶν
1869 4032 1949 4104 (9)

298 4126 406 4182 ἀπὸ
430 4129 538 4180 τῶν
571 4120 769 4199 ἔργων,
803 4122 877 4175 ὧν
938 4118 1142 4196 ⁴ἤρξατο
1200 4125 1450 4189 ποιῆσαι.
1483 4144 1511 4170 ››
1539 4118 1736 4183 Ἤθελε
1767 4116 1824 4174 δὲ
1853 4119 1948 4173 αὖ·

296 4214 424 4277 τοὺς
452 4212 817 4291 γινώσκοντας
846 4208 911 4265 τὸ
938 4208 1097 4272 τέλος
1127 4202 1329 4279 ταύτης
1362 4208 1539 4283 ἀρχὴν
1601 4212 1779 4277 ζητεῖν
1835 4206 1945 4263 ἑτέ-

299 4324 415 4380 ρας.
463 4300 630 4365 Τέλος
694 4300 787 4374 μὲν
848 4298 941 4353 οὖν
1000 4300 1101 4367 τῆς
1160 4296 1426 4373 προτέρας
1479 4296 1704 4358 κτίσεως
1762 4297 1829 4366 ἧν
1884 4297 1949 4350 τὸ

299 4388 601 4462 Σάϐϐατον,
634 4390 781 4466 ἀρχὴ
815 4385 874 4443 δὲ
928 4389 1028 4457 τῆς
1087 4384 1359 4462 δευτέρας,
1392 4388 1426 4456 ἡ
1460 4386 1700 4461 Κυριακὴ
1732 4388 1862 4459 (10),
1895 4383 1946 4439 ἐν

292 4483 332 4555 ᾖ
383 4482 484 4550 τὴν
537 4477 772 4535 παλαιὰν
826 4475 1153 4532 ἀνενεώσατο
1209 4476 1299 4531 καὶ
1356 4474 1703 4531 ἀνεκαίνισεν.
1744 4477 1948 4551 Ὥσπερ

292 4571 386 4626 οὗν
420 4567 719 4625 ἐνετείλατο
750 4564 1037 4645 φυλάττειν
1068 4564 1330 4641 πρότερον
1361 4568 1460 4619 τοῦ
1505 4558 1791 4619 Σαϐϐάτου
1845 4564 1945 4632 τὴν

2055 3406 2183 3457 tum
2214 3396 2490 3470 appellat,
2519 3401 2576 3450 et
2604 3394 2663 3449 in
2694 3392 2947 3449 Sabbato
2979 3391 3205 3464 operari
3230 3392 3436 3463 jubet;
3469 3409 3584 3448 non
3616 3407 3706 3448 er-

2055 3506 2127 3564 go
2159 3487 2261 3545 otii
2283 3485 2570 3559 praecipue
2615 3483 2708 3539 lex
2754 3486 2843 3538 est
2893 3481 3152 3552 Sabbati,
3185 3481 3286 3537 sed
3331 3480 3705 3553 cognitionis,

2057 3575 2491 3651 propitiationis
2519 3577 2579 3629 et
2601 3570 2946 3629 cessationis
2995 3572 3067 3626 ab
3112 3569 3275 3626 omni
3304 3569 3546 3627 malitia.
3580 3571 3708 3627 Non

2058 3666 2162 3723 otii
2192 3665 2372 3738 igitur
2402 3679 2577 3719 causa
2631 3661 2954 3717 Sabbatum
3006 3658 3203 3727 dedit;
3237 3660 3337 3715 sed
3370 3664 3435 3715 ut
3466 3664 3710 3717 nossent

2058 3754 2443 3814 cessationem
2474 3770 2507 3807 a
2537 3750 2851 3806 creatione.
2900 3748 3179 3820 Praecepit
3226 3748 3382 3804 enim
3428 3748 3709 3805 Dominus

2057 3847 2296 3901 dicens:
2333 3866 2361 3893 «
2394 3842 2468 3898 Ut
2498 3839 2721 3908 sciatis,
2756 3839 2910 3909 quod
2940 3837 3001 3893 in
3033 3837 3143 3893 hac
3171 3838 3265 3894 die
3296 3841 3398 3893 44
3429 3836 3713 3910 requievit

2058 3935 2346 3992 Dominus
2372 3938 2522 3986 Deus
2552 3932 2747 3984 vester
2772 3928 2843 3982 ab
2873 3927 3149 3998 operibus
3182 3943 3309 3997 quae
3340 3932 3594 3998 cmperat
3622 3926 3706 3981 fa-

2059 4040 2187 4081 cere
2208 4025 2251 4077 9.
2275 4020 2521 4077 Volebat
2550 4023 2746 4074 autem
2775 4032 2874 4072 eos
2903 4015 3148 4085 hujusce
3167 4016 3302 4070 finis
3326 4015 3708 4088 gnaros,alte-

2058 4116 2183 4169 rius
2207 4111 2441 4166 initium
2478 4104 2925 4178 quaerere.Finis
2946 4104 3125 4176 igitur
3155 4103 3365 4176 prioris
3394 4104 3708 4161 creationis

2058 4209 2179 4259 erat
2206 4200 2529 4257 Sabbatum
2559 4211 2572 4249 :
2599 4194 2871 4250 secundm
2892 4197 3090 4248 autem
3119 4191 3705 4263 initium,Dominica,

2059 4292 2120 4347 in
2154 4307 2273 4361 qua
2302 4292 2556 4343 veterem
2604 4280 2919 4339 renovavit.
2970 4281 3130 4337 Sicut
3172 4281 3353 4353 igitur
3380 4281 3560 4354 priori
3588 4299 3707 4340 aavo

2059 4377 2297 4437 Sabbati
2328 4377 2484 4433 diem
2516 4373 2733 4429 servari
2755 4372 2960 4443 jussit,
2992 4371 3051 4426 in
3098 4378 3539 4427 monumentum
3572 4372 3709 4427 ﬁnis

2058 4470 2319 4544 priorum
2348 4484 2361 4534 ;
2386 4464 2471 4521 sic
2501 4460 2862 4519 Dominicam
2893 4475 3239 4516 veneramur
3268 4459 3328 4515 in
3361 4460 3708 4517 memoriam

2057 4558 2212 4616 initii
2242 4554 2510 4614 secunda)
2542 4548 3077 4623 reparationis.Non
3100 4547 3256 4603 enim
3275 4547 3450 4604 aliam
3472 4548 3710 4618 creavit,

292 4659 528 4737 ἡμέραν,
590 4637 814 4733 μνήμην
876 4654 1036 4711 οὖσαν
1084 4637 1184 4709 τοῦ
1229 4637 1423 4718 τέλους
1479 4656 1588 4708 τῶν
1648 4653 1946 4730 προτέρων,

2064 4650 2164 4707 sed
2198 4651 2449 4704 veterem
2484 4642 2799 4711 renovavit,
2822 4642 2880 4696 et
2907 4654 3086 4711 quam
3116 4637 3305 4695 facere
3336 4643 3590 4711 ccsperat
3618 4637 3717 4694 ab-

368 4835 416 4874 οο
466 4831 645 4889 Levit.
702 4826 866 4898 xim,
925 4828 1112 4884 27-28.
1190 4827 1385 4883 iibid.
1430 4808 1639 4883 ’30-32.
1717 4828 1739 4861 I
1776 4826 1953 4884 Exod.
1983 4838 2141 4891 XXXI,
2172 4822 2258 4876 I7.

304 4988 331 5043 ὲ
404 4984 491 5055 άζ.
538 4985 688 5042 Editi
741 4982 914 5051 male,
974 4978 1115 5035 διότι
1162 4978 1346 5056 ἒγάζ.
1408 4980 1657 5049 Ibidem,
1699 4978 1868 5037 Gobl.
1901 4984 1959 5036 et

308 5006 457 5116 Pedio.
487 5074 529 5116 1.
558 5052 983 5116 προστάττοντες
1034 4997 1410 5116 σαλπίζοντες.
1444 5053 1694 5116 Ibidem.
1742 5051 1959 5116 Regius

351 5049 529 5145 813:1,
558 5049 983 5145 προστάττοντες
1034 5049 1410 5121 σαλπίζοντες.
1444 5053 1694 5121 Ibidem,
1742 5051 1959 5126 Regius

305 5136 366 5190 et
392 5131 466 5188 Se
512 5122 636 5199 uer,
668 5126 750 5181 ὅτι
780 5124 870 5180 καὶ
894 5122 1061 5179 σαλπ.
1830 5122 1855 5126 '

376 5146 581 5291 (5)'gSic
610 5200 831 5273 Regius
861 5204 918 5254 et
949 5198 1081 5270 Seg.
1114 5200 1178 5253 In
1209 5196 1385 5252 editis
1414 5199 1472 5252 et
1499 5195 1742 5266 ceteris,
1774 5191 1961 5270 Ἀνάγο

303 5293 375 5343 κη
397 5291 637 5414 ἇαὲίωο,
712 5337 884 5395 ἄλλον
920 5335 979 5393 δὶ
1014 5336 1043 5391 ὅ
1072 5334 1272 5412 Κύριος
1300 5340 1398 5392 τοῦ
1426 5334 1624 5410 νόμου,
1656 5338 1871 5394 desunt
1900 5337 1959 5392 in

303 5345 469 5473 Coki.
494 5419 553 5472 et
582 5361 733 5472 Feid.
768 5430 804 5470 ι.
842 5408 1066 5470 Ibidem
1098 5410 1318 5473 Regius
1349 5414 1407 5467 et
1434 5414 1847 5473 Seguer.,quos
1869 5425 1958 5465 se-

302 5408 469 5473 Gobl.
494 5419 553 5472 et
582 5408 733 5472 Felc.
768 5430 804 5470 ι.
842 5408 1066 5470 Ibidem
1098 5408 1318 5484 Regius
1349 5414 1407 5467 et
1434 5408 1847 5537 segnem,un
1869 5425 1959 5493 se:

302 5487 568 5560 quimur,
601 5484 693 5560 ab:
746 5483 806 5560 ἓν
864 5498 945 5557 τῳ
1006 5488 1293 5554 Λευῖτικῳ’
1349 5478 1482 5560 καὶ..
1518 5478 1765 5560 ηάλησε,
1812 5480 1964 5560 Edita

301 5550 569 5640 vero,
599 5557 653 5613 ἓν
702 5555 799 5640 τῷ,
831 5550 1099 5640 meum?
1146 5550 1394 5640 59:1,".qu
1436 5550 1695 5640 ἐλέλησε.
1715 5551 1960 5640 ευριπ.

303 5637 365 5690 et
676 5620 926 5712 primus,
948 5620 1128 5711 ’ὡςέν
1150 5620 1525 5712 τςιῖίΔευϊΞικῷ
1557 5620 1659 5702 ἔφη
1710 5620 1887 5697 (F810.
1918 5640 1968 5694 1,

306 5701 465 5783 φηέ)
485 5707 561 5783 Ῑῆ
596 5697 816 5783 asiam,
845 5697 1085 5783 omissis
1112 5697 1509 5783 intermedius.

378 5718 442 5773 ισι
596 5718 816 5772 οεκατῃ,
845 5718 1085 5756 οωιδιιε
1112 5718 1509 5756 ιηιθτωοαιιε.

378 5718 465 5849 (7i
485 5778 575 5833 Ita
601 5771 819 5846 Regius
847 5774 905 5828 et
930 5769 1202 5842 Seg.onm
1230 5768 1427 5827 Graco
1445 5767 1760 5840 Scriptum
1779 5768 1966 5824 textu.

637 5901 902 5966 Panos.
947 5895 1062 5962 Gn.
1105 5893 1382 5961 XXVIII.

2066 4974 2240 5041 Editi,
2272 4968 2454 5043 ἡμέρᾳ
2483 4964 2779 5043 έξιλασμ-οῦ
2818 4964 3020 5043 κλημτῆ.
3076 4967 3252 5043 Infra,
3285 4964 3500 5043 Regius
3532 4966 3718 5043 etSe-

2114 4989 2240 5041 dltl,
2272 4989 2454 5097 ἡμέρᾳ
2484 4989 2779 5040 εζιΛασμου
2818 4989 3020 5035 κΛητη.
3076 4989 3252 5031 ιηιινδι,
3288 4989 3500 5037 negius
3532 4989 3588 5020 ut
3616 4989 3715 5020 DB-

2109 5065 2230 5126 uer.
2266 5044 2387 5126 Gob
2415 5059 2495 5126 er:
2526 5046 2605 5126 ‘et
2634 5040 2783 5126 Felc.
2833 5056 2872 5109 ι,
2923 5037 2975 5091 έν
3137 5034 3715 5126 1‘,pépq\rat67p.)£l?id.

2120 5103 2301 5176 obler.
2336 5120 2394 5170 et
2448 5112 2596 5167 Felc.
2658 5128 2697 5178 I,
2730 5103 2867 5166 hac
2909 5103 3213 5178 omittunt,
3243 5103 3333 5162 καὶ
3380 5103 3496 5181 μετ’
3532 5103 3715 5181 ᾇλίγα.

2068 5190 2249 5249 Paulo
2280 5190 2430 5260 post,
2466 5184 2682 5256 Regius
2728 5186 2787 5239 et
2832 5182 3071 5255 Seguer.
3132 5179 3390 5248 ποιήσει,
3422 5184 3477 5235 et
3515 5179 3599 5233 sic
3630 5179 3715 5237 0‘.

2068 5262 2244 5320 Editi.
2271 5262 2495 5320 ποιήσῃ.

2142 5262 2244 5331 liti,
2271 5258 2495 5327 ποιήσῃ.

2142 5336 2238 5406 (7')
2293 5325 2672 5406 Felokmanni
2729 5324 2978 5406 primus,
3011 5320 3242 5406 ὅτι-ξς.
3295 5322 3471 5377 Infra.
3500 5318 3562 5373 τό
3584 5324 3721 5377 ante

2069 5393 2353 5473 ταπεινοῦν
2388 5397 2688 5473 legiturin
2720 5393 2861 5473 solis
2881 5396 3031 5473 _Reg.
3060 5393 3385 5473 _et_Spguer.

2167 5477 2222 5544 8)
2254 5461 2635 5544 Ndpocvdeest
2664 5468 2724 5521 in
2755 5461 3006 5544 Goblsr:
3019 5461 3261 5544 et__I*je_lc'.
3285 5480 3334 5544 _1.

2168 5532 2225 5617 93
2254 5532 2557 5617 Regiuset
2585 5537 2888 5617 S_egu_er._~},
2893 5538 3037 5617 μῶν.
3074 5535 3246 5617 Editi,

2170 5556 2470 5674 96tteg1us
2500 5556 2557 5597 et
2585 5556 2819 5622 ueguer.
2853 5556 3037 5661 ἡμων.
3074 5556 3245 5599 Μιιιι,
3272 5556 3455 5621 υμων.

2170 5622 2195 5677 1
2236 5622 2257 5689 )
2288 5618 2351 5689 In
2386 5613 2676 5689 G_obler1a_.
2709 5612 2772 5689 e_t_
2814 5609 2889 5663 Fe
2916 5624 2973 5689 ο..
3019 5623 3057 5675 ι,
3090 5607 3256 5662 deest
3282 5606 3318 5674 ἡ
3372 5604 3643 5681 Κυριακή,
3674 5606 3731 5661 et

2165 5677 2308 5749 'ra'in
2339 5686 2570 5753 iisdem,
2601 5680 2701 5746 τὴν
2732 5677 3030 5767 Κυριακήν.

2142 5479 2167 5748 Ξ

2074 5692 2135 5749 in

3382 5872 3420 5932 ὃ
