4136 6372
438 393 553 453 139

1636 388 1705 449 S.
1747 383 2274 449 ATHANASIUS.
2302 413 2385 430 —
2410 382 2676 447 DUBIA.

3754 386 3885 449 M0

438 524 628 581 solvit.
660 522 1049 588 Quamobrem
1103 524 1264 578 sexta
1297 520 1392 577 die
1425 534 1603 592 opera
1629 518 1888 591 perfecta
1912 520 2092 574 sunt:

2216 508 2381 575 οὕτως
2410 514 2509 581 τὴν
2543 512 2815 587 Κυριακην
2863 514 3141 588 τιμῶμεν,
3179 511 3405 587 μνήμην
3469 513 3634 570 οὖσαν
3693 517 3884 594 ἀρχῆς

436 613 693 686 septima
721 629 856 668 vero
887 611 1173 683 requievit
1221 611 1291 665 ab
1343 608 1656 666 omnibus:
1693 610 1751 663 in
1783 605 2095 679 Evangelia

437 707 632 760 autem
661 701 922 758 Verbum
973 702 1131 772 quod
1187 698 1422 757 advenit
1479 698 1709 770 inquit:
1743 720 1771 747 ‹‹
1828 696 1999 766 Veni,
2032 698 2097 752 ut

437 789 738 863 perﬁciam
770 806 919 861 opus
940 789 1019 843 ³.»
1044 787 1150 855 Qui
1173 788 1330 842 enim
1354 786 1427 842 ab
1449 785 1726 841 omnibus
1756 782 2093 856 requiescit,

440 879 737 951 signiﬁcat
782 877 1054 949 quaedam
1098 875 1614 931 consummatione
1652 872 1939 946 indigere,
1965 887 2099 944 qua

441 968 569 1042 ipse
599 968 839 1023 veniens
871 964 1159 1022 absolvit:
1194 965 1275 1021 ait
1322 964 1479 1020 enim
1530 963 1589 1018 in
1626 962 1875 1021 Joannis
1906 961 2096 1017 Evan-

444 1056 633 1131 gelio:
669 1080 697 1108 ‹‹
728 1056 917 1129 Opera
947 1071 1075 1127 qua:
1107 1054 1266 1110 dedit
1302 1053 1446 1108 mihi
1480 1056 1669 1117 Pater,
1704 1057 1770 1107 ut
1797 1050 2097 1123 perﬁciam

446 1163 546 1214 ea;
580 1147 711 1220 ipsa
739 1161 933 1218 opera,
965 1160 1093 1216 quae
1125 1159 1231 1215 ego
1262 1142 1435 1210 facio,
1465 1140 1870 1198 testimonium
1903 1138 2097 1212 perbi-

445 1236 586 1291 bent
613 1235 686 1291 de
716 1236 868 1290 me‘.
902 1254 929 1283 »

446 1322 582 1385 «ἰΓὰ
637 1321 765 1400 ἔργα
818 1322 851 1376 ἃ
906 1316 1106 1376 δέδωκέ
1168 1340 1258 1392 μοι
1322 1319 1350 1372 6
1408 1318 1619 1392 Πατὴρ,
1670 1314 1763 1371 ἵνα
1818 1314 2099 1371 τελειώσω

446 1410 607 1484 ἐμοῦ,
655 1436 682 1464 ››

516 1503 570 1556 5.
605 1502 1019 1574 Imperfectum
1048 1500 1207 1556 enim
1238 1503 1396 1555 esset
1425 1514 1597 1570 opus,
1628 1497 1679 1553 si
1710 1497 1937 1552 Adamo
1969 1511 2106 1567 pec-

451 1595 621 1648 cante
668 1594 936 1647 mortuus
994 1589 1202 1644 fuisset
1259 1587 1474 1643 homo:
1536 1585 1860 1658 perfectum
1913 1588 2108 1641 autem

452 1682 672 1737 factum
701 1685 813 1747 est,
846 1679 943 1734 ubi
969 1678 1097 1751 ipse
1126 1676 1456 1732 viviﬁcatus
1488 1679 1596 1732 est.
1632 1673 1915 1741 Quocirca
1942 1688 2109 1730 crea-

454 1769 674 1825 tionem
706 1783 810 1825 sex
838 1768 1049 1824 diebus
1095 1766 1311 1823 factam
1358 1780 1493 1820 cum
1552 1766 1913 1832 renovasset,
1952 1762 2107 1819 diem

454 1858 815 1916 renovationi
861 1858 1161 1930 assignat:
1215 1871 1393 1928 quam
1442 1853 1500 1910 in
1561 1852 1788 1926 psalmo
1844 1852 2101 1925 Spiritus

455 1947 814 2021 praenuntiat
840 1946 934 2002 his
964 1945 1157 2002 verbis
1182 1961 1196 2001 :
1219 1967 1247 1995 «
1286 1944 1415 2000 Haec
1463 1943 1588 2000 dies
1616 1959 1791 2015 quam
1826 1941 1961 1998 fecit
1992 1947 2099 1998 Do-

455 2038 655 2093 minus
676 2037 717 2091 ⁵.
753 2057 781 2087 ››
814 2035 967 2092 Solis
997 2034 1151 2090 enim
1183 2033 1374 2090 instar
1402 2032 1556 2089 Deus
1582 2031 1860 2104 exoritur,
1893 2031 2102 2103 singu-

452 2124 765 2197 lorumque
793 2124 1052 2180 illustrat
1082 2123 1310 2179 animas
1335 2121 1584 2179 :idcirco
1607 2119 1944 2193 in§salutari
1968 2136 2103 2192 pas-

452 2215 618 2271 sione
647 2214 733 2271 sol
754 2231 871 2269 non
903 2213 1196 2286 apparuit,
1219 2211 1562 2285 signiﬁcans
1592 2227 1726 2265 cum
1757 2210 1935 2266 finem
1956 2208 2106 2281 prio-

452 2304 534 2359 ris
565 2303 899 2374 creationis,
929 2308 1056 2358 tum
1083 2300 1324 2357 alterius
1355 2299 1610 2367 initium,
1644 2315 1771 2371 quis
1801 2314 1871 2354 ex
1901 2297 2103 2354 Salva-

332 2452 345 2459 ,
452 2398 577 2449 tore
625 2392 960 2449 oriebatur:
1015 2407 1194 2463 quam
1246 2389 1345 2444 ubi
1390 2388 1537 2444 vidit
1583 2388 1887 2460 prepbeta,
1922 2387 2103 2442 dixit:

456 2506 484 2533 ‹‹
516 2483 661 2538 Ecce
689 2481 811 2538 vir:
846 2479 1053 2536 Oriens
1085 2494 1295 2534 nomen
1329 2480 1459 2548 ejus
1478 2478 1520 2531 ⁸.
1555 2499 1583 2527 »
1606 2481 1674 2531 Et
1704 2477 1916 2532 iterum
1941 2476 2104 2532 ξανο-

456 2573 548 2627 bis
576 2570 925 2626 timentibus
944 2585 1080 2624 eum
1110 2566 1329 2623 orietur
1348 2566 1432 2622 sol
1449 2565 1695 2637 justitias
1716 2566 1926 2621 7.»Non
1948 2564 2108 2621 enim

458 2660 723 2719 omnium
756 2664 846 2715 est
872 2658 997 2714 haec
1027 2658 1176 2726 dies,
1207 2656 1307 2712 sed
1359 2671 1560 2711 eorum
1587 2655 1688 2727 qui
1723 2653 1938 2710 mortui
1970 2654 2111 2708 sunt

462 2753 722 2823 peccato,
755 2753 813 2805 et
852 2749 1054 2803 vivunt
1100 2745 1367 2802 Domino.
1401 2744 1533 2800 Ideo
1583 2744 1739 2800 enim
1786 2747 1985 2800 octavo
2016 2741 2109 2798 die

462 2836 799 2896 circumcidi
834 2837 926 2892 lex
948 2835 1136 2907 jussit
1160 2852 1172 2891 :
1199 2838 1256 2891 et
1276 2834 1621 2890 mandatum
1647 2837 1773 2889 erat
1802 2847 2106 2904 nunquam

459 2928 943 2998 violandum,quo
974 2923 1580 2996 signiﬁcabatur,post
1600 2921 1916 2995 septimam
1950 2921 2108 2977 diem

458 3018 724 3074 omnium
754 3016 877 3071 fore
906 3010 1600 3087 regenerationem.Nibil
1631 3010 1789 3067 enim
1821 3009 1979 3067 aliud
2004 3008 2111 3064 cir-

456 3104 739 3161 cumcisio
767 3103 1084 3168 indicabat,
1116 3117 1299 3172 quam
1330 3104 1597 3156 nostram
1629 3115 1736 3156 nos
1776 3114 1986 3155 exuere
2015 3114 2114 3154 na-

2208 600 2454 679 δευτέρας
2515 601 2860 665 ἀνακτίσεως.
2893 600 2973 660 Οὐ
3024 601 3130 680 γὰρ
3178 598 3358 673 ἄλλην
3390 602 3690 676 έπέκτισεν,
3726 604 3885 662 ἀλλὰ.

2204 693 2303 761 τὴν
2362 689 2598 747 παλαιὰν
2658 692 2981 762 ἀνεκαίνισε,
3014 691 3106 746 καὶ
3162 693 3223 762 ἣν
3282 689 3485 769 ἤρξατο
3543 699 3720 750 ποιεῖν
3753 695 3873 751 δτε-

2208 780 2419 837 λείωσε.
2457 780 2555 835 Διὰ
2581 786 2742 837 τοῦτο
2773 780 2826 835 έν
2889 782 2985 854 μὶν
3016 787 3084 851 τῆ
3115 778 3245 856 ἱκτῃ
3299 781 3369 836 τὰ
3422 781 3688 859 γενόμενα
3744 804 3878 840 συν-

2206 868 2487 943 ετελέσθη,
2517 870 2611 925 καὶ
2669 873 2741 940 τῆ
2806 865 3016 944 ἑϐδόμῃ
3046 872 3160 944 (11)
3206 870 3534 927 κατέπαυσεν
3595 872 3701 929 ἀπὸ
3737 873 3883 929 πάν-

2205 978 2335 1013 των·
2397 958 2451 1013 έν
2513 956 2570 1014 δὲ
2624 963 2705 1031 τῷ
2767 957 3090 1035 Εὐαγγελίῳ
3146 959 3322 1025 ὶλθὼν
3368 960 3397 1015 6
3446 960 3625 1037 Λόγος
3684 962 3879 1041 φησίν

2214 1070 2243 1103 α
2270 1047 2475 1112 Ἦλθον
2525 1048 2809 1104 τελειῶσαι
2870 1049 2934 1104 τὸ
2969 1046 3150 1125 ἔργον.
3184 1073 3214 1102 ιι
3244 1050 3308 1108 Ὁ
3337 1050 3443 1126 γὰρ
3500 1050 3607 1106 ἀπὸ
3655 1050 3880 1108 πάντων

2206 1137 2552 1208 καταπαύων,
2590 1138 2846 1212 σημαίνει
2879 1138 3002 1194 τινὰ
3031 1136 3238 1203 δεῖσθαι
3282 1138 3498 1209 τέλους,
3531 1140 3666 1217 ὅπερ
3696 1140 3879 1206 ὶλθὼν

2209 1226 2579 1285 έπετελείωσε.
2638 1226 2785 1298 Φησὶ
2842 1228 2946 1304 γὰρ
3012 1230 3125 1301 (12)
3183 1229 3235 1283 έν
3294 1233 3375 1300 τῷ
3428 1230 3565 1284 κατὰ
3595 1230 3880 1302 Ἰωάννην⁸

2178 1314 2331 1371 αὖτά’
2383 1315 2518 1372 αὐτὰ
2601 1316 2669 1372 τὰ
2727 1313 2884 1394 ἔργα,
2951 1316 2985 1371 ἃ
3043 1317 3151 1395 ἑγὼ
3206 1321 3375 1392 ποιῶ,
3434 1324 3697 1395 μαρτυρεῖ
3746 1320 3881 1395 περὶ

2286 1498 2341 1552 5.
2373 1494 2590 1558 ’Δτελὶς
2654 1495 2748 1568 μὲν
2807 1495 2908 1572 γὰρ
2938 1496 3006 1565 ἦν
3062 1494 3127 1551 τὸ
3183 1494 3367 1572 ἔργον,
3400 1496 3469 1569 εί,
3526 1498 3881 1575 ἁμαρτήσανο

2216 1605 2309 1647 τος
2366 1588 2466 1639 τοῦ
2521 1581 2720 1658 Ἀδὰμ,
2781 1584 3113 1656 ἀπέθνησκεν
3150 1584 3179 1640 6
3211 1582 3520 1661 ἄνθρωπος·
3550 1585 3759 1642 τέλειον
3818 1584 3882 1644 δὶ

2218 1673 2427 1751 γέγονε,
2461 1673 2896 1744 ζωοποιηθέντος
2955 1672 3142 1731 αὐτοῦ.
3172 1673 3271 1729 Διὰ
3320 1679 3507 1749 τοῦτο,
3549 1676 3650 1744 τὴν
3706 1676 3759 1732 Iv
3818 1676 3878 1748 ’ἐξ

2218 1762 2449 1838 ἡμέραις
2493 1762 2664 1817 κτίσιν
2726 1762 3327 1840 ἁνακαινίσας,ἡμέραν
3375 1763 3559 1835 τίθησι
3615 1770 3683 1836 τῆ
3743 1766 3875 1821 ἁνα-

2212 1852 2543 1921 καινίσει,ἢν
2577 1850 2666 1906 διὰ
2715 1857 2815 1907 τοῦ
2874 1851 3103 1927 ψαλμοῦ
3157 1857 3540 1933 προαναφωνεῖ
3589 1851 3753 1930 λέγον
3810 1852 3875 1910 τὸ

2210 1945 2453 2014 Πνεῦμα.
2516 1964 2545 1992 ‹‹
2604 1940 2755 2012 Αὕτη
2817 1940 3004 2017 ἡμέρα
3050 1943 3112 2010 ἣν
3171 1941 3423 2012 έποίησεν
3473 1941 3503 1997 6
3561 1940 3781 2017 Κύριος.
3844 1968 3874 1995 ››

2211 2032 2361 2093 Ἀνθ⁹
2414 2029 2579 2100 ἡλίου
2661 2030 2762 2106 γὰρ
2819 2030 2949 2092 Θεὸς
3025 2029 3333 2102 ἀνατέλλει,
3383 2030 3747 2108 καταυγάζων
3802 2039 3871 2102 τῆ

2211 2119 2435 2174 ἑκάστου
2463 2123 2640 2195 ψυχῇ⁹
2679 2115 2768 2174 διὰ
2810 2124 2972 2175 τοῦτο
3011 2119 3101 2175 γαὶ
3131 2121 3184 2176 έν
3234 2120 3383 2192 αὐτῷ
3410 2123 3527 2194 (13)
3560 2125 3642 2193 τῷ
3692 2141 3868 2194 σωτη-

2214 2208 2314 2282 ρίῳ
2369 2208 2526 2273 πάθει
2585 2208 2686 2263 οὐκ
2732 2207 2918 2287 ἔφανεν
2979 2208 3165 2278 ἥλιος,
3227 2208 3509 2282 σημαίνων
3560 2210 3722 2273 τέλος
3774 2212 3865 2284 μὶν

2210 2300 2308 2367 τῆς
2341 2297 2605 2374 προτέρας
2635 2297 2884 2371 κτίσεως,
2911 2299 3090 2375 ἀρχὴν
3145 2295 3203 2353 δὶ
3260 2298 3467 2375 ἑτέρας,
3504 2300 3605 2368 τὴν
3663 2301 3724 2355 ὲκ
3777 2304 3877 2356 τοῦ

2216 2392 2475 2460 Σωτῆρος
2509 2385 2927 2443 ἀνατέλλουσαν·
2961 2389 3029 2457 ἣν
3063 2385 3318 2463 ἑωρακὼς
3351 2385 3381 2442 6
3410 2390 3701 2467 προφήτης
3761 2410 3869 2468 φη-

2216 2475 2295 2529 σίν
2328 2478 2461 2550 (14)·
2497 2499 2525 2527 ‹‹
2557 2473 2696 2534 Ἰδοὺ
2755 2476 2916 2552 ἀνὴρ,
2976 2474 3247 2545 ’Δνατολή
3308 2471 3485 2551 ὄνομα
3513 2476 3684 2551 αὐτῷ.
3722 2500 3751 2534 ι
3779 2476 3874 2534 καὶ

2216 2563 2401 2619 πάλιν·
2438 2588 2467 2617 ιι
2495 2570 2644 2638 Ὑμῖν
2705 2561 2762 2620 δὶ
2816 2570 2932 2627 τοῖς
2992 2560 3355 2642 φοϐουμένοις
3412 2565 3571 2621 αὑτὸν
3624 2565 3875 2625 ἀνατελεῖ

2215 2651 2378 2721 ἥλιος
2440 2651 2810 2724 δικαιοσύνης.
2844 2678 2874 2707 ››
2930 2653 3010 2711 Οὐ
3064 2653 3169 2730 γὰρ
3219 2654 3435 2711 πάντων
3494 2655 3675 2732 ἡμέρα
3712 2655 3878 2729 αὕτη,

2218 2741 2363 2797 ἀλλὰ
2416 2746 2523 2797 τῶν
2581 2742 2961 2807 ἀποθανόντων
3019 2749 3087 2812 τῆ
3124 2743 3380 2819 ἁμαρτίᾳ,
3415 2742 3629 2813 ζώντων
3689 2742 3747 2798 δὲ
3791 2749 3876 2817 τῷ

2218 2830 2419 2907 Κυρίῳ.
2452 2830 2551 2887 Διὰ
2605 2836 2767 2887 τοῦτο
2818 2831 2922 2908 γὰρ
2976 2831 3067 2887 καὶ
3121 2838 3190 2903 τῆ
3252 2829 3414 2909 ὀγδόῃ
3444 2831 3630 2908 ἡμέρᾳ
3658 2830 3875 2909 περιτέ-

2222 2931 2444 2992 μνεσθαι
2505 2919 2780 2977 ἐκέλευσεν
2842 2920 2871 2975 6
2932 2919 3125 2994 νόμος·
3159 2920 3250 2976 καὶ
3310 2916 3649 2998 ἀπαράϐατος
3708 2921 3777 2990 ἦν
3836 2921 3875 2991 ἦ

2218 3008 2439 3079 ἐντολὴ,
2473 3009 2814 3083 σημαίνουσα
2841 3010 2940 3079 τήν
2977 3009 3112 3082 μετὰ
3139 3010 3238 3079 τὴν
3293 3004 3533 3082 ἑϐδόμην
3583 3006 3882 3085 ἁναγὲννη-

2220 3117 2299 3152 σιν
2359 3096 2597 3157 πάντων.
2630 3099 2693 3154 Ἦ
2750 3098 2854 3176 γὰρ
2912 3100 3188 3174 περιτομὴ
3247 3095 3402 3155 οὐδὲν
3434 3096 3576 3154 ἄλλο
3607 3093 3812 3167 έδήλου
3839 3095 3878 3167 ἢ

452 3195 777 3252 tivitatem:
827 3210 964 3250 eum
1012 3192 1171 3247 enim
1222 3190 1322 3262 qui
1380 3193 1542 3246 sexto
1588 3188 1682 3245 die
1720 3192 1991 3244 mortuus
2019 3189 2107 3243 est

2220 3187 2319 3255 τὴν
2351 3193 2450 3257 τῆς
2480 3186 2736 3263 γενέσεως
2795 3186 3104 3244 ἁπέκδυσιν·
3137 3188 3231 3244 τὸν
3288 3188 3393 3264 γὰρ
3444 3193 3514 3257 τῆ
3555 3181 3685 3261 ἕκτῃ
3740 3187 3877 3241 ἁπο-

455 3284 748 3350 exuimus,
780 3287 841 3338 et
886 3296 1241 3337 renovamur
1285 3276 1627 3333 Dominica:
1662 3293 1779 3349 qua
1824 3277 1919 3332 die
1964 3275 2115 3331 anti-

457 3390 613 3445 quus
660 3371 759 3428 ille
811 3369 1023 3433 exitus,
1057 3385 1160 3440 per
1207 3366 1696 3423 resurrectionem
1741 3369 2120 3437 regeneratus

460 3468 567 3519 est.
598 3462 717 3517 Hoc
745 3459 903 3516 enim
934 3456 1153 3513 Paulus
1176 3470 1411 3528 quoque
1440 3455 1500 3509 in
1532 3452 1790 3527 Epistola
1819 3454 1889 3509 ad
1923 3452 2121 3510 Colos-

462 3566 667 3607 senses
697 3549 815 3605 ait:
854 3571 881 3599 ι(
915 3549 975 3602 In
1008 3562 1123 3618 quo
1151 3553 1205 3601 el
1254 3543 1586 3600 circumcisi
1618 3542 1759 3599 estis
1808 3543 2114 3600 circumci-

465 3639 632 3696 sione
683 3655 798 3694 non
858 3634 1213 3703 manufacta,
1264 3633 1323 3688 in
1380 3631 1800 3705 exspoliatione
1855 3633 2115 3705 corporis

465 3727 683 3791 carnis,
714 3727 771 3782 in
817 3722 1263 3780 circumcisione
1311 3720 1560 3778 Christi:
1615 3720 1937 3792 consepulti
1974 3722 2026 3777 ei
2053 3723 2114 3778 in

470 3817 783 3888 baptismo,
815 3813 875 3867 in
910 3812 1227 3877 infernum,
1257 3810 1316 3867 in
1346 3824 1460 3880 quo
1490 3813 1548 3864 et
1589 3808 1991 3866 resurrexistis
2006 3810 2047 3865 ⁸.
2082 3832 2113 3861 ››

469 3904 616 3961 Nam
648 3900 1089 3974 exspoliationis
1120 3914 1222 3971 per
1250 3894 1613 3969 baptismum
1644 3896 1829 3967 ﬁgura
1857 3901 1983 3953 erat
2002 3898 2115 3955 cir-

467 3993 770 4060 cumcisio,
802 4006 981 4063 quam
1030 3989 1091 4044 in
1148 3987 1267 4044 illis
1332 3986 1613 4042 membris
1666 3986 1787 4042 fieri
1819 3989 2111 4059 pracepit,

464 4082 682 4155 quibus
712 4096 926 4153 corpus
956 4080 1296 4151 generatur:
1318 4080 1385 4132 ut
1406 4075 1507 4148 qui
1537 4075 2113 4134 circumcidebantur

465 4174 857 4235 adverterent,
887 4167 1034 4222 illud
1065 4181 1194 4221 esse
1214 4164 1487 4220 exuendae
1507 4164 1815 4221 vetustatis
1846 4163 2107 4237 signum.

466 4260 759 4317 Abraham
791 4256 949 4313 enim
978 4272 1111 4312 cum
1141 4253 1507 4324 credidisset,
1538 4253 1761 4325 accepit
1798 4254 2107 4312 circumci-

461 4352 709 4419 sionem,
739 4364 865 4418 quae
896 4346 1131 4416 signum
1148 4347 1274 4399 erat
1302 4341 1758 4415 regenerationis
1791 4358 1892 4414 per
1918 4344 2107 4415 bapti-

461 4440 1050 4509 smum.Quapr0pter
1072 4433 1338 4489 veniente
1357 4430 1952 4504 signiﬁcato,signum
1984 4449 2106 4490 css-

2229 3275 2457 3340 θανόντα
2530 3273 3032 3350 ἀπεκδιδυσκόμεθα
3088 3280 3223 3352 (15),
3281 3276 3371 3332 καὶ
3448 3273 3882 3347 ἁνακαινούμεθα

2224 3372 2291 3434 τῆ
2352 3368 2614 3439 Κυριακῆ,
2645 3366 2735 3421 ὅτε
2774 3365 2803 3419 6
2835 3364 3094 3439 παλαιὸς,
3143 3362 3485 3438 ἁπεκδυθεὶς,
3544 3365 3875 3439 ἁνεγεννήθη

2223 3459 2290 3523 τῆ
2325 3454 2626 3513 ἀναστάσει.
2655 3458 2826 3510 Τοῦτο
2873 3454 2974 3533 γὰρ
3029 3455 3120 3510 καὶ
3154 3454 3182 3509 6
3216 3451 3432 3517 Παῦλός
3481 3474 3644 3533 φησιν
3676 3455 3787 3527 (16)
3819 3453 3874 3507 ἒν

2221 3550 2289 3613 τῆ
2323 3544 2458 3619 πρὸς
2490 3542 2841 3606 Κολοσσαεῖςο
2874 3569 2903 3597 ‹‹
2939 3545 3023 3599 Ἐν
3070 3544 3118 3616 ᾧ
3174 3543 3265 3598 καὶ
3317 3545 3720 3620 περιετμήθητε
3775 3561 3872 3597 πε-

2224 3635 2427 3707 ριτομῆ
2454 3634 2887 3708 ἀχειροποιήτῳ,
2919 3634 2973 3688 έν
3003 3639 3072 3703 τῆ
3119 3630 3408 3689 ἀπεκδύσει
3460 3630 3559 3688 τοῦ
3617 3630 3870 3705 σώματος

2220 3728 2320 3791 τῆς
2372 3720 2590 3794 σαρκὸς,
2622 3722 2676 3776 έν
2731 3723 2802 3791 τῆ
2850 3723 3123 3798 περιτομῆ
3152 3725 3250 3776 τοῦ
3295 3725 3551 3797 Χριστοῦ,
3582 3718 3878 3798 συνταφέδ-

2220 3831 2307 3872 τες
2364 3810 2511 3883 αὐτῷ
2558 3810 2611 3866 έν
2669 3811 2750 3884 τῷ
2785 3810 3114 3887 βαπτίσματι
3170 3810 3246 3874 εἷς
3295 3810 3388 3866 τὸν
3421 3804 3579 3882 ᾇδην,
3612 3810 3664 3866 δν
3696 3810 3744 3882 ᾧ
3770 3808 3864 3864 καὶ

2224 3899 2607 3975 συνηγέρθητε.
2636 3904 2802 3969 »Τῆς
2831 3899 2933 3977 γὰρ
2977 3896 3068 3955 διὰ
3116 3903 3214 3955 τοῦ
3275 3897 3646 3975 βαπτίσματος
3705 3899 3873 3953 ἁπεκ-

2223 3986 2425 4050 δύσεως
2480 3987 2649 4051 τύπος
2704 3988 2771 4058 ἦν
2804 3991 2841 4058 ἡ
2888 3990 3184 4065 περιτομήο
3241 3989 3304 4058 ἢν
3358 3990 3471 4062 (17)
3532 3986 3588 4044 έν
3645 3986 3873 4049 ἱκείνοις

2218 4082 2335 4139 τοῖς
2371 4075 2589 4151 μέλεσιν
2649 4077 2949 4134 ἐνετείλατο
2996 4077 3259 4153 γίνεσθαι,
3290 4075 3361 4133 δι’
3391 4077 3465 4133 ὢν
3495 4077 3586 4133 καὶ
3616 4081 3874 4152 γεννᾶται

2215 4166 2279 4221 τὸ
2338 4171 2519 4241 σῶμα,
2555 4163 2627 4221 ἵν’
2657 4164 2849 4223 είδοῖεν
2883 4166 2937 4222 οῑ
2982 4166 3459 4244 περιτεμνόμενοι,
3491 4165 3576 4222 ὅτι
3634 4162 3873 4221 ἁπεκδῦ-

2217 4276 2352 4318 σεως
2437 4253 2807 4327 παλαιότητός
2892 4257 3001 4311 ἔστι
3090 4261 3342 4330 σημεῖον.
3402 4253 3697 4318 Πιστεόσας
3762 4253 3877 4331 γὰρ

2212 4339 2470 4420 Ἀϐραὰμ
2520 4339 2683 4401 ἔλαϐε
2738 4346 2839 4414 τὴν
2900 4346 3227 4422 περιτομὴν,
3261 4349 3490 4419 σημεῖον
3548 4343 3707 4401 οὖσαν
3762 4349 3872 4412 τῆς

2213 4430 2304 4488 διὰ
2330 4438 2427 4488 τοῦ
2463 4434 2832 4509 βαπτίσματος
2864 4436 3296 4509 ἁναγεννήσεως.
3329 4433 3429 4489 Διὰ
3483 4438 3646 4490 τοῦτο
3677 4431 3876 4497 έλθόν-

460 4528 640 4586 savit:
678 4542 816 4582 nam
844 4523 1213 4580 circumcisio
1243 4521 1481 4593 quidem
1515 4520 1752 4592 signum
1775 4525 1900 4576 erat
1920 4539 1933 4587 ;
1954 4520 2105 4579 lava-

2216 4543 2304 4620 τος
2354 4527 2451 4577 τοῦ
2509 4523 2937 4597 σημαινομένου,
2970 4522 3235 4580 πέπαυται
3264 4522 3329 4579 τὸ
3360 4528 3614 4597 σημεῖον.
3663 4527 3709 4578 Η
3769 4521 3873 4596 μὶν

460 4634 625 4676 crum
658 4632 788 4672 vero
819 4611 1299 4687 regenerationis,
1332 4626 1425 4667 res
1453 4612 1543 4666 est
1572 4608 2104 4680 signiﬁcata.Exuto

2216 4611 2317 4687 γὰρ
2348 4613 2622 4687 περιτομή
2654 4618 2883 4687 σημεῖον
2914 4615 3004 4683 ἦν,
3034 4612 3100 4668 τὸ
3128 4608 3187 4669 δέ
3213 4614 3331 4687 (18)
3362 4633 3422 4690 γε
3481 4610 3711 4688 λουτρὸν
3762 4615 3872 4681 τῆς

528 4754 550 4788 ³
579 4751 749 4808 Joan.
784 4765 860 4817 ιν,
890 4748 980 4803 34.
1083 4747 1105 4781 ι
1131 4745 1300 4814 Joan,
1333 4761 1389 4812 v,
1418 4744 1508 4799 36.

456 4823 665 4894 11,12.

523 4939 639 5010 (11)
668 4936 973 5010 Reginae.
998 4934 1250 5010 .Sesuer-
1309 4928 1422 5010 δεξιὶ.
1443 4934 1511 5010 ’ξῆ
1546 4927 1728 5010 ἡμέρξι
1756 4934 1821 5010 si
1859 4924 2097 5010 ἒϐξόμῃς

451 4998 633 5076 Editi,
664 4998 851 5074 καιντῆ
884 4998 1120 5076 iceram?
1147 5010 1293 5076 Mox,
1324 5000 1550 5076 Gobler.
1586 4998 1834 5058 et'Felc.
1864 5019 1904 5071 ι,
1936 4998 2101 5075 ἐν’τῷ

451 5025 631 5076 nam,
664 5027 754 5062 και
784 5027 851 5074 τη
885 5025 1010 5060 εοοο
1101 5045 1114 5058 .
1147 5025 1293 5071 mox,
1324 5025 1550 5057 numer.
1586 5025 1645 5057 BI.
1684 5025 1731 5056 ιη

450 5076 773 5154 samem
792 5076 965 5154 912°?“
1004 5025 1312 5154 ἴῖίριστάς·
1344 5070 1625 5154 more-

640 5101 773 5208 εὲθῳ
791 5101 965 5206 δησθν
1004 5101 1030 5130 0
1061 5101 1310 5203 ἔρωτος’
1344 5101 1731 5199 ιηᾶυὲῖἘᾱἰ“
1951 5144 2015 5200 'E

522 5101 759 5280 gélbiif
819 5166 1028 5280 ίῗιῗὲΫ
1048 5160 1989 5280 ινθδτιῗνέῗατάθἸᾠάννξξῘθὲἓὲει
2022 5165 2094 5272 (ἷέ

488 5212 776 5298 ibid.-
813 5212 1240 5298 ill‘ﬁd,:_§.v_
1296 5212 1767 5298 κατξὶνἸωάννην,
1823 5217 1989 5298 deest

488 5244 574 5298 αρ.
612 5244 757 5280 ιοια.
820 5244 987 5292 luuu,
1049 5244 1101 5272 εν
1160 5244 1240 5287 τῳ
1299 5244 1431 5268 κατα.
1506 5244 1767 5285 ιωαννιιν,
1825 5244 1989 5272 uuam;
2039 5244 2096 5272 lu

450 5244 616 5351 globi.
648 5299 707 5350 et
738 5293 888 5351 Felc.
921 5310 960 5349 ι.
995 5290 1145 5346 Ibid.
1179 5289 1319 5361 hinc,
1350 5284 1416 5361 τᾲ
1448 5282 1595 5361 ἔργα,
1627 5288 1841 5361 desunt
1885 5288 1947 5343 in
1979 5288 2097 5361 edi-

449 5367 550 5435 tis,
575 5366 676 5437 sed
707 5366 987 5437 leguntur
1011 5364 1072 5418 in
1096 5360 1270 5437 {legio
1292 5363 1350 5437 et
1379 5358 1683 5437 Seguer.in
1716 5359 1933 5437 quibus
1956 5359 2098 5437 solis

449 5375 550 5435 tis,
575 5375 676 5458 sed
707 5375 987 5437 leguntur
1011 5380 1072 5418 in
1096 5375 1270 5444 Hegio
1292 5375 1350 5415 et
1379 5375 1683 5483 begueran
1716 5375 1933 5431 quibus
1956 5375 2095 5417 sons

448 5453 586 5495 mox
614 5435 1075 5509 acza'zrepetitur,
1102 5434 1172 5509 1_n_
1205 5432 1435 5509 iisdem,
1462 5502 1472 5509 _
1496 5427 1578 5503 γώ
1608 5430 1790 5487 deest.
1838 5435 1967 5489 Mox
1992 5428 2095 5507 γάρ

445 5515 580 5582 post
612 5502 902 5582 pév_deest
939 5507 999 5564 in
1030 5504 1269 5582 Gobjer,
1294 5507 1353 5560 et
1383 5502 1603 5582 [τρισί-ι.

514 5571 628 5654 (13)
659 5572 819 5651 Αὖτῷ
846 5581 1010 5637 deest
1036 5577 1098 5635 1n
1127 5574 1361 5635 Gobler.
1421 5578 1478 5629 et
1529 5571 1681 5630 Felc.
1732 5590 1772 5647 ι,
1803 5578 1869 5632 ut
1908 5577 1966 5632 et
1997 5572 2093 5646 μὶν

442 5666 721 5711 Βοαυθῐιε.

1612 4742 1633 4776 ⁸
1662 4742 1817 4800 Psal.
1864 4760 2037 4816 cxvu,
2086 4745 2178 4803 24.
2256 4748 2277 4782 ⁶
2307 4746 2550 4804 Zachar.
2594 4764 2674 4820 v1,
2707 4747 2796 4805 12.

2897 4748 2918 4784 τ
2948 4745 3199 4806 Malach.
3235 4763 3313 4817 Iv,
3340 4749 3397 4804 2.
3500 4747 3522 4782 ⁸
3551 4746 3774 4806 Coloss.
3805 4761 3880 4817 ιι,

2210 4933 2343 5005 Mox
2370 4931 2610 5005 Regius,
2658 4932 2998 5005 seguerian.
3057 4936 3117 4990 et
3171 4930 3429 5005 Gobler.,
3480 4925 3655 5005 ὄνομα
3697 4928 3873 5003 αὐτῷ.

2207 5004 2387 5089 Ερἰη
2420 5002 2597 5076 ονομα
2655 5002 2841 5060 αὐτοῦ.
2900 5004 3031 5061 Mox
3096 5004 3351 5061 Felckm.
3402 5021 3443 5072 ι,
3474 5002 3688 5058 πάντων
3728 5002 3875 5076 ἠμε-

2208 5093 2675 5271 όῙιξξθῗθε.
2703 5151 2765 5203 et
2794 5145 3136 5221 Seguerian.
3168 5146 3319 5203 Editi
3348 5162 3484 5203 vero
3514 5144 3873 5218 ωιιο,ἀπεκ-

2242 5227 2763 5432 εῖῖἕῖἒίὲθὲοείυε
2794 5293 2853 5346 et
2879 5289 3220 5382 Seguerian.
3255 5286 3409 5345 Editi
3435 5304 3592 5360 vero,
3622 5282 3748 5367 ἔφη.

2278 5361 2369 5432 (17
2423 5355 2534 5432 ’Ev,
2593 5366 2651 5417 et
2704 5362 2878 5429 infra,
2938 5380 3041 5432 ων,
3057 5427 3073 5432 _
3098 5360 3312 5432 desunt
3339 5359 3401 5417 in
3450 5358 3609 5418 Felo.
3646 5360 3748 5432 prii

2278 5355 2534 5447 (l7)n’Ev2
2593 5355 2661 5417 et
2681 5362 2878 5447 infra,
2938 5355 3401 5447 6vhdesﬁuntnin
3450 5355 3609 5447 Felo':
3646 5355 3869 5447 primo.

2204 5427 2612 5560 ggégfegius
2644 5436 2700 5490 et
2727 5427 2969 5508 Seguer,
3002 5427 3348 5491 εἰδεῖνΕάἱιί
3371 5447 3531 5504 vero,
3559 5436 3619 5491 et
3645 5427 3867 5507 cauri,

2202 5576 2486 5720 Bogsgrre
2532 5576 2698 5633 deest
2751 5575 2811 5634 in
2853 5577 3052 5650 editis,
3082 5576 3187 5635 sed
3234 5574 3452 5649 legitur
3496 5575 3561 5633 in
3590 5573 3770 5650 Regio
3800 5576 3868 5634 et

534 5709 625 5800 Π)
653 5730 742 5784 Ita
770 5723 989 5797 Regius
1018 5726 1077 5779 et
1131 5719 1370 5793 Seguer.
1421 5714 1575 5773 Editi
1605 5721 1665 5775 et
1718 5717 1932 5794 cateri,
1962 5709 2090 5796 ἔφη.
2202 5790 2207 5793 _
