  <div class='ocr_page' id='page_1' title='image "/cluster/home/n/w/nwhite01/storage/ocr_20150623/28:no.4/coo.31924054873090/084.png"; bbox 0 0 4136 6420; ppageno 0'>
   <div class='ocr_carea' id='block_1_1' title="bbox 288 454 399 515">
    <p class='ocr_par' dir='ltr' id='par_1_1' title="bbox 288 454 399 515">
     <span class='ocr_line' id='line_1_1' title="bbox 288 454 399 515; baseline -0.018 0"><span class='ocrx_word' id='word_1_1' title='bbox 288 454 399 515; x_wconf 72' lang='lat' dir='ltr'><strong>Hi</strong></span> 
     </span>
    </p>
   </div>
   <div class='ocr_carea' id='block_1_2' title="bbox 1326 430 2666 501">
    <p class='ocr_par' dir='ltr' id='par_1_2' title="bbox 1326 430 2666 501">
     <span class='ocr_line' id='line_1_2' title="bbox 1326 430 2666 501; baseline 0.002 -3"><span class='ocrx_word' id='word_1_2' title='bbox 1326 436 1430 498; x_wconf 85' lang='lat' dir='ltr'><strong>DE</strong></span> <span class='ocrx_word' id='word_1_3' title='bbox 1474 430 1849 497; x_wconf 84' lang='lat' dir='ltr'><strong>SABBATIS</strong></span> <span class='ocrx_word' id='word_1_4' title='bbox 1891 432 1994 495; x_wconf 86' lang='lat' dir='ltr'>ET</span> <span class='ocrx_word' id='word_1_5' title='bbox 2035 430 2666 501; x_wconf 81' lang='lat' dir='ltr'><strong>CIRCUMCISIONE.</strong></span> 
     </span>
    </p>
   </div>
   <div class='ocr_carea' id='block_1_3' title="bbox 3595 448 3710 507">
    <p class='ocr_par' dir='ltr' id='par_1_3' title="bbox 3595 448 3710 507">
     <span class='ocr_line' id='line_1_3' title="bbox 3595 448 3710 507; baseline 0 0"><span class='ocrx_word' id='word_1_6' title='bbox 3595 448 3710 507; x_wconf 70' lang='lat'><strong>{42</strong></span> 
     </span>
    </p>
   </div>
   <div class='ocr_carea' id='block_1_4' title="bbox 284 567 1960 658">
    <p class='ocr_par' dir='ltr' id='par_1_4' title="bbox 284 568 1945 658">
     <span class='ocr_line' id='line_1_4' title="bbox 284 568 1945 658; baseline -0.019 -19"><span class='ocrx_word' id='word_1_7' title='bbox 284 576 700 658; x_wconf 83' lang='grc' dir='ltr'><strong>παλιγγενεσίας</strong></span> <span class='ocrx_word' id='word_1_8' title='bbox 731 575 795 630; x_wconf 89' lang='grc' dir='ltr'><strong>τὸ</strong></span> <span class='ocrx_word' id='word_1_9' title='bbox 825 571 1253 647; x_wconf 86' lang='grc' dir='ltr'>σημαινόμενον.</span> <span class='ocrx_word' id='word_1_10' title='bbox 1298 570 1468 623; x_wconf 77' lang='grc' dir='ltr'>ὍΛου</span> <span class='ocrx_word' id='word_1_11' title='bbox 1508 568 1624 658; x_wconf 39' lang='grc' dir='ltr'><strong>-γᾴρ</strong></span> <span class='ocrx_word' id='word_1_12' title='bbox 1689 569 1808 658; x_wconf 32' lang='grc' dir='ltr'>τοῦ-</span> <span class='ocrx_word' id='word_1_13' title='bbox 1843 586 1945 619; x_wconf 87' lang='grc' dir='ltr'><strong>πα..</strong></span> 
     </span>
    </p>
   </div>
   <div class='ocr_carea' id='block_1_5' title="bbox 2076 567 3711 658">
    <p class='ocr_par' dir='ltr' id='par_1_5' title="bbox 2076 567 3711 650">
     <span class='ocr_line' id='line_1_5' title="bbox 2076 567 3711 650; baseline 0.006 -27"><span class='ocrx_word' id='word_1_14' title='bbox 2076 567 2214 623; x_wconf 65' lang='lat' dir='ltr'><strong>anim</strong></span> <span class='ocrx_word' id='word_1_15' title='bbox 2265 572 2387 625; x_wconf 85' lang='lat' dir='ltr'><strong>toto</strong></span> <span class='ocrx_word' id='word_1_16' title='bbox 2416 575 2607 628; x_wconf 83' lang='lat' dir='ltr'><strong>vetere</strong></span> <span class='ocrx_word' id='word_1_17' title='bbox 2653 571 2914 643; x_wconf 87' lang='lat' dir='ltr'><strong>homine,</strong></span> <span class='ocrx_word' id='word_1_18' title='bbox 2947 576 3244 646; x_wconf 88' lang='lat' dir='ltr'><strong>superﬂua</strong></span> <span class='ocrx_word' id='word_1_19' title='bbox 3293 582 3384 633; x_wconf 90' lang='lat' dir='ltr'><strong>est</strong></span> <span class='ocrx_word' id='word_1_20' title='bbox 3431 578 3532 635; x_wconf 91' lang='lat' dir='ltr'><strong>illa</strong></span> <span class='ocrx_word' id='word_1_21' title='bbox 3580 595 3711 650; x_wconf 69' lang='lat' dir='ltr'><strong>qua</strong></span> 
     </span>
    </p>
   </div>
   <div class='ocr_carea' id='block_1_6' title="bbox 289 654 1946 739">
    <p class='ocr_par' dir='ltr' id='par_1_6' title="bbox 289 654 1946 739">
     <span class='ocr_line' id='line_1_6' title="bbox 289 654 1946 739; baseline -0.013 -11"><span class='ocrx_word' id='word_1_22' title='bbox 289 654 448 729; x_wconf 67' lang='grc' dir='ltr'>λαιού</span> <span class='ocrx_word' id='word_1_23' title='bbox 478 654 485 657; x_wconf 17' lang='grc' dir='ltr'><em>Ἴ</em></span> <span class='ocrx_word' id='word_1_24' title='bbox 521 662 1074 737; x_wconf 78' lang='grc' dir='ltr'>ἁπεκδιδυσκομὲνου,</span> <span class='ocrx_word' id='word_1_25' title='bbox 1133 658 1359 736; x_wconf 85' lang='grc' dir='ltr'>περιττή</span> <span class='ocrx_word' id='word_1_26' title='bbox 1417 659 1451 709; x_wconf 57' lang='grc' dir='ltr'><strong>’ὅ</strong></span> <span class='ocrx_word' id='word_1_27' title='bbox 1505 655 1593 739; x_wconf 64' lang='grc' dir='ltr'>διὰ</span> <span class='ocrx_word' id='word_1_28' title='bbox 1619 659 1715 710; x_wconf 80' lang='grc' dir='ltr'>τοῦ</span> <span class='ocrx_word' id='word_1_29' title='bbox 1750 654 1946 730; x_wconf 71' lang='grc' dir='ltr'>μέρους</span> 
     </span>
    </p>
   </div>
   <div class='ocr_carea' id='block_1_7' title="bbox 288 744 1945 835">
    <p class='ocr_par' dir='ltr' id='par_1_7' title="bbox 288 744 1945 835">
     <span class='ocr_line' id='line_1_7' title="bbox 288 744 1945 835; baseline -0.013 -18"><span class='ocrx_word' id='word_1_30' title='bbox 288 759 551 835; x_wconf 84' lang='grc' dir='ltr'>σημασία.</span> <span class='ocrx_word' id='word_1_31' title='bbox 602 756 703 812; x_wconf 80' lang='grc' dir='ltr'><strong>Καὶ</strong></span> <span class='ocrx_word' id='word_1_32' title='bbox 762 753 943 828; x_wconf 85' lang='grc' dir='ltr'>ὥσπερ</span> <span class='ocrx_word' id='word_1_33' title='bbox 992 748 1345 835; x_wconf 13' lang='grc' dir='ltr'>ἡᾲΚυριακή,</span> <span class='ocrx_word' id='word_1_34' title='bbox 1386 747 1533 820; x_wconf 74' lang='grc' dir='ltr'>ἁρχὴ</span> <span class='ocrx_word' id='word_1_35' title='bbox 1590 752 1690 835; x_wconf 81' lang='grc' dir='ltr'>τῆς</span> <span class='ocrx_word' id='word_1_36' title='bbox 1721 744 1945 805; x_wconf 77' lang='grc' dir='ltr'>κτίσεώς</span> 
     </span>
    </p>
   </div>
   <div class='ocr_carea' id='block_1_8' title="bbox 290 833 1948 922">
    <p class='ocr_par' dir='ltr' id='par_1_8' title="bbox 290 833 1948 922">
     <span class='ocr_line' id='line_1_8' title="bbox 290 833 1948 922; baseline -0.011 -18"><span class='ocrx_word' id='word_1_37' title='bbox 290 833 423 922; x_wconf 74' lang='grc' dir='ltr'>ἐστι,</span> <span class='ocrx_word' id='word_1_38' title='bbox 481 847 572 901; x_wconf 84' lang='grc' dir='ltr'><strong>καὶ</strong></span> <span class='ocrx_word' id='word_1_39' title='bbox 630 842 787 899; x_wconf 82' lang='grc' dir='ltr'>παύει</span> <span class='ocrx_word' id='word_1_40' title='bbox 846 842 909 896; x_wconf 87' lang='grc' dir='ltr'><strong>τὸ</strong></span> <span class='ocrx_word' id='word_1_41' title='bbox 949 833 1250 894; x_wconf 76' lang='grc' dir='ltr'>Σάϐϐατον·</span> <span class='ocrx_word' id='word_1_42' title='bbox 1286 834 1457 897; x_wconf 72' lang='grc' dir='ltr'>οὕτως</span> <span class='ocrx_word' id='word_1_43' title='bbox 1490 836 1524 903; x_wconf 79' lang='grc' dir='ltr'>ἡ</span> <span class='ocrx_word' id='word_1_44' title='bbox 1558 833 1693 900; x_wconf 86' lang='grc' dir='ltr'>αύτὴ</span> <span class='ocrx_word' id='word_1_45' title='bbox 1725 834 1948 905; x_wconf 76' lang='grc' dir='ltr'>ἀναγεν-</span> 
     </span>
    </p>
   </div>
   <div class='ocr_carea' id='block_1_9' title="bbox 286 923 1944 1010">
    <p class='ocr_par' dir='ltr' id='par_1_9' title="bbox 286 923 1944 1010">
     <span class='ocr_line' id='line_1_9' title="bbox 286 923 1944 1010; baseline -0.01 -17"><span class='ocrx_word' id='word_1_46' title='bbox 286 940 495 1010; x_wconf 79' lang='grc' dir='ltr'>νήσασα</span> <span class='ocrx_word' id='word_1_47' title='bbox 551 936 642 989; x_wconf 88' lang='grc' dir='ltr'><strong>τὸν</strong></span> <span class='ocrx_word' id='word_1_48' title='bbox 698 930 981 1007; x_wconf 80' lang='grc' dir='ltr'>ἄνθρωπον</span> <span class='ocrx_word' id='word_1_49' title='bbox 1041 924 1237 983; x_wconf 77' lang='grc' dir='ltr'>ἔπαυσε</span> <span class='ocrx_word' id='word_1_50' title='bbox 1292 925 1391 993; x_wconf 77' lang='grc' dir='ltr'>τὴν</span> <span class='ocrx_word' id='word_1_51' title='bbox 1423 923 1751 999; x_wconf 86' lang='grc' dir='ltr'>περιτομήν.</span> <span class='ocrx_word' id='word_1_52' title='bbox 1812 923 1944 993; x_wconf 87' lang='grc' dir='ltr'><strong>Ἀμ-</strong></span> 
     </span>
    </p>
   </div>
   <div class='ocr_carea' id='block_1_10' title="bbox 288 1011 1946 1103">
    <p class='ocr_par' dir='ltr' id='par_1_10' title="bbox 288 1011 1946 1103">
     <span class='ocr_line' id='line_1_10' title="bbox 288 1011 1946 1103; baseline 0.013 -15"><span class='ocrx_word' id='word_1_53' title='bbox 288 1026 489 1103; x_wconf 74' lang='grc' dir='ltr'>φότερα</span> <span class='ocrx_word' id='word_1_54' title='bbox 545 1026 649 1100; x_wconf 68' lang='grc' dir='ltr'><strong>γὰρ</strong></span> <span class='ocrx_word' id='word_1_55' title='bbox 707 1021 760 1077; x_wconf 71' lang='grc' dir='ltr'><strong>ἐν</strong></span> <span class='ocrx_word' id='word_1_56' title='bbox 813 1019 882 1095; x_wconf 67' lang='grc' dir='ltr'><strong>τῇ</strong></span> <span class='ocrx_word' id='word_1_57' title='bbox 942 1015 1111 1094; x_wconf 69' lang='grc' dir='ltr'>ὀγδόη</span> <span class='ocrx_word' id='word_1_58' title='bbox 1147 1015 1524 1103; x_wconf 50' lang='grc' dir='ltr'><strong>κατώρθωταέν</strong></span> <span class='ocrx_word' id='word_1_59' title='bbox 1582 1011 1738 1103; x_wconf 47' lang='lat' dir='ltr'><strong>“FW</strong></span> <span class='ocrx_word' id='word_1_60' title='bbox 1798 1011 1946 1103; x_wconf 49' lang='grc' dir='ltr'><strong>ἀρχῆ</strong></span> 
     </span>
    </p>
   </div>
   <div class='ocr_carea' id='block_1_11' title="bbox 285 1096 1950 1187">
    <p class='ocr_par' dir='ltr' id='par_1_11' title="bbox 285 1096 1950 1187">
     <span class='ocr_line' id='line_1_11' title="bbox 285 1096 1950 1187; baseline -0.013 -15"><span class='ocrx_word' id='word_1_61' title='bbox 285 1120 384 1187; x_wconf 75' lang='grc' dir='ltr'>τῆς</span> <span class='ocrx_word' id='word_1_62' title='bbox 424 1096 694 1182; x_wconf 49' lang='grc' dir='ltr'>κτίσεως,</span> <span class='ocrx_word' id='word_1_63' title='bbox 751 1109 841 1165; x_wconf 86' lang='grc' dir='ltr'><strong>καὶ</strong></span> <span class='ocrx_word' id='word_1_64' title='bbox 896 1110 932 1178; x_wconf 80' lang='grc' dir='ltr'>ἡ</span> <span class='ocrx_word' id='word_1_65' title='bbox 960 1104 1313 1181; x_wconf 81' lang='grc' dir='ltr'>ἀναγὲννησις</span> <span class='ocrx_word' id='word_1_66' title='bbox 1346 1106 1445 1157; x_wconf 89' lang='lat'><strong>105</strong></span> <span class='ocrx_word' id='word_1_67' title='bbox 1478 1100 1789 1177; x_wconf 83' lang='grc' dir='ltr'>ἀνθρώπου.</span> <span class='ocrx_word' id='word_1_68' title='bbox 1824 1096 1950 1187; x_wconf 40' lang='grc' dir='ltr'><strong>Δδιὰ</strong></span> 
     </span>
    </p>
   </div>
   <div class='ocr_carea' id='block_1_12' title="bbox 283 1182 1947 1277">
    <p class='ocr_par' dir='ltr' id='par_1_12' title="bbox 283 1182 1947 1277">
     <span class='ocr_line' id='line_1_12' title="bbox 283 1182 1947 1277; baseline -0.013 -15"><span class='ocrx_word' id='word_1_69' title='bbox 283 1182 447 1262; x_wconf 75' lang='grc' dir='ltr'>τοῦτο</span> <span class='ocrx_word' id='word_1_70' title='bbox 479 1206 514 1273; x_wconf 78' lang='grc' dir='ltr'><strong>ἡ</strong></span> <span class='ocrx_word' id='word_1_71' title='bbox 556 1198 726 1277; x_wconf 81' lang='grc' dir='ltr'><strong>ὀγδόη</strong></span> <span class='ocrx_word' id='word_1_72' title='bbox 759 1199 824 1254; x_wconf 91' lang='grc' dir='ltr'><strong>τὸ</strong></span> <span class='ocrx_word' id='word_1_73' title='bbox 857 1191 1135 1252; x_wconf 72' lang='grc' dir='ltr'>Σάϐϐατον</span> <span class='ocrx_word' id='word_1_74' title='bbox 1170 1189 1346 1260; x_wconf 78' lang='grc' dir='ltr'>ἔλυσε,</span> <span class='ocrx_word' id='word_1_75' title='bbox 1367 1190 1467 1277; x_wconf 64' lang='grc' dir='ltr'><strong>⁸καὶ</strong></span> <span class='ocrx_word' id='word_1_76' title='bbox 1526 1192 1587 1244; x_wconf 88' lang='grc' dir='ltr'><strong>ού</strong></span> <span class='ocrx_word' id='word_1_77' title='bbox 1636 1188 1699 1244; x_wconf 90' lang='grc' dir='ltr'><strong>τὸ</strong></span> <span class='ocrx_word' id='word_1_78' title='bbox 1731 1182 1947 1242; x_wconf 75' lang='grc' dir='ltr'>Σάϐϐα-</span> 
     </span>
    </p>
   </div>
   <div class='ocr_carea' id='block_1_13' title="bbox 286 1275 1946 1367">
    <p class='ocr_par' dir='ltr' id='par_1_13' title="bbox 286 1275 1946 1367">
     <span class='ocr_line' id='line_1_13' title="bbox 286 1275 1946 1367; baseline -0.013 -17"><span class='ocrx_word' id='word_1_79' title='bbox 286 1315 379 1350; x_wconf 88' lang='grc' dir='ltr'><strong>τον</strong></span> <span class='ocrx_word' id='word_1_80' title='bbox 438 1294 538 1361; x_wconf 85' lang='grc' dir='ltr'>τὴν</span> <span class='ocrx_word' id='word_1_81' title='bbox 604 1275 827 1367; x_wconf 82' lang='grc' dir='ltr'>ὀγδόην.</span> <span class='ocrx_word' id='word_1_82' title='bbox 883 1289 966 1341; x_wconf 87' lang='grc' dir='ltr'><strong>Ἐν</strong></span> <span class='ocrx_word' id='word_1_83' title='bbox 1006 1286 1097 1357; x_wconf 73' lang='grc' dir='ltr'><strong>μὲν</strong></span> <span class='ocrx_word' id='word_1_84' title='bbox 1134 1283 1237 1357; x_wconf 82' lang='grc' dir='ltr'>γὰρ</span> <span class='ocrx_word' id='word_1_85' title='bbox 1273 1275 1539 1352; x_wconf 72' lang='grc' dir='ltr'>Σαϐϐάτῳ</span> <span class='ocrx_word' id='word_1_86' title='bbox 1570 1276 1946 1352; x_wconf 74' lang='grc' dir='ltr'>περιετὲμνετο</span> 
     </span>
    </p>
   </div>
   <div class='ocr_carea' id='block_1_14' title="bbox 292 1367 1948 1459">
    <p class='ocr_par' dir='ltr' id='par_1_14' title="bbox 292 1367 1948 1459">
     <span class='ocr_line' id='line_1_14' title="bbox 292 1367 1948 1459; baseline -0.016 -20"><span class='ocrx_word' id='word_1_87' title='bbox 292 1384 320 1438; x_wconf 93' lang='grc' dir='ltr'><strong>ὀ</strong></span> <span class='ocrx_word' id='word_1_88' title='bbox 351 1385 658 1459; x_wconf 79' lang='grc' dir='ltr'>ἅνθρωπος·</span> <span class='ocrx_word' id='word_1_89' title='bbox 695 1378 748 1433; x_wconf 80' lang='grc' dir='ltr'><strong>ἐν</strong></span> <span class='ocrx_word' id='word_1_90' title='bbox 783 1375 842 1431; x_wconf 73' lang='grc' dir='ltr'>δὲ</span> <span class='ocrx_word' id='word_1_91' title='bbox 868 1379 947 1447; x_wconf 79' lang='grc' dir='ltr'>τῷ</span> <span class='ocrx_word' id='word_1_92' title='bbox 979 1367 1248 1443; x_wconf 71' lang='grc' dir='ltr'>Σαϐϐάτῳ</span> <span class='ocrx_word' id='word_1_93' title='bbox 1280 1369 1379 1423; x_wconf 86' lang='grc' dir='ltr'><strong>ούκ</strong></span> <span class='ocrx_word' id='word_1_94' title='bbox 1406 1367 1567 1459; x_wconf 76' lang='grc' dir='ltr'>ἥργει</span> <span class='ocrx_word' id='word_1_95' title='bbox 1596 1369 1948 1459; x_wconf 37' lang='grc' dir='ltr'>ἡ.(19)περι-</span> 
     </span>
    </p>
   </div>
   <div class='ocr_carea' id='block_1_15' title="bbox 287 1454 1949 1547">
    <p class='ocr_par' dir='ltr' id='par_1_15' title="bbox 287 1454 1949 1547">
     <span class='ocr_line' id='line_1_15' title="bbox 287 1454 1949 1547; baseline -0.013 -19"><span class='ocrx_word' id='word_1_96' title='bbox 287 1454 465 1547; x_wconf 55' lang='grc' dir='ltr'>τομήξ</span> <span class='ocrx_word' id='word_1_97' title='bbox 531 1471 596 1528; x_wconf 87' lang='grc' dir='ltr'><strong>Ἦ</strong></span> <span class='ocrx_word' id='word_1_98' title='bbox 627 1469 732 1543; x_wconf 80' lang='grc' dir='ltr'>γὰρ</span> <span class='ocrx_word' id='word_1_99' title='bbox 769 1462 965 1540; x_wconf 80' lang='grc' dir='ltr'>ὀγδόη,</span> <span class='ocrx_word' id='word_1_100' title='bbox 999 1462 1149 1537; x_wconf 77' lang='grc' dir='ltr'>ἁρχὴ</span> <span class='ocrx_word' id='word_1_101' title='bbox 1183 1459 1315 1513; x_wconf 75' lang='grc' dir='ltr'>οὖσα</span> <span class='ocrx_word' id='word_1_102' title='bbox 1343 1459 1441 1527; x_wconf 75' lang='grc' dir='ltr'>τῆς</span> <span class='ocrx_word' id='word_1_103' title='bbox 1477 1454 1823 1529; x_wconf 80' lang='grc' dir='ltr'>ἁνακτίσεως,</span> <span class='ocrx_word' id='word_1_104' title='bbox 1852 1475 1949 1509; x_wconf 85' lang='grc' dir='ltr'>κα-</span> 
     </span>
    </p>
   </div>
   <div class='ocr_carea' id='block_1_16' title="bbox 289 1554 933 1632">
    <p class='ocr_par' dir='ltr' id='par_1_16' title="bbox 289 1554 933 1632">
     <span class='ocr_line' id='line_1_16' title="bbox 289 1554 933 1632; baseline -0.014 -15"><span class='ocrx_word' id='word_1_105' title='bbox 289 1561 523 1617; x_wconf 68' lang='grc' dir='ltr'>τέπαυσε</span> <span class='ocrx_word' id='word_1_106' title='bbox 549 1559 648 1626; x_wconf 76' lang='grc' dir='ltr'>τὴν</span> <span class='ocrx_word' id='word_1_107' title='bbox 680 1554 909 1632; x_wconf 86' lang='grc' dir='ltr'>πρώτην</span> <span class='ocrx_word' id='word_1_108' title='bbox 921 1595 933 1609; x_wconf 93' lang='grc'><strong>.</strong></span> 
     </span>
    </p>
   </div>
   <div class='ocr_carea' id='block_1_17' title="bbox 362 1628 1950 1723">
    <p class='ocr_par' dir='ltr' id='par_1_17' title="bbox 362 1628 1950 1723">
     <span class='ocr_line' id='line_1_17' title="bbox 362 1628 1950 1723; baseline -0.021 -16"><span class='ocrx_word' id='word_1_109' title='bbox 362 1653 419 1707; x_wconf 88' lang='grc'><strong>6.</strong></span> <span class='ocrx_word' id='word_1_110' title='bbox 449 1628 809 1723; x_wconf 71' lang='grc' dir='ltr'>Ἠγοῦμαιδὶ</span> <span class='ocrx_word' id='word_1_111' title='bbox 840 1641 930 1696; x_wconf 79' lang='grc' dir='ltr'><strong>καὶ</strong></span> <span class='ocrx_word' id='word_1_112' title='bbox 964 1638 1053 1695; x_wconf 76' lang='grc' dir='ltr'>διὰ</span> <span class='ocrx_word' id='word_1_113' title='bbox 1081 1642 1245 1694; x_wconf 75' lang='grc' dir='ltr'>τοῦτο</span> <span class='ocrx_word' id='word_1_114' title='bbox 1274 1637 1373 1703; x_wconf 80' lang='grc' dir='ltr'>τήν</span> <span class='ocrx_word' id='word_1_115' title='bbox 1434 1634 1736 1711; x_wconf 78' lang='grc' dir='ltr'>περιτομὴν</span> <span class='ocrx_word' id='word_1_116' title='bbox 1798 1628 1950 1723; x_wconf 49' lang='grc' dir='ltr'>δεδᾷ-</span> 
     </span>
    </p>
   </div>
   <div class='ocr_carea' id='block_1_18' title="bbox 294 1720 1948 1809">
    <p class='ocr_par' dir='ltr' id='par_1_18' title="bbox 294 1720 1948 1809">
     <span class='ocr_line' id='line_1_18' title="bbox 294 1720 1948 1809; baseline -0.011 -15"><span class='ocrx_word' id='word_1_117' title='bbox 294 1750 435 1805; x_wconf 84' lang='grc' dir='ltr'>σθαι.</span> <span class='ocrx_word' id='word_1_118' title='bbox 501 1720 607 1791; x_wconf 66' lang='grc' dir='ltr'><strong>Τοῦ</strong></span> <span class='ocrx_word' id='word_1_119' title='bbox 668 1734 772 1809; x_wconf 81' lang='grc' dir='ltr'><strong>γὰρ</strong></span> <span class='ocrx_word' id='word_1_120' title='bbox 832 1727 1008 1803; x_wconf 77' lang='grc' dir='ltr'>Ἀδὰμ</span> <span class='ocrx_word' id='word_1_121' title='bbox 1064 1726 1466 1786; x_wconf 80' lang='grc' dir='ltr'>ἁκούσαντος.‹‹</span> <span class='ocrx_word' id='word_1_122' title='bbox 1498 1729 1573 1792; x_wconf 85' lang='grc' dir='ltr'><strong>Γῆ</strong></span> <span class='ocrx_word' id='word_1_123' title='bbox 1612 1724 1679 1793; x_wconf 84' lang='grc' dir='ltr'>εἴ,</span> <span class='ocrx_word' id='word_1_124' title='bbox 1736 1721 1825 1776; x_wconf 86' lang='grc' dir='ltr'><strong>καὶ</strong></span> <span class='ocrx_word' id='word_1_125' title='bbox 1873 1720 1948 1781; x_wconf 80' lang='grc' dir='ltr'>εἷς</span> 
     </span>
    </p>
   </div>
   <div class='ocr_carea' id='block_1_19' title="bbox 292 1811 1948 1905">
    <p class='ocr_par' dir='ltr' id='par_1_19' title="bbox 292 1811 1948 1905">
     <span class='ocr_line' id='line_1_19' title="bbox 292 1811 1948 1905; baseline 0.008 -24"><span class='ocrx_word' id='word_1_126' title='bbox 292 1835 398 1905; x_wconf 83' lang='grc' dir='ltr'>γῆν</span> <span class='ocrx_word' id='word_1_127' title='bbox 454 1822 746 1897; x_wconf 78' lang='grc' dir='ltr'>ἀπελεύσῃ,</span> <span class='ocrx_word' id='word_1_128' title='bbox 797 1844 827 1873; x_wconf 88' lang='grc'>››</span> <span class='ocrx_word' id='word_1_129' title='bbox 887 1815 1131 1889; x_wconf 76' lang='grc' dir='ltr'>ἔθνησκε,</span> <span class='ocrx_word' id='word_1_130' title='bbox 1190 1814 1280 1905; x_wconf 76' lang='grc' dir='ltr'><strong>καὶ</strong></span> <span class='ocrx_word' id='word_1_131' title='bbox 1321 1811 1646 1905; x_wconf 73' lang='grc' dir='ltr'>διεφθείρετο</span> <span class='ocrx_word' id='word_1_132' title='bbox 1677 1812 1739 1905; x_wconf 68' lang='grc' dir='ltr'><strong>εδ</strong></span> <span class='ocrx_word' id='word_1_133' title='bbox 1770 1814 1948 1905; x_wconf 64' lang='grc' dir='ltr'><strong>σίῖξμον</strong></span> 
     </span>
    </p>
   </div>
   <div class='ocr_carea' id='block_1_20' title="bbox 294 1897 1948 1991">
    <p class='ocr_par' dir='ltr' id='par_1_20' title="bbox 294 1897 1948 1991">
     <span class='ocr_line' id='line_1_20' title="bbox 294 1897 1948 1991; baseline -0.01 -18"><span class='ocrx_word' id='word_1_134' title='bbox 294 1897 414 1981; x_wconf 74' lang='grc' dir='ltr'>δθεν</span> <span class='ocrx_word' id='word_1_135' title='bbox 452 1914 613 1991; x_wconf 77' lang='grc' dir='ltr'>μέρος</span> <span class='ocrx_word' id='word_1_136' title='bbox 644 1934 697 1967; x_wconf 89' lang='grc' dir='ltr'><strong>τι</strong></span> <span class='ocrx_word' id='word_1_137' title='bbox 726 1913 824 1966; x_wconf 90' lang='lat'><strong>105</strong></span> <span class='ocrx_word' id='word_1_138' title='bbox 857 1910 1133 1981; x_wconf 85' lang='grc' dir='ltr'>σώματος,</span> <span class='ocrx_word' id='word_1_139' title='bbox 1185 1904 1273 1960; x_wconf 85' lang='grc' dir='ltr'><strong>καὶ</strong></span> <span class='ocrx_word' id='word_1_140' title='bbox 1302 1907 1463 1958; x_wconf 79' lang='grc' dir='ltr'>τοῦτο</span> <span class='ocrx_word' id='word_1_141' title='bbox 1496 1904 1605 1976; x_wconf 85' lang='grc'>(20)</span> <span class='ocrx_word' id='word_1_142' title='bbox 1662 1901 1725 1956; x_wconf 91' lang='grc' dir='ltr'><strong>τὸ</strong></span> <span class='ocrx_word' id='word_1_143' title='bbox 1776 1897 1948 1956; x_wconf 66' lang='grc' dir='ltr'>αἴτιον</span> 
     </span>
    </p>
   </div>
   <div class='ocr_carea' id='block_1_21' title="bbox 290 1990 1950 2076">
    <p class='ocr_par' dir='ltr' id='par_1_21' title="bbox 290 1990 1950 2076">
     <span class='ocr_line' id='line_1_21' title="bbox 290 1990 1950 2076; baseline -0.011 -15"><span class='ocrx_word' id='word_1_144' title='bbox 290 2008 391 2076; x_wconf 77' lang='grc' dir='ltr'>τῆς</span> <span class='ocrx_word' id='word_1_145' title='bbox 448 1990 547 2059; x_wconf 87' lang='lat'><strong>105</strong></span> <span class='ocrx_word' id='word_1_146' title='bbox 618 2001 871 2074; x_wconf 86' lang='grc' dir='ltr'>σώματος</span> <span class='ocrx_word' id='word_1_147' title='bbox 937 1994 1197 2071; x_wconf 81' lang='grc' dir='ltr'>γενὲσεως</span> <span class='ocrx_word' id='word_1_148' title='bbox 1276 1992 1723 2068; x_wconf 86' lang='grc' dir='ltr'>προσετάχθησαν</span> <span class='ocrx_word' id='word_1_149' title='bbox 1778 1990 1950 2045; x_wconf 80' lang='grc' dir='ltr'>ἐκτιν-</span> 
     </span>
    </p>
   </div>
   <div class='ocr_carea' id='block_1_22' title="bbox 293 2076 1950 2165">
    <p class='ocr_par' dir='ltr' id='par_1_22' title="bbox 293 2076 1950 2165">
     <span class='ocr_line' id='line_1_22' title="bbox 293 2076 1950 2165; baseline -0.01 -16"><span class='ocrx_word' id='word_1_150' title='bbox 293 2094 463 2165; x_wconf 83' lang='grc' dir='ltr'>νύειν,</span> <span class='ocrx_word' id='word_1_151' title='bbox 521 2085 1013 2164; x_wconf 86' lang='grc' dir='ltr'>προδιδασκόμενοι</span> <span class='ocrx_word' id='word_1_152' title='bbox 1054 2084 1153 2151; x_wconf 79' lang='grc' dir='ltr'>τὴν</span> <span class='ocrx_word' id='word_1_153' title='bbox 1215 2085 1311 2135; x_wconf 91' lang='lat'><strong>105</strong></span> <span class='ocrx_word' id='word_1_154' title='bbox 1351 2078 1484 2135; x_wconf 78' lang='grc' dir='ltr'>ὅλου</span> <span class='ocrx_word' id='word_1_155' title='bbox 1514 2077 1824 2145; x_wconf 79' lang='grc' dir='ltr'>ἀπέκδυσιν,</span> <span class='ocrx_word' id='word_1_156' title='bbox 1855 2076 1950 2147; x_wconf 61' lang='grc' dir='ltr'><strong>εἐν’,</strong></span> 
     </span>
    </p>
   </div>
   <div class='ocr_carea' id='block_1_23' title="bbox 295 2165 1952 2257">
    <p class='ocr_par' dir='ltr' id='par_1_23' title="bbox 295 2165 1952 2257">
     <span class='ocr_line' id='line_1_23' title="bbox 295 2165 1952 2257; baseline -0.011 -19"><span class='ocrx_word' id='word_1_157' title='bbox 295 2179 477 2257; x_wconf 82' lang='grc' dir='ltr'>ὣσπερ</span> <span class='ocrx_word' id='word_1_158' title='bbox 511 2175 858 2237; x_wconf 81' lang='grc' dir='ltr'><strong>ἀποδιδόντες</strong></span> <span class='ocrx_word' id='word_1_159' title='bbox 888 2195 949 2250; x_wconf 73' lang='grc' dir='ltr'><strong>το</strong></span> <span class='ocrx_word' id='word_1_160' title='bbox 1006 2170 1345 2246; x_wconf 74' lang='grc' dir='ltr'>κατακριθὲν,</span> <span class='ocrx_word' id='word_1_161' title='bbox 1395 2165 1725 2238; x_wconf 81' lang='grc' dir='ltr'>διασωθῆναι</span> <span class='ocrx_word' id='word_1_162' title='bbox 1786 2165 1952 2237; x_wconf 86' lang='grc' dir='ltr'>δυνη-</span> 
     </span>
    </p>
   </div>
   <div class='ocr_carea' id='block_1_24' title="bbox 295 2257 1950 2342">
    <p class='ocr_par' dir='ltr' id='par_1_24' title="bbox 295 2257 1950 2342">
     <span class='ocr_line' id='line_1_24' title="bbox 295 2257 1950 2342; baseline -0.009 -16"><span class='ocrx_word' id='word_1_163' title='bbox 295 2277 452 2335; x_wconf 79' lang='grc' dir='ltr'>θῶσι.</span> <span class='ocrx_word' id='word_1_164' title='bbox 486 2268 584 2324; x_wconf 84' lang='grc' dir='ltr'>Καὶ</span> <span class='ocrx_word' id='word_1_165' title='bbox 619 2286 801 2342; x_wconf 89' lang='grc' dir='ltr'>ωσπερ</span> <span class='ocrx_word' id='word_1_166' title='bbox 828 2266 883 2319; x_wconf 80' lang='grc' dir='ltr'>αἱ</span> <span class='ocrx_word' id='word_1_167' title='bbox 913 2262 1089 2326; x_wconf 83' lang='grc' dir='ltr'>θυσίαι</span> <span class='ocrx_word' id='word_1_168' title='bbox 1118 2260 1263 2314; x_wconf 89' lang='grc' dir='ltr'>σκιαὶ</span> <span class='ocrx_word' id='word_1_169' title='bbox 1292 2259 1426 2328; x_wconf 77' lang='grc' dir='ltr'>ἦσαν</span> <span class='ocrx_word' id='word_1_170' title='bbox 1460 2263 1567 2312; x_wconf 82' lang='grc' dir='ltr'><strong>τῶν</strong></span> <span class='ocrx_word' id='word_1_171' title='bbox 1609 2257 1950 2332; x_wconf 80' lang='grc' dir='ltr'><strong>μελλόντων,</strong></span> 
     </span>
    </p>
   </div>
   <div class='ocr_carea' id='block_1_25' title="bbox 294 2346 1947 2427">
    <p class='ocr_par' dir='ltr' id='par_1_25' title="bbox 294 2346 1947 2427">
     <span class='ocr_line' id='line_1_25' title="bbox 294 2346 1947 2427; baseline -0.007 -13"><span class='ocrx_word' id='word_1_172' title='bbox 294 2360 469 2421; x_wconf 76' lang='grc' dir='ltr'>οὕτως</span> <span class='ocrx_word' id='word_1_173' title='bbox 514 2357 605 2412; x_wconf 84' lang='grc' dir='ltr'><strong>καὶ</strong></span> <span class='ocrx_word' id='word_1_174' title='bbox 634 2359 671 2426; x_wconf 80' lang='grc' dir='ltr'><strong>ἡ</strong></span> <span class='ocrx_word' id='word_1_175' title='bbox 716 2354 775 2410; x_wconf 77' lang='grc' dir='ltr'>ἐκ</span> <span class='ocrx_word' id='word_1_176' title='bbox 808 2352 1002 2427; x_wconf 74' lang='grc' dir='ltr'>μέρους</span> <span class='ocrx_word' id='word_1_177' title='bbox 1033 2349 1307 2426; x_wconf 85' lang='grc' dir='ltr'>περιτομὴ</span> <span class='ocrx_word' id='word_1_178' title='bbox 1362 2352 1460 2402; x_wconf 88' lang='lat'><strong>105</strong></span> <span class='ocrx_word' id='word_1_179' title='bbox 1491 2346 1627 2403; x_wconf 78' lang='grc' dir='ltr'>ὅλου</span> <span class='ocrx_word' id='word_1_180' title='bbox 1670 2351 1733 2417; x_wconf 71' lang='grc' dir='ltr'>ἦν</span> <span class='ocrx_word' id='word_1_181' title='bbox 1806 2346 1947 2404; x_wconf 84' lang='grc' dir='ltr'>σκιά.</span> 
     </span>
    </p>
   </div>
   <div class='ocr_carea' id='block_1_26' title="bbox 297 2438 1949 2515">
    <p class='ocr_par' dir='ltr' id='par_1_26' title="bbox 297 2438 1949 2515">
     <span class='ocr_line' id='line_1_26' title="bbox 297 2438 1949 2515; baseline -0.008 -11"><span class='ocrx_word' id='word_1_182' title='bbox 297 2452 468 2503; x_wconf 75' lang='grc' dir='ltr'>Τοῦτο</span> <span class='ocrx_word' id='word_1_183' title='bbox 503 2444 560 2502; x_wconf 72' lang='grc' dir='ltr'>δὲ</span> <span class='ocrx_word' id='word_1_184' title='bbox 586 2444 677 2501; x_wconf 82' lang='grc' dir='ltr'><strong>καὶ</strong></span> <span class='ocrx_word' id='word_1_185' title='bbox 709 2444 760 2499; x_wconf 78' lang='grc' dir='ltr'>ὲν</span> <span class='ocrx_word' id='word_1_186' title='bbox 789 2446 869 2514; x_wconf 78' lang='grc' dir='ltr'>τῷ</span> <span class='ocrx_word' id='word_1_187' title='bbox 899 2443 1077 2511; x_wconf 87' lang='grc' dir='ltr'>Ἰησοῦ</span> <span class='ocrx_word' id='word_1_188' title='bbox 1105 2442 1186 2510; x_wconf 80' lang='grc' dir='ltr'>τῷ</span> <span class='ocrx_word' id='word_1_189' title='bbox 1212 2441 1309 2492; x_wconf 90' lang='lat'><strong>105</strong></span> <span class='ocrx_word' id='word_1_190' title='bbox 1340 2443 1487 2506; x_wconf 82' lang='grc' dir='ltr'>Ναυῆ</span> <span class='ocrx_word' id='word_1_191' title='bbox 1531 2438 1646 2511; x_wconf 89' lang='grc'><strong>(21)</strong></span> <span class='ocrx_word' id='word_1_192' title='bbox 1706 2440 1949 2515; x_wconf 77' lang='grc' dir='ltr'>φανερῶς</span> 
     </span>
    </p>
   </div>
   <div class='ocr_carea' id='block_1_27' title="bbox 302 2525 1951 2611">
    <p class='ocr_par' dir='ltr' id='par_1_27' title="bbox 302 2525 1951 2611">
     <span class='ocr_line' id='line_1_27' title="bbox 302 2525 1951 2611; baseline -0.007 -19"><span class='ocrx_word' id='word_1_193' title='bbox 302 2536 330 2592; x_wconf 90' lang='grc' dir='ltr'><strong>ὀ</strong></span> <span class='ocrx_word' id='word_1_194' title='bbox 364 2536 531 2611; x_wconf 81' lang='grc' dir='ltr'>λόγος</span> <span class='ocrx_word' id='word_1_195' title='bbox 564 2532 838 2605; x_wconf 76' lang='grc' dir='ltr'>σημαίνειο</span> <span class='ocrx_word' id='word_1_196' title='bbox 870 2533 968 2585; x_wconf 91' lang='lat'><strong>105</strong></span> <span class='ocrx_word' id='word_1_197' title='bbox 995 2528 1095 2605; x_wconf 78' lang='grc' dir='ltr'>γὰρ</span> <span class='ocrx_word' id='word_1_198' title='bbox 1136 2528 1316 2597; x_wconf 87' lang='grc' dir='ltr'><strong>Ἰησοῦ</strong></span> <span class='ocrx_word' id='word_1_199' title='bbox 1345 2527 1481 2581; x_wconf 83' lang='grc' dir='ltr'>κατά</span> <span class='ocrx_word' id='word_1_200' title='bbox 1509 2525 1795 2601; x_wconf 80' lang='grc' dir='ltr'>πρόσταξιν</span> <span class='ocrx_word' id='word_1_201' title='bbox 1854 2529 1951 2581; x_wconf 90' lang='lat'><strong>105</strong></span> 
     </span>
    </p>
   </div>
   <div class='ocr_carea' id='block_1_28' title="bbox 303 2612 1951 2699">
    <p class='ocr_par' dir='ltr' id='par_1_28' title="bbox 303 2612 1951 2699">
     <span class='ocr_line' id='line_1_28' title="bbox 303 2612 1951 2699; baseline -0.008 -16"><span class='ocrx_word' id='word_1_202' title='bbox 303 2628 440 2683; x_wconf 75' lang='grc' dir='ltr'>Θεοῦ</span> <span class='ocrx_word' id='word_1_203' title='bbox 494 2620 911 2699; x_wconf 65' lang='grc' dir='ltr'>περιτέμνοντος</span> <span class='ocrx_word' id='word_1_204' title='bbox 966 2617 1057 2671; x_wconf 88' lang='grc' dir='ltr'><strong>τὸν</strong></span> <span class='ocrx_word' id='word_1_205' title='bbox 1116 2613 1247 2669; x_wconf 85' lang='grc' dir='ltr'>λαὸν</span> <span class='ocrx_word' id='word_1_206' title='bbox 1308 2613 1359 2669; x_wconf 79' lang='grc' dir='ltr'>ἐν</span> <span class='ocrx_word' id='word_1_207' title='bbox 1420 2612 1727 2688; x_wconf 83' lang='grc' dir='ltr'>Γαλγάλοις</span> <span class='ocrx_word' id='word_1_208' title='bbox 1786 2614 1951 2689; x_wconf 80' lang='grc' dir='ltr'>πὲραν</span> 
     </span>
    </p>
   </div>
   <div class='ocr_carea' id='block_1_29' title="bbox 300 2703 1951 2786">
    <p class='ocr_par' dir='ltr' id='par_1_29' title="bbox 300 2703 1951 2786">
     <span class='ocr_line' id='line_1_29' title="bbox 300 2703 1951 2786; baseline -0.021 -16"><span class='ocrx_word' id='word_1_209' title='bbox 300 2718 399 2770; x_wconf 90' lang='lat'><strong>105</strong></span> <span class='ocrx_word' id='word_1_210' title='bbox 459 2708 755 2786; x_wconf 82' lang='grc' dir='ltr'>Ἰορδάνου,</span> <span class='ocrx_word' id='word_1_211' title='bbox 816 2708 931 2762; x_wconf 79' lang='grc' dir='ltr'>εἷπε</span> <span class='ocrx_word' id='word_1_212' title='bbox 992 2703 1187 2777; x_wconf 82' lang='grc' dir='ltr'>Κύριος</span> <span class='ocrx_word' id='word_1_213' title='bbox 1251 2706 1331 2773; x_wconf 80' lang='grc' dir='ltr'>τῷ</span> <span class='ocrx_word' id='word_1_214' title='bbox 1389 2704 1571 2772; x_wconf 84' lang='grc' dir='ltr'>Ἰησοῦ</span> <span class='ocrx_word' id='word_1_215' title='bbox 1629 2704 1730 2774; x_wconf 76' lang='grc' dir='ltr'>υἱῷ</span> <span class='ocrx_word' id='word_1_216' title='bbox 1782 2706 1951 2775; x_wconf 65' lang='grc' dir='ltr'>Ναυῆ.</span> 
     </span>
    </p>
   </div>
   <div class='ocr_carea' id='block_1_30' title="bbox 303 2788 1954 2873">
    <p class='ocr_par' dir='ltr' id='par_1_30' title="bbox 303 2788 1954 2873">
     <span class='ocr_line' id='line_1_30' title="bbox 303 2788 1954 2873; baseline -0.007 -17"><span class='ocrx_word' id='word_1_217' title='bbox 303 2825 332 2856; x_wconf 86' lang='grc'>‹‹</span> <span class='ocrx_word' id='word_1_218' title='bbox 393 2803 476 2856; x_wconf 89' lang='grc' dir='ltr'><strong>Ἐν</strong></span> <span class='ocrx_word' id='word_1_219' title='bbox 508 2799 578 2873; x_wconf 69' lang='grc' dir='ltr'>τῇ</span> <span class='ocrx_word' id='word_1_220' title='bbox 630 2800 869 2871; x_wconf 79' lang='grc' dir='ltr'>σήμερον</span> <span class='ocrx_word' id='word_1_221' title='bbox 911 2794 1024 2867; x_wconf 84' lang='grc'>(22)</span> <span class='ocrx_word' id='word_1_222' title='bbox 1054 2790 1236 2868; x_wconf 71' lang='grc' dir='ltr'>ἡμέρᾳ</span> <span class='ocrx_word' id='word_1_223' title='bbox 1265 2788 1487 2868; x_wconf 75' lang='grc' dir='ltr'>ἀφεῖλον</span> <span class='ocrx_word' id='word_1_224' title='bbox 1521 2790 1612 2845; x_wconf 90' lang='grc' dir='ltr'><strong>τὸν</strong></span> <span class='ocrx_word' id='word_1_225' title='bbox 1648 2788 1954 2864; x_wconf 81' lang='grc' dir='ltr'>ὀνειδισμὸν</span> 
     </span>
    </p>
   </div>
   <div class='ocr_carea' id='block_1_31' title="bbox 301 2878 1961 2965">
    <p class='ocr_par' dir='ltr' id='par_1_31' title="bbox 301 2878 1961 2965">
     <span class='ocr_line' id='line_1_31' title="bbox 301 2878 1961 2965; baseline -0.008 -19"><span class='ocrx_word' id='word_1_226' title='bbox 301 2888 587 2965; x_wconf 74' lang='grc' dir='ltr'>Αἰγύπτου</span> <span class='ocrx_word' id='word_1_227' title='bbox 646 2886 736 2963; x_wconf 79' lang='grc' dir='ltr'><strong>ἀφ’</strong></span> <span class='ocrx_word' id='word_1_228' title='bbox 792 2884 968 2957; x_wconf 83' lang='grc' dir='ltr'>ὑμῶν.</span> <span class='ocrx_word' id='word_1_229' title='bbox 1028 2880 1128 2935; x_wconf 86' lang='grc' dir='ltr'>Καὶ</span> <span class='ocrx_word' id='word_1_230' title='bbox 1205 2879 1452 2954; x_wconf 75' lang='grc' dir='ltr'>ἒκάλεσα,</span> <span class='ocrx_word' id='word_1_231' title='bbox 1539 2879 1725 2957; x_wconf 84' lang='grc' dir='ltr'>φησὶν,</span> <span class='ocrx_word' id='word_1_232' title='bbox 1785 2878 1961 2953; x_wconf 76' lang='grc' dir='ltr'>ὄνομα</span> 
     </span>
    </p>
   </div>
   <div class='ocr_carea' id='block_1_32' title="bbox 298 2967 1956 3045">
    <p class='ocr_par' dir='ltr' id='par_1_32' title="bbox 298 2967 1956 3045">
     <span class='ocr_line' id='line_1_32' title="bbox 298 2967 1956 3045; baseline -0.007 -11"><span class='ocrx_word' id='word_1_233' title='bbox 298 2983 396 3034; x_wconf 88' lang='lat'><strong>105</strong></span> <span class='ocrx_word' id='word_1_234' title='bbox 452 2976 626 3033; x_wconf 91' lang='grc' dir='ltr'>τόπου</span> <span class='ocrx_word' id='word_1_235' title='bbox 685 2972 889 3029; x_wconf 79' lang='grc' dir='ltr'>ἐκείνου</span> <span class='ocrx_word' id='word_1_236' title='bbox 942 2967 1219 3045; x_wconf 85' lang='grc' dir='ltr'>Γάλγαλα.</span> <span class='ocrx_word' id='word_1_237' title='bbox 1268 2993 1299 3021; x_wconf 90' lang='grc'><strong>››</strong></span> <span class='ocrx_word' id='word_1_238' title='bbox 1356 2968 1421 3024; x_wconf 77' lang='grc' dir='ltr'><strong>Εἰ</strong></span> <span class='ocrx_word' id='word_1_239' title='bbox 1452 2968 1555 3044; x_wconf 81' lang='grc' dir='ltr'>γὰρ</span> <span class='ocrx_word' id='word_1_240' title='bbox 1590 2971 1624 3039; x_wconf 85' lang='grc' dir='ltr'>ἡ</span> <span class='ocrx_word' id='word_1_241' title='bbox 1683 2971 1956 3045; x_wconf 87' lang='grc' dir='ltr'>περιτομή</span> 
     </span>
    </p>
   </div>
   <div class='ocr_carea' id='block_1_33' title="bbox 303 3055 1958 3147">
    <p class='ocr_par' dir='ltr' id='par_1_33' title="bbox 303 3055 1958 3147">
     <span class='ocr_line' id='line_1_33' title="bbox 303 3055 1958 3147; baseline -0.006 -25"><span class='ocrx_word' id='word_1_242' title='bbox 303 3065 578 3147; x_wconf 76' lang='grc' dir='ltr'>ἁφαίρεσίς</span> <span class='ocrx_word' id='word_1_243' title='bbox 632 3062 744 3118; x_wconf 82' lang='grc' dir='ltr'>ἐστι</span> <span class='ocrx_word' id='word_1_244' title='bbox 797 3067 899 3130; x_wconf 85' lang='grc' dir='ltr'>τῆς</span> <span class='ocrx_word' id='word_1_245' title='bbox 946 3058 999 3112; x_wconf 79' lang='grc' dir='ltr'><strong>ἐν</strong></span> <span class='ocrx_word' id='word_1_246' title='bbox 1050 3056 1646 3147; x_wconf 23' lang='grc' dir='ltr'>ΑῗγύπτῳΑγενὲσεως,</span> <span class='ocrx_word' id='word_1_247' title='bbox 1697 3055 1958 3147; x_wconf 80' lang='grc' dir='ltr'>δηλονότι</span> 
     </span>
    </p>
   </div>
   <div class='ocr_carea' id='block_1_34' title="bbox 300 3144 1957 3229">
    <p class='ocr_par' dir='ltr' id='par_1_34' title="bbox 300 3144 1957 3229">
     <span class='ocr_line' id='line_1_34' title="bbox 300 3144 1957 3229; baseline -0.007 -18"><span class='ocrx_word' id='word_1_248' title='bbox 300 3144 361 3227; x_wconf 52' lang='grc' dir='ltr'>ἢ</span> <span class='ocrx_word' id='word_1_249' title='bbox 398 3149 745 3229; x_wconf 75' lang='grc' dir='ltr'><strong>ἀκροϐυστία⁷</strong></span> <span class='ocrx_word' id='word_1_250' title='bbox 806 3149 1179 3226; x_wconf 81' lang='grc' dir='ltr'>Αἰγυπτιακῆς</span> <span class='ocrx_word' id='word_1_251' title='bbox 1256 3144 1495 3220; x_wconf 74' lang='grc' dir='ltr'>σχέσεως</span> <span class='ocrx_word' id='word_1_252' title='bbox 1552 3145 1641 3199; x_wconf 85' lang='grc' dir='ltr'><strong>καὶ</strong></span> <span class='ocrx_word' id='word_1_253' title='bbox 1699 3144 1957 3221; x_wconf 72' lang='grc' dir='ltr'>γενέσεως</span> 
     </span>
    </p>
   </div>
   <div class='ocr_carea' id='block_1_35' title="bbox 301 3232 1955 3322">
    <p class='ocr_par' dir='ltr' id='par_1_35' title="bbox 301 3232 1955 3322">
     <span class='ocr_line' id='line_1_35' title="bbox 301 3232 1955 3322; baseline -0.007 -21"><span class='ocrx_word' id='word_1_254' title='bbox 301 3241 592 3322; x_wconf 85' lang='grc' dir='ltr'>γνώρισμά</span> <span class='ocrx_word' id='word_1_255' title='bbox 645 3241 777 3297; x_wconf 76' lang='grc' dir='ltr'>ἐστι.</span> <span class='ocrx_word' id='word_1_256' title='bbox 835 3242 1013 3296; x_wconf 75' lang='grc' dir='ltr'>Τοῦτο</span> <span class='ocrx_word' id='word_1_257' title='bbox 1063 3234 1121 3290; x_wconf 71' lang='grc' dir='ltr'>δὲ</span> <span class='ocrx_word' id='word_1_258' title='bbox 1150 3233 1365 3313; x_wconf 75' lang='grc' dir='ltr'>ἀφεῖλεν</span> <span class='ocrx_word' id='word_1_259' title='bbox 1400 3233 1427 3288; x_wconf 92' lang='grc' dir='ltr'><strong>ὀ</strong></span> <span class='ocrx_word' id='word_1_260' title='bbox 1459 3234 1611 3305; x_wconf 88' lang='grc' dir='ltr'>Θεὸς,</span> <span class='ocrx_word' id='word_1_261' title='bbox 1636 3232 1729 3289; x_wconf 58' lang='grc' dir='ltr'><strong>τίνα</strong></span> <span class='ocrx_word' id='word_1_262' title='bbox 1763 3234 1955 3307; x_wconf 70' lang='grc' dir='ltr'>μηκέτι</span> 
     </span>
    </p>
   </div>
   <div class='ocr_carea' id='block_1_36' title="bbox 2059 659 3709 731">
    <p class='ocr_par' dir='ltr' id='par_1_36' title="bbox 2059 659 3709 731">
     <span class='ocr_line' id='line_1_36' title="bbox 2059 659 3709 731; baseline 0.007 -21"><span class='ocrx_word' id='word_1_263' title='bbox 2059 672 2126 710; x_wconf 84' lang='lat' dir='ltr'><strong>ex</strong></span> <span class='ocrx_word' id='word_1_264' title='bbox 2158 661 2319 727; x_wconf 88' lang='lat' dir='ltr'><strong>parte</strong></span> <span class='ocrx_word' id='word_1_265' title='bbox 2348 662 2438 714; x_wconf 90' lang='lat' dir='ltr'><strong>est</strong></span> <span class='ocrx_word' id='word_1_266' title='bbox 2466 659 2836 731; x_wconf 80' lang='lat' dir='ltr'><strong>signiﬁcatio.</strong></span> <span class='ocrx_word' id='word_1_267' title='bbox 2863 662 2930 716; x_wconf 89' lang='lat' dir='ltr'><strong>Et</strong></span> <span class='ocrx_word' id='word_1_268' title='bbox 2963 663 3117 718; x_wconf 83' lang='lat' dir='ltr'><strong>sicut</strong></span> <span class='ocrx_word' id='word_1_269' title='bbox 3145 665 3444 723; x_wconf 90' lang='lat' dir='ltr'><strong>Dominica</strong></span> <span class='ocrx_word' id='word_1_270' title='bbox 3471 666 3709 722; x_wconf 89' lang='lat' dir='ltr'><strong>initium</strong></span> 
     </span>
    </p>
   </div>
   <div class='ocr_carea' id='block_1_37' title="bbox 2058 747 3712 828">
    <p class='ocr_par' dir='ltr' id='par_1_37' title="bbox 2058 747 3712 828">
     <span class='ocr_line' id='line_1_37' title="bbox 2058 747 3712 828; baseline 0.008 -29"><span class='ocrx_word' id='word_1_271' title='bbox 2058 750 2148 800; x_wconf 91' lang='lat' dir='ltr'><strong>est</strong></span> <span class='ocrx_word' id='word_1_272' title='bbox 2178 747 2507 815; x_wconf 85' lang='lat' dir='ltr'><strong>creationis,</strong></span> <span class='ocrx_word' id='word_1_273' title='bbox 2536 756 2592 803; x_wconf 92' lang='lat' dir='ltr'><strong>et</strong></span> <span class='ocrx_word' id='word_1_274' title='bbox 2636 750 2874 805; x_wconf 86' lang='lat' dir='ltr'><strong>Sabbati</strong></span> <span class='ocrx_word' id='word_1_275' title='bbox 2914 751 3089 807; x_wconf 86' lang='lat' dir='ltr'><strong>ﬁnem</strong></span> <span class='ocrx_word' id='word_1_276' title='bbox 3122 754 3259 809; x_wconf 87' lang='lat' dir='ltr'><strong>facit</strong></span> <span class='ocrx_word' id='word_1_277' title='bbox 3294 772 3306 809; x_wconf 93' lang='lat'>:</span> <span class='ocrx_word' id='word_1_278' title='bbox 3339 756 3422 810; x_wconf 90' lang='lat' dir='ltr'><strong>sic</strong></span> <span class='ocrx_word' id='word_1_279' title='bbox 3465 773 3533 811; x_wconf 89' lang='lat' dir='ltr'><strong>ea</strong></span> <span class='ocrx_word' id='word_1_280' title='bbox 3579 756 3712 828; x_wconf 88' lang='lat' dir='ltr'><strong>ipsa</strong></span> 
     </span>
    </p>
   </div>
   <div class='ocr_carea' id='block_1_38' title="bbox 2059 837 3709 905">
    <p class='ocr_par' dir='ltr' id='par_1_38' title="bbox 2059 837 3709 905">
     <span class='ocr_line' id='line_1_38' title="bbox 2059 837 3709 905; baseline 0.007 -17"><span class='ocrx_word' id='word_1_281' title='bbox 2059 840 2399 905; x_wconf 88' lang='lat' dir='ltr'><strong>regenerato</strong></span> <span class='ocrx_word' id='word_1_282' title='bbox 2465 837 2701 893; x_wconf 84' lang='lat' dir='ltr'><strong>homine</strong></span> <span class='ocrx_word' id='word_1_283' title='bbox 2766 839 2944 894; x_wconf 82' lang='lat' dir='ltr'><strong>ﬁnem</strong></span> <span class='ocrx_word' id='word_1_284' title='bbox 3021 840 3182 895; x_wconf 87' lang='lat' dir='ltr'>dedit</span> <span class='ocrx_word' id='word_1_285' title='bbox 3254 843 3709 899; x_wconf 87' lang='lat' dir='ltr'><strong>circumcisioni.</strong></span> 
     </span>
    </p>
   </div>
   <div class='ocr_carea' id='block_1_39' title="bbox 2060 924 3715 1000">
    <p class='ocr_par' dir='ltr' id='par_1_39' title="bbox 2060 924 3715 1000">
     <span class='ocr_line' id='line_1_39' title="bbox 2060 924 3715 1000; baseline 0.004 -20"><span class='ocrx_word' id='word_1_286' title='bbox 2060 924 2387 995; x_wconf 88' lang='lat' dir='ltr'><strong>Utrumque</strong></span> <span class='ocrx_word' id='word_1_287' title='bbox 2442 925 2599 980; x_wconf 90' lang='lat' dir='ltr'><strong>enim</strong></span> <span class='ocrx_word' id='word_1_288' title='bbox 2660 930 2863 981; x_wconf 90' lang='lat' dir='ltr'><strong>octavo</strong></span> <span class='ocrx_word' id='word_1_289' title='bbox 2923 929 3017 983; x_wconf 92' lang='lat' dir='ltr'><strong>die</strong></span> <span class='ocrx_word' id='word_1_290' title='bbox 3075 930 3393 1000; x_wconf 77' lang='lat' dir='ltr'><strong>perfectum</strong></span> <span class='ocrx_word' id='word_1_291' title='bbox 3453 931 3599 1000; x_wconf 85' lang='lat' dir='ltr'><strong>fuit,</strong></span> <span class='ocrx_word' id='word_1_292' title='bbox 3658 934 3715 987; x_wconf 88' lang='lat' dir='ltr'><strong>et</strong></span> 
     </span>
    </p>
   </div>
   <div class='ocr_carea' id='block_1_40' title="bbox 2058 1014 3713 1091">
    <p class='ocr_par' dir='ltr' id='par_1_40' title="bbox 2058 1014 3713 1091">
     <span class='ocr_line' id='line_1_40' title="bbox 2058 1014 3713 1091; baseline 0.005 -22"><span class='ocrx_word' id='word_1_293' title='bbox 2058 1014 2293 1069; x_wconf 89' lang='lat' dir='ltr'><strong>initium</strong></span> <span class='ocrx_word' id='word_1_294' title='bbox 2352 1015 2663 1071; x_wconf 90' lang='lat' dir='ltr'><strong>creationis</strong></span> <span class='ocrx_word' id='word_1_295' title='bbox 2721 1021 2778 1071; x_wconf 92' lang='lat' dir='ltr'><strong>et</strong></span> <span class='ocrx_word' id='word_1_296' title='bbox 2834 1015 3090 1073; x_wconf 91' lang='lat' dir='ltr'><strong>hominis</strong></span> <span class='ocrx_word' id='word_1_297' title='bbox 3148 1020 3529 1091; x_wconf 89' lang='lat' dir='ltr'><strong>regeneratio.</strong></span> <span class='ocrx_word' id='word_1_298' title='bbox 3578 1020 3713 1077; x_wconf 92' lang='lat' dir='ltr'><strong>Ideo</strong></span> 
     </span>
    </p>
   </div>
   <div class='ocr_carea' id='block_1_41' title="bbox 2060 1102 3712 1175">
    <p class='ocr_par' dir='ltr' id='par_1_41' title="bbox 2060 1102 3712 1175">
     <span class='ocr_line' id='line_1_41' title="bbox 2060 1102 3712 1175; baseline 0.002 -15"><span class='ocrx_word' id='word_1_299' title='bbox 2060 1108 2263 1160; x_wconf 88' lang='lat' dir='ltr'><strong>octava</strong></span> <span class='ocrx_word' id='word_1_300' title='bbox 2317 1102 2442 1159; x_wconf 91' lang='lat' dir='ltr'><strong>dies</strong></span> <span class='ocrx_word' id='word_1_301' title='bbox 2496 1104 2815 1160; x_wconf 88' lang='lat' dir='ltr'><strong>Sabbatum</strong></span> <span class='ocrx_word' id='word_1_302' title='bbox 2876 1105 3163 1175; x_wconf 86' lang='lat' dir='ltr'><strong>dissolvit,</strong></span> <span class='ocrx_word' id='word_1_303' title='bbox 3215 1124 3330 1163; x_wconf 92' lang='lat' dir='ltr'><strong>non</strong></span> <span class='ocrx_word' id='word_1_304' title='bbox 3387 1109 3712 1164; x_wconf 88' lang='lat' dir='ltr'><strong>Sabbatum</strong></span> 
     </span>
    </p>
   </div>
   <div class='ocr_carea' id='block_1_42' title="bbox 2059 1192 3717 1252">
    <p class='ocr_par' dir='ltr' id='par_1_42' title="bbox 2059 1192 3717 1252">
     <span class='ocr_line' id='line_1_42' title="bbox 2059 1192 3717 1252; baseline 0.002 -4"><span class='ocrx_word' id='word_1_305' title='bbox 2059 1196 2322 1248; x_wconf 83' lang='lat' dir='ltr'><strong>octavam</strong></span> <span class='ocrx_word' id='word_1_306' title='bbox 2366 1192 2544 1247; x_wconf 91' lang='lat' dir='ltr'><strong>diem.</strong></span> <span class='ocrx_word' id='word_1_307' title='bbox 2579 1194 2641 1248; x_wconf 90' lang='lat' dir='ltr'><strong>In</strong></span> <span class='ocrx_word' id='word_1_308' title='bbox 2673 1192 2927 1248; x_wconf 90' lang='lat' dir='ltr'><strong>Sabbato</strong></span> <span class='ocrx_word' id='word_1_309' title='bbox 2976 1195 3131 1249; x_wconf 90' lang='lat' dir='ltr'><strong>enim</strong></span> <span class='ocrx_word' id='word_1_310' title='bbox 3183 1195 3717 1252; x_wconf 88' lang='lat' dir='ltr'><strong>circumcidebatur</strong></span> 
     </span>
    </p>
   </div>
   <div class='ocr_carea' id='block_1_43' title="bbox 2060 1281 3717 1346">
    <p class='ocr_par' dir='ltr' id='par_1_43' title="bbox 2060 1281 3717 1346">
     <span class='ocr_line' id='line_1_43' title="bbox 2060 1281 3717 1346; baseline 0.004 -11"><span class='ocrx_word' id='word_1_311' title='bbox 2060 1281 2257 1346; x_wconf 88' lang='lat' dir='ltr'><strong>homo,</strong></span> <span class='ocrx_word' id='word_1_312' title='bbox 2290 1297 2396 1336; x_wconf 89' lang='lat' dir='ltr'><strong>nec</strong></span> <span class='ocrx_word' id='word_1_313' title='bbox 2425 1282 2677 1337; x_wconf 87' lang='lat' dir='ltr'><strong>Sabbato</strong></span> <span class='ocrx_word' id='word_1_314' title='bbox 2708 1284 2979 1338; x_wconf 82' lang='lat' dir='ltr'><strong>cessabat</strong></span> <span class='ocrx_word' id='word_1_315' title='bbox 3008 1283 3380 1340; x_wconf 85' lang='lat' dir='ltr'><strong>circumcisio</strong></span> <span class='ocrx_word' id='word_1_316' title='bbox 3406 1302 3418 1339; x_wconf 91' lang='lat'>:</span> <span class='ocrx_word' id='word_1_317' title='bbox 3454 1303 3590 1340; x_wconf 86' lang='lat' dir='ltr'><strong>nam</strong></span> <span class='ocrx_word' id='word_1_318' title='bbox 3622 1303 3717 1341; x_wconf 88' lang='lat' dir='ltr'><strong>oc-</strong></span> 
     </span>
    </p>
   </div>
   <div class='ocr_carea' id='block_1_44' title="bbox 2060 1370 3711 1446">
    <p class='ocr_par' dir='ltr' id='par_1_44' title="bbox 2060 1370 3711 1446">
     <span class='ocr_line' id='line_1_44' title="bbox 2060 1370 3711 1446; baseline 0.004 -21"><span class='ocrx_word' id='word_1_319' title='bbox 2060 1376 2191 1425; x_wconf 89' lang='lat' dir='ltr'><strong>tava</strong></span> <span class='ocrx_word' id='word_1_320' title='bbox 2237 1387 2364 1441; x_wconf 67' lang='lat' dir='ltr'><strong>quae</strong></span> <span class='ocrx_word' id='word_1_321' title='bbox 2413 1375 2539 1426; x_wconf 80' lang='lat' dir='ltr'><strong>erat</strong></span> <span class='ocrx_word' id='word_1_322' title='bbox 2583 1370 2817 1427; x_wconf 88' lang='lat' dir='ltr'><strong>initium</strong></span> <span class='ocrx_word' id='word_1_323' title='bbox 2864 1373 3270 1445; x_wconf 86' lang='lat' dir='ltr'><strong>reparationis,</strong></span> <span class='ocrx_word' id='word_1_324' title='bbox 3303 1374 3481 1446; x_wconf 86' lang='lat' dir='ltr'>priori</span> <span class='ocrx_word' id='word_1_325' title='bbox 3534 1376 3711 1431; x_wconf 81' lang='lat' dir='ltr'><strong>tinem</strong></span> 
     </span>
    </p>
   </div>
   <div class='ocr_carea' id='block_1_45' title="bbox 2059 1458 2277 1515">
    <p class='ocr_par' dir='ltr' id='par_1_45' title="bbox 2059 1458 2277 1515">
     <span class='ocr_line' id='line_1_45' title="bbox 2059 1458 2277 1515; baseline 0 0"><span class='ocrx_word' id='word_1_326' title='bbox 2059 1458 2277 1515; x_wconf 87' lang='lat' dir='ltr'><strong>attulit.</strong></span> 
     </span>
    </p>
   </div>
   <div class='ocr_carea' id='block_1_46' title="bbox 2130 1638 3708 1700">
    <p class='ocr_par' dir='ltr' id='par_1_46' title="bbox 2130 1638 3708 1700">
     <span class='ocr_line' id='line_1_46' title="bbox 2130 1638 3708 1700; baseline 0.005 -8"><span class='ocrx_word' id='word_1_327' title='bbox 2130 1639 2184 1693; x_wconf 88' lang='lat'><strong>6.</strong></span> <span class='ocrx_word' id='word_1_328' title='bbox 2218 1638 2480 1694; x_wconf 85' lang='lat' dir='ltr'><strong>Arbitror</strong></span> <span class='ocrx_word' id='word_1_329' title='bbox 2509 1642 2703 1694; x_wconf 89' lang='lat' dir='ltr'><strong>autem</strong></span> <span class='ocrx_word' id='word_1_330' title='bbox 2744 1639 2851 1695; x_wconf 89' lang='lat' dir='ltr'><strong>hac</strong></span> <span class='ocrx_word' id='word_1_331' title='bbox 2882 1641 2952 1696; x_wconf 93' lang='lat' dir='ltr'><strong>de</strong></span> <span class='ocrx_word' id='word_1_332' title='bbox 2990 1658 3169 1697; x_wconf 89' lang='lat' dir='ltr'><strong>causa</strong></span> <span class='ocrx_word' id='word_1_333' title='bbox 3199 1642 3708 1700; x_wconf 89' lang='lat' dir='ltr'><strong>circumcisionem</strong></span> 
     </span>
    </p>
   </div>
   <div class='ocr_carea' id='block_1_47' title="bbox 2062 1728 3710 1801">
    <p class='ocr_par' dir='ltr' id='par_1_47' title="bbox 2062 1728 3710 1801">
     <span class='ocr_line' id='line_1_47' title="bbox 2062 1728 3710 1801; baseline 0.004 -18"><span class='ocrx_word' id='word_1_334' title='bbox 2062 1728 2263 1799; x_wconf 84' lang='lat' dir='ltr'><strong>datam</strong></span> <span class='ocrx_word' id='word_1_335' title='bbox 2296 1728 2497 1783; x_wconf 84' lang='lat' dir='ltr'><strong>fuisse.</strong></span> <span class='ocrx_word' id='word_1_336' title='bbox 2522 1728 2665 1783; x_wconf 87' lang='lat' dir='ltr'><strong>Cum</strong></span> <span class='ocrx_word' id='word_1_337' title='bbox 2706 1729 2970 1785; x_wconf 86' lang='lat' dir='ltr'><strong>audisset</strong></span> <span class='ocrx_word' id='word_1_338' title='bbox 2999 1732 3186 1786; x_wconf 83' lang='lat' dir='ltr'><strong>Adam</strong></span> <span class='ocrx_word' id='word_1_339' title='bbox 3216 1745 3236 1789; x_wconf 71' lang='grc' dir='ltr'><strong>ε</strong></span> <span class='ocrx_word' id='word_1_340' title='bbox 3261 1754 3287 1782; x_wconf 91' lang='grc'><strong>‹‹</strong></span> <span class='ocrx_word' id='word_1_341' title='bbox 3325 1734 3505 1789; x_wconf 83' lang='lat' dir='ltr'><strong>Terra</strong></span> <span class='ocrx_word' id='word_1_342' title='bbox 3535 1750 3620 1801; x_wconf 89' lang='lat' dir='ltr'><strong>es,</strong></span> <span class='ocrx_word' id='word_1_343' title='bbox 3653 1738 3710 1790; x_wconf 89' lang='lat' dir='ltr'><strong>et</strong></span> 
     </span>
    </p>
   </div>
   <div class='ocr_carea' id='block_1_48' title="bbox 2063 1817 3713 1894">
    <p class='ocr_par' dir='ltr' id='par_1_48' title="bbox 2063 1817 3713 1894">
     <span class='ocr_line' id='line_1_48' title="bbox 2063 1817 3713 1894; baseline 0.005 -23"><span class='ocrx_word' id='word_1_344' title='bbox 2063 1817 2121 1871; x_wconf 94' lang='lat' dir='ltr'><strong>in</strong></span> <span class='ocrx_word' id='word_1_345' title='bbox 2140 1820 2358 1873; x_wconf 87' lang='lat' dir='ltr'><strong>terram</strong></span> <span class='ocrx_word' id='word_1_346' title='bbox 2382 1818 2686 1874; x_wconf 90' lang='lat' dir='ltr'><strong>reverteris</strong></span> <span class='ocrx_word' id='word_1_347' title='bbox 2705 1819 2781 1887; x_wconf 66' lang='lat'><strong>9,»</strong></span> <span class='ocrx_word' id='word_1_348' title='bbox 2812 1823 3081 1876; x_wconf 90' lang='lat' dir='ltr'><strong>mortuus</strong></span> <span class='ocrx_word' id='word_1_349' title='bbox 3106 1825 3215 1893; x_wconf 86' lang='lat' dir='ltr'><strong>est,</strong></span> <span class='ocrx_word' id='word_1_350' title='bbox 3240 1838 3571 1894; x_wconf 89' lang='lat' dir='ltr'><strong>corpusque</strong></span> <span class='ocrx_word' id='word_1_351' title='bbox 3590 1839 3713 1879; x_wconf 89' lang='lat' dir='ltr'><strong>cor-</strong></span> 
     </span>
    </p>
   </div>
   <div class='ocr_carea' id='block_1_49' title="bbox 2063 1907 3709 1984">
    <p class='ocr_par' dir='ltr' id='par_1_49' title="bbox 2063 1907 3709 1984">
     <span class='ocr_line' id='line_1_49' title="bbox 2063 1907 3709 1984; baseline 0.004 -23"><span class='ocrx_word' id='word_1_352' title='bbox 2063 1908 2301 1977; x_wconf 86' lang='lat' dir='ltr'><strong>ruptum</strong></span> <span class='ocrx_word' id='word_1_353' title='bbox 2336 1907 2433 1963; x_wconf 78' lang='lat'><strong>45</strong></span> <span class='ocrx_word' id='word_1_354' title='bbox 2462 1910 2586 1961; x_wconf 91' lang='lat' dir='ltr'><strong>est:</strong></span> <span class='ocrx_word' id='word_1_355' title='bbox 2621 1908 2777 1963; x_wconf 89' lang='lat' dir='ltr'><strong>unde</strong></span> <span class='ocrx_word' id='word_1_356' title='bbox 2818 1912 3037 1979; x_wconf 88' lang='lat' dir='ltr'><strong>partem</strong></span> <span class='ocrx_word' id='word_1_357' title='bbox 3071 1912 3392 1981; x_wconf 89' lang='lat' dir='ltr'><strong>quamdam</strong></span> <span class='ocrx_word' id='word_1_358' title='bbox 3423 1914 3709 1984; x_wconf 88' lang='lat' dir='ltr'><strong>corporis,</strong></span> 
     </span>
    </p>
   </div>
   <div class='ocr_carea' id='block_1_50' title="bbox 2061 1996 3711 2070">
    <p class='ocr_par' dir='ltr' id='par_1_50' title="bbox 2061 1996 3711 2070">
     <span class='ocr_line' id='line_1_50' title="bbox 2061 1996 3711 2070; baseline 0.004 -17"><span class='ocrx_word' id='word_1_359' title='bbox 2061 2013 2190 2053; x_wconf 87' lang='lat' dir='ltr'><strong>eam</strong></span> <span class='ocrx_word' id='word_1_360' title='bbox 2210 2012 2421 2068; x_wconf 88' lang='lat' dir='ltr'><strong>nempe</strong></span> <span class='ocrx_word' id='word_1_361' title='bbox 2438 2013 2564 2067; x_wconf 66' lang='lat' dir='ltr'><strong>qua:</strong></span> <span class='ocrx_word' id='word_1_362' title='bbox 2581 2013 2759 2052; x_wconf 89' lang='lat' dir='ltr'><strong>causa</strong></span> <span class='ocrx_word' id='word_1_363' title='bbox 2778 1996 2860 2052; x_wconf 90' lang='lat' dir='ltr'>illi</span> <span class='ocrx_word' id='word_1_364' title='bbox 2880 2002 2969 2053; x_wconf 89' lang='lat' dir='ltr'><strong>est</strong></span> <span class='ocrx_word' id='word_1_365' title='bbox 2984 2000 3399 2070; x_wconf 85' lang='lat' dir='ltr'><strong>generationis,</strong></span> <span class='ocrx_word' id='word_1_366' title='bbox 3416 2003 3711 2060; x_wconf 81' lang='lat' dir='ltr'><strong>exsolvere</strong></span> 
     </span>
    </p>
   </div>
   <div class='ocr_carea' id='block_1_51' title="bbox 2054 2086 3712 2165">
    <p class='ocr_par' dir='ltr' id='par_1_51' title="bbox 2054 2086 3712 2165">
     <span class='ocr_line' id='line_1_51' title="bbox 2054 2086 3712 2165; baseline 0.005 -24"><span class='ocrx_word' id='word_1_367' title='bbox 2054 2086 2210 2158; x_wconf 82' lang='lat' dir='ltr'><strong>jussi</strong></span> <span class='ocrx_word' id='word_1_368' title='bbox 2243 2090 2383 2141; x_wconf 92' lang='lat' dir='ltr'><strong>sunt</strong></span> <span class='ocrx_word' id='word_1_369' title='bbox 2415 2101 2427 2140; x_wconf 90' lang='lat'><strong>:</strong></span> <span class='ocrx_word' id='word_1_370' title='bbox 2463 2089 2520 2140; x_wconf 90' lang='lat' dir='ltr'><strong>et</strong></span> <span class='ocrx_word' id='word_1_371' title='bbox 2541 2086 2667 2155; x_wconf 80' lang='lat' dir='ltr'><strong>jam</strong></span> <span class='ocrx_word' id='word_1_372' title='bbox 2700 2092 2870 2142; x_wconf 88' lang='lat' dir='ltr'><strong>antea</strong></span> <span class='ocrx_word' id='word_1_373' title='bbox 2901 2087 3250 2158; x_wconf 87' lang='lat' dir='ltr'><strong>didicerunt,</strong></span> <span class='ocrx_word' id='word_1_374' title='bbox 3274 2095 3462 2147; x_wconf 91' lang='lat' dir='ltr'><strong>totum</strong></span> <span class='ocrx_word' id='word_1_375' title='bbox 3498 2110 3712 2165; x_wconf 86' lang='lat' dir='ltr'><strong>corpus</strong></span> 
     </span>
    </p>
   </div>
   <div class='ocr_carea' id='block_1_52' title="bbox 2061 2175 3717 2248">
    <p class='ocr_par' dir='ltr' id='par_1_52' title="bbox 2061 2175 3717 2248">
     <span class='ocr_line' id='line_1_52' title="bbox 2061 2175 3717 2248; baseline 0.005 -18"><span class='ocrx_word' id='word_1_376' title='bbox 2061 2175 2391 2230; x_wconf 82' lang='lat' dir='ltr'><strong>exuendam</strong></span> <span class='ocrx_word' id='word_1_377' title='bbox 2438 2179 2693 2242; x_wconf 89' lang='lat' dir='ltr'><strong>esse,ut,</strong></span> <span class='ocrx_word' id='word_1_378' title='bbox 2735 2193 2801 2231; x_wconf 88' lang='lat' dir='ltr'><strong>ac</strong></span> <span class='ocrx_word' id='word_1_379' title='bbox 2833 2176 2882 2231; x_wconf 90' lang='lat' dir='ltr'>si</span> <span class='ocrx_word' id='word_1_380' title='bbox 2928 2178 3083 2248; x_wconf 91' lang='lat' dir='ltr'><strong>quod</strong></span> <span class='ocrx_word' id='word_1_381' title='bbox 3133 2179 3476 2236; x_wconf 86' lang='lat' dir='ltr'><strong>damnatum</strong></span> <span class='ocrx_word' id='word_1_382' title='bbox 3527 2183 3717 2239; x_wconf 84' lang='lat' dir='ltr'><strong>fuerat</strong></span> 
     </span>
    </p>
   </div>
   <div class='ocr_carea' id='block_1_53' title="bbox 2060 2262 3714 2338">
    <p class='ocr_par' dir='ltr' id='par_1_53' title="bbox 2060 2262 3714 2338">
     <span class='ocr_line' id='line_1_53' title="bbox 2060 2262 3714 2338; baseline 0.006 -20"><span class='ocrx_word' id='word_1_383' title='bbox 2060 2262 2745 2329; x_wconf 76' lang='lat' dir='ltr'><strong>tradidissent,&#39;salutem</strong></span> <span class='ocrx_word' id='word_1_384' title='bbox 2768 2266 3047 2337; x_wconf 91' lang='lat' dir='ltr'><strong>consequi</strong></span> <span class='ocrx_word' id='word_1_385' title='bbox 3073 2274 3323 2338; x_wconf 87' lang='lat' dir='ltr'><strong>possent.</strong></span> <span class='ocrx_word' id='word_1_386' title='bbox 3348 2270 3416 2325; x_wconf 91' lang='lat' dir='ltr'><strong>Et</strong></span> <span class='ocrx_word' id='word_1_387' title='bbox 3436 2272 3589 2325; x_wconf 91' lang='lat' dir='ltr'><strong>sicut</strong></span> <span class='ocrx_word' id='word_1_388' title='bbox 3617 2289 3714 2329; x_wconf 91' lang='lat' dir='ltr'><strong>sa-</strong></span> 
     </span>
    </p>
   </div>
   <div class='ocr_carea' id='block_1_54' title="bbox 2061 2353 3709 2421">
    <p class='ocr_par' dir='ltr' id='par_1_54' title="bbox 2061 2353 3709 2421">
     <span class='ocr_line' id='line_1_54' title="bbox 2061 2353 3709 2421; baseline 0.005 -13"><span class='ocrx_word' id='word_1_389' title='bbox 2061 2353 2279 2408; x_wconf 82' lang='lat' dir='ltr'><strong>crificia</strong></span> <span class='ocrx_word' id='word_1_390' title='bbox 2329 2353 2549 2408; x_wconf 66' lang='lat' dir='ltr'><strong>umbras</strong></span> <span class='ocrx_word' id='word_1_391' title='bbox 2600 2353 2932 2409; x_wconf 87' lang='lat' dir='ltr'><strong>futurorum</strong></span> <span class='ocrx_word' id='word_1_392' title='bbox 2980 2363 3165 2421; x_wconf 85' lang='lat' dir='ltr'><strong>erant,</strong></span> <span class='ocrx_word' id='word_1_393' title='bbox 3200 2357 3284 2413; x_wconf 91' lang='lat' dir='ltr'><strong>sic</strong></span> <span class='ocrx_word' id='word_1_394' title='bbox 3336 2360 3709 2417; x_wconf 88' lang='lat' dir='ltr'><strong>circumcisio</strong></span> 
     </span>
    </p>
   </div>
   <div class='ocr_carea' id='block_1_55' title="bbox 2060 2438 3708 2512">
    <p class='ocr_par' dir='ltr' id='par_1_55' title="bbox 2060 2438 3708 2512">
     <span class='ocr_line' id='line_1_55' title="bbox 2060 2438 3708 2512; baseline 0.007 -17"><span class='ocrx_word' id='word_1_395' title='bbox 2060 2440 2310 2512; x_wconf 82' lang='lat' dir='ltr'><strong>alicujus</strong></span> <span class='ocrx_word' id='word_1_396' title='bbox 2342 2438 2548 2512; x_wconf 87' lang='lat' dir='ltr'><strong>partis,</strong></span> <span class='ocrx_word' id='word_1_397' title='bbox 2571 2440 2751 2497; x_wconf 79' lang='lat' dir='ltr'><strong>totius</strong></span> <span class='ocrx_word' id='word_1_398' title='bbox 2797 2442 3254 2501; x_wconf 90' lang='lat' dir='ltr'><strong>circumcidendi</strong></span> <span class='ocrx_word' id='word_1_399' title='bbox 3304 2448 3517 2504; x_wconf 91' lang='lat' dir='ltr'><strong>umbra</strong></span> <span class='ocrx_word' id='word_1_400' title='bbox 3562 2453 3708 2507; x_wconf 91' lang='lat' dir='ltr'><strong>erat.</strong></span> 
     </span>
    </p>
   </div>
   <div class='ocr_carea' id='block_1_56' title="bbox 2061 2528 3716 2594">
    <p class='ocr_par' dir='ltr' id='par_1_56' title="bbox 2061 2528 3716 2594">
     <span class='ocr_line' id='line_1_56' title="bbox 2061 2528 3716 2594; baseline 0.003 -5"><span class='ocrx_word' id='word_1_401' title='bbox 2061 2530 2180 2589; x_wconf 89' lang='lat' dir='ltr'><strong>Hoc</strong></span> <span class='ocrx_word' id='word_1_402' title='bbox 2211 2533 2410 2585; x_wconf 89' lang='lat' dir='ltr'><strong>autem</strong></span> <span class='ocrx_word' id='word_1_403' title='bbox 2438 2528 2501 2584; x_wconf 91' lang='lat' dir='ltr'><strong>in</strong></span> <span class='ocrx_word' id='word_1_404' title='bbox 2528 2528 2666 2586; x_wconf 85' lang='lat' dir='ltr'><strong>Jesu</strong></span> <span class='ocrx_word' id='word_1_405' title='bbox 2720 2530 2861 2587; x_wconf 89' lang='lat' dir='ltr'><strong>Filio</strong></span> <span class='ocrx_word' id='word_1_406' title='bbox 2904 2530 3060 2589; x_wconf 88' lang='lat' dir='ltr'><strong>Nave</strong></span> <span class='ocrx_word' id='word_1_407' title='bbox 3105 2533 3257 2591; x_wconf 88' lang='lat' dir='ltr'><strong>clare</strong></span> <span class='ocrx_word' id='word_1_408' title='bbox 3287 2540 3716 2594; x_wconf 87' lang='lat' dir='ltr'><strong>commonstrat</strong></span> 
     </span>
    </p>
   </div>
   <div class='ocr_carea' id='block_1_57' title="bbox 2064 2618 3716 2697">
    <p class='ocr_par' dir='ltr' id='par_1_57' title="bbox 2064 2618 3716 2697">
     <span class='ocr_line' id='line_1_57' title="bbox 2064 2618 3716 2697; baseline 0.005 -23"><span class='ocrx_word' id='word_1_409' title='bbox 2064 2618 2367 2691; x_wconf 88' lang='lat' dir='ltr'><strong>Scriptura</strong></span> <span class='ocrx_word' id='word_1_410' title='bbox 2400 2635 2412 2674; x_wconf 91' lang='lat'>:</span> <span class='ocrx_word' id='word_1_411' title='bbox 2444 2618 2588 2673; x_wconf 87' lang='lat' dir='ltr'><strong>Jesu</strong></span> <span class='ocrx_word' id='word_1_412' title='bbox 2634 2619 2790 2675; x_wconf 91' lang='lat' dir='ltr'><strong>enim</strong></span> <span class='ocrx_word' id='word_1_413' title='bbox 2821 2636 2890 2676; x_wconf 89' lang='lat' dir='ltr'><strong>ex</strong></span> <span class='ocrx_word' id='word_1_414' title='bbox 2923 2621 3018 2677; x_wconf 88' lang='lat' dir='ltr'><strong>Dei</strong></span> <span class='ocrx_word' id='word_1_415' title='bbox 3054 2623 3231 2693; x_wconf 85' lang='lat' dir='ltr'><strong>jussu</strong></span> <span class='ocrx_word' id='word_1_416' title='bbox 3263 2624 3548 2697; x_wconf 90' lang='lat' dir='ltr'><strong>populum</strong></span> <span class='ocrx_word' id='word_1_417' title='bbox 3597 2627 3716 2682; x_wconf 87' lang='lat' dir='ltr'><strong>cir-</strong></span> 
     </span>
    </p>
   </div>
   <div class='ocr_carea' id='block_1_58' title="bbox 2065 2706 3717 2785">
    <p class='ocr_par' dir='ltr' id='par_1_58' title="bbox 2065 2706 3717 2785">
     <span class='ocr_line' id='line_1_58' title="bbox 2065 2706 3717 2785; baseline 0.005 -22"><span class='ocrx_word' id='word_1_418' title='bbox 2065 2708 2431 2763; x_wconf 88' lang='lat' dir='ltr'><strong>cumcidente</strong></span> <span class='ocrx_word' id='word_1_419' title='bbox 2486 2706 2544 2760; x_wconf 91' lang='lat' dir='ltr'><strong>in</strong></span> <span class='ocrx_word' id='word_1_420' title='bbox 2603 2706 2894 2779; x_wconf 88' lang='lat' dir='ltr'><strong>Galgalis,</strong></span> <span class='ocrx_word' id='word_1_421' title='bbox 2937 2714 3101 2767; x_wconf 87' lang='lat' dir='ltr'><strong>trans</strong></span> <span class='ocrx_word' id='word_1_422' title='bbox 3161 2714 3509 2785; x_wconf 86' lang='lat' dir='ltr'><strong>Jordanem,</strong></span> <span class='ocrx_word' id='word_1_423' title='bbox 3569 2716 3717 2771; x_wconf 81' lang='lat' dir='ltr'><strong>dixit</strong></span> 
     </span>
    </p>
   </div>
   <div class='ocr_carea' id='block_1_59' title="bbox 2066 2794 3716 2875">
    <p class='ocr_par' dir='ltr' id='par_1_59' title="bbox 2066 2794 3716 2875">
     <span class='ocr_line' id='line_1_59' title="bbox 2066 2794 3716 2875; baseline 0.005 -24"><span class='ocrx_word' id='word_1_424' title='bbox 2066 2796 2221 2852; x_wconf 89' lang='lat' dir='ltr'><strong>Deus</strong></span> <span class='ocrx_word' id='word_1_425' title='bbox 2250 2795 2386 2851; x_wconf 86' lang='lat' dir='ltr'><strong>Jesu</strong></span> <span class='ocrx_word' id='word_1_426' title='bbox 2422 2794 2562 2849; x_wconf 80' lang='lat' dir='ltr'><strong>Filio</strong></span> <span class='ocrx_word' id='word_1_427' title='bbox 2594 2795 2748 2851; x_wconf 88' lang='lat' dir='ltr'><strong>Nave</strong></span> <span class='ocrx_word' id='word_1_428' title='bbox 2782 2813 2840 2849; x_wconf 75' lang='lat' dir='ltr'><strong>:a</strong></span> <span class='ocrx_word' id='word_1_429' title='bbox 2874 2797 3054 2855; x_wconf 90' lang='lat' dir='ltr'><strong>Hodie</strong></span> <span class='ocrx_word' id='word_1_430' title='bbox 3084 2800 3302 2856; x_wconf 86' lang='lat' dir='ltr'><strong>abstuli</strong></span> <span class='ocrx_word' id='word_1_431' title='bbox 3332 2804 3716 2875; x_wconf 90' lang='lat' dir='ltr'><strong>opprobrium</strong></span> 
     </span>
    </p>
   </div>
   <div class='ocr_carea' id='block_1_60' title="bbox 2067 2882 3717 2958">
    <p class='ocr_par' dir='ltr' id='par_1_60' title="bbox 2067 2882 3717 2958">
     <span class='ocr_line' id='line_1_60' title="bbox 2067 2882 3717 2958; baseline 0.004 -18"><span class='ocrx_word' id='word_1_432' title='bbox 2067 2882 2298 2956; x_wconf 58' lang='lat' dir='ltr'><strong>XEgypti</strong></span> <span class='ocrx_word' id='word_1_433' title='bbox 2354 2900 2389 2939; x_wconf 92' lang='lat' dir='ltr'><strong>a</strong></span> <span class='ocrx_word' id='word_1_434' title='bbox 2445 2883 2629 2938; x_wconf 91' lang='lat' dir='ltr'><strong>vobis.</strong></span> <span class='ocrx_word' id='word_1_435' title='bbox 2662 2884 2732 2938; x_wconf 91' lang='lat' dir='ltr'><strong>Et</strong></span> <span class='ocrx_word' id='word_1_436' title='bbox 2781 2887 3003 2956; x_wconf 88' lang='lat' dir='ltr'><strong>vocavi,</strong></span> <span class='ocrx_word' id='word_1_437' title='bbox 3056 2888 3266 2958; x_wconf 89' lang='lat' dir='ltr'><strong>inquit,</strong></span> <span class='ocrx_word' id='word_1_438' title='bbox 3328 2908 3541 2948; x_wconf 90' lang='lat' dir='ltr'><strong>nomen</strong></span> <span class='ocrx_word' id='word_1_439' title='bbox 3603 2892 3717 2950; x_wconf 93' lang='lat' dir='ltr'><strong>loci</strong></span> 
     </span>
    </p>
   </div>
   <div class='ocr_carea' id='block_1_61' title="bbox 2069 2970 3721 3051">
    <p class='ocr_par' dir='ltr' id='par_1_61' title="bbox 2069 2970 3721 3051">
     <span class='ocr_line' id='line_1_61' title="bbox 2069 2970 3721 3051; baseline 0.007 -25"><span class='ocrx_word' id='word_1_440' title='bbox 2069 2971 2231 3027; x_wconf 89' lang='lat' dir='ltr'><strong>illius</strong></span> <span class='ocrx_word' id='word_1_441' title='bbox 2250 2970 2490 3042; x_wconf 86' lang='lat' dir='ltr'><strong>Galgala</strong></span> <span class='ocrx_word' id='word_1_442' title='bbox 2512 2972 2613 3026; x_wconf 61' lang='lat'><strong>1°.»</strong></span> <span class='ocrx_word' id='word_1_443' title='bbox 2642 2972 2702 3027; x_wconf 91' lang='lat' dir='ltr'><strong>Si</strong></span> <span class='ocrx_word' id='word_1_444' title='bbox 2728 2989 2981 3044; x_wconf 87' lang='lat' dir='ltr'><strong>namque</strong></span> <span class='ocrx_word' id='word_1_445' title='bbox 3002 2975 3370 3034; x_wconf 90' lang='lat' dir='ltr'><strong>circumcisio</strong></span> <span class='ocrx_word' id='word_1_446' title='bbox 3398 2982 3721 3051; x_wconf 85' lang='lat' dir='ltr'><strong>generatio-</strong></span> 
     </span>
    </p>
   </div>
   <div class='ocr_carea' id='block_1_62' title="bbox 2070 3060 3720 3141">
    <p class='ocr_par' dir='ltr' id='par_1_62' title="bbox 2070 3060 3720 3141">
     <span class='ocr_line' id='line_1_62' title="bbox 2070 3060 3720 3141; baseline 0.004 -25"><span class='ocrx_word' id='word_1_447' title='bbox 2070 3077 2205 3116; x_wconf 88' lang='lat' dir='ltr'><strong>nem</strong></span> <span class='ocrx_word' id='word_1_448' title='bbox 2254 3060 2652 3132; x_wconf 67' lang='lat' dir='ltr'><strong>IEgyptiacam</strong></span> <span class='ocrx_word' id='word_1_449' title='bbox 2693 3060 2928 3117; x_wconf 87' lang='lat' dir='ltr'><strong>aufert:</strong></span> <span class='ocrx_word' id='word_1_450' title='bbox 2961 3078 3096 3135; x_wconf 85' lang='lat' dir='ltr'><strong>ergo</strong></span> <span class='ocrx_word' id='word_1_451' title='bbox 3142 3067 3495 3137; x_wconf 66' lang='lat' dir='ltr'><strong>praeputium</strong></span> <span class='ocrx_word' id='word_1_452' title='bbox 3544 3069 3720 3141; x_wconf 68' lang='lat' dir='ltr'><strong>Egy-</strong></span> 
     </span>
    </p>
   </div>
   <div class='ocr_carea' id='block_1_63' title="bbox 2068 3149 3725 3221">
    <p class='ocr_par' dir='ltr' id='par_1_63' title="bbox 2068 3149 3725 3221">
     <span class='ocr_line' id='line_1_63' title="bbox 2068 3149 3725 3221; baseline 0.007 -17"><span class='ocrx_word' id='word_1_453' title='bbox 2068 3149 2243 3220; x_wconf 88' lang='lat' dir='ltr'><strong>ptiaci</strong></span> <span class='ocrx_word' id='word_1_454' title='bbox 2284 3149 2524 3204; x_wconf 88' lang='lat' dir='ltr'><strong>habitus</strong></span> <span class='ocrx_word' id='word_1_455' title='bbox 2572 3165 2638 3204; x_wconf 89' lang='lat' dir='ltr'><strong>ac</strong></span> <span class='ocrx_word' id='word_1_456' title='bbox 2685 3149 3078 3221; x_wconf 86' lang='lat' dir='ltr'><strong>generationis</strong></span> <span class='ocrx_word' id='word_1_457' title='bbox 3131 3153 3415 3212; x_wconf 89' lang='lat' dir='ltr'><strong>indicium</strong></span> <span class='ocrx_word' id='word_1_458' title='bbox 3465 3162 3571 3213; x_wconf 90' lang='lat' dir='ltr'><strong>est.</strong></span> <span class='ocrx_word' id='word_1_459' title='bbox 3606 3158 3725 3215; x_wconf 86' lang='lat' dir='ltr'><strong>Hoc</strong></span> 
     </span>
    </p>
   </div>
   <div class='ocr_carea' id='block_1_64' title="bbox 2071 3237 3725 3319">
    <p class='ocr_par' dir='ltr' id='par_1_64' title="bbox 2071 3237 3725 3319">
     <span class='ocr_line' id='line_1_64' title="bbox 2071 3237 3725 3319; baseline 0.005 -26"><span class='ocrx_word' id='word_1_460' title='bbox 2071 3242 2266 3293; x_wconf 90' lang='lat' dir='ltr'><strong>autem</strong></span> <span class='ocrx_word' id='word_1_461' title='bbox 2299 3237 2546 3292; x_wconf 90' lang='lat' dir='ltr'><strong>abstulit</strong></span> <span class='ocrx_word' id='word_1_462' title='bbox 2580 3239 2749 3307; x_wconf 89' lang='lat' dir='ltr'><strong>Deus,</strong></span> <span class='ocrx_word' id='word_1_463' title='bbox 2783 3243 2847 3293; x_wconf 89' lang='lat' dir='ltr'><strong>ut</strong></span> <span class='ocrx_word' id='word_1_464' title='bbox 2886 3256 3001 3296; x_wconf 91' lang='lat' dir='ltr'><strong>non</strong></span> <span class='ocrx_word' id='word_1_465' title='bbox 3034 3241 3189 3297; x_wconf 87' lang='lat' dir='ltr'><strong>ultra</strong></span> <span class='ocrx_word' id='word_1_466' title='bbox 3219 3245 3389 3314; x_wconf 88' lang='lat' dir='ltr'><strong>quasi</strong></span> <span class='ocrx_word' id='word_1_467' title='bbox 3438 3247 3497 3302; x_wconf 92' lang='lat' dir='ltr'><strong>in</strong></span> <span class='ocrx_word' id='word_1_468' title='bbox 3547 3247 3725 3319; x_wconf 64' lang='lat' dir='ltr'><strong>IEgy-</strong></span> 
     </span>
    </p>
   </div>
   <div class='ocr_carea' id='block_1_65' title="bbox 304 3305 1960 3408">
    <p class='ocr_par' dir='ltr' id='par_1_65' title="bbox 304 3305 1955 3408">
     <span class='ocr_line' id='line_1_65' title="bbox 304 3305 1955 3408; baseline -0.008 -18"><span class='ocrx_word' id='word_1_469' title='bbox 304 3305 381 3397; x_wconf 56' lang='grc' dir='ltr'><strong>ως</strong></span> <span class='ocrx_word' id='word_1_470' title='bbox 424 3305 493 3389; x_wconf 50' lang='grc' dir='ltr'>Ιέν</span> <span class='ocrx_word' id='word_1_471' title='bbox 518 3305 813 3408; x_wconf 47' lang='grc' dir='ltr'>Ἀῗγύπτῳ</span> <span class='ocrx_word' id='word_1_472' title='bbox 868 3305 1209 3404; x_wconf 68' lang='grc' dir='ltr'>γεννηθέντες</span> <span class='ocrx_word' id='word_1_473' title='bbox 1269 3326 1422 3393; x_wconf 82' lang='grc' dir='ltr'>ὦσιν,</span> <span class='ocrx_word' id='word_1_474' title='bbox 1483 3322 1628 3379; x_wconf 82' lang='grc' dir='ltr'><strong>ἀλλά</strong></span> <span class='ocrx_word' id='word_1_475' title='bbox 1658 3305 1955 3399; x_wconf 37' lang='grc' dir='ltr'>τῆς-ἐπαγ-</span> 
     </span>
    </p>
   </div>
   <div class='ocr_carea' id='block_1_66' title="bbox 2076 3305 3722 3408">
    <p class='ocr_par' dir='ltr' id='par_1_66' title="bbox 2076 3325 3722 3405">
     <span class='ocr_line' id='line_1_66' title="bbox 2076 3325 3722 3405; baseline 0.007 -24"><span class='ocrx_word' id='word_1_476' title='bbox 2076 3330 2169 3399; x_wconf 91' lang='lat' dir='ltr'><strong>pto</strong></span> <span class='ocrx_word' id='word_1_477' title='bbox 2218 3325 2342 3381; x_wconf 87' lang='lat' dir='ltr'><strong>nati</strong></span> <span class='ocrx_word' id='word_1_478' title='bbox 2390 3326 2763 3394; x_wconf 89' lang='lat' dir='ltr'><strong>haberentur,</strong></span> <span class='ocrx_word' id='word_1_479' title='bbox 2810 3329 2910 3383; x_wconf 89' lang='lat' dir='ltr'><strong>sed</strong></span> <span class='ocrx_word' id='word_1_480' title='bbox 2971 3332 3403 3403; x_wconf 89' lang='lat' dir='ltr'><strong>promissionis,</strong></span> <span class='ocrx_word' id='word_1_481' title='bbox 3436 3336 3496 3389; x_wconf 94' lang='lat' dir='ltr'><strong>in</strong></span> <span class='ocrx_word' id='word_1_482' title='bbox 3544 3352 3722 3405; x_wconf 89' lang='lat' dir='ltr'><strong>quam</strong></span> 
     </span>
    </p>
   </div>
   <div class='ocr_carea' id='block_1_67' title="bbox 304 3412 1961 3500">
    <p class='ocr_par' dir='ltr' id='par_1_67' title="bbox 304 3412 1961 3500">
     <span class='ocr_line' id='line_1_67' title="bbox 304 3412 1961 3500; baseline -0.013 -20"><span class='ocrx_word' id='word_1_483' title='bbox 304 3422 517 3500; x_wconf 74' lang='grc' dir='ltr'>γελίας,</span> <span class='ocrx_word' id='word_1_484' title='bbox 550 3420 625 3483; x_wconf 79' lang='grc' dir='ltr'>εἷς</span> <span class='ocrx_word' id='word_1_485' title='bbox 656 3418 722 3488; x_wconf 72' lang='grc' dir='ltr'><strong>ἥν</strong></span> <span class='ocrx_word' id='word_1_486' title='bbox 757 3417 958 3487; x_wconf 76' lang='grc' dir='ltr'>εἲσῆξεν</span> <span class='ocrx_word' id='word_1_487' title='bbox 992 3413 1186 3476; x_wconf 79' lang='grc' dir='ltr'>αὐτοὺς</span> <span class='ocrx_word' id='word_1_488' title='bbox 1220 3413 1277 3500; x_wconf 17' lang='grc' dir='ltr'><strong>,ὀ</strong></span> <span class='ocrx_word' id='word_1_489' title='bbox 1335 3412 1554 3487; x_wconf 87' lang='grc' dir='ltr'>Κύριος,</span> <span class='ocrx_word' id='word_1_490' title='bbox 1602 3412 1760 3468; x_wconf 73' lang='grc' dir='ltr'>τέκνα</span> <span class='ocrx_word' id='word_1_491' title='bbox 1809 3413 1961 3490; x_wconf 78' lang='grc' dir='ltr'>Λογί-</span> 
     </span>
    </p>
   </div>
   <div class='ocr_carea' id='block_1_68' title="bbox 309 3498 1960 3583">
    <p class='ocr_par' dir='ltr' id='par_1_68' title="bbox 309 3498 1960 3583">
     <span class='ocr_line' id='line_1_68' title="bbox 309 3498 1960 3583; baseline -0.007 -15"><span class='ocrx_word' id='word_1_492' title='bbox 309 3498 529 3583; x_wconf 74' lang='grc' dir='ltr'>ζωνται.</span> <span class='ocrx_word' id='word_1_493' title='bbox 583 3508 797 3564; x_wconf 89' lang='grc' dir='ltr'>Τούτων</span> <span class='ocrx_word' id='word_1_494' title='bbox 853 3503 912 3561; x_wconf 75' lang='grc' dir='ltr'>δὲ</span> <span class='ocrx_word' id='word_1_495' title='bbox 968 3503 1140 3565; x_wconf 75' lang='grc' dir='ltr'>οὕτως</span> <span class='ocrx_word' id='word_1_496' title='bbox 1199 3498 1393 3575; x_wconf 71' lang='grc' dir='ltr'>ὄντων,</span> <span class='ocrx_word' id='word_1_497' title='bbox 1453 3501 1691 3580; x_wconf 78' lang='grc' dir='ltr'>φαίνεται</span> <span class='ocrx_word' id='word_1_498' title='bbox 1720 3501 1960 3567; x_wconf 78' lang='grc' dir='ltr'>καθόλου</span> 
     </span>
    </p>
   </div>
   <div class='ocr_carea' id='block_1_69' title="bbox 306 3589 1961 3676">
    <p class='ocr_par' dir='ltr' id='par_1_69' title="bbox 306 3589 1961 3676">
     <span class='ocr_line' id='line_1_69' title="bbox 306 3589 1961 3676; baseline -0.005 -20"><span class='ocrx_word' id='word_1_499' title='bbox 306 3605 343 3673; x_wconf 82' lang='grc' dir='ltr'>ἡ</span> <span class='ocrx_word' id='word_1_500' title='bbox 402 3598 679 3676; x_wconf 78' lang='grc' dir='ltr'>περιτομὴ</span> <span class='ocrx_word' id='word_1_501' title='bbox 741 3594 959 3660; x_wconf 83' lang='grc' dir='ltr'>δοθεῖσα</span> <span class='ocrx_word' id='word_1_502' title='bbox 1006 3594 1139 3668; x_wconf 88' lang='lat'>(23),</span> <span class='ocrx_word' id='word_1_503' title='bbox 1196 3589 1271 3646; x_wconf 65' lang='grc' dir='ltr'>’ἶν’</span> <span class='ocrx_word' id='word_1_504' title='bbox 1301 3591 1620 3670; x_wconf 73' lang='grc' dir='ltr'>ἀφαιρεθῇό</span> <span class='ocrx_word' id='word_1_505' title='bbox 1652 3590 1961 3667; x_wconf 81' lang='grc' dir='ltr'>ὀνειδισμὸς</span> 
     </span>
    </p>
   </div>
   <div class='ocr_carea' id='block_1_70' title="bbox 305 3676 1964 3764">
    <p class='ocr_par' dir='ltr' id='par_1_70' title="bbox 305 3676 1964 3764">
     <span class='ocr_line' id='line_1_70' title="bbox 305 3676 1964 3764; baseline -0.005 -20"><span class='ocrx_word' id='word_1_506' title='bbox 305 3697 406 3761; x_wconf 82' lang='grc' dir='ltr'>τῆς</span> <span class='ocrx_word' id='word_1_507' title='bbox 492 3685 693 3764; x_wconf 78' lang='grc' dir='ltr'>γηΐνης</span> <span class='ocrx_word' id='word_1_508' title='bbox 774 3683 1033 3762; x_wconf 70' lang='grc' dir='ltr'>γενέσεως</span> <span class='ocrx_word' id='word_1_509' title='bbox 1093 3682 1199 3736; x_wconf 82' lang='grc' dir='ltr'>ἀπὸ</span> <span class='ocrx_word' id='word_1_510' title='bbox 1253 3684 1362 3737; x_wconf 80' lang='grc' dir='ltr'>τῶν</span> <span class='ocrx_word' id='word_1_511' title='bbox 1422 3676 1818 3756; x_wconf 77' lang='grc' dir='ltr'>’Δϐραμιαίων,</span> <span class='ocrx_word' id='word_1_512' title='bbox 1873 3682 1964 3736; x_wconf 84' lang='grc' dir='ltr'><strong>καὶ</strong></span> 
     </span>
    </p>
   </div>
   <div class='ocr_carea' id='block_1_71' title="bbox 310 3771 1963 3856">
    <p class='ocr_par' dir='ltr' id='par_1_71' title="bbox 310 3771 1963 3856">
     <span class='ocr_line' id='line_1_71' title="bbox 310 3771 1963 3856; baseline -0.007 -20"><span class='ocrx_word' id='word_1_513' title='bbox 310 3777 508 3856; x_wconf 71' lang='grc' dir='ltr'>μηκέτι</span> <span class='ocrx_word' id='word_1_514' title='bbox 569 3776 857 3841; x_wconf 84' lang='grc' dir='ltr'>ὑπεύθυνοι</span> <span class='ocrx_word' id='word_1_515' title='bbox 906 3774 1054 3847; x_wconf 81' lang='grc' dir='ltr'>ὦμεν</span> <span class='ocrx_word' id='word_1_516' title='bbox 1114 3774 1211 3844; x_wconf 83' lang='grc' dir='ltr'><strong>τῷ·</strong></span> <span class='ocrx_word' id='word_1_517' title='bbox 1270 3794 1299 3822; x_wconf 89' lang='grc'><strong>‹‹</strong></span> <span class='ocrx_word' id='word_1_518' title='bbox 1341 3772 1420 3839; x_wconf 78' lang='grc' dir='ltr'><strong>Γῆ</strong></span> <span class='ocrx_word' id='word_1_519' title='bbox 1450 3772 1544 3856; x_wconf 84' lang='grc' dir='ltr'><strong>εἴ,</strong></span> <span class='ocrx_word' id='word_1_520' title='bbox 1601 3771 1691 3825; x_wconf 81' lang='grc' dir='ltr'><strong>καὶ</strong></span> <span class='ocrx_word' id='word_1_521' title='bbox 1724 3771 1800 3834; x_wconf 83' lang='grc' dir='ltr'>εἷς</span> <span class='ocrx_word' id='word_1_522' title='bbox 1858 3778 1963 3845; x_wconf 81' lang='grc' dir='ltr'>γῆν</span> 
     </span>
    </p>
   </div>
   <div class='ocr_carea' id='block_1_72' title="bbox 305 3855 1965 3940">
    <p class='ocr_par' dir='ltr' id='par_1_72' title="bbox 305 3855 1965 3940">
     <span class='ocr_line' id='line_1_72' title="bbox 305 3855 1965 3940; baseline -0.005 -17"><span class='ocrx_word' id='word_1_523' title='bbox 305 3855 599 3939; x_wconf 80' lang='grc' dir='ltr'>ἁπελεύσῃ.</span> <span class='ocrx_word' id='word_1_524' title='bbox 661 3888 691 3916; x_wconf 88' lang='grc'>››</span> <span class='ocrx_word' id='word_1_525' title='bbox 749 3861 1021 3940; x_wconf 75' lang='grc' dir='ltr'>Ἀφῃρέθη</span> <span class='ocrx_word' id='word_1_526' title='bbox 1080 3859 1183 3935; x_wconf 77' lang='grc' dir='ltr'>γὰρ</span> <span class='ocrx_word' id='word_1_527' title='bbox 1244 3858 1273 3912; x_wconf 87' lang='grc' dir='ltr'><strong>ὀ</strong></span> <span class='ocrx_word' id='word_1_528' title='bbox 1325 3855 1634 3932; x_wconf 83' lang='grc' dir='ltr'>ὀνειδισμὸς</span> <span class='ocrx_word' id='word_1_529' title='bbox 1664 3864 1760 3914; x_wconf 87' lang='lat'><strong>105</strong></span> <span class='ocrx_word' id='word_1_530' title='bbox 1792 3880 1965 3936; x_wconf 86' lang='grc' dir='ltr'>παρα-</span> 
     </span>
    </p>
   </div>
   <div class='ocr_carea' id='block_1_73' title="bbox 306 3945 1969 4029">
    <p class='ocr_par' dir='ltr' id='par_1_73' title="bbox 306 3945 1969 4029">
     <span class='ocr_line' id='line_1_73' title="bbox 306 3945 1969 4029; baseline -0.005 -18"><span class='ocrx_word' id='word_1_531' title='bbox 306 3956 629 4029; x_wconf 86' lang='grc' dir='ltr'>πτώματος.</span> <span class='ocrx_word' id='word_1_532' title='bbox 686 3955 858 4007; x_wconf 83' lang='grc' dir='ltr'><strong>Τοῦτο</strong></span> <span class='ocrx_word' id='word_1_533' title='bbox 915 3947 973 4004; x_wconf 73' lang='grc' dir='ltr'>δὲ</span> <span class='ocrx_word' id='word_1_534' title='bbox 1027 3947 1238 4024; x_wconf 66' lang='grc' dir='ltr'>ἐγένετο</span> <span class='ocrx_word' id='word_1_535' title='bbox 1285 3947 1409 4003; x_wconf 87' lang='grc' dir='ltr'>τότε</span> <span class='ocrx_word' id='word_1_536' title='bbox 1448 3947 1522 4010; x_wconf 83' lang='grc' dir='ltr'>εἷς</span> <span class='ocrx_word' id='word_1_537' title='bbox 1553 3946 1720 4003; x_wconf 88' lang='grc' dir='ltr'>τύπον</span> <span class='ocrx_word' id='word_1_538' title='bbox 1752 3953 1850 4003; x_wconf 77' lang='lat'><strong>105</strong></span> <span class='ocrx_word' id='word_1_539' title='bbox 1881 3945 1969 4003; x_wconf 81' lang='grc' dir='ltr'>διὰ</span> 
     </span>
    </p>
   </div>
   <div class='ocr_carea' id='block_1_74' title="bbox 311 4035 1973 4119">
    <p class='ocr_par' dir='ltr' id='par_1_74' title="bbox 311 4035 1973 4119">
     <span class='ocr_line' id='line_1_74' title="bbox 311 4035 1973 4119; baseline -0.013 -17"><span class='ocrx_word' id='word_1_540' title='bbox 311 4045 550 4119; x_wconf 76' lang='grc' dir='ltr'>Χριστοῦ</span> <span class='ocrx_word' id='word_1_541' title='bbox 641 4039 1037 4118; x_wconf 82' lang='grc' dir='ltr'>βαπτίσματος.</span> <span class='ocrx_word' id='word_1_542' title='bbox 1115 4035 1248 4092; x_wconf 87' lang='grc' dir='ltr'>Τότε</span> <span class='ocrx_word' id='word_1_543' title='bbox 1328 4036 1431 4112; x_wconf 77' lang='grc' dir='ltr'>γὰρ</span> <span class='ocrx_word' id='word_1_544' title='bbox 1489 4035 1548 4091; x_wconf 84' lang='grc' dir='ltr'>ἐκ</span> <span class='ocrx_word' id='word_1_545' title='bbox 1615 4035 1810 4113; x_wconf 71' lang='grc' dir='ltr'>μέρους</span> <span class='ocrx_word' id='word_1_546' title='bbox 1862 4036 1973 4114; x_wconf 71' lang='grc' dir='ltr'><strong>ἐγέ-</strong></span> 
     </span>
    </p>
   </div>
   <div class='ocr_carea' id='block_1_75' title="bbox 313 4121 1970 4205">
    <p class='ocr_par' dir='ltr' id='par_1_75' title="bbox 313 4121 1970 4205">
     <span class='ocr_line' id='line_1_75' title="bbox 313 4121 1970 4205; baseline -0.01 -18"><span class='ocrx_word' id='word_1_547' title='bbox 313 4152 434 4187; x_wconf 89' lang='grc' dir='ltr'>νετο</span> <span class='ocrx_word' id='word_1_548' title='bbox 492 4132 627 4205; x_wconf 81' lang='grc'>(24),</span> <span class='ocrx_word' id='word_1_549' title='bbox 687 4129 761 4191; x_wconf 83' lang='grc' dir='ltr'>ὡς</span> <span class='ocrx_word' id='word_1_550' title='bbox 820 4126 872 4182; x_wconf 76' lang='grc' dir='ltr'>ἐν</span> <span class='ocrx_word' id='word_1_551' title='bbox 905 4130 1048 4197; x_wconf 83' lang='grc' dir='ltr'>σκιᾷ,</span> <span class='ocrx_word' id='word_1_552' title='bbox 1081 4129 1173 4179; x_wconf 80' lang='grc' dir='ltr'>νῦν</span> <span class='ocrx_word' id='word_1_553' title='bbox 1208 4121 1288 4190; x_wconf 73' lang='grc' dir='ltr'>δὲ,</span> <span class='ocrx_word' id='word_1_554' title='bbox 1319 4121 1499 4200; x_wconf 79' lang='grc' dir='ltr'>ὣσπερ</span> <span class='ocrx_word' id='word_1_555' title='bbox 1540 4124 1682 4179; x_wconf 80' lang='grc' dir='ltr'>εἶπεν</span> <span class='ocrx_word' id='word_1_556' title='bbox 1716 4125 1744 4179; x_wconf 92' lang='grc' dir='ltr'><strong>ὀ</strong></span> <span class='ocrx_word' id='word_1_557' title='bbox 1805 4125 1970 4182; x_wconf 84' lang='grc' dir='ltr'>Ἀπό..</span> 
     </span>
    </p>
   </div>
   <div class='ocr_carea' id='block_1_76' title="bbox 319 4210 1969 4292">
    <p class='ocr_par' dir='ltr' id='par_1_76' title="bbox 319 4210 1969 4292">
     <span class='ocr_line' id='line_1_76' title="bbox 319 4210 1969 4292; baseline -0.004 -17"><span class='ocrx_word' id='word_1_558' title='bbox 319 4219 537 4292; x_wconf 85' lang='grc' dir='ltr'>στολος,</span> <span class='ocrx_word' id='word_1_559' title='bbox 597 4218 732 4289; x_wconf 81' lang='grc' dir='ltr'>ὅλην</span> <span class='ocrx_word' id='word_1_560' title='bbox 783 4217 881 4285; x_wconf 78' lang='grc' dir='ltr'>τὴν</span> <span class='ocrx_word' id='word_1_561' title='bbox 932 4211 1129 4291; x_wconf 77' lang='grc' dir='ltr'>γηΐνην</span> <span class='ocrx_word' id='word_1_562' title='bbox 1187 4211 1392 4289; x_wconf 66' lang='grc' dir='ltr'>γένεσιν</span> <span class='ocrx_word' id='word_1_563' title='bbox 1446 4210 1969 4286; x_wconf 82' lang='grc' dir='ltr'>ἁπεκδιδυσκόμεθα,</span> 
     </span>
    </p>
   </div>
   <div class='ocr_carea' id='block_1_77' title="bbox 319 4300 1968 4383">
    <p class='ocr_par' dir='ltr' id='par_1_77' title="bbox 319 4300 1968 4383">
     <span class='ocr_line' id='line_1_77' title="bbox 319 4300 1968 4383; baseline -0.004 -17"><span class='ocrx_word' id='word_1_564' title='bbox 319 4308 410 4365; x_wconf 75' lang='grc' dir='ltr'>διὰ</span> <span class='ocrx_word' id='word_1_565' title='bbox 460 4313 556 4365; x_wconf 87' lang='lat'><strong>105</strong></span> <span class='ocrx_word' id='word_1_566' title='bbox 614 4306 849 4383; x_wconf 88' lang='grc' dir='ltr'>λουτροῦ</span> <span class='ocrx_word' id='word_1_567' title='bbox 880 4304 1330 4381; x_wconf 82' lang='grc' dir='ltr'>ἁναγεννώμενοι,</span> <span class='ocrx_word' id='word_1_568' title='bbox 1357 4300 1452 4356; x_wconf 67' lang='grc' dir='ltr'>ἵνα</span> <span class='ocrx_word' id='word_1_569' title='bbox 1483 4302 1676 4376; x_wconf 74' lang='grc' dir='ltr'>μηκέτι</span> <span class='ocrx_word' id='word_1_570' title='bbox 1707 4304 1843 4359; x_wconf 81' lang='grc' dir='ltr'>κατὰ</span> <span class='ocrx_word' id='word_1_571' title='bbox 1868 4304 1968 4373; x_wconf 84' lang='grc' dir='ltr'>τήν</span> 
     </span>
    </p>
   </div>
   <div class='ocr_carea' id='block_1_78' title="bbox 316 4389 1973 4475">
    <p class='ocr_par' dir='ltr' id='par_1_78' title="bbox 316 4389 1973 4475">
     <span class='ocr_line' id='line_1_78' title="bbox 316 4389 1973 4475; baseline -0.004 -21"><span class='ocrx_word' id='word_1_572' title='bbox 316 4399 539 4475; x_wconf 87' lang='grc' dir='ltr'>πρώτην</span> <span class='ocrx_word' id='word_1_573' title='bbox 571 4396 775 4473; x_wconf 72' lang='grc' dir='ltr'>γένεσιν</span> <span class='ocrx_word' id='word_1_574' title='bbox 827 4394 1281 4465; x_wconf 81' lang='grc' dir='ltr'>ἀποθνήσκωμεν,</span> <span class='ocrx_word' id='word_1_575' title='bbox 1341 4389 1487 4447; x_wconf 75' lang='grc' dir='ltr'>ἀλλὰ</span> <span class='ocrx_word' id='word_1_576' title='bbox 1539 4393 1675 4447; x_wconf 81' lang='grc' dir='ltr'>κατὰ</span> <span class='ocrx_word' id='word_1_577' title='bbox 1730 4394 1827 4463; x_wconf 81' lang='grc' dir='ltr'>τὴν</span> <span class='ocrx_word' id='word_1_578' title='bbox 1882 4414 1973 4449; x_wconf 88' lang='grc' dir='ltr'>πε-</span> 
     </span>
    </p>
   </div>
   <div class='ocr_carea' id='block_1_79' title="bbox 318 4479 1971 4564">
    <p class='ocr_par' dir='ltr' id='par_1_79' title="bbox 318 4479 1971 4564">
     <span class='ocr_line' id='line_1_79' title="bbox 318 4479 1971 4564; baseline -0.004 -21"><span class='ocrx_word' id='word_1_579' title='bbox 318 4488 552 4564; x_wconf 80' lang='grc' dir='ltr'>ριτομὴν</span> <span class='ocrx_word' id='word_1_580' title='bbox 611 4491 712 4555; x_wconf 78' lang='grc' dir='ltr'>τῆς</span> <span class='ocrx_word' id='word_1_581' title='bbox 771 4480 1112 4544; x_wconf 82' lang='grc' dir='ltr'>ἁπεκδύσεως</span> <span class='ocrx_word' id='word_1_582' title='bbox 1168 4483 1268 4536; x_wconf 89' lang='lat'><strong>105</strong></span> <span class='ocrx_word' id='word_1_583' title='bbox 1326 4481 1601 4555; x_wconf 84' lang='grc' dir='ltr'>σώματος,</span> <span class='ocrx_word' id='word_1_584' title='bbox 1632 4483 1693 4551; x_wconf 79' lang='grc' dir='ltr'>ἣν</span> <span class='ocrx_word' id='word_1_585' title='bbox 1728 4479 1817 4537; x_wconf 80' lang='grc' dir='ltr'>διὰ</span> <span class='ocrx_word' id='word_1_586' title='bbox 1872 4487 1971 4538; x_wconf 88' lang='lat'><strong>105</strong></span> 
     </span>
    </p>
   </div>
   <div class='ocr_carea' id='block_1_80' title="bbox 318 4568 1967 4651">
    <p class='ocr_par' dir='ltr' id='par_1_80' title="bbox 318 4568 1967 4651">
     <span class='ocr_line' id='line_1_80' title="bbox 318 4568 1967 4651; baseline -0.004 -19"><span class='ocrx_word' id='word_1_587' title='bbox 318 4575 557 4651; x_wconf 86' lang='grc' dir='ltr'>λουτροῦ</span> <span class='ocrx_word' id='word_1_588' title='bbox 588 4570 1107 4644; x_wconf 82' lang='grc' dir='ltr'>ἀπεκδιδυσκόμεθα.</span> <span class='ocrx_word' id='word_1_589' title='bbox 1144 4570 1417 4643; x_wconf 77' lang='grc' dir='ltr'>ζήσωμεν.</span> <span class='ocrx_word' id='word_1_590' title='bbox 1448 4571 1652 4647; x_wconf 85' lang='grc' dir='ltr'>Ὥσπερ</span> <span class='ocrx_word' id='word_1_591' title='bbox 1710 4568 1767 4625; x_wconf 78' lang='grc' dir='ltr'>δὲ</span> <span class='ocrx_word' id='word_1_592' title='bbox 1824 4573 1967 4627; x_wconf 80' lang='grc' dir='ltr'>εἶπεν</span> 
     </span>
    </p>
   </div>
   <div class='ocr_carea' id='block_1_81' title="bbox 2070 3414 3723 3483">
    <p class='ocr_par' dir='ltr' id='par_1_81' title="bbox 2070 3414 3723 3483">
     <span class='ocr_line' id='line_1_81' title="bbox 2070 3414 3723 3483; baseline 0.007 -14"><span class='ocrx_word' id='word_1_593' title='bbox 2070 3415 2203 3471; x_wconf 90' lang='lat' dir='ltr'><strong>illos</strong></span> <span class='ocrx_word' id='word_1_594' title='bbox 2256 3414 2487 3469; x_wconf 86' lang='lat' dir='ltr'><strong>induxit</strong></span> <span class='ocrx_word' id='word_1_595' title='bbox 2532 3415 2841 3483; x_wconf 90' lang='lat' dir='ltr'><strong>Dominus,</strong></span> <span class='ocrx_word' id='word_1_596' title='bbox 2890 3417 2997 3471; x_wconf 86' lang='lat' dir='ltr'><strong>ﬁlii</strong></span> <span class='ocrx_word' id='word_1_597' title='bbox 3043 3420 3538 3480; x_wconf 82' lang='lat' dir='ltr'><strong>existimarentur.</strong></span> <span class='ocrx_word' id='word_1_598' title='bbox 3591 3425 3723 3481; x_wconf 68' lang='lat' dir='ltr'><strong>Haec</strong></span> 
     </span>
    </p>
   </div>
   <div class='ocr_carea' id='block_1_82' title="bbox 2075 3502 3726 3578">
    <p class='ocr_par' dir='ltr' id='par_1_82' title="bbox 2075 3502 3726 3578">
     <span class='ocr_line' id='line_1_82' title="bbox 2075 3502 3726 3578; baseline 0.005 -18"><span class='ocrx_word' id='word_1_599' title='bbox 2075 3520 2208 3560; x_wconf 92' lang='lat' dir='ltr'><strong>cum</strong></span> <span class='ocrx_word' id='word_1_600' title='bbox 2238 3503 2320 3559; x_wconf 88' lang='lat' dir='ltr'><strong>ita</strong></span> <span class='ocrx_word' id='word_1_601' title='bbox 2370 3519 2432 3559; x_wconf 90' lang='lat' dir='ltr'><strong>se</strong></span> <span class='ocrx_word' id='word_1_602' title='bbox 2472 3502 2749 3572; x_wconf 87' lang='lat' dir='ltr'><strong>habeant,</strong></span> <span class='ocrx_word' id='word_1_603' title='bbox 2782 3505 3011 3561; x_wconf 89' lang='lat' dir='ltr'><strong>videtur</strong></span> <span class='ocrx_word' id='word_1_604' title='bbox 3062 3525 3305 3578; x_wconf 89' lang='lat' dir='ltr'><strong>prorsus</strong></span> <span class='ocrx_word' id='word_1_605' title='bbox 3356 3511 3726 3570; x_wconf 88' lang='lat' dir='ltr'><strong>circumcisio</strong></span> 
     </span>
    </p>
   </div>
   <div class='ocr_carea' id='block_1_83' title="bbox 2074 3591 3730 3671">
    <p class='ocr_par' dir='ltr' id='par_1_83' title="bbox 2074 3591 3730 3671">
     <span class='ocr_line' id='line_1_83' title="bbox 2074 3591 3730 3671; baseline 0.007 -23"><span class='ocrx_word' id='word_1_606' title='bbox 2074 3595 2213 3648; x_wconf 87' lang='lat' dir='ltr'><strong>data</strong></span> <span class='ocrx_word' id='word_1_607' title='bbox 2261 3591 2462 3660; x_wconf 80' lang='lat' dir='ltr'><strong>fuisse,</strong></span> <span class='ocrx_word' id='word_1_608' title='bbox 2497 3596 2563 3647; x_wconf 93' lang='lat' dir='ltr'><strong>ut</strong></span> <span class='ocrx_word' id='word_1_609' title='bbox 2615 3593 2995 3664; x_wconf 80' lang='lat' dir='ltr'><strong>approbrium</strong></span> <span class='ocrx_word' id='word_1_610' title='bbox 3044 3599 3286 3654; x_wconf 63' lang='lat' dir='ltr'><strong>terrena</strong></span> <span class='ocrx_word' id='word_1_611' title='bbox 3336 3601 3730 3671; x_wconf 73' lang='lat' dir='ltr'><strong>generationis</strong></span> 
     </span>
    </p>
   </div>
   <div class='ocr_carea' id='block_1_84' title="bbox 2074 3679 3729 3759">
    <p class='ocr_par' dir='ltr' id='par_1_84' title="bbox 2074 3679 3729 3759">
     <span class='ocr_line' id='line_1_84' title="bbox 2074 3679 3729 3759; baseline 0.005 -22"><span class='ocrx_word' id='word_1_612' title='bbox 2074 3682 2146 3737; x_wconf 88' lang='lat' dir='ltr'><strong>ab</strong></span> <span class='ocrx_word' id='word_1_613' title='bbox 2177 3679 2564 3737; x_wconf 88' lang='lat' dir='ltr'><strong>Abrahimitis</strong></span> <span class='ocrx_word' id='word_1_614' title='bbox 2603 3680 2926 3749; x_wconf 87' lang='lat' dir='ltr'><strong>tolleretur,</strong></span> <span class='ocrx_word' id='word_1_615' title='bbox 2959 3688 3016 3738; x_wconf 91' lang='lat' dir='ltr'><strong>et</strong></span> <span class='ocrx_word' id='word_1_616' title='bbox 3046 3702 3159 3740; x_wconf 89' lang='lat' dir='ltr'><strong>non</strong></span> <span class='ocrx_word' id='word_1_617' title='bbox 3205 3687 3462 3759; x_wconf 88' lang='lat' dir='ltr'><strong>amplius</strong></span> <span class='ocrx_word' id='word_1_618' title='bbox 3493 3691 3729 3747; x_wconf 86' lang='lat' dir='ltr'><strong>obnoxii</strong></span> 
     </span>
    </p>
   </div>
   <div class='ocr_carea' id='block_1_85' title="bbox 2075 3769 3730 3844">
    <p class='ocr_par' dir='ltr' id='par_1_85' title="bbox 2075 3769 3730 3844">
     <span class='ocr_line' id='line_1_85' title="bbox 2075 3769 3730 3844; baseline 0.005 -18"><span class='ocrx_word' id='word_1_619' title='bbox 2075 3786 2344 3826; x_wconf 91' lang='lat' dir='ltr'><strong>essemus</strong></span> <span class='ocrx_word' id='word_1_620' title='bbox 2388 3769 2529 3825; x_wconf 85' lang='lat' dir='ltr'><strong>huic</strong></span> <span class='ocrx_word' id='word_1_621' title='bbox 2575 3769 2887 3827; x_wconf 83' lang='lat' dir='ltr'><strong>maledicto</strong></span> <span class='ocrx_word' id='word_1_622' title='bbox 2922 3790 2993 3827; x_wconf 86' lang='lat'><strong>:«</strong></span> <span class='ocrx_word' id='word_1_623' title='bbox 3026 3774 3211 3831; x_wconf 88' lang='lat' dir='ltr'><strong>Terra</strong></span> <span class='ocrx_word' id='word_1_624' title='bbox 3257 3792 3341 3844; x_wconf 91' lang='lat' dir='ltr'><strong>es,</strong></span> <span class='ocrx_word' id='word_1_625' title='bbox 3392 3784 3446 3835; x_wconf 80' lang='lat' dir='ltr'><strong>et</strong></span> <span class='ocrx_word' id='word_1_626' title='bbox 3502 3779 3564 3834; x_wconf 91' lang='lat' dir='ltr'><strong>in</strong></span> <span class='ocrx_word' id='word_1_627' title='bbox 3612 3785 3730 3835; x_wconf 88' lang='lat' dir='ltr'><strong>ter-</strong></span> 
     </span>
    </p>
   </div>
   <div class='ocr_carea' id='block_1_86' title="bbox 2079 3858 3730 3939">
    <p class='ocr_par' dir='ltr' id='par_1_86' title="bbox 2079 3858 3730 3939">
     <span class='ocr_line' id='line_1_86' title="bbox 2079 3858 3730 3939; baseline 0.007 -25"><span class='ocrx_word' id='word_1_628' title='bbox 2079 3876 2204 3916; x_wconf 90' lang='lat' dir='ltr'><strong>ram</strong></span> <span class='ocrx_word' id='word_1_629' title='bbox 2264 3859 2645 3915; x_wconf 83' lang='lat' dir='ltr'><strong>reverteris.»</strong></span> <span class='ocrx_word' id='word_1_630' title='bbox 2676 3858 2952 3916; x_wconf 83' lang='lat' dir='ltr'><strong>Ablatum</strong></span> <span class='ocrx_word' id='word_1_631' title='bbox 3005 3868 3094 3917; x_wconf 88' lang='lat' dir='ltr'><strong>est</strong></span> <span class='ocrx_word' id='word_1_632' title='bbox 3139 3865 3295 3920; x_wconf 87' lang='lat' dir='ltr'><strong>enim</strong></span> <span class='ocrx_word' id='word_1_633' title='bbox 3345 3868 3730 3939; x_wconf 89' lang='lat' dir='ltr'><strong>opprobrium</strong></span> 
     </span>
    </p>
   </div>
   <div class='ocr_carea' id='block_1_87' title="bbox 2077 3948 3735 4029">
    <p class='ocr_par' dir='ltr' id='par_1_87' title="bbox 2077 3948 3735 4029">
     <span class='ocr_line' id='line_1_87' title="bbox 2077 3948 3735 4029; baseline 0.005 -25"><span class='ocrx_word' id='word_1_634' title='bbox 2077 3948 2295 4005; x_wconf 88' lang='lat' dir='ltr'><strong>delicti.</strong></span> <span class='ocrx_word' id='word_1_635' title='bbox 2330 3948 2391 4003; x_wconf 90' lang='lat' dir='ltr'><strong>Id</strong></span> <span class='ocrx_word' id='word_1_636' title='bbox 2422 3953 2620 4004; x_wconf 90' lang='lat' dir='ltr'><strong>autem</strong></span> <span class='ocrx_word' id='word_1_637' title='bbox 2661 3952 2803 4003; x_wconf 90' lang='lat' dir='ltr'><strong>tunc</strong></span> <span class='ocrx_word' id='word_1_638' title='bbox 2847 3950 3068 4005; x_wconf 85' lang='lat' dir='ltr'><strong>factum</strong></span> <span class='ocrx_word' id='word_1_639' title='bbox 3099 3957 3188 4007; x_wconf 87' lang='lat' dir='ltr'><strong>est</strong></span> <span class='ocrx_word' id='word_1_640' title='bbox 3217 3953 3276 4008; x_wconf 93' lang='lat' dir='ltr'><strong>in</strong></span> <span class='ocrx_word' id='word_1_641' title='bbox 3306 3954 3557 4027; x_wconf 83' lang='lat' dir='ltr'><strong>ﬁguram</strong></span> <span class='ocrx_word' id='word_1_642' title='bbox 3588 3957 3735 4029; x_wconf 90' lang='lat' dir='ltr'><strong>bap-</strong></span> 
     </span>
    </p>
   </div>
   <div class='ocr_carea' id='block_1_88' title="bbox 2077 4036 3737 4118">
    <p class='ocr_par' dir='ltr' id='par_1_88' title="bbox 2077 4036 3737 4118">
     <span class='ocr_line' id='line_1_88' title="bbox 2077 4036 3737 4118; baseline 0.006 -25"><span class='ocrx_word' id='word_1_643' title='bbox 2077 4038 2334 4094; x_wconf 88' lang='lat' dir='ltr'><strong>tismatis</strong></span> <span class='ocrx_word' id='word_1_644' title='bbox 2382 4036 2815 4108; x_wconf 61' lang='lat' dir='ltr'><strong>perﬁhristum</strong></span> <span class='ocrx_word' id='word_1_645' title='bbox 2869 4038 3011 4094; x_wconf 86' lang='lat' dir='ltr'><strong>dati.</strong></span> <span class='ocrx_word' id='word_1_646' title='bbox 3043 4044 3203 4098; x_wconf 89' lang='lat' dir='ltr'><strong>Tunc</strong></span> <span class='ocrx_word' id='word_1_647' title='bbox 3250 4042 3408 4099; x_wconf 92' lang='lat' dir='ltr'><strong>enim</strong></span> <span class='ocrx_word' id='word_1_648' title='bbox 3456 4061 3525 4101; x_wconf 85' lang='lat' dir='ltr'><strong>ex</strong></span> <span class='ocrx_word' id='word_1_649' title='bbox 3570 4050 3737 4118; x_wconf 87' lang='lat' dir='ltr'><strong>parte</strong></span> 
     </span>
    </p>
   </div>
   <div class='ocr_carea' id='block_1_89' title="bbox 2082 4125 3739 4205">
    <p class='ocr_par' dir='ltr' id='par_1_89' title="bbox 2082 4125 3739 4205">
     <span class='ocr_line' id='line_1_89' title="bbox 2082 4125 3739 4205; baseline 0.007 -24"><span class='ocrx_word' id='word_1_650' title='bbox 2082 4144 2174 4182; x_wconf 90' lang='lat' dir='ltr'><strong>res</strong></span> <span class='ocrx_word' id='word_1_651' title='bbox 2223 4126 2537 4199; x_wconf 87' lang='lat' dir='ltr'><strong>gerebatur</strong></span> <span class='ocrx_word' id='word_1_652' title='bbox 2584 4125 2756 4196; x_wconf 91' lang='lat' dir='ltr'><strong>quasi</strong></span> <span class='ocrx_word' id='word_1_653' title='bbox 2806 4126 2867 4181; x_wconf 91' lang='lat' dir='ltr'><strong>in</strong></span> <span class='ocrx_word' id='word_1_654' title='bbox 2918 4129 3161 4197; x_wconf 89' lang='lat' dir='ltr'><strong>umbra;</strong></span> <span class='ocrx_word' id='word_1_655' title='bbox 3205 4148 3360 4187; x_wconf 92' lang='lat' dir='ltr'><strong>nunc</strong></span> <span class='ocrx_word' id='word_1_656' title='bbox 3419 4140 3639 4205; x_wconf 89' lang='lat' dir='ltr'><strong>autem,</strong></span> <span class='ocrx_word' id='word_1_657' title='bbox 3670 4140 3739 4193; x_wconf 91' lang='lat' dir='ltr'><strong>ut</strong></span> 
     </span>
    </p>
   </div>
   <div class='ocr_carea' id='block_1_90' title="bbox 2082 4212 3739 4293">
    <p class='ocr_par' dir='ltr' id='par_1_90' title="bbox 2082 4212 3739 4293">
     <span class='ocr_line' id='line_1_90' title="bbox 2082 4212 3739 4293; baseline 0.006 -22"><span class='ocrx_word' id='word_1_658' title='bbox 2082 4215 2230 4271; x_wconf 84' lang='lat' dir='ltr'><strong>dixit</strong></span> <span class='ocrx_word' id='word_1_659' title='bbox 2286 4212 2633 4285; x_wconf 84' lang='lat' dir='ltr'><strong>Apostolus,</strong></span> <span class='ocrx_word' id='word_1_660' title='bbox 2690 4217 2872 4270; x_wconf 85' lang='lat' dir='ltr'><strong>totam</strong></span> <span class='ocrx_word' id='word_1_661' title='bbox 2944 4221 3239 4275; x_wconf 88' lang='lat' dir='ltr'><strong>terrenam</strong></span> <span class='ocrx_word' id='word_1_662' title='bbox 3299 4224 3739 4293; x_wconf 83' lang='lat' dir='ltr'><strong>generationem</strong></span> 
     </span>
    </p>
   </div>
   <div class='ocr_carea' id='block_1_91' title="bbox 2081 4301 3740 4377">
    <p class='ocr_par' dir='ltr' id='par_1_91' title="bbox 2081 4301 3740 4377">
     <span class='ocr_line' id='line_1_91' title="bbox 2081 4301 3740 4377; baseline 0.006 -18"><span class='ocrx_word' id='word_1_663' title='bbox 2081 4303 2376 4372; x_wconf 85' lang='lat' dir='ltr'><strong>exuimus,</strong></span> <span class='ocrx_word' id='word_1_664' title='bbox 2425 4318 2527 4374; x_wconf 86' lang='lat' dir='ltr'><strong>per</strong></span> <span class='ocrx_word' id='word_1_665' title='bbox 2580 4301 2877 4358; x_wconf 82' lang='lat' dir='ltr'><strong>lavacrum</strong></span> <span class='ocrx_word' id='word_1_666' title='bbox 2928 4308 3273 4377; x_wconf 86' lang='lat' dir='ltr'><strong>regenerati,</strong></span> <span class='ocrx_word' id='word_1_667' title='bbox 3316 4315 3382 4366; x_wconf 87' lang='lat' dir='ltr'><strong>ut</strong></span> <span class='ocrx_word' id='word_1_668' title='bbox 3436 4329 3553 4367; x_wconf 89' lang='lat' dir='ltr'><strong>non</strong></span> <span class='ocrx_word' id='word_1_669' title='bbox 3612 4330 3740 4369; x_wconf 90' lang='lat' dir='ltr'><strong>am-</strong></span> 
     </span>
    </p>
   </div>
   <div class='ocr_carea' id='block_1_92' title="bbox 2081 4390 3716 4466">
    <p class='ocr_par' dir='ltr' id='par_1_92' title="bbox 2081 4390 3716 4466">
     <span class='ocr_line' id='line_1_92' title="bbox 2081 4390 3716 4466; baseline 0.007 -18"><span class='ocrx_word' id='word_1_670' title='bbox 2081 4393 2237 4466; x_wconf 90' lang='lat' dir='ltr'><strong>plius</strong></span> <span class='ocrx_word' id='word_1_671' title='bbox 2270 4392 2599 4448; x_wconf 90' lang='lat' dir='ltr'><strong>secundum</strong></span> <span class='ocrx_word' id='word_1_672' title='bbox 2630 4390 2885 4462; x_wconf 85' lang='lat' dir='ltr'><strong>priorem</strong></span> <span class='ocrx_word' id='word_1_673' title='bbox 2919 4398 3357 4465; x_wconf 87' lang='lat' dir='ltr'><strong>generationem</strong></span> <span class='ocrx_word' id='word_1_674' title='bbox 3390 4403 3716 4458; x_wconf 89' lang='lat' dir='ltr'><strong>moriamur</strong></span> 
     </span>
    </p>
   </div>
   <div class='ocr_carea' id='block_1_93' title="bbox 2080 4480 3743 4560">
    <p class='ocr_par' dir='ltr' id='par_1_93' title="bbox 2080 4480 3743 4560">
     <span class='ocr_line' id='line_1_93' title="bbox 2080 4480 3743 4560; baseline 0.005 -21"><span class='ocrx_word' id='word_1_675' title='bbox 2080 4483 2181 4539; x_wconf 84' lang='lat' dir='ltr'><strong>sed</strong></span> <span class='ocrx_word' id='word_1_676' title='bbox 2214 4481 2542 4538; x_wconf 90' lang='lat' dir='ltr'><strong>secundum</strong></span> <span class='ocrx_word' id='word_1_677' title='bbox 2595 4480 3126 4554; x_wconf 87' lang='lat' dir='ltr'><strong>circumcisionem,</strong></span> <span class='ocrx_word' id='word_1_678' title='bbox 3158 4502 3276 4556; x_wconf 90' lang='lat' dir='ltr'><strong>qua</strong></span> <span class='ocrx_word' id='word_1_679' title='bbox 3302 4503 3516 4560; x_wconf 89' lang='lat' dir='ltr'><strong>corpus</strong></span> <span class='ocrx_word' id='word_1_680' title='bbox 3567 4494 3743 4548; x_wconf 81' lang='lat' dir='ltr'><strong>exui-</strong></span> 
     </span>
    </p>
   </div>
   <div class='ocr_carea' id='block_1_94' title="bbox 2079 4568 3741 4646">
    <p class='ocr_par' dir='ltr' id='par_1_94' title="bbox 2079 4568 3741 4646">
     <span class='ocr_line' id='line_1_94' title="bbox 2079 4568 3741 4646; baseline 0.006 -19"><span class='ocrx_word' id='word_1_681' title='bbox 2079 4576 2199 4643; x_wconf 89' lang='lat' dir='ltr'><strong>tur,</strong></span> <span class='ocrx_word' id='word_1_682' title='bbox 2231 4588 2407 4643; x_wconf 89' lang='lat' dir='ltr'><strong>quam</strong></span> <span class='ocrx_word' id='word_1_683' title='bbox 2442 4586 2545 4642; x_wconf 89' lang='lat' dir='ltr'><strong>per</strong></span> <span class='ocrx_word' id='word_1_684' title='bbox 2574 4568 2872 4625; x_wconf 87' lang='lat' dir='ltr'><strong>lavacrum</strong></span> <span class='ocrx_word' id='word_1_685' title='bbox 2917 4588 3023 4628; x_wconf 91' lang='lat' dir='ltr'><strong>nos</strong></span> <span class='ocrx_word' id='word_1_686' title='bbox 3053 4575 3348 4646; x_wconf 82' lang='lat' dir='ltr'><strong>exuimus,</strong></span> <span class='ocrx_word' id='word_1_687' title='bbox 3378 4577 3645 4637; x_wconf 89' lang='lat' dir='ltr'><strong>vivamus</strong></span> <span class='ocrx_word' id='word_1_688' title='bbox 3673 4582 3741 4617; x_wconf 75' lang='grc' dir='ltr'><strong>¹¹ο</strong></span> 
     </span>
    </p>
   </div>
   <div class='ocr_carea' id='block_1_95' title="bbox 316 4656 1960 4741">
    <p class='ocr_par' dir='ltr' id='par_1_95' title="bbox 316 4656 1960 4741">
     <span class='ocr_line' id='line_1_95' title="bbox 316 4656 1960 4741; baseline -0.005 -20"><span class='ocrx_word' id='word_1_689' title='bbox 316 4666 346 4720; x_wconf 87' lang='grc' dir='ltr'><strong>ὀ</strong></span> <span class='ocrx_word' id='word_1_690' title='bbox 399 4664 599 4741; x_wconf 85' lang='grc' dir='ltr'>Κύριος</span> <span class='ocrx_word' id='word_1_691' title='bbox 654 4666 735 4735; x_wconf 81' lang='grc' dir='ltr'>τῷ</span> <span class='ocrx_word' id='word_1_692' title='bbox 795 4662 995 4731; x_wconf 74' lang='grc' dir='ltr'>Ἰησοῦο</span> <span class='ocrx_word' id='word_1_693' title='bbox 1039 4682 1068 4711; x_wconf 88' lang='grc'><strong>‹‹</strong></span> <span class='ocrx_word' id='word_1_694' title='bbox 1105 4657 1357 4736; x_wconf 78' lang='grc' dir='ltr'>Ἀφεῖλον</span> <span class='ocrx_word' id='word_1_695' title='bbox 1388 4657 1480 4713; x_wconf 91' lang='grc' dir='ltr'><strong>τὸν</strong></span> <span class='ocrx_word' id='word_1_696' title='bbox 1511 4656 1817 4735; x_wconf 86' lang='grc' dir='ltr'>ὀνειδισμὸν</span> <span class='ocrx_word' id='word_1_697' title='bbox 1874 4663 1960 4720; x_wconf 84' lang='grc' dir='ltr'><strong>Αἰ.</strong></span> 
     </span>
    </p>
   </div>
   <div class='ocr_carea' id='block_1_96' title="bbox 2076 4656 3739 4741">
    <p class='ocr_par' dir='ltr' id='par_1_96' title="bbox 2086 4657 3739 4726">
     <span class='ocr_line' id='line_1_96' title="bbox 2086 4657 3739 4726; baseline 0.007 -10"><span class='ocrx_word' id='word_1_698' title='bbox 2086 4660 2159 4717; x_wconf 89' lang='lat' dir='ltr'><strong>Ut</strong></span> <span class='ocrx_word' id='word_1_699' title='bbox 2206 4664 2402 4716; x_wconf 89' lang='lat' dir='ltr'><strong>autem</strong></span> <span class='ocrx_word' id='word_1_700' title='bbox 2452 4657 2598 4713; x_wconf 86' lang='lat' dir='ltr'><strong>dixit</strong></span> <span class='ocrx_word' id='word_1_701' title='bbox 2654 4659 2941 4716; x_wconf 90' lang='lat' dir='ltr'><strong>Dominus</strong></span> <span class='ocrx_word' id='word_1_702' title='bbox 2994 4661 3134 4718; x_wconf 91' lang='lat' dir='ltr'><strong>Jesu</strong></span> <span class='ocrx_word' id='word_1_703' title='bbox 3171 4682 3185 4719; x_wconf 87' lang='lat'><strong>:</strong></span> <span class='ocrx_word' id='word_1_704' title='bbox 3217 4684 3240 4713; x_wconf 74' lang='grc' dir='ltr'><strong>ι</strong></span> <span class='ocrx_word' id='word_1_705' title='bbox 3272 4666 3456 4723; x_wconf 88' lang='lat' dir='ltr'><strong>Hodie</strong></span> <span class='ocrx_word' id='word_1_706' title='bbox 3517 4671 3739 4726; x_wconf 86' lang='lat' dir='ltr'><strong>abstuli</strong></span> 
     </span>
    </p>
   </div>
   <div class='ocr_carea' id='block_1_97' title="bbox 315 4745 1979 4830">
    <p class='ocr_par' dir='ltr' id='par_1_97' title="bbox 315 4745 1979 4830">
     <span class='ocr_line' id='line_1_97' title="bbox 315 4745 1979 4830; baseline 0.02 -53"><span class='ocrx_word' id='word_1_707' title='bbox 315 4754 531 4830; x_wconf 67' lang='grc' dir='ltr'>γύπτου</span> <span class='ocrx_word' id='word_1_708' title='bbox 592 4752 643 4806; x_wconf 62' lang='grc' dir='ltr'><strong>ἐν</strong></span> <span class='ocrx_word' id='word_1_709' title='bbox 701 4748 773 4825; x_wconf 69' lang='grc' dir='ltr'><strong>τῇ</strong></span> <span class='ocrx_word' id='word_1_710' title='bbox 832 4750 1069 4825; x_wconf 65' lang='grc' dir='ltr'>σήμερον</span> <span class='ocrx_word' id='word_1_711' title='bbox 1129 4745 1331 4822; x_wconf 71' lang='grc' dir='ltr'>ἡμέρᾳ,</span> <span class='ocrx_word' id='word_1_712' title='bbox 1368 4748 1457 4825; x_wconf 78' lang='grc' dir='ltr'><strong>ἀφ’</strong></span> <span class='ocrx_word' id='word_1_713' title='bbox 1516 4749 1689 4822; x_wconf 81' lang='grc' dir='ltr'>ὑμῶν·</span> <span class='ocrx_word' id='word_1_714' title='bbox 1725 4775 1753 4804; x_wconf 88' lang='grc'><strong>››</strong></span> <span class='ocrx_word' id='word_1_715' title='bbox 1806 4753 1979 4819; x_wconf 75' lang='grc' dir='ltr'>οὕτως</span> 
     </span>
    </p>
   </div>
   <div class='ocr_carea' id='block_1_98' title="bbox 318 4836 1981 4917">
    <p class='ocr_par' dir='ltr' id='par_1_98' title="bbox 318 4836 1981 4917">
     <span class='ocr_line' id='line_1_98' title="bbox 318 4836 1981 4917; baseline -0.007 -18"><span class='ocrx_word' id='word_1_716' title='bbox 318 4841 522 4915; x_wconf 82' lang='grc' dir='ltr'>πολλῷ</span> <span class='ocrx_word' id='word_1_717' title='bbox 550 4840 716 4896; x_wconf 70' lang='grc' dir='ltr'>πλᾶον</span> <span class='ocrx_word' id='word_1_718' title='bbox 751 4837 975 4913; x_wconf 84' lang='grc' dir='ltr'>λεχθείη</span> <span class='ocrx_word' id='word_1_719' title='bbox 1011 4836 1070 4891; x_wconf 77' lang='grc' dir='ltr'><strong>ἂν</strong></span> <span class='ocrx_word' id='word_1_720' title='bbox 1103 4836 1311 4909; x_wconf 72' lang='grc' dir='ltr'>ἑκάστῳ</span> <span class='ocrx_word' id='word_1_721' title='bbox 1340 4840 1447 4891; x_wconf 82' lang='grc' dir='ltr'>τῶν</span> <span class='ocrx_word' id='word_1_722' title='bbox 1481 4841 1574 4892; x_wconf 79' lang='grc' dir='ltr'>νῦν</span> <span class='ocrx_word' id='word_1_723' title='bbox 1606 4842 1744 4912; x_wconf 75' lang='grc'>(24¹)</span> <span class='ocrx_word' id='word_1_724' title='bbox 1788 4843 1981 4917; x_wconf 85' lang='grc' dir='ltr'>βαπτι-</span> 
     </span>
    </p>
   </div>
   <div class='ocr_carea' id='block_1_99' title="bbox 325 4924 1986 5004">
    <p class='ocr_par' dir='ltr' id='par_1_99' title="bbox 325 4924 1986 5004">
     <span class='ocr_line' id='line_1_99' title="bbox 325 4924 1986 5004; baseline 0.001 -17"><span class='ocrx_word' id='word_1_725' title='bbox 325 4931 593 5004; x_wconf 71' lang='grc' dir='ltr'>ζομὲνωνο</span> <span class='ocrx_word' id='word_1_726' title='bbox 648 4930 734 4986; x_wconf 87' lang='grc' dir='ltr'><strong>Ἐν</strong></span> <span class='ocrx_word' id='word_1_727' title='bbox 793 4928 863 4999; x_wconf 74' lang='grc' dir='ltr'>τῇ</span> <span class='ocrx_word' id='word_1_728' title='bbox 921 4925 1104 4999; x_wconf 71' lang='grc' dir='ltr'>ἡμέρᾳ</span> <span class='ocrx_word' id='word_1_729' title='bbox 1156 4924 1323 5000; x_wconf 80' lang='grc' dir='ltr'>ταύτῃ</span> <span class='ocrx_word' id='word_1_730' title='bbox 1380 4925 1603 5004; x_wconf 79' lang='grc' dir='ltr'>ἀφεῖλον</span> <span class='ocrx_word' id='word_1_731' title='bbox 1648 4929 1740 4983; x_wconf 90' lang='grc' dir='ltr'><strong>τὸν</strong></span> <span class='ocrx_word' id='word_1_732' title='bbox 1791 4930 1986 4988; x_wconf 81' lang='grc' dir='ltr'>ὀνειδι-</span> 
     </span>
    </p>
   </div>
   <div class='ocr_carea' id='block_1_100' title="bbox 324 5013 1982 5095">
    <p class='ocr_par' dir='ltr' id='par_1_100' title="bbox 324 5013 1982 5095">
     <span class='ocr_line' id='line_1_100' title="bbox 324 5013 1982 5095; baseline 0.002 -25"><span class='ocrx_word' id='word_1_733' title='bbox 324 5020 465 5094; x_wconf 83' lang='grc' dir='ltr'>σμὸν</span> <span class='ocrx_word' id='word_1_734' title='bbox 513 5026 614 5088; x_wconf 85' lang='grc' dir='ltr'>τῆς</span> <span class='ocrx_word' id='word_1_735' title='bbox 672 5014 871 5095; x_wconf 76' lang='grc' dir='ltr'>γηΐνης</span> <span class='ocrx_word' id='word_1_736' title='bbox 930 5014 1211 5091; x_wconf 71' lang='grc' dir='ltr'>γενέσεως,</span> <span class='ocrx_word' id='word_1_737' title='bbox 1271 5013 1363 5070; x_wconf 83' lang='grc' dir='ltr'>καί</span> <span class='ocrx_word' id='word_1_738' title='bbox 1417 5015 1509 5070; x_wconf 91' lang='grc' dir='ltr'><strong>τὸν</strong></span> <span class='ocrx_word' id='word_1_739' title='bbox 1543 5014 1850 5092; x_wconf 86' lang='grc' dir='ltr'>ὀνειδισμὸν</span> <span class='ocrx_word' id='word_1_740' title='bbox 1881 5028 1982 5093; x_wconf 83' lang='grc' dir='ltr'>τῆς</span> 
     </span>
    </p>
   </div>
   <div class='ocr_carea' id='block_1_101' title="bbox 1259 5102 1280 5135">
    <p class='ocr_par' dir='ltr' id='par_1_101' title="bbox 1259 5102 1280 5135">
     <span class='ocr_line' id='line_1_101' title="bbox 1259 5102 1280 5135; baseline 0 0"><span class='ocrx_word' id='word_1_741' title='bbox 1259 5102 1280 5135; x_wconf 75' lang='lat'><strong>1</strong></span> 
     </span>
    </p>
   </div>
   <div class='ocr_carea' id='block_1_102' title="bbox 319 5104 1985 5186">
    <p class='ocr_par' dir='ltr' id='par_1_102' title="bbox 319 5104 1985 5186">
     <span class='ocr_line' id='line_1_102' title="bbox 319 5104 1985 5186; baseline -0.002 -21"><span class='ocrx_word' id='word_1_742' title='bbox 319 5113 423 5165; x_wconf 87' lang='lat'><strong>105</strong></span> <span class='ocrx_word' id='word_1_743' title='bbox 454 5107 684 5173; x_wconf 82' lang='grc' dir='ltr'>θανάτου</span> <span class='ocrx_word' id='word_1_744' title='bbox 716 5110 920 5184; x_wconf 84' lang='grc' dir='ltr'>φθορᾶς</span> <span class='ocrx_word' id='word_1_745' title='bbox 954 5105 1060 5160; x_wconf 81' lang='grc' dir='ltr'><strong>ἀπὸ</strong></span> <span class='ocrx_word' id='word_1_746' title='bbox 1092 5108 1211 5176; x_wconf 83' lang='grc' dir='ltr'>σοῦ,</span> <span class='ocrx_word' id='word_1_747' title='bbox 1258 5104 1309 5159; x_wconf 78' lang='grc' dir='ltr'><strong>ἐν</strong></span> <span class='ocrx_word' id='word_1_748' title='bbox 1362 5104 1432 5180; x_wconf 73' lang='grc' dir='ltr'>τῇ</span> <span class='ocrx_word' id='word_1_749' title='bbox 1482 5107 1720 5185; x_wconf 81' lang='grc' dir='ltr'>σήμερον</span> <span class='ocrx_word' id='word_1_750' title='bbox 1781 5110 1985 5186; x_wconf 78' lang='grc' dir='ltr'>ήμὲρᾳ.</span> 
     </span>
    </p>
   </div>
   <div class='ocr_carea' id='block_1_103' title="bbox 399 5220 1873 5296">
    <p class='ocr_par' dir='ltr' id='par_1_103' title="bbox 399 5220 1873 5296">
     <span class='ocr_line' id='line_1_103' title="bbox 399 5220 1873 5296; baseline 0 -14"><span class='ocrx_word' id='word_1_751' title='bbox 399 5226 421 5262; x_wconf 82' lang='grc'>⁰</span> <span class='ocrx_word' id='word_1_752' title='bbox 449 5226 590 5282; x_wconf 90' lang='lat' dir='ltr'><strong>Gen.</strong></span> <span class='ocrx_word' id='word_1_753' title='bbox 625 5234 711 5296; x_wconf 88' lang='grc' dir='ltr'>ιιι,</span> <span class='ocrx_word' id='word_1_754' title='bbox 745 5223 832 5279; x_wconf 85' lang='grc'><strong>19.</strong></span> <span class='ocrx_word' id='word_1_755' title='bbox 914 5222 957 5258; x_wconf 77' lang='grc' dir='ltr'><strong>ιο</strong></span> <span class='ocrx_word' id='word_1_756' title='bbox 983 5220 1107 5278; x_wconf 87' lang='lat' dir='ltr'><strong>Jos.</strong></span> <span class='ocrx_word' id='word_1_757' title='bbox 1140 5237 1203 5291; x_wconf 88' lang='lat' dir='ltr'><strong>v,</strong></span> <span class='ocrx_word' id='word_1_758' title='bbox 1231 5222 1287 5277; x_wconf 87' lang='lat'><strong>9.</strong></span> <span class='ocrx_word' id='word_1_759' title='bbox 1369 5222 1410 5259; x_wconf 81' lang='grc'>¹¹</span> <span class='ocrx_word' id='word_1_760' title='bbox 1444 5222 1612 5281; x_wconf 81' lang='lat' dir='ltr'><strong>Rom.</strong></span> <span class='ocrx_word' id='word_1_761' title='bbox 1642 5240 1721 5293; x_wconf 76' lang='lat' dir='ltr'><strong>v1,</strong></span> <span class='ocrx_word' id='word_1_762' title='bbox 1754 5227 1873 5283; x_wconf 81' lang='grc'><strong>4-7.</strong></span> 
     </span>
    </p>
   </div>
   <div class='ocr_carea' id='block_1_104' title="bbox 400 5334 1982 5412">
    <p class='ocr_par' dir='ltr' id='par_1_104' title="bbox 400 5334 1982 5412">
     <span class='ocr_line' id='line_1_104' title="bbox 400 5334 1982 5412; baseline 0.002 -17"><span class='ocrx_word' id='word_1_763' title='bbox 400 5340 513 5412; x_wconf 80' lang='grc'>(19)</span> <span class='ocrx_word' id='word_1_764' title='bbox 546 5338 725 5412; x_wconf 85' lang='lat' dir='ltr'><strong>Basil.</strong></span> <span class='ocrx_word' id='word_1_765' title='bbox 757 5334 936 5412; x_wconf 75' lang='grc' dir='ltr'>ἤρκει.</span> <span class='ocrx_word' id='word_1_766' title='bbox 972 5338 1123 5408; x_wconf 85' lang='lat' dir='ltr'><strong>Mox,</strong></span> <span class='ocrx_word' id='word_1_767' title='bbox 1156 5337 1297 5412; x_wconf 76' lang='lat' dir='ltr'><strong>Reg.</strong></span> <span class='ocrx_word' id='word_1_768' title='bbox 1329 5337 1475 5412; x_wconf 79' lang='lat' dir='ltr'><strong>Gob.</strong></span> <span class='ocrx_word' id='word_1_769' title='bbox 1508 5342 1565 5395; x_wconf 83' lang='lat' dir='ltr'><strong>et</strong></span> <span class='ocrx_word' id='word_1_770' title='bbox 1595 5339 1747 5398; x_wconf 80' lang='lat' dir='ltr'><strong>F010.</strong></span> <span class='ocrx_word' id='word_1_771' title='bbox 1782 5360 1822 5411; x_wconf 91' lang='lat' dir='ltr'><strong>I,</strong></span> <span class='ocrx_word' id='word_1_772' title='bbox 1855 5362 1982 5398; x_wconf 88' lang='grc' dir='ltr'>κατ-</span> 
     </span>
    </p>
   </div>
   <div class='ocr_carea' id='block_1_105' title="bbox 322 5408 1986 5489">
    <p class='ocr_par' dir='ltr' id='par_1_105' title="bbox 322 5408 1986 5489">
     <span class='ocr_line' id='line_1_105' title="bbox 322 5408 1986 5489; baseline 0.004 -23"><span class='ocrx_word' id='word_1_773' title='bbox 322 5408 512 5489; x_wconf 50' lang='grc' dir='ltr'>έπαυε.</span> <span class='ocrx_word' id='word_1_774' title='bbox 544 5408 876 5489; x_wconf 72' lang='lat' dir='ltr'><strong>Editi_vero</strong></span> <span class='ocrx_word' id='word_1_775' title='bbox 922 5413 1007 5489; x_wconf 31' lang='grc' dir='ltr'><strong>με.</strong></span> <span class='ocrx_word' id='word_1_776' title='bbox 1026 5408 1816 5489; x_wconf 34' lang='grc' dir='ltr'>ρωῒθνὶέκᾳτὲπαυσεκέίοκ,</span> <span class='ocrx_word' id='word_1_777' title='bbox 1844 5415 1986 5489; x_wconf 85' lang='lat' dir='ltr'><strong>Reg.</strong></span> 
     </span>
    </p>
   </div>
   <div class='ocr_carea' id='block_1_106' title="bbox 319 5476 1860 5558">
    <p class='ocr_par' dir='ltr' id='par_1_106' title="bbox 319 5476 1860 5558">
     <span class='ocr_line' id='line_1_106' title="bbox 319 5476 1860 5558; baseline -0.004 -15"><span class='ocrx_word' id='word_1_778' title='bbox 319 5486 585 5558; x_wconf 47' lang='lat' dir='ltr'><strong>Seguer;</strong></span> <span class='ocrx_word' id='word_1_779' title='bbox 605 5486 661 5539; x_wconf 88' lang='lat' dir='ltr'><strong>et</strong></span> <span class='ocrx_word' id='word_1_780' title='bbox 679 5481 884 5558; x_wconf 87' lang='lat' dir='ltr'><strong>_Gobl.,</strong></span> <span class='ocrx_word' id='word_1_781' title='bbox 903 5476 1189 5558; x_wconf 72' lang='grc' dir='ltr'>δεδόσθαι.</span> <span class='ocrx_word' id='word_1_782' title='bbox 1221 5476 1374 5539; x_wconf 87' lang='lat' dir='ltr'><strong>Editi</strong></span> <span class='ocrx_word' id='word_1_783' title='bbox 1402 5498 1560 5552; x_wconf 89' lang='lat' dir='ltr'><strong>vero,</strong></span> <span class='ocrx_word' id='word_1_784' title='bbox 1592 5476 1860 5549; x_wconf 62' lang='grc' dir='ltr'>δίδοσθαι,</span> 
     </span>
    </p>
   </div>
   <div class='ocr_carea' id='block_1_107' title="bbox 405 5551 1040 5625">
    <p class='ocr_par' dir='ltr' id='par_1_107' title="bbox 405 5551 1040 5625">
     <span class='ocr_line' id='line_1_107' title="bbox 405 5551 1040 5625; baseline -0.002 -14"><span class='ocrx_word' id='word_1_785' title='bbox 405 5551 521 5625; x_wconf 75' lang='lat'><strong>(20)</strong></span> <span class='ocrx_word' id='word_1_786' title='bbox 550 5554 792 5625; x_wconf 78' lang='lat' dir='ltr'><strong>Regius,</strong></span> <span class='ocrx_word' id='word_1_787' title='bbox 821 5551 1040 5625; x_wconf 82' lang='grc' dir='ltr'>τούτου.</span> 
     </span>
    </p>
   </div>
   <div class='ocr_carea' id='block_1_108' title="bbox 428 5571 1633 5705">
    <p class='ocr_par' dir='ltr' id='par_1_108' title="bbox 428 5571 1633 5705">
     <span class='ocr_line' id='line_1_108' title="bbox 428 5571 1633 5705; baseline -0.002 -23"><span class='ocrx_word' id='word_1_788' title='bbox 428 5571 521 5705; x_wconf 52' lang='grc' dir='ltr'><strong>Ξῖ)</strong></span> <span class='ocrx_word' id='word_1_789' title='bbox 817 5572 1048 5705; x_wconf 52' lang='grc' dir='ltr'><strong>ἔὲἷῗτῷἒ..</strong></span> <span class='ocrx_word' id='word_1_790' title='bbox 1077 5641 1117 5695; x_wconf 82' lang='lat'><strong>1,</strong></span> <span class='ocrx_word' id='word_1_791' title='bbox 1149 5622 1244 5705; x_wconf 50' lang='grc' dir='ltr'><strong>καὶ</strong></span> <span class='ocrx_word' id='word_1_792' title='bbox 1272 5621 1328 5705; x_wconf 61' lang='grc' dir='ltr'><strong>ἐν</strong></span> <span class='ocrx_word' id='word_1_793' title='bbox 1351 5622 1444 5705; x_wconf 54' lang='grc' dir='ltr'><strong>τεξ-</strong></span> <span class='ocrx_word' id='word_1_794' title='bbox 1462 5625 1633 5705; x_wconf 60' lang='grc' dir='ltr'><strong>Ναυῇ.</strong></span> 
     </span>
    </p>
   </div>
   <div class='ocr_carea' id='block_1_109' title="bbox 430 5679 1995 5772">
    <p class='ocr_par' dir='ltr' id='par_1_109' title="bbox 430 5679 1995 5772">
     <span class='ocr_line' id='line_1_109' title="bbox 430 5679 1995 5772; baseline 0.002 -19"><span class='ocrx_word' id='word_1_795' title='bbox 1172 5693 1355 5772; x_wconf 62' lang='grc' dir='ltr'><strong>ἀὸτῷ·</strong></span> <span class='ocrx_word' id='word_1_796' title='bbox 1390 5679 1475 5749; x_wconf 71' lang='lat' dir='ltr'><strong>&quot;Ev</strong></span> <span class='ocrx_word' id='word_1_797' title='bbox 1510 5679 1794 5772; x_wconf 68' lang='lat' dir='ltr'><strong>615p.._</strong></span> <span class='ocrx_word' id='word_1_798' title='bbox 1816 5699 1995 5772; x_wconf 80' lang='lat' dir='ltr'><strong>Infra,</strong></span> 
     </span>
    </p>
   </div>
   <div class='ocr_carea' id='block_1_110' title="bbox 332 5764 2001 5845">
    <p class='ocr_par' dir='ltr' id='par_1_110' title="bbox 332 5764 2001 5845">
     <span class='ocr_line' id='line_1_110' title="bbox 332 5764 2001 5845; baseline 0.002 -18"><span class='ocrx_word' id='word_1_799' title='bbox 332 5764 485 5845; x_wconf 75' lang='lat' dir='ltr'><strong>Reg.</strong></span> <span class='ocrx_word' id='word_1_800' title='bbox 506 5764 759 5844; x_wconf 65' lang='lat' dir='ltr'><strong>&#39;Segner.</strong></span> <span class='ocrx_word' id='word_1_801' title='bbox 792 5765 960 5826; x_wconf 86' lang='lat' dir='ltr'><strong>Gobl.</strong></span> <span class='ocrx_word' id='word_1_802' title='bbox 991 5764 1049 5825; x_wconf 72' lang='lat' dir='ltr'><strong>et</strong></span> <span class='ocrx_word' id='word_1_803' title='bbox 1088 5766 1244 5825; x_wconf 87' lang='lat' dir='ltr'><strong>Felc.</strong></span> <span class='ocrx_word' id='word_1_804' title='bbox 1276 5764 1317 5839; x_wconf 54' lang='grc' dir='ltr'>ιλ</span> <span class='ocrx_word' id='word_1_805' title='bbox 1351 5772 1486 5839; x_wconf 87' lang='lat' dir='ltr'><strong>post</strong></span> <span class='ocrx_word' id='word_1_806' title='bbox 1507 5764 1748 5842; x_wconf 68' lang='grc' dir='ltr'>ἒκᾶλεσῐ,</span> <span class='ocrx_word' id='word_1_807' title='bbox 1781 5764 2001 5830; x_wconf 78' lang='lat' dir='ltr'><strong>habent</strong></span> 
     </span>
    </p>
   </div>
   <div class='ocr_carea' id='block_1_111' title="bbox 2092 4747 3744 4831">
    <p class='ocr_par' dir='ltr' id='par_1_111' title="bbox 2092 4747 3744 4831">
     <span class='ocr_line' id='line_1_111' title="bbox 2092 4747 3744 4831; baseline 0.005 -24"><span class='ocrx_word' id='word_1_808' title='bbox 2092 4749 2474 4823; x_wconf 88' lang='lat' dir='ltr'><strong>opprobrium</strong></span> <span class='ocrx_word' id='word_1_809' title='bbox 2522 4747 2751 4820; x_wconf 65' lang='lat' dir='ltr'><strong>Egypti</strong></span> <span class='ocrx_word' id='word_1_810' title='bbox 2799 4765 2833 4804; x_wconf 90' lang='lat' dir='ltr'><strong>a</strong></span> <span class='ocrx_word' id='word_1_811' title='bbox 2880 4750 3131 4818; x_wconf 85' lang='lat' dir='ltr'><strong>vobis;»</strong></span> <span class='ocrx_word' id='word_1_812' title='bbox 3183 4753 3268 4810; x_wconf 89' lang='lat' dir='ltr'><strong>sic</strong></span> <span class='ocrx_word' id='word_1_813' title='bbox 3315 4755 3503 4813; x_wconf 90' lang='lat' dir='ltr'><strong>multo</strong></span> <span class='ocrx_word' id='word_1_814' title='bbox 3553 4761 3744 4831; x_wconf 87' lang='lat' dir='ltr'><strong>magis</strong></span> 
     </span>
    </p>
   </div>
   <div class='ocr_carea' id='block_1_112' title="bbox 2093 4836 3742 4917">
    <p class='ocr_par' dir='ltr' id='par_1_112' title="bbox 2093 4836 3742 4917">
     <span class='ocr_line' id='line_1_112' title="bbox 2093 4836 3742 4917; baseline 0.004 -21"><span class='ocrx_word' id='word_1_815' title='bbox 2093 4840 2207 4896; x_wconf 90' lang='lat' dir='ltr'><strong>dici</strong></span> <span class='ocrx_word' id='word_1_816' title='bbox 2240 4837 2453 4911; x_wconf 92' lang='lat' dir='ltr'><strong>poterit</strong></span> <span class='ocrx_word' id='word_1_817' title='bbox 2497 4836 2817 4910; x_wconf 84' lang='lat' dir='ltr'><strong>unicuique</strong></span> <span class='ocrx_word' id='word_1_818' title='bbox 2846 4853 3072 4907; x_wconf 91' lang='lat' dir='ltr'><strong>eorum,</strong></span> <span class='ocrx_word' id='word_1_819' title='bbox 3105 4842 3203 4913; x_wconf 91' lang='lat' dir='ltr'><strong>qui</strong></span> <span class='ocrx_word' id='word_1_820' title='bbox 3236 4860 3392 4899; x_wconf 90' lang='lat' dir='ltr'><strong>nunc</strong></span> <span class='ocrx_word' id='word_1_821' title='bbox 3440 4846 3742 4917; x_wconf 86' lang='lat' dir='ltr'><strong>baptizan-</strong></span> 
     </span>
    </p>
   </div>
   <div class='ocr_carea' id='block_1_113' title="bbox 2094 4925 3750 5005">
    <p class='ocr_par' dir='ltr' id='par_1_113' title="bbox 2094 4925 3750 5005">
     <span class='ocr_line' id='line_1_113' title="bbox 2094 4925 3750 5005; baseline 0.005 -21"><span class='ocrx_word' id='word_1_822' title='bbox 2094 4934 2190 4984; x_wconf 90' lang='lat' dir='ltr'><strong>tur</strong></span> <span class='ocrx_word' id='word_1_823' title='bbox 2220 4944 2234 4984; x_wconf 86' lang='lat'><strong>:</strong></span> <span class='ocrx_word' id='word_1_824' title='bbox 2268 4927 2385 4982; x_wconf 88' lang='lat' dir='ltr'><strong>Hac</strong></span> <span class='ocrx_word' id='word_1_825' title='bbox 2417 4925 2511 4980; x_wconf 92' lang='lat' dir='ltr'><strong>die</strong></span> <span class='ocrx_word' id='word_1_826' title='bbox 2541 4925 2760 4981; x_wconf 89' lang='lat' dir='ltr'><strong>abstuli</strong></span> <span class='ocrx_word' id='word_1_827' title='bbox 2810 4928 3190 5000; x_wconf 90' lang='lat' dir='ltr'><strong>opprobrium</strong></span> <span class='ocrx_word' id='word_1_828' title='bbox 3222 4936 3465 4989; x_wconf 66' lang='lat' dir='ltr'><strong>terrenas</strong></span> <span class='ocrx_word' id='word_1_829' title='bbox 3513 4951 3750 5005; x_wconf 84' lang='lat' dir='ltr'><strong>genera-</strong></span> 
     </span>
    </p>
   </div>
   <div class='ocr_carea' id='block_1_114' title="bbox 2095 5015 3746 5089">
    <p class='ocr_par' dir='ltr' id='par_1_114' title="bbox 2095 5015 3746 5089">
     <span class='ocr_line' id='line_1_114' title="bbox 2095 5015 3746 5089; baseline 0.004 -15"><span class='ocrx_word' id='word_1_830' title='bbox 2095 5018 2292 5084; x_wconf 88' lang='lat' dir='ltr'><strong>tionis,</strong></span> <span class='ocrx_word' id='word_1_831' title='bbox 2324 5019 2380 5071; x_wconf 86' lang='lat' dir='ltr'><strong>et</strong></span> <span class='ocrx_word' id='word_1_832' title='bbox 2408 5015 2786 5087; x_wconf 91' lang='lat' dir='ltr'><strong>opprobrium</strong></span> <span class='ocrx_word' id='word_1_833' title='bbox 2819 5018 3213 5089; x_wconf 87' lang='lat' dir='ltr'><strong>corruptionis</strong></span> <span class='ocrx_word' id='word_1_834' title='bbox 3254 5023 3457 5079; x_wconf 86' lang='lat' dir='ltr'><strong>mortis</strong></span> <span class='ocrx_word' id='word_1_835' title='bbox 3486 5040 3521 5078; x_wconf 92' lang='lat' dir='ltr'><strong>a</strong></span> <span class='ocrx_word' id='word_1_836' title='bbox 3550 5028 3606 5079; x_wconf 85' lang='lat' dir='ltr'><strong>te</strong></span> <span class='ocrx_word' id='word_1_837' title='bbox 3637 5025 3746 5082; x_wconf 89' lang='lat' dir='ltr'><strong>hoc</strong></span> 
     </span>
    </p>
   </div>
   <div class='ocr_carea' id='block_1_115' title="bbox 2095 5105 2366 5180">
    <p class='ocr_par' dir='ltr' id='par_1_115' title="bbox 2095 5105 2366 5180">
     <span class='ocr_line' id='line_1_115' title="bbox 2095 5105 2366 5180; baseline -0.018 -16"><span class='ocrx_word' id='word_1_838' title='bbox 2095 5109 2222 5180; x_wconf 90' lang='lat' dir='ltr'><strong>ipso</strong></span> <span class='ocrx_word' id='word_1_839' title='bbox 2254 5105 2366 5162; x_wconf 91' lang='lat' dir='ltr'><strong>die.</strong></span> 
     </span>
    </p>
   </div>
   <div class='ocr_carea' id='block_1_116' title="bbox 2095 5335 3753 5418">
    <p class='ocr_par' dir='ltr' id='par_1_116' title="bbox 2095 5335 3753 5418">
     <span class='ocr_line' id='line_1_116' title="bbox 2095 5335 3753 5418; baseline 0.004 -25"><span class='ocrx_word' id='word_1_840' title='bbox 2095 5338 2250 5418; x_wconf 62' lang='grc' dir='ltr'><strong>φησίἱ</strong></span> <span class='ocrx_word' id='word_1_841' title='bbox 2280 5336 2430 5393; x_wconf 87' lang='lat' dir='ltr'><strong>Editi</strong></span> <span class='ocrx_word' id='word_1_842' title='bbox 2460 5351 2622 5407; x_wconf 86' lang='lat' dir='ltr'><strong>vero,</strong></span> <span class='ocrx_word' id='word_1_843' title='bbox 2664 5355 2788 5414; x_wconf 78' lang='grc' dir='ltr'>εφη.</span> <span class='ocrx_word' id='word_1_844' title='bbox 2839 5335 2988 5407; x_wconf 88' lang='lat' dir='ltr'><strong>Mox,</strong></span> <span class='ocrx_word' id='word_1_845' title='bbox 3041 5337 3272 5394; x_wconf 88' lang='lat' dir='ltr'><strong>Gobler.</strong></span> <span class='ocrx_word' id='word_1_846' title='bbox 3325 5342 3383 5394; x_wconf 90' lang='lat' dir='ltr'><strong>et</strong></span> <span class='ocrx_word' id='word_1_847' title='bbox 3428 5341 3575 5396; x_wconf 87' lang='lat' dir='ltr'><strong>Felc.</strong></span> <span class='ocrx_word' id='word_1_848' title='bbox 3610 5358 3647 5412; x_wconf 87' lang='grc' dir='ltr'><strong>ι,</strong></span> <span class='ocrx_word' id='word_1_849' title='bbox 3683 5341 3753 5401; x_wconf 75' lang='grc' dir='ltr'><strong>Εἰ</strong></span> 
     </span>
    </p>
   </div>
   <div class='ocr_carea' id='block_1_117' title="bbox 2102 5413 2466 5467">
    <p class='ocr_par' dir='ltr' id='par_1_117' title="bbox 2102 5413 2466 5467">
     <span class='ocr_line' id='line_1_117' title="bbox 2102 5413 2466 5467; baseline -0.011 -3"><span class='ocrx_word' id='word_1_850' title='bbox 2102 5413 2191 5467; x_wconf 80' lang='grc' dir='ltr'>ὀῦν</span> <span class='ocrx_word' id='word_1_851' title='bbox 2224 5413 2258 5467; x_wconf 76' lang='grc' dir='ltr'>ἡ</span> <span class='ocrx_word' id='word_1_852' title='bbox 2291 5427 2466 5467; x_wconf 82' lang='grc' dir='ltr'>περιτ.</span> 
     </span>
    </p>
   </div>
   <div class='ocr_carea' id='block_1_118' title="bbox 2173 5410 3754 5555">
    <p class='ocr_par' dir='ltr' id='par_1_118' title="bbox 2173 5410 3754 5555">
     <span class='ocr_line' id='line_1_118' title="bbox 2173 5410 3754 5555; baseline 0.034 -59"><span class='ocrx_word' id='word_1_853' title='bbox 2173 5410 2582 5555; x_wconf 36' lang='grc' dir='ltr'><strong>ξέίξξζξτῄθε,</strong></span> <span class='ocrx_word' id='word_1_854' title='bbox 2616 5483 2675 5555; x_wconf 54' lang='lat' dir='ltr'><strong>9t</strong></span> <span class='ocrx_word' id='word_1_855' title='bbox 2721 5478 2975 5555; x_wconf 42' lang='lat' dir='ltr'><strong>Sag-ger.“</strong></span> <span class='ocrx_word' id='word_1_856' title='bbox 3010 5477 3163 5535; x_wconf 88' lang='lat' dir='ltr'><strong>Edit.</strong></span> <span class='ocrx_word' id='word_1_857' title='bbox 3195 5481 3420 5538; x_wconf 87' lang='lat' dir='ltr'><strong>Comm.</strong></span> <span class='ocrx_word' id='word_1_858' title='bbox 3458 5474 3754 5546; x_wconf 83' lang='grc' dir='ltr'>δοθεῖσθαι.</span> 
     </span>
    </p>
   </div>
   <div class='ocr_carea' id='block_1_119' title="bbox 2105 5543 3753 5614">
    <p class='ocr_par' dir='ltr' id='par_1_119' title="bbox 2105 5543 3753 5614">
     <span class='ocr_line' id='line_1_119' title="bbox 2105 5543 3753 5614; baseline 0 -2"><span class='ocrx_word' id='word_1_859' title='bbox 2105 5543 2282 5612; x_wconf 54' lang='lat' dir='ltr'><strong>male:</strong></span> <span class='ocrx_word' id='word_1_860' title='bbox 2292 5551 2438 5607; x_wconf 91' lang='lat' dir='ltr'><strong>Hinc</strong></span> <span class='ocrx_word' id='word_1_861' title='bbox 2455 5543 3089 5614; x_wconf 68' lang='lat' dir='ltr'><strong>Parisiense§,8oeﬁvaz,</strong></span> <span class='ocrx_word' id='word_1_862' title='bbox 3104 5565 3212 5604; x_wconf 89' lang='lat' dir='ltr'><strong>suo</strong></span> <span class='ocrx_word' id='word_1_863' title='bbox 3230 5557 3416 5608; x_wconf 88' lang='lat' dir='ltr'><strong>marte</strong></span> <span class='ocrx_word' id='word_1_864' title='bbox 3435 5543 3753 5612; x_wconf 79' lang='lat' dir='ltr'><strong>correxere.</strong></span> 
     </span>
    </p>
   </div>
   <div class='ocr_carea' id='block_1_120' title="bbox 2177 5615 3761 5704">
    <p class='ocr_par' dir='ltr' id='par_1_120' title="bbox 2177 5615 3761 5704">
     <span class='ocr_line' id='line_1_120' title="bbox 2177 5615 3761 5704; baseline 0.001 -25"><span class='ocrx_word' id='word_1_865' title='bbox 2177 5625 2298 5704; x_wconf 70' lang='lat'><strong>(2_4)_</strong></span> <span class='ocrx_word' id='word_1_866' title='bbox 2321 5621 2537 5704; x_wconf 54' lang='lat' dir='ltr'><strong>Regius</strong></span> <span class='ocrx_word' id='word_1_867' title='bbox 2571 5622 2629 5704; x_wconf 66' lang='lat' dir='ltr'><strong>et</strong></span> <span class='ocrx_word' id='word_1_868' title='bbox 2664 5620 2929 5704; x_wconf 43' lang='lat' dir='ltr'><strong>§eguer.&#39;</strong></span> <span class='ocrx_word' id='word_1_869' title='bbox 2953 5615 3179 5689; x_wconf 84' lang='grc' dir='ltr'>ἐγίνετο.</span> <span class='ocrx_word' id='word_1_870' title='bbox 3212 5619 3369 5693; x_wconf 83' lang='lat' dir='ltr'><strong>Mox,</strong></span> <span class='ocrx_word' id='word_1_871' title='bbox 3397 5622 3539 5677; x_wconf 76' lang='grc' dir='ltr'>εἶπεν</span> <span class='ocrx_word' id='word_1_872' title='bbox 3594 5624 3761 5681; x_wconf 83' lang='lat' dir='ltr'><strong>deest</strong></span> 
     </span>
    </p>
   </div>
   <div class='ocr_carea' id='block_1_121' title="bbox 2108 5689 3055 5753">
    <p class='ocr_par' dir='ltr' id='par_1_121' title="bbox 2108 5689 3055 5753">
     <span class='ocr_line' id='line_1_121' title="bbox 2108 5689 3055 5753; baseline -0.011 0"><span class='ocrx_word' id='word_1_873' title='bbox 2108 5698 2169 5753; x_wconf 93' lang='lat' dir='ltr'><strong>in</strong></span> <span class='ocrx_word' id='word_1_874' title='bbox 2183 5689 2548 5752; x_wconf 54' lang='lat' dir='ltr'><strong>&#39;Go&#39;bleriano</strong></span> <span class='ocrx_word' id='word_1_875' title='bbox 2579 5693 2636 5744; x_wconf 86' lang='lat' dir='ltr'><strong>et</strong></span> <span class='ocrx_word' id='word_1_876' title='bbox 2662 5689 2812 5745; x_wconf 76' lang='lat' dir='ltr'><strong>Felc.</strong></span> <span class='ocrx_word' id='word_1_877' title='bbox 2847 5689 3055 5753; x_wconf 91' lang='lat' dir='ltr'><strong>primo.</strong></span> 
     </span>
    </p>
   </div>
   <div class='ocr_carea' id='block_1_122' title="bbox 2181 5707 3461 5841">
    <p class='ocr_par' dir='ltr' id='par_1_122' title="bbox 2181 5707 3461 5841">
     <span class='ocr_line' id='line_1_122' title="bbox 2200 5707 3055 5752; baseline -0.011 0"><span class='ocrx_word' id='word_1_878' title='bbox 2200 5707 2548 5752; x_wconf 77' lang='lat' dir='ltr'><strong>uomeriano</strong></span> <span class='ocrx_word' id='word_1_879' title='bbox 2579 5707 2636 5744; x_wconf 74' lang='lat' dir='ltr'><strong>et</strong></span> <span class='ocrx_word' id='word_1_880' title='bbox 2662 5707 2812 5745; x_wconf 80' lang='lat' dir='ltr'><strong>r&#39;elc.</strong></span> <span class='ocrx_word' id='word_1_881' title='bbox 2886 5707 3055 5743; x_wconf 83' lang='lat' dir='ltr'><strong>I‘lmO.</strong></span> 
     </span>
     <span class='ocr_line' id='line_1_123' title="bbox 2181 5707 3461 5841; baseline -0.005 -18"><span class='ocrx_word' id='word_1_882' title='bbox 2181 5766 2323 5841; x_wconf 81' lang='grc'>(24⁸)</span> <span class='ocrx_word' id='word_1_883' title='bbox 2350 5765 2457 5819; x_wconf 77' lang='grc' dir='ltr'><strong>Νῦν</strong></span> <span class='ocrx_word' id='word_1_884' title='bbox 2489 5762 2653 5817; x_wconf 88' lang='lat' dir='ltr'><strong>deest</strong></span> <span class='ocrx_word' id='word_1_885' title='bbox 2677 5759 2741 5817; x_wconf 89' lang='lat' dir='ltr'><strong>in</strong></span> <span class='ocrx_word' id='word_1_886' title='bbox 2770 5707 3117 5818; x_wconf 53' lang='lat' dir='ltr'><strong>Go’hleriano</strong></span> <span class='ocrx_word' id='word_1_887' title='bbox 3145 5762 3203 5814; x_wconf 86' lang='lat' dir='ltr'><strong>et</strong></span> <span class='ocrx_word' id='word_1_888' title='bbox 3230 5759 3389 5821; x_wconf 87' lang='lat' dir='ltr'><strong>Felo.</strong></span> <span class='ocrx_word' id='word_1_889' title='bbox 3420 5779 3461 5817; x_wconf 83' lang='lat'><strong>1.</strong></span> 
     </span>
    </p>
   </div>
  </div>
