4136 6382
430 451 545 511 M3

1597 436 1662 496 S.
1707 432 2260 497 ATHANASIUS..
2293 460 2372 480 —
2399 431 2666 495 DUBIA.

3725 435 3848 499 ιιι

438 597 3837 629 “MM

1336 742 1414 799 1N
1461 737 1859 798 HOMILIAM
1905 735 2007 796 DE
2052 734 2421 797 SEMENTE
2467 709 2932 795 ADMONITIO.

513 904 534 931 ι
570 881 880 937 Homiliam
914 879 985 933 de
1015 877 1286 932 Semente
1317 870 1735 943 subjungimus
1766 867 2029 924 Homilies
2058 868 2130 922 de
2171 866 2423 922 Sabbato
2454 871 2510 922 et
2541 867 3017 938 Circumcisione,
3051 867 3206 938 quod
3236 868 3306 924 de
3336 885 3398 924 re
3427 869 3630 926 eadem
3663 869 3850 926 amba;

435 975 816 1044 pertractant,
850 983 1058 1038 nempe
1091 967 1162 1020 de
1193 964 1468 1032 Sabbato,
1501 977 1604 1016 seu
1637 960 1708 1014 de
1738 958 1852 1013 ritu
1885 956 2155 1013 servandi
2183 957 2445 1013 Sabbati.
2482 957 2612 1012 Haec
2656 957 2942 1029 posterior
2971 961 3164 1012 autem
3198 956 3396 1029 plures
3427 975 3607 1030 quam
3641 976 3856 1031 praece-

440 1064 586 1118 dens
618 1061 849 1132 praefert
883 1054 1186 1126 dubitandi
1221 1066 1462 1118 causas;
1497 1066 1613 1104 non
1645 1051 1942 1119 comparet
1971 1047 2130 1101 enim
2177 1045 2237 1100 in
2288 1047 2550 1117 antiquis
2600 1045 2905 1101 Athanasii
2956 1062 3200 1116 operum
3249 1046 3716 1114 collectionibus,
3749 1064 3858 1104 nec

442 1151 552 1206 nisi
588 1152 643 1203 in
677 1149 874 1204 codice
907 1144 1226 1216 Anglicano
1261 1141 1546 1195 hactenus
1578 1142 1806 1209 reperta
1836 1136 1966 1190 fuit.
1997 1136 2077 1190 Ad
2111 1135 2232 1190 hanc
2282 1134 2566 1191 nonnulla
2609 1140 2751 1190 sunt
2779 1134 2874 1189 hic
2904 1133 3182 1208 loquendi
3213 1151 3446 1208 genera,
3480 1153 3608 1208 qua
3658 1136 3859 1194 minus

440 1242 695 1314 peritum
741 1238 1082 1307 scriptorem
1131 1234 1423 1303 arguant:
1459 1228 1615 1282 haud
1666 1225 1849 1282 semel
1898 1225 2054 1280 enim
2101 1223 2372 1296 legimus,
2403 1218 2589 1298 κρύϐει
2643 1241 2747 1293 pro
2794 1223 3041 1298 κρύπτει,
3074 1225 3132 1280 in
3167 1225 3460 1298 praesenti,
3511 1230 3568 1281 et
3613 1225 3858 1282 similia.

442 1313 709 1400 Suntque
757 1325 870 1382 alia
916 1323 1104 1379 multa
1161 1338 1286 1391 quae
1345 1318 1546 1372 minus
1599 1313 1902 1371 Athanasii
1955 1313 2171 1386 stylum
2220 1315 2522 1370 referunt:
2559 1313 2871 1385 implicatae
2931 1314 3158 1370 scilicet
3213 1314 3436 1386 periodi
3498 1315 3858 1386 frequentes,

440 1420 695 1475 maxime
724 1416 836 1471 sub
858 1416 1057 1480 finem,
1083 1426 1218 1466 nam
1251 1423 1418 1462 secus
1452 1405 1651 1473 initio;
1679 1420 1814 1459 cum
1845 1408 2048 1458 contra
2078 1402 2384 1458 Athanasii
2409 1419 2601 1458 sermo
2623 1419 2754 1457 cum
2787 1401 3024 1458 lenitate
3045 1402 3300 1473 quadam
3333 1402 3606 1474 aequabili
3639 1403 3860 1476 ubique

440 1510 711 1582 profluat,
744 1511 802 1561 et
833 1502 1084 1560 multum
1115 1499 1428 1566 abhorreat
1460 1496 1530 1551 ab
1566 1493 1834 1549 obscuris
1864 1491 2144 1565 loquendi
2191 1492 2526 1582 generibus.
2559 1493 2758 1560 Porro,
2789 1492 2924 1582 licet
2952 1491 3145 1582 allatis
3191 1493 3264 1547 de
3311 1491 3506 1582 causis
3537 1493 3860 1582 admodum

439 1579 717 1670 suspecta
748 1593 916 1650 nobis
952 1592 1030 1647 sit
1059 1590 1178 1645 haec
1209 1584 1486 1651 Homilia,
1520 1600 1634 1638 non
1665 1581 1951 1638 indiserta
1990 1587 2350 1670 tamen,nec
2393 1581 2641 1670 indigna
2669 1597 2793 1652 quae
2825 1579 3168 1670 legatur._ln
3195 1597 3269 1670 ea
3297 1579 3516 1670 quippe
3546 1585 3640 1637 sat
3668 1580 3863 1670 lepide

441 1667 708 1758 arguitur
737 1698 883 1738 vana
912 1680 1251 1734 Judaaorum
1285 1675 1342 1728 in
1377 1670 1662 1729 servando
1708 1670 1964 1726 Sabbato
1996 1669 2427 1758 scrupulositas
2463 1686 2476 1724 :
2511 1668 2697 1724 multa
2725 1667 3132 1758 quoqueistic
3178 1668 3250 1723 de
3297 1669 3560 1758 oratione
3605 1673 3664 1726 et
3711 1668 3862 1727 elec-

440 1756 706 1846 mosyna,
739 1771 988 1842 aliisque
1020 1767 1135 1839 piis
1165 1763 1442 1837 operibus
1477 1761 1763 1829 feruntur,
1796 1775 1923 1832 quas
1954 1757 2159 1815 lectori
2189 1775 2296 1816 nec
2326 1759 2650 1830 injucunda
2680 1774 2786 1814 nec
2814 1757 3047 1814 inutilia
3075 1757 3200 1814 fore
3229 1756 3606 1814 arbitramur.

1620 2065 1745 2114 ΤΟΥ
1782 2065 1869 2115 EN
1908 2065 2139 2117 ΑΓΙΟΙΣ
2179 2063 2444 2118 ΠΑΤΡΟΣ
2485 2061 2680 2117 ΗΜΩΝ

1791 2211 2522 2334 ΑΘΑΝΑΣΙΟΥ

1691 2404 1940 2462 ΟΜΙΛΙΑ
1977 2404 2091 2458 ΕΙΣ
2131 2402 2264 2459 ΤΟΝ
2307 2403 2607 2460 ΣΙΙΟΡΟΝ.

1555 2707 1650 2801 S.
1721 2705 1820 2798 P.
1890 2705 2004 2798 N.
2073 2702 2756 2799 ATHANASII

1775 2899 2047 2956 HOMILIA
2087 2898 2176 2956 DE
2213 2899 2536 2957 .SEHENTE.

520 3197 570 3249 1.
606 3197 668 3248 In
701 3190 795 3246 die
823 3186 1060 3245 Sabbati
1110 3183 1442 3256 congregati
1483 3195 1693 3236 sumus
1727 3194 1740 3234 :
1775 3196 1892 3234 non
1943 3178 2099 3248 quod
2128 3230 2136 3246 ε

2287 3177 2340 3231 1.
2373 3176 2458 3230 Ἐν
2519 3173 2702 3247 ἡμέρᾳ
2757 3171 3042 3232 Σαϐϐάτου
3099 3179 3477 3252 συνήχθημεν,
3527 3175 3590 3232 υύ
3648 3181 3868 3233 νοσοῦν-

443 3281 737 3340 Judaismi
767 3278 970 3333 morbo
1011 3275 1346 3331 laboremus
1379 3286 1392 3324 :
1425 3285 1728 3340 nunquam
1759 3269 1915 3322 enim
1949 3265 2099 3322 falsa

2214 3283 2294 3324 τος
2473 3261 2832 3337 Ἰουδαῖσμόν·
2894 3265 2955 3321 οὐ
3003 3265 3106 3341 γὰρ
3166 3263 3514 3344 ἐφαπτόμεθα
3562 3261 3859 3322 Σαϐϐάτων

443 3372 696 3428 Sabbata
713 3366 801 3424 vel
835 3363 1239 3436 attigerimus;
1276 3360 1372 3415 sed
1404 3359 1472 3413 ad
1506 3357 1825 3412 Sabbatum
1850 3355 2098 3412 accessi—

447 3477 604 3527 mus,
619 3455 938 3514 Dominum
955 3451 1194 3509 Sabbati
1216 3449 1418 3505 Jesum
1439 3446 1756 3502 adoraturi.
1773 3445 1923 3500 Olim
1947 3451 2100 3500 certe

449 3547 660 3623 priscis
694 3543 1035 3599 hominibus
1065 3540 1124 3594 in
1157 3537 1341 3611 pretio
1372 3536 1690 3591 Sabbatum
1723 3534 1868 3590 fuit:
1903 3539 1962 3589 at
1989 3533 2099 3588 Do-

452 3638 652 3694 minus
681 3634 836 3688 diem
869 3629 1106 3686 Sabbati
1138 3623 1442 3682 transtulit
1473 3625 1531 3678 in
1565 3623 1924 3679 Dominicam
1960 3640 1972 3676 :
2009 3638 2102 3678 ne-

455 3743 570 3798 que
599 3740 707 3779 nos
729 3720 1071 3776 auctoritate
1094 3722 1296 3773 nostra
1314 3713 1633 3768 Sabbatum
1656 3711 2100 3784 vilipendimus;

458 3815 559 3873 sed
606 3812 708 3868 40
753 3807 1036 3882 propheta
1083 3809 1192 3873 est,
1224 3802 1319 3874 qui
1370 3800 1516 3856 illud
1566 3800 1754 3872 rejicit
1800 3816 1867 3856 ac
1914 3800 2101 3857 dicit:

460 3926 489 3955 «
525 3901 873 3960 Neomenias
892 3901 1115 3952 vestras
1136 3898 1192 3949 et
1211 3890 1469 3947 Sabbata
1489 3890 1611 3944 odit
1632 3889 1830 3944 anima
1852 3906 1981 3945 mea
2002 3889 2105 3944 ¹².››

461 3989 733 4058 Quandiu
764 3987 921 4043 enim
962 4002 1030 4040 ea
1072 3983 1418 4054 agebantur,
1452 3995 1578 4051 quae
1609 3977 1737 4051 lege
1765 3979 1902 4034 data
1931 3979 2109 4050 digna

461 4084 628 4138 erant
651 4095 663 4134 :
689 4081 790 4132 aut
811 4073 1073 4146 quandiu
1105 4087 1222 4126 non
1257 4069 1568 4124 advenerat
1587 4067 1883 4139 Magister,
1917 4067 2107 4139 paeda-

461 4169 596 4243 gogi
627 4168 784 4239 leges
813 4163 928 4220 vim
974 4159 1318 4217 obtinebant
1348 4173 1361 4212 :
1397 4162 1456 4212 at
1487 4155 1587 4212 ubi
1630 4156 1908 4228 Magister
1935 4158 2108 4212 adve-

461 4260 570 4328 nit,
602 4255 779 4311 desiit
809 4253 1198 4324 paedagogus:
1222 4253 1279 4304 et
1304 4250 1502 4302 exorto
1534 4245 1678 4311 sole,
1710 4243 1954 4300 candela
1983 4260 2106 4300 ces-

461 4347 628 4403 savit.
677 4346 1017 4414 Opportuna
1063 4337 1243 4409 igitur
1288 4335 1458 4390 nobis
1511 4332 1682 4388 lectio
1730 4333 1802 4388 de
1853 4333 2106 4390 Sabbato

461 4436 886 4504 consequenter
913 4428 1115 4483 habita
1146 4430 1254 4480 est.
1289 4423 1546 4492 Jamjam
1585 4421 1740 4477 enim
1774 4422 2107 4478 audivimus

460 4523 753 4596 quomodo
783 4520 956 4575 Jesus
986 4517 1108 4572 ibat
1149 4531 1251 4585 per
1293 4517 1442 4579 sata,
1473 4516 1530 4566 et
1559 4511 1851 4582 quomodo
1881 4512 2104 4568 aridam

460 4628 704 4669 manum
755 4606 1088 4664 sanaverit:
1123 4609 1300 4674 atque
1346 4616 1532 4671 operae
1578 4600 1831 4671 pretium
1880 4601 2106 4656 videtur

459 4701 628 4768 mihi,
653 4714 838 4771 pauca
872 4697 932 4749 in
981 4693 1294 4749 lectionem
1325 4687 1614 4760 Evangelii
1648 4689 1951 4745 disserere.
1975 4691 2102 4746 Sal-

457 4795 621 4847 vator
650 4792 848 4845 noster
876 4801 978 4857 per
1021 4786 1148 4838 sata
1185 4780 1327 4850 ibat,
1361 4779 1674 4849 ipsumque
1705 4778 1980 4851 discipuli
2012 4797 2102 4835 se-

458 4881 809 4952 quebantur,
845 4879 901 4931 et
942 4870 1222 4928 vellentes
1269 4867 1460 4940 spicas
1510 4867 1895 4923 comedebant
1927 4886 1940 4924 :
1973 4873 2100 4925 tum

455 4967 643 5024 Judaei
676 4963 1057 5034 increpabant
1091 4957 1245 5027 illos,
1279 4957 1537 5011 dicentes
1569 4972 1636 5010 :«
1669 4955 1796 5010 Non
1829 4955 1966 5012 licet
1993 4957 2104 5013 hoc

456 5056 644 5111 facere
691 5053 749 5107 in
799 5048 1184 5106 Sabbato‘3.»
1217 5046 1296 5100 Ex
1344 5061 1460 5114 qua
1507 5044 1653 5115 lege,
1686 5061 1718 5099 o
1748 5044 1979 5099 Judaei?
2025 5047 2104 5100 Ex

455 5159 571 5215 quo
599 5141 811 5214 Moysis
841 5135 1114 5193 decreto?
1145 5136 1224 5189 Ex
1255 5135 1424 5205 cujus
1455 5133 1747 5204 prephetm
1770 5135 2104 5190 sententia?

457 5231 566 5288 Ubi
595 5229 841 5286 vetitum
875 5229 963 5281 est
996 5224 1074 5279 ali
1103 5221 1499 5278 esurientem?
1530 5221 1782 5277 Ubinam
1813 5222 2102 5294 scriptum

454 5325 563 5390 est,
598 5320 835 5374 inanem
872 5317 1132 5370 ventrem
1185 5327 1299 5367 non
1347 5310 1714 5382 implendum
1764 5312 1942 5366 esse?
1989 5313 2102 5369 Sed

421 5395 557 5480 'qui
605 5421 773 5462 esum
818 5403 879 5458 in
933 5401 1183 5458 Sabbato
1231 5399 1367 5456 vitio
1417 5401 1678 5468 vertunt,
1710 5397 1930 5455 caedem
1989 5399 2102 5472 ipsi

527 5575 572 5615 ι’
606 5574 719 5632 Isa.
749 5589 791 5642 ι,
824 5571 911 5630 13.
989 5571 1034 5610 ⁸³
1061 5567 1264 5628 Matth.
1299 5584 1406 5638 xu,
1437 5566 1492 5621 2.

530 5747 642 5822 (25)
669 5745 1052 5820 Anglicanus,
1080 5741 1394 5801 νοσοῦντος.

2208 3349 2443 3425 ψευδῶν
2504 3353 2950 3429 παραγεγόναμεν
3013 3351 3070 3408 δὲ
3127 3354 3178 3410 ἐν
3239 3349 3526 3428 Σαϐϐάτῳ,
3604 3355 3695 3411 τὸν
3762 3355 3866 3410 Κύ-

2211 3461 2324 3516 ριον
2384 3445 2480 3496 τοῦ
2541 3437 2823 3498 Σαϐϐάτου
2882 3445 3088 3514 Ἰησοῦν
3149 3446 3636 3520 προσκυνήσοντες,
3683 3445 3865 3500 Πάλαι

2215 3532 2307 3604 μὲν
2366 3532 2468 3607 γὰρ
2526 3532 2594 3600 ἦν
2656 3532 2708 3586 ὲν
2766 3539 2882 3596 τοῖς
2942 3533 3193 3609 ἀρχαίοις
3238 3534 3301 3587 τὸ
3332 3533 3511 3607 τίμιον
3549 3528 3863 3590 Σάϐϐατονο

2216 3618 2476 3690 μετέθηκε
2535 3617 2592 3675 δὲ
2636 3621 2663 3674 6
2719 3620 2915 3696 Κύριος
2945 3623 3044 3690 τὴν
3075 3626 3172 3677 τοῦ
3207 3617 3490 3677 Σαϐϐάτου
3519 3622 3728 3698 ἡμέραν
3789 3622 3866 3685 εἷς

2213 3710 2506 3785 Κυριακήν·
2568 3708 2660 3765 καὶ
2718 3709 2826 3787 οὐχ
2885 3712 3047 3786 ἡμεῖς
3103 3711 3260 3785 ἐσμεν
3306 3711 3357 3766 οἱ
3392 3711 3480 3788 ἀφ’
3511 3711 3710 3766 ἑαυτῶν
3767 3715 3868 3768 τοῦ

2217 3793 2500 3855 Σαϐϐάτου
2557 3804 3084 3879 καταφρονήσαντες,
3139 3801 3265 3858 ἀλλ’
3315 3801 3343 3857 6
3401 3803 3690 3880 προφήτης
3723 3801 3866 3857 ἐστὶν

2219 3887 2246 3941 6
2279 3883 2571 3943 ἀποϐαλὼν
2629 3890 2719 3944 καὶ
2778 3889 2967 3945 εἰπών’
3028 3915 3057 3942 ι(
3107 3892 3210 3953 Τὰς
3239 3890 3530 3964 νεομηνίας
3564 3890 3716 3964 ὑμῶν
3774 3890 3867 3946 καὶ

2213 3979 2280 4031 τὰ
2338 3973 2592 4032 Σάϐϐατα
2651 3984 2798 4052 μισεῖ
2844 3980 2879 4049 ἠ
2938 3981 3091 4054 ψυχή
3155 3999 3280 4053 μου·
3342 4003 3368 4031 ›)
3429 3977 3606 4055 Μέχρι
3639 3981 3731 4054 μὶν
3763 3980 3868 4056 γὰρ

2217 4064 2305 4120 ὅτε
2336 4064 2454 4137 ἄξια
2483 4066 2772 4140 ἐπράττετο
2829 4072 2936 4124 τῶν
2990 4069 3322 4146 πραγμάτων
3365 4068 3464 4138 τῆς
3520 4067 3870 4142 νομοθεσίας,

2215 4158 2249 4224 ἢ
2285 4157 2479 4231 μὲχρις
2513 4155 2741 4232 ὅτε
2776 4159 2852 4232 μὴ
2903 4160 2968 4227 ἦν
3024 4157 3464 4234 παραγενόμενος
3523 4157 3550 4211 6
3611 4154 3872 4213 Διδάσκα-

2218 4245 2338 4312 λος,
2398 4245 2614 4320 ἐνήργει
2670 4248 2736 4301 τὰ
2791 4251 2889 4300 τοῦ
2937 4244 3313 4322 παιδαγωγοῦ·
3371 4245 3623 4311 ἐλθόντος
3676 4243 3732 4302 δὲ
3769 4249 3870 4302 τοῦ

2217 4332 2577 4402 Διδασκάλου,
2629 4336 2953 4410 κανηργήθη
3018 4334 3046 4389 6
3090 4333 3464 4411 παιδαγωγὸς,
3535 4335 3625 4390 καὶ
3703 4334 3871 4406 ἡλίου

2217 4422 2619 4493 ἀνατείλαντος,
2677 4422 2705 4477 6
2763 4422 2966 4498 λύχνος
3002 4423 3288 4482 ἐπαύσατο.
3320 4421 3584 4500 Εὔκαιρος
3617 4420 3675 4478 δὲ
3733 4425 3870 4498 ἡμῖν

2215 4512 2406 4587 γέγονε
2484 4512 2572 4567 καὶ
2632 4515 2668 4582 ἡ
2744 4513 3071 4589 ἀνάγνωσις,
3153 4514 3289 4568 κατὰ
3341 4511 3688 4581 ἀκολουθίαν,
3744 4511 3872 4588 περὶ

2216 4596 2520 4658 Σαϐϐάτου.
2583 4601 2881 4676 Ἦκούομεν
2943 4602 3048 4678 γὰρ
3106 4602 3326 4673 ἀρτίως,
3385 4601 3533 4664 ὅπως
3581 4601 3608 4656 6
3655 4601 3869 4672 Ἰησοῦς

2214 4687 2499 4765 ἐπορεύετο
2563 4689 2652 4745 διὰ
2707 4697 2813 4746 τῶν
2875 4690 3182 4766 σπορίμων,
3240 4689 3330 4745 καὶ
3378 4688 3527 4752 ὅπως
3571 4691 3669 4760 τὴν
3705 4695 3870 4765 χεῖρα

2211 4779 2310 4846 τὴν
2370 4779 2532 4855 ξηρὰν
2596 4778 2933 4856 ἐθεράπευσε·
2996 4779 3085 4835 καί
3138 4801 3231 4853 μοι
3292 4776 3442 4836 δοκεῖ
3498 4778 3680 4841 καλῶς
3715 4778 3865 4855 ἔχειν

2214 4865 2376 4942 ὀλίγα
2442 4867 2515 4929 εἷς
2577 4869 2638 4922 τὸ
2695 4870 3022 4945 ἀνάγνωσμα
3069 4874 3166 4924 τοῦ
3197 4867 3538 4944 Εὖαγγελίου
3570 4868 3762 4926 εἰπεῖν.
3812 4873 3871 4922 Ὁ

2212 4957 2410 5032 Σωτὴρ
2467 4959 2625 5030 ἡμῶν
2686 4956 2970 5030 ἐπορεύετο
3032 4956 3121 5014 διὰ
3174 4963 3281 5013 τῶν
3337 4957 3644 5034 σπορίμων,
3675 4956 3764 5012 καὶ
3815 4957 3874 5012 οἱ

2217 5045 2452 5118 μαθηταὶ
2502 5045 2648 5118 αύτῷ
2702 5045 3068 5118 ἠκολούθουν,
3125 5047 3214 5102 καὶ
3275 5049 3511 5123 στάχυας
3561 5045 3870 5120 τίλλοντες,

2212 5132 2425 5203 ἤσθιον·
2513 5135 2603 5188 καὶ
2693 5133 2946 5190 Ἰουδαῖοι
3033 5135 3301 5210 ἐπετίμων
3348 5135 3531 5198 αὐτοῖς
3595 5135 3869 5213 λέγοντεςο

2214 5247 2243 5276 ‹‹
2301 5223 2416 5280 Ούκ
2473 5223 2639 5294 ἔξεστι
2696 5230 2857 5280 τοῦτο
2915 5231 3090 5280 ποιεῖν
3148 5225 3200 5281 ἐν
3289 5220 3577 5298 Σαϐϐάτῳ.
3637 5247 3666 5277 ι»
3726 5224 3876 5280 Κατὰ

2213 5318 2369 5367 ποῖον
2453 5314 2623 5388 νόμον
2660 5361 2676 5388 ,
2755 5316 2800 5369 ὦ
2885 5313 3175 5385 Ἰουδαῖοις
3261 5315 3408 5369 Κατὰ
3489 5313 3650 5390 ποίαν
3737 5319 3873 5368 Μω-

2213 5403 2346 5466 σέως
2407 5404 2778 5478 νομοθεσίαν;
2839 5405 2986 5461 Κατὰ
3042 5403 3201 5461 ποίαν
3277 5405 3564 5483 προφήτου
3623 5403 3874 5482 φράσινς

2274 5746 2384 5818 (26)
2415 5711 2779 5806 aditibus.
2803 5733 2908 5801 ὅτι·
2931 5745 3084 5805 Edlt.
3115 5743 3400 5808 Gommel.
3431 5701 3817 5822 tegi-totius.
