4136 6410
280 401 396 463 145

276 536 398 592 Ποῦ
477 534 782 592 κεκώλυται
848 536 1133 614 τρέφεσθαι
1216 535 1309 591 τὸν
1394 537 1726 603 πεινῶντα;

1534 398 1863 464 HOMILIA
1906 397 2008 458 DE
2050 396 2440 464 SEMENTE.

1812 533 1927 620 Ποῦ
1958 532 2014 599 Α
2043 531 2171 604 ipso
2203 534 2459 595 Sabbato
2506 538 2565 594 in
2596 539 2911 596 Dominum
2961 547 3371 614 perpetrarunt
3396 548 3535 620 (26")
3568 566 3581 603 :
3616 549 3699 604 ait

3578 416 3696 475 146

276 626 571 701 γέγραπται
635 627 712 699 μή
773 625 1160 699 ἐμπλησθῆναι
1228 626 1461 701 γαστέρα
1516 625 1726 693 κενήνς
1772 622 1841 678 Οἱ
1875 618 1927 676 δὲ

2044 626 2200 680 enim
2220 625 2525 699 Scriptura
2546 629 2605 684 in
2627 630 2939 701 Evangelio
2962 633 3033 686 de
3053 632 3145 687 die
3167 651 3285 703 qua
3304 618 3525 704 passus
3541 636 3694 692 Deus

276 714 340 769 τὸ
396 715 680 792 τρέφεσθαι
742 712 1091 784 ὀνειδίζοντες
1145 714 1195 770 έν
1232 709 1518 787 Σαϐϐάτῳ,
1550 713 1704 768 αὐτοὶ
1745 711 1930 789 φόνοις

277 802 329 857 ὲν
364 798 626 876 Σαϐϐέτῳ
655 804 791 859 κατά
845 808 941 859 τοῦ
1001 802 1389 859 οἳκοδεσπότου
1419 802 1750 879 εἰργάζοντο·
1786 801 1931 876 λέγει

275 892 376 969 γὰρ
408 895 443 962 ἡ
506 896 690 971 Γραφὴ
726 893 777 948 ἐν
835 898 914 964 τῷ
942 892 1257 970 Εὖαγγελίῳ
1295 894 1417 967 περὶ
1475 900 1575 963 τῆς
1634 893 1842 967 ἡμέρας
1876 889 1927 945 ἐν

274 984 314 1054 ᾗ
346 982 374 1037 6
406 983 535 1045 Θεὸς
563 979 777 1046 ἔπαθεν·
814 1007 843 1035 κ
874 987 973 1037 Ἦν
1029 981 1086 1038 δὲ
1116 985 1297 1060 ἡμέρα
1352 983 1526 1054 ἐκείνη
1593 981 1800 1058 μεγάλη
1833 984 1930 1035 τοῦ

279 1066 584 1128 Σαϐϐάτου.
638 1095 667 1123 ››
699 1072 798 1126 Καὶ
856 1073 948 1126 τὸν
1003 1074 1096 1145 μὲν
1148 1074 1452 1146 νομοθέτην
1504 1074 1809 1146 ἀναιροῦσιν
1874 1069 1925 1124 ἐν

278 1155 548 1233 Σαϐϐάτῳ
582 1203 596 1229 ,
651 1162 939 1239 τρέφεσθαι
1015 1159 1073 1216 δὲ
1134 1162 1376 1235 μαθητὰς
1428 1161 1478 1215 ἐν
1539 1155 1807 1231 Σαϐϐάτῳ
1865 1157 1928 1213 οὐ

281 1248 598 1324 βούλονται.
631 1249 729 1305 Διά
786 1254 948 1307 τοῦτο
1005 1251 1033 1304 6
1068 1252 1264 1324 Σωτὴρ
1324 1250 1375 1307 ἐν
1435 1256 1550 1313 τοῖς
1580 1249 1776 1324 άρτίως
1810 1250 1930 1303 ἁνα-

276 1343 623 1412 γνωσθεῖσιν,
687 1339 876 1416 ἠρώτα
931 1339 1151 1402 αὐτούς·
1213 1340 1273 1394 Τί
1331 1337 1527 1411 ἔξεστιν
1586 1346 1812 1407 ποιῆσαι
1873 1338 1924 1393 ἐν

274 1432 356 1497 τῷ
400 1422 668 1499 Σαϐϐάτῳ
702 1446 716 1496 ;
758 1430 1155 1503 ἀγαθοποιῆσαι
1205 1431 1239 1498 ἢ
1299 1435 1662 1497 κακοποιῆσαι
1695 1447 1708 1495 ;
1742 1428 1925 1502 ψυχὴν

278 1519 469 1587 σῶσαι,
525 1516 560 1585 ἢ
632 1515 945 1586 ἁπολέσαις
992 1517 1056 1573 τὸ
1102 1519 1387 1596 τρέφεσθαι
1442 1514 1745 1588 ὀνειδίζετε,
1777 1516 1840 1571 τὸ
1871 1513 1930 1570 δὲ

277 1608 532 1683 φονεῦσαι
559 1604 947 1681 κατεργάζεσθε
978 1626 992 1677 ;
1026 1606 1136 1665 Ἀεὶ
1184 1606 1284 1683 γὰρ
1319 1607 1371 1660 οἱ
1404 1603 1659 1664 Ἰουδαῖοι
1688 1605 1780 1660 τὸν
1814 1603 1930 1659 κώ-

277 1715 433 1749 νωπα
491 1691 814 1768 διυλίξουσι,
867 1698 967 1765 τὴν
1002 1693 1060 1751 δὲ
1109 1696 1363 1769 κάμηλον
1409 1695 1810 1751 καταπίνουσιν·
1845 1694 1926 1749 ἀεὶ

271 1778 516 1859 ἀκριϐεῖς
575 1783 678 1838 εἰσι
728 1784 854 1859 περὶ
892 1786 955 1840 τὸ
1004 1782 1412 1840 ἀποδεκατῶσαι
1469 1785 1532 1839 τὸ
1563 1787 1804 1860 πήγανον
1837 1783 1925 1837 καὶ

2042 718 2132 767 est
2164 731 2176 769 :
2204 736 2232 765 «
2260 715 2395 771 Erat
2425 721 2617 772 autem
2651 720 2776 773 dies
2807 718 2907 773 illa
2939 735 3151 790 magna
3180 721 3413 777 Sahbati
3442 726 3506 778 1⁵.
3532 746 3559 773 ››
3590 725 3693 780 Le-

2041 801 2374 872 gislatorem
2408 806 2599 876 ipsum
2634 807 2888 862 Sabbato
2918 808 2987 862 de
3019 809 3209 865 medio
3241 809 3476 879 tollunt,
3510 812 3694 868 disci-

2040 892 2330 964 pulosque
2352 893 2408 948 in
2431 896 2683 951 Sabbato
2707 896 2981 952 alimenta
3003 914 3236 953 sumere
3259 898 3486 956 nolunt.
3504 904 3694 966 Quare

2040 981 2100 1035 in
2124 982 2373 1052 jamjam
2416 983 2604 1051 lectis,
2636 985 2841 1053 quaerit
2888 987 2960 1041 ab
3010 985 3128 1041 illis
3175 986 3436 1042 Salvator
3468 1006 3480 1042 :
3512 990 3690 1051 Quid-

2039 1087 2175 1124 nam
2222 1072 2281 1125 in
2329 1073 2580 1127 Sabbato
2631 1073 2819 1129 facere
2872 1074 3028 1139 licet,
3076 1076 3300 1131 benene
3356 1094 3429 1131 an
3488 1078 3689 1133 male?

2039 1160 2296 1215 animam
2328 1177 2556 1217 servare
2588 1180 2659 1217 an
2693 1164 2975 1235 perdere?
3003 1162 3283 1220 alimenta
3314 1182 3548 1221 sumere
3576 1168 3687 1222 cri-

2039 1247 2180 1303 mini
2214 1250 2387 1317 datis,
2412 1256 2469 1307 et
2499 1254 2685 1308 caedes
2717 1252 3102 1325 perpetratis?
3132 1255 3370 1327 Semper
3399 1256 3555 1311 enim
3585 1257 3688 1312 Ju-

2038 1338 2145 1394 daei
2196 1338 2441 1396 culicem
2489 1341 2810 1411 percolant,
2859 1346 2916 1397 et
2964 1343 3254 1398 camelum
3302 1344 3683 1415 deglutiunt:

2038 1444 2269 1499 semper
2298 1436 2567 1485 accurate
2619 1431 2917 1485 decimant
2966 1437 3155 1486 rutam
3190 1436 3247 1486 et
3276 1431 3426 1499 olus,
3459 1438 3515 1488 et
3560 1450 3685 1504 quea

2037 1522 2178 1573 sunt
2208 1518 2266 1572 in
2299 1518 2423 1591 lege
2461 1519 2726 1591 graviora
2770 1537 2885 1575 non
2939 1520 3273 1576 observant.
3305 1523 3376 1576 Et
3419 1527 3687 1594 pertran-

2038 1608 2347 1663 seuntibus
2405 1607 2713 1680 discipulis
2770 1608 3255 1681 indignabantur,
3288 1612 3443 1682 quod
3493 1613 3687 1684 spicas

2037 1696 2312 1753 manibus
2341 1696 2620 1752 vellerent
2656 1702 2712 1753 et
2758 1698 3151 1753 comederent.
3186 1699 3309 1754 Non
3340 1700 3491 1756 ferro
3522 1718 3688 1757 seca-

2034 1785 2197 1854 bant,
2232 1787 2387 1856 quod
2420 1785 2505 1839 illi
2538 1803 2679 1842 sane
2727 1795 2791 1841 ut
2838 1803 2986 1857 opus
3032 1787 3329 1843 criminati
3381 1790 3680 1846 fuissent:

267 1873 333 1927 τὸ
383 1871 646 1949 λάχανον·
687 1872 757 1928 τὰ
804 1871 862 1929 δὲ
913 1873 1179 1950 βαρύτερα
1227 1878 1325 1929 τοῦ
1358 1873 1529 1948 νόμου
1579 1872 1641 1928 οὐ
1670 1876 1923 1946 τηροῦσι.

2044 1890 2224 1945 neque
2255 1873 2387 1929 aliis
2431 1875 2750 1930 utebantur
2794 1874 3229 1944 instrumentis,
3261 1894 3334 1932 ne
3381 1878 3687 1949 culparent

269 1960 375 2019 Καὶ
433 1958 904 2038 διαπορενομένων
964 1966 1073 2019 τῶν
1137 1967 1417 2037 μαθητῶν,
1449 1963 1807 2040 ἠγανάκτουν,
1840 1960 1922 2019 ὅτι

2044 1964 2240 2031 Ιυόωί,
2268 1979 2383 2020 non
2405 1964 2560 2035 quod
2583 1963 2861 2020 alimenta
2890 1969 3213 2036 sumerent,
3236 1968 3337 2022 sed
3370 1969 3524 2038 quod
3547 1985 3685 2040 ope-

272 2051 512 2127 στάχυας
571 2049 792 2129 ἕψωχον
848 2057 967 2116 ταῖς
1000 2052 1182 2130 χερσὶ,
1213 2052 1305 2108 καὶ
1334 2051 1546 2123 ἤσθιον.
1581 2052 1660 2111 O6
1711 2050 1924 2128 σιδήρῳ

271 2140 597 2214 ἀπέτεμνον,
640 2141 769 2197 ἰπεὶ
825 2142 1163 2219 κατηγόρουν
1219 2143 1294 2205 ὡς
1326 2140 1503 2218 ἔργου·
1557 2140 1683 2197 οὐδὲ
1725 2142 1922 2205 ἄλλοις

267 2228 572 2307 ἐργαλείοις
620 2230 928 2311 ἐχρήσαντο
954 2276 969 2301 ,
991 2230 1083 2288 ’ίνα
1117 2233 1194 2306 μή
1224 2234 1700 2310 κατηγορήσωσιν,
1733 2231 1808 2295 ὡς
1844 2234 1921 2306 μὴ

2035 2057 2323 2109 rarentur.
2353 2052 2520 2109 Nunc
2550 2059 2745 2109 autem
2772 2053 2913 2125 quid
2945 2053 3193 2126 culpatis
3222 2057 3379 2126 quod
3412 2074 3446 2112 a
3478 2059 3590 2113 Deo
3622 2058 3683 2114 in

2035 2143 2285 2200 salutem
2320 2144 2524 2199 datum
2547 2146 2637 2199 est
2653 2143 2681 2198 ?
2712 2144 2772 2199 Si
2799 2144 2957 2199 enim
2980 2144 3134 2199 Deus
3154 2146 3311 2200 vesci
3343 2163 3460 2202 non
3484 2147 3683 2219 prohi-

2033 2231 2162 2287 buit
2190 2231 2249 2286 in
2281 2231 2557 2301 Sabbato,
2590 2230 2730 2304 quid
2770 2231 2915 2289 illud
2948 2237 3014 2288 tu
3044 2232 3360 2306 vituperas,
3385 2237 3536 2308 quod
3565 2253 3683 2293 non

262 2322 637 2397 τρεφομένων,
667 2320 794 2377 ἀλλ’
841 2320 1216 2398 ἐργαζομένων
1255 2367 1267 2380 .
1302 2322 1433 2377 Νυνὶ
1480 2319 1537 2377 δὲ
1566 2321 1618 2378 τί
1652 2323 1926 2399 μέμφεσθε

2044 2321 2219 2376 vetuit
2249 2325 2401 2376 Deus
2426 2322 2452 2375 ‘?

262 2409 344 2479 τῷ
376 2408 482 2465 ὑπὸ
528 2413 628 2466 τοῦ
682 2411 816 2469 Θεοῦ
848 2408 1057 2477 δοθέντι
1116 2411 1193 2475 εἲς
1250 2411 1520 2486 σωτηρίαν
1566 2430 1580 2481 ;
1633 2412 1698 2471 Et
1745 2412 1846 2487 γὰρ
1906 2411 1935 2467 6
1994 2410 2122 2474 Θεὸς
2182 2408 2243 2465 οὐ
2295 2409 2357 2465 τὸ
2408 2410 2691 2484 τρέφεσθαι
2749 2410 3114 2486 ἀπηγόρευσεν
3174 2410 3226 2467 ἐν
3290 2407 3579 2486 Σαϐϐάτῳ,
3634 2413 3688 2470 τί

265 2494 330 2552 σὺ
386 2502 549 2555 τοῦτο
606 2497 908 2571 ὀνειδίζεις,
941 2499 1074 2573 ὅπερ
1114 2501 1143 2556 6
1175 2501 1303 2562 Θεὸς
1337 2500 1436 2556 οὐκ
1464 2501 1831 2577 ἀπηγόρευσεν
1868 2521 1883 2569 ;

339 2589 395 2643 2.
431 2587 784 2661 Διεπορεύετο
812 2588 991 2644 τοίνυν
1039 2589 1067 2644 6
1098 2590 1294 2664 Σωτὴρ
1326 2587 1415 2644 διὰ
1466 2594 1574 2645 τῶν
1609 2588 1917 2666 σπορίμων·

264 2674 525 2739 όκόκκος
580 2680 679 2732 τοῦ
737 2675 907 2744 σίτου,
969 2674 1059 2732 διὰ
1112 2681 1219 2733 τῶν
1271 2677 1579 2753 σπορίμων,
1640 2679 1668 2733 6
1725 2679 1922 2749 νοητὸς

263 2764 462 2826 κόκκος
520 2769 619 2819 τοῦ
679 2764 849 2834 σίτου,
886 2764 914 2819 6
944 2766 1122 2821 πεσὼν
1174 2765 1249 2828 εἰς
1304 2762 1400 2821 ἕνα
1443 2765 1633 2833 τόπον,
1674 2767 1763 2821 καὶ
1794 2768 1921 2821 ἁνα-

265 2854 393 2916 στὰς
442 2852 730 2928 πολύχους
791 2855 866 2916 ἐἰς
923 2856 1023 2923 τήν
1076 2855 1427 2928 οἰκουμένην·
1457 2854 1617 2917 αὐτὸς
1668 2855 1767 2931 γὰρ
1800 2856 1925 2928 περὶ

265 2941 461 3000 ἑαυτοῦ
492 2940 695 3019 ἓλιγεν,
729 2941 813 2998 ὅτι
873 2968 902 2995 ‹‹
956 2944 1079 3000 Ἐὰν
1148 2945 1222 3017 μὴ
1286 2943 1315 2999 6
1367 2944 1565 3007 κόκκος
1623 2950 1719 2999 τοῦ
1752 2944 1926 3013 σίτου,

268 3035 447 3090 πεσὼν
494 3031 570 3095 είς
626 3033 727 3101 τὴν
779 3039 906 3109 γῆν,
952 3031 1215 3106 ἀποθάνῃ,
1275 3032 1435 3095 αὐτὸς
1499 3032 1664 3106 μόνος
1727 3036 1875 3107 μένει
1910 3054 1921 3067 ·

273 3122 361 3179 ἐὰν
418 3120 476 3178 δὲ
534 3122 798 3195 ἀποθάνῃ,
854 3120 1026 3176 πολὺν
1084 3121 1290 3197 καρπὸν
1354 3122 1523 3198 φέρει.
1578 3147 1607 3174 ››
1666 3120 1923 3195 Εἴπωμεν

273 3212 405 3268 αὐτὸ
460 3210 552 3267 καὶ
611 3211 821 3273 ἄλλως·
874 3210 1227 3286 Διεπορεύετο
1283 3211 1462 3266 τοίνυν
1495 3210 1523 3265 6
1569 3212 1779 3281 Ἰησοῦς
1838 3210 1928 3267 διὰ

268 3306 381 3359 τῶν
451 3299 757 3375 σπορίμων·
810 3300 971 3363 αὐτὸς
1000 3299 1101 3376 γὰρ
1157 3298 1325 3355 ἐνίοτε
1394 3301 1488 3373 μὲν
1547 3299 1744 3363 κόκκος
1828 3305 1927 3356 τοῦ

272 3390 423 3446 σίτου
450 3389 698 3446 καλεῖται
758 3387 849 3445 διὰ
891 3390 955 3445 τὸ
1010 3389 1315 3460 θρεπτικόν·
1350 3386 1553 3445 ἄλλοτε
1582 3387 1641 3444 δὲ
1696 3390 1930 3466 σπορεύς

267 3480 403 3553 ἀστι,
434 3480 570 3535 κατὰ
623 3479 687 3534 τὸ
740 3478 1027 3556 εἰρημένον
1062 3478 1113 3533 ἐν
1145 3484 1261 3541 τοῖς
1314 3478 1685 3556 Εὐαγγελίοις·
1726 3505 1754 3534 ‹‹
1788 3478 1927 3535 Ἰδοὺ

269 3570 491 3642 ἐξῆλθεν
535 3569 563 3625 6
598 3568 830 3644 σπείρων
880 3572 978 3625 τοῦ
1039 3573 1275 3642 σπεῖραι.
1311 3595 1333 3624 ι
1375 3570 1590 3644 Σπείρει
1646 3570 1741 3643 μὲν
1774 3570 1864 3624 οὗν
1899 3569 1926 3624 6

269 3660 481 3730 Ἰησοῦς
541 3656 807 3733 δαψιλῶς·
841 3660 877 3728 ἡ
910 3655 969 3713 δὲ
1023 3658 1367 3737 καρποφορία
1422 3658 1622 3735 γίνεται
1671 3662 1806 3736 πρὸς
1863 3658 1927 3713 τὸ

270 3747 630 3821 ὑποκείμενον
663 3768 676 3782 ’
712 3745 849 3803 ὅπου
914 3747 1008 3821 μὲν
1067 3747 1167 3824 γὰρ
1226 3745 1511 3825 πετρώδης
1545 3751 1580 3818 ἡ
1610 3751 1701 3824 γῆ,
1752 3748 1925 3821 εὐμα-

270 3842 379 3913 ρῶς
600 3836 904 3911 ξηραίνεται
960 3838 1023 3892 τὸ
1082 3838 1298 3914 σπέρμα
1354 3837 1454 3892 οὐκ
1510 3835 1775 3910 ἀδυναμίᾳ
1828 3841 1927 3894 τοῦ

272 3927 479 4004 σπόρου
513 3973 528 3998 ,
587 3925 734 3982 ἀλλᾶ
903 3925 1128 4002 καχεξίᾳ
1153 3933 1255 3995 τῆς
1291 3933 1416 4002 γῆς·
1468 3926 1494 3981 6
1530 3926 1623 4001 μὲν
1658 3927 1762 4002 γὰρ
1793 3926 1927 3981 σπό-

275 4038 368 4094 ρος
430 4015 673 4093 ἐνεργής·
707 4011 904 4091 ἄγονος
965 4013 1088 4087 δὲὴ
1120 4022 1192 4091 γῆ
1231 4014 1392 4091 βάθος
1455 4017 1531 4091 μὴ
1594 4017 1925 4089 κεκτημένη.

276 4105 395 4164 Οὐκ
450 4104 786 4181 ἁντεχούσης
859 4100 920 4161 δὲ
964 4110 1066 4174 τῆς
1125 4108 1225 4181 γῆς
1283 4104 1420 4179 πρὸς
1481 4105 1731 4182 ὑγρασίαν
1790 4108 1928 4178 ('28),

276 4194 467 4250 πλεῖον
514 4195 568 4249 αἱ
624 4193 854 4265 ἡλιακαὶ
904 4196 1114 4257 ἀκτῖνες
1180 4189 1653 4270 προσϐάλλουσαι,
1711 4194 1873 4265 ἁναξη
1908 4227 1931 4239 -

279 4283 521 4361 ραίνουσι
548 4285 641 4340 τὸν
701 4284 928 4361 σπόρον.
962 4284 1064 4341 Καὶ
1094 4282 1295 4360 γίνεται
1346 4284 1409 4339 τὸ
1467 4282 1639 4339 αἶ’τιον
1692 4284 1754 4339 οὐ
1784 4285 1931 4361 παρὰ

273 4375 338 4431 τὸ
366 4372 552 4429 ἄτονον
583 4376 681 4429 τοῦ
712 4373 919 4450 σπόρου
954 4417 969 4444 ,
1003 4371 1149 4429 ἀλλὰ
1174 4372 1237 4427 τὸ
1268 4373 1465 4446 σαθρὸν
1496 4378 1598 4443 τῆς
1628 4379 1731 4449 γῆς
1767 4418 1779 4431 .
1813 4372 1927 4428 Ῑῐά-

278 4463 366 4520 λιν
400 4463 429 4519 6
461 4462 663 4539 σπόρος
721 4462 994 4539 σπείρεται
1040 4463 1118 4526 εἷς
1148 4460 1434 4532 άκανθώδη
1463 4470 1566 4538 γῆν
1603 4484 1616 4496 ·
1649 4463 1738 4518 καὶ
1772 4463 1799 4517 6
1836 4465 1929 4537 μὲν

200 4568 205 4571 “
273 4552 481 4629 σπόρος
510 4552 732 4629 ἐνεργής
757 4571 770 4585 ·
803 4551 1046 4627 πνίγεται
1108 4549 1167 4606 δὲ
1220 4552 1325 4607 ὑπὸ
1380 4556 1488 4607 τῶν
1520 4552 1763 4616 ἀκανθῶν
1791 4596 1805 4623 ,
1837 4553 1926 4607 καὶ

272 4643 309 4711 ἡ
339 4637 495 4697 ἓνδον
556 4641 889 4714 ἀποκειμένη
950 4640 1187 4718 ἐνέργεια
1258 4640 1321 4695 οὐ
1379 4648 1741 4717 συγχωρεῖται
1798 4662 1927 4717 καρ-

2101 2592 2157 2645 2.
2191 2590 2503 2646 Transibat
2536 2589 2735 2662 itaque
2771 2592 3040 2648 Salvator
3082 2608 3186 2664 per
3233 2598 3358 2650 sata
3392 2610 3404 2648 :
3438 2612 3687 2667 granum

2038 2679 2335 2747 frumenti,
2364 2694 2466 2750 per
2494 2683 2721 2752 segetes
2745 2698 2757 2735 :
2781 2680 3091 2752 spirituale
3114 2682 3258 2739 illud
3283 2699 3534 2754 granum
3566 2685 3686 2740 fru-

2038 2767 2240 2834 menti,
2265 2768 2420 2837 quod
2469 2768 2683 2823 cecidit
2710 2769 2769 2822 in
2802 2786 2987 2824 unum
3031 2769 3248 2836 locum,
3284 2774 3689 2845 fecundusque

2035 2856 2350 2911 resurrexit
2398 2855 2459 2909 in
2508 2856 2707 2911 orbem
2739 2862 3026 2912 terrarum
3060 2877 3072 2912 :
3108 2860 3179 2914 de
3209 2877 3272 2915 se
3297 2861 3513 2932 quippe
3560 2864 3687 2935 ipse

2037 2944 2181 2999 dicit
2213 2961 2224 2999 :
2254 2965 2281 2993 «
2312 2943 2434 2998 Nisi
2461 2959 2711 3015 granum
2760 2946 3040 3001 frumenti
3091 2948 3307 3004 cadens
3358 2951 3416 3005 in
3466 2955 3683 3008 terram

2038 3037 2336 3088 mortuum
2371 3031 2562 3101 fuerit,
2596 3034 2792 3104 ipsum
2844 3034 3034 3090 solum
3084 3042 3315 3105 manet;
3348 3039 3438 3093 sin
3490 3044 3687 3096 autem

2039 3126 2334 3178 mortuum
2372 3122 2564 3189 fuerit,
2600 3122 2852 3178 multum
2902 3124 3161 3179 fructum
3206 3126 3373 3181 affert
3397 3128 3459 3182 1⁵.
3487 3150 3514 3175 ››
3545 3128 3688 3184 Rem

2037 3211 2151 3266 alio
2198 3216 2520 3266 tractemus
2570 3213 2763 3267 modo.
2799 3212 3113 3268 Transibat
3158 3213 3344 3285 igitur
3388 3214 3559 3271 Jcsus
3590 3233 3693 3288 per

2042 3304 2168 3356 sata
2199 3318 2211 3355 :
2244 3300 2371 3372 ipse
2401 3300 2618 3372 quippe
2649 3301 2964 3372 aliquando
2998 3318 3251 3373 granum
3284 3304 3585 3377 frumenti,
3619 3307 3691 3362 ob

2040 3389 2156 3444 vim
2189 3390 2527 3445 nutritivam
2566 3408 2577 3445 :
2614 3390 2909 3446 interdum
2942 3391 3263 3447 seminator
3291 3397 3400 3459 est,
3430 3399 3602 3466 prout
3631 3395 3691 3451 in

2040 3478 2366 3549 Evangeliis
2398 3480 2615 3534 dicitur
2645 3497 2657 3535 :
2689 3502 2710 3528 α
2744 3480 2889 3535 Ecce
2936 3494 3210 3552 egressus
3241 3488 3332 3536 est
3363 3484 3463 3553 qui
3516 3485 3691 3539 semi-

2039 3573 2139 3622 nat
2169 3568 2241 3622 ad
2273 3567 2686 3623 seminandum
2716 3568 2775 3623 ¹⁸.
2801 3591 2828 3617 ››
2853 3570 3088 3641 Spargit
3118 3570 3352 3639 quidem
3375 3573 3545 3627 Jesus
3576 3573 3691 3629 lar-

2038 3656 2189 3729 giter
2218 3660 2562 3728 sementem,
2596 3658 2824 3714 fructus
2872 3662 3067 3715 autem
3118 3660 3287 3730 copia
3336 3661 3401 3716 fit
3445 3679 3549 3734 pro
3601 3681 3691 3721 ra-

2036 3747 2193 3802 tione
2223 3746 2331 3802 soli
2367 3763 2379 3801 :
2416 3764 2548 3803 nam
2602 3748 2702 3802 ubi
2733 3752 2966 3820 petrosa
2993 3752 3171 3815 terra,
3195 3750 3364 3807 facile
3406 3754 3692 3809 exarescit

2039 3852 2273 3901 semen;
2308 3853 2422 3891 non
2454 3836 2692 3907 quidem
2723 3838 3069 3909 impotentia
3111 3840 3379 3907 seminis,
3411 3841 3513 3895 sed
3546 3842 3689 3897 vitio

2038 3930 2205 3981 terras
2240 3950 2253 3981 :
2285 3941 2418 3980 cum
2453 3941 2651 3979 semen
2685 3925 2942 3981 vividum
2974 3926 3070 3994 sit,
3102 3930 3261 3982 terra
3290 3933 3479 3985 autem
3515 3930 3689 3984 steri-

2038 4014 2133 4081 lis,
2188 4014 2327 4086 quia
2374 4014 2833 4086 profunditatem
2879 4033 2996 4071 non
3054 4016 3247 4075 habet.
3286 4018 3430 4074 Cum
3490 4023 3689 4076 autem

2039 4108 2193 4160 terra
2225 4121 2339 4159 non
2378 4103 2589 4159 retinet
2635 4104 2967 4172 humorem,
2999 4104 3222 4162 solares
3271 4108 3419 4163 radii
3452 4109 3691 4180 gravius

2037 4193 2233 4265 illapsi
2267 4194 2564 4248 exsiccant
2600 4198 2943 4248 sementem.
2978 4196 3139 4261 Quod
3189 4196 3426 4267 quidem
3461 4198 3689 4253 contin-

2040 4284 2124 4355 git
2155 4298 2269 4337 non
2312 4279 2712 4336 imbecillitate
2760 4282 3027 4350 seminis,
3059 4284 3159 4337 sed
3192 4285 3330 4341 vitio
3375 4284 3502 4340 soli.
3539 4287 3691 4342 Rur-

2040 4387 2170 4428 sum
2205 4370 2504 4443 spargitur
2528 4372 2744 4443 fsemen
2776 4369 2836 4425 in
2869 4370 3168 4443 spinosam
3215 4376 3431 4429 terram
3465 4389 3477 4430 :
3512 4379 3571 4430 et
3599 4392 3690 4433 se-

2040 4478 2172 4517 men
2205 4460 2445 4532 quidem
2493 4460 2752 4515 vividum
2793 4464 2915 4527 est;
2967 4461 3067 4515 sed
3123 4479 3156 4517 a
3203 4462 3392 4533 spinis
3440 4464 3692 4521 suffoca-

2038 4556 2156 4616 tur,
2188 4567 2291 4606 nec
2338 4550 2699 4621 permittitur
2739 4550 2825 4605 vis
2873 4549 2973 4605 illa
3024 4550 3267 4605 interior
3315 4553 3689 4622 fructiﬁcare,

2040 4642 2111 4697 ob
2150 4640 2494 4696 exteriorem
2553 4639 2713 4695 illam
2774 4638 3127 4695 molestiam.
3160 4640 3322 4704 Quod
3382 4641 3432 4696 si
3490 4658 3690 4700 semen

260 4736 591 4809 ’ποφορῆσαι
651 4728 743 4786 διὰ
790 4732 892 4801 τὴν
955 4726 1146 4802 ἔξωθεν
1206 4726 1467 4807 ὄχλησιν.
1526 4731 1646 4787 Ἐὰν
1698 4729 1756 4787 δὲ
1800 4733 1927 4787 ἁπο-

2044 4730 2254 4786 bonam
2287 4728 2668 4785 nanciscatur
2697 4731 2934 4794 terram,
2968 4745 3083 4785 non
3114 4746 3315 4801 parem
3348 4731 3541 4787 reddit
3572 4733 3693 4789 fru-

277 4819 455 4894 λαύσῃ
482 4827 584 4890 τῆς
625 4821 831 4896 ἀγαθῆς
862 4824 1011 4875 ποιεῖ
1038 4818 1202 4875 πάλιν
1266 4820 1373 4895 οὐχ
1430 4819 1624 4894 ὅμοιον
1657 4822 1747 4877 τὸν
1801 4842 1931 4898 καρ-

276 4909 404 4980 πὸν,
437 4909 565 4965 ἀλλ’
608 4908 660 4964 ἐν
719 4910 1030 4984 τριάκοντα,
1088 4908 1180 4964 καὶ
1236 4910 1515 4980 ἑξήκοντα,
1573 4911 1662 4965 καὶ
1721 4912 1930 4968 ἑκατόν.

280 4996 587 5068 Μονοειδὴς
624 4999 719 5072 μὲν
754 4999 787 5053 ἀ
815 4998 1037 5075 σπόρος,
1070 4996 1332 5078 διάφορος
1375 4996 1433 5055 δὲ
1467 4998 1495 5054 6
1526 5000 1733 5075 καρπός
1770 5020 1782 5034 ·
1819 4999 1936 5055 διάε-

279 5107 443 5166 φοροι
476 5084 533 5142 δὲ
563 5087 618 5142 αἱ
648 5090 868 5164 γνῶμαι
897 5092 1006 5143 τῶν
1042 5085 1471 5162 διδασκομένων.

349 5178 406 5235 3.
443 5176 671 5249 Ἐξῆλθε
725 5176 905 5233 τοίνυν
941 5177 970 5232 6
1004 5176 1235 5253 σπείρων
1294 5182 1392 5233 τοῦ
1447 5184 1661 5255 σπεῖραι
1697 5198 1708 5211 ·
1741 5179 1832 5234 καὶ
1873 5180 1942 5234 τὰ

284 5266 381 5341 μὲν
434 5264 503 5321 δι’
560 5267 754 5323 ἑαυτοῦ
782 5267 993 5342 παρὼν,
1023 5267 1092 5323 τὰ
1148 5265 1206 5322 δέ
1239 5264 1327 5322 διὰ
1356 5272 1462 5322 τῶν
1496 5272 1753 5340 μαθητῶν
1788 5267 1944 5344 ἐνήρ-

276 5377 440 5432 γησε.
476 5355 577 5411 Καὶ
608 5352 754 5433 ἔχεις
784 5355 836 5413 ἐν
866 5362 987 5420 ταῖς
1042 5356 1275 5431 ΙΙράξεσι
1333 5362 1439 5411 τῶν
1501 5356 1824 5413 ἀποστόλων
1854 5379 1942 5436 γε-

2043 4824 2224 4885 ctum,
2259 4819 2361 4874 sed
2402 4818 2793 4889 trigesimum,
2831 4816 2917 4873 vel
2947 4819 3404 4890 sexagesimum,
3435 4820 3523 4876 vel
3555 4837 3695 4876 cen-

2042 4910 2346 4965 tesimum.
2399 4908 2674 4977 Ejusdem
2737 4925 2993 4979 namque
3054 4908 3284 4979 generis
3332 4926 3533 4965 semen
3581 4915 3690 4979 est,

2045 4999 2312 5054 diversus
2330 5002 2525 5053 autem
2545 4997 3155 5071 fructus,diversa2que
3175 5014 3375 5055 eorum
3396 4999 3696 5055 sententiaa

2049 5088 2149 5160 qui
2186 5087 2555 5142 erudiuntur.

2121 5180 2174 5233 3.
2206 5176 2358 5232 Exiit
2386 5175 2568 5249 igitur
2597 5174 2698 5247 qui
2736 5176 2991 5231 seminat
3037 5176 3349 5243 seminare,
3381 5181 3437 5231 et
3486 5176 3701 5247 partim

2052 5283 2311 5340 praesens
2343 5282 2445 5336 per
2466 5281 2614 5330 sese,
2638 5265 2850 5336 partim
2879 5282 2981 5336 per
3001 5264 3321 5335 discipulos
3343 5281 3481 5319 suos
3506 5280 3707 5336 Opera-

2054 5361 2153 5411 tus
2198 5360 2306 5411 est.
2338 5355 2408 5409 Et
2438 5354 2687 5409 habetur
2716 5353 3002 5423 scriptum
3034 5352 3093 5407 in
3121 5352 3362 5407 Actibus
3410 5352 3703 5423 apostolo-

355 5476 402 5512 ¹⁴
428 5475 599 5533 Joan.
631 5493 750 5550 xxx,
780 5477 870 5534 31.
950 5477 995 5513 ¹⁵
1021 5474 1193 5534 Joan.
1226 5494 1329 5546 xu,
1361 5477 1453 5546 24,
1480 5478 1569 5533 25.
1649 5479 1692 5514 ³⁸
1719 5478 1925 5536 Matth.
1959 5494 2083 5546 xm,
2115 5477 2169 5531 3.

356 5602 497 5677 (26')
547 5602 789 5677 Nullibi
828 5603 1247 5677 dicituridiem
1299 5606 1417 5677 qua
1461 5604 1777 5662 crucifixus
1828 5604 1943 5661 Do-

546 5679 656 5749 est,
712 5675 894 5733 fuisse
948 5675 1333 5768 Sabbatum,‘
1359 5677 1462 5734 sed
1519 5678 1945 5751 praecedentem

286 5674 490 5733 minus

288 5747 472 5808 diem.

2146 5603 2239 5728 27g
2268 5601 2491 5728 Anglic.
2527 5599 2718 5671 prima
2747 5610 2949 5664 manu,
2982 5592 3247 5676 εὐμερῶς.

2147 5676 2215 5728 28
2272 5678 2349 5728 [Io
2389 5692 2432 5728 ς,
2480 5676 2615 5728 ante
2662 5664 2945 5728 ὑγρασίαν,
2996 5666 3247 5722 additur!

2146 5604 2215 5656 27
2268 5604 2491 5728 Anglic.
2527 5604 2718 5671 prima
2747 5610 2949 5664 manu,
2982 5604 3247 5676 εὑμερῶς.

2125 5604 2239 5746 ίὲδί
2272 5678 2349 5747 Πρ
2389 5692 2432 5743 ς,
2480 5676 2615 5747 ante
2662 5664 2945 5739 ὑγρασίαν,
2996 5666 3262 5723 additum
3312 5672 3401 5726 est
3449 5669 3720 5725 secunda

2055 5744 2237 5805 manu
2270 5744 2331 5803 in
2359 5744 2530 5816 Angl.
2726 5829 2731 5832 _
3128 5774 3153 5837 (ν
3174 5752 3179 5757 ’
