4136 6388
409 397 527 458 147

1519 397 1586 459 8.
1631 391 2158 459 ATHANASIUS.
2198 422 2276 436 —
2313 388 2579 453 DUBIA.

3707 399 3828 462 MO

410 548 565 604 rum,
587 541 719 605 post
747 536 1075 608 lapidatum
1109 536 1494 608 Stephanum,
1527 533 1634 604 sic,
1667 533 1932 604 inquam,
1965 529 2065 586 ha-

2178 524 2490 600 γραμμένον
2527 565 2542 591 ,
2574 521 2656 579 ὅτι
2684 523 2818 597 μετᾶ
2861 526 2925 581 τὸ
2957 523 3396 600 λιθοϐοληθῆναι
3425 531 3519 587 τὸν
3550 535 3822 610 Στέφανον

410 620 510 677 bet
537 623 840 697 Scriptura
874 645 923 681 τα
949 627 1033 682 Illi
1069 628 1265 698 itaque
1309 623 1558 696 dispersi
1584 625 1626 658 ¹⁷
1654 645 1681 670 ››
1713 638 1828 676 non
1874 619 2066 674 imbe-

411 710 651 769 cillitate
673 717 769 770 47
808 715 1077 787 dissipati
1103 732 1116 770 :
1143 729 1515 786 nequaquam
1543 712 1699 767 enim
1732 709 1844 764 fide
1873 709 2069 780 sejun-

411 799 489 855 cti
539 806 697 870 sunt,
732 805 835 860 sed
883 805 1153 876 dispersi.
1185 801 1538 859 Seminantis
1577 799 1796 872 quippe
1842 797 1895 852 vi
1942 797 2064 852 fru-

411 895 680 946 mentum
713 893 921 960 effecti,
956 895 1024 949 ad
1059 909 1270 965 panem
1299 891 1614 959 caelestem,
1649 905 1751 960 per
1777 885 2061 941 viviﬁcam

411 994 648 1035 omnem
699 982 1027 1037 doctrinam
1075 984 1468 1044 transeuntes,
1509 977 1875 1050 operationes
1925 990 2064 1030 suas

413 1067 632 1139 ubique
678 1070 1166 1126 disseminarunt.
1197 1069 1628 1142 Cogitationum
1677 1065 1877 1135 itaque
1906 1067 2068 1118 sator

411 1156 584 1212 Jesus
615 1158 955 1231 unigenitus
979 1160 1166 1216 Filius
1199 1159 1317 1226 Dei,
1340 1155 1632 1212 transibat
1663 1170 1764 1226 per
1794 1157 1942 1220 sata,
1965 1151 2066 1223 qui

412 1261 528 1301 non
562 1248 851 1303 seminum
884 1253 1117 1304 tantum
1161 1253 1251 1305 est
1298 1254 1478 1315 sator,
1511 1245 1611 1300 sed
1643 1242 1818 1298 etiam
1870 1257 2066 1297 rerum

411 1349 590 1390 sensu
622 1337 1019 1408 praditarum.
1052 1336 1199 1392 Huic
1219 1336 1378 1391 enim
1402 1335 1475 1389 ab
1498 1332 1666 1388 initio
1689 1331 1860 1386 Pater
1881 1330 2062 1385 dixit:

416 1444 445 1474 «
479 1425 769 1480 Producat
798 1429 953 1481 terra
983 1425 1226 1480 herbam
1257 1423 1396 1492 feni,
1421 1421 1721 1478 seminans
1747 1434 1947 1474 semen
1983 1431 2070 1473 se'

414 1513 674 1568 cundum
724 1529 911 1586 genus
960 1521 1017 1569 et
1065 1513 1515 1570 similitudinem
1539 1510 1604 1564 ¹³.
1632 1531 1660 1558 »
1691 1509 1860 1564 Pater
1898 1506 2066 1576 dixit,

415 1601 597 1657 Filius
629 1603 902 1674 perfecit:
928 1603 1023 1659 ille
1047 1603 1249 1673 jussit,
1279 1601 1372 1656 hic
1393 1603 1567 1670 jussa
1595 1597 1906 1669 complevit
1938 1612 1951 1650 :
1985 1601 2070 1652 at-

417 1707 530 1762 que
559 1691 641 1746 ita
669 1707 737 1746 ex
765 1695 935 1747 Patre
979 1708 1078 1763 per
1111 1690 1344 1757 Filium,
1370 1687 1690 1760 perfectum
1742 1685 1852 1740 fuit
1895 1701 2064 1756 opus,

416 1795 654 1851 unaque
685 1781 892 1836 mundi
925 1780 1140 1836 creatio
1171 1796 1274 1852 per
1303 1779 1535 1834 Patrem
1566 1780 1622 1832 et
1652 1774 1860 1831 Filium
1895 1773 2063 1829 abso-

413 1869 543 1925 luta
571 1873 678 1925 est.
701 1869 809 1934 Qui
852 1885 988 1942 ergo
1039 1869 1423 1940 cogitationes
1451 1865 1722 1932 seminat,
1754 1867 1812 1920 et
1840 1862 1942 1936 qui
1971 1878 2064 1918 res

414 1974 592 2014 sensu
628 1959 900 2030 praeditas
942 1963 1088 2014 nutu
1139 1963 1379 2029 paterno
1409 1954 1617 2024 effecit,
1653 1953 1744 2009 hic
1790 1953 1916 2024 ipse
1963 1967 2068 2024 per

414 2051 546 2104 sata
587 2047 897 2104 transibat.
931 2046 1196 2119 Ingentia
1223 2050 1377 2102 certe
1407 2045 1467 2100 in
1511 2042 1839 2099 seminibus
1885 2040 2066 2096 mira-

414 2134 565 2192 cula.
586 2135 1024 2208 Videamusque
1041 2135 1100 2192 in
1122 2134 1490 2208 temporibus
1521 2131 1821 2198 sementis,
1846 2145 1970 2200 quas
1991 2129 2062 2184 ad

415 2223 738 2280 seminium
779 2226 1072 2298 pertinent
1104 2243 1117 2281 :
1149 2230 1208 2280 et
1253 2225 1322 2280 de
1369 2227 1534 2279 terras
1577 2219 1945 2293 germinibus
1974 2218 2065 2273 hi-

416 2313 596 2369 berno
637 2319 898 2386 tempore
936 2314 1342 2369 disseramus:
1399 2328 1514 2366 non
1564 2325 1680 2381 quo
1727 2308 1966 2381 physice
1996 2307 2068 2362 de

417 2402 708 2472 ejusmodi
754 2419 815 2458 re
863 2403 1256 2474 disputemus,
1290 2401 1389 2456 sed
1424 2416 1539 2472 quo
1573 2395 1932 2453 mirabilium
1982 2396 2067 2450 fa-

417 2495 638 2547 ctorem
669 2492 1002 2548 adoremus.
1037 2491 1314 2547 Homines
1347 2494 1499 2546 certe
1537 2485 1596 2544 id
1646 2491 1880 2557 agentes
1911 2485 2066 2557 quod

419 2597 540 2636 suae
568 2580 864 2636 facultatis
884 2585 994 2649 est,
1009 2580 1235 2651 junctis
1256 2580 1326 2636 ad
1351 2583 1610 2635 aratrum
1640 2576 1830 2632 bobus
1850 2579 2067 2631 terram

419 2667 670 2736 sulcant,
705 2668 1129 2740 emolliuntque
1160 2669 1287 2740 ejus
1317 2666 1712 2738 superficiem,
1741 2668 1807 2720 ut
1834 2681 1906 2720 ne
1937 2664 2068 2734 plu-

417 2757 523 2811 viae
545 2757 962 2828 praeterﬂuant,
985 2758 1082 2812 sed
1109 2755 1455 2828 profundius
1488 2758 1859 2826 penetrantes
1880 2752 2071 2824 copio-

419 2861 550 2900 sum
586 2845 842 2900 fructum
893 2845 1224 2918 germinent
1259 2862 1271 2899 :
1301 2843 1531 2900 semina
1576 2858 1709 2898 vero
1738 2842 1799 2896 ln
1832 2841 2067 2897 mollem

418 2939 635 2989 terram
661 2936 940 3006 projecta,
965 2933 1182 3005 duplici
1209 2933 1515 2988 commodo
1541 2931 1854 3004 gaudeant,
1878 2930 2068 3002 primo

417 3023 838 3094 profunditatis
867 3028 924 3078 et
953 3022 1217 3078 mollitiei
1241 3037 1252 3076 :
1290 3021 1570 3090 secundo,
1596 3019 1974 3085 latebrarum,
1997 3035 2070 3074 ne

418 3111 490 3166 ab
521 3111 726 3168 avibus
757 3112 1167 3167 absumantur.
1192 3111 1264 3165 Et
1291 3109 1468 3165 homo
1491 3109 1729 3180 quidem
1762 3108 1919 3179 quod
1951 3124 2069 3163 suae

2179 612 2351 675 οὕτως
2381 611 2595 688 λέγειὴ
2648 617 2853 690 Γραφή’
2891 639 2919 668 ‹‹
2960 617 3030 673 Οἱ
3064 617 3158 690 μὲν
3210 619 3300 673 οὗν
3351 617 3756 699 διασπαρέντες,
3787 643 3817 679 υ

2176 703 2238 758 ού
2271 700 2341 757 δι’
2380 703 2646 766 ἀσθενείας
2687 705 3122 780 σκορπισθέντες⁶
3157 707 3218 763 ού
3246 710 3347 785 γὰρ
3399 707 3719 788 διῃρέθησαν
3757 717 3829 788 τῇ

2173 794 2372 849 πίστει·
2405 793 2552 850 ἀλλὰ
2584 791 2985 870 διασπαρέντες.
3034 800 3114 867 Τῆ
3147 799 3252 876 γάρ
3291 799 3526 877 ἐνεργείᾳ
3552 809 3649 858 τοῦ
3679 826 3830 860 σπει-

2176 903 2365 958 ραντος
2415 885 2854 954 σιτοποιηθέντες
2889 886 2964 948 εἷς
2993 886 3152 963 ἄρτον
3187 887 3528 964 ἐπουράνιον,
3563 893 3698 947 κατὰ
3728 900 3829 948 πᾶ-

2176 993 2266 1027 σαν
2303 969 2685 1038 διεληλυθότες
2720 974 3022 1052 ζωοφορίας
3058 973 3827 1058 διδασκαλίαν,κατασπείραν-

2172 1082 2258 1123 τες
2289 1061 2651 1136 ἐνεργήματα.
2680 1064 2740 1119 Ὀ
2767 1062 2946 1118 τοίνυν
2977 1063 3045 1119 τὰ
3073 1068 3324 1139 νοήματα
3346 1068 3579 1145 σπείρων
3617 1071 3827 1140 Ἰησοῦς

2177 1149 2206 1204 ὀ
2233 1151 2529 1226 μονογενὴς
2555 1151 2678 1213 Υἱὸς
2700 1156 2797 1206 τοῦ
2818 1151 3243 1230 Θεοῦ,διήρχετο
3267 1153 3356 1211 διὰ
3376 1162 3480 1212 τῶν
3516 1159 3830 1236 σπορίμων,

2177 1239 2238 1294 ού
2274 1240 2437 1313 μόνον
2471 1237 2528 1294 δὲ
2556 1245 2663 1295 τῶν
2711 1242 2930 1317 σπόρων
2979 1245 3370 1321 κατασπορεὺς,
3404 1245 3551 1302 άλλὰ
3596 1249 3686 1303 καὶ
3715 1253 3824 1304 τῶν

2176 1327 2469 1398 αἰσθητῶν.
2504 1329 2645 1405 Πρὸς
2671 1331 2773 1406 γὰρ
2802 1335 2992 1386 τοῦτον
3027 1327 3208 1408 ἔλεγεν
3243 1333 3293 1404 ἐξ
3340 1335 3517 1410 ἀρχῆς
3548 1337 3576 1392 6
3609 1338 3822 1413 Ιῐατήρ·

2177 1441 2208 1469 ‹‹
2243 1417 2584 1492 Ἐξαγαγέτω
2609 1420 2646 1487 ἡ
2707 1426 2779 1493 γῆ
2818 1419 3050 1494 βοτάνην
3084 1418 3315 1498 χόρτου,
3354 1430 3574 1500 σπεῖρον
3617 1426 3834 1502 σπέρμα

2175 1505 2311 1562 κατὰ
2337 1505 2491 1581 γένος
2539 1507 2629 1562 καὶ
2679 1514 2798 1572 καθ’
2848 1508 3134 1582 ὁμοίωσιν.
3169 1536 3196 1564 ››
3232 1514 3422 1589 ΙΙατήρ
3473 1511 3673 1591 ἔλεγεν,
3709 1517 3830 1580 Υἱὸς

2175 1594 2438 1651 έπετέλει’
2493 1596 2521 1650 6
2573 1597 2667 1669 μὲν
2713 1596 3016 1666 ἐπέταττεν,
3047 1600 3076 1653 6
3108 1597 3166 1655 δὲ
3211 1601 3286 1663 είς
3330 1603 3498 1678 πέρας
3543 1601 3718 1680 ἤγαγε
3763 1605 3831 1662 τὰ

2173 1685 2620 1759 προσταττόμενα
2653 1705 2666 1720 ’
2697 1687 2788 1741 καὶ
2836 1687 3008 1750 οὕτως
3052 1687 3112 1743 ἐκ
3141 1689 3357 1766 ῙΙατρὸς
3407 1689 3476 1746 δι’
3517 1693 3646 1747 Υἱοῦ
3675 1693 3732 1749 ’ὲν
3761 1695 3832 1764 ἦν

2171 1772 2658 1849 τελεσιούργημα,
2721 1781 2848 1848 μιᾶς
2905 1779 3268 1850 κοσμοποιίας
3326 1777 3416 1834 διὰ
3467 1783 3682 1858 ΙΙατρὸς
3738 1783 3832 1838 καὶ

2174 1863 2302 1918 Υἱοῦ
2357 1862 2939 1938 τελεσιουργουμένης.
3000 1867 3057 1920 Ὀ
3083 1866 3259 1922 τοίνυθ
3315 1868 3383 1924 τὰ
3428 1871 3682 1943 νοήματα
3729 1893 3827 1928 κα-

2171 1950 2475 2026 τασπείρων
2507 1994 2522 2021 ,
2554 1953 2643 2007 καὶ
2691 1954 2760 2008 τὰ
2814 1953 3045 2025 αἰσθητὰ
3097 1955 3320 2029 νεύματι
3363 1959 3572 2033 ΙΙατρὸς
3604 1960 3835 2036 ἐργασά-

2178 2061 2362 2114 μενος,
2394 2039 2554 2103 οὗτος
2575 2037 2807 2098 διέϐαινε
2833 2041 2921 2098 διὰ
2948 2048 3056 2099 τῶν
3086 2045 3392 2120 σπορίμων.
3430 2045 3628 2119 Πολλὴ
3662 2047 3720 2105 δέ
3746 2050 3832 2114 τίς

2175 2127 2316 2184 ἐστιν
2372 2131 2406 2198 ἡ
2465 2133 2572 2184 τῶν
2633 2130 2848 2206 σπόρων
2909 2133 3336 2211 θαυματουργία.
3389 2135 3488 2191 Καὶ
3541 2134 3748 2211 ἴδωμεν
3781 2139 3833 2194 έν

2173 2223 2384 2294 καιροῖς
2414 2217 2631 2294 σπόρων
2662 2220 2731 2275 τὰ
2773 2221 2898 2296 περὶ
2952 2223 3199 2295 σπόρων·
3236 2224 3289 2280 έν
3318 2225 3626 2301 χειμερίοις
3661 2225 3836 2300 ὣραις

2172 2307 2241 2361 τὰ
2269 2307 2393 2383 περὶ
2439 2314 2542 2376 τῆς
2597 2307 2840 2383 βλάστη(
2884 2317 2986 2380 τῆς
3036 2315 3138 2388 γῆς
3171 2310 3580 2389 διαλεγόμενοι,
3613 2315 3720 2392 οὐχ
3743 2315 3838 2374 ἵνα

2176 2394 2674 2475 φυσιολογήσωμεν
2705 2400 2774 2454 τὰ
2807 2399 3083 2474 ὁρώμενα,
3106 2401 3242 2457 ἀλλ’
3265 2401 3358 2457 ’ίνα
3383 2407 3844 2480 προσκυνήσωμεν

2173 2485 2267 2539 τὸν
2295 2485 2722 2558 θαυματοποιόν.
2771 2489 3086 2563 ’Ἄνθρωποι
3137 2490 3231 2563 μὲν
3263 2492 3364 2568 γὰρ
3395 2493 3462 2547 τὰ
3491 2491 3568 2571 ἐφ’
3616 2494 3832 2557 ἑαυτοῖς

2177 2573 2526 2650 ἐργαζόμενοι
2559 2621 2576 2648 ,
2627 2576 2896 2648 ζεύξαντες
2949 2579 3078 2654 βοῦς
3125 2580 3432 2657 ἀροτῆρας,
3465 2581 3828 2658 άνατέμνουσι

2173 2665 2274 2733 τὴν
2305 2671 2406 2740 γῆν
2437 2663 2526 2720 καὶ
2558 2663 2893 2722 άπαλύνουσι
2923 2669 2986 2723 τὸ
3010 2669 3303 2745 πρόσωπον
3335 2670 3530 2741 αὐτῆς,
3556 2671 3630 2726 ἵν’
3681 2673 3830 2730 ὑετοὶ

2180 2753 2277 2826 μὲν
2314 2754 2390 2826 μή
2412 2751 2832 2830 παραδράμωσι,
2855 2755 2984 2813 ἀλλ’
3004 2753 3433 2832 ἐμϐαθυνόμενοι
3457 2762 3836 2837 καρποφορίαν

2177 2839 2537 2897 ἀποδόσωσιν·
2572 2845 2624 2898 οἱ
2657 2841 2714 2898 δὲ
2743 2845 2936 2918 σπόροι
2969 2845 3020 2899 έν
3071 2845 3340 2914 ἁπλότητι
3372 2852 3473 2915 τῆς
3519 2849 3620 2922 γῆς
3658 2846 3844 2924 ῥιφέν-

2177 2951 2290 3003 τες,
2333 2928 2517 3000 διττήν
2551 2929 2724 3006 ἔχωσι
2751 2933 2850 3001 τὴν
2885 2933 3208 2988 ἀπόλαυσινο
3239 2933 3364 3006 μίαν
3397 2935 3493 3007 μὲν
3519 2939 3616 2989 τοῦ
3645 2937 3846 3009 βάθους

2176 3019 2267 3074 καὶ
2296 3027 2399 3088 τῆς
2433 3017 2793 3089 άπαλώσεως,
2845 3019 3096 3096 δευτέραν
3127 3019 3186 3076 δέ
3230 3027 3328 3077 τοῦ
3369 3022 3718 3099 κρύπτεσθαι,
3750 3025 3844 3079 καὶ

2183 3110 2260 3181 μή
2295 3109 2399 3163 ὑπὸ
2447 3110 2648 3184 ὀρνέων
2700 3107 3100 3168 ἀναλίσκεσθαι.
3149 3110 3364 3167 ’Δλλ’ό
3409 3113 3503 3185 μὶν
3556 3113 3842 3186 ἅνθρωπος

418 3200 717 3257 facultatis
746 3205 837 3258 est
864 3201 1018 3272 agit;
1065 3201 1165 3256 sed
1218 3213 1582 3270 nequaquam
1613 3198 1684 3253 ab
1718 3197 1954 3253 homine
1984 3201 2068 3252 est

2179 3201 2330 3252 ποιεῖ
2348 3197 2412 3251 τὸ
2433 3197 2717 3253 ἑαυτοῦοού
2745 3199 2879 3271 μή⁶ἠ
2902 3199 3246 3276 καρποφορία
3270 3199 3373 3256 ὑπδ
3396 3200 3680 3277 ἀνθρώπου
3702 3204 3817 3276 (29)
3832 3245 3845 3259 .

421 3290 820 3346 fructificatio.
846 3271 1112 3346 Hominis
1135 3289 1353 3361 quippe
1382 3293 1472 3343 est
1501 3287 1817 3356 seminare;
1842 3286 1941 3342 Dei
1972 3302 2068 3341 au-

2184 3285 2501 3359 Ἀνθρώπου
2533 3285 2627 3358 μὲν
2660 3285 2764 3363 γὰρ
2812 3288 2874 3342 τὸ
2921 3271 3166 3361 σπεῖραν·
3194 3293 3328 3344 Θεοῦ
3372 3285 3430 3344 δὲ
3476 3271 3540 3345 τὸ
3589 3271 3839 3362 αύξῆσαί.

423 3383 542 3435 tem
573 3379 1007 3434 incrementum
1038 3379 1197 3434 dare.
1230 3379 1420 3448 Atque
1463 3377 1565 3433 Dei
1617 3377 1864 3448 imperio
1895 3375 2082 3430 nubes

429 3485 498 3524 ex
521 3469 812 3539 profundo
845 3467 1098 3523 marium
1131 3483 1315 3538 aquas
1345 3467 1648 3532 hauriunt,
1673 3463 2082 3535 salsedineque

431 3557 492 3612 in
525 3555 895 3612 dulcedinem
940 3571 1129 3626 versa,
1160 3555 1469 3611 effundunt
1515 3553 1752 3626 quidem
1783 3554 1843 3608 in
1875 3568 2080 3625 super-

431 3646 624 3701 ficiem
657 3650 821 3701 terras
854 3663 868 3700 :
901 3648 1030 3700 tum
1061 3645 1238 3700 unius
1267 3660 1508 3717 prorsus
1541 3643 1774 3717 generis
1803 3642 2080 3698 decidens

430 3733 649 3808 pluvia,
671 3733 831 3789 varia
860 3733 1128 3807 producit
1150 3733 1445 3789 seminum
1475 3748 1688 3803 genera
1717 3731 2076 3786 frumentum

428 3823 586 3879 enim
619 3823 820 3888 efficit,
861 3823 1078 3891 fabam,
1110 3821 1362 3888 milium,
1412 3837 1595 3876 zeam.
1629 3819 1941 3890 Unumque
1991 3823 2080 3875 est

427 3913 582 3984 quod
642 3911 883 3979 decidit;
936 3911 1122 3967 multa
1167 3928 1296 3982 quae
1342 3908 1722 3982 germinant:
1757 3912 1930 3978 atque
1976 3905 2079 3964 illa

426 4001 799 4057 uniformitas
838 4000 1171 4072 pluviarum
1224 4000 1284 4056 in
1333 3997 1714 4070 multiplicem
1762 3996 2074 4052 fructifica-

422 4089 644 4145 ticnem
675 4090 830 4157 abit;
865 4095 931 4145 ut
961 4090 1323 4157 ostendatur,
1357 4105 1474 4143 non
1512 4086 1854 4142 dexteritate
1897 4086 2073 4141 semi-

425 4179 644 4245 nantis,
693 4180 794 4234 sed
853 4179 952 4235 Dei
1006 4180 1340 4251 operations
1388 4179 1642 4232 fructum
1693 4175 1944 4247 prodire.
1991 4181 2073 4232 Ac

423 4269 710 4340 principio
740 4269 976 4340 quidem
1002 4268 1283 4324 sementis
1315 4267 1496 4322 herba
1522 4267 1783 4338 quaedem
1805 4264 1963 4320 velut
1987 4282 2076 4321 as-

424 4358 633 4429 surgit,
655 4363 713 4414 et
743 4357 1090 4430 plerumque
1109 4355 1395 4428 contingit
1415 4355 1776 4410 frumentum
1800 4371 1918 4409 una
1938 4370 2072 4411 cum

421 4448 656 4504 zizaniis
686 4447 966 4504 seminari
997 4463 1010 4503 :
1046 4463 1234 4519 neque
1263 4445 1398 4500 licet
1427 4461 1530 4516 per
1559 4443 1830 4499 foliorum
1861 4443 2071 4499 simili-

421 4538 684 4594 tudinem
716 4537 1134 4601 internoscere,
1158 4536 1299 4607 quid
1345 4535 1725 4598 frumentum,
1750 4533 1890 4604 quid
1921 4533 2069 4589 ziza-

2192 3374 2291 3428 Καὶ
2322 3376 2702 3450 προστάγματι
2753 3380 2886 3432 Θεοῦ
2935 3374 3154 3455 νεφέλαι
3205 3377 3265 3433 έκ
3305 3378 3609 3434 θαλαττίων
3666 3380 3844 3455 βυθῶν

2188 3462 2255 3516 τὰ
2286 3460 2454 3518 ὕδατα
2500 3463 2890 3534 ἀνασπάσασαι,
2921 3465 3012 3520 καὶ
3051 3463 3102 3536 ἐξ
3156 3465 3540 3542 άλμυρότητος
3588 3468 3666 3530 εἷς
3709 3469 3850 3543 γλυ-

2188 3549 2396 3622 κύτητα
2447 3548 2870 3626 μεταϐαλοῦσαι,
2922 3553 3204 3630 έπιχέουσι
3258 3556 3353 3629 μὶν
3413 3555 3501 3611 ἐπὶ
3553 3556 3617 3611 τὸ
3677 3556 3845 3631 πρόσ-

2189 3661 2338 3695 ωπον
2366 3647 2467 3710 τῆς
2497 3647 2628 3717 γῆς’
2668 3640 2959 3715 μονοειδὴς
2991 3640 3050 3698 δὲ
3099 3643 3274 3715 ὑετὸς,
3308 3639 3564 3713 καταϐὰς,
3608 3645 3835 3703 πολυει-

2187 3727 2301 3793 δεῖς
2340 3728 2616 3807 ἐργάζεται
2675 3731 2936 3808 σπόρους.
2992 3734 3090 3787 Καὶ
3146 3739 3292 3789 σῖτον
3355 3735 3450 3807 μὶν
3506 3733 3834 3809 ἐργάζεται,

2185 3817 2394 3892 κύαμον
2425 3816 2483 3874 δὲ
2513 3819 2601 3874 καὶ
2631 3821 2864 3897 κέγχρον
2913 3821 3003 3876 καὶ
3051 3816 3275 3895 ὅλυραν.
3308 3825 3402 3880 Ἔν
3440 3824 3534 3896 μὲν
3577 3823 3642 3880 τὸ
3671 3845 3836 3879 κατα-

2185 3902 2306 3976 ϐὰν,
2333 3907 2422 3962 καὶ
2454 3906 2728 3964 πολλάτὰ
2761 3908 3142 3984 βλαστώμενα·
3173 3910 3265 3966 καὶ
3303 3913 3366 3966 τὸ
3418 3910 3695 3986 μονοειδὲς
3725 3917 3834 3967 τῶν

2185 3996 2350 4051 ὑετῶν
2401 3997 2476 4059 εἷς
2526 3997 2810 4074 πολύχουν
2855 3998 3228 4078 καρποφορίαν
3301 3997 3668 4078 διασπείρεται
3701 4020 3713 4035 ·
3742 3999 3834 4057 ἵνα

2184 4081 2402 4162 δειχθῇ,
2438 4089 2514 4160 μή
2547 4090 2614 4160 τῇ
2646 4091 2744 4142 τοῦ
2792 4087 3111 4164 σπείραντος
3141 4088 3422 4166 εὐμαρείᾳ,
3463 4087 3610 4146 ἀλλὰ
3635 4094 3706 4165 τῇ
3735 4094 3834 4146 τοῦ

2181 4179 2316 4230 Θεοῦ
2367 4174 2607 4250 ἐνεργείᾳ
2661 4175 2901 4252 γίνεσθαι
2956 4177 3020 4232 τὸ
3077 4179 3598 4256 καρποφορούμενον
3647 4217 3667 4238 ο
3729 4178 3833 4237 Καὶ

2180 4268 2398 4339 πρῶτον
2434 4264 2526 4338 μὲν
2555 4266 2584 4320 6
2616 4264 2814 4341 σπόρος
2847 4265 2995 4341 χλόη
3053 4287 3135 4329 τις
3189 4266 3372 4343 ὥσπερ
3403 4263 3700 4342 ἀναϐαίνει,
3743 4269 3835 4325 καὶ

2179 4351 2452 4416 πολλάκις
2509 4354 2643 4428 σίτῳ
2699 4355 2930 4424 ζιζάνιον
2982 4357 3336 4429 συνέσπαρται
3364 4375 3377 4388 ⁸
3409 4359 3445 4427 ἡ
3478 4355 3535 4412 δὶ
3565 4359 3834 4431 ὁμοιότης

2178 4446 2284 4496 τῶν
2314 4441 2540 4519 φύλλων
2569 4443 2631 4498 ού
2665 4449 2944 4520 συγχωρεῖ
2971 4451 3222 4523 φανῆναι,
3253 4443 3307 4501 τί
3359 4446 3455 4520 μὲν
3488 4451 3659 4518 σῖτος,
3690 4448 3743 4503 τί
3777 4445 3837 4504 δὶ

2183 4530 2438 4600 ζιζάνιον.
2469 4535 2630 4587 Ὅταν
2679 4529 2737 4587 δὲ
2785 4534 2813 4587 6
2867 4533 3070 4606 σπόρος
3121 4532 3405 4604 εὐθυτενής
3455 4533 3702 4610 γένηται,
3741 4535 3836 4592 καὶ

423 4625 520 4682 nia
546 4626 639 4681 sit.
672 4625 816 4681 Cum
869 4631 1066 4681 autem
1117 4625 1176 4679 in
1225 4623 1488 4680 culmum
1538 4639 1738 4678 semen
1788 4624 2068 4695 assurgit,

2180 4619 2255 4682 εἰς
2287 4620 2420 4694 ὕψος
2466 4621 2711 4694 γένηται,
2743 4622 2772 4676 6
2817 4623 3020 4697 στάχυς
3067 4620 3347 4697 διακρίνει,
3391 4624 3481 4679 καὶ
3530 4628 3565 4695 ἡ
3624 4646 3836 4702 καρπο-

419 4715 845 4786 exaltaturque,
890 4731 958 4769 ex
1005 4713 1168 4785 spica
1214 4711 1691 4785 deprehenditur,
1725 4711 2069 4783 fructusque

418 4803 640 4859 indicat
667 4803 807 4874 quid
839 4803 916 4858 sit
946 4804 1336 4872 frumentum,
1365 4801 1506 4872 quid
1537 4801 1778 4856 zizania.

488 4894 540 4947 4.
576 4890 915 4948 Intellexisti
943 4893 1096 4964 quod
1129 4891 1350 4947 dictum
1381 4896 1488 4957 est,
1517 4891 1636 4960 iam
1669 4889 1810 4944 mihi
1844 4890 1915 4944 ad
1950 4906 2069 4944 ma-

415 4981 506 5054 gis
527 4979 863 5053 spiritualia
883 4981 1249 5051 progredere.
1273 4978 1593 5035 Seminavit
1610 4978 1782 5033 Jesus
1806 4994 1907 5049 per
1928 4994 2066 5049 apo-

415 5070 598 5127 stolos
617 5070 856 5126 verbum
878 5067 1038 5140 regni
1057 5067 1333 5123 caelorum
1357 5084 1457 5139 per
1474 5068 1808 5121 universam
1829 5075 2062 5122 lerram.

411 5161 583 5216 Auris
614 5175 746 5214 vero
778 5174 910 5230 quae
949 5157 1422 5228 praedicationem
1455 5155 1697 5225 excepit,
1729 5155 1885 5225 apud
1935 5171 2064 5212 sese

412 5249 573 5304 illam
633 5247 843 5303 retinet
887 5264 901 5301 :
953 5249 1009 5301 et
1064 5250 1307 5301 catenus
1365 5249 1519 5299 certe
1575 5243 2062 5314 germinationem

411 5337 680 5393 foliorum
712 5338 852 5407 edit,
877 5336 1033 5407 quod
1068 5335 1123 5388 in
1161 5334 1417 5389 Ecclesia
1450 5350 1512 5388 se
1542 5333 1881 5404 diligentem
1914 5351 2061 5405 prae-

408 5427 525 5481 bet.
560 5425 1069 5495 Convenimusque
1112 5422 1171 5477 in
1221 5423 1496 5478 eumdem
1527 5421 1718 5476 locum
1771 5427 1890 5476 tam
1939 5422 2061 5477 fru-

410 5515 591 5570 menti
624 5513 952 5584 largitores,
987 5529 1163 5584 quam
1209 5511 1468 5578 zizania;
1509 5516 1627 5566 tam
1662 5510 1851 5567 fidelis
1879 5528 2060 5581 quam

482 5610 522 5645 ¹⁷
552 5612 676 5664 Act.
707 5623 830 5679 vm,
865 5609 916 5663 Ir
998 5609 1040 5644 ¹⁸
1071 5608 1215 5665 Gen.
1250 5625 1289 5676 ι,
1327 5609 1412 5663 10.

2179 4709 2341 4786 φορία
2373 4707 2599 4765 δείννυσι
2629 4709 2692 4765 τὸ
2725 4711 3105 4786 ὑποκείμενον,
3134 4711 3186 4768 τί
3240 4713 3334 4787 μὲν
3367 4719 3538 4787 σῖτος,
3567 4713 3620 4771 τί
3661 4713 3720 4770 δὶ
3753 4719 3833 4784 ζι-

2181 4796 2355 4867 ζάνιον
2366 4843 2378 4854 .

2249 4890 2300 4944 4.
2338 4887 2597 4958 Ἐνόησας
2625 4888 2688 4942 τὸ
2736 4885 3060 4963 λεγόμενον,
3092 4888 3214 4946 ἐλθέ
3269 4913 3361 4965 μοι
3413 4891 3607 4948 λοιπὸν
3659 4891 3748 4948 έπί
3773 4893 3836 4948 τὸ

2174 4977 2679 5052 πνευματικώτερω
2708 5019 2721 5033 .
2770 4980 3052 5055 Ἕσπειρεν
3103 4981 3131 5035 6
3161 4984 3368 5052 Ἰησοῦς
3423 4979 3513 5036 διὰ
3553 4987 3661 5037 τῶν
3693 4983 3832 5037 ἀπο-

2174 5063 2385 5120 στόλων
2459 5065 2552 5120 τὸν
2640 5064 2803 5142 λόγον
2878 5073 2981 5137 τῆς
3059 5067 3336 5144 βασιλείας
3416 5074 3524 5124 τῶν
3593 5069 3834 5146 οὐρανῶν

2172 5156 2308 5209 κατᾶ
2364 5153 2539 5225 πάσης
2596 5161 2698 5224 τῆς
2755 5155 3086 5230 οἰκουμένης
3123 5200 3135 5214 .
3196 5159 3362 5228 Ἀκοὴ
3444 5157 3707 5231 δεξαμένη
3766 5159 3831 5214 τὸ

2171 5246 2428 5321 κήρυγμα
2484 5244 2703 5320 κατέχει
2761 5247 2889 5322 παρ’
2950 5247 3136 5320 ἑαυτῇο
3199 5251 3290 5302 καὶ
3345 5248 3484 5310 τέως
3545 5249 3640 5321 μὲν
3703 5247 3835 5322 βλά-

2174 5354 2304 5403 στην
2339 5331 2620 5410 φυλλάδος
2663 5333 2938 5410 ἐργάζεται
2981 5333 3222 5404 σπουδὴν
3278 5337 3401 5412 περὶ
3447 5337 3547 5406 τήν
3597 5335 3834 5409 Ἐκκλη-

2172 5419 2307 5495 σίαν,
2340 5423 2429 5476 καὶ
2462 5422 2799 5499 συναγόμεθα
2829 5423 2965 5478 κατᾶ
3013 5425 3077 5479 τὸ
3107 5424 3260 5492 αὐτὸ,
3291 5424 3382 5480 καὶ
3435 5426 3486 5481 οἱ
3531 5424 3828 5499 σιτοδόται,

2170 5511 2258 5565 καὶ
2284 5511 2352 5566 τὰ
2383 5511 2613 5580 ζιζάνια,
2653 5513 2683 5566 6
2713 5511 2929 5584 πιστὸς,
2978 5512 3067 5567 καὶ
3116 5513 3146 5568 6
3178 5513 3498 5589 ὑποκριτὴς,
3544 5513 3638 5571 ἵνα
3686 5513 3830 5586 ἀλη-

479 5708 590 5781 (29)
620 5707 752 5763 Haec
783 5723 798 5761 :
833 5703 991 5762 Ἀλλ’
1019 5704 1048 5760 ό
1083 5707 1177 5778 μὲν
1210 5707 1399 5770 ἄνθη..
1434 5705 1536 5762 ὑπὸ
1568 5705 1878 5782 ἀνθρώπου,
1912 5706 2068 5764 dear:

2185 5707 2245 5764 in
2275 5707 2617 5780 Anglicano,
2651 5708 2753 5764 sed
2785 5705 2985 5766 addita
3012 5712 3155 5768 sunt
3195 5725 3378 5770 manu
3408 5711 3749 5776 recentiore.
