4136 6370
232 418 333 478 149

1467 412 1793 475 HOMILIA
1835 412 1939 472 DE
1982 412 2374 474 SEMENTE.

3528 413 3645 474 150

234 546 459 623 θέστερον
493 542 732 618 εἴπωμεν
759 542 822 599 τὸ
851 542 1393 621 καταγγελλόμενον.
1428 543 1479 599 οἰ
1529 541 1586 599 δὲ
1633 542 1867 621 γεωργοὶ

2004 546 2310 619 lypoorita,
2345 550 2409 602 ut
2446 547 2641 602 verius
2691 547 3039 617 eloquamur
3067 548 3221 617 quod
3272 546 3641 619 praedicatur.

233 644 321 707 τῆς
350 634 697 705 Ἐκκλησίας,
738 634 836 702 τὴν
873 631 1125 690 δίκελλαν
1158 638 1267 689 τῶν
1302 632 1484 709 λόγων
1534 639 1651 695 τοῖς
1685 635 1877 701 ἐσπαρ-

240 726 405 800 μένοις
466 718 845 793 ἐπιϐαλόντες,
904 728 1254 800 γεωργοῦμεν
1347 722 1422 785 εἷς
1481 723 1873 801 καρποφορίαν.

239 811 377 870 οὔπω
410 812 467 869 δὲ
499 811 721 887 οἴδαμεν
752 813 815 867 τὸ
858 812 1234 888 ὑποκείμενον·
1269 815 1304 883 ἡ
1334 814 1434 889 γὰρ
1464 819 1563 883 τῆς
1598 810 1875 891 φυλλάδος

238 903 487 979 ὁμοιότης
538 904 716 973 ἀπατᾷ
744 900 1012 965 πολλάκις
1044 902 1171 965 τοὺς
1230 907 1595 977 προεστῶτας.
1627 904 1787 957 Ὅταν
1820 899 1877 957 δὲ

234 998 265 1064 ἡ
297 991 613 1048 διδασκαλία
642 991 716 1053 εἷς
749 988 906 1067 ἕργοδ
938 994 1302 1069 προχωρήσῃ,
1330 991 1419 1047 καὶ
1456 992 1483 1046 6
1512 991 1719 1067 καρπὸς
1767 996 1874 1045 τῶν

235 1080 391 1159 ἔργων
451 1087 732 1155 παχυνθῆ,
761 1080 884 1135 τότε
941 1082 1180 1159 φαίνεται
1220 1081 1301 1143 τίς
1362 1082 1455 1154 μὲν
1492 1080 1519 1135 6
1550 1081 1767 1149 πιστὸς,
1794 1080 1876 1142 τίς

234 1170 288 1226 δὲ
315 1171 340 1225 6
371 1170 690 1244 ὑποκριτής.
725 1169 821 1224 Καὶ
853 1173 971 1232 πῶς
1022 1170 1113 1225 καὶ
1163 1170 1281 1224 τίνα
1328 1170 1528 1246 τρόπον
1589 1169 1878 1245 παραγίνε-

231 1281 312 1314 ται
368 1257 639 1321 πολλάκις
701 1256 774 1321 εἷς
835 1258 997 1315 πόλιν
1059 1262 1195 1335 ἀνὴρ
1254 1257 1547 1333 δυνάμενος
1610 1257 1877 1314 διδάσκειν

233 1346 563 1419 Ἑλληνιστὶ,
605 1349 689 1419 ὃς,
743 1349 843 1416 τήν
907 1350 1073 1417 ἀκοὴν
1140 1348 1494 1423 θελγόμενος,
1528 1346 1745 1403 σπεύδει
1805 1348 1879 1409 εἰς

236 1438 331 1506 τήν
367 1436 715 1507 Ἐκκλησίαν,
750 1436 812 1491 οὐ
842 1438 941 1505 τήν
976 1437 1210 1512 ἰατρείαν
1240 1444 1340 1507 τῆς
1372 1441 1579 1512 ψυχῆς,
1605 1436 1748 1492 ἀλλά
1774 1442 1879 1491 τῶν

237 1523 411 1601 λόγων
444 1525 508 1580 τὸ
538 1524 745 1588 κάλλος
782 1524 945 1599 μόνον
1000 1525 1251 1601 ἀρπάσαι.
1285 1526 1655 1602 Ἀνεχώρησεν
1720 1526 1747 1580 6
1799 1525 1883 1580 εὐ-

238 1612 500 1690 γλώττως
561 1613 767 1669 λαλῶν·
831 1615 1151 1691 ἀνεχώρησε
1200 1615 1289 1669 καὶ
1336 1619 1435 1685 τῆς
1468 1615 1788 1685 Ἐκκλησίας
1820 1616 1883 1669 τὸ

238 1700 488 1771 ζιζάνιον·
526 1701 587 1756 οὐ
641 1701 745 1776 γὰρ
807 1701 924 1777 ἔχει
982 1703 1046 1757 τὸ
1104 1701 1351 1770 σιτῶδες,
1381 1704 1443 1758 τὸ
1486 1704 1697 1760 πιστόν.
1731 1706 1793 1761 Ὁ
1826 1702 1884 1758 δὲ

232 1791 439 1860 πιστὸς,
469 1790 564 1845 κᾶν
599 1789 924 1865 εὐγλώττως
960 1791 1094 1866 λέγῃ
1143 1792 1211 1846 τὰ
1268 1791 1558 1867 λεγόμενοι,
1594 1791 1881 1862 σπουδάζει

230 1878 562 1949 κατακούειν,
618 1878 715 1934 κᾶν
773 1881 1018 1956 Συριστὶ,
1078 1880 1175 1935 κᾶν
1237 1882 1553 1955 Ῥωμαῖα-τὶ,
1614 1882 1710 1937 κᾶν
1766 1880 1881 1937 δια-

230 1968 377 2048 φόρῳ
407 1966 650 2045 γλώττῃ.
676 1967 754 2026 Οὐ
812 1969 916 2045 γὰρ
978 1974 1130 2041 ζητεῖ
1156 1969 1384 2045 λόγους,
1419 1969 1542 2026 ἀλλ’
1573 1969 1725 2048 ἔργα.
1765 1996 1791 2023 ‹‹
1824 1974 1886 2029 Ὁ

229 2056 328 2136 γὰρ
361 2056 529 2133 λόγος
560 2060 721 2131 ἡμῶν
753 2058 843 2113 καὶ
871 2058 935 2113 τὸ
964 2061 1222 2136 κήρυγμα
1253 2062 1412 2133 ἡμῶν
1448 2060 1548 2116 οὐκ
1578 2062 1628 2116 έν
1674 2067 1884 2126 πειθοῖς

233 2147 573 2223 ἀνθρωπίνης
607 2146 796 2223 σοφίας
831 2145 1045 2223 λόγοις,
1078 2146 1205 2204 ἀλλ’
1238 2149 1290 2203 ἓν
1326 2147 1593 2221 ἀποδείξει
1636 2150 1888 2224 ΙΙνεύμα-

226 2258 316 2300 τος
343 2236 433 2292 καὶ
465 2234 768 2310 δυνάμεως.
803 2259 832 2289 ››
862 2236 923 2291 Τί
950 2238 1013 2293 τὸ
1045 2232 1269 2315 ὄφελος,
1302 2238 1392 2293 ἐὰν
1425 2237 1745 2311 Ἑλληνιστὶ
1797 2238 1891 2295 λα·

228 2326 434 2401 λῶμεν,
471 2321 885 2403 βαρϐαρίζωμεν
944 2323 1002 2381 δὲ
1057 2333 1123 2396 τῆ
1159 2326 1356 2402 γνώμῃ
1387 2348 1399 2399 ;
1431 2329 1491 2383 Τί
1546 2329 1608 2384 τὸ
1667 2326 1888 2405 ὄφελος,

226 2414 313 2471 ἔδω
350 2414 663 2481 εὖσύνθετος
728 2415 822 2487 μὲν
879 2414 907 2470 6
937 2414 1132 2491 λόγος,
1163 2416 1558 2481 κακοσύνθετα
1620 2416 1678 2474 δὲ
1709 2418 1735 2473 6
1763 2418 1889 2490 τρό-

231 2521 366 2571 πος;
401 2502 555 2560 Πολὺ
584 2501 816 2558 κάλλιόν
850 2505 962 2558 ἔστι
1020 2506 1160 2577 μήτε
1214 2508 1312 2573 τήν
1346 2506 1631 2578 Ἑλλήνων
1694 2504 1888 2562 εἰδέναι

232 2593 441 2670 φωνην,
472 2590 562 2646 καὶ
592 2590 685 2646 τὸν
717 2590 887 2664 νόμον
918 2596 1016 2646 τοῦ
1046 2597 1181 2647 Θεοῦ
1212 2594 1264 2647 ὲν
1324 2593 1519 2670 καρδίᾳ
1574 2603 1888 2666 κεκτῆσθαι.

231 2681 297 2739 Εἰ
333 2681 429 2754 μὲν
462 2681 566 2756 γὰρ
599 2677 860 2757 σοφιστοῦ
922 2677 1299 2736 διδασκαλεῖον
1355 2683 1422 2751 ἦν
1478 2686 1512 2753 ἡ
1571 2685 1891 2756 Ἐκκλησία,

229 2768 566 2843 εὐγλωττίας
596 2771 660 2838 ἦν
696 2771 724 2824 ὁ
756 2767 967 2845 καιρός·
1002 2767 1188 2838 ἐπειδὴ
1223 2767 1280 2825 δὲ
1320 2770 1536 2847 τρόπων
1598 2774 1768 2848 ἀγὼν,
1802 2775 1892 2828 καὶ

231 2856 577 2934 καρποφορία
606 2856 669 2911 τὸ
729 2857 1111 2931 προκείμενον,
1142 2859 1230 2913 καὶ
1291 2858 1591 2936 προσδοκία
1649 2862 1891 2938 οὐρανῶν

1984 635 2101 691 Nos
2154 642 2351 691 autem
2396 635 2662 691 Ecclesiae
2714 635 2983 707 agricolae
3037 632 3337 690 verborum
3386 634 3640 706 ligonem

1987 741 2091 795 per
2120 729 2248 779 sata
2296 724 2702 791 immittimus,
2737 728 2799 778 ut
2831 740 3036 795 agrum
3089 724 3351 779 colamus
3385 726 3456 778 ad
3489 724 3641 778 fruc-

1987 817 2113 868 tum
2148 814 2490 881 ferendum;
2543 814 2794 868 necdum
2843 818 3038 868 tamen
3088 812 3497 885 cognoscimus
3531 812 3639 867 soli

1989 902 2383 957 conditionem
2413 919 2424 957 :
2452 901 2723 957 foliorum
2748 901 2961 972 quippe
2990 900 3335 966 similitudo,
3364 900 3641 972 praesides

1988 1007 2143 1061 saepe
2191 990 2361 1046 fallit.
2395 992 2610 1046 Verum
2646 992 2744 1044 ubi
2775 989 3041 1045 doctrina
3072 990 3129 1044 in
3161 1006 3308 1061 opus
3361 989 3640 1061 procedit,

1989 1079 2377 1151 laborumque
2410 1081 2633 1134 fructus
2665 1079 2971 1149 solidatur,
2996 1084 3123 1134 tum
3156 1082 3396 1150 apparet
3417 1078 3549 1148 quis
3583 1078 3645 1131 ﬁ-

1989 1168 2159 1234 delis,
2185 1168 2317 1239 quis
2349 1167 2652 1240 hypocrita
2683 1168 2779 1223 sit.
2806 1170 2928 1233 Qua
2951 1168 3175 1223 ratione
3207 1167 3265 1222 in
3293 1166 3497 1221 urbem
3532 1165 3648 1238 ple-

1990 1274 2243 1327 rumque
2274 1257 2431 1313 venit
2461 1258 2544 1313 vir
2577 1259 2770 1314 Graece
2803 1258 3045 1312 docendi
3080 1257 3321 1329 peritus,
3356 1273 3646 1327 auresque

1976 1346 2355 1411 .demulcens,
2380 1347 2480 1417 qui
2516 1348 2571 1401 in
2608 1346 2922 1401 Ecclesiam
2965 1350 3257 1417 properat,
3282 1362 3396 1399 non
3431 1350 3493 1399 ut
3525 1361 3644 1400 mc-

1994 1436 2247 1491 dicinam
2285 1438 2512 1502 animae,
2533 1439 2631 1490 sed
2667 1441 2729 1490 ut
2750 1437 3058 1491 verborum
3086 1433 3435 1507 elegantiam
3462 1434 3644 1506 perci-

1994 1524 2132 1598 piat.
2161 1526 2395 1581 Recedit
2425 1524 2521 1580 ille
2552 1526 2841 1580 facundus
2864 1529 3058 1580 orator
3086 1542 3097 1580 :
3127 1524 3342 1581 recedit
3372 1524 3549 1580 etiam
3574 1525 3643 1579 ah

1994 1614 2254 1671 Ecclesia
2284 1615 2604 1683 zizanium;
2652 1614 3012 1670 frumentum
3069 1614 3282 1686 quippe
3312 1632 3414 1670 seu
3446 1615 3644 1683 ﬁdem,

1995 1722 2111 1760 non
2143 1705 2338 1761 habet.
2364 1705 2577 1760 Fidelis
2601 1709 2795 1760 autem
2819 1704 2953 1759 licet
2978 1704 3226 1759 facunde
3258 1704 3415 1775 loqui
3438 1703 3645 1771 soleat,

1995 1795 2256 1849 studiose
2307 1793 2624 1862 auscultat,
2660 1794 2779 1849 sive
2827 1793 3082 1865 Syriace,
3116 1793 3236 1847 sive
3285 1792 3502 1859 Latine,
3551 1795 3651 1846 aut

1993 1883 2106 1939 alio
2137 1883 2342 1955 quovis
2376 1899 2645 1938 sermone
2676 1882 2809 1954 quis
2840 1886 3059 1938 utatur.
3093 1882 3219 1937 Non
3252 1882 3463 1952 quaerit
3491 1880 3648 1936 enim

1996 1973 2192 2038 verba,
2225 1973 2326 2029 sed
2358 1976 2523 2045 gesta
2556 1988 2568 2027 :
2600 1995 2627 2023 «
2661 1972 2863 2028 Sermo
2896 1972 3051 2027 enim
3094 1976 3293 2027 noster
3339 1975 3396 2027 et
3442 1971 3648 2043 praedi-

1998 2063 2146 2118 catio
2165 2068 2384 2128 nostra,
2400 2079 2515 2117 non
2535 2062 2594 2116 in
2618 2060 3106 2133 persuasibilibus
3129 2061 3403 2116 humana;
3424 2060 3653 2132 sapien-

1996 2152 2089 2206 tiae
2118 2152 2331 2222 verbis,
2359 2152 2459 2207 sed
2492 2150 2551 2205 in
2579 2150 2913 2207 ostensione
2935 2150 3189 2222 Spiritus
3211 2153 3267 2205 et
3286 2148 3520 2205 virtutis
3547 2151 3647 2202 ¹⁹.››

1999 2240 2099 2297 48
2141 2242 2275 2305 Quae
2332 2239 2576 2310 utilitas,
2628 2240 2677 2295 si
2722 2242 2915 2295 Graece
2970 2238 3306 2311 loquamur,
3338 2242 3395 2293 et
3452 2241 3650 2295 mente

1998 2330 2233 2386 barbari
2263 2329 2493 2385 simus?
2521 2330 2668 2392 Quid
2700 2330 2937 2400 prodest
2968 2328 3015 2382 si
3040 2328 3402 2401 compositus
3434 2344 3647 2398 sermo,

2000 2424 2058 2476 et
2089 2435 2281 2475 mores
2322 2418 2439 2474 sint
2488 2418 2902 2490 incompositi?
2933 2417 3113 2474 Multo
3162 2418 3536 2489 praestantius
3566 2421 3655 2473 est

2000 2508 2192 2563 (Ξῖ-ωδε
2222 2507 2459 2578 quidem
2494 2509 2737 2575 nescire,
2766 2506 3073 2579 legemque
3103 2507 3201 2562 Dei
3233 2507 3291 2561 in
3324 2506 3497 2562 corde
3527 2523 3658 2578 pos-

2002 2598 2212 2653 sidere.
2262 2597 2408 2652 Nam
2470 2596 2518 2651 si
2578 2595 2833 2652 Ecclesia
2886 2596 3163 2669 scphistaa
3220 2595 3423 2652 schola
3480 2599 3655 2666 esset,

1998 2686 2388 2741 consectanda
2420 2684 2565 2741 foret
2605 2685 2940 2757 eloquentia
2972 2703 2984 2741 :
3022 2689 3081 2741 at
3112 2703 3245 2740 cum
3298 2686 3367 2741 de
3421 2701 3653 2741 morum

2001 2790 2220 2844 pugna,
2251 2778 2308 2829 et
2336 2775 2407 2827 de
2438 2775 2667 2829 fructus
2696 2775 2864 2846 copia
2903 2780 3130 2847 agatur,
3163 2778 3655 2846 exspecteturque

2005 2861 2251 2929 coelum;
2297 2879 2368 2916 ne
2422 2861 2627 2933 lingua
2683 2863 3037 2933 requiratur,
3071 2864 3171 2919 sed
3233 2879 3424 2919 mores
3483 2862 3655 2918 insti-

233 2948 298 3003 τὸ
326 2943 810 3019 προσδοκώμενον,
855 2948 929 3019 μὴ
963 2946 1185 3022 γλῶττα
1226 2949 1510 3019 ζητείσθω,
1544 2950 1669 3007 ἀλλ’
1705 2952 1732 3005 6
1762 2951 1889 3027 τρό-

2004 2954 2265 3007 tuantur.
2300 2956 2556 3006 Rursum
2606 2950 2788 3020 aliqui
2826 2950 3093 3006 laborant
3141 2952 3337 3007 studio
3386 2951 3654 3023 placendi

241 3056 340 3097 πος
367 3033 773 3111 κατορθούσθω.
806 3033 978 3089 Ιιάλιν
1032 3034 1197 3091 ἄλλοι
1246 3042 1495 3093 νοσοῦσιν
1551 3040 1889 3117 ἀνθρωπαρέ-

2005 3040 2369 3106 hominibus,
2420 3043 2477 3095 et
2524 3040 2595 3094 ad
2645 3043 2878 3109 tempus
2927 3039 3300 3095 simulatione
3350 3044 3595 3095 utuntur
3638 3055 3650 3092 :

247 3143 422 3179 σκειαν
483 3123 806 3200 ἀνθρώπων,
858 3125 949 3178 καὶ
1005 3124 1192 3198 καιρὸν
1252 3128 1763 3203 καθυποκρίνονται.
1795 3129 1889 3184 κᾶν

2005 3131 2160 3202 quod
2195 3132 2245 3186 si
2274 3129 2525 3184 illustris
2555 3145 2803 3200 persona
2832 3128 2919 3182 vel
2955 3145 3021 3183 ex
3071 3129 3300 3200 plateis,
3329 3128 3418 3183 vel
3450 3144 3517 3182 ex
3547 3128 3657 3182 ho—

248 3212 340 3286 μὶν
374 3210 642 3285 ἐπίσημον
693 3210 986 3284 πρόσωπον
1018 3212 1052 3282 ἢ
1087 3213 1148 3268 ὲκ
1193 3213 1465 3270 πλατειῶν
1498 3217 1533 3286 ἢ
1569 3217 1620 3288 ἐξ
1683 3218 1888 3294 ἀνθρώ.

2004 3220 2233 3274 minum
2267 3218 2480 3289 (turba)
2512 3218 2841 3287 accesserit,
2875 3221 2930 3272 et
2973 3216 3484 3272 Christianismum
3518 3233 3656 3288 pro-

235 3322 351 3357 πων
385 3301 775 3378 παραγίνηται,
806 3301 896 3356 καὶ
925 3303 1346 3378 Χριστιανισμὸν
1389 3288 1889 3383 ἐπαγγελλόμενον,

2004 3308 2267 3375 ﬁteatur,
2325 3310 2569 3362 currunt
2625 3306 2682 3361 in
2744 3306 3096 3374 Ecclesiam,
3159 3314 3221 3361 ut
3286 3306 3513 3361 homini
3571 3301 3655 3361 illi

231 3390 525 3466 τρέχουσιν
585 3389 661 3452 εἷς
694 3392 794 3460 τήν
830 3390 1176 3464 Ἐκκλησίαν,
1202 3391 1295 3447 ’ίνα
1342 3394 1613 3471 ἀνθρώπῳ
1674 3394 1884 3467 δείξωσι

2004 3397 2221 3452 vultum
2272 3396 2587 3452 ostendant
2635 3412 2834 3451 suum.
2871 3397 3179 3468 Egreditur
3232 3394 3482 3467 insignis
3535 3394 3656 3466 ille,

234 3480 298 3535 1:6
357 3477 675 3555 πρόσωπον.
737 3479 988 3550 Ἐξῆλθεν
1048 3482 1076 3535 ὁ
1137 3481 1429 3556 ἐπίσημος,
1488 3483 1805 3557 συνεξῆλθεν
1858 3485 1885 3540 6

238 3568 563 3645 ὑποκριτὴς,
621 3567 710 3623 καὶ
770 3566 961 3645 ἀπέχει
1022 3570 1113 3625 τὸν
1178 3571 1390 3643 μισθόν.
1452 3575 1530 3627 Δι’
1588 3574 1886 3651 ἀνθρώπων

233 3656 428 3726 ἦλθεν,
455 3654 727 3732 ἀνθρώπῳ
757 3653 939 3733 ἤρεσε,
971 3659 1116 3733 παρά
1173 3663 1307 3713 Θεοῦ
1366 3658 1518 3716 οὐδὲν
1579 3659 1790 3718 ἔλαϐεν·
1827 3665 1889 3719 οὐ

235 3744 343 3820 γὰρ
375 3744 566 3817 ἐκείνῳ
596 3742 762 3816 ἔδειξε
787 3746 885 3816 τὴν
948 3743 1209 3803 διάνοιαν.
1241 3754 1472 3805 Τοιαῦτα
1525 3758 1626 3822 τῆς
1660 3753 1892 3824 Ἐκκλη-

237 3834 357 3897 σίας
388 3834 457 3889 τὰ
488 3833 713 3903 ζιζάνια.
949 3848 961 3860 ·

308 3926 364 3979 5.
400 3920 549 3980 Ἀλλ’
582 3920 699 3998 ἔχει
748 3945 801 3978 τι
850 3922 1147 3998 θαυμάσιον
1184 3925 1211 3981 6
1242 3926 1483 4005 γεωργὸς
1530 3931 1629 3998 τῆς
1659 3929 1893 4001 Ε’κκλη-

237 4010 358 4074 σίας
420 4010 621 4087 Λόγος·
681 4011 771 4067 καὶ
827 4012 928 4089 γὰρ
990 4012 1198 4083 ζιζάνια
1254 4022 1542 4087 σιτοποιεῖ,
1597 4018 1685 4073 ὲάν
1742 4018 1892 4094 θέλῃ.

236 4099 466 4170 Ἐπειδὴ
500 4101 604 4176 γὰρ
635 4099 1090 4177 αὖτοπροαίρετος
1130 4105 1164 4172 ἡ
1225 4108 1332 4158 τῶν
1393 4105 1691 4182 ἀνθρώπων
1748 4109 1897 4178 κίνη-

234 4212 348 4259 σις,
402 4190 493 4244 καὶ
549 4188 891 4260 αὐτεξούσιος
948 4191 984 4259 ἠ
1045 4190 1266 4265 γνώμη,
1327 4194 1413 4247 έπὶ
1473 4195 1556 4249 σοὶ
1605 4201 1776 4251 κεῖται
1834 4199 1896 4252 τὸ

234 4284 489 4355 πρᾶγμα·
542 4277 588 4333 εἷ
648 4277 823 4365 θέλεις
884 4278 1110 4349 ζιζάνια,
1145 4280 1192 4335 εἶ
1221 4281 1439 4357 ἀλόγων
1502 4284 1654 4353 ζώων
1695 4290 1894 4365 τροφή,

234 4368 288 4425 εἰ
324 4367 528 4439 θέλεις,
564 4363 882 4443 μεταϐάλλῃ
908 4367 997 4424 καὶ
1056 4368 1178 4445 γίνῃ
1228 4375 1399 4446 σῖτος,
1459 4372 1657 4429 Εἷκόνα
1719 4363 1897 4446 ζητεῖς

232 4461 350 4514 τῶν
386 4456 593 4533 λόγων,
629 4453 874 4531 λάμϐανε
904 4459 1009 4513 ἀπὸ
1041 4456 1274 4534 δένδρων
1335 4462 1398 4516 τὸ
1456 4463 1808 4537 ζητούμενον.
1838 4466 1899 4519 Ἠ

237 4546 584 4624 ἀγριέλαιος,
616 4547 1094 4623 ἱπικεντρισθεῖσα,
1125 4548 1479 4613 καλλιέλαιος
1541 4553 1769 4628 γίνεται,
1810 4555 1897 4609 καὶ

1999 3502 2121 3542 una
2150 3484 2267 3541 exit
2297 3485 2616 3557 hypocrita,
2653 3488 2885 3556 recepta
2917 3486 3183 3540 mercede
3216 3502 3325 3539 sua
3352 3501 3362 3539 :
3398 3484 3659 3539 hominis

2000 3592 2177 3631 causa
2224 3574 2400 3643 venit,
2430 3573 2655 3628 homini
2705 3573 2942 3644 placuit,
2976 3591 3009 3629 a
3043 3576 3154 3630 Deo
3210 3573 3357 3628 nihil
3409 3573 3653 3645 accepit,

2002 3680 2376 3736 nequaquam
2407 3663 2565 3718 enim
2599 3666 2855 3718 mentem
2886 3680 3057 3719 suam
3089 3662 3174 3719 illi
3206 3662 3492 3719 exhibuit.
3517 3662 3658 3733 Eju-

2002 3755 2191 3811 smodi
2223 3759 2363 3811 sunt
2392 3753 2930 3809 Ecclesiaezizania.

2073 3934 2125 3989 5.
2160 3933 2267 3989 Sed
2300 3931 2598 4004 quidpiam
2634 3932 2851 3988 mirum
2896 3930 3072 3986 habet
3103 3929 3353 3985 Verbum
3390 3929 3658 3986 Ecclesiae

2007 4020 2262 4092 agricola
2296 4039 2307 4077 :
2337 4036 2473 4075 nam
2505 4020 2747 4090 zizania,
2779 4018 3072 4091 siquidem
3103 4017 3200 4075 ille
3230 4018 3495 4088 voluerit,
3530 4018 3653 4073 fru-

2007 4115 2273 4166 mentum
2324 4110 2537 4164 ferunt.
2569 4113 2711 4163 Cum
2761 4108 2917 4163 enim
2966 4108 3246 4164 electione
3291 4108 3525 4179 propria
3558 4107 3660 4162 ﬁat

2007 4200 2317 4255 hominum
2349 4201 2568 4262 motus,
2592 4203 2647 4253 ct
2676 4197 2858 4252 libera
2889 4198 2966 4251 sit
2998 4197 3126 4267 ejus
3158 4197 3478 4263 sententia;
3509 4196 3570 4249 in
3601 4200 3661 4251 te

2009 4304 2100 4344 res
2132 4287 2245 4342 sita
2274 4290 2361 4341 est
2396 4303 2407 4341 :
2442 4287 2489 4341 si
2522 4286 2607 4340 vis
2648 4301 2775 4340 esse
2824 4284 3065 4355 zizania,
3093 4285 3399 4340 brutorum
3432 4285 3658 4339 anima-

2012 4376 2153 4432 lium
2188 4374 2471 4448 pabulum
2504 4391 2565 4431 es
2594 4392 2606 4430 :
2633 4374 2722 4430 sin
2751 4374 3005 4431 volueris
3036 4374 3276 4442 mutari,
3300 4374 3661 4430 frumentum

2012 4468 2134 4523 lies.
2160 4466 2219 4522 Si
2251 4481 2478 4537 quaeras
2510 4465 2756 4536 hujusce
2788 4465 2870 4520 rei
2893 4463 3246 4534 exemplum,
3271 4468 3327 4518 et
3353 4463 3664 4519 arboribus

2013 4556 2326 4628 quaesitum
2386 4555 2601 4627 accipe.
2644 4554 2906 4610 Oleaster
2952 4553 3169 4609 insitus
3217 4553 3470 4608 efﬁcitur
3514 4554 3668 4609 bona

235 4632 496 4725 ἄμπελος
542 4635 732 4725 ἀγρία,
777 4636 1141 4712 ἡμερωτάτης
1200 4638 1453 4713 ἀμπέλου
1510 4641 1703 4716 κλῆμα
1759 4640 1889 4713 δεξα-

2011 4644 2183 4711 oliva,
2215 4650 2272 4699 et
2300 4644 2436 4699 vitis
2486 4642 2792 4711 silvestris,
2828 4641 3023 4698 sativae
3075 4640 3209 4697 vitis
3260 4644 3494 4713 accepto
3542 4640 3665 4712 pal-

237 4724 412 4800 μένη,
445 4723 855 4791 ἱπιλανθάνεται
891 4726 984 4799 μὲν
1018 4730 1125 4781 τῶν
1166 4733 1266 4797 τῆς
1301 4727 1454 4805 ῥίζης
1489 4730 1899 4805 παλαιοτήτων,

237 4808 619 4888 ἀναλαμϐάνει
680 4811 739 4869 δὲ
778 4815 876 4882 τὴν
935 4814 1231 4886 καινότητα
1284 4822 1391 4872 τῶν
1450 4818 1903 4877 παλαιῶν⁹Ἐπι-

238 4904 422 4968 λάθου
451 4903 541 4958 καὶ
572 4902 634 4958 σὺ
664 4907 771 4958 τῶν
804 4903 1060 4978 πρώτων,
1091 4905 1180 4980 καί
1222 4903 1455 4963 ἀνάλαϐε
1509 4910 1577 4964 τά
1608 4909 1899 4984 λεγόμενασ

238 4992 338 5048 καὶ
370 4996 469 5048 τοῦ
504 4990 741 5062 ζιζανίου
806 4991 993 5067 πάρες,
1022 4994 1085 5048 τὸ
1146 4992 1203 5050 δὲ
1256 4994 1477 5061 σιτῶδες
1538 4994 1905 5055 ἀνάλαϐε.“ίνα

240 5079 492 5153 δυνηθῆς
526 5080 616 5135 καὶ
667 5080 826 5145 αὐτὸς
876 5078 1002 5136 εἷ’σω
1034 5080 1245 5147 ἅλωνος
1308 5084 1764 5159 ἓκκλησιαστικῆς
1822 5110 1906 5165 γε-

243 5169 440 5235 νέσθαι
470 5176 698 5242 νοητῆς.

317 5263 379 5317 6.
412 5263 588 5315 Ταῦτα
619 5256 677 5313 δὲ
703 5260 877 5315 πάντα
908 5259 1035 5333 ὑμῖν
1095 5260 1306 5338 εἴρηται
1365 5262 1455 5319 διὰ
1507 5265 1570 5320 τὸ
1627 5265 1908 5341 εὐαγγελι-

241 5349 347 5404 κὸν
413 5351 763 5424 ἀνάγνωσμα,
793 5348 856 5404 τὸ
912 5349 1035 5421 περὶ
1096 5351 1311 5428 σπόρων
1371 5351 1785 5430 διαλεγόμενον,
1822 5353 1911 5410 διά

242 5437 347 5493 τὸν
382 5437 812 5514 κατασπείραντά
836 5437 888 5493 ὲν
918 5442 1038 5503 ταῖς
1071 5442 1297 5517 ψυχαῖς,
1328 5446 1434 5498 τῶν
1469 5446 1661 5519 ψυχῶν
1700 5444 1910 5521 λυτρω-

244 5524 359 5598 τὴν
391 5528 629 5601 Ἰησοῦν,
660 5528 751 5585 τὸν
813 5525 1270 5606 διαπορευόμενον
1330 5530 1421 5588 διὰ
1460 5537 1567 5589 τῶν
1606 5533 1909 5609 σπορίμων.

326 5743 384 5786 η
412 5742 439 5805 ι
463 5741 597 5806 Gor.
624 5756 693 5818 ιι,
718 5741 779 5802 ι.

2014 4734 2175 4799 mite,
2209 4732 2570 4789 obliviscitur
2616 4736 2854 4787 vetustae
2904 4730 3121 4787 radicis
3170 4747 3311 4800 sure,
3342 4730 3670 4801 accipitque

2014 4823 2329 4878 novitatem
2385 4822 2652 4876 recentis.
2685 4821 3035 4877 Obliviscere
3082 4825 3136 4875 et
3186 4825 3247 4875 tu
3296 4819 3580 4891 priorum,
3612 4822 3672 4874 et

2014 4910 2209 4983 accipe
2241 4911 2394 4980 quod
2427 4910 2672 4977 dicitur;
2720 4911 3073 4981 omissisque
3110 4909 3372 4974 zizaniis,
3405 4909 3671 4963 frumen-

2014 5005 2143 5055 tum
2180 4999 2373 5071 accipe
2407 5003 2471 5054 ut
2504 5016 2760 5055 mereare
2791 5000 2947 5055 intra
2978 5014 3171 5054 aream
3210 4997 3667 5054 ecclesiasticam

2016 5087 2500 5161 spiritualemque
2532 5088 2730 5159 recipi.

2089 5268 2142 5322 6.
2167 5268 2297 5322 Haec
2330 5284 2499 5339 porro
2549 5266 2749 5322 omnia
2778 5267 2935 5322 dicta
2963 5264 3126 5320 vobis
3177 5265 3334 5330 sunt,
3368 5259 3675 5317 occasione

2020 5357 2292 5414 lectionis
2314 5355 2806 5428 evangelicae,qua
2824 5357 2894 5411 de
2916 5354 3061 5410 satis
3084 5350 3298 5423 agitur,
3319 5350 3392 5405 ob
3412 5365 3545 5405 eum
3574 5350 3675 5423 qui

2023 5446 2081 5501 in
2100 5445 2412 5501 animabus
2433 5444 3220 5515 seminavit,Redemptorem
3239 5438 3573 5495 animarum
3591 5443 3680 5495 Je-

2027 5552 2182 5606 sum,
2204 5538 2611 5592 transeuntem
2640 5549 2743 5605 per
2770 5537 2915 5588 sata.
2940 5530 3043 5586 llle
3075 5532 3267 5583 autem
3293 5529 3365 5583 de
3388 5528 3682 5583 industria
