4136 6432
335 418 446 478 151

1516 416 1581 477 S.
1628 412 2160 476 ATHANASIUS.
2182 443 2260 456 -—
2288 408 2557 474 DUBIA.

3628 415 3748 478 152

336 551 592 626 Sabbato
624 548 1038 621 pertransibat,
1063 547 1385 621 discipulos
1416 564 1519 621 per
1566 552 1694 604 sata
1723 548 1980 604 ducens:

2119 547 2151 596 0
2184 543 2279 616 μὶν
2311 539 2401 598 οὖν
2435 539 2778 619 διεπορεύετο
2827 539 3079 615 ἆπίτηδες
3127 543 3180 600 tv
3228 539 3516 620 Σαϐϐάτῳ,
3550 544 3750 626 διάγων

337 639 438 712 qui
469 638 746 711 discipuli
775 637 835 694 in
867 638 1270 710 praetereundo
1300 637 1491 709 spicas
1523 637 1830 707 vellebant,
1863 651 1988 690 ma-

338 730 635 800 nibusque
680 727 1091 797 confricantes,
1123 727 1527 793 comedebant,
1564 742 1770 782 novam
1809 723 1991 796 spicis

341 835 560 886 aream,
588 833 802 872 manus
834 815 1061 871 scilicet
1089 832 1251 881 suas,
1275 815 1616 871 efﬁcientes.
1639 813 1826 870 Judaei
1855 828 1990 868 vero

343 905 666 978 discipulos
697 904 1076 976 increpabant
1095 904 1247 974 quod
1279 902 1558 959 alimenta
1575 901 1994 959 sumerentzad-

340 1011 547 1052 versus
582 993 927 1065 Magistrum
964 993 1424 1065 indignabantur
1457 1011 1469 1048 :
1498 1013 1526 1043 ‹‹
1557 993 1702 1047 Vide
1731 990 1872 1063 quid
1909 990 1992 1046 fa-

344 1085 502 1141 ciant
531 1081 808 1156 discipuli
831 1082 918 1138 tui
940 1081 1062 1138 20?:
1094 1082 1232 1138 Sese
1261 1081 1662 1139 abalienantes
1682 1098 1716 1137 a
1736 1079 1993 1152 justitia,

346 1188 721 1245 nequaquam
763 1171 1033 1227 dicebant
1066 1189 1078 1227 :
1109 1173 1258 1228 Socii
1307 1176 1642 1228 nostrorum
1675 1169 1993 1241 discipulo-

347 1279 516 1330 rum;
562 1278 691 1317 sese
740 1262 957 1333 quippe
1004 1278 1038 1316 a
1085 1261 1422 1333 magisterio
1469 1259 1838 1330 expulerant;
1871 1258 1996 1328 sed,

347 1375 376 1403 «
412 1351 554 1408 Vide
585 1349 725 1422 quid
759 1350 974 1406 faciant
1005 1349 1277 1421 discipuli
1309 1350 1394 1404 tui
1426 1368 1438 1406 :
1466 1372 1494 1399 »
1526 1366 1617 1405 res
1648 1349 1998 1421 conspicuas

350 1440 755 1497 ostendebant.
780 1439 1097 1511 Spectatori
1129 1439 1394 1494 cordium
1426 1455 1517 1495 res
1539 1455 1662 1509 quae
1693 1439 1803 1494 sub
1836 1454 2000 1508 aspe-

349 1535 512 1586 ctum
540 1529 760 1584 cadunt
803 1528 1328 1583 commonstratis?
1374 1527 2001 1598 Nonnejexperimento

351 1617 700 1691 plerumque
749 1616 1061 1688 didicistis,
1085 1633 1221 1673 eum
1251 1616 1430 1689 ,ipsas
1478 1618 1742 1673 cordium
1782 1616 2001 1688 cogita-

350 1707 540 1763 tiones
589 1709 924 1779 perspectas
975 1704 1229 1761 habere?
1255 1707 1462 1762 Annon
1493 1704 1594 1762 ille
1623 1710 1713 1761 est
1740 1705 1842 1776 qui
1874 1705 1956 1760 ait
1985 1719 1999 1759 :

358 1819 378 1845 ιι
415 1795 564 1862 Quid
599 1793 864 1866 cogitatis
909 1793 1154 1866 malabin
1185 1793 1461 1850 cordibus
1479 1795 1691 1850 vestris
1712 1794 1803 1849 2“I
1834 1815 1862 1844 «
1895 1793 2005 1860 Qui

2093 631 2221 695 τοὺς
2258 632 2503 706 μαθητὰς
2535 630 2624 688 διὰ
2650 637 2756 689 τῶν
2789 634 3074 709 σπορίμων
3105 633 3194 690 καὶ
3227 636 3280 691 οἱ
3316 638 3554 710 μαθηταὶ
3607 636 3751 716 διερ-

2097 721 2352 797 χόμενοι,
2385 721 2602 778 ἔτιλλον
2637 724 2894 800 στάχυας,
2927 726 3018 779 καὶ
3051 726 3337 801 ψώχοντες
3394 731 3515 789 ταῖς
3561 728 3750 804 χερσὶν

2097 809 2272 865 αὐτῶν
2334 808 2547 882 ἤσθιον,
2597 812 2910 886 καινοτέραν
2958 812 3144 868 ἅλωνα
3205 821 3323 877 τοῖς
3381 815 3611 891 στάχυσι
3656 817 3752 880 τὰς

2099 904 2289 976 χεῖρας
2350 899 2727 976 ἐργαζόμενοι.
2779 901 2844 956 Ol.
2896 898 2955 956 δὲ
3002 900 3256 958 Ἰουδαῖοι
3316 903 3587 979 ἐπετίμων
3635 911 3753 970 τοῖς

2105 989 2374 1062 μαθηταῖς
2403 991 2785 1067 τρεφομένοις,
2815 989 2908 1046 καὶ
2932 990 3071 1067 πρὸς
3107 993 3199 1047 τὸν
3243 989 3567 1050 διδάσκαλον
3619 996 3755 1070 ἀγα-

2101 1082 2407 1133 νακτοῦσιν·
2443 1103 2471 1131 ‹‹
2503 1076 2636 1151 Ἴδε,
2668 1079 2720 1134 τί
2747 1084 2967 1134 ποιοῦσι
3016 1081 3068 1135 οἱ
3122 1081 3357 1154 μαθηταί
3386 1102 3514 1152 σου;
3553 1107 3574 1136 ι
3609 1085 3760 1139 Ἐαυ-

2102 1165 2232 1228 τοὺς
2283 1165 2832 1241 ἀπαλλοτριώσανίιες
2879 1175 2978 1239 τῆς
3025 1167 3390 1244 δικαιοσύνης,
3425 1172 3525 1227 ούκ
3582 1172 3756 1246 εἶπαν,

2106 1256 2170 1309 Ol
2227 1257 2483 1310 κοινωνοὶ
2539 1261 2648 1312 τῶν
2707 1258 2963 1330 μαθητῶν
3018 1261 3198 1332 ἡμῶν·
3233 1259 3454 1323 ἑαυτοὺς
3509 1261 3610 1339 γὰρ
3658 1268 3758 1332 τῆς

2111 1345 2396 1418 μαθήσεως
2429 1344 2708 1420 ἐξώρισαν·
2743 1344 2891 1418 ἀλλ’,
2929 1371 2950 1399 ι
2989 1345 3190 1418 ”Ιδε,τί
3220 1354 3471 1404 ποιοῦσιν
3504 1351 3557 1405 οἱ
3592 1363 3764 1424 μαθη-

2104 1432 2194 1488 ταί
2223 1455 2341 1490 σου.
2379 1459 2400 1484 ι
2446 1435 2757 1490 Δεικνύουσι
2799 1437 2868 1490 τὰ
2913 1436 3234 1514 φαινόμενα.
3264 1437 3353 1511 Τῷ
3397 1441 3610 1514 γνώστῃ
3656 1444 3766 1496 τῶν

2107 1519 2343 1597 καρδιῶν
2378 1519 2645 1579 δεικνύετε
2684 1525 2752 1579 τὰ
2800 1525 3092 1601 ὁρώμενα;
3125 1525 3235 1581 Ούκ
3281 1523 3505 1583 ἐλάϐετε
3548 1527 3762 1584 πολλά-

2110 1632 2194 1674 κις
2240 1612 2339 1680 τὴν
2389 1616 2604 1687 πεῖραν,
2635 1612 2717 1669 ὅτι
2769 1611 2884 1669 οἶδε
2931 1613 3021 1669 καί
3071 1620 3176 1670 τῶν
3221 1613 3460 1693 καρδιῶν
3490 1617 3586 1681 τὰς
3617 1617 3765 1694 γνώο

2112 1720 2258 1771 σεις;
2292 1700 2364 1756 Ού
2423 1701 2625 1777 λέγων’
2659 1727 2686 1755 ‹‹
2742 1703 2803 1758 Τί
2861 1701 3234 1781 διαλογίζεσθε
3291 1707 3342 1761 έν
3397 1707 3607 1771 έαυτοῖς
3662 1729 3763 1764 πο-

2109 1790 2290 1866 νηρά;
2323 1815 2352 1843 ››
2402 1791 2431 1845 ὁ
2479 1787 2877 1868 διαλογισμοὺς
2926 1791 3108 1866 εἰδὼς,
3159 1795 3449 1871 ἀσταχύων
3490 1797 3766 1873 ψωχμοὺς

351 1884 739 1958 cogitationes
770 1883 951 1954 novit,
978 1901 1051 1939 an
1084 1883 1382 1956 spicarum
1413 1883 1858 1940 confricationes
1887 1899 2004 1940 non
2031 1920 2081 1986 Β
2115 1878 2214 1935 ούκ
2244 1877 2395 1951 owe;
2425 1881 2447 1903 '
2478 1884 2499 1905 *
2530 1885 2550 1907 ‘

354 1972 582 2030 noverit
602 1973 713 2028 νη

425 2064 482 2118 7.
517 2062 628 2134 (30)
660 2061 856 2118 Novus
900 2065 1192 2130 mortuus,
1223 2061 1378 2117 inter
1425 2066 1689 2119 mortuos
1718 2061 1884 2119 liber.
1915 2061 2005 2119 Si-

357 2151 598 2224 quidem
629 2149 822 2207 caateri
852 2151 1072 2206 mortui
1090 2151 1261 2221 quasi
1281 2149 1531 2206 vinculis
1560 2150 1882 2217 constricti,
1904 2166 2007 2224 per

355 2245 672 2312 angustam
705 2238 1149 2294 abducebantur
1185 2239 1369 2306 viam;
1407 2239 1580 2295 Jesus
1611 2255 1742 2295 vero
1772 2245 2008 2311 propter

353 2346 462 2385 nos
496 2333 766 2384 mortuus
793 2331 904 2394 est,
923 2333 979 2382 et
1010 2328 1311 2384 descendit
1331 2329 1400 2383 ad
1425 2328 1651 2384 inferna
1677 2328 1829 2384 inter
1857 2345 2007 2385 mor-

351 2423 487 2474 tuos
516 2434 529 2474 :
554 2420 733 2488 atque
765 2416 918 2471 inter
947 2421 1211 2472 mortuos
1235 2432 1370 2472 cum
1398 2417 1670 2482 venisset,
1693 2434 1808 2472 non
1831 2418 2004 2473 modo

353 2507 524 2573 liber,
558 2507 660 2562 sed
695 2509 1061 2562 mortuorum
1106 2505 1384 2562 liberator
1413 2511 1556 2562 erat.
1587 2507 1659 2561 Et
1688 2509 1752 2561 ut
1778 2506 2006 2562 ediscas

351 2595 552 2666 ipsum
603 2599 970 2650 mortuorum
1022 2593 1204 2650 fuisse
1261 2593 1653 2662 liberatorem,
1701 2594 1836 2650 audi
1887 2593 2008 2650 hac

355 2683 808 2756 Evangeliorum
849 2683 1028 2738 verba
1063 2699 1132 2738 :«
1163 2683 1232 2738 Et
1262 2683 1447 2738 multa
1485 2700 1726 2755 corpora
1773 2687 2006 2740 sancto-

357 2790 492 2829 rum
527 2772 629 2845 qui
678 2771 1116 2828 obdormierant
1154 2788 1518 2828 resurrexere
1539 2773 1600 2827 ”.
1630 2796 1650 2822 ι»
1687 2774 1747 2828 In
1797 2790 2007 2830 monu-

363 2866 560 2919 mento
601 2862 828 2933 positus
876 2865 985 2927 est,
1017 2865 1076 2916 et
1135 2861 1323 2918 multa
1377 2868 1754 2919 monumenta
1810 2869 2010 2936 aperta

363 2951 546 3008 fuere.
597 2952 735 3006 Erat
782 2951 980 3022 itaque
1029 2949 1079 3004 is
1132 2950 1286 3006 inter
1332 2956 1595 3008 mortuos
1642 2950 1808 3020 liber,
1833 2968 2008 3024 quem

366 3040 491 3096 noti
536 3038 940 3111 reliquerant:
974 3038 1056 3095 ait
1104 3055 1358 3111 namque
1407 3041 1803 3115 Evangelium,
1837 3043 2012 3100 disci-

363 3129 535 3204 pulos
565 3145 791 3198 omnes,
824 3128 1024 3184 relicto
1055 3144 1143 3199 eo,
1175 3129 1474 3202 aufugisse
1494 3130 1560 3188 ³³.
1586 3131 1842 3204 Fugiunt
1870 3133 2012 3189 dum

367 3219 628 3275 viveret:
670 3221 728 3274 et
773 3233 838 3274 eo
883 3217 1180 3286 cruciﬁxo,
1231 3235 1334 3289 pro
1380 3219 1507 3291 ipso
1559 3225 1803 3278 mortem
1854 3223 2014 3278 subi-

367 3308 542 3378 bant;
574 3323 641 3363 eo
674 3307 829 3378 quod
882 3305 1029 3361 nihil
1064 3306 1122 3361 in
1154 3282 1324 3364 cruce
1372 3282 1736 3380 remanserit,
1768 3317 1824 3367 et
1885 3315 2018 3383 post
2045 3282 2089 3351 α

367 3412 624 3466 crucem,
656 3396 837 3451 vitam
872 3396 1290 3467 resumpserit;
1323 3396 1420 3452 sed
1455 3414 1525 3453 ne
1569 3399 1714 3454 mihi
1747 3400 2017 3456 attendas

371 3485 504 3552 soli,
529 3485 630 3541 sed
663 3483 888 3556 psalmo
909 3485 1154 3555 jamjam
1189 3501 1221 3539 a
1251 3501 1343 3540 me
1372 3485 1537 3542 lecto.
1563 3487 1846 3544 Ausculta
1876 3489 2016 3544 dum

372 3574 588 3646 legam,
613 3577 674 3629 tu
707 3573 840 3631 vide
870 3589 937 3629 ex
969 3575 1460 3645 consequentibus
1490 3578 1976 3634 resurrectionem
2001 3593 2015 3633 :

375 3687 404 3715 «
437 3663 649 3719 Factus
704 3677 836 3717 sum
895 3661 1048 3717 sicut
1099 3661 1270 3718 homo
1325 3663 1451 3720 sine
1508 3665 1821 3735 adiutorio,
1872 3665 2024 3721 inter

377 3756 644 3808 mortuos
676 3751 838 3806 liber.
876 3750 1197 3807 Posuerunt
1227 3768 1320 3808 me
1351 3753 1410 3808 in
1439 3753 1569 3809 lacu
1607 3754 1868 3809 inferiori
1891 3756 1955 3822 ἰ,
1991 3775 2020 3804 ››

380 3842 464 3897 uti
511 3857 687 3912 supra
717 3839 991 3896 diximus.
1025 3840 1092 3896 Et
1123 3846 1256 3912 post
1303 3841 1425 3897 haec
1458 3858 1471 3898 :
1499 3864 1527 3892 ‹‹
1561 3842 1680 3914 Ego
1711 3859 1845 3898 vero
1893 3861 2022 3899 ora-

379 3931 536 3985 tione
578 3945 710 3984 mea
754 3930 825 3983 ad
876 3933 949 4000 te,
982 3928 1222 3986 Domine
1244 3930 1304 3987 ³⁸.
1341 3931 1412 3986 Et
1459 3930 1559 3986 49
1612 3947 1783 3987 mane
1841 3932 2023 3989 oratio

379 4034 511 4074 mea
559 4017 874 4089 praeveniat
894 4017 1006 4072 ’5.»
1043 4017 1380 4074 Mortuusne
1425 4023 1554 4074 orat
1601 4035 1614 4074 :
1671 4019 1721 4075 si
1769 4036 1885 4075 non
1936 4036 2022 4076 re-

379 4105 716 4172 surrexerit,
751 4106 1015 4177 inquam,
1046 4107 1212 4162 orat?
1254 4106 1555 4178 Siquidem
1591 4111 1902 4180 postquam
1935 4125 2024 4165 se-

381 4196 679 4269 pulturam
711 4200 767 4250 et
797 4195 1277 4251 resurrectionem
1327 4200 1680 4268 enarrasset,
1713 4200 1854 4254 tunc
1903 4215 2024 4255 me-

381 4285 631 4342 moravit
658 4283 976 4339 orationem
1009 4301 1186 4356 quam
1218 4285 1289 4340 ad
1323 4285 1550 4341 Patrem
1582 4285 1807 4342 habuit.

449 4396 503 4448 8.
527 4393 643 4448 Nos
667 4391 844 4464 igitur
877 4390 1240 4448 Dominicam
1271 4391 1638 4448 celebramus
1669 4398 1904 4465 propter
1933 4411 2027 4450 re-

381 4481 797 4539 surrectionem
835 4499 847 4537 :
879 4481 1064 4537 Judaai
1113 4480 1288 4538 etiam
1339 4496 1497 4535 nunc
1533 4481 1790 4536 Sabbato
1834 4481 2028 4536 adhae-

2180 2062 2236 2116 7.
2269 2054 2589 2136 Καινὸτερος
2620 2060 2807 2134 νεκρὸς
2857 2058 3146 2139 ἐλεύθερος
3189 2061 3242 2118 tv
3290 2068 3524 2140 νεκροῖς.
3555 2065 3624 2124 Ol.
3677 2066 3771 2140 μὲν

2112 2145 2278 2204 ἄλλοι
2306 2149 2509 2224 νεκροὶ,
2539 2146 2764 2222 δεσμοῖς
2795 2149 2976 2226 ὥσπερ
3019 2146 3510 2228 περιϐαλλόμενοι,
3555 2156 3607 2209 tv
3661 2155 3768 2231 alp-

2111 2241 2214 2310 κτῇ
2241 2241 2312 2311 τῇ
2342 2235 2455 2310 ὁδῷ
2485 2239 2787 2312 ἀπήγοντο³
2815 2241 3030 2311 Ἰησοῦς
3061 2239 3120 2296 δὲ
3148 2241 3341 2318 γέγονε
3373 2240 3443 2298 δι’
3490 2245 3640 2316 ἡμᾶς
3684 2265 3769 2300 νε-

2112 2327 2264 2401 κρὸς,
2294 2325 2384 2381 καὶ
2436 2327 2704 2398 κατῆλθεν
2760 2328 2837 2392 εἷς
2893 2330 2960 2384 τὰ
3015 2330 3352 2407 καταχθόνια
3412 2333 3610 2406 μεταξὺ
3664 2337 3772 2388 τῶν

2112 2419 2337 2490 νεκρῶν·
2369 2415 2459 2471 καὶ
2490 2416 2542 2471 tv
2575 2422 2788 2494 νεκροῖς
2825 2419 2919 2492 μὶν
2964 2417 3136 2476 ἐλθὼν
3168 2419 3230 2475 ού
3266 2415 3434 2494 μὸνον
3490 2420 3774 2498 ἐλεύθερος

2112 2507 2202 2574 ἦν,
2257 2503 2402 2561 ἀλλὰ
2448 2505 2539 2561 καὶ
2597 2511 2800 2581 νεκρῶν
2857 2506 3250 2586 ἐλευθερωτής.
3287 2510 3385 2565 Καὶ
3433 2509 3522 2566 ’ἶνα
3583 2511 3773 2586 μάθῃς,

2116 2592 2198 2648 ὅτι
2256 2595 2346 2650 καὶ
2401 2599 2605 2671 νεκρῶν
2685 2595 3058 2672 ἐλευθερωτής
3136 2600 3376 2674 γέγονεν,
3433 2601 3598 2655 ἄκουε
3667 2604 3778 2656 τῶν

2118 2682 2469 2759 Εύαγγελίων
2517 2681 2810 2760 λεγόντων·
2846 2709 2874 2738 ι(
2906 2686 3005 2741 Καὶ
3035 2684 3222 2742 πολλὰ
3269 2689 3498 2762 σώματα
3543 2692 3655 2744 τῶν
3683 2710 3780 2744 κε-

2117 2772 2474 2847 κοιμημένων
2517 2773 2686 2850 ἀγίων
2735 2774 3043 2846 ἀνέστησεν.
3082 2799 3112 2828 ››
3154 2777 3240 2832 Ἐν
3295 2779 3541 2848 μνήματι
3597 2776 3776 2846 ἐτέθη,

2119 2861 2208 2917 καὶ
2238 2861 2424 2918 πολλά
2457 2865 2719 2937 μνήματα
2745 2863 3118 2939 ἀνεῴχθησαν.
3149 2867 3248 2920 Ἦν
3277 2862 3456 2918 τοίνυν
3507 2866 3536 2918 ὁ
3594 2864 3645 2919 tv
3691 2885 3775 2919 νε-

2117 2956 2272 3026 κροῖς
2305 2950 2612 3026 έλεύθερος,
2646 2954 2704 3006 ’ὸν
2735 2949 3028 3006 κατέλιπον
3061 2951 3151 3006 καὶ
3180 2953 3475 3028 γνώριμοι.
3511 2953 3672 3027 Λέγει
3721 2950 3779 3007 δὲ

2117 3042 2181 3098 τὸ
2208 3039 2563 3116 Εύαγγέλιον,
2597 3039 2679 3096 δτι
2710 3039 2905 3101 πάντες
2938 3040 2988 3094 οἱ
3025 3040 3284 3112 μαθηταὶ,
3318 3039 3540 3118 ἀφέντες
3591 3040 3775 3112 αὐτὸν,

2123 3130 2338 3208 ἔφυγον.
2398 3130 2516 3184 Ἔτι
2597 3131 2769 3198 ζῶντα
2853 3127 3130 3205 φεύγουσι,
3179 3128 3270 3184 καὶ
3356 3131 3778 3207 σταυρωθέντος,

2127 3219 2723 3294 ὑπεραποθνήσκουσιν·
2753 3215 2940 3286 ἰπειδή
2993 3214 3051 3272 δὲ
3103 3215 3272 3292 μηδὲν
3331 3217 3674 3292 έναπέμεινεν
3726 3219 3779 3274 tv

2123 3312 2205 3380 τῷ
2235 3310 2471 3380 σταυρῷ,
2503 3303 2651 3361 ἀλλά
2683 3305 2818 3378 μετὰ
2844 3307 2936 3362 τὸν
2995 3307 3221 3383 σταυρὸν
3281 3307 3380 3376 τὴν
3445 3308 3589 3377 ζωὴν
3647 3308 3779 3363 ἀπέ-

2125 3391 2282 3453 λαϐε.
2315 3394 2417 3453 Καὶ
2453 3396 2530 3470 μὴ
2561 3393 2686 3468 ἐμοὶ
2722 3394 2886 3468 μόνον
2918 3393 3176 3471 πρόσεχε,
3209 3393 3357 3452 ἀλλὰ
3383 3396 3463 3469 τῷ
3494 3395 3619 3469 ἐμοὶ
3677 3397 3779 3469 ἀρ-

2124 3485 2256 3548 τίως
2315 3484 2703 3561 ἀναγνωσθέντι
2763 3481 2990 3559 ψαλμῷ.
3023 3484 3273 3560 Πρόσχες
3331 3485 3394 3539 τὸ
3451 3481 3777 3561 λεγόμενον’

2127 3573 2238 3649 ἐγὼ
2285 3571 2656 3649 ἀναγινώσκω,
2685 3571 2749 3626 σὺ
2812 3570 2982 3647 βλέπε
3027 3570 3088 3628 ἐκ
3139 3579 3240 3642 τῆς
3296 3570 3627 3637 ἀκολουθίας
3677 3574 3779 3642 τήν

2128 3660 2428 3717 ἀνάστασιν.
2463 3684 2491 3711 ‹‹
2520 3662 2818 3734 Ἐγενήθην
2849 3659 2980 3714 ὡσεὶ
3024 3657 3312 3733 ἄνθρωπος
3360 3655 3696 3734 ἀϐοήθητος,
3729 3659 3782 3716 tv

2128 3754 2342 3822 νεκροῖς
2392 3748 2698 3820 ἐλεύθερος.
2731 3747 2952 3804 ’Έθεντό
2986 3769 3053 3821 με
3083 3747 3134 3803 tv
3167 3746 3357 3822 λάκκῳ
3400 3751 3719 3822 κατωτάτῳ,
3755 3771 3785 3801 »

2129 3839 2308 3900 καθὼς
2361 3837 2681 3914 εἰρήκαμεν.
2743 3836 2844 3895 Καὶ
2908 3838 3043 3912 μετὰ
3095 3840 3282 3892 ταῦτα’
3316 3860 3344 3890 ‹‹
3397 3838 3541 3914 Ἐγὼ
3599 3835 3657 3894 δέ
3712 3840 3784 3913 τῇ

2131 3931 2415 4004 προσευχῇ
2452 3948 2556 4001 μου
2586 3927 2726 4003 πρὸς
2781 3927 2860 3998 at,
2893 3926 3076 4003 Κύριε,
3101 3926 3190 3981 καὶ
3245 3924 3323 4000 τῷ
3370 3926 3519 4003 πρωῒ
3547 3928 3582 3996 ἡ
3615 3947 3785 4003 προσ-

2133 4019 2272 4093 ευχή
2338 4038 2444 4090 μου
2501 4014 2849 4092 προφθάσειε.
2882 4040 2911 4068 ››
2943 4018 3003 4075 ⁸0
3050 4013 3240 4092 νεκρός
3298 4016 3684 4092 προσεύχεταυ
3739 4015 3787 4071 εἰ

2137 4107 2212 4179 μὴ
2248 4104 2463 4176 ἀνέστη,
2504 4105 2908 4183 προσεύχεται;
2943 4104 3094 4162 Μετὰ
3147 4104 3249 4181 γὰρ
3301 4105 3366 4160 τὸ
3423 4102 3784 4182 διηγήσασθαι

2131 4196 2231 4264 τήν
2289 4196 2465 4272 ταφὴν
2515 4194 2605 4250 καὶ
2663 4196 2766 4264 τήν
2792 4192 3113 4268 νεκρότητα,
3145 4192 3270 4248 τότε
3327 4191 3630 4268 διηγήσατο
3684 4195 3785 4264 τὴν

2134 4285 2451 4359 προσευχὴν
2477 4285 2577 4354 τὴν
2611 4283 2749 4358 πρὸς
2780 4283 2870 4338 τὸν
2903 4281 3118 4356 Πατέρα
3145 4283 3464 4359 γενομένην.

2206 4393 2260 4447 8.
2292 4391 2483 4463 Ἡμεῖς
2518 4390 2612 4462 μὲν
2646 4387 2738 4444 οὖν
2767 4393 3018 4462 τιμῶμεν
3061 4391 3161 4458 τὴν
3222 4390 3494 4463 Κυριακήν
3557 4387 3645 4444 διὰ
3690 4392 3791 4459 τὴν

2137 4478 2443 4534 ἀνάστασιν
2496 4476 2750 4534 Ἰουδαῖοι
2819 4476 2877 4533 δὲ
2933 4476 3011 4534 ἔτι
3059 4479 3147 4534 καὶ
3205 4483 3299 4534 νῦν
3351 4479 3629 4556 έξέχονται
3693 4484 3792 4536 τοῦ

381 4580 527 4639 rent,
571 4575 880 4642 postquam
931 4570 1112 4626 Isaias
1157 4570 1306 4626 dixit
1339 4586 1405 4625 ;‹‹
1439 4569 1510 4624 Et
1555 4569 1812 4625 Sabbata
1841 4573 2007 4626 vestri

2138 4562 2446 4638 Σαϐϐἀτου,
2478 4568 2572 4625 καὶ
2606 4569 2740 4643 μετᾶ
2765 4568 2829 4624 τὸ
2875 4566 3042 4624 εἲπεῖν
3095 4567 3187 4624 τὸν
3238 4565 3485 4626 Ἡσαΐαν·
3515 4592 3543 4621 ‹‹
3574 4569 3677 4627 Καὶ
3724 4567 3793 4624 τὰ

382 4661 506 4716 odit
535 4660 733 4715 anima
762 4676 889 4715 mea
908 4659 1010 4715 ’7.»
1031 4658 1186 4714 Nihil
1209 4657 1355 4714 mihi
1381 4673 1696 4714 commune
1717 4675 1851 4714 cum
1882 4659 2007 4714 Sabl

2138 4651 2395 4713 Σάϐϐατα
2444 4657 2595 4732 ὑμῶν
2629 4662 2776 4732 μισεῖ
2803 4660 2838 4728 ἡ
2870 4660 3023 4734 ψυχή
3078 4680 3201 4730 μου.
3237 4682 3268 4710 ››
3298 4655 3468 4716 Οὐδέν
3523 4679 3617 4731 μοι
3667 4679 3790 4713 κοι-

381 4751 541 4819 bato,
575 4749 729 4821 quod
778 4747 1064 4804 Dominus
1095 4749 1237 4804 odit.
1271 4747 1396 4802 Non
1427 4746 1637 4819 loquor
1683 4747 1753 4802 de
1799 4749 2007 4803 dierun

2138 4747 2227 4800 νὸν
2259 4748 2394 4822 πρὸς
2439 4747 2502 4802 τὸ
2556 4741 2860 4816 Σάϐϐατον,
2891 4747 2921 4801 ’ὀ
2952 4748 2981 4802 ὁ
3013 4748 3143 4810 Θεὸς
3201 4745 3480 4820 ἐμίσησεν.
3512 4745 3585 4802 Οὐ
3645 4744 3791 4824 λέγω

384 4837 643 4906 circulis,
675 4837 774 4892 sed
807 4837 877 4892 de
911 4836 1250 4892 Judaeorum
1299 4852 1431 4891 usu.
1467 4835 1601 4892 Dies
1644 4836 1802 4891 enim
1836 4835 2007 4892 nullo:

2133 4835 2262 4899 τοὺς
2324 4835 2560 4899 κύκλους
2616 4840 2723 4890 τῶν
2781 4838 3026 4912 ἡμερῶν,
3078 4833 3223 4891 ἀλλὰ
3276 4835 3369 4891 τὸν
3428 4834 3787 4910 νομιζόμενοι

383 4930 683 4984 aversatur
710 4926 864 4982 Deus
900 4942 912 4980 :
947 4927 1048 4982 sed
1079 4942 1176 4982 eos
1209 4923 1309 4997 qui
1354 4925 1412 4980 in
1462 4924 1604 4997 ipsis
1635 4925 1843 4981 diebus
1876 4923 2007 4981 mali

2136 4921 2498 4998 Ἰουδαϊσμόν.
2533 4923 2606 4980 Ού
2638 4925 2742 5002 γὰρ
2795 4925 2894 4986 τὰς
2949 4924 3162 4999 ἡμέρας
3224 4927 3373 4996 μισεῖ
3401 4923 3428 4978 ὁ
3460 4923 3609 4991 Θεὸς,
3644 4920 3791 4978 ἀλλὰ

379 5021 580 5090 agunt.
604 5017 674 5072 Et
694 5015 820 5086 jam
842 5015 1080 5085 quidem
1119 5015 1373 5071 Sabbato
1403 5014 1688 5071 inhaerent
1719 5033 1732 5070 :
1766 5019 2007 5086 tuncqut

2133 5014 2262 5076 τοὺς
2293 5020 2474 5077 κακῶς
2507 5014 2559 5070 tv
2619 5020 2737 5077 ταῖς
2797 5013 3031 5088 ἡμέραις
3087 5012 3506 5089 ἐργαζομένους.
3543 5011 3640 5066 Καὶ
3699 5014 3788 5065 νῦν

374 5106 655 5178 temporis
684 5105 858 5160 etiam
891 5103 1249 5159 Salvatorem
1281 5104 1684 5177 increpabant,
1717 5105 1975 5160 dicentes

2139 5105 2235 5177 μὶν
2268 5104 2542 5179 ἐξέχονται
2573 5109 2671 5160 τοῦ
2729 5098 3036 5169 Σαϐϐάτου,
3066 5103 3156 5156 καὶ
3213 5101 3337 5156 τότε
3385 5098 3655 5173 ἰπετίμων
3709 5103 3790 5172 τῷ

373 5217 402 5246 ‹‹
425 5194 570 5250 Vide
602 5194 744 5266 quid
777 5193 995 5248 faciant
1024 5191 1298 5263 discipuli
1331 5194 1438 5262 tui,
1468 5194 1624 5264 quod
1659 5209 1772 5248 non
1806 5193 1940 5248 licet
1965 5193 2007 5247 ir

2139 5197 2359 5268 Σωτῆρι
2388 5190 2662 5267 λέγοντες·
2699 5216 2726 5242 ‹‹
2757 5188 2886 5263 Ἴδε,
2919 5190 2970 5244 τί
3000 5192 3247 5244 ποιοῦσιν
3283 5189 3333 5243 οἱ
3370 5188 3605 5263 μαθηταί
3664 5206 3786 5259 σου,

369 5283 623 5340 Sabbato
663 5283 850 5338 facere
873 5282 937 5336 23.
964 5302 992 5331 »
1023 5281 1170 5336 Tum
1212 5279 1474 5336 Salvator
1503 5281 1574 5336 ad
1607 5279 1740 5337 illos
1775 5297 1788 5335 :
1822 5281 2007 5337 Nonne

2135 5281 2166 5336 ὃ
2199 5280 2298 5335 οὐκ
2327 5278 2494 5352 ἔξεστι
2528 5287 2703 5336 ποιεῖν
2737 5280 2789 5336 tv
2823 5273 3113 5351 Σαϐϐάτῳ.
3141 5301 3170 5330 »
3199 5279 3260 5336 Ὁ
3293 5279 3489 5354 Σωτὴρ
3519 5277 3658 5353 πρὸς
3688 5273 3790 5331 αύ-

436 5463 482 5498 ²⁰
511 5463 716 5519 Matth.
767 5479 866 5531 xu,
916 5464 971 5517 2.
1049 5462 1090 5497 ²¹
1130 5459 1333 5532 Matth.
1361 5475 1439 5530 1x,
1472 5460 1526 5516 4.
1603 5460 1650 5496 2³
1678 5461 1884 5518 Matth.
1935 5476 2114 5532 xxvu,
2158 5463 2250 5516 72.
2328 5462 2373 5497 ³³
2403 5461 2818 5531 Matth.|xxv1,
2865 5462 2959 5521 56.
3036 5460 3086 5498 ²⁴
3115 5459 3269 5532 Psal.
3321 5471 3569 5524 Lxxxvu,
3619 5455 3678 5525 6,
3724 5454 3784 5517 7,.

365 5534 410 5570 ³⁵
439 5534 595 5591 Psal.
627 5550 819 5602 vam,
853 5535 940 5590 14.
1015 5534 1059 5569 ²⁶
1091 5531 1243 5591 Psal.
1277 5547 1527 5603 Lxxxvu,
1563 5532 1650 5588 14.
1731 5533 1776 5567 ³⁷
1804 5539 1918 5590 Isa.
1952 5551 1993 5604 ι,

2195 5534 2240 5570 ³⁸
2271 5533 2478 5591 Matth.
2507 5549 2614 5624 xu,
2639 5535 2694 5590 2.

439 5740 551 5813 (30)
581 5739 682 5797 Hic
713 5743 906 5797 textus
937 5737 1151 5810 deﬁcit,
1183 5741 1260 5812 et,
1292 5741 1360 5795 ut
1387 5737 1636 5812 videtur,
1671 5737 1790 5799 hac
1817 5737 2053 5800 aliunde
2082 5745 2284 5799 assuta
2312 5743 2472 5799 sunt.
