2068 3200
161 203 221 235 153

786 200 953 232 HOMILIA
972 201 1025 232 DE
1047 199 1244 232 SEMENTE.

1809 195 1869 225 154

160 270 233 302 τούς
250 268 320 299 Οὒδὲ
343 271 425 298 τοῦτο
451 270 594 308 ἀνιγνωτε,
608 268 624 296 ὂ
647 267 760 303 ἐποίησε
783 264 885 302 Δαϐίδ;
900 268 930 295 '0
955 268 985 296 ἐκ

1042 268 1096 297 hoc
1110 266 1224 303 legistis
1238 267 1317 303 quod
1330 265 1399 294 fecit
1413 265 1504 294 David
1514 264 1529 293 ?
1548 264 1590 292 Ex
1603 263 1711 292 Davide
1724 262 1869 291 oriundus

161 313 245 344 Δαϐὶδ
260 314 425 352 μνημονεύει
439 316 488 343 τοῦ
503 311 596 342 Δαϐίδ·
613 314 628 341 ὁ
643 313 674 341 ἐκ
687 309 771 340 Δαϐἱδ
795 313 863 340 κατὰ
890 311 986 350 σάρκα,

161 361 215 399 πρὸ
241 359 270 388 δὲ
299 357 382 388 Δαϐίδ
408 360 476 387 κατὰ
503 361 619 396 πνεῦμα·
638 357 734 385 ama
757 358 842 394 σάρκα
862 357 909 394 μὲν
937 359 986 385 τοῦ

163 403 245 433 Δαϐὶδ
276 404 343 439 υἶὸς,
360 404 427 432 κατὰ
451 406 557 441 πνεῦμα
573 402 602 431 δὲ
616 404 664 430 τοῦ
695 399 777 430 Δαϐὶδ
807 400 952 437 δεσπότης·
972 402 986 429 ὁ

161 449 191 478 ἐκ
220 450 299 488 ῥίζης
318 449 411 477 Ἰεσσαὶ
440 448 606 487 βλαστήσας,
621 449 640 483 ἡ
658 445 755 485 ῥάϐδος
772 448 788 482 ἡ
806 447 952 483 θαυμασία,
968 447 985 481 ἡ

160 494 191 522 τὸ
216 495 263 531 μὶν
289 495 366 532 γένος
389 492 526 522 Ἰουδαίων
557 489 744 529 συντρίϐουσα,
766 493 820 518 τῶν
847 490 876 518 δὲ
903 491 985 518 ἐθνῶν

160 539 192 567 τὸ
206 540 283 577 γένος
299 538 337 569 ὡς
363 538 491 575 ποίμνιον
521 538 682 574 συνάγουσα.
700 536 786 567 Αὐτὸς
815 535 865 574 γὰρ
887 535 956 563 ἐστιν
972 536 986 563 ὁ

162 583 281 621 εἰρηκώς
310 583 359 610 Καὶ
387 581 420 617 δὴ
448 582 502 618 ἄξω
527 582 596 619 ὑμᾶς
613 582 665 609 ὑπὸ
679 582 728 616 τὴν
747 578 844 618 ῥάϐδον
861 589 926 617 μου·
941 580 986 608 καὶ

162 627 250 658 πολὺς
266 628 280 655 ὁ
296 627 358 665 περὶ
378 630 429 662 τῆς
455 624 556 665 ῥάϐδου
581 627 671 661 Ἰησοῦ
700 625 792 663 λόγος.
810 625 906 663 Ἔλεγε
928 625 986 652 τοί-

162 682 208 699 νυν
225 672 293 709 πρὸς
311 671 375 703 τοὺς
403 670 562 702 Ἰουδαίους·
582 682 595 697 ‹‹
612 669 682 699 Οὖδὶ
704 672 785 697 τοῦτο
814 670 958 707 ἀνέγνωτε,
972 670 987 697 ’ὁ

163 716 275 751 ἐποίησε
299 714 393 751 Δαϐὶδ,
410 715 454 743 ὅτε
478 715 613 743 ἐπείνασεν
638 714 730 749 αὐτός,
745 714 789 742 καὶ
814 714 840 741 οἳ
867 714 923 750 μετ’
943 714 989 741 αὖ·

161 763 227 796 τοῦς
244 763 301 792 πῶς
317 760 442 796 εἰσῆλθεν
458 760 496 791 εἷς
518 760 563 787 τὸν
587 759 663 787 οἶκον
686 761 735 787 τοῦ
759 760 837 793 Θεοῦ,
853 759 898 786 καὶ
923 758 986 788 τοὺς

162 806 259 842 ἄρτους
287 809 338 839 τῆς
369 805 523 841 προθέσεως
558 802 640 832 ἔλαϐε
676 804 720 831 καὶ
759 803 869 843 ἔφαγεν,
897 804 911 831 ὃ
938 803 987 830 οὐκ

160 847 258 885 ἔξεστιν
275 852 362 876 ποιεῖν
379 849 403 876 εἷ’
419 850 456 885 μή
490 849 585 884 μόνοις
612 852 672 879 τοῖς
698 849 810 886 ἱερεῦσιν
824 857 831 883 ;
849 860 863 874 ›)
877 849 906 875 Ὁ
938 848 985 884 μὲν

160 892 206 921 οὖν
221 893 304 932 σοφὸς
320 893 456 931 ἀκροατὴς
478 893 523 920 καὶ
540 893 660 928 συνήθης
674 895 727 919 τῶν
755 892 985 927 ἐκκΛησιαστικῶν

160 937 303 976 δογμάτων
318 948 348 965 τε
362 937 407 965 καὶ
422 937 637 975 ἀναγνωσμάτων
654 936 711 965 οἶδε
725 938 775 972 τήν
799 937 928 975 ἱστορίαν,
940 937 986 964 καὶ

161 983 192 1010 οὗ
221 982 314 1021 χρείαν
345 981 403 1020 ἔχει
431 985 481 1017 τῆς
510 981 673 1020 διηγήσεως·
703 981 796 1017 ἐπειδὴ
822 981 851 1009 δὲ
870 981 986 1013 πολὺςὸ

160 1027 257 1055 νεωστὶ
296 1027 442 1065 συῤῥεύσας
481 1028 549 1063 ἡμῖν
587 1026 663 1063 λαὸς,
693 1028 707 1053 ὁ
735 1028 784 1061 τὴν
824 1024 985 1054 ἐπιπόΛαιον

162 1071 291 1110 ἀκρόασιν
305 1073 359 1099 τῶν
388 1071 466 1099 θείων
498 1071 597 1110 λογίων
627 1070 711 1109 ἔχων,
726 1072 757 1099 τὸ
774 1071 802 1099 δὲ
828 1071 910 1108 βάθος
936 1075 987 1106 τῆς

161 1117 283 1152 νοήσεως
310 1118 347 1154 μὴ
375 1116 604 1154 ἐνστερνισμὲνος,
621 1116 712 1147 καλῶς
736 1115 808 1154 ἔχειν
836 1127 883 1153 μοι
914 1115 989 1144 δοκεῖ

162 1159 321 1198 ἐπιδραμεῖν
337 1160 380 1188 καὶ
395 1159 478 1196 δεῖξαι
493 1161 542 1195 τήν
559 1161 690 1199 ἱστορίαν,
702 1160 749 1188 ’ίνα
776 1163 884 1198 γνῶμεν
912 1161 986 1192 τίνος

160 1203 248 1233 ἕνεκεν
276 1205 377 1240 ταύτης
402 1205 601 1242 ἐμνημόνευσεν
632 1206 646 1233 ὁ
669 1207 779 1242 Σωτήρ.
797 1205 926 1237 Βασιλεύς
944 1216 987 1237 τις

161 1250 195 1284 ἦν
212 1248 238 1276 ἐν
264 1252 324 1281 τοῖς
352 1250 490 1287 ἀρχαίοις,
508 1248 602 1286 Δαϐὶδ,
617 1251 723 1286 ποιμὴν
749 1251 783 1277 τὰ
810 1252 916 1288 πρῶτα,
940 1251 986 1278 καὶ

164 1293 292 1331 βασιλεὺς
307 1294 341 1321 τὰ
363 1292 482 1330 δεύτερα.
496 1295 550 1328 Τὴν
580 1293 609 1322 δὲ
643 1294 781 1332 βασιλείαν
811 1295 862 1322 οὐκ
890 1293 986 1323 ἔλαϐεν

161 1339 294 1375 ἁρπάσας,
310 1337 392 1371 ἀλλὰ,
416 1341 465 1365 τοῦ
495 1338 586 1366 Σαοὺλ
614 1339 819 1375 ἁμαρτήσαντος
847 1340 892 1366 καὶ
920 1340 988 1367 ἀπο-

160 1380 449 1420 ϐαλομὲνουρχρίσθη
468 1381 550 1410 Δαϐὶδ
566 1383 619 1411 ἀπὸ
633 1385 682 1411 τοῦ
698 1383 832 1420 Σαμουήλ
847 1384 987 1422 (31).Χρι-

161 1426 235 1458 σθεὶς
251 1425 280 1453 δὲ
296 1428 334 1457 εἷς
349 1428 398 1461 τὴν
416 1427 568 1464 Βασιλείαν,
586 1428 638 1465 οὐχ
668 1429 724 1464 ἅμα
751 1428 857 1466 ἥρπασε
882 1428 914 1455 τὸ
941 1429 988 1466 βα-

164 1471 276 1507 σίλειον,
293 1470 366 1498 ἀλλὰ
382 1471 493 1509 χρόνοις
511 1471 628 1503 πολλοῖς
646 1471 793 1504 δουλεύσας
822 1475 862 1509 τῷ
885 1473 987 1509 Σαοὺλ,

165 1515 285 1554 ὕστερον,
303 1515 347 1543 ὅτε
362 1516 427 1547 Θεὸς
443 1516 583 1551 ἠθέλησεν,
607 1517 729 1556 ἐφήψατο
755 1521 805 1552 τῆς
836 1517 988 1549 Βασιλείας.

166 1558 375 1588 Έπεϐουλεύετο
402 1561 447 1588 οὖν
474 1562 525 1588 ὑπὸ
550 1564 599 1589 τοῦ
619 1561 722 1596 Σαοὺλ,
739 1562 914 1600 εὐεργετήσας
928 1565 990 1590 τοῦ-

162 1613 219 1631 τον·
236 1602 429 1633 ἐπεϐουλεύετο
459 1604 488 1633 δὲ
513 1605 557 1633 καὶ
583 1606 634 1633 ὑπὸ
659 1608 708 1633 τοῦ
737 1604 925 1642 Ἀϐεσσαλὼμ,
940 1610 989 1634 τοῦ

163 1649 264 1678 οἰκείου
279 1649 384 1678 τέκνου.

195 1713 223 1740 9.
239 1714 326 1739 Ταῦτα
348 1711 457 1747 ἀληθῶς
481 1712 528 1749 μὶν
551 1710 649 1748 συνέϐη
674 1715 713 1749 τῷ
743 1711 835 1741 Δαϐίδ·
853 1715 934 1746 οὗτος
960 1714 989 1743 δὲ

159 1767 234 1788 τινας
251 1755 355 1788 εἰκόνας
372 1757 430 1795 εἶχε
445 1760 495 1792 τῆς
511 1759 559 1784 τοῦ
584 1759 712 1796 Σωτῆρος
738 1758 896 1794 παρουσίας.
913 1759 988 1787 Ἔδει

159 1801 209 1840 γὰρ
224 1801 269 1829 τὸν
285 1802 446 1840 προπάτορα
461 1802 505 1829 καὶ
536 1801 638 1833 εἰκόνας
662 1801 735 1840 ἔχειν
763 1805 811 1830 τοῦ
839 1803 987 1842 ἀπογόνου.

160 1858 175 1873 ι(
189 1844 288 1877 Βίϐλος
304 1847 434 1884 γενέσεως
458 1847 548 1882 Ἰησοῦ
572 1850 692 1885 Χριστοῦ
714 1848 774 1875 υἱοῦ
802 1846 893 1877 Δαϐίδ.
914 1861 928 1875 ››
943 1853 987 1877 Τι-

160 1890 205 1922 voc
233 1890 260 1918 αἱ
288 1893 343 1918 τῶν
381 1892 548 1930 πραγμάτων
589 1892 736 1928 ὁμοιώσεις
771 1893 820 1920 οὐκ
856 1893 987 1931 ἰσότιμοι.

156 1935 334 1973 Ὀμοιούσθω
362 1936 413 1975 γὰρ
429 1936 443 1963 ὁ
459 1934 558 1968 δοῦλος
584 1939 624 1973 τῷ
654 1935 780 1970 δεσπότη·
797 1937 829 1971 οὐ
851 1939 904 1975 μὴν
931 1939 988 1966 ἰσό-

158 1990 239 2017 τιμος
268 1980 383 2018 γίνεται,
399 1979 472 2015 πλὴν
504 1980 562 2018 ἔχει
590 1981 665 2012 τινὰς
692 1981 869 2018 ὁμοιότητας.
885 1983 916 2012 Ὁ
937 1986 986 2011 Δα-

160 2022 204 2052 ϐὶδ
228 2025 347 2061 ποιμὴν,
372 2025 417 2052 καὶ
446 2026 551 2062 ποιμὴν
581 2026 595 2052 ὁ
623 2026 747 2063 Χριστός·
766 2039 779 2053 ‹‹
796 2027 866 2064 Ἐγώ
895 2027 951 2064 εἶμι
973 2029 987 2056 ὁ

158 2070 264 2106 ποιμὴν
282 2070 296 2097 ὁ
310 2068 406 2100 καλὸς.
424 2081 438 2095 ››
457 2069 557 2108 ἔλεγεν,
584 2069 660 2098 Ἀλλ’
675 2071 689 2097 ὁ
707 2071 754 2107 μὲν
782 2071 887 2108 ποιμήν
904 2078 987 2110 θρεμ-

160 2115 265 2152 μάτων,
281 2115 296 2142 ὁ
321 2113 350 2142 δὲ
379 2115 484 2151 ποιμὴν
515 2116 623 2152 ψυχῶν’
650 2115 782 2152 ὁμοίωσις
808 2116 986 2154 πραγμάτων,

157 2157 252 2194 πολλῆ
269 2157 298 2186 δὲ
312 2157 478 2197 παραλλαγή
494 2162 543 2186 τοῦ
563 2159 728 2197 ἀξιώματος.
746 2163 859 2199 ’Έχρισε
873 2162 918 2189 τὸν
935 2165 985 2190 Δα-

157 2200 202 2230 ϐἶδ
218 2202 257 2234 είς
278 2203 391 2241 βασιλέα
418 2204 554 2240 Σαμουὴλ
570 2205 584 2232 ὁ
604 2205 703 2243 ἱερεὺς,
721 2203 848 2233 ἐϐάπτισε
871 2207 915 2234 καὶ
939 2207 984 2234 τὸν

157 2250 275 2285 Σωτῆρα
300 2248 314 2275 ὁ
344 2247 483 2285 Ἰωάννης,
521 2249 558 2280 ὡς
601 2249 688 2287 ἱερεὺς
733 2249 768 2278 ὢν
804 2251 849 2278 καὶ
892 2251 983 2283 αὐτός·

1040 313 1090 341 ille
1110 312 1248 340 Davidem
1264 313 1410 339 memorat
1427 319 1434 338 :
1450 309 1502 345 qui
1527 317 1561 337 ex
1577 309 1685 338 Davide
1699 310 1745 337 est
1759 315 1865 336 secun-

1040 358 1110 386 dum
1122 364 1252 389 carnem,
1269 357 1338 384 ante
1359 355 1496 383 stidem
1513 356 1611 382 autem
1627 353 1790 381 secundum
1805 353 1867 389 spi-

1042 403 1130 431 ritum
1148 410 1153 430 :
1173 401 1222 438 qui
1242 401 1404 429 secundum
1422 407 1539 428 carnem
1557 397 1673 434 quidem
1699 398 1814 425 Davidis
1830 397 1867 425 fi-

1041 448 1113 481 lius;
1131 447 1293 475 secundum
1310 446 1447 481 spiritum
1462 446 1559 471 autem
1575 442 1691 470 Davidis
1705 442 1844 470 Dominus
1858 451 1864 470 :

1041 493 1092 528 qui
1108 500 1143 520 ex
1164 491 1260 519 radice
1284 490 1373 518 .lessaa
1398 488 1582 525 germinavit.
1600 487 1686 522 Virga
1710 486 1866 521 mirabilis,

1041 545 1104 572 quae
1119 536 1287 564 Judaeorum
1313 542 1406 571 genus
1429 532 1563 567 conterit,
1580 532 1713 568 gentium
1728 539 1794 558 vero
1820 540 1867 567 po-

1043 580 1144 617 pulum
1161 579 1245 615 quasi
1270 587 1387 615 gregem
1411 577 1531 614 colligit.
1548 577 1613 612 Ipse
1633 576 1741 612 quippe
1756 577 1802 603 est
1816 576 1866 610 qui

1042 625 1133 654 dixit:
1147 628 1255 652 Ducam
1270 632 1320 652 vos
1335 623 1391 651 sub
1406 622 1486 658 virga
1502 629 1576 649 mea.
1590 620 1739 656 Multaque
1755 620 1865 648 mentio

1042 672 1086 698 est
1100 670 1136 697 de
1151 669 1231 704 virga
1243 669 1323 696 Jesu.
1341 667 1418 695 Dixit
1432 667 1521 703 igitur
1537 667 1572 693 ad
1588 666 1705 693 Judmos
1717 673 1722 692 :
1735 676 1749 690 ‹‹
1765 665 1866 692 Nonne

1042 714 1155 751 legistis
1171 714 1241 750 quid
1261 714 1360 741 fecerit
1380 711 1481 744 David,
1498 711 1616 746 quando
1632 710 1735 737 esuriit
1750 710 1822 745 ipse,
1838 711 1867 737 et

1042 759 1175 796 quicum
1194 767 1227 786 eo
1243 758 1347 786 erant?
1371 756 1516 792 quomodo
1544 755 1664 782 intravit
1687 755 1717 782 in
1744 755 1863 782 domum

1041 803 1103 839 Dei,
1129 806 1157 831 et
1185 811 1275 839 panes
1299 800 1507 838 propositionis
1533 800 1644 836 accepit
1672 802 1701 827 et
1729 798 1865 834 comedit,

1041 848 1118 883 quod
1135 856 1192 875 non
1209 847 1276 875 licet
1299 847 1393 874 facere
1408 845 1466 873 nisi
1490 845 1560 873 solis
1585 844 1786 872 sacerdotibus
1797 843 1863 870 2°?»

1041 892 1161 929 Sapiens
1185 893 1285 927 itaque
1310 891 1434 924 auditor,
1458 890 1630 926 peritusque
1653 888 1865 917 ecclesiastico-

1041 946 1106 965 rum
1122 938 1292 974 dogmatum
1310 938 1338 964 et
1353 936 1524 970 lectionum,
1540 934 1694 962 historiam
1711 933 1800 969 probe
1816 941 1866 961 no~

1040 983 1091 1017 vit,
1109 990 1161 1010 nec
1174 984 1239 1018 eget
1259 981 1461 1017 explicatione.
1475 981 1511 1007 At
1525 978 1764 1015 quandoquidem
1790 977 1866 1006 mul-

1040 1030 1089 1055 tus
1104 1027 1188 1055 nobis
1204 1034 1299 1062 nuper
1320 1025 1460 1053 conﬂuxit
1475 1024 1612 1060 populus,
1624 1023 1674 1059 qui
1691 1023 1808 1050 nonnisi
1825 1023 1865 1050 le-

1040 1080 1104 1100 vem
1131 1071 1297 1099 divinorum
1322 1070 1505 1106 eloquiorum
1536 1068 1732 1104 cognitionem
1763 1067 1866 1095 auditu

1041 1117 1127 1153 cepit,
1141 1125 1236 1153 neque
1251 1115 1460 1143 sententiarum
1478 1113 1708 1150 profunditatem
1723 1112 1753 1139 in
1768 1113 1866 1140 mente

1041 1161 1251 1198 apprehendit;
1274 1169 1368 1197 operae
1384 1159 1509 1196 pretium
1534 1158 1608 1186 mihi
1632 1157 1756 1191 videtur,
1773 1157 1865 1185 histo-

1041 1206 1115 1234 riam
1131 1207 1242 1234 cursim
1258 1205 1414 1242 explanare
1431 1214 1438 1232 :
1456 1206 1488 1232 ut
1502 1203 1631 1231 sciamus
1644 1210 1704 1238 qua
1721 1202 1757 1229 de
1776 1209 1867 1230 causa

1041 1251 1121 1279 illam
1139 1250 1312 1279 memoravit
1332 1250 1474 1278 Salvator.
1491 1249 1569 1276 lnter
1588 1248 1701 1284 priscos
1724 1255 1775 1274 rex
1799 1246 1865 1281 fuit,

1042 1296 1160 1324 nomine
1177 1295 1275 1330 David,
1290 1295 1371 1330 prius
1395 1296 1504 1331 pastor,
1522 1293 1711 1329 postmodum
1727 1300 1786 1319 rex.
1802 1291 1865 1319 Non

1042 1341 1119 1376 quod
1144 1348 1269 1377 regnum
1293 1339 1444 1373 invaserit,
1468 1339 1519 1367 sed
1543 1337 1630 1366 Saule
1654 1337 1690 1365 ob
1714 1337 1866 1373 peccatum

1042 1394 1131 1413 suum
1158 1385 1282 1420 abjecto,
1307 1387 1414 1412 unctus
1437 1386 1482 1412 est
1506 1383 1597 1411 David
1622 1391 1639 1410 θ.
1661 1380 1804 1409 Samuele.
1823 1380 1866 1408 Ad

1043 1437 1166 1466 regnum
1181 1429 1322 1457 inunetus
1347 1437 1405 1456 non
1433 1427 1533 1456 statim
1551 1435 1674 1463 regnum
1697 1424 1865 1462 occupavit;

1043 1474 1146 1502 multis
1170 1474 1279 1510 quippe
1308 1473 1394 1501 annis
1420 1470 1498 1500 Sauli
1526 1471 1668 1500 servivit:
1690 1479 1723 1498 ao
1746 1470 1866 1498 demum

1044 1527 1111 1547 cum
1126 1519 1185 1547 Deo
1199 1517 1319 1554 placuit,
1336 1525 1459 1554 regnum
1479 1516 1562 1544 adiit.
1578 1515 1696 1543 Ineidiis
1710 1515 1802 1551 igitur
1815 1522 1866 1550 ap-

1044 1564 1198 1599 petebatur
1212 1572 1228 1590 a
1238 1562 1335 1595 Saule,
1349 1561 1395 1589 cui
1412 1561 1552 1589 beneﬁcia
1563 1559 1738 1593 contulerat,
1750 1558 1868 1586 insidiis

1044 1609 1114 1636 item
1130 1608 1166 1636 ab
1181 1607 1330 1640 Absalom,
1345 1606 1460 1644 proprio
1475 1605 1546 1634 ﬁlio.

1078 1716 1104 1744 9.
1122 1716 1185 1744 Haac
1201 1724 1301 1744 revera
1322 1716 1468 1752 contigere
1490 1715 1587 1743 Davidi
1605 1723 1611 1742 :
1629 1714 1677 1741 hic
1692 1721 1758 1741 vero
1782 1721 1870 1748 quas-

1044 1761 1111 1789 dam
1134 1770 1191 1797 prae
1217 1770 1247 1789 se
1271 1761 1326 1788 fert
1345 1761 1452 1789 Christi
1476 1760 1620 1788 adventus
1644 1757 1799 1795 imagines.
1817 1757 1871 1784 Par

1044 1806 1098 1834 fuit
1113 1807 1190 1834 enim
1209 1814 1361 1842 proavum,
1373 1805 1542 1842 pronepotis
1555 1804 1600 1833 sui
1612 1804 1726 1840 aliquas
1742 1802 1872 1838 proferre

1043 1851 1264 1879 similitudines.
1278 1862 1291 1876 ι(
1310 1850 1395 1878 Liber
1416 1849 1612 1886 generationis
1628 1848 1697 1877 Jesu
1713 1846 1819 1876 Christi
1837 1846 1870 1875 ﬁ-

1043 1895 1075 1923 lii
1100 1896 1190 1923 David
1201 1896 1259 1923 ³⁰.››
1277 1895 1333 1923 Sed
1358 1896 1388 1923 in
1413 1895 1503 1923 altero
1533 1903 1631 1922 rerum
1660 1893 1871 1923 similitudines

1044 1948 1101 1968 non
1131 1940 1258 1976 aequales
1282 1942 1361 1968 sunt.
1379 1940 1447 1968 Esto
1469 1939 1576 1968 similis
1601 1947 1703 1967 servus
1729 1940 1869 1974 Domino;

1043 1993 1101 2013 non
1120 1987 1219 2013 tamen
1234 1994 1287 2021 par
1302 1985 1366 2019 erit,
1384 1984 1452 2012 licet
1467 1984 1572 2012 habeat
1595 1984 1740 2020 quaedam
1765 1983 1869 2012 simili-

1042 2030 1172 2058 tudines.
1189 2030 1291 2057 Pastor
1305 2029 1407 2064 David,
1424 2031 1523 2064 pastor
1538 2029 1608 2057 item
1623 2029 1769 2057 Christus.
1784 2040 1798 2054 «
1811 2031 1869 2064 Ego

1042 2082 1120 2110 sum,
1135 2086 1145 2098 α
1163 2074 1272 2109 inquit,
1285 2085 1296 2099 ι
1319 2075 1419 2109 pastor
1433 2074 1529 2102 bonus
1539 2074 1560 2091 3‘
1572 2082 1579 2107 ;
1592 2085 1603 2100 ι
1620 2074 1671 2101 sed
1693 2075 1795 2109 pastor
1818 2072 1869 2101 ille

1042 2118 1199 2154 pecudum,
1222 2118 1268 2146 hic
1292 2120 1391 2155 pastor
1415 2119 1592 2146 animarum.
1618 2120 1724 2146 Rerum
1750 2117 1867 2154 quidem

1042 2163 1214 2198 similitudo,
1227 2164 1278 2192 sed
1289 2171 1429 2200 magnum
1441 2163 1599 2192 discrimen
1610 2161 1772 2200 dignitatis.
1781 2162 1870 2192 Unxit

1041 2209 1178 2236 Davidem
1205 2209 1235 2237 in
1262 2217 1359 2245 regem
1384 2208 1520 2237 sacerdos
1545 2208 1687 2237 Samuel:
1707 2208 1869 2245 baptizavit

1041 2254 1220 2282 Salvatorem
1231 2254 1370 2286 Joannes,
1380 2255 1481 2289 utpote
1498 2253 1635 2281 sacerdos
1647 2255 1676 2281 et
1690 2253 1762 2289 ipse.
1778 2254 1868 2281 Simi-

156 2291 291 2329 ὁμοιότης
309 2292 355 2330 μὶν
368 2294 421 2320 τῶν
438 2292 616 2331 πραγμάτων,
634 2293 727 2329 πολλὴ
749 2293 777 2322 δὲ
802 2293 918 2334 διαφορὰ
932 2298 985 2323 τῶν

1042 2299 1135 2327 litudo
1148 2299 1267 2336 quidem
1278 2299 1325 2326 hic
1338 2306 1437 2326 rerum
1452 2300 1507 2333 est,
1519 2298 1568 2326 sed
1582 2305 1690 2334 magna
1702 2297 1869 2326 differentia

157 2337 495 2375 ὑποκειμένων.Χρισ-θεὶς
526 2336 554 2365 δὲ
583 2336 695 2366 ὁΔαϐἰδ
726 2339 763 2371 εἷς
791 2339 913 2378 βασιλέα,
930 2341 985 2379 οὐχ

1042 2342 1368 2379 personarum.Unctus
1386 2342 1476 2370 David
1500 2342 1530 2369 in
1556 2349 1664 2378 regem,
1683 2350 1740 2370 non
1766 2342 1866 2371 statim

155 2382 214 2418 ἅμα
240 2381 346 2420 ἥρπασε
371 2382 421 2416 τὴν
449 2382 601 2418 Βασιλείαν,
622 2383 685 2411 ἀλλ’
708 2384 836 2422 ἠνείχετο
865 2384 984 2417 πολλοῖς

1042 2395 1164 2423 regnum
1180 2386 1333 2422 occupavit
1348 2395 1354 2414 :
1371 2385 1474 2415 multis
1489 2386 1598 2423 quippe
1618 2386 1704 2415 annis
1723 2386 1867 2415 sustinuit

155 2426 267 2464 χρόνοις
284 2425 421 2454 δουλεύων
437 2429 476 2463 τῷ
495 2427 596 2455 Σαούλ·
613 2428 658 2455 καὶ
674 2427 688 2455 ὁ
705 2429 803 2467 Σωτὴρ
825 2430 905 2465 ἡμῶν
922 2441 984 2468 γεν-

1042 2431 1117 2458 Sauli
1133 2431 1258 2466 servire;
1281 2431 1414 2459 Salvator
1428 2439 1545 2467 quoque
1570 2433 1669 2459 noster
1683 2426 1800 2467 genitus
1815 2439 1866 2459 rex

153 2470 247 2506 νηθεὶς
265 2469 392 2509 βασιλεὺς
410 2471 462 2510 πρὸ
476 2473 531 2499 τῶν
556 2471 673 2509 αἰώνων,
689 2472 733 2500 καὶ
761 2473 792 2501 οὗ
817 2475 981 2512 πρόσκαιρον

1042 2478 1106 2503 ante
1122 2475 1238 2511 saecula,
1250 2484 1303 2503 nec
1315 2475 1476 2511 temporale
1495 2475 1650 2511 possidens
1665 2483 1801 2511 regnum,
1813 2475 1863 2503 sed

154 2514 227 2554 ἔχων
244 2516 293 2551 τήν
320 2515 472 2555 βασιλείαν,
489 2515 562 2544 ἀλλὰ
584 2517 638 2555 πρὸ
665 2518 772 2546 πάντων
795 2522 849 2547 τῶν
875 2519 981 2548 αἶ’ώνων

155 2559 295 2598 βασιλεὺς,
325 2561 355 2588 ἐκ
386 2560 520 2599 βασιλεως
557 2564 625 2589 Θεοῦ
662 2563 813 2601 γεννηθεὶς,
843 2565 980 2603 ἠνείχετο·

152 2616 167 2630 (ι
184 2604 240 2632 Οὐκ
255 2605 397 2643 ἁρπαγμὸν
413 2606 537 2642 ἡγήσατο
551 2606 584 2633 τὸ
598 2606 664 2634 εἶναι
680 2605 724 2635 i'ea
744 2610 812 2644 Θεῷ·
836 2607 900 2636 ἀλλ’
921 2609 981 2636 ἑαυ-

1038 2522 1106 2548 ante
1121 2520 1218 2548 omnia
1234 2520 1339 2549 saecula
1354 2528 1403 2548 rex
1417 2528 1452 2548 ex
1467 2528 1534 2556 rege
1552 2520 1609 2548 Deo
1625 2520 1754 2556 genitus,
1768 2519 1798 2548 id
1814 2527 1864 2547 su-

1038 2565 1142 2594 stinuit
1154 2574 1160 2594 :
1173 2576 1187 2590 ‹‹
1200 2565 1263 2594 Non
1278 2565 1411 2601 rapinam
1427 2565 1586 2593 arbitratus
1597 2567 1641 2593 est
1651 2572 1715 2592 esse
1729 2571 1760 2592 se
1770 2571 1865 2600 eaqua-

1036 2609 1093 2637 lem
1107 2610 1179 2643 Deo;
1193 2610 1243 2637 sed
1256 2610 1448 2645 semetipsum
1464 2608 1632 2642 exinanivit,
1644 2609 1768 2636 formam
1785 2608 1862 2637 servi

151 2649 197 2677 τὸν
219 2648 342 2686 ἐκένωσε,
362 2649 470 2688 μορφὴν
493 2648 594 2677 δούλου
623 2648 726 2685 λαϐὼν,
741 2650 786 2679 ’ίνα
809 2652 905 2690 τελέσῃ
930 2654 979 2688 τήν

151 2692 324 2740 οἷξιονομίαν.
354 2693 467 2722 Ἐδίωκε
495 2694 540 2721 τὸν
572 2692 655 2722 Δαϐἰδ
685 2695 788 2732 Σαοὺλ,
810 2696 904 2726 ἐδίωκε
933 2698 978 2726 τὸν

1036 2654 1182 2690 accipiens
1190 2654 1214 2671 ³²
1222 2663 1246 2688 »;
1259 2656 1292 2682 ut
1303 2653 1464 2682 absolveret
1474 2652 1675 2681 ceconomiam.
1688 2652 1862 2680 Persecutus

1035 2700 1081 2728 est
1095 2699 1233 2727 Devidem
1250 2698 1331 2735 Saul,
1347 2699 1519 2735 persecutus
1543 2699 1588 2725 est
1601 2696 1749 2725 Christum
1770 2696 1860 2738 Hero-

158 2753 468 2767 φημ’-..ρ

187 2779 330 2815 κιΜιιιιι.
346 2787 398 2814 xu,
412 2779 440 2815 3,
455 2761 543 2816 4:6»
557 2762 661 2810 usus.
676 2789 698 2816 ι,
714 2782 740 2810 1.
778 2783 801 2802 ιι
816 2783 900 2812 Joan.
915 2793 944 2820 κ,
961 2785 985 2814 14

1043 2784 1067 2803 ⁸³
1081 2785 1208 2822 Philipp.
1225 2793 1258 2820 ιι,
1272 2785 1300 2822 6,
1315 2785 1344 2812 7.

187 2869 245 2906 (31)
258 2868 451 2907 Anglicanus,
466 2868 518 2898 ὑπὸ
531 2870 581 2899 τοῦ
596 2870 699 2901 Σαούλ.

2041 2209 2043 2257 λ

2041 2313 2043 2370 1

2040 2460 2043 2544 ί

2041 2805 2043 2866 1

2040 2870 2043 3034 ί
