4136 6434
271 396 386 458 155

1471 393 1538 455 S.
1580 393 2102 458 ATHANASIUS.
2131 426 2212 442 —
2246 395 2510 459 DUBIA.

3585 393 3702 454 156

276 529 401 584 des.
436 527 548 583 Sed
590 541 778 597 neque
827 525 968 582 Saul
1019 540 1401 599 persequens,
1437 526 1643 582 Davidi
1691 527 1967 597 nocuit;,

2079 528 2273 602 ἰριστὸν
2304 526 2577 602 Ἡρώδης.
2611 525 2763 586 ’Δλλ’
2792 523 2915 583 οὔτε
2945 527 2974 582 6
3007 524 3188 582 Σαοὺλ
3223 523 3437 580 διώκων
3467 522 3560 580 τὸν
3594 530 3701 579 Δα-

279 633 470 689 neque
501 617 758 672 Herodes
790 632 1169 688 persequens,
1197 615 1498 672 Christum
1531 615 1700 671 laesit.
1735 617 1936 671 Insur-

252 737 255 740 -
282 706 429 763 rexit
457 707 517 761 in
550 705 826 760 Davidem
860 704 1112 760 Absalon
1150 705 1307 760 ﬁlius
1337 722 1503 773 suus,
1530 705 1845 761 insurrexit
1875 709 1934 760 in

284 797 645 853 Salvatorem
692 794 897 863 Judas,
928 795 1054 866 ipse
1097 811 1328 867 quoque
1377 794 1534 850 ﬁlius
1567 813 1579 850 :
1615 795 1938 866 discipulos

286 886 506 957 quippe
536 884 801 938 Salvator
839 900 1262 956 nonnunquam
1312 883 1463 939 ﬁlios
1510 885 1772 954 vocabat,
1805 883 1890 940 sic
1924 900 1937 939 :

293 994 316 1024 α
351 978 492 1029 Ecce
522 988 627 1044 ego
651 976 710 1028 et
738 971 900 1027 ﬁlioli
932 972 1043 1028 mei
1077 989 1226 1044 quos
1256 973 1416 1028 dedit
1446 972 1590 1027 mihi
1623 973 1775 1028 Deus
1795 972 1840 1007 ³³
1866 989 1878 1028 :
1906 993 1935 1022 »

287 1069 346 1120 et
372 1063 587 1118 iterum
634 1062 703 1116 ad
751 1059 1075 1132 discipulos
1128 1061 1208 1116 ait
1241 1077 1307 1116 :«
1341 1060 1528 1116 Filioli
1563 1061 1664 1118 50
1685 1061 1749 1117 3‘.
1777 1083 1804 1110 »
1835 1061 1940 1116 Lo-

286 1170 391 1209 cus
437 1155 631 1207 autem
683 1150 843 1206 exitii
889 1150 1190 1206 Absalom.
1242 1155 1449 1208 Manu:
1499 1151 1752 1207 Absalom
1771 1151 1836 1220 ³⁵,
1881 1149 1940 1205 in

283 1241 443 1297 hunc
493 1241 650 1295 diem
701 1244 1097 1311 nuncupatur.
1149 1240 1282 1294 Jam
1335 1240 1503 1309 mihi,
1538 1257 1757 1311 quaeso,
1810 1257 1942 1311 per-

289 1331 478 1404 pende
528 1328 807 1383 harumce
864 1343 1058 1383 rerum
1119 1333 1380 1384 exactam
1429 1329 1770 1399 imaginem.
1817 1329 1943 1384 Non

292 1418 580 1490 scriptum
612 1421 721 1485 est,
768 1417 869 1472 Pes
910 1415 1202 1485 Absalom,
1237 1417 1359 1484 sed,
1409 1419 1596 1472 Manus
1645 1417 1895 1472 Absalom
1927 1434 1946 1470 :

295 1524 411 1564 non
453 1506 653 1562 itidem
704 1506 886 1576 Caput
935 1504 1228 1573 Absalom,
1277 1505 1411 1561 licet
1459 1505 1689 1578 capillis
1737 1505 1948 1578 capitis

295 1595 568 1670 perierit;
627 1595 729 1650 sed
777 1595 969 1650 Manus
1018 1595 1286 1651 Absalom.
1343 1595 1506 1650 Prior
1563 1595 1780 1668 quippe
1838 1595 1950 1650 fuit

295 1685 486 1755 capite
535 1700 745 1739 manus
796 1701 922 1755 qua)
972 1685 1235 1754 tradidit,
1279 1685 1447 1754 juxta
1495 1701 1689 1741 rerum
1742 1684 1950 1756 imagi-

300 1790 472 1841 nem;
504 1772 604 1828 sed
649 1772 816 1844 quasi
868 1788 1124 1845 egressa,
1162 1790 1262 1844 per
1311 1789 1507 1829 rerum
1559 1773 1948 1845 nuncupatio-

2046 612 2135 671 ϐὶδ
2167 611 2426 690 ἔϐλαψεν,
2462 614 2586 673 οὔτε
2615 613 2864 693 Ἡρώδης
2897 613 3111 671 διώκων
3143 615 3232 670 τὸν
3262 615 3492 690 Χριστὸν
3543 608 3701 668 ἔϐλα-

2047 710 2164 781 ψεν.
2196 706 2490 777 Ἐπανέστη
2540 711 2620 779 τῷ
2669 701 2835 761 Δαϐὶδ
2883 700 3242 778 Ἀϐεσσαλὼμ
3298 704 3414 766 υἱὸς
3473 698 3569 756 ὤν’
3605 701 3698 756 ἐπ-

2048 794 2241 866 ανέστη
2273 800 2352 868 τῷ
2387 802 2607 872 Σωτῆρι
2641 791 2846 856 Ἰούδας
2877 794 2994 856 υἱὸς
3033 791 3106 848 ὢν
3156 794 3246 848 καὶ
3295 791 3455 855 αὐτὸς
3506 788 3698 852 ἄλλος·

2046 885 2175 948 τοὺς
2221 885 2324 961 γὰρ
2380 885 2624 958 μαθητάς
2684 882 2825 939 οἶδεν
2862 885 2890 938 6
2924 884 3120 958 Σωτὴρ
3179 882 3468 956 ὀνομάζειν
3527 879 3704 948 υἱοὺς,

2050 973 2248 1048 λέγων·
2284 997 2312 1026 ‹‹
2349 971 2489 1031 Ἰδοὺ
2538 973 2644 1050 ἐγὼ
2698 973 2787 1027 καὶ
2843 972 2912 1027 τὰ
2964 968 3176 1044 παιδία,
3211 973 3244 1025 ἅ
3296 991 3389 1045 μοι
3444 967 3639 1025 ἔδωκεν
3674 969 3702 1024 6

2051 1063 2202 1126 Θεός’
2242 1087 2263 1114 ι
2316 1063 2406 1118 καὶ
2455 1060 2618 1117 πάλιν
2651 1061 2788 1139 πρὸς
2837 1059 2962 1122 τοὺς
3019 1061 3261 1135 μαθητὰς
3319 1057 3492 1136 ἔλεγε,
3539 1082 3568 1111 α
3615 1063 3708 1113 Τε-

2051 1153 2192 1209 κνία.
2231 1177 2258 1204 ››
2289 1153 2351 1209 Ὁ
2379 1151 2548 1214 τόπος
2575 1158 2674 1221 τῆς
2725 1149 3002 1213 ἀπωλείας
3045 1153 3144 1204 τοῦ
3171 1144 3530 1222 Ἀϐεσσαλὼμ
3578 1148 3706 1224 Χεὶρ

2055 1237 2416 1314 Ἀϐεσσαλὼμ
2474 1239 2639 1316 μέχρι
2669 1241 2768 1308 τὴν
2810 1242 3049 1315 σήμερον
3083 1237 3351 1294 καλεῖται.
3384 1236 3490 1294 Καὶ
3542 1235 3710 1313 βλέπε

2059 1353 2152 1406 μοι
2182 1332 2281 1399 τὴν
2343 1324 2618 1406 ἀκρίϐειαν
2676 1337 2778 1398 τῆς
2837 1328 3045 1390 εἷκόνος
3074 1331 3184 1382 τῶν
3239 1325 3596 1402 πραγμάτων.
3629 1326 3707 1383 Οὐ

2056 1420 2379 1496 γέγραπται,
2434 1422 2574 1480 Ποῢς
2632 1413 3013 1492 Ἀϐεσσαλὼμ,
3056 1414 3204 1473 ἀλλὰ
3264 1415 3394 1491 Χεὶρ
3453 1409 3709 1472 Ἀϐεσσα-

2058 1508 2205 1584 λώμ·
2272 1510 2334 1564 οὑ
2391 1508 2689 1584 γέγραπται
2749 1505 2974 1585 Κεφαλὴ
3034 1501 3412 1578 Ἀϐεσσαλὼμ,
3470 1502 3714 1578 καίτοιγε

2059 1598 2166 1654 ἀπὸ
2193 1601 2405 1674 τριχῶν
2436 1594 2678 1675 κεφαλῆς
2711 1594 3148 1669 ἀπώλετο,ἀλλᾶ
3178 1594 3306 1669 Χεὶρ
3330 1587 3711 1664 Ἀὄεσσαλώμ.

2062 1687 2258 1764 Πρώτη
2290 1686 2391 1763 γὰρ
2423 1687 2489 1756 ἦν
2522 1688 2557 1756 ἡ
2588 1693 2687 1756 τῆς
2719 1685 2962 1764 κεφαλῆς
2999 1685 3146 1760 χεὶρ,
3178 1686 3214 1753 ἡ
3245 1680 3526 1758 προδοῦσα
3579 1679 3716 1735 κατὰ

2059 1785 2160 1848 τῆς
2219 1776 2429 1838 εἰκόνος
2483 1779 2593 1831 τῶν
2656 1773 3015 1852 πραγμάτων⁸
3076 1771 3204 1829 ἀλλ’
3261 1773 3336 1835 ὡς
3391 1768 3714 1842 ἐξελθούσης

297 1877 456 1931 nem,
492 1877 690 1931 manu,
726 1861 1027 1932 Scriptura
1057 1863 1210 1933 quod
1244 1862 1506 1918 futurum
1541 1867 1683 1933 erat,
1717 1861 1953 1934 oblique

2079 1866 2153 1922 Ξιὰ
2178 1873 2280 1937 τῆς
2312 1863 2609 1939 ὀνομασίας
2655 1869 2763 1920 τῶν
2812 1865 3146 1941 πραγμάτων
3194 1868 3294 1932 τῆς
3339 1861 3548 1936 χειρὸς,
3581 1857 3721 1914 πλα-

2109 1956 2121 1969 ο
2264 1955 2278 1969 «ι
2353 1957 2365 1969 ι
2607 1954 2621 1969 ι
2694 1954 2708 1969 9
2764 1951 2777 1969 1
3016 1955 3031 1969 ο
3088 1957 3126 1969 π
3259 1952 3293 1969 ι.
3349 1951 3393 1969 ν
3429 1948 3442 1968 \
3531 1943 3624 1969 ’ΔΡ
3671 1968 3678 1969 ,

300 1950 651 2022 signiﬁcavit
675 1967 688 2005 :
711 1951 900 2005 Manus
920 1950 1195 2018 Absatom,
1216 1955 1272 2006 et
1293 1968 1488 2007 rerum
1516 1950 1952 2023 imagines(32).

305 2042 457 2104 Quot
497 2039 869 2095 intercedunt
916 2039 1336 2096 similitudines
1380 2042 1653 2097 Davidem
1702 2041 1849 2096 inter
1899 2044 1957 2095 et

305 2128 662 2186 Salvatorem
695 2127 706 2182 l

382 2235 468 2290 10.
504 2233 605 2289 Hic
637 2233 816 2306 igitur
849 2235 1023 2291 David
1057 2252 1090 2290 a
1117 2235 1386 2292 Samuele
1424 2236 1483 2291 in
1515 2253 1711 2309 regem
1743 2239 1958 2292 unctus

307 2328 397 2382 est
426 2323 550 2380 oleo
594 2322 856 2378 sensibili
892 2341 905 2380 :
939 2323 1108 2380 aliter
1138 2330 1332 2382 autem
1365 2331 1580 2382 unctus
1627 2331 1717 2382 est
1764 2325 1960 2381 Salva-

307 2417 401 2468 tor
431 2428 446 2468 :
480 2428 597 2483 quo
630 2411 802 2468 modo
841 2416 898 2468 et
948 2430 1206 2486 quanam
1238 2414 1483 2486 ratione,
1515 2415 1652 2471 audi
1697 2431 1764 2471 ex
1813 2431 1957 2486 qus-

313 2501 645 2574 dragesimo
675 2504 886 2572 quarto
927 2501 1156 2560 Psalmc
1189 2519 1254 2558 :«
1287 2503 1562 2561 Thronus
1590 2507 1751 2576 tuus,
1785 2503 1962 2574 Deus,

311 2591 372 2647 in
398 2589 674 2646 saeculum
725 2590 925 2646 seaculi
958 2608 972 2645 :
1004 2592 1166 2665 virga
1205 2593 1565 2660 directionis,
1595 2594 1758 2666 virga
1800 2592 1963 2666 regni

313 2679 421 2736 tui.
454 2679 714 2736 Dilexisti
737 2679 1033 2751 justitiam
1079 2686 1137 2736 et
1182 2682 1356 2738 odisti
1403 2683 1798 2755 iniquitatem.
1831 2683 1966 2738 Pro-

2063 1956 2199 2032 γίως
2261 1955 2497 2029 ἐμήνυσε
2568 1954 2631 2010 τὸ
2691 1951 2946 2026 ἐσόμενον
3006 1955 3042 2022 ἡ
3088 1952 3297 2030 Γραφήο
3349 1948 3480 2025 Χεὶρ
3531 1943 3716 2005 Ἀϐεσ-

2064 2044 2284 2118 σαλὼμ,
2319 2045 2408 2099 καὶ
2464 2046 2572 2098 τῶν
2631 2042 2970 2119 πραγμάτων
3032 2039 3255 2102 εἰκόνες.
3300 2041 3468 2100 ’Όσας
3525 2035 3718 2110 ὁμοιό-

2064 2154 2232 2206 τητας
2261 2132 2378 2208 ἔχει
2412 2133 2441 2187 6
2473 2126 2639 2187 Δαϐὶδ
2670 2131 2807 2206 πρὸς
2833 2131 2926 2186 τὸν
2961 2129 3231 2205 Σωτῆραί

2140 2242 2229 2298 40.
2263 2239 2438 2301 Οὗτος
2468 2238 2649 2293 τοίνυν
2683 2238 2712 2292 6
2744 2230 2935 2305 Δαϐὶδ,
2966 2233 3214 2311 χρισθεὶς
3246 2230 3320 2294 εἷς
3363 2229 3591 2308 βασιλέα
3617 2229 3722 2286 ὑπὸ

2067 2333 2164 2385 τοῦ
2223 2326 2514 2401 Σαμουὴλ,
2547 2325 2718 2400 ἐλαίῳ
2775 2326 3039 2397 αἰσθητῷ⁸
3093 2321 3280 2385 ἄλλως
3342 2319 3401 2376 δὶ
3447 2321 3477 2376 6
3527 2319 3724 2393 Σωτὴρ

2069 2420 2230 2492 ἡμῶν
2263 2416 2537 2494 ἐχρίσθη.⁰
2549 2419 2672 2479 Πῶς
2703 2414 2794 2470 καὶ
2841 2413 2961 2470 τίνα
2987 2412 3216 2488 τρόπον,
3250 2409 3412 2466 ἄκουε
3457 2413 3555 2466 τοῦ
3601 2428 3722 2464 τεσ-

2072 2510 2408 2583 σαρακοστοῦ
2454 2504 2713 2582 τετάρτου
2765 2503 3007 2578 Ψαλμοῦ
3064 2499 3344 2578 λέγοντος
3385 2521 3407 2552 ι
3439 2501 3502 2557 Ὁ
3532 2496 3723 2573 θρόνος

2072 2619 2190 2666 σου,
2222 2597 2250 2652 6
2281 2597 2430 2667 Θεὸς,
2466 2595 2542 2658 είς
2571 2595 2663 2650 τὸν
2719 2593 2892 2650 αἰῶνα
2934 2596 3033 2648 τοῦ
3072 2591 3290 2654 αἰῶνος·
3326 2584 3526 2667 ῥάϐδος
3576 2585 3726 2652 εὐθύ-

2073 2707 2237 2757 τητος
2295 2689 2330 2755 ἡ
2390 2679 2590 2762 ῥάϐδος
2673 2691 2773 2754 τῆς
2863 2680 3139 2759 βασιλείας
3230 2700 3349 2738 σου.
3411 2675 3725 2762 Ἠγάπησας

316 2773 519 2841 pterea
546 2767 713 2823 unxit
746 2773 803 2823 te
834 2768 1009 2837 Deus,
1041 2774 1189 2825 Deus
1219 2775 1380 2836 tuus,
1404 2771 1528 2826 oleo
1560 2770 1967 2828 exsultationis

2079 2760 2444 2845 δικαιοσύνην,
2475 2773 2566 2829 καὶ
2597 2772 2859 2848 ἐμίσησας
2908 2770 3159 2845 ἀνομίαν.
3193 2768 3291 2823 Διὰ
3333 2770 3497 2822 τοῦτο
3540 2760 3729 2838 ἔχρισέ

320 2875 438 2930 praa
478 2857 852 2913 consortibus
895 2858 1012 2914 tuis
1033 2859 1167 2928 35;»
1201 2876 1272 2915 ne
1321 2877 1390 2916 ex
1433 2860 1615 2917 simili
1663 2860 1964 2930 vocabulo,

2079 2886 2134 2920 σε
2179 2865 2208 2920 6
2263 2865 2414 2937 Θεὸς,
2464 2863 2492 2917 6
2550 2860 2678 2924 Θεός
2738 2883 2834 2917 σου
2890 2857 3073 2914 ἔλαιον
3135 2853 3516 2931 ἀγαλλιάσεως
3582 2851 3728 2924 παρὰ

321 2947 617 3003 unctionis
647 2946 1039 3018 aequalitatem
1080 2953 1319 3020 putares
1348 2966 1477 3006 esse
1525 2950 1582 3005 in
1634 2949 1706 3006 iis
1750 2950 1965 3006 verbis.

2079 2974 2200 3017 τους
2235 2953 2505 3028 μετόχους
2540 2969 2656 3006 σουο
2694 2972 2722 3001 ››
2747 2947 2843 3004 ’ίνα
2873 2949 2950 3020 μὴ
2979 2949 3049 3020 τῇ
3081 2941 3400 3018 ὁμοιολεξίᾳ
3452 2947 3552 3010 τῆς
3597 2938 3724 3028 χρί-

319 3036 544 3093 Unctus
572 3041 662 3092 est
691 3036 892 3104 David,
926 3042 1138 3093 unctus
1166 3043 1258 3094 est
1304 3043 1361 3094 et
1402 3039 1704 3095 Christus:
1738 3040 1840 3096 sed
1871 3039 1967 3095 ille

2079 3025 2515 3114 σεωςίῗσοτιμίαν
2565 3037 2793 3112 νομίσῃς
2844 3035 3116 3092 εἶναιτῶν
3176 3031 3512 3107 λεγομένων.
3545 3025 3729 3103 Ἐχρί-

319 3126 392 3181 ab
423 3124 681 3191 homine,
717 3126 810 3180 hic
842 3143 875 3182 a
905 3127 1074 3182 Patre
1113 3132 1328 3184 unctus
1366 3134 1456 3184 est
1486 3145 1500 3184 :
1532 3134 1739 3200 estque
1770 3129 1967 3185 unctio

2079 3144 2180 3202 σθη
2215 3126 2403 3200 Δαϐὶδ,
2434 3127 2663 3204 ἐχρίσθη
2695 3124 2784 3181 καὶ
2817 3126 2846 3180 6
2877 3121 3134 3199 Χριστόςο
3167 3119 3337 3177 ἀλλ’ὁ
3371 3120 3466 3193 μὲν
3499 3115 3730 3193 ἐχρίσθη

316 3213 420 3270 illa
474 3214 822 3284 ineffabilia,
873 3231 1085 3287 resque
1140 3215 1252 3271 illae
1321 3216 1967 3290 incomprehensibiles.

324 3305 512 3370 Quare
545 3303 627 3359 ait
652 3303 963 3360 Psalmista
996 3321 1046 3360 τι
1080 3304 1218 3361 Oleo
1249 3306 1658 3364 exsultationis
1687 3325 1806 3381 prae
1835 3325 1970 3364 con-

325 3393 590 3449 sortibus
646 3392 850 3448 tuis.»
899 3394 1210 3450 Consortes
1266 3396 1488 3452 scilicet
1543 3397 1976 3468 similitudinis,

329 3481 474 3555 quin
507 3498 706 3554 parem
751 3482 1006 3538 habeant
1029 3484 1385 3542 unctionem.
1423 3485 1643 3558 Ubique
1690 3487 1846 3544 enim
1896 3487 1976 3544 si-

333 3569 730 3626 militudinem
761 3571 994 3642 retinet,
1027 3577 1082 3628 et
1112 3575 1506 3645 praestantiam
1539 3576 1622 3633 rei
1653 3581 1977 3634 conservat.

335 3661 516 3717 David
548 3659 746 3732 itaque
793 3664 1008 3717 unctus
1039 3679 1070 3718 a
1102 3663 1393 3732 Samuele,
1423 3667 1686 3738 privatus
1717 3667 1935 3723 mansit
1965 3686 1978 3724 :

337 3750 481 3807 Saul
510 3766 666 3818 vero,
698 3752 1085 3822 transgressis
1109 3753 1212 3809 Dei
1243 3757 1569 3828 praeceptis,
1603 3757 1836 3829 impuro
1868 3757 1984 3829 spi-

333 3838 471 3894 ritui
499 3839 751 3896 traditus
797 3843 907 3895 est.
937 3841 1232 3899 Psallebat
1278 3843 1482 3912 David,
1513 3845 1865 3916 pastoralem
1896 3850 1983 3901 te-

334 3944 481 3984 nens
510 3927 819 4000 citharam,
841 3931 899 3984 in
932 3930 1294 4004 desertisque
1315 3933 1534 4005 degens
1561 3933 1726 4002 locis,
1752 3935 1985 3991 nemine

337 4017 575 4090 quicum
609 4018 970 4075 fabularetur
1006 4026 1309 4093 praesente.
1342 4023 1639 4080 Citharam
1671 4023 1983 4098 compegit,

336 4124 405 4164 ex
447 4107 618 4178 cujus
668 4107 998 4179 pulsatione
1043 4113 1100 4165 et
1146 4115 1431 4168 concentu
1485 4113 1601 4170 duo
1659 4113 1718 4169 in
1778 4114 1985 4187 primis

338 4197 811 4268 consequebatur
834 4215 846 4253 :
873 4197 1213 4271 hujusmodi
1247 4218 1390 4258 sono
1420 4201 1679 4260 locorum
1715 4203 1984 4260 solitudi-

338 4301 474 4342 nem
502 4284 829 4359 mitigabat,
865 4305 970 4344 nec
1015 4287 1075 4344 in
1127 4291 1446 4349 dissolutas
1477 4293 1777 4350 cautiones
1826 4293 1984 4350 dela-

337 4375 605 4443 bebatur,
658 4377 758 4432 sed
808 4377 1067 4448 psalmos
1117 4381 1385 4449 canebat,
1418 4397 1671 4453 quorum
1721 4384 1988 4440 modula-

339 4463 497 4519 tione
538 4464 946 4534 delectaretur,
973 4471 1031 4524 et
1061 4468 1275 4540 pietate
1313 4471 1638 4541 juvaretur.
1674 4471 1740 4526 Et
1770 4472 1988 4544 psalle-

343 4552 446 4608 bat
504 4553 564 4607 in
623 4554 870 4610 desertis
929 4571 942 4610 :
997 4576 1020 4604 α
1070 4556 1423 4614 Altitudines
1481 4559 1770 4615 montium
1830 4560 1991 4617 illius

2085 3221 2188 3277 ὑπὸ
2209 3216 2520 3296 ἀνθρώπου,
2551 3217 2580 3272 6
2611 3214 2669 3271 δὶ
2698 3212 2924 3291 ἐχρίσθη
2985 3211 3044 3268 ἐκ
3103 3208 3331 3286 Πατρός·
3364 3207 3454 3263 καὶ
3485 3209 3520 3277 ἠ
3546 3205 3734 3296 χρίσις

2084 3294 2503 3385 ἀνεκδιήγητος,
2564 3305 2653 3362 καὶ
2725 3302 3082 3374 ἀκατάληπτα
3134 3301 3203 3356 τὰ
3255 3297 3570 3374 πράγματα.
3630 3294 3736 3385 Λιά

2082 3403 2244 3456 τοῦτο
2275 3380 2423 3472 λέγει
2455 3397 2484 3451 6
2514 3391 2898 3468 Ψαλμῳδός·‹‹
2930 3391 3150 3450 Ἐλάιον
3181 3386 3559 3464 ἀγαλλιάσεως
3590 3380 3738 3459 παρᾶ

2083 3488 2210 3550 τοὺς
2248 3485 2518 3561 μετόχους
2569 3505 2686 3540 σου.
2718 3487 2883 3552 »Τῆς
2937 3476 3264 3555 ὁμοιότητός
3319 3473 3421 3532 εἶσι
3480 3474 3733 3561 μέτοχοι,

2089 3578 2150 3634 οὐ
2186 3559 2292 3651 μην
2337 3559 2582 3649 ἰσότιμον
2615 3571 2804 3649 ἔχουσι
2834 3571 2934 3640 τήν
2959 3568 3162 3646 χρίσιν·
3197 3567 3479 3641 πανταχοῦ
3509 3562 3612 3638 γὰρ
3643 3559 3736 3616 καὶ

2087 3669 2186 3736 τὴν
2220 3664 2524 3740 ὁμοιότητα
2551 3666 2730 3739 τηρεῖ,
2761 3659 2851 3716 καὶ
2880 3660 2944 3714 τὸ
3001 3655 3266 3734 ὑπερέχον
3323 3658 3421 3710 τοῦ
3478 3653 3735 3729 πράγμα-

2087 3777 2181 3820 τος
2213 3753 2491 3834 φυλάττει.
2519 3754 2582 3810 Ὁ
2609 3750 2788 3806 τοίνυν
2821 3744 3010 3820 Δαϐὶδ,
3042 3743 3288 3834 χρισθεὶς
3340 3743 3444 3800 ὑπὸ
3493 3745 3592 3834 τρὺ
3634 3747 3736 3834 Σᾳα-

2095 3826 2301 3920 μουῆλ,
2334 3839 2514 3917 ἔμενεν
2547 3840 2627 3919 ἐφ’
2659 3840 2872 3895 ἑαυτοῦ.
2906 3840 2967 3896 Ὁ
3007 3834 3065 3891 δὲ
3114 3832 3318 3890 Σαοὺλ.
3367 3826 3613 3920 παραϐάς
3664 3828 3716 3920 ἐν

2091 3915 2257 3997 τολὰς
2286 3915 2441 4003 Θεοῦ,
2475 3915 2743 4004 πνεύματι
2774 3928 3062 4003 ἀκαθάρτῳ
3093 3920 3389 4000 παρεδόθη.
3415 3917 3665 3995 Ἔψαλλι
3686 3915 3744 3972 δὶ

2094 4026 2122 4082 6
2154 4019 2342 4092 Δαϐὶδ,
2373 4019 2461 4077 καὶ
2520 4020 2740 4095 κιθάραν
2803 4018 2919 4092 εἶχε
2975 4013 3326 4087 ποιμενικὴν,
3366 4010 3455 4066 καὶ
3513 4008 3566 4064 ἐν
3625 4007 3747 4095 ἐρή-

2099 4134 2220 4188 μοις
2253 4110 2480 4188 διάγων,
2511 4108 2602 4164 καὶ
2650 4093 2760 4162 οὐκ
2814 4102 2947 4162 ἔνων
3000 4103 3137 4160 τίσιν
3201 4100 3508 4188 ἀνθρώποις
3566 4093 3748 4188 διαλε-

2094 4183 2313 4280 χθῆναι·
2346 4183 2436 4255 καὶ
2467 4199 2689 4274 κιθάραν
2723 4193 3059 4268 πηξάμενος,
3087 4191 3178 4248 καὶ
3211 4188 3301 4245 διὰ
3355 4191 3451 4244 τοῖ’)
3480 4183 3752 4280 ἀνακρούτ

2096 4272 2243 4357 εσθαι
2272 4292 2341 4346 τὰ
2391 4287 2532 4362 μέλη
2575 4272 2670 4341 δύο
2729 4283 3028 4362 εἰργάζετο·
3082 4281 3445 4354 παρεμυθεῖτο
3501 4275 3602 4354 γὰρ
3659 4272 3751 4330 καὶ

2097 4381 2188 4439 διὰ
2213 4384 2312 4437 τοῦ
2340 4377 2489 4453 ἤχου
2517 4376 2580 4432 τὸ
2608 4379 2717 4430 τῶν
2748 4373 2930 4430 τόπων
2964 4371 3194 4449 ἔρημον,
3227 4369 3289 4425 οὗ
3340 4369 3446 4443 μὴν
3479 4365 3554 4429 εἰς
3588 4363 3748 4421 ἔκλυ-

2096 4493 2163 4528 τα
2223 4471 2470 4541 ἐξέπιπτε
2533 4465 2698 4540 μέλη,
2750 4461 2896 4520 ἀλλὰ
2950 4459 3206 4537 ψαλμοὺς
3260 4455 3410 4531 ᾖδεν,
3445 4456 3539 4512 ἵνα
3584 4455 3756 4530 τέρπῃ

2105 4562 2198 4635 μὲν
2230 4559 2292 4613 τὸ
2325 4555 2550 4631 εὔηχον,
2583 4552 2772 4631 ὠφελῇ
2805 4551 2863 4608 δὶ
2885 4553 2948 4607 τὸ
2998 4545 3230 4612 εὐσεϐές.
3263 4548 3365 4603 Καὶ
3411 4544 3671 4635 ἔψαλλεν
3701 4542 3752 4598 ἐν

345 4644 486 4696 sunt
504 4641 546 4676 ³⁷
579 4656 592 4697 :
620 4663 648 4691 »
681 4642 934 4698 addebat
965 4643 1110 4700 illud
1131 4654 1190 4700 ‘:«
1226 4651 1382 4701 Inter
1412 4647 1671 4703 medium
1706 4649 1967 4704 mcnliun

2099 4633 2218 4713 ταῖς
2280 4647 2508 4724 ἐρήμοις
2571 4643 2772 4719 λέγων,
2805 4639 2888 4698 ὅτι
2946 4639 3036 4696 καὶ
3073 4661 3095 4690 ι
3127 4637 3209 4697 Τὰ
3263 4637 3372 4711 ίίψη
3428 4640 3536 4692 τῶν
3587 4633 3756 4711 ὀρέων

344 4730 786 4802 pertransibunt
806 4749 992 4804 aqua,
1012 4738 1070 4790 et
1089 4735 1374 4806 potabunt
1393 4752 1598 4792 omnes
1620 4737 1819 4792 bestia
1845 4738 1990 4810 agri.

344 4819 531 4890 Super
562 4835 661 4875 eos
691 4819 957 4877 volucres
1004 4823 1129 4878 caeli
1180 4823 1535 4880 habitabunt
1553 4826 1616 4880 ³⁸.
1643 4848 1671 4877 ››
1704 4826 1999 4883 Psallebat

343 4909 415 4963 de
445 4907 703 4978 homine,
731 4909 822 4966 his
850 4911 1046 4967 verbis
1073 4930 1085 4968 :
1109 4935 1137 4963 «
1162 4913 1373 4968 Omnia
1414 4915 1716 4986 subjecisti
1757 4917 1866 4973 sub
1898 4934 1995 4988 pe-

342 4997 519 5053 dibus
567 4998 716 5068 ejus,
748 5015 882 5055 oves
913 5005 972 5056 et
1017 5001 1193 5057 boves
1234 5002 1535 5060 universas
1555 5005 1619 5060 39.
1643 5027 1671 5056 »
1706 5005 2000 5062 Psallebat

343 5089 586 5161 insuper
615 5090 908 5147 mirabilia
942 5094 1037 5148 Dei
1090 5111 1284 5166 opera.
1318 5095 1493 5152 Porro
1524 5114 1657 5153 cum
1704 5102 2001 5172 torquere-

344 5183 445 5234 tur
471 5178 608 5235 Saul
639 5181 711 5236 ab
745 5180 977 5253 impuro
1005 5183 1237 5253 spiritu,
1274 5184 1553 5242 indicavit
1582 5187 1726 5242 illud
1757 5188 2000 5261 quidam

344 5267 544 5324 Sauli:
583 5285 714 5341 quae
761 5287 941 5328 causa
988 5271 1099 5328 fuit
1144 5275 1210 5328 ut
1257 5281 1651 5332 arcesseretur
1702 5278 1901 5334 David.
1934 5279 2005 5334 Et

2102 4740 2266 4796 αὑτοῦ
2316 4736 2448 4792 ἐστι·
2485 4759 2513 4786 ››
2539 4731 2830 4810 προσετίθη
2866 4729 2923 4787 δὲ
2970 4730 3157 4786 πάλιν³
3192 4753 3220 4780 ‹‹
3254 4725 3382 4786 Ἀνὰ
3427 4724 3588 4798 μέσον
3646 4727 3754 4778 τῶν

2104 4826 2272 4904 ὀρὲων
2307 4823 2636 4881 διελεύσεται
2667 4819 2856 4891 ὕδατα,
2886 4819 2977 4875 καὶ
3008 4821 3260 4874 ποτιοῢσι
3312 4811 3485 4904 πάντ-α
3541 4813 3609 4904 τὰ
3658 4823 3756 4881 θη-

2106 4901 2193 4996 ρία
2245 4919 2343 4970 τοῦ
2402 4913 2593 4989 ἀγροῦ.
2622 4911 2740 4967 Ἐπ’
2795 4909 2932 4965 αὑτὰ
2981 4911 3050 4964 τὰ
3097 4904 3316 4963 πετεινὰ
3368 4901 3467 4960 τοῦ
3525 4902 3758 4977 οὐρανοῦ

2104 4987 2530 5074 κατασκηνώσει.
2569 5025 2596 5054 »
2621 4998 2870 5075 Ἕψαλλε
2897 4998 2965 5054 τὰ
2993 4997 3117 5074 περὶ
3168 4999 3268 5052 τοῦ
3319 4992 3635 5069 ἀνθρώπου,
3667 4987 3758 5044 λέ-

2107 5115 2240 5173 γων·
2276 5120 2305 5147 ‹‹
2339 5094 2518 5148 Πάντα
2575 5089 2833 5161 ὑπέταξας
2893 5085 3147 5144 ὑποκάτω
3195 5089 3304 5140 τῶν
3356 5079 3540 5139 ποδῶν
3573 5079 3763 5147 αὑτοῦ,

2108 5171 2355 5262 πρόϐατα
2383 5182 2473 5237 καὶ
2508 5180 2638 5258 βόας
2666 5178 2894 5241 ἀπάσας.
2932 5201 2960 5229 ››
2991 5177 3110 5234 Ἥτι
3142 5171 3201 5230 δὲ
3228 5171 3318 5230 καὶ
3347 5171 3432 5262 ,τὰ
3484 5173 3582 5226 τοῦ
3631 5171 3766 5262 Decii

2112 5255 2646 5348 θαυματουργήματα
2674 5266 2900 5344 ἔψαλλε.
2935 5262 3310 5338 Ὀδυνωμένου
3343 5259 3400 5317 δὲ
3444 5263 3542 5316 τοῦ
3587 5255 3769 5314 Σαοὺλ

415 5467 460 5505 ³³
490 5467 603 5552 Isa.
633 5485 780 5552 VHIL
794 5471 881 5552 18_.
961 5472 1009 5507 ³⁴
1035 5472 1208 5552 Jo_an.
1239 5489 1362 5542 xm,
1396 5475 1486 5532 33.
1562 5478 1607 5512 ⁸⁸
1635 5477 1686 5534 ΙΙ
1711 5477 1852 5552 Reg.
1885 5494 1967 5534 xw

2082 5477 2170 5533 18.
2245 5474 2290 5511 ³⁸
2319 5472 2475 5531 Psal.
2523 5487 2674 5543 χειν,
2725 5471 2782 5540 7,
2829 5468 2886 5524 8.
2960 5465 3006 5502 ³⁷
3035 5462 3192 5521 Psal.
3223 5479 3375 5531 xc",
3413 5462 3467 5519 4.
3542 5459 3586 5496 ³³
3616 5454 3778 5515 Ριιιο

349 5557 471 5610 cm,
505 5542 594 5595 10.
668 5540 714 5577 ³⁸
745 5542 895 5599 Psal.
928 5561 1054 5613 vm,
1086 5547 1142 5602 8.

423 5742 534 5819 (32)
565 5740 866 5801 Obscurus
895 5741 1084 5802 locus.
