4136 6378
347 414 459 475 157

1606 407 1939 471 HOMILIA
1978 406 2083 469 DE
2126 407 2517 469 SEMENTE.

3658 408 3774 470 158

348 543 450 598 ὑπό
482 546 581 598 τοῦ
611 541 916 615 πνεύματος
944 547 1043 598 τοῦ
1072 540 1396 616 ἀκαθάρτου,
1427 537 1627 615 γίνεταί
1682 559 1763 600 τις
1822 558 1991 610 μηνυ-

2112 537 2579 609 quotiescunque
2634 538 2883 595 irrueret
2912 539 2970 594 in
3002 555 3136 594 eum
3162 539 3404 611 spiritus
3435 539 3652 607 malus,
3683 555 3773 595 ac-

342 635 446 702 τής
473 634 553 705 τῷ
586 631 785 687 Σαούλ·
820 632 909 688 καὶ
938 632 1117 705 τούτῳ
1136 634 1214 704 τῷ
1238 631 1425 707 τρόπῳ
1453 629 1697 684 καλεῖται
1731 628 1758 682 6
1810 622 1997 683 Aa3l6.

346 722 445 777 Καὶ
478 723 661 783 ὁσάκις
689 720 959 777 ἐπετίθετο
991 721 1137 794 αὐτῷ
1166 722 1228 776 τὸ
1257 724 1470 792 πνεῦμα
1497 720 1560 773 τὸ
1590 715 2001 793 πονηρὸν,λαμ-

346 807 523 866 ϐάνων
549 813 650 880 τὴν
706 810 928 887 κιθάραν
980 812 1009 866 6
1057 805 1245 883 Δαϐὶδ,
1278 806 1617 883 ἀνεκρούετο,
1645 803 1875 881 ψάλλων
1908 803 1997 858 καὶ

345 900 550 973 ὕμνους
583 899 759 975 λέγων
790 905 869 971 τῷ
898 904 1033 972 Θεῷ.

416 992 504 1046 11.
540 991 627 1058 Μὴ
673 990 775 1065 γάρ
829 1010 922 1061 μοι
961 996 1061 1059 τῆς
1107 988 1330 1065 κιθάρας
1368 986 1697 1060 μνημόνευε,
1730 981 1877 1039 ἀλλὰ
1903 985 2000 1036 τοῦ

344 1078 723 1153 ψαλλομένου·
776 1076 935 1152 μηδὲ,
989 1077 1227 1155 ἀρπάσας
1274 1077 1341 1132 τὰ
1390 1076 1629 1153 ῥήματα,
1673 1074 1747 1135 εἷς
1780 1084 2000 1146 θεατρο-

352 1173 536 1241 μανεῖς
566 1167 801 1242 ἐμπέσῃς
830 1166 1049 1237 ἡδονὰς,
1082 1165 1250 1237 ἀλλὰ,
1287 1166 1666 1239 μνημονεύσας
1702 1166 1809 1218 τῶν
1859 1158 2001 1235 ψαλ-

354 1261 492 1329 μῶν,
524 1260 591 1330 τῇ
623 1257 920 1328 Ἐκκλησία
957 1258 1253 1331 παράμενε.
1287 1254 1381 1317 Εἷς
1412 1260 1603 1331 χεῖρας
1642 1252 1820 1308 τοίνυν
1855 1267 1999 1322 Λαμ-

350 1340 528 1400 6άνων
554 1347 653 1415 τήν
684 1344 905 1420 κιθάραν
939 1346 967 1400 6
998 1341 1187 1418 Δαϐὶδ,
1219 1344 1305 1399 καὶ
1330 1342 1575 1420 μψάλλων
1607 1346 1685 1413 τῷ
1741 1345 1876 1412 Θεῷ,
1907 1338 1999 1395 τὸν

344 1435 607 1509 πνίγοντα
657 1415 886 1507 δαίμονα
940 1415 1273 1505 ἀπήλαυνεν.
1330 1415 1399 1485 ΠΩ
1461 1430 1706 1507 μεγάλης
1767 1429 2001 1505 ψαλμῶν

345 1519 663 1595 δυνάμεωςῑ
697 1525 767 1578 Τὸ
796 1529 1010 1597 πνεῦμα
1028 1524 1090 1579 τὸ
1148 1523 1446 1601 ἀκάθαρτον
1505 1521 1692 1597 πνίγον
1758 1519 2003 1595 ἀοράτως

343 1608 609 1685 ἐπνίγετο,
638 1611 729 1664 καὶ
766 1611 1031 1686 ἀνέψυχεν
1065 1612 1094 1666 6
1126 1610 1340 1667 Σαούλ.
1398 1610 1637 1686 Ἐφθόνει
1688 1607 1745 1664 δὲ
1773 1613 1851 1680 τῷ
1899 1614 2000 1662 Δα-

342 1692 433 1752 ϐὶδ
466 1696 552 1752 διὰ
577 1696 792 1753 τοιάνδε
825 1699 1098 1755 ὑπόθεσιν.
1162 1698 1507 1778 Ἀλλόφυλοί
1564 1720 1697 1753 ποτε
1755 1697 2000 1753 ἐπέθεντο

340 1785 420 1859 τῷ
475 1787 615 1862 γένει
659 1788 767 1842 τῶν
818 1783 1106 1863 Ἐϐραίων
1161 1788 1253 1843 καί
1294 1809 1378 1850 τις
1412 1788 1613 1852 Γολιάθ
1640 1786 2000 1861 παμμεγέθης

338 1877 403 1933 τὸ
434 1880 615 1950 σῶμα,
645 1879 736 1932 καὶ
781 1877 979 1954 θρασὺς
1009 1879 1110 1948 τὴν
1143 1880 1351 1963 ψυχὴν,
1384 1881 1474 1932 καί
1535 1872 1767 1955 φοϐερὸς
1830 1875 2002 1981 ὀφθῇ·
2030 1915 2079 1981 Β

338 1987 447 2039 ναι,
502 1965 589 2021 ἐπὶ
636 1968 1032 2043 τεσσαράκοντα
1076 1967 1289 2043 ἡμέρας
1345 1966 1588 2036 ὠνείδιζε
1624 1966 1715 2021 τὸν
1748 1963 1997 2039 Ἰσραὴλ,

334 2055 423 2111 καὶ
456 2050 573 2129 ᾔτει
608 2055 684 2119 εἷς
744 2055 1090 2131 μονομαχίαν
1139 2053 1252 2128 ἕνα,
1299 2054 1501 2112 ἀσπίδα
1535 2056 1629 2130 μὶν
1666 2056 1993 2133 παμμεγέθη

332 2145 735 2222 περικείμενος,
796 2144 958 2222 δόρου
1017 2143 1074 2200 δὲ
1131 2144 1352 2217 ἐξελὼν,
1407 2145 1497 2202 καὶ
1529 2141 1763 2225 φοϐερὰς
1796 2146 1996 2219 κνημί-

334 2230 450 2297 δας·
485 2235 574 2290 καὶ
606 2236 662 2289 οἱ
696 2231 995 2298 ϐλέποντες
1047 2229 1262 2314 ἔφυγον,
1316 2234 1406 2290 καὶ
1452 2236 1481 2290 ὁ
1531 2232 1714 2290 Σαοὺλ
1766 2232 1991 2294 ἐδειλίσ.

328 2325 491 2383 Ἧκεν
547 2324 973 2398 ἐπισκεψόμενος
1043 2323 1171 2387 τοὺς
1220 2322 1489 2402 ἀδελφοὺς
1566 2326 1594 2380 6
1654 2319 1844 2397 Δαϐὶδ,
1902 2324 1991 2380 καὶ

330 2406 639 2484 συμϐάλλει
670 2411 747 2475 εἰς
784 2411 991 2487 μάχην,
1024 2413 1052 2466 ὁ
1076 2413 1282 2487 γυμνὸς
1311 2418 1391 2485 τῷ
1425 2408 1664 2485 ἐνόπλῳ,
1710 2414 1739 2468 ὁ
1770 2414 1992 2488 ἀπειρο-

329 2499 577 2573 πόλεμος
604 2502 682 2573 τῷ
712 2499 1115 2574 πολυπολέμῳ,
1147 2503 1176 2555 6
1205 2503 1325 2565 νέος
1367 2507 1446 2574 τῷ
1490 2500 1663 2578 ἀνδρί·
1714 2502 1804 2558 καὶ
1860 2498 1991 2558 πάν-

328 2610 438 2643 των
488 2588 829 2661 πτηξάντων,
879 2590 968 2644 καὶ
1028 2587 1260 2662 μηδενὸς
1314 2589 1633 2664 τολμῶντος
1665 2591 1991 2664 ἐπεξελθεῖν,

328 2673 496 2732 Δαϐὶδ
528 2677 847 2753 ἀναδέχεται
879 2678 968 2733 τὸν
998 2678 1267 2751 πόλεμον.
1300 2677 1478 2742 Εἰδὼς
1510 2677 1567 2735 δὲ
1615 2676 1873 2753 ἔψαλλεν,
1905 2680 1988 2735 ὅτι

328 2770 429 2821 τοῦ
457 2771 591 2821 Θεοῦ
622 2769 651 2820 ὁ
681 2766 950 2840 πόλεμος,
982 2768 1073 2822 καὶ
1104 2768 1187 2822 ὅτι
1221 2791 1249 2820 ‹‹
1291 2766 1509 2838 Ψευδής
1536 2767 1707 2831 ’ίππος
1758 2770 1832 2831 εἷς
1882 2791 1990 2824 σω-

325 2854 540 2928 τηρίαν,
572 2854 623 2909 ἐν
660 2853 717 2910 δὲ
745 2854 946 2926 πλήθει
984 2853 1263 2928 δυνάμεως
1290 2856 1453 2912 αὐτοῦ
1508 2857 1569 2913 οὐ
1601 2860 1923 2929 σωθήσεται.
1963 2882 1984 2909 ι

331 2941 485 3013 ’ῌδει
517 2944 548 2997 ἃ
579 2938 835 3017 ἔψαλλεν⁸
870 2944 1013 3020 εἶχεν
1044 2944 1216 2999 ὅπλον
1252 2948 1506 3021 μέγιστον
1538 2954 1639 3016 τήν
1666 2947 1870 3020 πίστιν,
1899 2949 1989 3003 καὶ

336 3030 757 3109 περικεφαλαίαν
818 3032 1095 3108 περιέθετο
1158 3035 1455 3109 σωτηρίου,
1537 3035 1627 3090 καί
1703 3032 1990 3091 ἀναλαϐὼν

339 3116 536 3197 ῥάϐδον
563 3120 653 3175 καὶ
685 3118 997 3199 σφενδόνην,
1029 3123 1121 3177 τὸν
1154 3120 1307 3186 λίθον
1349 3122 1723 3198 περιειλήσας,
1774 3113 1989 3196 πλήξας

329 3210 421 3264 τὸν
482 3207 770 3282 ἀντίδικον,
843 3210 1126 3283 συντόμως
1186 3214 1499 3289 κατήνεγκε.
1564 3216 1984 3289 Παρατρέχομεν

332 3297 435 3374 γὰρ
466 3299 531 3353 τὰ
563 3279 800 3375 ῥήματου
834 3279 1020 3369 ἐπειδή
1056 3300 1158 3378 φοῦ
1189 3279 1349 3356 τοῦτο
1378 3279 1468 3357 ν’ὗν
1504 3301 1615 3357 ἐστι
1648 3279 1725 3358 ¹τὸ
1750 3279 1987 3378 ’πρᾎέει-
2018 3279 2061 3346 CI

338 3408 513 3462 μενον.
575 3391 800 3445 Ἔπεσεν
861 3390 889 3444 6
948 3390 1146 3445 Γολιὰο
1204 3392 1232 3445 6
1294 3391 1456 3467 μέγας
1506 3392 1609 3448 ὑπὸ
1637 3396 1735 3448 τοῦ
1768 3398 1989 3468 μικροῦ,

330 3477 422 3533 καὶ
481 3478 510 3532 6
570 3476 830 3552 ἔμπειρος
886 3476 991 3532 ὐπὸ
1047 3483 1144 3533 τοῦ
1202 3479 1431 3555 ἀπείρου
1468 3479 1555 3536 καί
1605 3481 1987 3561 ἀφελεστέρου.

334 3566 432 3623 Καὶ
466 3560 651 3622 λαϐὼν
679 3568 844 3622 αὐτοῦ
875 3567 1138 3647 τὸξίφος,
1190 3568 1452 3643 ἀπέτεμεν
1520 3560 1686 3626 αὐτοῦ
1741 3574 1841 3642 τὴν
1899 3594 1989 3630 κε-

337 3654 543 3735 φαλήν.
576 3655 675 3711 Καὶ
704 3658 740 3726 ἡ
776 3657 870 3729 μὶν
899 3656 1107 3736 κεφαλή
1149 3657 1436 3735 ἀπηνέχθη
1470 3659 1521 3714 ἐν
1561 3661 1987 3737 Ἰεροσολύμοις⁶

336 3746 398 3801 τὸ
429 3742 487 3801 δὲ
516 3745 666 3823 ξίφος
695 3745 860 3801 αὐτοῦ
892 3746 1138 3822 ἐτηρεῖτο
1168 3749 1315 3825 παρὰ
1363 3744 1671 3826 Ἀϐιμελὶχ
1698 3757 1777 3824 τῷ
1834 3754 1987 3827 ἱερεῖ.

336 3834 656 3908 Ἐλυτρώθη
718 3836 746 3890 ὁ
806 3832 938 3898 λαὸς
991 3836 1094 3890 ὑπὸ
1148 3841 1245 3891 τοῦ
1293 3836 1591 3897 ἀντιδίκου.
1622 3841 1880 3911 Ἐξῆλθον
1913 3843 1991 3906 εἰς

338 3922 636 3995 ὑπάντησιν
683 3929 934 4000 γυναῖκες
980 3923 1328 4000 χορεύουσαι·
1392 3925 1632 4001 θυμηδία
1684 3931 1785 4005 γὰρ
1832 3934 1897 3999 ἦν
1928 3931 1991 3986 τὸ

335 4012 719 4088 προκείμενον
751 4009 919 4091 φόϐος
952 4011 1009 4068 δὶ
1036 4012 1225 4085 ἐλύθη,
1279 4016 1307 4070 6
1338 4015 1535 4092 ἐχθρὸς
1566 4013 1770 4091 ἔπεσεν,
1802 4019 1829 4073 6
1862 4017 1992 4081 λαὸς

300 4102 573 4174 νέπήνθει·
624 4110 863 4180 χορεῖαι,
915 4104 1006 4158 καὶ
1054 4103 1331 4177 τύμπανα,
1374 4107 1464 4160 καὶ
1496 4106 1747 4181 ἁρμονία,
1780 4110 1870 4162 καὶ
1903 4109 1991 4163 εὐ-

332 4192 571 4271 φροσύνη
603 4193 667 4247 τὸ
698 4192 1082 4269 προκείμενον.
1117 4194 1187 4248 Al
1220 4190 1277 4248 δὲ
1316 4194 1649 4271 χορεύουσαι
1709 4194 1866 4270 ᾖδον,
1926 4198 1989 4253 οὐ

330 4282 466 4358 πρὸς
494 4281 641 4353 ἀξίαν
668 4282 969 4359 ἀφορῶσαι,
1001 4281 1149 4338 ἀλλά
1208 4284 1345 4359 πρὸς
1392 4285 1454 4338 16
1504 4283 1807 4361 ἐνεργῆσαι·
1868 4285 1989 4341 ελε-

332 4393 429 4447 γον
460 4369 581 4449 γάρ·
617 4395 646 4423 ‹‹
680 4371 965 4442 Ἐπάταξεν
1023 4371 1051 4425 6
1108 4366 1274 4425 Δαϐὶδ
1308 4371 1359 4427 ἐν
1395 4374 1646 4448 μυριάσιν
1681 4375 1868 4443 αὐτοῦ,
1899 4376 1988 4430 καὶ

335 4459 518 4515 Σαοὺλ
577 4460 630 4515 ἐν
688 4458 937 4536 χιλιάσιν
989 4460 1178 4519 αὐτοῦ.
1240 4485 1269 4512 ››
1301 4461 1510 4535 Καὶτῷ
1539 4465 1821 4534 νικήσαντι
1852 4462 1986 4520 ἔδω-

329 4570 425 4605 καν
455 4551 550 4613 τὰς
582 4547 864 4626 χιλιάδας,
895 4551 985 4605 καὶ
1015 4549 1115 4605 οὐκ
1144 4550 1319 4621 εἶπον,
1351 4548 1513 4607 πόσαι
1537 4551 1810 4628 χιλιάδες,
1862 4553 1989 4610 οὐδὲ

2112 632 2277 699 cepta
2311 629 2485 683 David
2519 628 2743 684 cithara
2790 628 3075 698 pulsabat,
3110 628 3368 698 psalmos
3402 628 3772 700 hymnosque

2110 721 2226 772 Deo
2256 718 2593 774 decantatis.

2185 987 2270 1039 11.
2306 989 2386 1040 Ne
2419 984 2564 1040 mihi
2594 985 2749 1040 enim
2773 986 2902 1056 jam
2933 984 3127 1039 citarae
3176 984 3532 1040 mentionem
3567 985 3767 1053 facias,

2111 1075 2210 1131 sed
2243 1076 2366 1145 ejus
2415 1075 2570 1146 quod
2604 1074 2828 1130 cithara
2874 1073 3231 1129 canebatur:
3282 1089 3423 1128 neve
3471 1090 3538 1128 ex
3575 1073 3770 1129 verbis

2111 1166 2357 1236 captans
2387 1162 2746 1219 occasionem
2771 1163 2841 1218 ad
2870 1161 3246 1217 theatralium
3275 1160 3639 1233 voluptatum
3664 1178 3769 1217 cu-

2111 1252 2373 1325 pidinem
2404 1251 2714 1319 delabare;
2748 1252 2849 1307 sed
2895 1268 3119 1307 memor
3157 1251 3543 1323 psalmorum,
3575 1252 3633 1307 in
3665 1251 3769 1306 Ec-

2112 1341 2291 1397 clesia
2320 1357 2575 1396 remane.
2606 1340 2843 1397 Cithara
2871 1340 3052 1412 igitur
3081 1342 3354 1395 manibus
3384 1344 3624 1410 accepta
3656 1345 3771 1396 Da-

2111 1430 2230 1497 vid,
2266 1429 2519 1501 psallens
2551 1430 2686 1495 Deo,
2720 1429 3128 1501 praafocantem
3168 1430 3491 1484 daemonem
3525 1428 3770 1500 propul-

2113 1519 2302 1575 sabat.
2335 1518 2379 1573 Ο
2425 1534 2702 1591 magnam
2752 1517 3116 1590 psalmorum
3164 1516 3480 1573 virtutem!
3516 1516 3770 1589 Spiritus

2110 1607 2207 1663 ille
2234 1608 2581 1663 immundus
2612 1608 2713 1679 qui
2759 1607 3109 1679 prmfocabat
3146 1606 3353 1675 alium,
3401 1605 3680 1662 invisibili
3714 1609 3772 1661 et

2110 1696 2237 1768 ipse
2272 1697 2442 1752 modo
2475 1696 2915 1767 praefocabatur,
2949 1700 3006 1752 et
3049 1695 3376 1767 respirabat
3406 1694 3583 1751 Saul:
3618 1694 3767 1749 invi-

2112 1786 2209 1841 dia
2236 1790 2434 1841 tamen
2466 1785 2563 1841 ille
2592 1785 2879 1857 ﬂagrabat
2906 1786 2964 1840 in
3004 1785 3297 1855 Davidem,
3326 1785 3435 1840 hac
3466 1786 3537 1841 de
3567 1801 3766 1840 causa.

2111 1874 2403 1948 Allaphyli
2465 1873 2776 1945 aliquando
2830 1875 3165 1931 invaserant
3210 1878 3441 1946 gentem
3495 1874 3768 1929 Hebraeo-

2109 1982 2280 2027 rum;
2314 1970 2438 2021 tum
2473 1964 2701 2021 Goliath
2734 1965 2974 2037 quidam
3008 1964 3255 2019 immani
3286 1967 3535 2034 statura,
3569 1964 3764 2020 animo

2108 2054 2318 2124 feroce,
2352 2054 2480 2110 visu
2511 2053 2813 2122 terribilis,
2844 2071 2944 2124 per
2981 2053 3370 2126 quadraginta
3411 2054 3536 2109 dies
3568 2053 3768 2110 Israeli

2108 2144 2521 2215 exprobrabat,
2552 2147 2609 2198 et
2636 2144 2708 2198 ad
2740 2142 3037 2215 singulare
3069 2148 3360 2199 certamen
3394 2142 3763 2214 provocabat,

2104 2232 2437 2306 praagrandi
2480 2233 2717 2304 quidem
2778 2236 3014 2304 opertus
3066 2231 3285 2305 clypeo,
3327 2231 3559 2287 hastam
3590 2231 3763 2287 attol-

2104 2322 2254 2389 lens,
2287 2322 2730 2394 horrendasque
2756 2338 2963 2394 gerens
2994 2338 3230 2377 ocreas:
3264 2338 3439 2393 quem
3473 2321 3573 2393 qui
3605 2320 3760 2377 vide-

2104 2416 2235 2467 rent
2263 2410 2586 2482 fugiebant,
2611 2410 2869 2482 Saulque
2890 2411 3329 2467 reformidabat.
3360 2410 3533 2466 Venit
3555 2411 3763 2466 fratres

2101 2500 2403 2557 invisurus
2434 2500 2635 2571 David,
2667 2506 2843 2573 atque
2876 2517 3089 2557 manus
3120 2500 3370 2557 conserit
3400 2501 3595 2555 nudus
3626 2516 3760 2555 cum

2102 2594 2348 2657 armato,
2381 2607 2591 2663 pugnae
2634 2590 2947 2663 imperitus
2978 2606 3111 2645 cum
3156 2588 3535 2662 peritissimo,
3569 2586 3760 2644 adole-

2102 2693 2273 2733 scene
2302 2694 2437 2733 cum
2468 2678 2611 2736 viro.
2645 2677 3051 2750 Omnibusque
3098 2683 3319 2734 terrore
3355 2676 3663 2749 perculsis,
3695 2692 3762 2731 ac

2101 2766 2337 2821 nemine
2362 2768 2614 2823 audente
2643 2768 2896 2839 prodire,
2930 2768 3105 2823 David
3130 2784 3389 2840 pugnam
3421 2766 3672 2838 suscipit
3692 2766 3757 2821 ‘0.

2100 2855 2335 2909 Etcum
2368 2871 2481 2909 non
2532 2855 2753 2911 inscius
2800 2860 2975 2923 esset,
3028 2857 3351 2927 psallebat:
3410 2855 3635 2912 Domini
3668 2858 3760 2911 est

2099 2941 2322 2998 bellum
2350 2961 2361 2998 :
2388 2947 2465 3010 et,
2498 2966 2525 2994 «
2547 2942 2743 2999 Fallax
2762 2958 2950 3015 equus
2983 2945 3054 2999 ad
3074 2944 3416 3013 salutem,in
3450 2944 3756 2999 abundan-

2101 3032 2180 3087 tia
2192 3036 2386 3088 autem
2406 3032 2632 3089 virtutis
2646 3050 2763 3089 suae
2778 3050 2892 3087 non
2905 3032 3278 3088 salvabitur“
3290 3074 3302 3088 .
3341 3055 3368 3081 η
3383 3032 3547 3088 Soieb
3557 3037 3616 3087 at
3628 3049 3755 3104 quae

2099 3121 2399 3192 psalleret,
2433 3122 2757 3177 maximum
2783 3122 3017 3177 tenebat
3038 3121 3243 3189 telum,
3268 3137 3478 3192 nempe
3501 3122 3764 3189 ﬁdem,et

2103 3212 2197 3267 5|
2236 3210 2463 3282 galeam
2524 3211 2637 3266 sibi
2690 3210 2901 3266 salutis
2958 3211 3352 3283 imposuerat:
3413 3212 3763 3281 arreptaque

2102 3299 2267 3371 virga
2322 3305 2377 3356 et
2438 3301 2638 3368 funda,
2680 3300 3082 3355 circumvolvit
3132 3298 3409 3371 lapidem,
3472 3299 3767 3371 percussit

2101 3389 2525 3455 adversarium,
2576 3389 2889 3460 subitoque
2938 3388 3265 3460 prostravit.
3308 3388 3498 3443 Verba
3529 3404 3759 3460 percur-

2100 3477 2328 3535 rimus:
2363 3478 2420 3534 id
2472 3480 2689 3552 quippe
2720 3495 2834 3534 non
2876 3478 3005 3549 jam
3037 3477 3207 3534 nobis
3256 3478 3623 3550 propositum
3649 3482 3758 3533 est.

2100 3566 2436 3622 Prostratus
2466 3571 2556 3622 est
2584 3566 2862 3622 immanis
2901 3566 2999 3623 ille
3026 3565 3254 3621 Goliath
3286 3584 3321 3621 a
3363 3565 3625 3638 parvulo,
3660 3582 3759 3638 pe-

2100 3662 2251 3719 ritus
2276 3664 2348 3719 ab
2395 3664 2663 3735 imperito
2715 3667 2769 3719 et
2819 3663 3191 3735 simpliciore.
3246 3666 3615 3736 Sumensque
3648 3665 3761 3720 Da-

2099 3753 2195 3807 vid
2229 3752 2390 3808 illius
2416 3752 2703 3824 gladium,
2736 3757 2913 3825 caput
2952 3752 3063 3824 ipsi
3097 3753 3377 3825 praecidit.
3411 3753 3600 3825 Caput
3626 3769 3761 3809 vero

2101 3842 2469 3913 deportatum
2504 3847 2595 3897 est
2614 3842 3100 3913 Hierosolymam,
3125 3841 3475 3913 gladiusque
3495 3843 3624 3913 ejus
3646 3858 3764 3897 ser-

2098 3931 2347 3986 vabatur
2394 3931 2545 4002 apud
2595 3930 3037 3986 Abimelechum
3087 3931 3468 3987 sacerdotem.
3507 3930 3658 3985 Tum
3690 3930 3760 3985 li-

2098 4021 2335 4077 beratus
2383 4021 2637 4093 populus
2666 4026 2757 4079 est
2805 4021 2877 4077 ab
2928 4020 3278 4077 adversario.
3330 4021 3589 4093 Egressze
3619 4025 3761 4077 sunt

2099 4111 2159 4165 in
2192 4126 2507 4166 occursum
2565 4111 2695 4181 ejus
2742 4110 2972 4166 feminae
3029 4110 3272 4166 choreas
3317 4112 3593 4183 agentes:
3627 4108 3760 4166 laeta

2100 4199 2318 4272 quippe
2366 4199 2685 4253 admodum
2736 4215 2829 4254 res
2877 4198 2981 4254 illa
3009 4203 3156 4267 erat,
3210 4198 3514 4271 depositus
3543 4203 3758 4263 metus,

2100 4293 2430 4361 prostratus
2489 4288 2695 4355 hostis,
2756 4288 3010 4361 populus
3069 4290 3309 4346 ﬂorente
3372 4288 3533 4345 vultu
3592 4293 3755 4358 erat;

2098 4377 2236 4433 hinc
2268 4379 2510 4446 choreis,
2562 4383 2863 4451 tympana,
2897 4377 3207 4434 harmonia
3254 4382 3311 4435 et
3356 4378 3624 4435 omnium
3654 4377 3758 4434 lm-

2096 4472 2194 4525 tus
2225 4469 2482 4526 animus.
2516 4469 2692 4525 Porro
2723 4468 2965 4525 choreas
3015 4473 3254 4541 agentes
3284 4469 3416 4537 illae,
3444 4469 3753 4542 canebant,

2097 4576 2214 4615 non
2246 4559 2447 4616 habita
2476 4559 2784 4632 dignitatis
2814 4558 3060 4625 ratione,
3083 4558 3183 4614 sed
3210 4563 3510 4630 gestarum
3534 4576 3753 4631 rerum,

330 4639 495 4694 πόσαι
531 4637 807 4714 μυριάδες.
852 4638 1107 4694 Δύνανται
1140 4636 1197 4695 δὲ
1251 4641 1339 4695 καὶ
1402 4639 1661 4716 μυριάδες
1714 4643 1988 4714 ἀναλυθῆ-

2103 4648 2525 4720 dicebantque:
2561 4669 2591 4699 «
2617 4647 2908 4704 Percussit
2928 4646 3104 4702 David
3127 4646 3186 4702 in
3218 4647 3583 4717 myriadibus
3606 4649 3755 4716 suis,

330 4750 417 4784 ναι
450 4727 525 4791 εἴς
558 4726 840 4805 χιλιάδας,
871 4729 961 4783 καὶ
1009 4727 1262 4804 χιλιάδες
1318 4730 1857 4801 πολυπλασιασθῆναι
1917 4732 1990 4796 εἷς

340 4815 628 4895 μυριάδας.
676 4818 737 4875 Ὀ
784 4817 989 4885 Σαοὺλ,
1024 4817 1276 4890 ἀκούσας,
1311 4818 1527 4897 ἐπλήγη
1576 4821 1675 4889 τὴν
1728 4818 1983 4880 διάνοιαν.

332 4908 399 4961 Ὠ
432 4906 681 4981 μεγάλης
732 4906 945 4969 ἀνοίαςί
979 4906 1090 4961 Οὐκ
1114 4902 1219 4961 ἔδει
1264 4907 1359 4962 κᾶν
1406 4910 1467 4962 τὸ
1516 4910 1685 4982 παρὸν
1735 4908 1989 4981 αἰδεσθῆ-

326 5013 454 5065 ναι;
486 4995 546 5050 Τί
582 4994 887 5072 βασκαίνεις
920 4995 1191 5071 ἀνθρώπῳ
1220 5000 1439 5071 νικητῇ,
1483 4996 1535 5052 ἔν
1593 5003 1691 5071 μιᾷ
1738 4997 1855 5075 ὥρᾳ
1903 5000 1987 5054 εὐ-

327 5084 690 5163 φημουμένῳ,
746 5086 774 5141 6
832 5082 919 5141 ἐπὶ
974 5086 1375 5161 τεσσαράκοντα
1421 5086 1631 5164 ἡμέρας
1677 5089 1988 5164 κρυπτόμε-

325 5194 456 5247 νος;
491 5178 616 5232 Τῶν
651 5173 863 5251 ἐχθρῶν
897 5174 1238 5250 ἐλυτρώθης,
1268 5176 1322 5232 τί
1356 5177 1664 5253 βασκαίνεις
1715 5179 1985 5254 ἀνθρώπῳ

328 5263 723 5339 έπαινουμένῳ,
774 5262 906 5340 ἔργα
951 5265 1071 5335 ἄξια
1120 5263 1353 5321 έπαίνων
1384 5266 1771 5343 έργασαμένῳ;
1805 5266 1986 5323 Ἀλλὰ

326 5355 461 5431 πρὸς
494 5354 680 5409 ἑαυτὸν
713 5352 915 5429 ἔλεγεν.
951 5351 1195 5409 Ἐδωκαν
1227 5359 1304 5427 τῷ
1334 5351 1498 5410 Δαϐἰδ
1548 5358 1643 5418 τάς
1697 5353 1983 5433 μυριάδας,

323 5443 412 5499 καὶ
471 5443 595 5518 ἐμοὶ
651 5445 747 5507 τὰς
804 5440 1080 5519 χιλιάδας.
1142 5443 1244 5501 Καὶ
1296 5445 1364 5515 ἦν
1400 5440 1852 5522 ὑποϐλεπόμενος
1880 5446 1971 5501 τὸν

325 5527 515 5591 Δαϐὶδ.

2100 4741 2159 4793 et
2187 4736 2326 4792 Saul
2356 4737 2413 4792 in
2448 4735 2713 4793 millibus
2762 4736 2908 4793 suis.
2943 4758 2971 4786 ››
3023 4735 3239 4792 Victori
3272 4738 3449 4792 etiam
3508 4737 3754 4809 (Davidi)

2101 4825 2283 4882 millia
2311 4827 2560 4882 dedere:
2595 4842 2783 4898 neque
2833 4826 3030 4881 dixere
3060 4828 3204 4897 quot
3247 4826 3455 4893 millia,
3495 4828 3581 4882 vel
3615 4830 3757 4898 quot

2100 4915 2417 4987 myriades.
2451 4916 2701 4971 Possunt
2749 4920 2903 4971 certe
2956 4914 3249 4987 myriades
3296 4915 3506 4973 resolvi
3543 4916 3600 4970 in
3632 4915 3751 4971 chi-

2096 5003 2305 5071 liades,
2333 5009 2388 5059 et
2432 5003 2715 5059 chiliades
2764 5002 3139 5075 multiplicari
3191 5005 3251 5060 in
3305 5004 3616 5073 myriades.
3657 5005 3755 5059 His

2098 5093 2236 5148 Saul
2271 5092 2488 5149 auditis
2519 5094 2717 5148 animo
2750 5092 3052 5165 perculsus
3081 5098 3190 5148 est.
3223 5094 3267 5148 Ο
3300 5108 3573 5164 magnam
3607 5092 3753 5147 stul-

2096 5181 2285 5239 titiam
2312 5183 2325 5238 l
2357 5181 2559 5238 Nonne
2608 5182 2870 5254 oportuit
2900 5181 2987 5238 vel
3032 5182 3286 5253 quodam
3337 5181 3416 5236 rei
3450 5182 3753 5252 praesentis

2095 5273 2319 5344 pudore
2374 5270 2607 5328 teneri?
2663 5271 2813 5335 Quid
2871 5270 3095 5326 invides
3151 5270 3375 5339 victori,
3434 5285 3549 5324 una
3615 5271 3756 5326 hora

2095 5361 2304 5417 faustis
2334 5361 2573 5416 vocibus
2618 5360 2928 5431 celebrato,
2961 5359 3059 5430 qui
3106 5359 3177 5413 ad
3210 5357 3600 5429 quadraginta
3630 5359 3753 5415 dies

2090 5448 2369 5505 latuisti?
2409 5450 2496 5506 Ab
2544 5449 2816 5504 hostibus
2866 5451 3125 5518 ereptus,
3172 5446 3312 5517 quid
3363 5445 3601 5502 laudato
3630 5448 3753 5503 viro

2091 5538 2341 5607 invides,
2372 5538 2473 5610 qui
2525 5536 2797 5593 laudibus
2844 5536 3025 5608 digna
3065 5534 3251 5592 edidit
3300 5533 3609 5591 facinora?
3638 5536 3751 5593 Sed

399 5733 1018 5809 ωιιιθε.χνιι,ι.ει.
1094 5734 1653 5809 “Plal.xxxn,17.
1728 5736 2007 5811 "IReg.
2035 5735 2195 5811 mh,
2222 5735 2282 5796 7.
