4136 6420
303 401 420 462 159

1488 403 1553 465 S.
1600 402 2132 466 ATHANASIUS.
2158 435 2240 451 —
2265 402 2534 468 DUBIA.

3600 407 3720 469 160

300 533 458 603 apud
488 547 615 589 sese
675 533 945 591 dicebat:
1008 535 1302 591 Dederunt
1329 533 1531 591 Davidi
1588 536 1906 608 myriadas;
1961 535 2108 592 mihi
2149 535 2454 594 cbiliadas.
2509 539 2701 612 Atque
2751 538 2882 595 ideo
2939 538 3188 595 infensis
3218 539 3404 596 oculis
3435 537 3713 595 Davidem

302 619 660 678 intuebatur.

375 715 459 768 12.
490 712 655 777 Vide,
690 730 907 786 quaeso,
942 731 1136 771 annon
1187 718 1535 788 pronepotes
1574 715 1704 787 ejus
1734 714 1946 771 fuerint

2138 716 2222 770 12.
2257 710 2436 770 Βλέπε
2467 714 2514 769 εἰ
2547 716 2624 788 μὴ
2658 713 2919 791 ἀπόγονοι
2975 716 3142 771 αὐτοῦ
3199 715 3360 787 ἦσαν,
3419 715 3499 778 οἷς
3547 716 3715 789 σήμε-

299 799 360 868 ἱί,
393 803 548 872 apud
581 819 730 874 quos
762 803 933 859 hodie
954 804 1218 860 Salvator
1245 807 1542 861 dexteram
1578 822 1816 860 manum
1839 805 1954 858 ari-

295 890 430 944 dam
466 892 708 946 sanavit.
749 893 1099 964 Egressique
1119 893 1203 948 illi
1233 893 1668 958 consultarunt,
1691 910 1805 947 non
1839 909 1956 963 qua

293 978 520 1035 ratione
550 979 667 1036 Deo
699 979 946 1053 gloriam
969 981 1314 1054 tribuerent,
1344 983 1444 1039 sed
1476 999 1592 1055 qua
1623 983 1768 1038 bene
1799 983 1870 1036 de
1893 999 1955 1040 se

296 1069 507 1124 merito
548 1069 794 1126 insidias
824 1076 1118 1142 pararent.
1164 1073 1258 1128 Ait
1307 1073 1524 1144 quippe
1553 1073 1953 1147 Evangelium,

294 1155 458 1228 ipsos
503 1159 741 1230 quidem
796 1161 1052 1216 amentia
1100 1160 1322 1233 plenos,
1371 1167 1766 1234 exeuntesque
1805 1163 1954 1220 deli-

300 1247 535 1303 berasse
584 1249 722 1319 quid
782 1250 918 1305 Jesu
977 1250 1232 1306 facerent
1255 1251 1321 1306 ‘3.
1381 1252 1733 1324 Pronepotes
1789 1269 1954 1325 pere-

299 1335 538 1408 cutoris,
573 1341 920 1410 pronepotes
969 1338 1171 1396 furiosi
1219 1338 1402 1410 illius,
1451 1347 1794 1414 pronepotes
1823 1343 1953 1414 ejus

297 1423 395 1497 qui
425 1425 572 1482 bene
605 1427 675 1483 de
703 1445 765 1484 se
797 1429 1021 1485 meritis
1065 1429 1472 1488 insidiabatur.
1510 1432 1744 1488 Infenso
1775 1432 1954 1505 igitur

294 1530 494 1570 ammo
527 1517 799 1572 Davidem
835 1517 973 1573 Saul
1007 1519 1363 1591 intuebatur,
1393 1537 1582 1594 neque
1612 1522 1787 1578 rectis
1815 1539 1952 1579 eum

290 1602 614 1673 aspiciebat
670 1606 877 1662 oculis.
933 1607 1101 1663 Tales
1145 1610 1302 1663 enim
1359 1615 1496 1665 sunt
1541 1611 1745 1680 invidi,
1805 1613 1953 1668 tales

292 1690 632 1765 hypocrita.
714 1696 1103 1761 Quamobrem
1188 1698 1294 1754 tibi
1381 1699 1521 1755 dicit
1599 1699 1950 1772 Scriptura;

303 1804 324 1831 ι
362 1781 528 1838 Oculi
557 1784 642 1839 tui
675 1788 833 1842 recta
858 1785 1190 1842 videant“:
1219 1809 1248 1836 »
1272 1787 1418 1844 nihil
1449 1767 1777 1862 obliquum,
1805 1767 1949 1850 nihil

293 1871 585 1938 invidum,
632 1872 776 1930 nihil
826 1875 979 1947 quod
1029 1876 1358 1945 cupidinem
1407 1886 1511 1934 aut
1558 1882 1808 1938 furorem
1850 1888 1952 1940 aut

295 1962 436 2034 quid
468 1962 662 2017 simile
717 1979 832 2035 prae
886 1980 950 2019 se
1005 1965 1169 2020 ferat.
1204 1969 1412 2038 Aspice
1467 1970 1722 2026 amicum
1779 1973 1950 2030 rectis

295 2049 500 2120 oculis,
553 2051 700 2108 nihil
748 2053 1212 2126 dissimulanter,
1264 2057 1408 2112 nihil
1455 2059 1791 2117 virulenter.
1835 2062 1945 2119 Sed

292 2141 428 2197 Saul
457 2141 734 2198 Davidem
766 2143 945 2200 torvis
988 2144 1172 2202 oculis
1219 2147 1549 2218 aspiciebat.
1602 2150 1744 2207 Vide
1775 2151 1944 2226 mihi,

293 2247 512 2302 quasso,
573 2230 900 2288 insidias“.
934 2234 1078 2290 Eum
1127 2234 1188 2290 in
1247 2239 1430 2308 pretio
1478 2237 1676 2296 haberi
1709 2242 1944 2313 conspi.

294 2323 482 2385 catus,
516 2319 698 2376 filiam
756 2321 868 2392 ipsi
919 2323 1057 2379 dare
1108 2325 1271 2397 cupit
1300 2343 1559 2384 uxorem.
1607 2333 1654 2384 Ο
1698 2331 1944 2387 tentatio

294 2408 523 2465 invidia:
553 2409 566 2465 l
602 2409 918 2466 Insidiatur
947 2412 998 2468 ei
1028 2429 1204 2485 quem
1235 2430 1515 2488 generum
1555 2418 1804 2492 accipit:
1840 2436 1945 2476 nec

297 2499 484 2571 parcit
511 2498 666 2569 ﬁlias,
712 2505 777 2557 ut
832 2500 1116 2560 honorato
1164 2503 1284 2561 viro
1334 2510 1523 2564 struat
1578 2509 1845 2568 insidias.
1881 2511 1944 2567 In

295 2589 492 2644 dotem
531 2605 664 2645 vero
709 2590 965 2661 postulat
1009 2597 1245 2649 centum
1293 2597 1577 2669 praeputia
1623 2598 1946 2673 a110pbylo-

293 2693 446 2732 rum.
480 2677 845 2750 Opinabatur
889 2681 1046 2736 enim
1097 2682 1146 2738 si
1193 2683 1389 2755 ipsum
1437 2685 1496 2741 in
1543 2703 1801 2760 pugnam
1833 2689 1945 2744 im-

295 2765 574 2836 mitteret,
599 2771 835 2823 centum
871 2786 1005 2825 cum
1029 2788 1145 2827 uno
1165 2788 1532 2846 congressos,
1559 2793 1740 2832 unum
1772 2778 1947 2834 inter-

291 2854 570 2925 fecturos,
627 2861 805 2930 atque
860 2860 944 2916 sic
1000 2877 1128 2918 sese
1185 2863 1350 2919 rivali
1406 2867 1741 2937 expeditum
1803 2868 1940 2925 fore.

289 2944 686 3002 Commissum
719 2947 978 3018 praelium
1028 2955 1154 3018 est;
1187 2953 1288 3008 sed
1338 2953 1616 3012 inimicus
1648 2961 1712 3012 ut
1739 2957 1942 3012 inimi-

289 3051 411 3105 cus,
447 3039 596 3090 Deus
623 3053 756 3093 vero
783 3042 845 3092 ut
882 3040 1052 3096 Deus.
1089 3041 1216 3096 Exit
1261 3043 1460 3108 David,
1496 3046 1777 3118 solusque
1806 3063 1940 3104 cen-

290 3127 418 3180 tum
466 3124 761 3183 interficit.
821 3127 1038 3184 Verum
1095 3131 1232 3186 Saul
1285 3133 1756 3192 animadvertens
1813 3151 1942 3193 esse

289 3219 473 3270 Deum
504 3216 692 3272 amico
722 3234 831 3274 suo
878 3218 1016 3275 belli
1055 3220 1302 3290 socium,
1355 3240 1427 3280 ne
1456 3223 1537 3280 ita
1567 3225 1804 3297 quidem
1835 3245 1942 3299 pu-

289 3305 429 3361 dore
459 3306 700 3363 aﬂ'ectus
730 3312 856 3364 est:
908 3309 1246 3383 mansitque
1294 3313 1350 3368 in
1384 3314 1660 3385 parandis
1711 3317 1943 3374 insidiis

289 3393 576 3468 pertinax,
611 3399 789 3467 atque
816 3395 876 3450 id
908 3412 1024 3451 non
1065 3402 1267 3455 contra
1307 3399 1635 3468 inimicum,
1669 3403 1770 3458 sed
1804 3420 1941 3460 con-

2065 822 2157 877 pov
2189 803 2218 856 6
2250 804 2445 878 Σωτὴρ
2478 804 2794 879 ἐθεράπευσε
2815 805 2914 873 τὴν
2949 801 3122 874 δεξιὰν
3161 809 3323 881 χεῖρα
3368 805 3466 873 τὴν
3523 802 3712 878 ξηράν.

2065 888 2161 945 Καὶ
2214 890 2515 961 ἐξελθόντες
2573 893 2784 961 ἐκεῖνοι,
2836 892 2945 969 οὐχ
2993 891 3086 948 *ίνα
3125 891 3387 966 δοξάσωσι
3416 891 3509 948 τὸν
3560 893 3715 961 Θεὸν,

2065 979 2407 1050 ἐσκέπτοντο,
2468 979 2614 1037 ἀλλὰ
2666 986 2785 1045 πῶς
2841 977 3272 1038 ἐπιϐουλεύσωσι
3329 986 3408 1053 τῷ
3438 980 3711 1058 εὐεργέτῃ.

2063 1070 2218 1146 Λέγει
2248 1070 2348 1146 γὰρ
2378 1071 2442 1126 τὸ
2473 1069 2830 1147 Εὐαγγέλιον,
2863 1068 2947 1126 ὅτι
3002 1069 3156 1126 αὐτοὶ
3219 1072 3313 1144 μὲν
3364 1068 3712 1142 ἐπλήσθησαν

2065 1158 2267 1225 ἀνοίας,
2298 1159 2388 1214 καὶ
2421 1157 2745 1233 ἐξελθόντες,
2778 1158 3170 1236 διελογίζοντο,
3202 1159 3256 1215 τί
3288 1161 3346 1215 ἅν
3387 1161 3710 1232 ποιήσωμεν

2061 1248 2141 1319 τῷ
2198 1249 2417 1317 ’[ησοῦ;
2477 1247 2768 1324 ’Δπόγονοι
2826 1253 2924 1304 τοῦ
2981 1246 3301 1316 διώκοντος,
3333 1250 3422 1303 καὶ
3452 1247 3713 1323 ἀπόγονοι

2061 1339 2158 1391 τοῦ
2191 1334 2520 1410 μανιώδους,
2550 1319 2641 1393 καί
2670 1319 2934 1413 ἀπόγονοι
2983 1341 3080 1392 τοῦ
3111 1319 3711 1398 ἐπιϐουλεύοντος-τοῖς

2063 1424 2384 1502 εὐεργέταις.
2443 1422 2802 1482 Ύπεϐλέπετο
2858 1424 3035 1481 τοίνυν
3098 1427 3126 1480 6
3188 1424 3368 1481 Σαοὺλ
3395 1425 3485 1480 τὸν
3520 1419 3710 1494 Δαόὶδ,

2060 1515 2150 1570 καὶ
2181 1515 2281 1571 οὐκ
2309 1513 2386 1571 ἔτι
2417 1510 2644 1572 ἔϐλεπεν
2676 1516 2834 1572 αὐτὸν
2881 1516 3066 1592 ὀρθοῖς
3099 1512 3430 1587 ὀφθαλμοῖς.
3460 1518 3712 1570 Τοιοῦτοι

2060 1606 2160 1682 γάρ
2192 1605 2243 1660 οἱ
2277 1606 2550 1680 βάσκανοι,
2573 1605 2663 1660 καὶ
2691 1610 2932 1660 τοιοῦτοι
2965 1605 3016 1658 οἱ
3049 1602 3352 1678 ὑποκριταί.
3405 1604 3504 1657 Διὰ
3547 1606 3710 1657 τοῦτο

2061 1696 2096 1764 ἡ
2132 1696 2314 1773 Γραφή
2349 1715 2433 1749 σοι
2465 1693 2629 1771 λέγει.
2663 1718 2692 1745 ‹‹
2732 1694 2800 1752 Οἱ
2831 1693 3108 1772 ὀφθαλμοί
3138 1713 3233 1748 σου
3263 1692 3399 1769 ὀρθὰ
3430 1690 3709 1768 βλεπέτω-

2062 1804 2178 1852 σαν,
2241 1807 2269 1836 ››
2321 1782 2490 1856 μηδὲν
2549 1783 2808 1860 πλάγιον,
2865 1781 3008 1857 μηδὲ
3061 1783 3341 1858 βάσκανον,
3372 1781 3407 1850 ἢ
3441 1779 3642 1857 ἔρωτος
3671 1780 3708 1850 ἢ

2063 1871 2279 1945 μανίας,
2306 1873 2342 1942 ἢ
2372 1893 2424 1928 τι
2453 1874 2568 1946 (33)
2594 1877 2844 1929 τοιοῦτον
2879 1872 3159 1948 έχόμενοι.
3191 1869 3368 1928 Βλέπε
3413 1871 3503 1926 τὸν
3551 1869 3710 1948 φίλον

2059 1960 2256 2037 ὀρθῶς,
2293 1959 2462 2034 μηδὲν
2509 1962 2906 2037 κεκρυμμένον,
2960 1958 3130 2035 μηδὶν
3189 1955 3432 2017 ἰοϐόλον.
3492 1957 3710 2016 Ἀλλ’ὁ

2061 2049 2242 2106 Σαοὺλ
2273 2046 2608 2107 ὁπεϐλέπετο
2636 2052 2728 2107 τὸν
2762 2046 2948 2108 Δαϐίδ.
2983 2050 3084 2107 Καὶ
3137 2049 3308 2126 βλέπε
3352 2050 3708 2118 κατασκευήν·

2055 2137 2184 2196 ἰδὼν
2216 2139 2376 2196 αὐτὸν
2403 2142 2740 2215 τιμώμενον,
2779 2138 3034 2217 βούλεται
3066 2138 3212 2213 αὐτῷ
3243 2136 3428 2194 δοῦναι
3466 2139 3566 2209 τὴν
3611 2139 3706 2194 θυ-

2050 2229 2248 2307 γατέρα
2295 2225 2678 2307 έπιγαμϐρίαν.
2747 2231 2812 2286 Ὢ
2866 2229 3111 2305 πείρασις
3167 2227 3492 2306 βασκανίαςί
3545 2233 3704 2284 Ἐπι-

2053 2315 2325 2393 6ουλεύει,
2372 2321 2461 2376 καὶ
2506 2319 2738 2398 νυμφίον
2779 2319 2939 2375 αὐτὸν
2989 2315 3278 2392 λαμϐάνει⁸
3310 2318 3402 2374 καὶ
3433 2317 3497 2374 οὐ
3526 2315 3706 2396 φείδε-

2050 2431 2140 2465 ται
2187 2409 2474 2486 θυγατρὸς,
2517 2408 2611 2464 ἵνα
2658 2413 2740 2482 τῷ
2788 2407 3139 2482 τετιμημένῳ
3190 2403 3573 2479 έπιϐουλεύσῃ.
3606 2405 3706 2461 Καὶ

2054 2497 2287 2564 ἔπαθλον
2351 2498 2606 2576 βούλεται
2669 2498 2857 2555 ἑκατὸν
2933 2492 3291 2574 ἀκροϐυστίας
3347 2493 3708 2574 ἀλλοφύλων.

2052 2589 2364 2646 Ὑπώπτευε
2417 2592 2544 2666 γὰρ,
2603 2588 2708 2661 ὅτι,
2761 2588 2849 2646 ἐὰν
2890 2588 2968 2652 εἷς
2999 2585 3246 2662 πόλεμον
3277 2586 3436 2644 αὐτὸν
3469 2580 3710 2659 έμϐάλῃ,

2053 2679 2106 2734 οἳ
2163 2679 2372 2752 έκατὸν,
2429 2679 2838 2753 συμπλακέντες
2890 2683 2973 2752 τῷ
3043 2677 3143 2748 ἐνὶ,
3203 2676 3561 2732 ἀποκτενοῦσι
3615 2675 3708 2729 τὸν

2051 2765 2164 2823 ἕνα⁸
2195 2768 2284 2823 καὶ
2335 2767 2508 2831 οὕτως
2535 2767 2903 2844 ἀπαλλαγείη.
2939 2765 3041 2824 Καὶ
3072 2767 3308 2842 γέγονεν·
3361 2763 3488 2820 ἀλλ’
3536 2763 3564 2816 6
3613 2762 3710 2833 μὶν

2053 2856 2253 2934 ἐχθρὸς
2299 2858 2376 2921 ὡς
2423 2857 2645 2935 ἐχθρὸς,
2697 2859 2724 2913 6
2774 2855 2832 2912 δὲ
2863 2857 2992 2918 Θεὸς
3023 2856 3097 2916 ὡς
3129 2853 3278 2914 Θεός.
3311 2853 3642 2925 ’Δπέρχεται
3676 2849 3706 2902 6

2051 2943 2239 3020 Δαϐὶδ,
2270 2947 2361 3003 καὶ
2387 2952 2508 3019 νικᾷ
2541 2947 2704 3020 μόνος
2735 2944 2947 3002 ἑκατόν.
2980 2944 3038 2997 Ὁ
3069 2940 3127 2998 δὶ
3168 2937 3351 2996 Σαοὺλ
3394 2937 3531 2994 ’ἰδὼν
3583 2936 3712 2994 Θεὸν

2050 3037 2347 3113 σύμμαχον
2376 3040 2475 3092 τοῦ
2507 3036 2732 3111 ἐχθροῦ,
2765 3031 2896 3088 οὐδὲ
2925 3030 3102 3094 οὕτως
3144 3027 3498 3100 έδυσωπήθη·
3563 3025 3708 3100 μᾶλ-

2050 3128 2146 3184 λον
2198 3124 2256 3182 δὲ
2304 3125 2366 3180 οὗ
2413 3128 2511 3180 τοῦ
2555 3122 2779 3199 ἐχθροῦ,
2813 3118 2959 3177 ἀλλὰ
2987 3123 3085 3176 τοῦ
3115 3116 3396 3195 εὐεργέτου
3428 3115 3706 3188 έπέμεινεν

2053 3215 2106 3272 έν
2135 3219 2205 3290 τῇ
2240 3212 2440 3292 βουλῇ.
2471 3213 2572 3268 Καὶ
2599 3216 2680 3285 τῷ
2711 3211 2814 3283 υἱῷ
2849 3210 3102 3268 Ἰωνάθαν
3141 3208 3455 3285 ἠγανάκτει,
3506 3204 3596 3260 διὰ
3644 3202 3707 3259 τὸ

2052 3302 2199 3381 ἔχειν
2233 3302 2368 3383 φίλα
2396 3303 2532 3381 πρὸς
2559 3302 2651 3358 τὸν
2685 3295 2874 3372 Δαϐὶδ,
2912 3298 3004 3355 καὶ
3053 3296 3378 3373 ἐπεχείρησε
3423 3296 3514 3383 τόν
3566 3292 3704 3350 ἴδιον

2052 3378 2168 3450 υἶδν
2227 3378 2449 3448 ἀνεΛεῖνν
2495 3394 2564 3466 τῇ
2626 3389 2886 3465 βασκανίᾳ
2935 3393 3038 3457 τῆς
3097 3383 3338 3446 διανοίας
3393 3378 3708 3440 ἀϐλεπτῶν.

287 3458 380 3540 tra
409 3458 600 3540 virum
659 3458 730 3541 de
780 3501 844 3542 se
873 3485 1020 3542 bene
1078 3488 1373 3544 meritum.
1405 3458 1789 3564 Jonathaaque
1815 3458 1941 3550 filio

2057 3480 2208 3541 Ἰδὼν
2270 3479 2330 3537 δὲ
2377 3458 2562 3536 ἑαυτὸν
2607 3458 3100 3564 ἐπιϐουλευόμενον
3150 3475 3179 3529 6
3228 3469 3420 3564 satis,
3450 3467 3710 3564 κρῦϐεται

287 3572 672 3646 irascebatur,
705 3575 860 3647 quod
916 3581 1072 3633 esset
1119 3576 1170 3633 ei
1217 3594 1347 3633 cum
1397 3579 1611 3636 Davide
1641 3582 1936 3639 amicitia:

287 3679 469 3733 eoque
498 3664 773 3720 caecitatis
821 3681 889 3720 ex
941 3665 1160 3722 invidia
1206 3668 1493 3724 deductus
1551 3675 1659 3741 est,
1701 3675 1766 3727 ut
1810 3687 1942 3744 pro-

288 3752 481 3825 prium
511 3753 698 3808 ﬁlium
731 3752 1053 3810 interﬁcere
1075 3759 1342 3812 tentaret.
1369 3757 1550 3813 David
1579 3764 1774 3814 autem
1806 3777 1942 3816 cum

285 3857 414 3899 sese
442 3841 658 3899 videret
687 3843 921 3900 insidiis
949 3845 1168 3916 appeti,
1200 3845 1272 3901 ad
1302 3846 1537 3902 tertiam
1568 3863 1631 3903 se
1659 3847 1812 3904 diem
1845 3865 1940 3906 oc-

288 3930 499 3988 cultat:
535 3949 670 3988 nam
703 3932 880 3988 David
915 3949 1145 4006 quoque
1186 3935 1420 3992 tertiam
1453 3943 1619 3992 norat
1657 3937 1851 3994 diem:
1885 3943 1944 3996 et

289 4021 431 4079 inito
461 4037 597 4079 cum
622 4023 880 4079 Jonatha
906 4023 1139 4093 fcedere,
1173 4042 1301 4082 sese
1323 4025 1381 4081 in
1412 4026 1611 4098 fugam
1644 4028 1826 4086 victor
1847 4029 1940 4085 ille

291 4111 490 4168 dedit:
523 4128 639 4168 non
672 4129 786 4184 quo
817 4129 934 4170 non
963 4113 1182 4170 valeret
1220 4115 1528 4173 inimicum
1560 4115 1764 4175 ulcisci
1791 4136 1804 4188 ;
1837 4120 1938 4175 sed

2048 3570 2156 3635 ἓως
2177 3578 2280 3642 τῆς
2311 3570 2519 3647 τρίτης·
2546 3570 2636 3625 καὶ
2681 3562 2912 3645 ὁΑαϐἶδ
2948 3563 3064 3622 οῐδε
3093 3565 3192 3634 τὴν
3223 3563 3432 3640 τρίτην,
3465 3561 3555 3617 καὶ
3587 3582 3711 3617 συν-

2053 3662 2220 3732 θήκας
2252 3664 2491 3715 ποιεῖται
2519 3657 2656 3734 πρὸς
2680 3659 2773 3713 τὸν
2820 3656 3098 3726 Ἰωνάθαν,
3147 3652 3238 3709 καὶ
3294 3650 3469 3713 οὕτως
3523 3649 3712 3728 φεύγει

2052 3760 2081 3815 6
2127 3760 2378 3829 νικητής·
2427 3757 2528 3813 οὐκ
2571 3756 2778 3812 ἀτονῶν
2828 3753 3131 3828 ἀμύνασθαι
3159 3752 3252 3808 τὸν
3281 3748 3504 3826 ἐχθρὸν,
3564 3747 3712 3804 ἀλλὰ

2057 3849 2133 3922 μὴ
2198 3847 2536 3925 βουλόμενος
2583 3846 2719 3901 κατᾶ
2763 3847 2862 3900 τοῦ
2910 3839 3351 3920 εὑεργετηθὲντος
3418 3837 3712 3915 ἐπαγαγεῖν

2051 3937 2224 4016 ξίφοςο
2255 3936 2346 3993 καὶ
2377 3933 2654 4013 παραδοὺς
2684 3935 2821 4008 ἅπαξ
2849 3937 2930 4006 τῷ
2961 3937 3078 4005 Θεῷ
3133 3931 3196 3986 τὸ
3253 3929 3559 4016 κριτήριον,
3607 3926 3710 4016 ,καὶ

2051 4011 2292 4106 φεῦγων,
2319 4011 2538 4104 ἔρχεται
2574 4026 2709 4100 μετὰ
2734 4028 2840 4080 τῶν
2878 4021 3104 4078 οἰκετῶν
3125 4018 3265 4096 πρὸς
3287 4019 3379 4075 τὸν
3401 4011 3711 4091 ’Δϐιμέλεχ

2047 4117 2138 4173 τὸν
2173 4115 2342 4194 ἱερέα.

292 4199 496 4257 nolens
525 4200 587 4256 in
638 4200 826 4257 virum
857 4201 951 4258 cui
1005 4203 1291 4261 beneficia
1344 4205 1708 4274 contulisset,
1765 4208 2053 4281 stringere
2107 4207 2508 4282 gladiumzao
2568 4204 2685 4263 Deo
2742 4201 2925 4260 semel
2973 4199 3352 4259 committens
3391 4196 3710 4269 judicium,

292 4289 433 4363 fuga
461 4306 524 4349 se
553 4291 780 4348 confert
807 4307 942 4348 cum
974 4293 1099 4350 suis
1128 4295 1466 4352 domesticis
1495 4297 1565 4353 ad
1600 4297 2042 4356 Abimelechum
2073 4298 2457 4356 sacerdotem.

365 4381 448 4437 13.
483 4380 614 4436 Haec
643 4384 838 4438 autem
885 4383 1084 4439 omnia
1112 4399 1486 4442 recensemus
1532 4386 1605 4442 ob
1636 4387 1944 4444 historiam

287 4470 606 4543 Evangelii,
637 4471 708 4527 ob
739 4471 979 4527 verbum
1012 4472 1154 4528 illud
1187 4473 1538 4530 Salvatoris:
1579 4477 1828 4532 «Annon
1860 4475 1943 4532 le-

287 4559 458 4632 gistis
495 4561 540 4596 ⁴⁶
577 4561 718 4632 quid
770 4561 968 4616 fecerit
1015 4563 1213 4629 David,
1273 4580 1408 4619 cum
1463 4564 1747 4620 esuriret:
1799 4580 1942 4636 quo-

288 4649 463 4705 modo
490 4651 714 4706 venerit
745 4650 842 4707 52
873 4650 932 4705 in
979 4651 1220 4708 domum
1261 4653 1384 4724 Dei,
1418 4656 1476 4708 et
1523 4669 1703 4724 panes
1734 4669 1944 4725 propo-

284 4738 518 4794 sitionis
575 4740 891 4796 comederit
913 4742 956 4776 ’δ”
992 4740 1020 4795 ?
1075 4761 1104 4791 »
1143 4740 1316 4797 Venit
1377 4743 1578 4813 itaque
1633 4741 1812 4798 David
1873 4743 1945 4799 ad

283 4827 724 4884 Abimelechum
759 4830 1120 4886 sacerdotem
1169 4847 1304 4886 cum
1335 4830 1537 4902 paucis
1584 4831 1687 4886 visa
1715 4832 1946 4887 comiti-

2127 4388 2216 4442 13.
2265 4385 2445 4440 Πάντα
2491 4379 2550 4438 δὶ
2593 4384 2760 4438 ταῦτα
2812 4377 3043 4457 λέγομεν
3097 4375 3188 4433 διὰ
3213 4377 3313 4446 τὴν
3343 4372 3584 4448 ἱστορίαν
3615 4375 3716 4428 τοῦ

2053 4471 2411 4551 Εὖαγγελίου,
2435 4470 2524 4527 διὰ
2551 4471 2614 4527 τὸ
2647 4470 2800 4547 ῥῆμα
2826 4472 2926 4525 τοῦ
2978 4473 3241 4551 Σωτῆρος
3287 4465 3352 4520 τὸ
3402 4461 3711 4539 εἰρημένον⁹

2058 4586 2088 4615 ‹‹
2146 4550 2256 4616 Οὖκ
2303 4560 2568 4638 ἀνέγνωτε
2624 4557 2655 4614 ὃ
2702 4557 2926 4627 ἐποίησε
2979 4550 3169 4624 Δαϐὶδ,
3240 4552 3331 4609 ὅτε
3413 4552 3715 4638 ἐπείνασεν,

2056 4651 2132 4714 ὡς
2189 4650 2357 4721 ἦλθεν
2411 4636 2491 4713 εἷς
2548 4649 2640 4706 τὸν
2700 4648 2850 4702 οἷκον
2908 4649 3007 4702 τοῦ
3064 4647 3222 4714 Θεοῦ,
3295 4641 3387 4697 καὶ
3443 4639 3569 4703 τοὺς
3625 4636 3718 4716 ἄρ-

2052 4761 2179 4803 τους
2231 4741 2332 4810 τῆς
2392 4737 2699 4814 προθέσεως
2757 4733 2993 4813 ἔφαγεν;
3048 4757 3078 4786 ››
3136 4734 3398 4808 Ἔρχεται
3454 4728 3634 4784 τοίνυν
3687 4728 3718 4784 6

2057 4824 2222 4886 Δαϐὶδ
2280 4828 2417 4906 πρὸς
2471 4826 2563 4883 τὸν
2623 4821 2933 4900 ’Δϐιμέλεχ
2987 4823 3080 4878 τὸν
3126 4821 3296 4898 ἱερέα,
3351 4820 3467 4893 μετ’
3505 4817 3714 4892 ὀλίγων

286 4916 418 4973 bus.
453 4917 908 4989 Obstupefactus
933 4919 1285 4987 Abimelech,
1311 4920 1529 4990 Ecquid
1563 4919 1730 4988 illud,
1764 4921 1863 4986 ait,
1885 4925 1946 4978 ut

2058 4917 2387 4995 ὁδοιπορῶν.
2422 4915 2722 4990 Ἐξεπλάγη
2756 4915 2785 4969 6
2831 4908 3154 4987 ’Δϐιμέλεχο
3204 4909 3319 4980 καὶ,
3350 4908 3412 4964 Τί
3439 4912 3602 4964 τοῦτο
3630 4907 3718 4983 γέ-

284 5005 403 5061 dux
431 5006 718 5062 exercitus
752 5007 917 5062 solus
951 5007 1060 5062 iter
1108 5008 1298 5077 faciat,
1333 5013 1391 5064 et
1420 5008 1508 5064 vir
1547 5009 1798 5082 insignis
1829 5021 1946 5067 tam

2058 5030 2208 5085 γονε,
2241 5007 2424 5088 φησὶν,
2456 5005 2541 5063 δτι
2588 5004 2751 5079 μόνος
2812 5004 2841 5058 6
2902 4999 3282 5088 στρατηλάτης
3312 4995 3510 5088 ὀδεόει,
3554 4995 3722 5088 καὶ-δ

285 5093 493 5173 exiguo
524 5096 805 5151 comitatu
859 5098 1112 5151 utatur?
1155 5097 1303 5152 Tum
1350 5098 1530 5154 David
1579 5116 1946 5170 nequaquam

2062 5083 2334 5173 έπίσημος
2385 5096 2664 5170 λιτοτέραν
2719 5097 2956 5149 ποιεῖται
3014 5092 3114 5161 τὴν
3163 5086 3516 5164 ὁδοιπορίαν;
3548 5087 3606 5140 Ὀ
3665 5083 3726 5139 δὶ

285 5169 538 5274 insidias
568 5184 682 5240 sibi
731 5189 968 5256 paratas
1013 5191 1320 5256 memorat,
1368 5188 1466 5244 sed
1502 5204 1562 5244 re
1611 5169 1814 5261 celata,
1848 5188 1946 5259 ait,

2064 5169 2241 5244 Δαϐὶδ
2263 5187 2325 5243 οὗ
2358 5185 2505 5262 λέγει
2535 5169 2635 5254 τὴν
2665 5178 3168 5278 ἐπιξρυλήν,.ἀλλὰ
3191 5176 3724 5278 σιωπᾷητδιπρᾶγμα

280 5262 521 5333 jussum
574 5275 770 5348 pueris
822 5290 953 5332 esse
1001 5278 1067 5330 ut
1113 5275 1172 5330 in
1217 5275 1408 5333 locum
1457 5279 1828 5346 conveniant,
1859 5279 1946 5335 cui

2063 5277 2153 5333 καί
2183 5298 2368 5356 φησιν,
2402 5275 2484 5331 ὅτι
2514 5279 2633 5338 τοῖς
2662 5271 2973 5368 παιδαρίοις
3005 5267 3317 5368 ἐντέταλται
3543 5264 3595 5320 ἓν
3630 5266 3727 5368 .τῷ

291 5379 526 5436 nomen,
559 5365 666 5420 Deo
697 5365 850 5437 fides.
893 5366 1043 5421 Nota
1089 5367 1244 5437 apud
1291 5366 1568 5424 Davidem
1618 5385 1853 5441 quoque
1886 5369 1946 5423 ﬂ-

2064 5354 2218 5440 τόπῴ
2245 5371 2325 5440 τῷ
2359 5364 2662 5442 λεγομένῳ,
2695 5365 2812 5436 Θεῷ
2841 5360 3045 5423 πίστις.
3080 5357 3396 5432 Σημείωσαι
3427 5354 3516 5412 καὶ
3565 5356 3728 5410 τοῦτο

360 5512 408 5550 ⁸⁸
437 5511 644 5570 Matth.
674 5530 776 5583 xu,
810 5515 897 5572 14.
971 5515 1019 5551 “
1047 5515 1203 5576 Psal.
1230 5533 1346 5590 xw,
1375 5518 1430 5575 2.
1506 5519 1552 5555 “
1583 5517 1607 5576 Ι
1633 5517 1774 5592 Reg.
1805 5534 1978 5591 xvul,
2001 5518 2096 5575 25.
2170 5519 2215 5555 ⁴⁶
2247 5517 2435 5590 lReg.
2468 5532 2584 5586 an,
2614 5515 2673 5570 6.
2751 5514 2794 5550 ‘7
2830 5511 3041 5570 Matth.
3073 5526 3178 5582 xu,
3210 5509 3265 5565 4.

364 5660 568 5738 (β3)]“ι
601 5674 718 5738 non
755 5658 1021 5738 habetur
1045 5661 1110 5738 in
1155 5661 1525 5738 Commelin.,
1577 5677 1684 5721 nec
1712 5661 1773 5722 in
1806 5678 1947 5738 mss.

364 5660 478 5733 (33)
509 5663 568 5713 Τι
601 5674 718 5715 non
755 5658 1006 5717 habetur
1051 5661 1110 5717 in
1155 5661 1525 5732 Commelin.,
1577 5677 1684 5721 nec
1712 5661 1773 5722 in
1806 5678 1946 5738 mss.

299 5732 402 5792 sed
433 5749 468 5792 a
491 5729 927 5791 Parisiensibus
950 5732 1218 5793 additum
1251 5733 1382 5792 fuit.
1790 5755 1822 5780 .·

2133 5663 2250 5750 (34)³
2275 5658 2560 5762 Comma].
2594 5657 2774 5756 habet
2801 5651 3144 5752 έντέταλμαι.
