4136 6388
357 398 469 462 161

1609 403 1942 466 HOMILIA
1987 403 2090 465 DE
2135 403 2527 467 SEMENTE.

3660 427 3777 488 162

352 535 442 590 καὶ
494 533 640 610 παρά
684 537 764 606 τῷ
822 527 986 590 Δαϐὶδ
1045 534 1080 605 ἡ
1134 533 1336 597 πίστις·
1388 533 1478 591 διὰ
1521 536 1611 590 τὸν
1651 533 1924 609 μέλλοντα
1955 533 2003 604 ἐξ

2121 537 2253 593 dem
2304 553 2480 594 esse:
2514 540 2587 594 ob
2635 557 2769 596 eum
2820 545 2919 615 qui
2970 561 3040 601 ex
3088 548 3188 603 illo
3236 557 3427 610 ortum
3487 559 3777 617 ducturus

355 622 523 678 αὐτοῦ
553 625 862 700 γεννᾶσθαι,
891 624 982 678 τὸν
1018 623 1263 702 λέγοντα·
1303 649 1330 677 ‹‹
1364 625 1516 680 Κατὰ
1542 626 1640 695 τὴν
1690 625 1866 680 πίστιν
1916 647 2010 679 σου

358 715 650 787 γενηθήτω
681 733 787 770 σοι.
821 738 850 764 ››
880 713 1100 778 Είκόνες
1133 715 1223 770 καὶ
1256 713 1482 778 ἐνταῦθα
1529 717 1860 788 πραγμάτων
1920 713 2010 769 καὶ

357 802 708 874 ὁμοιότητες.
743 802 894 857 Αἰτεῖ
922 805 1114 880 ἄρτους
1156 805 1184 859 6
1216 800 1381 859 Δαϐὶδ
1433 804 1579 878 παρά
1630 809 1727 858 τοῦ
1787 799 2010 876 Ἀϐιμέ-

355 889 480 966 λεχ.
519 893 576 948 Ὀ
637 888 692 946 δέ
752 914 882 969 φησι
938 894 1075 968 πρὸς
1115 893 1298 951 αὐτόν.
1333 893 1442 948 Οὐκ
1472 893 1604 947 εἷσὶν
1633 891 1787 969 ἄρτοι
1819 893 1944 948 ἀλλ’
1973 893 2008 961 ἢ

355 980 407 1035 οἱ
469 982 837 1057 άφιερωμένοι
887 981 945 1036 ἐκ
1000 984 1299 1059 προσώπου
1357 983 1575 1059 Κυρίου.
1633 983 1805 1038 Πάλιν
1836 980 2010 1038 ἄλλου

354 1068 533 1142 νόμου
565 1067 646 1124 δεῖ
671 1072 819 1143 ἡμᾶς
855 1076 1246 1145 μνημονεῦσαι.
1279 1074 1335 1126 Ὁ
1373 1076 1470 1126 τοῦ
1519 1074 1792 1134 Μωϋσέως
1840 1072 2009 1144 νόμος

358 1156 584 1235 ἔγραψεν
634 1157 687 1213 ἐν
737 1165 856 1221 ταῖς
900 1161 1145 1224 τελεταῖς
1193 1169 1292 1231 τῆς
1337 1160 1589 1236 λατρείας
1639 1167 1754 1223 ταῖς
1785 1159 2011 1236 γινομέ-

355 1268 475 1308 ναις
506 1248 640 1302 κατὰ
667 1249 764 1316 τήν
815 1249 1022 1324 ἡμέραν
1071 1255 1168 1304 τοῦ
1220 1246 1526 1319 Σαϐϐάτου,
1577 1249 1786 1305 δώδεκα
1817 1250 2010 1324 ἄρτους

362 1335 594 1410 θερμοὺς
626 1337 918 1408 πεφθέντας
948 1346 1168 1409 τεθῆναι
1203 1339 1289 1394 ἐπὶ
1331 1347 1431 1410 τῆς
1487 1339 1782 1416 τραπέζης.
1833 1342 2012 1398 ’Όπου

359 1422 419 1479 δὲ
448 1424 648 1498 Θέρμῃ,
681 1425 793 1482 ἐκεῖ
820 1432 949 1504 πῦρ.
984 1428 1298 1504 Λεγὲτωσαν
1330 1433 1422 1484 νῦν
1473 1431 1609 1502 ἡμῖν
1657 1431 1707 1484 οἱ
1759 1427 2009 1487 Ἰουδαῖοι

354 1518 476 1576 πῶς
503 1520 732 1590 τηροῦσι
756 1518 818 1571 τὸ
851 1511 1156 1588 Σάϐϐατον,
1189 1518 1278 1574 καί
1326 1519 1389 1573 τὸ
1432 1523 1539 1592 πῦρ
1591 1521 1774 1573 ἅπτειν
1814 1540 2011 1593 παραι-

349 1606 588 1674 τοῦνται,
641 1603 779 1658 ὅπου
829 1606 880 1658 οἱ
932 1607 1093 1680 ἱερεῖς
1142 1606 1371 1662 ἅπτουσι
1403 1612 1531 1682 πῦρ,
1564 1609 1652 1663 καὶ
1685 1610 1882 1682 ἄρτους
1912 1608 2007 1663 πέ-

350 1692 547 1762 ψαντες
599 1692 833 1766 Θερμοὺς
892 1696 1286 1770 παρατιθέασι;
1337 1697 1431 1766 Μὴ
1488 1697 1598 1772 ἐγὼ
1649 1692 1813 1770 μόνος
1843 1717 2011 1773 παρα-

350 1773 523 1834 ϐαίνω
550 1781 613 1835 16
666 1776 945 1837 Σάϐϐατον
972 1801 986 1852 ;
1037 1780 1177 1841 Ἰδοὺ
1206 1785 1258 1839 o‘.
1297 1785 1460 1861 ἱερεῖς
1487 1785 1616 1848 τοὺς
1649 1785 1882 1862 Θερμοὺς
1911 1788 2006 1841 πέ-

347 1888 574 1924 πτουσιν
604 1869 655 1924 ἐν
692 1866 982 1944 Σαϐϐάτῳ,
1012 1873 1102 1927 καὶ
1131 1875 1436 1947 περιτομήν
1469 1872 1707 1930 διδόασιν
1758 1874 1810 1930 ἐν
1863 1870 2005 1930 Σαϐ-

350 1952 524 2032 ϐάτῳ.
572 1961 745 2014 Ὅπου
805 1957 862 2015 δὲ
907 1963 1206 2035 περιτομή,
1275 1961 1387 2018 ἐκεῖ
1447 1962 1539 2018 καί
1606 1962 1853 2039 σίδηρος,
1918 1964 2009 2019 καὶ

353 2047 607 2124 σπόγγοι,
665 2048 757 2104 καί
811 2051 879 2104 τὰ
928 2049 1225 2115 ἀκόλουθα.
1277 2054 1448 2108 Ὅπου
1497 2053 1865 2128 ἅρτοποιίααι,
1899 2054 2010 2110 ἐκεῖ

350 2136 440 2192 καὶ
467 2131 742 2211 κλίϐανοι,
779 2137 886 2194 ἐκαὶ
916 2139 1006 2195 καὶ
1037 2140 1322 2217 φρυγάνων
1354 2141 1687 2217 συγκομιδὴ,
1719 2143 1809 2199 καὶ
1859 2141 2005 2206 δΛως

354 2223 512 2302 ἔργον
543 2227 749 2300 αὐτοῖς,
779 2227 842 2282 τὸ
871 2234 971 2297 τῆς
991 2228 1328 2305 ἀρτοποιίας.
1361 2234 1456 2304 Τῷ
1490 2232 1586 2305 μὲν
1619 2231 1710 2286 οῦν
1761 2229 1880 2304 λαῷ
1898 2237 2003 2288 τῶν

351 2313 626 2373 Ἰουδαίων
686 2316 1058 2392 άπηγορεύετο
1105 2319 1181 2392 μὴ
1242 2318 1554 2395 ἐργάζεσθαι
1615 2321 1667 2376 ἐν
1715 2317 2003 2394 Σαϐϐάτῳ·

351 2408 467 2466 τοῖς
503 2401 560 2459 δὲ
589 2405 815 2480 ἱερεῦσιν
872 2405 971 2460 οὐκ
999 2407 1065 2476 ἦν
1098 2407 1566 2484 ἀπηγορευμένον.
1600 2409 1698 2465 Διά
1724 2414 1885 2466 τοῦτο
1914 2412 2004 2466 καὶ

353 2493 489 2565 ἡμῖν
543 2494 633 2548 καὶ
683 2498 843 2549 πᾶσιν
894 2493 1105 2573 ἀφίεται
1152 2498 1216 2552 τὸ
1261 2498 1312 2552 ἰν
1363 2493 1630 2572 Σαϐϐάτῳ
1668 2498 2001 2576 ἐργάζεσθαι’

351 2582 441 2636 καὶ
497 2581 598 2657 γὰρ
639 2583 731 2637 καὶ
775 2584 936 2655 ἡμεῖς
961 2585 1155 2646 πάντες
1188 2584 1462 2660 βασίλειον
1517 2589 1830 2662 ἱεράτευμα.
1892 2591 2003 2645 Πά-

351 2667 442 2723 λαι
478 2671 574 2742 μὲν
605 2668 695 2724 οῦν
722 2677 840 2733 τοῖς
866 2671 1093 2747 ἱερεῦσιν
1126 2673 1338 2750 ἦφίετο⁴
1372 2678 1484 2748 (35)
1516 2675 1705 2745 ἐπειδὴ
1727 2678 1816 2731 καὶ
1836 2681 2000 2752 ἡμεῖς

342 2757 636 2833 γεγόναμεν
674 2759 948 2833 βασίλειον
993 2761 1286 2836 ἱεράτευμα
1329 2762 1418 2818 καί
1465 2762 1616 2828 ἔθνος
1669 2765 1845 2840 ἅγιον.
1897 2772 2002 2822 Τοῦ

343 2846 518 2918 νόμου
571 2849 899 2922 γράψαντος.
956 2851 1044 2907 Ἐν
1088 2855 1157 2925 τῇ
1206 2851 1390 2927 ἡμέρᾳ
1411 2857 1509 2908 τοῦ
1559 2849 1846 2910 Σαϐϐάτου
1873 2855 2002 2918 τοὺς

348 2931 558 2990 δώδεκα
616 2936 814 3011 ἄρτους
868 2936 1102 2992 τίθεσθαι
1180 2940 1231 2994 ἐν
1307 2947 1571 3016 τραπέζη⁹
1651 2944 1826 3019 ἄρτων
1899 2946 2000 3022 γὰρ

349 3023 732 3101 ἀφιερωμένων
791 3023 1028 3095 ἐκείνων,
1089 3027 1147 3082 ὲκ
1195 3035 1296 3097 τῆς
1351 3031 1626 3105 τραπέζης
1696 3035 1810 3106 (36)
1880 3030 1999 3107 ᾔτει

354 3112 380 3165 6
411 3108 573 3168 Δαϐὶδ
602 3113 701 3182 τήν
731 3117 962 3192 τροφήν.
994 3119 1048 3168 '0
1080 3112 1137 3170 δὲ
1163 3111 1470 3195 ’Δϐιμὲλεχ
1500 3117 1675 3196 ἔλεγε·
1711 3145 1740 3173 ‹‹
1775 3122 1835 3175 Εἰ
1884 3119 1999 3177 δια-

351 3200 739 3280 πιφυλαγμένα
791 3205 858 3259 τὰ
910 3202 1190 3279 παιδάρια,
1247 3205 1396 3276 πλὴν
1480 3207 1587 3264 ἀπὸ
1661 3210 1935 3285 γυναικός.
1968 3235 1996 3263 ››

2121 630 2264 696 erat,
2290 627 2389 697 qui
2423 627 2541 682 ait:
2569 650 2596 677 ‹‹
2623 630 2748 686 Fiat
2779 631 2884 686 tibi
2917 638 3243 694 secundum
3276 641 3448 699 ﬁdem
3483 653 3645 704 tuam
3671 651 3769 706 η.»

2118 715 2349 770 Adsunt
2376 716 2470 771 hic
2502 734 2734 790 quoque
2765 736 2959 777 rerum
3007 724 3294 798 imagines
3322 732 3774 795 similitudines-

2121 820 2253 874 que.
2304 805 2566 861 Postulat
2624 825 2802 878 panes
2861 811 3040 867 David
3092 817 3162 870 ab
3219 821 3626 893 Abimelecho;
3681 845 3771 883 re-

2120 895 2371 964 spondet
2397 894 2484 948 illi
2519 912 2530 950 :
2568 897 2721 953 Nulli
2755 904 2895 954 sunt
2926 919 3107 972 panes
3137 912 3341 975 praeter
3369 928 3467 967 eos
3499 915 3599 984 qui
3632 933 3772 971 con-

2121 983 2328 1037 secrati
2361 989 2497 1038 sunt
2527 1002 2595 1040 ex
2624 995 2936 1059 conspectu
2976 995 3223 1051 Domini.
3256 983 3638 1060 Alteriusihic
3669 1007 3773 1062 de-

2123 1088 2239 1167 nuo
2270 1072 2417 1144 legis
2459 1076 2678 1132 mentio
2725 1079 2991 1137 facienda
3036 1088 3144 1139 est.
3182 1087 3431 1161 Scripsit
3479 1093 3708 1167 Moyses
3729 1099 3774 1133 ‘9

2121 1159 2182 1214 in
2214 1159 2340 1231 lege
2384 1163 2454 1217 de
2502 1164 2931 1225 initiationibus
2962 1174 3112 1228 sacri
3145 1159 3342 1233 cultus
3391 1182 3482 1237 die
3531 1159 3773 1242 sabbati

2122 1250 2427 1316 faciendis,
2452 1253 2760 1310 duodecim
2795 1275 2974 1328 panes
2998 1264 3218 1321 calidos
3249 1275 3442 1326 coctos
3471 1278 3773 1344 ponendos

2122 1355 2251 1394 esse
2281 1357 2460 1412 supra
2481 1359 2767 1400 mensam.
2799 1347 2904 1404 Ubi
2928 1357 3120 1408 autem
3147 1357 3468 1428 calefactio,
3491 1362 3570 1418 ibi
3595 1365 3768 1438 ignis.

2121 1426 2330 1526 Dicant
2362 1429 2456 1486 hic
2481 1433 2649 1489 nobis
2670 1435 2878 1507 Judaei,
2895 1457 3075 1510 quare
3095 1445 3413 1506 Sabbatum
3437 1426 3768 1526 observant,

2120 1534 2236 1588 quo
2295 1518 2492 1590 ignem
2541 1526 2856 1583 accendere
2897 1540 3202 1603 recusant;
3252 1555 3387 1594 cum
3437 1545 3771 1602 sacerdotes

2120 1606 2315 1678 ignem
2347 1612 2750 1680 accenderent,
2785 1623 3096 1692 coctosque
3126 1641 3307 1695 panes
3339 1630 3558 1688 calidos
3590 1650 3769 1707 appo-

2118 1699 2365 1752 nerent?
2391 1699 2542 1756 Num
2587 1718 2692 1775 ego
2742 1705 2906 1762 solus
2951 1713 3353 1785 transgredior
3399 1699 3771 1780 Sabbatum?

2117 1786 2262 1843 Ecce
2291 1787 2403 1860 ipsi
2435 1792 2772 1850 sacerdotes
2813 1796 3032 1855 calidos
3080 1819 3258 1874 panes
3311 1817 3638 1881 apponunt,
3671 1830 3767 1870 co-

2116 1881 2424 1948 quuntque
2470 1880 2739 1952 Sabbato,
2772 1889 2830 1941 et
2872 1887 3304 1951 circumcidunt
3333 1880 3629 1957 Sabbato?
3659 1903 3767 1961 Ubi

2117 1969 2312 2020 autem
2344 1967 2735 2043 circumcisio,
2769 1974 2848 2030 ibi
2896 1978 3134 2048 ferrum,
3169 1987 3446 2058 spongiae,
3473 1994 3529 2044 et
3559 1995 3768 2048 caetera

2118 2070 2245 2125 quae
2278 2056 2504 2150 adhrem
2537 2061 2847 2130 pertinent.
2883 2065 2988 2122 Ubi
3021 2071 3187 2138 panis
3219 2056 3520 2150 confectio,
3545 2080 3621 2136 ibi
3657 2083 3767 2138 for-

2117 2160 2313 2212 naces,
2347 2146 2428 2203 ibi
2478 2157 2908 2210 sarmentorum
2957 2168 3354 2232 commeatus;
3407 2184 3474 2222 ac
3507 2146 3765 2228 demum

2115 2248 2265 2304 opus
2297 2235 2369 2289 ab
2413 2235 2532 2292 illis
2581 2243 2880 2312 peragitur
2908 2262 3020 2316 quo
3069 2265 3250 2320 panes
3296 2259 3629 2314 conﬁciant.
3660 2262 3766 2316 Ju-

2117 2322 2378 2378 daaorum
2410 2325 2608 2397 itaque
2655 2331 2870 2402 populo
2917 2336 3160 2394 vetitum
3210 2347 3352 2411 erat,
3390 2361 3462 2400 ne
3509 2348 3763 2406 Sabbato

2116 2426 2265 2483 opus
2307 2412 2562 2507 facerent
2603 2435 2616 2473 :
2668 2423 3072 2482 sacerdotibus
3111 2445 3245 2486 vero
3295 2432 3353 2487 id
3398 2436 3761 2507 prohibitum

2113 2516 2250 2597 non
2274 2506 2421 2597 erat.
2445 2503 2806 2597 Quapropter
2852 2513 3021 2570 nobis
3051 2503 3445 2594 omnibusque
3473 2528 3762 2597 permitti-

2111 2592 2210 2644 tur
2237 2591 2298 2646 in
2330 2592 2585 2650 Sabbato
2615 2601 2864 2668 operari,
2885 2619 3020 2659 cum
3065 2623 3172 2663 nos
3218 2591 3423 2668 omn—es
3453 2591 3640 2673 simus
3673 2635 3762 2674 re-

2111 2677 2683 2778 gale-sacerdotium.
2704 2688 2854 2745 Olim
2887 2691 3068 2764 igitur
3094 2701 3497 2760 sacerdotibus
3527 2709 3764 2778 permit-

2108 2766 2384 2822 tebatur:
2421 2771 2591 2827 nobis
2623 2790 2856 2848 quoque
2897 2784 3175 2851 quoniam
3207 2804 3417 2847 sumus
3446 2766 3637 2866 regale
3668 2813 3761 2853 sa-

2112 2855 2459 2929 cerdotium,
2493 2876 2636 2931 gens
2687 2871 2910 2936 sancta,
2947 2869 3208 2943 idipsum
3260 2855 3621 2949 permissum
3672 2891 3764 2943 est

2110 2943 2411 3001 Scribente
2441 2946 2589 3020 lege,
2612 2951 2671 3006 in
2703 2953 2795 3009 die
2837 2956 3077 3015 Sabbati
3108 2943 3414 3024 duodecim
3449 2989 3626 3041 panes
3659 2992 3763 3031 su-

2111 3049 2215 3104 pra
2245 3049 2511 3091 mensam
2545 3043 2843 3110 ponendos
2870 3061 3019 3115 esse,
3051 3065 3120 3105 ex
3149 3052 3266 3109 illis
3297 3057 3356 3110 in
3389 3075 3594 3118 mensa
3624 3079 3762 3120 con-

2109 3121 2352 3177 secratis
2382 3125 2635 3195 panibus
2663 3131 2999 3200 postulabat
3030 3139 3202 3194 David
3244 3141 3354 3197 sibi
3388 3145 3758 3206 alimentum.

2111 3209 2433 3281 Respondit
2487 3215 2819 3275 Abimelech
2873 3239 2954 3277 :«
3004 3225 3061 3280 Si
3121 3231 3286 3299 pueri
3345 3234 3762 3295 abstinuerunt

350 3287 478 3346 Ὠδὲ
511 3313 604 3362 μοι
638 3290 855 3363 λοιπὸν,
886 3292 938 3348 ἐν
971 3290 1299 3370 παρεκϐάσει
1323 3301 1420 3350 τοῦ
1453 3296 1646 3372 λόγου,
1700 3298 1998 3374 άσφαλίζου

2113 3299 2365 3355 maxime
2396 3319 2430 3356 a
2459 3303 2808 3363 mulieribus
2833 3311 2892 3363 ιο.
2922 3334 2950 3361 ››
2980 3287 3209 3372 ιιωίιιι
3241 3321 3408 3387 mihi,
3442 3327 3543 3395 qui
3575 3327 3764 3384 ﬁdelis

348 3380 410 3433 16
443 3378 558 3456 εἷ’ρη
573 3379 754 3454 μένον,
791 3383 818 3436 6
848 3383 1060 3450 πιστὸς,
1092 3385 1180 3439 καὶ
1212 3385 1319 3440 νόει
1353 3408 1444 3459 μοι
1473 3389 1536 3442 τὸ
1559 3386 1876 3463 λεγόμενον·
1912 3390 2002 3444 καὶ

347 3469 446 3537 τὴν
482 3470 688 3546 ἁγνείαν
721 3467 1071 3546 ἀναλάμϐανε
1102 3474 1319 3551 σαρκός.
1352 3475 1415 3530 Εἰ
1447 3477 1550 3552 γὰρ
1611 3478 1640 3532 6
1698 3473 2004 3555 ’Δϐιμέλεχ

348 3557 471 3612 τότε
497 3563 667 3614 ταῦτα
696 3559 1055 3636 παρήγγειλε,
1081 3567 1199 3625 πῶς
1233 3563 1363 3638 οὐχὶ
1393 3564 1480 3618 καὶ
1510 3564 1959 3644 παραφυλακτέον
1986 3588 1998 3639 ;

349 3649 449 3700 Καὶ
481 3646 651 3710 οὕτως
678 3645 867 3704 ἔλαϐεν
898 3651 927 3704 6
960 3646 1148 3721 Δαϐὶδ,
1179 3652 1268 3708 καὶ
1298 3651 1454 3723 ἤσθιε
1489 3654 1618 3717 τοὺς
1649 3652 1865 3731 ἄρτους,
1911 3658 2001 3712 καὶ

351 3735 402 3790 ἐν
436 3731 704 3812 Σαϐϐάτῳ
729 3736 865 3801 ’ίσως
900 3735 1115 3797 ἔλαϐεν.

420 3935 507 3990 14.
543 3933 690 3989 Ἐπεὶ
750 3933 841 3990 οῦν
899 3936 950 3989 οἱ
1004 3933 1257 3994 Ἰουδαῖοι
1305 3940 1726 4018 κατεμάμιροντο
1770 3945 1848 4014 τῷ
1881 3948 2000 3997 Σω-

346 4029 496 4099 τῆρι,
531 4020 620 4077 διὰ
669 4023 731 4078 τὸ
775 4023 828 4078 ἄν
878 4018 1145 4097 Σαϐϐάτῳ
1191 4025 1319 4089 τοὺς
1367 4029 1610 4101 μαθητὰς
1637 4027 1847 4085 τίλλειν
1876 4031 2000 4086 στά-

348 4130 486 4186 χυας
515 4111 605 4165 καὶ
639 4110 852 4167 ἰσθίιιν’
881 4109 969 4168 διὰ
1018 4118 1192 4191 τοῦτο.
1231 4114 1583 4190 εὐκαιρότατα
1629 4117 2001 4191 ἐμνημόνευσε

345 4204 445 4271 τῆς
507 4201 743 4280 ἱστορίας
799 4210 900 4273 τῆς
956 4203 1006 4258 ἐν
1070 4199 1338 4278 Σαϐϐάτῳ
1383 4210 1706 4281 γενομένης·
1736 4206 1828 4264 ’ίνα
1859 4208 2001 4285 δείξῃ

345 4290 553 4362 αὖτοῖς,
617 4291 721 4366 ὅτι,
784 4292 828 4347 εἱ
880 4293 1015 4369 πρὸς
1065 4296 1336 4370 σωτήριον
1394 4297 1601 4374 τροφὴν
1669 4297 1860 4374 ἧφίετο
1921 4305 2001 4371 τῷ

345 4376 510 4434 Δαϐἰδ
569 4382 658 4435 καὶ
716 4387 834 4442 τοῖς
889 4384 1004 4455 μετ’
1050 4383 1216 4438 αὐτοῦ
1264 4384 1562 4462 ἐφάψασθαι
1603 4382 1778 4462 ἄρτων
1814 4386 1872 4441 lx
1899 4395 1998 4458 τῆς

341 4470 636 4544 τραπέζης,
698 4470 796 4525 οὐκ
868 4471 935 4540 ἦν
991 4471 1435 4548 ἀπηγορευμένον
1494 4473 1584 4528 καὶ
1640 4475 1702 4528 τὸ
1759 4475 1996 4552 στάχυας

344 4553 742 4631 λαμϐάνοντας,
804 4560 893 4614 καὶ
944 4561 1236 4636 ψώχοντας
1297 4560 1486 4617 ἐσθίειν
1541 4563 1666 4625 τοὺς
1717 4566 1986 4637 μαθητάς.

2115 3403 2196 3454 es,
2221 3392 2287 3442 ut
2311 3389 2614 3458 paululum
2637 3395 3057 3469 digrediamur,
3085 3404 3178 3460 his
3198 3409 3267 3462 ad
3292 3389 3580 3469 cautelam
3606 3421 3766 3474 utere

2111 3477 2329 3545 verbis,
2353 3483 2409 3533 et
2438 3482 2591 3550 quod
2625 3484 2842 3540 dicitur
2869 3490 3293 3563 animadverte,
3325 3500 3768 3562 castimoniam-

2267 3568 2461 3667 carnis
2508 3586 2767 3629 assume.
2802 3575 2862 3631 Si
2896 3595 3147 3652 namque
3195 3583 3253 3640 id
3303 3591 3443 3645 tunc
3491 3596 3766 3667 pracepit

2111 3653 2471 3727 Abimelech,
2505 3675 2610 3714 cur
2634 3678 2764 3729 ,non
2812 3665 3287 3729 observandum?
3334 3678 3428 3733 Sic
3461 3653 3636 3738 David
3670 3653 3766 3740 ac-

2111 4133 2225 4188 que
2247 4121 2638 4192 comederent,
2655 4131 3152 4196 opportunissime
3175 4135 3272 4192 ille
3293 4137 3600 4198 historiam
3624 4144 3762 4201 Sab-

2110 4206 2244 4261 bato
2295 4211 2519 4279 gestam
2569 4219 3067 4288 commemoravit,
3103 4226 3168 4279 ut
3213 4230 3547 4288 ostenderet
3595 4233 3761 4305 ipsis,

2110 4294 2160 4348 si
2193 4296 2393 4350 Davidi
2425 4303 2483 4353 et
2514 4301 2827 4359 comitibus
2867 4309 2995 4376 ejus
3040 4326 3384 4372 concessum
3417 4319 3527 4376 fuit
3560 4294 3635 4378 ut
3658 4294 3760 4395 pro

2108 4383 2298 4440 salute
2331 4403 2511 4457 panes
2541 4404 2609 4444 ex
2628 4407 2795 4447 sacra
2826 4409 3030 4452 mensa
3059 4400 3116 4453 in
3149 4402 3346 4459 cibum
3370 4383 3758 4482 attingerent;

2109 4489 2222 4528 non
2274 4475 2459 4531 fuisse
2489 4478 2796 4551 discipulis
2827 4485 3072 4542 vetitum
3123 4494 3188 4544 ut
3234 4493 3426 4564 spicas
3456 4475 3758 4575 vellerent,

2107 4567 2164 4618 et
2193 4564 2584 4622 confricarent
2623 4569 2691 4623 ad
2745 4574 3193 4635 comedendum.
3221 4602 3248 4630 <<
3288 4593 3511 4658 Annon,
3544 4564 3758 4663 inquit,

342 4669 370 4698 ‹‹
404 4644 539 4701 Οὐδὲ
567 4652 729 4703 τοῦτο
760 4649 1019 4724 ἀνέγνωτε
1050 4648 1079 4703 6'
1127 4649 1348 4721 ἐποίησε
1398 4645 1586 4722 Δαϐὶδ,
1647 4651 1736 4707 ὅτε
1786 4652 1993 4708 ἐπείνα-

505 4736 1896 4754 ,κηο.,....-κ,...-

2112 4650 2333 4724 legistis
2364 4654 2505 4724 quid
2539 4657 2742 4714 fecerit
2764 4661 2962 4732 David,
2988 4683 3120 4721 cum
3144 4671 3395 4729 esuriret
3421 4644 3548 4748 ipse
3577 4644 3761 4754 et‘

337 4756 424 4790 σεν
461 4736 620 4798 αὐτὸς
649 4738 738 4791 καὶ
770 4738 822 4792 οἱ
856 4739 972 4810 μετ’
1003 4737 1189 4808 αὐτοῦ,
1222 4739 1298 4802 ὡς
1331 4738 1579 4810 εἰσῆλθεν
1615 4740 1691 4803 εἷς
1715 4741 1807 4796 τὸν
1840 4745 1991 4799 οἷκον

333 4829 431 4879 τοῦ
463 4830 618 4895 Θεοῦ,
650 4825 739 4880 καὶ
768 4826 895 4890 τοὺς
928 4825 1123 4904 ἄρτους
1170 4834 1268 4898 τῆς
1324 4830 1635 4902 προθέσεως
1687 4827 1923 4907 ἓφαγεη
1957 4855 1986 4884 ››

336 4916 527 4990 Ἔχεις
561 4915 683 4985 ἑξῆς
713 4917 1134 4992 συνεζευγμένην
1175 4917 1264 4971 καὶ
1292 4919 1390 4989 τὴν
1440 4918 1676 4995 ἱστορίαν
1717 4919 1842 4992 περί
1885 4927 1988 4990 τῆς

333 5003 500 5079 ξηρᾶς
534 5004 744 5080 χειρός
777 5003 924 5067 ὅπως
957 5005 986 5060 6
1017 5007 1214 5082 Σωτὴρ
1244 5008 1404 5080 ἡμῶν
1438 5005 1514 5070 εἰς
1540 5008 1642 5077 τὴν
1670 5010 1988 5085 συναγωγὴν

333 5089 593 5156 εἰσελθὼν
649 5091 756 5168 (δεῖ
809 5095 913 5170 γὰρ
960 5097 1111 5168 ἡμᾶς
1158 5093 1532 5172 παραδραμεῖν
1589 5099 1687 5166 τὴν
1751 5096 1988 5174 ἴστορίαν

331 5177 422 5235 διὰ
450 5181 513 5236 τὸ
548 5188 725 5256 μῆκος
755 5186 860 5238 τῶν
897 5181 1101 5259 λόγων³
1147 5181 1235 5240 ’ίνα
1286 5185 1363 5260 μή
1411 5187 1724 5261 προσκορὴς
1769 5187 1988 5262 γένηται

331 5271 367 5341 ἡ
416 5270 715 5347 άκρόασις’)
768 5271 855 5326 ααὶ
897 5269 1027 5328 ἰδών
1059 5270 1192 5328 ’τινα
1242 5271 1441 5350 ἔχοντα
1491 5274 1654 5352 ξηρὰν
1682 5280 1864 5350 χεῖρα,
1894 5275 1986 5331 καὶ

328 5359 611 5436 γινώσκων
660 5357 744 5416 ὅτι
785 5357 1001 5437 ἕτοιμοί
1039 5362 1168 5418 εἰσιν
1216 5364 1272 5419 οἱ
1300 5360 1556 5421 Ἰουδαῖοι
1590 5363 1663 5427 εἰς
1691 5364 1755 5420 16
1811 5386 1986 5440 κατη-

2104 4758 2238 4796 cum
2273 4751 2340 4798 eo
2372 4750 2557 4814 erant,
2584 4751 2879 4817 quomodo
2912 4751 3156 4812 intravit
3184 4757 3243 4814 in
3275 4762 3518 4821 domum
3551 4750 3763 4837 Dei,Vet

2100 4848 2281 4902 panes
2331 4835 2750 4904 propositionis
2782 4844 3128 4898 comedit?»
3160 4847 3352 4908 Habes
3402 4855 3608 4912 exinde
3656 4835 3755 4915 ad-

2092 4923 2360 4990 junctam
2408 4921 2716 4981 historiam
2748 4927 2820 4984 de
2852 4931 3015 4988 arida
3063 4951 3242 4994 manu
3278 4958 3289 4996 :
3324 4957 3439 5013 quo
3471 4949 3636 5016 pacto
3667 4949 3754 5003 vi-

2095 5009 2303 5111 delicet
2348 5010 2612 5068 Salvator
2665 5021 2885 5087 noster,
2915 5020 3218 5093 ingressus
3265 5009 3756 5111 in_syn.agogam,

2096 5098 2291 5168 (nobis
2323 5115 2580 5172 namque
2624 5111 3021 5174 percurrenda
3070 5113 3318 5172 historia
3366 5098 3472 5191 est,
3506 5098 3756 5197 6'13}qu

2097 5186 2512 5286 prolixitatem,
2547 5207 2620 5246 ne
2668 5210 2951 5253 nauseam
3003 5202 3194 5271 pariat
3245 5186 3676 5286 audientibus);
3701 5221 3758 5273 et

2099 5293 2233 5332 cum
2277 5277 2523 5336 vidisset
2554 5284 2870 5352 quemdam
2921 5304 3163 5347 manum
3215 5293 3439 5351 aridam
3491 5277 3756 5364 habere:

2097 5370 2417 5438 nossetque
2459 5368 2697 5430 Judaos
2730 5375 2802 5431 ad
2833 5377 3270 5438 criminandum
3320 5391 3554 5455 paratos
3601 5406 3753 5450 esse.

402 5538 446 5576 ’⁸⁸
477 5507 699 5601 Matth.
718 5557 796 5614 Ix,
820 5532 912 5600 29.
987 5543 1034 5580 ⁴⁰
1061 5542 1241 5602 Lavit.
1277 5559 1432 5618 xxxv,
1457 5535 1520 5605 ¹5.
1595 5539 1641 5582 ³ο
1671 5545 1694 5603 Ι
1725 5533 1867 5618 Reg.
1899 5561 2016 5620 ΠΙ,
2044 5544 2100 5604 4.

402 5730 516 5806 (35)
544 5717 855 5803 Lacu-{ut
881 5730 1133 5804 videtur,
1163 5732 1435 5797 mutilus.

2169 5733 2286 5806 (36)
2313 5730 2692 5809 Anglicanus,
2725 5734 2849 5813 ἔεῆς
2875 5740 3170 5820 τραπιζης.
