4154 6398
381 412 498 472 163

1570 409 1638 470 S.
1683 396 2206 468 ATHANASIUS.
2233 428 2311 439 —-
2343 395 2605 459 DUBlA.

3690 405 3806 468 168

380 543 595 599 dixerlt
624 542 695 598 ad
727 557 862 598 eum
904 523 1076 613 cujus
1124 541 1286 596 arida
1335 557 1548 597 manus
1597 541 1722 595 erat
1752 553 1766 591 :
1793 558 1820 588 ‹‹
1847 536 2001 604 Surg

2111 590 2115 601 _
2146 531 2349 602 γορεῖν,
2387 525 2530 601 λέγει
2562 524 2698 601 πρὸς
2740 525 2831 579 τὸν
2870 519 3066 600 ἔχοντα
3111 528 3211 596 τήν
3261 533 3425 606 ’χεῖρα
3461 533 3562 601 τὴν
3612 534 3800 611 ξηράν.

377 634 459 705 (et
487 632 597 699 sta)
629 632 688 686 in
722 631 916 687 medio
938 632 1039 684 “.n
1070 631 1439 686 Resurrcctio
1470 643 1774 702 resurgere
1796 623 1983 698 jussit
2015 638 2027 676 :

385 740 413 773 α
442 721 631 792 Surge
659 725 717 778 et
745 725 837 776 sta
883 721 941 775 in
975 721 1185 776 medio.
1212 743 1239 769 »
1271 720 1395 776 Non
1428 719 1581 792 quod
1631 719 1702 773 ad
1755 728 2030 789 pompam

379 809 742 866 curationem
776 810 946 866 edere
974 809 1146 865 vellet
1177 825 1190 862 :
1227 812 1396 864 norat
1425 807 1640 879 quippe
1671 821 1776 878 pro
1803 810 2029 874 tempo-

378 899 463 955 ris
511 899 844 955 oonditione
875 899 1066 954 dicere
1113 897 1288 953 etiam
1325 915 1390 952 :«
1429 897 1584 964 Vide,
1617 892 1838 950 nemini
1870 892 2026 946 dixe-

377 989 460 1045 ris
482 989 548 1044 ".
579 1010 607 1038 »
630 987 847 1043 Verum
879 986 978 1042 ubi
1008 986 1066 1040 id
1097 989 1332 1058 tempus
1361 983 1638 1056 postulat,
1670 981 1821 1039 celat
1851 979 2026 1035 mira-

377 1077 612 1143 culum;
645 1081 846 1132 contra
877 1075 978 1130 ubi
1021 1073 1276 1130 Sabbato
1307 1072 1657 1130 miraculum
1704 1071 1872 1126 edere
1920 1084 2028 1140 par

374 1170 483 1234 est,
543 1171 683 1220 tunc
741 1162 1110 1235 apertissime
1165 1166 1460 1234 operatur.
1491 1161 1692 1225 Quaere
1748 1163 1806 1215 et
1861 1156 2025 1212 volve

372 1253 820 1326 Evangeliorum
853 1252 1094 1324 scripta,
1118 1255 1174 1306 et
1204 1268 1297 1306 me
1326 1267 1458 1306 vere
1483 1251 1674 1305 dicere
1699 1246 2024 1319 deprehen-

371 1346 494 1400 des.
517 1343 914 1399 Observabant
943 1342 1000 1397 in
1031 1341 1281 1396 Sabbato
1311 1340 1636 1413 insigniora
1666 1338 1823 1394 edita
1850 1336 2025 1391 mira-

369 1432 507 1491 cula
539 1448 552 1488 :
587 1431 708 1504 qui,
739 1446 957 1502 quaeso,
991 1434 1093 1486 aut
1137 1429 1472 1501 quomodo?
1495 1452 1522 1479 «
1562 1430 1608 1483 A
1658 1426 1870 1483 saeculo
1917 1425 2019 1482 58

370 1538 487 1577 non
519 1526 608 1576 est
654 1520 946 1586 auditum,
969 1519 1122 1588 quod
1154 1519 1286 1590 quis
1318 1517 1608 1590 aperuerit
1653 1517 1854 1573 oculos
1885 1514 2020 1571 caeci

369 1610 492 1665 nati
516 1610 576 1664 ⁵⁸.
605 1629 632 1658 ››
656 1609 774 1664 Hoc
801 1605 1153 1663 miraculum
1184 1623 1298 1662 non
1331 1606 1445 1662 alio
1468 1623 1642 1677 quam
1669 1603 1904 1660 Sabbati
1927 1603 2020 1658 die

364 1697 568 1754 edidit.
598 1697 742 1752 Cum
773 1695 931 1752 enim
962 1712 1029 1751 ex
1059 1701 1232 1767 sputo
1264 1693 1430 1750 humi
1461 1695 1684 1765 dejecto
1716 1693 1905 1748 lutum
1936 1692 2018 1747 fe-

365 1787 562 1854 cisset,
593 1785 786 1840 linivit
838 1785 966 1856 ejus
1015 1783 1237 1853 oculos,
1273 1783 1549 1854 misitque
1601 1781 1768 1837 illum
1819 1782 1878 1837 in
1925 1781 2015 1836 Si-

363 1875 520 1932 loam
545 1892 558 1928 :
583 1879 639 1931 et
660 1874 834 1930 rediit
853 1889 1040 1930 caecus
1062 1873 1190 1929 visu
1226 1877 1476 1944 recepto.
1496 1871 1601 1938 Qui
1630 1888 1763 1926 vero
1797 1886 2013 1926 caecum

361 1967 666 2020 cernerent
692 1963 1007 2032 videntem,
1043 1962 1154 2034 ipsi
1204 1977 1320 2017 non
1366 1961 1662 2016 videbant.
1691 1959 1854 2014 Illius
1884 1959 2011 2030 qui-

360 2052 494 2108 dem
528 2050 839 2108 sensibiles
867 2050 1168 2106 oculorum
1199 2049 1436 2122 pupillae
1468 2053 1681 2122 apertae
1709 2053 1875 2117 sunt;
1907 2049 2007 2104 .lu-

359 2142 620 2196 daeorum
650 2157 784 2196 vero
836 2157 951 2196 non
1001 2139 1183 2210 aperti
1233 2144 1372 2194 sunt
1402 2139 1589 2206 oculi;
1625 2138 1742 2193 imo
1793 2137 2007 2208 apertis

358 2229 494 2285 licet
514 2229 850 2299 oculis,non
876 2230 1175 2296 videbant,
1192 2227 1624 2298 Dominumque
1645 2225 2008 2281 damnabant

357 2318 451 2374 his
480 2318 676 2373 verbis
708 2334 720 2372 :
753 2337 780 2369 α
812 2317 932 2374 Non
966 2321 1056 2372 est
1100 2316 1195 2371 hic
1227 2316 1402 2371 homo
1449 2333 1516 2371 ex
1567 2321 1698 2382 Deo,
1726 2314 2002 2386 quoniam

355 2407 673 2462 Sabbatum
702 2423 818 2462 non
851 2406 1122 2460 observat
1144 2405 1246 2459 5‘.»
1268 2404 1312 2459 Ο
1344 2406 1638 2476 ingentem
1671 2402 2001 2459 vesaniam!

354 2495 500 2550 Nam
531 2494 704 2566 quale
734 2511 882 2565 opus
914 2494 1130 2548 factum
1164 2492 1292 2548 est?
1318 2496 1566 2565 Sputum
1600 2509 1669 2548 ex
1698 2491 1889 2560 labiis,
1923 2491 2006 2547 di-

353 2583 608 2655 gitisque
640 2585 923 2638 duntaxat
963 2582 1154 2637 lutum
1190 2598 1202 2635 :
1238 2580 1486 2653 simplex
1516 2581 1732 2648 unctio,
1767 2598 1879 2636 non
1913 2581 2004 2636 in-

354 2672 703 2728 strumentis
750 2670 1015 2742 medicis,
1049 2672 1148 2726 sed
1183 2687 1356 2726 manu
1408 2688 1441 2725 a
1488 2676 1601 2726 Deo
1653 2671 1819 2726 facta.
1854 2669 2002 2733 Quid

355 2762 511 2832 quod
545 2765 741 2816 actum
775 2763 864 2815 est
893 2759 1203 2815 criminare
1223 2759 1250 2814 ?
1281 2759 1560 2829 Habes'jn
1593 2758 1845 2814 Sabbato
1877 2773 2004 2831 ges-

352 2854 482 2903 tum
533 2847 906 2904 miraculum.
940 2847 1096 2902 Abiit
1126 2864 1335 2914 caecus,
1369 2852 1425 2902 et
1464 2847 1608 2902 abiit
1654 2847 1781 2902 visu
1834 2863 2001 2902 rece-

352 2941 472 3010 pto.
522 2937 584 2992 Id
633 2936 693 2992 in
743 2937 994 2992 Sabbato
1023 2935 1331 3006 (Christus)
1365 2935 1739 3007 operabatur,
1781 2940 1844 2989 ut
1887 2935 2000 2991 fide

349 3027 564 3098 dignus
595 3025 930 3092 haberetur,
964 3040 1096 3079 cum
1123 3024 1184 3078 in
1216 3024 1468 3080 Sabbato
1499 3023 1748 3079 doceret.

420 3115 508 3169 15.
531 3114 702 3170 Aliud
725 3114 982 3170 occurrit
1011 3113 1155 3169 mihi
1179 3112 1556 3168 miraculum.
1585 3112 1998 3185 Hierosolymis

348 3208 475 3258 erat
513 3203 810 3274 probatica
848 3204 1117 3274 quaedam
1167 3201 1413 3274 piscina,
1440 3218 1569 3274 qua:
1615 3202 1790 3258 etiam
1840 3220 1997 3260 nunc

2146 639 2174 667 «
2198 616 2483 684 Ἀνάστηθι
2516 613 2591 677 εἷς
2620 614 2684 669 τὸ
2720 615 2902 688 μέσον.
2939 639 2966 666 ι)
3004 617 3063 672 Ἠ
3096 617 3380 682 ἀνάστασις
3409 623 3472 676 τὸ
3505 624 3800 695 ἀναστῆναι

2142 703 2440 760 ἐκέλευσεν·
2468 728 2496 754 ‹‹
2531 705 2846 774 Ἀνάστηθι,
2874 705 2963 758 καὶ
3015 708 3168 775 στῆθι
3202 707 3278 770 είς
3323 709 3386 764 τὸ
3420 711 3606 783 μέσον.
3662 738 3689 764 ››
3721 715 3798 774 Οὐ

2139 791 2410 866 κομπώδη
2441 794 2539 862 τήν
2574 792 2810 869 ἰατρείαν
2843 793 3216 868 ἐργαζόμενες·
3252 795 3366 853 οἵδε
3394 800 3495 875 γὰρ
3531 801 3796 878 εὐκαίρως

2139 880 2342 960 λέγειν,
2379 907 2407 936 «
2438 886 2600 959 ⁹¹Ορα,
2628 879 2820 956 μηδενῖ
2848 883 3020 957 εέπῃς·
3065 908 3095 936 ››
3125 884 3252 940 ἀλλ’
3284 887 3374 942 ὅτε
3406 889 3500 961 μὲν
3531 889 3670 946 ἐστιν
3705 890 3799 948 εύ-

2134 967 2536 1048 καιρον,κρύϐει
2557 971 2620 1026 τὸ
2638 972 3025 1048 θαυματούργη
3037 994 3130 1046 μα’
3155 973 3244 1030 ὅτε
3266 973 3324 1030 δὲ
3347 974 3431 1033 δεῖ
3449 977 3502 1034 ἐν
3527 975 3796 1056 Σαϐϐάτῳ

2136 1061 2785 1137 θαυματουργῆσαι,τότε
2845 1063 3196 1140 φανερώτατα
3253 1064 3552 1144 ἐργάζεται.
3623 1073 3797 1144 Ζήτη-

2133 1171 2225 1205 σον
2250 1150 2318 1206 τὰ
2347 1149 2398 1205 ἐν
2430 1155 2548 1212 τοῖς
2579 1148 2942 1225 Εύαγγελίοις
2973 1155 3352 1228 γεγραμμένα,
3403 1156 3492 1211 καὶ
3542 1156 3792 1234 εὑρήσεις

2130 1240 2192 1293 τὸ
2223 1239 2422 1309 ἀληθὲς
2471 1242 2578 1294 τῶν
2626 1237 2824 1315 λόγων,
2875 1241 3133 1315 Ἐτήρουν
3177 1241 3228 1297 έν
3264 1239 3533 1317 Σαϐϐάτῳ
3587 1249 3654 1302 τὰ
3681 1255 3788 1304 τῶν

2131 1329 2713 1402 θαυματουργημάτων
2773 1326 3140 1406 ἐπιδοξότερα·
3200 1337 3319 1395 πῶς
3375 1334 3465 1388 καὶ
3496 1335 3616 1390 τίνα
3661 1338 3787 1414 τρό-

2128 1435 2265 1486 πονς
2317 1440 2346 1469 ι(
2399 1419 2492 1471 Ἐκ
2533 1421 2632 1470 τοῦ
2681 1416 2877 1478 αἰῶνος
2931 1417 3028 1472 οὐκ
3075 1420 3339 1492 ἠκούσθη,
3383 1421 3465 1477 δτι
3496 1422 3674 1496 ⁴ἤνοιξέ
3701 1446 3785 1490 τις

2133 1504 2450 1582 ὀφθαλμοὺς
2477 1502 2685 1578 ττφλοῦ
2717 1505 3136 1582 γεγεννημένου.
3189 1533 3218 1560 ››
3268 1515 3436 1567 Τοῦτο
3492 1514 3554 1568 τὸ
3603 1519 3785 1589 θαῦμα

2129 1594 2229 1649 οὐκ
2249 1593 2500 1666 ἐποίησεν
2533 1594 2584 1649 ἐν
2619 1594 2772 1670 ἑτέρᾳ
2801 1595 3003 1669 ἡμέρᾳ,
3037 1595 3163 1652 ἀλλ’
3212 1597 3263 1654 ἐν
3322 1596 3610 1675 Σαϐϐάτῷ.
3667 1611 3783 1676 Πη-

2129 1681 2224 1738 λὸν
2279 1683 2380 1760 γὰρ
2428 1687 2660 1754 πνιήσας
2710 1681 2799 1739 διὰ
2844 1690 2942 1740 τοῦ
2991 1691 3187 1742 πτῦσαι
3238 1690 3436 1764 χαμαὶ,
3489 1691 3781 1769 ἐπιχρίσας

2123 1772 2252 1836 τοὺς
2286 1773 2624 1851 ὀφθαλμοὺς,
2659 1771 2897 1847 ἔπεμψεν
2931 1774 3006 1838 εἷς
3036 1777 3127 1831 τὸν
3159 1775 3413 1852 Σιλωάμ·
3463 1782 3552 1836 καὶ
3609 1781 3777 1852 ἦλθεν

2125 1861 2152 1914 6
2184 1863 2386 1940 τυφλὸς
2425 1862 2664 1936 βλέπων.
2696 1863 2762 1920 Οἱ
2797 1859 2854 1917 δὲ
2882 1863 2973 1918 τὸν
3005 1863 3208 1942 τυφλὸν
3247 1863 3452 1930 ἰδόντες
3502 1869 3777 1945 βλέποντα

2119 1951 2219 2006 οὐκ
2247 1947 2566 2026 ἀνέϐλεψαν.
2619 1952 2876 2008 Κάκείνου
2927 1953 3020 2026 μέν
3074 1955 3432 2031 ἠνεῴχθησαν
3479 1959 3532 2013 αἱ
3582 1959 3777 2032 αἰσθη,

2114 2040 2202 2095 ταὶ
2232 2045 2339 2095 τῶν
2374 2041 2640 2113 ὀμμάτων
2669 2042 2848 2115 κόραι,
2881 2040 3157 2097 Ἰουδαίων
3199 2042 3258 2100 δὲ
3287 2045 3387 2101 οὐκ
3432 2048 3771 2125 ἠνοίχθησαν

2117 2131 2167 2186 οἳ
2205 2128 2502 2215 ὀφθαλμοί’
2531 2129 2658 2185 ἀλλ’
2688 2128 2907 2205 ἔχοντες
2940 2131 3069 2194 τοὺς
3111 2132 3429 2211 ὀφθαλμοὺς
3484 2139 3770 2215 ἠνεῳγμέ-

2114 2241 2262 2287 νους,
2295 2219 2394 2273 ούκ
2425 2214 2678 2290 ἔϐλεπον,
2709 2221 2798 2274 καὶ
2828 2222 3140 2297 κατέκριναν
3184 2225 3276 2278 τὸν
3325 2226 3524 2301 Κύριον
3575 2214 3767 2304 λέγον-

2114 2330 2220 2380 τες,
2282 2308 2366 2363 ὅτι
2413 2331 2441 2364 α
2478 2308 2588 2363 Ούκ
2634 2308 2774 2364 ἔστιν
2804 2309 2960 2371 οὗτος
2993 2311 3021 2364 6
3054 2311 3336 2388 ἄνθρωπος
3370 2313 3429 2370 ἐκ
3456 2321 3554 2370 τοῦ
3610 2325 3766 2392 Θεοῦ,

2115 2397 2197 2452 ὅτι
2228 2399 2290 2452 τὸ
2327 2393 2607 2452 Σάϐϐατον
2645 2397 2703 2453 οὐ
2733 2405 2913 2474 τηρεῖ.
2950 2423 2978 2450 ‹‹
3005 2401 3070 2454 Ὠ
3098 2400 3318 2473 πολλῆς
3349 2405 3530 2468 ἀνοίας
3557 2408 3569 2463 l
3604 2413 3769 2464 Ποῖον

2112 2489 2213 2564 γὰρ
2245 2486 2400 2565 ἔργον
2432 2490 2655 2566 γέγονε;
2687 2491 2912 2563 Πτύσμα
2960 2492 3065 2547 ἀπὸ
3113 2492 3373 2568 χειλέων,
3421 2494 3527 2551 ἀπὸ
3568 2494 3768 2553 δακτύ-

2115 2575 2225 2633 λων
2254 2578 2420 2651 μόνον
2450 2580 2478 2634 6
2503 2577 2708 2648 πηλὸς,
2739 2579 3082 2656 περίχρισμα
3112 2580 3288 2652 λιτὸν,
3321 2583 3420 2640 οὐκ
3461 2584 3768 2662 ἐργαλείοις

2113 2666 2397 2742 ἰατρικοῖς,
2423 2667 2568 2723 ἀλλὰ
2598 2668 2744 2743 χειρὶ
2775 2670 3083 2743 θεοποιήτῳ
3113 2671 3489 2747 εἰργασμένον.
3526 2675 3594 2732 Τί
3629 2675 3767 2748 μέμ.-

2113 2777 2184 2833 φῃ
2254 2756 2318 2810 τὸ
2376 2758 2654 2834 πραχθὲν;
2697 2760 2884 2835 Ἔχεις
2932 2758 2982 2813 ἂν
3033 2755 3302 2834 Σαϐϐάτῳ
3349 2762 3766 2838 θαυματούργη-

2115 2866 2208 2917 μα.
2242 2843 2516 2916 Ἀπῆλθεν
2560 2848 2588 2900 6
2619 2846 2842 2926 τυφλὸς,
2874 2847 2963 2903 καὶ
3012 2848 3256 2918 ἀπῆλθεν
3309 2850 3336 2902 6
3383 2848 3587 2926 τυφλὸς
3635 2849 3764 2924 βλέ-

2109 2955 2244 2991 πων.
2271 2935 2366 2990 Καὶ
2394 2935 2444 2989 έν
2480 2930 2748 3009 Σαϐϐάτῳ
2779 2935 2975 3006 ἐποίει,
3020 2936 3108 2990 ἳνα
3156 2936 3462 3006 ἀξιόπιστος
3515 2939 3757 3014 γένηται,

2109 3021 2161 3078 ἐν
2195 3019 2463 3098 Σαϐϐάτῳ
2494 3021 2784 3081 διδάσκων.

2180 3115 2266 3170 15.
2299 3115 2454 3188 Ἐχω
2482 3113 2586 3183 ικαὶ
2627 3111 2768 3168 ἄλλο
2817 3112 3308 3186 θαυματούργημα.
3353 3115 3439 3169 Ἐν
3468 3115 3755 3190 Ιεροσολύ-

2109 3223 2232 3274 μοις
2288 3197 2594 3276 προϐατική
2652 3222 2735 3262 τις
2794 3203 2859 3270 ἦν
2919 3197 3302 3278 κολυμϐήθρα,
3355 3202 3443 3256 καὶ
3474 3207 3561 3258 νῦν
3589 3204 3751 3258 ἐστιν·

343 3291 465 3347 illic
493 3296 680 3348 exstat
704 3309 716 3347 :
740 3292 1111 3363 habebatque
1130 3293 1388 3363 quinque
1411 3292 1703 3363 porticus;
1738 3293 1838 3348 sed
1865 3293 1993 3363 jam

2111 3291 2258 3346 πέντε
2306 3291 2464 3352 στοάς
2515 3290 2650 3365 εἶχε.
2701 3287 2790 3344 νῦν
2837 3290 2938 3364 γὰρ
2983 3276 3274 3366 περιῃρέθη
3321 3291 3388 3346 τὰ
3418 3293 3570 3365 πέριξ
3602 3292 3755 3348 οἷκο-

343 3381 648 3436 destructa
692 3385 832 3435 sunt
870 3381 1248 3451 circumjecta
1295 3380 1558 3436 aedificia.
1591 3381 1833 3436 Jacebat
1875 3381 1996 3438 illic

341 3468 699 3541 paralyticus
735 3468 978 3539 triginta
1006 3473 1135 3524 octo
1175 3469 1299 3540 jam
1332 3470 1503 3524 annis
1551 3486 1718 3542 aeger.
1754 3470 1990 3525 Diutur-

343 3575 458 3613 nus
479 3559 635 3614 enim
659 3557 771 3612 fuit
792 3558 1054 3627 morbus,
1076 3562 1139 3613 ut
1167 3573 1234 3612 ea
1256 3558 1488 3624 saltem,
1506 3558 1749 3627 ratione,
1773 3560 1994 3630 pudore

338 3647 528 3702 ,Ιηάωί
559 3648 951 3703 afﬁcerentur.
985 3647 1132 3702 Nam
1163 3647 1210 3702 si
1247 3647 1404 3702 brevi
1451 3646 1658 3703 fuisset
1687 3647 1990 3720 aegritudo,

342 3735 612 3792 latuisset
643 3735 992 3791 miraculum
1019 3736 1176 3806 :jam
1198 3752 1331 3791 vero
1355 3736 1524 3790 multi
1551 3737 1689 3791 anni
1714 3741 1853 3791 sunt
1873 3735 1992 3790 veri

340 3825 528 3881 morbi
550 3829 755 3896 testes,
776 3829 839 3879 ut
867 3823 1076 3880 saltem
1109 3824 1220 3880 hoc
1249 3825 1532 3892 videntes,
1557 3825 1838 3880 viderent.
1863 3823 1991 3880 Sal-

339 3918 506 3970 vator
535 3919 732 3969 autem
764 3930 897 3969 cum
929 3913 1262 3968 advenisset
1293 3917 1349 3968 et
1380 3911 1718 3984 praeteriret,
1745 3912 1826 3968 ait
1856 3911 1940 3967 illi
1974 3928 1987 3968 :

337 4024 366 4052 «
402 4003 498 4059 Vis
528 4019 710 4057 sanus
759 4001 1041 4057 ﬁeri‘57»
1085 4006 1143 4056 et
1189 3999 1435 4072 reliqua.
1469 4003 1546 4055 Ac
1597 4015 1846 4072 surgens
1894 3999 1992 4055 ille

337 4107 591 4162 quoque,
628 4089 783 4146 tollit
829 4090 1136 4163 grabatum
1191 4096 1246 4144 et
1291 4088 1578 4145 ambulat.
1613 4089 1749 4144 Erat
1795 4093 1989 4145 autem

335 4179 678 4235 Sabbatum.
702 4183 920 4236 Verum
949 4179 1138 4235 Judaei
1168 4195 1282 4234 non
1314 4179 1591 4234 videbant
1633 4177 1986 4234 miraculum

338 4267 592 4324 Sabbato
623 4269 872 4333 editum,
905 4269 1003 4325 sed
1037 4269 1348 4341 grabatum
1381 4268 1454 4324 ab
1497 4285 1563 4323 eo
1605 4267 1841 4340 gestari.
1876 4267 1987 4324 Par

337 4356 546 4413 fuisset
569 4357 820 4430 cogitare
840 4357 973 4414 illos
1002 4376 1014 4414 :
1039 4358 1206 4413 Tales
1232 4357 1440 4412 medici
1469 4358 1580 4412 huc
1601 4359 1982 4424 advenerunt,

332 4450 392 4501 et
422 4462 593 4502 nemo
623 4448 848 4503 sanavit
872 4465 885 4502 :
909 4461 1134 4518 pauper
1153 4447 1388 4517 jacebat
1418 4447 1615 4513 miser,
1649 4463 1752 4502 nec
1784 4447 1986 4501 aderat

331 4535 381 4591 ei
416 4536 514 4607 qui
563 4537 760 4607 ipsum
793 4535 851 4590 in
897 4535 1185 4607 piscinam
1218 4535 1512 4605 dejiceret.
1547 4534 1704 4589 Talis
1751 4539 1842 4590 est
1889 4536 1984 4592 hic

333 4623 751 4680 miraculorum
786 4628 1063 4697 patrator,
1099 4640 1498 4695 novarumque
1529 4639 1725 4678 rerum
1757 4627 1978 4694 auctor,
2010 4645 2056 4711 Β

329 4712 430 4783 qui
462 4717 688 4768 tantam
733 4713 848 4768 vim
897 4712 1214 4785 paralytico
1245 4713 1490 4782 dederit,
1524 4717 1589 4767 ut
1637 4728 1752 4767 non
1806 4715 1980 4770 modo

330 4801 671 4867 surrexerit,
697 4803 798 4858 sed
831 4808 888 4858 et
916 4802 1223 4872 grabatum
1257 4800 1574 4873 portaverit
1604 4818 1799 4856 suum.
1822 4803 1986 4860 Caeca

329 4907 421 4945 res
452 4894 542 4945 est
589 4889 816 4946 malitia
849 4906 861 4944 :
894 4890 1091 4962 ipsum
1126 4891 1328 4945 morbo
1377 4893 1642 4961 ereptum
1675 4891 1982 4962 damnant,

327 4980 611 5050 aiuntque
639 4979 722 5034 illi
757 4997 818 5035 ει(
847 4967 971 5035 Non
1004 4978 1140 5035 licet
1170 4979 1274 5034 tibi
1305 4979 1555 5035 Sabbato
1586 4983 1815 5050 gestare
1845 4998 1980 5054 gra-

326 5069 553 5125 batum.
583 5091 604 5118 ι
641 5067 964 5140 Respondit
991 5067 1087 5122 ille
1122 5085 1170 5122 :«
1195 5066 1301 5134 Qui
1334 5084 1426 5124 me
1457 5084 1667 5122 sanum
1700 5069 1857 5138 fecit,
1882 5070 1980 5126 ille

326 5158 471 5213 mihi
501 5157 648 5214 dixit
669 5158 733 5212 ⁵⁸.
757 5177 784 5209 ιι
825 5157 921 5213 Dei
970 5173 1120 5229 opus
1149 5161 1240 5212 est
1270 5157 1422 5226 quod
1456 5158 1696 5227 jussum
1741 5163 1849 5214 est.
1883 5165 1978 5215 In-

325 5251 491 5302 sueta
521 5263 614 5303 res
644 5250 734 5303 est
766 5245 1151 5318 paralyticum
1181 5244 1425 5316 triginta
1451 5249 1508 5299 et
1528 5249 1656 5301 octo
1686 5262 1977 5304 annorum

323 5333 564 5391 sanitati
594 5334 843 5392 restitui.
879 5336 961 5390 Ex
989 5335 1117 5405 ejus
1160 5348 1259 5389 ore
1289 5333 1347 5388 id
1379 5332 1573 5388 audivi
1607 5350 1619 5388 :
1649 5333 1813 5391 Tolle
1843 5352 1976 5409 gra-

323 5425 529 5480 batum
558 5427 750 5480 tuum.
786 5422 845 5480 Si
878 5440 1090 5496 corpus
1121 5421 1207 5478 illi
1237 5422 1495 5478 obedivit
1525 5427 1581 5479 et
1613 5440 1822 5481 sanum
1854 5426 1977 5483 fac-

320 5517 449 5569 tum
477 5516 585 5582 est,
609 5528 827 5584 egonec
856 5511 940 5568 illi
974 5512 1241 5585 ingratus
1273 5526 1392 5580 ero,
1435 5526 1540 5568 nec
1569 5513 1812 5584 gestabo
1841 5530 1975 5588 gra-

2105 3377 2422 3453 δομήματα.
2475 3377 2852 3456 ιιαραλυτικός
2909 3377 2965 3434 δέ
3023 3377 3193 3435 ἔκειτο
3235 3379 3321 3434 ἐπὶ
3346 3382 3635 3454 τριάκοντα
3663 3383 3753 3437 καὶ

2104 3468 2248 3523 ὀκτὼ
2307 3466 2474 3523 ἔτεσιν
2533 3468 2785 3525 ἀσθενῶν.
2845 3466 3027 3530 Πολὺς
3083 3468 3184 3545 γὰρ
3243 3469 3272 3522 6
3318 3469 3522 3545 ’χρόνος
3551 3469 3754 3546 γίνεται

2100 3564 2202 3626 τῆς
2233 3557 2416 3630 νόσου,
2443 3555 2555 3628 ἵνα,
2587 3557 2682 3612 κᾶν
2716 3557 2890 3620 οὕτως
2923 3555 3240 3633 βλέποντες,
3274 3555 3668 3629 δυσωπηθῶσιν
3702 3561 3755 3615 οἱ

2103 3643 2378 3704 Ἰουδαῖοι.
2411 3646 2475 3700 Εἰ
2504 3648 2606 3723 γὰρ
2638 3644 3026 3722 ὀλιγοχρόνιος
3049 3647 3114 3715 ἧν
3142 3647 3177 3716 ἡ
3208 3645 3389 3716 νόσος,
3421 3647 3672 3712 ἐλάνθανε
3692 3649 3756 3705 τὸ

2101 3735 2298 3807 θαῦμα·
2331 3735 2447 3788 νυνὶ
2481 3732 2547 3789 δά
2575 3732 2761 3790 πολλὰ
2785 3732 2877 3804 ἔτη
2915 3734 3256 3811 ἐμαρτύρησε
3275 3739 3342 3811 τῇ
3375 3734 3756 3810 νόσῳ,⁹ίνα,κᾶν

2102 3823 2243 3877 οὕτω
2281 3822 2596 3897 βλέποντες,
2626 3818 3024 3897 ἀναϐλέψωσιν.
3083 3825 3139 3878 '0
3171 3821 3229 3878 δὲ
3261 3825 3457 3900 Σωτὴρ
3514 3846 3758 3902 παραγε-

2100 3912 2350 3986 νόμενος,
2381 3912 2469 3966 καὶ
2509 3913 2794 3987 παράγων,
2840 3911 2986 3988 λέγει
3033 3910 3244 3985 ἐκείνῳ⁸
3295 3936 3324 3965 ‹‹
3360 3914 3548 3976 Θέλεις
3597 3914 3752 3990 ύγιής

2097 4001 2338 4076 γενέσθαι
2363 4021 2376 4070 ;
2403 4024 2431 4052 ››
2462 4001 2552 4056 καὶ
2581 4002 2648 4054 τὰ
2685 3999 2979 4056 ἀκόλουθα.
3010 4001 3108 4056 Καὶ
3158 4001 3450 4077 ἐξεγερθεὶς
3478 4003 3749 4075 κάκεῖνος,

2098 4087 2234 4167 αἴρει
2282 4091 2374 4145 τὸν
2419 4085 2748 4166 κράϐϐατον,
2797 4089 2885 4145 καὶ
2917 4095 3224 4166 περιπατεῖ.
3263 4086 3543 4148 Σάϐϐατον
3568 4089 3625 4147 δὲ
3654 4093 3747 4163 ἦν.

2095 4178 2161 4236 Οἱ
2193 4177 2250 4233 δὲ
2281 4177 2535 4234 Ἰουδαῖοι
2585 4178 2685 4233 οὐκ
2726 4174 2956 4234 ἔϐλεπον
3007 4180 3070 4234 τὸ
3101 4179 3568 4258 θαυματούργημα
3597 4182 3661 4237 τὸ
3691 4180 3746 4238 έν

2097 4263 2364 4340 Σαϐϐάτῳ
2422 4267 2740 4342 γενόμενον,
2799 4265 2944 4323 ἀλλὰ
2998 4268 3090 4323 τὸν
3163 4264 3466 4342 κράϐϐατον
3548 4271 3746 4346 βαστα-

2097 4357 2337 4430 ζόμενον,
2379 4354 2494 4411 δέον
2527 4356 2711 4419 αὐτοῖς
2743 4355 3080 4432 λογίσασθαι.
3117 4358 3313 4432 Ἰατροῖ
3340 4363 3580 4414 τοιοῦτοι
3613 4379 3748 4437 παρ-

2095 4445 2363 4519 εγένοντο,
2397 4441 2573 4507 οὐδεὶς
2606 4445 2944 4520 ἐθεράπευσε·
3007 4447 3174 4516 πένης
3231 4443 3404 4502 ἔκειτο
3454 4449 3482 4503 ὁ
3531 4446 3742 4519 ἄθλιος,

2099 4531 2238 4603 μηδὲ
2263 4535 2354 4589 τὸν
2381 4533 2641 4609 ῥίπτοντα
2666 4533 2741 4596 εἷς
2769 4535 2867 4604 τὴν
2900 4529 3294 4610 κολυμϐήθραν
3354 4532 3523 4612 ἔχων.
3554 4542 3746 4592 Τοιοῦ-

2095 4623 2194 4677 τοᾶ
2252 4624 2280 4678 6
2327 4624 2731 4697 θαυματοποιὸς
2796 4623 2885 4679 καὶ
2943 4623 3227 4701 καινότερα
3284 4624 3665 4701 ἐργαζόμενος,
3715 4628 3744 4682 6

2094 4713 2360 4783 τοσαύτην
2416 4711 2642 4785 δύναμιν
2699 4713 2780 4784 τῷ
2838 4709 3192 4789 παραλυτικῷ
3252 4710 3401 4785 δοὺς,
3434 4715 3613 4789 ὡςμή
3649 4714 3743 4787 μό-

2092 4823 2179 4856 νον
2241 4802 2553 4875 ἀναστῆναι,
2611 4798 2756 4855 ἀλλὰ
2807 4801 2897 4855 καὶ
2957 4803 3215 4876 βαστάσαι
3260 4803 3351 4857 τὸν
3406 4799 3738 4878 κράϐϐατον.

2091 4889 2300 4968 Τυφλὸν
2360 4892 2396 4959 ἡ
2456 4889 2710 4966 πονηρία.
2771 4889 2869 4944 Καὶ
2926 4889 3169 4965 κρίνουσι
3228 4891 3318 4945 τὸν
3363 4891 3617 4962 σωθέντα,
3649 4893 3740 4948 καὶ

2092 4977 2339 5055 λέγουσιν
2398 4978 2563 5050 αὐτῷ·
2611 5003 2638 5030 ‹‹
2688 4976 2800 5032 Ούκ
2846 4975 3012 5048 ἔξεστί
3043 5000 3126 5033 σοι
3160 4981 3282 5056 ἆραι
3311 4981 3402 5035 τὸν
3431 4976 3737 5056 κράϐϐατον

2091 5066 2141 5123 ἐν
2178 5063 2464 5140 Σαϐϐάτῳ.
2513 5092 2540 5120 ››
2595 5066 2948 5143 Ἀπεκρίνατο
2991 5067 3212 5130 ἐκεῖνος·
3255 5094 3284 5122 ι(
3319 5071 3373 5124 Ὀ
3403 5073 3636 5141 ποιήσας
3671 5091 3739 5144 με

2091 5157 2238 5233 ὑγιῆ,
2298 5156 2498 5218 ἐκεῖνός
2552 5177 2644 5230 μοι
2693 5157 2860 5212 εἶπεν.
2913 5179 2944 5208 ››
2974 5162 3107 5212 Θεοῦ
3135 5158 3198 5212 τὸ
3229 5155 3388 5234 ἔργον
3409 5158 3473 5214 τὸ
3503 5181 3738 5236 προστα-

2087 5245 2240 5321 χθέν.
2275 5244 2556 5312 Ἀσύνηθές
2585 5244 2696 5300 ἐστι
2724 5245 2813 5300 καὶ
2839 5243 2902 5300 τὸ
2932 5244 3298 5322 παραλυτικὸν
3335 5245 3424 5302 διὰ
3449 5250 3738 5324 τριάκοντα

2085 5337 2174 5390 καὶ
2208 5335 2350 5391 ὀκτὼ
2381 5334 2514 5390 έτῶν
2546 5336 2958 5410 θεραπευθῆναι.
2992 5335 3086 5390 Ἐκ
3112 5339 3210 5389 τοῦ
3248 5335 3413 5392 αὐτοῦ
3463 5337 3736 5411 στόματος

2084 5421 2294 5495 ἤκουσα
2347 5427 2465 5478 τοῦ·
2525 5422 2786 5478 Βαστάσαι
2845 5423 2936 5477 τὸν
2998 5417 3326 5499 κράϐϐατον.
3380 5424 3446 5480 Ei‘
3483 5425 3545 5481 τὸ
3578 5430 3738 5500 σῶμα

2086 5513 2354 5586 ἐπήκουσε
2408 5514 2498 5568 καὶ
2556 5513 2699 5591 ὑγιὶς
2753 5511 2989 5587 ἐγένετο,
3047 5511 3158 5589 ἐγὼ
3197 5513 3470 5590 ἀγνώμων
3519 5511 3736 5590 ἔσομαι,

388 5724 430 5761 ⁸⁸
462 5724 601 5782 Luc.
631 5739 710 5795 v1,
741 5726 794 5782 8.
870 5723 916 5764 ⁵³
947 5721 1154 5786 Matth.
1184 5737 1308 5793 vm,
1341 5722 1394 5781 4.
1471 5722 1516 5761 ⁵³
1544 5721 1716 5787 Joan.
1746 5741 1825 5799 rx,
1855 5727 1948 5787 32.

2111 5729 2270 5799 ibid.,
2302 5728 2390 5786 16.
2466 5727 2513 5764 ⁸⁸
2535 5726 2702 5786 Joan.
2736 5741 2794 5797 v,
2824 5726 2882 5782 7.
2959 5725 3003 5762 ⁵⁸
3030 5725 3200 5785 Joan.
3231 5743 3291 5801 ν,
3325 5729 3414 5803 10,
3445 5731 3535 5788 11.
