4154 6384
364 438 481 500 168

1614 430 1950 495 HOMILIA
1992 428 2094 490 DE
2135 424 2529 492 SEMENTE.

3676 442 3794 500 166

361 573 442 641 τῷ
479 569 557 643 μή
592 570 854 644 βαστάσαι
883 569 976 624 τὸν
1006 561 1311 643 κράϐϐατον
1339 582 1354 636 ;
1386 562 1559 620 Πάλιν
1582 563 1633 619 οἳ
1656 560 1913 619 Ἰουδαῖοι
1938 561 2037 617 οὐκ

2150 562 2349 618 batum
2378 562 2406 616 ?
2434 563 2691 619 Rursum
2722 564 2908 620 Judaei
2962 581 3335 639 nequaquam
3374 571 3795 641 scistabantur,

366 657 591 729 ἐζήτουν
647 656 828 731 αὐτὸν,
882 656 975 713 ’ίνα
1038 658 1248 730 μαθωσι
1314 659 1433 718 πῶς
1513 653 1858 728 ἀθεράπευσε,
1933 649 2022 706 καὶ

368 747 789 824 προσκυνήσωσι
844 747 937 802 τὸν
988 744 1145 802 δόντα
1187 749 1430 812 τοιαῦτα,
1461 740 1589 799 ἀλλ’
1614 741 1705 798 ἵνα
1736 742 1883 813 αὐτῷ
1914 740 2029 796 ἐπι-

370 832 738 893 ϐουλεύσωσι.
799 839 996 912 Γέγονε
1045 835 1263 891 κάκεῖνο
1309 833 1489 910 τρίτον
1547 834 1611 888 τὸ
1667 837 1759 887 νῦν
1787 831 2029 907 ἀναγνω-

369 925 488 981 σθέν
499 969 511 982 .

442 1018 529 1073 16.
590 1012 862 1084 Εἰσῆλθεν
922 1014 998 1078 είς
1054 1014 1155 1084 τὴν
1204 1013 1544 1091 συναγωγὴν,
1576 1009 2026 1085 πονηρευομένων

370 1104 683 1179 συναγωγή.
743 1102 809 1161 Τί
855 1102 958 1178 γὰρ
998 1101 1367 1178 πονηρότερον
1423 1102 1889 1178 εὑεργετουμένων
1938 1098 2030 1153 καὶ

372 1187 879 1261 έπιϐουλευόντωη
940 1193 1028 1250 ’Ev
1068 1196 1139 1266 τῇ
1173 1193 1466 1267 σάναγωγῇ
1495 1195 1602 1245 τῶν
1637 1186 1909 1245 Ἰουδαίων
1943 1188 2030 1242 ἄν·

374 1293 593 1357 θρωπος
625 1283 690 1350 ἧν
742 1285 907 1358 χεῖρα
948 1277 1093 1357 ἔχων
1124 1280 1312 1357 ξηράν.
1354 1279 1542 1355 Ξηρὸς
1573 1279 1641 1349 ἧν
1670 1299 1753 1340 τις
1782 1279 1879 1346 τήν
1910 1282 2029 1352 χεῖ-

378 1390 466 1446 ρα,
497 1370 587 1425 καὶ
619 1370 669 1424 οἳ
698 1369 962 1445 παρόντες
1003 1369 1159 1446 ξηροί
1187 1370 1287 1439 τὴν
1322 1366 1586 1442 διάνοιαν,
1616 1368 1705 1423 καὶ
1738 1366 1840 1422 οὐκ
1871 1362 2030 1421 ἔϐλε-

374 1479 476 1513 πον
535 1459 625 1515 τὸν
679 1458 805 1515 τότε
857 1458 1119 1533 παρόντα·
1168 1455 1294 1514 οὐδὲ
1343 1458 1658 1513 ὑπώπτευον
1710 1458 1773 1512 τὸ
1820 1457 2032 1529 θαυμα-

373 1546 664 1623 τούργημα
689 1551 787 1602 τοῦ
818 1546 1205 1623 ἐργαζομένου.
1239 1548 1300 1604 Ὁ
1331 1543 1390 1601 δὶ
1421 1547 1640 1620 Σωτὴρ,
1682 1546 1809 1621 πρὶν
1867 1546 2033 1613 ποιῆ-

376 1653 462 1688 σαι
491 1634 555 1688 τὸ
585 1632 767 1709 ἔργον,
803 1631 891 1689 διὰ
920 1633 1103 1709 λόγων
1135 1635 1391 1711 ἐγεώργει
1421 1635 1517 1702 τῆν
1561 1632 1819 1692 διάνοιαν.
1852 1630 2032 1694 Εἰδὼς

373 1721 475 1799 γὰρ
513 1722 846 1797 τὸτονηρὸν
894 1726 996 1793 τῆς
1028 1721 1287 1796 διανοίας,
1319 1723 1409 1778 καὶ
1439 1723 1502 1778 τὸ
1536 1722 1695 1799 βάθος
1722 1724 1784 1779 τὸ
1812 1722 2031 1797 πικρὸν,

375 1814 592 1885 πρῶτον
626 1809 808 1873 αὐτοῖς
835 1810 1245 1888 ηροπαρηγόρει
1264 1817 1384 1873 τοῖς
1412 1809 1620 1888 λόγοις,
1647 1812 1737 1867 καὶ
1756 1813 1818 1867 τὸ
1839 1812 2029 1887 ἄγριον

373 1906 473 1969 τῆς
503 1897 742 1963 διανοίας
773 1902 1015 1975 ἡμεροῦν
1052 1895 1453 2006 έϐούλετοὲικαὶ
1484 1922 1615 1977 φησι
1644 1901 1782 1977 πρὸς
1809 1899 2029 1963 αὐτούς·
2060 1940 2109 2006 Β

379 2014 407 2042 ‹‹
438 1989 676 2060 Ἔξεστιν
708 1988 1106 2066 ἀγαθοποιῆσαι
1137 1988 1190 2046 ἐν
1221 1984 1509 2063 Σαϐϐάτῳ,
1557 1990 1594 2059 ἢ
1622 1996 1987 2060 κακοποιῆσαι
2014 2009 2027 2060 ;

375 2078 559 2153 ψυχὴν
584 2082 775 2151 σῶσαι,
810 2079 845 2148 ἢ
880 2078 1184 2149 ἀπολέσαις
1219 2103 1247 2132 ››
1268 2080 1333 2135 Εἰ
1364 2078 1468 2155 γὰρ
1502 2078 1644 2135 εἶπεν
1677 2079 1860 2142 αὐτοῖς

377 2164 571 2239 ἔξεστιν
606 2164 929 2245 ἐργάσασθαι
958 2188 971 2239 ;
1006 2168 1202 2232 εὐθέως
1233 2170 1291 2223 ἂν
1344 2168 1558 2245 ἔλεγον,
1619 2170 1770 2247 Παρὰ
1814 2172 1907 2226 τὸν
1940 2170 2029 2224 νό-

380 2278 480 2331 μον
506 2256 707 2333 λέγεις.
740 2256 869 2312 Νυνὶ
902 2255 959 2312 δὲ
989 2259 1131 2312 εἶπεν
1165 2257 1373 2327 αὐτοῖς,
1406 2256 1437 2312 8
1482 2258 1571 2313 καὶ
1603 2258 1630 2313 ὀ
1660 2258 1829 2332 νόμος
1881 2254 2033 2315 ἐϐού-

379 2345 525 2401 λετο·
589 2347 617 2399 ὁ
665 2346 769 2423 γὰρ
816 2347 939 2422 περὶ
987 2345 1086 2402 τοῦ
1131 2342 1416 2402 Σαϐϐάτου
1444 2349 1813 2421 νομοθετήσας
1861 2369 2030 2423 προσ-

380 2433 563 2506 ετίθει,
596 2433 678 2489 ὅτι
713 2434 866 2504 Πλὴν
896 2435 1113 2508 τούτου,
1146 2434 1177 2490 ὅ
1208 2435 1296 2492 ἐπὶ
1325 2438 1511 2512 ψυχήν
1542 2437 2034 2509 ποιηθήσεται.Αὗ-

380 2522 503 2577 τίκα
544 2521 631 2577 ἐὰν
694 2518 962 2596 Σαϐϐάτῳ
1018 2524 1154 2599 πέσῃ
1201 2526 1482 2601 ἄνθρωπος
1530 2526 1606 2588 είς
1642 2526 1803 2603 βάθη,
1834 2524 2031 2597 ἔξεστιν

384 2607 666 2673 Ἰουδαίοις
704 2610 1024 2666 ἀνασπάσαι·
1077 2611 1139 2665 οὐ
1204 2612 1365 2684 μόνον
1416 2610 1719 2689 ἄνθρωπον,
1768 2616 1914 2671 ἀλλὰ
1943 2614 2033 2671 καὶ

389 2700 517 2773 βοῦν
551 2698 641 2754 καὶ
672 2694 818 2757 ὄνον.
851 2696 1010 2757 Οὕτω
1038 2700 1106 2754 τὰ
1136 2698 1223 2755 ἐπὶ
1254 2699 1501 2774 σωτηρίᾳ
1541 2703 1837 2780 συνεχώρεί
1870 2706 1899 2760 ὁ
1944 2704 2034 2759 νό-

386 2808 486 2859 μος
546 2786 808 2862 γίνεσθαι,
855 2789 947 2844 καὶ
995 2787 1279 2867 ἐτρέφοντο
1336 2787 1591 2845 Ἰουδαῖοι
1651 2790 1702 2847 έν
1746 2786 2034 2866 Σαϐϐάτῳ.

385 2875 669 2951 Ἠρώτησέ
723 2897 807 2938 τις
848 2881 941 2931 νῦν
990 2876 1185 2941 αὐτοὺς
1236 2877 1299 2933 οὐ
1329 2879 1391 2933 τὸ
1420 2878 1861 2955 ἀντιλεγόμενον,
1892 2879 2039 2936 ἀλλά

382 2965 444 3019 τὸ
476 2961 953 3038 ὁμολογούμενον.
988 2966 1230 3036 ’Έξεστιν
1262 2967 1691 3043 ἀγαθοποιῆσαι;
1726 2967 1881 3025 Ἀλλ’
1913 2968 2038 3025 οὐδὲ

387 3051 627 3129 λέγουσι,
673 3053 796 3109 Ναί·
847 3053 910 3108 οὐ
957 3053 1061 3131 γὰρ
1094 3057 1228 3123 ἦσαν
1257 3056 1463 3131 ἀγαθῆς
1494 3057 1881 3131 προαιρέσεως.
1916 3084 1944 3113 «
1975 3061 2036 3117 Ὁ

388 3141 489 3217 γὰρ
545 3141 747 3217 ἀγαθὸς
797 3139 1081 3219 ἅνθρωπος
1130 3142 1189 3198 ἐκ
1215 3147 1313 3198 τοῦ
1344 3145 1550 3219 ἀγαθοῦ
1604 3150 1880 3222 θησαυροῦ
1909 3167 2039 3223 προ·

390 3228 535 3308 φέρει
581 3230 645 3285 τὸ
689 3230 913 3306 ἀγαθόν.
965 3255 994 3283 ››

1046 3230 1286 3308 Πονηροί
1337 3229 1395 3287 δὶ
1424 3228 1571 3296 ὄντες
1605 3232 1881 3309 Ἰουδαῖοι,
1913 3236 2036 3311 περὶ

2138 658 2203 707 ut
2223 652 2552 708 ediscerent
2582 670 2695 723 quo
2730 658 2896 725 pacto
2927 662 3214 726 curasset,
3249 663 3305 713 et
3325 660 3640 717 adorarent
3658 678 3797 718 eum

2138 740 2237 811 qui
2271 739 2413 795 talia
2441 740 2693 812 largitus
2724 749 2921 807 esset;
2956 744 3055 798 sed
3119 749 3185 799 ut
3233 746 3346 817 ipsi
3394 747 3644 805 insidias
3692 767 3795 821 pa-

2137 832 2355 884 rarent.
2413 829 2545 885 Jam
2606 830 2754 885 illud
2838 832 3081 888 tertium
3164 839 3256 890 est
3331 837 3485 907 quod
3575 837 3793 896 lectum

2139 917 2273 973 fuit.

2211 1008 2297 1062 16.
2320 1007 2631 1080 Ingressus
2657 1012 2747 1064 est
2771 1007 2828 1063 in
2856 1012 3248 1083 Synagogam,
3273 1028 3401 1084 quae
3444 1020 3570 1071 erat
3614 1017 3800 1089 Syna-

2138 1112 2289 1168 goga
2319 1095 2798 1169 malignantium.
2828 1098 2977 1161 Quid
3012 1116 3269 1172 namque
3299 1103 3559 1159 deterius
3609 1122 3788 1176 quam

2140 1186 2425 1241 beneficia
2451 1187 2715 1258 accipere
2737 1190 2794 1242 et
2816 1187 3086 1243 insidiari
3106 1189 3133 1243 ?
3153 1190 3212 1245 In
3238 1195 3545 1265 Synagoga
3565 1196 3799 1251 Judan-

2140 1292 2271 1330 rum
2304 1274 2478 1330 homo
2510 1280 2636 1330 erat
2661 1277 2830 1347 cujus
2857 1277 3018 1333 arida
3043 1294 3276 1335 manus.
3304 1282 3518 1337 Aridus
3550 1282 3793 1355 quidam

2141 1381 2320 1421 manu
2343 1368 2485 1433 erat,
2510 1371 2567 1419 et
2588 1365 2687 1436 qui
2712 1366 2975 1435 aderant,
3001 1367 3148 1421 aridi
3176 1364 3402 1426 mente:
3437 1388 3627 1444 neque
3656 1390 3792 1431 eum

2140 1451 2455 1507 cernebant
2484 1452 2587 1524 qui
2618 1457 2746 1507 tum
2780 1470 3038 1524 praesens
3068 1460 3228 1511 erat:
3279 1474 3469 1529 neque
3515 1460 3575 1516 in
3628 1478 3793 1517 men-

2139 1544 2257 1596 tem
2290 1540 2558 1597 veniebat
2589 1541 2940 1611 miraculum
2972 1544 3102 1614 ejus
3133 1546 3232 1617 qui
3265 1546 3405 1602 talia
3426 1556 3786 1620 operaretur.

2139 1629 2316 1687 Porro
2348 1629 2612 1686 Salvator
2646 1634 2961 1702 antequam
3011 1649 3159 1704 opus
3212 1636 3541 1710 conficeret,
3594 1640 3786 1697 verbis

2141 1724 2399 1776 mentem
2431 1719 2749 1776 excolebat.
2781 1721 3152 1793 Compertam
3184 1725 3342 1782 enim
3374 1725 3599 1784 habens
3623 1729 3790 1786 mali-

2140 1809 2426 1882 gnitatem
2459 1808 2665 1878 animi,
2698 1814 2755 1865 et
2784 1811 3248 1881 profunditatem
3282 1816 3554 1873 acerbam
3601 1817 3788 1892 illam,

2141 1898 2512 1954 demulcebat
2532 1898 2723 1971 primo
2745 1899 2938 1955 verbis
2963 1917 2975 1955 :
3008 1907 3301 1973 agrestem
3316 1905 3581 1962 animum
3604 1907 3788 1965 lenire

2142 1987 2438 2055 studebat,
2469 1988 2668 2059 aitque
2701 1987 2855 2044 illis:
2916 2010 2944 2040 «
2979 1989 3214 2045 Licetne
3244 1991 3497 2050 Sabbato
3547 1995 3787 2053 benefa-

2141 2093 2290 2143 cere,
2323 2094 2396 2133 an
2431 2076 2620 2133 male:
2684 2077 2944 2132 animam
3003 2075 3221 2134 salvam
3272 2080 3479 2153 facere,
3533 2101 3605 2138 an
3654 2102 3792 2157 per-

2142 2166 2277 2222 dere
2306 2167 2348 2200 5"
2369 2166 2397 2219 ‘2
2429 2188 2458 2215 »
2490 2166 2635 2221 Nam
2666 2166 2715 2221 si
2748 2165 2993 2220 dixisset
3035 2166 3173 2234 illis,
3236 2168 3467 2225 Licetne
3516 2174 3792 2244 cperari?

2144 2256 2343 2311 statim
2376 2255 2842 2327 respondissent,
2871 2254 3086 2310 Contra
3114 2254 3301 2328 legem
3324 2256 3602 2330 loqueris.
3624 2262 3792 2318 Nunc

2143 2350 2340 2402 autem
2366 2344 2422 2400 id
2446 2343 2678 2401 locutus
2698 2348 2790 2400 est
2812 2345 2967 2415 quod
2991 2342 3085 2400 lex
3103 2345 3233 2417 ipsa
3254 2345 3470 2403 voluit:
3497 2350 3599 2421 qui
3632 2352 3790 2407 enim

2143 2434 2331 2507 legem
2387 2435 2459 2491 de
2482 2434 2734 2491 Sabbato
2766 2435 3025 2503 dederat,
3077 2436 3421 2507 subjunxit:
3474 2438 3686 2496 Prester
3730 2441 3790 2497 id

2145 2525 2300 2595 quod
2336 2541 2439 2596 pro
2470 2524 2671 2579 anima
2701 2524 2815 2580 ﬁet.
2853 2524 2983 2581 Mox
3012 2525 3169 2580 enim
3205 2525 3303 2580 ubi
3336 2525 3396 2581 in
3427 2528 3677 2584 Sabbato
3700 2546 3791 2586 ce-

2146 2612 2353 2668 ciderit
2385 2614 2558 2669 homo
2590 2613 2649 2667 in
2683 2614 2931 2681 foveam,
2965 2612 3191 2668 licitum
3250 2614 3474 2672 Judaeis
3521 2623 3612 2674 est
3655 2618 3793 2675 inde

2148 2701 2318 2757 illum
2350 2700 2692 2758 extrahere:
2726 2718 2832 2757 nec
2863 2706 3096 2757 tantum
3129 2702 3448 2775 hominem,
3482 2707 3583 2763 sed
3615 2708 3793 2765 etiam

2148 2790 2352 2845 bovem
2383 2794 2442 2845 et
2472 2789 2730 2845 asinum.
2760 2792 2947 2862 Atque
2973 2790 3056 2847 ita
3089 2808 3218 2862 quae
3248 2792 3321 2847 ad
3353 2793 3605 2852 salutem
3655 2814 3792 2869 spe-

2148 2878 2386 2934 ctabant
2413 2878 2505 2933 lex
2532 2879 2821 2949 permisit,
2887 2883 2945 2934 et
2972 2880 3077 2936 54
3121 2879 3250 2951 ipso
3300 2882 3557 2940 Sabbato
3603 2886 3794 2943 Judaei

2148 2967 2718 3030 vescebantur.Quod
2747 2966 2796 3022 si
2818 2966 2951 3037 quis
2972 2973 3348 3039 percontatus
3362 2987 3460 3027 eos
3473 2973 3792 3044 fuerit,non

2148 3056 2220 3111 de
2250 3072 2366 3127 quo
2400 3054 2785 3127 disceptatur,
2815 3056 2916 3111 sed
2943 3056 3014 3111 de
3044 3071 3160 3127 quo
3191 3060 3462 3117 convenit
3490 3061 3645 3119 inter
3668 3081 3796 3121 om-

2150 3161 2292 3202 nes:
2329 3144 2558 3201 Licetne
2588 3145 2931 3201 benefacere
2953 3145 2981 3199 ?
3009 3161 3383 3219 nequaquam
3416 3154 3794 3223 respondent,

2149 3234 2377 3291 Etiam:
2414 3250 2530 3290 non
2562 3239 2704 3290 sunt
2734 3234 2952 3305 quippe
2991 3234 3157 3290 bona:
3216 3237 3558 3295 voluntatis.
3622 3241 3792 3313 Nam,

390 3320 599 3395 ἀγαθῶν
651 3318 713 3375 οὔ
758 3320 1110 3393 συντίθενται,
1160 3321 1248 3375 καὶ
1299 3318 1423 3376 οὔτε
1453 3322 1849 3397 ἀγαθοποιῆσαι
1879 3325 2037 3398 ὡμο-

2152 3346 2179 3374 ‹‹
2214 3323 2402 3378 bonus
2432 3322 2608 3378 homo
2636 3323 2705 3378 de
2726 3323 2881 3377 bono
2902 3322 3180 3378 thesauro
3206 3326 3425 3396 profert
3444 3327 3740 3385 bonum”.
3769 3305 3798 3383 ᾖ

389 3408 617 3484 λόγουν,
662 3406 786 3464 οὔτε
831 3417 1197 3481 κακοποιῆσαι
1227 3410 1395 3467 εἰπεῖν
1427 3408 1713 3481 ἠδύναντο·
1748 3413 2040 3489 ἀναίσχυν-

390 3519 482 3554 τον
544 3499 648 3576 γάρ
703 3501 769 3569 ἦν
823 3500 885 3554 τὸ
936 3498 1107 3577 ῥῆμα·
1168 3498 1317 3556 ἀλλὰ
1366 3505 1666 3559 σιωπῶσιν.
1707 3504 1837 3560 ’Ὀτε
1866 3500 1924 3558 δὲ
1956 3500 2044 3558 διὰ

395 3587 683 3666 φλυαρίαν,
736 3586 924 3645 πολλὰ
981 3587 1335 3668 φλυαροῦσιν·
1397 3586 1486 3645 ὅτε
1544 3587 1634 3646 διὰ
1686 3592 2041 3668 κατηγορίαν.

400 3676 611 3754 μεγάλα
665 3676 1076 3753 κραυγάζουσιν·
1137 3702 1167 3730 ‹‹
1217 3679 1371 3753 Αἶρε,
1428 3679 1567 3755 αἶρε,
1626 3679 1960 3756 σταύρωσον.
2016 3705 2046 3733 ››

396 3764 570 3828 Οὗνος
627 3767 655 3820 ὁ
705 3762 983 3839 ἅνθρωπος
1040 3762 1168 3822 τάδε
1221 3765 1311 3822 καὶ
1375 3764 1502 3823 τάδε
1576 3766 1851 3840 ἐποίησεν.
1921 3772 2045 3828 ’Ότι

398 3851 481 3910 δεῖ
533 3854 957 3930 ἀγαθοποιῆσαι,
1014 3855 1049 3926 ἢ
1107 3859 1491 3927 κακοποιῆσαι,
1549 3859 1735 3934 ψυχὴν
1786 3862 1977 3931 σῶσαι,
2008 3860 2045 3930 ἢ

397 3943 686 4015 ἀπολέσαι,
744 3945 795 4000 o't
859 3945 955 4019 μὲν
1011 3950 1311 4001 σιωπῶσιν·
1371 3946 1400 4001 ὁ
1460 3944 1539 4013 δὲ,
1598 3947 2046 4023 συλλυπούμενος

396 4033 467 4104 τῇ
514 4030 708 4107 καρδίᾳ
753 4032 842 4088 ἐπὶ
895 4037 965 4108 τῇ
1013 4036 1270 4110 πωρώσει
1297 4040 1399 4104 τῆς
1429 4032 1653 4112 καρδίας
1684 4036 1878 4109 αὐτῶν,
1932 4038 2049 4094 εἷπε

396 4125 476 4193 τῷ
506 4120 798 4198 ἀνθρώπῳ·
831 4122 897 4179 Οἱ
932 4121 1228 4198 βλέποντες
1262 4120 1628 4199 βλεπέτωσαν,
1688 4125 1739 4180 οἱ
1798 4127 2046 4201 ἀνήκοοι,

400 4210 474 4273 ὡς
528 4209 819 4285 βουλονται
868 4210 1145 4288 πράττειν,
1185 4213 1585 4286 πραττέτωσαν·
1622 4215 1673 4270 οἱ
1704 4213 2048 4293 σκληροκάρ-

396 4296 504 4355 διοι
561 4299 1069 4365 ἀπολιθοῦσθωσαν·
1132 4301 1489 4368 ἀπαλυνέσθω
1547 4300 1605 4358 δέ
1649 4324 1746 4359 σου
1797 4306 1833 4374 ἡ
1882 4302 2046 4376 δεξιά.

396 4390 664 4466 Ἕγειραι,
699 4391 893 4462 μηκέτι
924 4390 1227 4465 προσαίτει.
1258 4391 1329 4446 Τὸ
1358 4392 1484 4468 γὰρ,
1517 4392 1747 4468 ὲγειραι,
1798 4394 1861 4447 τὸ
1912 4405 2048 4458 καθ-

399 4476 605 4546 ἕζεσθαι
636 4476 859 4549 ἐδήλου·
891 4480 952 4537 Ὀ
986 4476 1043 4534 δῖ
1074 4478 1238 4556 ξηρὰν
1264 4476 1408 4557 ἔχων
1440 4481 1538 4549 τὴν
1572 4486 1737 4557 χεῖρα
1780 4480 1835 4536 τί
1892 4480 2049 4547 ἐκαθ-

399 4566 570 4637 έζετο,
624 4569 658 4637 ἢ
712 4566 927 4631 πάντως
988 4568 1063 4631 εἷς
1114 4568 1176 4625 τὸ
1226 4574 1579 4644 προσαιτεῖν;
1622 4570 1699 4628 Οὐ
1731 4567 1932 4645 δίδωμί
1964 4591 2046 4627 σοι

2151 3411 2287 3468 Mali
2321 3426 2493 3483 porro
2524 3427 2657 3466 cum
2690 3410 2810 3466 sint
2837 3411 3046 3483 Judaei,
3080 3412 3151 3467 de
3182 3413 3352 3470 bonis
3392 3418 3637 3489 agendis
3681 3438 3796 3479 non

2153 3500 2553 3571 consentiunt,
2586 3516 2691 3555 nec
2721 3499 2983 3556 fatentur
3012 3516 3142 3557 esse
3173 3500 3679 3581 benefaciendum,
3704 3527 3803 3567 ne-

2156 3607 2268 3663 que
2296 3596 2549 3662 possunt
2578 3588 2873 3645 afﬁrmare
2904 3589 3058 3645 male
3087 3591 3307 3647 factum
3352 3601 3651 3664 Oportere:
3686 3600 3805 3657 im-

2155 3680 2445 3752 pudenter
2471 3678 2628 3735 enim
2659 3679 2882 3734 dictum
2914 3679 3096 3735 foret:
3135 3680 3235 3735 sed
3279 3682 3475 3739 silent.
3538 3690 3611 3742 At
3664 3705 3802 3747 cum

2158 3769 2504 3842 nugandum
2527 3773 2891 3839 est,magnas
2914 3784 3100 3839 nugas
3125 3769 3418 3829 effutiunt:
3444 3790 3578 3830 cum
3602 3782 3802 3836 autem

2157 3857 2616 3928 criminandum,
2650 3872 2862 3928 magno
2884 3854 3138 3914 clamore
3154 3858 3355 3916 aiunt:
3382 3883 3411 3912 «
3436 3862 3617 3933 Tolle,
3636 3866 3802 3939 tolle,

2158 3948 2434 4020 cruciﬁge
2462 3948 2526 4017 ‘9,
2548 3965 2577 3998 ι
2617 3945 2712 4002 hic
2740 3945 2918 4002 homo
2949 3946 3072 4002 haec
3102 3951 3160 4003 et
3188 3950 3481 4020 ejusmodi
3502 3960 3802 4026 perpetra-

2158 4036 2270 4093 vit:
2298 4052 2434 4092 cum
2466 4039 2660 4091 autem
2710 4034 2995 4106 quaeritur
3024 4035 3243 4092 benene
3275 4053 3349 4094 an
3406 4039 3560 4097 male
3614 4042 3807 4101 facere

2156 4125 2350 4194 liceat,
2376 4125 2636 4180 animam
2659 4122 2879 4179 salvam
2906 4125 3112 4196 facere,
3137 4142 3210 4181 an
3246 4127 3517 4199 perdere:
3547 4129 3631 4187 illi
3680 4133 3808 4204 qui-

2158 4216 2292 4271 dem
2324 4213 2532 4281 silent;
2567 4212 2849 4269 Dominus
2881 4228 3015 4269 vero
3039 4215 3212 4271 corde
3242 4232 3496 4276 mcerens
3527 4220 3601 4277 ob
3634 4222 3810 4278 caici-

2157 4306 2336 4359 tatem
2368 4300 2561 4357 cordis
2591 4316 2817 4368 eorum,
2850 4301 2930 4356 ait
2960 4301 3185 4358 homini
3212 4302 3338 4360 illi:
3365 4307 3472 4372 Qui
3494 4309 3695 4365 vident
3717 4310 3805 4366 vi-

2160 4392 2356 4459 deant,
2383 4389 2484 4461 qui
2503 4388 2959 4460 inobsequentes
2981 4394 3144 4459 sunt,
3163 4393 3317 4463 quod
3334 4393 3574 4453 libuerit
3602 4402 3803 4471 agant:

2158 4481 2259 4553 qui
2282 4480 2415 4536 duri
2446 4482 2586 4535 sunt
2614 4478 2808 4547 corde,
2840 4477 3205 4550 lapidescant
3228 4498 3242 4550 ;
3266 4497 3470 4539 verum
3502 4487 3808 4545 mollescat

2158 4572 2397 4627 dextera
2425 4573 2546 4625 tua.
2580 4572 2784 4640 Surge,
2817 4584 2889 4623 ne
2920 4567 3175 4640 amplius
3232 4574 3566 4634 mendicato
3601 4593 3613 4633 :
3665 4594 3805 4636 nam

397 4655 679 4733 ἀργύριον,
715 4654 808 4711 ⁸ίνα
858 4658 935 4731 μὴ
1006 4654 1304 4732 άναλώσῃς·
1341 4658 1517 4735 ὑγείαν
1547 4680 1633 4714 σοι
1683 4657 1908 4733 δίδωμι,
1941 4681 2038 4734 μη-

2157 4657 2573 4731 quodjusserit
2593 4673 2727 4712 eum
2753 4672 3015 4729 surgere,
3040 4657 3327 4717 indicium
3352 4666 3443 4719 est
3471 4680 3607 4722 eum
3639 4667 3807 4740 prius

397 4742 591 4802 δέποτε
634 4744 1051 4820 δαπανωμένην.
1105 4744 1262 4818 Μηδὶ
1309 4744 1397 4802 διὰ
1445 4748 1507 4803 σὸ
1557 4748 1721 4824 ξηρὰν
1772 4743 1919 4825 ἔχειν
1945 4751 2044 4819 τὴν

396 4840 558 4911 χεῖρα
596 4835 902 4912 προσαίτει,
946 4833 1074 4890 ἀλλ’
1126 4830 1423 4891 ἀποϐαλὼν
1467 4835 1633 4907 αὐτὴν
1668 4837 1820 4913 ὑγιῆ,
1852 4835 2046 4893 λοιπὸν

395 4924 486 4979 καὶ
534 4925 678 4979 σώαν
728 4922 1093 5001 ἐργασάμενος
1139 4919 1372 4981 ἔκτεινον
1416 4926 1519 4996 τῆν
1564 4925 1727 5002 χεῖρά
1775 4947 1871 4981 σου
1900 4946 2051 4983 πτω-

397 5017 506 5088 χῷ.
556 5015 826 5089 Ἔγειραι,
875 5013 965 5069 καὶ
1016 5016 1173 5083 στῆθι
1222 5013 1297 5076 εἷς
1320 5015 1383 5069 τὸ
1419 5015 1603 5089 μέσον·
1639 5012 1799 5090 γενοῦ
1828 5018 2048 5091 θέατρον

394 5108 511 5165 τοῖς
567 5101 883 5178 βλέπουσιν.
941 5103 1029 5159 Ἐν
1081 5101 1165 5156 σοὶ
1215 5104 1245 5158 ὁ
1274 5102 1416 5180 ἀγὼν
1449 5102 1642 5159 λοιπὸν
1677 5104 1991 5180 ἀγωνίζεται
2023 5105 2053 5160 ὁ

397 5191 522 5269 περὶ
582 5186 887 5247 Σαϐϐάτου.
930 5193 1098 5261 Στῆθι
1156 5190 1232 5254 εἰς
1274 5193 1338 5247 τὸ
1392 5193 1575 5268 μέσον,
1600 5190 1694 5248 ἵνα
1721 5192 1812 5249 καὶ
1859 5194 1912 5249 οἱ
1941 5214 2055 5269 χω-

400 5278 649 5343 λεύοντες
692 5280 787 5344 τὰς
832 5279 1021 5357 ἱγνύας
1059 5284 1278 5350 στῶσιν,
1330 5279 1419 5337 ἰὰν
1466 5280 1569 5357 ἄρα
1608 5282 1936 5357 ἀκούσωσιν,
1968 5282 2056 5339 ἐὰν

397 5365 501 5447 ἄρα
531 5367 710 5430 ἴδωσι.
745 5372 914 5441 Στῆθι
946 5368 1021 5433 εἷς
1049 5369 1113 5425 τὸ
1146 5370 1331 5445 μέσον,
1363 5370 1454 5427 καὶ
1482 5369 1728 5444 λαλήσας
1759 5372 1896 5449 πρὸς
1925 5371 2052 5436 τοὺς

465 5522 510 5560 ⁸⁷
541 5523 679 5581 Luc.
709 5539 788 5592 vr,
816 5523 870 5581 9.
946 5522 990 5559 ⁸⁸
1021 5522 1234 5591 Matth,
1263 5540 1368 5595 xu,
1387 5525 1479 5581 35.

1553 5524 1600 5563 ⁸⁸
1624 5528 1792 5584 Joan.
1824 5541 1943 5595 xix,
1978 5525 2067 5581 15.

2158 4749 2417 4805 sedisse:
2450 4747 2546 4818 qui
2570 4750 2765 4801 autem
2784 4746 3008 4802 aridam
3034 4764 3276 4804 manum
3317 4750 3591 4827 habebat,
3625 4771 3809 4828 quare

2158 4838 2420 4903 sedebat,
2444 4835 2555 4891 nisi
2580 4839 2644 4890 ut
2666 4835 3068 4891 mendicaret?
3093 4836 3218 4893 Non
3244 4839 3317 4894 do
3337 4840 3443 4896 tibi
3496 4848 3808 4916 argentum

2160 4944 2232 4983 ne
2261 4927 2541 4983 absumas
2566 4940 2579 4980 :
2614 4925 2918 4980 sanitatem
2940 4924 3013 4979 do
3034 4925 3143 4981 tibi
3166 4943 3468 4999 nunquam
3490 4932 3808 4990 absumen-

2160 5018 2318 5073 dam.
2351 5016 2433 5071 Ne
2462 5014 2768 5070 occasione
2800 5014 2973 5069 aridae
3005 5031 3218 5072 manus
3252 5019 3518 5076 mendica
3544 5038 3557 5077 :
3605 5022 3708 5079 sed
3738 5038 3810 5080 ea

2161 5122 2308 5162 sana
2336 5103 2612 5175 salvaque
2642 5107 2899 5175 accepta,
2943 5119 3201 5177 operare,
3257 5110 3502 5164 extende
3548 5114 3609 5165 tu
3662 5126 3810 5183 pau-

2165 5194 2287 5267 peri
2319 5209 2562 5249 manum
2592 5195 2776 5247 tuam.
2810 5192 3016 5264 Surge,
3060 5198 3117 5250 et
3171 5198 3265 5250 sta
3317 5196 3377 5253 in
3436 5197 3662 5255 medio:
3726 5199 3810 5257 sis

2164 5280 2560 5357 spectaculum
2591 5280 2948 5338 videntibus.
2982 5282 3045 5337 In
3079 5286 3134 5338 te
3172 5283 3448 5357 deinceps
3506 5290 3807 5347 certamen

2165 5373 2236 5429 de
2261 5372 2515 5430 Sabbato
2538 5370 2754 5443 agitur.
2795 5370 2896 5427 Sta
2920 5369 2980 5427 in
3014 5370 3228 5440 medio,
3264 5376 3328 5429 ut
3348 5373 3449 5446 qui
3472 5375 3809 5438 claudicant

468 5692 583 5767 (3‘7)
612 5690 843 5767 Anglic.
875 5689 965 5761 Μὴ
995 5687 1116 5767 γάρ-
1144 5689 1319 5767 εἶπεν,
1344 5691 1525 5766 Infra,
1555 5696 1692 5766 post
1719 5690 1854 5767 νυνί,
1884 5692 2028 5766 hac,

2150 5690 2294 5747 εἶπεν
2349 5687 2627 5750 autem...
2662 5688 2692 5741 ὁ
2721 5686 2825 5760 γὰρ
2878 5684 3024 5756 περὶ.
3075 5685 3291 5745 desunt
3337 5691 3399 5749 in
3448 5691 3647 5765 AngL,
3708 5698 3812 5757 HEd

400 5762 584 5826 manu
613 5762 935 5824 recentiore
960 5762 1162 5821 addita
1189 5766 1351 5821 sunt.
