4154 6368
389 424 505 485 167

1575 406 1640 465 S.
1684 394 2213 464 ATHANASIUS.
2241 429 2318 442 —
2346 391 2614 460 DUBIA.

3683 397 3804 458 168

389 553 732 629 poplitibus,
752 545 1100 611 consistant,
1125 542 1173 599 si
1192 544 1386 597 tamen
1404 535 1670 629 audiant,
1707 533 1756 629 si
1775 532 2027 629 videant.

2147 524 2440 590 Ἰουδαίους
2465 526 2532 582 τὰ
2561 524 2842 602 εἰρημένα,
2875 524 2958 581 δτι
2989 523 3154 599 ἔξεστι
3183 523 3311 581 τόδε
3339 532 3566 597 ποιῆσαι
3613 527 3649 596 ἢ
3700 525 3798 598 οὕ;

388 615 493 703 ὲιέ
520 645 580 699 in
612 615 826 708 medio,
860 640 914 693 et
943 635 1182 706 loquere
1238 628 1462 686 Judaeis
1519 641 1648 697 qua;
1701 625 1829 695 jam
1876 621 2027 677 diota

2145 616 2284 674 Τότε
2341 615 2490 692 λέγει
2543 617 2680 690 πρὸς
2735 615 2915 672 αὑτόν·
2980 622 3252 672 Ἔκτεινον
3299 617 3400 684 τὴν
3459 617 3622 694 χεῖρά
3678 635 3795 672 σου·

391 737 530 792 sunt
560 748 573 786 :
609 729 914 785 licitumne
943 729 1034 779 est
1061 721 1120 776 id
1152 721 1339 774 lacere
1368 731 1564 772 annon
1585 713 1612 768 ?
1641 715 1807 769 Tunc
1838 711 1917 765 ait
1961 709 2030 763 ad

387 824 557 881 illum
587 838 600 876 :
635 815 892 875 Extende
913 826 1154 869 manum
1177 811 1364 873 tuam,
1389 821 1504 860 non
1529 807 1586 858 te
1605 807 1806 874 tango,
1837 815 1910 855 ne
1937 799 2035 854 Ju-

2143 705 2242 760 ούκ
2289 706 2394 782 ἐγὼ
2442 703 2710 780 ἅπτομαι,
2749 703 2840 760 ἵνα
2897 707 2974 778 μὴ
3024 702 3283 762 Ἰουδαῖοι
3313 710 3792 781 κατηγορήσωσιν·

2139 795 2230 850 ἳνα
2262 796 2338 868 μὴ
2367 795 2430 850 τὸ
2461 797 2693 870 ἅψασθαι
2723 793 2876 872 ἔργον
2907 795 3040 850 εἶναι
3071 794 3360 868 νομίσωσι,
3412 793 3566 870 λόγω
3615 794 3790 854 λαλῶ.

389 914 496 972 άεεὶ
529 909 939 972 criminentur,
963 916 1102 957 neve
1125 896 1458 967 contingere
1475 893 1633 948 idem
1664 893 1874 963 putent
1904 902 2027 944 esse

2143 883 2426 972 Oﬁxielmv
2459 885 2487 939 6
2517 884 2670 954 Θεὸς,
2703 886 2795 953 Μὴ
2831 882 2987 939 λάλει
3023 885 3073 938 ἐν
3106 879 3396 958 Σαϐϐάτῳ.
3422 886 3538 940 Ἐὰν
3564 881 3623 940 δὲ
3646 886 3674 940 6
3703 884 3795 941 λόο

389 1010 565 1076 atque
583 997 832 1072 operari,
859 992 1100 1050 verbum
1121 991 1353 1076 tantum
1374 983 1622 1076 profero.
1649 980 2031 1076 Nequaquam

389 1067 685 1152 ait-Deus:
716 1086 800 1142 Ne
828 1084 1069 1153 loquare
1097 1078 1158 1132 in
1189 1074 1462 1132 Sabbato.
1503 1071 1563 1126 Si
1614 1072 1809 1124 autem
1855 1067 2030 1122 verbo

390 1200 538 1257 opus
559 1177 868 1238 efficiatur,
891 1164 1263 1257 admirationi
1279 1164 1366 1257 sit
1385 1161 1483 1257 qui
1509 1159 1745 1257 locutus
1776 1161 1885 1257 est.
1906 1157 2030 1257 Ἐχ-

385 1245 560 1331 tende
591 1281 834 1324 manum
865 1266 1050 1316 tuam.
1083 1255 1228 1309 Vide
1259 1250 1576 1308 discrimen
1613 1247 1786 1303 facti:
1823 1245 2030 1300 Petrus

385 1367 446 1421 in
475 1359 751 1434 Speciosa
779 1357 946 1426 porta
976 1343 1357 1421 paralyticum
1391 1355 1631 1405 sanans,
1691 1349 2031 1434 compressa

381 1423 545 1509 illius
575 1423 812 1504 dextera
845 1454 1022 1496 manu
1055 1430 1347 1490 excitavit.
1377 1430 1589 1484 Servus
1638 1423 2026 1493 attrectando,

382 1538 672 1602 extendit:
702 1529 983 1590 Dominus
1001 1522 1259 1596 jubendo
1308 1517 1585 1574 extendit.
1619 1513 1871 1570 Extende
1903 1527 2026 1602 ma-

384 1601 527 1691 num
557 1623 832 1684 tuam.Do
853 1615 958 1674 tibi
976 1615 1285 1678 virtutem,
1303 1612 1359 1663 et
1380 1603 1699 1662 efﬁcaciam
1727 1601 2021 1691 sanitatis.

383 1689 574 1778 verbo
594 1713 982 1788 jussioneque
1013 1719 1144 1758 mea
1173 1700 1233 1754 in
1258 1703 1333 1788 te
1379 1693 1670 1788 constituo
1706 1708 1720 1748 :
1769 1689 2028 1746 Extende

383 1782 628 1869 manum
649 1809 838 1858 tuam.
857 1795 1012 1853 Dixit
1038 1791 1157 1857 ille,
1181 1789 1290 1844 iste
1313 1784 1446 1842 fecit
1469 1801 1482 1839 :
1507 1782 1673 1839 arida
1695 1796 1908 1869 manus
1938 1794 2027 1869 sa-

2139 994 2235 1050 γος
2269 969 2422 1050 ἔργον
2453 972 2690 1050 γένηται,
2723 974 3076 1046 θαυμαζέσθω
3106 973 3135 1028 ὀ
3186 972 3457 1044 λαλήσας.
3513 975 3788 1030 Ἔκτεινον

2140 1063 2238 1130 τήν
2289 1064 2452 1138 χεῖρά
2498 1084 2612 1118 σου.
2667 1062 2841 1118 Βλέπε
2888 1083 2985 1136 μοι
3054 1060 3316 1141 διαφορὰν
3369 1063 3710 1140 πράγματος·
3761 1066 3789 1120 6

2141 1150 2344 1226 Πέτρος
2393 1151 2444 1206 ἐν
2497 1150 2684 1226 Ὡραίᾳ
2729 1149 2877 1226 πύλῃ
2920 1150 3289 1228 παραλυτικὸν
3338 1152 3550 1222 σώζων,
3599 1153 3791 1216 πιάσας

2141 1237 2315 1314 δεξιᾶς
2371 1241 2560 1317 χειρὸς
2618 1239 2859 1317 ἤγειρεν.
2915 1243 2971 1294 '0
3029 1239 3228 1303 δοῦλος
3281 1245 3493 1315 κρατῶν
3545 1241 3787 1298 ἐκτείνει·

2140 1331 2168 1384 6
2199 1327 2465 1399 δεσπότης
2497 1328 2735 1384 κελεύων
2769 1329 3006 1386 ἐκτείνει.
3041 1337 3319 1385 Ἔκτεινον
3351 1333 3450 1400 τήν
3480 1330 3642 1408 χεῖρά
3672 1353 3787 1387 σου.

2139 1418 2222 1473 σοὶ
2254 1415 2457 1490 δίδωμι
2484 1419 2584 1487 τήν
2615 1415 2865 1492 δύναμιν,
2896 1419 2985 1473 καὶ
3015 1419 3114 1486 τήν
3166 1418 3436 1494 ἐνέργειαν
3487 1426 3587 1489 τῆς
3634 1422 3789 1495 θερα-

2136 1506 2311 1568 πείας.
2363 1505 2462 1561 Διὰ
2506 1510 2613 1560 τῶν
2661 1503 2846 1580 λόγων
2891 1503 3152 1567 κελεύσας
3203 1504 3478 1578 ἐντίθημι.
3512 1511 3788 1561 Ἔκτεινον

2134 1596 2232 1663 τήν
2265 1597 2430 1671 χεῖρά
2459 1615 2577 1652 σου.
2608 1599 2663 1649 '0
2697 1595 2791 1667 μὲν
2825 1595 2992 1668 εἶπεν,
3025 1597 3052 1650 ὁ
3084 1592 3143 1649 δὲ
3191 1593 3434 1665 ἐποίησε.
3481 1595 3578 1650 Καὶ
3611 1597 3645 1665 ἡ
3690 1595 3786 1668 μὲν

2136 1684 2274 1761 ξηρᾶ
2330 1684 2455 1760 χεὶρ
2512 1683 2945 1753 ἀποκατεστάθη·
3003 1685 3067 1740 τὸ
3095 1713 3098 1716 ~
3124 1681 3182 1738 δὲ
3228 1685 3389 1759 ξηρὸν
3419 1690 3524 1753 τῆς
3553 1681 3788 1748 διανοίας

2135 1778 2242 1828 τῶν
2273 1771 2550 1831 Ἰουδαίων
2584 1772 2682 1828 οὐκ
2711 1772 3062 1848 ἐθεραπεύθη·
3095 1770 3220 1828 ἀλλ’
3276 1770 3598 1844 ἐξελθόντες,
3653 1776 3790 1830 κατὰ

381 1859 876 1959 ῐᾙῐᾶρῖτεειίωῐα,
907 1881 1241 1950 mentisque
1269 1875 1609 1931 Judornm
1643 1867 2026 1974 ariditasomi-

2138 1863 2196 1918 τὸ
2250 1861 2452 1938 ἀρτίως
2497 1862 2844 1938 ἀνάγνωσμα,
2895 1859 3284 1938 διελογίζοντο,
3326 1863 3380 1916 τί
3411 1863 3470 1916 ἂν
3502 1864 3788 1933 ποιήσειαν

382 1957 542 2047 nime
559 1984 765 2042 sanata
781 1975 891 2032 fuit
918 1991 932 2042 ;
954 1970 1056 2028 sed
1077 1963 1319 2039 egressi,
1345 1967 1410 2018 ut
1455 1961 1628 2016 modo
1652 1959 1866 2047 lectum
1888 1957 2021 2047 fuit,

380 2045 788 2136 deliberabant
807 2063 948 2137 quid
974 2054 1405 2116 facerentJesu.
1437 2048 1734 2137 Deliberas
1765 2045 1906 2117 quid
1945 2045 2026 2100 fa-

381 2135 586 2227 cturus
607 2161 689 2219 eis
709 2177 722 2214 :
746 2135 924 2212 adora
945 2155 1009 2205 ut
1045 2153 1251 2213 Deum,
1273 2143 1454 2197 adora
1473 2135 2026 2227 miraculorumau-

383 2223 626 2319 etorem,
658 2249 838 2306 adora
866 2237 1192 2298 hominem,
1223 2248 1311 2298 ea,
1354 2246 1481 2301 quae
1521 2243 1702 2319 supra
1757 2223 2025 2280 homines

384 2350 547 2413 sunt,
563 2315 925 2415 operantem.
948 2328 1073 2385 Non
1099 2319 1380 2415 apposuit
1392 2315 1744 2415 emplastra,
1766 2330 1880 2415 non
1904 2328 2027 2385 per-

384 2401 717 2493 lusionibus
766 2417 1125 2496 quibusdam
1183 2407 1489 2496 brachium
1526 2401 1855 2496 Aemollivit,
1907 2417 2026 2496 non

385 2491 661 2583 sexcenta
690 2491 1084 2572 remediorum
1116 2515 1328 2572 genera
1383 2494 1672 2552 adhibuit.
1725 2493 1790 2547 In
1835 2491 2028 2583 medio

387 2579 584 2673 stabat
613 2608 732 2671 ille,
759 2617 879 2659 rem
910 2609 1115 2654 omnes
1145 2595 1372 2664 gestam
1395 2584 1708 2640 videbant:
1735 2596 1849 2673 non
1868 2579 2028 2673 enim

561 2669 786 2757 editum
806 2703 954 2763 opus
985 2684 1194 2748 fuerat,
1238 2692 1310 2733 ne
1333 2675 1467 2746 quis
1491 2673 1740 2763 diceret;
1777 2669 2027 2763 Herbam

389 2757 1069 2854 adhibuitﬁmplastrum
1085 2765 1376 2854 apposuit.
1392 2763 1600 2854 Surge,
1624 2759 1784 2816 stain
1805 2757 2026 2854 medio;

385 2889 453 2942 ut
483 2897 554 2938 ne
583 2879 774 2950 ipsam
807 2868 887 2924 rei
916 2883 948 2920 ν

568 2937 799 3041 Εὲιθθεεὶ
819 2961 1016 3016 autem
1041 2948 1125 3041 illi
1145 2943 1550 3041 deliberabant
1596 2938 1739 3010 quid
1755 2937 2028 3041 iacerent

382 3024 649 3121 de—J‘e'suuz
676 3057 741 3111 ut
773 3049 949 3106 etiam
973 3041 1068 3098 hic
1095 3039 1156 3094 in
1199 3035 1310 3090 hac
1346 3033 1476 3104 ipsa
1518 3029 1684 3124 hora,
1720 3029 1837 3082 stat
1859 3024 2022 3124 quis:

382 3116 540 3226 piam
573 3145 738 3204 arida
765 3152 968 3202 manu,
1001 3145 1134 3187 cum
1165 3140 1295 3182 eam
1328 3118 1570 3220 pauperi
1615 3133 1730 3173 non
1778 3116 2028 3186 porrigit

379 3210 453 3299 ad
485 3238 953 3303 eleemosynam:
989 3221 1039 3275 is
1088 3210 1492 3303 quantumvis
1525 3221 1763 3303 corpore
1819 3219 2021 3303 sa‘nus,

381 3291 586 3386 aridus
613 3328 704 3379 est
731 3291 948 3374 mente.
980 3308 1128 3365 Audi
1157 3310 1216 3360 et
1244 3307 1308 3358 tu
1341 3301 1450 3355 hac
1479 3298 1609 3368 ipsa
1638 3295 1779 3350 hora
1811 3291 2028 3386 saluta-

652 3407 866 3465 verba:
899 3396 1155 3456 Extende
1178 3404 1421 3448 manum
1452 3392 1641 3452 tuam,
1689 3387 1746 3438 et
1790 3381 2028 3474 abbas

502 3502 694 3573 incipe
713 3497 1143 3561 eleemosynam
1177 3477 1421 3573 pauperi
1451 3491 1706 3573 erogare.
1727 3470 1864 3573 IAli‘o
1886 3471 2026 3526 item

385 3561 561 3652 modo
591 3561 648 3646 id
683 3585 1128 3658 pertractemus.
1163 3569 1330 3627 Multi
1365 3564 1574 3659 incurii
1607 3567 1745 3618 sunt
1790 3561 1848 3659 id
1898 3575 2027 3659 pro-

383 3646 593 3747 ὧδὲ),
624 3646 747 3733 tota
775 3673 868 3728 die
899 3663 1150 3738 negotiis
1178 3656 1531 3714 incumbunt
1562 3651 1858 3750 humanis,
1881 3646 2027 3750 'viloi-

383 3739 764 3847 penduntque
797 3760 1059 3818 divinum
1092 3748 1495 3847 precatiopum
1527 3740 1847 3847 negotium.
1881 3739 2028 3847 Huic

383 3829 619 3935 quoque
644 3829 801 3912 dicat
828 3848 1126 3905 Salvator:
1159 3837 1406 3935 Extende
1435 3848 1678 3933 manum
1715 3835 1923 3935 tuam,
1948 3829 2031 3935 ut

386 3916 800 4023 ait—A‘postolus
826 3957 840 3996 :
865 3962 895 3990 «
917 3935 1060 3991 Volo
1081 3946 1246 3988 orare
1289 3924 1557 3982 homines
1580 3921 1639 3975 in
1685 3918 1843 4018 omni
1878 3916 2028 3983 loco,

384 4016 729 4098 extollentes
769 4031 1005 4087 sanctas
1036 4034 1250 4078 manus
1279 4016 1346 4068 °°.
1384 4037 1405 4065 ι
1441 4016 1722 4066 Caeterum
1742 4016 1882 4098 quia
1901 4020 2027 4098 ser-

385 4095 706 4187 moinoster
729 4119 874 4177 satis
896 4109 1200 4189 processit,
1225 4099 1642 4189 surgentesblﬁ
1672 4113 1778 4189 nos
1801 4095 1911 4166 ipsi
1934 4109 2028 4189 ex-

382 4185 702 4273 tendamus
734 4185 1090 4270 manusmon
1111 4195 1302 4254 solum
1319 4193 1378 4248 in
1399 4189 1512 4258 die,
1545 4187 1645 4244 sed
1662 4190 1718 4242 et
1738 4185 1798 4240 in
1818 4187 1982 4239 nocte
2008 4200 2022 4238 :

383 4330 410 4358 ‹‹
439 4306 502 4361 In
525 4301 797 4360 noctibus
817 4292 1072 4352 extollite
1097 4299 1307 4343 manus
1340 4285 1564 4337 vestras
1617 4275 1676 4330 in
1716 4277 1940 4338 sancta,
1971 4275 2029 4328 et

383 4391 709 4451 benedicite
729 4384 1044 4444 Dominum
1065 4377 1170 4434 δι.»
1186 4375 1256 4429 Et
1276 4368 2028 4427 extendamusmanussan-

382 4489 505 4541 ctus
530 4479 714 4538 abluti
757 4476 910 4531 inter
930 4469 1303 4530 innocentes;
1327 4463 1393 4514 ut
1413 4457 1691 4541 invocato!
1723 4451 2028 4541 universo-

2130 1955 2210 2024 τῷ
2237 1952 2440 2022 Ἰησοῦ.
2477 1951 2793 2026 Διαλογίζῃ,
2838 1951 2892 2006 τί
2935 1953 3230 2021 ποιήσεις;
3284 1950 3660 2026 προσκύνησον
3710 1952 3787 2016 ὡς

2134 2042 2282 2111 Θεὸν,
2335 2039 2712 2116 προσκύνησον
2758 2041 2850 2096 τὸν
2903 2041 3331 2114 θαυματοποιὸν,
3407 2040 3783 2116 προσκύνησον

2135 2128 2417 2205 ἄνθρωπον
2465 2131 2533 2185 τὰ
2584 2130 2717 2206 ὑπὲρ
2768 2131 3050 2204 ἄνθρωπον
3099 2129 3477 2205 ἐργασάμενον.
3528 2130 3640 2185 Οὐκ
3684 2129 3787 2204 ἐμ-

2133 2217 2434 2294 σλάστρους
2465 2218 2822 2293 προσέθηκεν,
2855 2218 2954 2274 οὐκ
2983 2214 3288 2296 ἐμϐροχαῖς
3317 2239 3456 2274 τισιν
3487 2221 3786 2294 ἡπάλυνεν,

2135 2307 2198 2363 ού
2232 2309 2398 2384 μυρία
2427 2310 2684 2387 φάρμακα
2714 2307 2928 2384 ἰατρικὰ
2956 2310 3343 2386 προσήνεγκεν.
3387 2308 3480 2371 Εἷς
3529 2308 3593 2364 τὸ
3629 2309 3790 2383 μέσον

2133 2397 2200 2467 ἦν
2235 2399 2264 2452 6
2294 2397 2485 2469 ἐστὼς,
2512 2400 2707 2460 πάντες
2739 2393 2970 2454 ἔϐλεπον
2997 2399 3060 2454 τὸ
3089 2397 3398 2474 γενόμενον·
3436 2399 3512 2472 μὴ
3531 2400 3637 2474 γὰρ
3656 2397 3788 2474 κρύ-

2136 2508 2258 2565 φιον
2315 2490 2380 2557 ἦν
2433 2487 2496 2543 τὸ
2550 2487 2927 2564 ἐργαζόμενον·
2977 2486 3069 2542 ἳνα
3126 2489 3202 2561 μή
3251 2507 3336 2550 τις
3367 2484 3509 2561 εἴπῃ·
3543 2489 3790 2558 Βοτάνην

2134 2579 2523 2653 προσήνεγκεν,
2553 2573 2899 2653 ἔμπλαστρον
2931 2577 3287 2649 προσέθηκεν.
3325 2579 3592 2652 Ἔγειραι,
3626 2583 3785 2646 στῆθι

2137 2666 2213 2728 εἰς
2240 2667 2303 2722 τὸ
2346 2666 2529 2738 μέσον,
2556 2663 2648 2720 ’ίνα
2676 2667 2896 2729 πάντως
2925 2667 3000 2740 μή
3045 2669 3474 2742 κατηγορήσωσι
3504 2672 3612 2735 τῆσ
3641 2665 3788 2737 ἀληυ

2137 2755 2303 2818 θείας·
2331 2752 2424 2809 ’ίνα
2453 2754 2888 2831 ἀσυκοφάντητον
2921 2755 3142 2832 γένηται
3161 2755 3225 2810 τὸ
3253 2760 3498 2830 πρᾶγμα.

953 2863 1216 2920 eritatem
1247 2851 1703 2918 calumniantur,
1741 2854 1805 2902 ut
1834 2844 2034 2902 nullus
2061 2844 2140 2902 sit
2165 2844 2557 2918 sycophantiae
2587 2844 2775 2901 locus.

2208 2935 2294 2990 17.
2329 2931 2665 3003 Ἐξελθόντες
2723 2928 2781 2986 δὲ
2837 2929 3029 2985 ἐκεῖνοι
3087 2928 3480 3005 διελογίζοντο,
3529 2926 3583 2983 τί
3613 2930 3780 2998 ποιή-

2134 3043 2267 3078 σωσι
2296 3026 2374 3094 τῷ
2403 3023 2606 3091 Ἰησοῦ·
2641 3021 2716 3082 ὡς
2747 3019 2834 3074 καὶ
2867 3019 3087 3074 ἐνταῦθα
3113 3020 3252 3073 κατὰ
3289 3016 3453 3089 τήνδε
3477 3019 3578 3088 τήν
3611 3037 3779 3093 ωραν,

2135 3109 2321 3178 ἕστηκέ
2348 3132 2433 3173 τις
2463 3109 2628 3185 ξηρὰν
2659 3105 2804 3183 ἔχων
2833 3108 2934 3176 τὴν
2961 3113 3143 3183 χεῖρα,
3179 3109 3207 3161 ὁ
3243 3108 3317 3180 μή
3352 3107 3600 3162 ἐκτείνων
3627 3126 3778 3161 πτω-

2135 3205 2224 3278 χῷ
2269 3197 2660 3273 ἐλεημοσύνην.
2714 3197 2881 3259 Οὗτος
2929 3197 3025 3251 κάν
3077 3195 3287 3272 ὑγιαίνῃ
3313 3197 3376 3251 τὸ
3407 3200 3584 3270 σῶμα.
3618 3195 3781 3271 ξηρός

2139 3290 2252 3346 ἐστι
2305 3290 2406 3358 τὴν
2458 3286 2718 3343 διάνοιαν.
2779 3288 3045 3343 Ἀκουσον
3095 3284 3278 3341 καὶσὺ
3309 3285 3444 3340 κατὰ
3487 3282 3652 3355 τήνδε
3679 3285 3779 3352 τὴν

2135 3379 2278 3454 ὥραν
2332 3382 2440 3433 τῶν
2499 3375 2785 3452 σωτηρίων
2834 3375 3015 3450 λόγων
3049 3374 3335 3451 λεγόντων.
3374 3377 3651 3432 Ἔκτεινον
3681 3374 3780 3442 τὴν

2135 3468 2298 3544 χεῖρά
2329 3484 2446 3521 σου·
2477 3469 2566 3521 καὶ
2599 3465 2704 3520 ἀπὸ
2734 3469 2829 3520 τοῦ
2861 3467 3100 3539 σήμερον
3129 3462 3280 3540 ἄρξαι
3327 3468 3501 3518 ποιεῖν
3555 3461 3788 3535 ἐλεημο-

2136 3556 2300 3627 σύνην
2332 3559 2567 3630 πτωχῷ.
2598 3554 2697 3609 Καὶ
2730 3552 2915 3615 ἄλλως
2945 3551 3004 3608 δὲ
3043 3552 3172 3608 αὐτὸ
3231 3547 3511 3624 λάϐωμεν.
3572 3549 3786 3606 Πολλοί

2134 3643 2274 3707 τινές
2306 3645 2435 3699 εἰσιν
2464 3641 2689 3716 ἀμελεῖς
2720 3641 2795 3705 εἷς
2826 3642 3160 3716 προσευχὰς,
3192 3641 3282 3696 καὶ
3311 3647 3483 3696 πᾶσαν
3541 3641 3634 3714 μὶν
3683 3641 3782 3709 τὴν

2136 3733 2342 3809 ἡμέραν
2401 3731 2767 3808 ἀσχολοῦνται
2815 3731 2938 3806 περὶ
2999 3729 3247 3806 ἐργασίας
3297 3729 3659 3805 ἀνθρωπίνας,
3687 3750 3785 3784 κα-

2133 3825 2459 3900 ταφρονοῦσι
2511 3818 2569 3876 δὲ
2611 3827 2712 3890 τῆς
2767 3820 2911 3883 θείας
2960 3819 3211 3896 ἐργασίας
3267 3823 3376 3874 τῶν
3439 3822 3784 3894 προσευχῶν.

2136 3911 2234 3966 Καὶ
2265 3911 2399 3984 πρὸς
2423 3915 2611 3965 τοῦτον
2643 3909 2849 3986 λεγέτω
2881 3910 2910 3964 ὁ
2941 3911 3160 3984 Σωτήρ·
3209 3912 3485 3964 Ἔκτεινον
3538 3909 3639 3977 τὴν
3668 3911 3788 3983 χεῖ-

2137 3999 2203 4077 ρά
2228 4021 2347 4070 σου,
2377 4000 2557 4062 καθὼς
2591 3999 2734 4074 λέγει
2771 3999 2799 4052 ὀ
2834 3997 3190 4060 ’Λπόστολος·
3238 4023 3265 4050 ‹‹
3299 3995 3579 4071 Βούλομαι
3616 4016 3785 4072 προσ-

2137 4089 2389 4165 εύχεσθαι
2443 4087 2572 4150 τοὺς
2629 4085 2847 4163 ἄνδρας,
2908 4086 2960 4142 ἐν
3011 4088 3174 4142 παντὶ
3240 4087 3395 4160 τόπῳ
3471 4086 3786 4162 ἐπαίροντας

2135 4179 2316 4241 ὁσίους
2363 4182 2576 4253 χεῖρας.
2628 4202 2654 4230 ››
2700 4175 2991 4248 Δύτάρκως
3023 4174 3079 4232 δὲ
3108 4180 3214 4232 τῶν
3248 4175 3430 4251 λόγων
3461 4178 3621 4249 ἡμῶν
3653 4194 3789 4251 προ-

2134 4268 2530 4343 χωρησάντων,
2591 4267 2906 4328 ἀναστάντες
2965 4265 3052 4321 καὶ
3110 4268 3274 4338 ἡμεῖς
3328 4264 3648 4340 ἐκτείνωμεν
3690 4265 3786 4326 τὰς

2135 4361 2350 4432 χεῖρας,
2400 4355 2490 4410 καὶ
2553 4355 2629 4427 μὴ
2683 4354 2850 4427 μόνον
2901 4353 2951 4410 ἐν
2997 4354 3201 4430 ἡμέρᾳ,
3233 4352 3496 4409 ἀλλὰκαὶ
3529 4351 3582 4408 ἐν
3613 4351 3786 4407 νυκτί·

2141 4469 2168 4496 ‹‹
2198 4449 2326 4506 Ταῖς
2355 4443 2498 4513 νυξὶν
2558 4441 2786 4518 ἐπάρατε
2839 4443 2936 4506 τὰς
2995 4449 3186 4519 χεῖρας
3240 4443 3390 4515 ὑμῶν
3443 4441 3518 4505 εἷς
3547 4442 3615 4497 τὰ
3645 4442 3789 4517 ἅγια,

547 4570 683 4638 Deo,
715 4565 843 4636 ejus
873 4556 1090 4617 auxilio
1126 4551 1516 4638 perfruamur,
1532 4541 1607 4638 in
1634 4538 1868 4638 Cbristﬁo
1886 4537 2027 4638 .les‘u

2138 4533 2228 4588 καὶ
2263 4531 2540 4607 εὐλογεῖτε
2591 4532 2684 4587 τὸν
2718 4531 2938 4608 Κύριον.
2975 4557 3002 4583 ››
3034 4531 3131 4586 Καὶ
3166 4528 3573 4604 διαπετάσωμεν
3604 4536 3794 4606 χεῖρας

2154 4624 2166 4638 .
2222 4621 2232 4638 ,
2448 4626 2458 4638 .
2491 4621 2502 4638 ρ
2710 4625 2718 4638 ,
2795 4621 2809 4638 ς
2875 4623 2886 4638 .
3033 4619 3059 4638 η
3231 4621 3246 4638 ε
3354 4624 3380 4635 η
3472 4619 3523 4638 ιη
3669 4627 3701 4638 η
3741 4619 3759 4638 κ

382 4619 883 4718 bBEiBB'Lsétro,
916 4664 1016 4721 per
1046 4619 1221 4717 quem
1258 4644 1369 4692 Deo
1400 4631 1586 4721 gloria
1642 4645 1774 4684 cum
1813 4625 2027 4721 _Spiritu

2148 4621 2356 4692 ὁσίους,
2379 4621 2666 4696 νιψάμενοι
2700 4625 2751 4676 έν
2784 4621 3005 4696 ἀθώοις·
3033 4619 3144 4694 τίνα,
3193 4621 3284 4676 τὸν
3315 4624 3420 4675 τῶν
3467 4619 3613 4676 ὅλων
3665 4619 3795 4675 Θεὸν

383 4715 609 4817 sancto,
637 4759 796 4801 nunc
827 4715 885 4796 et
912 4715 1145 4807 semper
1174 4733 1230 4785 et
1268 4729 1330 4781 in
1389 4720 1603 4778 saecula
1655 4715 2028 4774 saeculorum.

382 4841 584 4899 Amen.

2140 4709 2589 4784 ἐπικαλούμενοι,
2633 4717 2734 4780 τῆς
2777 4713 2904 4787 παρ’
2950 4707 3113 4765 αὐτοῦ
3166 4709 3423 4785 βοηθείας
3473 4706 3800 4764 ἀπολαύσω-

2143 4822 2260 4876 μεν,
2319 4806 2419 4869 τῆς
2479 4799 2531 4855 ἐν
2586 4801 2806 4875 Χριστῷ
2861 4801 3046 4869 Ἰησοῦ
3101 4802 3181 4871 τῷ
3209 4798 3391 4874 Κυρίῳ
3420 4799 3605 4872 ἡμῶν,
3636 4795 3706 4852 δι’
3737 4793 3801 4852 οὗ

630 4926 665 4993 ἡ
699 4918 825 4993 δόξα
853 4918 966 4990 ἅμα
992 4916 1070 4983 τῷ
1099 4907 1243 4984 ἀγίῳ
1263 4901 1534 4974 Πνεύματι
1563 4893 1656 4952 νῦν
1682 4895 1771 4951 καὶ
1789 4893 1870 4948 ἀεὶ
1900 4890 1988 4948 καὶ
2021 4889 2097 4954 εἲς
2126 4889 2254 4952 τοὺς
2284 4888 2484 4952 αἷῶνας
2506 4891 2615 4944 τῶν
2647 4887 2882 4944 αἰώνων.
2918 4889 3124 4961 Ἀμήν.

451 5113 497 5148 ω
526 5109 547 5165 Ι
577 5109 726 5164 Tim.
757 5120 820 5172 ιι,
841 5103 898 5157 8.
973 5098 1017 5136 ⁶¹
1053 5091 1205 5151 Psal.
1237 5101 1473 5154 cxxxm,
1502 5083 1558 5137 2.
