4154 6358
413 423 527 482 175

1593 413 1658 474 S.
1704 412 2231 476 A'l‘I-IANASIUS.
2259 445 2338 461 —
2365 413 2632 477 DUBIA.

3709 413 3828 481 ιτε

408 557 542 614 Sion
576 561 860 622 montem,
891 561 949 613 et
978 557 1050 614 ad
1081 554 1375 612 civitatem
1409 551 1508 606 Dei
1538 549 1804 616 viventis,
1835 550 2064 605 Jerusa-

2184 546 2468 624 ἒπουρανία
2499 549 2632 621 (63),
2664 547 2739 610 ὡς
2781 547 2871 603 καὶ
2931 549 2959 606 6
3002 551 3266 626 μακάριος
3327 549 3663 616 ’Δπόστολος
3693 552 3831 629 γράο

408 646 524 702 lem
573 645 892 712 caelestem,
933 650 990 702 et
1040 644 1362 700 multorum
1414 639 1665 696 millium
1719 637 2061 711 angelorum

408 734 797 806 frequentiam
820 735 885 789 ⁸ο.
908 756 936 783 ››

2175 657 2284 714 φει’
2320 663 2345 687 ‹‹
2378 637 2449 691 Οὐ
2493 638 2593 712 γὰρ
2646 635 2844 712 ἔγομεν
2879 635 2983 694 ὧδε
3017 641 3276 713 μένουσαν
3311 640 3500 715 πόλιν,
3554 640 3702 697 ἀλλὰ
3728 643 3828 714 τὴν

2180 725 2488 798 μέλλουσαν
2549 725 2936 800 ἐπιζητοῦμεν,
2991 730 3057 798 ἧς
3099 730 3356 806 τεχνίτης
3412 731 3501 786 καί
3561 729 3831 807 δημιουρ,

405 833 502 908 γὸς
536 832 565 887 ὁ
596 830 748 892 Θεός.
782 855 810 882 ››
843 829 944 888 Καὶ
975 827 1139 885 πάλιν
1173 830 1201 884 6
1233 826 1393 888 αὐτός
1425 845 1586 904 φησιν
1615 825 1746 898 (64)
1784 848 1811 876 ‹‹
1842 822 1915 876 Οὐ
1944 823 2045 900 γὰρ
2075 820 2522 898 προσεληλύθατε
2552 823 2948 902 ψηλαφωμένῳ
2980 821 3093 902 ὄρει
3126 827 3216 882 καί
3245 828 3648 904 κεκαλυμμένῳ
3669 829 3833 906 πυρὶ.

406 918 553 976 ἀλλά
581 918 1023 997 προσεληλύθατε
1057 920 1198 973 Σιὼν
1228 913 1363 992 ὄρει,
1395 915 1483 969 καὶ
1515 913 1674 969 πόλει
1707 916 1842 968 Θεοῦ
1873 917 2092 984 ζῶντος,
2127 909 2492 986 Ἰερουσαλὴμ
2521 912 2846 988 ἐπουρανίῳ,
2893 915 2982 969 καὶ
3065 918 3317 992 μυριάσιν
3352 917 3600 995 ἀγγέλων
3652 939 3835 989 πανη.

411 1031 589 1087 γυρει.

485 1101 536 1155 4.
571 1099 744 1156 Tales
783 1100 945 1155 fuere
975 1097 1161 1154 sancti
1196 1113 1421 1167 omnes,
1453 1100 1511 1152 et
1540 1098 1824 1166 quotquot
1855 1111 2062 1150 secun—

410 1190 550 1246 dum
585 1188 835 1244 Paulum
865 1188 1226 1256 incedentes,
1257 1187 1457 1242 eodem
1499 1183 1880 1240 contendunt.
1914 1181 2063 1236 Audi

409 1295 649 1335 rursum
680 1278 951 1334 eumdem
980 1295 1038 1334 :«
1058 1276 1118 1332 Si
1148 1277 1303 1332 enim
1338 1275 1525 1347 ipsius
1561 1271 1973 1328 meminissent
1995 1272 2065 1326 de

411 1385 528 1440 qua
568 1368 855 1434 exierunt,
891 1365 1174 1422 haberent
1223 1363 1427 1435 utique
1459 1361 1824 1418 occasionem
1875 1377 2065 1416 rever-

408 1457 592 1514 tendi.
628 1456 794 1514 Nunc
825 1459 1023 1511 autem
1067 1452 1365 1509 meliorem
1406 1455 1712 1524 appetunt,
1745 1451 1803 1506 id
1835 1454 1925 1505 est
1952 1467 2064 1504 ca:-

412 1549 618 1602 lestem
643 1545 710 1600 '1.
736 1566 766 1594 »
801 1543 1147 1614 ﬂujusmodi
1177 1546 1342 1598 erant
1382 1541 1569 1597 sancti
1609 1538 1858 1612 apostoli
1888 1543 1946 1594 et
1975 1539 2064 1593 di-

411 1633 623 1707 soipuli
644 1632 898 1702 Domini,
920 1631 1019 1704 qui
1051 1648 1186 1686 cum
1219 1634 1388 1686 Petro
1413 1629 1685 1685 dicebant
1709 1645 1758 1684 ια
1781 1628 1926 1682 Ecce
1958 1643 2064 1682 nos

410 1723 760 1796 reliquimus
783 1721 1001 1784 omnia,
1024 1725 1081 1775 et
1106 1719 1290 1776 secuti
1313 1736 1523 1775 sumus
1554 1723 1610 1774 te
1631 1719 1733 1772 θ’.»
1761 1717 2068 1772 Mittuntur

2247 1094 2299 1148 4.
2333 1095 2578 1146 Τοιοῦτοι
2639 1088 2696 1146 δὶ
2745 1094 2856 1166 (65)
2908 1092 3044 1162 ἦσαν
3087 1095 3280 1158 πάντες
3310 1097 3361 1151 οἱ
3393 1098 3558 1174 ἅγιοι,
3590 1095 3678 1152 καί
3711 1096 3828 1153 ὅσοι

2173 1180 2310 1233 κατά
2363 1179 2454 1234 τὸν
2529 1179 2743 1235 Παῦλον
2820 1183 3179 1258 πορευόμενοι
3251 1185 3452 1256 ταύτης
3528 1185 3826 1262 ὀρέγονται.

2174 1274 2375 1322 ’Ἄκουε
2425 1269 2590 1323 πάλιν
2635 1269 2814 1323 αὐτόν·
2865 1295 2894 1322 «
2944 1271 3007 1325 Εί
3054 1274 3156 1348 γὰρ
3204 1271 3827 1349 έκείνηςέμνημόνευον,

2173 1355 2262 1435 ἀφ’
2307 1360 2373 1425 ἧς
2423 1352 2700 1430 ἐξέϐησαν,
2751 1358 2903 1434 εἶχον
2964 1359 3023 1414 ἂν
3081 1363 3269 1438 καιρὸν
3315 1363 3654 1440 ἀνακάμψαι·
3718 1369 3827 1421 Νῦν

2175 1442 2233 1500 δὲ
2286 1446 2593 1520 κρείττονος
2648 1445 2950 1522 ὀρέγονται,
3026 1449 3300 1506 τουτέστιν
3379 1451 3720 1530 ἐπουρανίου.
3800 1478 3828 1507 υ

2173 1539 2422 1589 Τοιοῦτοι
2477 1533 2532 1590 δὲ
2575 1537 2710 1604 ἦσαν
2757 1536 2810 1591 0i
2864 1538 3011 1612 ἅγιοι
3076 1538 3376 1596 ἀπόστολοι
3442 1542 3532 1597 καὶ
3593 1543 3830 1616 μαθηταῖ

2172 1629 2270 1680 τοῦ
2328 1623 2548 1699 Κυρίου,
2629 1621 2824 1687 οἵτινες
2903 1629 3017 1699 (66)
3096 1631 3231 1702 μετὰ
3296 1634 3394 1685 τοῦ
3461 1632 3668 1707 Πέτρου
3721 1631 3835 1689 ἔλε-

2172 1720 2287 1790 γον·
2343 1738 2370 1765 ‹‹
2427 1711 2566 1769 Ἰδοὺ
2613 1716 2780 1787 ἡμεῖς
2827 1714 3112 1793 ἀφήκαμεν
3165 1719 3362 1792 πάντα,
3403 1720 3492 1775 καὶ
3523 1719 3838 1794 ἠκολουθή-

409 1813 608 1885 itaque
638 1809 897 1868 solutum
933 1826 1116 1881 supra
1147 1808 1366 1864 dictum
1411 1806 1660 1879 pullum.
1693 1812 1832 1862 Nam
1863 1804 2064 1861 Salva—

2184 1802 2341 1875 σαμέν
2375 1823 2479 1858 σοι.
2517 1826 2544 1854 ››
2587 1801 3045 1860 Ἀποστέλλονται
3078 1805 3173 1861 οῦν
3221 1806 3381 1863 λῦσαι
3430 1811 3522 1865 τὸν
3571 1831 3834 1888 προειρη-

409 1902 553 1958 toris
585 1899 768 1957 nostri
793 1899 1077 1954 adventus
1107 1902 1164 1954 et
1193 1897 1534 1953 humanitas
1566 1895 1853 1952 revocavit
1873 1911 1979 1949 nos
2001 1910 2069 1948 ex

411 2006 562 2062 pago
592 2007 623 2046 e
661 1988 898 2061 regione
951 1987 1143 2058 posito
1173 1988 1243 2042 ad
1277 1985 1570 2042 ccnlestem
1625 1985 1812 2057 ipsius
1864 1984 2070 2038 urbem

411 2095 728 2152 supernam
757 2075 1103 2133 Jerusalem.
1136 2075 1402 2132 Arbitror
1430 2075 1585 2131 enim
1618 2091 1725 2128 nos
1757 2075 1827 2128 ob
1864 2074 2072 2133 Adami

411 2165 928 2238 inobsequentiam
961 2164 1166 2236 pulsos
1199 2181 1328 2220 esse
1359 2180 1427 2219 ex
1460 2163 1752 2235 paradiso,
1785 2167 1842 2217 et
1874 2162 1930 2216 in
1963 2162 2070 2216 ad-

407 2272 645 2314 versum
680 2271 918 2326 pagum,
942 2253 1110 2325 quasi
1147 2254 1204 2307 in
1233 2252 1851 2321 coloniam,deductos
1875 2268 1922 2305 :u
1953 2251 2074 2320 Eje_

411 2348 489 2405 cit
545 2345 724 2412 enim,
776 2343 990 2414 inquit,
1043 2344 1194 2398 Deus
1248 2342 1458 2411 Adam,
1504 2346 1562 2397 et
1619 2341 1882 2396 habitare
1940 2342 2077 2402 fecit

409 2451 546 2493 eum
573 2451 605 2490 e
634 2433 871 2505 regione
902 2430 1161 2503 paradisi
1191 2430 1512 2500 voluptatis
1533 2432 1596 2486 ⁸³.
1623 2452 1650 2481 ››
1678 2431 1772 2485 Sic
1804 2429 1984 2501 igitur
2013 2429 2071 2484 in

412 2525 725 2582 adversum
759 2537 972 2592 pagum
1021 2520 1338 2575 mittuntur
1367 2537 1399 2574 a
1429 2522 1567 2574 Jesu
1603 2518 1879 2590 discipuli
1912 2518 2069 2573 solu-

411 2613 532 2670 turi
564 2611 814 2684 pullum.
839 2610 908 2664 Et
938 2609 1091 2678 vide,
1114 2624 1333 2680 quaeso,
1358 2626 1499 2664 num
1537 2608 1680 2664 forte
1702 2608 1774 2664 ob
1809 2624 1940 2662 eum
1973 2608 2071 2678 qui

414 2704 637 2774 ejectus
690 2700 881 2755 fuerat
909 2715 940 2754 θ
970 2697 1263 2770 paradiso,
1297 2702 1470 2769 atque
1501 2714 1530 2752 e
1560 2697 1798 2769 regione
1847 2697 2072 2752 consti-

413 2795 603 2856 tutus,
636 2789 944 2845 mittantur
971 2787 1244 2858 discipuli
1277 2805 1308 2842 a
1337 2787 1478 2842 Jesu
1520 2787 1580 2841 in
1627 2787 1935 2842 adversum
1967 2803 2066 2858 pa-

413 2899 554 2955 gum
577 2879 827 2936 soluturi
854 2877 1101 2950 pullum.
1128 2877 1206 2932 Ea
1227 2876 1385 2932 enim
1409 2877 1480 2932 de
1501 2893 1680 2931 causa
1705 2877 1860 2932 venit
1879 2876 2069 2931 Salva-

412 2977 526 3039 tor,
558 2968 775 3026 relictis
816 2966 1136 3039 nonaginta
1178 2982 1382 3022 novem
1435 2966 1640 3021 ovibus
1673 2982 1796 3034 qua:
1830 2982 1944 3022 non
1977 2982 2068 3021 er-

416 3061 705 3121 raverant,
739 3060 807 3112 ut
835 3055 1131 3128 profectus
1163 3071 1290 3109 eam
1340 3055 1702 3126 perquireret
1731 3071 1862 3126 quae
1909 3071 2065 3109 erra-

2185 1892 2342 1964 μένον
2376 1894 2489 1963 (67)
2520 1891 2731 1950 πῶλον.
2777 1894 2840 1950 Ἡ
2886 1893 2991 1970 γὰρ
3020 1899 3118 1949 τοῦ
3152 1901 3413 1973 Σωτῆρος
3444 1900 3603 1972 ἡμῶν
3636 1920 3836 1976 παρου-

2181 1979 2267 2034 σία
2322 1981 2411 2034 καὶ
2462 1978 2841 2057 φιλαντρωπία
2890 1982 3247 2040 ἀνεκαλέσατο
3297 1989 3444 2060 ἡμᾶς
3495 1987 3553 2044 έκ
3580 1996 3680 2058 τῆς
3710 2011 3834 2047 κατ-

2182 2071 2356 2124 έναντι
2406 2072 2602 2141 κώμης
2661 2070 2734 2132 εἷς
2792 2072 2892 2140 τήν
2951 2072 3268 2150 ἐπουράνιον
3319 2074 3484 2130 αὐτοῦ
3527 2077 3689 2133 πόλιν
3731 2081 3827 2148 τήν

2183 2155 2292 2212 ἅνω
2350 2157 2732 2234 Ἰερουσαλήμ.
2786 2160 2950 2233 Οἶμαι
2998 2164 3124 2237 γὰρ,
3175 2162 3257 2218 ὅτι
3289 2161 3378 2219 διὰ
3406 2167 3502 2235 τήν
3534 2168 3824 2244 γενομένην

2180 2251 2276 2300 τοῦ
2336 2245 2512 2319 Ἀδὰμ
2566 2249 2846 2323 παρακοήν
2901 2245 3270 2324 έξεόληθημεν
3306 2253 3412 2308 ἀπὸ
3450 2258 3564 2329 (68)
3592 2261 3693 2311 τοῦ
3723 2277 3828 2312 πα-

2185 2333 2450 2410 ραδείσου,
2502 2336 2590 2390 καὶ
2646 2337 2722 2399 είς
2764 2343 2960 2411 κώμην
3009 2341 3107 2408 τὴν
3171 2344 3444 2397 κατέναντι
3513 2344 3829 2418 ἀπῳκίσθη-

2187 2445 2301 2496 μεν·
2353 2451 2378 2475 ‹‹
2441 2421 2692 2496 Ἐξέϐαλε
2747 2428 2873 2503 γάρ,
2928 2429 3114 2506 φησὶν,
3173 2433 3201 2485 6
3259 2432 3388 2495 Θεὸς
3462 2434 3552 2488 τὸν
3632 2433 3830 2510 Ἀδὰμ,

2181 2514 2268 2567 καὶ
2308 2515 2601 2586 κατῴκισεν
2660 2514 2818 2570 αὐτὸν
2869 2515 3119 2572 ἀπέναντι
3184 2523 3280 2574 τοῦ
3342 2518 3671 2596 παραδείσου
3727 2530 3829 2593 τῆς

2179 2606 2406 2680 τρυφῆς·
2463 2627 2491 2654 ››
2540 2603 2638 2658 Καὶ
2689 2601 2796 2658 ὧδε
2844 2604 2936 2659 οὖν
2987 2605 3062 2668 εἷς
3129 2609 3228 2676 τὴν
3296 2610 3576 2666 κατέναντι
3632 2612 3830 2686 κώμην

2181 2689 2686 2748 ἀποστέλλονταιοὶ
2722 2694 2959 2767 μαθηταὶ
2992 2696 3096 2752 ὑπὸ
3144 2701 3242 2752 τοῦ
3293 2699 3469 2768 Ἰησοῦ
3523 2700 3680 2755 λῦσαι
3738 2702 3830 2757 τὸν

2179 2781 2388 2837 πῶλον.
2427 2782 2526 2838 Καὶ
2557 2781 2656 2856 ὅρα
2685 2785 2900 2856 μήποτε
2939 2781 3028 2838 διὰ
3054 2786 3146 2839 τὸν
3197 2781 3530 2855 έκϐληθέντα
3578 2789 3831 2842 ἀπέναντι

2177 2876 2272 2924 τοῦ
2311 2868 2640 2946 παραδείσου
2683 2873 2733 2926 οἱ
2788 2873 3022 2945 μαθηταὶ
3078 2873 3524 2929 ἀποστέλλωνται
3577 2875 3650 2937 εῒς
3728 2878 3824 2946 τήν

2176 2959 2449 3015 κατέναντι
2497 2961 2687 3033 κώμην
2740 2960 2844 3015 ὑπὸ
2897 2965 2996 3015 τοῦ
3045 2962 3226 3031 Ἰησοῦ
3274 2959 3433 3018 λῦσαι
3480 2965 3572 3019 τὸν
3618 2964 3826 3024 πῶλον.

2179 3050 2274 3104 Διὰ
2302 3049 2403 3126 γὰρ
2432 3046 2592 3103 τοῦτο
2620 3052 2732 3122 (69)
2765 3047 3032 3119 έλήλυθεν
3064 3051 3091 3105 6
3125 3052 3344 3128 Σωτὴρ,
3392 3052 3709 3109 καταλιπὼν
3762 3057 3829 3111 τά

414 3151 575 3205 verat
602 3163 615 3202 :
650 3161 769 3218 qua
797 3143 1034 3200 inventa
1054 3142 1284 3198 laetatur
1304 3143 1375 3198 de
1405 3141 1554 3214 ipsa,
1581 3145 2068 3214 congaudentque

2184 3138 2493 3208 ἐνενήκοντα
2560 3136 2709 3193 ἐννέα
2783 3133 3050 3214 πρόϐατα,
3118 3141 3188 3196 τὰ
3267 3143 3343 3216 μὴ
3412 3140 3828 3216 πεπλανημένα,

417 3236 609 3309 angeli
657 3213 730 3290 de
785 3249 902 3289 uno
960 3236 1260 3304 peccatore
1310 3213 1646 3303 pmnitente.
1681 3213 2065 3298 Quaerendum

2184 3227 2331 3288 ὅπως
2387 3226 2670 3298 πορευθεὶς
2732 3213 2940 3302 ζητήσῃ
2991 3227 3054 3283 τὸ
3099 3213 3539 3303 πεπλανημένονο
3584 3213 3681 3286 καὶ.
3746 3231 3830 3287 εὖ·

416 3342 611 3398 porro,
643 3341 716 3381 an
749 3322 857 3379 soli
890 3322 962 3376 ad
1005 3319 1154 3392 pulli
1205 3321 1602 3377 ministerium
1633 3320 1800 3376 missi
1830 3321 1950 3376 sint
1979 3321 2068 3377 di-

418 3413 631 3486 scipuli
684 3412 744 3466 in
792 3411 984 3465 vicum
1015 3425 1086 3464 ex
1115 3409 1357 3464 adverso
1389 3409 1670 3480 positum.
1705 3409 1834 3464 Scio
1887 3409 2067 3480 enim,

419 3506 555 3560 ante
597 3498 914 3572 apostolos,
949 3497 1274 3554 invisibiles
1323 3503 1646 3569 potestates
1693 3499 1834 3554 Jesu
1883 3498 2070 3555 inser-

416 3592 615 3650 viisse.
636 3589 927 3647 Fortassis
949 3587 1106 3643 enim
1141 3587 1301 3658 ipsas
1334 3592 1671 3659 potestates,
1696 3587 1866 3659 quasi
1897 3588 2071 3644 disci-

419 3678 592 3754 pulos
621 3694 780 3746 suos,
814 3675 974 3731 misit
1005 3675 1292 3730 Dominus
1321 3691 1440 3729 una
1480 3691 1610 3730 cum
1653 3674 1839 3744 Petro,
1863 3676 1934 3730 ad
1969 3691 2070 3746 pa-

419 3785 560 3843 gum
593 3785 625 3824 e
656 3766 890 3838 regione
921 3763 1200 3837 positum,
1234 3768 1298 3818 ut
1329 3763 1556 3836 pullum
1589 3764 1897 3820 solverent.
1923 3764 2072 3819 Audi

419 3873 677 3929 namque
713 3853 853 3926 quid
908 3853 979 3908 de
1027 3851 1269 3908 Domino
1317 3853 1676 3924 evangelista
1725 3853 1876 3908 dicat
1906 3871 1918 3908 :
1947 3875 1974 3903 υ
2006 3853 2078 3908 Ει

416 3963 568 4014 ecce,
601 3943 812 4016 inquit,
848 3941 1041 4014 angeli
1087 3940 1384 3997 venientes
1434 3941 1852 3998 ministrabant
1881 3942 1933 3998 ei
1953 3942 2016 3997 ⁸⁸.
2043 3963 2072 3992 »

414 4041 494 4093 De
523 4033 896 4091 humanitate
929 4035 1125 4086 autem
1159 4029 1371 4085 clamat
1409 4031 1582 4086 David
1610 4049 1622 4086 :
1657 4056 1676 4079 ε
1709 4032 1924 4086 Panem
1941 4031 2076 4102 coeli

415 4125 578 4182 dedit
609 4123 715 4188 eis,
749 4137 959 4194 panem
993 4118 1333 4191 angelorum
1369 4120 1744 4175 manducavit
1774 4120 1948 4176 homo
1970 4122 2074 4175 “.»

416 4215 600 4270 Nemo
632 4213 830 4284 itaque
859 4211 1079 4281 degens
1109 4207 1168 4264 in
1200 4214 1536 4281 corpore,et
1567 4209 1625 4264 in
1661 4211 1874 4264 hancce
1894 4209 2072 4264 vitam

417 4305 769 4377 pertractus,
796 4299 1108 4355 arbitretur
1144 4314 1206 4353 se
1238 4298 1390 4354 intra
1439 4297 1731 4353 civitatem
1762 4315 1911 4354 esse.
1948 4299 2071 4356 Non

415 4395 607 4464 potest
639 4390 855 4462 quippe
897 4387 950 4443 is
981 4387 1082 4458 qui
1131 4387 1287 4459 sapit
1315 4386 1596 4454 carnalia,
1629 4386 1688 4441 in
1721 4387 1829 4442 ista
1860 4404 2075 4460 magna

413 4481 643 4537 civitate
675 4477 937 4550 reperiri,
971 4477 1072 4531 sed
1119 4475 1462 4546 hujusmodi
1496 4475 1672 4531 homo
1704 4476 1757 4530 in
1797 4493 1942 4548 pago
1975 4478 2074 4531 ad-

2181 3317 2309 3392 ρὼν,
2345 3313 2524 3390 χαίρει
2557 3313 2640 3370 ἐπ’
2686 3315 2856 3388 αὐτῷ,
2896 3316 3252 3394 συγχαίρουσι
3285 3315 3344 3374 δὶ
3373 3319 3426 3374 οἱ
3460 3318 3681 3396 ἄγγελοι
3738 3319 3827 3377 ἐπὶ

2179 3405 2252 3461 ένὶ
2280 3404 2595 3480 ἁμαρτωλῷ
2630 3410 3000 3478 μετανοοῦντι.
3033 3408 3303 3478 Ζητητέον
3336 3405 3394 3464 δὶ
3425 3408 3470 3464 εί
3525 3408 3681 3482 μόνοι
3727 3413 3826 3480 τῆς

2177 3499 2278 3549 κοῦ
2323 3491 2517 3548 πώλου
2562 3491 2833 3557 διακονίας
2881 3494 3056 3550 ’ἑνεκεν
3097 3495 3472 3567 ἀπεσταλησαν
3505 3499 3555 3552 οἱ
3589 3497 3828 3572 μαθηταὶ

2180 3583 2256 3645 εἷς
2313 3584 2411 3652 τὴν
2469 3583 2746 3638 κατέναντι
2793 3583 3014 3657 κώμην.
3065 3581 3204 3642 Οἶδα
3247 3587 3375 3661 γὰρ,
3426 3586 3510 3641 ὅτι
3565 3587 3671 3664 πρὸ
3718 3593 3824 3644 τῶν

2179 3672 2500 3728 ἀποστόλων
2561 3671 2784 3748 ἀόρατοι
2849 3670 3104 3745 δυνάμεις
3147 3671 3432 3744 διηκόνουν
3485 3681 3564 3748 τῷ
3625 3679 3830 3748 Ἰησοῦ.

2180 3764 2338 3824 Ἰσως
2406 3761 2508 3837 γὰρ
2562 3761 2652 3816 καὶ
2709 3761 2872 3824 αὐτὰς
2925 3763 3018 3825 τὰς
3079 3761 3333 3837 δυνάμεις
3393 3766 3832 3838 μαθητευομένας

2181 3851 2328 3923 αὖτῴ
2362 3853 2389 3906 6
2418 3851 2617 3927 Κύριος
2650 3849 2962 3906 ἀπέστειλεν
2997 3853 3108 3925 ἅμα
3152 3858 3269 3915 τοῖς
3319 3853 3444 3930 περὶ
3485 3855 3576 3909 τὸν
3636 3853 3835 3930 Πέτρον

2182 3940 2258 4000 εἰς
2311 3941 2409 4008 τήν
2469 3941 2742 3994 κατέναντι
2795 3941 3015 4012 κώμην,
3071 3939 3229 3996 λῦσαι
3261 3943 3354 3996 τὸν
3382 3943 3592 4000 πῶλον.
3638 3943 3835 4001 ’Άκὸυε

2180 4031 2281 4106 γὰρ
2333 4031 2445 4103 (70)
2490 4033 2588 4083 τοῦ
2637 4027 3020 4105 εὐαγγελιστοῦ
3068 4029 3190 4105 περὶ
3238 4035 3336 4085 τοῦ
3390 4032 3588 4108 Κυρίου
3642 4031 3836 4108 λέγον-

2179 4136 2294 4180 τος·
2345 4143 2372 4169 ι(
2434 4117 2531 4172 Καὶ
2581 4114 2722 4188 ἰδοὺ,
2797 4117 2978 4195 φησὶν,
3036 4116 3260 4193 ἄγγελοι
3326 4117 3574 4183 έλθόντες
3643 4118 3832 4192 διηκό-

2182 4229 2306 4262 νουν
2356 4205 2523 4278 αὐτῷ.
2577 4231 2598 4256 ι
2650 4205 2780 4279 Περὶ
2827 4203 2884 4260 δὶ
2912 4213 3010 4275 τῆς
3061 4206 3480 4278 ἀνθρωπότητος
3535 4209 3637 4284 βοᾷ
3666 4206 3832 4266 Δαϐὶδ

2184 4293 2378 4370 λέγων·
2416 4319 2443 4344 ‹‹
2475 4300 2674 4363 ’Ἄρτον
2708 4291 2939 4368 οὐρανοῦ
2971 4291 3168 4349 ἔδωκεν
3217 4295 3424 4363 αὐτοῖς,
3475 4298 3634 4373 ἄρτον
3674 4299 3834 4375 ἀγγέ-

2184 4381 2296 4437 λων
2324 4380 2516 4460 ἓφαγεν
2549 4379 2856 4457 ἄνθρωπος,
2891 4406 2918 4433 ››
2960 4380 3163 4452 Μηδεὶς
3214 4383 3304 4439 οῦν
3357 4385 3409 4439 έν
3456 4387 3669 4460 σώματι
3717 4385 3834 4443 δια-

2181 4466 2405 4548 τρίϐων,
2437 4470 2526 4525 καὶ
2577 4470 2651 4532 είς
2681 4471 2772 4525 τὸν
2810 4470 2926 4546 βίον
2957 4476 3147 4527 τοῦτον
3198 4476 3638 4550 περισπώμενος,
3688 4499 3836 4552 νομι-

417 4570 532 4626 huc
587 4572 877 4624 versatur.
935 4566 1158 4621 Sensus
1189 4565 1406 4636 quippe
1428 4564 1619 4620 carnis
1650 4565 1956 4620 inimicitia
1986 4570 2068 4620 est

2187 4562 2343 4630 ζέτω,
2390 4559 2471 4615 ὅτι
2520 4555 2671 4614 ἔνδον
2726 4559 2836 4614 έστὶ
2885 4558 3124 4624 πόλεως.
3169 4561 3246 4621 Οὖ
3298 4561 3512 4620 δύναται
3567 4567 3668 4643 γὶρ
3710 4568 3738 4621 6
3767 4567 3835 4622 τά

413 4659 473 4715 in
515 4659 721 4714 Deum.
757 4654 918 4712 Scire
966 4653 1144 4725 igitur
1192 4657 1439 4724 oportet,
1472 4671 1607 4709 eum
1659 4655 1758 4726 qui
1811 4654 1868 4709 in
1918 4670 2068 4726 pago

2177 4658 2277 4721 τῆς
2311 4650 2503 4726 σαρκὸς
2537 4653 2746 4728 φρονῶν
2776 4648 2827 4703 ἐν
2875 4650 3042 4725 ταύτῃ
3083 4655 3153 4726 τῇ
3208 4652 3419 4729 μεγάλῃ
3473 4653 3634 4710 πόλει
3685 4654 3836 4730 εὐΡ⁶’

481 4813 527 4848 ⁸⁰
557 4811 730 4868 Hebr.
762 4825 866 4873 xu,
899 4808 984 4876 18,
1014 4808 1106 4862 22.
1181 4806 1225 4842 ⁸³
1259 4805 1430 4863 Hebr.
1464 4825 1540 4875 ιιι,
1596 4808 1682 4877 15,
1736 4808 1821 4863 16.
1899 4808 1944 4843 ⁸³
1979 4812 2064 4863 Ma

2212 4823 2332 4874 xxx,
2364 4806 2454 4860 27.
2530 4805 2576 4840 ⁸³
2607 4805 2816 4861 Genes.
2868 4821 2953 4874 ιιι,
3002 4806 3094 4875 23,
3143 4807 3234 4863 24.
3311 4807 3358 4843 ⁸⁸
3388 4808 3594 4866 Matth.
3631 4828 3710 4878 ιχ,
3746 4812 3833 4868 11.

410 4883 456 4920 ⁸⁸
487 4882 640 4941 Psal.
675 4896 882 4950 Lxxvn,
908 4879 999 4933 25.

475 5039 591 5111 (63)
620 5034 983 5111 Basiliensis,
1037 5030 1378 5111 έπουρανίου.
1435 5033 1660 5111 anglis.
1717 5031 2064 5111 ἐπουράνιος,

406 5103 586 5183 Ριιύὶό
617 5113 768 5183 post,
803 5105 1042 5179 Regius,
1070 5103 1305 5177 Seguer.
1331 5105 1506 5161 Basil.
1529 5103 1721 5182 ῆράφει
1757 5103 1951 5180 Αὲγὶυν·
1988 5104 2065 5162 Οὐ

413 5182 592 5324 γάῗέίι)
625 5251 861 5324 Seguer.
897 5246 1298 5324 G9bler._Reg.
1334 5266 1484 5324 φησι.
1518 5246 1694 5324 Editi,
1729 5243 1853 5324 ἔφη.

626 5313 922 5394 ΔΓᾶεθεζχ
953 5321 1105 5394 Μοξ,
1142 5313 1277 5394 εἰεεῖ
1314 5313 1664 5394 εο1⁷ιιε,λκατα
1709 5313 1801 5394 τὸν
1847 5313 2062 5394 Παῦλον

484 5335 598 5446 ⁸65)
626 5335 691 5376 At
720 5335 901 5378 deest.
954 5335 1105 5385 mox,
1142 5335 1277 5444 ﬂag.
1314 5335 1496 5384 BOIUS,
1527 5335 1664 5371 κατα
1709 5336 1801 5371 τον
1851 5335 2062 5370 ιιαυΛον

411 5411 482 5473 πο
530 5391 846 5473 ιτευόμενοι.
873 5393 1023 5473 Mpx,
1048 5391 1187 5473 Reg.
1257 5406 1454 5461 eguer.
1482 5390 1706 5473 Anglic.
1731 5389 1932 5473 'Aﬁoga
1961 5387 2064 5462 γάρ

410 5462 574 5520 αὐτοῦ
594 5454 870 5538 λέγοντος.
897 5454 1052 5544 Mei,
1075 5454 1214 5587 ea?
1235 5454 1410 5584 quem
1434 5454 1763 5534 sequimur,
1786 5454 2062 5528 ἰξὲϐηέαν.

410 5535 607 5587 Crateri
640 5553 767 5587 vero
800 5541 856 5587 et
881 5534 1042 5587 editi.
1077 5531 1156 5587 ἦξε
1198 5529 1230 5587 λ
1260 5543 1463 5587 Δθησαν.

409 5535 607 5592 Ca3teri
640 5529 767 5592 vero
800 5541 856 5591 et
881 5534 1042 5604 editi,
1077 5529 1463 5602 έξεϐλῆθησαν.

479 5608 710 5680 (66)Ita
756 5607 993 5680 Regius,
1028 5600 1306 5680 'Se'guerr
1334 5600 1760 5680 Anglic.__E_1diti
1807 5619 1963 5670 vero,
2012 5600 2064 5656 οἱ

409 5672 559 5754 ἅγιοι
577 5672 924 5754 ξάπόστολόι,
941 5672 1157 5754 οἵτινερ
1189 5672 1694 5754 omissis:m_e_diis.

477 5752 592 5830 (67)
624 5743 1026 5829 Προειρημένον
1086 5743 1252 5806 deest
1307 5749 1367 5804 in
1425 5746 1654 5804 Gobler.
1709 5749 1764 5800 et
1826 5743 1972 5801 Felc.
2008 5745 2060 5814 1,

2178 5032 2350 5104 cujus
2383 5031 2755 5104 locoRegius
2774 5030 2982 5104 habet,
3014 5031 3470 5104 μνημονευοέντα.

2283 5050 2350 5088 UB
2383 5049 2506 5087 1000
2538 5049 2755 5103 neglus
2786 5049 2982 5099 ηαοοι,
3014 5049 3470 5104 μνημονευοεντα.

2247 5049 2360 5178 (63)
2390 5101 2528 5178 ’ΔῙτό
2574 5103 2740 5178 deest
2763 5101 2848 5178 in,
2881 5103 3121 5178 Seguer.
3151 5105 3318 5178 Gobl.
3351 5111 3408 5178 et
3458 5106 3609 5164 Felc.
3643 5107 3696 5178 1,
3723 5122 3831 5178 cu-

2169 5174 2273 5298 ius:
2303 5175 2426 5232 loco
2457 5174 2668 5246 Regius
2719 5177 2777 5231 et
2823 5174 3051 5248 Anglic.
3087 5176 3324 5249 habent,
3357 5176 3416 5232 tu
3440 5181 3540 5232 τοῦ
3569 5174 3829 5252 παραδεί-

2245 5317 2357 5400 (69)
2388 5316 2485 5400 βία
2505 5316 2671 5400 ~Reg.
2705 5315 2948 5400 Seguer.
2988 5317 3230 5400 Anglic._
3257 5319 3428 5388 Editi,
3459 5316 3830 5400 ἀποστέλλον-

2174 5407 2281 5444 ται.
2317 5388 2414 5441 Διά
2436 5389 2621 5456 τοῦτο,
2669 5388 3170 5456 omissismediis
3218 5391 3365 5448 bene
3417 5392 3643 5450 multis.
3683 5392 3828 5449 Ibid.

2176 5460 2314 5533 Reg.
2351 5458 2447 5513 Διά
2473 5458 2580 5533 γὰρ
2606 5455 2771 5533 τοῦτο
2820 5455 3185 5533 ἐπεδήμησεν.
3214 5461 3391 5532 Infra,
3417 5465 3593 5522 Basil.
3625 5469 3684 5522 et
3712 5469 3830 5521 An-

2173 5529 2307 5602 glic.
2345 5529 2638 5601 ζητήσητὸ
2668 5529 3054 5601 πλανώμενον,

2245 5603 2360 5675 (70)
2393 5603 2498 5675 Γάρ
2530 5603 2695 5675 deest
2725 5603 2787 5675 in_
2812 5601 3040 5659 Gabler.
3071 5607 3128 5660 et
3158 5602 3308 5659 Felc.
3338 5606 3388 5661 1.
3419 5607 3567 5663 Ibid.
3594 5608 3649 5675 4,
3681 5623 3826 5666 mss.

2172 5673 2295 5757 περὶ
2341 5677 2440 5727 τοῦ
2472 5673 2709 5747 Κυρίου.
2759 5673 2962 5730 Οωῐθτί
3008 5691 3142 5731 cum
3190 5676 3386 5762 editis,
3435 5676 3561 5754 περὶ
3605 5673 3827 5736 τούτου.

2171 5744 2395 5803 Ibidem
2426 5761 2632 5805 omnes
2662 5760 2810 5819 pene
2841 5763 2986 5806 mss.
3018 5745 3201 5824 φησίν.
3233 5748 3414 5820 Editi,
3439 5745 3565 5830 ἔφη.

2972 5788 2986 5803 ο
3020 5787 3201 5820 γυινινο
3233 5787 3414 5820 ΙΙἎΟΙΙ³
3439 5787 3565 5820 ,ΥΠΙΟ
