4154 6388
315 395 429 457 177

1388 387 1468 449 IN
1512 386 1773 463 ILLUD,
1819 383 2205 447 PROFECTI
2249 385 2327 446 IN
2377 387 2672 450 PAGUM.

3621 394 3742 457 178

312 524 494 595 θῆναι,
524 520 653 578 ἀλλ’
683 520 735 577 ἐν
768 522 931 596 κώμῃ
960 519 1038 579 ἔτι
1072 512 1336 596 διατρίϐει
1370 519 1398 572 ὁ
1429 520 1698 578 τοιοῦτος.
1755 517 1833 573 Τὸ
1862 516 1965 590 γὰρ

2084 517 2332 585 habitat,
2366 534 2481 574 non
2523 522 2679 574 recto
2709 520 2839 574 vitae
2883 519 3176 590 instituto,
3209 538 3323 577 non
3372 529 3566 581 mente
3596 526 3743 583 duce

316 608 575 693 φρόνημα
602 618 702 681 τῆς
735 611 931 686 σαρκὸς
958 610 1130 688 ἔχθρα
1154 611 1269 684 (71)
1300 608 1376 670 είς
1427 606 1556 663 Θεόν
1608 604 1769 662 ἐστιν.
1822 603 1973 661 Εἰδὲ-

313 721 396 757 ναι
454 699 544 756 οῦν
590 698 691 773 δεῖ,
744 699 827 755 ὅτι
877 702 906 755 6
954 701 1150 774 κώμην
1200 698 1364 752 οἰκῶν
1415 696 1477 751 ού
1506 694 1849 752 πολιτεύεται
1904 699 1973 768 τῇ

314 794 493 867 ψυχῇ,
546 789 610 846 ού
659 795 950 866 στρατηγεῖ
1004 792 1073 863 τῇ
1131 788 1344 863 γνώμῃ,
1398 785 1497 841 οὐκ
1552 782 1712 861 ἄρχει
1757 784 1973 839 ἱαυτοῦι

314 880 533 943 πόλεως
577 880 680 956 γὰρ
732 878 975 955 μεγάλης
1022 877 1135 933 ἴδια
1188 882 1376 933 ταῦτα.
1440 876 1570 933 ’Ότε
1621 874 1721 950 γάρ
1777 894 1862 935 τις
1920 872 1972 927 ἐν

313 969 484 1046 ἀρετῇ
516 967 901 1039 πολιτεύηται,
932 967 1022 1023 καὶ
1052 965 1407 1046 σωφροσύνην
1463 965 1834 1039 στρατηγήσῃ,
1886 960 1975 1017 καί

312 1060 502 1137 σοφίαν
566 1056 951 1132 βουλεύσηται,
1000 1057 1088 1112 καὶ
1138 1054 1447 1133 ἐγκρατείας
1498 1053 1649 1127 ἄρξῃ,
1699 1052 1823 1107 τότε
1865 1056 1976 1106 τῶν

314 1148 482 1223 ἁγίων
539 1147 789 1221 μιμητὴς
846 1149 1145 1222 γενήσεται.
1197 1145 1260 1200 Ol
1291 1144 1396 1220 γὰρ
1427 1144 1570 1219 ἅγιοι
1606 1142 1704 1197 οὐκ
1752 1139 1970 1217 ἔχουσιν

311 1234 420 1293 ὧδε
472 1236 732 1310 μένουσαν
782 1234 969 1305 πόλιν,
1005 1234 1149 1304 ἀλλ’,
1184 1235 1258 1297 ὡς
1290 1238 1572 1309 προεῖπον,
1601 1233 1701 1300 τὴν
1733 1229 1974 1303 μέλλου-

315 1346 409 1380 σαν
465 1324 832 1395 ἐπιζητοῦσιν,
865 1326 933 1394 ἧς
961 1324 1218 1399 τεχνίτης
1247 1322 1339 1376 καὶ
1376 1319 1714 1394 δημιουργὸς
1746 1320 1774 1373 6
1819 1319 1971 1381 Θεός.

313 1418 515 1469 ’Ἄκουε
544 1414 648 1490 γὰρ
676 1418 773 1469 τοῦ
818 1410 1165 1468 Ἀποστόλου
1214 1408 1494 1486 λέγοντος
1546 1409 1668 1462 Ἐπὶ
1714 1409 1815 1477 τῆς
1870 1414 1971 1484 γῆς

310 1506 756 1577 περιπατοῦντες,
814 1500 866 1557 ἐν
927 1501 1178 1577 οὐρανοῖς
1234 1500 1297 1554 τὸ
1327 1496 1637 1569 πολίτευμα
1666 1494 1905 1572 ἔχωμενο
1945 1520 1967 1547 ιι

309 1588 423 1661 καὶ,
457 1613 486 1642 ‹‹
519 1591 705 1662 Ἡμῶν
737 1588 795 1645 δὶ
821 1590 885 1645 τὸ
916 1588 1226 1661 πολίτευμα
1253 1587 1304 1642 ἐν
1340 1586 1550 1660 ούρανῷ
1599 1583 1910 1660 ὑπαρχέτω,
1937 1608 1966 1637 »

2088 607 2191 673 uti,
2225 624 2342 663 non
2375 608 2486 662 sibi
2519 608 2809 679 imperare
2837 624 2851 663 :
2888 610 3008 663 haec
3042 609 3197 665 enim
3233 628 3457 683 magna:
3488 615 3740 672 civitatis

2085 704 2226 755 sunt
2270 700 2527 771 propria.
2561 700 2708 755 Nam
2760 701 2859 755 ubi
2909 701 3039 772 quis
3086 703 3146 758 in
3191 703 3406 759 virtute
3459 707 3638 779 degit,
3673 724 3742 764 ex

2086 789 2404 860 prudentiae
2437 790 2618 845 ductu
2668 789 2810 860 agit,
2862 791 3159 861 sapienter
3208 792 3482 862 consulit,
3515 798 3741 867 tempe-

2085 883 2283 933 ranter
2312 878 2582 950 imperat,
2616 884 2760 935 tunc
2792 885 3130 935 sanctorum
3165 885 3254 936 est
3283 880 3563 938 imitator.
3590 884 3739 939 San-

2085 966 2159 1021 cti
2191 967 2408 1039 quippe
2454 984 2568 1022 non
2601 967 2819 1023 habent
2864 968 2957 1023 hic
3008 974 3343 1025 manentem
3396 970 3688 1028 civitatem
3724 990 3738 1029 :

2085 1058 2207 1121 sed,
2235 1056 2318 1111 uti
2350 1073 2530 1128 supra
2549 1056 2692 1123 dixi,
2714 1058 2971 1112 futuram
3000 1059 3327 1129 requirunt,
3352 1059 3520 1129 cujus
3551 1061 3744 1132 opifex

2084 1150 2140 1200 et
2169 1145 2434 1200 conditor
2467 1150 2616 1201 Deus
2658 1150 2764 1200 est.
2801 1146 2953 1201 Audi
2999 1146 3156 1201 enim
3209 1149 3555 1219 Apostolum
3592 1166 3643 1205 :«
3676 1151 3739 1205 In

2082 1236 2239 1288 terra
2269 1233 2640 1289 ambulantes
2683 1235 3186 1290 conversationem
3219 1236 3277 1290 in
3310 1236 3472 1292 ccelis
3521 1238 3741 1294 habea-

2086 1339 2219 1378 mus
2236 1327 2411 1391 ;»et,«
2426 1324 2637 1379 Nostra
2661 1323 3024 1379 conversatio
3045 1325 3101 1378 in
3120 1324 3279 1380 ccslis
3302 1325 3379 1381 sit
3391 1325 3521 1394 33",»
3539 1328 3640 1385 58
3659 1329 3742 1384 di-

2083 1409 2237 1465 lecti.
2261 1410 2561 1483 Signiﬁcat
2582 1412 2739 1466 enim
2767 1410 3082 1482 Apostolus
3104 1410 3196 1466 his
3219 1412 3479 1484 verbis,§t
3502 1414 3562 1469 In
3583 1419 3741 1471 terra

2083 1499 2530 1564 ambulantes,»
2571 1500 2896 1571 profectum
2948 1500 3296 1572 lucrumque
3351 1502 3617 1559 futurum
3666 1505 3741 1561 iis

2082 1589 2182 1659 qui
2214 1597 2343 1660 post
2373 1588 2525 1644 hanc
2551 1588 2727 1643 vitam
2760 1589 2817 1643 in
2847 1588 3009 1644 cmlis
3040 1588 3364 1645 habitaturi
3396 1595 3555 1647 sunt.

309 1678 607 1754 ἀγαπητοί.
642 1677 910 1751 Σημαίνει
940 1679 1045 1753 γὰρ
1078 1679 1106 1732 6
1140 1677 1292 1753 ἅγιος
1324 1672 1666 1737 Ἀπόστολος
1698 1670 1789 1728 διὰ
1818 1678 1935 1742 τοῦ,
1967 1698 1995 1724 ‹‹
2031 1675 2152 1732 Ἐπῗ
2183 1679 2283 1751 γῆς
2311 1680 2754 1750 περιπατοῦντες,
2786 1699 2815 1728 ››
2847 1678 2947 1745 τὴν
2979 1677 3266 1751 προκοπὴν
3298 1678 3397 1746 τὴν
3429 1679 3736 1753 γενησομέ-

305 1788 403 1839 νην
424 1769 537 1842 (72)
566 1771 685 1830 τοῖς
728 1765 864 1841 μετὰ
889 1767 958 1821 τὰ
987 1763 1173 1831 ἐνθάδε
1204 1764 1257 1820 ἐν
1292 1765 1546 1840 οὐρανοῖς
1576 1761 1956 1826 πολιτεύεσθαι
1992 1762 2312 1836 μέλλουσιν.

373 1875 429 1930 5.
463 1873 822 1948 Πορευθέντες
856 1869 949 1928 οῦν
983 1873 1038 1928 οἱ
1072 1872 1334 1945 μαθηταὶ,
1376 1869 1568 1927 ἔλυσαν
1614 1871 1706 1924 τὸν
1756 1867 1964 1924 πῶλον⁶

2146 1874 2201 1928 5.
2236 1873 2484 1930 Profecti
2535 1875 2716 1947 igitur
2762 1873 3063 1945 discipuli,
3114 1873 3340 1946 pullum
3401 1875 3735 1946 solverunt;

308 1964 563 2037 μαθητῶν
594 1962 695 2038 γὰρ
728 1961 890 2037 ἐργον
924 1960 1035 2016 ἐστὶ
1064 1961 1127 2015 τὸ
1159 1962 1319 2016 λῦσαι
1364 1960 1457 2013 τὸν
1508 1956 1701 2012 πῶλον
1752 1961 1968 2027 τοῦτον,

303 2050 393 2106 καὶ
430 2055 690 2124 μαθητῶν
720 2044 1034 2123 δυναμένων
1066 2050 1183 2123 (73)
1212 2053 1390 2103 ποιεῖν
1422 2048 1489 2101 τὰ
1520 2048 1624 2101 ὑπὸ
1661 2050 1760 2101 τοῦ
1819 2043 1968 2101 διδα-

306 2140 511 2196 σκάΛου
572 2138 865 2214 λεγόμενα.
920 2136 1130 2194 Πολλοὶ
1191 2140 1298 2213 γὰρ
1343 2134 1625 2197 δοκοῦντες
1678 2136 1811 2190 εἶναι
1872 2139 1969 2190 τοῦ

306 2231 488 2299 Ἰησοῦ
551 2228 811 2302 μαθηταὶ,
863 2227 972 2304 οὐχ
1030 2226 1181 2290 ὅπως
1233 2226 1302 2281 τὰ
1360 2226 1448 2281 ὑπ’
1503 2224 1668 2281 αὐτοῦ
1700 2223 1970 2301 λεγόμενα

308 2322 581 2388 ποιοῦσιν,
612 2316 760 2374 ἀλλὰ
796 2318 886 2373 καὶ
920 2312 1337 2373 ἐπιϐουλεύουσι
1365 2320 1445 2387 τῷ
1504 2312 1839 2386 διδασκάλῳ,
1892 2314 1966 2376 ὡς

314 2409 342 2463 6
371 2406 690 2481 τρισάθλιος
746 2408 836 2461 καὶ
885 2408 999 2480 (74)
1046 2402 1323 2480 προδότης
1370 2401 1599 2466 Ἰούδας.
1633 2402 1880 2473 Πηλίκος
1909 2400 1968 2457 δέ

316 2495 456 2551 ἐστιν
512 2496 542 2550 6
595 2494 784 2557 πῶλος
836 2493 1017 2566 οὗτος,
1074 2492 1372 2570 ἀγαπητοὶ,
1404 2492 1478 2554 ὡς
1512 2493 1589 2565 μὴ
1636 2488 1732 2546 ἕνα
1777 2489 1963 2566 κύριον

309 2581 488 2661 ἷχειν,
519 2582 665 2640 ἀλλὰ
691 2582 941 2646 πολλούς
970 2586 1121 2656 (75);
1152 2582 1317 2637 Εἶπον
1348 2583 1451 2656 γὰρ
1495 2581 1632 2657 πρὸς
1681 2580 1811 2643 τοὺς
1863 2601 1966 2653 μα-

313 2674 485 2743 θητὰς
544 2673 597 2727 οἱ
641 2671 823 2747 κύριοι
872 2676 972 2727 τοῦ
1027 2670 1241 2726 πώλου·
1296 2668 1359 2724 Τί
1418 2667 1575 2724 λύετε
1616 2670 1709 2723 τὸν
1740 2668 1966 2739 πῶλον;

305 2759 449 2836 ’Δρα
507 2760 552 2815 εἰ
614 2765 679 2830 ἦν
733 2761 989 2831 αἰσθητὸς
1034 2761 1062 2815 6
1118 2757 1308 2821 πῶλος
1340 2755 1519 2830 οὗτος,
1564 2757 1665 2812 οὐκ
1690 2754 1848 2832 ἤρκει
1875 2754 1971 2812 ἕνα

303 2848 493 2925 κύριον
526 2848 675 2920 αύτῷ
718 2850 1216 2924 παρακαθέζεσθαι;
1275 2851 1361 2901 νῦν
1423 2844 1481 2901 δὶ
1546 2843 1756 2901 πολλοὶ
1806 2845 1969 2900 αὐτοῦ

307 2937 407 2993 εῒσι
464 2957 649 3013 κυριοι
698 2937 835 2992 κατᾶ
880 2938 942 2992 τὸ
992 2935 1351 3012 Εὗαγγέλιον.
1401 2936 1570 2990 Εἶπον
1620 2936 1745 3011 γὰρ,
1785 2934 1965 3012 φησὶν,

309 3028 362 3081 οἱ
390 3025 567 3103 κύριοι
636 3024 800 3081 αὐτοῦ
860 3026 995 3100 πρὸς
1052 3024 1182 3086 τοὺς
1234 3025 1501 3097 μαθητάς·
1537 3047 1565 3075 (ί
1597 3023 1657 3077 Τί
1690 3022 1847 3078 λύετε
1874 3023 1964 3078 τὸν

309 3115 535 3185 πῶλον,
570 3139 599 3167 ››
630 3117 792 3177 Ἴσως
820 3115 921 3191 γὰρ
955 3113 1137 3187 ἐροῦσι
1174 3114 1311 3184 πρὸς
1343 3111 1561 3175 αὐτούς’
1611 3111 1734 3187 Οὐχ
1784 3114 1961 3188 ὁρΞτε,

307 3203 464 3260 πόσοι
524 3205 671 3277 αὖτῷ
726 3202 1246 3280 παρακαθεζόμεθα;
1304 3206 1423 3264 πῶς
1483 3198 1767 3273 δεδεμένος
1811 3201 1963 3271 ἐστί;

307 3298 425 3356 πῶς
485 3294 798 3370 ἐσχήκαμεν
857 3292 1017 3348 αὐτὸν
1081 3290 1337 3361 ἔκδοτον;
1405 3290 1459 3345 τί
1533 3291 1813 3345 ἆποσπᾶτε
1877 3290 1968 3369 ἀφ’

305 3384 466 3455 ¹ἡμῶν
516 3383 615 3453 τὴν
663 3381 913 3458 ἐργασίαν
959 3384 1162 3455 ἡμῶν;
1214 3380 1275 3435 Τί
1321 3378 1479 3435 λύετε
1505 3380 1605 3448 τὴν
1636 3377 1964 3455 προσδοκίαν

306 3472 467 3545 ἡμῶν
486 3490 501 3542 ;
559 3472 675 3527 Ἐτι
733 3470 894 3533 οὗτος
950 3472 1087 3543 ἡμῖν
1149 3465 1565 3540 ὁπολέλειπται,
1624 3468 1715 3523 καὶ
1768 3468 1967 3523 τούτου

311 3561 464 3633 ἡμᾶς
514 3559 819 3629 ἀποστῆσαι
866 3561 980 3634 (76)
1014 3555 1311 3635 βούλεσθε;
1342 3557 1464 3612 Ἐὰν
1499 3554 1655 3621 οὗτος
1690 3556 1830 3631 λυθῇ
1862 3556 1968 3612 ἀπὸ

306 3652 416 3704 τῶν
467 3645 705 3722 δεσμῶν,
759 3650 925 3721 ἡμεῖς
981 3648 1094 3702 ἀντ’
1141 3645 1306 3702 αύτοῦ
1356 3643 1748 3720 δεσμευόμεθα.
1808 3647 1966 3724 Ἐφο-

308 3733 508 3794 6οῦντο
534 3740 820 3814 τοιγαροῦν
854 3738 908 3793 οἱ
938 3735 1220 3813 ἀλιτήριοι
1415 3733 1691 3809 δαίμονες,
1742 3734 1969 3812 ὁρῶντες

311 3826 579 3901 λυόμενον
613 3828 705 3881 τὸν
737 3828 950 3883 πῶλον⁶
986 3825 1337 3902 ἐταράσσοπο
1369 3824 1422 3880 ἐν
1461 3826 1674 3887 ἑαυταῖς
1729 3826 1783 3880 αἱ
1827 3825 1971 3880 ἀντι-

310 3916 557 3991 κείμεναι
586 3913 861 3991 δυνάμεις,
893 3913 1091 3978 α’ίτινες
1141 3911 1581 3991 ᾑχμαλώτευσαν
1610 3917 1781 3988 ἡμᾶς.
1811 3912 1974 3970 Ἀλλ’

308 4006 399 4063 ὅτε
441 4004 785 4080 ἐπεδήμησεν
836 4007 863 4061 6
914 4004 1119 4081 Κύριος
1163 4007 1323 4077 ἡμῶν
1356 4005 1568 4073 Ἰησοῦς
1596 4005 1844 4076 Χριστὸς,
1877 4003 1968 4059 καὶ

310 4093 617 4173 ἐπέγνωσαν
664 4094 831 4149 αὐτοῦ
879 4094 981 4163 τήν
1034 4092 1355 4165 παρουσίαν,
1406 4086 1750 4169 ἐφοϐήθησαν
1801 4091 1968 4146 ἀκού-

307 4205 494 4247 σαντες
526 4183 692 4239 αὐτοῦ
723 4184 860 4261 πρὸς
890 4181 1021 4245 τοὺς
1054 4183 1299 4256 μαθητὰς
1333 4180 1605 4257 λέγοντος·
1625 4205 1652 4233 ‹‹
1686 4179 1827 4237 Ἰδοὺ
1859 4184 1972 4253 (78)

309 4272 522 4331 δέδωκα
564 4273 693 4347 ὑμῖν
741 4270 981 4344 ἐξουσίαν
1031 4274 1220 4326 πατεῖν
1277 4269 1458 4325 ἐπάνω
1488 4264 1662 4348 ὄφεων
1694 4270 1784 4325 καὶ
1816 4290 1973 4345 σκορ-

307 4363 473 4436 πίων,
503 4361 596 4419 καὶ
625 4361 713 4417 ἐπὶ
743 4366 915 4418 πᾶσαν
945 4361 1043 4431 τήν
1079 4356 1307 4433 δύναμιν
1341 4362 1436 4414 τοῦ
1477 4359 1696 4434 ἐχθροῦ.
1733 4383 1761 4410 ‹‹
1813 4360 1971 4437 Ἐφο-

311 4447 558 4523 ϐήθησαν
619 4449 966 4513 ἀκούσαντες⁸
1061 4473 1092 4503 ‹‹
1166 4449 1525 4523 Πορευθέντες
1604 4447 1973 4522 μαθητεύσατε

309 4542 488 4598 πάντα
544 4541 611 4595 τὰ
666 4537 815 4611 ἔθνη,
868 4538 1224 4616 βαπτίζοντες
1272 4537 1467 4600 αὐτοὺς
1517 4536 1596 4600 εἰς
1669 4538 1733 4592 16
1796 4532 1975 4610 ὄνομα

2082 1962 2504 2035 discipulorum
2524 1964 2739 2036 quippe
2756 1980 2901 2035 opus
2923 1968 3031 2031 est,
3051 1963 3211 2018 hunc
3227 1964 3449 2020 solvere
3470 1965 3732 2035 pullum;

2079 2051 2199 2106 imo
2231 2052 2657 2123 discipulorum
2689 2051 2787 2124 qui
2831 2069 2899 2107 ea
2942 2056 3218 2124 praestare
3267 2058 3513 2123 possunt
3542 2070 3670 2126 quae
3701 2072 3735 2110 a

2081 2142 2361 2213 magistro
2379 2142 2687 2212 jubentur.
2719 2140 2884 2196 Multi
2928 2156 3184 2211 namque
3215 2140 3315 2211 qui
3343 2142 3615 2198 videntur
3644 2142 3732 2198 di-

2082 2230 2289 2302 scipuli
2324 2248 2453 2286 esse
2481 2231 2645 2295 Jesu,
2675 2247 2787 2285 non
2821 2230 2994 2285 modo
3019 2247 3088 2286 ea
3112 2247 3227 2285 non
3263 2230 3483 2286 faciunt
3512 2248 3639 2304 quae
3663 2233 3735 2287 ab

2082 2319 2210 2391 ipso
2234 2320 2551 2390 jubentur;
2586 2320 2687 2375 sed
2711 2320 2887 2374 etiam
2921 2319 3204 2391 magistro
3234 2317 3481 2375 insidias
3504 2325 3735 2392 parant,

2082 2412 2149 2463 ut
2177 2408 2655 2479 improbissimus
2680 2414 2737 2463 et
2767 2408 3012 2464 traditor
3038 2408 3243 2466 Judas.
3268 2413 3534 2475 Quantus
3565 2428 3738 2483 porro

2082 2501 2173 2553 est
2203 2497 2313 2553 iste
2362 2497 2585 2570 pullus,
2613 2497 2828 2565 dilecti,
2864 2498 2964 2569 qui
2998 2515 3115 2553 non
3167 2516 3352 2554 unum
3401 2499 3736 2573 dominum,

2083 2586 2185 2641 sed
2220 2586 2437 2642 multos
2488 2586 2738 2641 habeat?
2769 2586 2973 2642 Dixere
3021 2603 3277 2659 namque
3308 2588 3379 2643 ad
3413 2588 3735 2661 discipulos

2081 2674 2223 2746 pulli
2257 2675 2479 2729 domini
2513 2691 2526 2731 :
2560 2676 2750 2739 Quare
2781 2674 3007 2730 solvitis
3039 2675 3311 2746 pullum?
3345 2677 3406 2731 Si
3437 2677 3736 2735 sensibilis

2081 2762 2282 2834 pullus
2313 2767 2487 2831 esset,
2514 2779 2705 2817 annon
2739 2763 3037 2819 sufﬁceret
3061 2764 3109 2819 ei
3137 2781 3322 2820 unum
3348 2765 3608 2821 assidere
3637 2766 3737 2823 do-

2081 2850 2355 2906 minum?
2392 2853 2517 2921 jam
2567 2868 2699 2906 vero
2738 2853 2907 2922 juxta
2947 2852 3349 2924 Evangelium,
3383 2854 3556 2910 multi
3604 2857 3735 2927 ejus

2081 2939 2302 2995 domini
2352 2944 2513 2995 sunt.
2553 2939 2829 2995 Dixerunt
2860 2941 3038 3007 enim,
3072 2940 3174 3007 ait,
3208 2942 3429 2998 domini
3461 2944 3613 3014 ejus,
3644 2945 3733 2999 di-

2081 3027 2326 3099 scipulis
2377 3047 2444 3083 :a
2485 3028 2599 3083 Cur
2652 3027 2873 3083 solvitis
2933 3026 3163 3100 pullum
3184 3029 3314 3084 “P-
3348 3030 3419 3083 Et
3467 3031 3734 3088 fortassis

2079 3117 2249 3173 aiunt
2296 3116 2413 3172 illis
2447 3133 2460 3173 :
2494 3118 2695 3173 Nonne
2724 3117 2933 3172 videtis
2965 3121 3108 3187 quot
3154 3117 3265 3188 ipsi
3315 3118 3733 3175 assideamus?

2080 3207 2579 3278 quemadmodum
2627 3205 2843 3278 ligatus
2902 3206 3023 3261 sit?
3076 3207 3370 3276 quomodo
3427 3212 3734 3265 teneamus

2080 3295 2246 3350 illum
2302 3295 2750 3367 mancipatum?
2775 3299 2889 3349 Cur
2935 3295 3278 3351 abstrahitis
3328 3313 3362 3351 a
3412 3299 3581 3353 nobis
3631 3314 3735 3353 no-

2078 3388 2261 3440 stram
2294 3400 2529 3456 operam
2549 3384 2576 3438 ‘P
2607 3384 2754 3448 Quid
2787 3382 3013 3439 solvitis
3045 3390 3303 3439 nostram
3349 3387 3733 3458 exspectatio-

2078 3490 2211 3528 nem
2228 3473 2256 3527 ?
2286 3473 2389 3527 Hic
2416 3473 2739 3528 etiamnum
2774 3472 2944 3527 nobis
2966 3477 3259 3544 superest,
3284 3478 3342 3529 et
3370 3491 3477 3530 nos
3500 3474 3597 3531 illo
3621 3475 3736 3547 pri-

2077 3578 2211 3617 vare
2240 3561 2460 3617 vultis?
2489 3561 2547 3617 Si
2598 3561 2724 3632 ipse
2772 3561 3032 3616 solvatur
3082 3579 3115 3616 a
3160 3561 3433 3630 vinculis,
3463 3580 3570 3619 nos
3602 3565 3733 3636 ejus

2079 3651 2203 3707 loco
2235 3650 2574 3705 vinciemur.
2603 3650 2998 3705 Terrebantur
3026 3650 3226 3721 itaque
3253 3649 3482 3707 scelesti
3516 3653 3731 3708 daemo-

2079 3757 2203 3811 nes,
2229 3739 2454 3811 pullum
2490 3744 2794 3795 cernentes
2818 3738 3077 3794 solutum
3107 3740 3652 3797 :conturbabantur
3671 3743 3732 3797 in

2078 3845 2207 3886 sese
2241 3828 2583 3884 adversaria:
2614 3832 2953 3899 potestates,
2974 3844 3097 3897 qua:
3125 3845 3232 3883 nos
3255 3829 3313 3882 in
3335 3829 3731 3900 captivitatem

2078 3919 2447 3990 redegerant.
2464 3918 2780 3988 Atquando
2797 3916 2866 3970 ad
2877 3917 3032 3971 venit
3052 3916 3332 3972 Dominus
3351 3918 3733 3973 nosterJesus

2079 4007 2367 4074 Christus,
2390 4006 2636 4076 ejusque
2660 4004 3030 4076 praesentiam
3055 4020 3360 4076 agnovere,
3394 4005 3736 4061 reformida-

2080 4096 2391 4162 bant,cum
2420 4094 2722 4149 audissent
2752 4110 2883 4147 cum
2919 4092 3040 4147 haec
3067 4091 3372 4164 discipulis
3394 4092 3733 4165 loquentem

2081 4207 2108 4235 ‹‹
2142 4185 2285 4238 Ecce
2315 4181 2448 4237 dedi
2479 4180 2641 4237 vobis
2691 4185 3039 4252 potestatem
3085 4180 3348 4236 calcandi
3381 4199 3561 4254 supra
3607 4199 3736 4237 ser-

2080 4277 2285 4344 pentes
2336 4275 2392 4325 et
2446 4268 2808 4340 scorpiones,
2836 4272 2894 4323 et
2940 4284 3120 4339 supra
3168 4285 3403 4347 omnem
3454 4270 3733 4327 virtutem

2081 4358 2304 4416 inimici
2326 4360 2390 4413 δτ.
2417 4380 2446 4409 ››
2478 4358 2972 4414 Pertimescebant
3000 4356 3095 4413 his
3126 4358 3344 4414 auditis
3378 4375 3391 4414 :
3428 4378 3450 4407 ι
3484 4359 3737 4415 Profecti

2083 4450 2283 4505 docete
2324 4464 2526 4505 omnes
2576 4455 2798 4519 gentes,
2832 4447 3195 4518 baptizantes
3241 4464 3340 4502 eos
3391 4447 3448 4501 in
3499 4449 3738 4505 nomine

2081 4538 2291 4607 Patris,
2319 4542 2378 4593 et
2421 4535 2567 4605 Filii,
2618 4540 2677 4592 et
2726 4536 2982 4606 Spiritus
3033 4534 3219 4590 sancti
3246 4535 3363 4589 ⁸⁸.»
3399 4535 3741 4593 Metuebant

308 4634 409 4687 τοῦ
439 4630 671 4706 Πατρὸς,
701 4630 793 4684 καὶ
821 4632 919 4684 τοῦ
948 4629 1101 4700 Υῖοῦ,
1129 4627 1221 4682 καὶ
1249 4631 1348 4682 τοῦ
1376 4626 1535 4703 ἁγίου
1567 4626 1903 4699 Πνεύματος.
1939 4652 1968 4681 ››

2084 4644 2154 4685 ne
2195 4627 2292 4682 ille
2350 4630 2505 4682 esset
2553 4624 2653 4696 qui
2703 4625 2976 4680 tenebras
3026 4623 3396 4681 illustraret:
3430 4625 3740 4682 audierant

312 4715 696 4799 Ἐφοϐήθησαν
749 4721 827 4793 μὴ
867 4717 1024 4781 οὗτός
1074 4716 1215 4773 ἐστιν
1275 4718 1303 4773 6
1349 4717 1412 4771 16
1468 4714 1659 4778 σκότος
1688 4714 1972 4789 καταλάμ-

309 4829 452 4866 πων·
512 4806 750 4879 ἤκουσαν
807 4808 909 4886 γὰρ
957 4811 1056 4863 τοῦ
1099 4806 1387 4884 προφήτου
1420 4804 1708 4878 λέγοντος*
1743 4830 1771 4858 ‹‹
1806 4804 1969 4861 Γαλι-

380 5011 451 5050 ⁸⁸’
480 5010 733 5084 Philipp.
767 5026 856 5077 In.
885 5008 976 5069 20.
1054 5007 1099 5044 ⁸⁸
1127 5007 1265 5065 Luc.
1296 5024 1415 5080 xu,
1448 5007 1540 5065 33.

445 5219 498 5290 1)
526 5216 894 5286 Basiliensis,
927 5212 1147 5290 ἐχθρός.

400 5285 495 5362 72)
525 5292 669 5347 Tres
698 5285 1197 5362 mss._'{e_v6iiév1)v_.

386 5353 500 5436 (73)
531 5362 802 5436 Gobl._et
848 5353 1020 5417 F'elcf
1054 5362 1107 5428 1,
1130 5353 1343 5413 νὲλυσαν
1369 5358 1461 5413 τὸν
1490 5356 1699 5413 πῶλον·
1733 5359 1823 5412 καὶ
1868 5378 1970 5431 μα-

316 5430 498 5505 θητῶν
533 5430 865 5507 δυναμένωνἐ

390 5498 689 5634 ﬁnitimo,
718 5500 1035 5581 τρισάθλιος
1076 5498 1188 5571 καί,
1222 5503 1439 5559 desunt
1465 5501 1527 5557 in
1553 5501 1884 5559 Goblerian.
1918 5507 1975 5557 et

323 5579 632 5721 Ρθ(ξέ›)1ὲίο
661 5653 782 5707 tres
810 5663 956 5705 mss.
990 5645 1103 5703 Alii
1144 5662 1279 5703 vero
1327 5663 1461 5702 cum
1510 5645 1705 5714 editis,
1740 5641 1867 5699 ἀλλ’
1897 5643 1972 5704 ὡς

320 5720 594 5784 πολλούς.

2085 4717 2242 4773 enim
2298 4715 2644 4787 prephetam
2699 4714 2986 4769 dicentem
3034 4730 3101 4769 ς·
3153 4714 3389 4771 Galilaea
3445 4716 3737 4789 gentium,

2086 4804 2339 4879 populus
2388 4804 2489 4875 qui
2539 4804 2780 4859 sedebat
2811 4803 2868 4858 in
2897 4803 3155 4859 tenebris
3200 4804 3348 4861 vidit
3391 4803 3579 4861 lucem
3614 4820 3740 4859 ma-

1616 5007 1660 5044 "
1691 5007 1827 5065 Luc.
1860 5025 1919 5080 x,
1953 5008 2044 5065 19.
2115 5005 2160 5043 ⁸⁸
2188 5004 2397 5062 Matth.
2427 5019 2627 5072 xxvm,
2662 5003 2749 5060 19.

2152 5213 2246 5286 (76
2298 5213 2660 5279 Basiliensis,
2701 5213 3021 5279 ἀποστῆναι.

2150 5214 2266 5357 (77)
2315 5286 2377 5357 In
2426 5282 2698 5357 GobLet
2749 5282 2895 5357 Felc.
2932 5284 2982 5349 1,
3016 5279 3296 5357 ἀλιτήριοι
3349 5280 3532 5357 deest,
3576 5276 3735 5357 Mox,

2079 5350 2399 5483 trinam}:
2434 5355 2669 5421 ἑαυταῖς,
2704 5354 2921 5409 rectius
2952 5369 3129 5423 quam
3160 5350 3320 5422 editi,
3354 5351 3453 5424 qui
3496 5350 3737 5417 habent,

2110 5451 2135 5481 ν
2202 5446 2404 5486 αυτοις.

2298 5210 2660 5279 Basiliensis,
2701 5208 3021 5279 ἀποστῆναι.

2153 5500 2268 5571 (7_8)
2302 5497 2516 5571 Regius
2549 5493 2710 5571 solus
2758 5493 2842 5571 sic
2881 5496 3065 5571 totum
3102 5492 3263 5571 hunc
3290 5493 3514 5571 locum‘
3536 5491 3736 5571 habet,

2082 5562 2711 5639 ἀκούσαντεξξῖξπάγετε
2740 5564 2817 5623 εἷς
2843 5563 2910 5639 τὸ
2941 5562 3429 5639 σκότοςέξώτερον
3462 5564 3559 5639 τὸ-
3572 5564 3726 5639 ἤτοι.-

2086 5642 2360 5715 μασμὲνον
2388 5627 2467 5711 τῷ
2496 5627 2741 5761 διαϐόλιέ)
2769 5633 2857 5688 καὶ
2888 5636 3005 5691 τοῖς
3029 5627 3287 5707 ἀγγέλοις
3311 5627 3495 5692 αὐτοῦ.
3519 5627 3735 5708 E90676-

2086 5724 2251 5761 θησαν
2283 5710 2626 5761 ἀκούσαντες*
2658 5707 2698 5761 Ἰ
2738 5704 2800 5758 οὗ
2832 5700 3061 5761 δέδωκα.
3092 5711 3201 5761 etc.

2084 5700 2251 5785 θησαν
2283 5700 2626 5770 ἀκούσαντες*
2658 5700 2800 5761 Ἰδοὺ
2832 5700 3201 5778 δέδωκα,’6ιο.
