4154 6388
383 399 501 461 179

1574 401 1641 463 S.
1685 402 2211 465 ATHANASIUS.
2240 433 2321 447 —-
2347 403 2616 466 DUBIA.

3694 411 3810 471 180

383 531 907 603 gnam".»0mnss
933 531 1132 603 itaque
1149 531 1302 587 circa
1322 533 1549 604 pullum
1569 533 2039 602 hiabant,omnes

2161 531 2287 586 λαία
2333 537 2441 587 τῶν
2485 532 2672 605 ἐθνῶν,
2728 533 2756 586 ὁ
2817 532 2948 596 λαὸς
2998 535 3026 588 6
3073 536 3380 608 καθήμενος
3413 537 3465 592 ἐν
3496 537 3674 592 σκότει
3707 537 3814 594 εἶδε

385 621 538 675 circa
569 620 767 691 ipsum
802 621 1106 690 sedebant,
1132 638 1303 676 nemo
1336 624 1406 677 ab
1443 623 1541 677 illo
1572 623 1860 678 abscedit.
1883 623 2043 678 Talis

385 709 496 764 iste
527 708 726 780 pullus
782 714 894 777 est,
928 715 993 764 ut
1044 726 1248 764 omnes
1278 711 1406 780 ejus
1439 711 1660 766 domini
1711 711 2046 766 custodiant

387 797 645 854 illum.Si
664 797 966 853 sensibilis
984 803 1157 866 esset,
1174 816 1313 854 num
1334 799 1557 854 domini
1576 801 1904 855 assiderent
1920 800 2045 854 illi?

388 888 543 944 Num
577 887 796 943 asellus
837 887 1136 942 sensibilis
1185 888 1505 944 multorum
1551 890 1923 944 dominorum
1957 893 2047 944 est

388 977 728 1050 possessio?
769 993 908 1031 num
964 993 1171 1033 omnes
1201 979 1329 1048 ejus
1359 978 1584 1032 domini
1615 978 1880 1034 assident
1910 977 2044 1048 ipsi,

389 1065 469 1121 ita
499 1071 564 1120 ut
596 1065 794 1121 nullus
819 1067 1052 1137 negotia
1087 1067 1276 1134 obeat,
1301 1066 1501 1122 nullus
1530 1068 1588 1122 in
1621 1070 1743 1123 foro
1767 1066 2045 1134 ambulet,

394 1153 544 1208 nihil
576 1154 734 1209 aliud
777 1155 969 1226 operis
1019 1154 1291 1224 habeant,
1326 1157 1424 1211 sed
1475 1173 1594 1211 una
1642 1172 1848 1210 omnes
1895 1156 2051 1211 circa

396 1242 592 1315 ipsum
627 1244 1030 1313 occupentur?
1061 1244 1211 1298 Num
1245 1244 1460 1300 asellus
1483 1245 1780 1300 sensibilis
1807 1245 1865 1298 in
1899 1245 2049 1299 bivio

397 1330 693 1404 alligatur,
727 1331 1045 1387 diversorio
1090 1333 1487 1404 przssepioque
1539 1339 1714 1400 caret,
1751 1334 1807 1387 in
1841 1349 2049 1403 agrum

400 1438 517 1476 non
549 1421 853 1492 procedit?
881 1422 980 1476 sed
1013 1422 1314 1477 sensibilis
1347 1421 1544 1494 pullus
1575 1424 1631 1477 in
1665 1423 1816 1478 bivio
1847 1421 2049 1494 alliga-

397 1513 516 1575 tur,
547 1525 870 1579 omnesque
908 1509 1130 1564 domini
1182 1511 1312 1581 ejus
1365 1511 1628 1566 assident
1683 1511 1818 1582 ipsi,
1848 1510 2052 1565 obser-

400 1603 654 1669 vantque
687 1598 871 1654 illum.
911 1600 1035 1654 Haec
1085 1615 1218 1653 cum
1265 1599 1412 1669 dico,
1445 1600 1752 1656 historiam
1787 1616 1900 1654 non
1947 1615 2049 1653 au—

397 1686 517 1742 fero
554 1703 567 1740 :
602 1703 972 1758 nequaquam
1006 1687 1162 1742 enim
1197 1687 1452 1744 litteram
1486 1690 1558 1744 ob
1590 1688 1863 1760 spiritum
1891 1687 2049 1742 aufe-

397 1775 585 1830 rimus
617 1791 630 1831 :
665 1776 766 1830 sed
806 1775 1051 1846 spiritus
1081 1775 1202 1830 vim
1234 1793 1539 1834 servamus
1570 1794 1674 1850 per
1703 1777 1977 1833 litteram.

2153 625 2268 698 φῶς
2323 621 2480 694 μέγα.
2538 648 2558 672 ι
2623 621 2822 684 Πάντες
2882 621 2970 678 οὖν
3017 622 3266 698 περίτοῦ
3298 623 3491 680 πώλου
3521 629 3809 702 κεχήνασι,

2153 710 2346 771 πάντες
2375 710 2498 783 περὶ
2525 709 2683 765 αὐτὸν
2715 712 3000 784 κάθηνται,
3039 711 3223 775 οὐδεὶς
3284 714 3448 769 αὐτοῦ
3503 715 3807 793 ἀφίσταται.

2153 798 2406 859 Τοιοῦτός
2454 798 2594 853 ἐστιν
2643 799 2800 863 οὗτος
2851 802 2878 855 6
2927 800 3137 866 πῶλος,
3189 803 3263 863 ὡς
3308 805 3507 865 πάντας
3556 804 3682 866 τοὺς
3714 827 3811 859 κυ-

2156 887 2302 964 ρίους
2337 887 2500 942 αὐτοῦ
2530 895 2715 965 τηρεῖν
2759 889 2940 946 αὐτόν.
2974 892 3135 966 Ἀρα,
3172 892 3217 946 εἰ
3245 893 3312 960 ἦν
3345 892 3600 963 αἰσθητὸς
3630 893 3810 963 οὗτος,

2157 978 2208 1030 οἱ
2251 975 2430 1052 κύριοι
2488 977 2653 1032 αὐτοῦ
2706 980 3141 1054 παρεκαθέζοντο
3201 981 3381 1052 αύτῷ;
3449 981 3537 1036 καὶ
3595 981 3809 1058 ὀνάριον

2157 1066 2414 1135 αἴσθητὸν
2460 1064 2687 1121 πολλῶν
2738 1067 2937 1142 κυρίων
2985 1067 3189 1142 γίνεται
3238 1077 3460 1142 κτῆμα;
3502 1070 3591 1124 καὶ
3622 1070 3816 1132 πάντες

2159 1154 2210 1208 οἱ
2259 1156 2584 1226 κεκτημένοι
2647 1157 3107 1229 παρακαθέζονται
3171 1157 3354 1230 αύτῷ;
3415 1157 3593 1220 οὐδεὶς
3643 1158 3819 1214 αὐτῶν

2156 1243 2611 1318 πραγματεύεται,
2675 1241 2851 1305 οὐδεὶς
2907 1243 3081 1299 αὐτῶν
3134 1244 3186 1299 ἐν
3232 1245 3406 1321 ἆγορᾳ
3448 1245 3653 1321 βαδίζει
3678 1250 3815 1319 (79),

2161 1330 2300 1386 ἄλλο
2353 1330 2514 1406 ἔργον
2566 1331 2663 1386 οὐκ
2722 1331 2962 1407 ἔχουσιν,
3015 1333 3160 1388 ἀλλὰ
3217 1336 3411 1397 πάντες
3461 1335 3638 1390 αὐτῶν
3669 1339 3812 1410 ὁμοῦ

2158 1419 2279 1495 περῖ
2299 1419 2789 1495 αύτὸῆσχόληνται
2815 1442 2828 1489 ;
2861 1424 2929 1479 Ἤ
2951 1421 3165 1495 ὀνάριον
3198 1423 3484 1494 αἰσθητὸὸν
3515 1424 3603 1479 ἐπὶ
3634 1423 3816 1504 ἀμφό-

2162 1507 2257 1563 δου
2325 1507 2553 1578 δέδεται,
2613 1507 2837 1564 ἔπαυλιν
2897 1510 2997 1565 ούκ
3055 1506 3192 1586 ἔχει,
3240 1514 3442 1588 φάτνην
3503 1513 3607 1567 οὐκ
3663 1513 3806 1590 ἔχει,

2162 1596 2236 1659 εἷς
2269 1597 2430 1674 ἀγρόν
2465 1601 2575 1670 (80)
2603 1598 2664 1652 οὐ
2697 1598 3056 1675 κατέρχεται;
3107 1599 3254 1655 ἀλλὰ
3309 1600 3496 1664 πῶλος
3556 1602 3815 1673 αἰσθητὸς

2162 1684 2243 1739 ἐπ’
2303 1685 2552 1759 ἀμφόδου
2612 1684 2840 1757 δέδεται,
2898 1691 2988 1744 καὶ
3039 1691 3234 1751 πάντες
3285 1691 3336 1745 οἱ
3391 1690 3574 1766 κύριοι
3648 1691 3816 1747 αὐτοῦ

2164 1773 2308 1846 αὐτῷ
2363 1776 2847 1852 παρακαθέζονται,
2902 1783 3195 1852 τηροῦντες
3253 1777 3434 1836 αὐτόν.
3485 1784 3659 1835 Ταῦτα
3727 1781 3817 1838 λέ·-

394 1883 505 1937 γων
540 1861 640 1917 οὐκ
669 1864 872 1937 ἀναιρῶ
899 1862 1289 1939 τήνρεὶστορίαν·
1325 1862 1387 1919 οὓ
1417 1867 1517 1941 γὰρ
1550 1866 1876 1938 ἀναιροῦμεν
1907 1864 1969 1918 τὸ
2000 1861 2230 1938 γράμμα
2262 1861 2349 1919 διὰ
2376 1866 2437 1919 τὸ
2466 1871 2700 1938 πνεῦμα·
2737 1865 2883 1922 ἀλλά
2911 1867 3154 1941 σώζομεν
3205 1869 3304 1937 τήν
3349 1873 3447 1923 τοῦ
3499 1870 3812 1944 πνεύματος

396 1949 619 2025 δύναμιν
653 1949 742 2006 διὰ
768 1956 865 2006 τοῦ
892 1952 1238 2028 γράμματος.

463 2044 518 2097 6.
553 2042 770 2098 Revera
799 2043 1065 2098 sensibili
1117 2043 1296 2099 asello
1348 2045 1564 2100 insedit
1611 2044 1916 2114 Dominus,
1949 2045 2039 2098 Be-

2224 2045 2278 2099 6.
2313 2042 2564 2114 Ἀληθῶς
2597 2043 2682 2099 ἐπὶ
2719 2045 2939 2121 ὀναρίου
2971 2045 3231 2117 αἰσθητοῦ
3291 2047 3318 2103 ό
3377 2048 3574 2123 Κύριος
3632 2049 3811 2115 ἐκάθι-

392 2131 597 2188 thania
623 2132 1048 2202 Jerosolymam
1082 2133 1374 2204 profectus
1399 2151 1412 2189 :
1439 2134 1518 2189 ita
1546 2135 1703 2189 enim
1735 2133 2045 2207 propheta-

391 2221 474 2277 vit
505 2221 813 2277 Zacharias
846 2237 912 2276 :«
947 2221 1129 2278 Dicite
1177 2221 1306 2277 filia:
1336 2221 1469 2278 Sion
1505 2241 1518 2279 :
1553 2225 1697 2279 Ecce
1742 2223 1860 2279 Rex
1908 2226 2046 2277 tuus

389 2311 550 2366 venit
579 2311 684 2366 tibi
720 2316 1086 2377 mansuetus,
1118 2312 1328 2368 sedens
1362 2329 1539 2384 super
1567 2314 1800 2368 asinum
1828 2316 1884 2368 et
1915 2311 2042 2382 pul-

387 2398 512 2455 lum
573 2399 762 2454 ﬁlium
813 2400 1143 2472 subjugalis
1166 2402 1229 2454 9°.
1265 2422 1294 2451 ››
1346 2400 1514 2456 Salva
1563 2402 1743 2474 igitur
1789 2400 2045 2456 historia

389 2488 524 2557 ﬁde,
553 2493 890 2557 perscrutor
911 2506 979 2545 ea
1001 2506 1129 2561 quae
1153 2490 1211 2544 in
1235 2489 1338 2544 illa
1361 2490 1596 2546 defossa
1617 2495 1790 2546 sunt:
1819 2488 2048 2561 perqui-

390 2577 580 2633 rimus
629 2577 954 2649 repositum
1014 2578 1184 2634 nobis
1232 2579 1600 2646 thesaurum,
1648 2577 2046 2651 perquirimus

392 2665 640 2737 spiritus
669 2666 810 2723 vim.
834 2667 959 2723 Non
980 2668 1136 2722 enim
1171 2669 1336 2723 nudas
1370 2667 1628 2724 historiae
1658 2669 2042 2733 attendimus;

392 2755 735 2810 Judaaorum
775 2760 863 2811 est
903 2757 1194 2826 ejusmodi
1245 2757 1515 2812 stultitia.
1549 2762 1711 2812 Certe
1759 2757 2043 2812 Dominus

392 2849 594 2900 noster
617 2845 792 2900 Jesus
815 2844 1081 2902 Christus
1110 2863 1310 2901 eorum
1344 2863 1666 2918 coarguens
1697 2846 2040 2914 amentiam,

391 2933 473 2988 ait
496 2951 547 2988 :«
566 2934 921 2988 Scrutamini
941 2935 1170 3006 Scriptu
1183 2952 1336 3006 ras,q
1348 2936 1444 2991 uia
1460 2952 1560 2990 vos
1578 2934 1798 3008 putatis
1820 2936 1877 2989 in
1896 2936 2041 3007 ipsis

387 3023 602 3078 habere
632 3023 808 3078 vitam
853 3028 1131 3079 aeternam
1155 3025 1257 3079 9‘.»
1281 3024 1390 3080 Sed
1423 3025 1607 3080 Judaei
1639 3026 1808 3079 nudis
1838 3024 2040 3081 litterae

390 3111 776 3178 adhaerentes,
797 3112 948 3167 fame
973 3114 1302 3184 consumpti
1323 3118 1481 3168 sunt.
1496 3113 1672 3169 Gnari
1697 3114 1894 3185 itaque
1913 3132 2038 3182 nos,

388 3201 488 3258 59
517 3200 1020 3266 fratres,litteram
1053 3201 1615 3273 occidere,spiritum
1640 3208 1834 3258 autem
1858 3203 2041 3257 viviﬁ-

387 3306 551 3358 care;
576 3307 689 3345 non
712 3290 883 3344 modo
901 3289 1210 3345 historiam
1231 3291 1666 3362 Scripturarum
1703 3309 2039 3362 sequamur,

2154 2151 2238 2185 σεν
2295 2133 2406 2206 (81)
2462 2132 2765 2209 ἐργόμενος
2829 2136 2935 2190 ἀπὸ
2997 2137 3257 2206 Βηθανίας
3309 2137 3386 2198 εἰς
3436 2136 3808 2213 Ἰεροσόλυμαο

2154 2219 2296 2275 οὕτω
2344 2221 2448 2296 γὰρ
2506 2223 2781 2300 Ζαχαρίας
2839 2225 3168 2302 προφητεύει
3218 2223 3418 2300 λέγων*
3453 2251 3480 2277 ι(
3515 2226 3714 2283 Εἴπατε
3739 2232 3808 2301 τῇ

2152 2311 2372 2386 θυγατρὶ
2430 2314 2595 2366 Σιών·
2659 2311 2799 2370 Ἰδοὺ
2849 2315 2876 2368 6
2909 2313 3171 2377 Βασιλεύς
3204 2336 3300 2370 σου
3330 2317 3445 2388 (82)
3475 2314 3694 2391 ἔρχεταί
3725 2338 3808 2372 σοι

2154 2398 2345 2473 πραΰς,
2406 2396 2750 2469 ἐπιϐεϐηκὼς
2807 2402 2893 2458 ἐπὶ
2953 2403 3076 2458 δνον
3119 2404 3209 2458 καὶ
3236 2403 3424 2459 πῶλον
3457 2406 3572 2460 υἱὸν
3609 2406 3808 2476 ὑποζυ-

2154 2489 2298 2564 γίου.
2338 2513 2367 2543 ››
2427 2496 2534 2559 Τῆς
2577 2489 2668 2546 οὖν
2728 2492 2967 2566 ἱστορίας
3019 2491 3418 2564 ἀληθευούσης,
3476 2499 3623 2564 ζητῶ
3653 2494 3718 2549 τὰ
3750 2493 3801 2550 ἐν

2153 2578 2290 2652 αὐτῇ
2366 2578 2784 2655 καταχωσθέντα
2852 2583 3166 2657 πράγματα*
3247 2587 3513 2656 ζητοῦμεν
3571 2585 3662 2638 τὸν
3724 2583 3804 2638 έν-

2152 2667 2503 2740 αποκείμενον
2581 2672 2695 2742 (83)
2764 2672 2899 2743 ἡμῖν
2978 2673 3266 2748 θησαυρὸν,
3348 2677 3618 2745 ζητοῦμεν
3704 2671 3800 2727 τοῦ

2151 2756 2460 2829 πνεύματος
2511 2758 2610 2825 τήν
2673 2755 2922 2832 δύναμιν.
2956 2759 3033 2818 Οὐ
3065 2759 3168 2836 γὰρ
3198 2759 3336 2834 ψιλῇ
3372 2761 3585 2836 ἱστορίᾳ
3630 2781 3798 2832 προσ-

2152 2845 2374 2920 έχομεν·
2439 2844 2710 2902 Ἰουδαίων
2759 2849 2861 2923 γὰρ
2911 2851 2946 2918 ἡ
2995 2849 3217 2918 τοιαύτη
3277 2848 3525 2903 ἀπόνοια.
3578 2846 3798 2921 Ἀμέλει

2149 2935 2236 2988 καὶ
2315 2935 2343 2990 6
2422 2934 2617 3010 Κύριος
2688 2938 2849 3010 ἡμῶν
2929 2939 3137 3007 Ἰησοῦς
3197 2937 3444 3011 Χριστὸς,
3496 2933 3798 3012 διελέγχων

3099 3050 3128 3076 «
3180 3026 3460 3098 Ἐρευνᾶτε
3514 3026 3610 3087 τὰς
3661 3031 3800 3100 Γρα-

2151 3113 2274 3190 φάς,
2333 3112 2414 3167 6'1'.
2469 3113 2519 3167 ἐν
2561 3113 2745 3176 αὐταῖς
2799 3111 3005 3169 δοκεῖτε
3073 3115 3217 3183 ζωὴν
3265 3114 3485 3168 αἱώνιον
3544 3113 3713 3190 ἔχειν.
3767 3137 3798 3166 ιι

2149 3201 2328 3258 Ἀλλᾶ
2399 3200 2651 3258 Ἰουδαῖοι
2721 3205 2833 3276 (84)
2910 3201 3060 3277 ψιλῷ
3132 3208 3211 3274 τῷ
3285 3203 3570 3276 γράμματι
3627 3220 3798 3275 προσ-

2149 3290 2369 3366 έχοντες
2419 3289 2952 3364 ἐλιμολτονήθησαν.
3003 3289 3220 3354 Εἷδότες
3277 3289 3366 3346 οὖν
3423 3294 3611 3364 ἡμεῖς,
3644 3287 3800 3344 ἀδελ-

2150 3023 2324 3078 αδτῶν
2388 3025 2486 3092 τὴν
2552 3026 2758 3093 ἄνοιαν,
2834 3026 3012 3102 φησίν·

388 3394 600 3450 neque,
626 3383 690 3433 ut
731 3378 940 3444 Judaei,
965 3379 1131 3433 nudae
1163 3378 1369 3434 litterae
1403 3379 1889 3448 adhaerescamus,
1913 3381 2036 3451 sed,

2155 3379 2260 3458 :poi,
2321 3378 2404 3434 ὅτι
2462 3381 2524 3434 τὸ
2575 3381 2670 3452 μὲν
2711 3381 2944 3454 γράμμα
3003 3378 3324 3452 ἀποκτείνει,
3374 3380 3436 3434 τὸ
3487 3377 3546 3434 δὲ
3588 3383 3797 3452 πνεῦμα

390 3473 456 3522 ut
487 3466 774 3538 scriptum
799 3471 906 3534 est,
923 3473 1257 3522 scrutemur
1278 3468 1629 3539 Scripturas,
1652 3473 1715 3523 ut
1733 3468 1816 3524 ita
1834 3486 2036 3525 eurum

385 3556 457 3612 de
487 3556 626 3612 Jesu
659 3555 890 3612 Christo
938 3556 1275 3612 testimonia
1303 3556 1500 3613 animo
1531 3557 1802 3630 colligere
1850 3557 2036 3615 valea-

385 3661 540 3700 mus.
563 3645 856 3700 Ridebunt
878 3661 1018 3700 sane
1039 3645 1243 3714 Graeci,
1265 3647 1626 3717 objectantes
1649 3649 1835 3716 nobis,
1855 3648 2035 3704 Deum

383 3733 880 3803 Christianorum,
942 3734 1044 3806 qui
1089 3733 1355 3791 Christus
1409 3741 1805 3807 nuncupatur,
1855 3736 2036 3793 asello

384 3823 694 3878 insedisse.
721 3822 833 3877 Sed
858 3839 964 3878 nos
995 3839 1186 3894 neque
1208 3823 1267 3878 in
1290 3825 1470 3880 dubio
1493 3841 1814 3896 versamur,
1850 3843 2038 3897 neque

384 3927 674 3983 negamus
705 3912 832 3982 ejus
879 3912 939 3966 in
987 3928 1158 3968 carne
1188 3914 1523 3969 adventum.
1558 3914 1690 3970 Ideo
1720 3915 1873 3970 enim
1906 3931 2035 3970 cor-

385 3999 665 4072 poraliter
695 4000 1233 4071 peregrinatusest,
1258 4005 1323 4056 ut
1353 4002 1407 4056 id
1441 4003 1596 4073 quod
1628 4003 1879 4074 perierat
1910 4021 2032 4075 per-

384 4089 672 4160 quirendo
702 4089 1000 4160 reperiret,
1035 4095 1093 4145 et
1122 4091 1275 4160 quod
1320 4092 1554 4146 errabat
1602 4093 1920 4148 reduceret.
1949 4093 2036 4148 Ita

380 4177 542 4233 enim
588 4194 690 4248 per
740 4177 1083 4248 prophetam
1134 4179 1501 4234 denuntiavit
1533 4197 1545 4235 :
1579 4203 1606 4230 «
1636 4181 2033 4248 Revertimini,

381 4264 488 4321 filii
543 4271 928 4335 revertentes,
981 4271 1038 4322 et
1087 4283 1191 4339 ego
1246 4269 1466 4324 sanabo
1518 4270 1896 4326 contritiones
1943 4289 2036 4328 ve-

386 4359 544 4411 stras
565 4355 670 4408 9’.»
694 4355 818 4409 Non
853 4356 956 4410 abs
988 4373 1047 4411 re
1078 4356 1258 4428 igitur
1289 4357 1408 4412 haec
1430 4358 1838 4428 signiﬁcantur
1868 4361 1927 4414 in
1949 4361 2034 4415 di-

383 4443 541 4498 vinis
569 4443 910 4514 Scripturis,
937 4444 1153 4499 dilecti.
1187 4446 1433 4517 Magnus
1467 4446 1559 4501 hic
1592 4446 1785 4520 pullus
1817 4453 1906 4504 est
1936 4448 2036 4520 qui

385 4532 546 4599 alibi,
571 4554 599 4581 «
635 4531 815 4587 Filius
858 4532 1061 4602 junior
1093 4555 1121 4582 »
1152 4539 1410 4588 vocatur.
1451 4534 1593 4591 Nam
1625 4536 1841 4608 pullus,
1869 4537 2036 4607 juve-

2149 3473 2428 3538 ζωοποιεῖ,
2488 3468 2550 3523 ού
2605 3468 2765 3541 μόνον
2816 3473 2884 3542 τῇ
2929 3470 3142 3545 ἱστορίᾳ
3183 3474 3287 3523 τῶν
3342 3473 3566 3547 Γραφῶν
3613 3468 3795 3539 ἐξακο-

2148 3555 2507 3629 λουθήσωμεν
2548 3560 2682 3631 (85),
2739 3555 2866 3612 οὐδὲ
2913 3557 2987 3620 ὡς
3035 3555 3288 3613 Ἰουδαῖοι
3332 3554 3481 3630 ψιλῷ
3506 3561 3584 3629 τῷ
3614 3555 3796 3633 γράμ-

2151 3668 2278 3720 ματι
2335 3647 2723 3722 προσέχωμεν,
2781 3644 2910 3701 ἀλλ’
2967 3646 3041 3708 ὡς
3098 3644 3416 3722 γέγραπται,
3449 3645 3664 3720 ἰρευνᾷν
3695 3644 3791 3706 τὰς

2146 3736 2357 3812 Γραφὰς
2411 3734 2724 3808 ὀφείλομεν,
2779 3735 2850 3790 ἶν’
2901 3733 3044 3790 οὕτω
3085 3738 3185 3805 τὴν
3239 3735 3298 3790 ἐκ
3341 3734 3549 3790 τούτων
3587 3755 3798 3810 μαρτυ-

2146 3825 2262 3900 ρίαν
2316 3825 2438 3899 περί
2485 3828 2582 3879 τοῦ
2632 3825 2814 3892 Ἰησοῦ
2860 3818 3184 3880 καταλαϐεῖν
3241 3821 3582 3896 δυνηθῶμεν.
3627 3822 3797 3878 Γελά-

2145 3935 2295 3968 σουσι
2347 3912 2448 3988 γὰρ
2497 3912 2585 3967 καὶ
2636 3911 2907 3983 Ἕλληνες
2954 3914 3072 3976 καθ’
3118 3916 3278 3986 ἡμῶν
3329 3911 3608 3986 λέγοντες,
3655 3911 3740 3967 ὅτι
3770 3913 3798 3966 6

2144 4002 2274 4064 Θεὸς
2320 4005 2426 4056 τῶν
2479 4005 2810 4077 Χριστιανῶν
2862 4002 2890 4056 6
2938 4000 3280 4074 καλούμενος
3313 4002 3541 4076 Χριστὸς
3569 3999 3644 4062 εἷς
3675 4000 3798 4055 ὀνά-

2145 4111 2259 4167 ριον
2293 4090 2506 4154 ἐκάθισε
2535 4092 2670 4164 (86).
2705 4090 2808 4146 Καὶ
2842 4092 3004 4163 ἡμεῖς
3035 4089 3134 4144 οὐκ
3174 4084 3624 4168 ἀμφιϐάλλομεν,
3675 4086 3800 4144 ούδὶ

2143 4179 2450 4255 ἀρνούμεθα
2498 4177 2664 4234 αύτοῦ
2716 4180 2816 4248 τήν
2871 4178 2922 4234 έν
2973 4181 3129 4255 σαρκὶ
3175 4177 3475 4255 παρουσίαν
3527 4180 3661 4250 (87).
3698 4178 3798 4232 Διὰ

2143 4269 2243 4344 γὰρ
2281 4273 2446 4323 τοῦτο
2496 4273 2823 4340 σωματικῶς
2873 4266 3239 4341 ἐπεδήμησεν,
3284 4267 3378 4323 ⁹ίνα
3407 4267 3470 4322 τὸ
3503 4265 3797 4330 ἀπολωλὸς

2149 4359 2382 4428 ζητήσας
2431 4354 2580 4429 εὕρῃ,
2625 4357 2715 4411 καὶ
2771 4357 2832 4411 τὸ
2878 4356 3236 4430 πλανώμενον
3288 4357 3601 4432 ἐπιστρέψῃ.
3645 4354 3800 4411 Οὕτω

2147 4447 2249 4522 γὰρ
2307 4447 2395 4500 καὶ
2444 4443 2534 4500 διὰ
2580 4449 2677 4499 τοῦ
2722 4449 3008 4523 προφήτου
3063 4447 3164 4521 βοᾷ
3213 4445 3409 4522 λέγων·
3459 4469 3485 4496 (ι
3518 4447 3800 4521 Ἐπιστρέ-

2147 4539 2301 4609 ψατε,
2337 4534 2445 4588 υἱοὶ
2501 4533 2931 4613 ἐπιστρέφοντες,
2979 4535 3134 4610 κάγὼ
3185 4535 3406 4608 ἰάσομαι
3444 4535 3513 4590 τὰ
3543 4534 3802 4610 συντρίμ-

385 4621 479 4676 nis
511 4624 601 4676 est
630 4621 854 4676 asinus.
888 4620 1003 4676 Nos
1053 4622 1270 4693 itaque,
1301 4622 1360 4676 id
1393 4627 1482 4678 est
1511 4623 1770 4681 humana
1801 4630 2033 4695 natura,

2155 4645 2290 4698 ματα
2352 4623 2528 4696 ὑμῶν.
2589 4646 2618 4674 ››
2667 4623 2966 4699 Πράγματα
3011 4622 3100 4679 οὖν
3155 4623 3267 4680 ἐστι
3311 4626 3379 4678 τὰ
3417 4644 3486 4692 ση
3544 4623 3804 4696 αινόμενα

453 4747 499 4782 ³9
530 4748 639 4802 Isa.
675 4761 748 4814 1x,
783 4748 834 4811 1,
865 4748 919 4801 2.
997 4747 1040 4782 9°
1068 4747 1240 4802 Zach.
1275 4765 1352 4815 1x,
1381 4749 1436 4802 Ω.
1513 4750 1553 4784 ⁹¹
1586 4750 1753 4806 Joan.
1785 4768 1841 4818 v,
1873 4753 1962 4806 39.

2155 4770 2229 4808 er.
2264 4768 2348 4818 ιιι,
2386 4752 2477 4806 22.

453 4869 568 4942 (79)
602 4869 985 4946 Anglicanus,
1016 4869 1068 4923 ἒν
1111 4869 1304 4946 ἀγορᾷ⁸
1331 4866 1619 4946 διατρίϐει.
1654 4874 1804 4943 Mox,
1842 4876 2042 4946 Angli-

387 4941 598 5019 canus,
630 4941 1028 5019 πάντεςαύτιυν
1075 4941 1411 5019 περὶςαύτοῦ
1456 4941 1590 5019 ᾗσχ.
1628 4941 1863 5019 Regius,
1907 4941 2036 5001 πάν-

383 5034 470 5088 τες
517 5011 900 5088 ῥμούᾳόναᾼρ-ίῳ
944 5011 1425 5088 παρακαθέζονται.
1477 5011 1625 5088 Mb‘x,
1677 5011 2034 5086 Basiliensis,

385 5034 470 5075 τες
523 5030 664 5086 ομου
699 5030 794 5066 ονα
838 5030 900 5086 up
944 5034 1024 5087 ποι1

385 5081 756 5161 έπῖᾼάμφρδου
788 5030 1024 5161 ἕέχεται.

599 5156 991 5231 λΙῖειξζὶμΒξ-εἱς
1055 5156 1240 5231 άγρόν.
1285 5160 1458 5225 Editi,
1482 5158 1556 5231 εἷς

385 5225 565 5305 Bas“.
605 5225 1000 5305 ἐπ’νάμφὸδου
1069 5225 1300 5304 δέχεται.
1372 5229 1598 5304 Anglic.

387 5297 685 5373 ἐκδέχεται.

461 5370 568 5441 (8f)
620 5377 747 5444 Seg.
799 5378 853 5445 et
911 5372 1087 5445 Basil.
1150 5370 1480 5435 ἐπεκάθισεν.
1535 5371 1699 5445 Angl.
1752 5372 2032 5442 έκάθησεν.

387 5443 729 5517 Ιάεᾷῐηιωοί,
759 5443 904 5517 οὕτω
937 5443 1024 5517 καὶ
1057 5451 1191 5517 Ζαχ,

458 5511 574 5583 (82)
605 5519 711 5566 Σου
741 5515 904 5570 deest
951 5516 1007 5571 in
1055 5511 1384 5572 Go'blerian.
1420 5520 1476 5569 et
1523 5516 1668 5570 Felc.
1708 5517 1752 5570 1.
1789 5515 2033 5582 Ibidem,

386 5578 729 5652 ἐπιϐεϐηκώς
764 5587 928 5642 abest
957 5606 991 5642 a
1015 5589 1320 5644 Basiliensi
1353 5592 1411 5642 et
1439 5587 1785 5656 Anglicano.

608 5659 691 5731 ita
722 5659 974 5731 maxima
1002 5677 1139 5731 pars
1173 5677 1315 5715 mss.
1348 5659 1521 5731 Editi,
1549 5658 1923 5731 ἀποκείμενον.

455 5729 568 5798 (84)
603 5729 696 5784 Sic
747 5728 981 5802 Regius,
1003 5728 1253 5787 'Gobler.
1282 5736 1340 5786 et
1371 5730 1518 5786 Felc.
1571 5733 1619 5786 1.
1673 5730 1824 5787 Editi
1876 5746 2030 5800 vero,

1609 5157 1833 5283 ἀξοενάι·
1883 5160 2033 5247 Μρκι

1676 5251 1713 5283 π
1785 5245 2033 5283 annonem:

1676 5245 1730 5283 π’
1785 5245 2036 5306 αμφοοου

2161 4873 2308 4950 me
2339 4871 2590 4950 Ἰουδαῖοι
2627 4873 2744 4945 μέν.
2780 4875 2928 4944 Mox,
2957 4875 3324 4950 προσέχοντες
3353 4875 3519 4932 deest
3547 4875 3606 4931 in
3640 4873 3803 4931 Basi-

2145 4947 2309 5004 liensi
2340 4951 2395 5002 et
2424 4945 2647 5017 Anglic.

2218 5020 2330 5099 (85)
2364 5013 2596 5099 Regius,
2645 5013 3443 5099 tﬁqoleueoﬁpev.“8eguer._
3464 5024 3522 5073 et
3567 5014 3799 5099 Gobler.

2147 5089 2684 5170 ἐξακολουθῄσωμεν.
2717 5089 2896 5170 P_aulo
2940 5089 3377 5170 post,_l_t_egius,
3409 5089 3649 5170 Seguer.
3674 5089 3798 5170 _Ba-

2148 5163 2239 5217 sil.
2301 5162 2529 5231 Anglic.
2583 5159 2820 5232 ἐρευνᾷν,
2870 5159 3045 5216 recte.
3097 5159 3249 5216 Editi
3285 5177 3430 5232 vero
3479 5159 3538 5216 et
3585 5160 3798 5229 caeteri,

2149 5230 2886 5308 ipsovdivtéc._i’aulo_piist,
2916 5233 3248 5308 G_oblcrian:
3281 5230 3374 5308 ἐπὶ.
3396 5234 3494 5286 τοῦ
3526 5232 3726 5308 Ἰησοῦ.

2363 5303 2589 5386 Anglic.
2617 5300 2888 5386 ’ἐκάθησο
2942 5300 3507 5386 Πθςίιιεηέκαθέστηῐ
3563 5305 3688 5386 hiox
3726 5301 3799 5386 'in

2147 5372 2322 5431 aditis
2352 5381 2408 5431 et
2439 5372 2495 5431 in
2529 5375 2884 5446 quibusdam
2920 5372 3062 5432 mss.
3097 5372 3327 5444 legitur,
3357 5373 3446 5428 καὶ
3478 5377 3642 5446 ἡμεῖς
3679 5372 3796 5445 μιν,

2147 5448 2244 5502 sed
2302 5447 2393 5518 μέν
2428 5449 2589 5502 deest
2621 5446 2678 5501 in
2714 5447 3019 5503 Basiliensi
3053 5452 3109 5502 et
3133 5446 3472 5518 Anglicano.

2217 5514 2332 5593 (87)
2379 5518 2724 5593 Basiliensis
2761 5523 2818 5572 et
2867 5519 3090 5593 ᾼῃξζιίο.
3139 5514 3252 5585 τὴν
3285 5514 3794 5593 Evcapxov_11gpou-

2147 5585 2471 5668 σίανηῖηΐνξι
2499 5589 2830 5646 Goblerian.
2865 5585 3076 5643 8ιῖτοῦ
3112 5585 3609 5668 προφήτουφηώι.
3643 5585 3793 5642 Ἐπι-

2145 5661 2424 5736 στρέψατε.
