4154 6372
332 401 443 464 181

1393 403 1474 464 ΙΝ
1519 401 1779 476 ILLUD,
1826 398 2216 462 PROFECTI
2261 400 2339 459 IN
2387 400 2686 460 PAGUM.

3638 390 3754 453 182

332 533 384 589 ἐν
413 539 532 597 ταῖς
567 534 735 599 θείαις
784 540 1023 612 Γραφαῖς
1055 581 1070 606 ,
1127 534 1419 611 ἀγαπητοί.
1471 532 1655 608 Μέγας
1704 532 1844 587 ἐστὶν
1889 529 1977 585 οῦ-

2098 531 2296 603 pullus
2330 546 2557 585 sumus.
2590 528 2903 585 Hominem
2938 525 3176 598 quippe,
3208 524 3430 580 domini
3458 525 3610 595 ejus,
3648 521 3751 612 qui

327 645 419 687 τος
452 626 479 679 6
511 623 724 693 πῶλος,
756 625 817 687 ὃς
847 626 960 699 (88)
991 626 1081 679 καὶ
1114 623 1366 701 ἀλλαχοῦ
1400 621 1612 699 λέγεται
1644 647 1671 674 ‹‹
1706 623 1819 684 υἱὸς
1852 620 1983 675 νεώ-

327 734 504 788 τερος.
538 738 567 765 ››
604 715 701 768 Καὶ
728 713 830 790 γὰρ
863 715 890 768 6
923 712 1133 785 πῶλος,
1168 710 1291 775 ὅνος
1341 712 1451 767 ἐστὶ
1503 710 1638 773 νέος.
1672 713 1859 782 Ἡμεῖς
1890 708 1979 763 οῦν

328 801 485 877 ἐσμεν
520 804 548 858 6
580 801 792 871 πῶλος,
841 803 1113 857 τουτέστιν
1146 805 1181 871 ἡ
1232 800 1609 876 ἀνθρωπότης.
1643 802 1854 852 Ὅντινυ
1899 794 1986 852 ἄν·

328 902 544 962 θρωπον
576 892 627 945 οἱ
659 890 1212 966 αίχμαλωτεύσαντες
1239 892 1344 962 πρὸ
1371 889 1567 945 τούτου
1597 890 1776 963 κύριοι
1819 886 1983 941 αὐτοῦ

326 981 439 1053 (89)
496 975 692 1049 ἔδησαν
763 976 985 1052 δεσμοῖς
1048 978 1314 1047 ἀλύτοις,
1375 979 1463 1033 καὶ
1521 975 1747 1038 ἕκαστος
1809 976 1983 1030 αὐτῶν

326 1066 561 1141 δεσμοὺς
610 1067 698 1123 ἐπὶ
750 1066 965 1142 δεσμῶν
1012 1066 1334 1140 κατέδησαν,
1382 1068 1471 1122 καὶ
1525 1064 1773 1145 σφοδρῶς
1821 1065 1980 1119 αὐτὸν

326 1154 702 1233 ἠσφαλίσαντο
739 1200 753 1225 ,
786 1157 861 1218 ὡς
920 1157 1099 1230 οἶμαι,
1149 1156 1232 1212 ὅτι
1282 1156 1371 1211 καὶ
1418 1156 1543 1217 τοὺς
1590 1153 1761 1217 πόδας
1816 1153 1983 1209 αὐτοῦ

327 1241 651 1315 κατέδησαν,
706 1245 780 1317 μή
829 1250 1243 1321 συγχωροῦντες
1295 1244 1441 1315 αὐτῷ
1493 1240 1747 1314 διαϐῆναι
1799 1243 1887 1298 ἐπὶ
1916 1242 1984 1297 τὰ

333 1332 556 1406 βελτίω.
606 1332 762 1389 Ἀλλ’
814 1334 842 1388 6
892 1333 1281 1411 φιλάνθρωπος
1313 1338 1410 1388 τοῦ
1455 1337 1588 1388 Θεοῦ
1642 1334 1783 1398 Υἱὸς,
1836 1333 1863 1386 6
1896 1329 1984 1386 διὰ

324 1426 487 1476 τοῦτο
538 1420 886 1495 ἐπιδημήσας
944 1425 1087 1496 (90),
1138 1421 1352 1478 κελεύει
1401 1428 1519 1484 τοῖς
1574 1425 1839 1495 μαθηταῖς
1886 1420 1981 1475 αὐ-

321 1514 441 1582 τοῦ,
476 1510 641 1566 εἰπὼν
674 1512 811 1586 πρὸς
843 1507 1061 1575 αὸτούς·
1098 1538 1126 1565 ‹‹
1160 1513 1518 1587 Πορευθέντες
1552 1512 1626 1574 εἰς
1657 1513 1756 1581 τήν
1790 1512 2060 1565 κατέναντι

368 1620 440 1655 οι.
480 1625 501 1650 ιο

368 1620 440 1655 οι.
480 1625 501 1650 ιο

324 1620 445 1745 μ7.
478 1687 671 1743 Πολλὰ
730 1688 823 1743 οῦν
880 1690 1149 1765 παρεσχεν
1211 1693 1348 1762 ἡμῖν
1412 1691 1583 1765 ἀγαθὰ
1640 1692 1667 1744 6
1728 1688 1927 1762 Κύριος
1964 1736 1978 1761 ,

319 1776 611 1852 ἀγαπητοί·
674 1777 736 1832 οὗ
790 1776 893 1854 γὰρ
957 1777 1119 1851 μόνον
1177 1777 1307 1840 τοὺς
1370 1776 1603 1851 δεσμοὺς
1662 1780 1822 1851 ἡμῶν
1880 1784 1981 1847 τῆς

324 1866 591 1939 ἁμαρτίας
621 1864 834 1937 ἔλυσεν,
870 1865 1015 1922 ἀλλὰ
1061 1866 1150 1922 καὶ
1197 1866 1435 1938 ἐξουσίαν
1482 1870 1617 1941 ἡμῖν
1666 1865 1837 1923 ἓδωκε
1885 1871 1981 1921 τοῦ
2012 1908 2060 1972 Β

320 1958 506 2008 πατεῖν
547 1953 727 2009 ἐπάνω
757 1952 931 2033 ὅφεων
960 1955 1050 2009 καὶ
1083 1955 1355 2029 σκορπίων
1374 1955 1463 2009 καὶ
1496 1954 1581 2009 ἐπὶ
1613 1961 1782 2010 πᾶσαν
1829 1953 1979 2010 δύνα-

325 2064 416 2116 μιν
475 2048 574 2098 τοῦ
618 2042 822 2119 ἐχθροῦ
858 2088 870 2100 .
929 2046 1030 2101 Ἦν
1089 2046 1191 2120 γὰρ
1251 2046 1278 2098 ὁ
1338 2040 1599 2106 διάϐολος
1654 2046 1743 2099 καὶ
1801 2046 1852 2098 οἱ
1882 2066 1976 2099 κο-

321 2132 696 2209 σμοκράτορες
724 2137 822 2188 τοῦ
868 2133 1092 2196 σκότους
1127 2136 1241 2205 (91)
1270 2133 1486 2205 τούτου,
1520 2129 1776 2195 λαϐόντες
1828 2136 1975 2205 ἡμᾶς

319 2219 737 2295 αἰχμαλώτους,
767 2221 856 2276 καὶ
888 2221 1147 2292 δήσαντες
1169 2224 1318 2295 ἡμᾶς
1342 2220 1563 2294 δεσμοῖς
1597 2222 1977 2297 ἀλύτοις,προ-

318 2309 537 2365 κόπτειν
591 2309 691 2365 οὔκ
737 2310 1053 2387 ἐπέτρεπον,
1088 2309 1213 2366 οὐδὲ
1259 2311 1602 2387 συνεχώρουν
1640 2310 1875 2387 βαδίζειν
1906 2316 1975 2386 τῇ

321 2396 433 2470 ὁδῷ
460 2403 529 2472 τῇ
562 2398 762 2474 ἀγαιθῇ
793 2401 882 2455 καὶ
916 2397 1042 2454 οὖδὶ
1091 2399 1265 2462 οὕτως
1315 2402 1475 2473 ἡμῶν
1519 2400 1808 2479 ἀφίσταντο
1842 2403 1975 2475 (92),

319 2484 469 2542 ἀλλᾶ
495 2487 585 2541 καὶ
619 2486 935 2561 δεδεμένους
985 2491 1136 2561 ἡμᾶς
1181 2489 1499 2565 ἐσχηκότες,
1532 2488 1696 2544 πάλιν
1728 2489 1975 2566 περιεκά-

318 2577 507 2645 Θηντο,
540 2576 686 2648 ώμοί
713 2597 852 2639 τινες
884 2572 1034 2638 ὄντες
1085 2578 1175 2631 καὶ
1224 2576 1407 2653 ἄγριοι
1448 2577 1724 2635 δεσπόται.
1762 2579 1919 2634 Ἀλλ’
1949 2578 1976 2634 ὀ

319 2662 519 2737 Κύριος
545 2664 635 2718 καὶ
668 2665 867 2735 Σωτὴρ
912 2665 1072 2738 ἡμῶν
1127 2664 1335 2735 Ἰησοῦς
1384 2667 1614 2737 Χριστὸς
1665 2665 1979 2740 ἐπεδήμησε

318 2752 434 2824 (93)
466 2751 699 2826 κηρύξαι
748 2751 1133 2826 αἰχμαλώτοις
1186 2753 1395 2832 ἄφεσιν,
1438 2753 1528 2809 καὶ
1579 2754 1808 2831 τυφλοῖς
1860 2754 1981 2810 ἀνά-

318 2834 547 2912 ϐλεψιν.
606 2838 831 2911 ’Δμέλει
890 2841 1216 2897 ἀποστέλλει
1276 2842 1405 2904 τοὺς
1466 2844 1710 2916 μαθητὰς
1771 2843 1978 2915 αὐτοῦ,

319 2926 410 2982 καὶ
442 2925 636 2981 λύουσι
664 2928 756 2982 τὸν
789 2928 999 2985 πῶλον.
1034 2930 1164 2983 Εἶτα
1210 2930 1375 2991 λύσας
1418 2931 1601 3003 αὐτὸν,
1635 2931 1724 2987 καὶ
1775 2933 1977 3008 φάτνην

329 3013 610 3089 οἶκοδομεῖ
666 3016 835 3089 αὐτῷ,
895 3017 985 3071 καὶ
1042 3019 1218 3090 νομὴν
1281 3018 1576 3091 ἐτοιμάζει.
1635 3025 1805 3075 Τοῦτο
1868 3024 1981 3093 (94)

330 3104 427 3181 γὰρ
458 3106 485 3160 ὁ
527 3107 822 3184 Προφήτης
879 3105 1218 3181 βουλόμενος
1269 3104 1458 3177 δεῖξαι,
1512 3108 1663 3186 φησί’
1702 3133 1727 3159 ‹‹
1784 3109 1977 3185 Κύριος

2102 620 2264 692 prius
2296 622 2353 674 in
2387 619 2787 689 captivitatem
2818 617 2984 671 illum
3020 616 3380 685 redegerant,
3418 611 3749 668 insolubili-

2098 710 2209 765 bus
2242 708 2492 763 vinculis
2524 706 3013 770 constrinxerant,
3048 720 3297 775 quorum
3349 702 3563 773 singuli
3620 701 3748 755 vin-

2097 798 2227 854 cula
2257 797 2509 852 vinculis
2542 798 2895 867 adjecerunt,
2930 798 3101 865 atque
3136 808 3349 863 magna
3378 790 3546 845 illum
3582 789 3748 845 solli-

2094 888 2352 942 citudine
2382 886 2797 949 observabant,
2830 885 2910 937 ita
2943 889 3006 937 ut
3035 882 3212 937 etiam
3243 880 3537 952 (arbitror)
3570 879 3747 950 pedes

2092 978 2220 1048 ejus
2253 976 2587 1048 alligarent,
2624 992 2727 1029 nec
2762 975 3025 1029 sinerent
3054 990 3188 1027 eum
3224 972 3293 1027 ad
3326 970 3569 1025 meliora
3618 986 3743 1039 pro-

2093 1066 2276 1137 gredi.
2310 1065 2422 1120 Sed
2459 1064 2638 1119 Filius
2669 1063 2767 1119 Dei
2800 1062 3107 1117 hominum
3140 1059 3606 1125 amantissimus,
3642 1058 3742 1128 qui

2092 1153 2251 1210 illius
2283 1170 2461 1209 causa
2492 1153 2897 1225 peregrinatus
2926 1156 3033 1217 est,
3067 1148 3377 1220 discipulis
3411 1146 3537 1202 suis
3594 1163 3739 1217 prs:-

2092 1243 2233 1314 cipit
2263 1242 2424 1297 hisce
2456 1241 2687 1297 verbis:
2722 1264 2748 1289 «
2785 1240 3030 1296 Profecti
3086 1239 3145 1293 in
3197 1252 3408 1311 pagum
3443 1252 3473 1290 e
3506 1235 3741 1307 regione

2092 1330 2294 1397 situm,
2326 1331 2633 1386 invenietis
2668 1329 2895 1401 pullum
2932 1327 3260 1399 alligatum,
3295 1325 3590 1380 solventes
3639 1323 3739 1378 ad—

2091 1420 2285 1475 ducite
2315 1420 2455 1475 mihi
2481 1420 2544 1474 93.
2578 1439 2603 1468 η

2092 1508 2305 1580 κώμην,
2341 1507 2593 1581 εὑρήσετε
2638 1504 2825 1561 πῶλον
2874 1503 3174 1578 δεδεμένον·
3219 1501 3472 1564 λύσαντες
3522 1499 3747 1577 ἀγάγετε

2162 1688 2217 1744 7.
2254 1687 2436 1743 Multa
2465 1688 2664 1759 itaque
2695 1687 2865 1742 nobis
2915 1687 3069 1742 bona
3114 1683 3386 1757 praestitit
3440 1681 3743 1748 Dominus,

2092 1776 2320 1832 dilecti:
2358 1794 2472 1832 non
2499 1778 2670 1832 modo
2693 1776 2911 1848 quippe
2933 1773 3350 1831 solvitvincula
3371 1774 3745 1845 peccatorum

2092 1870 2424 1921 nostrorum
2451 1884 2463 1932 ;
2498 1867 2600 1920 sed
2632 1867 2811 1921 etiam
2844 1868 3196 1937 potestatem
3229 1861 3396 1918 nobis
3428 1860 3588 1916 dedit
3635 1858 3747 1914 cal-

2090 1955 2260 2009 candi
2294 1972 2476 2026 supra
2508 1960 2807 2026 serpentes
2839 1960 2895 2009 et
2925 1953 3285 2025 scorpiones,
3320 1957 3374 2006 et
3407 1965 3587 2021 supra
3617 1965 3742 2003 om-

2090 2060 2221 2099 nem
2256 2044 2529 2098 virtutem
2563 2044 2807 2098 inimici.
2841 2044 2978 2097 Erat
3002 2042 3155 2097 enim
3192 2039 3456 2096 diabolus
3486 2044 3544 2093 et
3577 2037 3744 2109 prin-

2087 2133 2245 2204 cipes
2276 2134 2481 2187 mundi
2518 2134 2891 2188 tenebrarum
2925 2133 3158 2201 harum,
3191 2130 3291 2201 qui
3322 2146 3429 2184 nos
3476 2127 3740 2198 captivos

2088 2223 2365 2289 fecerant,
2397 2221 2860 2293 colligarantque
2896 2219 3313 2275 insolubilibus
3331 2217 3602 2284 vinculis,
3632 2230 3739 2271 nec

2087 2310 2360 2367 sinebant
2390 2313 2697 2382 procedere
2728 2315 2831 2366 aut
2861 2311 2920 2366 in
2954 2310 3043 2365 via
3073 2311 3226 2366 bona
3282 2306 3572 2379 progredi.
3628 2305 3738 2360 Ne-

2087 2416 2202 2471 que
2232 2404 2428 2455 tamen
2469 2417 2503 2453 a
2530 2400 2700 2455 nobis
2733 2399 2841 2455 hoc
2889 2400 2946 2453 in
2999 2403 3155 2454 statu
3209 2397 3416 2468 positis
3464 2394 3738 2450 abscede—

2089 2489 2266 2555 bant;
2295 2505 2497 2543 verum
2525 2489 2583 2542 in
2618 2488 2869 2543 vinculis
2899 2505 3005 2543 nos
3048 2487 3381 2542 detinentes
3433 2484 3586 2540 circa
3633 2498 3741 2538 nos

2088 2578 2390 2646 sedebant,
2415 2578 2683 2633 crudeles
2705 2594 2847 2633 sane
2868 2582 2923 2631 et
2942 2577 3161 2631 efferati
3201 2574 3446 2631 domini.
3482 2573 3590 2628 Sed
3632 2576 3739 2627 Do-

2090 2668 2287 2721 minus
2319 2672 2375 2720 et
2406 2665 2673 2722 Salvator
2704 2672 2901 2721 noster
2929 2666 3101 2721 Jesus
3160 2665 3432 2719 Christus
3481 2661 3742 2735 peregri-

2091 2759 2265 2809 natus
2296 2758 2477 2809 estut
2525 2755 2865 2826 praedicaret
2920 2754 3165 2825 captivis
3207 2751 3634 2821 dimissionem,
3687 2754 3745 2804 et

2093 2843 2256 2896 caecis
2288 2842 2450 2897 visus
2482 2843 2935 2897 restitutionem.
2971 2846 3194 2897 Revera
3224 2840 3549 2913 discipulos
3604 2854 3744 2894 suos

2091 2931 2293 3000 mittit,
2320 2931 2417 3001 qui
2445 2929 2671 3001 pullum
2697 2930 2949 2984 solvunt.
2980 2930 3196 2984 Dehinc
3219 2929 3410 2984 soluto
3433 2929 3552 2994 illo,
3594 2943 3739 2999 prte-

2090 3036 2226 3090 sepe
2245 3020 2516 3087 aediﬁcat,
2541 3024 2597 3074 et
2620 3021 2900 3087 pabulum
2924 3022 3235 3090 parat.Hoc
3262 3033 3395 3073 cum
3448 3016 3740 3088 Propheta

2089 3108 2385 3163 declarare
2413 3108 2604 3174 vellet,
2638 3108 2755 3163 ait:
2787 3127 2806 3154 α
2830 3108 3115 3162 Dominus
3140 3106 3329 3179 pascit
3356 3122 3467 3175 me,
3500 3110 3559 3160 et
3591 3103 3738 3159 nihil

328 3195 603 3267 ποιμαίνει
669 3215 757 3268 με,
816 3194 905 3250 καὶ
966 3192 1119 3250 οὐδὲν
1184 3216 1251 3268 με
1309 3196 1624 3272 ὑστερήσει,
1684 3197 1759 3259 εἷς
1808 3198 1973 3254 τόπον

2093 3196 2236 3250 mihi
2270 3198 2472 3265 deerit,
2501 3198 2561 3251 in
2593 3198 2717 3251 loco
2750 3214 2979 3267 pascuae
3009 3196 3091 3250 ibi
3122 3213 3216 3250 me
3244 3194 3566 3250 collocavit.
3628 3194 3741 3249 Su-

324 3282 528 3359 χλόης,
582 3282 694 3339 ἐκεῖ
745 3305 813 3357 με
854 3286 1280 3355 κατεσκήνωσεν.
1333 3285 1457 3341 Ἐπὶ
1506 3283 1702 3347 ὕδατος
1739 3286 1976 3340 ἀναπαύ-

322 3392 457 3434 σεως
488 3370 737 3446 ἐξίθρεψέ
792 3393 858 3446 με
901 3374 1036 3446 (95),
1086 3373 1187 3441 τήν
1236 3374 1421 3448 ψυχήν
1477 3395 1580 3447 μου
1630 3373 1920 3449 ἐπέτρεψε·
1950 3398 1981 3427 ››

317 3460 408 3516 καὶ
433 3460 617 3516 πάλιν·
658 3484 679 3513 ι
712 3462 768 3515 Ὁ
800 3459 1167 3531 ἐξωατέλλων
1200 3461 1400 3537 χόρτον
1449 3467 1566 3525 τοῖς
1617 3467 1858 3533 κτήνεσι,
1891 3465 1980 3519 καὶ

318 3548 501 3626 χλόην
531 3554 600 3624 τῇ
652 3547 878 3621 δουλείᾳ
920 3551 1030 3605 τῶν
1081 3549 1402 3626 ἀνθρώπων.
1440 3575 1466 3601 ››
1517 3552 1847 3630 Στραφέντες
1887 3552 1977 3608 οὗν

320 3637 517 3694 λοιπὸν
562 3641 677 3709 (96)
726 3637 1167 3711 εύαισθητότιροι
1218 3638 1532 3715 γενοίμεθα,
1578 3641 1666 3695 καὶ
1718 3641 1928 3717 ἂναγνω
1956 3676 1979 3685 -

320 3725 559 3800 ρίσωμεν
607 3727 699 3782 τὸν
746 3726 1056 3803 εὐεργέτην,
1110 3728 1200 3782 καὶ
1250 3728 1316 3782 τὰ
1366 3728 1453 3783 ὑπ’
1503 3728 1667 3784 αὐτοῦ
1718 3728 1980 3802 δεδομένα

318 3817 457 3889 ἡμῖν
510 3815 685 3891 ἀγαθὰ
729 3814 1031 3891 προθύμως
1093 3813 1407 3888 δεξώμεθα.
1458 3817 1611 3872 Οὕτω
1663 3820 1765 3894 γὰρ
1814 3817 1977 3894 εὐχα-

322 3910 627 3980 ριστοῦντες
680 3903 954 3979 δυνάμεθα
1002 3904 1176 3982 λέγειν
1229 3905 1320 3961 σὺν
1369 3912 1449 3979 τῷ
1498 3903 1684 3962 Δαϐὶδ·
1724 3932 1751 3960 ‹‹
1800 3908 1977 3963 ἹΙτοί-

324 4015 498 4067 μασας
529 3993 760 4048 ἐνώπιόν
816 4011 925 4066 μου
965 3994 1231 4070 τράπεζαν
1281 3994 1573 4066 ἐξεναντίας
1611 3998 1718 4051 τῶν
1761 3993 1978 4061 θλιϐόν-

316 4104 426 4139 των
479 4103 568 4156 με.
602 4103 629 4135 s
686 4086 943 4137 Τοιοῦτον
995 4081 1095 4158 γάρ
1145 4082 1257 4138 ἐστι
1306 4084 1389 4153 τὸ,
1424 4090 1665 4161 «Ἔγνω
1718 4086 1844 4160 βοῦς
1884 4087 1974 4141 τὸν

318 4173 684 4245 κτησάμενον,
710 4171 802 4226 καὶ
835 4170 955 4233 ύνος
980 4173 1081 4240 τὴν
1114 4172 1317 4250 φάτνην
1350 4177 1447 4227 τοῦ
1494 4173 1683 4248 κυρίου
1725 4174 1911 4230 αὐτοῦ.
1948 4202 1970 4229 ι

318 4261 418 4316 Καὶ
447 4263 595 4337 τάχα
625 4258 714 4316 διὰ
742 4264 935 4315 τοῦτον
968 4261 1059 4316 τὸν
1106 4261 1294 4318 πῶλον
1332 4263 1360 4316 6
1388 4264 1596 4332 Ἰησοῦς
1638 4262 1725 4317 ἐπὶ
1772 4262 1974 4338 φάτνης

315 4350 661 4407 ἀνακλίνεται
696 4394 710 4407 .
743 4353 880 4426 Ἄρα
934 4352 1038 4426 γὰρ
1096 4350 1261 4406 τόπον
1321 4351 1420 4406 οὐκ
1474 4353 1620 4427 εἶχεν
1670 4353 1697 4407 6
1751 4353 1973 4425 Ἰωσὴφ,

314 4441 454 4516 ἀνὴρ
514 4439 737 4515 εὐγενὴς
795 4439 1081 4514 ὑπάρχων,
1129 4440 1219 4494 καὶ
1278 4440 1383 4495 ἀπὸ
1438 4439 1631 4515 γένους
1686 4439 1974 4516 βασιλικοῦ

318 4524 691 4605 καταγόμεος,
750 4528 865 4590 υἱὸς
949 4523 1113 4583 Δαϐὶδ
1172 4529 1532 4605 χρηματίζων
1588 4549 1602 4599 ;
1650 4530 1745 4585 Καὶ
1804 4531 1970 4586 τόπον

2093 3302 2192 3356 per
2222 3302 2434 3357 aquam
2469 3285 2801 3340 refectionis
2830 3286 3097 3340 educavit
3126 3300 3239 3349 me,
3264 3283 3521 3339 animam
3548 3297 3738 3337 meam

2091 3374 2372 3428 convertit
2394 3375 2438 3409 9"
2465 3392 2477 3441 ;
2505 3396 2533 3423 »
2556 3379 2612 3429 et
2634 3391 2869 3428 rursum
2900 3390 2912 3428 :
2953 3395 2981 3423 ς.
3009 3373 3115 3439 Qui
3156 3373 3428 3444 producit
3458 3371 3748 3440 jumentis

2091 3463 2312 3530 fenum,
2337 3466 2395 3519 et
2417 3463 2659 3517 herbam
2683 3463 2946 3517 servituti
2992 3461 3300 3516 hominum
3324 3461 3388 3515 95.
3415 3482 3441 3511 »
3475 3458 3749 3516 Conversi

2088 3551 2269 3623 igitur
2294 3552 2571 3623 deinceps
2589 3552 2989 3606 sensibiliores
3014 3552 3352 3619 reddamur,
3386 3553 3442 3604 et
3464 3564 3747 3621 agnosca-

2090 3657 2224 3695 mus
2257 3641 2710 3706 benefactorem,
2747 3645 2801 3696 et
2833 3640 2986 3695 bona
3017 3639 3231 3709 quibus
3264 3640 3333 3694 ab
3384 3639 3511 3709 ipso
3561 3638 3744 3692 dona-

2090 3747 2223 3784 mur
2254 3729 2521 3783 alacriter
2550 3730 2933 3799 accipiamus.
2968 3730 3051 3784 Ita
3082 3728 3237 3783 enim
3264 3730 3483 3799 gratias
3505 3731 3746 3797 agentes

2089 3836 2409 3889 possumus
2441 3835 2575 3873 cum
2611 3819 2822 3874 Davide
2873 3819 3106 3873 dicere:
3160 3840 3186 3867 «
3227 3816 3448 3871 Parasti
3498 3816 3558 3870 in
3604 3831 3740 3869 con-

2088 3914 2289 3979 spectu
2326 3924 2455 3962 meo
2488 3924 2756 3962 mensam
2811 3908 3094 3962 adversus
3152 3922 3251 3961 eos
3303 3907 3403 3976 qui
3457 3904 3745 3958 tribulant

2091 4012 2183 4051 me
2203 3997 2267 4049 9°.
2304 4018 2331 4045 »
2364 3997 2505 4051 Tale
2535 3997 2754 4067 quippe
2783 4000 2874 4050 est
2901 3995 3047 4049 illud
3073 4011 3086 4049 :
3124 4016 3150 4045 «
3181 3993 3459 4065 Cognovit
3484 3994 3587 4045 bos
3613 4008 3741 4062 pos-

2089 4102 2378 4141 sessorem
2405 4101 2601 4155 suum,
2627 4090 2683 4138 et
2704 4085 2907 4139 asinus
2930 4100 3186 4156 praesepe
3224 4082 3446 4137 domini
3489 4082 3577 4135 sui
3611 4081 3674 4134 97.
3706 4098 3735 4131 η

2088 4175 2155 4229 Et
2184 4174 2457 4229 fortassis
2487 4174 2560 4227 ob
2594 4173 2771 4228 istum
2808 4172 3034 4243 pullum
3064 4172 3351 4228 Dominus
3378 4173 3432 4225 in
3459 4168 3742 4241 praesepio

2087 4263 2423 4318 reclinatur.
2456 4264 2662 4316 Annon
2695 4262 2909 4333 Joseph
2946 4262 3133 4317 locum
3170 4261 3461 4327 habuerit,
3511 4260 3598 4313 vir
3644 4259 3744 4314 ille

2087 4352 2324 4419 nobilis,
2353 4356 2410 4407 et
2430 4368 2498 4407 ex
2527 4351 2685 4422 regia
2707 4351 2885 4421 stirpe
2908 4351 3217 4415 oriundus,
3242 4350 3335 4419 qui
3362 4349 3520 4403 filius
3560 4347 3740 4403 David

2086 4446 2464 4513 nuncupatur
2484 4442 2528 4476 9°
2547 4440 2574 4495 ‘I
2601 4442 2687 4495 An
2724 4441 2913 4494 locum
2949 4439 3126 4494 alium
3153 4456 3265 4493 non
3290 4437 3521 4503 habuit,
3556 4453 3737 4508 quam

2090 4531 2523 4588 diversorium?
2554 4529 2830 4585 nullusne
2863 4528 3013 4583 alius
3046 4527 3156 4582 fuit
3185 4527 3394 4582 locus?
3446 4525 3737 4581 Nimirum

315 4619 418 4675 οὐκ
449 4591 594 4694 κίχεν
626 4591 688 4671 εἰ,
708 4619 783 4690 μὴ
815 4618 876 4672 τὸ
907 4591 1233 4690 κατάλυμάῡξ
1262 4591 1471 4681 ’ίᾸλλος
1501 4591 1607 4696 οὐχ
1642 4621 1859 4696 ὑπῆρχε
1888 4621 1975 4675 τό-

2093 4638 2216 4677 vere
2248 4619 2445 4674 divina
2477 4619 2569 4673 hic
2602 4618 2835 4689 negotia
2867 4622 3172 4689 geruntur.
3207 4617 3357 4671 Sane
3382 4617 3502 4685 jam
3525 4615 3738 4670 iterum

313 4727 418 4769 πος
449 4724 464 4776 ;
499 4708 567 4763 Ἦ
616 4703 873 4776 δηλονότι
921 4704 1214 4782 πράγματα
1263 4711 1380 4770 θεῖα
1427 4708 1495 4777 ἦν
1542 4708 1607 4762 τὰ
1654 4708 1977 4781 οἰκονομού-

386 4823 671 4951 ξΟΜιιιιὴ.
702 4839 818 4891 n1,
848 4823 903 4878 2.
1008 4823 1056 4859 ⁹⁴
1088 4822 1242 4879 Psal.
1275 4841 1411 4893 χχιι,
1445 4826 1558 4880 2-3.

311 4913 358 4968 1,
387 4913 484 4952 zu.

385 5011 499 5083 (88)
531 5011 618 5067 Ita
641 5011 861 5083 Regius
888 5012 945 5065 et
963 5010 1203 5083 Seguer.
1246 5016 1416 5069 recte.
1458 5012 1635 5082 Editi,
1661 5011 1757 5073 ὡς.
1793 5013 1969 5069 Paulo

357 5080 457 5140 ost
485 5088 621 5139 ante
648 5080 812 5155 ἠμὶῖς
843 5080 1067 5155 legitur
1086 5080 1175 5136 καί
1226 5083 1285 5138 ἱη
1335 5085 1529 5151 editis,
1581 5080 1683 5141 sed
1744 5086 1910 5155 abest
1940 5102 1973 5141 ο.

357 5101 457 5140 ost.
485 5101 621 5139 ante
648 5101 812 5155 ημιις
844 5101 1058 5155 legitur
1086 5101 1175 5136 και
1226 5101 1285 5138 1n
1335 5101 1529 5151 editis,
1581 5101 1683 5141 seu
1744 5101 1910 5140 abest
1940 5102 1971 5141 ιι

312 5101 518 5225 Regio,
542 5160 600 5211 et
619 5155 986 5227 superﬂuum
1010 5158 1116 5209 est.
1142 5155 1287 5211 Ibid.
1314 5156 1453 5228 Reg.
1480 5161 1536 5211 et
1559 5156 1778 5229 Anglic.
1806 5154 1832 5207 6
1860 5160 1971 5209 πῶ-

313 5225 441 5295 λος,
497 5224 588 5279 καὶ
648 5224 706 5279 ἂν
774 5223 1020 5296 λέγωμεν
1075 5227 1263 5296 ἡμεῖς,
1322 5233 1465 5280 πᾶσα
1519 5229 1553 5296 ἡ
1616 5227 1969 5296 ἁνθρωπότης

316 5238 441 5295 λος,
497 5238 588 5279 και
648 5238 706 5279 ἂν
776 5238 1020 5300 Λεγωμεν
1075 5238 1263 5297 ημεῐς,
1322 5238 1465 5280 πᾶσα
1519 5238 1553 5296 ὴ
1616 5238 1969 5301 ὰνθρωπότης

312 5296 450 5379 ἐστ),
483 5296 660 5379 ὅντινα
690 5298 974 5379 ᾅνθρωπον
1004 5297 1236 5379 gobler.
1272 5305 1329 5354 et
1376 5299 1543 5379 Felc.‘
1580 5302 1632 5367 1,
1683 5317 1850 5379 quos.
1878 5317 1973 5356 se-

314 5371 580 5442 quimur,
602 5375 670 5442 ut
696 5369 755 5423 in
786 5369 970 5442 textu.
1004 5369 1342 5442 Editivero,
1375 5370 1402 5424 ὀ
1433 5369 1644 5440 πῶλος,
1701 5369 1975 5426 τουτέστιν

315 5437 355 5511 ἦ
414 5437 793 5516 ἁνθρῶπᾷτης.
817 5507 841 5516 η
856 5439 976 5494 Ἐὰν
1038 5437 1096 5494 δὲ
1126 5438 1371 5516 λέγωμεν
1410 5437 1786 5516 ἡμεῖς,μπᾶσα
1814 5445 1848 5511 ἡ
1884 5444 1975 5496 ἁν-

317 5507 611 5588 δρωπότης
645 5507 775 5566 ἐστί·
797 5507 990 5588 Δδιιτινα
1013 5517 1129 5588 etc.
1162 5507 1397 5588 Regius,
1432 5507 1552 5588 Ἒᾶν
1581 5507 1644 5569 δὲ
1675 5510 1839 5588 λέγω.

395 5587 507 5659 (89)
536 5582 724 5659 Κύριοι
755 5582 911 5659 αὐτοί
950 5584 1124 5659 Editi,
1155 5582 1341 5659 αὐτοῦ.
1376 5582 1574 5659 ininus
1630 5582 1803 5659 recte:
1861 5585 1976 5659 Π)μί-

315 5652 499 5731 dein,’
537 5652 901 5731 Basiliensis,
960 5652 1217 5731 listened»!
1272 5658 1421 5731 _M_ox,
1482 5658 1719 5731 Regius,
1779 5654 1975 5727 δεσμὸν

320 5701 450 5782 ﬁt"
460 5701 935 5803 ξεέεἱέςῖῗᾸῐξιῖὂ.
960 5701 1540 5802 ῑιῖἔιϊὸνῖπῖδῖὲὶιοξξ

1665 4826 1709 4860 ⁰⁵
1741 4826 1889 4882 Psal.
1925 4843 2047 4896 CIII,
2094 4828 2179 4883 14.

2086 4709 2455 4767 adversarius
2503 4709 2605 4763 60
2641 4712 2840 4763 noster
2867 4706 3158 4775 diabolus,
3192 4722 3437 4761 cernens
3468 4720 3560 4760 res
3592 4704 3741 4759 bene

2283 4827 2327 4861 '3
2379 4824 2527 4882 Psal.
2580 4842 2719 4894 xxn,
2767 4825 2820 4877 5.
2924 4825 2966 4859 97
3023 4828 3132 4879 [sa.
3184 4840 3226 4891 ι,
3276 4822 3329 4878 3.
3435 4822 3477 4857 ⁸⁸
3527 4820 3734 4875 Matth.

2151 5013 2264 5085 (90)
2299 5011 2661 5076 Basiliensis,
2694 5008 3088 5085 ἐπιδρομήσας.

2173 5078 2265 5152 91)
2298 5085 2447 5145 Hinc,
2504 5086 2600 5136 τοῦ
2634 5078 3128 5148 σκότουςξόὲευηῐ
3160 5082 3218 5135 in
3249 5078 3579 5152 Basiliensi.

2173 5088 2265 5152 91)
2298 5088 2447 5145 Hinc,
2504 5088 2600 5136 τοῦ
2634 5088 2878 5148 σκότους,
2914 5088 3128 5139 desunt
3160 5088 3218 5135 in
3252 5088 3579 5135 Basiliensi.

2086 5227 2099 5247 ’
2151 5088 2265 5247 (92)
2310 5157 2547 5228 Regius,
2596 5154 2757 5227 ἡμῶν
2806 5153 3112 5231 ἀφίσταντο.
3172 5151 3319 5206 Editi
3367 5166 3522 5213 vero,
3575 5149 3736 5217 ἡμῶν

2082 5227 2564 5371 εφῗίὶέῗντίῖρςίυε,
2620 5294 2993 5368 ἐπιδεδήμηκε
3059 5292 3424 5361 Basiliensis,
3506 5285 3732 5363 ἐπεδρά-

2087 5391 2247 5444 μησε.

2154 5444 2267 5511 (94)
2296 5442 2381 5497 lta
2412 5441 2646 5511 Regius.
2681 5439 2835 5494 Editi
2868 5454 3021 5511 vero,
3054 5434 3214 5489 οὕτω.

2174 5445 2267 5510 94)
2296 5444 2381 5497 lta
2412 5444 2646 5511 Regius.
2681 5444 2835 5494 Editi
2868 5454 3021 5505 vero,
3054 5444 3214 5489 οὕτω.

2154 5444 2268 5585 (95)
2298 5514 2379 5585 Με
2411 5517 2567 5566 deest
2634 5512 2690 5564 in
2751 5509 2925 5564 Basil.
2987 5512 3043 5563 et
3099 5504 3321 5576 Anglic.
3382 5504 3529 5571 Mox,
3592 5502 3733 5573 Reg.

2086 5583 2269 5650 solus,
2293 5583 2600 5655 ἐπέστρεψε.

2155 5646 2267 5727 (96)
2302 5646 2501 5708 Λοιπόν
2529 5646 2699 5709 ’ἀθεεὶ
2726 5651 2785 5704 in
2817 5648 3047 5703 Gobler.
3083 5652 3139 5703 et
3172 5646 3322 5702 Felc.
3359 5649 3407 5700 1.
