4154 6412
355 381 477 444 183
1563 375 1631 436 S.
1675 371 2048 435 ATHANAS

2166 370 2208 432 ἰ.
2231 400 2312 416 -
2337 368 2604 432 DUBIA.
3664 375 3780 438 184

358 512 634 588 gestasin
667 508 919 584 gratiam
950 508 1194 564 humani
1227 507 1480 580 generis,
1514 507 1585 562 de
1606 520 1766 562 more
1786 505 2010 560 invidet
2037 534 2051 571 λ

2166 521 2284 557 ενα.
2317 499 2540 574 Ἀμέλει
2587 501 2676 557 καὶ
2725 501 2850 559 τότε
2879 503 3045 560 πάλιν
3079 505 3108 560 ὁ
3156 503 3428 568 ἀντίδικος
3467 503 3630 579 ἡμῶν
3663 501 3782 560 διά-

358 586 473 678 ipsi
504 622 516 659 :
550 605 717 657 ratus
747 599 905 655 enim
938 616 970 654 e
998 597 1172 669 vulgo
1204 596 1462 669 aliquem
1505 613 1634 652 esse
1682 595 2012 662 dominum,

2166 589 2312 657 ολος,
2346 589 2486 666 ὁρῶν
2517 591 2584 645 τὰ
2632 593 3040 668 κατορθούμενα
3086 597 3166 666 τῷ
3194 594 3302 650 τῶν
3351 593 3654 671 ἀνθρώπων
3689 594 3782 671 γί-

363 693 651 750 Herodem
684 691 953 759 adornat,
985 689 1085 759 qui
1118 693 1322 742 natum
1379 703 1576 741 verum
1632 686 1842 756 Regem
1891 699 2016 756 per-

2166 701 2222 747 ει,
2273 682 2522 749 συνήθως
2568 679 2848 758 ἐφθόνησε.
2901 683 3146 756 Νομίσας
3194 685 3295 761 γὰρ
3343 683 3434 741 ἕνα
3480 686 3587 740 τῶν
3642 685 3785 738 πάν-

360 780 697 852 vestigaret,
751 782 815 832 ut
863 777 1061 849 ipsum
1117 776 1402 847 perderet.
1445 774 1750 846 Proprium
1801 771 2018 844 quippe

2166 789 2231 821 ων
2285 769 2418 822 εἶναι
2493 770 2585 823 τὸν
2665 770 2857 844 Κύριον
2939 774 3330 844 παρασκευάζει
3381 775 3470 828 τὸν
3529 770 3782 848 Ἡρώδην

360 867 768 928 scelestisslmi
803 871 859 922 et
891 865 1095 920 nefarii
1127 863 1286 918 illius
1317 867 1406 919 est
1436 864 1675 934 perdere
1706 866 1762 918 et
1791 862 2018 918 occide-

2166 864 2358 926 ητῆσαι
2409 858 2497 911 τὸν
2547 861 2809 933 τεχθέντα
2855 859 3114 927 ἀληθινὸν
3148 861 3405 933 Βασιλέα,
3430 863 3578 924 ὅπως
3619 861 3782 916 αὐτὸν

363 974 464 1015 re:
499 958 642 1014 Jesu
674 972 808 1011 vero
842 953 1145 1026 proprium
1172 959 1262 1008 est
1320 969 1553 1009 servare
1602 957 1778 1023 atque
1832 950 1978 1006 tueri
2006 973 2020 1017 ;

2166 946 2390 1020 πολέσῃ.
2437 944 2604 1004 Ἵδιον
2651 951 2750 1024 γάρ
2801 949 2911 1004 ἐστι
2955 955 3052 1005 τοῦ
3092 954 3417 1028 παμμιάρου
3466 950 3663 1006 τούτου
3693 950 3786 1005 καὶ

365 1064 508 1105 suas
541 1045 759 1118 quippe
788 1043 1104 1099 miseratur
1133 1047 1454 1107 creaturas,
1487 1040 1782 1112 siquidem
1827 1039 2025 1095 omnia

2166 1037 2409 1112 ςαγκάκου
2460 1035 2756 1093 ἀπολλύειν
2801 1039 2891 1093 καὶ
2940 1039 3294 1096 ἀποκτείνειν·
3345 1046 3444 1096 τοῦ
3494 1038 3551 1095 δὲ
3601 1042 3788 1110 Ἰησοῦ

368 1153 474 1208 per
504 1135 699 1206 ipsum
735 1134 884 1188 facta
915 1137 1072 1187 sunt.
1107 1134 1445 1197 Quaeramus
1478 1131 1658 1202 igitur
1686 1145 1886 1185 verum
1923 1129 2024 1183 Re-

371 1241 506 1298 gem
543 1222 859 1280 Dominum
886 1225 1155 1276 nostrum
1176 1219 1378 1276 Jesum
1425 1219 1760 1275 Christum:
1802 1232 2027 1288 nosque

371 1313 534 1386 ipsos
550 1311 980 1376 examinemus,
1004 1326 1147 1364 num
1173 1308 1368 1364 soluta
1391 1308 1509 1363 sint
1529 1307 1758 1362 vincula
1806 1311 2026 1361 nostra.

370 1401 532 1468 Quod
556 1400 608 1456 si
631 1399 824 1455 soluta
846 1403 1006 1465 sunt,
1031 1397 1090 1452 in
1116 1397 1330 1453 melius
1367 1397 1746 1468 proﬁciamus
1771 1414 1789 1451 :
1811 1395 1860 1450 si
1892 1411 2031 1450 non-

372 1490 516 1546 dum
547 1487 742 1544 soluta
771 1492 912 1542 sunt
943 1485 1176 1542 vincula
1205 1490 1324 1553 tua,
1360 1485 1524 1540 trade
1566 1483 1820 1555 teipsum
1853 1482 2028 1537 disci-

376 1577 536 1652 pulis
565 1577 727 1632 Jesu.
763 1577 992 1631 Adsunt
1027 1575 1183 1630 enim
1216 1574 1318 1645 qui
1350 1591 1455 1629 nos
1487 1573 1736 1638 solvant,
1795 1575 2032 1643 accepta

380 1683 449 1724 ea
470 1684 503 1723 a
525 1666 816 1722 Salvatore
851 1669 1138 1736 potestate
1163 1681 1176 1720 :
1227 1686 1255 1713 ‹‹
1280 1663 1682 1734 Quodcunque
1717 1659 2032 1733 ligaveritis

383 1772 563 1829 super
582 1759 800 1811 terram
824 1752 1202 1825 eritligatum
1227 1753 1363 1808 etin
1408 1752 1590 1823 caelis,
1631 1755 1687 1806 et
1725 1750 2034 1821 quodcun-

379 1861 496 1918 que
516 1843 808 1900 solveritis
830 1859 1006 1914 super
1032 1847 1248 1898 terram
1284 1842 1396 1897 erit
1435 1840 1696 1896 solutum
1719 1844 1776 1894 et
1812 1839 1872 1894 in
1921 1854 2034 1892 cce-

376 1934 453 1990 lis
475 1934 521 1968 9°
550 1959 563 2002 ;
599 1953 627 1982 »
660 1936 750 1987 et:
791 1953 818 1983 «
851 1933 1112 1998 Quorum
1162 1930 1509 1986 remiseritis
1553 1933 1792 2001 peccata
1845 1926 2038 1982 remit-

378 2027 589 2079 tuntur
618 2023 764 2078 eis‘.
798 2021 954 2076 Beati
987 2045 1015 2071 »
1050 2020 1229 2092 igitur
1261 2043 1287 2070 ‹‹
1323 2036 1572 2091 quorum
1607 2017 1868 2074 remissae
1900 2019 2040 2072 sunt

379 2111 730 2184 iniquitates
759 2115 815 2166 et
846 2127 1100 2182 quorum
1132 2113 1284 2166 tecta
1314 2115 1454 2163 sunt
1486 2112 1723 2179 peccata
1743 2107 1783 2162 ³.
1819 2129 1848 2155 ››

453 2468 510 2523 8.
545 2467 827 2522 Dixerunt
857 2464 1038 2538 igitur
1069 2465 1292 2520 domini
1325 2462 1470 2536 pulli
1500 2462 1664 2520 illius
1694 2463 1765 2518 ad
1791 2462 2045 2535 discipu-

389 2556 518 2612 los:
557 2578 579 2606 ι
613 2559 728 2610 Cur
759 2553 985 2610 solvitis
1045 2551 1273 2624 pullum
1300 2553 1327 2606 ?
1361 2576 1382 2602 ι
1430 2553 1880 2624 Responderunt
1908 2550 1992 2605 illi
2028 2569 2041 2607 :

391 2667 421 2697 ι(
449 2644 599 2709 Quia
620 2642 902 2700 Dominus
923 2641 1022 2697 illo
1040 2657 1187 2713 opus
1215 2641 1389 2698 babet
1404 2641 1444 2696 ³.
1471 2663 1498 2690 »
1521 2641 1702 2697 Vides
1717 2641 2044 2713 sapientem

395 2732 822 2804 discipulorum
855 2731 1339 2803 responsionem:
1374 2731 1681 2786 audientes
1711 2731 1868 2785 enim
1918 2728 2045 2785 falsi

395 2821 622 2880 domini
650 2821 825 2878 istius
857 2819 1024 2893 pulli;
1057 2820 1212 2892 quod
1245 2836 1414 2875 verus
1445 2818 1731 2875 Dominus
1780 2835 1847 2874 eo
1896 2835 2046 2890 opus

395 2909 816 2979 haberet,nihil
848 2909 1108 2965 secundo
1153 2913 1444 2980 reponunt
1468 2926 1480 2975 ;
1501 2908 1603 2964 sed
1626 2911 1788 2979 terga
1813 2908 2041 2978 dantes,

396 2997 546 3056 nihil
579 2997 734 3054 ultra
763 3013 1090 3070 repugnare
1122 2998 1360 3053 audent.
1390 2997 1598 3052 Statim
1632 2997 1826 3067 itaque
1885 2996 2042 3053 festi-

397 3091 542 3144 nant
570 3089 642 3144 ad
674 3087 1001 3160 principem
1030 3103 1205 3142 suum
1237 3087 1564 3156 diabolum,
1596 3086 1690 3142 cui
1721 3103 1848 3158 quae
1878 3090 2046 3158 gesta

395 3181 593 3236 essent
616 3177 976 3233 renuntiant.
1009 3180 1198 3248 Atque
1254 3175 1348 3231 hic
1408 3175 1575 3247 mihi,
1637 3192 1856 3247 quasso,
1916 3175 2045 3231 vide

2135 1123 2270 1180 ἴδιόν
2317 1124 2429 1180 ἐστι
2459 1127 2521 1180 τὸ
2570 1125 2760 1196 σώζειν
2810 1129 2899 1183 καὶ
2946 1133 3364 1204 περιποιεῖσθαι·
3396 1130 3486 1186 καὶ
3534 1131 3634 1206 γὰρ
3669 1128 3786 1206 φεί-

2137 1213 2284 1270 δεται
2331 1214 2436 1270 τῶν
2487 1217 2678 1271 ἑαυτοῦ
2725 1219 3062 1291 κτισμάτων,
3109 1217 3296 1288 ἐπειδὴ
3350 1221 3439 1274 καὶ
3491 1219 3666 1274 πάντα
3717 1215 3794 1272 δι’

2136 1305 2301 1358 αὐτοῦ
2360 1303 2587 1378 ἐγένετο.
2646 1306 3102 1380 Ἐπιζητήσωμεν
3161 1312 3448 1384 τοιγαροῦν
3505 1309 3596 1363 τὸν
3651 1305 3794 1377 ἀλη-

2138 1393 2284 1456 θινὸν
2341 1391 2574 1448 Βασιλέα
2629 1394 2720 1448 τὸν
2784 1393 2978 1451 Κύοιον
3038 1395 3199 1469 ἡμῶν
3259 1399 3468 1467 Ἰησοῦν
3531 1395 3792 1470 Χριστόν·

2139 1481 2468 1554 ἐξετάσωμεν
2528 1479 2772 1555 ἑαυτοὺς,
2833 1483 2879 1538 εἴ
2938 1482 3203 1552 ἐλύθησαν
3262 1486 3423 1558 ἡμῶν
3474 1490 3530 1540 οἷ
3577 1481 3792 1557 δεσμοίο

2140 1570 2238 1625 Καὶ
2277 1569 2323 1624 εί
2375 1568 2666 1643 λελυμένοι
2715 1571 2840 1645 εἶσὶ,
2884 1573 3253 1649 προκόψωμεν
3305 1573 3392 1628 ἐπὶ
3439 1574 3503 1628 τὸ
3553 1571 3796 1649 βέλτιον·

2141 1659 2188 1714 εί
2220 1656 2278 1714 δὲ
2321 1660 2490 1732 μήπω
2541 1657 2796 1716 λέλυνται
2850 1682 2946 1716 σου
3004 1663 3056 1731 οἱ
3106 1661 3324 1735 δεσμοὶ,
3375 1659 3558 1725 ἐπίδος
3608 1661 3798 1716 ἑαυτὸν

2139 1755 2258 1811 τοῖς
2311 1750 2576 1822 μαθηταῖς
2632 1753 2729 1804 τοῦ
2784 1755 2987 1820 Ἰησοῦ.
3047 1753 3268 1824 Πάρεισι
3310 1752 3414 1826 γάρ
3474 1751 3527 1806 οἱ
3573 1750 3800 1814 λύοντες

2141 1840 2312 1911 ἡμᾶς,
2343 1837 2581 1908 ἐξουσίαν
2613 1838 2815 1910 ταύτην
2850 1839 3139 1917 εἰληφότες
3185 1840 3331 1916 παρᾶ
3370 1844 3468 1896 τοῦ
3516 1845 3802 1916 Σωτῆρος.

2147 1953 2175 1982 (ί
2209 1931 2326 1983 Ὅτι
2358 1928 2386 1982 ’ὀ
2419 1928 2506 1982 ἐὰν
2557 1925 2760 1998 δήσητε
2799 1928 2887 1983 ἐπὶ
2934 1936 3036 1998 τῆς
3083 1936 3210 2004 γῆς,
3251 1927 3398 1984 ἔσται
3431 1926 3717 2002 δεδεμὲνον
3751 1927 3803 1984 ἐν

2145 2022 2262 2078 τοῖς
2310 2017 2582 2092 οὐρανοῖςο
2634 2016 2723 2072 καὶ
2755 2019 2784 2072 ὃ
2828 2016 2916 2072 ἰὰν
2973 2017 3175 2088 λύσητε
3222 2018 3310 2074 ἰπὶ
3356 2025 3456 2088 τῆς
3496 2025 3620 2094 γῆς,
3653 2014 3798 2090 ἔστα,

2150 2106 2446 2179 λελυμένον
2492 2104 2544 2160 ἐν
2593 2111 2711 2169 τοῖς
2755 2107 3026 2180 οὐρανοῖς’
3064 2132 3093 2158 ››
3121 2108 3213 2162 καὶ
3243 2106 3409 2163 πάλιν
3443 2109 3579 2180 (97)⁶
3615 2130 3645 2159 ι(
3680 2106 3801 2164 Ἐάν

2147 2217 2309 2251 τινων
2366 2194 2539 2272 ἀφῆτε
2592 2195 2686 2258 τὰς
2743 2195 3038 2272 ἁμαρτίας,
3119 2195 3359 2270 ἀφίενται
3419 2197 3628 2258 αὐτοῖς.
3686 2202 3797 2252 Μα-

2149 2286 2330 2361 κάριοι
2363 2307 2393 2336 »
2422 2288 2740 2359 τοιγαροῦν,
2789 2309 2818 2338 ‹‹
2851 2283 2924 2340 ὧν
2974 2285 3247 2364 ἀφέθησαν
3300 2286 3356 2340 αἱ
3407 2285 3665 2360 ἁμαρτίαι
3713 2285 3803 2340 καὶ

2153 2373 2225 2429 ὧν
2258 2371 2709 2452 ἰπεκαλύφθησαν
2741 2375 2796 2429 αἱ
2829 2376 3078 2449 ἀνομίαι.
3116 2399 3145 2427 ››

2222 2465 2276 2521 8.
2309 2464 2478 2520 Εἶπον
2513 2461 2605 2518 οῦν
2640 2464 2694 2518 οἱ
2725 2463 2905 2539 κύριοι
2931 2468 3028 2520 τοῦ
3059 2463 3254 2519 πώλου
3299 2465 3436 2539 πρὸς
3468 2463 3596 2525 τοὺς
3631 2464 3810 2535 μαθη-

2150 2554 2268 2615 τάς·
2327 2576 2356 2605 ι(
2413 2554 2473 2606 Τί
2524 2551 2681 2608 λύετε
2723 2554 2815 2608 τὸν
2858 2553 3090 2623 πῶλον;
3137 2578 3168 2608 ››
3228 2555 3291 2609 Οἱ
3337 2551 3395 2609 δὶ
3425 2553 3813 2628 ἀποκριθὲντες

2153 2645 2268 2717 (98)
2321 2643 2489 2698 εἴποιμ’
2551 2667 2581 2696 «
2640 2644 2766 2701 ’Ὁτι
2819 2643 2847 2698 ὀ
2907 2642 3105 2719 Κύριος
3151 2643 3317 2700 αύτοῦ
3369 2642 3562 2719 χρείαν
3605 2639 3746 2718 ἔχει.
3779 2667 3807 2696 ››

2152 2734 2315 2808 Ὁρᾷς
2369 2735 2479 2786 τῶν
2534 2735 2794 2804 μαθητῶν
2841 2734 2940 2800 τὴν
2999 2733 3170 2810 σοφὴν
3205 2731 3506 2808 ἀπόκρισινο
3543 2731 3811 2785 ἀκούσαν-

2152 2841 2239 2882 τες
2296 2820 2399 2895 γὰρ
2450 2821 2503 2875 οἳ
2569 2818 2788 2895 ψευδεῖς
2831 2820 3011 2897 κύριοι
3041 2825 3138 2876 τοῦ
3190 2819 3408 2890 πώλου,
3441 2818 3579 2874 ὅτιό
3637 2813 3810 2878 ὅντως

2151 2910 2240 2965 καὶ
2296 2908 2511 2980 ἀληθὴς
2563 2910 2761 2983 Κύριος
2810 2909 2975 2964 αὐτοῦ
3013 2907 3201 2984 χρείαν
3233 2907 3373 2984 ἔχει,
3406 2905 3652 2984 δεύτερον
3713 2905 3816 2961 οὐκ

2153 2997 2526 3072 ἁπεκρίνοντο,
2574 2995 2721 3054 ἁλλᾶ
2771 3002 2918 3052 νῶτα
2957 2995 3216 3068 διδόασιν,
3249 2996 3349 3052 οὐκ
3377 2993 3458 3052 ἔτι
3509 2993 3808 3072 ἀντιλέγειν

2149 3087 2430 3162 τολμῶσιν
2675 3086 2850 3149 Εὐθὺς
2895 3085 2986 3142 οὖν
3035 3083 3323 3144 σπεύδουσι
3372 3085 3510 3161 πρὸς
3561 3085 3654 3141 τὸν
3714 3085 3814 3160 ἄρ-

2154 3197 2325 3253 χοντα
2354 3175 2528 3232 αὐτῶν
2577 3177 2669 3232 τὸν
2725 3169 3008 3244 διάϐολον,
3061 3172 3504 3250 ἀπαγγέλλουσιν
3545 3172 3694 3245 αύτῷ
3745 3171 3816 3228 τὰ

399 3265 712 3324 consilium
743 3272 798 3321 et
839 3247 1319 3320 deliberationem
1375 3265 1656 3320 adversus
1705 3263 2044 3320 Dominum.

2166 3247 2564 3339 σὸμϐεϐηκότα.
2622 3265 2721 3320 Καὶ
2782 3263 2883 3340 δρα
2931 3264 3042 3319 ἐκεῖ
3090 3247 3430 3337 συμϐούλιον
3489 3261 3579 3319 καὶ
3628 3259 3817 3336 σκέψιν

397 3355 701 3427 Coguntur
728 3352 811 3409 ibi
841 3352 1126 3408 universae
1158 3353 1501 3408 adversariae
1534 3356 1879 3424 potestates,
1926 3352 2052 3408 efﬁ-

399 3444 670 3514 citurque
691 3440 935 3498 ecclesia
955 3439 1434 3512 malignantium,
1454 3440 1877 3514 utimpleretur
1896 3440 2052 3512 quod

406 3532 630 3588 dictum
649 3536 738 3587 est
756 3547 861 3602 per
885 3529 1260 3601 Prophetam:
1279 3551 1305 3580 «
1329 3531 1658 3586 Astiterunt
1679 3546 1842 3604 reges
1865 3535 2054 3601 terrae,

403 3626 460 3679 et
478 3620 772 3695 principes
795 3623 1191 3675 convenerunt
1213 3619 1273 3674 in
1297 3635 1505 3686 unum,
1539 3620 1819 3676 adversus
1860 3620 2057 3676 Domi-

405 3726 550 3766 num
573 3714 630 3766 et
649 3709 927 3764 adversus
952 3707 1250 3763 Christum
1277 3709 1405 3780 ejus
1429 3709 1470 3763 ⁴.
1495 3731 1523 3759 ››
1550 3709 1766 3764 Dicunt
1796 3708 1951 3764 enim
1985 3709 2057 3764 ad

411 3796 712 3854 diabolum
745 3797 955 3853 nefarii
987 3797 1322 3852 daamones:
1357 3797 1506 3865 Quid
1540 3798 1834 3854 facimus?
1863 3797 2062 3869 pullus

410 3887 643 3944 solutus
666 3890 775 3955 est,
801 3887 947 3948 abiit
970 3886 1042 3942 ad
1067 3885 1378 3943 Dominum
1400 3903 1576 3942 suum
1605 3905 1619 3954 ;
1643 3903 1759 3942 non
1792 3888 1917 3958 jam
1952 3887 2061 3942 sub

411 3993 588 4034 manu
622 3980 724 4030 tua
754 3979 866 4042 est,
901 3991 1005 4030 nec
1037 3974 1194 4031 ultra
1222 3975 1306 4030 illi
1366 3975 1707 4031 dominaris.
1761 3976 2065 4049 Cogitabat

409 4065 620 4122 deinde
654 4063 834 4120 miser
862 4063 1158 4132 diabolus,
1192 4063 1332 4135 quid
1364 4068 1568 4121 contra
1591 4065 1798 4121 Jesum
1832 4065 2064 4121 molire-

417 4158 537 4210 tur.
569 4155 732 4208 Tunc
763 4158 1163 4209 convenerunt
1193 4154 1394 4210 scriba
1425 4158 1482 4210 et
1527 4154 1802 4210 Pharisaei
1854 4155 1910 4210 in
1960 4172 2064 4210 au-

411 4242 531 4299 lam
558 4241 816 4314 Caiphae,
847 4248 902 4298 et
923 4242 1233 4298 consilium
1258 4243 1517 4298 inierunt
1536 4245 1816 4300 adversus
1841 4244 2067 4316 Jesum,

415 4333 712 4404 quomodo
747 4348 879 4387 eum
914 4333 1241 4404 perderent.
1279 4334 1634 4406 lgnorabant
1663 4334 1819 4389 enim
1845 4335 2067 4405 miseri,

412 4423 542 4493 ejus
587 4425 833 4478 mortem
895 4421 1400 4479 immortalitatem
1459 4422 1629 4478 nobis
1683 4422 2066 4496 largituram:

420 4511 667 4582 ejusque
689 4511 1381 4583 descensum,ascensum
1406 4510 1575 4566 nobis
1596 4511 1655 4566 in
1679 4511 1889 4567 coelum
1928 4529 2068 4568 con-

417 4599 670 4655 ciliasse.
704 4599 1046 4655 Resurrexit
1066 4600 1221 4655 enim
1246 4601 1536 4656 Dominus
1554 4600 1726 4656 tertia
1743 4600 1836 4657 die
1862 4617 1895 4656 a
1916 4618 2070 4656 mor-

414 4687 811 4759 tuis,spoliato
830 4689 1080 4758 inferno,
1109 4688 1330 4745 calcato
1353 4689 1618 4760 inimico,
1649 4688 1842 4746 soluta
1865 4697 2071 4762 morte,

416 4776 618 4832 fractis
649 4781 1048 4848 peccatorum,
1089 4777 1306 4848 quibus
1359 4778 1727 4847 tenebamur,
1775 4779 2068 4836 vinculis:

487 4953 532 4991 9°
561 4953 770 5011 Matth.
800 4970 919 5022 xvr,
980 4955 1080 5022 19;
1138 4970 1300 5021 xvm,
1336 4955 1423 5011 18.
1528 4958 1547 4992 ί
1576 4955 1747 5012 Joan.
1783 4973 1878 5024 xx,
1908 4957 1998 5012 32.

489 5130 610 5201 (97),
631 5127 804 5185 Πάλιν
837 5131 1002 5187 deest
1032 5131 1089 5185 in
1123 5131 1354 5187 Gobler.
1387 5137 1444 5188 et
1479 5132 1628 5189 Felc.
1662 5133 1714 5198 1,
1748 5133 1895 5190 Ibid.
1955 5139 2070 5188 An-

457 5202 560 5276 lie.
581 5199 641 5256 ἅν
673 5222 833 5256 τινων
869 5203 1020 5276 ibid.
1043 5205 1344 5276 totyapoﬁv
1365 5204 1526 5260 deest
1557 5205 1613 5260 in
1643 5205 1807 5261 Gobl.
1841 5211 1898 5261 et
1918 5205 2066 5262 Felc.

463 5317 473 5328 .
502 5273 661 5349 _Mon_.
693 5279 831 5347 Reg.
867 5275 940 5349 ὧν
999 5273 1266 5349 ἀφέωνται
1297 5274 1371 5349 al.

492 5345 1074 5420 (98)_’Anoipt0évtac_'_
1107 5348 1271 5420 deest
1308 5347 1384 5420 __in
1433 5345 1657 5420 Anglic.
1720 5347 1950 5404 Gobler.
2013 5353 2072 5404 et

424 5413 663 5480 Felc.’1,
697 5423 755 5472 et
786 5413 918 5474 mox
949 5419 1006 5472 in
1038 5417 1272 5483 iisdem,
1307 5413 1444 5483 ἔχει.

435 5436 576 5470 l‘BlC.
612 5436 663 5480 1,
697 5436 755 5472 et
786 5436 918 5474 mox
949 5436 1006 5472 1n
1038 5436 1272 5483 llsaem,
1307 5436 1348 5469 ε’
1377 5437 1444 5474 ει.

435 5556 448 5572 ε
493 5486 600 5556 (99)
658 5485 1195 5572 ῌϐεἱυε,“δίδωσιν·
1249 5436 1435 5572 Δούοξέτι
1483 5489 1618 5572 πρρς
1674 5487 2070 5572 τᾶώλεγύμξενρι

424 5556 1077 5636 ἀποκρινόμενοι.’1)ειι]10
1108 5566 1268 5636 _p0§t
1315 5562 1492 5636 idem,
1525 5556 1886 5636 ﬁnayyeﬂaa
1919 5556 2068 5636 αύτῷ

417 5627 504 5752 iui.
539 5626 670 5685 Mox
697 5626 872 5697 idem,
907 5629 1016 5686 ἐκεῖ
1059 5626 1288 5707 θόρυϐον
1322 5631 1411 5687 καὶ
1441 5626 1769 5706 σκέψιν,’καὶ
1825 5626 2068 5706 συμϐούζ

461 5717 560 5752 ιον.

461 5717 560 5756 ιον.

2105 4958 2126 4992 ²
2156 4957 2313 5014 Psal.
2343 4975 2496 5028 xxxx,
2531 4959 2584 5014 1.

2161 3355 2296 3411 κατὰ
2347 3359 2445 3410 τοῦ
2504 3354 2726 3430 Κυρίου.
2789 3352 3083 3430 Συνάγεται
3143 3353 3255 3409 ἐκεῖ
3299 3358 3445 3408 πᾶσα
3484 3353 3521 3423 ἡ
3582 3353 3825 3407 ἀντικει-

2169 3442 2300 3518 μένη
2342 3441 2596 3518 δύναμις,
2641 3443 2732 3499 καὶ
2778 3441 2980 3518 γίνεται
3031 3439 3296 3513 ἆκκλησία
3344 3437 3826 3516 πονηριυομάνων·

2167 3532 2316 3596 ὅπως
2368 3531 2654 3610 πληρωθῇ
2713 3533 2776 3587 τὸ
2825 3531 3112 3608 εἰρημένον
3169 3529 3260 3586 διὰ
3298 3535 3396 3586 τοῦ
3426 3531 3722 3609 Προφήτου
3755 3530 3834 3602 (1)

2167 3621 2449 3698 λὲγοντος
2498 3647 2526 3674 ‹‹
2581 3623 2928 3697 Παρέστησαν
2980 3622 3033 3676 οἱ
3088 3617 3333 3697 βασιλεῖς
3384 3627 3484 3690 τῆς
3517 3625 3625 3694 γῆς
3653 3619 3743 3673 καὶ
3775 3616 3825 3672 oi

2169 3710 2430 3789 ἄρχοντες
2480 3713 2834 3787 συνήχθησαν
2885 3708 2975 3765 ἰπὶ
3024 3711 3088 3765 τὸ
3136 3709 3290 3782 αὐτὸ,
3343 3707 3482 3764 κατὰ
3508 3711 3608 3763 τοῦ
3637 3706 3838 3784 Κυρίου

2169 3801 2259 3856 καὶ
2290 3801 2426 3857 κατὰ
2453 3804 2552 3855 τοῦ
2581 3802 2817 3876 Χριστοῦ
2846 3799 3031 3856 αὐτοῦ.
3066 3822 3096 3851 ››
3127 3797 3359 3872 Λέγουσι
3400 3796 3505 3872 γὰρ
3561 3798 3638 3871 (2)
3695 3795 3832 3871 πρὸς

2170 3890 2262 3944 τὸν
2297 3884 2557 3944 διάϐολον
2594 3889 2645 3944 οἱ
2674 3885 2953 3964 ἀλιτήριοι
3015 3885 3288 3960 δαίμονες·
3348 3884 3410 3940 Τί
3451 3883 3754 3958 ποιοῦμεν;
3807 3883 3836 3938 ὀ

2176 3976 2364 4040 πῶλος
2399 3977 2646 4049 λέλυται,
2679 3977 2894 4047 ἀπῆλθε
2923 3978 3058 4052 πρὸς
3087 3976 3177 4031 τὸν
3211 3975 3407 4051 Κύριον
3459 3973 3644 4030 αὐτοῦ.
3696 3973 3834 4028 Οὐκ-

2175 4069 2253 4123 ὲτι
2306 4088 2402 4122 σου
2447 4065 2588 4122 ἐστὶν
2642 4067 2980 4142 ὑποχείριος
3034 4065 3213 4120 οὐκέτι
3244 4063 3409 4119 αὐτοῦ
3437 4061 3702 4139 κυριεύεις

2177 4155 2521 4232 Διελογίζετο
2554 4153 2748 4211 λοιπὸν
2783 4157 2810 4210 ὁ
2840 4153 3076 4217 δείλαιος
3109 4149 3392 4222 διάϐολος,
3430 4152 3483 4207 τί
3511 4154 3730 4221 ποιήσει
3761 4150 3842 4224 τῷ

2179 4247 2380 4316 Ἰησοῦ.
2411 4244 2545 4300 Τότε
2592 4246 2906 4320 συνάγονται
2961 4244 3013 4299 οἱ
3057 4246 3402 4320 γραμματεῖς
3430 4241 3520 4297 καὶ
3553 4241 3606 4296 οἱ
3663 4245 3843 4314 Φαρι-

2180 4340 2325 4388 σαῖοι
2358 4333 2435 4396 εἷς
2488 4335 2589 4402 τήν
2621 4333 2796 4402 αὐλήν
2827 4337 2925 4389 τοῦ
2956 4332 3261 4408 λεγομένου
3293 4329 3526 4408 Καϊάφα,
3572 4327 3663 4384 καί
3714 4348 3845 4384 συν-

2181 4417 2577 4478 εϐουλεύσαντο
2625 4421 2761 4478 κατὰ
2807 4426 2903 4477 τοῦ
2945 4423 3148 4492 Ἰησοῦ,
3189 4418 3339 4481 ὅπως
3370 4417 3528 4474 αὐτὸν
3557 4415 3847 4474 ἁπαλισω-

2180 4531 2284 4566 σιν.
2345 4510 2645 4586 Ἠγνόησαν
2704 4511 2807 4587 γὰρ
2859 4511 2910 4566 οἱ
2962 4508 3165 4578 ἄθλιοι,
3217 4508 3300 4564 ὅτι
3336 4507 3590 4564 ὀτούτου
3619 4507 3846 4568 θάνατος

2183 4601 2464 4656 ἀθανασίαν
2531 4603 2667 4674 ἡμῖν
2723 4600 3028 4677 χαρίζεται,
3083 4599 3174 4654 καὶ
3232 4601 3267 4668 ἡ
3330 4597 3496 4654 αὐτοῦ
3547 4591 3843 4658 κατάϐασις

2179 4692 2280 4759 τὴν
2332 4691 2408 4752 εἰς
2466 4689 2727 4766 οὐρανοὺς
2777 4687 2968 4746 ἄνοδον
3018 4692 3154 4763 ἡμῖν
3195 4687 3568 4764 προεξένησεν.
3617 4685 3841 4755 Ἀνέστη

2180 4778 2282 4854 γὰρ
2341 4780 2369 4832 ὁ
2431 4779 2626 4856 Κύριος
2670 4780 2969 4854 τριήμερος
3025 4776 3086 4833 ἐκ
3125 4781 3233 4832 τῶν
3277 4780 3506 4852 νεκρῶν,
3541 4773 3841 4835 σκυλεύσας

2687 4958 2710 4992 ³
2738 4958 2876 5015 Luc.
2909 4973 3026 5026 χιχ,
3057 4957 3149 5025 33,
3182 4957 3270 5013 31.
3374 4957 3397 4991 ⁴
3443 4953 3596 5011 Psal.
3655 4970 3720 5023 ιι,
3777 4954 3837 5011 2.

2262 5136 2341 5208 (1)
2377 5136 2462 5190 lta
2493 5134 2752 5208 maxime.
2781 5151 2918 5208 pars
2949 5151 3098 5190 mss.
3145 5132 3255 5188 Alii
3285 5146 3420 5188 vero
3451 5147 3585 5188 cum
3644 5131 3842 5204 editis,

2186 5204 2302 5283 uno
2319 5204 2754 5283 τοῦΔπροφήτουἸ

2255 5273 2500 5351 (erratis;
2535 5273 2593 5334 e't
2622 5273 2797 5350 paulo
2830 5283 2963 5349 post
2992 5274 3296 5351 ἀλιτήριοι,
3329 5275 3542 5351 desunt
3565 5273 3624 5328 in
3672 5273 3840 5351 Gobl.

2180 5354 2236 5436 et
2262 5343 2421 5405 Felc.
2449 5343 2514 5405 ¹1.
2551 5343 2726 5406 Ρειύιο
2760 5343 2914 5422 post,
2946 5343 3173 5420 Anglici
3212 5344 3454 5401 λέλυται·
3481 5343 3684 5419 ἄγεται·
3710 5345 3845 5419 πρὸς

2176 5437 2292 5474 τον.

2248 5492 2329 5562 (3)
2363 5492 2611 5564 l_ta__Reg.
2674 5491 2848 5564 Basili.
2906 5489 3081 5564 Aug].
3143 5487 3290 5564 Editi
3346 5503 3505 5564 vero,
3562 5485 3836 5564 κυριεύρις

2179 5559 2330 5632 Mox,
2366 5559 2629 5633 δείλαιιῖς,
2660 5568 2718 5619 et
2747 5563 2921 5633 infra,
2983 5559 3304 5634 λεγομένου,
3356 5561 3570 5616 desunt
3619 5559 3679 5616 in
3729 5561 3835 5617 G0~

2173 5633 2322 5690 bler.
2354 5639 2414 5691 et
2445 5634 2594 5691 Felc.
2629 5636 2679 5691 1.

2241 5650 2322 5690 er.
2354 5639 2414 5691 et
2445 5636 2594 5692 Felc.
2629 5636 2679 5691 1.
