  <div class='ocr_page' id='page_1' title='image "/cluster/home/n/w/nwhite01/storage/ocr_20150623/28:no.4/coo.31924054873090/107.png"; bbox 0 0 4154 6396; ppageno 0'>
   <div class='ocr_carea' id='block_1_1' title="bbox 352 373 466 434">
    <p class='ocr_par' dir='ltr' id='par_1_1' title="bbox 352 373 466 434">
     <span class='ocr_line' id='line_1_1' title="bbox 352 373 466 434; baseline -0.009 -2"><span class='ocrx_word' id='word_1_1' title='bbox 352 373 466 434; x_wconf 75' lang='grc'>187</span> 
     </span>
    </p>
   </div>
   <div class='ocr_carea' id='block_1_2' title="bbox 1534 367 2585 435">
    <p class='ocr_par' dir='ltr' id='par_1_2' title="bbox 1534 367 2585 435">
     <span class='ocr_line' id='line_1_2' title="bbox 1534 367 2585 435; baseline -0.003 0"><span class='ocrx_word' id='word_1_2' title='bbox 1534 375 1600 435; x_wconf 87' lang='lat' dir='ltr'>S.</span> <span class='ocrx_word' id='word_1_3' title='bbox 1647 367 2175 434; x_wconf 77' lang='lat' dir='ltr'>ATHANASIUS.</span> <span class='ocrx_word' id='word_1_4' title='bbox 2210 401 2288 413; x_wconf 88' lang='lat'>—</span> <span class='ocrx_word' id='word_1_5' title='bbox 2317 369 2585 434; x_wconf 84' lang='lat' dir='ltr'>DUBlA.</span> 
     </span>
    </p>
   </div>
   <div class='ocr_carea' id='block_1_3' title="bbox 3644 376 3761 440">
    <p class='ocr_par' dir='ltr' id='par_1_3' title="bbox 3644 376 3761 440">
     <span class='ocr_line' id='line_1_3' title="bbox 3644 376 3761 440; baseline 0.009 -2"><span class='ocrx_word' id='word_1_6' title='bbox 3644 376 3761 440; x_wconf 75' lang='grc'>188</span> 
     </span>
    </p>
   </div>
   <div class='ocr_carea' id='block_1_4' title="bbox 352 498 1991 582">
    <p class='ocr_par' dir='ltr' id='par_1_4' title="bbox 352 506 1991 582">
     <span class='ocr_line' id='line_1_4' title="bbox 352 506 1991 582; baseline -0.001 -22"><span class='ocrx_word' id='word_1_7' title='bbox 352 506 476 576; x_wconf 89' lang='lat' dir='ltr'>ipse</span> <span class='ocrx_word' id='word_1_8' title='bbox 502 507 740 575; x_wconf 89' lang='lat' dir='ltr'>Paulus,</span> <span class='ocrx_word' id='word_1_9' title='bbox 771 507 1139 582; x_wconf 82' lang='lat' dir='ltr'>impossibile</span> <span class='ocrx_word' id='word_1_10' title='bbox 1181 525 1310 565; x_wconf 91' lang='lat' dir='ltr'>esse</span> <span class='ocrx_word' id='word_1_11' title='bbox 1339 508 1572 565; x_wconf 90' lang='lat' dir='ltr'>mentiri</span> <span class='ocrx_word' id='word_1_12' title='bbox 1604 507 1812 576; x_wconf 90' lang='lat' dir='ltr'>Deum,</span> <span class='ocrx_word' id='word_1_13' title='bbox 1836 519 1991 559; x_wconf 91' lang='lat' dir='ltr'>eum-</span> 
     </span>
    </p>
   </div>
   <div class='ocr_carea' id='block_1_5' title="bbox 2102 498 3762 582">
    <p class='ocr_par' dir='ltr' id='par_1_5' title="bbox 2114 498 3762 579">
     <span class='ocr_line' id='line_1_5' title="bbox 2114 498 3762 579; baseline 0.005 -26"><span class='ocrx_word' id='word_1_14' title='bbox 2114 498 2302 576; x_wconf 85' lang='grc' dir='ltr'>κάριος</span> <span class='ocrx_word' id='word_1_15' title='bbox 2359 501 2598 574; x_wconf 80' lang='grc' dir='ltr'>Παῦλος,</span> <span class='ocrx_word' id='word_1_16' title='bbox 2657 501 2741 560; x_wconf 78' lang='grc' dir='ltr'>ὅτι</span> <span class='ocrx_word' id='word_1_17' title='bbox 2799 501 3058 560; x_wconf 85' lang='grc' dir='ltr'>ἀδύνατόν</span> <span class='ocrx_word' id='word_1_18' title='bbox 3119 503 3231 560; x_wconf 81' lang='grc' dir='ltr'>ἐστι</span> <span class='ocrx_word' id='word_1_19' title='bbox 3303 505 3596 579; x_wconf 81' lang='grc' dir='ltr'>ψεύσασθαι</span> <span class='ocrx_word' id='word_1_20' title='bbox 3673 509 3762 562; x_wconf 83' lang='grc' dir='ltr'>τὸν</span> 
     </span>
    </p>
   </div>
   <div class='ocr_carea' id='block_1_6' title="bbox 352 593 1999 669">
    <p class='ocr_par' dir='ltr' id='par_1_6' title="bbox 352 593 1999 669">
     <span class='ocr_line' id='line_1_6' title="bbox 352 593 1999 669; baseline -0.002 -19"><span class='ocrx_word' id='word_1_21' title='bbox 352 612 465 666; x_wconf 91' lang='lat' dir='ltr'>que</span> <span class='ocrx_word' id='word_1_22' title='bbox 514 597 766 652; x_wconf 79' lang='lat' dir='ltr'>maxime</span> <span class='ocrx_word' id='word_1_23' title='bbox 799 615 1058 654; x_wconf 87' lang='lat' dir='ltr'>veracem</span> <span class='ocrx_word' id='word_1_24' title='bbox 1109 614 1258 666; x_wconf 90' lang='lat' dir='ltr'>esse,</span> <span class='ocrx_word' id='word_1_25' title='bbox 1292 615 1483 669; x_wconf 91' lang='lat' dir='ltr'>neque</span> <span class='ocrx_word' id='word_1_26' title='bbox 1538 595 1769 652; x_wconf 90' lang='lat' dir='ltr'>mentiri</span> <span class='ocrx_word' id='word_1_27' title='bbox 1790 596 1828 649; x_wconf 80' lang='grc'>⁷.</span> <span class='ocrx_word' id='word_1_28' title='bbox 1855 593 1999 649; x_wconf 91' lang='lat' dir='ltr'>Nam</span> 
     </span>
    </p>
   </div>
   <div class='ocr_carea' id='block_1_7' title="bbox 353 683 2005 758">
    <p class='ocr_par' dir='ltr' id='par_1_7' title="bbox 353 683 2005 758">
     <span class='ocr_line' id='line_1_7' title="bbox 353 683 2005 758; baseline -0.003 -19"><span class='ocrx_word' id='word_1_29' title='bbox 353 684 718 756; x_wconf 82' lang='lat' dir='ltr'>Opiﬁciorum</span> <span class='ocrx_word' id='word_1_30' title='bbox 770 687 1006 758; x_wconf 88' lang='lat' dir='ltr'>quidem</span> <span class='ocrx_word' id='word_1_31' title='bbox 1061 690 1280 742; x_wconf 68' lang='lat' dir='ltr'>naturas</span> <span class='ocrx_word' id='word_1_32' title='bbox 1337 687 1392 741; x_wconf 91' lang='lat' dir='ltr'><strong>id</strong></span> <span class='ocrx_word' id='word_1_33' title='bbox 1442 685 1746 758; x_wconf 89' lang='lat' dir='ltr'>proprium</span> <span class='ocrx_word' id='word_1_34' title='bbox 1796 686 1905 750; x_wconf 90' lang='lat' dir='ltr'>est,</span> <span class='ocrx_word' id='word_1_35' title='bbox 1939 683 2005 735; x_wconf 90' lang='lat' dir='ltr'>ut</span> 
     </span>
    </p>
   </div>
   <div class='ocr_carea' id='block_1_8' title="bbox 351 775 2000 836">
    <p class='ocr_par' dir='ltr' id='par_1_8' title="bbox 351 775 2000 836">
     <span class='ocr_line' id='line_1_8' title="bbox 351 775 2000 836; baseline -0.004 -7"><span class='ocrx_word' id='word_1_36' title='bbox 351 779 764 830; x_wconf 83' lang='lat' dir='ltr'>convertantur</span> <span class='ocrx_word' id='word_1_37' title='bbox 810 781 867 830; x_wconf 90' lang='lat' dir='ltr'>et</span> <span class='ocrx_word' id='word_1_38' title='bbox 914 776 1092 831; x_wconf 88' lang='lat' dir='ltr'>variis</span> <span class='ocrx_word' id='word_1_39' title='bbox 1143 776 1571 830; x_wconf 84' lang='lat' dir='ltr'>mutationibus</span> <span class='ocrx_word' id='word_1_40' title='bbox 1622 775 2000 836; x_wconf 82' lang='lat' dir='ltr'>moveantur;</span> 
     </span>
    </p>
   </div>
   <div class='ocr_carea' id='block_1_9' title="bbox 350 858 2000 937">
    <p class='ocr_par' dir='ltr' id='par_1_9' title="bbox 350 858 2000 937">
     <span class='ocr_line' id='line_1_9' title="bbox 350 858 2000 937; baseline -0.005 -15"><span class='ocrx_word' id='word_1_41' title='bbox 350 863 566 935; x_wconf 85' lang='lat' dir='ltr'>quippe</span> <span class='ocrx_word' id='word_1_42' title='bbox 611 881 742 919; x_wconf 89' lang='lat' dir='ltr'>cum</span> <span class='ocrx_word' id='word_1_43' title='bbox 782 882 895 919; x_wconf 91' lang='lat' dir='ltr'>non</span> <span class='ocrx_word' id='word_1_44' title='bbox 929 871 1125 921; x_wconf 84' lang='lat' dir='ltr'>essent</span> <span class='ocrx_word' id='word_1_45' title='bbox 1174 865 1512 937; x_wconf 82' lang='lat' dir='ltr'>aliquando,</span> <span class='ocrx_word' id='word_1_46' title='bbox 1544 860 1860 919; x_wconf 85' lang='lat' dir='ltr'>conditoris</span> <span class='ocrx_word' id='word_1_47' title='bbox 1909 858 2000 915; x_wconf 89' lang='lat' dir='ltr'>sui</span> 
     </span>
    </p>
   </div>
   <div class='ocr_carea' id='block_1_10' title="bbox 349 948 2001 1025">
    <p class='ocr_par' dir='ltr' id='par_1_10' title="bbox 349 948 2001 1025">
     <span class='ocr_line' id='line_1_10' title="bbox 349 948 2001 1025; baseline -0.003 -19"><span class='ocrx_word' id='word_1_48' title='bbox 349 952 540 1024; x_wconf 86' lang='lat' dir='ltr'>gratia</span> <span class='ocrx_word' id='word_1_49' title='bbox 569 958 623 1007; x_wconf 90' lang='lat' dir='ltr'>et</span> <span class='ocrx_word' id='word_1_50' title='bbox 657 953 1024 1010; x_wconf 78' lang='lat' dir='ltr'>humanitate</span> <span class='ocrx_word' id='word_1_51' title='bbox 1064 956 1121 1010; x_wconf 91' lang='lat' dir='ltr'>id</span> <span class='ocrx_word' id='word_1_52' title='bbox 1155 971 1425 1025; x_wconf 86' lang='lat' dir='ltr'>accepere</span> <span class='ocrx_word' id='word_1_53' title='bbox 1475 959 1538 1008; x_wconf 92' lang='lat' dir='ltr'>ut</span> <span class='ocrx_word' id='word_1_54' title='bbox 1586 968 1688 1024; x_wconf 90' lang='lat' dir='ltr'>per</span> <span class='ocrx_word' id='word_1_55' title='bbox 1720 948 2001 1004; x_wconf 83' lang='lat' dir='ltr'>mutatio-</span> 
     </span>
    </p>
   </div>
   <div class='ocr_carea' id='block_1_11' title="bbox 351 1036 1996 1114">
    <p class='ocr_par' dir='ltr' id='par_1_11' title="bbox 351 1036 1996 1114">
     <span class='ocr_line' id='line_1_11' title="bbox 351 1036 1996 1114; baseline -0.002 -19"><span class='ocrx_word' id='word_1_56' title='bbox 351 1057 482 1095; x_wconf 85' lang='lat' dir='ltr'>nem</span> <span class='ocrx_word' id='word_1_57' title='bbox 519 1041 834 1098; x_wconf 84' lang='lat' dir='ltr'>existerent</span> <span class='ocrx_word' id='word_1_58' title='bbox 866 1045 1398 1114; x_wconf 90' lang='lat' dir='ltr'>:quemadmodum</span> <span class='ocrx_word' id='word_1_59' title='bbox 1433 1043 1512 1097; x_wconf 87' lang='lat' dir='ltr'>ait</span> <span class='ocrx_word' id='word_1_60' title='bbox 1549 1042 1702 1096; x_wconf 91' lang='lat' dir='ltr'>idem</span> <span class='ocrx_word' id='word_1_61' title='bbox 1736 1036 1949 1094; x_wconf 85' lang='lat' dir='ltr'>Paulus</span> <span class='ocrx_word' id='word_1_62' title='bbox 1984 1054 1996 1092; x_wconf 92' lang='lat'>:</span> 
     </span>
    </p>
   </div>
   <div class='ocr_carea' id='block_1_12' title="bbox 352 1129 2000 1202">
    <p class='ocr_par' dir='ltr' id='par_1_12' title="bbox 352 1129 2000 1202">
     <span class='ocr_line' id='line_1_12' title="bbox 352 1129 2000 1202; baseline -0.002 -18"><span class='ocrx_word' id='word_1_63' title='bbox 352 1151 380 1178; x_wconf 92' lang='grc'>‹‹</span> <span class='ocrx_word' id='word_1_64' title='bbox 413 1129 517 1192; x_wconf 87' lang='lat' dir='ltr'>Qui</span> <span class='ocrx_word' id='word_1_65' title='bbox 550 1137 714 1186; x_wconf 89' lang='lat' dir='ltr'>vocat</span> <span class='ocrx_word' id='word_1_66' title='bbox 753 1148 820 1186; x_wconf 89' lang='lat' dir='ltr'>ea</span> <span class='ocrx_word' id='word_1_67' title='bbox 864 1149 990 1201; x_wconf 73' lang='lat' dir='ltr'>quae</span> <span class='ocrx_word' id='word_1_68' title='bbox 1041 1149 1155 1188; x_wconf 91' lang='lat' dir='ltr'>non</span> <span class='ocrx_word' id='word_1_69' title='bbox 1207 1137 1366 1197; x_wconf 90' lang='lat' dir='ltr'>sunt,</span> <span class='ocrx_word' id='word_1_70' title='bbox 1421 1136 1708 1202; x_wconf 89' lang='lat' dir='ltr'>tanquam</span> <span class='ocrx_word' id='word_1_71' title='bbox 1756 1145 1823 1184; x_wconf 91' lang='lat' dir='ltr'>ea</span> <span class='ocrx_word' id='word_1_72' title='bbox 1871 1143 2000 1198; x_wconf 63' lang='lat' dir='ltr'>qua;</span> 
     </span>
    </p>
   </div>
   <div class='ocr_carea' id='block_1_13' title="bbox 347 1209 2053 1291">
    <p class='ocr_par' dir='ltr' id='par_1_13' title="bbox 347 1209 2053 1291">
     <span class='ocr_line' id='line_1_13' title="bbox 347 1209 2053 1291; baseline -0.002 -19"><span class='ocrx_word' id='word_1_73' title='bbox 347 1220 606 1273; x_wconf 62' lang='lat' dir='ltr'>sunta.»</span> <span class='ocrx_word' id='word_1_74' title='bbox 658 1221 808 1275; x_wconf 91' lang='lat' dir='ltr'>Deus</span> <span class='ocrx_word' id='word_1_75' title='bbox 860 1224 1081 1288; x_wconf 88' lang='lat' dir='ltr'>contra,</span> <span class='ocrx_word' id='word_1_76' title='bbox 1124 1222 1225 1291; x_wconf 91' lang='lat' dir='ltr'>qui</span> <span class='ocrx_word' id='word_1_77' title='bbox 1275 1237 1374 1291; x_wconf 89' lang='lat' dir='ltr'>per</span> <span class='ocrx_word' id='word_1_78' title='bbox 1423 1219 1698 1283; x_wconf 87' lang='lat' dir='ltr'>Verbum,</span> <span class='ocrx_word' id='word_1_79' title='bbox 1735 1215 1998 1272; x_wconf 91' lang='lat' dir='ltr'>omnium</span> <span class='ocrx_word' id='word_1_80' title='bbox 2032 1209 2053 1228; x_wconf 68' lang='grc'>⁸</span> 
     </span>
    </p>
   </div>
   <div class='ocr_carea' id='block_1_14' title="bbox 349 1304 2001 1375">
    <p class='ocr_par' dir='ltr' id='par_1_14' title="bbox 349 1304 2001 1375">
     <span class='ocr_line' id='line_1_14' title="bbox 349 1304 2001 1375; baseline -0.002 -13"><span class='ocrx_word' id='word_1_81' title='bbox 349 1307 616 1362; x_wconf 91' lang='lat' dir='ltr'>conditor</span> <span class='ocrx_word' id='word_1_82' title='bbox 663 1313 752 1363; x_wconf 91' lang='lat' dir='ltr'>est</span> <span class='ocrx_word' id='word_1_83' title='bbox 801 1313 856 1364; x_wconf 88' lang='lat' dir='ltr'>et</span> <span class='ocrx_word' id='word_1_84' title='bbox 899 1326 1030 1365; x_wconf 85' lang='lat' dir='ltr'>vere</span> <span class='ocrx_word' id='word_1_85' title='bbox 1081 1310 1300 1375; x_wconf 85' lang='lat' dir='ltr'>existit,</span> <span class='ocrx_word' id='word_1_86' title='bbox 1345 1307 1776 1364; x_wconf 86' lang='lat' dir='ltr'>immutabilem</span> <span class='ocrx_word' id='word_1_87' title='bbox 1827 1304 2001 1359; x_wconf 86' lang='lat' dir='ltr'>habet</span> 
     </span>
    </p>
   </div>
   <div class='ocr_carea' id='block_1_15' title="bbox 345 1394 1998 1471">
    <p class='ocr_par' dir='ltr' id='par_1_15' title="bbox 345 1394 1998 1471">
     <span class='ocr_line' id='line_1_15' title="bbox 345 1394 1998 1471; baseline -0.002 -20"><span class='ocrx_word' id='word_1_88' title='bbox 345 1414 478 1452; x_wconf 88' lang='lat' dir='ltr'>cum</span> <span class='ocrx_word' id='word_1_89' title='bbox 511 1397 700 1452; x_wconf 84' lang='lat' dir='ltr'>Verbo</span> <span class='ocrx_word' id='word_1_90' title='bbox 731 1416 837 1454; x_wconf 91' lang='lat' dir='ltr'>suo</span> <span class='ocrx_word' id='word_1_91' title='bbox 883 1405 1174 1454; x_wconf 88' lang='lat' dir='ltr'>naturam.</span> <span class='ocrx_word' id='word_1_92' title='bbox 1207 1401 1394 1471; x_wconf 84' lang='lat' dir='ltr'>Atque</span> <span class='ocrx_word' id='word_1_93' title='bbox 1438 1397 1580 1452; x_wconf 92' lang='lat' dir='ltr'>illud</span> <span class='ocrx_word' id='word_1_94' title='bbox 1617 1413 1720 1468; x_wconf 92' lang='lat' dir='ltr'>per</span> <span class='ocrx_word' id='word_1_95' title='bbox 1749 1394 1998 1467; x_wconf 88' lang='lat' dir='ltr'>prophe-</span> 
     </span>
    </p>
   </div>
   <div class='ocr_carea' id='block_1_16' title="bbox 344 1485 1999 1557">
    <p class='ocr_par' dir='ltr' id='par_1_16' title="bbox 344 1485 1999 1557">
     <span class='ocr_line' id='line_1_16' title="bbox 344 1485 1999 1557; baseline -0.003 -16"><span class='ocrx_word' id='word_1_96' title='bbox 344 1491 465 1542; x_wconf 87' lang='lat' dir='ltr'>tam</span> <span class='ocrx_word' id='word_1_97' title='bbox 497 1488 662 1542; x_wconf 75' lang='lat' dir='ltr'>docet</span> <span class='ocrx_word' id='word_1_98' title='bbox 695 1487 786 1542; x_wconf 88' lang='lat' dir='ltr'>his</span> <span class='ocrx_word' id='word_1_99' title='bbox 810 1489 1000 1543; x_wconf 88' lang='lat' dir='ltr'>verbis</span> <span class='ocrx_word' id='word_1_100' title='bbox 1026 1505 1076 1542; x_wconf 87' lang='lat'>:«</span> <span class='ocrx_word' id='word_1_101' title='bbox 1099 1487 1323 1557; x_wconf 87' lang='lat' dir='ltr'>Videte,</span> <span class='ocrx_word' id='word_1_102' title='bbox 1345 1487 1559 1553; x_wconf 88' lang='lat' dir='ltr'>videte,</span> <span class='ocrx_word' id='word_1_103' title='bbox 1583 1485 1862 1556; x_wconf 88' lang='lat' dir='ltr'>quoniam</span> <span class='ocrx_word' id='word_1_104' title='bbox 1892 1498 1999 1554; x_wconf 83' lang='lat' dir='ltr'>ego</span> 
     </span>
    </p>
   </div>
   <div class='ocr_carea' id='block_1_17' title="bbox 346 1572 1998 1643">
    <p class='ocr_par' dir='ltr' id='par_1_17' title="bbox 346 1572 1998 1643">
     <span class='ocr_line' id='line_1_17' title="bbox 346 1572 1998 1643; baseline -0.002 -13"><span class='ocrx_word' id='word_1_105' title='bbox 346 1593 501 1641; x_wconf 90' lang='lat' dir='ltr'>sum,</span> <span class='ocrx_word' id='word_1_106' title='bbox 535 1580 593 1631; x_wconf 90' lang='lat' dir='ltr'>et</span> <span class='ocrx_word' id='word_1_107' title='bbox 642 1593 755 1630; x_wconf 91' lang='lat' dir='ltr'>non</span> <span class='ocrx_word' id='word_1_108' title='bbox 790 1582 988 1632; x_wconf 90' lang='lat' dir='ltr'>mutor</span> <span class='ocrx_word' id='word_1_109' title='bbox 1006 1578 1047 1633; x_wconf 72' lang='grc' dir='ltr'>θ.</span> <span class='ocrx_word' id='word_1_110' title='bbox 1071 1599 1098 1627; x_wconf 83' lang='grc'><strong>››</strong></span> <span class='ocrx_word' id='word_1_111' title='bbox 1134 1577 1322 1641; x_wconf 88' lang='lat' dir='ltr'>Quare</span> <span class='ocrx_word' id='word_1_112' title='bbox 1373 1577 1443 1631; x_wconf 90' lang='lat' dir='ltr'>de</span> <span class='ocrx_word' id='word_1_113' title='bbox 1496 1574 1838 1631; x_wconf 91' lang='lat' dir='ltr'>hominibus</span> <span class='ocrx_word' id='word_1_114' title='bbox 1867 1572 1998 1643; x_wconf 86' lang='lat' dir='ltr'>qui-</span> 
     </span>
    </p>
   </div>
   <div class='ocr_carea' id='block_1_18' title="bbox 345 1665 1998 1738">
    <p class='ocr_par' dir='ltr' id='par_1_18' title="bbox 345 1665 1998 1738">
     <span class='ocr_line' id='line_1_18' title="bbox 345 1665 1998 1738; baseline -0.003 -18"><span class='ocrx_word' id='word_1_115' title='bbox 345 1666 480 1720; x_wconf 90' lang='lat' dir='ltr'>dem</span> <span class='ocrx_word' id='word_1_116' title='bbox 514 1666 571 1720; x_wconf 88' lang='lat' dir='ltr'>in</span> <span class='ocrx_word' id='word_1_117' title='bbox 599 1666 850 1722; x_wconf 86' lang='lat' dir='ltr'>Psalmis</span> <span class='ocrx_word' id='word_1_118' title='bbox 878 1665 1107 1721; x_wconf 88' lang='lat' dir='ltr'>canitur</span> <span class='ocrx_word' id='word_1_119' title='bbox 1127 1684 1176 1721; x_wconf 85' lang='grc'>;‹‹</span> <span class='ocrx_word' id='word_1_120' title='bbox 1199 1667 1318 1738; x_wconf 88' lang='lat' dir='ltr'>Ego</span> <span class='ocrx_word' id='word_1_121' title='bbox 1341 1666 1457 1721; x_wconf 88' lang='lat' dir='ltr'>dixi</span> <span class='ocrx_word' id='word_1_122' title='bbox 1490 1665 1550 1719; x_wconf 91' lang='lat' dir='ltr'>in</span> <span class='ocrx_word' id='word_1_123' title='bbox 1572 1680 1809 1719; x_wconf 81' lang='lat' dir='ltr'>excessu</span> <span class='ocrx_word' id='word_1_124' title='bbox 1847 1677 1998 1730; x_wconf 90' lang='lat' dir='ltr'>meo,</span> 
     </span>
    </p>
   </div>
   <div class='ocr_carea' id='block_1_19' title="bbox 341 1754 1990 1813">
    <p class='ocr_par' dir='ltr' id='par_1_19' title="bbox 341 1754 1990 1813">
     <span class='ocr_line' id='line_1_19' title="bbox 341 1754 1990 1813; baseline -0.004 -2"><span class='ocrx_word' id='word_1_125' title='bbox 341 1754 546 1812; x_wconf 88' lang='lat' dir='ltr'>Omnis</span> <span class='ocrx_word' id='word_1_126' title='bbox 577 1756 752 1812; x_wconf 90' lang='lat' dir='ltr'>homo</span> <span class='ocrx_word' id='word_1_127' title='bbox 786 1757 1036 1812; x_wconf 85' lang='lat' dir='ltr'>mendax</span> <span class='ocrx_word' id='word_1_128' title='bbox 1058 1758 1101 1792; x_wconf 83' lang='grc'>¹⁰</span> <span class='ocrx_word' id='word_1_129' title='bbox 1125 1774 1138 1813; x_wconf 90' lang='lat'>:</span> <span class='ocrx_word' id='word_1_130' title='bbox 1161 1777 1190 1806; x_wconf 86' lang='lat'><strong>»</strong></span> <span class='ocrx_word' id='word_1_131' title='bbox 1224 1756 1294 1811; x_wconf 93' lang='lat' dir='ltr'>de</span> <span class='ocrx_word' id='word_1_132' title='bbox 1327 1755 1442 1811; x_wconf 89' lang='lat' dir='ltr'>Deo</span> <span class='ocrx_word' id='word_1_133' title='bbox 1491 1759 1690 1810; x_wconf 88' lang='lat' dir='ltr'>autem</span> <span class='ocrx_word' id='word_1_134' title='bbox 1738 1756 1990 1808; x_wconf 86' lang='lat' dir='ltr'>testatur</span> 
     </span>
    </p>
   </div>
   <div class='ocr_carea' id='block_1_20' title="bbox 345 1843 1729 1917">
    <p class='ocr_par' dir='ltr' id='par_1_20' title="bbox 345 1843 1729 1917">
     <span class='ocr_line' id='line_1_20' title="bbox 345 1843 1729 1917; baseline -0.002 -18"><span class='ocrx_word' id='word_1_135' title='bbox 345 1843 538 1900; x_wconf 89' lang='lat' dir='ltr'>Moses</span> <span class='ocrx_word' id='word_1_136' title='bbox 572 1844 629 1898; x_wconf 93' lang='lat' dir='ltr'>in</span> <span class='ocrx_word' id='word_1_137' title='bbox 663 1844 788 1917; x_wconf 83' lang='lat' dir='ltr'>lege</span> <span class='ocrx_word' id='word_1_138' title='bbox 821 1861 834 1902; x_wconf 87' lang='lat'><strong>:</strong></span> <span class='ocrx_word' id='word_1_139' title='bbox 861 1868 888 1895; x_wconf 87' lang='grc'>‹‹</span> <span class='ocrx_word' id='word_1_140' title='bbox 921 1845 1076 1901; x_wconf 89' lang='lat' dir='ltr'>Deus</span> <span class='ocrx_word' id='word_1_141' title='bbox 1108 1844 1299 1900; x_wconf 87' lang='lat' dir='ltr'>fidelis</span> <span class='ocrx_word' id='word_1_142' title='bbox 1331 1848 1388 1900; x_wconf 93' lang='lat' dir='ltr'>et</span> <span class='ocrx_word' id='word_1_143' title='bbox 1416 1860 1588 1900; x_wconf 82' lang='lat' dir='ltr'>verax</span> <span class='ocrx_word' id='word_1_144' title='bbox 1610 1843 1673 1896; x_wconf 85' lang='grc'>¹¹.</span> <span class='ocrx_word' id='word_1_145' title='bbox 1702 1863 1729 1890; x_wconf 85' lang='lat'><strong><em>»</em></strong></span> 
     </span>
    </p>
   </div>
   <div class='ocr_carea' id='block_1_21' title="bbox 415 1928 1993 2006">
    <p class='ocr_par' dir='ltr' id='par_1_21' title="bbox 415 1928 1993 2006">
     <span class='ocr_line' id='line_1_21' title="bbox 415 1928 1993 2006; baseline -0.003 -20"><span class='ocrx_word' id='word_1_146' title='bbox 415 1933 469 1986; x_wconf 90' lang='lat'>2.</span> <span class='ocrx_word' id='word_1_147' title='bbox 519 1932 622 1987; x_wconf 87' lang='lat' dir='ltr'>Vir</span> <span class='ocrx_word' id='word_1_148' title='bbox 679 1934 857 2006; x_wconf 87' lang='lat' dir='ltr'>igitur</span> <span class='ocrx_word' id='word_1_149' title='bbox 913 1934 1008 1990; x_wconf 92' lang='lat' dir='ltr'>ille</span> <span class='ocrx_word' id='word_1_150' title='bbox 1064 1935 1360 1990; x_wconf 88' lang='lat' dir='ltr'>Christum</span> <span class='ocrx_word' id='word_1_151' title='bbox 1422 1948 1650 2005; x_wconf 85' lang='lat' dir='ltr'>gerens,</span> <span class='ocrx_word' id='word_1_152' title='bbox 1702 1928 1869 2002; x_wconf 87' lang='lat' dir='ltr'>quasi</span> <span class='ocrx_word' id='word_1_153' title='bbox 1922 1943 1993 1983; x_wconf 91' lang='lat' dir='ltr'>ex</span> 
     </span>
    </p>
   </div>
   <div class='ocr_carea' id='block_1_22' title="bbox 346 2017 1992 2095">
    <p class='ocr_par' dir='ltr' id='par_1_22' title="bbox 346 2017 1992 2095">
     <span class='ocr_line' id='line_1_22' title="bbox 346 2017 1992 2095; baseline -0.003 -17"><span class='ocrx_word' id='word_1_154' title='bbox 346 2021 612 2094; x_wconf 89' lang='lat' dir='ltr'>utrisque</span> <span class='ocrx_word' id='word_1_155' title='bbox 660 2023 946 2091; x_wconf 90' lang='lat' dir='ltr'>eruditus,</span> <span class='ocrx_word' id='word_1_156' title='bbox 977 2024 1079 2079; x_wconf 90' lang='lat' dir='ltr'>Dei</span> <span class='ocrx_word' id='word_1_157' title='bbox 1135 2027 1191 2078; x_wconf 91' lang='lat' dir='ltr'>et</span> <span class='ocrx_word' id='word_1_158' title='bbox 1238 2023 1362 2095; x_wconf 91' lang='lat' dir='ltr'>ipse</span> <span class='ocrx_word' id='word_1_159' title='bbox 1393 2038 1526 2076; x_wconf 92' lang='lat' dir='ltr'>cum</span> <span class='ocrx_word' id='word_1_160' title='bbox 1559 2019 1842 2076; x_wconf 83' lang='lat' dir='ltr'>creaturis</span> <span class='ocrx_word' id='word_1_161' title='bbox 1871 2017 1992 2073; x_wconf 85' lang='lat' dir='ltr'>dis-</span> 
     </span>
    </p>
   </div>
   <div class='ocr_carea' id='block_1_23' title="bbox 345 2109 1993 2182">
    <p class='ocr_par' dir='ltr' id='par_1_23' title="bbox 345 2109 1993 2182">
     <span class='ocr_line' id='line_1_23' title="bbox 345 2109 1993 2182; baseline -0.002 -16"><span class='ocrx_word' id='word_1_162' title='bbox 345 2111 565 2166; x_wconf 89' lang='lat' dir='ltr'>crimen</span> <span class='ocrx_word' id='word_1_163' title='bbox 615 2126 932 2182; x_wconf 85' lang='lat' dir='ltr'>exponens,</span> <span class='ocrx_word' id='word_1_164' title='bbox 965 2112 1046 2168; x_wconf 86' lang='lat' dir='ltr'>ita</span> <span class='ocrx_word' id='word_1_165' title='bbox 1077 2111 1281 2166; x_wconf 87' lang='lat' dir='ltr'>scribit</span> <span class='ocrx_word' id='word_1_166' title='bbox 1313 2127 1324 2164; x_wconf 92' lang='lat'>:</span> <span class='ocrx_word' id='word_1_167' title='bbox 1359 2131 1378 2157; x_wconf 76' lang='grc' dir='ltr'>ε</span> <span class='ocrx_word' id='word_1_168' title='bbox 1415 2110 1501 2166; x_wconf 80' lang='lat' dir='ltr'>Sit</span> <span class='ocrx_word' id='word_1_169' title='bbox 1548 2125 1681 2164; x_wconf 84' lang='lat' dir='ltr'>vero</span> <span class='ocrx_word' id='word_1_170' title='bbox 1711 2109 1866 2164; x_wconf 89' lang='lat' dir='ltr'>Deus</span> <span class='ocrx_word' id='word_1_171' title='bbox 1893 2122 1993 2162; x_wconf 89' lang='lat' dir='ltr'>ve-</span> 
     </span>
    </p>
   </div>
   <div class='ocr_carea' id='block_1_24' title="bbox 343 2198 1992 2268">
    <p class='ocr_par' dir='ltr' id='par_1_24' title="bbox 343 2198 1992 2268">
     <span class='ocr_line' id='line_1_24' title="bbox 343 2198 1992 2268; baseline -0.001 -14"><span class='ocrx_word' id='word_1_172' title='bbox 343 2217 464 2268; x_wconf 88' lang='lat' dir='ltr'>rax,</span> <span class='ocrx_word' id='word_1_173' title='bbox 496 2199 689 2255; x_wconf 91' lang='lat' dir='ltr'>omnis</span> <span class='ocrx_word' id='word_1_174' title='bbox 719 2205 913 2256; x_wconf 85' lang='lat' dir='ltr'>autem</span> <span class='ocrx_word' id='word_1_175' title='bbox 959 2201 1134 2257; x_wconf 91' lang='lat' dir='ltr'>homo</span> <span class='ocrx_word' id='word_1_176' title='bbox 1164 2201 1417 2255; x_wconf 83' lang='lat' dir='ltr'>mendax</span> <span class='ocrx_word' id='word_1_177' title='bbox 1439 2200 1501 2252; x_wconf 85' lang='grc'>¹².</span> <span class='ocrx_word' id='word_1_178' title='bbox 1529 2219 1555 2246; x_wconf 87' lang='grc'>››</span> <span class='ocrx_word' id='word_1_179' title='bbox 1583 2198 1773 2253; x_wconf 85' lang='lat' dir='ltr'>Verus</span> <span class='ocrx_word' id='word_1_180' title='bbox 1820 2211 1992 2268; x_wconf 89' lang='lat' dir='ltr'>porro</span> 
     </span>
    </p>
   </div>
   <div class='ocr_carea' id='block_1_25' title="bbox 343 2285 1994 2361">
    <p class='ocr_par' dir='ltr' id='par_1_25' title="bbox 343 2285 1994 2361">
     <span class='ocr_line' id='line_1_25' title="bbox 343 2285 1994 2361; baseline -0.001 -18"><span class='ocrx_word' id='word_1_181' title='bbox 343 2292 432 2344; x_wconf 88' lang='lat' dir='ltr'>est</span> <span class='ocrx_word' id='word_1_182' title='bbox 479 2289 665 2355; x_wconf 81' lang='lat' dir='ltr'>Deus;</span> <span class='ocrx_word' id='word_1_183' title='bbox 703 2306 818 2345; x_wconf 90' lang='lat' dir='ltr'>non</span> <span class='ocrx_word' id='word_1_184' title='bbox 870 2290 1011 2361; x_wconf 88' lang='lat' dir='ltr'>quia</span> <span class='ocrx_word' id='word_1_185' title='bbox 1058 2307 1176 2345; x_wconf 90' lang='lat' dir='ltr'>non</span> <span class='ocrx_word' id='word_1_186' title='bbox 1227 2288 1548 2344; x_wconf 84' lang='lat' dir='ltr'>mentitur:</span> <span class='ocrx_word' id='word_1_187' title='bbox 1584 2286 1728 2341; x_wconf 90' lang='lat' dir='ltr'>nihil</span> <span class='ocrx_word' id='word_1_188' title='bbox 1777 2285 1994 2357; x_wconf 89' lang='lat' dir='ltr'>quippe</span> 
     </span>
    </p>
   </div>
   <div class='ocr_carea' id='block_1_26' title="bbox 341 2374 1990 2450">
    <p class='ocr_par' dir='ltr' id='par_1_26' title="bbox 341 2374 1990 2450">
     <span class='ocr_line' id='line_1_26' title="bbox 341 2374 1990 2450; baseline -0.002 -18"><span class='ocrx_word' id='word_1_189' title='bbox 341 2376 454 2449; x_wconf 89' lang='lat' dir='ltr'>ipsi</span> <span class='ocrx_word' id='word_1_190' title='bbox 485 2379 860 2446; x_wconf 86' lang='lat' dir='ltr'>adversatur;</span> <span class='ocrx_word' id='word_1_191' title='bbox 913 2395 1099 2450; x_wconf 88' lang='lat' dir='ltr'>neque</span> <span class='ocrx_word' id='word_1_192' title='bbox 1147 2377 1308 2450; x_wconf 83' lang='lat' dir='ltr'>quia,</span> <span class='ocrx_word' id='word_1_193' title='bbox 1340 2375 1835 2448; x_wconf 89' lang='lat' dir='ltr'>quemadmodum</span> <span class='ocrx_word' id='word_1_194' title='bbox 1888 2374 1990 2429; x_wconf 92' lang='lat' dir='ltr'>ho-</span> 
     </span>
    </p>
   </div>
   <div class='ocr_carea' id='block_1_27' title="bbox 343 2461 1993 2534">
    <p class='ocr_par' dir='ltr' id='par_1_27' title="bbox 343 2461 1993 2534">
     <span class='ocr_line' id='line_1_27' title="bbox 343 2461 1993 2534; baseline -0.002 -14"><span class='ocrx_word' id='word_1_195' title='bbox 343 2483 460 2534; x_wconf 91' lang='lat' dir='ltr'>mo,</span> <span class='ocrx_word' id='word_1_196' title='bbox 493 2466 660 2523; x_wconf 87' lang='lat' dir='ltr'>alteri</span> <span class='ocrx_word' id='word_1_197' title='bbox 708 2467 1012 2523; x_wconf 86' lang='lat' dir='ltr'>veritatem</span> <span class='ocrx_word' id='word_1_198' title='bbox 1056 2467 1408 2523; x_wconf 83' lang='lat' dir='ltr'>testificatur</span> <span class='ocrx_word' id='word_1_199' title='bbox 1441 2481 1452 2519; x_wconf 92' lang='lat'>:</span> <span class='ocrx_word' id='word_1_200' title='bbox 1489 2463 1632 2520; x_wconf 92' lang='lat' dir='ltr'>nulli</span> <span class='ocrx_word' id='word_1_201' title='bbox 1679 2463 1835 2519; x_wconf 91' lang='lat' dir='ltr'>enim</span> <span class='ocrx_word' id='word_1_202' title='bbox 1886 2461 1993 2517; x_wconf 89' lang='lat' dir='ltr'>ob-</span> 
     </span>
    </p>
   </div>
   <div class='ocr_carea' id='block_1_28' title="bbox 344 2550 1991 2628">
    <p class='ocr_par' dir='ltr' id='par_1_28' title="bbox 344 2550 1991 2628">
     <span class='ocr_line' id='line_1_28' title="bbox 344 2550 1991 2628; baseline -0.003 -19"><span class='ocrx_word' id='word_1_203' title='bbox 344 2556 553 2611; x_wconf 88' lang='lat' dir='ltr'>noxius</span> <span class='ocrx_word' id='word_1_204' title='bbox 592 2560 713 2623; x_wconf 87' lang='lat' dir='ltr'>est;</span> <span class='ocrx_word' id='word_1_205' title='bbox 748 2557 845 2611; x_wconf 89' lang='lat' dir='ltr'>sed</span> <span class='ocrx_word' id='word_1_206' title='bbox 902 2557 1053 2628; x_wconf 92' lang='lat' dir='ltr'>quod</span> <span class='ocrx_word' id='word_1_207' title='bbox 1112 2556 1302 2627; x_wconf 90' lang='lat' dir='ltr'>ipsam</span> <span class='ocrx_word' id='word_1_208' title='bbox 1356 2554 1656 2609; x_wconf 89' lang='lat' dir='ltr'>veritatem</span> <span class='ocrx_word' id='word_1_209' title='bbox 1707 2550 1991 2623; x_wconf 79' lang='lat' dir='ltr'>genuerit,</span> 
     </span>
    </p>
   </div>
   <div class='ocr_carea' id='block_1_29' title="bbox 341 2640 1988 2717">
    <p class='ocr_par' dir='ltr' id='par_1_29' title="bbox 341 2640 1988 2717">
     <span class='ocr_line' id='line_1_29' title="bbox 341 2640 1988 2717; baseline -0.004 -18"><span class='ocrx_word' id='word_1_210' title='bbox 341 2648 628 2716; x_wconf 87' lang='lat' dir='ltr'>Paterque</span> <span class='ocrx_word' id='word_1_211' title='bbox 659 2645 733 2701; x_wconf 86' lang='lat' dir='ltr'>sit</span> <span class='ocrx_word' id='word_1_212' title='bbox 767 2645 1014 2711; x_wconf 90' lang='lat' dir='ltr'>Domini,</span> <span class='ocrx_word' id='word_1_213' title='bbox 1042 2645 1142 2717; x_wconf 88' lang='lat' dir='ltr'>qui</span> <span class='ocrx_word' id='word_1_214' title='bbox 1167 2643 1246 2698; x_wconf 87' lang='lat' dir='ltr'>ait</span> <span class='ocrx_word' id='word_1_215' title='bbox 1271 2661 1322 2698; x_wconf 87' lang='lat'>:«</span> <span class='ocrx_word' id='word_1_216' title='bbox 1345 2643 1462 2715; x_wconf 81' lang='lat' dir='ltr'>Ego</span> <span class='ocrx_word' id='word_1_217' title='bbox 1493 2658 1624 2697; x_wconf 90' lang='lat' dir='ltr'>sum</span> <span class='ocrx_word' id='word_1_218' title='bbox 1648 2640 1859 2696; x_wconf 87' lang='lat' dir='ltr'>veritas</span> <span class='ocrx_word' id='word_1_219' title='bbox 1883 2640 1988 2693; x_wconf 69' lang='grc' dir='ltr'>ηε»</span> 
     </span>
    </p>
   </div>
   <div class='ocr_carea' id='block_1_30' title="bbox 338 2729 1992 2806">
    <p class='ocr_par' dir='ltr' id='par_1_30' title="bbox 338 2729 1992 2806">
     <span class='ocr_line' id='line_1_30' title="bbox 338 2729 1992 2806; baseline -0.004 -17"><span class='ocrx_word' id='word_1_220' title='bbox 338 2733 568 2789; x_wconf 84' lang='lat' dir='ltr'>veritati</span> <span class='ocrx_word' id='word_1_221' title='bbox 602 2750 774 2806; x_wconf 92' lang='lat' dir='ltr'>porro</span> <span class='ocrx_word' id='word_1_222' title='bbox 821 2749 1123 2804; x_wconf 89' lang='lat' dir='ltr'>nunquam</span> <span class='ocrx_word' id='word_1_223' title='bbox 1160 2733 1528 2788; x_wconf 89' lang='lat' dir='ltr'>mendacium</span> <span class='ocrx_word' id='word_1_224' title='bbox 1580 2730 1833 2785; x_wconf 86' lang='lat' dir='ltr'>amicum</span> <span class='ocrx_word' id='word_1_225' title='bbox 1869 2729 1992 2784; x_wconf 88' lang='lat' dir='ltr'>fue-</span> 
     </span>
    </p>
   </div>
   <div class='ocr_carea' id='block_1_31' title="bbox 340 2818 1988 2893">
    <p class='ocr_par' dir='ltr' id='par_1_31' title="bbox 340 2818 1988 2893">
     <span class='ocr_line' id='line_1_31' title="bbox 340 2818 1988 2893; baseline -0.001 -18"><span class='ocrx_word' id='word_1_226' title='bbox 340 2821 437 2876; x_wconf 90' lang='lat' dir='ltr'>rit.</span> <span class='ocrx_word' id='word_1_227' title='bbox 474 2822 632 2877; x_wconf 90' lang='lat' dir='ltr'>Unde</span> <span class='ocrx_word' id='word_1_228' title='bbox 679 2822 983 2878; x_wconf 90' lang='lat' dir='ltr'>veritatem</span> <span class='ocrx_word' id='word_1_229' title='bbox 1031 2821 1484 2893; x_wconf 88' lang='lat' dir='ltr'>quidem,juxta</span> <span class='ocrx_word' id='word_1_230' title='bbox 1531 2818 1988 2886; x_wconf 78' lang='lat' dir='ltr'>Psalmistam“,</span> 
     </span>
    </p>
   </div>
   <div class='ocr_carea' id='block_1_32' title="bbox 341 2905 1989 2982">
    <p class='ocr_par' dir='ltr' id='par_1_32' title="bbox 341 2905 1989 2982">
     <span class='ocr_line' id='line_1_32' title="bbox 341 2905 1989 2982; baseline -0.003 -17"><span class='ocrx_word' id='word_1_231' title='bbox 341 2911 587 2982; x_wconf 90' lang='lat' dir='ltr'>requirit</span> <span class='ocrx_word' id='word_1_232' title='bbox 627 2911 933 2980; x_wconf 89' lang='lat' dir='ltr'>Dominus,</span> <span class='ocrx_word' id='word_1_233' title='bbox 967 2910 1337 2966; x_wconf 89' lang='lat' dir='ltr'>mendacium</span> <span class='ocrx_word' id='word_1_234' title='bbox 1387 2925 1519 2964; x_wconf 86' lang='lat' dir='ltr'>vero</span> <span class='ocrx_word' id='word_1_235' title='bbox 1552 2907 1657 2963; x_wconf 91' lang='lat' dir='ltr'>abs</span> <span class='ocrx_word' id='word_1_236' title='bbox 1687 2923 1748 2962; x_wconf 91' lang='lat' dir='ltr'>se</span> <span class='ocrx_word' id='word_1_237' title='bbox 1778 2905 1989 2977; x_wconf 89' lang='lat' dir='ltr'>rejicit,</span> 
     </span>
    </p>
   </div>
   <div class='ocr_carea' id='block_1_33' title="bbox 341 2995 1988 3071">
    <p class='ocr_par' dir='ltr' id='par_1_33' title="bbox 341 2995 1988 3071">
     <span class='ocr_line' id='line_1_33' title="bbox 341 2995 1988 3071; baseline -0.002 -16"><span class='ocrx_word' id='word_1_238' title='bbox 341 2999 716 3071; x_wconf 86' lang='lat' dir='ltr'>alienumque</span> <span class='ocrx_word' id='word_1_239' title='bbox 775 2999 886 3054; x_wconf 92' lang='lat' dir='ltr'>sibi</span> <span class='ocrx_word' id='word_1_240' title='bbox 946 2999 1106 3067; x_wconf 83' lang='lat' dir='ltr'>facit,</span> <span class='ocrx_word' id='word_1_241' title='bbox 1155 2999 1243 3054; x_wconf 88' lang='lat' dir='ltr'>his</span> <span class='ocrx_word' id='word_1_242' title='bbox 1298 2998 1489 3053; x_wconf 86' lang='lat' dir='ltr'>verbis</span> <span class='ocrx_word' id='word_1_243' title='bbox 1525 3015 1537 3052; x_wconf 88' lang='lat'><strong>:</strong></span> <span class='ocrx_word' id='word_1_244' title='bbox 1567 3018 1588 3048; x_wconf 76' lang='grc' dir='ltr'>ι</span> <span class='ocrx_word' id='word_1_245' title='bbox 1627 2995 1752 3052; x_wconf 89' lang='lat' dir='ltr'>Filii</span> <span class='ocrx_word' id='word_1_246' title='bbox 1811 2995 1988 3051; x_wconf 89' lang='lat' dir='ltr'>alieni</span> 
     </span>
    </p>
   </div>
   <div class='ocr_carea' id='block_1_34' title="bbox 339 3084 1986 3159">
    <p class='ocr_par' dir='ltr' id='par_1_34' title="bbox 339 3084 1986 3159">
     <span class='ocr_line' id='line_1_34' title="bbox 339 3084 1986 3159; baseline -0.003 -16"><span class='ocrx_word' id='word_1_247' title='bbox 339 3089 565 3144; x_wconf 88' lang='lat' dir='ltr'>mentiti</span> <span class='ocrx_word' id='word_1_248' title='bbox 599 3092 740 3144; x_wconf 90' lang='lat' dir='ltr'>sunt</span> <span class='ocrx_word' id='word_1_249' title='bbox 772 3088 914 3144; x_wconf 91' lang='lat' dir='ltr'>mihi</span> <span class='ocrx_word' id='word_1_250' title='bbox 941 3089 1004 3142; x_wconf 73' lang='grc' dir='ltr'>η.</span> <span class='ocrx_word' id='word_1_251' title='bbox 1031 3110 1058 3137; x_wconf 84' lang='grc'><strong>››</strong></span> <span class='ocrx_word' id='word_1_252' title='bbox 1089 3087 1316 3144; x_wconf 85' lang='lat' dir='ltr'>Mentiti</span> <span class='ocrx_word' id='word_1_253' title='bbox 1356 3086 1570 3159; x_wconf 91' lang='lat' dir='ltr'>quippe</span> <span class='ocrx_word' id='word_1_254' title='bbox 1615 3089 1754 3141; x_wconf 91' lang='lat' dir='ltr'>sunt</span> <span class='ocrx_word' id='word_1_255' title='bbox 1798 3084 1986 3140; x_wconf 65' lang='lat' dir='ltr'>Judaei</span> 
     </span>
    </p>
   </div>
   <div class='ocr_carea' id='block_1_35' title="bbox 337 3175 1987 3248">
    <p class='ocr_par' dir='ltr' id='par_1_35' title="bbox 337 3175 1987 3248">
     <span class='ocr_line' id='line_1_35' title="bbox 337 3175 1987 3248; baseline -0.002 -14"><span class='ocrx_word' id='word_1_256' title='bbox 337 3182 541 3234; x_wconf 91' lang='lat' dir='ltr'>contra</span> <span class='ocrx_word' id='word_1_257' title='bbox 570 3178 956 3244; x_wconf 86' lang='lat' dir='ltr'>Salvatorem,</span> <span class='ocrx_word' id='word_1_258' title='bbox 989 3182 1207 3233; x_wconf 91' lang='lat' dir='ltr'>etcum</span> <span class='ocrx_word' id='word_1_259' title='bbox 1258 3194 1321 3232; x_wconf 91' lang='lat' dir='ltr'>se</span> <span class='ocrx_word' id='word_1_260' title='bbox 1369 3177 1556 3248; x_wconf 85' lang='lat' dir='ltr'>legem</span> <span class='ocrx_word' id='word_1_261' title='bbox 1607 3175 1708 3232; x_wconf 71' lang='lat'><strong>02</strong></span> <span class='ocrx_word' id='word_1_262' title='bbox 1758 3191 1987 3230; x_wconf 88' lang='lat' dir='ltr'>servare</span> 
     </span>
    </p>
   </div>
   <div class='ocr_carea' id='block_1_36' title="bbox 337 3262 1986 3339">
    <p class='ocr_par' dir='ltr' id='par_1_36' title="bbox 337 3262 1986 3339">
     <span class='ocr_line' id='line_1_36' title="bbox 337 3262 1986 3339; baseline -0.001 -18"><span class='ocrx_word' id='word_1_263' title='bbox 337 3268 769 3339; x_wconf 82' lang='lat' dir='ltr'>proﬁterentur,</span> <span class='ocrx_word' id='word_1_264' title='bbox 802 3283 1174 3338; x_wconf 88' lang='lat' dir='ltr'>nequaquam</span> <span class='ocrx_word' id='word_1_265' title='bbox 1211 3283 1340 3320; x_wconf 90' lang='lat' dir='ltr'>vere</span> <span class='ocrx_word' id='word_1_266' title='bbox 1372 3265 1600 3333; x_wconf 82' lang='lat' dir='ltr'>dixere;</span> <span class='ocrx_word' id='word_1_267' title='bbox 1633 3264 1732 3318; x_wconf 91' lang='lat' dir='ltr'>sed</span> <span class='ocrx_word' id='word_1_268' title='bbox 1765 3262 1986 3334; x_wconf 88' lang='lat' dir='ltr'>injuste</span> 
     </span>
    </p>
   </div>
   <div class='ocr_carea' id='block_1_37' title="bbox 336 3353 1988 3429">
    <p class='ocr_par' dir='ltr' id='par_1_37' title="bbox 336 3353 1988 3429">
     <span class='ocr_line' id='line_1_37' title="bbox 336 3353 1988 3429; baseline -0.002 -17"><span class='ocrx_word' id='word_1_269' title='bbox 336 3373 471 3412; x_wconf 90' lang='lat' dir='ltr'>cum</span> <span class='ocrx_word' id='word_1_270' title='bbox 509 3356 612 3411; x_wconf 91' lang='lat' dir='ltr'>illo</span> <span class='ocrx_word' id='word_1_271' title='bbox 661 3373 830 3429; x_wconf 86' lang='lat' dir='ltr'>egere</span> <span class='ocrx_word' id='word_1_272' title='bbox 862 3355 962 3428; x_wconf 92' lang='lat' dir='ltr'>qui</span> <span class='ocrx_word' id='word_1_273' title='bbox 1019 3372 1148 3410; x_wconf 91' lang='lat' dir='ltr'>eam</span> <span class='ocrx_word' id='word_1_274' title='bbox 1206 3355 1464 3425; x_wconf 87' lang='lat' dir='ltr'>dederat,</span> <span class='ocrx_word' id='word_1_275' title='bbox 1498 3370 1633 3409; x_wconf 89' lang='lat' dir='ltr'>cum</span> <span class='ocrx_word' id='word_1_276' title='bbox 1690 3369 1794 3424; x_wconf 85' lang='lat' dir='ltr'>pro</span> <span class='ocrx_word' id='word_1_277' title='bbox 1851 3353 1988 3408; x_wconf 88' lang='lat' dir='ltr'>data</span> 
     </span>
    </p>
   </div>
   <div class='ocr_carea' id='block_1_38' title="bbox 335 3441 1987 3518">
    <p class='ocr_par' dir='ltr' id='par_1_38' title="bbox 335 3441 1987 3518">
     <span class='ocr_line' id='line_1_38' title="bbox 335 3441 1987 3518; baseline -0.002 -18"><span class='ocrx_word' id='word_1_278' title='bbox 335 3445 527 3518; x_wconf 79' lang='lat' dir='ltr'>gratia</span> <span class='ocrx_word' id='word_1_279' title='bbox 556 3449 803 3501; x_wconf 90' lang='lat' dir='ltr'>mortem</span> <span class='ocrx_word' id='word_1_280' title='bbox 836 3444 1081 3500; x_wconf 91' lang='lat' dir='ltr'>Domino</span> <span class='ocrx_word' id='word_1_281' title='bbox 1112 3443 1618 3499; x_wconf 86' lang='lat' dir='ltr'>machinabantur.</span> <span class='ocrx_word' id='word_1_282' title='bbox 1649 3442 1851 3497; x_wconf 87' lang='lat' dir='ltr'>Merito</span> <span class='ocrx_word' id='word_1_283' title='bbox 1883 3441 1987 3513; x_wconf 79' lang='lat' dir='ltr'>igi-</span> 
     </span>
    </p>
   </div>
   <div class='ocr_carea' id='block_1_39' title="bbox 335 3531 1984 3604">
    <p class='ocr_par' dir='ltr' id='par_1_39' title="bbox 335 3531 1984 3604">
     <span class='ocr_line' id='line_1_39' title="bbox 335 3531 1984 3604; baseline -0.001 -16"><span class='ocrx_word' id='word_1_284' title='bbox 335 3539 432 3588; x_wconf 89' lang='lat' dir='ltr'>tur</span> <span class='ocrx_word' id='word_1_285' title='bbox 463 3534 662 3604; x_wconf 87' lang='lat' dir='ltr'>rejecti</span> <span class='ocrx_word' id='word_1_286' title='bbox 695 3537 854 3601; x_wconf 84' lang='lat' dir='ltr'>sunt,</span> <span class='ocrx_word' id='word_1_287' title='bbox 888 3536 945 3588; x_wconf 92' lang='lat' dir='ltr'>et</span> <span class='ocrx_word' id='word_1_288' title='bbox 973 3549 1150 3603; x_wconf 90' lang='lat' dir='ltr'>quam</span> <span class='ocrx_word' id='word_1_289' title='bbox 1185 3532 1430 3587; x_wconf 90' lang='lat' dir='ltr'>Domino</span> <span class='ocrx_word' id='word_1_290' title='bbox 1462 3537 1710 3588; x_wconf 85' lang='lat' dir='ltr'>mortem</span> <span class='ocrx_word' id='word_1_291' title='bbox 1743 3531 1984 3586; x_wconf 88' lang='lat' dir='ltr'>menda-</span> 
     </span>
    </p>
   </div>
   <div class='ocr_carea' id='block_1_40' title="bbox 335 3620 1982 3692">
    <p class='ocr_par' dir='ltr' id='par_1_40' title="bbox 335 3620 1982 3692">
     <span class='ocr_line' id='line_1_40' title="bbox 335 3620 1982 3692; baseline -0.001 -14"><span class='ocrx_word' id='word_1_292' title='bbox 335 3622 443 3678; x_wconf 88' lang='lat' dir='ltr'>ciis</span> <span class='ocrx_word' id='word_1_293' title='bbox 474 3623 600 3679; x_wconf 87' lang='lat' dir='ltr'>suis</span> <span class='ocrx_word' id='word_1_294' title='bbox 630 3623 1012 3689; x_wconf 87' lang='lat' dir='ltr'>induxerunt,</span> <span class='ocrx_word' id='word_1_295' title='bbox 1043 3621 1307 3676; x_wconf 90' lang='lat' dir='ltr'>eamdem</span> <span class='ocrx_word' id='word_1_296' title='bbox 1349 3620 1461 3676; x_wconf 92' lang='lat' dir='ltr'>sibi</span> <span class='ocrx_word' id='word_1_297' title='bbox 1503 3620 1614 3692; x_wconf 89' lang='lat' dir='ltr'>ipsi</span> <span class='ocrx_word' id='word_1_298' title='bbox 1648 3624 1936 3676; x_wconf 82' lang='lat' dir='ltr'>attraxere</span> <span class='ocrx_word' id='word_1_299' title='bbox 1970 3638 1982 3677; x_wconf 93' lang='lat'><strong>:</strong></span> 
     </span>
    </p>
   </div>
   <div class='ocr_carea' id='block_1_41' title="bbox 335 3709 1988 3783">
    <p class='ocr_par' dir='ltr' id='par_1_41' title="bbox 335 3709 1988 3783">
     <span class='ocr_line' id='line_1_41' title="bbox 335 3709 1988 3783; baseline -0.001 -17"><span class='ocrx_word' id='word_1_300' title='bbox 335 3712 835 3783; x_wconf 89' lang='lat' dir='ltr'>quemadmodum</span> <span class='ocrx_word' id='word_1_301' title='bbox 895 3709 1154 3766; x_wconf 80' lang='lat' dir='ltr'>Ananiae</span> <span class='ocrx_word' id='word_1_302' title='bbox 1192 3715 1250 3765; x_wconf 91' lang='lat' dir='ltr'>et</span> <span class='ocrx_word' id='word_1_303' title='bbox 1289 3709 1575 3781; x_wconf 86' lang='lat' dir='ltr'>Sappbira</span> <span class='ocrx_word' id='word_1_304' title='bbox 1630 3710 1688 3764; x_wconf 91' lang='lat' dir='ltr'>in</span> <span class='ocrx_word' id='word_1_305' title='bbox 1745 3709 1988 3765; x_wconf 82' lang='lat' dir='ltr'>Actibus</span> 
     </span>
    </p>
   </div>
   <div class='ocr_carea' id='block_1_42' title="bbox 335 3798 1986 3872">
    <p class='ocr_par' dir='ltr' id='par_1_42' title="bbox 335 3798 1986 3872">
     <span class='ocr_line' id='line_1_42' title="bbox 335 3798 1986 3872; baseline -0.001 -16"><span class='ocrx_word' id='word_1_306' title='bbox 335 3800 734 3872; x_wconf 87' lang='lat' dir='ltr'>apostolorum</span> <span class='ocrx_word' id='word_1_307' title='bbox 772 3818 784 3855; x_wconf 95' lang='lat'>:</span> <span class='ocrx_word' id='word_1_308' title='bbox 819 3800 918 3872; x_wconf 91' lang='lat' dir='ltr'>qui</span> <span class='ocrx_word' id='word_1_309' title='bbox 951 3816 1087 3854; x_wconf 91' lang='lat' dir='ltr'>cum</span> <span class='ocrx_word' id='word_1_310' title='bbox 1117 3804 1250 3854; x_wconf 89' lang='lat' dir='ltr'>vota</span> <span class='ocrx_word' id='word_1_311' title='bbox 1280 3799 1395 3854; x_wconf 88' lang='lat' dir='ltr'>Deo</span> <span class='ocrx_word' id='word_1_312' title='bbox 1427 3798 1720 3869; x_wconf 87' lang='lat' dir='ltr'>fecissent,</span> <span class='ocrx_word' id='word_1_313' title='bbox 1742 3815 1810 3855; x_wconf 90' lang='lat' dir='ltr'>ex</span> <span class='ocrx_word' id='word_1_314' title='bbox 1839 3799 1986 3856; x_wconf 87' lang='lat' dir='ltr'>votis</span> 
     </span>
    </p>
   </div>
   <div class='ocr_carea' id='block_1_43' title="bbox 333 3887 1985 3960">
    <p class='ocr_par' dir='ltr' id='par_1_43' title="bbox 333 3887 1985 3960">
     <span class='ocr_line' id='line_1_43' title="bbox 333 3887 1985 3960; baseline 0 -14"><span class='ocrx_word' id='word_1_315' title='bbox 333 3888 459 3946; x_wconf 87' lang='lat' dir='ltr'>suis</span> <span class='ocrx_word' id='word_1_316' title='bbox 503 3889 800 3945; x_wconf 88' lang='lat' dir='ltr'>detraxere</span> <span class='ocrx_word' id='word_1_317' title='bbox 835 3907 847 3944; x_wconf 93' lang='lat'>:</span> <span class='ocrx_word' id='word_1_318' title='bbox 883 3904 1010 3960; x_wconf 65' lang='lat' dir='ltr'>quas</span> <span class='ocrx_word' id='word_1_319' title='bbox 1059 3904 1152 3943; x_wconf 90' lang='lat' dir='ltr'>res</span> <span class='ocrx_word' id='word_1_320' title='bbox 1201 3904 1333 3943; x_wconf 89' lang='lat' dir='ltr'>cum</span> <span class='ocrx_word' id='word_1_321' title='bbox 1385 3887 1593 3943; x_wconf 91' lang='lat' dir='ltr'>lateret</span> <span class='ocrx_word' id='word_1_322' title='bbox 1639 3887 1790 3955; x_wconf 91' lang='lat' dir='ltr'>aliis,</span> <span class='ocrx_word' id='word_1_323' title='bbox 1822 3889 1985 3960; x_wconf 81' lang='lat' dir='ltr'>ipsos</span> 
     </span>
    </p>
   </div>
   <div class='ocr_carea' id='block_1_44' title="bbox 329 3976 1983 4048">
    <p class='ocr_par' dir='ltr' id='par_1_44' title="bbox 329 3976 1983 4048">
     <span class='ocr_line' id='line_1_44' title="bbox 329 3976 1983 4048; baseline 0.002 -16"><span class='ocrx_word' id='word_1_324' title='bbox 329 3977 590 4034; x_wconf 90' lang='lat' dir='ltr'>veritatis</span> <span class='ocrx_word' id='word_1_325' title='bbox 621 3978 895 4033; x_wconf 84' lang='lat' dir='ltr'>minister</span> <span class='ocrx_word' id='word_1_326' title='bbox 926 3977 1133 4032; x_wconf 85' lang='lat' dir='ltr'>Petrus</span> <span class='ocrx_word' id='word_1_327' title='bbox 1177 3976 1268 4031; x_wconf 90' lang='lat' dir='ltr'>his</span> <span class='ocrx_word' id='word_1_328' title='bbox 1300 3976 1489 4032; x_wconf 87' lang='lat' dir='ltr'>verbis</span> <span class='ocrx_word' id='word_1_329' title='bbox 1519 3976 1730 4048; x_wconf 90' lang='lat' dir='ltr'>repulit</span> <span class='ocrx_word' id='word_1_330' title='bbox 1761 3995 1774 4033; x_wconf 89' lang='lat'>:</span> <span class='ocrx_word' id='word_1_331' title='bbox 1802 3999 1829 4029; x_wconf 83' lang='lat'><strong>«</strong></span> <span class='ocrx_word' id='word_1_332' title='bbox 1859 3978 1983 4034; x_wconf 90' lang='lat' dir='ltr'>Non</span> 
     </span>
    </p>
   </div>
   <div class='ocr_carea' id='block_1_45' title="bbox 334 4064 1984 4135">
    <p class='ocr_par' dir='ltr' id='par_1_45' title="bbox 334 4064 1984 4135">
     <span class='ocr_line' id='line_1_45' title="bbox 334 4064 1984 4135; baseline 0.001 -12"><span class='ocrx_word' id='word_1_333' title='bbox 334 4067 615 4123; x_wconf 88' lang='lat' dir='ltr'>mentitus</span> <span class='ocrx_word' id='word_1_334' title='bbox 661 4083 723 4122; x_wconf 92' lang='lat' dir='ltr'>es</span> <span class='ocrx_word' id='word_1_335' title='bbox 771 4065 1132 4135; x_wconf 87' lang='lat' dir='ltr'>hominibus,</span> <span class='ocrx_word' id='word_1_336' title='bbox 1178 4065 1278 4120; x_wconf 89' lang='lat' dir='ltr'>sed</span> <span class='ocrx_word' id='word_1_337' title='bbox 1330 4064 1446 4122; x_wconf 91' lang='lat' dir='ltr'>Deo</span> <span class='ocrx_word' id='word_1_338' title='bbox 1480 4065 1541 4120; x_wconf 71' lang='grc' dir='ltr'>ιθ.</span> <span class='ocrx_word' id='word_1_339' title='bbox 1570 4088 1598 4116; x_wconf 91' lang='grc'>››</span> <span class='ocrx_word' id='word_1_340' title='bbox 1643 4067 1764 4131; x_wconf 89' lang='lat' dir='ltr'>Qua</span> <span class='ocrx_word' id='word_1_341' title='bbox 1814 4069 1874 4124; x_wconf 91' lang='lat' dir='ltr'>in</span> <span class='ocrx_word' id='word_1_342' title='bbox 1924 4086 1984 4125; x_wconf 90' lang='lat' dir='ltr'>re</span> 
     </span>
    </p>
   </div>
   <div class='ocr_carea' id='block_1_46' title="bbox 337 4153 1987 4227">
    <p class='ocr_par' dir='ltr' id='par_1_46' title="bbox 337 4153 1987 4227">
     <span class='ocr_line' id='line_1_46' title="bbox 337 4153 1987 4227; baseline 0.002 -17"><span class='ocrx_word' id='word_1_343' title='bbox 337 4171 618 4227; x_wconf 86' lang='lat' dir='ltr'>magnum</span> <span class='ocrx_word' id='word_1_344' title='bbox 668 4154 778 4210; x_wconf 86' lang='lat' dir='ltr'>fuit</span> <span class='ocrx_word' id='word_1_345' title='bbox 828 4153 1344 4211; x_wconf 76' lang='lat' dir='ltr'>miraculumzubi</span> <span class='ocrx_word' id='word_1_346' title='bbox 1394 4156 1545 4226; x_wconf 90' lang='lat' dir='ltr'>quod</span> <span class='ocrx_word' id='word_1_347' title='bbox 1597 4155 1759 4212; x_wconf 93' lang='lat' dir='ltr'>solus</span> <span class='ocrx_word' id='word_1_348' title='bbox 1816 4164 1987 4214; x_wconf 89' lang='lat' dir='ltr'>norat</span> 
     </span>
    </p>
   </div>
   <div class='ocr_carea' id='block_1_47' title="bbox 337 4243 1981 4317">
    <p class='ocr_par' dir='ltr' id='par_1_47' title="bbox 337 4243 1981 4317">
     <span class='ocr_line' id='line_1_47' title="bbox 337 4243 1981 4317; baseline 0.002 -19"><span class='ocrx_word' id='word_1_349' title='bbox 337 4243 563 4312; x_wconf 87' lang='lat' dir='ltr'>Petrus,</span> <span class='ocrx_word' id='word_1_350' title='bbox 612 4244 668 4298; x_wconf 90' lang='lat' dir='ltr'>id</span> <span class='ocrx_word' id='word_1_351' title='bbox 722 4243 959 4298; x_wconf 70' lang='lat' dir='ltr'>Ananiae</span> <span class='ocrx_word' id='word_1_352' title='bbox 1008 4248 1196 4298; x_wconf 91' lang='lat' dir='ltr'>morte</span> <span class='ocrx_word' id='word_1_353' title='bbox 1244 4243 1518 4300; x_wconf 90' lang='lat' dir='ltr'>omnibus</span> <span class='ocrx_word' id='word_1_354' title='bbox 1567 4245 1760 4316; x_wconf 82' lang='lat' dir='ltr'>palam</span> <span class='ocrx_word' id='word_1_355' title='bbox 1809 4247 1981 4317; x_wconf 87' lang='lat' dir='ltr'>fecit;</span> 
     </span>
    </p>
   </div>
   <div class='ocr_carea' id='block_1_48' title="bbox 333 4331 1980 4405">
    <p class='ocr_par' dir='ltr' id='par_1_48' title="bbox 333 4331 1980 4405">
     <span class='ocr_line' id='line_1_48' title="bbox 333 4331 1980 4405; baseline 0.004 -19"><span class='ocrx_word' id='word_1_356' title='bbox 333 4332 416 4387; x_wconf 87' lang='lat' dir='ltr'>ita</span> <span class='ocrx_word' id='word_1_357' title='bbox 447 4336 514 4387; x_wconf 91' lang='lat' dir='ltr'>ut</span> <span class='ocrx_word' id='word_1_358' title='bbox 543 4348 714 4388; x_wconf 90' lang='lat' dir='ltr'>nemo</span> <span class='ocrx_word' id='word_1_359' title='bbox 745 4348 858 4388; x_wconf 91' lang='lat' dir='ltr'>non</span> <span class='ocrx_word' id='word_1_360' title='bbox 892 4335 1208 4399; x_wconf 90' lang='lat' dir='ltr'>vereretur,</span> <span class='ocrx_word' id='word_1_361' title='bbox 1238 4331 1438 4388; x_wconf 91' lang='lat' dir='ltr'>nullus</span> <span class='ocrx_word' id='word_1_362' title='bbox 1467 4334 1762 4405; x_wconf 84' lang='lat' dir='ltr'>Sapphirae</span> <span class='ocrx_word' id='word_1_363' title='bbox 1789 4352 1980 4393; x_wconf 85' lang='lat' dir='ltr'>exem-</span> 
     </span>
    </p>
   </div>
   <div class='ocr_carea' id='block_1_49' title="bbox 337 4419 984 4494">
    <p class='ocr_par' dir='ltr' id='par_1_49' title="bbox 337 4419 984 4494">
     <span class='ocr_line' id='line_1_49' title="bbox 337 4419 984 4494; baseline 0 -19"><span class='ocrx_word' id='word_1_364' title='bbox 337 4419 498 4494; x_wconf 91' lang='lat' dir='ltr'>plum</span> <span class='ocrx_word' id='word_1_365' title='bbox 531 4437 648 4476; x_wconf 91' lang='lat' dir='ltr'>non</span> <span class='ocrx_word' id='word_1_366' title='bbox 680 4425 984 4477; x_wconf 90' lang='lat' dir='ltr'>metueret.</span> 
     </span>
    </p>
   </div>
   <div class='ocr_carea' id='block_1_50' title="bbox 2114 589 3767 670">
    <p class='ocr_par' dir='ltr' id='par_1_50' title="bbox 2114 589 3767 670">
     <span class='ocr_line' id='line_1_50' title="bbox 2114 589 3767 670; baseline 0.005 -27"><span class='ocrx_word' id='word_1_367' title='bbox 2114 589 2264 644; x_wconf 73' lang='grc' dir='ltr'>Θεόνο</span> <span class='ocrx_word' id='word_1_368' title='bbox 2316 591 2406 646; x_wconf 84' lang='grc' dir='ltr'>καὶ</span> <span class='ocrx_word' id='word_1_369' title='bbox 2461 592 2716 663; x_wconf 86' lang='grc' dir='ltr'>ἀληθεύει</span> <span class='ocrx_word' id='word_1_370' title='bbox 2768 592 3004 667; x_wconf 88' lang='grc' dir='ltr'>μάλιστα</span> <span class='ocrx_word' id='word_1_371' title='bbox 3045 593 3244 670; x_wconf 74' lang='grc' dir='ltr'>λέγων,</span> <span class='ocrx_word' id='word_1_372' title='bbox 3278 594 3369 650; x_wconf 75' lang='grc' dir='ltr'>καὶ</span> <span class='ocrx_word' id='word_1_373' title='bbox 3399 595 3460 650; x_wconf 85' lang='grc' dir='ltr'>ού</span> <span class='ocrx_word' id='word_1_374' title='bbox 3493 596 3767 670; x_wconf 75' lang='grc' dir='ltr'>ψεύδεται.</span> 
     </span>
    </p>
   </div>
   <div class='ocr_carea' id='block_1_51' title="bbox 2110 680 3766 763">
    <p class='ocr_par' dir='ltr' id='par_1_51' title="bbox 2110 680 3766 763">
     <span class='ocr_line' id='line_1_51' title="bbox 2110 680 3766 763; baseline 0.005 -31"><span class='ocrx_word' id='word_1_375' title='bbox 2110 683 2225 733; x_wconf 88' lang='grc' dir='ltr'>Τῶν</span> <span class='ocrx_word' id='word_1_376' title='bbox 2281 681 2376 752; x_wconf 78' lang='grc' dir='ltr'>μὶν</span> <span class='ocrx_word' id='word_1_377' title='bbox 2436 680 2537 758; x_wconf 81' lang='grc' dir='ltr'>γὰρ</span> <span class='ocrx_word' id='word_1_378' title='bbox 2584 687 2824 758; x_wconf 82' lang='grc' dir='ltr'>γενητῶν</span> <span class='ocrx_word' id='word_1_379' title='bbox 2855 685 2934 756; x_wconf 88' lang='grc'>(8)</span> <span class='ocrx_word' id='word_1_380' title='bbox 2980 685 3015 753; x_wconf 79' lang='grc' dir='ltr'>ὴ</span> <span class='ocrx_word' id='word_1_381' title='bbox 3050 683 3207 763; x_wconf 76' lang='grc' dir='ltr'>φύσις</span> <span class='ocrx_word' id='word_1_382' title='bbox 3240 681 3377 739; x_wconf 62' lang='grc' dir='ltr'>ἴδιον</span> <span class='ocrx_word' id='word_1_383' title='bbox 3411 681 3525 760; x_wconf 77' lang='grc' dir='ltr'>ἔχει</span> <span class='ocrx_word' id='word_1_384' title='bbox 3554 685 3618 740; x_wconf 89' lang='grc' dir='ltr'>τὸ</span> <span class='ocrx_word' id='word_1_385' title='bbox 3645 684 3766 762; x_wconf 80' lang='grc' dir='ltr'>τρὲ-</span> 
     </span>
    </p>
   </div>
   <div class='ocr_carea' id='block_1_52' title="bbox 2110 768 3770 846">
    <p class='ocr_par' dir='ltr' id='par_1_52' title="bbox 2110 768 3770 846">
     <span class='ocr_line' id='line_1_52' title="bbox 2110 768 3770 846; baseline 0.005 -24"><span class='ocrx_word' id='word_1_386' title='bbox 2110 781 2302 832; x_wconf 87' lang='grc' dir='ltr'>πεσθαι</span> <span class='ocrx_word' id='word_1_387' title='bbox 2357 770 2447 826; x_wconf 90' lang='grc' dir='ltr'>καὶ</span> <span class='ocrx_word' id='word_1_388' title='bbox 2505 777 2770 836; x_wconf 88' lang='grc' dir='ltr'>κινεῖσθαι</span> <span class='ocrx_word' id='word_1_389' title='bbox 2816 772 3094 836; x_wconf 77' lang='grc' dir='ltr'>ποικίλαις</span> <span class='ocrx_word' id='word_1_390' title='bbox 3150 768 3500 846; x_wconf 87' lang='grc' dir='ltr'>μεταϐολαῖς·</span> <span class='ocrx_word' id='word_1_391' title='bbox 3545 772 3770 846; x_wconf 78' lang='grc' dir='ltr'>ἐπειδή-</span> 
     </span>
    </p>
   </div>
   <div class='ocr_carea' id='block_1_53' title="bbox 2111 855 3768 938">
    <p class='ocr_par' dir='ltr' id='par_1_53' title="bbox 2111 855 3768 938">
     <span class='ocr_line' id='line_1_53' title="bbox 2111 855 3768 938; baseline 0.005 -27"><span class='ocrx_word' id='word_1_392' title='bbox 2111 878 2210 934; x_wconf 88' lang='grc' dir='ltr'>περ</span> <span class='ocrx_word' id='word_1_393' title='bbox 2242 859 2331 912; x_wconf 85' lang='grc' dir='ltr'>καὶ</span> <span class='ocrx_word' id='word_1_394' title='bbox 2367 861 2443 932; x_wconf 87' lang='grc' dir='ltr'>μή</span> <span class='ocrx_word' id='word_1_395' title='bbox 2479 855 2609 915; x_wconf 76' lang='grc' dir='ltr'>ὅντα</span> <span class='ocrx_word' id='word_1_396' title='bbox 2638 861 2791 934; x_wconf 80' lang='grc' dir='ltr'>ποτὶ,</span> <span class='ocrx_word' id='word_1_397' title='bbox 2829 857 3141 936; x_wconf 75' lang='grc' dir='ltr'>μεταϐολὴν</span> <span class='ocrx_word' id='word_1_398' title='bbox 3181 861 3339 938; x_wconf 76' lang='grc' dir='ltr'>ἔσχεν</span> <span class='ocrx_word' id='word_1_399' title='bbox 3394 862 3470 925; x_wconf 75' lang='grc' dir='ltr'>είς</span> <span class='ocrx_word' id='word_1_400' title='bbox 3516 865 3580 918; x_wconf 92' lang='grc' dir='ltr'>τὸ</span> <span class='ocrx_word' id='word_1_401' title='bbox 3633 863 3768 919; x_wconf 81' lang='grc' dir='ltr'>εἶναι</span> 
     </span>
    </p>
   </div>
   <div class='ocr_carea' id='block_1_54' title="bbox 2109 948 3769 1029">
    <p class='ocr_par' dir='ltr' id='par_1_54' title="bbox 2109 948 3769 1029">
     <span class='ocr_line' id='line_1_54' title="bbox 2109 948 3769 1029; baseline 0.002 -27"><span class='ocrx_word' id='word_1_402' title='bbox 2109 951 2178 1021; x_wconf 79' lang='grc' dir='ltr'>τῇ</span> <span class='ocrx_word' id='word_1_403' title='bbox 2225 953 2324 1002; x_wconf 86' lang='grc' dir='ltr'>τοῦ</span> <span class='ocrx_word' id='word_1_404' title='bbox 2369 948 2736 1021; x_wconf 81' lang='grc' dir='ltr'>πεποιηκότος</span> <span class='ocrx_word' id='word_1_405' title='bbox 2788 950 2973 1027; x_wconf 85' lang='grc' dir='ltr'>χάριτι</span> <span class='ocrx_word' id='word_1_406' title='bbox 3024 951 3114 1006; x_wconf 84' lang='grc' dir='ltr'>καὶ</span> <span class='ocrx_word' id='word_1_407' title='bbox 3155 949 3554 1029; x_wconf 75' lang='grc' dir='ltr'>φιλανθρωπίᾳ’</span> <span class='ocrx_word' id='word_1_408' title='bbox 3587 953 3769 1015; x_wconf 86' lang='grc' dir='ltr'>καθὼς</span> 
     </span>
    </p>
   </div>
   <div class='ocr_carea' id='block_1_55' title="bbox 2109 1035 3761 1118">
    <p class='ocr_par' dir='ltr' id='par_1_55' title="bbox 2109 1035 3761 1118">
     <span class='ocr_line' id='line_1_55' title="bbox 2109 1035 3761 1118; baseline 0.004 -28"><span class='ocrx_word' id='word_1_409' title='bbox 2109 1036 2198 1091; x_wconf 85' lang='grc' dir='ltr'>καὶ</span> <span class='ocrx_word' id='word_1_410' title='bbox 2232 1035 2398 1092; x_wconf 88' lang='grc' dir='ltr'>πάλιν</span> <span class='ocrx_word' id='word_1_411' title='bbox 2430 1038 2458 1093; x_wconf 83' lang='grc' dir='ltr'>ὀ</span> <span class='ocrx_word' id='word_1_412' title='bbox 2490 1037 2704 1102; x_wconf 85' lang='grc' dir='ltr'>Παῦλός</span> <span class='ocrx_word' id='word_1_413' title='bbox 2737 1061 2918 1118; x_wconf 82' lang='grc' dir='ltr'>φησιν·</span> <span class='ocrx_word' id='word_1_414' title='bbox 2955 1065 2982 1092; x_wconf 87' lang='grc'>‹‹</span> <span class='ocrx_word' id='word_1_415' title='bbox 3011 1042 3072 1098; x_wconf 77' lang='grc' dir='ltr'><strong>Ὀ</strong></span> <span class='ocrx_word' id='word_1_416' title='bbox 3103 1037 3288 1103; x_wconf 87' lang='grc' dir='ltr'>καλῶς</span> <span class='ocrx_word' id='word_1_417' title='bbox 3318 1040 3387 1096; x_wconf 77' lang='grc' dir='ltr'>τὰ</span> <span class='ocrx_word' id='word_1_418' title='bbox 3418 1042 3496 1114; x_wconf 75' lang='grc' dir='ltr'>μὴ</span> <span class='ocrx_word' id='word_1_419' title='bbox 3527 1035 3656 1096; x_wconf 78' lang='grc' dir='ltr'>ὅντα</span> <span class='ocrx_word' id='word_1_420' title='bbox 3685 1041 3761 1104; x_wconf 86' lang='grc' dir='ltr'>ὡς</span> 
     </span>
    </p>
   </div>
   <div class='ocr_carea' id='block_1_56' title="bbox 2110 1121 3768 1204">
    <p class='ocr_par' dir='ltr' id='par_1_56' title="bbox 2110 1121 3768 1204">
     <span class='ocr_line' id='line_1_56' title="bbox 2110 1121 3768 1204; baseline 0.004 -25"><span class='ocrx_word' id='word_1_421' title='bbox 2110 1121 2260 1184; x_wconf 78' lang='grc' dir='ltr'>ὄντα.</span> <span class='ocrx_word' id='word_1_422' title='bbox 2315 1151 2344 1178; x_wconf 84' lang='grc'>››</span> <span class='ocrx_word' id='word_1_423' title='bbox 2393 1128 2522 1190; x_wconf 85' lang='grc' dir='ltr'>Θεὸς</span> <span class='ocrx_word' id='word_1_424' title='bbox 2573 1125 2650 1198; x_wconf 72' lang='grc' dir='ltr'>δέ,</span> <span class='ocrx_word' id='word_1_425' title='bbox 2704 1129 2732 1183; x_wconf 98' lang='lat'>6</span> <span class='ocrx_word' id='word_1_426' title='bbox 2781 1128 2996 1184; x_wconf 87' lang='grc' dir='ltr'>πάντων</span> <span class='ocrx_word' id='word_1_427' title='bbox 3043 1126 3133 1184; x_wconf 80' lang='grc' dir='ltr'>διὰ</span> <span class='ocrx_word' id='word_1_428' title='bbox 3179 1134 3277 1184; x_wconf 89' lang='grc' dir='ltr'>τοῦ</span> <span class='ocrx_word' id='word_1_429' title='bbox 3319 1128 3498 1204; x_wconf 87' lang='grc' dir='ltr'>Λόγου</span> <span class='ocrx_word' id='word_1_430' title='bbox 3529 1131 3768 1200; x_wconf 78' lang='grc' dir='ltr'>ποιητὴς</span> 
     </span>
    </p>
   </div>
   <div class='ocr_carea' id='block_1_57' title="bbox 2109 1212 3772 1294">
    <p class='ocr_par' dir='ltr' id='par_1_57' title="bbox 2109 1212 3772 1294">
     <span class='ocr_line' id='line_1_57' title="bbox 2109 1212 3772 1294; baseline 0.002 -24"><span class='ocrx_word' id='word_1_431' title='bbox 2109 1215 2419 1291; x_wconf 82' lang='grc' dir='ltr'>τυγχάνων,</span> <span class='ocrx_word' id='word_1_432' title='bbox 2453 1212 2623 1280; x_wconf 80' lang='grc' dir='ltr'>ὄντως</span> <span class='ocrx_word' id='word_1_433' title='bbox 2655 1215 2752 1286; x_wconf 81' lang='grc' dir='ltr'>ὥν,</span> <span class='ocrx_word' id='word_1_434' title='bbox 2787 1213 3169 1291; x_wconf 85' lang='grc' dir='ltr'>ἀμετάϐλητον</span> <span class='ocrx_word' id='word_1_435' title='bbox 3203 1217 3318 1294; x_wconf 83' lang='grc' dir='ltr'>ἔχει</span> <span class='ocrx_word' id='word_1_436' title='bbox 3349 1217 3442 1274; x_wconf 79' lang='grc' dir='ltr'>σὺν</span> <span class='ocrx_word' id='word_1_437' title='bbox 3481 1223 3561 1291; x_wconf 78' lang='grc' dir='ltr'>τῷ</span> <span class='ocrx_word' id='word_1_438' title='bbox 3606 1217 3772 1294; x_wconf 84' lang='grc' dir='ltr'>Λόγῳ</span> 
     </span>
    </p>
   </div>
   <div class='ocr_carea' id='block_1_58' title="bbox 2107 1305 3770 1385">
    <p class='ocr_par' dir='ltr' id='par_1_58' title="bbox 2107 1305 3770 1385">
     <span class='ocr_line' id='line_1_58' title="bbox 2107 1305 3770 1385; baseline 0.001 -27"><span class='ocrx_word' id='word_1_439' title='bbox 2107 1305 2207 1373; x_wconf 81' lang='grc' dir='ltr'>τήν</span> <span class='ocrx_word' id='word_1_440' title='bbox 2270 1305 2444 1382; x_wconf 78' lang='grc' dir='ltr'>φύσιν·</span> <span class='ocrx_word' id='word_1_441' title='bbox 2498 1307 2588 1360; x_wconf 90' lang='grc' dir='ltr'>καὶ</span> <span class='ocrx_word' id='word_1_442' title='bbox 2639 1311 2801 1362; x_wconf 89' lang='grc' dir='ltr'>τοῦτο</span> <span class='ocrx_word' id='word_1_443' title='bbox 2858 1305 2946 1362; x_wconf 77' lang='grc' dir='ltr'>διὰ</span> <span class='ocrx_word' id='word_1_444' title='bbox 2999 1313 3098 1363; x_wconf 89' lang='grc' dir='ltr'>τοῦ</span> <span class='ocrx_word' id='word_1_445' title='bbox 3163 1309 3449 1385; x_wconf 78' lang='grc' dir='ltr'>προφήτου</span> <span class='ocrx_word' id='word_1_446' title='bbox 3504 1305 3770 1380; x_wconf 75' lang='grc' dir='ltr'>διδάσκει,</span> 
     </span>
    </p>
   </div>
   <div class='ocr_carea' id='block_1_59' title="bbox 2112 1392 3770 1472">
    <p class='ocr_par' dir='ltr' id='par_1_59' title="bbox 2112 1392 3770 1472">
     <span class='ocr_line' id='line_1_59' title="bbox 2112 1392 3770 1472; baseline 0.001 -24"><span class='ocrx_word' id='word_1_447' title='bbox 2112 1393 2308 1468; x_wconf 76' lang='grc' dir='ltr'>λέγων·</span> <span class='ocrx_word' id='word_1_448' title='bbox 2345 1418 2372 1444; x_wconf 88' lang='grc'>‹‹</span> <span class='ocrx_word' id='word_1_449' title='bbox 2405 1392 2593 1465; x_wconf 79' lang='grc' dir='ltr'>Ἴδετε,</span> <span class='ocrx_word' id='word_1_450' title='bbox 2627 1392 2789 1466; x_wconf 57' lang='grc' dir='ltr'>ἴδετε,</span> <span class='ocrx_word' id='word_1_451' title='bbox 2821 1392 2904 1451; x_wconf 72' lang='grc' dir='ltr'>ὅτι</span> <span class='ocrx_word' id='word_1_452' title='bbox 2935 1395 3046 1472; x_wconf 80' lang='grc' dir='ltr'>ἐγώ</span> <span class='ocrx_word' id='word_1_453' title='bbox 3073 1397 3209 1470; x_wconf 82' lang='grc' dir='ltr'>εἶμι,</span> <span class='ocrx_word' id='word_1_454' title='bbox 3261 1396 3350 1452; x_wconf 80' lang='grc' dir='ltr'>καὶ</span> <span class='ocrx_word' id='word_1_455' title='bbox 3399 1396 3498 1451; x_wconf 84' lang='grc' dir='ltr'>οὐκ</span> <span class='ocrx_word' id='word_1_456' title='bbox 3563 1394 3770 1465; x_wconf 80' lang='grc' dir='ltr'>ἠλλοί-</span> 
     </span>
    </p>
   </div>
   <div class='ocr_carea' id='block_1_60' title="bbox 2109 1483 3769 1562">
    <p class='ocr_par' dir='ltr' id='par_1_60' title="bbox 2109 1483 3769 1562">
     <span class='ocr_line' id='line_1_60' title="bbox 2109 1483 3769 1562; baseline 0.002 -25"><span class='ocrx_word' id='word_1_457' title='bbox 2109 1503 2277 1556; x_wconf 83' lang='grc' dir='ltr'>ωμαι·</span> <span class='ocrx_word' id='word_1_458' title='bbox 2338 1509 2367 1537; x_wconf 88' lang='grc'>‹‹</span> <span class='ocrx_word' id='word_1_459' title='bbox 2429 1484 2522 1539; x_wconf 89' lang='grc' dir='ltr'>Διὸ</span> <span class='ocrx_word' id='word_1_460' title='bbox 2578 1485 2702 1560; x_wconf 83' lang='grc' dir='ltr'>περὶ</span> <span class='ocrx_word' id='word_1_461' title='bbox 2764 1487 2859 1559; x_wconf 81' lang='grc' dir='ltr'>μὶν</span> <span class='ocrx_word' id='word_1_462' title='bbox 2912 1490 3021 1541; x_wconf 88' lang='grc' dir='ltr'>τῶν</span> <span class='ocrx_word' id='word_1_463' title='bbox 3073 1487 3368 1562; x_wconf 87' lang='grc' dir='ltr'>ἀνθρώπων</span> <span class='ocrx_word' id='word_1_464' title='bbox 3403 1484 3456 1540; x_wconf 77' lang='grc' dir='ltr'>ἐν</span> <span class='ocrx_word' id='word_1_465' title='bbox 3505 1483 3769 1558; x_wconf 80' lang='grc' dir='ltr'>Ψαλμοῖς</span> 
     </span>
    </p>
   </div>
   <div class='ocr_carea' id='block_1_61' title="bbox 2110 1569 3766 1650">
    <p class='ocr_par' dir='ltr' id='par_1_61' title="bbox 2110 1569 3766 1650">
     <span class='ocr_line' id='line_1_61' title="bbox 2110 1569 3766 1650; baseline 0.001 -23"><span class='ocrx_word' id='word_1_466' title='bbox 2110 1569 2310 1643; x_wconf 66' lang='grc' dir='ltr'>ᾄδεται·</span> <span class='ocrx_word' id='word_1_467' title='bbox 2373 1598 2401 1624; x_wconf 89' lang='grc'>‹‹</span> <span class='ocrx_word' id='word_1_468' title='bbox 2462 1575 2606 1649; x_wconf 87' lang='grc' dir='ltr'>Ἐγὼ</span> <span class='ocrx_word' id='word_1_469' title='bbox 2662 1574 2786 1629; x_wconf 78' lang='grc' dir='ltr'>εἶπα</span> <span class='ocrx_word' id='word_1_470' title='bbox 2825 1574 2876 1630; x_wconf 81' lang='grc' dir='ltr'>ἐν</span> <span class='ocrx_word' id='word_1_471' title='bbox 2923 1579 2991 1650; x_wconf 77' lang='grc' dir='ltr'>τῇ</span> <span class='ocrx_word' id='word_1_472' title='bbox 3041 1575 3282 1631; x_wconf 73' lang='grc' dir='ltr'>ἐκστάσει</span> <span class='ocrx_word' id='word_1_473' title='bbox 3341 1592 3467 1648; x_wconf 82' lang='grc' dir='ltr'>μου”</span> <span class='ocrx_word' id='word_1_474' title='bbox 3527 1580 3639 1636; x_wconf 73' lang='grc' dir='ltr'>Πᾶς</span> <span class='ocrx_word' id='word_1_475' title='bbox 3671 1575 3766 1628; x_wconf 79' lang='grc' dir='ltr'>ἄν·</span> 
     </span>
    </p>
   </div>
   <div class='ocr_carea' id='block_1_62' title="bbox 2109 1662 3767 1740">
    <p class='ocr_par' dir='ltr' id='par_1_62' title="bbox 2109 1662 3767 1740">
     <span class='ocr_line' id='line_1_62' title="bbox 2109 1662 3767 1740; baseline 0.002 -24"><span class='ocrx_word' id='word_1_476' title='bbox 2109 1673 2326 1737; x_wconf 88' lang='grc' dir='ltr'>θρωπος</span> <span class='ocrx_word' id='word_1_477' title='bbox 2379 1663 2638 1736; x_wconf 72' lang='grc' dir='ltr'>ψεύστηςο</span> <span class='ocrx_word' id='word_1_478' title='bbox 2706 1688 2726 1715; x_wconf 77' lang='grc' dir='ltr'>ι</span> <span class='ocrx_word' id='word_1_479' title='bbox 2779 1665 2903 1740; x_wconf 84' lang='grc' dir='ltr'>περὶ</span> <span class='ocrx_word' id='word_1_480' title='bbox 2946 1662 3004 1720; x_wconf 75' lang='grc' dir='ltr'>δέ</span> <span class='ocrx_word' id='word_1_481' title='bbox 3048 1669 3146 1719; x_wconf 88' lang='grc' dir='ltr'>τοῦ</span> <span class='ocrx_word' id='word_1_482' title='bbox 3175 1669 3307 1720; x_wconf 89' lang='grc' dir='ltr'>Θεοῦ</span> <span class='ocrx_word' id='word_1_483' title='bbox 3340 1666 3548 1734; x_wconf 86' lang='grc' dir='ltr'>Μωσῆς</span> <span class='ocrx_word' id='word_1_484' title='bbox 3605 1662 3658 1718; x_wconf 82' lang='grc' dir='ltr'>ἐν</span> <span class='ocrx_word' id='word_1_485' title='bbox 3685 1667 3767 1735; x_wconf 83' lang='grc' dir='ltr'>τῷ</span> 
     </span>
    </p>
   </div>
   <div class='ocr_carea' id='block_1_63' title="bbox 2107 1750 3772 1826">
    <p class='ocr_par' dir='ltr' id='par_1_63' title="bbox 2107 1750 3772 1826">
     <span class='ocr_line' id='line_1_63' title="bbox 2107 1750 3772 1826; baseline 0.002 -22"><span class='ocrx_word' id='word_1_486' title='bbox 2107 1750 2263 1824; x_wconf 84' lang='grc' dir='ltr'>νόμῳ</span> <span class='ocrx_word' id='word_1_487' title='bbox 2325 1757 2607 1826; x_wconf 87' lang='grc' dir='ltr'>μαρτυρεῖ,</span> <span class='ocrx_word' id='word_1_488' title='bbox 2665 1752 2749 1809; x_wconf 76' lang='grc' dir='ltr'>ὅτι</span> <span class='ocrx_word' id='word_1_489' title='bbox 2807 1778 2836 1806; x_wconf 89' lang='grc'>‹‹</span> <span class='ocrx_word' id='word_1_490' title='bbox 2869 1755 2898 1808; x_wconf 90' lang='lat'>6</span> <span class='ocrx_word' id='word_1_491' title='bbox 2950 1754 3078 1816; x_wconf 89' lang='grc' dir='ltr'>Θεὸς</span> <span class='ocrx_word' id='word_1_492' title='bbox 3133 1753 3320 1815; x_wconf 87' lang='grc' dir='ltr'>πιστός</span> <span class='ocrx_word' id='word_1_493' title='bbox 3353 1753 3463 1809; x_wconf 86' lang='grc' dir='ltr'>ἐστι</span> <span class='ocrx_word' id='word_1_494' title='bbox 3510 1750 3600 1808; x_wconf 79' lang='grc' dir='ltr'>καὶ</span> <span class='ocrx_word' id='word_1_495' title='bbox 3631 1750 3772 1822; x_wconf 86' lang='grc' dir='ltr'>ἀλη-</span> 
     </span>
    </p>
   </div>
   <div class='ocr_carea' id='block_1_64' title="bbox 2022 1838 2333 1925">
    <p class='ocr_par' dir='ltr' id='par_1_64' title="bbox 2022 1838 2333 1925">
     <span class='ocr_line' id='line_1_64' title="bbox 2022 1838 2333 1925; baseline -0.006 -31"><span class='ocrx_word' id='word_1_496' title='bbox 2022 1860 2071 1925; x_wconf 83' lang='grc' dir='ltr'><strong>Β</strong></span> <span class='ocrx_word' id='word_1_497' title='bbox 2107 1838 2277 1903; x_wconf 90' lang='grc' dir='ltr'>θινύς.</span> <span class='ocrx_word' id='word_1_498' title='bbox 2304 1863 2333 1893; x_wconf 85' lang='grc'><strong>››</strong></span> 
     </span>
    </p>
   </div>
   <div class='ocr_carea' id='block_1_65' title="bbox 2171 1928 3766 2009">
    <p class='ocr_par' dir='ltr' id='par_1_65' title="bbox 2171 1928 3766 2009">
     <span class='ocr_line' id='line_1_65' title="bbox 2171 1928 3766 2009; baseline 0 -25"><span class='ocrx_word' id='word_1_499' title='bbox 2171 1930 2314 1986; x_wconf 81' lang='lat' dir='ltr'>2.&#39;O</span> <span class='ocrx_word' id='word_1_500' title='bbox 2365 1934 2493 2007; x_wconf 87' lang='grc' dir='ltr'>γοῦν</span> <span class='ocrx_word' id='word_1_501' title='bbox 2552 1930 2920 2008; x_wconf 76' lang='grc' dir='ltr'>χριστοφόρος</span> <span class='ocrx_word' id='word_1_502' title='bbox 2981 1932 3139 2006; x_wconf 77' lang='grc' dir='ltr'>ἀνὴρ,</span> <span class='ocrx_word' id='word_1_503' title='bbox 3198 1932 3273 1994; x_wconf 85' lang='grc' dir='ltr'>ὡς</span> <span class='ocrx_word' id='word_1_504' title='bbox 3334 1930 3386 2003; x_wconf 77' lang='grc' dir='ltr'>ἐξ</span> <span class='ocrx_word' id='word_1_505' title='bbox 3441 1928 3766 2009; x_wconf 70' lang='grc' dir='ltr'>ἀμφοτέρων</span> 
     </span>
    </p>
   </div>
   <div class='ocr_carea' id='block_1_66' title="bbox 2099 2017 3765 2094">
    <p class='ocr_par' dir='ltr' id='par_1_66' title="bbox 2099 2017 3765 2094">
     <span class='ocr_line' id='line_1_66' title="bbox 2099 2017 3765 2094; baseline 0.002 -21"><span class='ocrx_word' id='word_1_506' title='bbox 2099 2017 2305 2074; x_wconf 85' lang='grc' dir='ltr'>τούτων</span> <span class='ocrx_word' id='word_1_507' title='bbox 2363 2017 2694 2092; x_wconf 77' lang='grc' dir='ltr'>παιδευθεὶς,</span> <span class='ocrx_word' id='word_1_508' title='bbox 2752 2020 2842 2075; x_wconf 81' lang='grc' dir='ltr'>καὶ</span> <span class='ocrx_word' id='word_1_509' title='bbox 2886 2019 3046 2083; x_wconf 86' lang='grc' dir='ltr'>αὐτὸς</span> <span class='ocrx_word' id='word_1_510' title='bbox 3090 2021 3191 2090; x_wconf 77' lang='grc' dir='ltr'>τήν</span> <span class='ocrx_word' id='word_1_511' title='bbox 3234 2025 3332 2075; x_wconf 90' lang='grc' dir='ltr'>τοῦ</span> <span class='ocrx_word' id='word_1_512' title='bbox 3363 2023 3498 2076; x_wconf 88' lang='grc' dir='ltr'>Θεοῦ</span> <span class='ocrx_word' id='word_1_513' title='bbox 3526 2019 3661 2094; x_wconf 87' lang='grc' dir='ltr'>πρὸς</span> <span class='ocrx_word' id='word_1_514' title='bbox 3693 2017 3765 2077; x_wconf 75' lang='grc' dir='ltr'>τὰ</span> 
     </span>
    </p>
   </div>
   <div class='ocr_carea' id='block_1_67' title="bbox 2101 2103 3754 2186">
    <p class='ocr_par' dir='ltr' id='par_1_67' title="bbox 2101 2103 3754 2186">
     <span class='ocr_line' id='line_1_67' title="bbox 2101 2103 3754 2186; baseline -0.001 -24"><span class='ocrx_word' id='word_1_515' title='bbox 2101 2107 2303 2182; x_wconf 84' lang='grc' dir='ltr'>γενητὰ</span> <span class='ocrx_word' id='word_1_516' title='bbox 2357 2105 2618 2185; x_wconf 77' lang='grc' dir='ltr'>διαφορὰν</span> <span class='ocrx_word' id='word_1_517' title='bbox 2669 2108 3058 2184; x_wconf 73' lang='grc' dir='ltr'>ἐξηγούμενος,</span> <span class='ocrx_word' id='word_1_518' title='bbox 3115 2109 3327 2186; x_wconf 77' lang='grc' dir='ltr'>γράφειο</span> <span class='ocrx_word' id='word_1_519' title='bbox 3370 2133 3399 2160; x_wconf 90' lang='grc'>‹‹</span> <span class='ocrx_word' id='word_1_520' title='bbox 3432 2106 3664 2171; x_wconf 78' lang='grc' dir='ltr'>Γινὲσθω</span> <span class='ocrx_word' id='word_1_521' title='bbox 3695 2103 3754 2162; x_wconf 77' lang='grc' dir='ltr'>δὶ</span> 
     </span>
    </p>
   </div>
   <div class='ocr_carea' id='block_1_68' title="bbox 2101 2195 3754 2273">
    <p class='ocr_par' dir='ltr' id='par_1_68' title="bbox 2101 2195 3754 2273">
     <span class='ocr_line' id='line_1_68' title="bbox 2101 2195 3754 2273; baseline 0.001 -23"><span class='ocrx_word' id='word_1_522' title='bbox 2101 2195 2130 2250; x_wconf 91' lang='lat'>6</span> <span class='ocrx_word' id='word_1_523' title='bbox 2161 2197 2287 2258; x_wconf 88' lang='grc' dir='ltr'>Θεὸς</span> <span class='ocrx_word' id='word_1_524' title='bbox 2319 2195 2557 2267; x_wconf 74' lang='grc' dir='ltr'>ἀληθὴς,</span> <span class='ocrx_word' id='word_1_525' title='bbox 2585 2203 2690 2260; x_wconf 78' lang='grc' dir='ltr'>πᾶς</span> <span class='ocrx_word' id='word_1_526' title='bbox 2723 2195 2781 2254; x_wconf 79' lang='grc' dir='ltr'>δὲ</span> <span class='ocrx_word' id='word_1_527' title='bbox 2812 2199 3094 2273; x_wconf 74' lang='grc' dir='ltr'>ἅνθρωπος</span> <span class='ocrx_word' id='word_1_528' title='bbox 3122 2197 3380 2272; x_wconf 83' lang='grc' dir='ltr'>ψεύστης.</span> <span class='ocrx_word' id='word_1_529' title='bbox 3431 2219 3459 2249; x_wconf 77' lang='grc' dir='ltr'>ι)</span> <span class='ocrx_word' id='word_1_530' title='bbox 3509 2195 3754 2266; x_wconf 70' lang='grc' dir='ltr'>Ἀληθῆ(</span> 
     </span>
    </p>
   </div>
   <div class='ocr_carea' id='block_1_69' title="bbox 2103 2283 3753 2362">
    <p class='ocr_par' dir='ltr' id='par_1_69' title="bbox 2103 2283 3753 2362">
     <span class='ocr_line' id='line_1_69' title="bbox 2103 2283 3753 2362; baseline -0.001 -22"><span class='ocrx_word' id='word_1_531' title='bbox 2103 2283 2160 2340; x_wconf 79' lang='grc' dir='ltr'>δέ</span> <span class='ocrx_word' id='word_1_532' title='bbox 2201 2285 2342 2341; x_wconf 79' lang='grc' dir='ltr'>ἐστιν</span> <span class='ocrx_word' id='word_1_533' title='bbox 2388 2287 2416 2340; x_wconf 91' lang='lat'>6</span> <span class='ocrx_word' id='word_1_534' title='bbox 2465 2287 2619 2356; x_wconf 84' lang='grc' dir='ltr'>Θεὸς,</span> <span class='ocrx_word' id='word_1_535' title='bbox 2675 2287 2783 2362; x_wconf 81' lang='grc' dir='ltr'>οὐχ</span> <span class='ocrx_word' id='word_1_536' title='bbox 2821 2288 2896 2349; x_wconf 85' lang='grc' dir='ltr'>ὡς</span> <span class='ocrx_word' id='word_1_537' title='bbox 2931 2288 3006 2362; x_wconf 80' lang='grc' dir='ltr'>μή</span> <span class='ocrx_word' id='word_1_538' title='bbox 3047 2283 3402 2361; x_wconf 77' lang='grc' dir='ltr'>ψευδόμενος·</span> <span class='ocrx_word' id='word_1_539' title='bbox 3437 2283 3590 2341; x_wconf 77' lang='grc' dir='ltr'>οὐδὶν</span> <span class='ocrx_word' id='word_1_540' title='bbox 3647 2285 3753 2360; x_wconf 87' lang='grc' dir='ltr'>γάρ</span> 
     </span>
    </p>
   </div>
   <div class='ocr_carea' id='block_1_70' title="bbox 2097 2371 3754 2453">
    <p class='ocr_par' dir='ltr' id='par_1_70' title="bbox 2097 2371 3754 2453">
     <span class='ocr_line' id='line_1_70' title="bbox 2097 2371 3754 2453; baseline -0.001 -24"><span class='ocrx_word' id='word_1_541' title='bbox 2097 2371 2242 2429; x_wconf 74' lang='grc' dir='ltr'>ἔστιν</span> <span class='ocrx_word' id='word_1_542' title='bbox 2294 2374 2528 2430; x_wconf 78' lang='grc' dir='ltr'>ἐναντίον</span> <span class='ocrx_word' id='word_1_543' title='bbox 2583 2376 2749 2449; x_wconf 81' lang='grc' dir='ltr'>αύτῷ·</span> <span class='ocrx_word' id='word_1_544' title='bbox 2797 2373 2922 2431; x_wconf 75' lang='grc' dir='ltr'>οὓδὶ</span> <span class='ocrx_word' id='word_1_545' title='bbox 2967 2376 3040 2438; x_wconf 82' lang='grc' dir='ltr'>ὡς</span> <span class='ocrx_word' id='word_1_546' title='bbox 3089 2377 3372 2453; x_wconf 76' lang='grc' dir='ltr'>ἄνθρωπος</span> <span class='ocrx_word' id='word_1_547' title='bbox 3412 2373 3581 2451; x_wconf 80' lang='grc' dir='ltr'>ἐτὲρῳ</span> <span class='ocrx_word' id='word_1_548' title='bbox 3617 2393 3754 2449; x_wconf 85' lang='grc' dir='ltr'>μαρ-</span> 
     </span>
    </p>
   </div>
   <div class='ocr_carea' id='block_1_71' title="bbox 2099 2460 3752 2541">
    <p class='ocr_par' dir='ltr' id='par_1_71' title="bbox 2099 2460 3752 2541">
     <span class='ocr_line' id='line_1_71' title="bbox 2099 2460 3752 2541; baseline -0.001 -22"><span class='ocrx_word' id='word_1_549' title='bbox 2099 2469 2275 2540; x_wconf 88' lang='grc' dir='ltr'>τυρῶν</span> <span class='ocrx_word' id='word_1_550' title='bbox 2333 2465 2397 2519; x_wconf 92' lang='grc' dir='ltr'>τὸ</span> <span class='ocrx_word' id='word_1_551' title='bbox 2453 2465 2676 2536; x_wconf 61' lang='grc' dir='ltr'>ἀληθὲς</span> <span class='ocrx_word' id='word_1_552' title='bbox 2737 2462 2913 2520; x_wconf 76' lang='grc' dir='ltr'>οὐδενῖ</span> <span class='ocrx_word' id='word_1_553' title='bbox 2962 2467 3064 2541; x_wconf 79' lang='grc' dir='ltr'>γὰρ</span> <span class='ocrx_word' id='word_1_554' title='bbox 3105 2463 3400 2529; x_wconf 85' lang='grc' dir='ltr'>ύπεύθυνός</span> <span class='ocrx_word' id='word_1_555' title='bbox 3433 2464 3596 2519; x_wconf 78' lang='grc' dir='ltr'>ἐστιν’</span> <span class='ocrx_word' id='word_1_556' title='bbox 3625 2460 3752 2518; x_wconf 85' lang='grc' dir='ltr'>ἀλλ’</span> 
     </span>
    </p>
   </div>
   <div class='ocr_carea' id='block_1_72' title="bbox 2103 2552 3751 2630">
    <p class='ocr_par' dir='ltr' id='par_1_72' title="bbox 2103 2552 3751 2630">
     <span class='ocr_line' id='line_1_72' title="bbox 2103 2552 3751 2630; baseline -0.002 -22"><span class='ocrx_word' id='word_1_557' title='bbox 2103 2555 2178 2616; x_wconf 87' lang='grc' dir='ltr'>ὡς</span> <span class='ocrx_word' id='word_1_558' title='bbox 2226 2553 2394 2624; x_wconf 76' lang='grc' dir='ltr'>αὐτὴν</span> <span class='ocrx_word' id='word_1_559' title='bbox 2439 2557 2539 2624; x_wconf 78' lang='grc' dir='ltr'>τήν</span> <span class='ocrx_word' id='word_1_560' title='bbox 2593 2553 2851 2626; x_wconf 79' lang='grc' dir='ltr'>ἀλήθειαν</span> <span class='ocrx_word' id='word_1_561' title='bbox 2895 2559 3118 2630; x_wconf 80' lang='grc' dir='ltr'>γεννῶν,</span> <span class='ocrx_word' id='word_1_562' title='bbox 3148 2555 3238 2609; x_wconf 79' lang='grc' dir='ltr'>καὶ</span> <span class='ocrx_word' id='word_1_563' title='bbox 3272 2555 3456 2628; x_wconf 80' lang='grc' dir='ltr'>Πατὴρ</span> <span class='ocrx_word' id='word_1_564' title='bbox 3488 2552 3751 2628; x_wconf 78' lang='grc' dir='ltr'>ὑπάρχων</span> 
     </span>
    </p>
   </div>
   <div class='ocr_carea' id='block_1_73' title="bbox 2099 2641 3751 2720">
    <p class='ocr_par' dir='ltr' id='par_1_73' title="bbox 2099 2641 3751 2720">
     <span class='ocr_line' id='line_1_73' title="bbox 2099 2641 3751 2720; baseline -0.003 -24"><span class='ocrx_word' id='word_1_565' title='bbox 2099 2646 2198 2698; x_wconf 90' lang='grc' dir='ltr'>τοῦ</span> <span class='ocrx_word' id='word_1_566' title='bbox 2258 2645 2458 2719; x_wconf 84' lang='grc' dir='ltr'>Κυρίου</span> <span class='ocrx_word' id='word_1_567' title='bbox 2517 2641 2791 2718; x_wconf 72' lang='grc' dir='ltr'>λέγοντος·</span> <span class='ocrx_word' id='word_1_568' title='bbox 2860 2667 2889 2695; x_wconf 75' lang='grc' dir='ltr'>ιι</span> <span class='ocrx_word' id='word_1_569' title='bbox 2939 2643 3082 2720; x_wconf 84' lang='grc' dir='ltr'>Ἐγώ</span> <span class='ocrx_word' id='word_1_570' title='bbox 3142 2642 3257 2716; x_wconf 76' lang='grc' dir='ltr'>εἶμι</span> <span class='ocrx_word' id='word_1_571' title='bbox 3317 2645 3352 2713; x_wconf 80' lang='grc' dir='ltr'>ἠ</span> <span class='ocrx_word' id='word_1_572' title='bbox 3413 2641 3660 2712; x_wconf 73' lang='grc' dir='ltr'>ἀλήθειαο</span> <span class='ocrx_word' id='word_1_573' title='bbox 3723 2664 3751 2692; x_wconf 85' lang='grc'><strong>››</strong></span> 
     </span>
    </p>
   </div>
   <div class='ocr_carea' id='block_1_74' title="bbox 2101 2728 3750 2808">
    <p class='ocr_par' dir='ltr' id='par_1_74' title="bbox 2101 2728 3750 2808">
     <span class='ocr_line' id='line_1_74' title="bbox 2101 2728 3750 2808; baseline -0.001 -22"><span class='ocrx_word' id='word_1_574' title='bbox 2101 2729 2359 2801; x_wconf 80' lang='grc' dir='ltr'>ἀληθείας</span> <span class='ocrx_word' id='word_1_575' title='bbox 2411 2728 2470 2786; x_wconf 78' lang='grc' dir='ltr'>δὶ</span> <span class='ocrx_word' id='word_1_576' title='bbox 2526 2729 2684 2808; x_wconf 79' lang='grc' dir='ltr'>φίλον</span> <span class='ocrx_word' id='word_1_577' title='bbox 2736 2732 2800 2787; x_wconf 89' lang='grc' dir='ltr'>τὸ</span> <span class='ocrx_word' id='word_1_578' title='bbox 2847 2731 3043 2806; x_wconf 82' lang='grc' dir='ltr'>ψεῦδος</span> <span class='ocrx_word' id='word_1_579' title='bbox 3102 2731 3203 2787; x_wconf 78' lang='grc' dir='ltr'>οὐκ</span> <span class='ocrx_word' id='word_1_580' title='bbox 3251 2731 3310 2785; x_wconf 80' lang='grc' dir='ltr'>ἂν</span> <span class='ocrx_word' id='word_1_581' title='bbox 3361 2751 3492 2785; x_wconf 89' lang='grc' dir='ltr'>ποτε</span> <span class='ocrx_word' id='word_1_582' title='bbox 3521 2730 3750 2804; x_wconf 67' lang='grc' dir='ltr'>γένοιτο.</span> 
     </span>
    </p>
   </div>
   <div class='ocr_carea' id='block_1_75' title="bbox 2098 2815 3749 2894">
    <p class='ocr_par' dir='ltr' id='par_1_75' title="bbox 2098 2815 3749 2894">
     <span class='ocr_line' id='line_1_75' title="bbox 2098 2815 3749 2894; baseline -0.005 -17"><span class='ocrx_word' id='word_1_583' title='bbox 2098 2821 2256 2884; x_wconf 74' lang='grc' dir='ltr'>’Όθεν</span> <span class='ocrx_word' id='word_1_584' title='bbox 2308 2817 2568 2890; x_wconf 78' lang='grc' dir='ltr'>ἀληθείας</span> <span class='ocrx_word' id='word_1_585' title='bbox 2620 2820 2712 2892; x_wconf 76' lang='grc' dir='ltr'>μὶν</span> <span class='ocrx_word' id='word_1_586' title='bbox 2759 2821 2834 2894; x_wconf 84' lang='grc'>(9)</span> <span class='ocrx_word' id='word_1_587' title='bbox 2864 2821 2999 2875; x_wconf 89' lang='grc' dir='ltr'>κατά</span> <span class='ocrx_word' id='word_1_588' title='bbox 3052 2821 3138 2874; x_wconf 64' lang='grc' dir='ltr'>τὸν</span> <span class='ocrx_word' id='word_1_589' title='bbox 3173 2815 3477 2892; x_wconf 81' lang='grc' dir='ltr'>ψαλμῳδὸν</span> <span class='ocrx_word' id='word_1_590' title='bbox 3509 2817 3749 2885; x_wconf 82' lang='grc' dir='ltr'>ἐκζητῶν</span> 
     </span>
    </p>
   </div>
   <div class='ocr_carea' id='block_1_76' title="bbox 2099 2903 3750 2985">
    <p class='ocr_par' dir='ltr' id='par_1_76' title="bbox 2099 2903 3750 2985">
     <span class='ocr_line' id='line_1_76' title="bbox 2099 2903 3750 2985; baseline -0.002 -23"><span class='ocrx_word' id='word_1_591' title='bbox 2099 2909 2127 2962; x_wconf 86' lang='lat'>6</span> <span class='ocrx_word' id='word_1_592' title='bbox 2175 2907 2396 2985; x_wconf 81' lang='grc' dir='ltr'>Κύριος,</span> <span class='ocrx_word' id='word_1_593' title='bbox 2441 2908 2504 2964; x_wconf 91' lang='grc' dir='ltr'>τὸ</span> <span class='ocrx_word' id='word_1_594' title='bbox 2562 2905 2622 2964; x_wconf 58' lang='lat' dir='ltr'>Si</span> <span class='ocrx_word' id='word_1_595' title='bbox 2666 2906 2863 2983; x_wconf 83' lang='grc' dir='ltr'>ψεῦδος</span> <span class='ocrx_word' id='word_1_596' title='bbox 2909 2909 2999 2984; x_wconf 83' lang='grc' dir='ltr'>ἀφ’</span> <span class='ocrx_word' id='word_1_597' title='bbox 3047 2908 3238 2963; x_wconf 77' lang='grc' dir='ltr'>ἐαυτοῦ</span> <span class='ocrx_word' id='word_1_598' title='bbox 3291 2905 3488 2982; x_wconf 79' lang='grc' dir='ltr'>ῥίπτει,</span> <span class='ocrx_word' id='word_1_599' title='bbox 3528 2904 3616 2959; x_wconf 87' lang='grc' dir='ltr'>καὶ</span> <span class='ocrx_word' id='word_1_600' title='bbox 3649 2903 3750 2959; x_wconf 85' lang='grc' dir='ltr'>ἀλ-</span> 
     </span>
    </p>
   </div>
   <div class='ocr_carea' id='block_1_77' title="bbox 2099 2992 3749 3071">
    <p class='ocr_par' dir='ltr' id='par_1_77' title="bbox 2099 2992 3749 3071">
     <span class='ocr_line' id='line_1_77' title="bbox 2099 2992 3749 3071; baseline -0.003 -19"><span class='ocrx_word' id='word_1_601' title='bbox 2099 2996 2317 3070; x_wconf 90' lang='grc' dir='ltr'>λότριον</span> <span class='ocrx_word' id='word_1_602' title='bbox 2364 3003 2533 3067; x_wconf 84' lang='grc' dir='ltr'>ποιεῖ,</span> <span class='ocrx_word' id='word_1_603' title='bbox 2586 2997 2790 3071; x_wconf 71' lang='grc' dir='ltr'>λέγων’</span> <span class='ocrx_word' id='word_1_604' title='bbox 2842 3020 2870 3048; x_wconf 74' lang='grc' dir='ltr'>(ι</span> <span class='ocrx_word' id='word_1_605' title='bbox 2920 2997 3059 3068; x_wconf 71' lang='grc' dir='ltr'>Υἱοὶ,</span> <span class='ocrx_word' id='word_1_606' title='bbox 3106 2994 3394 3070; x_wconf 80' lang='grc' dir='ltr'>ἀλλότριοι</span> <span class='ocrx_word' id='word_1_607' title='bbox 3461 2992 3749 3067; x_wconf 79' lang='grc' dir='ltr'>ἐψεύσαντό</span> 
     </span>
    </p>
   </div>
   <div class='ocr_carea' id='block_1_78' title="bbox 2101 3081 3750 3161">
    <p class='ocr_par' dir='ltr' id='par_1_78' title="bbox 2101 3081 3750 3161">
     <span class='ocr_line' id='line_1_78' title="bbox 2101 3081 3750 3161; baseline -0.004 -19"><span class='ocrx_word' id='word_1_608' title='bbox 2101 3107 2215 3159; x_wconf 87' lang='grc' dir='ltr'>μοι.</span> <span class='ocrx_word' id='word_1_609' title='bbox 2268 3110 2297 3139; x_wconf 89' lang='grc'><strong>››</strong></span> <span class='ocrx_word' id='word_1_610' title='bbox 2347 3085 2672 3160; x_wconf 81' lang='grc' dir='ltr'>Ἐψεύσαντο</span> <span class='ocrx_word' id='word_1_611' title='bbox 2724 3085 2830 3161; x_wconf 83' lang='grc' dir='ltr'>γὰρ</span> <span class='ocrx_word' id='word_1_612' title='bbox 2880 3086 2932 3138; x_wconf 73' lang='grc' dir='ltr'>οἳ</span> <span class='ocrx_word' id='word_1_613' title='bbox 2981 3081 3236 3140; x_wconf 86' lang='grc' dir='ltr'>Ἰουδαῖοι</span> <span class='ocrx_word' id='word_1_614' title='bbox 3266 3104 3402 3139; x_wconf 89' lang='grc' dir='ltr'>κατα</span> <span class='ocrx_word' id='word_1_615' title='bbox 3427 3087 3526 3137; x_wconf 89' lang='grc' dir='ltr'>τοῦ</span> <span class='ocrx_word' id='word_1_616' title='bbox 3556 3087 3750 3151; x_wconf 83' lang='grc' dir='ltr'>Σωτῆ-</span> 
     </span>
    </p>
   </div>
   <div class='ocr_carea' id='block_1_79' title="bbox 2100 3169 3753 3251">
    <p class='ocr_par' dir='ltr' id='par_1_79' title="bbox 2100 3169 3753 3251">
     <span class='ocr_line' id='line_1_79' title="bbox 2100 3169 3753 3251; baseline -0.003 -21"><span class='ocrx_word' id='word_1_617' title='bbox 2100 3196 2191 3251; x_wconf 90' lang='grc' dir='ltr'>ρος</span> <span class='ocrx_word' id='word_1_618' title='bbox 2241 3176 2329 3230; x_wconf 86' lang='grc' dir='ltr'>καὶ</span> <span class='ocrx_word' id='word_1_619' title='bbox 2373 3176 2466 3231; x_wconf 92' lang='grc' dir='ltr'>τὸν</span> <span class='ocrx_word' id='word_1_620' title='bbox 2517 3174 2686 3246; x_wconf 90' lang='grc' dir='ltr'>νόμον</span> <span class='ocrx_word' id='word_1_621' title='bbox 2755 3170 3209 3250; x_wconf 62' lang='grc' dir='ltr'>ἐπαγγειλάμενοι</span> <span class='ocrx_word' id='word_1_622' title='bbox 3285 3171 3592 3251; x_wconf 75' lang='grc' dir='ltr'>φυλάττειν⁶</span> <span class='ocrx_word' id='word_1_623' title='bbox 3652 3169 3753 3225; x_wconf 77' lang='grc' dir='ltr'>οὐκ</span> 
     </span>
    </p>
   </div>
   <div class='ocr_carea' id='block_1_80' title="bbox 2098 3259 3749 3340">
    <p class='ocr_par' dir='ltr' id='par_1_80' title="bbox 2098 3259 3749 3340">
     <span class='ocr_line' id='line_1_80' title="bbox 2098 3259 3749 3340; baseline -0.004 -19"><span class='ocrx_word' id='word_1_624' title='bbox 2098 3264 2431 3335; x_wconf 75' lang='grc' dir='ltr'>ἠλήθευσαν,</span> <span class='ocrx_word' id='word_1_625' title='bbox 2489 3263 2634 3320; x_wconf 80' lang='grc' dir='ltr'>ἀλλὰ</span> <span class='ocrx_word' id='word_1_626' title='bbox 2693 3262 3045 3340; x_wconf 87' lang='grc' dir='ltr'>παρηνόμουν</span> <span class='ocrx_word' id='word_1_627' title='bbox 3103 3262 3237 3318; x_wconf 81' lang='grc' dir='ltr'>κατὰ</span> <span class='ocrx_word' id='word_1_628' title='bbox 3291 3266 3389 3316; x_wconf 89' lang='grc' dir='ltr'>τοῦ</span> <span class='ocrx_word' id='word_1_629' title='bbox 3447 3259 3749 3322; x_wconf 83' lang='grc' dir='ltr'>δεδωκότος</span> 
     </span>
    </p>
   </div>
   <div class='ocr_carea' id='block_1_81' title="bbox 2093 3353 3749 3430">
    <p class='ocr_par' dir='ltr' id='par_1_81' title="bbox 2093 3353 3749 3430">
     <span class='ocr_line' id='line_1_81' title="bbox 2093 3353 3749 3430; baseline -0.004 -21"><span class='ocrx_word' id='word_1_630' title='bbox 2093 3354 2277 3425; x_wconf 86' lang='grc' dir='ltr'>αὐτὸν,</span> <span class='ocrx_word' id='word_1_631' title='bbox 2333 3353 2552 3409; x_wconf 82' lang='grc' dir='ltr'>θάνατον</span> <span class='ocrx_word' id='word_1_632' title='bbox 2613 3353 2729 3408; x_wconf 83' lang='grc' dir='ltr'>ἀντὶ</span> <span class='ocrx_word' id='word_1_633' title='bbox 2787 3353 3013 3430; x_wconf 86' lang='grc' dir='ltr'>χάριτος</span> <span class='ocrx_word' id='word_1_634' title='bbox 3075 3353 3474 3428; x_wconf 83' lang='grc' dir='ltr'>μηχανώμενοι</span> <span class='ocrx_word' id='word_1_635' title='bbox 3525 3353 3605 3421; x_wconf 80' lang='grc' dir='ltr'>τῷ</span> <span class='ocrx_word' id='word_1_636' title='bbox 3643 3355 3749 3404; x_wconf 81' lang='grc' dir='ltr'>Κυ-</span> 
     </span>
    </p>
   </div>
   <div class='ocr_carea' id='block_1_82' title="bbox 2096 3437 3749 3519">
    <p class='ocr_par' dir='ltr' id='par_1_82' title="bbox 2096 3437 3749 3519">
     <span class='ocr_line' id='line_1_82' title="bbox 2096 3437 3749 3519; baseline -0.002 -23"><span class='ocrx_word' id='word_1_637' title='bbox 2096 3442 2216 3519; x_wconf 89' lang='grc' dir='ltr'>ρίῳ.</span> <span class='ocrx_word' id='word_1_638' title='bbox 2277 3439 2695 3514; x_wconf 75' lang='grc' dir='ltr'>Ἀπεϐλήθησαν</span> <span class='ocrx_word' id='word_1_639' title='bbox 2755 3447 2886 3518; x_wconf 87' lang='grc' dir='ltr'>γοῦν</span> <span class='ocrx_word' id='word_1_640' title='bbox 2939 3440 3187 3513; x_wconf 81' lang='grc' dir='ltr'>εἰκότως,</span> <span class='ocrx_word' id='word_1_641' title='bbox 3219 3440 3307 3496; x_wconf 82' lang='grc' dir='ltr'>καὶ</span> <span class='ocrx_word' id='word_1_642' title='bbox 3341 3439 3422 3512; x_wconf 75' lang='grc' dir='ltr'>δν,</span> <span class='ocrx_word' id='word_1_643' title='bbox 3482 3437 3749 3513; x_wconf 77' lang='grc' dir='ltr'>ψευσάμε-</span> 
     </span>
    </p>
   </div>
   <div class='ocr_carea' id='block_1_83' title="bbox 2093 3525 3748 3607">
    <p class='ocr_par' dir='ltr' id='par_1_83' title="bbox 2093 3525 3748 3607">
     <span class='ocr_line' id='line_1_83' title="bbox 2093 3525 3748 3607; baseline -0.003 -21"><span class='ocrx_word' id='word_1_644' title='bbox 2093 3554 2197 3604; x_wconf 91' lang='grc' dir='ltr'>νοι,</span> <span class='ocrx_word' id='word_1_645' title='bbox 2235 3532 2371 3587; x_wconf 82' lang='grc' dir='ltr'>κατὰ</span> <span class='ocrx_word' id='word_1_646' title='bbox 2425 3536 2523 3587; x_wconf 90' lang='grc' dir='ltr'>τοῦ</span> <span class='ocrx_word' id='word_1_647' title='bbox 2571 3531 2770 3607; x_wconf 83' lang='grc' dir='ltr'>Κυρίου</span> <span class='ocrx_word' id='word_1_648' title='bbox 2820 3533 3045 3586; x_wconf 86' lang='grc' dir='ltr'>θάνατον</span> <span class='ocrx_word' id='word_1_649' title='bbox 3101 3530 3398 3606; x_wconf 77' lang='grc' dir='ltr'>ἐπήγαγον,</span> <span class='ocrx_word' id='word_1_650' title='bbox 3432 3533 3624 3584; x_wconf 87' lang='grc' dir='ltr'>τοῦτον</span> <span class='ocrx_word' id='word_1_651' title='bbox 3653 3525 3748 3582; x_wconf 89' lang='grc' dir='ltr'>αύ-</span> 
     </span>
    </p>
   </div>
   <div class='ocr_carea' id='block_1_84' title="bbox 2092 3617 3747 3691">
    <p class='ocr_par' dir='ltr' id='par_1_84' title="bbox 2092 3617 3747 3691">
     <span class='ocr_line' id='line_1_84' title="bbox 2092 3617 3747 3691; baseline -0.004 -14"><span class='ocrx_word' id='word_1_652' title='bbox 2092 3622 2178 3678; x_wconf 85' lang='grc' dir='ltr'>τοὶ</span> <span class='ocrx_word' id='word_1_653' title='bbox 2234 3623 2355 3686; x_wconf 85' lang='grc' dir='ltr'>καθ’</span> <span class='ocrx_word' id='word_1_654' title='bbox 2402 3622 2606 3676; x_wconf 74' lang='grc' dir='ltr'>ἑαυτῶν</span> <span class='ocrx_word' id='word_1_655' title='bbox 2654 3620 2881 3691; x_wconf 89' lang='grc' dir='ltr'>ἀληθῶς</span> <span class='ocrx_word' id='word_1_656' title='bbox 2926 3619 3311 3675; x_wconf 81' lang='grc' dir='ltr'>ἐπεσπάσαντο·</span> <span class='ocrx_word' id='word_1_657' title='bbox 3345 3619 3418 3680; x_wconf 78' lang='grc' dir='ltr'>ὡς</span> <span class='ocrx_word' id='word_1_658' title='bbox 3466 3617 3556 3672; x_wconf 86' lang='grc' dir='ltr'>καὶ</span> <span class='ocrx_word' id='word_1_659' title='bbox 3585 3619 3747 3672; x_wconf 80' lang='grc' dir='ltr'>Ἀνα-</span> 
     </span>
    </p>
   </div>
   <div class='ocr_carea' id='block_1_85' title="bbox 2093 3706 3742 3785">
    <p class='ocr_par' dir='ltr' id='par_1_85' title="bbox 2093 3706 3742 3785">
     <span class='ocr_line' id='line_1_85' title="bbox 2093 3706 3742 3785; baseline -0.003 -19"><span class='ocrx_word' id='word_1_660' title='bbox 2093 3710 2206 3774; x_wconf 88' lang='grc' dir='ltr'>νίας</span> <span class='ocrx_word' id='word_1_661' title='bbox 2264 3711 2353 3766; x_wconf 85' lang='grc' dir='ltr'>καὶ</span> <span class='ocrx_word' id='word_1_662' title='bbox 2415 3709 2696 3785; x_wconf 76' lang='grc' dir='ltr'>Σάπφειρα</span> <span class='ocrx_word' id='word_1_663' title='bbox 2753 3708 2806 3764; x_wconf 81' lang='grc' dir='ltr'>ἐν</span> <span class='ocrx_word' id='word_1_664' title='bbox 2853 3713 2972 3771; x_wconf 86' lang='grc' dir='ltr'>ταῖς</span> <span class='ocrx_word' id='word_1_665' title='bbox 3005 3708 3232 3784; x_wconf 76' lang='grc' dir='ltr'>Πράξεσι</span> <span class='ocrx_word' id='word_1_666' title='bbox 3261 3712 3370 3763; x_wconf 86' lang='grc' dir='ltr'>τῶν</span> <span class='ocrx_word' id='word_1_667' title='bbox 3400 3706 3742 3762; x_wconf 56' lang='grc' dir='ltr'>ἀποστόλων</span> 
     </span>
    </p>
   </div>
   <div class='ocr_carea' id='block_1_86' title="bbox 2094 3795 3745 3874">
    <p class='ocr_par' dir='ltr' id='par_1_86' title="bbox 2094 3795 3745 3874">
     <span class='ocr_line' id='line_1_86' title="bbox 2094 3795 3745 3874; baseline -0.004 -18"><span class='ocrx_word' id='word_1_668' title='bbox 2094 3799 2312 3869; x_wconf 74' lang='grc' dir='ltr'>ο⁹ίτινες,</span> <span class='ocrx_word' id='word_1_669' title='bbox 2392 3797 2719 3874; x_wconf 70' lang='grc' dir='ltr'>ἐπαγγελίαν</span> <span class='ocrx_word' id='word_1_670' title='bbox 2785 3797 2866 3870; x_wconf 84' lang='grc' dir='ltr'>τῷ</span> <span class='ocrx_word' id='word_1_671' title='bbox 2941 3803 3056 3870; x_wconf 86' lang='grc' dir='ltr'>0εῷ</span> <span class='ocrx_word' id='word_1_672' title='bbox 3109 3795 3426 3867; x_wconf 82' lang='grc' dir='ltr'>δεδωκότες,</span> <span class='ocrx_word' id='word_1_673' title='bbox 3485 3797 3592 3851; x_wconf 83' lang='grc' dir='ltr'>ἀπὸ</span> <span class='ocrx_word' id='word_1_674' title='bbox 3645 3797 3745 3864; x_wconf 79' lang='grc' dir='ltr'>τῆς</span> 
     </span>
    </p>
   </div>
   <div class='ocr_carea' id='block_1_87' title="bbox 2094 3883 3749 3967">
    <p class='ocr_par' dir='ltr' id='par_1_87' title="bbox 2094 3883 3749 3967">
     <span class='ocr_line' id='line_1_87' title="bbox 2094 3883 3749 3967; baseline -0.005 -21"><span class='ocrx_word' id='word_1_675' title='bbox 2094 3887 2418 3967; x_wconf 71' lang='grc' dir='ltr'>ἐπαγγελίας</span> <span class='ocrx_word' id='word_1_676' title='bbox 2474 3885 2841 3965; x_wconf 71' lang='grc' dir='ltr'>ἐνοσφίσαντοο</span> <span class='ocrx_word' id='word_1_677' title='bbox 2891 3886 2981 3942; x_wconf 85' lang='grc' dir='ltr'>καὶ</span> <span class='ocrx_word' id='word_1_678' title='bbox 3021 3885 3148 3948; x_wconf 81' lang='grc' dir='ltr'>τοὺς</span> <span class='ocrx_word' id='word_1_679' title='bbox 3195 3886 3290 3960; x_wconf 72' lang='grc' dir='ltr'>μὶν</span> <span class='ocrx_word' id='word_1_680' title='bbox 3340 3884 3545 3948; x_wconf 71' lang='grc' dir='ltr'>ἄλλους</span> <span class='ocrx_word' id='word_1_681' title='bbox 3589 3883 3749 3940; x_wconf 84' lang='grc' dir='ltr'>ἐλάν-</span> 
     </span>
    </p>
   </div>
   <div class='ocr_carea' id='block_1_88' title="bbox 2093 3972 3747 4049">
    <p class='ocr_par' dir='ltr' id='par_1_88' title="bbox 2093 3972 3747 4049">
     <span class='ocr_line' id='line_1_88' title="bbox 2093 3972 3747 4049; baseline -0.005 -14"><span class='ocrx_word' id='word_1_682' title='bbox 2093 3981 2274 4035; x_wconf 72' lang='grc' dir='ltr'>θανον*</span> <span class='ocrx_word' id='word_1_683' title='bbox 2327 3981 2356 4034; x_wconf 89' lang='lat'>6</span> <span class='ocrx_word' id='word_1_684' title='bbox 2404 3975 2463 4034; x_wconf 71' lang='grc' dir='ltr'>δέ</span> <span class='ocrx_word' id='word_1_685' title='bbox 2504 3983 2608 4047; x_wconf 84' lang='grc' dir='ltr'>τῆς</span> <span class='ocrx_word' id='word_1_686' title='bbox 2659 3973 2921 4046; x_wconf 80' lang='grc' dir='ltr'>ἀληθείας</span> <span class='ocrx_word' id='word_1_687' title='bbox 2968 3973 3218 4038; x_wconf 87' lang='grc' dir='ltr'>διάκονος</span> <span class='ocrx_word' id='word_1_688' title='bbox 3269 3975 3472 4049; x_wconf 72' lang='grc' dir='ltr'>Πέτρος</span> <span class='ocrx_word' id='word_1_689' title='bbox 3519 3972 3747 4035; x_wconf 75' lang='grc' dir='ltr'>τούτους</span> 
     </span>
    </p>
   </div>
   <div class='ocr_carea' id='block_1_89' title="bbox 2093 4060 3749 4142">
    <p class='ocr_par' dir='ltr' id='par_1_89' title="bbox 2093 4060 3749 4142">
     <span class='ocr_line' id='line_1_89' title="bbox 2093 4060 3749 4142; baseline -0.004 -18"><span class='ocrx_word' id='word_1_690' title='bbox 2093 4070 2413 4142; x_wconf 84' lang='grc' dir='ltr'>ἀπωθεῖται,</span> <span class='ocrx_word' id='word_1_691' title='bbox 2466 4066 2665 4142; x_wconf 77' lang='grc' dir='ltr'>λέγων’</span> <span class='ocrx_word' id='word_1_692' title='bbox 2725 4088 2753 4120; x_wconf 73' lang='grc' dir='ltr'>α</span> <span class='ocrx_word' id='word_1_693' title='bbox 2799 4065 2914 4124; x_wconf 87' lang='grc' dir='ltr'>Ούκ</span> <span class='ocrx_word' id='word_1_694' title='bbox 2961 4065 3170 4140; x_wconf 82' lang='grc' dir='ltr'>ἐψεύσω</span> <span class='ocrx_word' id='word_1_695' title='bbox 3217 4063 3547 4140; x_wconf 83' lang='grc' dir='ltr'>ἀνθρώποις,</span> <span class='ocrx_word' id='word_1_696' title='bbox 3603 4060 3749 4118; x_wconf 80' lang='grc' dir='ltr'>ἀλλὰ</span> 
     </span>
    </p>
   </div>
   <div class='ocr_carea' id='block_1_90' title="bbox 2090 4149 3746 4231">
    <p class='ocr_par' dir='ltr' id='par_1_90' title="bbox 2090 4149 3746 4231">
     <span class='ocr_line' id='line_1_90' title="bbox 2090 4149 3746 4231; baseline -0.004 -17"><span class='ocrx_word' id='word_1_697' title='bbox 2090 4163 2170 4230; x_wconf 78' lang='grc' dir='ltr'>τῷ</span> <span class='ocrx_word' id='word_1_698' title='bbox 2197 4162 2332 4231; x_wconf 80' lang='grc' dir='ltr'>Θεῷ.</span> <span class='ocrx_word' id='word_1_699' title='bbox 2392 4181 2420 4209; x_wconf 84' lang='grc'><strong>››</strong></span> <span class='ocrx_word' id='word_1_700' title='bbox 2471 4158 2556 4212; x_wconf 87' lang='grc' dir='ltr'>Ἐν</span> <span class='ocrx_word' id='word_1_701' title='bbox 2604 4157 2684 4219; x_wconf 82' lang='grc' dir='ltr'>οἷς</span> <span class='ocrx_word' id='word_1_702' title='bbox 2727 4156 2817 4211; x_wconf 82' lang='grc' dir='ltr'>καὶ</span> <span class='ocrx_word' id='word_1_703' title='bbox 2851 4155 3105 4230; x_wconf 71' lang='grc' dir='ltr'>μέγιστον</span> <span class='ocrx_word' id='word_1_704' title='bbox 3138 4157 3319 4228; x_wconf 85' lang='grc' dir='ltr'>θαῦμα</span> <span class='ocrx_word' id='word_1_705' title='bbox 3347 4153 3578 4229; x_wconf 72' lang='grc' dir='ltr'>γέγονεν·</span> <span class='ocrx_word' id='word_1_706' title='bbox 3612 4149 3746 4228; x_wconf 74' lang='grc' dir='ltr'>ὅπερ</span> 
     </span>
    </p>
   </div>
   <div class='ocr_carea' id='block_1_91' title="bbox 2091 4239 3747 4324">
    <p class='ocr_par' dir='ltr' id='par_1_91' title="bbox 2091 4239 3747 4324">
     <span class='ocr_line' id='line_1_91' title="bbox 2091 4239 3747 4324; baseline -0.004 -22"><span class='ocrx_word' id='word_1_707' title='bbox 2091 4249 2196 4324; x_wconf 80' lang='grc' dir='ltr'>γὰρ</span> <span class='ocrx_word' id='word_1_708' title='bbox 2230 4247 2394 4322; x_wconf 86' lang='grc' dir='ltr'>μόνος</span> <span class='ocrx_word' id='word_1_709' title='bbox 2425 4244 2694 4316; x_wconf 83' lang='grc' dir='ltr'>ἠπίστατο</span> <span class='ocrx_word' id='word_1_710' title='bbox 2737 4244 2962 4319; x_wconf 68' lang='grc' dir='ltr'>Πέτρος,</span> <span class='ocrx_word' id='word_1_711' title='bbox 2992 4247 3154 4298; x_wconf 87' lang='grc' dir='ltr'>τοῦτο</span> <span class='ocrx_word' id='word_1_712' title='bbox 3182 4247 3262 4314; x_wconf 78' lang='grc' dir='ltr'>τῷ</span> <span class='ocrx_word' id='word_1_713' title='bbox 3295 4241 3508 4315; x_wconf 86' lang='grc' dir='ltr'>θανάτῳ</span> <span class='ocrx_word' id='word_1_714' title='bbox 3538 4239 3618 4314; x_wconf 77' lang='grc' dir='ltr'>τῷ</span> <span class='ocrx_word' id='word_1_715' title='bbox 3647 4262 3747 4297; x_wconf 79' lang='grc' dir='ltr'>πε-</span> 
     </span>
    </p>
   </div>
   <div class='ocr_carea' id='block_1_92' title="bbox 2093 4329 3748 4412">
    <p class='ocr_par' dir='ltr' id='par_1_92' title="bbox 2093 4329 3748 4412">
     <span class='ocr_line' id='line_1_92' title="bbox 2093 4329 3748 4412; baseline -0.002 -22"><span class='ocrx_word' id='word_1_716' title='bbox 2093 4337 2146 4412; x_wconf 85' lang='grc' dir='ltr'>ρὶ</span> <span class='ocrx_word' id='word_1_717' title='bbox 2176 4337 2267 4392; x_wconf 90' lang='grc' dir='ltr'>τὸν</span> <span class='ocrx_word' id='word_1_718' title='bbox 2297 4335 2542 4393; x_wconf 83' lang='grc' dir='ltr'>Ἀνανίαν</span> <span class='ocrx_word' id='word_1_719' title='bbox 2573 4341 2733 4388; x_wconf 79' lang='grc' dir='ltr'>πᾶσιν</span> <span class='ocrx_word' id='word_1_720' title='bbox 2774 4331 3126 4410; x_wconf 70' lang='grc' dir='ltr'>ἐφανέρωσεν·</span> <span class='ocrx_word' id='word_1_721' title='bbox 3177 4329 3316 4386; x_wconf 79' lang='grc' dir='ltr'>ὥστε</span> <span class='ocrx_word' id='word_1_722' title='bbox 3359 4330 3486 4393; x_wconf 76' lang='grc' dir='ltr'>τοὺς</span> <span class='ocrx_word' id='word_1_723' title='bbox 3545 4330 3748 4394; x_wconf 85' lang='grc' dir='ltr'>πάντας</span> 
     </span>
    </p>
   </div>
   <div class='ocr_carea' id='block_1_93' title="bbox 2093 4417 3746 4498">
    <p class='ocr_par' dir='ltr' id='par_1_93' title="bbox 2093 4417 3746 4498">
     <span class='ocr_line' id='line_1_93' title="bbox 2093 4417 3746 4498; baseline -0.004 -18"><span class='ocrx_word' id='word_1_724' title='bbox 2093 4425 2170 4487; x_wconf 77' lang='grc' dir='ltr'>εἷς</span> <span class='ocrx_word' id='word_1_725' title='bbox 2201 4420 2486 4480; x_wconf 79' lang='grc' dir='ltr'>εὐλάϐειαν</span> <span class='ocrx_word' id='word_1_726' title='bbox 2513 4421 2722 4491; x_wconf 82' lang='grc' dir='ltr'>ἐλθεῖν,</span> <span class='ocrx_word' id='word_1_727' title='bbox 2763 4423 2854 4477; x_wconf 85' lang='grc' dir='ltr'>καὶ</span> <span class='ocrx_word' id='word_1_728' title='bbox 2901 4421 2964 4476; x_wconf 87' lang='grc' dir='ltr'>τὸ</span> <span class='ocrx_word' id='word_1_729' title='bbox 3029 4417 3378 4496; x_wconf 84' lang='grc' dir='ltr'>παράδειγμα</span> <span class='ocrx_word' id='word_1_730' title='bbox 3438 4420 3746 4498; x_wconf 70' lang='grc' dir='ltr'>Σαπφείρας</span> 
     </span>
    </p>
   </div>
   <div class='ocr_carea' id='block_1_94' title="bbox 2093 4509 2418 4590">
    <p class='ocr_par' dir='ltr' id='par_1_94' title="bbox 2093 4509 2418 4590">
     <span class='ocr_line' id='line_1_94' title="bbox 2093 4509 2418 4590; baseline 0.003 -22"><span class='ocrx_word' id='word_1_731' title='bbox 2093 4509 2418 4590; x_wconf 80' lang='grc' dir='ltr'>φοϐηθῆναι.</span> 
     </span>
    </p>
   </div>
   <div class='ocr_carea' id='block_1_95' title="bbox 406 4593 1991 4676">
    <p class='ocr_par' dir='ltr' id='par_1_95' title="bbox 406 4597 1988 4675">
     <span class='ocr_line' id='line_1_95' title="bbox 406 4597 1988 4675; baseline 0.004 -22"><span class='ocrx_word' id='word_1_732' title='bbox 406 4599 460 4653; x_wconf 89' lang='grc'>3.</span> <span class='ocrx_word' id='word_1_733' title='bbox 487 4597 646 4654; x_wconf 89' lang='lat' dir='ltr'>Scire</span> <span class='ocrx_word' id='word_1_734' title='bbox 672 4598 886 4655; x_wconf 90' lang='lat' dir='ltr'>etenim</span> <span class='ocrx_word' id='word_1_735' title='bbox 919 4598 1411 4671; x_wconf 54' lang='lat' dir='ltr'>nequegignorare</span> <span class='ocrx_word' id='word_1_736' title='bbox 1439 4599 1746 4669; x_wconf 89' lang='lat' dir='ltr'>debemus,</span> <span class='ocrx_word' id='word_1_737' title='bbox 1771 4619 1837 4658; x_wconf 90' lang='lat' dir='ltr'>ea</span> <span class='ocrx_word' id='word_1_738' title='bbox 1861 4620 1988 4675; x_wconf 64' lang='lat' dir='ltr'>quas</span> 
     </span>
    </p>
   </div>
   <div class='ocr_carea' id='block_1_96' title="bbox 2102 4593 3747 4676">
    <p class='ocr_par' dir='ltr' id='par_1_96' title="bbox 2168 4596 3747 4676">
     <span class='ocr_line' id='line_1_96' title="bbox 2168 4596 3747 4676; baseline -0.004 -16"><span class='ocrx_word' id='word_1_739' title='bbox 2168 4606 2221 4660; x_wconf 92' lang='lat'>3.</span> <span class='ocrx_word' id='word_1_740' title='bbox 2283 4607 2374 4658; x_wconf 89' lang='grc' dir='ltr'>Δεῖ</span> <span class='ocrx_word' id='word_1_741' title='bbox 2427 4601 2532 4676; x_wconf 81' lang='grc' dir='ltr'>γὰρ</span> <span class='ocrx_word' id='word_1_742' title='bbox 2591 4596 2783 4656; x_wconf 70' lang='grc' dir='ltr'>εἰδέναι</span> <span class='ocrx_word' id='word_1_743' title='bbox 2842 4599 2933 4656; x_wconf 83' lang='grc' dir='ltr'>καὶ</span> <span class='ocrx_word' id='word_1_744' title='bbox 2992 4600 3066 4671; x_wconf 81' lang='grc' dir='ltr'>μὴ</span> <span class='ocrx_word' id='word_1_745' title='bbox 3126 4600 3335 4675; x_wconf 82' lang='grc' dir='ltr'>ἀγνοειν</span> <span class='ocrx_word' id='word_1_746' title='bbox 3391 4599 3530 4671; x_wconf 79' lang='grc'>(10),</span> <span class='ocrx_word' id='word_1_747' title='bbox 3569 4596 3653 4653; x_wconf 76' lang='grc' dir='ltr'>ὅτι</span> <span class='ocrx_word' id='word_1_748' title='bbox 3714 4600 3747 4653; x_wconf 73' lang='grc' dir='ltr'>ἃ</span> 
     </span>
    </p>
   </div>
   <div class='ocr_carea' id='block_1_97' title="bbox 333 4686 1980 4758">
    <p class='ocr_par' dir='ltr' id='par_1_97' title="bbox 333 4686 1980 4758">
     <span class='ocr_line' id='line_1_97' title="bbox 333 4686 1980 4758; baseline 0.004 -16"><span class='ocrx_word' id='word_1_749' title='bbox 333 4691 448 4742; x_wconf 92' lang='lat' dir='ltr'>Deo</span> <span class='ocrx_word' id='word_1_750' title='bbox 501 4686 867 4758; x_wconf 88' lang='lat' dir='ltr'>pollicemur,</span> <span class='ocrx_word' id='word_1_751' title='bbox 901 4704 1017 4743; x_wconf 90' lang='lat' dir='ltr'>non</span> <span class='ocrx_word' id='word_1_752' title='bbox 1057 4689 1127 4743; x_wconf 89' lang='lat' dir='ltr'>ad</span> <span class='ocrx_word' id='word_1_753' title='bbox 1162 4705 1268 4744; x_wconf 92' lang='lat' dir='ltr'>nos</span> <span class='ocrx_word' id='word_1_754' title='bbox 1319 4688 1493 4757; x_wconf 90' lang='lat' dir='ltr'>ultra,</span> <span class='ocrx_word' id='word_1_755' title='bbox 1527 4690 1626 4745; x_wconf 90' lang='lat' dir='ltr'>sed</span> <span class='ocrx_word' id='word_1_756' title='bbox 1675 4692 1747 4746; x_wconf 90' lang='lat' dir='ltr'>ad</span> <span class='ocrx_word' id='word_1_757' title='bbox 1798 4698 1980 4749; x_wconf 88' lang='lat' dir='ltr'>Deum</span> 
     </span>
    </p>
   </div>
   <div class='ocr_carea' id='block_1_98' title="bbox 333 4775 1984 4854">
    <p class='ocr_par' dir='ltr' id='par_1_98' title="bbox 333 4775 1984 4854">
     <span class='ocr_line' id='line_1_98' title="bbox 333 4775 1984 4854; baseline 0.005 -23"><span class='ocrx_word' id='word_1_758' title='bbox 333 4775 649 4848; x_wconf 90' lang='lat' dir='ltr'>pertinere.</span> <span class='ocrx_word' id='word_1_759' title='bbox 672 4777 835 4842; x_wconf 86' lang='lat' dir='ltr'>Quod</span> <span class='ocrx_word' id='word_1_760' title='bbox 868 4775 919 4832; x_wconf 91' lang='lat' dir='ltr'>si</span> <span class='ocrx_word' id='word_1_761' title='bbox 959 4777 1100 4848; x_wconf 92' lang='lat' dir='ltr'>quid</span> <span class='ocrx_word' id='word_1_762' title='bbox 1151 4777 1288 4833; x_wconf 91' lang='lat' dir='ltr'>inde</span> <span class='ocrx_word' id='word_1_763' title='bbox 1335 4777 1737 4850; x_wconf 89' lang='lat' dir='ltr'>detrahamus,</span> <span class='ocrx_word' id='word_1_764' title='bbox 1763 4798 1984 4854; x_wconf 89' lang='lat' dir='ltr'>nequa-</span> 
     </span>
    </p>
   </div>
   <div class='ocr_carea' id='block_1_99' title="bbox 330 4866 1986 4944">
    <p class='ocr_par' dir='ltr' id='par_1_99' title="bbox 330 4866 1986 4944">
     <span class='ocr_line' id='line_1_99' title="bbox 330 4866 1986 4944; baseline 0.005 -24"><span class='ocrx_word' id='word_1_765' title='bbox 330 4881 512 4936; x_wconf 87' lang='lat' dir='ltr'>quam</span> <span class='ocrx_word' id='word_1_766' title='bbox 555 4871 755 4922; x_wconf 88' lang='lat' dir='ltr'>nostra</span> <span class='ocrx_word' id='word_1_767' title='bbox 804 4866 1136 4933; x_wconf 88' lang='lat' dir='ltr'>sumimus;</span> <span class='ocrx_word' id='word_1_768' title='bbox 1171 4866 1274 4921; x_wconf 91' lang='lat' dir='ltr'>sed</span> <span class='ocrx_word' id='word_1_769' title='bbox 1321 4883 1449 4938; x_wconf 76' lang='lat' dir='ltr'>quas</span> <span class='ocrx_word' id='word_1_770' title='bbox 1500 4869 1598 4923; x_wconf 89' lang='lat' dir='ltr'>Dei</span> <span class='ocrx_word' id='word_1_771' title='bbox 1646 4875 1786 4926; x_wconf 88' lang='lat' dir='ltr'>sunt</span> <span class='ocrx_word' id='word_1_772' title='bbox 1814 4873 1986 4944; x_wconf 88' lang='lat' dir='ltr'>quasi</span> 
     </span>
    </p>
   </div>
   <div class='ocr_carea' id='block_1_100' title="bbox 326 4952 1985 5034">
    <p class='ocr_par' dir='ltr' id='par_1_100' title="bbox 326 4952 1985 5034">
     <span class='ocr_line' id='line_1_100' title="bbox 326 4952 1985 5034; baseline 0.005 -24"><span class='ocrx_word' id='word_1_773' title='bbox 326 4952 680 5026; x_wconf 88' lang='lat' dir='ltr'>expilamus.</span> <span class='ocrx_word' id='word_1_774' title='bbox 705 4953 1023 5011; x_wconf 90' lang='lat' dir='ltr'>Promissio</span> <span class='ocrx_word' id='word_1_775' title='bbox 1046 4971 1218 5026; x_wconf 91' lang='lat' dir='ltr'>porro</span> <span class='ocrx_word' id='word_1_776' title='bbox 1240 4970 1356 5011; x_wconf 90' lang='lat' dir='ltr'>non</span> <span class='ocrx_word' id='word_1_777' title='bbox 1377 4957 1450 5012; x_wconf 93' lang='lat' dir='ltr'>ad</span> <span class='ocrx_word' id='word_1_778' title='bbox 1469 4958 1747 5029; x_wconf 88' lang='lat' dir='ltr'>pecunias</span> <span class='ocrx_word' id='word_1_779' title='bbox 1770 4960 1985 5034; x_wconf 89' lang='lat' dir='ltr'>solum,</span> 
     </span>
    </p>
   </div>
   <div class='ocr_carea' id='block_1_101' title="bbox 2092 4684 3748 4769">
    <p class='ocr_par' dir='ltr' id='par_1_101' title="bbox 2092 4684 3748 4769">
     <span class='ocr_line' id='line_1_101' title="bbox 2092 4684 3748 4769; baseline -0.004 -21"><span class='ocrx_word' id='word_1_780' title='bbox 2092 4689 2546 4769; x_wconf 86' lang='grc' dir='ltr'>ἐπαγγελλόμεθα</span> <span class='ocrx_word' id='word_1_781' title='bbox 2575 4694 2715 4763; x_wconf 84' lang='grc' dir='ltr'>Θεῷ,</span> <span class='ocrx_word' id='word_1_782' title='bbox 2749 4688 2848 4746; x_wconf 81' lang='grc' dir='ltr'>οὐκ</span> <span class='ocrx_word' id='word_1_783' title='bbox 2876 4684 2955 4745; x_wconf 69' lang='grc' dir='ltr'>ἔτι</span> <span class='ocrx_word' id='word_1_784' title='bbox 2986 4687 3179 4744; x_wconf 89' lang='grc' dir='ltr'>λοιπόν</span> <span class='ocrx_word' id='word_1_785' title='bbox 3209 4687 3350 4742; x_wconf 85' lang='grc' dir='ltr'>ἐστιν</span> <span class='ocrx_word' id='word_1_786' title='bbox 3384 4689 3569 4760; x_wconf 80' lang='grc' dir='ltr'>ἡμῶν,</span> <span class='ocrx_word' id='word_1_787' title='bbox 3600 4685 3748 4744; x_wconf 76' lang='grc' dir='ltr'>ἀλλὰ</span> 
     </span>
    </p>
   </div>
   <div class='ocr_carea' id='block_1_102' title="bbox 2095 4775 3744 4859">
    <p class='ocr_par' dir='ltr' id='par_1_102' title="bbox 2095 4775 3744 4859">
     <span class='ocr_line' id='line_1_102' title="bbox 2095 4775 3744 4859; baseline -0.005 -20"><span class='ocrx_word' id='word_1_788' title='bbox 2095 4780 2211 4855; x_wconf 87' lang='grc' dir='ltr'>Θεῷ</span> <span class='ocrx_word' id='word_1_789' title='bbox 2269 4779 2532 4859; x_wconf 76' lang='grc' dir='ltr'>διαφέρει.</span> <span class='ocrx_word' id='word_1_790' title='bbox 2591 4779 2690 4835; x_wconf 78' lang='grc' dir='ltr'>Καὶ</span> <span class='ocrx_word' id='word_1_791' title='bbox 2759 4778 2847 4836; x_wconf 82' lang='grc' dir='ltr'>ἐὰν</span> <span class='ocrx_word' id='word_1_792' title='bbox 2920 4777 3284 4854; x_wconf 87' lang='grc' dir='ltr'>ἀποσύρωμεν</span> <span class='ocrx_word' id='word_1_793' title='bbox 3343 4776 3450 4832; x_wconf 89' lang='grc' dir='ltr'>ἀπὸ</span> <span class='ocrx_word' id='word_1_794' title='bbox 3511 4775 3744 4849; x_wconf 88' lang='grc' dir='ltr'>τούτων,</span> 
     </span>
    </p>
   </div>
   <div class='ocr_carea' id='block_1_103' title="bbox 2097 4863 3749 4948">
    <p class='ocr_par' dir='ltr' id='par_1_103' title="bbox 2097 4863 3749 4948">
     <span class='ocr_line' id='line_1_103' title="bbox 2097 4863 3749 4948; baseline -0.004 -21"><span class='ocrx_word' id='word_1_795' title='bbox 2097 4870 2206 4948; x_wconf 86' lang='grc' dir='ltr'>ούχ</span> <span class='ocrx_word' id='word_1_796' title='bbox 2259 4872 2336 4934; x_wconf 81' lang='grc' dir='ltr'>ὡς</span> <span class='ocrx_word' id='word_1_797' title='bbox 2385 4870 2454 4927; x_wconf 78' lang='grc' dir='ltr'>τὰ</span> <span class='ocrx_word' id='word_1_798' title='bbox 2503 4874 2661 4945; x_wconf 71' lang='grc' dir='ltr'>ἡμῶν</span> <span class='ocrx_word' id='word_1_799' title='bbox 2722 4868 2881 4942; x_wconf 81' lang='grc' dir='ltr'>ἐσμεν</span> <span class='ocrx_word' id='word_1_800' title='bbox 2941 4863 3331 4942; x_wconf 87' lang='grc' dir='ltr'>λαμϐάνοντες,</span> <span class='ocrx_word' id='word_1_801' title='bbox 3391 4865 3518 4922; x_wconf 82' lang='grc' dir='ltr'>ἀλλ’</span> <span class='ocrx_word' id='word_1_802' title='bbox 3575 4865 3650 4928; x_wconf 88' lang='grc' dir='ltr'>ὡς</span> <span class='ocrx_word' id='word_1_803' title='bbox 3680 4867 3749 4921; x_wconf 80' lang='grc' dir='ltr'>τὰ</span> 
     </span>
    </p>
   </div>
   <div class='ocr_carea' id='block_1_104' title="bbox 2095 4953 3747 5036">
    <p class='ocr_par' dir='ltr' id='par_1_104' title="bbox 2095 4953 3747 5036">
     <span class='ocr_line' id='line_1_104' title="bbox 2095 4953 3747 5036; baseline -0.004 -20"><span class='ocrx_word' id='word_1_804' title='bbox 2095 4965 2195 5017; x_wconf 91' lang='grc' dir='ltr'>τοῦ</span> <span class='ocrx_word' id='word_1_805' title='bbox 2242 4963 2378 5016; x_wconf 86' lang='grc' dir='ltr'>Θεοῦ</span> <span class='ocrx_word' id='word_1_806' title='bbox 2431 4956 2864 5036; x_wconf 75' lang='grc' dir='ltr'>ἱεροσυλοῦντες.</span> <span class='ocrx_word' id='word_1_807' title='bbox 2911 4963 2971 5013; x_wconf 85' lang='grc' dir='ltr'>Ἦ</span> <span class='ocrx_word' id='word_1_808' title='bbox 3020 4955 3079 5014; x_wconf 74' lang='grc' dir='ltr'>δὲ</span> <span class='ocrx_word' id='word_1_809' title='bbox 3121 4953 3414 5033; x_wconf 79' lang='grc' dir='ltr'>ἐπαγγελία</span> <span class='ocrx_word' id='word_1_810' title='bbox 3461 4953 3524 5011; x_wconf 85' lang='grc' dir='ltr'>ού</span> <span class='ocrx_word' id='word_1_811' title='bbox 3579 4955 3747 5030; x_wconf 69' lang='grc' dir='ltr'>μέχρι</span> 
     </span>
    </p>
   </div>
   <div class='ocr_carea' id='block_1_105' title="bbox 396 5149 1991 5226">
    <p class='ocr_par' dir='ltr' id='par_1_105' title="bbox 396 5149 1991 5226">
     <span class='ocr_line' id='line_1_105' title="bbox 396 5149 1991 5226; baseline 0.007 -22"><span class='ocrx_word' id='word_1_812' title='bbox 396 5149 619 5226; x_wconf 74' lang='lat' dir='ltr'>7_Hebr.</span> <span class='ocrx_word' id='word_1_813' title='bbox 655 5167 732 5217; x_wconf 82' lang='lat' dir='ltr'>vr,</span> <span class='ocrx_word' id='word_1_814' title='bbox 767 5150 855 5226; x_wconf 53' lang='lat'>48.</span> <span class='ocrx_word' id='word_1_815' title='bbox 894 5149 1155 5226; x_wconf 75' lang='lat' dir='ltr'>__°_Rom.</span> <span class='ocrx_word' id='word_1_816' title='bbox 1202 5165 1279 5218; x_wconf 84' lang='grc' dir='ltr'>ιν,</span> <span class='ocrx_word' id='word_1_817' title='bbox 1328 5151 1414 5226; x_wconf 76' lang='grc'>17.</span> <span class='ocrx_word' id='word_1_818' title='bbox 1493 5152 1789 5226; x_wconf 21' lang='lat' dir='ltr'>“UMalach.</span> <span class='ocrx_word' id='word_1_819' title='bbox 1823 5174 1909 5226; x_wconf 86' lang='lat' dir='ltr'>III,</span> <span class='ocrx_word' id='word_1_820' title='bbox 1941 5160 1991 5214; x_wconf 88' lang='lat'>6.</span> 
     </span>
    </p>
   </div>
   <div class='ocr_carea' id='block_1_106' title="bbox 2102 5149 3752 5226">
    <p class='ocr_par' dir='ltr' id='par_1_106' title="bbox 2102 5153 3752 5224">
     <span class='ocr_line' id='line_1_106' title="bbox 2102 5153 3752 5224; baseline -0.004 -10"><span class='ocrx_word' id='word_1_821' title='bbox 2102 5159 2120 5195; x_wconf 73' lang='grc' dir='ltr'><strong>υ</strong></span> <span class='ocrx_word' id='word_1_822' title='bbox 2152 5157 2303 5214; x_wconf 89' lang='lat' dir='ltr'>Psal.</span> <span class='ocrx_word' id='word_1_823' title='bbox 2339 5174 2467 5224; x_wconf 88' lang='lat' dir='ltr'>cxv,</span> <span class='ocrx_word' id='word_1_824' title='bbox 2503 5158 2590 5213; x_wconf 90' lang='grc'>11.</span> <span class='ocrx_word' id='word_1_825' title='bbox 2667 5158 2711 5192; x_wconf 89' lang='grc'>¹¹</span> <span class='ocrx_word' id='word_1_826' title='bbox 2771 5156 2941 5213; x_wconf 87' lang='lat' dir='ltr'>Deut.</span> <span class='ocrx_word' id='word_1_827' title='bbox 2994 5172 3134 5224; x_wconf 85' lang='lat' dir='ltr'>xxn,</span> <span class='ocrx_word' id='word_1_828' title='bbox 3166 5157 3220 5211; x_wconf 68' lang='grc'>4.</span> <span class='ocrx_word' id='word_1_829' title='bbox 3299 5155 3345 5190; x_wconf 85' lang='grc'>¹²</span> <span class='ocrx_word' id='word_1_830' title='bbox 3379 5153 3546 5210; x_wconf 83' lang='lat' dir='ltr'>Rom.</span> <span class='ocrx_word' id='word_1_831' title='bbox 3579 5168 3664 5221; x_wconf 86' lang='grc' dir='ltr'>ιιι,</span> <span class='ocrx_word' id='word_1_832' title='bbox 3698 5155 3752 5208; x_wconf 68' lang='lat'><strong>4-</strong></span> 
     </span>
    </p>
   </div>
   <div class='ocr_carea' id='block_1_107' title="bbox 331 5220 2009 5299">
    <p class='ocr_par' dir='ltr' id='par_1_107' title="bbox 331 5220 2009 5299">
     <span class='ocr_line' id='line_1_107' title="bbox 331 5220 2009 5299; baseline 0.007 -23"><span class='ocrx_word' id='word_1_833' title='bbox 331 5222 380 5280; x_wconf 68' lang='lat'><strong>1&#39;</strong></span> <span class='ocrx_word' id='word_1_834' title='bbox 408 5221 577 5280; x_wconf 87' lang='lat' dir='ltr'>Joan.</span> <span class='ocrx_word' id='word_1_835' title='bbox 608 5239 725 5289; x_wconf 73' lang='lat' dir='ltr'>xxv,</span> <span class='ocrx_word' id='word_1_836' title='bbox 756 5223 812 5294; x_wconf 82' lang='grc'>6,</span> <span class='ocrx_word' id='word_1_837' title='bbox 889 5221 934 5257; x_wconf 67' lang='grc' dir='ltr'>ίί</span> <span class='ocrx_word' id='word_1_838' title='bbox 964 5220 1118 5277; x_wconf 88' lang='lat' dir='ltr'>Psal.</span> <span class='ocrx_word' id='word_1_839' title='bbox 1151 5238 1282 5291; x_wconf 86' lang='lat' dir='ltr'>xxx,</span> <span class='ocrx_word' id='word_1_840' title='bbox 1312 5223 1403 5278; x_wconf 82' lang='grc'>24.</span> <span class='ocrx_word' id='word_1_841' title='bbox 1482 5224 1527 5259; x_wconf 79' lang='grc'>¹⁸</span> <span class='ocrx_word' id='word_1_842' title='bbox 1556 5226 1710 5282; x_wconf 88' lang='lat' dir='ltr'>Psal.</span> <span class='ocrx_word' id='word_1_843' title='bbox 1744 5220 2009 5299; x_wconf 23' lang='lat'>“11,746.</span> 
     </span>
    </p>
   </div>
   <div class='ocr_carea' id='block_1_108' title="bbox 397 5416 1981 5501">
    <p class='ocr_par' dir='ltr' id='par_1_108' title="bbox 397 5416 1981 5501">
     <span class='ocr_line' id='line_1_108' title="bbox 397 5416 1981 5501; baseline 0.007 -31"><span class='ocrx_word' id='word_1_844' title='bbox 397 5417 475 5486; x_wconf 93' lang='lat'>(8)</span> <span class='ocrx_word' id='word_1_845' title='bbox 509 5416 594 5501; x_wconf 68' lang='lat' dir='ltr'>Ita</span> <span class='ocrx_word' id='word_1_846' title='bbox 626 5418 860 5490; x_wconf 83' lang='lat' dir='ltr'>Regius,</span> <span class='ocrx_word' id='word_1_847' title='bbox 894 5417 1232 5474; x_wconf 89' lang='lat' dir='ltr'>Basiliensis</span> <span class='ocrx_word' id='word_1_848' title='bbox 1263 5421 1322 5473; x_wconf 87' lang='lat' dir='ltr'>et</span> <span class='ocrx_word' id='word_1_849' title='bbox 1351 5419 1574 5493; x_wconf 81' lang='lat' dir='ltr'>Anglic.</span> <span class='ocrx_word' id='word_1_850' title='bbox 1601 5427 1774 5481; x_wconf 86' lang='lat' dir='ltr'>recte.</span> <span class='ocrx_word' id='word_1_851' title='bbox 1803 5427 1981 5499; x_wconf 82' lang='lat' dir='ltr'>Editi,</span> 
     </span>
    </p>
   </div>
   <div class='ocr_carea' id='block_1_109' title="bbox 326 5505 1982 5647">
    <p class='ocr_par' dir='ltr' id='par_1_109' title="bbox 326 5505 1982 5647">
     <span class='ocr_line' id='line_1_109' title="bbox 326 5505 1982 5647; baseline 0.007 -34"><span class='ocrx_word' id='word_1_852' title='bbox 326 5505 751 5647; x_wconf 43' lang='grc' dir='ltr'>ἷιῖξῖτιῗιῒῗοιοξ</span> <span class='ocrx_word' id='word_1_853' title='bbox 785 5562 838 5630; x_wconf 90' lang='grc'>3,</span> <span class='ocrx_word' id='word_1_854' title='bbox 868 5559 1002 5647; x_wconf 50' lang='grc' dir='ltr'>μὲν,</span> <span class='ocrx_word' id='word_1_855' title='bbox 1025 5561 1207 5647; x_wconf 47' lang='lat' dir='ltr'>dueest:</span> <span class='ocrx_word' id='word_1_856' title='bbox 1229 5559 1485 5647; x_wconf 35' lang='lat' dir='ltr'>(Ibidem,</span> <span class='ocrx_word' id='word_1_857' title='bbox 1516 5565 1874 5647; x_wconf 54' lang='lat' dir='ltr'>Anglicanus</span> <span class='ocrx_word' id='word_1_858' title='bbox 1911 5573 1982 5647; x_wconf 34' lang='lat' dir='ltr'>‘et</span> 
     </span>
    </p>
   </div>
   <div class='ocr_carea' id='block_1_110' title="bbox 325 5629 1974 5712">
    <p class='ocr_par' dir='ltr' id='par_1_110' title="bbox 325 5629 1974 5712">
     <span class='ocr_line' id='line_1_110' title="bbox 325 5629 1974 5712; baseline 0.006 -27"><span class='ocrx_word' id='word_1_859' title='bbox 325 5629 498 5712; x_wconf 38' lang='lat' dir='ltr'>Bas‘il&#39;.</span> <span class='ocrx_word' id='word_1_860' title='bbox 529 5629 618 5712; x_wconf 64' lang='grc' dir='ltr'>τὸν</span> <span class='ocrx_word' id='word_1_861' title='bbox 653 5629 1201 5712; x_wconf 47' lang='grc' dir='ltr'>ψαλμιρδὸνβκζητεῖ</span> <span class='ocrx_word' id='word_1_862' title='bbox 1271 5629 1491 5712; x_wconf 64' lang='grc' dir='ltr'>ῐξύριρς.</span> <span class='ocrx_word' id='word_1_863' title='bbox 1513 5629 1687 5712; x_wconf 63' lang='lat' dir='ltr'>Editi,</span> <span class='ocrx_word' id='word_1_864' title='bbox 1710 5639 1801 5694; x_wconf 90' lang='grc' dir='ltr'>τὸν</span> <span class='ocrx_word' id='word_1_865' title='bbox 1833 5638 1974 5712; x_wconf 84' lang='grc' dir='ltr'>ψαλ-</span> 
     </span>
    </p>
   </div>
   <div class='ocr_carea' id='block_1_111' title="bbox 333 5653 1981 5785">
    <p class='ocr_par' dir='ltr' id='par_1_111' title="bbox 333 5653 1981 5785">
     <span class='ocr_line' id='line_1_111' title="bbox 333 5653 1974 5712; baseline 0.006 -27"><span class='ocrx_word' id='word_1_866' title='bbox 333 5653 498 5685; x_wconf 73' lang='lat' dir='ltr'>casu.</span> <span class='ocrx_word' id='word_1_867' title='bbox 529 5653 618 5685; x_wconf 90' lang='grc' dir='ltr'>τον</span> <span class='ocrx_word' id='word_1_868' title='bbox 653 5653 952 5704; x_wconf 82' lang='grc' dir='ltr'>ψαΛμῳοον</span> <span class='ocrx_word' id='word_1_869' title='bbox 987 5653 1078 5700; x_wconf 83' lang='grc' dir='ltr'>εκι,</span> <span class='ocrx_word' id='word_1_870' title='bbox 1118 5653 1200 5685; x_wconf 91' lang='grc' dir='ltr'>τει</span> <span class='ocrx_word' id='word_1_871' title='bbox 1222 5653 1249 5685; x_wconf 92' lang='grc' dir='ltr'>ο</span> <span class='ocrx_word' id='word_1_872' title='bbox 1275 5653 1491 5705; x_wconf 66' lang='grc' dir='ltr'>ιιυριος.</span> <span class='ocrx_word' id='word_1_873' title='bbox 1515 5653 1687 5707; x_wconf 68' lang='lat' dir='ltr'>multi,</span> <span class='ocrx_word' id='word_1_874' title='bbox 1710 5653 1801 5694; x_wconf 86' lang='grc' dir='ltr'>τον</span> <span class='ocrx_word' id='word_1_875' title='bbox 1833 5653 1974 5712; x_wconf 81' lang='grc' dir='ltr'>ψαλ-</span> 
     </span>
     <span class='ocr_line' id='line_1_112' title="bbox 333 5653 1981 5785; baseline 0.011 -32"><span class='ocrx_word' id='word_1_876' title='bbox 333 5697 513 5774; x_wconf 86' lang='grc' dir='ltr'>μῳδόν</span> <span class='ocrx_word' id='word_1_877' title='bbox 549 5702 848 5774; x_wconf 87' lang='lat' dir='ltr'>(Commel.</span> <span class='ocrx_word' id='word_1_878' title='bbox 880 5653 1199 5778; x_wconf 46' lang='lat' dir='ltr'>illulptpgbv)</span> <span class='ocrx_word' id='word_1_879' title='bbox 1236 5701 1475 5774; x_wconf 83' lang='grc' dir='ltr'>ἐκζητῶν</span> <span class='ocrx_word' id='word_1_880' title='bbox 1504 5707 1533 5761; x_wconf 82' lang='lat'>6</span> <span class='ocrx_word' id='word_1_881' title='bbox 1567 5706 1785 5785; x_wconf 85' lang='grc' dir='ltr'>Κύριος.</span> <span class='ocrx_word' id='word_1_882' title='bbox 1827 5713 1981 5781; x_wconf 88' lang='lat' dir='ltr'>Mox,</span> 
     </span>
    </p>
   </div>
   <div class='ocr_carea' id='block_1_112' title="bbox 2088 5230 2467 5298">
    <p class='ocr_par' dir='ltr' id='par_1_112' title="bbox 2088 5230 2467 5298">
     <span class='ocr_line' id='line_1_113' title="bbox 2088 5230 2467 5298; baseline -0.003 -13"><span class='ocrx_word' id='word_1_883' title='bbox 2088 5231 2132 5269; x_wconf 81' lang='grc'>¹⁶</span> <span class='ocrx_word' id='word_1_884' title='bbox 2163 5234 2290 5286; x_wconf 79' lang='lat' dir='ltr'>Act.</span> <span class='ocrx_word' id='word_1_885' title='bbox 2321 5246 2378 5298; x_wconf 91' lang='lat' dir='ltr'>v,</span> <span class='ocrx_word' id='word_1_886' title='bbox 2411 5230 2467 5285; x_wconf 85' lang='grc'>4.</span> 
     </span>
    </p>
   </div>
   <div class='ocr_carea' id='block_1_113' title="bbox 2092 5418 3750 5499">
    <p class='ocr_par' dir='ltr' id='par_1_113' title="bbox 2092 5418 3750 5499">
     <span class='ocr_line' id='line_1_114' title="bbox 2092 5418 3750 5499; baseline -0.003 -16"><span class='ocrx_word' id='word_1_887' title='bbox 2092 5426 2452 5499; x_wconf 70' lang='lat' dir='ltr'>Anglicanus</span> <span class='ocrx_word' id='word_1_888' title='bbox 2483 5425 2670 5495; x_wconf 86' lang='lat' dir='ltr'>solus,</span> <span class='ocrx_word' id='word_1_889' title='bbox 2694 5442 2869 5499; x_wconf 90' lang='lat' dir='ltr'>quem</span> <span class='ocrx_word' id='word_1_890' title='bbox 2902 5425 3232 5498; x_wconf 92' lang='lat' dir='ltr'>sequimur,</span> <span class='ocrx_word' id='word_1_891' title='bbox 3262 5422 3324 5477; x_wconf 88' lang='grc' dir='ltr'>τὸ</span> <span class='ocrx_word' id='word_1_892' title='bbox 3355 5418 3413 5476; x_wconf 75' lang='grc' dir='ltr'>δὶ</span> <span class='ocrx_word' id='word_1_893' title='bbox 3444 5418 3664 5496; x_wconf 81' lang='grc' dir='ltr'>ψεῦδος,</span> <span class='ocrx_word' id='word_1_894' title='bbox 3690 5424 3750 5478; x_wconf 84' lang='grc' dir='ltr'>ἱιι</span> 
     </span>
    </p>
   </div>
   <div class='ocr_carea' id='block_1_114' title="bbox 2090 5493 2641 5567">
    <p class='ocr_par' dir='ltr' id='par_1_114' title="bbox 2090 5493 2641 5567">
     <span class='ocr_line' id='line_1_115' title="bbox 2090 5493 2641 5567; baseline -0.009 -11"><span class='ocrx_word' id='word_1_895' title='bbox 2090 5493 2334 5567; x_wconf 61' lang='grc' dir='ltr'>οιειῖεινὶε,</span> <span class='ocrx_word' id='word_1_896' title='bbox 2368 5493 2424 5551; x_wconf 76' lang='grc' dir='ltr'>δὲ</span> <span class='ocrx_word' id='word_1_897' title='bbox 2455 5499 2641 5553; x_wconf 89' lang='lat' dir='ltr'>deest.</span> 
     </span>
    </p>
   </div>
   <div class='ocr_carea' id='block_1_115' title="bbox 2161 5566 3750 5642">
    <p class='ocr_par' dir='ltr' id='par_1_115' title="bbox 2161 5566 3750 5642">
     <span class='ocr_line' id='line_1_116' title="bbox 2161 5566 3750 5642; baseline -0.002 -17"><span class='ocrx_word' id='word_1_898' title='bbox 2161 5570 2274 5641; x_wconf 90' lang='grc'>(10)</span> <span class='ocrx_word' id='word_1_899' title='bbox 2307 5566 2458 5635; x_wconf 59' lang='lat' dir='ltr'>Herc,</span> <span class='ocrx_word' id='word_1_900' title='bbox 2487 5566 3205 5642; x_wconf 32' lang='lat' dir='ltr'>xaipﬁjyvpcivtdesunt</span> <span class='ocrx_word' id='word_1_901' title='bbox 3233 5566 3291 5623; x_wconf 93' lang='lat' dir='ltr'>in</span> <span class='ocrx_word' id='word_1_902' title='bbox 3329 5567 3475 5624; x_wconf 84' lang='lat' dir='ltr'>Felc.</span> <span class='ocrx_word' id='word_1_903' title='bbox 3501 5567 3553 5622; x_wconf 84' lang='lat'>3.</span> <span class='ocrx_word' id='word_1_904' title='bbox 3590 5567 3750 5622; x_wconf 78' lang='lat' dir='ltr'>infra</span> 
     </span>
    </p>
   </div>
   <div class='ocr_carea' id='block_1_116' title="bbox 2094 5637 3197 5715">
    <p class='ocr_par' dir='ltr' id='par_1_116' title="bbox 2094 5637 3197 5715">
     <span class='ocr_line' id='line_1_117' title="bbox 2094 5637 3197 5715; baseline -0.002 -17"><span class='ocrx_word' id='word_1_905' title='bbox 2094 5637 2311 5714; x_wconf 77' lang='lat' dir='ltr'>Regius</span> <span class='ocrx_word' id='word_1_906' title='bbox 2347 5647 2404 5698; x_wconf 90' lang='lat' dir='ltr'>et</span> <span class='ocrx_word' id='word_1_907' title='bbox 2434 5637 2661 5715; x_wconf 79' lang='lat' dir='ltr'>Anglic.</span> <span class='ocrx_word' id='word_1_908' title='bbox 2694 5637 2782 5695; x_wconf 76' lang='grc' dir='ltr'>ἐὰν</span> <span class='ocrx_word' id='word_1_909' title='bbox 2814 5637 3197 5714; x_wconf 84' lang='grc' dir='ltr'>ὑποσύρωμεν.</span> 
     </span>
    </p>
   </div>
  </div>
