4154 6380
344 402 464 461 189

1388 396 1491 457 DE
1538 394 1923 458 PASSIONE
1967 397 2068 458 ET
2112 396 2369 459 CRUGE
2419 398 2724 458 DOMINI.

3655 395 3771 456 190

343 527 650 605 χρημάτων
685 529 802 601 (11)
852 527 1037 600 μόνον,
1097 524 1240 581 ἀλλὰ
1300 528 1389 581 καὶ
1450 528 1615 602 μέχρι
1677 524 1844 603 λόγου
1911 526 1995 580 καὶ

2116 530 2217 584 sed
2251 529 2427 585 etiam
2459 530 2529 583 ad
2578 529 2775 596 verba,
2813 530 2882 583 ad
2940 527 3418 599 propositumque
3465 525 3766 597 pertingit.

342 618 715 694 προαιρέσεως
772 617 941 685 αὐτῆς
1021 616 1226 694 φθάνει.
1282 613 1417 669 Οὐδὲ
1474 618 1576 689 γὰρ
1640 613 1693 670 εἷ’
1751 637 1833 677 τις
1892 615 2003 671 ἐστι

344 709 508 778 πένης
578 706 910 782 χρημάτων,
969 706 1125 766 οὗτος
1180 706 1269 759 καὶ
1330 705 1717 781 προαιρέσεως.
1780 706 2001 777 Ἀμέλει

340 798 405 852 τὸ
467 799 601 872 μέγα
660 792 830 857 ὄντως
877 794 966 849 καὶ
1023 796 1167 849 θεῖον
1228 798 1525 871 μυστήριον
1584 797 1743 868 ἡμῶν
1789 795 1886 849 οὐκ
1916 795 2003 849 ἐπὶ

342 890 623 962 χρήμασιν
685 884 801 959 ἔχει
853 885 953 952 τὴν
1015 884 1330 959 ὑπόσχεσιν,
1383 883 1508 939 ἀλλ’
1550 882 1635 938 ἐπὶ
1694 884 2001 959 προαιρέσει

342 976 533 1046 τελείᾳ
562 975 652 1029 καὶ
680 977 748 1046 τῇ
780 974 914 1026 κατὰ
946 973 1071 1027 Θεὸν
1124 972 1323 1029 πίστεί.
1385 972 1585 1034 Πάντες
1644 977 1773 1046 γοῦν
1831 972 2003 1047 ἐπηγ-

348 1063 672 1139 γειλάμεθα,
732 1061 817 1116 καὶ
894 1063 1088 1123 πάντες
1166 1061 1324 1134 ἐσμὲν
1404 1059 1738 1137 ἐπαγγελίας
1822 1066 2002 1137 χρεῶ-

346 1172 486 1208 σται·
551 1151 687 1206 ὥστε
744 1152 942 1225 ἀνάγκη
1005 1148 1326 1205 ἀποδιδόναι
1380 1153 1478 1219 τήν
1558 1152 1649 1223 μὲν
1711 1151 2003 1225 παρθένον,

346 1243 445 1310 τὴν
524 1241 797 1317 παρθενίαν
885 1239 1077 1293 ὁποίαν
1143 1240 1232 1293 καὶ
1312 1238 1698 1314 ἐπηγγείλατο·
1776 1241 1867 1293 τὸν
1944 1237 2001 1293 δὲ

352 1331 605 1405 ἐγκρατῆ,
654 1330 750 1397 τὴν
800 1329 1133 1404 ἐγκράτειαν·
1184 1330 1309 1389 τοὺς
1368 1326 1424 1383 δὲ
1464 1328 1515 1383 ἐν
1547 1329 1730 1403 γάμῳ,
1762 1329 1858 1396 τὴν
1894 1350 2001 1382 σω-

290 1462 301 1466 -
347 1419 635 1497 φροσύνην,
697 1418 785 1472 καὶ
826 1420 924 1485 τὴν
976 1419 1113 1493 πρὸς
1167 1418 1450 1486 ἀλλήλους
1508 1418 1723 1492 ἀγάπην
1781 1419 1871 1472 καὶ
1917 1439 2000 1471 τι-

346 1510 475 1579 μήν⁶
509 1509 599 1561 καὶ
629 1506 787 1569 τέλος
822 1508 1024 1569 πάντας
1054 1509 1151 1576 τὴν
1186 1507 1263 1569 εἷς
1306 1508 1433 1561 Θεὸν
1486 1509 1663 1561 πίστιν
1710 1508 1799 1561 καὶ
1850 1505 2005 1561 εὐλά-

342 1591 490 1651 ϐειαν
564 1596 654 1650 καὶ
733 1594 1101 1667 δικαιοσύνην,
1180 1595 1270 1651 καὶ
1328 1595 1568 1670 ἀνδρίαν·
1641 1597 1729 1650 ἳνα
1790 1598 1866 1669 μή
1926 1596 2001 1658 ὡς

339 1686 662 1760 ἀγνώμονας
739 1688 891 1758 ἡμᾶς
961 1686 1024 1740 τὸ
1101 1684 1450 1762 παράδειγμα
1494 1690 1601 1740 τῶν
1658 1685 1782 1761 περὶ
1840 1687 1999 1742 Ἀνα-

332 1773 446 1828 νίαν
514 1776 624 1847 (12)
706 1774 794 1829 καὶ
882 1774 1189 1850 Σάπφειραν
1268 1769 1568 1848 καταλάϐῃ.
1638 1774 1848 1831 Τούτου
1896 1775 1998 1849 γὰρ

335 1865 497 1939 χάριν
550 1864 640 1918 καὶ
694 1864 722 1917 ὁ
767 1863 1134 1926 ἀποστολικὸς
1181 1863 1641 1940 προασφαλίζεται
1692 1863 1881 1939 λόγος·
1915 1863 1998 1917 ὅτι

346 1975 377 2006 ι(
406 1950 669 2009 Ἀπόδοτε
698 1958 827 2008 πᾶσι
859 1952 953 2014 τὰς
988 1950 1233 2030 ὀφειλάς,
1265 1956 1343 2024 τῷ
1370 1954 1459 2007 τὸν
1497 1952 1661 2029 φόρον
1693 1953 1783 2006 τὸν
1808 1950 1997 2029 φόρον·

336 2046 417 2114 τῷ
462 2042 564 2110 τὴν
623 2044 793 2114 τιμὴν
850 2044 951 2111 τὴν
1008 2044 1199 2114 τιμήν.
1255 2040 1459 2111 Μηδενὶ
1513 2039 1682 2114 μηδὲν
1733 2040 1998 2118 ὀφείλετε,

339 2130 386 2186 εί
440 2132 517 2204 μὴ
566 2132 629 2186 τὸ
673 2130 960 2200 ἀλλήλους
1010 2130 1245 2205 ἀγαπᾷν.
1298 2154 1325 2182 ››
1372 2136 1540 2186 Τοῦτο
1579 2130 1874 2201 πεποίηκεν
1905 2130 2001 2185 αὐ-

337 2221 432 2282 τὸς
490 2221 517 2273 ὁ
573 2224 741 2274 ταῦτα
787 2220 1091 2296 κηρύττων.
1167 2221 1368 2295 Ὠσπερ
1447 2222 1562 2293 (13)
1635 2220 1725 2274 οὗν
1782 2218 1999 2295 παρῥη-

339 2308 577 2378 σιάζεται
633 2309 876 2387 γράφων⁸
942 2333 971 2361 (ι
1028 2310 1127 2363 Τὸν
1188 2307 1356 2363 καλὸν
1418 2309 1602 2383 ἀγῶνα
1659 2310 1997 2383 ἠγώνισμαιο

334 2400 427 2454 τὸν
479 2396 684 2474 δρόμον
731 2397 1004 2465 τετέλεκα,
1066 2400 1165 2467 τήν
1217 2397 1397 2453 πίστιν
1449 2400 1743 2474 τετήρηκα’
1808 2396 2003 2453 λοιπὸν

333 2487 617 2543 ἀπόκειταί
668 2509 764 2559 μοι
819 2488 847 2541 ὀ
888 2494 988 2555 τῆς
1037 2483 1388 2558 δικαιοσύνης
1444 2489 1727 2565 στέφανος,
1770 2487 1828 2541 ὅν
1863 2488 1998 2542 ἀπο-

335 2576 498 2633 δώσει
566 2598 660 2649 μοι
711 2578 739 2632 ὁ
790 2575 996 2638 δίκαιος
1044 2579 1259 2651 κριτής.
1312 2599 1341 2628 ››
1400 2579 1488 2646 Μὴ
1535 2577 1870 2651 ψευσάμενος
1899 2577 2001 2652 γὰρ

2111 617 2237 672 Νοη
2267 619 2421 671 enim
2457 616 2726 688 quisquis
2755 616 2997 685 divitiis,
3022 616 3071 670 is
3094 615 3392 686 pr0posito
3416 632 3639 687 pauper
3659 618 3770 670 est.

2114 708 2275 760 Certe
2307 723 2437 760 vere
2469 722 2749 777 magnum
2805 704 2969 772 illud,
3006 704 3388 774 divinumque
3421 704 3771 774 mysterium

2113 801 2403 861 nostrum,
2441 812 2552 849 non
2585 795 2641 848 in
2676 794 2938 865 pecuniis
2970 793 3145 847 habet
3176 791 3646 863 promissionem,
3668 792 3770 846 sed

2115 884 2170 938 in
2192 884 2445 955 perfecto
2471 884 2769 955 proposito
2789 888 2844 938 et
2869 884 2979 937 ﬁde
3013 899 3147 951 erga
3163 880 3365 935 Deum.
3392 880 3607 935 Omnes
3629 896 3772 936 sane

2118 973 2539 1044 promittimus,
2573 989 2779 1028 omnes
2828 971 2944 1027 voti
2991 970 3284 1026 debitores
3316 986 3560 1037 sumus;
3595 969 3678 1024 ita
3706 973 3773 1023 ut

2114 1077 2422 1117 necessum
2457 1061 2534 1116 sit
2583 1079 2811 1116 servare
2842 1060 3126 1132 virginem
3166 1059 3586 1130 virginitatem,
3620 1074 3772 1129 qua-

2112 1150 2224 1206 lem
2259 1152 2565 1220 promisit;
2610 1151 3035 1212 continentem,
3068 1147 3491 1203 continentiam
3520 1164 3533 1214 ;
3567 1147 3771 1217 conju-

2111 1246 2298 1311 gatos,
2335 1240 2702 1311 pudicitiam,
2726 1244 2999 1293 mutuum
3022 1254 3304 1307 amorem,
3330 1237 3729 1307 honoremque
3756 1251 3770 1291 :

2112 1330 2351 1384 demum
2377 1346 2582 1384 omnes
2606 1330 2781 1383 ﬁdem
2808 1333 2863 1383 et
2886 1327 3266 1383 reverentiam
3290 1342 3427 1397 erga
3448 1324 3772 1395 Deum,ju-

2112 1419 2335 1474 stitiam
2354 1422 2409 1472 et
2435 1418 2835 1472 fortitudinem
2867 1436 2879 1484 ;
2914 1434 2986 1471 ne
3008 1433 3114 1471 nos
3140 1421 3336 1486 utpote
3359 1414 3620 1484 ingratos
3645 1430 3776 1484 per-

2111 1508 2401 1578 ﬁdosque,
2424 1508 2657 1561 Ananiae
2680 1511 2738 1561 et
2756 1506 3058 1577 Sapphira
3088 1503 3416 1575 exemplum
3442 1502 3767 1574 apprehen-

2113 1598 2231 1651 dat.
2266 1597 2454 1667 Hujus
2485 1595 2640 1652 enim
2666 1596 2746 1651 rei
2784 1594 3168 1666 praecavenda;
3191 1592 3380 1663 gratia
3409 1591 3769 1662 apostolicus

2112 1685 2380 1739 ﬁrmatur
2425 1701 2617 1740 sermo
2652 1700 2664 1739 :
2714 1706 2742 1733 ‹‹
2777 1684 3019 1738 Reddite
3066 1682 3343 1736 omnibus
3392 1680 3591 1735 debita
3624 1698 3636 1735 :
3672 1680 3770 1734 cui

2108 1773 2381 1845 vectigal,
2412 1773 2655 1845 vectigal
2684 1791 2696 1837 ;
2749 1774 2842 1828 cui
2886 1773 3179 1839 timorem,
3215 1771 3488 1825 timorem
3538 1769 3632 1824 cui
3663 1768 3767 1824 ho-

2112 1880 2336 1933 norem,
2372 1863 2675 1918 honorem.
2711 1862 2940 1917 Ncmini
2974 1860 3297 1932 quidquam
3331 1859 3615 1927 debeatis,
3650 1858 3764 1914 nisi

2113 1957 2178 2007 ut
2206 1969 2305 2007 vos
2356 1957 2564 2007 mutuo
2612 1951 2871 2023 diligatis
2896 1952 2956 2003 ¹“¹.
2996 1973 3022 1998 ››
3055 1950 3172 2004 Hoc
3204 1947 3474 2019 praestitit
3511 1948 3639 2018 ipse
3669 1947 3774 2018 qui

2109 2041 2226 2096 ista
2274 2041 2626 2111 praedicavit.
2671 2042 2861 2110 Atque
2908 2039 3036 2094 ideo
3070 2038 3190 2092 haec
3239 2037 3486 2092 ﬁdenter
3522 2037 3593 2090 de
3643 2051 3772 2092 sese

2112 2130 2388 2202 praedicat
2422 2147 2434 2184 :
2475 2152 2494 2177 α
2534 2131 2753 2184 Bonum
2779 2133 3073 2183 certamen
3104 2128 3342 2191 certavi,
3367 2142 3607 2180 cursum
3631 2141 3769 2180 con-

2112 2220 2427 2284 summavi,
2482 2218 2655 2273 ﬁdem
2708 2217 2931 2273 servavi
2968 2216 3068 2271 :in
3117 2215 3344 2286 reliquo
3398 2214 3654 2285 reposita
3681 2217 3772 2270 est

2112 2309 2256 2363 mihi
2279 2325 2494 2363 corona
2518 2307 2789 2379 justitiaa,
2825 2323 3000 2379 quem
3034 2306 3238 2360 reddet
3269 2303 3412 2358 mihi
3437 2305 3641 2375 justus
3666 2303 3769 2374 ju-

2113 2400 2218 2454 dex
2247 2399 2309 2451 ‘3.
2348 2419 2376 2447 »
2407 2398 2530 2452 Non
2581 2397 2735 2451 enim
2772 2396 3025 2450 mendax
3055 2394 3113 2448 in
3147 2391 3476 2464 promissis,
3510 2392 3612 2446 sed
3645 2408 3769 2446 ser-

2111 2504 2254 2543 vans
2285 2503 2353 2542 ea
2379 2503 2503 2557 quae
2530 2491 2639 2540 Deo
2670 2484 2969 2557 pollicitus
3000 2486 3144 2549 erat,
3180 2498 3212 2536 a
3239 2497 3377 2535 vero
3407 2484 3463 2535 et
3490 2479 3617 2551 ipse
3647 2479 3764 2535 Deo

2115 2576 2370 2631 obtinuit
2401 2592 2517 2629 non
2547 2574 2828 2628 caducam
2864 2570 3336 2644 promissionem.

334 2667 418 2745 ἐφ’
452 2666 535 2727 οἷς
569 2663 954 2741 ἐπηγγείλατο,
990 2663 1134 2719 ἀλλά
1163 2664 1251 2718 καὶ
1282 2667 1524 2739 τηρήσας
1544 2668 1643 2735 τὴν
1674 2666 1811 2742 πρὸς
1842 2667 1933 2719 τὸν
1968 2663 2094 2720 Θεὸν
2123 2662 2440 2738 ὑπόσχεσιν,
2485 2660 2613 2736 ἔσχε
2641 2660 2729 2715 καὶ
2784 2659 2941 2721 αὐτὸς
2993 2656 3331 2713 ἀδιάπτωτον
3384 2657 3482 2725 τήν
3535 2655 3768 2730 ἐπαγγε-

338 2756 464 2812 λίαν
496 2754 644 2828 παρὰ
666 2759 762 2808 τοῦ
795 2754 1059 2825 ἀληθινοῦ
1089 2758 1245 2811 Θεοῦ.

412 2848 465 2901 4.
529 2844 733 2897 Οὐκοῦν
796 2841 885 2896 διὰ
968 2848 1129 2898 τοῦτο
1193 2845 1329 2916 ἡμῖν
1390 2838 1756 2916 συμϐουλεύει
1805 2841 2000 2916 λέγων·

349 2960 372 2987 ιι
405 2934 495 3000 Μὴ
552 2929 808 3006 ψεύδεσθε
861 2932 937 2993 εἷς
987 2930 1299 3002 ἀλλήλους·
1350 2934 1501 2986 »καὶ
1554 2930 1741 2987 πάλιν
1809 2954 1835 2987 α
1891 2937 2000 2986 Πᾶν

349 3020 539 3095 ψεῦδος
563 3021 622 3076 ἐκ
650 3026 747 3076 τοῦ
781 3017 1052 3093 στόματος
1086 3022 1235 3093 ὑμῶν
1268 3023 1379 3093 (14)
1434 3022 1510 3093 μὴ
1545 3020 1936 3097 ἐκπορευέσθω.
1970 3043 1999 3072 ››

354 3110 502 3165 Θέλει
554 3111 654 3186 γὰρ
708 3113 858 3183 ἡμᾶς
911 3111 1155 3182 μιμητὰς
1208 3110 1398 3164 ἑαυτοῦ
1456 3110 1697 3183 γενέσθαι
1752 3112 1997 3188 γράφων·

347 3222 375 3251 ‹‹
423 3197 717 3269 ’Δλήθειαν
774 3197 938 3275 λέγω,
984 3198 1044 3251 ού
1077 3196 1369 3271 ψεύδομαι.
1408 3222 1434 3249 ››
1470 3196 1687 3266 Ἐπειδή
1718 3198 1808 3251 καὶ
1840 3197 2001 3273 εὐαγ-

345 3285 564 3362 γελικόν
613 3288 724 3342 ἐστι
774 3293 870 3342 τοῦ
924 3287 1133 3361 Κυρίου
1181 3285 1337 3363 ῥητὸν
1391 3287 1525 3342 εἶναι
1555 3289 1715 3359 ἡμῶν
1764 3287 1827 3341 τὸ
1876 3284 1996 3357 Ναί,

2185 2844 2237 2898 4.
2266 2846 2451 2913 Atque
2480 2842 2615 2897 hinc
2646 2845 2734 2897 est
2756 2842 2910 2914 quod
2936 2840 3105 2896 nobis
3138 2840 3346 2895 suadet
3379 2855 3392 2893 :
3429 2858 3458 2889 «
3487 2838 3569 2892 Ne
3600 2853 3770 2892 men-

2114 2932 2340 2987 tiamini
2373 2932 2619 2985 invicem
2646 2932 2705 2984 ‘9.
2739 2953 2760 2981 ι
2806 2932 2875 2986 Ει
2924 2946 3161 2985 rursum
3197 2946 3208 2983 :
3248 2950 3269 2978 ιι
3305 2928 3489 2983 Omne
3522 2927 3767 2982 menda-

2112 3021 2269 3077 cium
2318 3036 2384 3075 ex
2431 3037 2528 3075 ore
2576 3024 2769 3074 vestro
2802 3037 2915 3074 non
2968 3019 3241 3090 procedat
3259 3018 3323 3070 ²⁰.
3358 3039 3387 3066 ››
3418 3016 3560 3070 Vult
3605 3015 3765 3071 enim

2112 3126 2220 3165 nos
2248 3110 2338 3164 sui
2374 3109 2699 3163 imitatores
2728 3124 2857 3163 esse
2888 3124 3022 3163 cum
3066 3108 3149 3162 ait
3173 3124 3185 3160 :
3206 3130 3233 3157 «
3258 3104 3576 3161 Veritatem
3609 3104 3765 3176 dico,

2111 3215 2226 3253 non
2251 3198 2502 3253 mentior
2526 3199 2591 3251 ²ι.
2619 3222 2641 3248 ι
2671 3198 2911 3252 Maxime
2935 3213 3070 3252 cum
3092 3196 3234 3251 illud
3258 3195 3336 3250 sit
3355 3192 3760 3265 evangelicum

2109 3285 2343 3342 Domini
2377 3287 2622 3355 dictum,
2647 3292 2710 3341 ut
2732 3287 2811 3341 sit
2843 3290 3134 3353 nostrum,
3160 3286 3269 3353 Ita,
3290 3284 3408 3350 ita;
3440 3284 3587 3351 Non,
3623 3298 3763 3337 non.

340 3378 449 3444 ναὶ,
508 3377 596 3431 καὶ
643 3378 706 3433 τὸ
756 3374 850 3449 Οὔ,
902 3373 990 3435 οὕ,
1050 3378 1229 3451 Μέχρι
1260 3376 1458 3431 τούτου
1486 3378 1535 3430 οἱ
1568 3377 1618 3431 ἐν
1650 3375 1869 3450 Χριστῷ
1904 3377 1995 3451 βε-

2112 3376 2426 3448 Hucusque
2457 3376 2557 3448 qui
2606 3393 2736 3431 vere
2766 3375 2979 3430 Christi
3013 3380 3153 3430 sunt
3187 3375 3422 3428 ﬁrment
3460 3386 3765 3428 sermones

338 3461 674 3522 ϐαιούτωσαν
727 3467 930 3521 ἑαυτῶν
979 3466 1107 3528 τοὺς
1156 3464 1383 3540 λύγους,
1438 3465 1659 3538 καὶμὴ,
1694 3464 1994 3540 περαιτέρω

340 3554 640 3630 βαίνοντες,
726 3555 800 3616 εἰς
880 3553 1073 3629 ὅρκους
1156 3554 1599 3633 καταφεύγωμεν·
1689 3554 1827 3609 ὥστε
1903 3555 1993 3609 καὶ

338 3646 589 3722 φθαρτων
621 3646 783 3720 χάριν
812 3645 1118 3719 χρημάτων
1155 3644 1379 3718 ὀμνύναι
1410 3644 1502 3698 τὸν
1551 3646 1702 3714 Θεὸν,
1760 3643 1994 3717 μάλιστα

336 3733 577 3796 Μωσέως
610 3736 1058 3807 νομοθετοῦντοςο
1095 3758 1123 3787 ‹‹
1156 3733 1234 3791 Οὐ
1263 3733 1415 3808 λήψῃ
1450 3735 1513 3789 τὸ
1562 3729 1738 3807 ὄνομα
1793 3732 1991 3807 Κυρίου

336 3825 435 3877 τοῦ
487 3827 621 3879 Θεοῦ
662 3843 758 3876 σου
803 3821 892 3877 ἐπὶ
947 3823 1183 3896 ματαίῳ.
1218 3848 1240 3878 ι
1278 3822 1344 3877 Ei’
1371 3823 1470 3898 γὰρ
1504 3821 1648 3885 ὅλως
1684 3820 1828 3893 ἄξιος
1859 3845 1991 3898 τυγ-

337 3911 493 3988 χάνει
548 3933 631 3975 τις
693 3910 961 3985 ὀνομασαι
1028 3913 1120 3966 τὸν
1179 3913 1332 3979 Θεὸν,
1390 3911 1698 3984 ἀξιόπιστός
1761 3912 1990 3967 ἐστικαὶ

336 4000 516 4078 χωρὶς
572 3999 737 4077 ὅρκου
812 4002 1182 4069 πιστευθῆναιο
1247 4002 1275 4054 ὁ
1334 4002 1437 4076 γὰρ
1495 4001 1631 4075 πρὸς
1683 4002 1745 4055 τὸ
1806 4006 1988 4073 μεῖζον

335 4090 517 4152 ἱκανὸς
567 4089 861 4165 γενόμενος
920 4088 1119 4160 πολλῷ
1153 4086 1319 4143 πλέον
1372 4089 1506 4164 πρὸς
1549 4089 1612 4143 τὸ
1644 4087 1865 4143 ἔλαττον
1898 4089 1992 4164 γέ-

333 4181 466 4234 νοιτ’
524 4180 583 4234 ἂν
645 4179 850 4240 ἱκανός.
900 4178 964 4232 Ei
1010 4175 1068 4232 δὲ
1126 4179 1201 4250 μή
1263 4176 1403 4232 ἐστιν
1462 4177 1772 4247 ἀξιόπιστος
1812 4180 1990 4253 χωρὶς

333 4268 500 4343 ὅρκου
567 4270 939 4337 πιστευθῆναι,
999 4267 1098 4321 οὐκ
1158 4265 1299 4321 ἔστιν
1358 4264 1460 4341 ἄρα
1518 4264 1663 4339 ἄξιος
1716 4264 1840 4321 οὐδὲ
1879 4270 1988 4341 (15)

330 4357 597 4431 ὀνομάσαι
644 4358 707 4412 τὸ
756 4353 928 4430 ὄνομα
977 4355 1200 4432 Κυρίου,
1249 4356 1349 4409 οὐκ
1397 4353 1506 4409 ἔστι
1556 4355 1747 4417 πιστὸς
1806 4355 1857 4410 ἐν
1891 4354 1991 4410 λό-

329 4468 436 4523 γῳ.
496 4451 621 4508 Πῶς
678 4449 779 4522 γὰρ
825 4445 973 4507 ὅλως
1021 4444 1202 4517 τούτῳ
1240 4448 1572 4521 μαρτυρήσει
1606 4445 1633 4499 ὁ
1666 4445 1795 4507 Θεὸς
1828 4444 1993 4517 ὀμνύ-

332 4558 471 4605 οντι,
506 4537 582 4609 μὴ
645 4534 830 4611 ἔχοντι
882 4534 1085 4607 πίστιν,
1138 4534 1213 4596 εἷς
1260 4536 1321 4604 ἣν
1385 4535 1413 4589 ὁ
1446 4533 1641 4609 Κύριος
1671 4529 1989 4604 ἐπιϐλέπει;

328 4627 393 4683 Ἡ
425 4625 483 4681 δὲ
513 4623 687 4702 Σοφία
715 4623 911 4679 τούτου
944 4623 1146 4698 μάρτυς
1177 4623 1315 4678 ἐστὶν
1348 4626 1383 4693 ἡ
1441 4621 1692 4700 λέγουσαο
1730 4647 1757 4675 ‹‹
1804 4628 1988 4700 Ἀγιον

331 4714 437 4791 γὰρ
494 4719 714 4787 Πνεῦμα
772 4715 885 4788 (16)
941 4711 1186 4768 παιδείαν
1246 4713 1488 4790 φεύξεται
1550 4710 1734 4782 δόλον,
1768 4712 1856 4768 καὶ
1887 4713 1989 4767 ἀπ-

332 4804 687 4875 αναστήσεται
746 4803 852 4858 ἀπὸ
909 4800 1189 4879 λογισμῶν
1248 4800 1536 4875 ἀσυνέτων,
1590 4801 1681 4857 καὶ
1714 4801 1774 4857 οὐ
1807 4822 1989 4857 κατοι-

2107 3482 2266 3533 suos,
2300 3482 2407 3521 nec
2459 3466 2610 3521 ultra
2661 3464 2953 3537 progressi
2986 3465 3056 3519 ad
3099 3464 3439 3533 juramenta
3487 3461 3764 3534 proceda-

2104 3570 2278 3620 mus;
2314 3559 2378 3609 ut
2408 3554 2788 3625 pecuniarum
2817 3551 3289 3624 corruptibilium
3322 3568 3521 3621 causa,
3554 3551 3670 3605 Deo
3702 3550 3763 3604 in

2111 3647 2321 3698 testem
2356 3643 3072 3714 adhibitcjuremus,cum
3106 3641 3580 3713 maximejubeat
3603 3640 3761 3714 Moy-

2103 3749 2231 3787 ses:
2257 3754 2284 3783 «
2301 3733 2424 3789 Non
2446 3732 2697 3803 accipies
2710 3748 2924 3786 nomen
2944 3730 3170 3786 Domini
3192 3731 3290 3786 Dei
3312 3731 3394 3785 tui
3414 3730 3633 3785 frustra
3656 3731 3757 3786 2’.»

2100 3821 2249 3877 Nam
2282 3821 2331 3877 ei
2383 3823 2514 3893 quis
2546 3821 2718 3893 plane
2749 3821 2965 3893 dignus
2995 3825 3083 3875 est
3115 3820 3214 3891 qui
3248 3820 3430 3876 Deum
3474 3820 3760 3887 nominet,

2098 3911 2151 3967 is
2182 3911 2357 3967 etiam
2406 3911 2551 3965 citra
2588 3912 3000 3981 juramentum
3052 3910 3164 3965 ﬁde
3215 3910 3430 3981 dignus
3480 3912 3593 3966 est.
3650 3909 3759 3975 Qui

2100 4000 2252 4055 enim
2287 4001 2356 4054 ad
2412 4001 2638 4069 majora
2686 4000 2934 4054 idoneus
2986 3999 3178 4066 fuerit,
3211 3998 3395 4054 multo
3447 3998 3636 4070 magis
3684 4000 3756 4054 ad

2101 4089 2331 4143 minora
2382 4089 2631 4143 idoneus
2663 4088 2792 4145 erit.
2828 4088 2990 4153 Quod
3036 4088 3085 4143 si
3120 4088 3231 4142 ﬁde
3260 4089 3478 4160 dignus
3521 4103 3634 4143 non
3668 4092 3761 4143 est

2101 4178 2720 4248 absquejuramento;
2757 4194 2872 4232 non
2892 4181 2980 4232 est
3013 4193 3148 4247 ergo
3171 4178 3386 4249 dignus
3418 4177 3518 4248 qui
3541 4193 3758 4233 nomen

2102 4266 2330 4320 Domini
2364 4265 2724 4337 pronuntiet,
2776 4282 2883 4320 nec
2914 4270 3001 4320 est
3030 4266 3090 4319 in
3121 4265 3315 4320 verbis
3349 4266 3474 4321 suis
3525 4266 3637 4320 ﬁde
3668 4266 3755 4320 di-

2100 4372 2274 4427 gnus.
2304 4355 2604 4420 Quomodo
2636 4355 2793 4409 enim
2820 4354 3047 4424 juranti
3076 4355 3246 4410 testis
3277 4356 3466 4410 aderit
3494 4355 3671 4421 Deus,
3705 4355 3756 4410 si

2101 4444 2276 4499 ﬁdem
2308 4460 2423 4498 non
2457 4443 2652 4512 habet,
2671 4442 2729 4496 in
2756 4460 2932 4514 quam
2955 4445 3106 4497 Deus
3141 4443 3423 4514 respicit?
3453 4444 3645 4499 Testis
3667 4447 3759 4499 est

2100 4534 2230 4603 ejus
2278 4532 2594 4603 Sapientia,
2629 4549 2756 4603 quae
2788 4532 2871 4587 ait
2903 4549 2917 4589 :
2955 4552 2982 4584 ε
3010 4532 3262 4603 Spiritus
3314 4532 3471 4587 enim
3513 4541 3755 4589 sanctus

2099 4621 2423 4693 disciplinae
2455 4622 2691 4693 effugiet
2722 4620 2944 4690 dolum,
2968 4625 3026 4677 et
3056 4622 3280 4676 auteret
3311 4638 3373 4677 se
3404 4639 3438 4677 a
3462 4621 3762 4693 cogitatio-

2102 4712 2277 4768 nibus
2309 4729 2435 4783 quaa
2470 4718 2611 4766 sunt
2661 4711 2787 4767 sine
2836 4710 3132 4767 intellectu
3169 4729 3181 4766 :
3218 4728 3323 4766 nec
3370 4711 3656 4768 habitabit
3693 4712 3755 4768 in

2102 4817 2341 4873 corpore
2371 4801 2608 4857 subdito
2632 4800 2883 4872 peccatis
2903 4801 2971 4855 93.
2996 4822 3024 4851 »
3047 4803 3235 4865 Quare
3259 4800 3537 4856 Dominus
3559 4806 3758 4858 noster

407 4986 451 5023 ¹⁷
482 4985 651 5041 Rom.
683 5001 808 5055 xm,
842 4983 899 5052 7,
929 4984 981 5037 8.
1064 4984 1105 5017 ¹⁸
1136 4982 1183 5039 ΙΙ
1229 4983 1378 5039 Tim.
1426 4999 1503 5049 ιν,
1534 4983 1590 5050 7,
1622 4983 1676 5038 8.
1758 4984 1803 5018 ¹⁹
1830 4982 1995 5039 Colos

2112 5000 2171 5050 II,
2208 4982 2262 5036 9.
2340 4980 2383 5015 ²⁰
2413 4978 2626 5051 Ephes.
2662 4996 2736 5047 1v,
2784 4980 2875 5035 29.
2954 4980 2998 5015 ²¹
3033 4980 3055 5033 l
3087 4978 3240 5035 Tim.
3272 4996 3334 5047 ιι,
3365 4981 3418 5034 7.
3496 4980 3541 5013 ³³
3573 4979 3752 5035 Exod.

332 5074 427 5128 xx,
456 5060 513 5113 7.
593 5057 639 5091 ³³
667 5061 801 5128 Sap.
837 5072 876 5122 ι,
912 5056 962 5123 4,
994 5056 1049 5109 5.

542 5241 680 5309 Reg.
718 5234 816 5311 οὐκ
865 5232 997 5311 ἄχρι
1041 5233 1370 5311 χρημάτων.
1421 5236 1571 5311 Felc.
1606 5237 1661 5303 3,
1722 5233 1783 5311 ού
1820 5235 1986 5311 μέχρι

329 5305 835 5384 ῥημάτων.”Ρειιι10
868 5305 1020 5384 post,
1045 5305 1208 5384 'h'jee,
1255 5306 1425 5384 αρτἧς
1455 5306 1664 5384 φθάνει,
1710 5305 1865 5367 οὗτος
1895 5305 1985 5359 καὶ

323 5380 717 5456 προαιρέσεως,
752 5380 966 5456 desunt
994 5380 1052 5456 ign
1087 5380 1330 5456 F_e_lc._3.

398 5446 513 5524 (12)
545 5453 629 5508 Ita
660 5446 877 5524 Regius
909 5457 965 5509 et
996 5452 1220 5523 Anglic.
1260 5450 1409 5524 Editi
1438 5466 1596 5524 vero,
1629 5449 1690 5502 τὸ
1717 5446 1839 5524 περὶ
1874 5449 1983 5505 Ἀν.

549 5521 906 5606 basiliensis,
942 5524 969 5576 ὁ
1008 5521 1506 5606 τοῦτο-κηρύττων.
1539 5521 1731 5606 ⁸’ρπξρ.
1770 5521 1823 5606 ε’,
1929 5593 1940 5603 .

404 5592 518 5722 (14)
554 5598 638 5651 Ita
670 5596 809 5668 Reg.
843 5601 902 5651 et
921 5596 1149 5677 Anglic.
1183 5592 1332 5650 Editi
1362 5611 1517 5659 vero,
1770 5592 1899 5648 Mox
1915 5593 1985 5674 _in

329 5671 404 5722 Fe
430 5686 477 5740 c.
509 5668 564 5735 3,
608 5669 762 5740 ἡμᾶς
812 5668 1198 5740 desnderatur.
1250 5668 1422 5740 Mox,_
1453 5671 1628 5740 Basi.
1662 5671 1721 5720 et
1758 5665 1981 5740 éngllc.

332 5734 574 5812 γενέσθαι
607 5734 809 5813 λέγων.
844 5738 1019 5795 Paulo
1051 5742 1182 5810 post
1211 5734 1516 5806 Θὰὶΐρὶ,’ἐστι
1545 5736 1608 5791 τὸ
1633 5740 1730 5790 τοῦ
1760 5734 1983 5809 Κυρίου,

2101 5234 2202 5291 sed
2236 5232 2298 5287 τό
2327 5233 2493 5305 deest
2521 5231 2580 5305 in
2614 5231 2810 5305 Regio.

2170 5306 2283 5376 (15)
2315 5301 2450 5357 Οὐδέ
2504 5304 2668 5376 deest
2699 5300 2775 5376 in
2825 5302 2997 5358 Basil.
3049 5308 3106 5358 et
3155 5300 3380 5373 Anglic.
3423 5300 3575 5369 Mox,
3609 5300 3751 5376 haec,

2099 5372 2197 5430 οὐκ
2234 5372 2345 5430 ἔστι
2379 5374 2566 5448 πιστὸς
2614 5372 2665 5427 ἐν
2709 5372 2882 5448 λόγῳ,
2917 5376 3148 5445 punctis
3198 5372 3472 5429 adnotata
3520 5378 3661 5429 sunt
3690 5374 3752 5430 in

2099 5450 2240 5520 Reg.
2276 5450 2442 5520 quasi
2476 5447 2741 5501 delenda.

2229 5491 2240 5502 .
2276 5467 2442 5520 quael
2476 5467 2741 5501 06181108..

2185 5467 2281 5592 g6)
2330 5520 2397 5593 in
2448 5520 2646 5593 Regio,
2682 5517 2940 5593 secunda
2984 5532 3160 5569 manu
3213 5516 3510 5593 scribitur,
3541 5514 3748 5593 σοφίας.

2168 5522 2281 5644 (16)
2338 5522 2397 5574 In
2448 5522 2646 5590 Regio,
2682 5522 2940 5572 secunda
2984 5532 3160 5569 manu
3213 5522 3510 5585 scribitur,
3541 5522 3748 5593 σοφίας.

2098 5593 2159 5647 In
2194 5610 2275 5672 ra,
2304 5590 2545 5672 Regius
2594 5594 2648 5644 et
2691 5587 3081 5672 Anglicanus,
3130 5585 3607 5672 nguxperp,‘cu‘m
3653 5605 3749 5672 a0-

2096 5657 2361 5789 gentu‘in
2392 5657 2875 5732 antepenultima.
2910 5658 3151 5725 Ibidem,
3176 5657 3392 5727 Regius
3422 5664 3480 5714 et
3512 5658 3663 5714 Felc.
3697 5661 3750 5727 3,

2134 5752 2273 5808 μαρτ
2300 5752 2379 5793 ας.
