4154 6384
342 361 455 424 191

1523 365 1592 426 8.
1636 361 2165 425 ATHANASIUS.
2201 390 2273 408 --
2303 361 2568 428 DUBIA.

3632 374 3753 435 192

341 497 517 551 Jesus
548 493 814 550 Christus
834 495 907 550 ab
937 495 1345 552 invocantibus
1375 512 1460 562 se,
1484 494 1673 568 primo
1694 495 1870 550 ﬁdem
1894 511 1994 565 po-

2113 493 2262 563 κήσει
2318 493 2371 550 ἑν
2431 496 2643 568 σώματι
2695 499 2986 575 καταχρὲῳ
3041 498 3355 577 ἁμαρτίαις.
3417 524 3447 556 ιο
3481 501 3579 558 Διὰ
3604 507 3768 560 τοῦτο

344 583 546 653 stulat,
595 584 746 639 sicut
786 601 934 640 caeco
984 586 1066 639 ait
1098 603 1111 641 :
1147 609 1175 636 «
1209 585 1411 641 Credis
1443 585 1597 656 quod
1647 585 1756 640 hoc
1787 582 2006 656 possim

345 674 452 730 tibi
489 675 676 729 facere
696 674 784 729 "‘2
807 698 833 724 »
857 675 1237 732 Ballinatico
1261 681 1454 731 autem
1477 675 1559 730 ait
1592 691 1604 730 :
1637 697 1664 726 ι(
1693 675 1752 730 Si
1782 674 2006 730 credas,

343 763 463 819 ﬂet.
500 785 528 813 ››
553 763 614 819 Id
638 768 831 819 autem
857 765 1121 820 Salvator
1143 765 1420 836 postulat,
1441 782 1556 820 non
1579 765 1729 834 quod
1752 763 2003 819 aliorum

345 855 513 925 egeat
531 851 858 907 ministerio
894 871 906 908 :
943 853 1067 924 ipse
1085 855 1299 926 quippe
1331 854 1461 909 ﬁdei
1483 853 1768 909 Dominus
1784 857 1842 908 et
1863 870 2000 924 sup-

348 941 644 1014 peditator
673 946 798 1008 est;
832 943 931 997 sed
964 959 1035 997 ne
1074 943 1337 998 videatur
1366 942 1631 1014 personis
1661 942 1998 1014 gratiﬁcari,

348 1035 407 1086 et
435 1029 591 1100 quod
624 1029 996 1085 credentibus
1024 1036 1434 1086 annuat:neve
1455 1032 1503 1086 si
1530 1032 1674 1086 citra
1698 1031 1868 1086 ﬁdem
1898 1030 1999 1086 be-

352 1118 564 1174 neﬁcia
614 1118 921 1190 recipiant,
975 1120 1316 1175 inﬁdelitate
1362 1119 1492 1191 ipsa
1538 1121 1834 1176 amittant.
1870 1119 2002 1175 Vult

348 1207 505 1262 enim
553 1223 731 1278 quam
779 1208 1024 1279 largitur
1069 1209 1334 1280 gratiam,
1365 1225 1728 1281 permanere,
1759 1214 1816 1264 et
1863 1226 1999 1265 cum

351 1299 540 1362 sanat,
573 1312 878 1368 nunquam
928 1297 1119 1352 amitti
1166 1298 1549 1354 curationem.
1584 1298 1796 1354 Cavere
1817 1299 2003 1369 jussit

349 1383 534 1456 igitur
563 1385 946 1458 paralyticum
971 1384 1063 1442 his
1092 1387 1286 1442 verbis
1316 1405 1328 1442 :
1361 1409 1390 1438 «
1425 1388 1568 1444 Ecce
1601 1404 1782 1444 sanus
1813 1389 1999 1444 factus

348 1488 435 1542 es,
467 1472 585 1528 noli
614 1474 870 1544 amplius
891 1490 1148 1546 peccare,
1177 1491 1249 1530 ne
1271 1475 1376 1531 tibi
1409 1476 1548 1548 quid
1583 1477 1840 1532 deterius
1862 1493 1996 1532 con-

344 1562 542 1635 tingat
563 1563 625 1618 ³⁵.
690 1584 718 1612 ››
761 1564 838 1618 Ac
868 1563 1044 1619 veluti
1076 1565 1125 1620 si
1159 1565 1291 1636 quis
1324 1566 1587 1622 medicus
1647 1567 1718 1622 ad
1753 1570 1998 1639 aegrotos

343 1649 670 1723 ingressus,
705 1653 1043 1709 sciscitatus
1073 1654 1332 1726 primum
1363 1655 1559 1721 fuerit,
1591 1673 1663 1712 an
1695 1654 1875 1711 velint
1904 1671 2001 1710 cu-

343 1739 502 1807 rari;
537 1755 608 1796 ne
651 1747 896 1797 curante
927 1758 1077 1809 sese,
1108 1742 1342 1815 illisque
1383 1744 1740 1813 nolentibus,
1774 1744 1998 1801 inutilis

345 1827 453 1883 ﬂat
498 1829 747 1899 curatio,
799 1831 1248 1888 adversantibus
1299 1832 1533 1904 aegrotis
1588 1832 1798 1888 medici
1847 1833 1994 1900 arti;

343 1915 424 1972 ita
451 1933 685 1990 quoque
719 1919 1005 1975 Dominus
1036 1937 1105 1975 ex
1152 1921 1436 1978 sanandis
1483 1925 1858 1993 percontatus
1888 1927 1997 1988 est,

343 2009 403 2062 et
423 2007 797 2064 credentibus
825 2009 1188 2080 gratificatus
1208 2015 1317 2078 est,
1342 2015 1406 2066 ut
1435 2028 1537 2082 per
1557 2012 1730 2066 ﬁdem
1749 2012 1994 2084 gratiam

342 2095 610 2153 obtinere
643 2103 901 2169 possent.
935 2098 1230 2155 Indicium
1263 2100 1419 2156 enim
1454 2101 1734 2172 propositi
1766 2101 1996 2171 animm,

340 2184 488 2242 ﬁdes
519 2191 628 2242 est.

2117 582 2206 637 καὶ
2237 584 2264 637 ὁ
2297 583 2495 660 Κύριος
2525 587 2684 659 ἡμῶν
2717 589 2932 658 Ἰησοῦς
2962 589 3192 664 Χριστὸς
3219 591 3347 654 τοὺς
3397 591 3767 666 ἐπικαλουμὲ-

2115 693 2236 735 νους
2267 673 2426 729 αὐτὸν
2457 675 2636 730 πίστιν
2662 675 2880 731 ἀπαιτεῖ
2906 682 3148 753 πρῶτον,
3178 681 3254 742 ὡς
3285 679 3374 736 ἰπὶ
3419 685 3517 738 τοῦ
3557 679 3771 761 τυφλοῦ

2115 758 2310 837 λέγων·
2351 785 2378 817 ιι
2409 761 2704 833 Πίστεύεις,
2737 763 2821 820 ὅτι
2851 765 3086 840 δύναμαί
3129 788 3213 824 σοι
3241 771 3356 844 (17)
3396 774 3560 825 τοῦτο
3609 758 3772 841 ποιῆ-

2110 870 2196 904 σαι
2225 870 2238 919 ;
2270 875 2297 902 ››
2329 852 2419 906 καὶ
2450 849 2538 906 ἔπὶ
2566 857 2665 907 τοῦ
2691 855 3153 928 σεληνιαζομένου
3171 854 3229 913 δέ
3249 879 3436 937 φησιν,
3468 857 3552 914 ὅτι
3583 884 3611 912 «
3647 859 3768 916 Ἐὰν

2109 939 2387 1015 πιστεύῃς,
2431 940 2654 1026 γίνεται.
2709 967 2738 995 ››
2796 944 3038 1001 ’Δπαιτεῖ
3085 943 3143 1001 δὲ
3168 951 3331 1003 τοῦτο
3364 949 3392 1003 ὁ
3417 949 3637 1026 Σωτήρ,
3671 949 3772 1006 οὐκ

2109 1027 2402 1105 ἐπειδήπερ
2462 1025 2660 1106 ἔχρῃζε
2715 1038 2815 1101 τῆς
2863 1034 2991 1107 παρ’
3038 1033 3233 1110 ὶτίρων
3267 1035 3572 1112 συνεργίας·
3606 1035 3769 1100 αὐτὸς

2109 1118 2213 1193 γὰρ
2273 1118 2363 1172 καὶ
2416 1125 2519 1188 τῆς
2574 1119 2805 1183 πίστεως
2855 1120 3051 1196 Κύριος
3109 1123 3200 1178 καὶ
3275 1123 3522 1200 χορηγός
3600 1123 3764 1180 ἐστιν*

2108 1205 2236 1262 ἀλλ’
2261 1204 2351 1262 ’ἶνα
2383 1208 2460 1280 μή
2492 1208 2568 1270 ὡς
2599 1209 2919 1284 προσώποις
2953 1211 3319 1287 χαριζόμενος
3343 1216 3504 1291 φανῇ,
3529 1210 3654 1269 ἀλλ’
3672 1211 3759 1269 δτι

2106 1301 2222 1358 τοῖς
2270 1295 2614 1352 πιστεύουσιν
2665 1296 2917 1354 ὶπινεύεγ
2963 1301 3051 1354 καὶ
3078 1298 3171 1355 ’ίνα
3207 1303 3284 1374 μὴ
3318 1301 3494 1378 χωρὶς
3523 1301 3757 1366 πίστεως

2111 1381 2363 1454 δέξωνται
2413 1383 2508 1447 τὰς
2558 1383 2887 1461 εὐεργεσίας,
2937 1387 3026 1442 καὶ
3072 1391 3141 1461 τῇ
3191 1388 3415 1460 ἀπιστίᾳ
3441 1387 3638 1452 ταύτας
3669 1389 3773 1445 ἀπ-

2110 1471 2366 1530 ολέσωσι.
2401 1471 2558 1528 Θέλει
2589 1473 2694 1550 γὰρ
2725 1473 3090 1552 χαριζόμενος
3129 1477 3460 1554 παραμένειν
3510 1479 3610 1546 τὴν
3662 1478 3769 1556 χά-

2109 1581 2214 1636 ριν,
2269 1561 2360 1616 καὶ
2418 1561 2727 1638 θεραπεύων
2761 1561 3102 1620 ἀδιάπτωτον
3143 1565 3408 1635 εἶναιτὴν
3458 1565 3768 1643 θεραπείαν.

2109 1650 2469 1729 Ἠσφαλίζετο
2500 1657 2634 1728 γοῦν
2662 1653 2754 1709 τὸν
2787 1653 3154 1730 παραλυτικὸν
3188 1658 3301 1730 (18)
3341 1655 3537 1732 λέγων.
3574 1679 3603 1709 α
3635 1653 3767 1727 Ἴδε,

2110 1739 2271 1815 ὑγιὴς
2331 1742 2584 1817 γέγονας,
2647 1745 2846 1815 μηκὲτι
2896 1745 3192 1820 ἁμάρτανε,
3226 1743 3320 1800 ἵνα
3351 1746 3428 1818 μὴ
3461 1743 3648 1821 χεῖρόν
3681 1743 3767 1801 σοί

2031 1859 2078 1924 Β
2106 1851 2169 1924 τι-
2188 1829 2430 1907 γένηται.
2463 1855 2491 1882 ››
2514 1831 2626 1924 καὶ-
2645 1829 2828 1908 ὣσπερ
2851 1832 2910 1886 ἂν
2931 1852 3016 1895 τις
3048 1832 3228 1924 ἰατρὸς
3249 1833 3446 1924 ἐἰσιὼν
3479 1832 3617 1907 πρὸς
3638 1833 3766 1924 τοῦς

2107 1919 2434 1992 κάμνοντας,
2465 1919 2781 1976 πυνθάνοιτο
2830 1925 3047 1997 πρῶτον
3083 1922 3129 1978 εί
3163 1921 3454 1998 βούλοιντο
3505 1921 3769 1996 θεραπεύ-

2108 2009 2278 2078 εσθαι,
2304 2006 2397 2064 ’ίνα
2429 2009 2506 2082 μὴ
2541 2009 2706 2064 αὐτοῦ
2737 2011 3146 2088 φροντίζοντος,
3192 2011 3450 2067 κάκείνων
3505 2013 3582 2085 μὴ
3637 2013 3767 2088 βου-

2108 2097 2379 2171 λομινων,
2447 2097 2740 2175 ἀνωφελὴς
2789 2101 2824 2170 ἡ
2884 2099 3142 2174 θεραπεία
3195 2101 3439 2176 γενηται,
3499 2099 3767 2156 ἐναντιου-

2110 2188 2284 2261 μένων
2343 2190 2450 2240 τῶν
2507 2184 2822 2260 καμνόντων
2884 2188 3021 2262 πρὸς
3053 2189 3153 2256 τὴν
3189 2186 3287 2244 τοῦ
3320 2188 3506 2260 ἰατροῦ
3531 2189 3760 2263 τέχνην⁸

337 2271 484 2328 οὕτω
514 2272 604 2327 καὶ
636 2274 664 2330 ὁ
695 2273 894 2351 Κύριος
926 2279 1033 2332 τῶν
1067 2279 1511 2351 θεραπευομένων
1546 2278 1890 2351 ἐπυνθάνετο,
1921 2280 2012 2336 καὶ
2041 2278 2156 2342 τοὶς
2183 2275 2527 2332 πιστεύουσιν
2559 2275 2864 2352 ἰχαρίζετο,
2889 2274 2980 2332 ’ίνα
3001 2281 3072 2352 τῇ
3103 2275 3283 2334 πίστει
3314 2277 3405 2334 καὶ
3449 2278 3551 2347 τὴν
3596 2276 3761 2354 χάριν

332 2367 626 2439 κατασχεῖν
659 2361 955 2435 δυνηθῶσι.
990 2367 1282 2442 Γνώρισμα
1311 2367 1414 2442 γὰρ
1445 2374 1545 2438 τῆς
1574 2371 1760 2444 ψυχῆς
1788 2376 1890 2439 τῆς
1920 2368 2287 2447 προαιρέσεως
2319 2369 2354 2436 ἠ
2388 2365 2570 2428 πίστις
2599 2364 2763 2422 ἐστίν.

405 2470 462 2527 5.
495 2470 644 2537 Quid
691 2472 892 2545 itaque
943 2474 1123 2530 Deum
1155 2479 1365 2531 testem
1415 2477 1718 2543 advocant,
1749 2477 1850 2549 qui
1892 2495 1988 2534 re-

338 2576 475 2616 vera
502 2560 678 2616 ﬁdem
711 2578 824 2618 non
857 2562 1122 2620 habent?
1154 2563 1409 2635 Spiritus
1439 2565 1497 2621 in
1527 2565 1780 2622 Psalmis
1807 2571 1988 2623 testa-

339 2652 484 2705 tur:
522 2671 544 2699 ι
580 2650 762 2722 Prope
809 2655 898 2706 est
942 2649 1230 2709 Dominus
1259 2654 1535 2710 omnibus
1583 2655 1990 2713 invocantibus

339 2753 479 2795 eum
516 2737 574 2793 in
607 2740 846 2797 veritate
865 2741 930 2809 ³⁸,
963 2763 991 2791 »
1025 2759 1129 2813 per
1175 2759 1351 2815 quam
1384 2743 1569 2800 solam
1616 2744 1773 2800 Deus
1803 2750 1993 2817 potest

341 2826 618 2884 invocari.
644 2829 790 2894 Quid
820 2829 1019 2902 itaque
1041 2835 1131 2888 est
1159 2833 1313 2903 quod
1347 2833 1404 2888 in
1429 2833 1612 2889 Deum
1638 2834 1856 2905 jurent,
1889 2837 1992 2906 qui

340 2933 414 2975 ne
444 2918 502 2974 in
535 2921 728 2992 parvis
745 2921 979 2992 quidem
1009 2923 1185 2979 rebus
1210 2924 1387 2980 ﬁdem
1412 2924 1678 2981 habent?
1699 2941 1834 2981 cum
1856 2925 1995 2982 alio-

339 3007 442 3080 qui
463 3008 872 3080 juramentum
889 3011 1150 3068 veritatis
1165 3013 1243 3068 sit
1261 3013 1450 3081 testis,
1475 3031 1590 3070 non
1617 3014 1790 3071 index
1811 3031 1992 3088 nego-

339 3097 582 3155 tiorum.
615 3099 824 3157 Jurant
853 3102 1007 3156 enim
1049 3101 1320 3159 homines
1352 3120 1468 3159 non
1497 3120 1613 3177 quo
1643 3121 1735 3161 res
1766 3104 1992 3177 signiﬁ-

343 3192 495 3259 cent,
527 3190 630 3244 sed
681 3206 796 3261 quo
825 3189 1128 3247 veritatem
1177 3191 1495 3263 afﬁrmant,
1522 3198 1581 3249 et
1611 3197 1676 3249 ut
1718 3210 1846 3250 sese
1877 3210 1993 3250 non

342 3277 580 3334 mentiri
626 3277 1036 3336 testiﬁcantur.
1070 3279 1128 3335 Si
1175 3280 1375 3353 itaque
1409 3282 1638 3353 juranti
1668 3283 1822 3339 inest
1850 3283 1995 3338 ﬁdes

346 3369 524 3439 atque
551 3367 788 3435 veritas,
820 3368 962 3440 quid
994 3385 1143 3442 Opus
1165 3370 1504 3441 juramento
1529 3373 1551 3426 Ρ
1577 3371 1741 3438 Quod
1773 3372 1819 3428 si
1851 3371 1996 3428 ﬁdes

343 3458 404 3512 et
447 3454 668 3512 veritas
705 3456 933 3527 juranti
979 3457 1154 3529 adsit,
1204 3474 1311 3514 cur
1353 3463 1578 3516 tantam
1626 3460 1999 3516 admittimus

343 3543 734 3617 impietatem,
774 3549 840 3602 ut
867 3546 1260 3602 humanarum
1313 3548 1773 3622 mortaliumque
1801 3565 1998 3605 rerum

345 3650 542 3702 causa,
591 3635 794 3701 Deum,
847 3635 948 3708 qui
980 3651 1160 3708 supra
1206 3636 1472 3692 homines
1501 3642 1610 3703 est,
1656 3642 1865 3695 testem
1899 3637 1997 3694 ad-

343 3724 668 3780 vocemus?
694 3723 840 3779 Nam
891 3724 941 3780 si
1000 3725 1165 3781 nefas
1220 3730 1309 3781 est
1339 3731 1636 3782 terrenum
1687 3743 1883 3800 regem
1926 3725 1998 3781 ad

348 3813 635 3870 exteriora
660 3813 980 3869 tribunalia
1007 3818 1217 3870 testem
1247 3816 1549 3884 advocare,
1583 3820 1782 3888 utpote
1811 3815 1912 3888 qui
1946 3817 2004 3870 at

347 3902 788 3959 accusatoribus
819 3907 876 3958 et
900 3903 1205 3973 judicibus
1235 3904 1312 3960 sit
1339 3905 1726 3976 praestantior,
1750 3921 1856 3960 cur
1886 3920 2000 3958 non

348 3992 566 4048 factum
611 3993 684 4048 ad
716 4008 808 4048 res
839 3993 1023 4049 factas
1053 3993 1429 4065 advocamus,
1466 4000 1766 4066 Deumque
1797 3995 1868 4049 ab
1899 3993 2002 4048 ho-

351 4082 614 4138 minibus
635 4082 935 4154 despectui
959 4082 1160 4138 haberi
1181 4099 1458 4140 curamus
1479 4083 1507 4139 ?
1537 4083 1760 4156 Apage!
1797 4084 1857 4139 ld
1885 4098 2004 4137 om-

351 4187 482 4227 nem
517 4174 756 4242 superat
777 4169 1145 4242 iniquitatem
1171 4173 1615 4246 audaciamque.
1652 4173 1799 4239 Quid
1822 4172 2003 4244 igitur

348 4260 642 4332 agendum
665 4260 693 4314 ?
726 4259 881 4315 Nihil
912 4259 1071 4316 aliud
1102 4277 1262 4331 sane,
1296 4279 1472 4336 quam
1503 4267 1572 4318 ut
1600 4262 1676 4318 sit
1708 4265 1998 4328 nostrum,

348 4348 452 4418 Ita,
485 4347 604 4416 ita;
653 4348 801 4420 Non,
854 4365 972 4405 non
1021 4367 1036 4406 :
1088 4353 1146 4406 et
1195 4349 1355 4406 nullo
1399 4352 1572 4407 modo
1622 4350 1998 4406 mentiamur.

349 4437 499 4495 Nam
532 4438 582 4494 si
606 4438 691 4494 ita
720 4454 950 4495 veraces
971 4439 1180 4509 simus,
1205 4455 1471 4497 veracem
1503 4439 1614 4495 hac
1642 4439 1703 4495 in
1726 4455 1787 4494 re
1816 4438 2002 4494 Deum

351 4527 574 4583 imitari
602 4527 952 4584 videbimur.
1506 4555 1510 4557 Α

424 4635 479 4689 6.
516 4634 740 4706 Aliquis
769 4635 1036 4692 fortassis
1083 4635 1212 4706 erit,
1246 4634 1349 4708 qui
1397 4635 1559 4692 hisce
1594 4632 2009 4692 veroslmiliter

2165 2477 2221 2531 5.
2254 2471 2316 2528 Τί
2373 2472 2553 2527 τοίνυν
2601 2472 2692 2528 τὸν
2726 2472 2856 2529 Θεὸν
2905 2470 3136 2529 καλοῦσι
3169 2473 3414 2550 μάρτυρα
3442 2471 3495 2528 οἱ
3531 2474 3608 2547 μή
3659 2472 3758 2529 πί-

2098 2585 2211 2620 στιν
2269 2562 2408 2619 κατὰ
2459 2562 2717 2636 ἀλήθειαν
2769 2559 3035 2640 ἔχοντεςς
3083 2564 3154 2618 Τὸ
3210 2567 3430 2637 Πνεῦμα
3489 2565 3757 2637 μαρτυρεῖ

2098 2653 2151 2710 ἄν
2184 2651 2466 2726 Ψαλμοῖς⁴
2527 2675 2557 2704 ι(
2598 2651 2790 2730 Ἐγγὺς
2836 2651 3040 2730 Κύριος
3067 2658 3199 2709 πᾶσι
3227 2657 3344 2715 τοῖς
3377 2650 3750 2725 ἰπικαλουμὲ-

2098 2764 2209 2806 νοις
2257 2742 2414 2798 αὐτὸν
2464 2741 2515 2798 ἰν
2563 2740 2816 2815 ἀληθείᾳ,
2867 2765 2896 2796 »
2930 2739 3002 2798 δι’
3031 2743 3099 2812 ἧς
3159 2741 3334 2815 μόνης
3375 2741 3754 2796 ἐπικαλεῖσθαι

2101 2830 2320 2888 δύναται
2369 2831 2398 2886 ό
2443 2829 2593 2893 Θεός.
2642 2834 2804 2886 ’Ὥστε
2851 2830 2903 2886 τί
2951 2830 3214 2904 ὀμνύουσι
3265 2829 3394 2885 Θεὸν
3446 2830 3498 2883 οἱ
3533 2825 3675 2901 μηδὶ
3701 2827 3756 2882 ιν

2099 2926 2215 2984 τοῖς
2268 2925 2485 2997 μικροῖς
2540 2917 2720 2976 πίστιν
2771 2916 3030 2996 ἔχοντες
3079 2917 3268 2981 ἄλλως
3319 2938 3379 2973 τε
3405 2916 3496 2972 καὶ
3537 2915 3759 2993 ὁδ’ρκος

2100 3009 2359 3082 ἀληθείας
2416 3008 2526 3065 ἐστὶ
2579 3008 2806 3082 μάρτυς,
2855 3007 2945 3064 καὶ
2986 3007 3050 3063 οὐ
3077 3011 3186 3063 τῶν
3215 3005 3520 3084 χρημάτων
3554 3025 3766 3079 σημαν-

2099 3098 2274 3161 τικός.
2335 3097 2630 3172 Ὂμνύουσι
2674 3097 2775 3174 γὰρ
2828 3097 2882 3152 οἱ
2924 3093 3224 3170 ἄνθρωποι,
3275 3095 3383 3171 οὐχ
3407 3093 3500 3150 ἵνα
3527 3095 3596 3150 τὰ
3625 3093 3763 3168 πράο

2102 3209 2288 3267 γματα
2343 3186 2685 3261 σημάνωσιν,
2741 3184 2868 3243 ἀλλ’
2900 3184 2994 3241 ἵνα
3020 3187 3120 3256 τὴν
3151 3184 3411 3256 ἀλήθειαν
3438 3185 3760 3240 πιστώσων-

2107 3300 2218 3348 ται,
2273 3275 2365 3332 καὶ
2413 3275 2497 3332 ὅτι
2555 3274 2804 3354 λέγοντες
2866 3274 2930 3331 ού
2956 3273 3266 3350 ψεύδονται.
3300 3274 3369 3332 Et
3399 3275 3495 3348 μὶν
3529 3273 3623 3329 οῦν
3650 3271 3764 3329 εστι

2105 3373 2185 3442 τῷ
2243 3367 2500 3442 ὀμνύοντι
2555 3363 2738 3429 πίστις
2795 3365 2884 3421 καὶ
2942 3363 3194 3438 ἀλήθεια,
3250 3362 3337 3427 τίς
3391 3365 3426 3434 ὴ
3459 3361 3622 3439 χρεία
3666 3366 3764 3418 τοῦ

2105 3457 2306 3537 ὅρκους
2340 3455 2402 3512 Εἰ
2432 3453 2491 3511 δὶ
2526 3457 2601 3529 μή
2633 3453 2776 3511 ἰστιν
2804 3454 2856 3510 ἐν
2889 3453 3038 3527 αύτῷ
3082 3451 3288 3521 πίστις,
3337 3449 3430 3508 διὰ
3472 3451 3528 3507 τί
3570 3455 3764 3507 τοσοῦ-

2104 3567 2198 3603 τον
2227 3540 2549 3619 ἀσεϐοῦμεν,
2583 3542 2721 3600 ὥστε
2750 3541 2820 3598 δι’
2851 3541 3164 3617 ἀνθρώπινα
3188 3541 3279 3598 καὶ
3310 3540 3480 3612 θνητὰ
3505 3540 3597 3596 τὸν
3629 3539 3764 3614 ὖπὶρ

2108 3638 2392 3714 ἄνθρωπον
2424 3635 2554 3691 Θεὸν
2581 3633 2769 3689 καλεῖν
2805 3631 3089 3708 μάρτυρας
3123 3630 3186 3688 Et
3233 3630 3334 3707 γὰρ
3383 3630 3474 3685 τὸν
3535 3629 3764 3706 βασιλὲα

2108 3724 2200 3780 τὸν
2251 3721 2340 3778 ἰπὶ
2386 3728 2489 3798 γῆς
2532 3719 2608 3782 εἷς
2636 3720 2702 3774 τὰ
2731 3716 2833 3790 ἔξω
2864 3716 3186 3795 δικαστήρια
3213 3717 3398 3775 καλεῖν
3425 3717 3670 3796 μάρτυρα
3700 3716 3763 3772 ού

2112 3814 2292 3887 θέμις,
2351 3811 2428 3872 ὡς
2485 3806 2768 3884 κρείττονα
2820 3807 2910 3862 καὶ
2957 3811 3066 3862 τῶν
3109 3805 3484 3884 ἐγκαλούντων
3529 3809 3646 3882 (19)
3675 3804 3766 3862 καὶ

2109 3905 2217 3956 τῶν
2254 3897 2608 3971 δικαζόντων,
2635 3896 2688 3952 τί
2714 3897 2806 3952 τὸν
2838 3897 3101 3973 ἀγένητον
3134 3897 3210 3960 είς
3242 3898 3308 3952 τὰ
3336 3897 3534 3973 γενητὰ
3561 3895 3768 3952 καλοῦ-

2118 4010 2235 4065 μεν,
2265 3989 2354 4045 καὶ
2385 3989 2477 4044 τὸν
2509 3986 2638 4043 Θεὸν
2673 3985 2777 4042 ὑπὸ
2824 3985 3120 4064 ἀνθρώπων
3170 3990 3436 4059 ποιοῦμεν
3495 4003 3769 4062 καταφρο-

2109 4086 2348 4150 νεῖσθαις
2381 4079 2590 4154 ’Δπαγε
2623 4077 2636 4134 Ξ
2666 4080 2836 4132 Τοῦτο
2861 4082 3034 4133 πᾶσαν
3060 4071 3395 4153 ὑπερϐάλλει
3427 4073 3768 4150 παρανομίαν

2111 4169 2202 4226 καὶ
2252 4168 2487 4243 τόλμαν.
2525 4165 2587 4222 Τί
2639 4166 2730 4222 οὖν
2782 4163 2865 4221 δεῖ
2911 4170 3128 4235 ποιεῖν;
3161 4161 3330 4222 Ούδὶν
3362 4164 3531 4220 πλέον
3563 4165 3598 4233 ἢ
3631 4163 3766 4219 εἶναι

2111 4261 2272 4334 ἡμῶν
2300 4257 2363 4313 τὸ
2393 4257 2518 4326 Ναὶ,
2550 4255 2660 4326 ναὶ,
2691 4255 2781 4311 καὶ
2809 4257 2872 4310 τὸ
2899 4250 2997 4323 Οὔ,
3030 4250 3113 4308 οὕο
3144 4254 3236 4309 καὶ
3266 4252 3507 4317 καθόλου
3541 4253 3617 4326 μὴ
3643 4250 3771 4327 ψεύ-

2113 4346 2316 4404 δεσθαι.
2352 4345 2542 4408 Οὕτως
2567 4343 2670 4420 γὰρ
2701 4345 2865 4416 ἡμεῖς
3076 4341 3470 4413 ἀληθνύοντες,
3516 4339 3768 4416 δόξαιμεν

2110 4437 2202 4492 καὶ
2231 4435 2284 4491 ὲν
2313 4431 2495 4507 τούτῳ
2530 4433 2816 4507 μιμεῖσθαι
2843 4429 2936 4485 τὸν
2965 4427 3147 4502 ἀληθῆ
3181 4428 3332 4486 Θεόν.

2185 4634 2240 4689 6.
2272 4632 2432 4694 Ἴσως
2492 4626 2551 4686 δὲ
2589 4648 2672 4690 τις
2721 4625 2809 4683 ἐπὶ
2855 4624 3071 4690 τούτοις
3103 4623 3344 4703 εὐλόγως
3374 4624 3651 4697 ἀντιθήσει
3680 4625 3771 4684 λέ-

356 4723 441 4781 sic
473 4702 836 4781 contradicat
867 4739 880 4778 :
913 4724 970 4779 Si
1015 4702 1435 4798 jusjurandum
1478 4725 1722 4782 vetitum
1754 4722 1999 4779 homini-

2117 4738 2250 4798 γων’
2285 4719 2349 4778 Ei
2382 4719 2410 4775 ὁ
2441 4717 2605 4795 ὅρκος
2659 4715 2768 4775 ἀπὸ
2793 4715 3094 4794 ἀνθρώπων
3124 4702 3453 4786 κεκώλυται,
3483 4714 3574 4771 καὶ
3606 4713 3658 4771 ἰν
3689 4715 3770 4786 τῷ

355 4813 468 4869 bus
499 4817 609 4883 est,
642 4817 702 4870 et
744 4813 792 4869 si
824 4814 1170 4871 abstinendo
1201 4833 1233 4870 a
1272 4815 1614 4885 juramento
1659 4811 1793 4886 quis
1823 4812 2007 4869 Deum

353 4903 654 4972 imitatur;
689 4902 832 4974 quid
864 4906 952 4959 est
984 4904 1138 4976 quod
1171 4903 1326 4959 Deus
1357 4903 1417 4958 in
1449 4901 1663 4959 divinis
1691 4900 2011 4974 Scripturis

344 4994 550 5068 jurare
581 4992 858 5050 dicatur?
887 4991 1035 5050 Nam
1079 4992 1418 5051 Ahrahamo
1437 4993 1682 5066 juravit,
1715 4996 1782 5049 ut
1808 4990 2012 5048 testiﬁ-

423 5177 472 5214 ²⁴
503 5175 710 5234 Matth.
745 5192 823 5247 ιχ,
853 5174 944 5231 28.
1020 5173 1067 5209 ³⁸
1094 5173 1266 5230 Joan.
1297 5190 1350 5242 ν,
1385 5174 1473 5230 tt.
1547 5173 1593 5209 ³⁸
1620 5171 1773 5230 Psal.
1799 5187 1982 5229 σχειν.

427 5357 540 5429 (17)
574 5361 693 5426 Σοι,
719 5358 778 5429 et
805 5370 959 5429 mox,
993 5347 1070 5422 δὲ,
1103 5352 1329 5429 desunt
1348 5351 1406 5429 in
1435 5349 1741 5407 Basiliensi
1772 5353 1829 5406 et
1858 5348 2008 5405 Felo.

427 5360 542 5484 (172
574 5361 693 5426 Σοι,
719 5360 778 5410 et
805 5370 959 5422 mox,
993 5360 1070 5422 δὲ,
1103 5360 1319 5408 desunt
1348 5360 1406 5406 in
1437 5360 1741 5407 Basiliensi
1772 5360 1829 5406 et
1861 5360 1865 5405 I

358 5431 413 5486 3.
439 5425 1129 5508 .I_n_er_ius,nAn_glicanus,
1159 5424 1285 5508 «ap:
1317 5420 1506 5508 ὶτέρερ.
1613 5495 1628 5508 ⁸
1855 5493 1865 5504 _

431 5501 542 5572 (18)
601 5500 667 5572 ln
705 5492 1071 5572 'Ragivoupost
1116 5492 1507 5571 παραλυτικόν,
1560 5495 1632 5550 ad
1682 5493 2008 5567 marginem

359 5567 617 5639 additur,
649 5567 1056 5643 θεραπευθέντα.

429 5643 544 5717 (19)
575 5633 812 5717 Regius,
859 5637 1190 5696 καλούντων.
1239 5633 1702 5717 Μοχζάγξνητον,
1754 5637 1838 5692 sic

359 5707 641 5776 Go'mmel.
658 5707 723 5771 Et
752 5728 956 5770 omnes
981 5729 1124 5770 mss.
1152 5716 1361 5784 praeter
1380 5707 1560 5769 Basil.
1582 5709 1685 5782 qui
1712 5723 1848 5765 cum
1866 5707 2008 5766 edit.

2124 4812 2200 4884 μὴ
2251 4809 2480 4885 ὀμνύναι
2527 4828 2616 4872 τις
2668 4811 2914 4882 μιμεῖται
2943 4805 3006 4862 τὸ
3035 4810 3212 4879 Θεῖον,
3243 4808 3363 4868 πῶς
3395 4804 3554 4868 αὐτὸς
3585 4804 3614 4860 ὀ
3646 4803 3775 4866 Θεός

2123 4898 2355 4974 ὀμνύναι
2414 4897 2631 4973 λέγεται
2686 4895 2737 4952 ἂν
2795 4900 2916 4958 ταῖς
2983 4894 3150 4958 θείαις
3205 4898 3480 4972 Γραφαῖςς
3538 4893 3638 4950 Καὶ
3669 4894 3774 4970 γὰρ

2121 4987 2209 5045 καθ
2268 4991 2347 5060 τῷ
2407 4981 2660 5065 Ἀϐραὰμ
2714 4982 2952 5060 ὤμοσεν,
3001 4981 3184 5062 ὣσπερ
3212 4982 3304 5040 καὶ
3333 4989 3538 5056 Μωσῆς
3569 5001 3778 5062 μαρτυ-

2122 5348 2434 5416 Parisiens,
2464 5346 2642 5403 habet
2660 5342 2978 5418 ἀγέννητον,
2997 5342 3196 5418 minus
3225 5345 3401 5418 recte.
3427 5341 3602 5418 Paulo
3625 5345 3781 5416 post,

2121 5413 2430 5494 e_regione
2460 5418 2620 5494 vocis
2666 5413 3139 5494 καταφρονεῖσθαι,
3189 5414 3262 5469 ad
3295 5413 3644 5487 marginam'
3673 5419 3780 5471 Re-

2121 5492 2200 5566 gii
2234 5484 2467 5566 l‘égitur,
2497 5484 3222 5566 γρᾴφεταιικαὶκρίνεσθαα

2195 5512 2200 5547 ι
2236 5509 2286 5548 le
2349 5509 2467 5559 tur,
2497 5509 2781 5565 γραφεται,
2809 5509 2900 5542 και
2931 5509 3222 5561 κρινισυιιι.

2195 5509 2543 5636 (minsas;
2573 5563 2740 5620 deest
2783 5560 2846 5618 in
2893 5557 3126 5631 Anglic.
3160 5557 3314 5627 Mox,
3361 5556 3506 5615 Felc.
3538 5559 3593 5627 3,
3627 5553 3778 5626 δόξο-

2124 5654 2220 5709 μεν
2229 5676 2244 5692 .
