4154 6384
314 446 431 514 ιω
1363 431 1463 494 DE
1506 428 1891 493 PASSIONE
1934 430 2036 493 ET
2078 430 2334 493 GRUCE
2379 432 2687 496 DOMINI.
3632 447 3750 506 194

319 582 430 651 Pri,
460 572 551 630 καὶ
583 572 637 627 ἔν
669 572 899 643 Ὕμνοις
932 563 990 621 δὶ
1043 566 1358 643 γέγραπται·
1420 586 1449 651 “,
1502 564 1711 651 Ὠμοσε
1758 561 1980 637 Κύριος·

2125 568 2265 620 καιιιι·
2295 565 2521 637 Moyses
2543 567 2608 636 ’7,
2634 572 2689 622 et
2720 568 2777 622 in
2804 571 3048 642 Hymnis
3080 574 3365 639 scriptum
3398 580 3487 631 est
3509 593 3560 631 τι
3582 576 3753 633 Jura-

322 667 412 722 καὶ
471 663 535 719 ού
598 655 1133 733 μεταμεληθήσεται·
1196 653 1273 708 Σὺ
1327 650 1498 729 ἱερεὺς
1551 650 1629 713 είς
1678 651 1769 706 τὸν
1814 651 1986 706 αἰῶνα

2125 654 2175 708 it
2201 653 2503 720 Dominus,
2526 661 2583 710 et
2615 673 2730 712 non
2763 658 3067 729 paenitebit
3088 677 3221 717 eum
3249 681 3261 717 :
3286 663 3368 717 Tu
3393 680 3455 719 es
3476 667 3753 722 sacerdos

325 756 461 811 κατὰ
505 753 605 821 τὴν
655 747 802 818 τάξιν
848 741 1211 819 Μελχισεδᾶκ.
1242 765 1271 795 ››
1306 741 1453 815 Δόξει
1485 743 1593 815 (21)
1622 740 1722 817 γὰρ
1754 740 1788 810 ἢ
1824 745 1989 795 ταῦτα

2125 761 2156 799 ιι
2187 747 2469 798 aeternum
2502 747 2827 801 secundum
2874 749 3137 805 ordinem
3187 750 3700 811 Melchisedech”.
3726 776 3754 805 »

332 843 603 921 μάχεσθαι
630 842 747 899 τοῖς
778 834 1191 921 προλεχθεῖσιν,
1223 834 1267 921 ἢῗ
1292 832 1352 887 ιν.
1374 830 1584 921 τούτων
1620 825 1987 921 ἐπιτρίϐεσθαι

2125 832 2385 887 Ῑὶἀειιῐιιι·
2405 835 2560 888 enim
2594 834 2707 890 ista
2737 842 2836 891 aut
2868 854 3001 893 cum
3034 840 3438 911 superioribus
3470 859 3757 916 pugnare,

324 916 453 996 τους
485 928 801 1007 ἀνθρώπους
826 924 902 987 είς
936 918 1155 999 ὅρκους.
1188 920 1346 977 Ἀλλ’
1375 921 1475 977 οὐκ
1505 919 1643 976 ἔστιν
1692 916 1855 1007 οὕτω·
1912 921 1986 993 μή

2125 926 2199 977 .ut
2226 922 2443 978 isthinc
2490 922 2763 981 homines
2818 927 2888 981 ad
2914 928 3256 998 juramenta
3286 932 3610 987 assueﬁeri.
3644 934 3756 989 Sed

327 1022 497 1080 ταῦτά
560 1006 643 1081 τις
694 1017 808 1092 (22)
863 1013 1158 1087 νομιζέτω.
1215 1011 1345 1073 Θεὸς
1401 1010 1504 1087 γὰρ
1578 1011 1693 1065 κατ’
1772 1006 1989 1071 οὐδενὸς

333 1111 551 1187 ὀμνύει.
607 1112 733 1168 Πῶς
792 1103 920 1179 γὰρ,
982 1100 1143 1163 αὐτὸς
1198 1100 1395 1177 Κύριος
1450 1100 1541 1155 καὶ
1599 1099 1836 1170 ποιητὴς
1883 1102 1991 1153 τῶν

338 1203 591 1259 ἁπάντων
654 1197 957 1271 ὑπάρχων,
1019 1191 1176 1250 Ἀλλ’
1235 1191 1284 1247 εἷ’
1312 1192 1430 1267 χρὴ
1460 1190 1677 1261 τάληθῆ
1713 1190 1912 1265 λέγειν,
1964 1190 1993 1245 6

341 1291 510 1367 λόγος
541 1287 701 1365 ὅρκος
728 1284 893 1340 αὐτοῦ
923 1282 1057 1355 ἑστι,
1087 1280 1462 1360 πληροφορῶν
1504 1280 1632 1343 τοὺς
1678 1279 1995 1353 ἀκούοντας,

337 1379 425 1435 καὶ
478 1377 655 1433 πίστιν
713 1371 922 1445 ἑκάστῳ
968 1369 1249 1447 παρέχων,
1309 1369 1392 1425 ὅτι
1443 1371 1473 1426 ὃ
1505 1368 1875 1447 ἐπηγγείλατο
1906 1369 1997 1424 καὶ

336 1466 514 1537 λαλεῖ,
581 1465 797 1526 πάντως
850 1459 942 1516 καῖ
999 1462 1306 1536 γενήσεται.
1357 1458 1430 1515 Οὐ
1461 1459 1565 1535 γὰρ
1597 1459 1671 1521 ὡς
1712 1460 1999 1535 ἅνθρωπος

337 1555 526 1630 ὀμνύει
556 1555 709 1625 Θεὸς,
743 1550 869 1608 ἀλλ’
900 1552 1037 1623 ἡμῖν
1070 1550 1099 1602 6
1131 1546 1301 1625 λόγος
1331 1547 1498 1603 αὐτοῦ
1531 1547 1648 1603 ἀντὶ
1678 1546 1843 1623 ὅρκου
1863 1547 1998 1622 πρὸς

333 1644 594 1716 ἀλήθειαν
644 1642 872 1719 γίνεται.
924 1639 1261 1713 Ἀνθρώποις
1312 1634 1371 1693 δὲ
1420 1635 1606 1693 λαλῶν
1649 1636 1876 1710 ὀμνύναι
1911 1634 2000 1691 λι-

334 1753 505 1812 γεται,
562 1732 652 1788 καὶ
712 1734 878 1786 τοῦτο
938 1727 1426 1804 ἀνθρωπικώτερον
1497 1724 1813 1782 λαλούντων
1890 1728 1998 1780 τῶν

338 1822 530 1899 ἀγίων·
556 1820 650 1877 ’ίνα
680 1821 769 1900 ἀφ’
799 1820 874 1873 ὧν
908 1816 1062 1873 αύτοὶ
1095 1815 1343 1893 λέγοντες
1400 1818 1659 1886 ἀξιοῦσιν,
1718 1816 1823 1871 ἀπὸ
1872 1812 2000 1870 τού-

336 1934 444 1967 των
476 1910 630 1967 αύτοὶ
656 1908 988 1965 πιστεύσωσι
1018 1910 1097 1979 τῷ
1128 1904 1390 1962 λαλοῦντι
1420 1909 1555 1977 Θεῷ·
1608 1906 1697 1967 Ὡς
1752 1906 1855 1981 γὰρ
1914 1905 2002 1959 ἀν-

341 2002 575 2077 θρώπων
607 2000 697 2055 τὸν
727 1998 891 2073 λόγον
928 1992 1089 2074 ὅρκος
1124 1990 1355 2071 βεϐαιοῖ,
1391 1992 1565 2057 οὕτως
1589 1993 1799 2050 ἂλαλεῖ
1819 1994 1846 2048 ὁ
1870 1991 2000 2056 Θεὸς

343 2092 457 2155 ἀνθ’
505 2085 672 2163 ὅρκου
730 2088 1033 2163 λογιζεσθω
1091 2082 1180 2140 διὰ
1205 2084 1269 2140 τὸ
1304 2080 1519 2159 βέϐαιον
1550 2084 1639 2138 καὶ
1669 2083 1996 2158 ἀμετάθετον

340 2187 440 2250 τῆς
477 2178 685 2256 βουλῆς
717 2177 903 2234 αὐτοῦ.
938 2180 1212 2252 Μαρτυρεῖ
1242 2171 1300 2229 δὶ
1323 2178 1402 2246 τῷ
1433 2172 1714 2250 λεγομὲνῳ
1766 2174 1857 2228 καὶ
1904 2172 1998 2227 αύ-

343 2270 435 2331 τὸς
467 2269 495 2323 ὁ
524 2266 929 2344 γεγραμμένος·
953 2261 1115 2340 ὅρκος
1141 2289 1169 2317 ‹‹
1193 2264 1399 2337 Ὠμοσε
1420 2287 1448 2316 ››
1474 2264 1577 2338 γὰρ
1605 2288 1633 2316 (ι
1668 2262 1891 2337 Κύριος,
1909 2262 1998 2317 καὶ

348 2359 413 2415 ού
476 2357 1007 2432 μεταμεληθήσεται,
1073 2378 1101 2405 ››
1162 2354 1238 2416 ὡς
1291 2357 1390 2408 τοῦ
1444 2350 1864 2426 ἀμεταμελήτου
1908 2351 1998 2406 καὶ

344 2450 561 2509 πάντως
621 2445 881 2518 ἐσομένου
938 2445 1074 2499 κατά
1126 2443 1226 2512 τὴν
1277 2440 1604 2518 ἑπαγγελίαν
1657 2441 1822 2518 ὅρκου
1872 2462 2000 2517 τυγ-

343 2537 631 2613 χάνοντος.
688 2539 859 2588 Τοῦτο
919 2531 977 2588 δὲ
1033 2531 1122 2587 καὶ
1178 2531 1338 2593 αὐτὸς
1386 2533 1415 2587 6
1445 2532 1573 2593 Θεὸς
1609 2532 1661 2586 ἒν
1693 2535 1760 2605 τῇ
1792 2531 1998 2585 Γενίσει

349 2622 609 2697 σημαίνει
658 2620 852 2695 λὲγων·
913 2644 940 2670 ‹‹
990 2621 1113 2674 Κατ’
1156 2620 1394 2692 ἒμαυτοῢ
1444 2619 1657 2692 ὣμοσα.
1691 2644 1712 2671 ι
1745 2624 1914 2674 Τοῦτο
1946 2616 2004 2673 Si

355 2712 467 2787 οὐχ
496 2710 657 2787 ὅρκος
687 2708 849 2764 ἐστίν.
904 2705 1045 2765 Ούδὲ
1087 2708 1189 2783 γὰρ
1246 2707 1380 2763 κατά
1421 2728 1567 2770 τινος
1601 2705 1839 2780 ὢμοσεν,
1870 2707 2002 2776 ὅπερ

355 2799 493 2855 ἴδιόν
573 2799 712 2853 ἑστιν
787 2796 972 2872 ὅρκου·
1054 2796 1198 2852 ἀλλὰ
1269 2797 1388 2860 καθ’
1452 2798 1664 2869 ἑαυτοῦ,
1722 2797 1853 2871 ὅπερ
1907 2798 2007 2865 τὴν

349 2892 447 2944 τοῦ
501 2883 668 2961 ὅρκου
752 2885 1004 2940 ὑπόνοιαν
1064 2884 1333 2964 ἐκφεύγει,
1390 2884 1478 2940 καὶ
1539 2886 1591 2940 ἒν
1650 2885 1695 2957 ᾧ
1753 2884 2006 2958 σημαίνει

355 2977 417 3030 τὸ
450 2970 668 3050 βέϐαιον
689 2977 787 3042 τῆς
821 2972 1169 3049 ἐπαγγελίας,
1209 2973 1298 3028 καὶ
1327 2974 1390 3027 τὸ
1420 2979 1622 3049 χρῆναι
1651 2975 1869 3035 πάντως
1916 2994 2009 3027 πι-

365 3069 571 3119 στεῦσαι
627 3064 719 3119 τὸν
770 3061 1053 3120 ἀκούοντα.
1086 3065 1266 3119 "Eum
1298 3060 1355 3117 δὲ
1385 3062 1473 3118 καὶ
1505 3063 1533 3117 6
1567 3059 1820 3135 ύμνῳδὸς
1873 3062 2010 3139 μάρ-

367 3174 457 3216 τυς
484 3158 589 3207 τῶν
626 3151 959 3229 λεγομενων,
993 3153 1423 3225 ἀναμιμνήσκων
1453 3152 1546 3207 τὸν
1578 3151 1732 3222 Θεὺν,
1783 3150 2009 3225 ψάλλων

365 3242 451 3297 καὶ
493 3242 693 3313 λέγων·
756 3267 785 3294 ‹‹
847 3246 959 3296 Ποῦ
1018 3241 1122 3297 εἱσι
1177 3243 1246 3296 τὰ
1276 3239 1403 3312 ὲλέη
1436 3261 1532 3296 σου
1559 3243 1627 3296 τὰ
1656 3242 1880 3317 ἀρχαῖα,
1910 3240 2013 3296 Κύ-

2102 1028 2217 1067 non
2248 1011 2330 1067 ita
2361 1029 2423 1068 se
2454 1027 2546 1068 res
2577 1014 2753 1070 habet
2786 1032 2797 1069 :
2833 1033 2905 1072 ne
2938 1017 3253 1088 quisquam
3304 1019 3388 1074 ita
3434 1020 3752 1080 existimet.

2103 1099 2257 1155 Deus
2288 1099 2445 1155 enim
2492 1118 2594 1173 per
2624 1103 2919 1159 neminem
2942 1105 3127 1175 jurat.
3159 1106 3267 1170 Qui
3299 1106 3356 1162 id
3386 1108 3512 1165 fieri
3546 1114 3758 1182 potest,

2104 1204 2239 1244 cum
2272 1189 2350 1244 sit
2382 1190 2660 1247 Dominus
2682 1197 2739 1247 et
2764 1194 3033 1249 conditor
3060 1195 3322 1251 omnium
3342 1196 3370 1252 ?
3400 1198 3513 1254 Sed
3546 1199 3595 1253 si
3629 1217 3759 1256 vere

2105 1278 2355 1343 dicatur,
2388 1280 2628 1335 verbum
2661 1285 2752 1336 est
2783 1284 3190 1352 juramentum
3239 1285 3417 1355 illius,
3452 1289 3607 1358 quod
3657 1305 3760 1344 au-

2108 1366 2335 1423 dientes
2367 1368 2641 1425 certiores
2676 1370 2835 1438 facit,
2860 1374 3137 1429 omnibus
3169 1375 3342 1431 {idem
3375 1377 3661 1447 prabens,
3694 1395 3763 1436 ea

2109 1472 2235 1527 quae
2268 1456 2556 1528 promittit
2585 1462 2643 1514 et
2663 1458 2942 1530 loquitur,
2968 1479 3213 1533 prorsus
3235 1463 3429 1520 futura
3458 1482 3610 1522 esse.
3634 1466 3761 1523 Non

2109 1546 2263 1601 enim
2301 1545 2460 1601 velut
2489 1546 2665 1603 homo
2704 1549 2868 1619 jurat
2920 1556 3090 1619 Deus,
3125 1553 3225 1608 sed
3280 1554 3448 1609 nobis
3478 1556 3608 1627 ejus
3637 1572 3765 1612 ver-

2110 1635 2250 1690 bum
2280 1652 2384 1707 pro
2408 1638 2747 1708 juramento
2778 1643 2870 1694 est
2919 1642 2989 1695 ad
3034 1641 3360 1698 veritatem.
3393 1647 3535 1699 Cum
3568 1649 3765 1701 autem

2111 1722 2370 1795 loquitur
2408 1724 2774 1794 hominibus,
2801 1728 3005 1798 jurare
3046 1729 3264 1785 dicitur
3288 1747 3301 1786 :
3327 1747 3443 1802 qua
3473 1732 3533 1787 in
3564 1749 3624 1789 re
3653 1734 3765 1789 hu-

2113 1829 2286 1869 mano
2319 1830 2479 1870 more
2521 1816 2847 1887 loquuntur
2893 1818 3103 1886 sancti,
3137 1824 3201 1874 ut
3248 1836 3317 1875 ex
3364 1821 3581 1893 quibus
3628 1822 3765 1895 ipsi,

2112 1902 2252 1958 dum
2276 1902 2621 1975 loquuntur,
2646 1905 2819 1961 fidem
2846 1907 3251 1978 postulant,ex
3271 1908 3479 1965 iisdem
3504 1912 3768 1983 loquenti

2114 1993 2224 2047 Deo
2255 1992 2515 2048 credant.
2550 1992 2625 2049 Ut
2654 2011 2908 2066 namque
2949 1996 3255 2053 hominum
3301 2015 3633 2055 sermonem
3666 2002 3766 2056 fir-

2109 2087 2235 2136 mat
2257 2082 2701 2151 juramentum;
2737 2084 2823 2139 ita
2859 2101 2987 2157 quae
3020 2084 3279 2156 loquitur
3312 2089 3461 2143 Deus
3492 2090 3758 2160 projura

2110 2174 2310 2226 mento
2340 2171 2616 2227 habenda
2651 2179 2809 2239 sunt,
2844 2174 2917 2229 ob
2951 2175 3286 2231 ﬁrmitatem
3324 2177 3771 2235 immutabilita-

2106 2264 2345 2331 temque
2375 2259 2607 2315 consilii
2637 2262 2787 2332 ejus.
2812 2263 3086 2318 Testatur
3123 2263 3182 2318 id
3216 2265 3371 2335 quod
3403 2265 3626 2321 dictum
3657 2272 3776 2351 est,

2109 2350 2305 2421 ipsum
2326 2349 2384 2404 in
2399 2349 2700 2421 Scriptura
2722 2352 3420 2422 traditumjuramentum
3439 2349 3772 2412 :«Juravitii

2109 2439 2266 2494 enim
2294 2460 2322 2488 «
2343 2438 2651 2506 Dominus,
2674 2444 2731 2494 et
2760 2457 2874 2495 non
2910 2442 3215 2512 pcenitebit
3236 2443 3336 2499 64
3368 2461 3526 2511 eum,
3552 2466 3579 2494 ››
3605 2446 3763 2517 quod

2112 2528 2392 2584 nimirum
2418 2529 2821 2599 juramentum
2864 2529 3007 2585 illud
3041 2531 3168 2587 sine
3208 2533 3548 2604 pmnitentia
3579 2534 3677 2602 sit,
3710 2538 3770 2591 et

2112 2633 2356 2689 prorsus
2379 2617 2643 2672 futurum
2663 2618 2987 2673 secundum
3014 2619 3486 2691 promissionem.
3506 2623 3619 2677 Hoc
3641 2622 3770 2695 ipse

2114 2707 2271 2761 Deus
2302 2707 2362 2761 in
2392 2707 2601 2762 Genesi
2653 2706 2872 2761 indicat
2919 2707 3011 2762 his
3058 2708 3250 2766 verbis
3282 2726 3295 2765 :
3324 2733 3351 2760 ‹‹
3386 2711 3492 2766 Per
3524 2716 3773 2768 memet-

2114 2795 2314 2866 ipsum
2354 2794 2686 2864 juravi”.n
2739 2795 2886 2850 illud
2940 2801 3137 2851 autem
3186 2815 3562 2871 nequaquam
3603 2801 3779 2871 jura-

2118 2888 2382 2938 mentum
2416 2888 2525 2937 est.
2558 2882 2760 2954 Neque
2788 2884 2944 2939 enim
2996 2902 3101 2956 per
3142 2887 3320 2942 alium
3347 2889 3588 2959 juravit,
3614 2890 3771 2961 quod

2120 2971 2422 3043 proprium
2455 2975 2545 3027 est
2584 2972 2942 3042 juramenti;
2994 2974 3094 3030 sed
3146 2992 3250 3048 per
3296 2979 3582 3049 seipsum,
3616 2979 3773 3049 quod

2113 3061 2439 3133 juramenti
2483 3060 2880 3132 suspicionem
2913 3070 3189 3130 removet,
3221 3070 3277 3121 et
3315 3082 3431 3137 quo
3480 3066 3776 3139 signiﬁcat

2123 3150 2531 3224 promissionis
2580 3151 2941 3221 ﬁrmitatem,
2972 3158 3030 3210 et
3058 3153 3300 3221 indicat,
3332 3172 3468 3212 eum
3518 3157 3618 3228 qui
3669 3173 3773 3212 au-

2124 3240 2296 3301 dierit
2326 3240 2497 3311 plane
2525 3240 2758 3296 credere
2795 3242 3026 3298 debere.
3059 3243 3247 3300 Testis
3293 3246 3372 3301 sit
3412 3263 3613 3303 eorum
3644 3263 3773 3319 qua:

369 3352 452 3407 ριε
482 3334 617 3406 (23),
647 3330 678 3386 ἃ
708 3330 931 3404 ὤμοσας
959 3335 1040 3403 τῷ
1073 3325 1238 3385 Δαϐὶδ
1270 3330 1322 3385 ἐν
1357 3334 1423 3404 τῇ
1457 3330 1685 3402 ἀληθείᾳ
1714 3315 1849 3400 eoo;
1884 3354 1912 3382 ››
1944 3329 2011 3388 Οὔ

2135 3329 2393 3385 diximus
2423 3328 2752 3397 Psalmista,
2788 3331 2887 3403 qui
2925 3333 3036 3387 Deo
3067 3331 3220 3389 inter
3260 3332 3624 3405 psallendum
3657 3315 3782 3390 ine-

368 3420 472 3496 γὰρ
503 3421 638 3475 κατὰ
664 3427 763 3490 τῆς
814 3419 1076 3491 ἀληθείας
1116 3418 1305 3493 ὀμνύει
1357 3418 1509 3482 Θεός·
1561 3418 1688 3475 ἀλλ’
1717 3420 1850 3495 ἅπερ
1883 3418 2022 3490 ἁλη-

369 3509 537 3564 θεύων
579 3509 740 3565 λαλεῖ
770 3509 843 3572 ὡς
867 3508 1033 3584 ὅρκος
1055 3508 1165 3564 εστὶ
1184 3514 1302 3572 τοῖς
1328 3509 1636 3583 ἀνθρώποις
1660 3507 1798 3585 πρός
1820 3507 2023 3565 πίστιν.

370 3595 510 3658 Οὔτε
541 3598 630 3655 οὖν
665 3599 792 3661 Θεὸς
822 3600 958 3653 κατά
984 3597 1113 3661 τοὺς
1144 3598 1464 3674 ἀνθρώπους
1488 3596 1697 3671 ὀμνύει,
1722 3596 1844 3653 οὕτε
1872 3599 2021 3671 ἡμᾶς

368 3687 428 3744 ἐκ
456 3688 663 3743 τούτων
695 3687 768 3750 είς
798 3683 994 3762 ὅρκους
1044 3683 1409 3761 ἒπιτρίὸεσθαι
1441 3689 1555 3761 (24)
1756 3685 1901 3742 ἀλλὰ
1927 3707 2020 3741 το-

370 3782 525 3833 ιαῦτα
581 3778 826 3854 λὲγωμεν
883 3777 972 3832 καὶ
1028 3775 1375 3851 πράττωμεν,
1408 3776 1483 3839 ὡς
1520 3776 1594 3850 μὴ
1621 3770 1785 3853 ὅρκου
1819 3773 2021 3830 δεῖσθαι

367 3866 494 3929 τοὺς
528 3866 842 3937 ἀκούοντας,
878 3865 1005 3923 ἀλλ’
1034 3866 1124 3945 ἀφ’
1162 3866 1365 3922 ἑαυτῶν
1426 3862 1573 3941 ἔχειν
1630 3867 1699 3921 τὰ
1756 3864 2023 3942 λεγόμενα

365 3963 468 4025 τῆς
528 3955 786 4027 ἀληθείας
839 3956 941 4026 τήν
1003 3955 1319 4032 μαρτυρίαν.
1369 3957 1455 4010 Ἐν
1500 3953 1684 4028 τούτῳ
1714 3954 1818 4032 γὰρ
1849 3948 2021 4018 ὄντως

373 4046 731 4119 μιμησόμεθα
760 4046 821 4100 τὸ
854 4051 1030 4103 ϐεῖον.

2133 3420 2379 3476 moriam
2436 3423 2665 3475 revocat
2721 3420 3146 3491 promissorum
3196 3422 3290 3479 his
3339 3424 3531 3481 verbis
3574 3441 3641 3481 :«
3678 3424 3785 3483 Ubi

2132 3514 2275 3564 sunt
2304 3509 2716 3565 misericordia
2760 3514 2875 3565 tuae
2915 3510 3187 3581 antiquis,
3226 3514 3486 3583 Domine,
3512 3531 3659 3587 quas
3683 3516 3783 3586 ju-

2132 3598 2274 3654 rasti
2323 3598 2522 3654 Davidi
2570 3598 2629 3653 in
2681 3599 2923 3655 veritate
2960 3601 3223 3657 tua”?»
3254 3602 3632 3676 Nequaquam
3683 3620 3788 3676 per

2130 3688 2439 3743 veritatem
2462 3687 2629 3758 jurat
2658 3691 2808 3743 Deus
2839 3706 2851 3743 :
2878 3690 2977 3743 sed
3008 3706 3134 3760 quae
3166 3690 3264 3747 ille
3292 3692 3577 3749 veraciter
3604 3693 3796 3766 loqui-

2134 3782 2252 3844 tur,
2280 3794 2384 3849 pro
2406 3776 2746 3846 juramento
2769 3783 2910 3833 sunt
2938 3778 3276 3836 hominibus
3309 3782 3379 3836 ad
3411 3782 3610 3838 fidem.
3634 3788 3786 3839 Deus

2133 3867 2333 3938 itaque
2362 3882 2475 3921 non
2507 3865 2666 3921 velut
2705 3866 2975 3923 homines
3013 3869 3196 3938 jurat,
3230 3886 3419 3941 neque
3449 3871 3585 3927 hinc
3615 3871 3788 3929 nobis

2124 3957 2465 4028 juramento
2495 3956 2954 4011 assuescendum
2991 3974 3003 4012 :
3038 3958 3141 4013 sed
3172 3957 3320 4014 tales
3349 3976 3457 4015 nos
3492 3958 3789 4032 loquendo

2135 4045 2476 4116 agendoque
2522 4043 2927 4110 exhibeamus,
2960 4050 3026 4100 ut
3067 4045 3366 4102 auditores
3415 4065 3530 4104 non
3578 4052 3791 4121 egeant

361 4136 701 4207 juramento
735 4141 968 4205 nostro;
1001 4136 1103 4193 sed
1136 4134 1293 4191 dicta
1318 4136 1523 4189 nostra
1550 4150 1620 4189 ex
1647 4149 1776 4189 sese
1818 4133 2079 4190 veritatis
2109 4131 2515 4189 testimonium
2564 4131 2839 4188 habeant.
2870 4133 2988 4189 Hac
3019 4136 3176 4190 enim
3204 4134 3265 4190 in
3296 4153 3358 4192 re
3388 4137 3560 4209 plane
3605 4138 3792 4195 Deum

367 4225 758 4283 imitabimur.

437 4317 495 4370 7.
528 4312 687 4370 Ἀλλ’
739 4312 876 4377 ’ίσως
924 4314 1014 4369 καὶ
1061 4313 1125 4368 τὸ
1173 4310 1309 4367 κατά
1355 4309 1484 4372 τοὺς
1533 4308 1810 4372 Νινευίτας
1844 4308 1903 4365 ἂν
1938 4330 2022 4373 τις

369 4404 762 4481 ἐπερωτήσειεν
792 4404 985 4467 οὕτως·
1018 4402 1083 4460 ΕΙ
1116 4402 1143 4458 ὀ
1179 4401 1345 4476 λόγος
1374 4396 1534 4475 ὅρκος
1567 4399 1679 4455 ἐστὶ
1727 4405 1826 4456 τοῦ
1866 4403 2023 4473 Θεοῦ,

369 4492 453 4549 ὅτι
514 4493 691 4569 λέγων
749 4492 1003 4573 ἀληθεύει
1059 4492 1149 4548 καὶ
1193 4491 1256 4546 ού
1305 4487 1577 4565 ψεύδεται,
1620 4494 1738 4552 πῶς
1769 4489 2025 4565 εἰρηκώς·

372 4605 402 4636 α
434 4589 552 4639 Ἔτι
582 4586 727 4656 τρεῖς
749 4582 974 4656 ἡμέραι,
1005 4582 1094 4637 καὶ
1134 4578 1314 4637 Νινευί
1346 4582 1454 4652 (25)
1503 4580 2027 4658 καταστραφήσεται,

381 4671 443 4728 ού
478 4674 814 4749 πεπλήρωκε
839 4671 931 4727 τὸν
966 4668 1127 4749 λόγον
1161 4688 1175 4741 ;
1208 4667 1348 4741 δόξει
1402 4669 1504 4747 γὰρ
1561 4667 1649 4725 καί
1695 4673 1858 4725 τοῦτο
1920 4669 2029 4743 μά-

373 4773 569 4839 χεσθαι
600 4761 737 4837 πρὸς
791 4761 859 4816 τὰ
913 4764 1124 4835 πρῶτα.
1184 4757 1341 4817 Ἀλλ’
1380 4758 1443 4813 ού
1491 4756 1741 4833 ψεύδεται
1796 4758 1823 4814 ό
1856 4757 2025 4821 Θεός·

2203 4312 2258 4365 7.
2292 4315 2367 4365 At
2396 4309 2664 4365 fortassis
2691 4310 2985 4381 quispiam
3019 4313 3088 4369 de
3119 4316 3295 4371 rebus
3318 4317 3473 4387 apud
3504 4316 3794 4375 Ninivitas

2139 4400 2321 4472 gestis
2348 4398 2431 4454 ita
2472 4404 2848 4470 percontetur
2881 4418 2893 4455 :
2928 4401 2988 4456 Si
3020 4418 3213 4459 sermo
3244 4403 3345 4459 Dei
3382 4407 3793 4475 juramentum

2135 4493 2244 4555 est,
2288 4489 2441 4561 quod
2493 4487 2771 4544 veraciter
2826 4488 3102 4560 loquatur
3158 4496 3213 4547 et
3272 4509 3391 4549 non
3448 4495 3795 4565 mentiatur,

2138 4595 2319 4650 quare
2350 4593 2486 4633 cum
2525 4577 2770 4633 dixisset
2803 4595 2816 4633 :
2845 4601 2873 4627 α
2898 4578 3100 4634 Adhuc
3143 4586 3263 4636 tres
3314 4580 3458 4652 dies,
3491 4586 3549 4637 et
3594 4582 3802 4641 Ninive

2139 4668 2510 4723 subvertetur
2529 4667 2597 4737 ³³,
2622 4688 2649 4717 »
2676 4683 3006 4723 sermonem
3043 4686 3156 4725 non
3181 4669 3488 4743 implevit?
3510 4671 3801 4729 Videntur

2138 4756 2296 4813 enim
2327 4756 2528 4811 isthaac
2560 4772 2821 4827 pugnare
2866 4774 2998 4813 cum
3050 4760 3532 4830 praecedentibus.
3563 4761 3636 4815 At
3678 4778 3796 4818 non

376 4853 453 4926 μὴ
503 4852 751 4927 γὲνοιτοί
808 4847 934 4906 οὐδὲ
965 4851 993 4904 6
1038 4848 1202 4926 λόγος
1236 4846 1567 4925 ἀπλήρωτος
1600 4845 1807 4921 ἔμεινεν
1839 4846 2003 4902 αὐτοῦ

2140 4845 2420 4901 mentitur
2449 4844 2622 4915 Deus,
2651 4844 2840 4901 absit!
2871 4864 3058 4918 neque
3088 4849 3331 4904 verbum
3363 4849 3492 4921 ejus
3526 4865 3793 4921 unquam

373 4942 460 5016 Τῇ
516 4940 618 5018 γὰρ
676 4939 1064 5019 φιλανθρωπίᾳ
1119 4940 1219 5009 τὴν
1278 4937 1445 5016 ὀργήν
1488 4931 1762 5011 ἤμϐλυνε,
1820 4937 1910 4991 καὶ

2135 4933 2495 5006 completum
2526 4950 2642 4989 non
2674 4939 2781 4990 est.
2806 4935 2924 4992 Suo
2947 4935 3105 4991 enim
3132 4953 3269 5009 erga
3294 4938 3563 4994 homines
3594 4953 3795 4995 amore

443 5117 488 5152 ³⁸³
517 5115 658 5173 Gen.
691 5131 831 5182 xxn,
866 5114 956 5170 16.
1032 5115 1077 5150 ³⁸
1108 5112 1260 5170 Psal.
1292 5128 1404 5183 cxx,
1437 5112 1491 5168 4.
1566 5112 1613 5147 ²⁹
1640 5114 1784 5169 Gen.
1815 5127 1952 5181 nu,
1986 5110 2011 5165 1

2149 5108 2195 5144 ⁸ο
2223 5107 2379 5163 Psal.
2413 5123 2679 5177 Lxxxvm,
2710 5109 2801 5163 50.
2880 5110 2924 5146 ³¹
2956 5108 3088 5166 Jon.
3122 5127 3206 5177 IIl,
3241 5111 3294 5165 4.

447 5284 560 5368 (2t)
592 5283 729 5353 Alii,
780 5278 929 5368 δέξῃ,
975 5276 1264 5368 ιρίἱζὶδόξει
1295 5279 1535 5368 habent.
1564 5278 1757 5368 ,Mox,'
1793 5277 2032 5368 Regius,

447 5303 560 5368 ςκι)
592 5303 729 5353 Am,
780 5303 870 5353 οοζ
913 5324 929 5352 ,
975 5303 1096 5352 am,
1126 5303 1264 5365 οοςει
1296 5303 1535 5365 napum.
1590 5303 1757 5370 MUX,’
1793 5303 2032 5352 negius,

378 5357 769 5422 Anglicanus,
809 5303 959 5412 Pelle.
990 5356 1045 5422 3,
1080 5353 1448 5422 Basiliensis,
1476 5350 1512 5420 ἢ
1561 5348 1621 5404 in
1664 5369 1872 5404 τουτων
1918 5347 2034 5403 ἐπι-

376 5423 697 5509 τρίδεσθαι,
746 5428 807 5483 in
862 5432 1158 5509 postremo
1187 5430 1447 5509 .tam‘en,
1514 5423 1776 5509 secunda
1826 5438 2033 5509 manu,

381 5493 780 5573 ἐπιτρέπεσθαι,
814 5493 883 5555 ut
908 5499 1159 5556 habetur
1186 5497 1247 5553 in
1279 5497 1488 5563 editis;
1521 5494 1702 5551 dubia
1730 5493 1927 5550 lectio:
2019 5565 2031 5577 .

450 5574 565 5647 (22)
594 5572 690 5650 Sic
736 5571 957 5650 Regius
1003 5569 1345 5650 et_F.elc.'3.
1378 5566 1693 5650 Editivero
1740 5571 1820 5650 et_
1843 5569 2034 5650 caeteri

383 5635 947 5717 manuscriptifm‘}
986 5639 1169 5717 ταῦτά
1225 5635 1287 5717 γὲ
1341 5658 1446 5701 τις.
1496 5639 1720 5696 Ibidem
1778 5637 1928 5695 Felc.
1978 5637 2033 5708 3,

378 5712 814 5792 κομιζέτω,Ῥι⁸ο
842 5712 1141 5792 νβμξζέτωι
1362 5780 1399 5792 ..

454 5775 570 5862 ζ2έ)
602 5775 785 5862 Κύρὶε,
817 5775 922 5844 est'
946 5775 1007 5842 in
1058 5783 1181 5844 solo
1226 5780 1574 5855 Anglicano.
1604 5782 1753 5853 Mox,
1783 5778 1927 5849 hac,
1958 5775 2035 5833 Οὐ

2184 5275 2249 5361 ἀρ
2276 5272 2415 5358 κατᾶ
2441 5280 2543 5342 τῆς
2562 5274 2861 5361 βιληθείας,
2890 5276 3181 5361 habentur
3202 5277 3267 5361 in
3297 5277 3617 5361 Anglicano
3646 5281 3707 5361 et
3735 5277 3797 5361 in

2198 5347 2327 5430 egio
2359 5350 2618 5431 secunda
2651 5347 2854 5420 manu,
2885 5347 3420 5421 desideranturque
3461 5349 3521 5405 in
3568 5352 3798 5408 caeteris

2142 5424 2199 5477 et
2227 5421 2286 5474 in
2317 5421 2510 5475 editis.

2215 5491 2443 5562 (24)_Ita
2472 5490 2711 5562 Regius,
2758 5490 2934 5546 Basil.
2984 5489 3211 5562 Anglic.
3260 5493 3317 5545 et
3369 5492 3518 5549 Felc.
3551 5491 3604 5546 3.
3640 5493 3794 5549 Editi

2140 5559 2729 5644 veroi‘éfztptnEaggt.

2144 5633 2326 5773 86£25)
2359 5630 2595 5706 Regius,
2628 5631 2854 5699 Νινευή,
2902 5635 2959 5686 et
3005 5630 3089 5686 sic
3140 5630 3407 5689 inferius.
3442 5633 3576 5689 Mox
3618 5634 3790 5708 Angl.

2235 5724 2291 5773 ῃ.

2235 5724 2291 5776 ῃ.
