4154 6384
360 413 473 472 195

1553 411 1620 472 S.
1664 408 2189 473 ATHANASIUS.
2212 439 2290 453 -
2317 407 2585 471 DUBIA.

3651 408 3772 473 196

359 543 509 599 iram
556 540 865 615 mitigavit,
905 539 1212 613 magisque
1267 541 1337 595 ad
1389 543 1794 613 paenitentiam
1842 542 2011 598 Nini-

2132 539 2385 612 μετανοίᾳ
2430 543 2536 594 τῶν
2589 542 2878 594 Νινευϊτῶν
2930 536 3140 611 μᾶλλον
3175 533 3468 612 ἐπέϐλεψεν
3492 542 3608 613 (26)
3636 541 3673 610 ἣ
3706 539 3774 615 τῇ

358 633 617 689 vitatum
648 630 922 702 respexit,
954 646 1129 700 quam
1181 630 1249 685 ad
1304 631 1634 701 praecedens
1684 637 2008 704 peccatum.

359 721 562 794 Neque
590 719 705 776 tale
749 718 849 774 Dei
900 722 1143 774 verbum
1173 725 1316 785 erat,
1353 720 1521 791 quasi
1570 727 1702 792 post
1749 721 2013 775 triduum

361 810 754 868 subvertenda
782 813 940 863 esset
983 807 1189 863 Ninive
1225 826 1237 862 :
1270 810 1372 863 sed
1422 810 1633 877 tribus,
1666 809 1880 879 aiebat,
1913 824 2014 863 vos

361 900 569 956 diebus
619 896 945 962 sustinebo,
980 900 1044 950 ut
1089 895 1372 953 dilatione
1420 898 1714 968 triduana,
1767 897 2014 953 facultas

362 992 519 1044 esset
575 985 917 1059 paenitendi,
968 988 1069 1039 aut
1111 984 1567 1057 subsequentem
1618 992 1819 1057 postea
1863 986 2012 1041 iram

362 1075 639 1149 eligendi.
672 1074 823 1138 Quid
855 1089 1109 1145 namque
1139 1073 1219 1128 ait
1249 1074 1573 1146 pr0pheta1
1594 1099 1620 1125 «
1656 1076 1864 1131 Adhuc
1895 1081 2014 1130 tres

364 1166 511 1234 dies,
536 1169 594 1221 et
613 1162 817 1219 Ninive
838 1163 1268 1218 subvertetur.»
1291 1163 1415 1219 Non
1440 1164 1551 1219 ait:
1588 1164 1721 1220 Post
1752 1164 2010 1220 triduum

363 1255 759 1320 subvertetur;
798 1254 849 1308 si
879 1251 1035 1307 enim
1070 1253 1150 1305 ita
1180 1251 1443 1321 dixisset,
1477 1252 1557 1309 ita
1607 1253 1847 1310 omnino
1896 1255 2013 1309 fac-

362 1350 488 1401 tum
513 1342 744 1399 fuisset:
764 1341 927 1410 sed,«
947 1339 1153 1396 Adhuc
1180 1345 1299 1397 tres
1320 1342 1466 1408 dies,
1492 1347 1549 1397 et
1570 1344 1942 1399 subvertetur
1960 1361 2011 1400 ε»

358 1437 425 1490 ut
445 1448 579 1490 cum
601 1431 837 1498 diceret,
867 1453 887 1478 ι
915 1430 1131 1499 adhuc,
1156 1453 1184 1479 ››
1210 1430 1579 1487 tolerantiam
1603 1432 1705 1488 Dei
1731 1432 2015 1505 intellige-

362 1538 593 1590 remus;
625 1519 683 1574 in
717 1518 1098 1575 subversione
1124 1523 1342 1588 autem,
1377 1520 1526 1575 iram
1559 1537 1685 1592 qua:
1716 1527 1848 1593 post
1877 1522 2015 1577 tole-

364 1611 616 1667 rantiam
663 1609 857 1664 futura
892 1611 1038 1676 erat,
1071 1608 1185 1664 nisi
1233 1608 1662 1681 resipiscerent.
1686 1610 1808 1665 Nisi
1853 1611 2013 1666 enim

362 1699 447 1757 ita
475 1717 539 1756 se
568 1717 662 1756 res
711 1697 1035 1769 habuisset,
1067 1702 1124 1754 et
1151 1698 1201 1754 si
1233 1715 1369 1768 non,
1403 1703 1469 1754 ut
1513 1698 1780 1757 homines
1830 1700 2011 1773 pceni-

363 1790 610 1846 tentiam
643 1792 900 1862 agerent,
933 1787 1006 1842 ad
1048 1790 1168 1843 tres
1198 1787 1432 1843 distulit
1460 1788 1606 1857 dies,
1638 1790 1780 1861 quid
1832 1794 2013 1845 Deum

364 1879 694 1980 cohibebat,
727 1876 868 1949 quin
928 1876 1131 1980 statim
1190 1876 1458 1975 Ninivem
1514 1879 1884 1935 destrueret?
1926 1881 2012 1934 An
2046 1915 2093 1980 Β

365 1967 781 2027 imbecillitas?
810 1965 1033 2038 Apage!
1068 1965 1127 2020 id
1159 1982 1231 2021 ne
1268 1964 1328 2020 in
1361 1970 1616 2023 mentem
1647 1968 1884 2039 quidem
1917 1985 2014 2024 no-

367 2063 552 2114 stram
581 2056 794 2112 veniat.
822 2052 1105 2110 Dominus
1137 2054 1290 2112 enim
1324 2056 1631 2125 virtutum,
1656 2062 1714 2112 et
1745 2056 1910 2113 fortis
1960 2061 2018 2113 et

364 2151 573 2220 potens
603 2150 692 2201 est
720 2143 889 2200 Deus.
924 2148 1015 2198 An
1067 2143 1400 2215 ignorantia
1446 2145 1692 2201 istarum
1727 2161 1921 2201 rerum
1953 2145 2013 2201 in

365 2252 545 2292 causa
574 2234 722 2290 fuit?
754 2249 857 2289 nec
887 2232 1209 2305 quidquam
1238 2234 1531 2305 ejusmodi
1562 2236 1829 2290 dicatur:
1860 2236 2018 2291 novit

366 2326 522 2381 enim
554 2323 753 2380 omnia
779 2328 1092 2394 antequam
1120 2323 1263 2377 flant
1280 2322 1344 2376 ³².
1369 2323 1516 2387 Quid
1546 2322 1746 2395 itaque
1767 2325 2018 2395 cogitan-

364 2414 509 2469 dum
541 2416 743 2479 restat,
777 2410 889 2466 nisi
940 2409 1442 2482 longanimitatem
1491 2414 1549 2467 et
1593 2412 2013 2485 benignitatem

365 2501 645 2559 Domini?
674 2516 852 2573 quam
883 2516 1017 2555 cum
1063 2505 1260 2555 nosset
1294 2501 1595 2572 propheta,
1628 2502 1840 2573 primo,
1871 2501 2015 2558 mis-

366 2607 471 2646 sus
529 2589 777 2661 aufugit,
824 2589 1104 2657 secundo,
1156 2604 1259 2660 pro
1308 2589 1646 2645 defensione
1694 2590 1835 2647 dixit
1869 2609 1936 2646 :«
1971 2591 2015 2647 Ο

2122 628 2229 702 πρὸ
2259 629 2460 699 ταύτης
2493 626 2754 704 ἁμαρτίᾳ.
2797 628 2892 682 Καὶ
2927 629 2953 681 ὁ
2988 625 3155 701 λόγος
3188 626 3246 682 δὲ
3264 632 3362 683 τοῦ
3392 633 3525 685 Θεοῦ
3547 629 3656 705 οὐχ
3687 629 3776 683 οὕ-

2120 737 2228 779 τως
2286 720 2375 788 ἧν,
2428 716 2568 773 ὣστε
2619 717 2752 789 μετὰ
2779 718 3078 791 τριήμερον
3109 725 3515 795 κατασκαφῆναι
3544 720 3645 786 τὴν
3676 726 3715 772 Ν
3727 739 3774 772 ι-

2121 805 2253 860 νευΐ·
2312 805 2437 862 ἀλλ’
2489 806 2570 861 ὅτι
2615 813 2760 881 τρεῖς
2817 807 3026 876 ἡμέῖιας
3088 807 3239 879 ὑμῶν
3291 807 3688 879 ἀνέξομαι-’ἱνα
3720 806 3773 863 ἐν

2119 898 2188 968 τῇ
2239 895 2415 971 ἀνοχῇ
2462 900 2568 950 τῶν
2619 900 2785 971 τριῶν
2835 898 3082 968 ἡμερῶν,
3127 895 3365 966 ἐξουσίαν
3409 894 3583 971 ἔχωσι
3618 916 3783 969 μετα.

2119 986 2333 1054 νοῆσαι,
2382 985 2417 1054 ἢ
2465 986 2564 1052 τήν
2620 984 2752 1057 μετὰ
2799 989 2964 1038 ταῦτα
2997 985 3167 1058 ὀργὴν
3210 983 3541 1058 ἐκλέξασθαι.
3574 984 3634 1040 Τί
3667 985 3769 1062 γάρ

2121 1094 2283 1150 φησιν
2344 1073 2373 1127 ὁ
2429 1074 2760 1151 προφήτης,
2817 1075 2937 1130 Ἔτι
2995 1078 3142 1148 τρεῖς
3184 1075 3410 1151 ἡμέραι,
3450 1075 3540 1129 καὶ
3590 1076 3777 1131 Νινευῒ

2119 1163 2639 1240 καταστραφήσεται.
2702 1185 2731 1214 ››
2790 1162 2906 1220 Οὐκ
2962 1162 3096 1217 εἴπεο
3156 1163 3308 1220 Μετὰ
3352 1169 3498 1238 τρεῖς
3561 1164 3775 1237 ἡμέρας

2120 1253 2621 1329 καταστραφήσεται
2680 1254 2815 1324 (27)’
2871 1251 2917 1306 εἰ
2961 1251 3063 1327 γὰρ
3115 1251 3196 1319 ἃν,
3262 1251 3498 1328 ἐγεγόνει
3536 1255 3774 1316 πάντως*

2122 1338 2248 1396 ἀλλ’
2286 1362 2308 1393 ε
2343 1342 2461 1394 Ἔτι
2512 1345 2651 1414 τρεῖς
2695 1340 2919 1413 ἡμέραι,
2970 1340 3060 1395 καὶ
3089 1344 3612 1419 καταστραφήσεται’
3649 1367 3670 1394 ι
3702 1340 3777 1396 θίν’

2122 1428 2173 1484 ἐν
2212 1429 2306 1501 μὲν
2332 1434 2433 1501 τῷ,
2466 1454 2492 1481 ι(
2528 1424 2627 1502 ἔτι,
2657 1453 2685 1480 ››
2716 1427 2990 1503 λέγεσθαι,
3020 1432 3120 1499 τήν
3153 1430 3361 1507 ἀνοχὴν
3395 1429 3662 1505 ἐννοῶμεν
3682 1437 3779 1487 τοῦ

2121 1523 2276 1588 Θεοῦ,
2326 1517 2378 1572 ἐν
2440 1515 2498 1572 δὲ
2543 1522 2613 1591 τῇ
2665 1518 2980 1595 κατασκαφῇ
3026 1520 3127 1589 τήν
3170 1520 3304 1592 μετά
3332 1521 3434 1589 τὴν
3464 1521 3699 1595 ἀνοχὴν,
3732 1522 3777 1577 εί

2126 1609 2201 1681 μὴ
2250 1610 2659 1681 μετανοήσαιεν,
2717 1609 3087 1683 γενησομένην
3155 1608 3323 1685 ὀργήν
3548 1611 3698 1666 Ἐπεὶ
3730 1611 3779 1666 εἳ

2126 1698 2203 1770 μή
2250 1701 2442 1751 τοῦτον
2493 1696 2611 1771 εἶχε
2650 1697 2741 1752 τὸν
2775 1696 3000 1770 τρόπον,
3030 1697 3120 1753 καὶ
3158 1699 3445 1771 μετανοίας
3477 1697 3639 1775 χάριν
3669 1704 3777 1755 τῶν

2122 1785 2420 1858 ἀνθρώπων
2476 1785 2764 1863 ὑπερέθετο
2809 1788 2905 1849 τὰς
2953 1793 3100 1863 τρεῖς
3153 1788 3385 1862 ἡμέρας,
3428 1787 3482 1843 τί
3509 1789 3602 1843 τὸν
3651 1790 3778 1846 Θεὸν

2124 1872 2333 1929 ἐκώλυε
2360 1874 2451 1929 καὶ
2482 1875 2730 1951 παραυτά
2756 1877 2855 1944 τὴν
2888 1877 3072 1931 Νινευῒ
3102 1874 3365 1931 ἀπολέσαι
3390 1895 3406 1946 ;
3460 1878 3775 1949 ’Δσθένειας

2124 1965 2369 2038 ’Άπαγεί
2425 1960 2568 2036 μηδὲ
2617 1964 2692 2027 εἷς
2742 1969 2866 2019 νοῦν
2912 1986 3044 2020 ποτε
3071 1970 3232 2021 τοῦτο
3262 1966 3353 2021 τὸν
3385 1966 3654 2043 ἡμέτερον
3687 1964 3778 2024 ἔλ-

2129 2053 2237 2108 θοι.
2275 2051 2470 2128 Κύριος
2503 2053 2607 2129 γὰρ
2636 2058 2742 2107 τῶν
2779 2051 3058 2128 δυνάμεων
3107 2054 3195 2109 καὶ
3236 2055 3461 2131 ἰσχυρὸς
3500 2056 3589 2111 καὶ
3621 2053 3780 2113 δυνα-

2122 2141 2214 2204 τός
2246 2141 2387 2196 ἐστιν
2422 2143 2448 2197 ὁ
2480 2142 2632 2204 Θεός.
2667 2140 2821 2200 Ἀλλ’
2854 2142 3045 2217 ἄγνοια
3071 2148 3177 2198 τῶν
3225 2143 3469 2219 πράξεων
3516 2144 3727 2201 ἐκείνων
3755 2168 3776 2217 ;

2128 2228 2269 2304 μηδέ
2295 2235 2456 2285 τοῦτο
2481 2230 2743 2306 λεγέσθω
2779 2230 2891 2287 οἶδε
2919 2233 3020 2309 γὰρ
3050 2232 3117 2287 τὰ
3145 2233 3318 2288 πάντα
3363 2234 3490 2310 πρὶν
3520 2235 3778 2310 γενέσεως

2124 2318 2321 2376 αὐτῶν.
2370 2320 2428 2374 Τί
2482 2320 2572 2374 οὖν
2624 2318 2974 2375 ὑπολείπεται
3020 2327 3162 2376 νοεῖν
3207 2322 3243 2390 ἢ
3279 2324 3656 2397 μακροθυμίαν
3686 2324 3776 2378 καὶ

2125 2407 2534 2485 φιλανθρωπίαν
2582 2413 2679 2463 τοῦ
2725 2409 3032 2479 Δεσπότου;
3064 2412 3126 2479 ἣν
3157 2411 3247 2465 καὶ
3280 2412 3308 2464 ὁ
3337 2415 3627 2490 προφήτης
3678 2412 3772 2467 ἐπ-

2128 2496 2434 2570 ιστάμενος,
2483 2495 2671 2576 ἔφευγε
2715 2498 2807 2572 μὶν
2842 2498 3316 2573 ἀποστελλόμενος
3346 2501 3409 2555 τὸ
3438 2506 3679 2575 πρῶτον,
3710 2500 3774 2556 τὸ

2125 2583 2368 2663 δεύτερον
2401 2584 2458 2641 δὲ
2489 2586 2935 2661 ἀπολογούμενός
2958 2607 3138 2663 φησιν·
3177 2614 3206 2641 ‹‹
3240 2590 3307 2642 Ὦ
3338 2589 3515 2663 Κόριε,
3549 2589 3657 2665 οὐχ
3689 2587 3777 2645 οὗ.

367 2677 631 2748 Domine,
666 2694 860 2735 nonne
908 2676 1030 2733 haec
1061 2681 1201 2733 sunt
1228 2678 1406 2733 verba
1455 2696 1605 2747 mea,
1639 2696 1773 2736 cum
1822 2680 2015 2736 adhuc

2132 2697 2207 2731 τοι
2240 2677 2293 2731 οἱ
2351 2674 2509 2751 λόγοι
2562 2697 2690 2748 μου,
2745 2674 2821 2731 ἔτι
2867 2671 3021 2738 ὄντος
3077 2698 3180 2751 μου
3220 2677 3273 2731 ἐν
3302 2677 3372 2752 τῇ
3402 2682 3473 2753 γῇ
3508 2698 3651 2751 μου;
3684 2675 3774 2733 διὰ

368 2784 559 2825 essem
590 2768 648 2823 in
680 2771 837 2822 terra
867 2766 1040 2822 mea?
1068 2766 1376 2839 Propterea
1408 2769 1802 2840 praeoccupavi
1834 2774 1896 2825 ut
1924 2770 2013 2826 fu-

370 2872 568 2932 gerem
600 2857 657 2911 in
692 2855 953 2926 Tharsis,
988 2856 1125 2927 quia
1171 2855 1452 2923 sciebam,
1484 2859 1638 2929 quod
1674 2863 1738 2913 tu
1771 2859 1855 2914 sis
1901 2859 2015 2915 cle-

372 2962 541 3003 mens
571 2949 627 3001 et
656 2944 1009 3013 misericors,
1035 2944 1264 3015 patiens
1287 2949 1344 3000 et
1372 2945 1570 3000 multa;
1600 2948 2016 3017 miserationis,

373 3040 432 3092 et
462 3035 772 3108 ignescens
803 3049 977 3104 super
1019 3032 1275 3089 malitias
1300 3035 1364 3088 ³³.
1393 3056 1422 3083 ››
1452 3035 1625 3108 Fugit
1653 3053 1786 3094 vero
1814 3037 2019 3105 Jonas,

372 3142 489 3181 non
521 3124 675 3196 quod
709 3127 1063 3196 repugnaret
1108 3126 1256 3192 Deo;
1306 3123 1678 3197 dolebatque,
1714 3143 1830 3182 non
1862 3127 2018 3197 quod

371 3213 667 3269 laetaretur
715 3214 787 3268 de
825 3211 1213 3268 Ninivitarum
1271 3212 1482 3281 exitio;
1533 3214 1633 3269 sed
1682 3214 1742 3269 id
1791 3215 2019 3287 agebat,

2122 2769 2284 2820 τοῦτο
2312 2764 2623 2842 προέφθασα
2650 2769 2747 2820 τοῦ
2778 2771 2965 2843 φυγεῖν
2999 2766 3076 2828 εἰς
3106 2771 3353 2841 Θαρσεῖς,
3395 2764 3533 2821 διότι
3581 2763 3776 2841 ἔγνων,

2124 2853 2209 2909 ὅτι
2238 2854 2301 2908 σὺ
2333 2851 2587 2926 ἐλεήμων
2618 2854 2709 2908 καὶ
2740 2854 3064 2928 οἲκτίρμων,
3100 2853 3452 2930 μακρόθυμος
3482 2854 3573 2909 καὶ
3602 2853 3775 2909 πολυ·

2125 2942 2301 3016 έλεος,
2361 2942 2450 2997 καὶ
2503 2947 2776 3016 μετανοῶν
2826 2940 2913 2997 ἐπὶ
2960 2948 3080 3004 ταῖς
3127 2943 3357 3004 κακίαις.
3412 2966 3440 2994 ››
3488 2944 3690 3022 Ἕφυγε
3722 2939 3782 2997 δὲ

2127 3035 2335 3103 Ἰωνᾶς,
2387 3031 2495 3107 οὐχ
2541 3032 2615 3094 ὡς
2644 3031 2945 3106 ἀντιλέγων
2967 3035 3047 3103 τῷ
3078 3030 3213 3103 Θεῷ·
3244 3031 3334 3086 καὶ
3366 3031 3637 3100 ἐλυπεῖτο,
3672 3031 3780 3108 οὐχ

2128 3122 2205 3183 ὡς
2225 3120 2313 3176 ἐπὶ
2332 3124 2402 3194 τῇ
2443 3117 2690 3190 ἀπωλείᾳ
2725 3124 2835 3173 τῶν
2863 3127 2907 3174 Ν
2914 3124 3154 3174 ινευϊτῶν
3187 3120 3420 3196 χαίρων
3455 3118 3601 3175 ἀλλὰ
3618 3124 3781 3175 τοῦτο

2130 3209 2299 3265 ἐποίει
2355 3207 2445 3263 διὰ
2488 3209 2587 3277 τήν
2638 3214 2927 3263 Νινευϊτῶν
2976 3206 3327 3282 κηδεμονίαν.
3360 3203 3645 3287 Ἑφοϐεῖτο
3676 3209 3780 3285 γὰρ

374 3301 530 3374 quod
562 3300 946 3357 Ninivitarum
979 3298 1433 3356 sollicitudinem
1467 3276 1708 3372 gereret.
1735 3276 2020 3360 Metuebat

2136 3301 2213 3374 μὴ
2272 3293 2526 3361 ἀϐέϐαιος
2558 3299 2684 3374 παρ’
2714 3297 2900 3361 αὐτοῖς
2929 3276 3278 3372 νομισθῇ,καὶ
3303 3276 3534 3353 λοισπὸν
3568 3276 3774 3370 ἄρξωνζ

375 3390 532 3447 enim
582 3406 654 3445 ne
702 3389 989 3444 incertum
1041 3388 1169 3459 ejus
1218 3405 1547 3445 sermonem
1598 3390 2022 3463 existimarent,

374 3482 548 3550 atque
579 3479 663 3534 ita
692 3479 966 3549 deinceps
1016 3477 1341 3548 inciperent
1378 3479 1679 3550 prophetis
1727 3498 1842 3536 non
1895 3498 2023 3537 cre-

375 3568 534 3637 dere,
566 3568 668 3623 sed
702 3568 814 3622 fide
845 3582 1038 3622 carere
1068 3566 1363 3622 videretur
1404 3568 1777 3639 propheticus
1808 3587 2019 3627 sermo.

373 3655 510 3713 Ideo
528 3655 797 3712 videlicet
819 3655 1297 3725 contristabatur,
1315 3660 1379 3711 ut
1404 3675 1438 3713 a
1458 3656 1704 3713 Domino
1727 3659 2024 3717 convince-

373 3747 559 3812 retur,
585 3749 758 3816 atque
785 3744 869 3800 sic
891 3744 1166 3801 omnibus
1186 3743 1457 3801 Ninivitis
1485 3746 1676 3817 palam
1702 3749 1883 3816 ﬁeret,
1908 3765 2022 3805 non

374 3834 532 3906 quod
552 3831 900 3888 mentiretur
916 3832 1227 3905 propheta;
1250 3834 1349 3889 sed
1369 3833 1442 3890 ob
1460 3833 1561 3890 Dei
1579 3835 2020 3908 benignitatem,

374 3922 472 3981 οε
500 3922 728 3978 veniam
750 3921 1022 3977 Ninivitis
1055 3921 1239 3977 fuisse
1269 3938 1633 3979 concessam.
1659 3923 1838 3981 Norat
1867 3926 2022 3982 enim

370 4011 431 4067 in
454 4011 654 4077 verbo,
678 4032 707 4061 οι
733 4010 946 4077 adhuc,
968 4028 995 4061 ε
1024 4010 1126 4065 Dei
1151 4010 1657 4082 longanimitatem
1682 4013 2023 4085 significari.

372 4100 443 4157 Et
471 4099 568 4155 hic
599 4115 727 4155 mos
752 4103 843 4155 est
875 4097 1081 4154 divinae
1108 4098 1441 4170 Scripturae,
1461 4104 1525 4156 ut
1547 4118 1679 4157 cum
1706 4119 1872 4158 suam
1897 4102 2023 4158 lon-

373 4186 782 4261 ganimitatem
837 4189 986 4244 Deus
1034 4187 1294 4244 indicare
1340 4187 1607 4258 voluerit,
1654 4207 1756 4262 per
1801 4206 2024 4259 vocem,

375 4299 404 4329 ‹‹
438 4276 652 4344 adhuc,
680 4297 708 4326 υ
731 4292 858 4333 eam
891 4275 1177 4345 declaret;
1213 4282 1277 4332 ut
1303 4293 1434 4333 cum
1466 4295 1567 4349 per
1598 4280 1809 4335 Isaiam
1844 4280 2022 4337 dicit:

382 4386 411 4420 ε
441 4364 589 4432 Quid
619 4364 812 4421 adhuc
852 4365 1059 4422 faciam
1093 4366 1269 4421 vineae
1320 4384 1481 4434 meae,
1512 4373 1566 4423 et
1602 4385 1718 4424 non
1751 4368 1858 4425 feci
1883 4369 1974 4424 “‘I
1997 4391 2025 4421 »

375 4470 482 4528 per
508 4454 826 4511 Jeremiam
866 4471 999 4509 vero
1034 4471 1101 4510 τα
1137 4455 1271 4511 Ideo
1302 4456 1496 4511 adhuc
1542 4459 1891 4513 contendam
1924 4476 2025 4513 vo-

2128 3410 2216 3444 ται
2273 3390 2386 3461 (29)
2446 3386 2638 3462 μηκέτι
2692 3389 2999 3465 προφήταις
3043 3386 3334 3457 πιστεύειν,
3380 3386 3526 3443 ἀλλὰ
3557 3384 3780 3449 ἄπιστος

2130 3478 2258 3552 παρ’
2285 3477 2470 3538 αὐτοῖς
2506 3475 2534 3530 ὀ
2565 3475 2903 3551 προφητικὸς
2935 3474 3104 3550 λόγος
3159 3475 3400 3551 γένηται.
3463 3475 3561 3530 Διὰ
3620 3480 3783 3531 τοῦτο

2130 3571 2262 3643 γοῦν
2293 3565 2383 3620 καὶ
2414 3563 2718 3637 ἠθύμησεν,
2745 3562 2838 3619 ’ίνα
2866 3563 3109 3640 ἐλεγχθῇ
3167 3566 3313 3640 παρὰ
3340 3569 3437 3620 τοῦ
3484 3564 3777 3634 Δεσπότου,

2130 3654 2219 3710 καὶ
2252 3654 2477 3733 φανερὸν
2507 3658 2624 3715 τοῖς
2656 3650 2958 3715 Νινευίταις
2986 3652 3096 3708 ἐκεῖ
3127 3659 3255 3707 πᾶσι
3283 3654 3530 3729 γένηται,
3580 3653 3661 3708 ὅτι
3719 3652 3782 3708 οὐ

2133 3742 2223 3800 διὰ
2258 3744 2320 3798 τὸ
2351 3742 2645 3817 ψεύσασθαι
2673 3742 2766 3797 τὸν
2799 3744 3085 3819 προφήτην
3262 3740 3409 3798 ἀλλᾶ
3454 3741 3543 3797 διὰ
3590 3741 3785 3821 φιλαν-

2132 3831 2373 3909 θρωπίαν
2403 3835 2503 3886 τοῦ
2523 3834 2659 3886 Θεοῦ
2690 3831 3109 3906 συγκεχώρηται
3140 3834 3255 3893 τοῖς
3288 3828 3774 3900 Νινευΐταις,’ᾘδει

2132 3922 2236 3997 γὰρ
2255 3920 2306 3976 ἐν
2329 3924 2397 3994 τῇ
2424 3944 2452 3973 ι(
2475 3917 2551 3974 ἔτι
2578 3942 2599 3972 ι
2628 3918 2768 3989 λέξει
2790 3919 3224 3993 σημαινιομένην
3252 3919 3624 3994 μακροθυμίαν
3652 3921 3785 3993 (31).

2133 4012 2231 4065 Καὶ
2277 4013 2439 4065 τοῦτο
2493 4016 2593 4078 τῆς
2654 4007 2796 4072 θείας
2830 4014 3044 4087 Γραφῆς
3075 4008 3185 4063 ἐστι
3214 4007 3276 4063 τὸ
3307 4005 3448 4071 ἔθος.
3480 4010 3645 4065 ’Όταν
3678 4009 3782 4085 γὰρ

2130 4101 2229 4170 τὴν
2263 4099 2456 4154 ἐαυτοῦ
2490 4097 2866 4173 μακροθυμίαν
2898 4096 3181 4169 σημαίνειν
3232 4095 3393 4171 ἐθέλῃ
3427 4097 3454 4152 ὀ
3485 4097 3636 4165 Θεὸς,
3695 4093 3786 4152 διὰ

2132 4191 2229 4258 τῆς
2264 4185 2459 4260 λέξεως
2489 4193 2615 4258 τῆς,
2652 4209 2680 4239 ι(
2712 4183 2813 4254 ἔτι,
2846 4210 2875 4239 ››
2904 4184 3107 4256 ταύτην
3141 4183 3501 4260 ἀπαγγέλλει·
3563 4185 3638 4248 ὡς
3698 4184 3785 4240 ἐὰν

2135 4276 2271 4353 λέγῃ
2321 4273 2411 4331 διὰ
2461 4275 2553 4349 μὶν
2602 4279 2703 4330 τοῦ
2750 4272 2991 4329 Ἡσαΐου·
3045 4298 3074 4326 ‹‹
3125 4272 3184 4327 Τί
3215 4271 3292 4329 ἔτι
3322 4276 3541 4345 ποιήσω
3570 4279 3648 4347 τῷ
3678 4275 3790 4348 ἀμ-

2134 4364 2343 4421 πελῶνί
2377 4385 2504 4437 μου,
2534 4361 2624 4418 καί
2654 4362 2753 4418 οὐκ
2782 4362 3011 4433 ἐποίησα
3040 4364 3191 4437 (32);
3250 4386 3279 4415 ››
3314 4359 3403 4417 διὰ
3432 4360 3492 4417 δέ
3538 4368 3637 4419 τοῦ
3688 4364 3787 4420 Ἱε-

2139 4453 2351 4531 ρεμίου·
2387 4477 2415 4504 ‹‹
2448 4454 2546 4507 Διὰ
2575 4456 2736 4505 τοῦτο
2765 4449 2843 4507 ἔτι
2873 4453 3207 4526 κριθήσομαι
3238 4452 3373 4528 πρὸς
3429 4452 3590 4525 ὑμᾶς,
3642 4452 3791 4526 λέγει

375 4543 606 4600 hiscum
637 4542 697 4598 in
712 4542 959 4615 judicio,
985 4543 1128 4598 dicit
1152 4543 1432 4599 Dominus
1453 4544 1517 4601 ³⁸.
1546 4567 1573 4595 ››
1596 4545 1784 4605 Verbo
1807 4550 2020 4615 autem,

2137 4530 2363 4618 Κύριος.
2398 4565 2427 4593 ››
2455 4547 2541 4596 Ἐν
2576 4537 2635 4595 δε
2662 4545 2740 4613 τῷ
2766 4538 2965 4617 λέγειν,
2993 4564 3021 4593 ‹‹
3056 4535 3156 4612 ἔτι,
3190 4566 3216 4593 ››
3250 4537 3478 4596 δείκνυσι
3526 4542 3626 4610 τὴν
3677 4542 3794 4597 εαυ-

450 4710 497 4751 ”
526 4715 668 4770 Dan.
698 4729 826 4781 xm,
858 4713 946 4768 42.
1024 4713 1070 4748 ³⁸
1095 4714 1227 4770 Jon.
1262 4732 1337 4780 ιν.
1370 4718 1424 4770 2.
1501 4716 1547 4751 ⁸⁴
1578 4717 1685 4772 Isa.
1722 4735 1774 4786 ν,
1808 4717 1862 4772 4.
1937 4716 2020 4774 ³δέ

2132 4732 2227 4773 ιω.
2265 4733 2328 4787 ιι,
2358 4716 2412 4771 9.

452 4883 565 4956 (26)
596 4882 939 4960 B_asiliensis
994 4888 1066 4960 et“
1108 4879 1593 4960 Anglic,»i’6)\s¢c.
1621 4887 1825 4960 Paulo
1880 4891 2031 4960 post,

379 4951 523 5033 Reg.
548 4951 749 5027 prima
776 4971 978 5033 manu,
1037 4951 1177 5009 ὣστε
1201 4951 1367 5033 νμετὰ
1413 4951 1561 5033 τρεῖς
1604 4957 1843 5033 ἡμέρας,
1880 4951 2035 5033 θμῶν

381 5025 674 5101 ἀνέχομαι,
705 5028 991 5104 "secunda
1042 5045 1198 5095 vero,
1224 5025 1389 5104 biens
1416 5025 1576 5104 perdt
1619 5025 1768 5104 τρεῖς
1821 5025 2034 5104 ἡμέρας

380 5097 817 5176 καταστραφῆναι
891 5097 1008 5176 τὴν-
1062 5099 1246 5176 Νινευῒ
1302 5097 1454 5176 ἀλλ’]
1480 5100 1562 5176 ὅτι
1589 5097 1764 5176 -τρεῖς
1822 5097 2032 5176 ἡμέρας

386 5169 539 5242 ὑμῶν
571 5169 884 5244 ἀνέχομαι,
914 5170 1152 5243 vulgata
1173 5173 1316 5244 jam
1359 5173 1496 5229 olim
1539 5169 1680 5229 LXX
1710 5169 1905 5241 lectio,
1940 5169 2035 5226 ’ἔτι

383 5244 530 5316 τρεῖς
557 5242 781 5326 ᾑμεράι,
816 5242 1370 5326 ρι’ρϋτεσσαράκοντα,
1404 5246 1472 5326 ad
1520 5246 2035 5326 bmc_usque_tem-

430 5329 533 5368 ora
560 5313 619 5369 in
648 5313 864 5385 Graecis
895 5313 1097 5370 Bibliis
1122 5313 1487 5385 permansit.
1518 5313 1790 5373 Justinus
1819 5318 1903 5374 ait
1929 5333 2036 5373 suo

430 5400 651 5460 :mpore
679 5385 740 5441 in
773 5384 904 5441 aliis
933 5384 1386 5460 exemplaribus
1419 5388 1637 5444 lectum
1686 5389 1887 5460 fuisse,
1917 5408 2036 5442 τεσ-

389 5457 687 5529 σαράκοντα
729 5460 895 5529 τρεῖς,
927 5457 988 5512 in
1029 5457 1161 5542 aliis
1213 5475 1367 5541 vero,
1396 5464 1564 5532 τρεῖς.
1598 5462 1816 5532 Dialog.
1848 5457 2039 5543 contra

394 5527 738 5600 Tryphonem
769 5545 899 5599 pag.
933 5530 1056 5584 334.
1091 5528 1238 5585 Vide
1281 5532 1433 5587 idem
1473 5531 1817 5589 Theodoret.
1850 5550 1909 5588 1n
1938 5534 2038 5588 Jo-

390 5615 478 5655 nes
512 5614 639 5667 cap.
673 5615 757 5667 ιιι,
789 5616 840 5653 ν.
871 5601 922 5654 4.

458 5670 573 5754 (εγ)
588 5670 841 5754 ftegius,
854 5670 1208 5754 Anglicanus
1228 5673 1454 5754 etFelo.
1478 5674 1532 5745 3,
1549 5676 2036 5749 κατασκαφήσεται.

390 5741 1021 5815 Ιὺὶἀζᾶυόᾮοεῑνθώὶ,
1052 5741 1115 5796 οὐ
1142 5742 1243 5819 γὰρ
1281 5741 1539 5821 ἐγεγόνει,

2192 4888 2325 5000 ἑ(28)
2357 4887 2593 4961 Regius,
2644 4885 2998 4962 γιγνομένην.
3050 4886 3221 4960 Angl.
3254 4893 3312 4944 et
3338 4886 3489 4945 Felc.
3542 4888 3596 4957 3,
3647 4903 3796 4962 γινο-

2193 4979 2341 5027 ενην.

2360 5030 2740 5103 ᾼῙῙΒῙῘΟΕΠΠΒ,
2775 5026 3032 5103 ἄρωνται.

2239 5098 2330 5223 3οξ
2365 5098 2693 5157 Ρθιόιιωαη.
2728 5098 2783 5171 3,
2811 5098 2911 5169 την
2942 5098 3297 5176 προφητείαν.

2239 5175 2297 5223 31
2362 5172 2510 5223 Felc-
2545 5180 2597 5223 :2-
2630 5176 2719 5223 Δεῖ
2748 5170 2919 5223 γὰρ...
2957 5169 3331 5223 μακροθυμίαν
3370 5170 3411 5223 εἶ

2215 5170 2330 5258 (31)
2362 5172 2510 5229 Felc.
2545 5180 2597 5230 12.
2630 5176 2719 5225 Δεῖ
2748 5170 2919 5246 γὰρ...
2956 5170 3331 5246 μακροθυμίαν
3370 5170 3586 5227 εἰδέναι.
3620 5170 3798 5228 Paulo

2145 5250 2280 5328 post
2306 5246 2483 5328 idem,
2516 5239 2692 5328 ἐθέλει
2721 5243 2750 5296 ὁ
2781 5243 2935 5328 θεὸς.
2968 5245 3119 5313 Mox,
3159 5249 3279 5311 τῆς,
3312 5248 3468 5313 ante,
3502 5240 3602 5313 ἔτι,
3635 5244 3801 5301 deest

2145 5314 2204 5372 in
2238 5314 2549 5397 Desiliens.
2579 5320 2636 5397 et
2664 5314 2970 5397 Apg‘lica'n.
3063 5386 3078 5397 ι
3244 5389 3254 5397 ⁸
3304 5385 3314 5396 ,
3408 5384 3449 5397 ﬁ
3526 5385 3537 5397 .

2220 5389 2331 5458 (32)
2360 5387 2510 5455 Haao,
2541 5386 2633 5439 καὶ
2658 5384 3019 5457 οὐκ-ἐποίησα
3045 5384 3584 5458 desuntiinhBasil.
3605 5385 3797 5458 ‘Paulo

2187 5452 2571 5533 ost,'Regius,
2593 5457 2837 5533 Anglic.
2865 5452 3114 5533 et'iFelc.
3148 5457 3322 5533 2_,_’Ev
3375 5452 3457 5533 8t_
3478 5460 3560 5533 τῷ
3605 5454 3804 5533 λέγειν.

2146 5476 2298 5585 goat,
2333 5476 2571 5531 uegius,
2602 5476 2829 5530 angue.
2865 5476 2922 5515 et
2963 5476 3114 5513 r'eic.
3149 5476 3206 5523 ι,
3259 5476 3322 5511 ων
3375 5476 3433 5511 οε
3478 5476 3557 5528 τῳ
3605 5476 3804 5533 Λεγειν.

2155 5601 2160 5602 ί
2195 5531 2300 5586 diti
2330 5536 2387 5586 et
2414 5530 2748 5602 cateriL’Ev
2794 5525 2854 5602 δὲ
2898 5532 2979 5599 τῷ
3027 5525 3149 5602 οῦνῖ
3175 5526 3367 5602 λέγειν.
3424 5528 3602 5602 Paulo
3654 5534 3807 5602 post,

2147 5601 2292 5683 AReg.‘
2323 5602 2588 5683 et_Angl.
2621 5600 2896 5683 Χεττιείμ.
2931 5602 3080 5683 Mox,
3124 5600 3260 5683 Reg.
3295 5601 3519 5673 Anglic.
3560 5606 3620 5657 et
3649 5600 3801 5657 Felo.

2146 5674 2200 5743 3,
2234 5670 2295 5729 Εἰ
2332 5673 2409 5745 μὴ
2445 5670 2847 5749 μακροθυμεῖν,
2872 5673 3094 5731 omisso
3115 5670 3320 5729 τοίνυν.
