  <div class='ocr_page' id='page_1' title='image "/cluster/home/n/w/nwhite01/storage/ocr_20150623/28:no.4/coo.31924054873090/113.png"; bbox 0 0 4154 6394; ppageno 0'>
   <div class='ocr_carea' id='block_1_1' title="bbox 384 392 2642 461">
    <p class='ocr_par' dir='ltr' id='par_1_1' title="bbox 384 392 2642 461">
     <span class='ocr_line' id='line_1_1' title="bbox 384 392 2642 461; baseline -0 -3"><span class='ocrx_word' id='word_1_1' title='bbox 384 398 502 461; x_wconf 79' lang='grc'><strong>199</strong></span> <span class='ocrx_word' id='word_1_2' title='bbox 1571 395 1639 458; x_wconf 83' lang='lat'><strong>8.</strong></span> <span class='ocrx_word' id='word_1_3' title='bbox 1682 392 2217 458; x_wconf 80' lang='lat' dir='ltr'><strong>ATHANASIUS.</strong></span> <span class='ocrx_word' id='word_1_4' title='bbox 2261 427 2337 441; x_wconf 91' lang='lat'><em>—</em></span> <span class='ocrx_word' id='word_1_5' title='bbox 2377 397 2642 460; x_wconf 78' lang='lat' dir='ltr'><strong>DUBIA.</strong></span> 
     </span>
    </p>
   </div>
   <div class='ocr_carea' id='block_1_2' title="bbox 385 525 1999 609">
    <p class='ocr_par' dir='ltr' id='par_1_2' title="bbox 385 526 1999 601">
     <span class='ocr_line' id='line_1_2' title="bbox 385 526 1999 601; baseline -0.002 -15"><span class='ocrx_word' id='word_1_6' title='bbox 385 545 565 601; x_wconf 99' lang='lat' dir='ltr'><strong>super</strong></span> <span class='ocrx_word' id='word_1_7' title='bbox 617 531 840 584; x_wconf 78' lang='lat' dir='ltr'><strong>vestem</strong></span> <span class='ocrx_word' id='word_1_8' title='bbox 900 544 1090 584; x_wconf 89' lang='lat' dir='ltr'><strong>meam</strong></span> <span class='ocrx_word' id='word_1_9' title='bbox 1154 527 1446 583; x_wconf 86' lang='lat' dir='ltr'><strong>miserunt</strong></span> <span class='ocrx_word' id='word_1_10' title='bbox 1499 531 1718 584; x_wconf 89' lang='lat' dir='ltr'><strong>sortem</strong></span> <span class='ocrx_word' id='word_1_11' title='bbox 1751 528 1828 594; x_wconf 69' lang='lat'><strong>3°;</strong></span> <span class='ocrx_word' id='word_1_12' title='bbox 1862 526 1999 583; x_wconf 82' lang='lat' dir='ltr'><strong>alter</strong></span> 
     </span>
    </p>
   </div>
   <div class='ocr_carea' id='block_1_3' title="bbox 2113 525 3219 609">
    <p class='ocr_par' dir='ltr' id='par_1_3' title="bbox 2113 525 3219 609">
     <span class='ocr_line' id='line_1_3' title="bbox 2113 525 3219 609; baseline 0.005 -28"><span class='ocrx_word' id='word_1_13' title='bbox 2113 525 2415 600; x_wconf 53' lang='grc' dir='ltr'><strong>ινιρ;το,’ἶνιιι</strong></span> <span class='ocrx_word' id='word_1_14' title='bbox 2469 526 2838 603; x_wconf 78' lang='grc' dir='ltr'><strong>πληρωθῶσιν</strong></span> <span class='ocrx_word' id='word_1_15' title='bbox 2887 528 2943 584; x_wconf 75' lang='grc' dir='ltr'>αἱ</span> <span class='ocrx_word' id='word_1_16' title='bbox 2991 531 3219 609; x_wconf 87' lang='grc' dir='ltr'>Γραφαί·</span> 
     </span>
    </p>
   </div>
   <div class='ocr_carea' id='block_1_4' title="bbox 382 614 1999 693">
    <p class='ocr_par' dir='ltr' id='par_1_4' title="bbox 382 615 1995 684">
     <span class='ocr_line' id='line_1_4' title="bbox 382 615 1995 684; baseline -0.002 -11"><span class='ocrx_word' id='word_1_17' title='bbox 382 634 518 675; x_wconf 88' lang='lat' dir='ltr'><strong>vero</strong></span> <span class='ocrx_word' id='word_1_18' title='bbox 551 634 564 673; x_wconf 91' lang='lat'><strong>:</strong></span> <span class='ocrx_word' id='word_1_19' title='bbox 598 640 627 668; x_wconf 86' lang='lat'><strong><em>«</em></strong></span> <span class='ocrx_word' id='word_1_20' title='bbox 661 618 958 674; x_wconf 88' lang='lat' dir='ltr'><strong>Dederunt</strong></span> <span class='ocrx_word' id='word_1_21' title='bbox 990 619 1042 672; x_wconf 89' lang='lat' dir='ltr'><strong>in</strong></span> <span class='ocrx_word' id='word_1_22' title='bbox 1079 634 1272 672; x_wconf 87' lang='lat' dir='ltr'><strong>escam</strong></span> <span class='ocrx_word' id='word_1_23' title='bbox 1312 633 1500 671; x_wconf 87' lang='lat' dir='ltr'><strong>meam</strong></span> <span class='ocrx_word' id='word_1_24' title='bbox 1558 616 1656 684; x_wconf 86' lang='lat' dir='ltr'><strong>fel,</strong></span> <span class='ocrx_word' id='word_1_25' title='bbox 1716 621 1773 672; x_wconf 91' lang='lat' dir='ltr'><strong>et</strong></span> <span class='ocrx_word' id='word_1_26' title='bbox 1830 617 1890 671; x_wconf 92' lang='lat' dir='ltr'><strong>in</strong></span> <span class='ocrx_word' id='word_1_27' title='bbox 1947 615 1995 672; x_wconf 91' lang='lat' dir='ltr'><strong>si</strong></span> 
     </span>
    </p>
   </div>
   <div class='ocr_carea' id='block_1_5' title="bbox 2113 614 3803 693">
    <p class='ocr_par' dir='ltr' id='par_1_5' title="bbox 2155 615 3803 693">
     <span class='ocr_line' id='line_1_5' title="bbox 2155 615 3803 693; baseline 0.008 -24"><span class='ocrx_word' id='word_1_28' title='bbox 2155 639 2184 667; x_wconf 81' lang='grc' dir='ltr'>ι(</span> <span class='ocrx_word' id='word_1_29' title='bbox 2243 617 2626 693; x_wconf 72' lang='grc' dir='ltr'><strong>Διεμερίσαντο</strong></span> <span class='ocrx_word' id='word_1_30' title='bbox 2683 617 2751 672; x_wconf 82' lang='grc' dir='ltr'>τὰ</span> <span class='ocrx_word' id='word_1_31' title='bbox 2799 615 2998 690; x_wconf 70' lang='grc' dir='ltr'>’ίμάτιά</span> <span class='ocrx_word' id='word_1_32' title='bbox 3031 633 3140 692; x_wconf 74' lang='grc' dir='ltr'><strong>μου</strong></span> <span class='ocrx_word' id='word_1_33' title='bbox 3181 622 3416 689; x_wconf 64' lang='grc' dir='ltr'>ἑαυτοῖς,</span> <span class='ocrx_word' id='word_1_34' title='bbox 3445 623 3534 678; x_wconf 85' lang='grc' dir='ltr'><strong>καὶ</strong></span> <span class='ocrx_word' id='word_1_35' title='bbox 3566 624 3653 680; x_wconf 82' lang='grc' dir='ltr'><strong>ἐπὶ</strong></span> <span class='ocrx_word' id='word_1_36' title='bbox 3709 628 3803 682; x_wconf 87' lang='grc' dir='ltr'>τὸν</span> 
     </span>
    </p>
   </div>
   <div class='ocr_carea' id='block_1_6' title="bbox 383 702 1999 782">
    <p class='ocr_par' dir='ltr' id='par_1_6' title="bbox 383 707 1360 781">
     <span class='ocr_line' id='line_1_6' title="bbox 383 707 1360 781; baseline -0.006 -17"><span class='ocrx_word' id='word_1_37' title='bbox 383 724 515 766; x_wconf 86' lang='lat' dir='ltr'><strong>mea</strong></span> <span class='ocrx_word' id='word_1_38' title='bbox 545 712 893 781; x_wconf 83' lang='lat' dir='ltr'><strong>potaverunt</strong></span> <span class='ocrx_word' id='word_1_39' title='bbox 925 723 1018 762; x_wconf 91' lang='lat' dir='ltr'><strong>me</strong></span> <span class='ocrx_word' id='word_1_40' title='bbox 1048 712 1206 762; x_wconf 90' lang='lat' dir='ltr'><strong>aceto</strong></span> <span class='ocrx_word' id='word_1_41' title='bbox 1237 707 1300 760; x_wconf 72' lang='lat'><strong>‘0.</strong></span> <span class='ocrx_word' id='word_1_42' title='bbox 1338 728 1360 756; x_wconf 73' lang='grc' dir='ltr'><strong>ι</strong></span> 
     </span>
    </p>
   </div>
   <div class='ocr_carea' id='block_1_7' title="bbox 2113 702 3808 782">
    <p class='ocr_par' dir='ltr' id='par_1_7' title="bbox 2153 702 3808 782">
     <span class='ocr_line' id='line_1_7' title="bbox 2153 702 3808 782; baseline 0.008 -25"><span class='ocrx_word' id='word_1_43' title='bbox 2153 705 2448 778; x_wconf 75' lang='grc' dir='ltr'>ἱματισμόν</span> <span class='ocrx_word' id='word_1_44' title='bbox 2485 728 2589 778; x_wconf 88' lang='grc' dir='ltr'><strong>μου</strong></span> <span class='ocrx_word' id='word_1_45' title='bbox 2621 702 2816 764; x_wconf 76' lang='grc' dir='ltr'>ἔϐαλον</span> <span class='ocrx_word' id='word_1_46' title='bbox 2849 707 3083 782; x_wconf 79' lang='grc' dir='ltr'>κλῆρον’</span> <span class='ocrx_word' id='word_1_47' title='bbox 3129 736 3155 761; x_wconf 69' lang='grc' dir='ltr'>υ</span> <span class='ocrx_word' id='word_1_48' title='bbox 3189 713 3223 781; x_wconf 80' lang='grc' dir='ltr'>ἡ</span> <span class='ocrx_word' id='word_1_49' title='bbox 3269 709 3326 766; x_wconf 73' lang='grc' dir='ltr'><strong>δὲ</strong></span> <span class='ocrx_word' id='word_1_50' title='bbox 3355 711 3539 769; x_wconf 72' lang='grc' dir='ltr'>πάλινο</span> <span class='ocrx_word' id='word_1_51' title='bbox 3576 738 3603 765; x_wconf 77' lang='grc'><strong>››</strong></span> <span class='ocrx_word' id='word_1_52' title='bbox 3637 713 3808 771; x_wconf 83' lang='grc' dir='ltr'><strong>Ἔδω-</strong></span> 
     </span>
    </p>
   </div>
   <div class='ocr_carea' id='block_1_8' title="bbox 2149 795 3800 879">
    <p class='ocr_par' dir='ltr' id='par_1_8' title="bbox 2149 795 3800 879">
     <span class='ocr_line' id='line_1_8' title="bbox 2149 795 3800 879; baseline 0.008 -32"><span class='ocrx_word' id='word_1_53' title='bbox 2149 813 2243 848; x_wconf 83' lang='grc' dir='ltr'><strong>καν</strong></span> <span class='ocrx_word' id='word_1_54' title='bbox 2278 795 2355 857; x_wconf 78' lang='grc' dir='ltr'>εἰς</span> <span class='ocrx_word' id='word_1_55' title='bbox 2384 796 2447 850; x_wconf 89' lang='grc' dir='ltr'>τὸ</span> <span class='ocrx_word' id='word_1_56' title='bbox 2483 796 2680 870; x_wconf 85' lang='grc' dir='ltr'>βρῶμά</span> <span class='ocrx_word' id='word_1_57' title='bbox 2706 818 2810 869; x_wconf 86' lang='grc' dir='ltr'><strong>μου</strong></span> <span class='ocrx_word' id='word_1_58' title='bbox 2841 799 2955 870; x_wconf 88' lang='lat'><strong>(39)</strong></span> <span class='ocrx_word' id='word_1_59' title='bbox 2987 797 3194 874; x_wconf 71' lang='grc' dir='ltr'>χολὴν,</span> <span class='ocrx_word' id='word_1_60' title='bbox 3242 801 3331 855; x_wconf 85' lang='grc' dir='ltr'><strong>καὶ</strong></span> <span class='ocrx_word' id='word_1_61' title='bbox 3363 801 3438 864; x_wconf 82' lang='grc' dir='ltr'><strong>εἷς</strong></span> <span class='ocrx_word' id='word_1_62' title='bbox 3486 803 3582 872; x_wconf 77' lang='grc' dir='ltr'>τὴν</span> <span class='ocrx_word' id='word_1_63' title='bbox 3644 801 3800 879; x_wconf 82' lang='grc' dir='ltr'>δίψαν</span> 
     </span>
    </p>
   </div>
   <div class='ocr_carea' id='block_1_9' title="bbox 2152 883 2870 959">
    <p class='ocr_par' dir='ltr' id='par_1_9' title="bbox 2152 883 2870 959">
     <span class='ocr_line' id='line_1_9' title="bbox 2152 883 2870 959; baseline 0.008 -23"><span class='ocrx_word' id='word_1_64' title='bbox 2152 903 2258 954; x_wconf 87' lang='grc' dir='ltr'><strong>μου</strong></span> <span class='ocrx_word' id='word_1_65' title='bbox 2290 883 2539 940; x_wconf 82' lang='grc' dir='ltr'>ἐπότισᾶν</span> <span class='ocrx_word' id='word_1_66' title='bbox 2577 884 2804 959; x_wconf 78' lang='grc' dir='ltr'>μεδξος.</span> <span class='ocrx_word' id='word_1_67' title='bbox 2842 911 2870 937; x_wconf 79' lang='lat' dir='ltr'><em>n</em></span> 
     </span>
    </p>
   </div>
   <div class='ocr_carea' id='block_1_10' title="bbox 451 971 1999 1056">
    <p class='ocr_par' dir='ltr' id='par_1_10' title="bbox 451 971 1986 1049">
     <span class='ocr_line' id='line_1_10' title="bbox 451 971 1986 1049; baseline -0.005 -16"><span class='ocrx_word' id='word_1_68' title='bbox 451 978 507 1034; x_wconf 82' lang='lat'><strong>9.</strong></span> <span class='ocrx_word' id='word_1_69' title='bbox 541 976 709 1032; x_wconf 86' lang='lat' dir='ltr'>Multi</span> <span class='ocrx_word' id='word_1_70' title='bbox 741 976 841 1049; x_wconf 91' lang='lat' dir='ltr'><strong>qui</strong></span> <span class='ocrx_word' id='word_1_71' title='bbox 872 974 1190 1048; x_wconf 78' lang='lat' dir='ltr'><strong>Evangelia</strong></span> <span class='ocrx_word' id='word_1_72' title='bbox 1224 974 1450 1047; x_wconf 84' lang='lat' dir='ltr'><strong>legunt,</strong></span> <span class='ocrx_word' id='word_1_73' title='bbox 1479 974 1786 1030; x_wconf 82' lang='lat' dir='ltr'><strong>audientes</strong></span> <span class='ocrx_word' id='word_1_74' title='bbox 1840 971 1986 1027; x_wconf 88' lang='lat' dir='ltr'><strong>illud</strong></span> 
     </span>
    </p>
   </div>
   <div class='ocr_carea' id='block_1_11' title="bbox 2113 971 3799 1056">
    <p class='ocr_par' dir='ltr' id='par_1_11' title="bbox 2221 971 3799 1056">
     <span class='ocr_line' id='line_1_11' title="bbox 2221 971 3799 1056; baseline 0.007 -28"><span class='ocrx_word' id='word_1_75' title='bbox 2221 977 2274 1028; x_wconf 87' lang='lat'><strong>9.</strong></span> <span class='ocrx_word' id='word_1_76' title='bbox 2338 971 2570 1047; x_wconf 86' lang='grc' dir='ltr'>Πολλοὶ,</span> <span class='ocrx_word' id='word_1_77' title='bbox 2623 980 2740 1037; x_wconf 88' lang='grc' dir='ltr'>τοῖς</span> <span class='ocrx_word' id='word_1_78' title='bbox 2811 974 3165 1052; x_wconf 83' lang='grc' dir='ltr'>Εὐαγγελίοις</span> <span class='ocrx_word' id='word_1_79' title='bbox 3220 977 3656 1056; x_wconf 71' lang='grc' dir='ltr'>ἐντυγχάνοντες,</span> <span class='ocrx_word' id='word_1_80' title='bbox 3709 984 3799 1039; x_wconf 80' lang='grc' dir='ltr'><strong>καὶ</strong></span> 
     </span>
    </p>
   </div>
   <div class='ocr_carea' id='block_1_12' title="bbox 381 1060 1999 1144">
    <p class='ocr_par' dir='ltr' id='par_1_12' title="bbox 381 1062 1999 1138">
     <span class='ocr_line' id='line_1_12' title="bbox 381 1062 1999 1138; baseline -0.004 -15"><span class='ocrx_word' id='word_1_81' title='bbox 381 1090 409 1118; x_wconf 89' lang='grc'><strong>‹‹</strong></span> <span class='ocrx_word' id='word_1_82' title='bbox 430 1067 504 1123; x_wconf 89' lang='lat' dir='ltr'><strong>Ut</strong></span> <span class='ocrx_word' id='word_1_83' title='bbox 532 1065 875 1138; x_wconf 80' lang='lat' dir='ltr'><strong>impleretur</strong></span> <span class='ocrx_word' id='word_1_84' title='bbox 906 1067 1063 1136; x_wconf 91' lang='lat' dir='ltr'><strong>quod</strong></span> <span class='ocrx_word' id='word_1_85' title='bbox 1093 1065 1377 1136; x_wconf 90' lang='lat' dir='ltr'><strong>scriptum</strong></span> <span class='ocrx_word' id='word_1_86' title='bbox 1404 1068 1511 1134; x_wconf 89' lang='lat' dir='ltr'><strong>est,</strong></span> <span class='ocrx_word' id='word_1_87' title='bbox 1532 1084 1558 1114; x_wconf 86' lang='lat'>»</span> <span class='ocrx_word' id='word_1_88' title='bbox 1580 1062 1844 1118; x_wconf 78' lang='lat' dir='ltr'><strong>arbitrati</strong></span> <span class='ocrx_word' id='word_1_89' title='bbox 1877 1069 1999 1117; x_wconf 63' lang='lat' dir='ltr'><strong>sunt</strong></span> 
     </span>
    </p>
   </div>
   <div class='ocr_carea' id='block_1_13' title="bbox 2113 1060 3796 1144">
    <p class='ocr_par' dir='ltr' id='par_1_13' title="bbox 2149 1060 3796 1144">
     <span class='ocr_line' id='line_1_13' title="bbox 2149 1060 3796 1144; baseline 0.005 -28"><span class='ocrx_word' id='word_1_90' title='bbox 2149 1060 2434 1125; x_wconf 77' lang='grc' dir='ltr'>ἀκούοντες</span> <span class='ocrx_word' id='word_1_91' title='bbox 2487 1063 2572 1135; x_wconf 86' lang='grc' dir='ltr'>τὸ,</span> <span class='ocrx_word' id='word_1_92' title='bbox 2634 1088 2662 1116; x_wconf 89' lang='grc'><strong>‹‹</strong></span> <span class='ocrx_word' id='word_1_93' title='bbox 2711 1066 2828 1119; x_wconf 83' lang='grc' dir='ltr'>Ἵνα</span> <span class='ocrx_word' id='word_1_94' title='bbox 2873 1063 3148 1140; x_wconf 79' lang='grc' dir='ltr'><strong>πληρωθῇ</strong></span> <span class='ocrx_word' id='word_1_95' title='bbox 3206 1066 3269 1122; x_wconf 87' lang='grc' dir='ltr'>τὸ</span> <span class='ocrx_word' id='word_1_96' title='bbox 3324 1070 3720 1144; x_wconf 72' lang='grc' dir='ltr'><strong>γεγραμμένον,</strong></span> <span class='ocrx_word' id='word_1_97' title='bbox 3767 1095 3796 1124; x_wconf 85' lang='grc'><strong>››</strong></span> 
     </span>
    </p>
   </div>
   <div class='ocr_carea' id='block_1_14' title="bbox 378 1148 1999 1234">
    <p class='ocr_par' dir='ltr' id='par_1_14' title="bbox 378 1151 1999 1229">
     <span class='ocr_line' id='line_1_14' title="bbox 378 1151 1999 1229; baseline -0.005 -17"><span class='ocrx_word' id='word_1_98' title='bbox 378 1171 448 1213; x_wconf 88' lang='lat' dir='ltr'><strong>ea</strong></span> <span class='ocrx_word' id='word_1_99' title='bbox 468 1172 597 1228; x_wconf 86' lang='lat' dir='ltr'><strong>qua</strong></span> <span class='ocrx_word' id='word_1_100' title='bbox 626 1159 790 1229; x_wconf 83' lang='lat' dir='ltr'><strong>gesta</strong></span> <span class='ocrx_word' id='word_1_101' title='bbox 819 1152 1152 1223; x_wconf 89' lang='lat' dir='ltr'><strong>sunt,nulla</strong></span> <span class='ocrx_word' id='word_1_102' title='bbox 1181 1154 1298 1209; x_wconf 87' lang='lat' dir='ltr'><strong>alia</strong></span> <span class='ocrx_word' id='word_1_103' title='bbox 1327 1153 1396 1208; x_wconf 92' lang='lat' dir='ltr'><strong>de</strong></span> <span class='ocrx_word' id='word_1_104' title='bbox 1428 1168 1608 1207; x_wconf 87' lang='lat' dir='ltr'><strong>causa</strong></span> <span class='ocrx_word' id='word_1_105' title='bbox 1658 1151 1805 1217; x_wconf 82' lang='lat' dir='ltr'><strong>fieri,</strong></span> <span class='ocrx_word' id='word_1_106' title='bbox 1857 1166 1999 1223; x_wconf 75' lang='lat' dir='ltr'><strong>qua:</strong></span> 
     </span>
    </p>
   </div>
   <div class='ocr_carea' id='block_1_15' title="bbox 2113 1148 3794 1234">
    <p class='ocr_par' dir='ltr' id='par_1_15' title="bbox 2147 1148 3794 1234">
     <span class='ocr_line' id='line_1_15' title="bbox 2147 1148 3794 1234; baseline 0.005 -29"><span class='ocrx_word' id='word_1_107' title='bbox 2147 1148 2401 1224; x_wconf 65' lang='grc' dir='ltr'>ἐνόμισαν</span> <span class='ocrx_word' id='word_1_108' title='bbox 2455 1152 2522 1207; x_wconf 72' lang='grc' dir='ltr'>τὰ</span> <span class='ocrx_word' id='word_1_109' title='bbox 2576 1151 2840 1228; x_wconf 88' lang='grc' dir='ltr'>γινόμενα</span> <span class='ocrx_word' id='word_1_110' title='bbox 2896 1150 2964 1208; x_wconf 88' lang='grc' dir='ltr'><strong>δι’</strong></span> <span class='ocrx_word' id='word_1_111' title='bbox 3023 1151 3175 1210; x_wconf 70' lang='grc' dir='ltr'>οὐδὲν</span> <span class='ocrx_word' id='word_1_112' title='bbox 3226 1153 3410 1230; x_wconf 72' lang='grc' dir='ltr'>ἕτερον</span> <span class='ocrx_word' id='word_1_113' title='bbox 3437 1155 3697 1234; x_wconf 82' lang='grc' dir='ltr'>γίνεσθαι,</span> <span class='ocrx_word' id='word_1_114' title='bbox 3755 1161 3794 1231; x_wconf 70' lang='grc' dir='ltr'><strong>ἢ</strong></span> 
     </span>
    </p>
   </div>
   <div class='ocr_carea' id='block_1_16' title="bbox 376 1236 1999 1322">
    <p class='ocr_par' dir='ltr' id='par_1_16' title="bbox 376 1239 1999 1318">
     <span class='ocr_line' id='line_1_16' title="bbox 376 1239 1999 1318; baseline -0.005 -16"><span class='ocrx_word' id='word_1_115' title='bbox 376 1251 444 1303; x_wconf 92' lang='lat' dir='ltr'><strong>ut</strong></span> <span class='ocrx_word' id='word_1_116' title='bbox 497 1245 810 1318; x_wconf 87' lang='lat' dir='ltr'><strong>Scriptura</strong></span> <span class='ocrx_word' id='word_1_117' title='bbox 868 1242 1292 1315; x_wconf 88' lang='lat' dir='ltr'><strong>implerentur:</strong></span> <span class='ocrx_word' id='word_1_118' title='bbox 1326 1246 1504 1312; x_wconf 86' lang='lat' dir='ltr'><strong>atque</strong></span> <span class='ocrx_word' id='word_1_119' title='bbox 1546 1240 1753 1296; x_wconf 85' lang='lat' dir='ltr'><strong>exinde</strong></span> <span class='ocrx_word' id='word_1_120' title='bbox 1782 1239 1999 1295; x_wconf 70' lang='lat' dir='ltr'><strong>aestima</strong></span> 
     </span>
    </p>
   </div>
   <div class='ocr_carea' id='block_1_17' title="bbox 2113 1236 3794 1322">
    <p class='ocr_par' dir='ltr' id='par_1_17' title="bbox 2139 1236 3794 1322">
     <span class='ocr_line' id='line_1_17' title="bbox 2139 1236 3794 1322; baseline 0.007 -29"><span class='ocrx_word' id='word_1_121' title='bbox 2139 1236 2232 1293; x_wconf 74' lang='lat' dir='ltr'><strong>&#39;tvat</strong></span> <span class='ocrx_word' id='word_1_122' title='bbox 2286 1240 2562 1317; x_wconf 80' lang='grc' dir='ltr'>πληρωθῇ</span> <span class='ocrx_word' id='word_1_123' title='bbox 2619 1244 2686 1297; x_wconf 77' lang='grc' dir='ltr'>τὰ</span> <span class='ocrx_word' id='word_1_124' title='bbox 2739 1244 3109 1318; x_wconf 75' lang='grc' dir='ltr'>γεγραμμέναο</span> <span class='ocrx_word' id='word_1_125' title='bbox 3154 1244 3244 1300; x_wconf 87' lang='grc' dir='ltr'><strong>καὶ</strong></span> <span class='ocrx_word' id='word_1_126' title='bbox 3276 1243 3336 1300; x_wconf 79' lang='grc' dir='ltr'>ἐκ</span> <span class='ocrx_word' id='word_1_127' title='bbox 3361 1245 3568 1304; x_wconf 76' lang='grc' dir='ltr'>τούτων</span> <span class='ocrx_word' id='word_1_128' title='bbox 3601 1248 3794 1322; x_wconf 83' lang='grc' dir='ltr'>ᾠήθη-</span> 
     </span>
    </p>
   </div>
   <div class='ocr_carea' id='block_1_18' title="bbox 377 1328 1999 1411">
    <p class='ocr_par' dir='ltr' id='par_1_18' title="bbox 377 1328 1999 1408">
     <span class='ocr_line' id='line_1_18' title="bbox 377 1328 1999 1408; baseline -0.005 -16"><span class='ocrx_word' id='word_1_129' title='bbox 377 1340 639 1408; x_wconf 86' lang='lat' dir='ltr'><strong>runt,eos</strong></span> <span class='ocrx_word' id='word_1_130' title='bbox 669 1335 772 1407; x_wconf 90' lang='lat' dir='ltr'><strong>qui</strong></span> <span class='ocrx_word' id='word_1_131' title='bbox 801 1335 916 1389; x_wconf 91' lang='lat' dir='ltr'><strong>ista</strong></span> <span class='ocrx_word' id='word_1_132' title='bbox 965 1333 1238 1401; x_wconf 80' lang='lat' dir='ltr'><strong>facerent,</strong></span> <span class='ocrx_word' id='word_1_133' title='bbox 1299 1347 1412 1386; x_wconf 91' lang='lat' dir='ltr'><strong>non</strong></span> <span class='ocrx_word' id='word_1_134' title='bbox 1473 1330 1645 1386; x_wconf 89' lang='lat' dir='ltr'><strong>modo</strong></span> <span class='ocrx_word' id='word_1_135' title='bbox 1701 1328 1999 1402; x_wconf 88' lang='lat' dir='ltr'><strong>inculpato</strong></span> 
     </span>
    </p>
   </div>
   <div class='ocr_carea' id='block_1_19' title="bbox 2113 1328 3794 1411">
    <p class='ocr_par' dir='ltr' id='par_1_19' title="bbox 2141 1331 3794 1411">
     <span class='ocr_line' id='line_1_19' title="bbox 2141 1331 3794 1411; baseline 0.007 -27"><span class='ocrx_word' id='word_1_136' title='bbox 2141 1350 2232 1385; x_wconf 88' lang='grc' dir='ltr'><strong>σαν</strong></span> <span class='ocrx_word' id='word_1_137' title='bbox 2270 1331 2346 1402; x_wconf 79' lang='grc' dir='ltr'>μὴ</span> <span class='ocrx_word' id='word_1_138' title='bbox 2379 1331 2542 1403; x_wconf 88' lang='grc' dir='ltr'>μόνον</span> <span class='ocrx_word' id='word_1_139' title='bbox 2575 1331 2844 1394; x_wconf 78' lang='grc' dir='ltr'>ἀναιτίους</span> <span class='ocrx_word' id='word_1_140' title='bbox 2873 1332 3006 1388; x_wconf 78' lang='grc' dir='ltr'>εἶναι</span> <span class='ocrx_word' id='word_1_141' title='bbox 3060 1333 3190 1396; x_wconf 82' lang='grc' dir='ltr'>τοὺς</span> <span class='ocrx_word' id='word_1_142' title='bbox 3239 1336 3594 1411; x_wconf 75' lang='grc' dir='ltr'>πράττοντας,</span> <span class='ocrx_word' id='word_1_143' title='bbox 3649 1337 3794 1396; x_wconf 79' lang='grc' dir='ltr'>ἀλλὰ</span> 
     </span>
    </p>
   </div>
   <div class='ocr_carea' id='block_1_20' title="bbox 2137 1416 3793 1502">
    <p class='ocr_par' dir='ltr' id='par_1_20' title="bbox 2137 1416 3793 1502">
     <span class='ocr_line' id='line_1_20' title="bbox 2137 1416 3793 1502; baseline 0.008 -31"><span class='ocrx_word' id='word_1_144' title='bbox 2137 1417 2226 1472; x_wconf 83' lang='grc' dir='ltr'><strong>καὶ</strong></span> <span class='ocrx_word' id='word_1_145' title='bbox 2260 1416 2475 1490; x_wconf 81' lang='grc' dir='ltr'>μᾶλλον</span> <span class='ocrx_word' id='word_1_146' title='bbox 2506 1419 2686 1490; x_wconf 79' lang='grc' dir='ltr'><strong>ἀξίους</strong></span> <span class='ocrx_word' id='word_1_147' title='bbox 2719 1419 2960 1490; x_wconf 80' lang='grc' dir='ltr'>ἐπαίνου,</span> <span class='ocrx_word' id='word_1_148' title='bbox 2993 1420 3077 1476; x_wconf 80' lang='grc' dir='ltr'>ὅτι</span> <span class='ocrx_word' id='word_1_149' title='bbox 3110 1422 3218 1499; x_wconf 76' lang='grc' dir='ltr'>οὐχ</span> <span class='ocrx_word' id='word_1_150' title='bbox 3247 1423 3321 1487; x_wconf 84' lang='grc' dir='ltr'>ὡς</span> <span class='ocrx_word' id='word_1_151' title='bbox 3368 1426 3793 1502; x_wconf 81' lang='grc' dir='ltr'>ἁμαρτάνοντες,</span> 
     </span>
    </p>
   </div>
   <div class='ocr_carea' id='block_1_21' title="bbox 2137 1504 3788 1593">
    <p class='ocr_par' dir='ltr' id='par_1_21' title="bbox 2137 1504 3788 1593">
     <span class='ocr_line' id='line_1_21' title="bbox 2137 1504 3788 1593; baseline 0.008 -32"><span class='ocrx_word' id='word_1_152' title='bbox 2137 1504 2264 1562; x_wconf 81' lang='grc' dir='ltr'>ἀλλ’</span> <span class='ocrx_word' id='word_1_153' title='bbox 2313 1507 2390 1569; x_wconf 83' lang='grc' dir='ltr'>ὡς</span> <span class='ocrx_word' id='word_1_154' title='bbox 2445 1505 2818 1572; x_wconf 77' lang='grc' dir='ltr'>διακονοῦντες</span> <span class='ocrx_word' id='word_1_155' title='bbox 2873 1515 2987 1572; x_wconf 89' lang='grc' dir='ltr'>τοῖς</span> <span class='ocrx_word' id='word_1_156' title='bbox 3033 1513 3435 1588; x_wconf 75' lang='grc' dir='ltr'>γεγραμμένοις</span> <span class='ocrx_word' id='word_1_157' title='bbox 3486 1513 3788 1593; x_wconf 78' lang='grc' dir='ltr'>ἐνεργοῦσι·</span> 
     </span>
    </p>
   </div>
   <div class='ocr_carea' id='block_1_22' title="bbox 2138 1596 3790 1682">
    <p class='ocr_par' dir='ltr' id='par_1_22' title="bbox 2138 1596 3790 1682">
     <span class='ocr_line' id='line_1_22' title="bbox 2138 1596 3790 1682; baseline 0.008 -33"><span class='ocrx_word' id='word_1_158' title='bbox 2138 1596 2214 1682; x_wconf 80' lang='grc' dir='ltr'>μὴ</span> <span class='ocrx_word' id='word_1_159' title='bbox 2248 1597 2351 1672; x_wconf 80' lang='grc' dir='ltr'>γὰρ</span> <span class='ocrx_word' id='word_1_160' title='bbox 2409 1596 2470 1653; x_wconf 77' lang='grc' dir='ltr'>ἂν</span> <span class='ocrx_word' id='word_1_161' title='bbox 2519 1597 2741 1668; x_wconf 82' lang='grc' dir='ltr'>ἀληθεῖς</span> <span class='ocrx_word' id='word_1_162' title='bbox 2787 1605 3108 1674; x_wconf 83' lang='grc' dir='ltr'>γεγενῆσθαι</span> <span class='ocrx_word' id='word_1_163' title='bbox 3157 1604 3267 1656; x_wconf 91' lang='grc' dir='ltr'><strong>τῶν</strong></span> <span class='ocrx_word' id='word_1_164' title='bbox 3313 1609 3605 1682; x_wconf 76' lang='grc' dir='ltr'>προφητῶν</span> <span class='ocrx_word' id='word_1_165' title='bbox 3662 1605 3790 1671; x_wconf 83' lang='grc' dir='ltr'>τοὺς</span> 
     </span>
    </p>
   </div>
   <div class='ocr_carea' id='block_1_23' title="bbox 2136 1681 3788 1765">
    <p class='ocr_par' dir='ltr' id='par_1_23' title="bbox 2136 1681 3788 1765">
     <span class='ocr_line' id='line_1_23' title="bbox 2136 1681 3788 1765; baseline 0.009 -27"><span class='ocrx_word' id='word_1_166' title='bbox 2136 1681 2357 1760; x_wconf 87' lang='grc' dir='ltr'>λόγους,</span> <span class='ocrx_word' id='word_1_167' title='bbox 2417 1685 2463 1741; x_wconf 83' lang='grc' dir='ltr'>εἰ</span> <span class='ocrx_word' id='word_1_168' title='bbox 2527 1687 2604 1760; x_wconf 80' lang='grc' dir='ltr'>μὴ</span> <span class='ocrx_word' id='word_1_169' title='bbox 2659 1685 2867 1742; x_wconf 78' lang='grc' dir='ltr'>τούτων</span> <span class='ocrx_word' id='word_1_170' title='bbox 2926 1689 3064 1758; x_wconf 79' lang='grc' dir='ltr'>ἦσαν</span> <span class='ocrx_word' id='word_1_171' title='bbox 3115 1690 3172 1744; x_wconf 82' lang='grc' dir='ltr'>αἱ</span> <span class='ocrx_word' id='word_1_172' title='bbox 3237 1681 3476 1765; x_wconf 80' lang='grc' dir='ltr'>πράξεις.</span> <span class='ocrx_word' id='word_1_173' title='bbox 3534 1693 3788 1753; x_wconf 70' lang='grc' dir='ltr'>Μάλιστα</span> 
     </span>
    </p>
   </div>
   <div class='ocr_carea' id='block_1_24' title="bbox 3689 407 3812 472">
    <p class='ocr_par' dir='ltr' id='par_1_24' title="bbox 3689 407 3812 472">
     <span class='ocr_line' id='line_1_24' title="bbox 3689 407 3812 472; baseline 0 -6"><span class='ocrx_word' id='word_1_174' title='bbox 3689 407 3812 472; x_wconf 59' lang='grc' dir='ltr'><strong>’ω</strong></span> 
     </span>
    </p>
   </div>
   <div class='ocr_carea' id='block_1_25' title="bbox 3284 533 3808 612">
    <p class='ocr_par' dir='ltr' id='par_1_25' title="bbox 3284 533 3808 612">
     <span class='ocr_line' id='line_1_25' title="bbox 3284 533 3808 612; baseline 0.006 -22"><span class='ocrx_word' id='word_1_175' title='bbox 3284 557 3304 583; x_wconf 77' lang='grc' dir='ltr'><strong>ι</strong></span> <span class='ocrx_word' id='word_1_176' title='bbox 3341 535 3376 603; x_wconf 80' lang='grc' dir='ltr'>ἡ</span> <span class='ocrx_word' id='word_1_177' title='bbox 3425 536 3520 608; x_wconf 78' lang='grc' dir='ltr'>μὶν</span> <span class='ocrx_word' id='word_1_178' title='bbox 3551 533 3808 612; x_wconf 61' lang='grc' dir='ltr'>λέγουσαν</span> 
     </span>
    </p>
   </div>
   <div class='ocr_carea' id='block_1_26' title="bbox 376 1419 2030 1496">
    <p class='ocr_par' dir='ltr' id='par_1_26' title="bbox 376 1419 2030 1496">
     <span class='ocr_line' id='line_1_26' title="bbox 376 1419 2030 1496; baseline -0.005 -13"><span class='ocrx_word' id='word_1_179' title='bbox 376 1442 539 1494; x_wconf 89' lang='lat' dir='ltr'><strong>esse;</strong></span> <span class='ocrx_word' id='word_1_180' title='bbox 593 1425 694 1481; x_wconf 89' lang='lat' dir='ltr'><strong>sed</strong></span> <span class='ocrx_word' id='word_1_181' title='bbox 744 1423 940 1496; x_wconf 80' lang='lat' dir='ltr'><strong>potius</strong></span> <span class='ocrx_word' id='word_1_182' title='bbox 971 1421 1141 1478; x_wconf 88' lang='lat' dir='ltr'><strong>laude</strong></span> <span class='ocrx_word' id='word_1_183' title='bbox 1172 1420 1401 1492; x_wconf 79' lang='lat' dir='ltr'><strong>dignos,</strong></span> <span class='ocrx_word' id='word_1_184' title='bbox 1436 1419 1538 1475; x_wconf 76' lang='lat'><strong>66</strong></span> <span class='ocrx_word' id='word_1_185' title='bbox 1567 1420 1720 1490; x_wconf 90' lang='lat' dir='ltr'><strong>quod</strong></span> <span class='ocrx_word' id='word_1_186' title='bbox 1751 1436 1864 1475; x_wconf 89' lang='lat' dir='ltr'><strong>non</strong></span> <span class='ocrx_word' id='word_1_187' title='bbox 1898 1435 2030 1490; x_wconf 83' lang='lat' dir='ltr'><strong>pec-</strong></span> 
     </span>
    </p>
   </div>
   <div class='ocr_carea' id='block_1_27' title="bbox 375 1508 2028 1585">
    <p class='ocr_par' dir='ltr' id='par_1_27' title="bbox 375 1508 2028 1585">
     <span class='ocr_line' id='line_1_27' title="bbox 375 1508 2028 1585; baseline -0.005 -12"><span class='ocrx_word' id='word_1_188' title='bbox 375 1516 584 1583; x_wconf 88' lang='lat' dir='ltr'><strong>cando,</strong></span> <span class='ocrx_word' id='word_1_189' title='bbox 617 1515 718 1571; x_wconf 88' lang='lat' dir='ltr'><strong>sed</strong></span> <span class='ocrx_word' id='word_1_190' title='bbox 777 1510 1098 1585; x_wconf 86' lang='lat' dir='ltr'><strong>Scripturis</strong></span> <span class='ocrx_word' id='word_1_191' title='bbox 1157 1509 1572 1578; x_wconf 83' lang='lat' dir='ltr'><strong>ministrando,</strong></span> <span class='ocrx_word' id='word_1_192' title='bbox 1628 1508 1768 1564; x_wconf 88' lang='lat' dir='ltr'><strong>talia</strong></span> <span class='ocrx_word' id='word_1_193' title='bbox 1825 1524 2028 1580; x_wconf 84' lang='lat' dir='ltr'><strong>perpe-</strong></span> 
     </span>
    </p>
   </div>
   <div class='ocr_carea' id='block_1_28' title="bbox 375 1597 2026 1673">
    <p class='ocr_par' dir='ltr' id='par_1_28' title="bbox 375 1597 2026 1673">
     <span class='ocr_line' id='line_1_28' title="bbox 375 1597 2026 1673; baseline -0.005 -12"><span class='ocrx_word' id='word_1_194' title='bbox 375 1609 601 1661; x_wconf 88' lang='lat' dir='ltr'><strong>trarent</strong></span> <span class='ocrx_word' id='word_1_195' title='bbox 655 1619 668 1659; x_wconf 90' lang='lat'>:</span> <span class='ocrx_word' id='word_1_196' title='bbox 730 1617 920 1673; x_wconf 87' lang='lat' dir='ltr'><strong>neque</strong></span> <span class='ocrx_word' id='word_1_197' title='bbox 977 1600 1136 1656; x_wconf 89' lang='lat' dir='ltr'><strong>enim</strong></span> <span class='ocrx_word' id='word_1_198' title='bbox 1187 1615 1325 1655; x_wconf 82' lang='lat' dir='ltr'><strong>vero</strong></span> <span class='ocrx_word' id='word_1_199' title='bbox 1381 1598 1565 1654; x_wconf 86' lang='lat' dir='ltr'><strong>fuisse</strong></span> <span class='ocrx_word' id='word_1_200' title='bbox 1606 1597 2026 1670; x_wconf 88' lang='lat' dir='ltr'><strong>prophetarum</strong></span> 
     </span>
    </p>
   </div>
   <div class='ocr_carea' id='block_1_29' title="bbox 369 1685 2025 1763">
    <p class='ocr_par' dir='ltr' id='par_1_29' title="bbox 369 1685 2025 1763">
     <span class='ocr_line' id='line_1_29' title="bbox 369 1685 2025 1763; baseline -0.007 -12"><span class='ocrx_word' id='word_1_201' title='bbox 369 1695 566 1763; x_wconf 87' lang='lat' dir='ltr'><strong>verba,</strong></span> <span class='ocrx_word' id='word_1_202' title='bbox 596 1692 711 1749; x_wconf 85' lang='lat' dir='ltr'><strong>nisi</strong></span> <span class='ocrx_word' id='word_1_203' title='bbox 739 1695 872 1748; x_wconf 91' lang='lat' dir='ltr'><strong>acta</strong></span> <span class='ocrx_word' id='word_1_204' title='bbox 900 1692 1009 1746; x_wconf 82' lang='lat' dir='ltr'><strong>s&#39;ua</strong></span> <span class='ocrx_word' id='word_1_205' title='bbox 1037 1690 1355 1745; x_wconf 85' lang='lat' dir='ltr'><strong>subsecuta</strong></span> <span class='ocrx_word' id='word_1_206' title='bbox 1383 1688 1653 1744; x_wconf 88' lang='lat' dir='ltr'><strong>fuissent.</strong></span> <span class='ocrx_word' id='word_1_207' title='bbox 1715 1687 1878 1753; x_wconf 88' lang='lat' dir='ltr'><strong>Quod</strong></span> <span class='ocrx_word' id='word_1_208' title='bbox 1939 1685 2025 1741; x_wconf 89' lang='lat' dir='ltr'><strong>illi</strong></span> 
     </span>
    </p>
   </div>
   <div class='ocr_carea' id='block_1_30' title="bbox 371 1768 1999 1853">
    <p class='ocr_par' dir='ltr' id='par_1_30' title="bbox 371 1775 1999 1853">
     <span class='ocr_line' id='line_1_30' title="bbox 371 1775 1999 1853; baseline -0.005 -14"><span class='ocrx_word' id='word_1_209' title='bbox 371 1783 622 1839; x_wconf 80' lang='lat' dir='ltr'><strong>maxime</strong></span> <span class='ocrx_word' id='word_1_210' title='bbox 677 1780 902 1853; x_wconf 81' lang='lat' dir='ltr'><strong>opinati</strong></span> <span class='ocrx_word' id='word_1_211' title='bbox 956 1783 1096 1835; x_wconf 89' lang='lat' dir='ltr'><strong>sunt</strong></span> <span class='ocrx_word' id='word_1_212' title='bbox 1149 1795 1219 1834; x_wconf 84' lang='lat' dir='ltr'><strong>ex</strong></span> <span class='ocrx_word' id='word_1_213' title='bbox 1248 1778 1340 1833; x_wconf 89' lang='lat' dir='ltr'><strong>his</strong></span> <span class='ocrx_word' id='word_1_214' title='bbox 1372 1775 1664 1850; x_wconf 83' lang='lat' dir='ltr'><strong>Evangelii</strong></span> <span class='ocrx_word' id='word_1_215' title='bbox 1695 1777 1999 1832; x_wconf 72' lang='lat' dir='ltr'><strong>secundum</strong></span> 
     </span>
    </p>
   </div>
   <div class='ocr_carea' id='block_1_31' title="bbox 2113 1768 3783 1853">
    <p class='ocr_par' dir='ltr' id='par_1_31' title="bbox 2133 1768 3783 1848">
     <span class='ocr_line' id='line_1_31' title="bbox 2133 1768 3783 1848; baseline 0.007 -22"><span class='ocrx_word' id='word_1_216' title='bbox 2133 1768 2190 1828; x_wconf 76' lang='grc' dir='ltr'><strong>δὶ</strong></span> <span class='ocrx_word' id='word_1_217' title='bbox 2218 1775 2433 1848; x_wconf 80' lang='lat'><strong>(40-41)</strong></span> <span class='ocrx_word' id='word_1_218' title='bbox 2461 1778 2628 1830; x_wconf 76' lang='grc' dir='ltr'>ταῦτα</span> <span class='ocrx_word' id='word_1_219' title='bbox 2657 1771 2928 1832; x_wconf 76' lang='grc' dir='ltr'>ὑπέλαϐον</span> <span class='ocrx_word' id='word_1_220' title='bbox 2973 1776 3033 1832; x_wconf 79' lang='grc' dir='ltr'><strong>ἐκ</strong></span> <span class='ocrx_word' id='word_1_221' title='bbox 3061 1781 3168 1833; x_wconf 85' lang='grc' dir='ltr'><strong>τῶν</strong></span> <span class='ocrx_word' id='word_1_222' title='bbox 3201 1778 3277 1842; x_wconf 83' lang='grc' dir='ltr'><strong>είς</strong></span> <span class='ocrx_word' id='word_1_223' title='bbox 3303 1781 3364 1835; x_wconf 81' lang='grc' dir='ltr'>τὸ</span> <span class='ocrx_word' id='word_1_224' title='bbox 3407 1780 3544 1837; x_wconf 78' lang='grc' dir='ltr'>κατὰ</span> <span class='ocrx_word' id='word_1_225' title='bbox 3592 1783 3783 1840; x_wconf 85' lang='grc' dir='ltr'>Ἰωάν-</span> 
     </span>
    </p>
   </div>
   <div class='ocr_carea' id='block_1_32' title="bbox 366 1863 1999 1976">
    <p class='ocr_par' dir='ltr' id='par_1_32' title="bbox 366 1866 1999 1976">
     <span class='ocr_line' id='line_1_32' title="bbox 366 1866 1999 1940; baseline -0.006 -11"><span class='ocrx_word' id='word_1_226' title='bbox 366 1872 654 1929; x_wconf 83' lang='lat' dir='ltr'><strong>Joannem</strong></span> <span class='ocrx_word' id='word_1_227' title='bbox 683 1869 986 1940; x_wconf 89' lang='lat' dir='ltr'><strong>dictis,ubi</strong></span> <span class='ocrx_word' id='word_1_228' title='bbox 1017 1885 1151 1924; x_wconf 89' lang='lat' dir='ltr'><strong>cum</strong></span> <span class='ocrx_word' id='word_1_229' title='bbox 1181 1867 1521 1924; x_wconf 89' lang='lat' dir='ltr'><strong>Judaorum</strong></span> <span class='ocrx_word' id='word_1_230' title='bbox 1549 1869 1783 1922; x_wconf 90' lang='lat' dir='ltr'><strong>enarrat</strong></span> <span class='ocrx_word' id='word_1_231' title='bbox 1827 1866 1999 1921; x_wconf 79' lang='lat' dir='ltr'><strong>inore</strong></span> 
     </span>
     <span class='ocr_line' id='line_1_33' title="bbox 381 1954 1999 1976; baseline 0 0"><span class='ocrx_word' id='word_1_232' title='bbox 381 1961 398 1976; x_wconf 67' lang='grc' dir='ltr'>ι</span> <span class='ocrx_word' id='word_1_233' title='bbox 453 1961 509 1976; x_wconf 73' lang='grc' dir='ltr'><strong>ιο.</strong></span> <span class='ocrx_word' id='word_1_234' title='bbox 561 1964 572 1976; x_wconf 81' lang='grc' dir='ltr'>ι</span> <span class='ocrx_word' id='word_1_235' title='bbox 761 1974 774 1976; x_wconf 85' lang='grc'><strong>-</strong></span> <span class='ocrx_word' id='word_1_236' title='bbox 873 1957 1028 1976; x_wconf 17' lang='grc' dir='ltr'>ταγεμ</span> <span class='ocrx_word' id='word_1_237' title='bbox 1094 1954 1389 1976; x_wconf 61' lang='lat' dir='ltr'><strong>____L_a!-</strong></span> <span class='ocrx_word' id='word_1_238' title='bbox 1428 1955 1505 1976; x_wconf 73' lang='lat'><strong>-2-</strong></span> <span class='ocrx_word' id='word_1_239' title='bbox 1541 1954 1618 1976; x_wconf 68' lang='grc' dir='ltr'><strong>,ΖΑ</strong></span> <span class='ocrx_word' id='word_1_240' title='bbox 1654 1971 1665 1976; x_wconf 92' lang='grc'><strong>-</strong></span> <span class='ocrx_word' id='word_1_241' title='bbox 1708 1975 1717 1976; x_wconf 32' lang='grc' dir='ltr'><em>κ</em></span> <span class='ocrx_word' id='word_1_242' title='bbox 1762 1957 1896 1976; x_wconf 61' lang='lat' dir='ltr'><strong>nn...</strong></span> <span class='ocrx_word' id='word_1_243' title='bbox 1929 1957 1999 1976; x_wconf 60' lang='lat'><strong>1-1</strong></span> 
     </span>
    </p>
   </div>
   <div class='ocr_carea' id='block_1_33' title="bbox 2113 1863 3778 1976">
    <p class='ocr_par' dir='ltr' id='par_1_33' title="bbox 2127 1863 3778 1976">
     <span class='ocr_line' id='line_1_34' title="bbox 2127 1863 3778 1940; baseline 0.009 -25"><span class='ocrx_word' id='word_1_244' title='bbox 2127 1883 2225 1932; x_wconf 89' lang='grc' dir='ltr'><strong>νην</strong></span> <span class='ocrx_word' id='word_1_245' title='bbox 2256 1863 2435 1938; x_wconf 75' lang='grc' dir='ltr'>ῥητῶν</span> <span class='ocrx_word' id='word_1_246' title='bbox 2475 1865 2809 1935; x_wconf 86' lang='grc' dir='ltr'>κινηθέντες,</span> <span class='ocrx_word' id='word_1_247' title='bbox 2841 1865 2985 1935; x_wconf 81' lang='grc' dir='ltr'>ἔνθα,</span> <span class='ocrx_word' id='word_1_248' title='bbox 3014 1870 3124 1921; x_wconf 90' lang='grc' dir='ltr'><strong>τῶν</strong></span> <span class='ocrx_word' id='word_1_249' title='bbox 3172 1864 3445 1925; x_wconf 86' lang='grc' dir='ltr'>Ἰουδαίων</span> <span class='ocrx_word' id='word_1_250' title='bbox 3493 1871 3594 1940; x_wconf 77' lang='grc' dir='ltr'>τὴν</span> <span class='ocrx_word' id='word_1_251' title='bbox 3651 1873 3778 1929; x_wconf 76' lang='grc' dir='ltr'>ἀπι-</span> 
     </span>
     <span class='ocr_line' id='line_1_35' title="bbox 2127 1949 3709 1976; baseline 0 0"><span class='ocrx_word' id='word_1_252' title='bbox 2127 1949 2269 1976; x_wconf 46' lang='grc' dir='ltr'>--ιμη</span> <span class='ocrx_word' id='word_1_253' title='bbox 2345 1949 2369 1976; x_wconf 60' lang='grc' dir='ltr'>β</span> <span class='ocrx_word' id='word_1_254' title='bbox 2399 1951 2603 1976; x_wconf 21' lang='lat' dir='ltr'><strong>habt”-</strong></span> <span class='ocrx_word' id='word_1_255' title='bbox 2652 1975 2661 1976; x_wconf 30' lang='grc' dir='ltr'><em>κ</em></span> <span class='ocrx_word' id='word_1_256' title='bbox 2694 1975 2701 1976; x_wconf 59' lang='lat'><strong><em>,</em></strong></span> <span class='ocrx_word' id='word_1_257' title='bbox 2916 1954 2933 1976; x_wconf 83' lang='lat'><strong><em>\</em></strong></span> <span class='ocrx_word' id='word_1_258' title='bbox 3043 1956 3058 1976; x_wconf 57' lang='grc' dir='ltr'><strong>π</strong></span> <span class='ocrx_word' id='word_1_259' title='bbox 3157 1957 3220 1976; x_wconf 73' lang='lat' dir='ltr'><strong>cn</strong></span> <span class='ocrx_word' id='word_1_260' title='bbox 3294 1958 3314 1976; x_wconf 75' lang='grc' dir='ltr'><strong>,ι</strong></span> <span class='ocrx_word' id='word_1_261' title='bbox 3696 1959 3709 1976; x_wconf 74' lang='grc'><strong><em>1</em></strong></span> 
     </span>
    </p>
   </div>
   <div class='ocr_carea' id='block_1_34' title="bbox 365 1949 1999 2039">
    <p class='ocr_par' dir='ltr' id='par_1_34' title="bbox 365 1954 1999 2028">
     <span class='ocr_line' id='line_1_36' title="bbox 365 1954 1999 2028; baseline -0.007 -11"><span class='ocrx_word' id='word_1_262' title='bbox 365 1961 696 2026; x_wconf 89' lang='lat' dir='ltr'><strong>dulitatem,</strong></span> <span class='ocrx_word' id='word_1_263' title='bbox 753 1974 823 2014; x_wconf 83' lang='lat' dir='ltr'><strong>ex</strong></span> <span class='ocrx_word' id='word_1_264' title='bbox 873 1957 1036 2013; x_wconf 89' lang='lat' dir='ltr'><strong>Isaia</strong></span> <span class='ocrx_word' id='word_1_265' title='bbox 1091 1954 1398 2028; x_wconf 82' lang='lat' dir='ltr'><strong>prophetia</strong></span> <span class='ocrx_word' id='word_1_266' title='bbox 1425 1955 1509 2011; x_wconf 91' lang='lat' dir='ltr'><strong>sic</strong></span> <span class='ocrx_word' id='word_1_267' title='bbox 1538 1954 1622 2010; x_wconf 88' lang='lat' dir='ltr'><strong>ait</strong></span> <span class='ocrx_word' id='word_1_268' title='bbox 1653 1971 1666 2010; x_wconf 91' lang='lat'>:</span> <span class='ocrx_word' id='word_1_269' title='bbox 1703 1975 1725 2004; x_wconf 85' lang='grc' dir='ltr'><strong>ι</strong></span> <span class='ocrx_word' id='word_1_270' title='bbox 1761 1957 1901 2010; x_wconf 91' lang='lat' dir='ltr'><strong>Cum</strong></span> <span class='ocrx_word' id='word_1_271' title='bbox 1929 1957 1999 2009; x_wconf 80' lang='lat' dir='ltr'><strong>to1</strong></span> 
     </span>
    </p>
   </div>
   <div class='ocr_carea' id='block_1_35' title="bbox 2113 1949 3774 2039">
    <p class='ocr_par' dir='ltr' id='par_1_35' title="bbox 2124 1949 3774 2039">
     <span class='ocr_line' id='line_1_37' title="bbox 2124 1949 3774 2039; baseline 0.008 -35"><span class='ocrx_word' id='word_1_272' title='bbox 2124 1949 2270 2006; x_wconf 88' lang='grc' dir='ltr'>στίαν</span> <span class='ocrx_word' id='word_1_273' title='bbox 2341 1949 2725 2028; x_wconf 78' lang='grc' dir='ltr'>διηγούμενος,</span> <span class='ocrx_word' id='word_1_274' title='bbox 2805 1954 2940 2010; x_wconf 80' lang='grc' dir='ltr'><strong>κατᾶ</strong></span> <span class='ocrx_word' id='word_1_275' title='bbox 2997 1956 3096 2024; x_wconf 85' lang='grc' dir='ltr'>τήν</span> <span class='ocrx_word' id='word_1_276' title='bbox 3157 1957 3382 2014; x_wconf 81' lang='grc' dir='ltr'>Ἠσαίου</span> <span class='ocrx_word' id='word_1_277' title='bbox 3437 1959 3774 2039; x_wconf 74' lang='grc' dir='ltr'>προφητείαν</span> 
     </span>
    </p>
   </div>
   <div class='ocr_carea' id='block_1_36' title="bbox 362 2039 1999 2124">
    <p class='ocr_par' dir='ltr' id='par_1_36' title="bbox 362 2044 1999 2123">
     <span class='ocr_line' id='line_1_38' title="bbox 362 2044 1999 2123; baseline -0.005 -17"><span class='ocrx_word' id='word_1_278' title='bbox 362 2049 532 2123; x_wconf 87' lang='lat' dir='ltr'><strong>signa</strong></span> <span class='ocrx_word' id='word_1_279' title='bbox 561 2064 754 2106; x_wconf 87' lang='lat' dir='ltr'><strong>coram</strong></span> <span class='ocrx_word' id='word_1_280' title='bbox 786 2047 870 2103; x_wconf 88' lang='lat' dir='ltr'><strong>eis</strong></span> <span class='ocrx_word' id='word_1_281' title='bbox 900 2046 1275 2112; x_wconf 84' lang='lat' dir='ltr'><strong>fecisset,non</strong></span> <span class='ocrx_word' id='word_1_282' title='bbox 1309 2044 1707 2100; x_wconf 87' lang='lat' dir='ltr'><strong>crediderunt:</strong></span> <span class='ocrx_word' id='word_1_283' title='bbox 1726 2046 1790 2098; x_wconf 93' lang='lat' dir='ltr'><strong>ut</strong></span> <span class='ocrx_word' id='word_1_284' title='bbox 1821 2059 1999 2099; x_wconf 85' lang='lat' dir='ltr'><strong>sermc</strong></span> 
     </span>
    </p>
   </div>
   <div class='ocr_carea' id='block_1_37' title="bbox 2113 2039 3777 2124">
    <p class='ocr_par' dir='ltr' id='par_1_37' title="bbox 2122 2039 3777 2124">
     <span class='ocr_line' id='line_1_39' title="bbox 2122 2039 3777 2124; baseline 0.008 -32"><span class='ocrx_word' id='word_1_285' title='bbox 2122 2039 2274 2115; x_wconf 84' lang='grc' dir='ltr'>φησί·</span> <span class='ocrx_word' id='word_1_286' title='bbox 2329 2063 2358 2093; x_wconf 76' lang='grc' dir='ltr'>ι(</span> <span class='ocrx_word' id='word_1_287' title='bbox 2405 2046 2647 2097; x_wconf 77' lang='grc' dir='ltr'>Τοσαῦτα</span> <span class='ocrx_word' id='word_1_288' title='bbox 2694 2039 2752 2098; x_wconf 70' lang='grc' dir='ltr'><strong>δὲ</strong></span> <span class='ocrx_word' id='word_1_289' title='bbox 2801 2043 2967 2098; x_wconf 80' lang='grc' dir='ltr'>αὑτοῦ</span> <span class='ocrx_word' id='word_1_290' title='bbox 3012 2050 3215 2118; x_wconf 85' lang='grc' dir='ltr'>σημεῖα</span> <span class='ocrx_word' id='word_1_291' title='bbox 3260 2048 3627 2118; x_wconf 72' lang='grc' dir='ltr'>πεποιηκότος</span> <span class='ocrx_word' id='word_1_292' title='bbox 3683 2046 3777 2124; x_wconf 71' lang='grc' dir='ltr'><strong>ἔμ-</strong></span> 
     </span>
    </p>
   </div>
   <div class='ocr_carea' id='block_1_38' title="bbox 360 2130 1999 2213">
    <p class='ocr_par' dir='ltr' id='par_1_38' title="bbox 360 2131 1999 2210">
     <span class='ocr_line' id='line_1_40' title="bbox 360 2131 1999 2210; baseline -0.004 -16"><span class='ocrx_word' id='word_1_293' title='bbox 360 2139 524 2195; x_wconf 83' lang='lat' dir='ltr'><strong>Isaia</strong></span> <span class='ocrx_word' id='word_1_294' title='bbox 571 2137 866 2210; x_wconf 85' lang='lat' dir='ltr'><strong>propheta</strong></span> <span class='ocrx_word' id='word_1_295' title='bbox 916 2134 1279 2206; x_wconf 88' lang='lat' dir='ltr'><strong>impleretur,</strong></span> <span class='ocrx_word' id='word_1_296' title='bbox 1313 2149 1488 2205; x_wconf 89' lang='lat' dir='ltr'><strong>quem</strong></span> <span class='ocrx_word' id='word_1_297' title='bbox 1521 2131 1665 2188; x_wconf 82' lang='lat' dir='ltr'><strong>dixit</strong></span> <span class='ocrx_word' id='word_1_298' title='bbox 1697 2147 1710 2188; x_wconf 93' lang='lat'><strong>:</strong></span> <span class='ocrx_word' id='word_1_299' title='bbox 1743 2131 1999 2199; x_wconf 74' lang='lat' dir='ltr'><strong>Domine,</strong></span> 
     </span>
    </p>
   </div>
   <div class='ocr_carea' id='block_1_39' title="bbox 2113 2130 3774 2213">
    <p class='ocr_par' dir='ltr' id='par_1_39' title="bbox 2119 2130 3774 2213">
     <span class='ocr_line' id='line_1_41' title="bbox 2119 2130 3774 2213; baseline 0.008 -31"><span class='ocrx_word' id='word_1_300' title='bbox 2119 2141 2349 2204; x_wconf 87' lang='grc' dir='ltr'>προσθεν</span> <span class='ocrx_word' id='word_1_301' title='bbox 2382 2130 2580 2200; x_wconf 82' lang='grc' dir='ltr'>αὐτῶν,</span> <span class='ocrx_word' id='word_1_302' title='bbox 2616 2131 2714 2187; x_wconf 79' lang='grc' dir='ltr'><strong>οὐκ</strong></span> <span class='ocrx_word' id='word_1_303' title='bbox 2748 2131 3085 2188; x_wconf 80' lang='grc' dir='ltr'>ἐπίστευσανο</span> <span class='ocrx_word' id='word_1_304' title='bbox 3120 2133 3212 2189; x_wconf 74' lang='grc' dir='ltr'>’ίνα</span> <span class='ocrx_word' id='word_1_305' title='bbox 3261 2135 3290 2189; x_wconf 99' lang='lat'><strong>6</strong></span> <span class='ocrx_word' id='word_1_306' title='bbox 3337 2133 3504 2213; x_wconf 85' lang='grc' dir='ltr'>λόγος</span> <span class='ocrx_word' id='word_1_307' title='bbox 3551 2137 3774 2195; x_wconf 72' lang='grc' dir='ltr'>Ἠσαίου</span> 
     </span>
    </p>
   </div>
   <div class='ocr_carea' id='block_1_40' title="bbox 358 2220 2007 2300">
    <p class='ocr_par' dir='ltr' id='par_1_40' title="bbox 358 2220 2007 2300">
     <span class='ocr_line' id='line_1_42' title="bbox 358 2220 2007 2300; baseline -0.005 -16"><span class='ocrx_word' id='word_1_308' title='bbox 358 2228 491 2300; x_wconf 89' lang='lat' dir='ltr'><strong>quis</strong></span> <span class='ocrx_word' id='word_1_309' title='bbox 523 2226 770 2283; x_wconf 87' lang='lat' dir='ltr'><strong>credidit</strong></span> <span class='ocrx_word' id='word_1_310' title='bbox 793 2225 1021 2282; x_wconf 88' lang='lat' dir='ltr'><strong>auditui</strong></span> <span class='ocrx_word' id='word_1_311' title='bbox 1053 2223 1294 2280; x_wconf 81' lang='lat' dir='ltr'><strong>nostro?</strong></span> <span class='ocrx_word' id='word_1_312' title='bbox 1323 2228 1381 2278; x_wconf 90' lang='lat' dir='ltr'><strong>et</strong></span> <span class='ocrx_word' id='word_1_313' title='bbox 1412 2221 1722 2278; x_wconf 89' lang='lat' dir='ltr'><strong>brachium</strong></span> <span class='ocrx_word' id='word_1_314' title='bbox 1767 2220 2007 2276; x_wconf 89' lang='lat' dir='ltr'><strong>Domini</strong></span> 
     </span>
    </p>
   </div>
   <div class='ocr_carea' id='block_1_41' title="bbox 358 2309 2009 2373">
    <p class='ocr_par' dir='ltr' id='par_1_41' title="bbox 358 2309 2009 2373">
     <span class='ocr_line' id='line_1_43' title="bbox 358 2309 2009 2373; baseline -0.006 0"><span class='ocrx_word' id='word_1_315' title='bbox 358 2317 451 2373; x_wconf 91' lang='lat' dir='ltr'><strong>cui</strong></span> <span class='ocrx_word' id='word_1_316' title='bbox 478 2315 798 2372; x_wconf 88' lang='lat' dir='ltr'><strong>revelatum</strong></span> <span class='ocrx_word' id='word_1_317' title='bbox 828 2317 916 2370; x_wconf 90' lang='lat' dir='ltr'><strong>est</strong></span> <span class='ocrx_word' id='word_1_318' title='bbox 941 2312 1031 2368; x_wconf 75' lang='lat' dir='ltr'><strong>“‘I</strong></span> <span class='ocrx_word' id='word_1_319' title='bbox 1063 2335 1091 2362; x_wconf 84' lang='lat'><strong>»</strong></span> <span class='ocrx_word' id='word_1_320' title='bbox 1125 2312 1183 2368; x_wconf 92' lang='lat' dir='ltr'><strong>Si</strong></span> <span class='ocrx_word' id='word_1_321' title='bbox 1215 2311 1372 2367; x_wconf 88' lang='lat' dir='ltr'><strong>enim</strong></span> <span class='ocrx_word' id='word_1_322' title='bbox 1403 2310 1534 2366; x_wconf 90' lang='lat' dir='ltr'><strong>ideo</strong></span> <span class='ocrx_word' id='word_1_323' title='bbox 1585 2327 1700 2365; x_wconf 91' lang='lat' dir='ltr'><strong>non</strong></span> <span class='ocrx_word' id='word_1_324' title='bbox 1749 2309 2009 2366; x_wconf 91' lang='lat' dir='ltr'><strong>credide-</strong></span> 
     </span>
    </p>
   </div>
   <div class='ocr_carea' id='block_1_42' title="bbox 361 2397 2008 2472">
    <p class='ocr_par' dir='ltr' id='par_1_42' title="bbox 361 2397 2008 2472">
     <span class='ocr_line' id='line_1_44' title="bbox 361 2397 2008 2472; baseline -0.006 -10"><span class='ocrx_word' id='word_1_325' title='bbox 361 2410 501 2462; x_wconf 87' lang='lat' dir='ltr'><strong>runt</strong></span> <span class='ocrx_word' id='word_1_326' title='bbox 553 2404 764 2469; x_wconf 82' lang='lat' dir='ltr'><strong>Judai,</strong></span> <span class='ocrx_word' id='word_1_327' title='bbox 805 2409 870 2458; x_wconf 90' lang='lat' dir='ltr'><strong>ut</strong></span> <span class='ocrx_word' id='word_1_328' title='bbox 899 2402 1063 2458; x_wconf 81' lang='lat' dir='ltr'><strong>Isaia</strong></span> <span class='ocrx_word' id='word_1_329' title='bbox 1120 2417 1313 2457; x_wconf 89' lang='lat' dir='ltr'><strong>sermo</strong></span> <span class='ocrx_word' id='word_1_330' title='bbox 1362 2399 1742 2472; x_wconf 86' lang='lat' dir='ltr'><strong>impleretur;</strong></span> <span class='ocrx_word' id='word_1_331' title='bbox 1771 2414 1888 2453; x_wconf 90' lang='lat' dir='ltr'><strong>non</strong></span> <span class='ocrx_word' id='word_1_332' title='bbox 1921 2397 2008 2452; x_wconf 90' lang='lat' dir='ltr'><strong>illi</strong></span> 
     </span>
    </p>
   </div>
   <div class='ocr_carea' id='block_1_43' title="bbox 360 2487 2006 2559">
    <p class='ocr_par' dir='ltr' id='par_1_43' title="bbox 360 2487 2006 2559">
     <span class='ocr_line' id='line_1_45' title="bbox 360 2487 2006 2559; baseline -0.006 -8"><span class='ocrx_word' id='word_1_333' title='bbox 360 2493 786 2551; x_wconf 87' lang='lat' dir='ltr'><strong>incredulitatis</strong></span> <span class='ocrx_word' id='word_1_334' title='bbox 817 2509 937 2547; x_wconf 86' lang='lat' dir='ltr'><strong>sua</strong></span> <span class='ocrx_word' id='word_1_335' title='bbox 969 2507 1144 2546; x_wconf 88' lang='lat' dir='ltr'><strong>causa</strong></span> <span class='ocrx_word' id='word_1_336' title='bbox 1175 2494 1334 2557; x_wconf 89' lang='lat' dir='ltr'><strong>sunt,</strong></span> <span class='ocrx_word' id='word_1_337' title='bbox 1354 2489 1455 2545; x_wconf 88' lang='lat' dir='ltr'><strong>sed</strong></span> <span class='ocrx_word' id='word_1_338' title='bbox 1488 2487 1589 2559; x_wconf 88' lang='lat' dir='ltr'><strong>qui</strong></span> <span class='ocrx_word' id='word_1_339' title='bbox 1617 2487 1732 2543; x_wconf 89' lang='lat' dir='ltr'><strong>ista</strong></span> <span class='ocrx_word' id='word_1_340' title='bbox 1761 2487 2006 2556; x_wconf 84' lang='lat' dir='ltr'><strong>dixerat,</strong></span> 
     </span>
    </p>
   </div>
   <div class='ocr_carea' id='block_1_44' title="bbox 357 2575 2008 2649">
    <p class='ocr_par' dir='ltr' id='par_1_44' title="bbox 357 2575 2008 2649">
     <span class='ocr_line' id='line_1_46' title="bbox 357 2575 2008 2649; baseline -0.006 -10"><span class='ocrx_word' id='word_1_341' title='bbox 357 2585 513 2639; x_wconf 91' lang='lat' dir='ltr'><strong>unde</strong></span> <span class='ocrx_word' id='word_1_342' title='bbox 567 2583 783 2638; x_wconf 84' lang='lat' dir='ltr'><strong>factum</strong></span> <span class='ocrx_word' id='word_1_343' title='bbox 842 2587 930 2637; x_wconf 88' lang='lat' dir='ltr'><strong>est</strong></span> <span class='ocrx_word' id='word_1_344' title='bbox 973 2585 1037 2634; x_wconf 89' lang='lat' dir='ltr'><strong>ut</strong></span> <span class='ocrx_word' id='word_1_345' title='bbox 1067 2579 1187 2634; x_wconf 86' lang='lat' dir='ltr'><strong>hac</strong></span> <span class='ocrx_word' id='word_1_346' title='bbox 1218 2576 1671 2649; x_wconf 76' lang='lat' dir='ltr'><strong>complerentur.</strong></span> <span class='ocrx_word' id='word_1_347' title='bbox 1705 2575 1886 2641; x_wconf 84' lang='lat' dir='ltr'><strong>Tolle,</strong></span> <span class='ocrx_word' id='word_1_348' title='bbox 1919 2575 2008 2630; x_wconf 88' lang='lat' dir='ltr'><strong>in-</strong></span> 
     </span>
    </p>
   </div>
   <div class='ocr_carea' id='block_1_45' title="bbox 358 2666 2011 2744">
    <p class='ocr_par' dir='ltr' id='par_1_45' title="bbox 358 2666 2011 2744">
     <span class='ocr_line' id='line_1_47' title="bbox 358 2666 2011 2744; baseline -0.005 -16"><span class='ocrx_word' id='word_1_349' title='bbox 358 2672 585 2744; x_wconf 90' lang='lat' dir='ltr'><strong>quient,</strong></span> <span class='ocrx_word' id='word_1_350' title='bbox 615 2671 908 2744; x_wconf 88' lang='lat' dir='ltr'><strong>propheta</strong></span> <span class='ocrx_word' id='word_1_351' title='bbox 937 2668 1204 2738; x_wconf 85' lang='lat' dir='ltr'><strong>verbum,</strong></span> <span class='ocrx_word' id='word_1_352' title='bbox 1238 2673 1294 2723; x_wconf 92' lang='lat' dir='ltr'><strong>et</strong></span> <span class='ocrx_word' id='word_1_353' title='bbox 1323 2667 1497 2738; x_wconf 89' lang='lat' dir='ltr'><strong>plane</strong></span> <span class='ocrx_word' id='word_1_354' title='bbox 1533 2666 1794 2721; x_wconf 84' lang='lat' dir='ltr'><strong>futurum</strong></span> <span class='ocrx_word' id='word_1_355' title='bbox 1827 2669 1915 2720; x_wconf 90' lang='lat' dir='ltr'><strong>est</strong></span> <span class='ocrx_word' id='word_1_356' title='bbox 1945 2669 2011 2719; x_wconf 90' lang='lat' dir='ltr'><strong>ut</strong></span> 
     </span>
    </p>
   </div>
   <div class='ocr_carea' id='block_1_46' title="bbox 357 2753 2008 2828">
    <p class='ocr_par' dir='ltr' id='par_1_46' title="bbox 357 2753 2008 2828">
     <span class='ocr_line' id='line_1_48' title="bbox 357 2753 2008 2828; baseline -0.005 -11"><span class='ocrx_word' id='word_1_357' title='bbox 357 2761 444 2817; x_wconf 90' lang='lat' dir='ltr'><strong>illi</strong></span> <span class='ocrx_word' id='word_1_358' title='bbox 475 2759 854 2817; x_wconf 88' lang='lat' dir='ltr'><strong>eredant.Sed</strong></span> <span class='ocrx_word' id='word_1_359' title='bbox 887 2759 1008 2814; x_wconf 74' lang='lat' dir='ltr'><strong>hac</strong></span> <span class='ocrx_word' id='word_1_360' title='bbox 1039 2756 1449 2828; x_wconf 85' lang='lat' dir='ltr'><strong>ejusmodique</strong></span> <span class='ocrx_word' id='word_1_361' title='bbox 1479 2754 1768 2810; x_wconf 83' lang='lat' dir='ltr'><strong>sententia</strong></span> <span class='ocrx_word' id='word_1_362' title='bbox 1799 2772 1829 2808; x_wconf 89' lang='lat' dir='ltr'><strong>a</strong></span> <span class='ocrx_word' id='word_1_363' title='bbox 1861 2753 2008 2809; x_wconf 90' lang='lat' dir='ltr'><strong>veri-</strong></span> 
     </span>
    </p>
   </div>
   <div class='ocr_carea' id='block_1_47' title="bbox 356 2842 2007 2915">
    <p class='ocr_par' dir='ltr' id='par_1_47' title="bbox 356 2842 2007 2915">
     <span class='ocr_line' id='line_1_49' title="bbox 356 2842 2007 2915; baseline -0.005 -10"><span class='ocrx_word' id='word_1_364' title='bbox 356 2854 474 2906; x_wconf 89' lang='lat' dir='ltr'><strong>tate</strong></span> <span class='ocrx_word' id='word_1_365' title='bbox 531 2848 783 2905; x_wconf 90' lang='lat' dir='ltr'><strong>multum</strong></span> <span class='ocrx_word' id='word_1_366' title='bbox 844 2849 1075 2903; x_wconf 87' lang='lat' dir='ltr'><strong>aberrat</strong></span> <span class='ocrx_word' id='word_1_367' title='bbox 1127 2862 1140 2899; x_wconf 92' lang='lat'><strong>:</strong></span> <span class='ocrx_word' id='word_1_368' title='bbox 1192 2860 1328 2900; x_wconf 89' lang='lat' dir='ltr'><strong>nam</strong></span> <span class='ocrx_word' id='word_1_369' title='bbox 1389 2860 1577 2915; x_wconf 89' lang='lat' dir='ltr'><strong>neque</strong></span> <span class='ocrx_word' id='word_1_370' title='bbox 1632 2842 1916 2914; x_wconf 82' lang='lat' dir='ltr'><strong>prOpheta</strong></span> <span class='ocrx_word' id='word_1_371' title='bbox 1948 2842 2007 2897; x_wconf 91' lang='lat' dir='ltr'><strong>in</strong></span> 
     </span>
    </p>
   </div>
   <div class='ocr_carea' id='block_1_48' title="bbox 357 2930 2006 3006">
    <p class='ocr_par' dir='ltr' id='par_1_48' title="bbox 357 2930 2006 3006">
     <span class='ocr_line' id='line_1_50' title="bbox 357 2930 2006 3006; baseline -0.004 -12"><span class='ocrx_word' id='word_1_372' title='bbox 357 2955 536 2994; x_wconf 88' lang='lat' dir='ltr'><strong>causa</strong></span> <span class='ocrx_word' id='word_1_373' title='bbox 563 2938 682 2992; x_wconf 89' lang='lat' dir='ltr'><strong>illis</strong></span> <span class='ocrx_word' id='word_1_374' title='bbox 710 2942 818 3006; x_wconf 87' lang='lat' dir='ltr'><strong>est,</strong></span> <span class='ocrx_word' id='word_1_375' title='bbox 867 2953 1056 3006; x_wconf 90' lang='lat' dir='ltr'><strong>neque</strong></span> <span class='ocrx_word' id='word_1_376' title='bbox 1104 2934 1289 2990; x_wconf 86' lang='lat' dir='ltr'><strong>Judai</strong></span> <span class='ocrx_word' id='word_1_377' title='bbox 1350 2933 1522 3005; x_wconf 87' lang='lat' dir='ltr'><strong>culpa</strong></span> <span class='ocrx_word' id='word_1_378' title='bbox 1576 2930 2006 2988; x_wconf 88' lang='lat' dir='ltr'><strong>incredulitatis</strong></span> 
     </span>
    </p>
   </div>
   <div class='ocr_carea' id='block_1_49' title="bbox 356 3022 2004 3097">
    <p class='ocr_par' dir='ltr' id='par_1_49' title="bbox 356 3022 2004 3097">
     <span class='ocr_line' id='line_1_51' title="bbox 356 3022 2004 3097; baseline -0.006 -12"><span class='ocrx_word' id='word_1_379' title='bbox 356 3033 497 3085; x_wconf 88' lang='lat' dir='ltr'><strong>sunt</strong></span> <span class='ocrx_word' id='word_1_380' title='bbox 525 3027 716 3082; x_wconf 91' lang='lat' dir='ltr'><strong>liberi.</strong></span> <span class='ocrx_word' id='word_1_381' title='bbox 750 3026 859 3082; x_wconf 90' lang='lat' dir='ltr'><strong>Sed</strong></span> <span class='ocrx_word' id='word_1_382' title='bbox 892 3025 1199 3097; x_wconf 84' lang='lat' dir='ltr'><strong>propheta,</strong></span> <span class='ocrx_word' id='word_1_383' title='bbox 1227 3023 1588 3095; x_wconf 88' lang='lat' dir='ltr'><strong>prospiciens</strong></span> <span class='ocrx_word' id='word_1_384' title='bbox 1614 3038 1742 3092; x_wconf 83' lang='lat' dir='ltr'><strong>qua</strong></span> <span class='ocrx_word' id='word_1_385' title='bbox 1794 3022 2004 3076; x_wconf 82' lang='lat' dir='ltr'><strong>tacturi</strong></span> 
     </span>
    </p>
   </div>
   <div class='ocr_carea' id='block_1_50' title="bbox 356 3110 2003 3188">
    <p class='ocr_par' dir='ltr' id='par_1_50' title="bbox 356 3110 2003 3188">
     <span class='ocr_line' id='line_1_52' title="bbox 356 3110 2003 3188; baseline -0.006 -14"><span class='ocrx_word' id='word_1_386' title='bbox 356 3121 573 3186; x_wconf 86' lang='lat' dir='ltr'><strong>essent,</strong></span> <span class='ocrx_word' id='word_1_387' title='bbox 603 3134 672 3172; x_wconf 89' lang='lat' dir='ltr'><strong>ea</strong></span> <span class='ocrx_word' id='word_1_388' title='bbox 703 3113 1109 3188; x_wconf 73' lang='lat' dir='ltr'><strong>praenuntiavit</strong></span> <span class='ocrx_word' id='word_1_389' title='bbox 1144 3130 1156 3168; x_wconf 89' lang='lat'><strong>:</strong></span> <span class='ocrx_word' id='word_1_390' title='bbox 1193 3112 1306 3184; x_wconf 88' lang='lat' dir='ltr'><strong>Ipsi</strong></span> <span class='ocrx_word' id='word_1_391' title='bbox 1337 3127 1471 3167; x_wconf 88' lang='lat' dir='ltr'><strong>vero</strong></span> <span class='ocrx_word' id='word_1_392' title='bbox 1505 3110 1738 3174; x_wconf 85' lang='lat' dir='ltr'><strong>deinde,</strong></span> <span class='ocrx_word' id='word_1_393' title='bbox 1769 3125 1838 3165; x_wconf 88' lang='lat' dir='ltr'><strong>ea</strong></span> <span class='ocrx_word' id='word_1_394' title='bbox 1867 3127 2003 3181; x_wconf 90' lang='lat' dir='ltr'><strong>per-</strong></span> 
     </span>
    </p>
   </div>
   <div class='ocr_carea' id='block_1_51' title="bbox 2117 2215 3771 2302">
    <p class='ocr_par' dir='ltr' id='par_1_51' title="bbox 2117 2215 3771 2302">
     <span class='ocr_line' id='line_1_53' title="bbox 2117 2215 3771 2302; baseline 0.007 -30"><span class='ocrx_word' id='word_1_395' title='bbox 2117 2215 2214 2273; x_wconf 77' lang='grc' dir='ltr'>τοῦ</span> <span class='ocrx_word' id='word_1_396' title='bbox 2268 2222 2556 2298; x_wconf 81' lang='grc' dir='ltr'>προφήτου</span> <span class='ocrx_word' id='word_1_397' title='bbox 2607 2224 2719 2295; x_wconf 78' lang='lat'><strong>(42)</strong></span> <span class='ocrx_word' id='word_1_398' title='bbox 2779 2219 3078 2298; x_wconf 81' lang='grc' dir='ltr'>πληρωθῇ,</span> <span class='ocrx_word' id='word_1_399' title='bbox 3132 2223 3189 2278; x_wconf 79' lang='grc' dir='ltr'>δν</span> <span class='ocrx_word' id='word_1_400' title='bbox 3237 2223 3372 2280; x_wconf 77' lang='grc' dir='ltr'>εἶπε·</span> <span class='ocrx_word' id='word_1_401' title='bbox 3441 2225 3624 2302; x_wconf 80' lang='grc' dir='ltr'>Κύριε,</span> <span class='ocrx_word' id='word_1_402' title='bbox 3687 2229 3771 2292; x_wconf 90' lang='grc' dir='ltr'><strong>τίς</strong></span> 
     </span>
    </p>
   </div>
   <div class='ocr_carea' id='block_1_52' title="bbox 2119 2304 3770 2389">
    <p class='ocr_par' dir='ltr' id='par_1_52' title="bbox 2119 2304 3770 2389">
     <span class='ocr_line' id='line_1_54' title="bbox 2119 2304 3770 2389; baseline 0.007 -28"><span class='ocrx_word' id='word_1_403' title='bbox 2119 2304 2395 2364; x_wconf 82' lang='grc' dir='ltr'>ἐπίστευσε</span> <span class='ocrx_word' id='word_1_404' title='bbox 2421 2313 2491 2383; x_wconf 94' lang='grc' dir='ltr'><strong>τῇ</strong></span> <span class='ocrx_word' id='word_1_405' title='bbox 2521 2309 2660 2384; x_wconf 83' lang='grc' dir='ltr'>ἀκοῇ</span> <span class='ocrx_word' id='word_1_406' title='bbox 2691 2312 2848 2384; x_wconf 73' lang='grc' dir='ltr'>ἡμῶν</span> <span class='ocrx_word' id='word_1_407' title='bbox 2879 2329 2892 2380; x_wconf 91' lang='lat'><strong>;</strong></span> <span class='ocrx_word' id='word_1_408' title='bbox 2925 2311 3012 2366; x_wconf 87' lang='grc' dir='ltr'><strong>καὶ</strong></span> <span class='ocrx_word' id='word_1_409' title='bbox 3041 2312 3069 2366; x_wconf 87' lang='lat'><strong>6</strong></span> <span class='ocrx_word' id='word_1_410' title='bbox 3117 2311 3363 2389; x_wconf 87' lang='grc' dir='ltr'>βραχίων</span> <span class='ocrx_word' id='word_1_411' title='bbox 3413 2320 3612 2388; x_wconf 81' lang='grc' dir='ltr'>Κυρίου</span> <span class='ocrx_word' id='word_1_412' title='bbox 3663 2315 3770 2372; x_wconf 91' lang='grc' dir='ltr'>τίνι</span> 
     </span>
    </p>
   </div>
   <div class='ocr_carea' id='block_1_53' title="bbox 2117 2395 3770 2478">
    <p class='ocr_par' dir='ltr' id='par_1_53' title="bbox 2117 2395 3770 2478">
     <span class='ocr_line' id='line_1_55' title="bbox 2117 2395 3770 2478; baseline 0.007 -28"><span class='ocrx_word' id='word_1_413' title='bbox 2117 2395 2513 2474; x_wconf 78' lang='grc' dir='ltr'>ἆπεκαλύφθη;</span> <span class='ocrx_word' id='word_1_414' title='bbox 2571 2423 2593 2450; x_wconf 79' lang='grc' dir='ltr'><strong>ιι</strong></span> <span class='ocrx_word' id='word_1_415' title='bbox 2650 2399 2713 2454; x_wconf 82' lang='grc' dir='ltr'>Εἰ</span> <span class='ocrx_word' id='word_1_416' title='bbox 2761 2401 2888 2475; x_wconf 79' lang='grc' dir='ltr'>γὰρ,</span> <span class='ocrx_word' id='word_1_417' title='bbox 2928 2400 3019 2455; x_wconf 68' lang='grc' dir='ltr'>’ίνα</span> <span class='ocrx_word' id='word_1_418' title='bbox 3064 2401 3092 2456; x_wconf 86' lang='lat'><strong>6</strong></span> <span class='ocrx_word' id='word_1_419' title='bbox 3143 2399 3310 2478; x_wconf 88' lang='grc' dir='ltr'>λόγος</span> <span class='ocrx_word' id='word_1_420' title='bbox 3364 2402 3589 2461; x_wconf 72' lang='grc' dir='ltr'>Ἠσαίου</span> <span class='ocrx_word' id='word_1_421' title='bbox 3620 2405 3770 2477; x_wconf 81' lang='grc' dir='ltr'>πλη·</span> 
     </span>
    </p>
   </div>
   <div class='ocr_carea' id='block_1_54' title="bbox 2119 2486 3769 2563">
    <p class='ocr_par' dir='ltr' id='par_1_54' title="bbox 2119 2486 3769 2563">
     <span class='ocr_line' id='line_1_56' title="bbox 2119 2486 3769 2563; baseline 0.007 -24"><span class='ocrx_word' id='word_1_422' title='bbox 2119 2489 2292 2560; x_wconf 88' lang='grc' dir='ltr'>ρωθῇ,</span> <span class='ocrx_word' id='word_1_423' title='bbox 2327 2486 2426 2541; x_wconf 83' lang='grc' dir='ltr'><strong>οὐκ</strong></span> <span class='ocrx_word' id='word_1_424' title='bbox 2456 2487 2731 2543; x_wconf 79' lang='grc' dir='ltr'>ἐπίστευον</span> <span class='ocrx_word' id='word_1_425' title='bbox 2763 2489 2812 2542; x_wconf 77' lang='grc' dir='ltr'>οἱ</span> <span class='ocrx_word' id='word_1_426' title='bbox 2845 2486 3122 2558; x_wconf 81' lang='grc' dir='ltr'>Ἰουδαῖοι,</span> <span class='ocrx_word' id='word_1_427' title='bbox 3161 2490 3262 2546; x_wconf 82' lang='grc' dir='ltr'><strong>οὐκ</strong></span> <span class='ocrx_word' id='word_1_428' title='bbox 3291 2491 3447 2547; x_wconf 79' lang='grc' dir='ltr'>αὐτοῖ</span> <span class='ocrx_word' id='word_1_429' title='bbox 3491 2500 3592 2563; x_wconf 83' lang='grc' dir='ltr'>τῆς</span> <span class='ocrx_word' id='word_1_430' title='bbox 3642 2494 3769 2550; x_wconf 81' lang='grc' dir='ltr'>ἀπι-</span> 
     </span>
    </p>
   </div>
   <div class='ocr_carea' id='block_1_55' title="bbox 2117 2574 3770 2652">
    <p class='ocr_par' dir='ltr' id='par_1_55' title="bbox 2117 2574 3770 2652">
     <span class='ocr_line' id='line_1_57' title="bbox 2117 2574 3770 2652; baseline 0.006 -24"><span class='ocrx_word' id='word_1_431' title='bbox 2117 2575 2264 2636; x_wconf 81' lang='grc' dir='ltr'>στίας</span> <span class='ocrx_word' id='word_1_432' title='bbox 2294 2574 2479 2648; x_wconf 64' lang='grc' dir='ltr'>αἴτιοι,</span> <span class='ocrx_word' id='word_1_433' title='bbox 2538 2575 2666 2631; x_wconf 84' lang='grc' dir='ltr'>ἀλλ’</span> <span class='ocrx_word' id='word_1_434' title='bbox 2709 2578 2737 2632; x_wconf 88' lang='lat'><strong>6</strong></span> <span class='ocrx_word' id='word_1_435' title='bbox 2780 2583 2946 2633; x_wconf 79' lang='grc' dir='ltr'>ταῦτα</span> <span class='ocrx_word' id='word_1_436' title='bbox 2996 2579 3251 2652; x_wconf 84' lang='grc' dir='ltr'>εἰρηκὼς,</span> <span class='ocrx_word' id='word_1_437' title='bbox 3296 2577 3364 2635; x_wconf 79' lang='grc' dir='ltr'><strong>δι’</strong></span> <span class='ocrx_word' id='word_1_438' title='bbox 3395 2579 3452 2636; x_wconf 78' lang='grc' dir='ltr'>ὅν</span> <span class='ocrx_word' id='word_1_439' title='bbox 3486 2583 3770 2639; x_wconf 81' lang='grc' dir='ltr'>καὶταῦτα</span> 
     </span>
    </p>
   </div>
   <div class='ocr_carea' id='block_1_56' title="bbox 2116 2663 3769 2748">
    <p class='ocr_par' dir='ltr' id='par_1_56' title="bbox 2116 2663 3769 2748">
     <span class='ocr_line' id='line_1_58' title="bbox 2116 2663 3769 2748; baseline 0.006 -30"><span class='ocrx_word' id='word_1_440' title='bbox 2116 2663 2497 2740; x_wconf 79' lang='grc' dir='ltr'>πεπλήρωται.</span> <span class='ocrx_word' id='word_1_441' title='bbox 2566 2669 2732 2742; x_wconf 71' lang='grc' dir='ltr'>’Δρον</span> <span class='ocrx_word' id='word_1_442' title='bbox 2811 2667 2934 2744; x_wconf 80' lang='grc' dir='ltr'>γὰρ,</span> <span class='ocrx_word' id='word_1_443' title='bbox 2988 2671 3240 2747; x_wconf 79' lang='grc' dir='ltr'>φήσουσι,</span> <span class='ocrx_word' id='word_1_444' title='bbox 3299 2671 3390 2726; x_wconf 90' lang='grc' dir='ltr'>τὸν</span> <span class='ocrx_word' id='word_1_445' title='bbox 3455 2669 3618 2748; x_wconf 91' lang='grc' dir='ltr'>λόγον</span> <span class='ocrx_word' id='word_1_446' title='bbox 3671 2677 3769 2728; x_wconf 76' lang='grc' dir='ltr'>τοῦ</span> 
     </span>
    </p>
   </div>
   <div class='ocr_carea' id='block_1_57' title="bbox 2116 2755 3768 2830">
    <p class='ocr_par' dir='ltr' id='par_1_57' title="bbox 2116 2755 3768 2830">
     <span class='ocr_line' id='line_1_59' title="bbox 2116 2755 3768 2830; baseline 0.005 -23"><span class='ocrx_word' id='word_1_447' title='bbox 2116 2756 2423 2830; x_wconf 84' lang='grc' dir='ltr'>προφήτου,</span> <span class='ocrx_word' id='word_1_448' title='bbox 2483 2755 2837 2823; x_wconf 18' lang='grc' dir='ltr'>καὶὴ-πάντως</span> <span class='ocrx_word' id='word_1_449' title='bbox 2884 2756 3076 2813; x_wconf 81' lang='grc' dir='ltr'>ἐκεῖνοι</span> <span class='ocrx_word' id='word_1_450' title='bbox 3130 2758 3525 2816; x_wconf 77' lang='grc' dir='ltr'>πιστεύσουσιν.</span> <span class='ocrx_word' id='word_1_451' title='bbox 3588 2760 3768 2816; x_wconf 77' lang='grc' dir='ltr'>Ἀλλὰ</span> 
     </span>
    </p>
   </div>
   <div class='ocr_carea' id='block_1_58' title="bbox 2115 2843 3765 2917">
    <p class='ocr_par' dir='ltr' id='par_1_58' title="bbox 2115 2843 3765 2917">
     <span class='ocr_line' id='line_1_60' title="bbox 2115 2843 3765 2917; baseline 0.004 -21"><span class='ocrx_word' id='word_1_452' title='bbox 2115 2846 2280 2898; x_wconf 77' lang='grc' dir='ltr'>ταῦτα</span> <span class='ocrx_word' id='word_1_453' title='bbox 2309 2844 2398 2898; x_wconf 83' lang='grc' dir='ltr'><strong>καὶ</strong></span> <span class='ocrx_word' id='word_1_454' title='bbox 2431 2846 2464 2914; x_wconf 81' lang='grc' dir='ltr'>ἡ</span> <span class='ocrx_word' id='word_1_455' title='bbox 2497 2845 2721 2916; x_wconf 78' lang='grc' dir='ltr'>τοιαύτη</span> <span class='ocrx_word' id='word_1_456' title='bbox 2753 2843 2961 2901; x_wconf 83' lang='grc' dir='ltr'>διάνοια</span> <span class='ocrx_word' id='word_1_457' title='bbox 2990 2844 3134 2902; x_wconf 82' lang='grc' dir='ltr'>πολὺ</span> <span class='ocrx_word' id='word_1_458' title='bbox 3162 2855 3264 2916; x_wconf 85' lang='grc' dir='ltr'>τῆς</span> <span class='ocrx_word' id='word_1_459' title='bbox 3311 2845 3569 2917; x_wconf 79' lang='grc' dir='ltr'>ἀληθείας</span> <span class='ocrx_word' id='word_1_460' title='bbox 3630 2849 3765 2903; x_wconf 80' lang='grc' dir='ltr'>ἀπο-</span> 
     </span>
    </p>
   </div>
   <div class='ocr_carea' id='block_1_59' title="bbox 2117 2929 3765 3011">
    <p class='ocr_par' dir='ltr' id='par_1_59' title="bbox 2117 2929 3765 3011">
     <span class='ocr_line' id='line_1_61' title="bbox 2117 2929 3765 3011; baseline 0.003 -25"><span class='ocrx_word' id='word_1_461' title='bbox 2117 2929 2221 2988; x_wconf 77' lang='grc' dir='ltr'>δὲει</span> <span class='ocrx_word' id='word_1_462' title='bbox 2275 2936 2408 3006; x_wconf 79' lang='grc'>(43)·</span> <span class='ocrx_word' id='word_1_463' title='bbox 2464 2934 2586 2988; x_wconf 75' lang='grc' dir='ltr'>οὕτε</span> <span class='ocrx_word' id='word_1_464' title='bbox 2632 2935 2735 3009; x_wconf 82' lang='grc' dir='ltr'><strong>γὰρ</strong></span> <span class='ocrx_word' id='word_1_465' title='bbox 2785 2935 2813 2988; x_wconf 86' lang='grc' dir='ltr'>ὁ</span> <span class='ocrx_word' id='word_1_466' title='bbox 2849 2937 3138 3011; x_wconf 75' lang='grc' dir='ltr'>προφήτης</span> <span class='ocrx_word' id='word_1_467' title='bbox 3171 2932 3341 2996; x_wconf 59' lang='grc' dir='ltr'>αἶίειος</span> <span class='ocrx_word' id='word_1_468' title='bbox 3369 2935 3610 3006; x_wconf 82' lang='grc' dir='ltr'>τούτοις,</span> <span class='ocrx_word' id='word_1_469' title='bbox 3643 2933 3765 2992; x_wconf 75' lang='grc' dir='ltr'>οὕτε</span> 
     </span>
    </p>
   </div>
   <div class='ocr_carea' id='block_1_60' title="bbox 2114 3021 3764 3100">
    <p class='ocr_par' dir='ltr' id='par_1_60' title="bbox 2114 3021 3764 3100">
     <span class='ocr_line' id='line_1_62' title="bbox 2114 3021 3764 3100; baseline 0.002 -23"><span class='ocrx_word' id='word_1_470' title='bbox 2114 3023 2166 3078; x_wconf 77' lang='grc' dir='ltr'><strong>οἱ</strong></span> <span class='ocrx_word' id='word_1_471' title='bbox 2199 3021 2454 3078; x_wconf 86' lang='grc' dir='ltr'>Ἰουδαῖοι</span> <span class='ocrx_word' id='word_1_472' title='bbox 2499 3031 2599 3094; x_wconf 77' lang='grc' dir='ltr'>τῆς</span> <span class='ocrx_word' id='word_1_473' title='bbox 2649 3021 2897 3084; x_wconf 85' lang='grc' dir='ltr'>ἀπιστίας</span> <span class='ocrx_word' id='word_1_474' title='bbox 2944 3024 3144 3078; x_wconf 74' lang='grc' dir='ltr'>ἑαυτῶν</span> <span class='ocrx_word' id='word_1_475' title='bbox 3194 3025 3423 3080; x_wconf 81' lang='grc' dir='ltr'>ἀναίτιοι</span> <span class='ocrx_word' id='word_1_476' title='bbox 3454 3025 3764 3100; x_wconf 84' lang='grc' dir='ltr'>τυγχάνου-</span> 
     </span>
    </p>
   </div>
   <div class='ocr_carea' id='block_1_61' title="bbox 2111 3108 3760 3189">
    <p class='ocr_par' dir='ltr' id='par_1_61' title="bbox 2111 3108 3760 3189">
     <span class='ocr_line' id='line_1_63' title="bbox 2111 3108 3760 3189; baseline 0.002 -23"><span class='ocrx_word' id='word_1_477' title='bbox 2111 3130 2213 3166; x_wconf 90' lang='grc' dir='ltr'>σιν·</span> <span class='ocrx_word' id='word_1_478' title='bbox 2267 3110 2392 3167; x_wconf 84' lang='grc' dir='ltr'>ἀλλ’</span> <span class='ocrx_word' id='word_1_479' title='bbox 2455 3113 2482 3166; x_wconf 91' lang='grc' dir='ltr'>ὁ</span> <span class='ocrx_word' id='word_1_480' title='bbox 2536 3113 2630 3185; x_wconf 78' lang='grc' dir='ltr'>μὶν</span> <span class='ocrx_word' id='word_1_481' title='bbox 2668 3114 2982 3189; x_wconf 80' lang='grc' dir='ltr'>προφήτης,</span> <span class='ocrx_word' id='word_1_482' title='bbox 3027 3108 3355 3186; x_wconf 72' lang='grc' dir='ltr'>προϐλέπων</span> <span class='ocrx_word' id='word_1_483' title='bbox 3405 3115 3436 3168; x_wconf 78' lang='grc' dir='ltr'>ἃ</span> <span class='ocrx_word' id='word_1_484' title='bbox 3495 3111 3760 3186; x_wconf 82' lang='grc' dir='ltr'>μέλλουσι</span> 
     </span>
    </p>
   </div>
   <div class='ocr_carea' id='block_1_62' title="bbox 353 3199 1999 3279">
    <p class='ocr_par' dir='ltr' id='par_1_62' title="bbox 353 3199 1999 3278">
     <span class='ocr_line' id='line_1_64' title="bbox 353 3199 1999 3278; baseline -0.005 -15"><span class='ocrx_word' id='word_1_485' title='bbox 353 3210 654 3278; x_wconf 89' lang='lat' dir='ltr'><strong>petrantes</strong></span> <span class='ocrx_word' id='word_1_486' title='bbox 683 3247 698 3271; x_wconf 96' lang='lat'><strong>,</strong></span> <span class='ocrx_word' id='word_1_487' title='bbox 756 3203 1202 3259; x_wconf 87' lang='lat' dir='ltr'><strong>declaraverunt</strong></span> <span class='ocrx_word' id='word_1_488' title='bbox 1230 3217 1428 3256; x_wconf 90' lang='lat' dir='ltr'><strong>verum</strong></span> <span class='ocrx_word' id='word_1_489' title='bbox 1485 3201 1668 3255; x_wconf 80' lang='lat' dir='ltr'><strong>fuisse</strong></span> <span class='ocrx_word' id='word_1_490' title='bbox 1707 3199 1999 3270; x_wconf 87' lang='lat' dir='ltr'><strong>propheta</strong></span> 
     </span>
    </p>
   </div>
   <div class='ocr_carea' id='block_1_63' title="bbox 2113 3199 3761 3279">
    <p class='ocr_par' dir='ltr' id='par_1_63' title="bbox 2113 3199 3761 3279">
     <span class='ocr_line' id='line_1_65' title="bbox 2113 3199 3761 3279; baseline 0.002 -25"><span class='ocrx_word' id='word_1_491' title='bbox 2113 3200 2381 3274; x_wconf 82' lang='grc' dir='ltr'>πράττειν,</span> <span class='ocrx_word' id='word_1_492' title='bbox 2431 3199 2784 3277; x_wconf 81' lang='grc' dir='ltr'>ἀπήγγειλεν·</span> <span class='ocrx_word' id='word_1_493' title='bbox 2838 3200 2990 3256; x_wconf 81' lang='grc' dir='ltr'>αὐτοὶ</span> <span class='ocrx_word' id='word_1_494' title='bbox 3051 3199 3107 3256; x_wconf 78' lang='grc' dir='ltr'><strong>δὲ</strong></span> <span class='ocrx_word' id='word_1_495' title='bbox 3166 3203 3301 3274; x_wconf 73' lang='grc' dir='ltr'>μετὰ</span> <span class='ocrx_word' id='word_1_496' title='bbox 3364 3207 3531 3257; x_wconf 77' lang='grc' dir='ltr'>ταῦτα</span> <span class='ocrx_word' id='word_1_497' title='bbox 3587 3204 3761 3279; x_wconf 82' lang='grc' dir='ltr'>πράτ-</span> 
     </span>
    </p>
   </div>
   <div class='ocr_carea' id='block_1_64' title="bbox 350 3311 748 3353">
    <p class='ocr_par' dir='ltr' id='par_1_64' title="bbox 350 3311 748 3353">
     <span class='ocr_line' id='line_1_66' title="bbox 350 3311 748 3353; baseline -0.008 0"><span class='ocrx_word' id='word_1_498' title='bbox 350 3311 684 3353; x_wconf 86' lang='lat' dir='ltr'><strong>sermonem</strong></span> <span class='ocrx_word' id='word_1_499' title='bbox 735 3311 748 3350; x_wconf 75' lang='grc' dir='ltr'>ἒ</span> 
     </span>
    </p>
   </div>
   <div class='ocr_carea' id='block_1_65' title="bbox 351 3377 2000 3449">
    <p class='ocr_par' dir='ltr' id='par_1_65' title="bbox 351 3377 2000 3449">
     <span class='ocr_line' id='line_1_67' title="bbox 351 3377 2000 3449; baseline -0.005 -9"><span class='ocrx_word' id='word_1_500' title='bbox 351 3384 776 3449; x_wconf 87' lang='lat' dir='ltr'><strong>ministrarent,</strong></span> <span class='ocrx_word' id='word_1_501' title='bbox 811 3382 928 3438; x_wconf 79' lang='lat' dir='ltr'><strong>hac</strong></span> <span class='ocrx_word' id='word_1_502' title='bbox 959 3385 1160 3436; x_wconf 87' lang='lat' dir='ltr'><strong>contra</strong></span> <span class='ocrx_word' id='word_1_503' title='bbox 1189 3379 1488 3433; x_wconf 87' lang='lat' dir='ltr'><strong>Christum</strong></span> <span class='ocrx_word' id='word_1_504' title='bbox 1522 3382 1661 3433; x_wconf 88' lang='lat' dir='ltr'><strong>sunt</strong></span> <span class='ocrx_word' id='word_1_505' title='bbox 1690 3377 1852 3444; x_wconf 86' lang='lat' dir='ltr'><strong>ausi;</strong></span> <span class='ocrx_word' id='word_1_506' title='bbox 1900 3377 2000 3432; x_wconf 85' lang='lat' dir='ltr'><strong>sed</strong></span> 
     </span>
    </p>
   </div>
   <div class='ocr_carea' id='block_1_66' title="bbox 352 3469 1997 3548">
    <p class='ocr_par' dir='ltr' id='par_1_66' title="bbox 352 3469 1997 3548">
     <span class='ocr_line' id='line_1_68' title="bbox 352 3469 1997 3548; baseline -0.005 -15"><span class='ocrx_word' id='word_1_507' title='bbox 352 3493 463 3533; x_wconf 89' lang='lat' dir='ltr'><strong>sua</strong></span> <span class='ocrx_word' id='word_1_508' title='bbox 493 3479 933 3548; x_wconf 88' lang='lat' dir='ltr'><strong>sponte,suopte</strong></span> <span class='ocrx_word' id='word_1_509' title='bbox 965 3471 1260 3543; x_wconf 89' lang='lat' dir='ltr'><strong>proposito</strong></span> <span class='ocrx_word' id='word_1_510' title='bbox 1291 3486 1357 3526; x_wconf 89' lang='lat' dir='ltr'><strong>eo</strong></span> <span class='ocrx_word' id='word_1_511' title='bbox 1390 3470 1646 3525; x_wconf 83' lang='lat' dir='ltr'><strong>facinora</strong></span> <span class='ocrx_word' id='word_1_512' title='bbox 1675 3469 1997 3524; x_wconf 87' lang='lat' dir='ltr'><strong>admisere:</strong></span> 
     </span>
    </p>
   </div>
   <div class='ocr_carea' id='block_1_67' title="bbox 350 3557 1994 3634">
    <p class='ocr_par' dir='ltr' id='par_1_67' title="bbox 350 3557 1994 3634">
     <span class='ocr_line' id='line_1_69' title="bbox 350 3557 1994 3634; baseline -0.005 -13"><span class='ocrx_word' id='word_1_513' title='bbox 350 3564 432 3621; x_wconf 88' lang='lat' dir='ltr'><strong>ita</strong></span> <span class='ocrx_word' id='word_1_514' title='bbox 463 3569 529 3620; x_wconf 91' lang='lat' dir='ltr'><strong>ut</strong></span> <span class='ocrx_word' id='word_1_515' title='bbox 558 3577 928 3634; x_wconf 88' lang='lat' dir='ltr'><strong>nequaquam</strong></span> <span class='ocrx_word' id='word_1_516' title='bbox 960 3559 1077 3616; x_wconf 91' lang='lat' dir='ltr'><strong>illis</strong></span> <span class='ocrx_word' id='word_1_517' title='bbox 1109 3560 1166 3614; x_wconf 92' lang='lat' dir='ltr'><strong>in</strong></span> <span class='ocrx_word' id='word_1_518' title='bbox 1198 3576 1374 3615; x_wconf 89' lang='lat' dir='ltr'><strong>causa</strong></span> <span class='ocrx_word' id='word_1_519' title='bbox 1396 3559 1570 3614; x_wconf 76' lang='lat' dir='ltr'><strong>fuerit</strong></span> <span class='ocrx_word' id='word_1_520' title='bbox 1588 3557 1994 3630; x_wconf 84' lang='lat' dir='ltr'><strong>prepheta,sed</strong></span> 
     </span>
    </p>
   </div>
   <div class='ocr_carea' id='block_1_68' title="bbox 352 3645 1996 3725">
    <p class='ocr_par' dir='ltr' id='par_1_68' title="bbox 352 3645 1996 3725">
     <span class='ocr_line' id='line_1_70' title="bbox 352 3645 1996 3725; baseline -0.007 -14"><span class='ocrx_word' id='word_1_521' title='bbox 352 3671 462 3711; x_wconf 85' lang='lat' dir='ltr'><strong>sua</strong></span> <span class='ocrx_word' id='word_1_522' title='bbox 491 3654 757 3725; x_wconf 88' lang='lat' dir='ltr'><strong>ipsorum</strong></span> <span class='ocrx_word' id='word_1_523' title='bbox 786 3649 1076 3716; x_wconf 91' lang='lat' dir='ltr'><strong>voluntas;</strong></span> <span class='ocrx_word' id='word_1_524' title='bbox 1103 3650 1218 3704; x_wconf 91' lang='lat' dir='ltr'><strong>imo</strong></span> <span class='ocrx_word' id='word_1_525' title='bbox 1243 3648 1354 3720; x_wconf 87' lang='lat' dir='ltr'><strong>ipsi</strong></span> <span class='ocrx_word' id='word_1_526' title='bbox 1387 3647 1580 3720; x_wconf 87' lang='lat' dir='ltr'><strong>potius</strong></span> <span class='ocrx_word' id='word_1_527' title='bbox 1613 3645 1906 3719; x_wconf 86' lang='lat' dir='ltr'><strong>propheta</strong></span> <span class='ocrx_word' id='word_1_528' title='bbox 1939 3647 1996 3701; x_wconf 90' lang='lat' dir='ltr'><strong>in</strong></span> 
     </span>
    </p>
   </div>
   <div class='ocr_carea' id='block_1_69' title="bbox 352 3737 1994 3810">
    <p class='ocr_par' dir='ltr' id='par_1_69' title="bbox 352 3737 1994 3810">
     <span class='ocr_line' id='line_1_71' title="bbox 352 3737 1994 3810; baseline -0.005 -10"><span class='ocrx_word' id='word_1_529' title='bbox 352 3760 532 3801; x_wconf 81' lang='lat' dir='ltr'><strong>causa</strong></span> <span class='ocrx_word' id='word_1_530' title='bbox 565 3743 821 3810; x_wconf 86' lang='lat' dir='ltr'><strong>fuerunt,</strong></span> <span class='ocrx_word' id='word_1_531' title='bbox 846 3745 910 3796; x_wconf 90' lang='lat' dir='ltr'><strong>ut</strong></span> <span class='ocrx_word' id='word_1_532' title='bbox 934 3737 1074 3794; x_wconf 87' lang='lat' dir='ltr'><strong>talia</strong></span> <span class='ocrx_word' id='word_1_533' title='bbox 1104 3738 1175 3793; x_wconf 90' lang='lat' dir='ltr'><strong>de</strong></span> <span class='ocrx_word' id='word_1_534' title='bbox 1203 3737 1348 3808; x_wconf 89' lang='lat' dir='ltr'><strong>ipsis</strong></span> <span class='ocrx_word' id='word_1_535' title='bbox 1381 3740 1816 3805; x_wconf 85' lang='lat' dir='ltr'><strong>pranuntiaret.</strong></span> <span class='ocrx_word' id='word_1_536' title='bbox 1849 3737 1994 3792; x_wconf 90' lang='lat' dir='ltr'><strong>Nam</strong></span> 
     </span>
    </p>
   </div>
   <div class='ocr_carea' id='block_1_70' title="bbox 349 3826 1996 3905">
    <p class='ocr_par' dir='ltr' id='par_1_70' title="bbox 349 3826 1996 3905">
     <span class='ocr_line' id='line_1_72' title="bbox 349 3826 1996 3905; baseline -0.004 -16"><span class='ocrx_word' id='word_1_537' title='bbox 349 3832 649 3905; x_wconf 88' lang='lat' dir='ltr'><strong>propheta</strong></span> <span class='ocrx_word' id='word_1_538' title='bbox 681 3830 918 3902; x_wconf 90' lang='lat' dir='ltr'><strong>quidem</strong></span> <span class='ocrx_word' id='word_1_539' title='bbox 952 3827 1252 3899; x_wconf 90' lang='lat' dir='ltr'><strong>proprium</strong></span> <span class='ocrx_word' id='word_1_540' title='bbox 1271 3832 1360 3882; x_wconf 90' lang='lat' dir='ltr'><strong>est</strong></span> <span class='ocrx_word' id='word_1_541' title='bbox 1377 3828 1570 3881; x_wconf 85' lang='lat' dir='ltr'><strong>futura</strong></span> <span class='ocrx_word' id='word_1_542' title='bbox 1585 3826 1996 3899; x_wconf 87' lang='lat' dir='ltr'><strong>videre,neque</strong></span> 
     </span>
    </p>
   </div>
   <div class='ocr_carea' id='block_1_71' title="bbox 347 3914 1995 3990">
    <p class='ocr_par' dir='ltr' id='par_1_71' title="bbox 347 3914 1995 3990">
     <span class='ocr_line' id='line_1_73' title="bbox 347 3914 1995 3990; baseline -0.004 -14"><span class='ocrx_word' id='word_1_543' title='bbox 347 3919 700 3978; x_wconf 89' lang='lat' dir='ltr'><strong>hallucinari</strong></span> <span class='ocrx_word' id='word_1_544' title='bbox 721 3935 734 3975; x_wconf 86' lang='lat'><strong>:</strong></span> <span class='ocrx_word' id='word_1_545' title='bbox 755 3934 998 3990; x_wconf 89' lang='lat' dir='ltr'><strong>operum</strong></span> <span class='ocrx_word' id='word_1_546' title='bbox 1030 3921 1222 3972; x_wconf 86' lang='lat' dir='ltr'><strong>autem</strong></span> <span class='ocrx_word' id='word_1_547' title='bbox 1255 3916 1504 3986; x_wconf 85' lang='lat' dir='ltr'><strong>quisque</strong></span> <span class='ocrx_word' id='word_1_548' title='bbox 1535 3931 1777 3970; x_wconf 88' lang='lat' dir='ltr'><strong>suorum</strong></span> <span class='ocrx_word' id='word_1_549' title='bbox 1797 3914 1995 3969; x_wconf 89' lang='lat' dir='ltr'><strong>volun-</strong></span> 
     </span>
    </p>
   </div>
   <div class='ocr_carea' id='block_1_72' title="bbox 342 4005 1994 4076">
    <p class='ocr_par' dir='ltr' id='par_1_72' title="bbox 342 4005 1994 4076">
     <span class='ocr_line' id='line_1_74' title="bbox 342 4005 1994 4076; baseline -0.005 -8"><span class='ocrx_word' id='word_1_550' title='bbox 342 4015 522 4068; x_wconf 85' lang='lat' dir='ltr'><strong>tatem</strong></span> <span class='ocrx_word' id='word_1_551' title='bbox 545 4024 782 4066; x_wconf 88' lang='lat' dir='ltr'><strong>causam</strong></span> <span class='ocrx_word' id='word_1_552' title='bbox 802 4006 1072 4062; x_wconf 88' lang='lat' dir='ltr'><strong>habet.Et</strong></span> <span class='ocrx_word' id='word_1_553' title='bbox 1092 4005 1586 4076; x_wconf 85' lang='lat' dir='ltr'><strong>quemadmodum</strong></span> <span class='ocrx_word' id='word_1_554' title='bbox 1617 4020 1742 4072; x_wconf 88' lang='lat' dir='ltr'><strong>nos,</strong></span> <span class='ocrx_word' id='word_1_555' title='bbox 1764 4021 1832 4059; x_wconf 90' lang='lat' dir='ltr'><strong>ea</strong></span> <span class='ocrx_word' id='word_1_556' title='bbox 1863 4020 1994 4076; x_wconf 82' lang='lat' dir='ltr'><strong>qua</strong></span> 
     </span>
    </p>
   </div>
   <div class='ocr_carea' id='block_1_73' title="bbox 342 4091 1988 4170">
    <p class='ocr_par' dir='ltr' id='par_1_73' title="bbox 342 4091 1988 4170">
     <span class='ocr_line' id='line_1_75' title="bbox 342 4091 1988 4170; baseline -0.004 -15"><span class='ocrx_word' id='word_1_557' title='bbox 342 4099 402 4154; x_wconf 91' lang='lat' dir='ltr'><strong>in</strong></span> <span class='ocrx_word' id='word_1_558' title='bbox 433 4101 746 4170; x_wconf 87' lang='lat' dir='ltr'><strong>conspectu</strong></span> <span class='ocrx_word' id='word_1_559' title='bbox 779 4099 918 4152; x_wconf 91' lang='lat' dir='ltr'><strong>sunt</strong></span> <span class='ocrx_word' id='word_1_560' title='bbox 948 4094 1227 4164; x_wconf 84' lang='lat' dir='ltr'><strong>videntes,</strong></span> <span class='ocrx_word' id='word_1_561' title='bbox 1279 4109 1649 4164; x_wconf 87' lang='lat' dir='ltr'><strong>nequaquam</strong></span> <span class='ocrx_word' id='word_1_562' title='bbox 1709 4091 1988 4162; x_wconf 80' lang='lat' dir='ltr'><strong>fallimur,</strong></span> 
     </span>
    </p>
   </div>
   <div class='ocr_carea' id='block_1_74' title="bbox 343 4182 1989 4258">
    <p class='ocr_par' dir='ltr' id='par_1_74' title="bbox 343 4182 1989 4258">
     <span class='ocr_line' id='line_1_76' title="bbox 343 4182 1989 4258; baseline -0.004 -14"><span class='ocrx_word' id='word_1_563' title='bbox 343 4203 528 4258; x_wconf 91' lang='lat' dir='ltr'><strong>neque</strong></span> <span class='ocrx_word' id='word_1_564' title='bbox 582 4203 689 4242; x_wconf 85' lang='lat' dir='ltr'><strong>nos</strong></span> <span class='ocrx_word' id='word_1_565' title='bbox 747 4184 862 4241; x_wconf 87' lang='lat' dir='ltr'><strong>alio</strong></span> <span class='ocrx_word' id='word_1_566' title='bbox 893 4184 1068 4240; x_wconf 90' lang='lat' dir='ltr'><strong>modo</strong></span> <span class='ocrx_word' id='word_1_567' title='bbox 1099 4183 1362 4239; x_wconf 89' lang='lat' dir='ltr'><strong>videmus</strong></span> <span class='ocrx_word' id='word_1_568' title='bbox 1393 4198 1568 4253; x_wconf 90' lang='lat' dir='ltr'><strong>quam</strong></span> <span class='ocrx_word' id='word_1_569' title='bbox 1607 4182 1765 4251; x_wconf 83' lang='lat' dir='ltr'><strong>ﬁant,</strong></span> <span class='ocrx_word' id='word_1_570' title='bbox 1801 4197 1989 4254; x_wconf 90' lang='lat' dir='ltr'><strong>neque</strong></span> 
     </span>
    </p>
   </div>
   <div class='ocr_carea' id='block_1_75' title="bbox 342 4271 1986 4346">
    <p class='ocr_par' dir='ltr' id='par_1_75' title="bbox 342 4271 1986 4346">
     <span class='ocr_line' id='line_1_77' title="bbox 342 4271 1986 4346; baseline -0.003 -13"><span class='ocrx_word' id='word_1_571' title='bbox 342 4276 454 4333; x_wconf 88' lang='lat' dir='ltr'><strong>alio</strong></span> <span class='ocrx_word' id='word_1_572' title='bbox 477 4277 652 4332; x_wconf 92' lang='lat' dir='ltr'><strong>modo</strong></span> <span class='ocrx_word' id='word_1_573' title='bbox 674 4275 844 4340; x_wconf 85' lang='lat' dir='ltr'><strong>ﬁunt,</strong></span> <span class='ocrx_word' id='word_1_574' title='bbox 865 4289 1055 4346; x_wconf 87' lang='lat' dir='ltr'><strong>quam</strong></span> <span class='ocrx_word' id='word_1_575' title='bbox 1087 4289 1195 4328; x_wconf 89' lang='lat' dir='ltr'><strong>nos</strong></span> <span class='ocrx_word' id='word_1_576' title='bbox 1215 4271 1553 4339; x_wconf 87' lang='lat' dir='ltr'><strong>videamus;</strong></span> <span class='ocrx_word' id='word_1_577' title='bbox 1585 4272 1683 4327; x_wconf 87' lang='lat' dir='ltr'><strong>sed</strong></span> <span class='ocrx_word' id='word_1_578' title='bbox 1719 4275 1784 4326; x_wconf 90' lang='lat' dir='ltr'><strong>ut</strong></span> <span class='ocrx_word' id='word_1_579' title='bbox 1814 4272 1986 4338; x_wconf 79' lang='lat' dir='ltr'><strong>fiunt,</strong></span> 
     </span>
    </p>
   </div>
   <div class='ocr_carea' id='block_1_76' title="bbox 339 4361 1986 4433">
    <p class='ocr_par' dir='ltr' id='par_1_76' title="bbox 339 4361 1986 4433">
     <span class='ocr_line' id='line_1_78' title="bbox 339 4361 1986 4433; baseline -0.002 -13"><span class='ocrx_word' id='word_1_580' title='bbox 339 4366 630 4433; x_wconf 90' lang='lat' dir='ltr'><strong>videmus,</strong></span> <span class='ocrx_word' id='word_1_581' title='bbox 689 4369 748 4420; x_wconf 86' lang='lat' dir='ltr'><strong>et</strong></span> <span class='ocrx_word' id='word_1_582' title='bbox 800 4369 864 4419; x_wconf 90' lang='lat' dir='ltr'><strong>ut</strong></span> <span class='ocrx_word' id='word_1_583' title='bbox 916 4363 1188 4418; x_wconf 90' lang='lat' dir='ltr'><strong>videmus</strong></span> <span class='ocrx_word' id='word_1_584' title='bbox 1245 4361 1425 4427; x_wconf 79' lang='lat' dir='ltr'><strong>fiunt,</strong></span> <span class='ocrx_word' id='word_1_585' title='bbox 1457 4376 1524 4416; x_wconf 89' lang='lat' dir='ltr'><strong>eo</strong></span> <span class='ocrx_word' id='word_1_586' title='bbox 1551 4376 1783 4432; x_wconf 91' lang='lat' dir='ltr'><strong>quoque</strong></span> <span class='ocrx_word' id='word_1_587' title='bbox 1815 4362 1986 4417; x_wconf 91' lang='lat' dir='ltr'><strong>modo</strong></span> 
     </span>
    </p>
   </div>
   <div class='ocr_carea' id='block_1_77' title="bbox 339 4450 1983 4528">
    <p class='ocr_par' dir='ltr' id='par_1_77' title="bbox 339 4450 1983 4528">
     <span class='ocr_line' id='line_1_79' title="bbox 339 4450 1983 4528; baseline -0.003 -17"><span class='ocrx_word' id='word_1_588' title='bbox 339 4455 634 4528; x_wconf 84' lang='lat' dir='ltr'><strong>prapheta</strong></span> <span class='ocrx_word' id='word_1_589' title='bbox 699 4454 895 4509; x_wconf 78' lang='lat' dir='ltr'><strong>futura</strong></span> <span class='ocrx_word' id='word_1_590' title='bbox 959 4456 1242 4522; x_wconf 84' lang='lat' dir='ltr'><strong>tanquam</strong></span> <span class='ocrx_word' id='word_1_591' title='bbox 1301 4450 1611 4521; x_wconf 81' lang='lat' dir='ltr'><strong>praesentia</strong></span> <span class='ocrx_word' id='word_1_592' title='bbox 1666 4450 1983 4506; x_wconf 86' lang='lat' dir='ltr'><strong>videbant:</strong></span> 
     </span>
    </p>
   </div>
   <div class='ocr_carea' id='block_1_78' title="bbox 337 4537 1982 4614">
    <p class='ocr_par' dir='ltr' id='par_1_78' title="bbox 337 4537 1982 4614">
     <span class='ocr_line' id='line_1_80' title="bbox 337 4537 1982 4614; baseline -0.004 -14"><span class='ocrx_word' id='word_1_593' title='bbox 337 4558 764 4614; x_wconf 89' lang='lat' dir='ltr'><strong>necessumque</strong></span> <span class='ocrx_word' id='word_1_594' title='bbox 815 4545 940 4597; x_wconf 86' lang='lat' dir='ltr'><strong>erat</strong></span> <span class='ocrx_word' id='word_1_595' title='bbox 972 4545 1036 4595; x_wconf 92' lang='lat' dir='ltr'><strong>ut</strong></span> <span class='ocrx_word' id='word_1_596' title='bbox 1067 4541 1275 4594; x_wconf 86' lang='lat' dir='ltr'><strong>ﬁerent</strong></span> <span class='ocrx_word' id='word_1_597' title='bbox 1304 4555 1371 4594; x_wconf 88' lang='lat' dir='ltr'><strong>ea</strong></span> <span class='ocrx_word' id='word_1_598' title='bbox 1400 4555 1527 4608; x_wconf 71' lang='lat' dir='ltr'><strong>qua</strong></span> <span class='ocrx_word' id='word_1_599' title='bbox 1558 4537 1670 4609; x_wconf 89' lang='lat' dir='ltr'><strong>ipsi</strong></span> <span class='ocrx_word' id='word_1_600' title='bbox 1699 4538 1982 4608; x_wconf 89' lang='lat' dir='ltr'><strong>viderent,</strong></span> 
     </span>
    </p>
   </div>
   <div class='ocr_carea' id='block_1_79' title="bbox 333 4625 2063 4715">
    <p class='ocr_par' dir='ltr' id='par_1_79' title="bbox 333 4625 2063 4715">
     <span class='ocr_line' id='line_1_81' title="bbox 333 4625 2063 4715; baseline -0.003 -27"><span class='ocrx_word' id='word_1_601' title='bbox 333 4636 390 4688; x_wconf 87' lang='lat' dir='ltr'><strong>et</strong></span> <span class='ocrx_word' id='word_1_602' title='bbox 420 4632 702 4699; x_wconf 89' lang='lat' dir='ltr'><strong>vicissim,</strong></span> <span class='ocrx_word' id='word_1_603' title='bbox 736 4635 802 4685; x_wconf 91' lang='lat' dir='ltr'><strong>ut</strong></span> <span class='ocrx_word' id='word_1_604' title='bbox 830 4629 1094 4684; x_wconf 90' lang='lat' dir='ltr'><strong>viderent</strong></span> <span class='ocrx_word' id='word_1_605' title='bbox 1123 4625 1232 4698; x_wconf 90' lang='lat' dir='ltr'><strong>ipsi</strong></span> <span class='ocrx_word' id='word_1_606' title='bbox 1267 4643 1393 4698; x_wconf 84' lang='lat' dir='ltr'><strong>qua</strong></span> <span class='ocrx_word' id='word_1_607' title='bbox 1427 4627 1625 4715; x_wconf 81' lang='lat' dir='ltr'><strong>futura</strong></span> <span class='ocrx_word' id='word_1_608' title='bbox 1655 4631 1871 4682; x_wconf 87' lang='lat' dir='ltr'><strong>essent.</strong></span> <span class='ocrx_word' id='word_1_609' title='bbox 1917 4628 1987 4683; x_wconf 82' lang='lat' dir='ltr'><strong>Et</strong></span> <span class='ocrx_word' id='word_1_610' title='bbox 2017 4650 2063 4715; x_wconf 69' lang='grc' dir='ltr'><strong>Β</strong></span> 
     </span>
    </p>
   </div>
   <div class='ocr_carea' id='block_1_80' title="bbox 332 4713 1984 4790">
    <p class='ocr_par' dir='ltr' id='par_1_80' title="bbox 332 4713 1984 4790">
     <span class='ocr_line' id='line_1_82' title="bbox 332 4713 1984 4790; baseline -0.004 -13"><span class='ocrx_word' id='word_1_611' title='bbox 332 4735 594 4788; x_wconf 89' lang='lat' dir='ltr'><strong>rursum,</strong></span> <span class='ocrx_word' id='word_1_612' title='bbox 653 4717 1152 4790; x_wconf 88' lang='lat' dir='ltr'><strong>quemadmodum</strong></span> <span class='ocrx_word' id='word_1_613' title='bbox 1184 4731 1310 4785; x_wconf 83' lang='lat' dir='ltr'><strong>qua</strong></span> <span class='ocrx_word' id='word_1_614' title='bbox 1343 4713 1530 4770; x_wconf 90' lang='lat' dir='ltr'><strong>oculis</strong></span> <span class='ocrx_word' id='word_1_615' title='bbox 1561 4715 1846 4784; x_wconf 86' lang='lat' dir='ltr'><strong>videmus,</strong></span> <span class='ocrx_word' id='word_1_616' title='bbox 1881 4732 1984 4772; x_wconf 89' lang='lat' dir='ltr'><strong>ne-</strong></span> 
     </span>
    </p>
   </div>
   <div class='ocr_carea' id='block_1_81' title="bbox 332 4803 1985 4880">
    <p class='ocr_par' dir='ltr' id='par_1_81' title="bbox 332 4803 1985 4880">
     <span class='ocr_line' id='line_1_83' title="bbox 332 4803 1985 4880; baseline -0.005 -12"><span class='ocrx_word' id='word_1_617' title='bbox 332 4825 494 4868; x_wconf 83' lang='lat' dir='ltr'><strong>cesse</strong></span> <span class='ocrx_word' id='word_1_618' title='bbox 525 4824 769 4880; x_wconf 88' lang='lat' dir='ltr'><strong>prorsus</strong></span> <span class='ocrx_word' id='word_1_619' title='bbox 798 4810 886 4861; x_wconf 88' lang='lat' dir='ltr'><strong>est</strong></span> <span class='ocrx_word' id='word_1_620' title='bbox 912 4809 976 4859; x_wconf 91' lang='lat' dir='ltr'><strong>ut</strong></span> <span class='ocrx_word' id='word_1_621' title='bbox 996 4803 1266 4869; x_wconf 75' lang='lat' dir='ltr'><strong>existant,</strong></span> <span class='ocrx_word' id='word_1_622' title='bbox 1303 4820 1438 4858; x_wconf 89' lang='lat' dir='ltr'><strong>nam</strong></span> <span class='ocrx_word' id='word_1_623' title='bbox 1479 4820 1610 4874; x_wconf 79' lang='lat' dir='ltr'><strong>qua</strong></span> <span class='ocrx_word' id='word_1_624' title='bbox 1657 4809 1798 4860; x_wconf 90' lang='lat' dir='ltr'><strong>sunt</strong></span> <span class='ocrx_word' id='word_1_625' title='bbox 1829 4806 1985 4861; x_wconf 89' lang='lat' dir='ltr'><strong>vide-</strong></span> 
     </span>
    </p>
   </div>
   <div class='ocr_carea' id='block_1_82' title="bbox 331 4893 1984 4968">
    <p class='ocr_par' dir='ltr' id='par_1_82' title="bbox 331 4893 1984 4968">
     <span class='ocr_line' id='line_1_84' title="bbox 331 4893 1984 4968; baseline -0.003 -14"><span class='ocrx_word' id='word_1_626' title='bbox 331 4913 487 4964; x_wconf 91' lang='lat' dir='ltr'><strong>mus,</strong></span> <span class='ocrx_word' id='word_1_627' title='bbox 520 4912 711 4968; x_wconf 86' lang='lat' dir='ltr'><strong>neque</strong></span> <span class='ocrx_word' id='word_1_628' title='bbox 740 4894 854 4952; x_wconf 89' lang='lat' dir='ltr'><strong>alio</strong></span> <span class='ocrx_word' id='word_1_629' title='bbox 880 4897 1130 4965; x_wconf 87' lang='lat' dir='ltr'><strong>possunt</strong></span> <span class='ocrx_word' id='word_1_630' title='bbox 1159 4909 1288 4949; x_wconf 88' lang='lat' dir='ltr'><strong>esse</strong></span> <span class='ocrx_word' id='word_1_631' title='bbox 1321 4893 1493 4948; x_wconf 91' lang='lat' dir='ltr'><strong>modo</strong></span> <span class='ocrx_word' id='word_1_632' title='bbox 1525 4909 1701 4965; x_wconf 90' lang='lat' dir='ltr'><strong>quam</strong></span> <span class='ocrx_word' id='word_1_633' title='bbox 1734 4911 1843 4949; x_wconf 91' lang='lat' dir='ltr'><strong>nos</strong></span> <span class='ocrx_word' id='word_1_634' title='bbox 1898 4894 1984 4949; x_wconf 89' lang='lat' dir='ltr'><strong>vi-</strong></span> 
     </span>
    </p>
   </div>
   <div class='ocr_carea' id='block_1_83' title="bbox 330 4981 1988 5056">
    <p class='ocr_par' dir='ltr' id='par_1_83' title="bbox 330 4981 1988 5056">
     <span class='ocr_line' id='line_1_85' title="bbox 330 4981 1988 5056; baseline -0.002 -12"><span class='ocrx_word' id='word_1_635' title='bbox 330 4987 601 5056; x_wconf 85' lang='lat' dir='ltr'><strong>deamus;</strong></span> <span class='ocrx_word' id='word_1_636' title='bbox 635 4984 720 5042; x_wconf 90' lang='lat' dir='ltr'><strong>sic</strong></span> <span class='ocrx_word' id='word_1_637' title='bbox 744 4989 801 5041; x_wconf 87' lang='lat' dir='ltr'><strong>et</strong></span> <span class='ocrx_word' id='word_1_638' title='bbox 819 4999 948 5056; x_wconf 87' lang='lat' dir='ltr'><strong>qua</strong></span> <span class='ocrx_word' id='word_1_639' title='bbox 973 4982 1269 5054; x_wconf 79' lang='lat' dir='ltr'><strong>propheta</strong></span> <span class='ocrx_word' id='word_1_640' title='bbox 1289 4981 1988 5054; x_wconf 80' lang='lat' dir='ltr'><strong>prospiciebant,necesse</strong></span> 
     </span>
    </p>
   </div>
   <div class='ocr_carea' id='block_1_84' title="bbox 801 3278 1999 3367">
    <p class='ocr_par' dir='ltr' id='par_1_84' title="bbox 801 3288 1997 3363">
     <span class='ocr_line' id='line_1_86' title="bbox 801 3288 1997 3363; baseline -0.003 -15"><span class='ocrx_word' id='word_1_641' title='bbox 801 3309 907 3348; x_wconf 91' lang='lat' dir='ltr'><strong>nec</strong></span> <span class='ocrx_word' id='word_1_642' title='bbox 969 3291 1138 3363; x_wconf 89' lang='lat' dir='ltr'><strong>quasi</strong></span> <span class='ocrx_word' id='word_1_643' title='bbox 1208 3288 1562 3362; x_wconf 86' lang='lat' dir='ltr'><strong>propheticis</strong></span> <span class='ocrx_word' id='word_1_644' title='bbox 1628 3288 1997 3344; x_wconf 89' lang='lat' dir='ltr'><strong>sermonibus</strong></span> 
     </span>
    </p>
   </div>
   <div class='ocr_carea' id='block_1_85' title="bbox 2113 3278 3758 3367">
    <p class='ocr_par' dir='ltr' id='par_1_85' title="bbox 2113 3278 3758 3367">
     <span class='ocr_line' id='line_1_87' title="bbox 2113 3278 3758 3367; baseline 0.002 -23"><span class='ocrx_word' id='word_1_645' title='bbox 2113 3310 2312 3363; x_wconf 82' lang='grc' dir='ltr'>τοντες,</span> <span class='ocrx_word' id='word_1_646' title='bbox 2370 3288 2639 3345; x_wconf 70' lang='grc' dir='ltr'>ἐδείκνυον</span> <span class='ocrx_word' id='word_1_647' title='bbox 2696 3294 2792 3345; x_wconf 82' lang='grc' dir='ltr'><strong>τοῦ</strong></span> <span class='ocrx_word' id='word_1_648' title='bbox 2850 3291 3134 3367; x_wconf 64' lang='grc' dir='ltr'>προφήτιυ</span> <span class='ocrx_word' id='word_1_649' title='bbox 3190 3291 3279 3346; x_wconf 89' lang='grc' dir='ltr'>τὸν</span> <span class='ocrx_word' id='word_1_650' title='bbox 3331 3290 3497 3366; x_wconf 86' lang='grc' dir='ltr'>λόγον</span> <span class='ocrx_word' id='word_1_651' title='bbox 3551 3278 3758 3362; x_wconf 61' lang='grc' dir='ltr'>ἀληθῆ</span> 
     </span>
    </p>
   </div>
   <div class='ocr_carea' id='block_1_86' title="bbox 2109 3377 3757 3458">
    <p class='ocr_par' dir='ltr' id='par_1_86' title="bbox 2109 3377 3757 3458">
     <span class='ocr_line' id='line_1_88' title="bbox 2109 3377 3757 3458; baseline 0.002 -24"><span class='ocrx_word' id='word_1_652' title='bbox 2109 3379 2197 3434; x_wconf 82' lang='grc' dir='ltr'><strong>καί</strong></span> <span class='ocrx_word' id='word_1_653' title='bbox 2258 3381 2366 3456; x_wconf 81' lang='grc' dir='ltr'><strong>οὐχ</strong></span> <span class='ocrx_word' id='word_1_654' title='bbox 2420 3380 2495 3442; x_wconf 84' lang='grc' dir='ltr'>ὡς</span> <span class='ocrx_word' id='word_1_655' title='bbox 2556 3377 2926 3442; x_wconf 79' lang='grc' dir='ltr'>διακονοῦντες</span> <span class='ocrx_word' id='word_1_656' title='bbox 2999 3385 3119 3441; x_wconf 88' lang='grc' dir='ltr'>τοῖς</span> <span class='ocrx_word' id='word_1_657' title='bbox 3195 3386 3559 3458; x_wconf 84' lang='grc' dir='ltr'>προφητικοῖς</span> <span class='ocrx_word' id='word_1_658' title='bbox 3619 3384 3757 3454; x_wconf 89' lang='lat'><strong>(44),</strong></span> 
     </span>
    </p>
   </div>
   <div class='ocr_carea' id='block_1_87' title="bbox 2110 3466 3757 3546">
    <p class='ocr_par' dir='ltr' id='par_1_87' title="bbox 2110 3466 3757 3546">
     <span class='ocr_line' id='line_1_89' title="bbox 2110 3466 3757 3546; baseline 0.001 -22"><span class='ocrx_word' id='word_1_659' title='bbox 2110 3468 2359 3543; x_wconf 76' lang='grc' dir='ltr'>ἐτόλμων</span> <span class='ocrx_word' id='word_1_660' title='bbox 2427 3471 2563 3524; x_wconf 86' lang='grc' dir='ltr'><strong>κατὰ</strong></span> <span class='ocrx_word' id='word_1_661' title='bbox 2634 3474 2728 3524; x_wconf 76' lang='grc' dir='ltr'><strong>τοῦ</strong></span> <span class='ocrx_word' id='word_1_662' title='bbox 2789 3475 3072 3545; x_wconf 76' lang='grc' dir='ltr'>Σωτῆρος,</span> <span class='ocrx_word' id='word_1_663' title='bbox 3131 3466 3277 3523; x_wconf 80' lang='grc' dir='ltr'>ἀλλὰ</span> <span class='ocrx_word' id='word_1_664' title='bbox 3331 3473 3400 3542; x_wconf 88' lang='grc' dir='ltr'><strong>τῇ</strong></span> <span class='ocrx_word' id='word_1_665' title='bbox 3447 3471 3757 3546; x_wconf 68' lang='grc' dir='ltr'>προαιρέσει</span> 
     </span>
    </p>
   </div>
   <div class='ocr_carea' id='block_1_88' title="bbox 2110 3556 3754 3633">
    <p class='ocr_par' dir='ltr' id='par_1_88' title="bbox 2110 3556 3754 3633">
     <span class='ocr_line' id='line_1_90' title="bbox 2110 3556 3754 3633; baseline 0.001 -20"><span class='ocrx_word' id='word_1_666' title='bbox 2110 3557 2356 3622; x_wconf 87' lang='grc' dir='ltr'>θέλοντες</span> <span class='ocrx_word' id='word_1_667' title='bbox 2412 3557 2671 3630; x_wconf 81' lang='grc' dir='ltr'>ἔπραττον</span> <span class='ocrx_word' id='word_1_668' title='bbox 2730 3559 2797 3612; x_wconf 81' lang='grc' dir='ltr'>τὰ</span> <span class='ocrx_word' id='word_1_669' title='bbox 2851 3557 3160 3633; x_wconf 85' lang='grc' dir='ltr'>πράγματα·</span> <span class='ocrx_word' id='word_1_670' title='bbox 3223 3556 3359 3613; x_wconf 83' lang='grc' dir='ltr'>ὥστε</span> <span class='ocrx_word' id='word_1_671' title='bbox 3384 3558 3477 3614; x_wconf 88' lang='grc' dir='ltr'><strong>τὸν</strong></span> <span class='ocrx_word' id='word_1_672' title='bbox 3515 3560 3610 3632; x_wconf 75' lang='grc' dir='ltr'>μὲν</span> <span class='ocrx_word' id='word_1_673' title='bbox 3641 3561 3754 3632; x_wconf 84' lang='grc'>(45)</span> 
     </span>
    </p>
   </div>
   <div class='ocr_carea' id='block_1_89' title="bbox 2106 3643 3750 3724">
    <p class='ocr_par' dir='ltr' id='par_1_89' title="bbox 2106 3643 3750 3724">
     <span class='ocr_line' id='line_1_91' title="bbox 2106 3643 3750 3724; baseline 0.001 -23"><span class='ocrx_word' id='word_1_674' title='bbox 2106 3649 2398 3724; x_wconf 77' lang='grc' dir='ltr'>προφήτην</span> <span class='ocrx_word' id='word_1_675' title='bbox 2455 3648 2531 3719; x_wconf 81' lang='grc' dir='ltr'>μὴ</span> <span class='ocrx_word' id='word_1_676' title='bbox 2593 3643 2762 3700; x_wconf 53' lang='grc' dir='ltr'>αἴτιον</span> <span class='ocrx_word' id='word_1_677' title='bbox 2823 3644 3005 3707; x_wconf 87' lang='grc' dir='ltr'>αὐτοῖς</span> <span class='ocrx_word' id='word_1_678' title='bbox 3062 3651 3405 3720; x_wconf 86' lang='grc' dir='ltr'>γεγενῆσθαι,</span> <span class='ocrx_word' id='word_1_679' title='bbox 3463 3645 3608 3702; x_wconf 81' lang='grc' dir='ltr'>ἀλλὰ</span> <span class='ocrx_word' id='word_1_680' title='bbox 3653 3649 3750 3717; x_wconf 77' lang='grc' dir='ltr'>τὴν</span> 
     </span>
    </p>
   </div>
   <div class='ocr_carea' id='block_1_90' title="bbox 2105 3732 3754 3812">
    <p class='ocr_par' dir='ltr' id='par_1_90' title="bbox 2105 3732 3754 3812">
     <span class='ocr_line' id='line_1_92' title="bbox 2105 3732 3754 3812; baseline 0.001 -22"><span class='ocrx_word' id='word_1_681' title='bbox 2105 3735 2418 3812; x_wconf 89' lang='grc' dir='ltr'>προαίρεσιν</span> <span class='ocrx_word' id='word_1_682' title='bbox 2451 3734 2645 3789; x_wconf 65' lang='grc' dir='ltr'>αὐτῶνθ</span> <span class='ocrx_word' id='word_1_683' title='bbox 2681 3732 2874 3794; x_wconf 75' lang='grc' dir='ltr'>αὐτοὺς</span> <span class='ocrx_word' id='word_1_684' title='bbox 2905 3734 2962 3788; x_wconf 77' lang='grc' dir='ltr'><strong>δὲ</strong></span> <span class='ocrx_word' id='word_1_685' title='bbox 2996 3733 3208 3806; x_wconf 77' lang='grc' dir='ltr'>μᾶλλον</span> <span class='ocrx_word' id='word_1_686' title='bbox 3260 3733 3462 3798; x_wconf 86' lang='grc' dir='ltr'>αἰτίους</span> <span class='ocrx_word' id='word_1_687' title='bbox 3526 3743 3754 3811; x_wconf 81' lang='grc' dir='ltr'>γεγενῆ-</span> 
     </span>
    </p>
   </div>
   <div class='ocr_carea' id='block_1_91' title="bbox 2105 3821 3750 3900">
    <p class='ocr_par' dir='ltr' id='par_1_91' title="bbox 2105 3821 3750 3900">
     <span class='ocr_line' id='line_1_93' title="bbox 2105 3821 3750 3900; baseline 0.004 -24"><span class='ocrx_word' id='word_1_688' title='bbox 2105 3836 2223 3888; x_wconf 87' lang='grc' dir='ltr'>σθαι</span> <span class='ocrx_word' id='word_1_689' title='bbox 2257 3822 2338 3896; x_wconf 81' lang='grc' dir='ltr'>τῷ</span> <span class='ocrx_word' id='word_1_690' title='bbox 2369 3824 2624 3900; x_wconf 78' lang='grc' dir='ltr'>προφήτῃ</span> <span class='ocrx_word' id='word_1_691' title='bbox 2648 3826 2745 3878; x_wconf 80' lang='grc' dir='ltr'>τοῦ</span> <span class='ocrx_word' id='word_1_692' title='bbox 2775 3826 2940 3877; x_wconf 79' lang='grc' dir='ltr'>ταῦτα</span> <span class='ocrx_word' id='word_1_693' title='bbox 2981 3821 3138 3877; x_wconf 80' lang='grc' dir='ltr'>αὐτὸν</span> <span class='ocrx_word' id='word_1_694' title='bbox 3171 3824 3293 3898; x_wconf 84' lang='grc' dir='ltr'>περὶ</span> <span class='ocrx_word' id='word_1_695' title='bbox 3341 3824 3516 3879; x_wconf 86' lang='grc' dir='ltr'>αὐτῶν</span> <span class='ocrx_word' id='word_1_696' title='bbox 3565 3825 3750 3882; x_wconf 82' lang='grc' dir='ltr'>εἰπεῖν.</span> 
     </span>
    </p>
   </div>
   <div class='ocr_carea' id='block_1_92' title="bbox 2103 3909 3749 3988">
    <p class='ocr_par' dir='ltr' id='par_1_92' title="bbox 2103 3909 3749 3988">
     <span class='ocr_line' id='line_1_94' title="bbox 2103 3909 3749 3988; baseline 0.002 -21"><span class='ocrx_word' id='word_1_697' title='bbox 2103 3917 2207 3967; x_wconf 80' lang='grc' dir='ltr'>Υοῦ</span> <span class='ocrx_word' id='word_1_698' title='bbox 2243 3913 2336 3987; x_wconf 69' lang='grc' dir='ltr'>μὲν</span> <span class='ocrx_word' id='word_1_699' title='bbox 2369 3913 2472 3988; x_wconf 81' lang='grc' dir='ltr'>γὰρ</span> <span class='ocrx_word' id='word_1_700' title='bbox 2523 3914 2808 3988; x_wconf 81' lang='grc' dir='ltr'>προφήτου</span> <span class='ocrx_word' id='word_1_701' title='bbox 2841 3909 2978 3966; x_wconf 62' lang='grc' dir='ltr'>ἴδιόν</span> <span class='ocrx_word' id='word_1_702' title='bbox 3011 3911 3148 3966; x_wconf 79' lang='grc' dir='ltr'>ἐστιν</span> <span class='ocrx_word' id='word_1_703' title='bbox 3198 3911 3326 3985; x_wconf 74' lang='grc' dir='ltr'>όρᾷν</span> <span class='ocrx_word' id='word_1_704' title='bbox 3353 3914 3420 3968; x_wconf 83' lang='grc' dir='ltr'>τὰ</span> <span class='ocrx_word' id='word_1_705' title='bbox 3453 3911 3749 3986; x_wconf 76' lang='grc' dir='ltr'>μέλλοντα,</span> 
     </span>
    </p>
   </div>
   <div class='ocr_carea' id='block_1_93' title="bbox 2102 3997 3747 4080">
    <p class='ocr_par' dir='ltr' id='par_1_93' title="bbox 2102 3997 3747 4080">
     <span class='ocr_line' id='line_1_95' title="bbox 2102 3997 3747 4080; baseline 0.001 -24"><span class='ocrx_word' id='word_1_706' title='bbox 2102 4001 2191 4057; x_wconf 85' lang='grc' dir='ltr'><strong>καὶ</strong></span> <span class='ocrx_word' id='word_1_707' title='bbox 2251 4003 2327 4075; x_wconf 83' lang='grc' dir='ltr'>μή</span> <span class='ocrx_word' id='word_1_708' title='bbox 2389 3999 2743 4080; x_wconf 84' lang='grc' dir='ltr'>σφάλλεσθαι·</span> <span class='ocrx_word' id='word_1_709' title='bbox 2803 4005 2910 4056; x_wconf 88' lang='grc' dir='ltr'><strong>τῶν</strong></span> <span class='ocrx_word' id='word_1_710' title='bbox 2968 3997 3025 4056; x_wconf 71' lang='grc' dir='ltr'><strong>δὲ</strong></span> <span class='ocrx_word' id='word_1_711' title='bbox 3081 4000 3321 4075; x_wconf 76' lang='grc' dir='ltr'>πράξεων</span> <span class='ocrx_word' id='word_1_712' title='bbox 3376 3997 3599 4066; x_wconf 63' lang='grc' dir='ltr'>ἕκαστος</span> <span class='ocrx_word' id='word_1_713' title='bbox 3648 4005 3747 4072; x_wconf 80' lang='grc' dir='ltr'>τὴν</span> 
     </span>
    </p>
   </div>
   <div class='ocr_carea' id='block_1_94' title="bbox 2101 4087 3748 4166">
    <p class='ocr_par' dir='ltr' id='par_1_94' title="bbox 2101 4087 3748 4166">
     <span class='ocr_line' id='line_1_96' title="bbox 2101 4087 3748 4166; baseline 0.002 -22"><span class='ocrx_word' id='word_1_714' title='bbox 2101 4088 2240 4146; x_wconf 82' lang='grc' dir='ltr'>ἰδίαν</span> <span class='ocrx_word' id='word_1_715' title='bbox 2273 4090 2582 4166; x_wconf 87' lang='grc' dir='ltr'>προαίρεσιν</span> <span class='ocrx_word' id='word_1_716' title='bbox 2613 4088 2784 4145; x_wconf 73' lang='grc' dir='ltr'>αἰτίαν</span> <span class='ocrx_word' id='word_1_717' title='bbox 2819 4087 2956 4166; x_wconf 76' lang='grc' dir='ltr'>ἔχει.</span> <span class='ocrx_word' id='word_1_718' title='bbox 2992 4089 3087 4145; x_wconf 84' lang='grc' dir='ltr'><strong>Καὶ</strong></span> <span class='ocrx_word' id='word_1_719' title='bbox 3131 4089 3312 4166; x_wconf 85' lang='grc' dir='ltr'>ὥσπερ</span> <span class='ocrx_word' id='word_1_720' title='bbox 3361 4092 3524 4164; x_wconf 80' lang='grc' dir='ltr'>ἡμεῖς</span> <span class='ocrx_word' id='word_1_721' title='bbox 3579 4094 3646 4146; x_wconf 80' lang='grc' dir='ltr'>τὰ</span> <span class='ocrx_word' id='word_1_722' title='bbox 3697 4091 3748 4148; x_wconf 72' lang='grc' dir='ltr'><strong>έν</strong></span> 
     </span>
    </p>
   </div>
   <div class='ocr_carea' id='block_1_95' title="bbox 2101 4177 3752 4260">
    <p class='ocr_par' dir='ltr' id='par_1_95' title="bbox 2101 4177 3752 4260">
     <span class='ocr_line' id='line_1_97' title="bbox 2101 4177 3752 4260; baseline 0.001 -26"><span class='ocrx_word' id='word_1_723' title='bbox 2101 4179 2407 4260; x_wconf 83' lang='grc' dir='ltr'>ὀφθαλμοῖς</span> <span class='ocrx_word' id='word_1_724' title='bbox 2441 4182 2700 4256; x_wconf 80' lang='grc' dir='ltr'>ὁρῶντες,</span> <span class='ocrx_word' id='word_1_725' title='bbox 2731 4179 2792 4236; x_wconf 78' lang='grc' dir='ltr'><strong>οὐ</strong></span> <span class='ocrx_word' id='word_1_726' title='bbox 2842 4177 3198 4256; x_wconf 80' lang='grc' dir='ltr'>σφαλλόμεθα</span> <span class='ocrx_word' id='word_1_727' title='bbox 3249 4178 3566 4256; x_wconf 86' lang='grc' dir='ltr'>βλέποντες,</span> <span class='ocrx_word' id='word_1_728' title='bbox 3627 4178 3752 4236; x_wconf 70' lang='grc' dir='ltr'>οὐδὲ</span> 
     </span>
    </p>
   </div>
   <div class='ocr_carea' id='block_1_96' title="bbox 2098 4265 3749 4347">
    <p class='ocr_par' dir='ltr' id='par_1_96' title="bbox 2098 4265 3749 4347">
     <span class='ocr_line' id='line_1_98' title="bbox 2098 4265 3749 4347; baseline 0.001 -23"><span class='ocrx_word' id='word_1_729' title='bbox 2098 4269 2285 4332; x_wconf 82' lang='grc' dir='ltr'>ἄλλως</span> <span class='ocrx_word' id='word_1_730' title='bbox 2323 4271 2417 4343; x_wconf 69' lang='grc' dir='ltr'>μὲν</span> <span class='ocrx_word' id='word_1_731' title='bbox 2455 4267 2754 4345; x_wconf 84' lang='grc' dir='ltr'>βλέπομεν,</span> <span class='ocrx_word' id='word_1_732' title='bbox 2791 4265 2977 4330; x_wconf 75' lang='grc' dir='ltr'>ἄλλως</span> <span class='ocrx_word' id='word_1_733' title='bbox 3011 4265 3068 4323; x_wconf 73' lang='grc' dir='ltr'><strong>δὲ</strong></span> <span class='ocrx_word' id='word_1_734' title='bbox 3097 4268 3321 4344; x_wconf 88' lang='grc' dir='ltr'>γίνεται·</span> <span class='ocrx_word' id='word_1_735' title='bbox 3357 4267 3484 4325; x_wconf 83' lang='grc' dir='ltr'>ἀλλ’</span> <span class='ocrx_word' id='word_1_736' title='bbox 3515 4271 3589 4333; x_wconf 85' lang='grc' dir='ltr'>ὡς</span> <span class='ocrx_word' id='word_1_737' title='bbox 3606 4267 3749 4347; x_wconf 82' lang='grc' dir='ltr'>γίνε-</span> 
     </span>
    </p>
   </div>
   <div class='ocr_carea' id='block_1_97' title="bbox 2095 4356 3748 4435">
    <p class='ocr_par' dir='ltr' id='par_1_97' title="bbox 2095 4356 3748 4435">
     <span class='ocr_line' id='line_1_99' title="bbox 2095 4356 3748 4435; baseline -0.001 -21"><span class='ocrx_word' id='word_1_738' title='bbox 2095 4379 2204 4432; x_wconf 89' lang='grc' dir='ltr'>ται,</span> <span class='ocrx_word' id='word_1_739' title='bbox 2241 4357 2541 4435; x_wconf 85' lang='grc' dir='ltr'>βλέπομεν,</span> <span class='ocrx_word' id='word_1_740' title='bbox 2597 4356 2687 4412; x_wconf 85' lang='grc' dir='ltr'><strong>καὶ</strong></span> <span class='ocrx_word' id='word_1_741' title='bbox 2735 4357 2810 4420; x_wconf 85' lang='grc' dir='ltr'>ὡς</span> <span class='ocrx_word' id='word_1_742' title='bbox 2871 4356 3168 4432; x_wconf 74' lang='grc' dir='ltr'>βλέπομεν,</span> <span class='ocrx_word' id='word_1_743' title='bbox 3230 4357 3452 4434; x_wconf 89' lang='grc' dir='ltr'>γίνεται·</span> <span class='ocrx_word' id='word_1_744' title='bbox 3485 4358 3630 4414; x_wconf 75' lang='grc' dir='ltr'>οὕτω</span> <span class='ocrx_word' id='word_1_745' title='bbox 3659 4359 3748 4415; x_wconf 86' lang='grc' dir='ltr'><strong>καὶ</strong></span> 
     </span>
    </p>
   </div>
   <div class='ocr_carea' id='block_1_98' title="bbox 2097 4440 3750 4526">
    <p class='ocr_par' dir='ltr' id='par_1_98' title="bbox 2097 4440 3750 4526">
     <span class='ocr_line' id='line_1_100' title="bbox 2097 4440 3750 4526; baseline 0.001 -24"><span class='ocrx_word' id='word_1_746' title='bbox 2097 4449 2147 4502; x_wconf 71' lang='grc' dir='ltr'>οἳ</span> <span class='ocrx_word' id='word_1_747' title='bbox 2178 4450 2451 4526; x_wconf 75' lang='grc' dir='ltr'>προφῆναι</span> <span class='ocrx_word' id='word_1_748' title='bbox 2481 4449 2549 4502; x_wconf 78' lang='grc' dir='ltr'>τὰ</span> <span class='ocrx_word' id='word_1_749' title='bbox 2583 4443 2854 4521; x_wconf 82' lang='grc' dir='ltr'>μέλλοντα</span> <span class='ocrx_word' id='word_1_750' title='bbox 2885 4445 2959 4508; x_wconf 85' lang='grc' dir='ltr'>ὡς</span> <span class='ocrx_word' id='word_1_751' title='bbox 2992 4445 3232 4520; x_wconf 89' lang='grc' dir='ltr'>παρόντα</span> <span class='ocrx_word' id='word_1_752' title='bbox 3272 4440 3525 4502; x_wconf 72' lang='grc' dir='ltr'>ἔϐλεπονο</span> <span class='ocrx_word' id='word_1_753' title='bbox 3581 4448 3670 4504; x_wconf 84' lang='grc' dir='ltr'><strong>καὶ</strong></span> <span class='ocrx_word' id='word_1_754' title='bbox 3717 4446 3750 4503; x_wconf 77' lang='grc' dir='ltr'>ἃ</span> 
     </span>
    </p>
   </div>
   <div class='ocr_carea' id='block_1_99' title="bbox 2095 4530 3748 4611">
    <p class='ocr_par' dir='ltr' id='par_1_99' title="bbox 2095 4530 3748 4611">
     <span class='ocr_line' id='line_1_101' title="bbox 2095 4530 3748 4611; baseline 0.001 -20"><span class='ocrx_word' id='word_1_755' title='bbox 2095 4530 2349 4608; x_wconf 73' lang='grc' dir='ltr'>ἔϐλεπον,</span> <span class='ocrx_word' id='word_1_756' title='bbox 2410 4533 2519 4590; x_wconf 70' lang='grc' dir='ltr'>ἔδει</span> <span class='ocrx_word' id='word_1_757' title='bbox 2568 4534 2813 4611; x_wconf 84' lang='grc' dir='ltr'>γενέσθαι</span> <span class='ocrx_word' id='word_1_758' title='bbox 2861 4535 2998 4608; x_wconf 82' lang='grc'>(46),</span> <span class='ocrx_word' id='word_1_759' title='bbox 3029 4534 3213 4590; x_wconf 75' lang='grc' dir='ltr'>καὶτὰ</span> <span class='ocrx_word' id='word_1_760' title='bbox 3241 4534 3503 4610; x_wconf 86' lang='grc' dir='ltr'>γινόμενα</span> <span class='ocrx_word' id='word_1_761' title='bbox 3532 4535 3748 4599; x_wconf 85' lang='grc' dir='ltr'>πάντως</span> 
     </span>
    </p>
   </div>
   <div class='ocr_carea' id='block_1_100' title="bbox 2095 4621 3748 4701">
    <p class='ocr_par' dir='ltr' id='par_1_100' title="bbox 2095 4621 3748 4701">
     <span class='ocr_line' id='line_1_102' title="bbox 2095 4621 3748 4701; baseline 0.001 -22"><span class='ocrx_word' id='word_1_762' title='bbox 2095 4624 2222 4701; x_wconf 81' lang='grc' dir='ltr'>ὀρᾷν</span> <span class='ocrx_word' id='word_1_763' title='bbox 2273 4621 2403 4681; x_wconf 74' lang='grc' dir='ltr'>ἔδει.</span> <span class='ocrx_word' id='word_1_764' title='bbox 2464 4625 2567 4680; x_wconf 86' lang='grc' dir='ltr'>Καὶ</span> <span class='ocrx_word' id='word_1_765' title='bbox 2623 4622 2810 4692; x_wconf 83' lang='grc' dir='ltr'>πάλιν,</span> <span class='ocrx_word' id='word_1_766' title='bbox 2858 4622 3038 4700; x_wconf 83' lang='grc' dir='ltr'>ὥσπερ</span> <span class='ocrx_word' id='word_1_767' title='bbox 3087 4625 3250 4697; x_wconf 80' lang='grc' dir='ltr'>ἡμεῖς</span> <span class='ocrx_word' id='word_1_768' title='bbox 3298 4623 3329 4678; x_wconf 74' lang='grc' dir='ltr'>ἃ</span> <span class='ocrx_word' id='word_1_769' title='bbox 3361 4621 3638 4700; x_wconf 88' lang='grc' dir='ltr'>βλέπομεν</span> <span class='ocrx_word' id='word_1_770' title='bbox 3695 4623 3748 4681; x_wconf 76' lang='grc' dir='ltr'><strong>έν</strong></span> 
     </span>
    </p>
   </div>
   <div class='ocr_carea' id='block_1_101' title="bbox 2097 4711 3750 4792">
    <p class='ocr_par' dir='ltr' id='par_1_101' title="bbox 2097 4711 3750 4792">
     <span class='ocr_line' id='line_1_103' title="bbox 2097 4711 3750 4792; baseline 0.001 -24"><span class='ocrx_word' id='word_1_771' title='bbox 2097 4713 2428 4792; x_wconf 80' lang='grc' dir='ltr'>ὀφθαλμοῖς,</span> <span class='ocrx_word' id='word_1_772' title='bbox 2491 4712 2696 4787; x_wconf 79' lang='grc' dir='ltr'>ἀνάγκη</span> <span class='ocrx_word' id='word_1_773' title='bbox 2740 4713 2956 4775; x_wconf 84' lang='grc' dir='ltr'>πάντως</span> <span class='ocrx_word' id='word_1_774' title='bbox 3006 4711 3162 4781; x_wconf 72' lang='grc' dir='ltr'>εἶναι,</span> <span class='ocrx_word' id='word_1_775' title='bbox 3210 4714 3278 4768; x_wconf 76' lang='grc' dir='ltr'>τὰ</span> <span class='ocrx_word' id='word_1_776' title='bbox 3319 4714 3423 4789; x_wconf 79' lang='grc' dir='ltr'>γὰρ</span> <span class='ocrx_word' id='word_1_777' title='bbox 3455 4711 3584 4769; x_wconf 72' lang='grc' dir='ltr'>ὄντα</span> <span class='ocrx_word' id='word_1_778' title='bbox 3616 4712 3750 4789; x_wconf 85' lang='grc' dir='ltr'>βλέ-</span> 
     </span>
    </p>
   </div>
   <div class='ocr_carea' id='block_1_102' title="bbox 2095 4800 3748 4879">
    <p class='ocr_par' dir='ltr' id='par_1_102' title="bbox 2095 4800 3748 4879">
     <span class='ocr_line' id='line_1_104' title="bbox 2095 4800 3748 4879; baseline -0.001 -20"><span class='ocrx_word' id='word_1_779' title='bbox 2095 4824 2290 4877; x_wconf 87' lang='grc' dir='ltr'>πομεν,</span> <span class='ocrx_word' id='word_1_780' title='bbox 2347 4801 2439 4858; x_wconf 83' lang='grc' dir='ltr'>καί</span> <span class='ocrx_word' id='word_1_781' title='bbox 2497 4802 2595 4857; x_wconf 78' lang='grc' dir='ltr'><strong>οὐκ</strong></span> <span class='ocrx_word' id='word_1_782' title='bbox 2647 4800 2784 4856; x_wconf 62' lang='grc' dir='ltr'>ἔστιν</span> <span class='ocrx_word' id='word_1_783' title='bbox 2833 4800 3019 4864; x_wconf 80' lang='grc' dir='ltr'>ἄλλως</span> <span class='ocrx_word' id='word_1_784' title='bbox 3068 4803 3313 4879; x_wconf 80' lang='grc' dir='ltr'>γενέσθαι</span> <span class='ocrx_word' id='word_1_785' title='bbox 3342 4803 3376 4872; x_wconf 78' lang='grc' dir='ltr'><strong>ἢ</strong></span> <span class='ocrx_word' id='word_1_786' title='bbox 3405 4803 3480 4864; x_wconf 83' lang='grc' dir='ltr'>ὦς</span> <span class='ocrx_word' id='word_1_787' title='bbox 3513 4803 3748 4878; x_wconf 76' lang='grc' dir='ltr'>ὁρῶμενο</span> 
     </span>
    </p>
   </div>
   <div class='ocr_carea' id='block_1_103' title="bbox 2096 4886 3744 4968">
    <p class='ocr_par' dir='ltr' id='par_1_103' title="bbox 2096 4886 3744 4968">
     <span class='ocr_line' id='line_1_105' title="bbox 2096 4886 3744 4968; baseline -0.001 -21"><span class='ocrx_word' id='word_1_788' title='bbox 2096 4891 2239 4947; x_wconf 74' lang='grc' dir='ltr'>οὕτω</span> <span class='ocrx_word' id='word_1_789' title='bbox 2289 4891 2379 4947; x_wconf 85' lang='grc' dir='ltr'><strong>καὶ</strong></span> <span class='ocrx_word' id='word_1_790' title='bbox 2439 4891 2489 4948; x_wconf 70' lang='lat' dir='ltr'><strong>oi</strong></span> <span class='ocrx_word' id='word_1_791' title='bbox 2550 4893 2849 4968; x_wconf 78' lang='grc' dir='ltr'>προφῆται,</span> <span class='ocrx_word' id='word_1_792' title='bbox 2908 4890 2942 4945; x_wconf 74' lang='grc' dir='ltr'>ἃ</span> <span class='ocrx_word' id='word_1_793' title='bbox 2988 4886 3358 4967; x_wconf 79' lang='grc' dir='ltr'>προέϐλεπον,</span> <span class='ocrx_word' id='word_1_794' title='bbox 3391 4887 3497 4946; x_wconf 79' lang='grc' dir='ltr'>ἔδει</span> <span class='ocrx_word' id='word_1_795' title='bbox 3530 4891 3744 4956; x_wconf 85' lang='grc' dir='ltr'>πάντως</span> 
     </span>
    </p>
   </div>
   <div class='ocr_carea' id='block_1_104' title="bbox 2096 4979 3611 5057">
    <p class='ocr_par' dir='ltr' id='par_1_104' title="bbox 2096 4979 3611 5057">
     <span class='ocr_line' id='line_1_106' title="bbox 2096 4979 3611 5057; baseline 0.001 -21"><span class='ocrx_word' id='word_1_796' title='bbox 2096 4983 2248 5055; x_wconf 78' lang='grc' dir='ltr'>εἶναι,</span> <span class='ocrx_word' id='word_1_797' title='bbox 2280 4981 2370 5036; x_wconf 83' lang='grc' dir='ltr'><strong>καὶ</strong></span> <span class='ocrx_word' id='word_1_798' title='bbox 2405 4983 2480 5055; x_wconf 80' lang='grc' dir='ltr'>μὴ</span> <span class='ocrx_word' id='word_1_799' title='bbox 2516 4979 2702 5044; x_wconf 82' lang='grc' dir='ltr'>ἄλλως</span> <span class='ocrx_word' id='word_1_800' title='bbox 2735 4981 2975 5057; x_wconf 87' lang='grc' dir='ltr'>γίνεσθαι</span> <span class='ocrx_word' id='word_1_801' title='bbox 3007 4981 3041 5051; x_wconf 69' lang='grc' dir='ltr'><strong>ἢ</strong></span> <span class='ocrx_word' id='word_1_802' title='bbox 3076 4981 3150 5043; x_wconf 86' lang='grc' dir='ltr'>ὡς</span> <span class='ocrx_word' id='word_1_803' title='bbox 3181 4981 3611 5056; x_wconf 82' lang='grc' dir='ltr'>προεωράκασιν.</span> 
     </span>
    </p>
   </div>
   <div class='ocr_carea' id='block_1_105' title="bbox 395 5177 2649 5252">
    <p class='ocr_par' dir='ltr' id='par_1_105' title="bbox 395 5177 2649 5252">
     <span class='ocr_line' id='line_1_107' title="bbox 395 5177 2649 5252; baseline -0.002 -12"><span class='ocrx_word' id='word_1_804' title='bbox 395 5185 440 5223; x_wconf 73' lang='grc' dir='ltr'><strong>³ο</strong></span> <span class='ocrx_word' id='word_1_805' title='bbox 468 5182 624 5241; x_wconf 86' lang='lat' dir='ltr'><strong>Psal.</strong></span> <span class='ocrx_word' id='word_1_806' title='bbox 656 5199 774 5250; x_wconf 72' lang='lat' dir='ltr'><strong>xxx,</strong></span> <span class='ocrx_word' id='word_1_807' title='bbox 808 5181 893 5238; x_wconf 85' lang='grc'><strong>19.</strong></span> <span class='ocrx_word' id='word_1_808' title='bbox 970 5179 1015 5223; x_wconf 73' lang='grc' dir='ltr'><strong>ιο</strong></span> <span class='ocrx_word' id='word_1_809' title='bbox 1045 5177 1198 5236; x_wconf 89' lang='lat' dir='ltr'><strong>Psal.</strong></span> <span class='ocrx_word' id='word_1_810' title='bbox 1234 5195 1426 5248; x_wconf 80' lang='lat' dir='ltr'><strong>vam,</strong></span> <span class='ocrx_word' id='word_1_811' title='bbox 1455 5179 1545 5236; x_wconf 88' lang='lat'><strong>22.</strong></span> <span class='ocrx_word' id='word_1_812' title='bbox 1621 5181 1666 5218; x_wconf 76' lang='grc'>⁴¹</span> <span class='ocrx_word' id='word_1_813' title='bbox 1706 5181 1818 5238; x_wconf 89' lang='lat' dir='ltr'><strong>Isa.</strong></span> <span class='ocrx_word' id='word_1_814' title='bbox 1849 5196 1972 5250; x_wconf 77' lang='lat' dir='ltr'><strong>Lm,</strong></span> <span class='ocrx_word' id='word_1_815' title='bbox 2002 5182 2027 5238; x_wconf 85' lang='grc'><strong>1</strong></span> <span class='ocrx_word' id='word_1_816' title='bbox 2056 5205 2071 5252; x_wconf 84' lang='lat'><strong>;</strong></span> <span class='ocrx_word' id='word_1_817' title='bbox 2101 5180 2268 5238; x_wconf 83' lang='lat' dir='ltr'><strong>Joan.</strong></span> <span class='ocrx_word' id='word_1_818' title='bbox 2301 5197 2402 5252; x_wconf 79' lang='lat' dir='ltr'><strong>xu,</strong></span> <span class='ocrx_word' id='word_1_819' title='bbox 2436 5181 2531 5251; x_wconf 88' lang='lat'><strong>37,</strong></span> <span class='ocrx_word' id='word_1_820' title='bbox 2559 5181 2649 5236; x_wconf 90' lang='lat'><strong>38.</strong></span> 
     </span>
    </p>
   </div>
   <div class='ocr_carea' id='block_1_106' title="bbox 401 5372 1766 5458">
    <p class='ocr_par' dir='ltr' id='par_1_106' title="bbox 401 5372 1766 5458">
     <span class='ocr_line' id='line_1_108' title="bbox 401 5372 1766 5458; baseline 0 -24"><span class='ocrx_word' id='word_1_821' title='bbox 401 5380 511 5458; x_wconf 70' lang='lat'><strong>(39)</strong></span> <span class='ocrx_word' id='word_1_822' title='bbox 541 5372 1148 5458; x_wconf 36' lang='lat' dir='ltr'><strong>MooLabesta‘Basilu.</strong></span> <span class='ocrx_word' id='word_1_823' title='bbox 1190 5377 1255 5458; x_wconf 60' lang='lat' dir='ltr'><strong>et</strong></span> <span class='ocrx_word' id='word_1_824' title='bbox 1307 5374 1525 5458; x_wconf 67' lang='lat' dir='ltr'><strong>Anglic.</strong></span> <span class='ocrx_word' id='word_1_825' title='bbox 1587 5376 1766 5434; x_wconf 87' lang='lat' dir='ltr'><strong>Paulo</strong></span> 
     </span>
    </p>
   </div>
   <div class='ocr_carea' id='block_1_107' title="bbox 329 5443 1568 5571">
    <p class='ocr_par' dir='ltr' id='par_1_107' title="bbox 329 5443 1568 5571">
     <span class='ocr_line' id='line_1_109' title="bbox 329 5443 1568 5571; baseline -0.006 -64"><span class='ocrx_word' id='word_1_826' title='bbox 329 5443 634 5524; x_wconf 69' lang='lat' dir='ltr'><strong>Anglican.</strong></span> <span class='ocrx_word' id='word_1_827' title='bbox 669 5443 884 5533; x_wconf 74' lang='grc' dir='ltr'>Πολλοὶ</span> <span class='ocrx_word' id='word_1_828' title='bbox 913 5446 1013 5533; x_wconf 69' lang='grc' dir='ltr'>γὰρ</span> <span class='ocrx_word' id='word_1_829' title='bbox 1045 5448 1160 5532; x_wconf 57' lang='grc' dir='ltr'>τοῖς</span> <span class='ocrx_word' id='word_1_830' title='bbox 1189 5443 1568 5571; x_wconf 59' lang='grc' dir='ltr'>Εὐαέγελίοις.</span> 
     </span>
     <span class='ocr_line' id='line_1_110' title="bbox 404 5515 1381 5571; baseline -0.002 0"><span class='ocrx_word' id='word_1_831' title='bbox 404 5523 617 5571; x_wconf 62' lang='grc' dir='ltr'>(ΛΟ-41)</span> <span class='ocrx_word' id='word_1_832' title='bbox 649 5521 1011 5571; x_wconf 79' lang='lat' dir='ltr'><strong>Basiliensls.</strong></span> <span class='ocrx_word' id='word_1_833' title='bbox 1066 5515 1276 5571; x_wconf 72' lang='grc' dir='ltr'>μαλλον</span> <span class='ocrx_word' id='word_1_834' title='bbox 1337 5517 1381 5570; x_wconf 85' lang='grc' dir='ltr'>έ.</span> 
     </span>
    </p>
   </div>
   <div class='ocr_carea' id='block_1_108' title="bbox 428 5521 1981 5668">
    <p class='ocr_par' dir='ltr' id='par_1_108' title="bbox 428 5521 1981 5668">
     <span class='ocr_line' id='line_1_111' title="bbox 428 5521 1381 5594; baseline -0.008 -17"><span class='ocrx_word' id='word_1_835' title='bbox 428 5521 617 5594; x_wconf 74' lang='lat'><strong>40-41)</strong></span> <span class='ocrx_word' id='word_1_836' title='bbox 649 5521 1011 5586; x_wconf 79' lang='lat' dir='ltr'><strong>Basiliensis,</strong></span> <span class='ocrx_word' id='word_1_837' title='bbox 1065 5521 1276 5590; x_wconf 81' lang='grc' dir='ltr'>μᾶλλον</span> <span class='ocrx_word' id='word_1_838' title='bbox 1301 5521 1381 5572; x_wconf 82' lang='grc' dir='ltr'><strong>δέ.</strong></span> 
     </span>
     <span class='ocr_line' id='line_1_112' title="bbox 428 5589 1981 5668; baseline -0.003 -20"><span class='ocrx_word' id='word_1_839' title='bbox 428 5594 517 5664; x_wconf 86' lang='grc'>42)</span> <span class='ocrx_word' id='word_1_840' title='bbox 546 5595 657 5650; x_wconf 78' lang='grc' dir='ltr'>Τοῦ</span> <span class='ocrx_word' id='word_1_841' title='bbox 679 5593 983 5668; x_wconf 75' lang='grc' dir='ltr'>προφήτου,</span> <span class='ocrx_word' id='word_1_842' title='bbox 1017 5591 1180 5647; x_wconf 88' lang='lat' dir='ltr'><strong>deest</strong></span> <span class='ocrx_word' id='word_1_843' title='bbox 1211 5591 1268 5646; x_wconf 91' lang='lat' dir='ltr'><strong>in</strong></span> <span class='ocrx_word' id='word_1_844' title='bbox 1320 5589 1628 5647; x_wconf 83' lang='lat' dir='ltr'><strong>Basiliensi</strong></span> <span class='ocrx_word' id='word_1_845' title='bbox 1677 5595 1735 5648; x_wconf 89' lang='lat' dir='ltr'><strong>et</strong></span> <span class='ocrx_word' id='word_1_846' title='bbox 1779 5589 1981 5663; x_wconf 81' lang='lat' dir='ltr'><strong>Angli-</strong></span> 
     </span>
    </p>
   </div>
   <div class='ocr_carea' id='block_1_109' title="bbox 333 5681 1980 5812">
    <p class='ocr_par' dir='ltr' id='par_1_109' title="bbox 333 5681 1980 5812">
     <span class='ocr_line' id='line_1_113' title="bbox 333 5681 1980 5812; baseline -0.01 -16"><span class='ocrx_word' id='word_1_847' title='bbox 333 5681 517 5812; x_wconf 53' lang='grc' dir='ltr'>οαῗίιίίέ)</span> <span class='ocrx_word' id='word_1_848' title='bbox 549 5734 701 5793; x_wconf 89' lang='lat' dir='ltr'><strong>Felc.</strong></span> <span class='ocrx_word' id='word_1_849' title='bbox 731 5735 787 5805; x_wconf 90' lang='lat'><strong>3,</strong></span> <span class='ocrx_word' id='word_1_850' title='bbox 814 5733 998 5802; x_wconf 88' lang='lat' dir='ltr'><strong>solus,</strong></span> <span class='ocrx_word' id='word_1_851' title='bbox 1041 5727 1252 5789; x_wconf 81' lang='grc' dir='ltr'>ἀποδεῖ.</span> <span class='ocrx_word' id='word_1_852' title='bbox 1309 5731 1488 5790; x_wconf 85' lang='lat' dir='ltr'><strong>Paulo</strong></span> <span class='ocrx_word' id='word_1_853' title='bbox 1542 5738 1693 5806; x_wconf 73' lang='lat' dir='ltr'><strong>post,</strong></span> <span class='ocrx_word' id='word_1_854' title='bbox 1752 5733 1980 5804; x_wconf 63' lang='grc' dir='ltr'>ἑαυτῶν,</span> 
     </span>
    </p>
   </div>
   <div class='ocr_carea' id='block_1_110' title="bbox 1823 5379 1979 5447">
    <p class='ocr_par' dir='ltr' id='par_1_110' title="bbox 1823 5379 1979 5447">
     <span class='ocr_line' id='line_1_114' title="bbox 1823 5379 1979 5447; baseline -0.006 -16"><span class='ocrx_word' id='word_1_855' title='bbox 1823 5379 1979 5447; x_wconf 90' lang='lat' dir='ltr'><strong>post,</strong></span> 
     </span>
    </p>
   </div>
   <div class='ocr_carea' id='block_1_111' title="bbox 2090 5375 2615 5432">
    <p class='ocr_par' dir='ltr' id='par_1_111' title="bbox 2090 5375 2615 5432">
     <span class='ocr_line' id='line_1_115' title="bbox 2090 5375 2615 5432; baseline -0.004 -1"><span class='ocrx_word' id='word_1_856' title='bbox 2090 5375 2257 5431; x_wconf 88' lang='lat' dir='ltr'><strong>abest</strong></span> <span class='ocrx_word' id='word_1_857' title='bbox 2287 5376 2358 5432; x_wconf 89' lang='lat' dir='ltr'><strong>ab</strong></span> <span class='ocrx_word' id='word_1_858' title='bbox 2390 5375 2615 5431; x_wconf 91' lang='lat' dir='ltr'><strong>eodem.</strong></span> 
     </span>
    </p>
   </div>
   <div class='ocr_carea' id='block_1_112' title="bbox 2161 5445 3053 5522">
    <p class='ocr_par' dir='ltr' id='par_1_112' title="bbox 2161 5445 3053 5522">
     <span class='ocr_line' id='line_1_116' title="bbox 2161 5445 3053 5522; baseline 0 0"><span class='ocrx_word' id='word_1_859' title='bbox 2161 5448 2273 5522; x_wconf 64' lang='grc'>(44)</span> <span class='ocrx_word' id='word_1_860' title='bbox 2307 5447 2457 5522; x_wconf 60' lang='grc' dir='ltr'><strong>Ρειο-</strong></span> <span class='ocrx_word' id='word_1_861' title='bbox 2488 5447 2542 5522; x_wconf 71' lang='grc' dir='ltr'><strong>3ο</strong></span> <span class='ocrx_word' id='word_1_862' title='bbox 2574 5449 2690 5507; x_wconf 83' lang='grc' dir='ltr'>τοῖς</span> <span class='ocrx_word' id='word_1_863' title='bbox 2721 5445 3053 5522; x_wconf 50' lang='lat' dir='ltr'><strong>$99M?“-</strong></span> 
     </span>
    </p>
   </div>
   <div class='ocr_carea' id='block_1_113' title="bbox 2186 5517 2959 5588">
    <p class='ocr_par' dir='ltr' id='par_1_113' title="bbox 2186 5517 2959 5588">
     <span class='ocr_line' id='line_1_117' title="bbox 2186 5517 2959 5588; baseline 0 -15"><span class='ocrx_word' id='word_1_864' title='bbox 2186 5517 2275 5586; x_wconf 77' lang='grc'><strong>45)</strong></span> <span class='ocrx_word' id='word_1_865' title='bbox 2304 5517 2438 5588; x_wconf 84' lang='grc' dir='ltr'>Μέν,</span> <span class='ocrx_word' id='word_1_866' title='bbox 2465 5520 2631 5588; x_wconf 77' lang='lat' dir='ltr'><strong>abest</strong></span> <span class='ocrx_word' id='word_1_867' title='bbox 2659 5537 2693 5574; x_wconf 89' lang='lat' dir='ltr'><strong>a</strong></span> <span class='ocrx_word' id='word_1_868' title='bbox 2729 5517 2873 5573; x_wconf 82' lang='lat' dir='ltr'><strong>Felc.</strong></span> <span class='ocrx_word' id='word_1_869' title='bbox 2906 5520 2959 5573; x_wconf 87' lang='lat'><strong>3.</strong></span> 
     </span>
    </p>
   </div>
   <div class='ocr_carea' id='block_1_114' title="bbox 2184 5583 3745 5665">
    <p class='ocr_par' dir='ltr' id='par_1_114' title="bbox 2184 5583 3745 5665">
     <span class='ocr_line' id='line_1_118' title="bbox 2184 5583 3745 5665; baseline 0.001 -22"><span class='ocrx_word' id='word_1_870' title='bbox 2184 5583 2274 5659; x_wconf 84' lang='lat'><strong>46)</strong></span> <span class='ocrx_word' id='word_1_871' title='bbox 2305 5583 2455 5665; x_wconf 63' lang='lat' dir='ltr'><strong>F916,</strong></span> <span class='ocrx_word' id='word_1_872' title='bbox 2485 5592 2536 5645; x_wconf 90' lang='lat'><strong>3.</strong></span> <span class='ocrx_word' id='word_1_873' title='bbox 2571 5583 2801 5665; x_wconf 69' lang='grc' dir='ltr'>ἔβλεπον</span> <span class='ocrx_word' id='word_1_874' title='bbox 2832 5589 2913 5642; x_wconf 82' lang='grc' dir='ltr'><strong>ἀεὶ</strong></span> <span class='ocrx_word' id='word_1_875' title='bbox 2943 5587 3208 5665; x_wconf 78' lang='grc' dir='ltr'>γενέσθαι.</span> <span class='ocrx_word' id='word_1_876' title='bbox 3243 5587 3304 5643; x_wconf 91' lang='lat' dir='ltr'><strong>In</strong></span> <span class='ocrx_word' id='word_1_877' title='bbox 3336 5587 3540 5645; x_wconf 81' lang='lat' dir='ltr'><strong>eodem</strong></span> <span class='ocrx_word' id='word_1_878' title='bbox 3591 5586 3745 5644; x_wconf 82' lang='lat' dir='ltr'><strong>infra</strong></span> 
     </span>
    </p>
   </div>
   <div class='ocr_carea' id='block_1_115' title="bbox 2093 5657 2890 5738">
    <p class='ocr_par' dir='ltr' id='par_1_115' title="bbox 2093 5657 2890 5738">
     <span class='ocr_line' id='line_1_119' title="bbox 2093 5657 2890 5738; baseline 0.008 -25"><span class='ocrx_word' id='word_1_879' title='bbox 2093 5657 2143 5713; x_wconf 67' lang='grc' dir='ltr'>ἰν</span> <span class='ocrx_word' id='word_1_880' title='bbox 2171 5657 2310 5718; x_wconf 84' lang='lat' dir='ltr'><strong>ante</strong></span> <span class='ocrx_word' id='word_1_881' title='bbox 2343 5660 2672 5738; x_wconf 75' lang='grc' dir='ltr'>ὀφθαλμοῖς,</span> <span class='ocrx_word' id='word_1_882' title='bbox 2707 5662 2890 5719; x_wconf 84' lang='lat' dir='ltr'><strong>deest.</strong></span> 
     </span>
    </p>
   </div>
  </div>
