4154 6400
286 434 400 498 201

1334 417 1437 479 DE
1477 414 1866 479 PASSIONE
1911 414 2013 475 ET
2057 416 2311 480 CRUCE
2358 419 2664 481 DOMINI.

3594 427 3712 486 202

290 564 441 623 Ἐπεὶ
474 561 521 619 εί
550 559 620 617 τὰ
647 556 994 635 γενησὸμενα
1021 554 1237 628 (47-48)
1263 554 1340 627 μὴ
1371 545 1737 628 προέϐλεπον,
1771 547 1948 602 οὐκέτι

2090 569 2307 607 )POPSUS
2338 558 2462 608 erat
2491 558 2554 609 ut
2582 556 2806 621 fierent,
2835 571 3020 627 neque
3049 556 3163 613 alio
3196 559 3366 614 modo
3390 575 3570 630 quam
3603 558 3718 630 ipsi

298 659 357 712 ἂν
388 657 522 725 ἦσαν
554 654 860 726 προφῆται.
896 645 994 702 Καὶ
1025 641 1263 707 καθόλου
1296 640 1354 696 δὶ
1389 646 1551 695 τοῦτο
1607 637 1799 726 εἰδέναι
1851 635 1952 726 δεῖ,

294 744 377 800 ὅτι
406 744 459 799 οἱ
514 724 792 817 προφῆται
845 734 908 789 οὐ
957 733 1140 806 νόμων
1185 732 1287 786 εἶσὶ
1339 728 1680 795 διδάσκαλοι,
1728 724 1817 780 ’ίνα
1853 725 1956 817 μό-

291 856 381 890 νον
416 812 568 907 (49),
610 812 649 883 ἃ.
701 817 1125 901 προστάττουσι,
1187 821 1459 897 γίγνηται,
1513 817 1659 907 ἀλλ-ἂι
1687 819 1793 907 τῷ.»
1826 812 1957 886 μελ-

294 903 518 981 λόντων
551 917 653 974 εἰσὶ
706 911 1185 989 προσημάντορες.
1234 909 1306 964 Οὐ
1357 908 1460 985 γὰρ
1494 904 1682 975 ἐπειδὴ
1716 903 1956 979 λέγουσι,

299 1011 389 1069 διὰ
424 1015 589 1067 τοῦτο
635 1005 725 1060 καὶ
772 1002 977 1079 γίνεται
1026 1001 1094 1055 τὰ
1145 998 1425 1076 γινόμενα,
1456 994 1584 1051 ἀλλ’
1616 994 1699 1049 ὅτι
1728 993 1958 1069 γίνεσθαι

309 1099 527 1176 μὲλλει,
587 1095 679 1151 διὰ
720 1097 883 1149 τοῦτο
934 1090 1027 1145 καὶ
1074 1086 1428 1166 προλέγουσι,
1478 1085 1567 1140 καὶ
1618 1082 1824 1176 άνάγκη
1881 1081 1958 1176 μή

308 1172 595 1266 ψεύδεσθαι
650 1187 776 1247 τοὺς
820 1183 1126 1259 προφήτας,
1187 1180 1359 1255 ὁρῶσι
1424 1178 1527 1253 γὰρ
1578 1174 1837 1266 ἓάληθῷς.
1894 1172 1959 1227 Εἰ

309 1264 415 1357 γὰρ
465 1280 581 1334 καθ’
631 1275 877 1337 ὑπόθεσιν
1104 1270 1179 1342 μὴ
1237 1264 1708 1357 προαπήγγελλον
1744 1264 1796 1317 οἳ
1824 1282 1961 1357 προ-

314 1350 497 1447 φῆται,
544 1363 687 1420 ἀλλὰ
736 1366 843 1417 τῶν
895 1356 1175 1414 Ἰουδαίων
1231 1357 1299 1426 ἦν
1344 1359 1379 1425 ἡ
1426 1352 1767 1429 προαίρεσις,

310 1439 556 1533 πράττειν
588 1458 777 1510 ταῦτα.
809 1448 911 1507 Καί
942 1447 1088 1510 ὅλως
1123 1447 1173 1501 οἱ
1220 1448 1363 1522 ἅγιοι
1418 1444 1518 1500 οὐκ
1573 1439 1962 1516 ἀναγκαστικοὶ

308 1531 414 1602 τῶν
470 1542 808 1621 γιγνομὲνων
867 1537 1021 1593 εῗσίν·
1094 1534 1239 1593 ἀλλὰ
1293 1536 1395 1605 τὴν
1462 1531 1779 1621 προαίρεσιν
1813 1618 1820 1621 _
1853 1532 1962 1585 τῶν

305 1618 652 1713 πραττόντων
710 1624 1118 1707 προϐλὲποντες
1178 1624 1523 1713 σημαίνουσι,
1564 1711 1570 1713 _
1605 1620 1710 1679 Καὶ
1783 1618 1963 1696 ὥσπερ

307 1711 362 1781 οἳ
389 1721 841 1791 ἀνασκευάζοντες
900 1716 1111 1792 ἔλεγον·
1167 1718 1331 1792 Ἃρον
1381 1714 1472 1768 τὸν
1506 1711 1673 1787 λόγον
1702 1714 1799 1765 τοῦ
1828 1730 1965 1785 προ-

308 1817 508 1894 φήτου,
547 1812 639 1868 καὶ
691 1812 908 1870 πάντως
966 1809 1081 1881 (51)
1147 1804 1201 1860 οἱ
1250 1801 1503 1859 Ἰουδαῖοι
1560 1799 1961 1856 πιστεύσουσινο

309 1890 482 1967 οὕτως
541 1902 706 1981 φαίην
757 1899 817 1954 ἂν
867 1897 1038 1974 κάγώ·
1091 1896 1260 1968 ’Δρον
1310 1893 1405 1955 τὰς
1442 1892 1662 1967 πράξεις
1832 1890 1965 1996 'Iou:
1994 1930 2043 1996 B

309 1993 502 2064 δαίων,
558 1980 649 2047 καὶ
697 1990 912 2049 πάντως
964 1984 1026 2041 ού
1073 2003 1414 2062 προεφήτευε
1460 1981 1519 2037 ἂν
1578 1980 1703 2057 περὶ
1731 1980 1904 2034 αὐτων
1935 1980 1962 2033 ὁ

306 2081 531 2145 Ἠσαίας
558 2083 802 2136 τοιαῦτα.

386 2174 473 2228 10.
507 2169 628 2225 Ἐὰν
676 2168 853 2222 τοίνυν
906 2164 935 2219 6
984 2163 1240 2233 Ἰωάννης
1284 2160 1438 2236 λέγῃ·
1486 2185 1508 2210 ι
1545 2158 1661 2217 Οὐκ
1689 2156 1963 2213 ἰπίστευον

313 2260 390 2323 εἷς
418 2259 577 2315 αὐτὸν
609 2258 663 2313 οἱ
692 2252 970 2322 Ἰουδαῖοι,
998 2250 1088 2307 ’ίνα
1107 2249 1384 2328 πληρωθῇ
1417 2250 1445 2304 ὁ
1468 2248 1634 2323 λόγος
1663 2244 1910 2315 Ἠσαίου,
1936 2266 1965 2296 ››

320 2352 396 2425 μὴ
438 2354 517 2422 τῷ
565 2345 717 2423 λόγῳ
763 2348 860 2401 τοῖ’)
902 2343 1189 2419 προφήτου
1244 2341 1344 2409 τήν
1372 2338 1544 2394 αἰτίαν
1579 2335 1687 2410 δῷς
1716 2343 1819 2425 τῆς
1850 2335 1970 2425 άπι-

316 2422 466 2500 στίας
497 2422 697 2503 αὐτῶν,
727 2431 874 2489 ἀλλὰ
900 2435 970 2505 τῇ
1019 2429 1209 2506 πράξει
1264 2428 1442 2484 αὐτῶν
1501 2432 1609 2483 τῶν
1668 2422 1965 2484 Ἰουδαίων.

310 2532 386 2585 ’Ἃ
416 2527 518 2604 γὰρ
552 2523 703 2581 οὗτοι
728 2527 815 2578 νῦν
847 2519 1132 2597 ἔπραττον,
1159 2522 1329 2573 ταῦτα
1372 2511 1708 2593 προέϐλεπεν
1759 2515 1787 2568 6
1838 2533 1971 2587 προ-

311 2603 494 2696 φήτής
551 2614 612 2669 ἐκ
659 2609 896 2667 πολλοῦ·
956 2608 1050 2663 καὶ
1108 2605 1215 2662 ἔδει
1269 2610 1461 2662 τοῦτον
1529 2606 1605 2677 μὴ
1656 2603 1972 2678 ψεύσασθαι,

314 2692 469 2762 άλλά
520 2703 850 2777 γνωσθῆναι,
908 2696 991 2752 ὅτι
1041 2696 1110 2750 τὰ
1172 2692 1265 2749 νῦν
1318 2693 1573 2769 γινόμενα
1626 2692 1972 2767 προεώρακεν

314 2793 566 2863 ἀληθῶς.
617 2792 733 2844 Ἵνα
786 2786 890 2862 γὰρ
948 2786 978 2840 6
1027 2783 1194 2860 λόγος
1242 2780 1407 2836 αὐτοῦ
1452 2780 1664 2849 ἀληθὴς
1691 2784 1808 2840 τοῖς
1841 2777 1975 2852 μετᾶ

318 2886 491 2939 ταῦτα
541 2877 706 2957 φανῇ,
766 2874 1119 2951 ἡλέγχθησαν
1172 2868 1387 2927 ἄπιστοι
1434 2870 1524 2926 καὶ
1580 2867 1971 2957 κρυπτόμενοι.

320 2974 490 3028 Ἦσαν
553 2954 647 3041 μὲν
696 2966 798 3042 γὰρ
853 2968 923 3038 τῇ
975 2960 1289 3037 προαιρέσει
1351 2958 1571 3038 φαῦλοι·
1652 2954 1839 3025 ἐπειδὴ
1919 2954 1976 3011 δὲ

334 3056 594 3135 ἔκρυπτον
646 3054 821 3110 αὐτῶν
864 3054 962 3121 τὴν
1013 3049 1282 3119 ἀπιστίαν,
1337 3050 1365 3104 6
1406 3043 1573 3123 λόγος
1618 3044 1852 3121 ἔλεγχος
1884 3043 1976 3135 γγὲ-

332 3134 475 3223 γονεν
531 3146 729 3202 αὐτῶν.
785 3144 884 3198 Διὰ
937 3145 1097 3196 τοῦτο
1166 3144 1295 3217 γοῦν
1365 3138 1464 3193 οὐκ
1537 3136 1835 3205 ἐπίστευον,
1893 3134 1978 3189 ὅτι

332 3222 565 3314 ἤλεγχεν
623 3232 818 3295 αὐτοὺς
874 3234 904 3288 6
958 3226 1127 3306 λόγος
1182 3226 1592 3305 κρυπτομένους
1615 3245 1635 3314 ;ν
1701 3225 1830 3314 ,Καὶ-
1887 3222 1974 3278 ἐὰν

330 3303 707 3401 λέγγῖῡπάλιν·
777 3320 887 3375 Οὐκ
941 3303 1227 3390 ἠδύναντο
1268 3314 1537 3371 πιστεύειν
1593 3313 1657 3401 οἱ,
1692 3309 1977 3401 (Ἰουδαῖοι,
2008 3303 2050 3369 C

329 3398 766 3490 ὅτι-γέγραπται
822 3409 891 3465 τὰ
953 3408 1070 3463 κατ’
1123 3404 1320 3461 αὐτῶν.
1370 3405 1446 3478 μὴ
1492 3403 1557 3458 τὸ
1604 3399 1863 3456 ἀδύνατον

328 3489 640 3581 προαιρέσει
689 3505 796 3555 τῶν
844 3500 956 3574 (52)
994 3494 1342 3573 πραττόντων
1376 3491 1503 3567 δῷς.
1536 3490 1823 3550 Ἐδύναντο
1869 3489 1980 3581 ,γὰρ

326 3579 419 3650 καὶ
457 3585 918 3667 μεταϐάλλεσθαι·
968 3584 1115 3641 ἀλλὰ
1142 3587 1205 3640 τὸ
1242 3581 1498 3639 ἀδύνατον
1544 3583 1605 3637 τὸ
1655 3583 1731 3654 μὴ
1782 3579 1982 3667 ψεύσα-

328 3666 570 3738 σθαιντὸν
601 3680 916 3756 προφήτην.
948 3671 1171 3742 Ἐπειδή
1204 3675 1307 3748 γὰρ
1349 3670 1570 3743 ἀληθῶς
1618 3671 1842 3746 ἑώρακε,
1873 3666 1985 3756 ,διὰ

327 3775 494 3828 τοῦτο
529 3755 788 3825 ἀδύνατον
834 3766 901 3836 ἦν
947 3762 1221 3843 σφαλῆναι
1267 3760 1450 3817 αὐτόν.
1508 3758 1582 3814 Οὐ
1635 3759 1736 3835 γὰρ
1795 3755 1984 3819 ἄλλως

331 3861 595 3935 ἑώρακεν,
628 3858 664 3927 ἢ
698 3857 771 3919 ὡς
802 3854 1010 3932 γέγονε,
1049 3854 1138 3908 καὶ
1188 3851 1452 3930 ἐφάνησαν
1504 3850 1743 3905 ἆπιστοι.
1801 3846 1985 3908 Οὕτως

331 3949 425 4006 καὶ
453 3950 516 4004 τὸ
560 3946 697 4002 κατὰ
732 3946 831 4014 τὴν
867 3942 1136 4015 Παρθένον
1182 3942 1544 4013 πεπλήρωται
1575 3940 1774 4011 θαῦμα,
1806 3936 1895 3991 καὶ
1924 3937 1988 3990 τὸ

336 4038 475 4096 κατὰ
529 4037 785 4105 Ἰωάννην
840 4035 955 4108 (53)
1010 4026 1184 4097 ἀπὲϐη
1239 4032 1504 4104 σήμερον,
1561 4027 1650 4082 καὶ
1705 4028 1880 4081 πάντα
1923 4024 1991 4079 τὰ

338 4125 809 4204 προγεγραμμένα
862 4119 1268 4204 πεπλήρωταιπ
1309 4114 1450 4174 Οὐδὲ
1499 4116 1599 4204 γάρ
1649 4112 1836 4204 ἐπειδὴ
1895 4112 1984 4187 γὲο

337 4202 601 4296 γραπται,
653 4213 743 4270 διὰ
783 4216 944 4268 τοῦτο
991 4209 1082 4266 καὶ
1134 4202 1609 4296 ἀπεϐαινονηάλπ
1638 4202 1721 4296 ὅτι
1754 4202 1993 4296 ὶγίγνετο

337 4291 580 4377 πάντως,
614 4301 704 4359 διὰ
730 4306 891 4358 τοῦτο
919 4299 1009 4355 καὶ
1041 4296 1376 4374 προελὲχθη.
1410 4292 1593 4356 Οὕτως
1624 4293 1712 4348 καὶ
1755 4293 1817 4347 τὸ
1858 4291 1995 4346 κατὰ

338 4398 433 4453 τὸν
471 4395 733 4472 μερισμὸν
766 4397 858 4448 νῦν
882 4396 993 4447 τῶν
1017 4388 1249 4464 ἱματίων
1278 4388 1501 4464 ξγὲγονε·
1559 4385 1649 4439 καὶ
1698 4384 1772 4446 ὡς
1832 4381 1992 4458 γεγο-

341 4507 450 4557 νεν,
484 4484 663 4547 οὕτως
688 4482 777 4538 καὶ
811 4486 1152 4557 προεωρᾶτο’
1201 4476 1291 4533 καὶ
1342 4476 1418 4539 ὡς
1465 4475 1856 4550 προεσημάνθη
1906 4472 1995 4527 καὶ

341 4572 779 4651 προαπηγγέλθη
830 4573 966 4646 (54),
1016 4568 1190 4631 οὕτως
1238 4567 1328 4622 καὶ
1373 4565 1733 4641 πεπλήρωται
1779 4563 1869 4618 καὶ
1897 4562 1995 4651 πε-

340 4649 597 4742 πρακταιζ
657 4663 963 4738 Γέγραπται
1015 4656 1073 4713 δὲ
1125 4657 1287 4712 οὕτω·
1350 4679 1379 4709 ‹‹
1458 4655 1874 4742 Σταυρώσαντες
1942 4649 1999 4706 δὲ

342 4740 528 4821 αύτὸν,
589 4748 962 4827 διεμερίσαντο
1017 4746 1085 4800 τὰ
1160 4743 1353 4817 ἱμάτια
1431 4742 1618 4812 αὐτοῦ,
1708 4740 2000 4819 βάλλοντες

348 4841 584 4918 κλῆρον,
639 4838 734 4895 ’ίνα
786 4839 1061 4914 πληρωθῆ
1120 4835 1183 4889 τὸ
1239 4832 1400 4909 ῥηθὲν
1461 4830 1550 4887 διὰ
1571 4836 1669 4887 τοῦ
1697 4834 2005 4909 προφήτου·

356 4929 742 5006 Διεμερίσαντο
797 4927 865 4982 τὰ
919 4923 1113 4999 ἱμάτιά
1169 4942 1272 4995 μου
1333 4922 1565 4991 ἑαυτοῖς,
1632 4920 1723 4974 καὶ
1772 4920 1859 4975 ἐπὶ
1914 4922 2005 4976 τὸν

352 5018 650 5093 ἱματισμόν
706 5038 811 5091 μου
860 5010 1056 5070 ἔϐαλον
1104 5010 1337 5086 κλῆρον.
1390 5034 1419 5064 ››
1470 5011 1742 5071 Ματθαῖος
1789 5010 1884 5083 μὶν
1916 5008 2006 5064 οὗν

359 5110 494 5184 μετὰ
538 5112 646 5162 τῶν
691 5105 881 5162 ἄλλων
928 5100 1327 5179 εὐαγγελιστῶν
1377 5098 1747 5173 ἁπλούστερον
1793 5100 1884 5153 τὸν
1923 5120 2011 5171 με-

356 5198 553 5276 ρισμὸν
622 5192 942 5273 γεγενῆσθαί
1015 5209 1175 5271 φησι⁰
1245 5190 1274 5243 6
1351 5186 1408 5245 δὶ
1466 5187 1722 5261 Ἰωάννης
1763 5187 1852 5242 καὶ
1909 5190 2008 5258 τὴν

435 5352 650 5425 (47-48)
684 5349 924 5423 Regius,
956 5346 1001 5400 εί
1044 5344 1106 5399 τὰ
1146 5342 1422 5420 γινόμενα.
1472 5342 1698 5415 Anglic.
1733 5340 1777 5395 εἰ
1824 5342 1889 5396 τὰ
1934 5362 2020 5417 γεη-

358 5422 672 5571 ἶόὲξῗξὸἱο
702 5490 921 5571 Regius
952 5489 1444 5571 secunda‘ma‘nu,
1480 5502 1651 5558 quem
1693 5486 2018 5571 sequimur.

566 5562 657 5644 'i_va
675 5564 766 5644 ’μὴ
788 5555 986 5644 μόνον.
1018 5555 1590 5644 Μρκ,“Αῑξβ1ἰϐιλξιίξ8,
1623 5555 1980 5642 σημάντορες.

457 5576 539 5635 iti,
566 5576 657 5619 ἳνα
690 5576 766 5636 μη
803 5576 986 5635 μονον.
1018 5576 1168 5631 mox,
1207 5576 1590 5686 anfllcanus,
1623 5576 1980 5631 σημάντορες.

457 5639 545 5711 50)
580 5639 643 5693 In
675 5636 797 5711 haec
826 5634 1002 5711 verba
1044 5634 1118 5689 ad
1164 5630 1297 5711 pagi
1327 5672 1340 5685 .
1376 5634 1614 5711 notatur
1642 5630 1701 5685 in
1737 5631 2021 5701 margine,

363 5704 544 5766 λιίπεὶ
572 5729 648 5778 τι,
681 5708 818 5763 licet
843 5705 1057 5778 lacuna
1088 5704 1636 5778 nullaeqmpareat.

436 5783 551 5857 (51)
581 5770 947 5842 Basiliensis,
984 5773 1202 5836 πάντες.
1253 5770 1436 5843 Infra;
1485 5770 1566 5843 ἂν,
1599 5777 1733 5845 post
1778 5773 2021 5849 προεφή-

646 5909 918 5967 ΡΑτιιοΙ..
951 5904 1063 5964 Gn.
1107 5899 1376 5963 XXVIII.

2067 642 2493 712 praevidissent.
2527 644 2826 714 Siquidem
2874 645 2989 701 nisi
3036 647 3237 702 futura
3287 649 3715 719 praevidissent,

2067 745 2440 801 nequaquam
2484 733 2779 803 prophetae
2812 734 3081 789 fuissent.
3112 736 3181 789 Et
3219 738 3521 793 sciendum
3552 754 3718 809 pror-

2068 835 2171 875 sus
2201 825 2311 887 est,
2345 820 2662 893 prophetas
2694 840 2808 877 non
2855 822 3052 896 legum
3101 841 3231 881 esse
3270 827 3617 899 magistros;
3654 833 3721 882 ut

2068 924 2138 964 ea
2166 908 2360 965 solum
2384 927 2511 981 qua:
2542 910 2629 965 illi
2654 912 2888 982 jubent,
2911 913 3326 984 perﬁciantur;
3359 917 3459 971 sed
3493 917 3718 971 futuro-

2071 1015 2203 1053 rum
2233 1016 2363 1055 esse
2402 1000 2911 1071 praenuntiatores.
2943 1002 3070 1057 Non
3118 1002 3275 1057 enim
3308 1004 3447 1075 quia
3492 1005 3720 1071 dicunt,

2071 1104 2163 1144 res
2214 1089 2510 1158 eveniunt,
2561 1091 2663 1145 sed
2712 1091 2850 1161 quia
2895 1094 3187 1147 eventum
3240 1097 3425 1163 erant,
3457 1092 3588 1149 ideo
3635 1092 3722 1148 illi

2073 1177 2490 1249 praanuntiant,
2515 1193 2946 1252 accessumque
2967 1184 3057 1235 est
3081 1196 3197 1235 non
3221 1181 3453 1237 mentiri
3478 1181 3726 1254 prophe-

2072 1272 2184 1335 tas,
2204 1282 2343 1323 cum
2374 1284 2506 1323 vere
2535 1284 2628 1323 res
2665 1272 2729 1323 ut
2758 1274 2899 1324 sunt
2933 1269 3189 1325 videant.
3214 1270 3274 1325 Si
3306 1288 3557 1341 namque
3588 1288 3723 1343 pro-

2074 1357 2260 1429 phetae
2291 1373 2408 1412 non
2435 1358 2948 1428 praenuntiassent,
2976 1358 3364 1416 nihilominus
3382 1361 3725 1417 Judaaorum

2074 1446 2282 1501 fuisset
2340 1447 2708 1519 propositum
2772 1447 2915 1504 talia
2977 1450 3369 1521 perpetrandi.
3417 1452 3607 1521 Atque
3664 1451 3725 1506 in

2074 1551 2310 1590 summa
2331 1536 2541 1603 sancti,
2556 1552 2929 1609 nequaquam
2950 1537 3144 1594 verbis
3168 1540 3295 1595 suis
3314 1540 3725 1595 necessitatem

2074 1624 2385 1692 inducunt,
2434 1629 2500 1681 ut
2546 1642 2639 1682 res
2686 1628 2986 1696 eveniant;
3034 1630 3137 1683 sed
3188 1645 3322 1684 cum
3372 1629 3729 1700 przsvideant

2075 1730 2277 1771 eorum
2310 1715 2678 1787 pr0positum
2710 1716 2813 1788 qui
2855 1716 3043 1772 acturi
3088 1722 3248 1785 sunt,
3279 1719 3337 1773 id
3370 1708 3725 1790 signiﬁcant.

2076 1808 2149 1858 At
2180 1803 2332 1859 sicut
2359 1804 2625 1875 objecere
2661 1804 2748 1859 illi
2779 1805 3167 1878 refragatores
3200 1823 3214 1862 :
3244 1806 3405 1863 Tolle
3433 1807 3727 1880 prophetae

2076 1908 2431 1963 sermonem,
2480 1897 2539 1949 et
2580 1892 2756 1965 plane
2803 1895 3045 1951 credent
3088 1894 3304 1964 Judaei;
3356 1895 3437 1951 ita
3484 1895 3729 1952 dixerim

2074 1999 2178 2055 ego
2216 1998 2228 2039 :
2262 1980 2423 2038 Tolle
2451 1982 2787 2039 Judaaorum
2819 1987 2969 2052 acta,
3001 1987 3059 2040 et
3088 2001 3456 2056 nequaquam
3488 1983 3630 2041 talia
3658 1985 3730 2039 de

2074 2073 2191 2128 illis
2224 2072 2660 2145 prOphetaverit
2690 2073 2896 2130 Isaias.

2148 2163 2233 2217 10.
2268 2162 2329 2219 Si
2358 2164 2560 2234 itaque
2597 2162 2812 2219 dixerit
2838 2163 3097 2220 Joannes
3121 2180 3174 2219 :«
3198 2164 3323 2220 Non
3355 2164 3731 2221 crediderunt

2075 2252 2137 2309 in
2159 2251 2329 2307 illum
2348 2250 2629 2321 Judaei,ut
2651 2250 2996 2324 impleretur
3013 2269 3205 2309 sermo
3226 2254 3416 2322 Isaiae;
3443 2275 3472 2304 »
3497 2270 3570 2309 ne
3600 2270 3730 2325 pro-

2078 2340 2267 2414 phetae
2297 2340 2555 2397 sermoni
2582 2339 2839 2413 imputes
2871 2356 3074 2398 eorum
3105 2342 3597 2411 incredulitatem,
3625 2343 3727 2397 sed

2077 2432 2343 2503 ipsorum
2368 2431 2706 2486 Judaeorum
2736 2431 3001 2489 facinori.
3024 2432 3171 2488 Nam
3193 2434 3460 2503 quaejam
3494 2431 3579 2487 illi
3604 2447 3731 2503 per-

2078 2519 2407 2593 petrabant,
2440 2519 2564 2575 haec
2593 2519 2823 2591 jamdiu
2873 2521 3218 2593 praeviderat
3264 2521 3547 2593 propheta
3579 2538 3593 2578 :
3626 2536 3732 2577 ne-

2080 2625 2360 2680 cesseque
2392 2608 2503 2663 fuit
2538 2608 2707 2663 illum
2756 2626 2869 2665 non
2922 2610 3175 2678 mentiri,
3211 2615 3276 2667 ut
3323 2610 3517 2682 palam
3566 2610 3734 2676 foret,

2080 2715 2215 2755 eum
2255 2697 2355 2752 illa
2386 2713 2519 2753 vere
2549 2698 2887 2770 praevidisse
2918 2716 3045 2769 quae
3088 2701 3214 2771 jam
3265 2706 3427 2772 gesta
3473 2703 3628 2757 sunt.
3664 2698 3741 2755 Ut

2082 2804 2340 2859 namque
2364 2804 2557 2843 sermo
2580 2787 2741 2843 illius
2761 2804 2933 2843 verus
2956 2790 3111 2859 apud
3137 2793 3400 2859 posteros
3424 2788 3739 2857 videretur,

2082 2875 2431 2947 deprehensi
2464 2880 2604 2931 sunt
2634 2876 2944 2946 increduli,
2974 2877 3205 2933 etiamsi
3236 2877 3417 2933 latere
3448 2882 3738 2933 curarent.

2086 2964 2181 3019 87
2219 2964 2395 3019 Erant
2442 2966 2597 3020 enim
2648 2965 2732 3020 illi
2780 2967 3079 3038 proposito
3129 2983 3235 3021 suo
3284 2966 3572 3039 improbi;
3605 2980 3742 3022 cum

2087 3057 2279 3108 autem
2306 3070 2476 3108 suam
2498 3054 2863 3110 occultarent
2890 3054 3382 3121 incredulitatem,
3408 3071 3601 3111 sermo
3630 3055 3745 3110 iste

2088 3142 2280 3198 adfuit
2309 3142 2412 3214 qui
2433 3157 2532 3197 eos
2562 3148 2922 3214 coargueret.
2957 3145 3169 3199 Ideone
3200 3144 3381 3215 igitur
3413 3161 3526 3200 non
3554 3144 3742 3199 credi-

2088 3232 2490 3301 derunt,quod
2536 3248 2728 3287 sermo
2760 3232 2869 3287 iste
2909 3232 3090 3287 latere
3112 3232 3372 3289 volentes
3412 3232 3544 3289 illos
3573 3249 3743 3289 coar-

2090 3319 2317 3393 guerit?
2339 3320 2501 3384 Quod
2529 3320 2581 3376 si
2613 3338 2849 3376 rursum
2882 3321 3039 3377 dicat
3070 3323 3363 3394 quispiam
3395 3339 3408 3378 :
3435 3322 3560 3378 Non
3584 3326 3743 3395 pote-

2089 3415 2222 3465 rant
2240 3409 2428 3465 Judaai
2451 3411 2708 3476 credere,
2733 3412 2872 3481 quia
2902 3411 3024 3466 hac
3057 3413 3128 3467 de
3157 3412 3278 3467 illis
3304 3413 3522 3485 scripta
3544 3416 3745 3481 erant;

2090 3498 2653 3569 impossibilitatem,
2690 3499 2991 3571 agentium
3028 3500 3314 3557 voluntati
3345 3518 3416 3557 ne
3446 3501 3746 3557 tribueris.

2093 3592 2368 3643 Poterant
2396 3587 2554 3643 enim
2586 3593 2815 3643 mutare
2843 3589 3219 3660 sententiam,
3253 3591 3354 3646 sed
3384 3589 3751 3661 impossibile

2093 3681 2218 3732 erat
2249 3676 2484 3731 mentiri
2508 3676 2879 3748 prophetam.
2903 3677 3047 3732 Cum
3072 3678 3228 3733 enim
3262 3694 3464 3735 revera
3484 3677 3754 3735 vidisset:

2095 3764 2220 3821 ﬁeri
2271 3764 2554 3836 nequibat
2604 3769 2672 3820 ut
2719 3764 3202 3822 hallucinaretur.
3258 3767 3383 3823 Non
3432 3766 3546 3824 alio
3594 3767 3754 3823 enim

2098 3854 2271 3910 modo
2303 3870 2425 3908 rem
2478 3853 2646 3922 vidit,
2677 3870 2855 3925 quam
2909 3871 3025 3927 quo
3073 3860 3243 3927 gesta
3292 3862 3382 3913 est
3416 3872 3429 3913 :
3463 3861 3641 3929 atque
3669 3855 3756 3911 illi

2096 3941 2385 3998 increduli
2416 3942 2768 4014 deprehensi
2809 3948 2970 4000 sunt.
3002 3945 3218 4000 Eadem
3264 3946 3488 4001 ratione
3517 3944 3663 4001 illud
3692 3944 3755 4000 in

2097 4031 2336 4103 Virgine
2362 4031 2716 4087 miraculum
2741 4032 3053 4105 impletum
3083 4038 3192 4102 est,
3218 4038 3274 4090 et
3298 4036 3455 4106 quod
3478 4052 3511 4090 a
3529 4033 3758 4091 Joanne

2101 4126 2394 4185 narratur,
2428 4119 2604 4176 hodie
2649 4122 2896 4192 contigit
2928 4140 2944 4177 :
2976 4123 3175 4179 omnia
3218 4124 3359 4179 item
3392 4139 3759 4196 quaecunque

2102 4209 2322 4280 scripta
2354 4212 2494 4263 sunt
2521 4208 2772 4280 impleta
2801 4211 2981 4267 fuere.
3015 4212 3140 4268 Non
3172 4214 3328 4268 enim
3360 4214 3487 4269 ideo
3518 4228 3759 4269 evenere

2103 4298 2234 4368 quia
2264 4296 2485 4368 scripta
2514 4300 2684 4365 sunt;
2715 4298 2818 4353 sed
2858 4298 2997 4370 quia
3036 4316 3299 4369 evenere,
3327 4303 3455 4357 ideo
3486 4318 3758 4374 premun-

2104 4387 2249 4442 tiata
2295 4387 2545 4443 fuerant.
2576 4386 2670 4442 Sic
2707 4387 2833 4458 jam
2862 4388 2931 4443 de
2962 4389 3441 4445 vestimentorum
3475 4391 3762 4446 divisione

2107 4481 2301 4531 actum
2336 4481 2426 4531 est
2456 4493 2469 4531 :
2504 4480 2581 4545 et,
2617 4481 2789 4547 prout
2819 4481 3012 4531 actum
3046 4483 3156 4545 est,
3190 4478 3271 4534 ita
3300 4480 3610 4550 pravisum
3641 4482 3760 4536 fue-

2107 4570 2197 4621 rat
2217 4583 2230 4621 :
2250 4570 2308 4621 et
2334 4572 2396 4621 ut
2421 4565 2583 4637 prius
2608 4566 3004 4637 signiﬁcatum
3028 4569 3607 4640 praenuntiatumque
3629 4570 3760 4637 fuit,

2032 4677 2077 4741 Ι)
2110 4656 2192 4710 ita
2221 4654 2580 4726 completum
2612 4659 2964 4727 gestumque
2990 4661 3098 4713 est.
3123 4656 3419 4729 Scriptum
3451 4662 3648 4714 autem
3677 4661 3768 4715 est

2112 4745 2195 4799 ita
2227 4760 2240 4798 :
2271 4768 2291 4793 σι
2328 4744 2649 4816 Postquam
2682 4748 2879 4800 autem
2925 4747 3336 4802 cruciﬁxerunt
3362 4764 3520 4817 eum,
3553 4747 3766 4803 divise-

2116 4838 2256 4889 runt
2284 4834 2631 4888 vestimenta
2663 4835 2813 4905 ejus,
2845 4840 3064 4891 sortem
3095 4835 3433 4892 mittentes:
3464 4842 3530 4892 ut
3558 4836 3769 4908 imple-

2116 4927 2279 4978 retur
2327 4923 2480 4993 quod
2532 4923 2753 4978 dictum
2816 4929 2907 4979 est
2964 4941 3065 4996 per
3126 4925 3468 4996 prophetam
3503 4943 3517 4982 :
3550 4924 3769 4981 Divise-

2118 5016 2256 5066 runt
2294 5011 2406 5066 sibi
2436 5011 2785 5067 vestimenta
2831 5028 2981 5082 mea,
3013 5017 3071 5068 et
3099 5030 3277 5087 super
3302 5019 3523 5071 vestem
3575 5030 3769 5069 meam

2122 5101 2414 5156 miserunt
2452 5104 2688 5157 sortem.
2715 5122 2743 5151 η
2778 5101 3090 5159 Matthaeus
3139 5109 3293 5159 certe
3342 5120 3476 5159 cum
3525 5102 3770 5174 reliquis

2121 5189 2493 5263 evangelistis
2549 5189 2883 5262 simplicius
2945 5192 3161 5249 factam
3219 5192 3566 5251 divisionem
3621 5191 3706 5249 ait
3753 5207 3769 5252 :

2131 5363 2270 5412 τευε,
2302 5345 2466 5417 deest
2506 5342 2564 5396 in
2618 5342 2813 5417 Regio,
2845 5344 3168 5417 Anglicano
3197 5350 3255 5401 et
3285 5345 3436 5417 Felc.
3486 5348 3539 5403 3.
3592 5345 3776 5403 Paulo

2133 5416 2537 5490 post,Begi_u_s
2568 5413 3034 5490 et‘Anglican‘us,
3068 5413 3211 5490 λίγει
3243 5416 3361 5490 οὐξι.

2223 5488 2315 5563 ξξ)
2346 5485 2707 5563 Basiliensis,
2742 5485 3333 5563 secundamanu,
3359 5485 3778 5563 ποῤῥησειςτῶν.

2224 5556 2316 5629 53)
2346 5557 2431 5614 Ita
2462 5556 2677 5632 Regius
2706 5559 2951 5632 et_Felc.
2985 5559 3039 5613 3.
3076 5561 3134 5632 In
3180 5559 3350 5632 editis
3379 5556 3514 5632 vero
3543 5559 3780 5632 legitur,

2129 5626 2412 5768 Edv,8q.snte
2442 5626 2719 5697 Ἰωάννην,
2775 5630 2930 5686 Infra
2976 5630 3151 5686 Basil.
3200 5636 3257 5686 et
3304 5628 3458 5687 Felc.
3489 5633 3544 5703 3,
3574 5626 3653 5687 σύ
3679 5626 3782 5708 γὰρ

2159 5719 2247 5753 πει
2331 5741 2343 5755 ο

2159 5719 2343 5755 πειοη.

2206 5772 2321 5845 (54)
2351 5771 2583 5841 Regius,
2613 5768 2835 5840 Anglic.
2872 5775 2931 5828 et
2958 5771 3108 5829 Felc.
3140 5773 3194 5844 3,
3224 5768 3646 5844 προαπηγγέλη.

3463 5897 3499 5952 Ἰ
