  <div class='ocr_page' id='page_1' title='image "/cluster/home/n/w/nwhite01/storage/ocr_20150623/28:no.4/coo.31924054873090/115.png"; bbox 0 0 4154 6398; ppageno 0'>
   <div class='ocr_carea' id='block_1_1' title="bbox 437 393 558 464">
    <p class='ocr_par' dir='ltr' id='par_1_1' title="bbox 437 393 558 464">
     <span class='ocr_line' id='line_1_1' title="bbox 437 393 558 464; baseline -0.008 0"><span class='ocrx_word' id='word_1_1' title='bbox 437 393 558 464; x_wconf 75' lang='lat'>203</span> 
     </span>
    </p>
   </div>
   <div class='ocr_carea' id='block_1_2' title="bbox 1629 396 2658 470">
    <p class='ocr_par' dir='ltr' id='par_1_2' title="bbox 1629 396 2658 470">
     <span class='ocr_line' id='line_1_2' title="bbox 1629 396 2658 470; baseline 0.004 -6"><span class='ocrx_word' id='word_1_2' title='bbox 1629 400 1692 464; x_wconf 84' lang='lat' dir='ltr'>S.</span> <span class='ocrx_word' id='word_1_3' title='bbox 1743 396 2262 467; x_wconf 77' lang='lat' dir='ltr'>ATHANASIUS.</span> <span class='ocrx_word' id='word_1_4' title='bbox 2292 439 2364 449; x_wconf 93' lang='lat'><strong>—</strong></span> <span class='ocrx_word' id='word_1_5' title='bbox 2399 399 2658 470; x_wconf 81' lang='lat' dir='ltr'>DUBIA.</span> 
     </span>
    </p>
   </div>
   <div class='ocr_carea' id='block_1_3' title="bbox 3733 416 3852 478">
    <p class='ocr_par' dir='ltr' id='par_1_3' title="bbox 3733 416 3852 478">
     <span class='ocr_line' id='line_1_3' title="bbox 3733 416 3852 478; baseline 0.017 -3"><span class='ocrx_word' id='word_1_6' title='bbox 3733 416 3852 478; x_wconf 68' lang='lat'>204</span> 
     </span>
    </p>
   </div>
   <div class='ocr_carea' id='block_1_4' title="bbox 439 534 2086 620">
    <p class='ocr_par' dir='ltr' id='par_1_4' title="bbox 439 534 2086 607">
     <span class='ocr_line' id='line_1_4' title="bbox 439 534 2086 607; baseline -0.001 -17"><span class='ocrx_word' id='word_1_7' title='bbox 439 536 694 590; x_wconf 81' lang='lat' dir='ltr'>Joannes</span> <span class='ocrx_word' id='word_1_8' title='bbox 712 548 873 602; x_wconf 89' lang='lat' dir='ltr'>vero,</span> <span class='ocrx_word' id='word_1_9' title='bbox 895 534 1137 589; x_wconf 91' lang='lat' dir='ltr'>modum</span> <span class='ocrx_word' id='word_1_10' title='bbox 1161 534 1489 603; x_wconf 81' lang='lat' dir='ltr'>divisionis,</span> <span class='ocrx_word' id='word_1_11' title='bbox 1511 552 1871 607; x_wconf 81' lang='lat' dir='ltr'>causamque</span> <span class='ocrx_word' id='word_1_12' title='bbox 1900 536 2086 591; x_wconf 70' lang='lat' dir='ltr'>missas</span> 
     </span>
    </p>
   </div>
   <div class='ocr_carea' id='block_1_5' title="bbox 2198 534 3853 620">
    <p class='ocr_par' dir='ltr' id='par_1_5' title="bbox 2206 534 3853 620">
     <span class='ocr_line' id='line_1_5' title="bbox 2206 534 3853 620; baseline 0.007 -33"><span class='ocrx_word' id='word_1_13' title='bbox 2206 534 2474 605; x_wconf 74' lang='grc' dir='ltr'>ποιότητα</span> <span class='ocrx_word' id='word_1_14' title='bbox 2501 543 2598 592; x_wconf 89' lang='grc' dir='ltr'>τοῦ</span> <span class='ocrx_word' id='word_1_15' title='bbox 2631 545 2922 615; x_wconf 80' lang='grc' dir='ltr'>μερισμοῦ,</span> <span class='ocrx_word' id='word_1_16' title='bbox 2953 539 3041 594; x_wconf 85' lang='grc' dir='ltr'>καὶ</span> <span class='ocrx_word' id='word_1_17' title='bbox 3088 541 3186 609; x_wconf 65' lang='grc' dir='ltr'>τὴν</span> <span class='ocrx_word' id='word_1_18' title='bbox 3245 540 3418 596; x_wconf 79' lang='grc' dir='ltr'>αἰτίαν</span> <span class='ocrx_word' id='word_1_19' title='bbox 3477 548 3574 597; x_wconf 88' lang='grc' dir='ltr'>τοῦ</span> <span class='ocrx_word' id='word_1_20' title='bbox 3629 564 3853 620; x_wconf 74' lang='grc' dir='ltr'>γεγενη-</span> 
     </span>
    </p>
   </div>
   <div class='ocr_carea' id='block_1_6' title="bbox 440 625 2084 701">
    <p class='ocr_par' dir='ltr' id='par_1_6' title="bbox 440 625 2084 701">
     <span class='ocr_line' id='line_1_6' title="bbox 440 625 2084 701; baseline 0 -18"><span class='ocrx_word' id='word_1_21' title='bbox 440 627 616 683; x_wconf 78' lang='lat' dir='ltr'>sortis</span> <span class='ocrx_word' id='word_1_22' title='bbox 673 625 934 682; x_wconf 78' lang='lat' dir='ltr'>declarat</span> <span class='ocrx_word' id='word_1_23' title='bbox 987 627 1082 682; x_wconf 89' lang='lat' dir='ltr'>his</span> <span class='ocrx_word' id='word_1_24' title='bbox 1127 627 1323 682; x_wconf 85' lang='lat' dir='ltr'>verbis</span> <span class='ocrx_word' id='word_1_25' title='bbox 1359 644 1426 682; x_wconf 82' lang='lat'>:«</span> <span class='ocrx_word' id='word_1_26' title='bbox 1460 626 1671 684; x_wconf 80' lang='lat' dir='ltr'>Milites</span> <span class='ocrx_word' id='word_1_27' title='bbox 1727 629 1906 701; x_wconf 78' lang='lat' dir='ltr'>igitur</span> <span class='ocrx_word' id='word_1_28' title='bbox 1951 644 2084 683; x_wconf 89' lang='lat' dir='ltr'>cum</span> 
     </span>
    </p>
   </div>
   <div class='ocr_carea' id='block_1_7' title="bbox 439 717 2086 789">
    <p class='ocr_par' dir='ltr' id='par_1_7' title="bbox 439 717 2086 789">
     <span class='ocr_line' id='line_1_7' title="bbox 439 717 2086 789; baseline 0.001 -17"><span class='ocrx_word' id='word_1_29' title='bbox 439 717 871 773; x_wconf 81' lang='lat' dir='ltr'>cruciﬁxissent</span> <span class='ocrx_word' id='word_1_30' title='bbox 897 717 1124 783; x_wconf 88' lang='lat' dir='ltr'>Jesum,</span> <span class='ocrx_word' id='word_1_31' title='bbox 1159 723 1510 789; x_wconf 82' lang='lat' dir='ltr'>acceperunt</span> <span class='ocrx_word' id='word_1_32' title='bbox 1547 719 1895 775; x_wconf 89' lang='lat' dir='ltr'>vestimenta</span> <span class='ocrx_word' id='word_1_33' title='bbox 1936 719 2086 789; x_wconf 83' lang='lat' dir='ltr'>ejus,</span> 
     </span>
    </p>
   </div>
   <div class='ocr_carea' id='block_1_8' title="bbox 439 807 2088 879">
    <p class='ocr_par' dir='ltr' id='par_1_8' title="bbox 439 807 2088 879">
     <span class='ocr_line' id='line_1_8' title="bbox 439 807 2088 879; baseline -0.001 -17"><span class='ocrx_word' id='word_1_34' title='bbox 439 812 498 862; x_wconf 86' lang='lat' dir='ltr'>et</span> <span class='ocrx_word' id='word_1_35' title='bbox 526 807 790 862; x_wconf 83' lang='lat' dir='ltr'>fecerunt</span> <span class='ocrx_word' id='word_1_36' title='bbox 817 810 1072 878; x_wconf 82' lang='lat' dir='ltr'>quatuor</span> <span class='ocrx_word' id='word_1_37' title='bbox 1113 812 1330 878; x_wconf 85' lang='lat' dir='ltr'>partes,</span> <span class='ocrx_word' id='word_1_38' title='bbox 1368 808 1682 879; x_wconf 88' lang='lat' dir='ltr'>unicuique</span> <span class='ocrx_word' id='word_1_39' title='bbox 1729 807 1902 862; x_wconf 79' lang='lat' dir='ltr'>militi</span> <span class='ocrx_word' id='word_1_40' title='bbox 1953 824 2088 879; x_wconf 87' lang='lat' dir='ltr'>par-</span> 
     </span>
    </p>
   </div>
   <div class='ocr_carea' id='block_1_9' title="bbox 437 895 2090 967">
    <p class='ocr_par' dir='ltr' id='par_1_9' title="bbox 437 895 2090 967">
     <span class='ocr_line' id='line_1_9' title="bbox 437 895 2090 967; baseline -0.001 -17"><span class='ocrx_word' id='word_1_41' title='bbox 437 901 580 950; x_wconf 90' lang='lat' dir='ltr'>tem.</span> <span class='ocrx_word' id='word_1_42' title='bbox 615 895 899 951; x_wconf 88' lang='lat' dir='ltr'>Tunicam</span> <span class='ocrx_word' id='word_1_43' title='bbox 930 895 1248 966; x_wconf 89' lang='lat' dir='ltr'>vero,quia</span> <span class='ocrx_word' id='word_1_44' title='bbox 1275 899 1400 950; x_wconf 90' lang='lat' dir='ltr'>erat</span> <span class='ocrx_word' id='word_1_45' title='bbox 1433 896 1804 952; x_wconf 88' lang='lat' dir='ltr'>inconsutilis</span> <span class='ocrx_word' id='word_1_46' title='bbox 1837 897 2090 967; x_wconf 80' lang='lat' dir='ltr'>desuper</span> 
     </span>
    </p>
   </div>
   <div class='ocr_carea' id='block_1_10' title="bbox 441 982 2088 1056">
    <p class='ocr_par' dir='ltr' id='par_1_10' title="bbox 441 982 2088 1056">
     <span class='ocr_line' id='line_1_10' title="bbox 441 982 2088 1056; baseline -0.001 -16"><span class='ocrx_word' id='word_1_47' title='bbox 441 989 712 1040; x_wconf 81' lang='lat' dir='ltr'>contexta</span> <span class='ocrx_word' id='word_1_48' title='bbox 767 1001 868 1056; x_wconf 90' lang='lat' dir='ltr'>per</span> <span class='ocrx_word' id='word_1_49' title='bbox 922 988 1135 1049; x_wconf 89' lang='lat' dir='ltr'>totum,</span> <span class='ocrx_word' id='word_1_50' title='bbox 1175 982 1449 1039; x_wconf 80' lang='lat' dir='ltr'>dixerunt</span> <span class='ocrx_word' id='word_1_51' title='bbox 1503 987 1576 1040; x_wconf 91' lang='lat' dir='ltr'>ad</span> <span class='ocrx_word' id='word_1_52' title='bbox 1634 985 1879 1041; x_wconf 84' lang='lat' dir='ltr'>invicem</span> <span class='ocrx_word' id='word_1_53' title='bbox 1916 1001 1928 1038; x_wconf 89' lang='lat'>:</span> <span class='ocrx_word' id='word_1_54' title='bbox 1962 985 2088 1039; x_wconf 88' lang='lat' dir='ltr'>Non</span> 
     </span>
    </p>
   </div>
   <div class='ocr_carea' id='block_1_11' title="bbox 440 1073 2086 1145">
    <p class='ocr_par' dir='ltr' id='par_1_11' title="bbox 440 1073 2086 1145">
     <span class='ocr_line' id='line_1_11' title="bbox 440 1073 2086 1145; baseline -0.002 -15"><span class='ocrx_word' id='word_1_55' title='bbox 440 1073 784 1130; x_wconf 85' lang='lat' dir='ltr'>scindamus</span> <span class='ocrx_word' id='word_1_56' title='bbox 823 1090 974 1144; x_wconf 90' lang='lat' dir='ltr'>eam,</span> <span class='ocrx_word' id='word_1_57' title='bbox 1007 1073 1108 1129; x_wconf 89' lang='lat' dir='ltr'>sed</span> <span class='ocrx_word' id='word_1_58' title='bbox 1155 1075 1475 1128; x_wconf 76' lang='lat' dir='ltr'>sortiamur</span> <span class='ocrx_word' id='word_1_59' title='bbox 1503 1075 1573 1129; x_wconf 92' lang='lat' dir='ltr'>de</span> <span class='ocrx_word' id='word_1_60' title='bbox 1605 1073 1704 1129; x_wconf 89' lang='lat' dir='ltr'>illa</span> <span class='ocrx_word' id='word_1_61' title='bbox 1733 1075 1902 1145; x_wconf 88' lang='lat' dir='ltr'>cujus</span> <span class='ocrx_word' id='word_1_62' title='bbox 1932 1073 2040 1129; x_wconf 88' lang='lat' dir='ltr'>erit</span> <span class='ocrx_word' id='word_1_63' title='bbox 2072 1089 2086 1127; x_wconf 89' lang='lat'><strong>:</strong></span> 
     </span>
    </p>
   </div>
   <div class='ocr_carea' id='block_1_12' title="bbox 442 1161 2090 1234">
    <p class='ocr_par' dir='ltr' id='par_1_12' title="bbox 442 1161 2090 1234">
     <span class='ocr_line' id='line_1_12' title="bbox 442 1161 2090 1234; baseline -0.001 -16"><span class='ocrx_word' id='word_1_64' title='bbox 442 1167 508 1218; x_wconf 89' lang='lat' dir='ltr'>ut</span> <span class='ocrx_word' id='word_1_65' title='bbox 563 1161 906 1234; x_wconf 81' lang='lat' dir='ltr'>impleretur</span> <span class='ocrx_word' id='word_1_66' title='bbox 959 1161 1260 1234; x_wconf 82' lang='lat' dir='ltr'>Scriptura</span> <span class='ocrx_word' id='word_1_67' title='bbox 1312 1180 1324 1216; x_wconf 88' lang='lat'>:</span> <span class='ocrx_word' id='word_1_68' title='bbox 1375 1161 1711 1218; x_wconf 90' lang='lat' dir='ltr'>Diviserunt</span> <span class='ocrx_word' id='word_1_69' title='bbox 1757 1162 1868 1218; x_wconf 89' lang='lat' dir='ltr'>sibi</span> <span class='ocrx_word' id='word_1_70' title='bbox 1919 1163 2090 1218; x_wconf 91' lang='lat' dir='ltr'>vesti-</span> 
     </span>
    </p>
   </div>
   <div class='ocr_carea' id='block_1_13' title="bbox 441 1252 2092 1324">
    <p class='ocr_par' dir='ltr' id='par_1_13' title="bbox 441 1252 2092 1324">
     <span class='ocr_line' id='line_1_13' title="bbox 441 1252 2092 1324; baseline -0.002 -15"><span class='ocrx_word' id='word_1_71' title='bbox 441 1258 640 1309; x_wconf 83' lang='lat' dir='ltr'>menta</span> <span class='ocrx_word' id='word_1_72' title='bbox 673 1269 823 1320; x_wconf 85' lang='lat' dir='ltr'>mea,</span> <span class='ocrx_word' id='word_1_73' title='bbox 857 1255 913 1308; x_wconf 90' lang='lat' dir='ltr'>et</span> <span class='ocrx_word' id='word_1_74' title='bbox 952 1267 1130 1324; x_wconf 81' lang='lat' dir='ltr'>super</span> <span class='ocrx_word' id='word_1_75' title='bbox 1156 1255 1374 1307; x_wconf 86' lang='lat' dir='ltr'>vestem</span> <span class='ocrx_word' id='word_1_76' title='bbox 1421 1268 1612 1309; x_wconf 90' lang='lat' dir='ltr'>meam</span> <span class='ocrx_word' id='word_1_77' title='bbox 1646 1252 1938 1308; x_wconf 89' lang='lat' dir='ltr'>miserunt</span> <span class='ocrx_word' id='word_1_78' title='bbox 1966 1269 2092 1308; x_wconf 90' lang='lat' dir='ltr'>sor-</span> 
     </span>
    </p>
   </div>
   <div class='ocr_carea' id='block_1_14' title="bbox 438 1343 704 1397">
    <p class='ocr_par' dir='ltr' id='par_1_14' title="bbox 438 1343 704 1397">
     <span class='ocr_line' id='line_1_14' title="bbox 438 1343 704 1397; baseline -0.004 0"><span class='ocrx_word' id='word_1_79' title='bbox 438 1346 557 1397; x_wconf 89' lang='lat' dir='ltr'>tem</span> <span class='ocrx_word' id='word_1_80' title='bbox 583 1343 648 1396; x_wconf 80' lang='grc'>⁴².</span> <span class='ocrx_word' id='word_1_81' title='bbox 675 1364 704 1391; x_wconf 85' lang='lat'><strong>»</strong></span> 
     </span>
    </p>
   </div>
   <div class='ocr_carea' id='block_1_15' title="bbox 513 1429 2093 1502">
    <p class='ocr_par' dir='ltr' id='par_1_15' title="bbox 513 1429 2093 1502">
     <span class='ocr_line' id='line_1_15' title="bbox 513 1429 2093 1502; baseline -0.001 -16"><span class='ocrx_word' id='word_1_82' title='bbox 513 1433 600 1486; x_wconf 90' lang='grc'>11.</span> <span class='ocrx_word' id='word_1_83' title='bbox 634 1431 922 1487; x_wconf 86' lang='lat' dir='ltr'>Fortassis</span> <span class='ocrx_word' id='word_1_84' title='bbox 951 1431 1078 1501; x_wconf 86' lang='lat' dir='ltr'>jam</span> <span class='ocrx_word' id='word_1_85' title='bbox 1111 1429 1402 1501; x_wconf 85' lang='lat' dir='ltr'>quispiam</span> <span class='ocrx_word' id='word_1_86' title='bbox 1438 1430 1547 1484; x_wconf 86' lang='lat' dir='ltr'>erit</span> <span class='ocrx_word' id='word_1_87' title='bbox 1575 1431 1675 1502; x_wconf 89' lang='lat' dir='ltr'>qui</span> <span class='ocrx_word' id='word_1_88' title='bbox 1731 1430 1825 1486; x_wconf 89' lang='lat' dir='ltr'>his</span> <span class='ocrx_word' id='word_1_89' title='bbox 1871 1430 2093 1485; x_wconf 90' lang='lat' dir='ltr'>auditis</span> 
     </span>
    </p>
   </div>
   <div class='ocr_carea' id='block_1_16' title="bbox 439 1518 2092 1589">
    <p class='ocr_par' dir='ltr' id='par_1_16' title="bbox 439 1518 2092 1589">
     <span class='ocr_line' id='line_1_16' title="bbox 439 1518 2092 1589; baseline -0.003 -12"><span class='ocrx_word' id='word_1_90' title='bbox 439 1522 744 1578; x_wconf 85' lang='lat' dir='ltr'>erubescat</span> <span class='ocrx_word' id='word_1_91' title='bbox 787 1537 800 1576; x_wconf 93' lang='lat'><strong>:</strong></span> <span class='ocrx_word' id='word_1_92' title='bbox 845 1519 1114 1575; x_wconf 84' lang='lat' dir='ltr'>fortassis</span> <span class='ocrx_word' id='word_1_93' title='bbox 1173 1518 1414 1589; x_wconf 90' lang='lat' dir='ltr'>quidam</span> <span class='ocrx_word' id='word_1_94' title='bbox 1464 1519 1594 1585; x_wconf 90' lang='lat' dir='ltr'>erit,</span> <span class='ocrx_word' id='word_1_95' title='bbox 1629 1519 1730 1589; x_wconf 88' lang='lat' dir='ltr'>qui</span> <span class='ocrx_word' id='word_1_96' title='bbox 1781 1518 2092 1575; x_wconf 88' lang='lat' dir='ltr'>Dominum</span> 
     </span>
    </p>
   </div>
   <div class='ocr_carea' id='block_1_17' title="bbox 447 1607 2092 1680">
    <p class='ocr_par' dir='ltr' id='par_1_17' title="bbox 447 1607 2092 1680">
     <span class='ocr_line' id='line_1_17' title="bbox 447 1607 2092 1680; baseline -0.003 -13"><span class='ocrx_word' id='word_1_97' title='bbox 447 1627 690 1668; x_wconf 88' lang='lat' dir='ltr'>cernens</span> <span class='ocrx_word' id='word_1_98' title='bbox 739 1608 1002 1676; x_wconf 88' lang='lat' dir='ltr'>illusum,</span> <span class='ocrx_word' id='word_1_99' title='bbox 1055 1607 1404 1677; x_wconf 89' lang='lat' dir='ltr'>abductum,</span> <span class='ocrx_word' id='word_1_100' title='bbox 1434 1624 1669 1679; x_wconf 58' lang='lat' dir='ltr'>caesum,</span> <span class='ocrx_word' id='word_1_101' title='bbox 1699 1609 1918 1680; x_wconf 91' lang='lat' dir='ltr'>pudore</span> <span class='ocrx_word' id='word_1_102' title='bbox 1966 1607 2092 1663; x_wconf 77' lang='lat' dir='ltr'>affi-</span> 
     </span>
    </p>
   </div>
   <div class='ocr_carea' id='block_1_18' title="bbox 440 1696 2098 1768">
    <p class='ocr_par' dir='ltr' id='par_1_18' title="bbox 440 1696 2098 1768">
     <span class='ocr_line' id='line_1_18' title="bbox 440 1696 2098 1768; baseline -0.001 -11"><span class='ocrx_word' id='word_1_103' title='bbox 440 1701 634 1757; x_wconf 87' lang='lat' dir='ltr'>ciatur</span> <span class='ocrx_word' id='word_1_104' title='bbox 667 1716 681 1756; x_wconf 87' lang='lat'>:</span> <span class='ocrx_word' id='word_1_105' title='bbox 718 1700 985 1755; x_wconf 81' lang='lat' dir='ltr'>fortassis</span> <span class='ocrx_word' id='word_1_106' title='bbox 1033 1698 1160 1768; x_wconf 89' lang='lat' dir='ltr'>jam</span> <span class='ocrx_word' id='word_1_107' title='bbox 1222 1696 1438 1768; x_wconf 88' lang='lat' dir='ltr'>aliquis</span> <span class='ocrx_word' id='word_1_108' title='bbox 1495 1698 1700 1754; x_wconf 91' lang='lat' dir='ltr'>videns</span> <span class='ocrx_word' id='word_1_109' title='bbox 1753 1698 2098 1756; x_wconf 59' lang='lat' dir='ltr'>Dominum,</span> 
     </span>
    </p>
   </div>
   <div class='ocr_carea' id='block_1_19' title="bbox 437 1785 2090 1859">
    <p class='ocr_par' dir='ltr' id='par_1_19' title="bbox 437 1785 2090 1859">
     <span class='ocr_line' id='line_1_19' title="bbox 437 1785 2090 1859; baseline -0.002 -13"><span class='ocrx_word' id='word_1_110' title='bbox 437 1790 794 1847; x_wconf 89' lang='lat' dir='ltr'>Salvatorcm</span> <span class='ocrx_word' id='word_1_111' title='bbox 829 1804 887 1843; x_wconf 79' lang='lat' dir='ltr'>et</span> <span class='ocrx_word' id='word_1_112' title='bbox 918 1802 1114 1858; x_wconf 82' lang='lat' dir='ltr'>regem</span> <span class='ocrx_word' id='word_1_113' title='bbox 1145 1785 1423 1853; x_wconf 86' lang='lat' dir='ltr'>universi,</span> <span class='ocrx_word' id='word_1_114' title='bbox 1453 1803 1488 1841; x_wconf 91' lang='lat' dir='ltr'>a</span> <span class='ocrx_word' id='word_1_115' title='bbox 1526 1785 1711 1842; x_wconf 86' lang='lat' dir='ltr'>Pilato</span> <span class='ocrx_word' id='word_1_116' title='bbox 1735 1787 2090 1859; x_wconf 89' lang='lat' dir='ltr'>judicatum,</span> 
     </span>
    </p>
   </div>
   <div class='ocr_carea' id='block_1_20' title="bbox 2199 623 3855 709">
    <p class='ocr_par' dir='ltr' id='par_1_20' title="bbox 2199 623 3855 709">
     <span class='ocr_line' id='line_1_20' title="bbox 2199 623 3855 709; baseline 0.007 -32"><span class='ocrx_word' id='word_1_117' title='bbox 2199 623 2362 695; x_wconf 78' lang='grc' dir='ltr'>μένου</span> <span class='ocrx_word' id='word_1_118' title='bbox 2386 625 2596 701; x_wconf 84' lang='grc' dir='ltr'>κλήρου</span> <span class='ocrx_word' id='word_1_119' title='bbox 2629 625 2894 704; x_wconf 81' lang='grc' dir='ltr'>διηγεῖται</span> <span class='ocrx_word' id='word_1_120' title='bbox 2929 630 3103 704; x_wconf 70' lang='grc' dir='ltr'>λέγων</span> <span class='ocrx_word' id='word_1_121' title='bbox 3139 631 3331 693; x_wconf 69' lang='grc' dir='ltr'>οὕτως·</span> <span class='ocrx_word' id='word_1_122' title='bbox 3366 655 3392 681; x_wconf 92' lang='grc'><strong>‹‹</strong></span> <span class='ocrx_word' id='word_1_123' title='bbox 3423 633 3489 689; x_wconf 76' lang='grc' dir='ltr'>Οἱ</span> <span class='ocrx_word' id='word_1_124' title='bbox 3547 632 3638 687; x_wconf 85' lang='grc' dir='ltr'>οὗν</span> <span class='ocrx_word' id='word_1_125' title='bbox 3697 654 3855 709; x_wconf 83' lang='grc' dir='ltr'>στρα-</span> 
     </span>
    </p>
   </div>
   <div class='ocr_carea' id='block_1_21' title="bbox 2194 714 3851 794">
    <p class='ocr_par' dir='ltr' id='par_1_21' title="bbox 2194 714 3851 794">
     <span class='ocr_line' id='line_1_21' title="bbox 2194 714 3851 794; baseline 0.005 -27"><span class='ocrx_word' id='word_1_126' title='bbox 2194 717 2406 784; x_wconf 86' lang='grc' dir='ltr'>τιῶται,</span> <span class='ocrx_word' id='word_1_127' title='bbox 2441 714 2529 769; x_wconf 74' lang='grc' dir='ltr'>ὅτε</span> <span class='ocrx_word' id='word_1_128' title='bbox 2563 715 2898 792; x_wconf 75' lang='grc' dir='ltr'>ἐσταύρωσαν</span> <span class='ocrx_word' id='word_1_129' title='bbox 2931 720 3021 774; x_wconf 84' lang='grc' dir='ltr'>τὸν</span> <span class='ocrx_word' id='word_1_130' title='bbox 3060 721 3292 789; x_wconf 86' lang='grc' dir='ltr'>Ἰησοῦν,</span> <span class='ocrx_word' id='word_1_131' title='bbox 3341 715 3538 776; x_wconf 79' lang='grc' dir='ltr'>ἔλαϐον</span> <span class='ocrx_word' id='word_1_132' title='bbox 3593 723 3662 776; x_wconf 78' lang='grc' dir='ltr'>τὰ</span> <span class='ocrx_word' id='word_1_133' title='bbox 3718 721 3851 794; x_wconf 77' lang='grc' dir='ltr'>ἱμά-</span> 
     </span>
    </p>
   </div>
   <div class='ocr_carea' id='block_1_22' title="bbox 2194 803 3852 886">
    <p class='ocr_par' dir='ltr' id='par_1_22' title="bbox 2194 803 3852 886">
     <span class='ocr_line' id='line_1_22' title="bbox 2194 803 3852 886; baseline 0.007 -31"><span class='ocrx_word' id='word_1_134' title='bbox 2194 822 2284 855; x_wconf 87' lang='grc' dir='ltr'>τια</span> <span class='ocrx_word' id='word_1_135' title='bbox 2315 803 2499 875; x_wconf 82' lang='grc' dir='ltr'>αὐτοῦ,</span> <span class='ocrx_word' id='word_1_136' title='bbox 2531 806 2618 858; x_wconf 84' lang='grc' dir='ltr'>καί</span> <span class='ocrx_word' id='word_1_137' title='bbox 2653 805 2910 877; x_wconf 80' lang='grc' dir='ltr'>ἐποίησαν</span> <span class='ocrx_word' id='word_1_138' title='bbox 2942 809 3174 884; x_wconf 72' lang='grc' dir='ltr'>τέσσαρα</span> <span class='ocrx_word' id='word_1_139' title='bbox 3237 807 3400 885; x_wconf 78' lang='grc' dir='ltr'>μέρη,</span> <span class='ocrx_word' id='word_1_140' title='bbox 3450 809 3660 882; x_wconf 76' lang='grc' dir='ltr'>ἑκάστῳ</span> <span class='ocrx_word' id='word_1_141' title='bbox 3693 831 3852 886; x_wconf 76' lang='grc' dir='ltr'>στραο</span> 
     </span>
    </p>
   </div>
   <div class='ocr_carea' id='block_1_23' title="bbox 2196 890 3858 974">
    <p class='ocr_par' dir='ltr' id='par_1_23' title="bbox 2196 890 3858 974">
     <span class='ocr_line' id='line_1_23' title="bbox 2196 890 3858 974; baseline 0.011 -31"><span class='ocrx_word' id='word_1_142' title='bbox 2196 890 2364 963; x_wconf 80' lang='grc' dir='ltr'>τιώτῃ</span> <span class='ocrx_word' id='word_1_143' title='bbox 2398 892 2580 967; x_wconf 73' lang='grc' dir='ltr'>μέρος.</span> <span class='ocrx_word' id='word_1_144' title='bbox 2612 895 2709 948; x_wconf 85' lang='grc' dir='ltr'>Τὸν</span> <span class='ocrx_word' id='word_1_145' title='bbox 2755 893 2811 950; x_wconf 78' lang='grc' dir='ltr'>δὲ</span> <span class='ocrx_word' id='word_1_146' title='bbox 2878 902 3086 972; x_wconf 79' lang='grc' dir='ltr'>χιτῶνα</span> <span class='ocrx_word' id='word_1_147' title='bbox 3145 897 3259 952; x_wconf 81' lang='grc' dir='ltr'>ἐπεὶ</span> <span class='ocrx_word' id='word_1_148' title='bbox 3317 899 3382 968; x_wconf 78' lang='grc' dir='ltr'>ἦν</span> <span class='ocrx_word' id='word_1_149' title='bbox 3443 895 3682 974; x_wconf 73' lang='grc' dir='ltr'>ἅρῥαφος</span> 
     </span>
    </p>
   </div>
   <div class='ocr_carea' id='block_1_24' title="bbox 2198 977 3854 1062">
    <p class='ocr_par' dir='ltr' id='par_1_24' title="bbox 2198 977 3854 1062">
     <span class='ocr_line' id='line_1_24' title="bbox 2198 977 3854 1062; baseline 0.007 -30"><span class='ocrx_word' id='word_1_150' title='bbox 2198 977 2391 1033; x_wconf 81' lang='grc' dir='ltr'>ἐκτῶν</span> <span class='ocrx_word' id='word_1_151' title='bbox 2422 983 2531 1035; x_wconf 78' lang='grc' dir='ltr'>ἅνω</span> <span class='ocrx_word' id='word_1_152' title='bbox 2583 984 2808 1061; x_wconf 64' lang='grc' dir='ltr'>ὑφαντὸς</span> <span class='ocrx_word' id='word_1_153' title='bbox 2865 983 3076 1059; x_wconf 89' lang='grc' dir='ltr'>διόλου,</span> <span class='ocrx_word' id='word_1_154' title='bbox 3138 988 3287 1042; x_wconf 87' lang='grc' dir='ltr'>εἶπον</span> <span class='ocrx_word' id='word_1_155' title='bbox 3342 987 3478 1062; x_wconf 85' lang='grc' dir='ltr'>πρὸς</span> <span class='ocrx_word' id='word_1_156' title='bbox 3547 987 3854 1058; x_wconf 75' lang='grc' dir='ltr'>ἀλλήλους·</span> 
     </span>
    </p>
   </div>
   <div class='ocr_carea' id='block_1_25' title="bbox 2198 1069 3854 1153">
    <p class='ocr_par' dir='ltr' id='par_1_25' title="bbox 2198 1069 3854 1153">
     <span class='ocr_line' id='line_1_25' title="bbox 2198 1069 3854 1153; baseline 0.007 -31"><span class='ocrx_word' id='word_1_157' title='bbox 2198 1070 2285 1137; x_wconf 79' lang='grc' dir='ltr'>Μὴ</span> <span class='ocrx_word' id='word_1_158' title='bbox 2321 1069 2596 1145; x_wconf 77' lang='grc' dir='ltr'>σχίσωμεν</span> <span class='ocrx_word' id='word_1_159' title='bbox 2630 1072 2814 1141; x_wconf 76' lang='grc' dir='ltr'>αὐτὸν,</span> <span class='ocrx_word' id='word_1_160' title='bbox 2847 1074 2990 1130; x_wconf 74' lang='grc' dir='ltr'>ἀλλὰ</span> <span class='ocrx_word' id='word_1_161' title='bbox 3040 1076 3302 1152; x_wconf 84' lang='grc' dir='ltr'>λάχωμεν</span> <span class='ocrx_word' id='word_1_162' title='bbox 3335 1077 3459 1153; x_wconf 82' lang='grc' dir='ltr'>περὶ</span> <span class='ocrx_word' id='word_1_163' title='bbox 3486 1078 3677 1145; x_wconf 84' lang='grc' dir='ltr'>αὐτοῦ,</span> <span class='ocrx_word' id='word_1_164' title='bbox 3707 1077 3854 1142; x_wconf 90' lang='grc' dir='ltr'>τίνος</span> 
     </span>
    </p>
   </div>
   <div class='ocr_carea' id='block_1_26' title="bbox 2199 1155 3854 1242">
    <p class='ocr_par' dir='ltr' id='par_1_26' title="bbox 2199 1155 3854 1242">
     <span class='ocr_line' id='line_1_26' title="bbox 2199 1155 3854 1242; baseline 0.008 -32"><span class='ocrx_word' id='word_1_165' title='bbox 2199 1155 2366 1212; x_wconf 75' lang='grc' dir='ltr'>ἔσται·</span> <span class='ocrx_word' id='word_1_166' title='bbox 2411 1157 2502 1214; x_wconf 76' lang='grc' dir='ltr'>’ίνα</span> <span class='ocrx_word' id='word_1_167' title='bbox 2546 1162 2580 1230; x_wconf 76' lang='grc' dir='ltr'>ἡ</span> <span class='ocrx_word' id='word_1_168' title='bbox 2642 1165 2827 1242; x_wconf 81' lang='grc' dir='ltr'>Γραφή</span> <span class='ocrx_word' id='word_1_169' title='bbox 2875 1163 3173 1242; x_wconf 74' lang='grc' dir='ltr'>πληρωθῇ·</span> <span class='ocrx_word' id='word_1_170' title='bbox 3209 1165 3592 1240; x_wconf 77' lang='grc' dir='ltr'>Διεμερίσαντο</span> <span class='ocrx_word' id='word_1_171' title='bbox 3626 1168 3694 1221; x_wconf 80' lang='grc' dir='ltr'>τὰ</span> <span class='ocrx_word' id='word_1_172' title='bbox 3723 1167 3854 1241; x_wconf 78' lang='grc' dir='ltr'>ἱμά-</span> 
     </span>
    </p>
   </div>
   <div class='ocr_carea' id='block_1_27' title="bbox 2197 1244 3852 1329">
    <p class='ocr_par' dir='ltr' id='par_1_27' title="bbox 2197 1244 3852 1329">
     <span class='ocr_line' id='line_1_27' title="bbox 2197 1244 3852 1329; baseline 0.007 -29"><span class='ocrx_word' id='word_1_173' title='bbox 2197 1244 2288 1300; x_wconf 84' lang='grc' dir='ltr'>τιά</span> <span class='ocrx_word' id='word_1_174' title='bbox 2321 1269 2423 1319; x_wconf 88' lang='grc' dir='ltr'>μου</span> <span class='ocrx_word' id='word_1_175' title='bbox 2472 1249 2706 1314; x_wconf 75' lang='grc' dir='ltr'>ἑαυτοῖς,</span> <span class='ocrx_word' id='word_1_176' title='bbox 2755 1252 2843 1307; x_wconf 81' lang='grc' dir='ltr'>καὶ</span> <span class='ocrx_word' id='word_1_177' title='bbox 2895 1253 2980 1308; x_wconf 72' lang='grc' dir='ltr'>ἰπὶ</span> <span class='ocrx_word' id='word_1_178' title='bbox 3030 1255 3122 1310; x_wconf 88' lang='grc' dir='ltr'>τὸν</span> <span class='ocrx_word' id='word_1_179' title='bbox 3185 1255 3480 1329; x_wconf 76' lang='grc' dir='ltr'>ἱματισμόν</span> <span class='ocrx_word' id='word_1_180' title='bbox 3517 1277 3624 1328; x_wconf 92' lang='grc' dir='ltr'>μου</span> <span class='ocrx_word' id='word_1_181' title='bbox 3655 1252 3852 1312; x_wconf 75' lang='grc' dir='ltr'>ἔϐαλον</span> 
     </span>
    </p>
   </div>
   <div class='ocr_carea' id='block_1_28' title="bbox 2199 1335 2488 1410">
    <p class='ocr_par' dir='ltr' id='par_1_28' title="bbox 2199 1335 2488 1410">
     <span class='ocr_line' id='line_1_28' title="bbox 2199 1335 2488 1410; baseline -0.003 -21"><span class='ocrx_word' id='word_1_182' title='bbox 2199 1335 2430 1410; x_wconf 78' lang='grc' dir='ltr'>κλῆρον.</span> <span class='ocrx_word' id='word_1_183' title='bbox 2468 1363 2488 1388; x_wconf 78' lang='grc' dir='ltr'><strong>ι</strong></span> 
     </span>
    </p>
   </div>
   <div class='ocr_carea' id='block_1_29' title="bbox 2273 1428 3851 1510">
    <p class='ocr_par' dir='ltr' id='par_1_29' title="bbox 2273 1428 3851 1510">
     <span class='ocr_line' id='line_1_29' title="bbox 2273 1428 3851 1510; baseline 0.006 -28"><span class='ocrx_word' id='word_1_184' title='bbox 2273 1428 2360 1484; x_wconf 76' lang='grc'>41.</span> <span class='ocrx_word' id='word_1_185' title='bbox 2408 1428 2565 1490; x_wconf 84' lang='grc' dir='ltr'>Ἴσως</span> <span class='ocrx_word' id='word_1_186' title='bbox 2606 1452 2688 1492; x_wconf 84' lang='grc' dir='ltr'>τις</span> <span class='ocrx_word' id='word_1_187' title='bbox 2745 1432 2952 1488; x_wconf 81' lang='grc' dir='ltr'>τούτων</span> <span class='ocrx_word' id='word_1_188' title='bbox 3010 1435 3220 1490; x_wconf 77' lang='grc' dir='ltr'>ἁκούων</span> <span class='ocrx_word' id='word_1_189' title='bbox 3280 1434 3520 1510; x_wconf 75' lang='grc' dir='ltr'>ἐρυθριᾳ·</span> <span class='ocrx_word' id='word_1_190' title='bbox 3584 1434 3712 1498; x_wconf 59' lang='grc' dir='ltr'>ἴσως</span> <span class='ocrx_word' id='word_1_191' title='bbox 3769 1458 3851 1498; x_wconf 88' lang='grc' dir='ltr'>τις</span> 
     </span>
    </p>
   </div>
   <div class='ocr_carea' id='block_1_30' title="bbox 2203 1512 3854 1600">
    <p class='ocr_par' dir='ltr' id='par_1_30' title="bbox 2203 1512 3854 1600">
     <span class='ocr_line' id='line_1_30' title="bbox 2203 1512 3854 1600; baseline 0.008 -33"><span class='ocrx_word' id='word_1_192' title='bbox 2203 1512 2343 1588; x_wconf 80' lang='grc' dir='ltr'>ὀρῶν</span> <span class='ocrx_word' id='word_1_193' title='bbox 2400 1517 2490 1572; x_wconf 83' lang='grc' dir='ltr'>τὸν</span> <span class='ocrx_word' id='word_1_194' title='bbox 2551 1518 2744 1593; x_wconf 77' lang='grc' dir='ltr'>Κύριον</span> <span class='ocrx_word' id='word_1_195' title='bbox 2802 1523 3149 1594; x_wconf 79' lang='grc' dir='ltr'>παιζόμενον,</span> <span class='ocrx_word' id='word_1_196' title='bbox 3209 1524 3299 1579; x_wconf 79' lang='grc' dir='ltr'>καὶ</span> <span class='ocrx_word' id='word_1_197' title='bbox 3346 1526 3707 1600; x_wconf 77' lang='grc' dir='ltr'>ἀπαγόμενον,</span> <span class='ocrx_word' id='word_1_198' title='bbox 3765 1527 3854 1581; x_wconf 83' lang='grc' dir='ltr'>καὶ</span> 
     </span>
    </p>
   </div>
   <div class='ocr_carea' id='block_1_31' title="bbox 2199 1605 3856 1690">
    <p class='ocr_par' dir='ltr' id='par_1_31' title="bbox 2199 1605 3856 1690">
     <span class='ocr_line' id='line_1_31' title="bbox 2199 1605 3856 1690; baseline 0.007 -31"><span class='ocrx_word' id='word_1_199' title='bbox 2199 1605 2555 1678; x_wconf 91' lang='grc' dir='ltr'>τυπτόμενον,</span> <span class='ocrx_word' id='word_1_200' title='bbox 2616 1607 2955 1685; x_wconf 78' lang='grc' dir='ltr'>αἰσχύνεται·</span> <span class='ocrx_word' id='word_1_201' title='bbox 3002 1613 3135 1675; x_wconf 77' lang='grc' dir='ltr'>’ἰσως</span> <span class='ocrx_word' id='word_1_202' title='bbox 3167 1618 3259 1668; x_wconf 88' lang='grc' dir='ltr'>νῦν</span> <span class='ocrx_word' id='word_1_203' title='bbox 3287 1635 3371 1676; x_wconf 92' lang='grc' dir='ltr'>τις</span> <span class='ocrx_word' id='word_1_204' title='bbox 3430 1614 3571 1690; x_wconf 80' lang='grc' dir='ltr'>ὁρῶν</span> <span class='ocrx_word' id='word_1_205' title='bbox 3619 1614 3712 1670; x_wconf 87' lang='grc' dir='ltr'>τὸν</span> <span class='ocrx_word' id='word_1_206' title='bbox 3755 1614 3856 1670; x_wconf 84' lang='grc' dir='ltr'>Κύ-</span> 
     </span>
    </p>
   </div>
   <div class='ocr_carea' id='block_1_32' title="bbox 2205 1695 3852 1780">
    <p class='ocr_par' dir='ltr' id='par_1_32' title="bbox 2205 1695 3852 1780">
     <span class='ocr_line' id='line_1_32' title="bbox 2205 1695 3852 1780; baseline 0.008 -34"><span class='ocrx_word' id='word_1_207' title='bbox 2205 1714 2307 1765; x_wconf 89' lang='grc' dir='ltr'>ιον,</span> <span class='ocrx_word' id='word_1_208' title='bbox 2351 1695 2441 1748; x_wconf 83' lang='grc' dir='ltr'>καὶ</span> <span class='ocrx_word' id='word_1_209' title='bbox 2499 1699 2752 1774; x_wconf 73' lang='grc' dir='ltr'>Σωτῆρα,</span> <span class='ocrx_word' id='word_1_210' title='bbox 2811 1700 2900 1754; x_wconf 87' lang='grc' dir='ltr'>καὶ</span> <span class='ocrx_word' id='word_1_211' title='bbox 2954 1700 3180 1776; x_wconf 69' lang='grc' dir='ltr'>βασιλέα</span> <span class='ocrx_word' id='word_1_212' title='bbox 3249 1706 3346 1757; x_wconf 87' lang='grc' dir='ltr'>τοῦ</span> <span class='ocrx_word' id='word_1_213' title='bbox 3411 1704 3610 1765; x_wconf 83' lang='grc' dir='ltr'>παντὸς</span> <span class='ocrx_word' id='word_1_214' title='bbox 3668 1702 3852 1780; x_wconf 84' lang='grc' dir='ltr'>κρινό-</span> 
     </span>
    </p>
   </div>
   <div class='ocr_carea' id='block_1_33' title="bbox 2206 1783 3847 1868">
    <p class='ocr_par' dir='ltr' id='par_1_33' title="bbox 2206 1783 3847 1868">
     <span class='ocr_line' id='line_1_33' title="bbox 2206 1783 3847 1868; baseline 0.007 -32"><span class='ocrx_word' id='word_1_215' title='bbox 2206 1803 2362 1856; x_wconf 84' lang='grc' dir='ltr'>μενον</span> <span class='ocrx_word' id='word_1_216' title='bbox 2395 1783 2496 1838; x_wconf 86' lang='grc' dir='ltr'>ὑπὸ</span> <span class='ocrx_word' id='word_1_217' title='bbox 2527 1784 2789 1858; x_wconf 79' lang='grc' dir='ltr'>Πιλάτου,</span> <span class='ocrx_word' id='word_1_218' title='bbox 2823 1788 2911 1842; x_wconf 88' lang='grc' dir='ltr'>καὶ</span> <span class='ocrx_word' id='word_1_219' title='bbox 2957 1789 3354 1866; x_wconf 74' lang='grc' dir='ltr'>σταυρούμενον</span> <span class='ocrx_word' id='word_1_220' title='bbox 3401 1791 3504 1846; x_wconf 84' lang='grc' dir='ltr'>ὑπὸ</span> <span class='ocrx_word' id='word_1_221' title='bbox 3551 1790 3847 1868; x_wconf 73' lang='grc' dir='ltr'>Ἰουδαίων,</span> 
     </span>
    </p>
   </div>
   <div class='ocr_carea' id='block_1_34' title="bbox 435 1869 2086 1977">
    <p class='ocr_par' dir='ltr' id='par_1_34' title="bbox 435 1875 2086 1947">
     <span class='ocr_line' id='line_1_34' title="bbox 435 1875 2086 1947; baseline -0.001 -13"><span class='ocrx_word' id='word_1_222' title='bbox 435 1885 493 1935; x_wconf 92' lang='lat' dir='ltr'>et</span> <span class='ocrx_word' id='word_1_223' title='bbox 517 1878 852 1933; x_wconf 83' lang='lat' dir='ltr'>cruciﬁxum</span> <span class='ocrx_word' id='word_1_224' title='bbox 875 1894 908 1932; x_wconf 90' lang='lat' dir='ltr'>a</span> <span class='ocrx_word' id='word_1_225' title='bbox 928 1875 1172 1943; x_wconf 68' lang='lat' dir='ltr'>Judazis,</span> <span class='ocrx_word' id='word_1_226' title='bbox 1196 1875 1417 1946; x_wconf 91' lang='lat' dir='ltr'>pudore</span> <span class='ocrx_word' id='word_1_227' title='bbox 1438 1875 1748 1942; x_wconf 83' lang='lat' dir='ltr'>afﬁciatur,</span> <span class='ocrx_word' id='word_1_228' title='bbox 1772 1876 2086 1947; x_wconf 82' lang='lat' dir='ltr'>oculosque</span> 
     </span>
    </p>
   </div>
   <div class='ocr_carea' id='block_1_35' title="bbox 2198 1869 3847 1977">
    <p class='ocr_par' dir='ltr' id='par_1_35' title="bbox 2202 1869 3847 1977">
     <span class='ocr_line' id='line_1_35' title="bbox 2202 1869 3847 1960; baseline 0.008 -35"><span class='ocrx_word' id='word_1_229' title='bbox 2202 1869 2552 1942; x_wconf 83' lang='grc' dir='ltr'>δυσωπεῖται,</span> <span class='ocrx_word' id='word_1_230' title='bbox 2610 1875 2700 1929; x_wconf 85' lang='grc' dir='ltr'>καὶ</span> <span class='ocrx_word' id='word_1_231' title='bbox 2757 1878 2905 1932; x_wconf 87' lang='grc' dir='ltr'>κάτω</span> <span class='ocrx_word' id='word_1_232' title='bbox 2957 1879 3048 1932; x_wconf 91' lang='grc' dir='ltr'>τὸν</span> <span class='ocrx_word' id='word_1_233' title='bbox 3091 1875 3374 1958; x_wconf 78' lang='grc' dir='ltr'>ὅφθαλμὸν</span> <span class='ocrx_word' id='word_1_234' title='bbox 3403 1876 3540 1958; x_wconf 73' lang='grc' dir='ltr'>ἔχει.</span> <span class='ocrx_word' id='word_1_235' title='bbox 3575 1879 3714 1939; x_wconf 72' lang='grc' dir='ltr'><strong>Οὐδὲ</strong></span> <span class='ocrx_word' id='word_1_236' title='bbox 3743 1884 3847 1960; x_wconf 76' lang='grc' dir='ltr'>γὰρ</span> 
     </span>
     <span class='ocr_line' id='line_1_36' title="bbox 2237 1958 3818 1977; baseline 0 0"><span class='ocrx_word' id='word_1_237' title='bbox 2237 1958 2311 1977; x_wconf 68' lang='grc' dir='ltr'>ν...</span> <span class='ocrx_word' id='word_1_238' title='bbox 2374 1961 2430 1977; x_wconf 68' lang='grc' dir='ltr'>,η</span> <span class='ocrx_word' id='word_1_239' title='bbox 2588 1967 2688 1977; x_wconf 72' lang='grc' dir='ltr'>η.-.</span> <span class='ocrx_word' id='word_1_240' title='bbox 2747 1962 2772 1977; x_wconf 73' lang='grc' dir='ltr'><em>,ι</em></span> <span class='ocrx_word' id='word_1_241' title='bbox 3025 1969 3036 1977; x_wconf 89' lang='grc'>.</span> <span class='ocrx_word' id='word_1_242' title='bbox 3150 1967 3161 1977; x_wconf 97' lang='grc'>.</span> <span class='ocrx_word' id='word_1_243' title='bbox 3263 1966 3369 1977; x_wconf 50' lang='grc' dir='ltr'>.-η</span> <span class='ocrx_word' id='word_1_244' title='bbox 3642 1969 3658 1977; x_wconf 86' lang='grc'>-</span> <span class='ocrx_word' id='word_1_245' title='bbox 3807 1970 3818 1977; x_wconf 92' lang='grc'>.</span> 
     </span>
    </p>
   </div>
   <div class='ocr_carea' id='block_1_36' title="bbox 434 1962 2080 2037">
    <p class='ocr_par' dir='ltr' id='par_1_36' title="bbox 434 1962 2080 2037">
     <span class='ocr_line' id='line_1_37' title="bbox 434 1962 2080 2037; baseline -0.002 -14"><span class='ocrx_word' id='word_1_246' title='bbox 434 1969 725 2023; x_wconf 85' lang='lat' dir='ltr'>demittat.</span> <span class='ocrx_word' id='word_1_247' title='bbox 744 1967 891 2022; x_wconf 90' lang='lat' dir='ltr'>Nam</span> <span class='ocrx_word' id='word_1_248' title='bbox 915 1981 1104 2036; x_wconf 90' lang='lat' dir='ltr'>neque</span> <span class='ocrx_word' id='word_1_249' title='bbox 1126 1962 1214 2019; x_wconf 89' lang='lat' dir='ltr'>sol</span> <span class='ocrx_word' id='word_1_250' title='bbox 1247 1963 1384 2018; x_wconf 88' lang='lat' dir='ltr'>tulit</span> <span class='ocrx_word' id='word_1_251' title='bbox 1404 1964 1512 2020; x_wconf 89' lang='lat' dir='ltr'>hoc</span> <span class='ocrx_word' id='word_1_252' title='bbox 1533 1965 1955 2037; x_wconf 81' lang='lat' dir='ltr'>spectaculum,</span> <span class='ocrx_word' id='word_1_253' title='bbox 1980 1966 2080 2021; x_wconf 91' lang='lat' dir='ltr'>sed</span> 
     </span>
    </p>
   </div>
   <div class='ocr_carea' id='block_1_37' title="bbox 438 2053 2080 2121">
    <p class='ocr_par' dir='ltr' id='par_1_37' title="bbox 438 2053 2080 2121">
     <span class='ocr_line' id='line_1_38' title="bbox 438 2053 2080 2121; baseline -0.002 -9"><span class='ocrx_word' id='word_1_254' title='bbox 438 2060 787 2114; x_wconf 85' lang='lat' dir='ltr'>obscuratus</span> <span class='ocrx_word' id='word_1_255' title='bbox 814 2059 974 2111; x_wconf 89' lang='lat' dir='ltr'>totus</span> <span class='ocrx_word' id='word_1_256' title='bbox 1004 2059 1113 2121; x_wconf 88' lang='lat' dir='ltr'>est,</span> <span class='ocrx_word' id='word_1_257' title='bbox 1148 2056 1212 2109; x_wconf 84' lang='lat' dir='ltr'>ut</span> <span class='ocrx_word' id='word_1_258' title='bbox 1242 2053 1486 2109; x_wconf 85' lang='lat' dir='ltr'>aliorum</span> <span class='ocrx_word' id='word_1_259' title='bbox 1521 2053 1722 2110; x_wconf 89' lang='lat' dir='ltr'>oculos</span> <span class='ocrx_word' id='word_1_260' title='bbox 1754 2059 2035 2110; x_wconf 83' lang='lat' dir='ltr'>averteret</span> <span class='ocrx_word' id='word_1_261' title='bbox 2067 2071 2080 2108; x_wconf 89' lang='lat'><strong>:</strong></span> 
     </span>
    </p>
   </div>
   <div class='ocr_carea' id='block_1_38' title="bbox 437 2143 2087 2216">
    <p class='ocr_par' dir='ltr' id='par_1_38' title="bbox 437 2143 2087 2216">
     <span class='ocr_line' id='line_1_39' title="bbox 437 2143 2087 2216; baseline -0.002 -13"><span class='ocrx_word' id='word_1_262' title='bbox 437 2164 543 2203; x_wconf 90' lang='lat' dir='ltr'>nec</span> <span class='ocrx_word' id='word_1_263' title='bbox 573 2147 799 2202; x_wconf 86' lang='lat' dir='ltr'>curavit</span> <span class='ocrx_word' id='word_1_264' title='bbox 825 2145 979 2200; x_wconf 90' lang='lat' dir='ltr'>ultra</span> <span class='ocrx_word' id='word_1_265' title='bbox 999 2146 1355 2216; x_wconf 62' lang='lat' dir='ltr'>praeceptum</span> <span class='ocrx_word' id='word_1_266' title='bbox 1389 2143 1764 2198; x_wconf 89' lang='lat' dir='ltr'>illuminandi</span> <span class='ocrx_word' id='word_1_267' title='bbox 1786 2144 2087 2212; x_wconf 87' lang='lat' dir='ltr'>homines;</span> 
     </span>
    </p>
   </div>
   <div class='ocr_carea' id='block_1_39' title="bbox 435 2233 2092 2308">
    <p class='ocr_par' dir='ltr' id='par_1_39' title="bbox 435 2233 2092 2308">
     <span class='ocr_line' id='line_1_40' title="bbox 435 2233 2092 2308; baseline -0.004 -14"><span class='ocrx_word' id='word_1_268' title='bbox 435 2239 537 2294; x_wconf 90' lang='lat' dir='ltr'>sed</span> <span class='ocrx_word' id='word_1_269' title='bbox 572 2242 698 2292; x_wconf 90' lang='lat' dir='ltr'>tum</span> <span class='ocrx_word' id='word_1_270' title='bbox 732 2235 1097 2308; x_wconf 71' lang='lat' dir='ltr'>praavaricari</span> <span class='ocrx_word' id='word_1_271' title='bbox 1127 2249 1309 2289; x_wconf 90' lang='lat' dir='ltr'>ausus</span> <span class='ocrx_word' id='word_1_272' title='bbox 1341 2237 1450 2298; x_wconf 89' lang='lat' dir='ltr'>est,</span> <span class='ocrx_word' id='word_1_273' title='bbox 1483 2249 1618 2287; x_wconf 91' lang='lat' dir='ltr'>cum</span> <span class='ocrx_word' id='word_1_274' title='bbox 1648 2233 1869 2288; x_wconf 89' lang='lat' dir='ltr'>videret</span> <span class='ocrx_word' id='word_1_275' title='bbox 1894 2233 2092 2288; x_wconf 90' lang='lat' dir='ltr'>Domi-</span> 
     </span>
    </p>
   </div>
   <div class='ocr_carea' id='block_1_40' title="bbox 433 2321 2094 2398">
    <p class='ocr_par' dir='ltr' id='par_1_40' title="bbox 433 2321 2094 2398">
     <span class='ocr_line' id='line_1_41' title="bbox 433 2321 2094 2398; baseline -0.005 -15"><span class='ocrx_word' id='word_1_276' title='bbox 433 2344 601 2398; x_wconf 85' lang='lat' dir='ltr'>num,</span> <span class='ocrx_word' id='word_1_277' title='bbox 635 2325 735 2397; x_wconf 88' lang='lat' dir='ltr'>qui</span> <span class='ocrx_word' id='word_1_278' title='bbox 769 2324 879 2380; x_wconf 92' lang='lat' dir='ltr'>sibi</span> <span class='ocrx_word' id='word_1_279' title='bbox 912 2324 1019 2379; x_wconf 87' lang='lat' dir='ltr'>hoc</span> <span class='ocrx_word' id='word_1_280' title='bbox 1053 2323 1397 2378; x_wconf 88' lang='lat' dir='ltr'>mandatum</span> <span class='ocrx_word' id='word_1_281' title='bbox 1430 2321 1710 2390; x_wconf 87' lang='lat' dir='ltr'>dedisset,</span> <span class='ocrx_word' id='word_1_282' title='bbox 1744 2323 1816 2378; x_wconf 84' lang='lat' dir='ltr'>ab</span> <span class='ocrx_word' id='word_1_283' title='bbox 1848 2323 2094 2378; x_wconf 90' lang='lat' dir='ltr'>homini.</span> 
     </span>
    </p>
   </div>
   <div class='ocr_carea' id='block_1_41' title="bbox 431 2411 2091 2474">
    <p class='ocr_par' dir='ltr' id='par_1_41' title="bbox 431 2411 2091 2474">
     <span class='ocr_line' id='line_1_42' title="bbox 431 2411 2091 2474; baseline -0.002 -2"><span class='ocrx_word' id='word_1_284' title='bbox 431 2420 544 2474; x_wconf 88' lang='lat' dir='ltr'>bus</span> <span class='ocrx_word' id='word_1_285' title='bbox 575 2414 844 2472; x_wconf 81' lang='lat' dir='ltr'>cruciari.</span> <span class='ocrx_word' id='word_1_286' title='bbox 879 2414 989 2468; x_wconf 87' lang='lat' dir='ltr'>Sed</span> <span class='ocrx_word' id='word_1_287' title='bbox 1035 2411 1084 2468; x_wconf 88' lang='lat' dir='ltr'>si</span> <span class='ocrx_word' id='word_1_288' title='bbox 1116 2428 1356 2467; x_wconf 85' lang='lat' dir='ltr'>causam</span> <span class='ocrx_word' id='word_1_289' title='bbox 1391 2411 1723 2467; x_wconf 88' lang='lat' dir='ltr'>ediscamus</span> <span class='ocrx_word' id='word_1_290' title='bbox 1754 2429 1856 2467; x_wconf 89' lang='lat' dir='ltr'>cur</span> <span class='ocrx_word' id='word_1_291' title='bbox 1886 2413 1965 2467; x_wconf 85' lang='lat' dir='ltr'>ita</span> <span class='ocrx_word' id='word_1_292' title='bbox 1994 2430 2091 2468; x_wconf 79' lang='lat' dir='ltr'>ex-</span> 
     </span>
    </p>
   </div>
   <div class='ocr_carea' id='block_1_42' title="bbox 432 2501 2094 2572">
    <p class='ocr_par' dir='ltr' id='par_1_42' title="bbox 432 2501 2094 2572">
     <span class='ocr_line' id='line_1_43' title="bbox 432 2501 2094 2572; baseline -0.002 -10"><span class='ocrx_word' id='word_1_293' title='bbox 432 2508 732 2563; x_wconf 83' lang='lat' dir='ltr'>cruciatus</span> <span class='ocrx_word' id='word_1_294' title='bbox 761 2503 858 2572; x_wconf 87' lang='lat' dir='ltr'>sit,</span> <span class='ocrx_word' id='word_1_295' title='bbox 890 2519 1008 2558; x_wconf 91' lang='lat' dir='ltr'>non</span> <span class='ocrx_word' id='word_1_296' title='bbox 1051 2501 1206 2556; x_wconf 87' lang='lat' dir='ltr'>ultra</span> <span class='ocrx_word' id='word_1_297' title='bbox 1246 2501 1686 2572; x_wconf 89' lang='lat' dir='ltr'>erubescemus,</span> <span class='ocrx_word' id='word_1_298' title='bbox 1720 2503 1821 2557; x_wconf 89' lang='lat' dir='ltr'>sed</span> <span class='ocrx_word' id='word_1_299' title='bbox 1853 2501 2094 2558; x_wconf 87' lang='lat' dir='ltr'>mirabi-</span> 
     </span>
    </p>
   </div>
   <div class='ocr_carea' id='block_1_43' title="bbox 433 2589 2098 2663">
    <p class='ocr_par' dir='ltr' id='par_1_43' title="bbox 433 2589 2098 2663">
     <span class='ocr_line' id='line_1_44' title="bbox 433 2589 2098 2663; baseline -0.005 -11"><span class='ocrx_word' id='word_1_300' title='bbox 433 2614 570 2652; x_wconf 90' lang='lat' dir='ltr'>mur</span> <span class='ocrx_word' id='word_1_301' title='bbox 597 2594 918 2650; x_wconf 87' lang='lat' dir='ltr'>bonitatem</span> <span class='ocrx_word' id='word_1_302' title='bbox 951 2591 1496 2661; x_wconf 88' lang='lat' dir='ltr'>humanitatemque</span> <span class='ocrx_word' id='word_1_303' title='bbox 1521 2589 1714 2660; x_wconf 90' lang='lat' dir='ltr'>illius;</span> <span class='ocrx_word' id='word_1_304' title='bbox 1750 2591 2098 2663; x_wconf 82' lang='lat' dir='ltr'>gloriﬁcabi-</span> 
     </span>
    </p>
   </div>
   <div class='ocr_carea' id='block_1_44' title="bbox 433 2681 2093 2755">
    <p class='ocr_par' dir='ltr' id='par_1_44' title="bbox 433 2681 2093 2755">
     <span class='ocr_line' id='line_1_45' title="bbox 433 2681 2093 2755; baseline -0.002 -13"><span class='ocrx_word' id='word_1_305' title='bbox 433 2702 570 2742; x_wconf 90' lang='lat' dir='ltr'>mur</span> <span class='ocrx_word' id='word_1_306' title='bbox 593 2689 650 2739; x_wconf 91' lang='lat' dir='ltr'>et</span> <span class='ocrx_word' id='word_1_307' title='bbox 677 2683 812 2755; x_wconf 83' lang='lat' dir='ltr'>ipsi,</span> <span class='ocrx_word' id='word_1_308' title='bbox 839 2681 1339 2754; x_wconf 88' lang='lat' dir='ltr'>quemadmodum</span> <span class='ocrx_word' id='word_1_309' title='bbox 1369 2681 1607 2746; x_wconf 88' lang='lat' dir='ltr'>Paulus,</span> <span class='ocrx_word' id='word_1_310' title='bbox 1633 2681 1691 2735; x_wconf 91' lang='lat' dir='ltr'>in</span> <span class='ocrx_word' id='word_1_311' title='bbox 1720 2697 1927 2737; x_wconf 90' lang='lat' dir='ltr'>cruce:</span> <span class='ocrx_word' id='word_1_312' title='bbox 1956 2683 2093 2754; x_wconf 89' lang='lat' dir='ltr'>quia</span> 
     </span>
    </p>
   </div>
   <div class='ocr_carea' id='block_1_45' title="bbox 434 2771 2094 2847">
    <p class='ocr_par' dir='ltr' id='par_1_45' title="bbox 434 2771 2094 2847">
     <span class='ocr_line' id='line_1_46' title="bbox 434 2771 2094 2847; baseline -0.001 -16"><span class='ocrx_word' id='word_1_313' title='bbox 434 2793 550 2832; x_wconf 89' lang='lat' dir='ltr'>non</span> <span class='ocrx_word' id='word_1_314' title='bbox 583 2775 708 2847; x_wconf 88' lang='lat' dir='ltr'>ipse</span> <span class='ocrx_word' id='word_1_315' title='bbox 729 2773 1015 2829; x_wconf 89' lang='lat' dir='ltr'>Dominus</span> <span class='ocrx_word' id='word_1_316' title='bbox 1039 2774 1275 2843; x_wconf 88' lang='lat' dir='ltr'>propter</span> <span class='ocrx_word' id='word_1_317' title='bbox 1304 2786 1454 2838; x_wconf 90' lang='lat' dir='ltr'>sese,</span> <span class='ocrx_word' id='word_1_318' title='bbox 1479 2771 1578 2826; x_wconf 89' lang='lat' dir='ltr'>sed</span> <span class='ocrx_word' id='word_1_319' title='bbox 1609 2788 1713 2826; x_wconf 91' lang='lat' dir='ltr'>nos</span> <span class='ocrx_word' id='word_1_320' title='bbox 1749 2771 1804 2826; x_wconf 89' lang='lat' dir='ltr'>in</span> <span class='ocrx_word' id='word_1_321' title='bbox 1839 2772 1966 2843; x_wconf 87' lang='lat' dir='ltr'>ipso</span> <span class='ocrx_word' id='word_1_322' title='bbox 1997 2790 2094 2843; x_wconf 89' lang='lat' dir='ltr'>pa-</span> 
     </span>
    </p>
   </div>
   <div class='ocr_carea' id='block_1_46' title="bbox 434 2859 2088 2933">
    <p class='ocr_par' dir='ltr' id='par_1_46' title="bbox 434 2859 2088 2933">
     <span class='ocr_line' id='line_1_47' title="bbox 434 2859 2088 2933; baseline -0.002 -13"><span class='ocrx_word' id='word_1_323' title='bbox 434 2865 748 2920; x_wconf 87' lang='lat' dir='ltr'>tiebamur.</span> <span class='ocrx_word' id='word_1_324' title='bbox 785 2863 1172 2932; x_wconf 88' lang='lat' dir='ltr'>Permagnum</span> <span class='ocrx_word' id='word_1_325' title='bbox 1205 2859 1424 2930; x_wconf 91' lang='lat' dir='ltr'>quippe</span> <span class='ocrx_word' id='word_1_326' title='bbox 1454 2863 1578 2913; x_wconf 90' lang='lat' dir='ltr'>erat</span> <span class='ocrx_word' id='word_1_327' title='bbox 1609 2859 1917 2916; x_wconf 89' lang='lat' dir='ltr'>hominum</span> <span class='ocrx_word' id='word_1_328' title='bbox 1956 2878 2088 2933; x_wconf 89' lang='lat' dir='ltr'>pec-</span> 
     </span>
    </p>
   </div>
   <div class='ocr_carea' id='block_1_47' title="bbox 435 2948 2088 3022">
    <p class='ocr_par' dir='ltr' id='par_1_47' title="bbox 435 2948 2088 3022">
     <span class='ocr_line' id='line_1_48' title="bbox 435 2948 2088 3022; baseline -0.001 -12"><span class='ocrx_word' id='word_1_329' title='bbox 435 2959 655 3021; x_wconf 90' lang='lat' dir='ltr'>catum,</span> <span class='ocrx_word' id='word_1_330' title='bbox 684 2948 1141 3022; x_wconf 89' lang='lat' dir='ltr'>hujusmodique</span> <span class='ocrx_word' id='word_1_331' title='bbox 1163 2948 1407 3015; x_wconf 90' lang='lat' dir='ltr'>malum,</span> <span class='ocrx_word' id='word_1_332' title='bbox 1433 2951 1620 3004; x_wconf 90' lang='lat' dir='ltr'>totum</span> <span class='ocrx_word' id='word_1_333' title='bbox 1643 2951 1844 3005; x_wconf 90' lang='lat' dir='ltr'>orbem</span> <span class='ocrx_word' id='word_1_334' title='bbox 1876 2968 2088 3022; x_wconf 65' lang='lat' dir='ltr'>praeoc-</span> 
     </span>
    </p>
   </div>
   <div class='ocr_carea' id='block_1_48' title="bbox 435 3037 2088 3114">
    <p class='ocr_par' dir='ltr' id='par_1_48' title="bbox 435 3037 2088 3114">
     <span class='ocr_line' id='line_1_49' title="bbox 435 3037 2088 3114; baseline -0.002 -15"><span class='ocrx_word' id='word_1_335' title='bbox 435 3045 679 3114; x_wconf 91' lang='lat' dir='ltr'>cuparat</span> <span class='ocrx_word' id='word_1_336' title='bbox 707 3058 720 3097; x_wconf 89' lang='lat'><strong>:</strong></span> <span class='ocrx_word' id='word_1_337' title='bbox 755 3041 904 3112; x_wconf 92' lang='lat' dir='ltr'>quod</span> <span class='ocrx_word' id='word_1_338' title='bbox 940 3054 1220 3111; x_wconf 88' lang='lat' dir='ltr'>magnum</span> <span class='ocrx_word' id='word_1_339' title='bbox 1255 3037 1492 3108; x_wconf 89' lang='lat' dir='ltr'>quidem</span> <span class='ocrx_word' id='word_1_340' title='bbox 1516 3039 1750 3109; x_wconf 86' lang='lat' dir='ltr'>jamdiu</span> <span class='ocrx_word' id='word_1_341' title='bbox 1782 3044 1926 3108; x_wconf 89' lang='lat' dir='ltr'>erat,</span> <span class='ocrx_word' id='word_1_342' title='bbox 1951 3058 2088 3112; x_wconf 87' lang='lat' dir='ltr'>pau-</span> 
     </span>
    </p>
   </div>
   <div class='ocr_carea' id='block_1_49' title="bbox 430 3126 2082 3197">
    <p class='ocr_par' dir='ltr' id='par_1_49' title="bbox 430 3126 2082 3197">
     <span class='ocr_line' id='line_1_50' title="bbox 430 3126 2082 3197; baseline -0.001 -10"><span class='ocrx_word' id='word_1_343' title='bbox 430 3132 596 3188; x_wconf 82' lang='lat' dir='ltr'>latim</span> <span class='ocrx_word' id='word_1_344' title='bbox 641 3146 778 3186; x_wconf 89' lang='lat' dir='ltr'>vero</span> <span class='ocrx_word' id='word_1_345' title='bbox 830 3133 1094 3197; x_wconf 89' lang='lat' dir='ltr'>auctum,</span> <span class='ocrx_word' id='word_1_346' title='bbox 1139 3143 1206 3183; x_wconf 91' lang='lat' dir='ltr'>ac</span> <span class='ocrx_word' id='word_1_347' title='bbox 1255 3126 1596 3184; x_wconf 88' lang='lat' dir='ltr'>hominibus</span> <span class='ocrx_word' id='word_1_348' title='bbox 1647 3129 2082 3186; x_wconf 88' lang='lat' dir='ltr'>intolerandum</span> 
     </span>
    </p>
   </div>
   <div class='ocr_carea' id='block_1_50' title="bbox 432 3216 2085 3290">
    <p class='ocr_par' dir='ltr' id='par_1_50' title="bbox 432 3216 2085 3290">
     <span class='ocr_line' id='line_1_51' title="bbox 432 3216 2085 3290; baseline -0.002 -13"><span class='ocrx_word' id='word_1_349' title='bbox 432 3224 714 3277; x_wconf 86' lang='lat' dir='ltr'>evaserat.</span> <span class='ocrx_word' id='word_1_350' title='bbox 747 3217 1052 3290; x_wconf 86' lang='lat' dir='ltr'>Siquidem</span> <span class='ocrx_word' id='word_1_351' title='bbox 1088 3217 1298 3272; x_wconf 85' lang='lat' dir='ltr'>mortis</span> <span class='ocrx_word' id='word_1_352' title='bbox 1327 3232 1571 3288; x_wconf 82' lang='lat' dir='ltr'>regnum</span> <span class='ocrx_word' id='word_1_353' title='bbox 1602 3216 1661 3272; x_wconf 91' lang='lat' dir='ltr'>in</span> <span class='ocrx_word' id='word_1_354' title='bbox 1693 3234 1898 3274; x_wconf 88' lang='lat' dir='ltr'>omnes</span> <span class='ocrx_word' id='word_1_355' title='bbox 1929 3220 2085 3274; x_wconf 87' lang='lat' dir='ltr'>inva-</span> 
     </span>
    </p>
   </div>
   <div class='ocr_carea' id='block_1_51' title="bbox 2195 1958 3847 2040">
    <p class='ocr_par' dir='ltr' id='par_1_51' title="bbox 2195 1958 3847 2040">
     <span class='ocr_line' id='line_1_52' title="bbox 2195 1958 3847 2040; baseline 0.007 -26"><span class='ocrx_word' id='word_1_356' title='bbox 2195 1958 2320 2015; x_wconf 79' lang='grc' dir='ltr'>ούδὶ</span> <span class='ocrx_word' id='word_1_357' title='bbox 2367 1961 2530 2030; x_wconf 76' lang='grc' dir='ltr'>ἥλιος</span> <span class='ocrx_word' id='word_1_358' title='bbox 2581 1967 2696 2036; x_wconf 85' lang='grc'>(56)</span> <span class='ocrx_word' id='word_1_359' title='bbox 2737 1962 2933 2040; x_wconf 71' lang='grc' dir='ltr'>ἤνεγκε</span> <span class='ocrx_word' id='word_1_360' title='bbox 2977 1969 3075 2035; x_wconf 73' lang='grc' dir='ltr'>τὴν</span> <span class='ocrx_word' id='word_1_361' title='bbox 3109 1967 3228 2031; x_wconf 80' lang='grc' dir='ltr'>θέαν</span> <span class='ocrx_word' id='word_1_362' title='bbox 3263 1966 3420 2039; x_wconf 84' lang='grc' dir='ltr'>ἰδεῖν,</span> <span class='ocrx_word' id='word_1_363' title='bbox 3457 1968 3582 2024; x_wconf 77' lang='grc' dir='ltr'>ἀλλ’</span> <span class='ocrx_word' id='word_1_364' title='bbox 3640 1958 3847 2026; x_wconf 83' lang='grc' dir='ltr'>ἐσκοτί-</span> 
     </span>
    </p>
   </div>
   <div class='ocr_carea' id='block_1_52' title="bbox 2199 2048 3846 2135">
    <p class='ocr_par' dir='ltr' id='par_1_52' title="bbox 2199 2048 3846 2135">
     <span class='ocr_line' id='line_1_53' title="bbox 2199 2048 3846 2135; baseline 0.007 -31"><span class='ocrx_word' id='word_1_365' title='bbox 2199 2056 2314 2119; x_wconf 81' lang='grc' dir='ltr'>ζετο</span> <span class='ocrx_word' id='word_1_366' title='bbox 2374 2048 2547 2120; x_wconf 77' lang='grc' dir='ltr'>ὅλος,</span> <span class='ocrx_word' id='word_1_367' title='bbox 2601 2053 2692 2106; x_wconf 78' lang='grc' dir='ltr'>’ίνα</span> <span class='ocrx_word' id='word_1_368' title='bbox 2747 2055 2835 2107; x_wconf 80' lang='grc' dir='ltr'>καὶ</span> <span class='ocrx_word' id='word_1_369' title='bbox 2891 2055 3017 2117; x_wconf 79' lang='grc' dir='ltr'>τοὺς</span> <span class='ocrx_word' id='word_1_370' title='bbox 3079 2055 3264 2112; x_wconf 81' lang='grc' dir='ltr'>ἄλλων</span> <span class='ocrx_word' id='word_1_371' title='bbox 3326 2057 3644 2135; x_wconf 75' lang='grc' dir='ltr'>ὀφθαλμοὺς</span> <span class='ocrx_word' id='word_1_372' title='bbox 3714 2062 3846 2115; x_wconf 80' lang='grc' dir='ltr'>ἁπο-</span> 
     </span>
    </p>
   </div>
   <div class='ocr_carea' id='block_1_53' title="bbox 2199 2138 3846 2221">
    <p class='ocr_par' dir='ltr' id='par_1_53' title="bbox 2199 2138 3846 2221">
     <span class='ocr_line' id='line_1_54' title="bbox 2199 2138 3846 2221; baseline 0.008 -29"><span class='ocrx_word' id='word_1_373' title='bbox 2199 2138 2398 2214; x_wconf 78' lang='grc' dir='ltr'>στρέψῃ</span> <span class='ocrx_word' id='word_1_374' title='bbox 2450 2143 2586 2214; x_wconf 86' lang='grc'>(57)·</span> <span class='ocrx_word' id='word_1_375' title='bbox 2646 2142 2734 2196; x_wconf 88' lang='grc' dir='ltr'>καὶ</span> <span class='ocrx_word' id='word_1_376' title='bbox 2793 2143 2891 2197; x_wconf 79' lang='grc' dir='ltr'>οὐκ</span> <span class='ocrx_word' id='word_1_377' title='bbox 2948 2143 3250 2221; x_wconf 74' lang='grc' dir='ltr'>ἐφρόντιζεν</span> <span class='ocrx_word' id='word_1_378' title='bbox 3309 2145 3385 2202; x_wconf 74' lang='grc' dir='ltr'>ἔτι</span> <span class='ocrx_word' id='word_1_379' title='bbox 3441 2155 3541 2217; x_wconf 85' lang='grc' dir='ltr'>τῆν</span> <span class='ocrx_word' id='word_1_380' title='bbox 3618 2148 3846 2219; x_wconf 76' lang='grc' dir='ltr'>ἐντολῆς</span> 
     </span>
    </p>
   </div>
   <div class='ocr_carea' id='block_1_54' title="bbox 2198 2228 3846 2312">
    <p class='ocr_par' dir='ltr' id='par_1_54' title="bbox 2198 2228 3846 2312">
     <span class='ocr_line' id='line_1_55' title="bbox 2198 2228 3846 2312; baseline 0.007 -30"><span class='ocrx_word' id='word_1_381' title='bbox 2198 2233 2295 2283; x_wconf 88' lang='grc' dir='ltr'>τοῦ</span> <span class='ocrx_word' id='word_1_382' title='bbox 2354 2228 2558 2306; x_wconf 75' lang='grc' dir='ltr'>φαίνειν</span> <span class='ocrx_word' id='word_1_383' title='bbox 2616 2237 2732 2293; x_wconf 85' lang='grc' dir='ltr'>τοῖς</span> <span class='ocrx_word' id='word_1_384' title='bbox 2784 2234 3110 2308; x_wconf 80' lang='grc' dir='ltr'>ἀνθρώποις,</span> <span class='ocrx_word' id='word_1_385' title='bbox 3173 2235 3318 2291; x_wconf 79' lang='grc' dir='ltr'>ἀλλᾶ</span> <span class='ocrx_word' id='word_1_386' title='bbox 3365 2236 3453 2291; x_wconf 75' lang='grc' dir='ltr'>καί</span> <span class='ocrx_word' id='word_1_387' title='bbox 3496 2233 3846 2312; x_wconf 75' lang='grc' dir='ltr'>παραϐαίνειν</span> 
     </span>
    </p>
   </div>
   <div class='ocr_carea' id='block_1_55' title="bbox 2202 2317 3854 2400">
    <p class='ocr_par' dir='ltr' id='par_1_55' title="bbox 2202 2317 3854 2400">
     <span class='ocr_line' id='line_1_56' title="bbox 2202 2317 3854 2400; baseline 0.007 -28"><span class='ocrx_word' id='word_1_388' title='bbox 2202 2317 2408 2391; x_wconf 78' lang='grc' dir='ltr'>ἐτόλμα</span> <span class='ocrx_word' id='word_1_389' title='bbox 2462 2319 2676 2393; x_wconf 87' lang='grc' dir='ltr'>λοιπὸν,</span> <span class='ocrx_word' id='word_1_390' title='bbox 2730 2321 2869 2397; x_wconf 79' lang='grc' dir='ltr'>ὀρῶν</span> <span class='ocrx_word' id='word_1_391' title='bbox 2923 2324 3015 2378; x_wconf 83' lang='grc' dir='ltr'>τὸν</span> <span class='ocrx_word' id='word_1_392' title='bbox 3059 2323 3434 2398; x_wconf 78' lang='grc' dir='ltr'>ἐντειλάμενον</span> <span class='ocrx_word' id='word_1_393' title='bbox 3475 2327 3622 2400; x_wconf 87' lang='grc' dir='ltr'>αύτῷ</span> <span class='ocrx_word' id='word_1_394' title='bbox 3654 2329 3854 2383; x_wconf 80' lang='grc' dir='ltr'>Δεσπό-</span> 
     </span>
    </p>
   </div>
   <div class='ocr_carea' id='block_1_56' title="bbox 2201 2407 3857 2488">
    <p class='ocr_par' dir='ltr' id='par_1_56' title="bbox 2201 2407 3857 2488">
     <span class='ocr_line' id='line_1_57' title="bbox 2201 2407 3857 2488; baseline 0.005 -24"><span class='ocrx_word' id='word_1_395' title='bbox 2201 2430 2302 2476; x_wconf 75' lang='grc' dir='ltr'>την</span> <span class='ocrx_word' id='word_1_396' title='bbox 2355 2407 2458 2462; x_wconf 75' lang='grc' dir='ltr'>ὑπὸ</span> <span class='ocrx_word' id='word_1_397' title='bbox 2517 2411 2815 2483; x_wconf 75' lang='grc' dir='ltr'>ἀνθρώπιον</span> <span class='ocrx_word' id='word_1_398' title='bbox 2871 2414 3168 2488; x_wconf 86' lang='grc' dir='ltr'>πάσχοντα.</span> <span class='ocrx_word' id='word_1_399' title='bbox 3227 2414 3380 2472; x_wconf 88' lang='grc' dir='ltr'>Ἀλλ’</span> <span class='ocrx_word' id='word_1_400' title='bbox 3413 2416 3498 2472; x_wconf 67' lang='grc' dir='ltr'>ἐὰν</span> <span class='ocrx_word' id='word_1_401' title='bbox 3557 2419 3656 2488; x_wconf 78' lang='grc' dir='ltr'>τήν</span> <span class='ocrx_word' id='word_1_402' title='bbox 3686 2417 3857 2473; x_wconf 69' lang='grc' dir='ltr'>αἰτίαν</span> 
     </span>
    </p>
   </div>
   <div class='ocr_carea' id='block_1_57' title="bbox 2209 2497 3864 2582">
    <p class='ocr_par' dir='ltr' id='par_1_57' title="bbox 2209 2497 3864 2582">
     <span class='ocr_line' id='line_1_58' title="bbox 2209 2497 3864 2582; baseline 0.007 -30"><span class='ocrx_word' id='word_1_403' title='bbox 2209 2500 2491 2571; x_wconf 80' lang='grc' dir='ltr'>μάθωμεν,</span> <span class='ocrx_word' id='word_1_404' title='bbox 2541 2499 2628 2554; x_wconf 80' lang='grc' dir='ltr'>καὶ</span> <span class='ocrx_word' id='word_1_405' title='bbox 2675 2497 2762 2554; x_wconf 79' lang='grc' dir='ltr'>διὰ</span> <span class='ocrx_word' id='word_1_406' title='bbox 2819 2502 2872 2556; x_wconf 89' lang='grc' dir='ltr'>τί</span> <span class='ocrx_word' id='word_1_407' title='bbox 2929 2504 3190 2568; x_wconf 73' lang='grc' dir='ltr'>πέπονθεν</span> <span class='ocrx_word' id='word_1_408' title='bbox 3235 2502 3462 2578; x_wconf 68' lang='grc' dir='ltr'>ἴδωμεν,</span> <span class='ocrx_word' id='word_1_409' title='bbox 3505 2505 3686 2563; x_wconf 70' lang='grc' dir='ltr'>οὐκέτι</span> <span class='ocrx_word' id='word_1_410' title='bbox 3737 2505 3864 2582; x_wconf 77' lang='grc' dir='ltr'>ἐρυ-</span> 
     </span>
    </p>
   </div>
   <div class='ocr_carea' id='block_1_58' title="bbox 2205 2588 3867 2671">
    <p class='ocr_par' dir='ltr' id='par_1_58' title="bbox 2205 2588 3867 2671">
     <span class='ocr_line' id='line_1_59' title="bbox 2205 2588 3867 2671; baseline 0.007 -31"><span class='ocrx_word' id='word_1_411' title='bbox 2205 2592 2467 2660; x_wconf 82' lang='grc' dir='ltr'>θριῶμεν,</span> <span class='ocrx_word' id='word_1_412' title='bbox 2527 2588 2670 2643; x_wconf 77' lang='grc' dir='ltr'>ἀλλᾶ</span> <span class='ocrx_word' id='word_1_413' title='bbox 2728 2591 3073 2665; x_wconf 78' lang='grc' dir='ltr'>θαυμάζομεν</span> <span class='ocrx_word' id='word_1_414' title='bbox 3132 2595 3230 2662; x_wconf 71' lang='grc' dir='ltr'>τὴν</span> <span class='ocrx_word' id='word_1_415' title='bbox 3285 2596 3591 2671; x_wconf 78' lang='grc' dir='ltr'>ἀγαθὸτήτα</span> <span class='ocrx_word' id='word_1_416' title='bbox 3620 2597 3710 2652; x_wconf 81' lang='grc' dir='ltr'>καὶ</span> <span class='ocrx_word' id='word_1_417' title='bbox 3766 2599 3867 2667; x_wconf 77' lang='grc' dir='ltr'>τήν</span> 
     </span>
    </p>
   </div>
   <div class='ocr_carea' id='block_1_59' title="bbox 2203 2676 3858 2759">
    <p class='ocr_par' dir='ltr' id='par_1_59' title="bbox 2203 2676 3858 2759">
     <span class='ocr_line' id='line_1_60' title="bbox 2203 2676 3858 2759; baseline 0.007 -29"><span class='ocrx_word' id='word_1_418' title='bbox 2203 2676 2612 2754; x_wconf 73' lang='grc' dir='ltr'>φιλανθρωπίαν</span> <span class='ocrx_word' id='word_1_419' title='bbox 2671 2678 2856 2733; x_wconf 78' lang='grc' dir='ltr'>αὑτοῦ·</span> <span class='ocrx_word' id='word_1_420' title='bbox 2915 2681 3003 2736; x_wconf 79' lang='grc' dir='ltr'>καὶ</span> <span class='ocrx_word' id='word_1_421' title='bbox 3233 2684 3627 2759; x_wconf 85' lang='grc' dir='ltr'>καυχησόμεθα</span> <span class='ocrx_word' id='word_1_422' title='bbox 3663 2683 3719 2740; x_wconf 77' lang='grc' dir='ltr'>δε</span> <span class='ocrx_word' id='word_1_423' title='bbox 3767 2687 3858 2741; x_wconf 80' lang='grc' dir='ltr'>καῖ</span> 
     </span>
    </p>
   </div>
   <div class='ocr_carea' id='block_1_60' title="bbox 2201 2766 3854 2846">
    <p class='ocr_par' dir='ltr' id='par_1_60' title="bbox 2201 2766 3854 2846">
     <span class='ocr_line' id='line_1_61' title="bbox 2201 2766 3854 2846; baseline 0.005 -26"><span class='ocrx_word' id='word_1_424' title='bbox 2201 2769 2390 2840; x_wconf 76' lang='grc' dir='ltr'>ἡμεῖς,</span> <span class='ocrx_word' id='word_1_425' title='bbox 2445 2766 2520 2828; x_wconf 82' lang='grc' dir='ltr'>ὡς</span> <span class='ocrx_word' id='word_1_426' title='bbox 2573 2767 2600 2821; x_wconf 83' lang='grc' dir='ltr'>ὁ</span> <span class='ocrx_word' id='word_1_427' title='bbox 2635 2767 2874 2836; x_wconf 79' lang='grc' dir='ltr'>Παῦλος,</span> <span class='ocrx_word' id='word_1_428' title='bbox 2921 2769 2971 2824; x_wconf 67' lang='grc' dir='ltr'>ἂν</span> <span class='ocrx_word' id='word_1_429' title='bbox 3002 2770 3082 2843; x_wconf 77' lang='grc' dir='ltr'>τῷ</span> <span class='ocrx_word' id='word_1_430' title='bbox 3115 2777 3350 2846; x_wconf 81' lang='grc' dir='ltr'>σταυρῷ·</span> <span class='ocrx_word' id='word_1_431' title='bbox 3384 2773 3467 2828; x_wconf 77' lang='grc' dir='ltr'>ὅτι</span> <span class='ocrx_word' id='word_1_432' title='bbox 3499 2773 3598 2828; x_wconf 80' lang='grc' dir='ltr'>οὐκ</span> <span class='ocrx_word' id='word_1_433' title='bbox 3627 2774 3785 2837; x_wconf 79' lang='grc' dir='ltr'>αὐτὸς</span> <span class='ocrx_word' id='word_1_434' title='bbox 3824 2776 3854 2829; x_wconf 82' lang='grc' dir='ltr'>ὁ</span> 
     </span>
    </p>
   </div>
   <div class='ocr_carea' id='block_1_61' title="bbox 2201 2853 3852 2936">
    <p class='ocr_par' dir='ltr' id='par_1_61' title="bbox 2201 2853 3852 2936">
     <span class='ocr_line' id='line_1_62' title="bbox 2201 2853 3852 2936; baseline 0.005 -27"><span class='ocrx_word' id='word_1_435' title='bbox 2201 2855 2399 2933; x_wconf 80' lang='grc' dir='ltr'>Κύριος</span> <span class='ocrx_word' id='word_1_436' title='bbox 2459 2853 2526 2910; x_wconf 80' lang='grc' dir='ltr'>δι’</span> <span class='ocrx_word' id='word_1_437' title='bbox 2581 2857 2788 2925; x_wconf 72' lang='grc' dir='ltr'>ἑαυτὸν,</span> <span class='ocrx_word' id='word_1_438' title='bbox 2839 2857 2963 2913; x_wconf 80' lang='grc' dir='ltr'>ἀλλ’</span> <span class='ocrx_word' id='word_1_439' title='bbox 3020 2861 3184 2932; x_wconf 79' lang='grc' dir='ltr'>ἡμεῖς</span> <span class='ocrx_word' id='word_1_440' title='bbox 3244 2859 3296 2914; x_wconf 76' lang='grc' dir='ltr'>ἐν</span> <span class='ocrx_word' id='word_1_441' title='bbox 3331 2859 3520 2933; x_wconf 83' lang='grc' dir='ltr'>ἐκείνῳ</span> <span class='ocrx_word' id='word_1_442' title='bbox 3551 2861 3852 2936; x_wconf 72' lang='grc' dir='ltr'>πάσχοντες</span> 
     </span>
    </p>
   </div>
   <div class='ocr_carea' id='block_1_62' title="bbox 2196 2945 3844 3025">
    <p class='ocr_par' dir='ltr' id='par_1_62' title="bbox 2196 2945 3844 3025">
     <span class='ocr_line' id='line_1_63' title="bbox 2196 2945 3844 3025; baseline 0.003 -25"><span class='ocrx_word' id='word_1_443' title='bbox 2196 2949 2358 3017; x_wconf 71' lang='grc' dir='ltr'>ἦμεν.</span> <span class='ocrx_word' id='word_1_444' title='bbox 2389 2948 2504 2999; x_wconf 83' lang='grc' dir='ltr'>Τῶν</span> <span class='ocrx_word' id='word_1_445' title='bbox 2543 2945 2635 3017; x_wconf 78' lang='grc' dir='ltr'>μὶν</span> <span class='ocrx_word' id='word_1_446' title='bbox 2667 2946 2767 3021; x_wconf 70' lang='grc' dir='ltr'>γὰρ</span> <span class='ocrx_word' id='word_1_447' title='bbox 2799 2949 2910 3019; x_wconf 82' lang='grc'>(59)</span> <span class='ocrx_word' id='word_1_448' title='bbox 2953 2947 3250 3022; x_wconf 80' lang='grc' dir='ltr'>ἀνθρώπιον</span> <span class='ocrx_word' id='word_1_449' title='bbox 3296 2949 3321 3017; x_wconf 63' lang='grc' dir='ltr'><strong>ἦ</strong></span> <span class='ocrx_word' id='word_1_450' title='bbox 3374 2950 3609 3025; x_wconf 59' lang='grc' dir='ltr'>ἦμαρτία</span> <span class='ocrx_word' id='word_1_451' title='bbox 3658 2948 3844 3021; x_wconf 80' lang='grc' dir='ltr'>πολλή</span> 
     </span>
    </p>
   </div>
   <div class='ocr_carea' id='block_1_63' title="bbox 2193 3035 3850 3115">
    <p class='ocr_par' dir='ltr' id='par_1_63' title="bbox 2193 3035 3850 3115">
     <span class='ocr_line' id='line_1_64' title="bbox 2193 3035 3850 3115; baseline 0.002 -25"><span class='ocrx_word' id='word_1_452' title='bbox 2193 3055 2276 3097; x_wconf 90' lang='grc' dir='ltr'>τις</span> <span class='ocrx_word' id='word_1_453' title='bbox 2307 3038 2396 3104; x_wconf 70' lang='grc' dir='ltr'>ἦν,</span> <span class='ocrx_word' id='word_1_454' title='bbox 2429 3036 2518 3088; x_wconf 84' lang='grc' dir='ltr'>καὶ</span> <span class='ocrx_word' id='word_1_455' title='bbox 2550 3040 2721 3088; x_wconf 81' lang='grc' dir='ltr'>πᾶσαν</span> <span class='ocrx_word' id='word_1_456' title='bbox 2752 3035 2851 3102; x_wconf 73' lang='grc' dir='ltr'>τὴν</span> <span class='ocrx_word' id='word_1_457' title='bbox 2884 3035 3208 3108; x_wconf 66' lang='grc' dir='ltr'>οἰκουμένην</span> <span class='ocrx_word' id='word_1_458' title='bbox 3232 3037 3658 3115; x_wconf 60' lang='grc' dir='ltr'>προκατειλήφει</span> <span class='ocrx_word' id='word_1_459' title='bbox 3691 3044 3850 3094; x_wconf 86' lang='grc' dir='ltr'>τοῦτο</span> 
     </span>
    </p>
   </div>
   <div class='ocr_carea' id='block_1_64' title="bbox 2194 3122 3848 3201">
    <p class='ocr_par' dir='ltr' id='par_1_64' title="bbox 2194 3122 3848 3201">
     <span class='ocr_line' id='line_1_65' title="bbox 2194 3122 3848 3201; baseline 0.003 -24"><span class='ocrx_word' id='word_1_460' title='bbox 2194 3125 2255 3178; x_wconf 89' lang='grc' dir='ltr'>τὸ</span> <span class='ocrx_word' id='word_1_461' title='bbox 2287 3122 2474 3191; x_wconf 80' lang='grc' dir='ltr'>κακὸν,</span> <span class='ocrx_word' id='word_1_462' title='bbox 2539 3123 2675 3198; x_wconf 67' lang='grc' dir='ltr'>μέγα</span> <span class='ocrx_word' id='word_1_463' title='bbox 2735 3123 2828 3194; x_wconf 74' lang='grc' dir='ltr'>μὲν</span> <span class='ocrx_word' id='word_1_464' title='bbox 2887 3126 2999 3196; x_wconf 86' lang='grc'>(60)</span> <span class='ocrx_word' id='word_1_465' title='bbox 3055 3123 3328 3199; x_wconf 86' lang='grc' dir='ltr'>τυγχάνον</span> <span class='ocrx_word' id='word_1_466' title='bbox 3368 3127 3458 3180; x_wconf 86' lang='grc' dir='ltr'>καὶ</span> <span class='ocrx_word' id='word_1_467' title='bbox 3492 3128 3597 3201; x_wconf 88' lang='grc' dir='ltr'>πρὸ</span> <span class='ocrx_word' id='word_1_468' title='bbox 3626 3126 3848 3197; x_wconf 86' lang='grc' dir='ltr'>τούτου,</span> 
     </span>
    </p>
   </div>
   <div class='ocr_carea' id='block_1_65' title="bbox 2195 3208 3852 3292">
    <p class='ocr_par' dir='ltr' id='par_1_65' title="bbox 2195 3208 3852 3292">
     <span class='ocr_line' id='line_1_66' title="bbox 2195 3208 3852 3292; baseline 0.001 -24"><span class='ocrx_word' id='word_1_469' title='bbox 2195 3215 2310 3268; x_wconf 86' lang='grc' dir='ltr'>κατ’</span> <span class='ocrx_word' id='word_1_470' title='bbox 2365 3210 2554 3286; x_wconf 82' lang='grc' dir='ltr'>ὀλίγον</span> <span class='ocrx_word' id='word_1_471' title='bbox 2607 3208 2664 3265; x_wconf 79' lang='grc' dir='ltr'>δὶ</span> <span class='ocrx_word' id='word_1_472' title='bbox 2718 3210 2805 3265; x_wconf 82' lang='grc' dir='ltr'>καὶ</span> <span class='ocrx_word' id='word_1_473' title='bbox 2838 3210 3219 3286; x_wconf 75' lang='grc' dir='ltr'>αὐξανόμενον,</span> <span class='ocrx_word' id='word_1_474' title='bbox 3252 3213 3339 3268; x_wconf 85' lang='grc' dir='ltr'>καὶ</span> <span class='ocrx_word' id='word_1_475' title='bbox 3367 3213 3642 3291; x_wconf 74' lang='grc' dir='ltr'>ἀφόρητον</span> <span class='ocrx_word' id='word_1_476' title='bbox 3699 3216 3852 3292; x_wconf 84' lang='grc' dir='ltr'>γινό-</span> 
     </span>
    </p>
   </div>
   <div class='ocr_carea' id='block_1_66' title="bbox 430 3279 2086 3378">
    <p class='ocr_par' dir='ltr' id='par_1_66' title="bbox 430 3305 2086 3364">
     <span class='ocr_line' id='line_1_67' title="bbox 430 3305 2086 3364; baseline -0.001 0"><span class='ocrx_word' id='word_1_477' title='bbox 430 3309 638 3364; x_wconf 90' lang='lat' dir='ltr'>luerat.</span> <span class='ocrx_word' id='word_1_478' title='bbox 666 3307 948 3363; x_wconf 89' lang='lat' dir='ltr'>Dominus</span> <span class='ocrx_word' id='word_1_479' title='bbox 979 3310 1173 3361; x_wconf 87' lang='lat' dir='ltr'>autem</span> <span class='ocrx_word' id='word_1_480' title='bbox 1200 3308 1400 3360; x_wconf 87' lang='lat' dir='ltr'>noster</span> <span class='ocrx_word' id='word_1_481' title='bbox 1429 3305 1782 3362; x_wconf 87' lang='lat' dir='ltr'>immortalis</span> <span class='ocrx_word' id='word_1_482' title='bbox 1812 3312 1870 3363; x_wconf 91' lang='lat' dir='ltr'>et</span> <span class='ocrx_word' id='word_1_483' title='bbox 1899 3308 2086 3363; x_wconf 85' lang='lat' dir='ltr'>incor-</span> 
     </span>
    </p>
   </div>
   <div class='ocr_carea' id='block_1_67' title="bbox 2198 3279 3854 3378">
    <p class='ocr_par' dir='ltr' id='par_1_67' title="bbox 2203 3279 3854 3378">
     <span class='ocr_line' id='line_1_68' title="bbox 2203 3279 3854 3378; baseline 0.002 -22"><span class='ocrx_word' id='word_1_484' title='bbox 2203 3323 2360 3375; x_wconf 92' lang='grc' dir='ltr'>μενον</span> <span class='ocrx_word' id='word_1_485' title='bbox 2421 3306 2541 3362; x_wconf 90' lang='grc' dir='ltr'>τοῖς</span> <span class='ocrx_word' id='word_1_486' title='bbox 2596 3301 2925 3375; x_wconf 84' lang='grc' dir='ltr'>ἀνθρώποις.</span> <span class='ocrx_word' id='word_1_487' title='bbox 2990 3301 3090 3357; x_wconf 82' lang='grc' dir='ltr'>Καὶ</span> <span class='ocrx_word' id='word_1_488' title='bbox 3148 3302 3249 3378; x_wconf 79' lang='grc' dir='ltr'>γὰρ</span> <span class='ocrx_word' id='word_1_489' title='bbox 3300 3304 3390 3357; x_wconf 83' lang='grc' dir='ltr'>καὶ</span> <span class='ocrx_word' id='word_1_490' title='bbox 3415 3279 3450 3356; x_wconf 79' lang='grc' dir='ltr'>⁸ὁ</span> <span class='ocrx_word' id='word_1_491' title='bbox 3476 3279 3723 3366; x_wconf 45' lang='grc' dir='ltr'>’θάνατος’</span> <span class='ocrx_word' id='word_1_492' title='bbox 3767 3305 3854 3359; x_wconf 79' lang='grc' dir='ltr'>ἐπὶ</span> 
     </span>
    </p>
   </div>
   <div class='ocr_carea' id='block_1_68' title="bbox 433 3393 2089 3470">
    <p class='ocr_par' dir='ltr' id='par_1_68' title="bbox 433 3393 2089 3470">
     <span class='ocr_line' id='line_1_69' title="bbox 433 3393 2089 3470; baseline -0.001 -16"><span class='ocrx_word' id='word_1_493' title='bbox 433 3396 733 3470; x_wconf 87' lang='lat' dir='ltr'>ruptibilis</span> <span class='ocrx_word' id='word_1_494' title='bbox 765 3399 854 3452; x_wconf 91' lang='lat' dir='ltr'>est</span> <span class='ocrx_word' id='word_1_495' title='bbox 887 3412 899 3450; x_wconf 93' lang='lat'>:</span> <span class='ocrx_word' id='word_1_496' title='bbox 937 3399 1110 3466; x_wconf 89' lang='lat' dir='ltr'>atque</span> <span class='ocrx_word' id='word_1_497' title='bbox 1157 3398 1221 3448; x_wconf 89' lang='lat' dir='ltr'>ut</span> <span class='ocrx_word' id='word_1_498' title='bbox 1260 3393 1614 3449; x_wconf 87' lang='lat' dir='ltr'>immortalis</span> <span class='ocrx_word' id='word_1_499' title='bbox 1645 3399 1702 3450; x_wconf 90' lang='lat' dir='ltr'>et</span> <span class='ocrx_word' id='word_1_500' title='bbox 1731 3395 2089 3468; x_wconf 90' lang='lat' dir='ltr'>incorrupti-</span> 
     </span>
    </p>
   </div>
   <div class='ocr_carea' id='block_1_69' title="bbox 435 3483 2089 3557">
    <p class='ocr_par' dir='ltr' id='par_1_69' title="bbox 435 3483 2089 3557">
     <span class='ocr_line' id='line_1_70' title="bbox 435 3483 2089 3557; baseline -0.001 -14"><span class='ocrx_word' id='word_1_501' title='bbox 435 3487 592 3554; x_wconf 88' lang='lat' dir='ltr'>bilis,</span> <span class='ocrx_word' id='word_1_502' title='bbox 624 3487 705 3541; x_wconf 92' lang='lat' dir='ltr'>ita</span> <span class='ocrx_word' id='word_1_503' title='bbox 734 3487 925 3540; x_wconf 90' lang='lat' dir='ltr'>bonus</span> <span class='ocrx_word' id='word_1_504' title='bbox 966 3485 1402 3554; x_wconf 90' lang='lat' dir='ltr'>humanusque.</span> <span class='ocrx_word' id='word_1_505' title='bbox 1436 3483 1578 3538; x_wconf 90' lang='lat' dir='ltr'>Boni</span> <span class='ocrx_word' id='word_1_506' title='bbox 1620 3500 1874 3557; x_wconf 90' lang='lat' dir='ltr'>namque</span> <span class='ocrx_word' id='word_1_507' title='bbox 1903 3486 2089 3542; x_wconf 85' lang='lat' dir='ltr'>Patris</span> 
     </span>
    </p>
   </div>
   <div class='ocr_carea' id='block_1_70' title="bbox 433 3571 2087 3647">
    <p class='ocr_par' dir='ltr' id='par_1_70' title="bbox 433 3571 2087 3647">
     <span class='ocr_line' id='line_1_71' title="bbox 433 3571 2087 3647; baseline -0.001 -15"><span class='ocrx_word' id='word_1_508' title='bbox 433 3577 656 3633; x_wconf 91' lang='lat' dir='ltr'>bonum</span> <span class='ocrx_word' id='word_1_509' title='bbox 688 3575 946 3630; x_wconf 87' lang='lat' dir='ltr'>Verbum</span> <span class='ocrx_word' id='word_1_510' title='bbox 979 3572 1207 3628; x_wconf 87' lang='lat' dir='ltr'>exsistit</span> <span class='ocrx_word' id='word_1_511' title='bbox 1241 3589 1254 3627; x_wconf 91' lang='lat'>:</span> <span class='ocrx_word' id='word_1_512' title='bbox 1291 3588 1472 3642; x_wconf 89' lang='lat' dir='ltr'>quare</span> <span class='ocrx_word' id='word_1_513' title='bbox 1510 3589 1624 3628; x_wconf 90' lang='lat' dir='ltr'>non</span> <span class='ocrx_word' id='word_1_514' title='bbox 1657 3571 1796 3628; x_wconf 89' lang='lat' dir='ltr'>tulit</span> <span class='ocrx_word' id='word_1_515' title='bbox 1826 3580 1893 3630; x_wconf 91' lang='lat' dir='ltr'>ut</span> <span class='ocrx_word' id='word_1_516' title='bbox 1921 3576 2087 3647; x_wconf 85' lang='lat' dir='ltr'>opiﬁ-</span> 
     </span>
    </p>
   </div>
   <div class='ocr_carea' id='block_1_71' title="bbox 435 3661 2085 3736">
    <p class='ocr_par' dir='ltr' id='par_1_71' title="bbox 435 3661 2085 3736">
     <span class='ocr_line' id='line_1_72' title="bbox 435 3661 2085 3736; baseline 0 -15"><span class='ocrx_word' id='word_1_517' title='bbox 435 3666 592 3722; x_wconf 89' lang='lat' dir='ltr'>cium</span> <span class='ocrx_word' id='word_1_518' title='bbox 637 3681 812 3720; x_wconf 88' lang='lat' dir='ltr'>suum</span> <span class='ocrx_word' id='word_1_519' title='bbox 862 3663 1119 3734; x_wconf 89' lang='lat' dir='ltr'>periret:</span> <span class='ocrx_word' id='word_1_520' title='bbox 1155 3677 1346 3733; x_wconf 91' lang='lat' dir='ltr'>neque</span> <span class='ocrx_word' id='word_1_521' title='bbox 1395 3661 1700 3729; x_wconf 90' lang='lat' dir='ltr'>sustinuit,</span> <span class='ocrx_word' id='word_1_522' title='bbox 1732 3667 1795 3718; x_wconf 90' lang='lat' dir='ltr'>ut</span> <span class='ocrx_word' id='word_1_523' title='bbox 1841 3681 2085 3736; x_wconf 87' lang='lat' dir='ltr'>operum</span> 
     </span>
    </p>
   </div>
   <div class='ocr_carea' id='block_1_72' title="bbox 437 3750 2088 3810">
    <p class='ocr_par' dir='ltr' id='par_1_72' title="bbox 437 3750 2088 3810">
     <span class='ocr_line' id='line_1_73' title="bbox 437 3750 2088 3810; baseline 0 0"><span class='ocrx_word' id='word_1_524' title='bbox 437 3770 682 3810; x_wconf 89' lang='lat' dir='ltr'>suorum</span> <span class='ocrx_word' id='word_1_525' title='bbox 715 3753 857 3809; x_wconf 89' lang='lat' dir='ltr'>alter</span> <span class='ocrx_word' id='word_1_526' title='bbox 887 3755 1044 3808; x_wconf 87' lang='lat' dir='ltr'>esset</span> <span class='ocrx_word' id='word_1_527' title='bbox 1073 3751 1387 3806; x_wconf 88' lang='lat' dir='ltr'>Dominus:</span> <span class='ocrx_word' id='word_1_528' title='bbox 1417 3751 1518 3807; x_wconf 91' lang='lat' dir='ltr'>sed</span> <span class='ocrx_word' id='word_1_529' title='bbox 1552 3750 1979 3810; x_wconf 89' lang='lat' dir='ltr'>intolerandam</span> <span class='ocrx_word' id='word_1_530' title='bbox 2009 3754 2088 3810; x_wconf 90' lang='lat' dir='ltr'>vi-</span> 
     </span>
    </p>
   </div>
   <div class='ocr_carea' id='block_1_73' title="bbox 435 3839 2088 3912">
    <p class='ocr_par' dir='ltr' id='par_1_73' title="bbox 435 3839 2088 3912">
     <span class='ocr_line' id='line_1_74' title="bbox 435 3839 2088 3912; baseline -0.001 -12"><span class='ocrx_word' id='word_1_531' title='bbox 435 3844 581 3900; x_wconf 89' lang='lat' dir='ltr'>dens</span> <span class='ocrx_word' id='word_1_532' title='bbox 605 3842 916 3908; x_wconf 88' lang='lat' dir='ltr'>malitiam,</span> <span class='ocrx_word' id='word_1_533' title='bbox 941 3839 1306 3912; x_wconf 88' lang='lat' dir='ltr'>mortaleque</span> <span class='ocrx_word' id='word_1_534' title='bbox 1336 3855 1525 3910; x_wconf 87' lang='lat' dir='ltr'>genus</span> <span class='ocrx_word' id='word_1_535' title='bbox 1552 3858 1666 3896; x_wconf 91' lang='lat' dir='ltr'>non</span> <span class='ocrx_word' id='word_1_536' title='bbox 1689 3842 1881 3900; x_wconf 89' lang='lat' dir='ltr'>valere</span> <span class='ocrx_word' id='word_1_537' title='bbox 1912 3843 2088 3900; x_wconf 88' lang='lat' dir='ltr'>morti</span> 
     </span>
    </p>
   </div>
   <div class='ocr_carea' id='block_1_74' title="bbox 435 3933 2087 4002">
    <p class='ocr_par' dir='ltr' id='par_1_74' title="bbox 435 3933 2087 4002">
     <span class='ocr_line' id='line_1_75' title="bbox 435 3933 2087 4002; baseline 0 -13"><span class='ocrx_word' id='word_1_538' title='bbox 435 3934 742 4001; x_wconf 90' lang='lat' dir='ltr'>obsistere,</span> <span class='ocrx_word' id='word_1_539' title='bbox 777 3945 966 4002; x_wconf 91' lang='lat' dir='ltr'>neque</span> <span class='ocrx_word' id='word_1_540' title='bbox 1011 3946 1185 4002; x_wconf 86' lang='lat' dir='ltr'>posse</span> <span class='ocrx_word' id='word_1_541' title='bbox 1225 3946 1451 3999; x_wconf 88' lang='lat' dir='ltr'>poenam</span> <span class='ocrx_word' id='word_1_542' title='bbox 1503 3947 1744 3987; x_wconf 91' lang='lat' dir='ltr'>suorum</span> <span class='ocrx_word' id='word_1_543' title='bbox 1794 3933 2087 3989; x_wconf 90' lang='lat' dir='ltr'>malorum</span> 
     </span>
    </p>
   </div>
   <div class='ocr_carea' id='block_1_75' title="bbox 433 4017 2086 4095">
    <p class='ocr_par' dir='ltr' id='par_1_75' title="bbox 433 4017 2086 4095">
     <span class='ocr_line' id='line_1_76' title="bbox 433 4017 2086 4095; baseline 0.001 -17"><span class='ocrx_word' id='word_1_544' title='bbox 433 4021 792 4093; x_wconf 88' lang='lat' dir='ltr'>persolvere:</span> <span class='ocrx_word' id='word_1_545' title='bbox 818 4036 953 4075; x_wconf 92' lang='lat' dir='ltr'>nam</span> <span class='ocrx_word' id='word_1_546' title='bbox 979 4017 1216 4074; x_wconf 77' lang='lat' dir='ltr'>malitiae</span> <span class='ocrx_word' id='word_1_547' title='bbox 1238 4035 1509 4074; x_wconf 84' lang='lat' dir='ltr'>excessus</span> <span class='ocrx_word' id='word_1_548' title='bbox 1532 4036 1703 4076; x_wconf 91' lang='lat' dir='ltr'>omne</span> <span class='ocrx_word' id='word_1_549' title='bbox 1726 4021 2086 4095; x_wconf 88' lang='lat' dir='ltr'>supplicium</span> 
     </span>
    </p>
   </div>
   <div class='ocr_carea' id='block_1_76' title="bbox 434 4107 2085 4183">
    <p class='ocr_par' dir='ltr' id='par_1_76' title="bbox 434 4107 2085 4183">
     <span class='ocr_line' id='line_1_77' title="bbox 434 4107 2085 4183; baseline 0.001 -17"><span class='ocrx_word' id='word_1_550' title='bbox 434 4111 784 4183; x_wconf 85' lang='lat' dir='ltr'>superabat;</span> <span class='ocrx_word' id='word_1_551' title='bbox 812 4109 1017 4164; x_wconf 89' lang='lat' dir='ltr'>videns</span> <span class='ocrx_word' id='word_1_552' title='bbox 1037 4107 1176 4162; x_wconf 89' lang='lat' dir='ltr'>item</span> <span class='ocrx_word' id='word_1_553' title='bbox 1200 4107 1388 4163; x_wconf 90' lang='lat' dir='ltr'>Patris</span> <span class='ocrx_word' id='word_1_554' title='bbox 1410 4107 1500 4163; x_wconf 89' lang='lat' dir='ltr'>sui</span> <span class='ocrx_word' id='word_1_555' title='bbox 1524 4108 1864 4181; x_wconf 89' lang='lat' dir='ltr'>bonitatem,</span> <span class='ocrx_word' id='word_1_556' title='bbox 1886 4129 2085 4169; x_wconf 88' lang='lat' dir='ltr'>suam-</span> 
     </span>
    </p>
   </div>
   <div class='ocr_carea' id='block_1_77' title="bbox 431 4197 2084 4272">
    <p class='ocr_par' dir='ltr' id='par_1_77' title="bbox 431 4197 2084 4272">
     <span class='ocr_line' id='line_1_78' title="bbox 431 4197 2084 4272; baseline 0.001 -17"><span class='ocrx_word' id='word_1_557' title='bbox 431 4216 547 4270; x_wconf 90' lang='lat' dir='ltr'>que</span> <span class='ocrx_word' id='word_1_558' title='bbox 589 4197 909 4272; x_wconf 87' lang='lat' dir='ltr'>potentiam</span> <span class='ocrx_word' id='word_1_559' title='bbox 951 4197 1051 4253; x_wconf 75' lang='lat'><strong>08</strong></span> <span class='ocrx_word' id='word_1_560' title='bbox 1102 4202 1159 4252; x_wconf 90' lang='lat' dir='ltr'>et</span> <span class='ocrx_word' id='word_1_561' title='bbox 1202 4197 1475 4253; x_wconf 90' lang='lat' dir='ltr'>virtutem</span> <span class='ocrx_word' id='word_1_562' title='bbox 1513 4215 1576 4253; x_wconf 76' lang='grc' dir='ltr'>εει</span> <span class='ocrx_word' id='word_1_563' title='bbox 1614 4197 1879 4256; x_wconf 89' lang='lat' dir='ltr'>Christus</span> <span class='ocrx_word' id='word_1_564' title='bbox 1927 4202 2084 4258; x_wconf 91' lang='lat' dir='ltr'>enim</span> 
     </span>
    </p>
   </div>
   <div class='ocr_carea' id='block_1_78' title="bbox 435 4285 2083 4358">
    <p class='ocr_par' dir='ltr' id='par_1_78' title="bbox 435 4285 2083 4358">
     <span class='ocr_line' id='line_1_79' title="bbox 435 4285 2083 4358; baseline 0.002 -14"><span class='ocrx_word' id='word_1_565' title='bbox 435 4289 530 4344; x_wconf 87' lang='lat' dir='ltr'>Dei</span> <span class='ocrx_word' id='word_1_566' title='bbox 561 4289 748 4344; x_wconf 90' lang='lat' dir='ltr'>virtus</span> <span class='ocrx_word' id='word_1_567' title='bbox 777 4292 834 4343; x_wconf 92' lang='lat' dir='ltr'>et</span> <span class='ocrx_word' id='word_1_568' title='bbox 867 4287 959 4342; x_wconf 91' lang='lat' dir='ltr'>Dei</span> <span class='ocrx_word' id='word_1_569' title='bbox 996 4285 1282 4358; x_wconf 88' lang='lat' dir='ltr'>sapientia</span> <span class='ocrx_word' id='word_1_570' title='bbox 1303 4286 1380 4354; x_wconf 72' lang='lat'>‘3;</span> <span class='ocrx_word' id='word_1_571' title='bbox 1411 4309 1439 4336; x_wconf 90' lang='grc'>››</span> <span class='ocrx_word' id='word_1_572' title='bbox 1471 4292 1802 4344; x_wconf 86' lang='lat' dir='ltr'>commotus</span> <span class='ocrx_word' id='word_1_573' title='bbox 1837 4290 1945 4346; x_wconf 80' lang='lat' dir='ltr'>fuit</span> <span class='ocrx_word' id='word_1_574' title='bbox 1975 4308 2083 4347; x_wconf 86' lang='lat' dir='ltr'>suo</span> 
     </span>
    </p>
   </div>
   <div class='ocr_carea' id='block_1_79' title="bbox 427 4375 2086 4450">
    <p class='ocr_par' dir='ltr' id='par_1_79' title="bbox 427 4375 2086 4450">
     <span class='ocr_line' id='line_1_80' title="bbox 427 4375 2086 4450; baseline 0.001 -18"><span class='ocrx_word' id='word_1_575' title='bbox 427 4393 566 4450; x_wconf 85' lang='lat' dir='ltr'>erga</span> <span class='ocrx_word' id='word_1_576' title='bbox 597 4377 865 4432; x_wconf 89' lang='lat' dir='ltr'>homines</span> <span class='ocrx_word' id='word_1_577' title='bbox 899 4392 1117 4441; x_wconf 91' lang='lat' dir='ltr'>amore,</span> <span class='ocrx_word' id='word_1_578' title='bbox 1151 4375 1583 4446; x_wconf 86' lang='lat' dir='ltr'>miseratusque</span> <span class='ocrx_word' id='word_1_579' title='bbox 1618 4381 1878 4432; x_wconf 85' lang='lat' dir='ltr'>nostram</span> <span class='ocrx_word' id='word_1_580' title='bbox 1916 4379 2086 4433; x_wconf 76' lang='lat' dir='ltr'>inﬁr-</span> 
     </span>
    </p>
   </div>
   <div class='ocr_carea' id='block_1_80' title="bbox 428 4464 2085 4539">
    <p class='ocr_par' dir='ltr' id='par_1_80' title="bbox 428 4464 2085 4539">
     <span class='ocr_line' id='line_1_81' title="bbox 428 4464 2085 4539; baseline 0.001 -17"><span class='ocrx_word' id='word_1_581' title='bbox 428 4468 712 4534; x_wconf 89' lang='lat' dir='ltr'>mitatem,</span> <span class='ocrx_word' id='word_1_582' title='bbox 747 4466 1013 4522; x_wconf 90' lang='lat' dir='ltr'>eamdem</span> <span class='ocrx_word' id='word_1_583' title='bbox 1061 4464 1275 4520; x_wconf 90' lang='lat' dir='ltr'>induit.</span> <span class='ocrx_word' id='word_1_584' title='bbox 1320 4465 1448 4536; x_wconf 87' lang='lat' dir='ltr'>Ipse</span> <span class='ocrx_word' id='word_1_585' title='bbox 1500 4464 1679 4532; x_wconf 91' lang='lat' dir='ltr'>enim,</span> <span class='ocrx_word' id='word_1_586' title='bbox 1715 4471 1778 4520; x_wconf 89' lang='lat' dir='ltr'>ut</span> <span class='ocrx_word' id='word_1_587' title='bbox 1825 4467 1906 4522; x_wconf 90' lang='lat' dir='ltr'>ait</span> <span class='ocrx_word' id='word_1_588' title='bbox 1953 4485 2085 4539; x_wconf 90' lang='lat' dir='ltr'>pro-</span> 
     </span>
    </p>
   </div>
   <div class='ocr_carea' id='block_1_81' title="bbox 425 4551 2082 4628">
    <p class='ocr_par' dir='ltr' id='par_1_81' title="bbox 425 4551 2082 4628">
     <span class='ocr_line' id='line_1_82' title="bbox 425 4551 2082 4628; baseline -0.001 -15"><span class='ocrx_word' id='word_1_589' title='bbox 425 4557 623 4628; x_wconf 88' lang='lat' dir='ltr'>pheta,</span> <span class='ocrx_word' id='word_1_590' title='bbox 657 4555 1030 4610; x_wconf 86' lang='lat' dir='ltr'>inﬁrmitates</span> <span class='ocrx_word' id='word_1_591' title='bbox 1071 4557 1306 4610; x_wconf 88' lang='lat' dir='ltr'>nostras</span> <span class='ocrx_word' id='word_1_592' title='bbox 1337 4551 1490 4621; x_wconf 89' lang='lat' dir='ltr'>tulit,</span> <span class='ocrx_word' id='word_1_593' title='bbox 1524 4559 1581 4609; x_wconf 90' lang='lat' dir='ltr'>et</span> <span class='ocrx_word' id='word_1_594' title='bbox 1620 4554 1856 4612; x_wconf 87' lang='lat' dir='ltr'>morbos</span> <span class='ocrx_word' id='word_1_595' title='bbox 1887 4562 2082 4628; x_wconf 90' lang='lat' dir='ltr'>gesta-</span> 
     </span>
    </p>
   </div>
   <div class='ocr_carea' id='block_1_82' title="bbox 2199 3388 3858 3467">
    <p class='ocr_par' dir='ltr' id='par_1_82' title="bbox 2199 3388 3858 3467">
     <span class='ocr_line' id='line_1_83' title="bbox 2199 3388 3858 3467; baseline 0.002 -21"><span class='ocrx_word' id='word_1_596' title='bbox 2199 3393 2398 3454; x_wconf 84' lang='grc' dir='ltr'>πάντας</span> <span class='ocrx_word' id='word_1_597' title='bbox 2428 3391 2517 3446; x_wconf 82' lang='grc' dir='ltr'>καὶ</span> <span class='ocrx_word' id='word_1_598' title='bbox 2546 3390 2682 3445; x_wconf 84' lang='grc' dir='ltr'>κατᾶ</span> <span class='ocrx_word' id='word_1_599' title='bbox 2711 3388 2924 3459; x_wconf 86' lang='grc' dir='ltr'>πάντων</span> <span class='ocrx_word' id='word_1_600' title='bbox 2969 3388 3127 3467; x_wconf 73' lang='grc' dir='ltr'>ἴσχυε</span> <span class='ocrx_word' id='word_1_601' title='bbox 3161 3390 3463 3465; x_wconf 82' lang='grc' dir='ltr'>βασιλεύειν</span> <span class='ocrx_word' id='word_1_602' title='bbox 3514 3395 3647 3466; x_wconf 83' lang='grc'>(61).</span> <span class='ocrx_word' id='word_1_603' title='bbox 3698 3394 3754 3446; x_wconf 90' lang='grc' dir='ltr'>Ὁ</span> <span class='ocrx_word' id='word_1_604' title='bbox 3799 3391 3858 3449; x_wconf 77' lang='grc' dir='ltr'>δὶ</span> 
     </span>
    </p>
   </div>
   <div class='ocr_carea' id='block_1_83' title="bbox 2198 3479 3854 3559">
    <p class='ocr_par' dir='ltr' id='par_1_83' title="bbox 2198 3479 3854 3559">
     <span class='ocr_line' id='line_1_84' title="bbox 2198 3479 3854 3559; baseline 0.001 -23"><span class='ocrx_word' id='word_1_605' title='bbox 2198 3481 2397 3557; x_wconf 85' lang='grc' dir='ltr'>Κύριος</span> <span class='ocrx_word' id='word_1_606' title='bbox 2429 3481 2588 3552; x_wconf 74' lang='grc' dir='ltr'>ἡμῶν</span> <span class='ocrx_word' id='word_1_607' title='bbox 2621 3479 2886 3543; x_wconf 83' lang='grc' dir='ltr'>ἀθάνατος</span> <span class='ocrx_word' id='word_1_608' title='bbox 2915 3480 3006 3534; x_wconf 79' lang='grc' dir='ltr'>καὶ</span> <span class='ocrx_word' id='word_1_609' title='bbox 3036 3479 3303 3558; x_wconf 69' lang='grc' dir='ltr'>ἄφθαρτός</span> <span class='ocrx_word' id='word_1_610' title='bbox 3335 3479 3470 3536; x_wconf 83' lang='grc' dir='ltr'>ἐστι·</span> <span class='ocrx_word' id='word_1_611' title='bbox 3530 3481 3621 3536; x_wconf 87' lang='grc' dir='ltr'>καὶ</span> <span class='ocrx_word' id='word_1_612' title='bbox 3672 3479 3854 3559; x_wconf 77' lang='grc' dir='ltr'>ὣσπερ</span> 
     </span>
    </p>
   </div>
   <div class='ocr_carea' id='block_1_84' title="bbox 2201 3567 3852 3649">
    <p class='ocr_par' dir='ltr' id='par_1_84' title="bbox 2201 3567 3852 3649">
     <span class='ocr_line' id='line_1_85' title="bbox 2201 3567 3852 3649; baseline -0.006 -24"><span class='ocrx_word' id='word_1_613' title='bbox 2201 3570 2462 3634; x_wconf 79' lang='grc' dir='ltr'>ἀθάνατος</span> <span class='ocrx_word' id='word_1_614' title='bbox 2518 3568 2609 3622; x_wconf 85' lang='grc' dir='ltr'>καὶ</span> <span class='ocrx_word' id='word_1_615' title='bbox 2669 3567 2939 3644; x_wconf 76' lang='grc' dir='ltr'>ἄφθαρτος</span> <span class='ocrx_word' id='word_1_616' title='bbox 3001 3567 3175 3630; x_wconf 75' lang='grc' dir='ltr'>οὕτως</span> <span class='ocrx_word' id='word_1_617' title='bbox 3231 3569 3427 3646; x_wconf 77' lang='grc' dir='ltr'>ἀγαθὸς</span> <span class='ocrx_word' id='word_1_618' title='bbox 3506 3570 3594 3625; x_wconf 78' lang='grc' dir='ltr'>καὶ</span> <span class='ocrx_word' id='word_1_619' title='bbox 3662 3569 3852 3649; x_wconf 78' lang='grc' dir='ltr'>φιλάν.</span> 
     </span>
    </p>
   </div>
   <div class='ocr_carea' id='block_1_85' title="bbox 2202 3657 3852 3736">
    <p class='ocr_par' dir='ltr' id='par_1_85' title="bbox 2202 3657 3852 3736">
     <span class='ocr_line' id='line_1_86' title="bbox 2202 3657 3852 3736; baseline 0 -22"><span class='ocrx_word' id='word_1_620' title='bbox 2202 3671 2441 3732; x_wconf 85' lang='grc' dir='ltr'>θρωπος.</span> <span class='ocrx_word' id='word_1_621' title='bbox 2528 3659 2759 3733; x_wconf 82' lang='grc' dir='ltr'>’Δγαθοῦ</span> <span class='ocrx_word' id='word_1_622' title='bbox 2842 3657 2944 3731; x_wconf 77' lang='grc' dir='ltr'>γὰρ</span> <span class='ocrx_word' id='word_1_623' title='bbox 3033 3658 3243 3733; x_wconf 89' lang='grc' dir='ltr'>Πατρὸς</span> <span class='ocrx_word' id='word_1_624' title='bbox 3329 3659 3527 3735; x_wconf 79' lang='grc' dir='ltr'>ἀγαθὸς</span> <span class='ocrx_word' id='word_1_625' title='bbox 3600 3660 3627 3714; x_wconf 85' lang='grc' dir='ltr'><strong>ὁ</strong></span> <span class='ocrx_word' id='word_1_626' title='bbox 3677 3659 3852 3736; x_wconf 87' lang='grc' dir='ltr'>Λόγος</span> 
     </span>
    </p>
   </div>
   <div class='ocr_carea' id='block_1_86' title="bbox 2203 3743 3852 3825">
    <p class='ocr_par' dir='ltr' id='par_1_86' title="bbox 2203 3743 3852 3825">
     <span class='ocr_line' id='line_1_87' title="bbox 2203 3743 3852 3825; baseline 0 -21"><span class='ocrx_word' id='word_1_627' title='bbox 2203 3748 2457 3824; x_wconf 86' lang='grc' dir='ltr'>ὑπάρχει·</span> <span class='ocrx_word' id='word_1_628' title='bbox 2534 3743 2619 3801; x_wconf 79' lang='grc' dir='ltr'>διὸ</span> <span class='ocrx_word' id='word_1_629' title='bbox 2695 3744 2758 3799; x_wconf 81' lang='grc' dir='ltr'>οὖ</span> <span class='ocrx_word' id='word_1_630' title='bbox 2825 3743 3075 3821; x_wconf 85' lang='grc' dir='ltr'>παρεῖδεν</span> <span class='ocrx_word' id='word_1_631' title='bbox 3151 3744 3444 3803; x_wconf 75' lang='grc' dir='ltr'>ἀπολέσθαι</span> <span class='ocrx_word' id='word_1_632' title='bbox 3507 3749 3571 3804; x_wconf 87' lang='grc' dir='ltr'>τὸ</span> <span class='ocrx_word' id='word_1_633' title='bbox 3626 3748 3852 3825; x_wconf 84' lang='grc' dir='ltr'>γενόμε-</span> 
     </span>
    </p>
   </div>
   <div class='ocr_carea' id='block_1_87' title="bbox 2197 3831 3846 3912">
    <p class='ocr_par' dir='ltr' id='par_1_87' title="bbox 2197 3831 3846 3912">
     <span class='ocr_line' id='line_1_88' title="bbox 2197 3831 3846 3912; baseline 0.001 -20"><span class='ocrx_word' id='word_1_634' title='bbox 2197 3859 2285 3893; x_wconf 92' lang='grc' dir='ltr'>νον</span> <span class='ocrx_word' id='word_1_635' title='bbox 2374 3838 2508 3910; x_wconf 87' lang='grc'>(62),</span> <span class='ocrx_word' id='word_1_636' title='bbox 2589 3831 2704 3890; x_wconf 84' lang='grc' dir='ltr'>οὐδ’</span> <span class='ocrx_word' id='word_1_637' title='bbox 2791 3834 3046 3908; x_wconf 71' lang='grc' dir='ltr'>ὑπέμεινε</span> <span class='ocrx_word' id='word_1_638' title='bbox 3117 3839 3225 3890; x_wconf 79' lang='grc' dir='ltr'>τῶν</span> <span class='ocrx_word' id='word_1_639' title='bbox 3294 3836 3459 3892; x_wconf 83' lang='grc' dir='ltr'>αὐτοῦ</span> <span class='ocrx_word' id='word_1_640' title='bbox 3517 3840 3846 3912; x_wconf 77' lang='grc' dir='ltr'>ποιημάτων</span> 
     </span>
    </p>
   </div>
   <div class='ocr_carea' id='block_1_88' title="bbox 2198 3922 3848 4001">
    <p class='ocr_par' dir='ltr' id='par_1_88' title="bbox 2198 3922 3848 4001">
     <span class='ocr_line' id='line_1_89' title="bbox 2198 3922 3848 4001; baseline -0.001 -18"><span class='ocrx_word' id='word_1_641' title='bbox 2198 3927 2369 3983; x_wconf 76' lang='grc' dir='ltr'>ἄλλον</span> <span class='ocrx_word' id='word_1_642' title='bbox 2425 3923 2668 4001; x_wconf 73' lang='grc' dir='ltr'>γενέσθαι</span> <span class='ocrx_word' id='word_1_643' title='bbox 2728 3923 2944 3999; x_wconf 82' lang='grc' dir='ltr'>Κύριον·</span> <span class='ocrx_word' id='word_1_644' title='bbox 2977 3922 3102 3978; x_wconf 84' lang='grc' dir='ltr'>ἀλλ’</span> <span class='ocrx_word' id='word_1_645' title='bbox 3133 3924 3273 3997; x_wconf 80' lang='grc' dir='ltr'>ὁρῶν</span> <span class='ocrx_word' id='word_1_646' title='bbox 3305 3925 3366 3980; x_wconf 87' lang='grc' dir='ltr'>τὸ</span> <span class='ocrx_word' id='word_1_647' title='bbox 3401 3926 3494 3999; x_wconf 74' lang='grc' dir='ltr'>μὲν</span> <span class='ocrx_word' id='word_1_648' title='bbox 3526 3933 3626 3996; x_wconf 78' lang='grc' dir='ltr'>τῆς</span> <span class='ocrx_word' id='word_1_649' title='bbox 3655 3927 3848 3990; x_wconf 80' lang='grc' dir='ltr'>κακίας</span> 
     </span>
    </p>
   </div>
   <div class='ocr_carea' id='block_1_89' title="bbox 2198 4011 3848 4095">
    <p class='ocr_par' dir='ltr' id='par_1_89' title="bbox 2198 4011 3848 4095">
     <span class='ocr_line' id='line_1_90' title="bbox 2198 4011 3848 4095; baseline -0.001 -23"><span class='ocrx_word' id='word_1_650' title='bbox 2198 4017 2494 4095; x_wconf 79' lang='grc' dir='ltr'>ἀφόρητον,</span> <span class='ocrx_word' id='word_1_651' title='bbox 2524 4013 2612 4070; x_wconf 83' lang='grc' dir='ltr'>καὶ</span> <span class='ocrx_word' id='word_1_652' title='bbox 2643 4015 2732 4068; x_wconf 88' lang='grc' dir='ltr'>τὸν</span> <span class='ocrx_word' id='word_1_653' title='bbox 2781 4011 2977 4083; x_wconf 83' lang='grc' dir='ltr'>θνητὸν</span> <span class='ocrx_word' id='word_1_654' title='bbox 3003 4014 3159 4090; x_wconf 73' lang='grc' dir='ltr'>γένος</span> <span class='ocrx_word' id='word_1_655' title='bbox 3190 4013 3297 4090; x_wconf 78' lang='grc' dir='ltr'>οὐχ</span> <span class='ocrx_word' id='word_1_656' title='bbox 3325 4015 3507 4069; x_wconf 79' lang='grc' dir='ltr'>ἱκανὸν</span> <span class='ocrx_word' id='word_1_657' title='bbox 3539 4015 3848 4087; x_wconf 75' lang='grc' dir='ltr'>ἀντιστῆναι</span> 
     </span>
    </p>
   </div>
   <div class='ocr_carea' id='block_1_90' title="bbox 2195 4099 3850 4183">
    <p class='ocr_par' dir='ltr' id='par_1_90' title="bbox 2195 4099 3850 4183">
     <span class='ocr_line' id='line_1_91' title="bbox 2195 4099 3850 4183; baseline -0.001 -21"><span class='ocrx_word' id='word_1_658' title='bbox 2195 4107 2332 4183; x_wconf 88' lang='grc' dir='ltr'>πρὸς</span> <span class='ocrx_word' id='word_1_659' title='bbox 2361 4106 2452 4161; x_wconf 85' lang='grc' dir='ltr'>τὸν</span> <span class='ocrx_word' id='word_1_660' title='bbox 2485 4103 2735 4174; x_wconf 84' lang='grc' dir='ltr'>Θάνατον,</span> <span class='ocrx_word' id='word_1_661' title='bbox 2771 4099 2896 4157; x_wconf 75' lang='grc' dir='ltr'>οὐδὲ</span> <span class='ocrx_word' id='word_1_662' title='bbox 2922 4104 3021 4172; x_wconf 81' lang='grc' dir='ltr'>τὴν</span> <span class='ocrx_word' id='word_1_663' title='bbox 3049 4103 3320 4179; x_wconf 88' lang='grc' dir='ltr'>τιμωρίαν</span> <span class='ocrx_word' id='word_1_664' title='bbox 3350 4107 3458 4159; x_wconf 80' lang='grc' dir='ltr'>τῶν</span> <span class='ocrx_word' id='word_1_665' title='bbox 3488 4109 3667 4160; x_wconf 81' lang='grc' dir='ltr'>κακῶν</span> <span class='ocrx_word' id='word_1_666' title='bbox 3698 4103 3850 4161; x_wconf 85' lang='grc' dir='ltr'>δυνα-</span> 
     </span>
    </p>
   </div>
   <div class='ocr_carea' id='block_1_91' title="bbox 2194 4192 3852 4269">
    <p class='ocr_par' dir='ltr' id='par_1_91' title="bbox 2194 4192 3852 4269">
     <span class='ocr_line' id='line_1_92' title="bbox 2194 4192 3852 4269; baseline -0.001 -17"><span class='ocrx_word' id='word_1_667' title='bbox 2194 4199 2282 4252; x_wconf 89' lang='grc' dir='ltr'>τὸν</span> <span class='ocrx_word' id='word_1_668' title='bbox 2337 4192 2652 4250; x_wconf 74' lang='grc' dir='ltr'>ἀποδοῦναι·</span> <span class='ocrx_word' id='word_1_669' title='bbox 2718 4193 2956 4267; x_wconf 79' lang='grc' dir='ltr'>ὑπερῆρε</span> <span class='ocrx_word' id='word_1_670' title='bbox 3010 4193 3114 4268; x_wconf 76' lang='grc' dir='ltr'>γὰρ</span> <span class='ocrx_word' id='word_1_671' title='bbox 3171 4198 3342 4246; x_wconf 78' lang='grc' dir='ltr'>πᾶσαν</span> <span class='ocrx_word' id='word_1_672' title='bbox 3386 4194 3656 4269; x_wconf 84' lang='grc' dir='ltr'>τιμωρίαν</span> <span class='ocrx_word' id='word_1_673' title='bbox 3687 4197 3720 4264; x_wconf 79' lang='grc' dir='ltr'>ἠ</span> <span class='ocrx_word' id='word_1_674' title='bbox 3752 4201 3852 4265; x_wconf 76' lang='grc' dir='ltr'>τῆς</span> 
     </span>
    </p>
   </div>
   <div class='ocr_carea' id='block_1_92' title="bbox 2192 4276 3852 4359">
    <p class='ocr_par' dir='ltr' id='par_1_92' title="bbox 2192 4276 3852 4359">
     <span class='ocr_line' id='line_1_93' title="bbox 2192 4276 3852 4359; baseline -0.002 -17"><span class='ocrx_word' id='word_1_675' title='bbox 2192 4285 2385 4347; x_wconf 72' lang='grc' dir='ltr'>κακίας</span> <span class='ocrx_word' id='word_1_676' title='bbox 2445 4276 2746 4356; x_wconf 72' lang='grc' dir='ltr'>ὑπερϐολή·</span> <span class='ocrx_word' id='word_1_677' title='bbox 2809 4281 2951 4354; x_wconf 79' lang='grc' dir='ltr'>ὁρῶν</span> <span class='ocrx_word' id='word_1_678' title='bbox 2999 4277 3057 4334; x_wconf 73' lang='grc' dir='ltr'>δὲ</span> <span class='ocrx_word' id='word_1_679' title='bbox 3101 4281 3191 4335; x_wconf 84' lang='grc' dir='ltr'>καὶ</span> <span class='ocrx_word' id='word_1_680' title='bbox 3219 4282 3318 4350; x_wconf 74' lang='grc' dir='ltr'>τὴν</span> <span class='ocrx_word' id='word_1_681' title='bbox 3346 4285 3444 4336; x_wconf 92' lang='grc' dir='ltr'>τοῦ</span> <span class='ocrx_word' id='word_1_682' title='bbox 3480 4284 3685 4358; x_wconf 85' lang='grc' dir='ltr'>Πατρὸς</span> <span class='ocrx_word' id='word_1_683' title='bbox 3719 4285 3852 4359; x_wconf 87' lang='grc' dir='ltr'>άγα-</span> 
     </span>
    </p>
   </div>
   <div class='ocr_carea' id='block_1_93' title="bbox 2197 4368 3853 4446">
    <p class='ocr_par' dir='ltr' id='par_1_93' title="bbox 2197 4368 3853 4446">
     <span class='ocr_line' id='line_1_94' title="bbox 2197 4368 3853 4446; baseline -0.008 -16"><span class='ocrx_word' id='word_1_684' title='bbox 2197 4375 2419 4445; x_wconf 77' lang='grc' dir='ltr'>θότήτα,</span> <span class='ocrx_word' id='word_1_685' title='bbox 2453 4373 2591 4446; x_wconf 79' lang='grc' dir='ltr'>ὁρῶν</span> <span class='ocrx_word' id='word_1_686' title='bbox 2625 4369 2713 4424; x_wconf 89' lang='grc' dir='ltr'>καὶ</span> <span class='ocrx_word' id='word_1_687' title='bbox 2742 4370 2842 4436; x_wconf 75' lang='grc' dir='ltr'>τὴν</span> <span class='ocrx_word' id='word_1_688' title='bbox 2876 4368 3067 4423; x_wconf 73' lang='grc' dir='ltr'>ἑαυτοῦ</span> <span class='ocrx_word' id='word_1_689' title='bbox 3097 4370 3391 4440; x_wconf 75' lang='grc' dir='ltr'>ἱκανότητα</span> <span class='ocrx_word' id='word_1_690' title='bbox 3419 4373 3508 4425; x_wconf 86' lang='grc' dir='ltr'>καὶ</span> <span class='ocrx_word' id='word_1_691' title='bbox 3548 4376 3661 4446; x_wconf 80' lang='grc'>(63)</span> <span class='ocrx_word' id='word_1_692' title='bbox 3692 4370 3853 4428; x_wconf 63' lang='grc' dir='ltr'>δ-ςνα-</span> 
     </span>
    </p>
   </div>
   <div class='ocr_carea' id='block_1_94' title="bbox 2200 4455 3850 4540">
    <p class='ocr_par' dir='ltr' id='par_1_94' title="bbox 2200 4455 3850 4540">
     <span class='ocr_line' id='line_1_95' title="bbox 2200 4455 3850 4540; baseline 0.002 -28"><span class='ocrx_word' id='word_1_693' title='bbox 2200 4482 2311 4536; x_wconf 80' lang='grc' dir='ltr'>μιν·</span> <span class='ocrx_word' id='word_1_694' title='bbox 2351 4485 2379 4514; x_wconf 85' lang='grc' dir='ltr'>ι(</span> <span class='ocrx_word' id='word_1_695' title='bbox 2409 4458 2642 4533; x_wconf 88' lang='grc' dir='ltr'>Χριστὸς</span> <span class='ocrx_word' id='word_1_696' title='bbox 2673 4459 2776 4533; x_wconf 74' lang='grc' dir='ltr'>γὰρ</span> <span class='ocrx_word' id='word_1_697' title='bbox 2809 4461 2942 4512; x_wconf 85' lang='grc' dir='ltr'>Θεοῦ</span> <span class='ocrx_word' id='word_1_698' title='bbox 2975 4455 3204 4532; x_wconf 88' lang='grc' dir='ltr'>δύναμις</span> <span class='ocrx_word' id='word_1_699' title='bbox 3253 4461 3338 4514; x_wconf 76' lang='grc' dir='ltr'>καὶ</span> <span class='ocrx_word' id='word_1_700' title='bbox 3393 4465 3526 4517; x_wconf 86' lang='grc' dir='ltr'>Θεοῦ</span> <span class='ocrx_word' id='word_1_701' title='bbox 3579 4463 3760 4540; x_wconf 79' lang='grc' dir='ltr'>σοφία·</span> <span class='ocrx_word' id='word_1_702' title='bbox 3821 4488 3850 4515; x_wconf 86' lang='grc'>››</span> 
     </span>
    </p>
   </div>
   <div class='ocr_carea' id='block_1_95' title="bbox 2193 4546 3846 4626">
    <p class='ocr_par' dir='ltr' id='par_1_95' title="bbox 2193 4546 3846 4626">
     <span class='ocr_line' id='line_1_96' title="bbox 2193 4546 3846 4626; baseline 0.001 -20"><span class='ocrx_word' id='word_1_703' title='bbox 2193 4551 2473 4620; x_wconf 78' lang='grc' dir='ltr'>κεκίνηται</span> <span class='ocrx_word' id='word_1_704' title='bbox 2527 4551 2597 4622; x_wconf 76' lang='grc' dir='ltr'>τῇ</span> <span class='ocrx_word' id='word_1_705' title='bbox 2655 4546 3059 4624; x_wconf 76' lang='grc' dir='ltr'>φιλανθρωπίᾳ,</span> <span class='ocrx_word' id='word_1_706' title='bbox 3126 4548 3214 4602; x_wconf 83' lang='grc' dir='ltr'>καὶ</span> <span class='ocrx_word' id='word_1_707' title='bbox 3272 4549 3540 4626; x_wconf 80' lang='grc' dir='ltr'>οἰκτείρας</span> <span class='ocrx_word' id='word_1_708' title='bbox 3564 4552 3663 4620; x_wconf 77' lang='grc' dir='ltr'>τήν</span> <span class='ocrx_word' id='word_1_709' title='bbox 3695 4554 3846 4607; x_wconf 59' lang='lat' dir='ltr'>acet.</span> 
     </span>
    </p>
   </div>
   <div class='ocr_carea' id='block_1_96' title="bbox 426 4635 2086 4714">
    <p class='ocr_par' dir='ltr' id='par_1_96' title="bbox 426 4642 2082 4713">
     <span class='ocr_line' id='line_1_97' title="bbox 426 4642 2082 4713; baseline 0.001 -13"><span class='ocrx_word' id='word_1_710' title='bbox 426 4645 505 4700; x_wconf 88' lang='lat' dir='ltr'>vit</span> <span class='ocrx_word' id='word_1_711' title='bbox 525 4647 590 4699; x_wconf 65' lang='grc'>⁸⁵.</span> <span class='ocrx_word' id='word_1_712' title='bbox 611 4644 922 4701; x_wconf 89' lang='lat' dir='ltr'>Miseratus</span> <span class='ocrx_word' id='word_1_713' title='bbox 949 4643 1087 4699; x_wconf 89' lang='lat' dir='ltr'>item</span> <span class='ocrx_word' id='word_1_714' title='bbox 1120 4647 1383 4698; x_wconf 86' lang='lat' dir='ltr'>nostram</span> <span class='ocrx_word' id='word_1_715' title='bbox 1411 4642 1856 4713; x_wconf 88' lang='lat' dir='ltr'>mortalitatem,</span> <span class='ocrx_word' id='word_1_716' title='bbox 1879 4646 2082 4701; x_wconf 89' lang='lat' dir='ltr'>eadem</span> 
     </span>
    </p>
   </div>
   <div class='ocr_carea' id='block_1_97' title="bbox 2198 4635 3845 4714">
    <p class='ocr_par' dir='ltr' id='par_1_97' title="bbox 2198 4635 3845 4714">
     <span class='ocr_line' id='line_1_98' title="bbox 2198 4635 3845 4714; baseline -0.001 -18"><span class='ocrx_word' id='word_1_717' title='bbox 2198 4662 2332 4696; x_wconf 87' lang='grc' dir='ltr'>νειαν</span> <span class='ocrx_word' id='word_1_718' title='bbox 2366 4641 2550 4712; x_wconf 76' lang='grc' dir='ltr'>ἡμῶν,</span> <span class='ocrx_word' id='word_1_719' title='bbox 2583 4635 2864 4691; x_wconf 74' lang='grc' dir='ltr'>ἐνεδύσατο</span> <span class='ocrx_word' id='word_1_720' title='bbox 2893 4636 3117 4706; x_wconf 74' lang='grc' dir='ltr'>ταύτην.</span> <span class='ocrx_word' id='word_1_721' title='bbox 3153 4636 3325 4700; x_wconf 82' lang='grc' dir='ltr'>Αὐτὸς</span> <span class='ocrx_word' id='word_1_722' title='bbox 3354 4637 3478 4714; x_wconf 78' lang='grc' dir='ltr'>γὰρ,</span> <span class='ocrx_word' id='word_1_723' title='bbox 3510 4640 3584 4702; x_wconf 83' lang='grc' dir='ltr'>ὡς</span> <span class='ocrx_word' id='word_1_724' title='bbox 3623 4642 3650 4694; x_wconf 78' lang='grc' dir='ltr'>ὁ</span> <span class='ocrx_word' id='word_1_725' title='bbox 3710 4661 3845 4712; x_wconf 75' lang='grc' dir='ltr'>προ-</span> 
     </span>
    </p>
   </div>
   <div class='ocr_carea' id='block_1_98' title="bbox 425 4730 2082 4791">
    <p class='ocr_par' dir='ltr' id='par_1_98' title="bbox 425 4730 2082 4791">
     <span class='ocr_line' id='line_1_99' title="bbox 425 4730 2082 4791; baseline 0 -1"><span class='ocrx_word' id='word_1_726' title='bbox 425 4735 680 4791; x_wconf 87' lang='lat' dir='ltr'>amictus</span> <span class='ocrx_word' id='word_1_727' title='bbox 709 4738 816 4790; x_wconf 89' lang='lat' dir='ltr'>est.</span> <span class='ocrx_word' id='word_1_728' title='bbox 838 4733 932 4788; x_wconf 88' lang='lat' dir='ltr'>Ait</span> <span class='ocrx_word' id='word_1_729' title='bbox 962 4731 1120 4788; x_wconf 90' lang='lat' dir='ltr'>enim</span> <span class='ocrx_word' id='word_1_730' title='bbox 1152 4730 1372 4787; x_wconf 89' lang='lat' dir='ltr'>Paulus</span> <span class='ocrx_word' id='word_1_731' title='bbox 1401 4749 1464 4788; x_wconf 88' lang='lat'>:«</span> <span class='ocrx_word' id='word_1_732' title='bbox 1498 4731 1840 4788; x_wconf 86' lang='lat' dir='ltr'>Humiliavit</span> <span class='ocrx_word' id='word_1_733' title='bbox 1870 4740 2082 4790; x_wconf 86' lang='lat' dir='ltr'>semet-</span> 
     </span>
    </p>
   </div>
   <div class='ocr_carea' id='block_1_99' title="bbox 2192 4724 3841 4810">
    <p class='ocr_par' dir='ltr' id='par_1_99' title="bbox 2192 4724 3841 4810">
     <span class='ocr_line' id='line_1_100' title="bbox 2192 4724 3841 4810; baseline -0.001 -26"><span class='ocrx_word' id='word_1_734' title='bbox 2192 4733 2370 4810; x_wconf 71' lang='grc' dir='ltr'>φήτης</span> <span class='ocrx_word' id='word_1_735' title='bbox 2422 4726 2576 4806; x_wconf 79' lang='grc' dir='ltr'>φησὶ,</span> <span class='ocrx_word' id='word_1_736' title='bbox 2624 4727 2718 4787; x_wconf 71' lang='grc' dir='ltr'>τὰς</span> <span class='ocrx_word' id='word_1_737' title='bbox 2750 4724 3016 4787; x_wconf 82' lang='grc' dir='ltr'>ἀσθενείας</span> <span class='ocrx_word' id='word_1_738' title='bbox 3048 4726 3209 4799; x_wconf 76' lang='grc' dir='ltr'>ἡμῶν</span> <span class='ocrx_word' id='word_1_739' title='bbox 3244 4729 3362 4802; x_wconf 76' lang='grc' dir='ltr'>ἦρε,</span> <span class='ocrx_word' id='word_1_740' title='bbox 3395 4727 3485 4782; x_wconf 81' lang='grc' dir='ltr'>καὶ</span> <span class='ocrx_word' id='word_1_741' title='bbox 3523 4728 3617 4790; x_wconf 75' lang='grc' dir='ltr'>τὰς</span> <span class='ocrx_word' id='word_1_742' title='bbox 3648 4728 3841 4792; x_wconf 80' lang='grc' dir='ltr'>νόσους</span> 
     </span>
    </p>
   </div>
   <div class='ocr_carea' id='block_1_100' title="bbox 495 4884 2170 4958">
    <p class='ocr_par' dir='ltr' id='par_1_100' title="bbox 495 4884 2170 4958">
     <span class='ocr_line' id='line_1_101' title="bbox 495 4884 2170 4958; baseline -0.001 -15"><span class='ocrx_word' id='word_1_743' title='bbox 495 4888 539 4922; x_wconf 73' lang='grc'>⁴²</span> <span class='ocrx_word' id='word_1_744' title='bbox 568 4887 738 4943; x_wconf 87' lang='lat' dir='ltr'>Joan.</span> <span class='ocrx_word' id='word_1_745' title='bbox 771 4902 886 4954; x_wconf 87' lang='lat' dir='ltr'>x1x,</span> <span class='ocrx_word' id='word_1_746' title='bbox 917 4885 1009 4951; x_wconf 89' lang='lat'>23,</span> <span class='ocrx_word' id='word_1_747' title='bbox 1040 4885 1129 4938; x_wconf 82' lang='grc'>24.</span> <span class='ocrx_word' id='word_1_748' title='bbox 1207 4884 1253 4918; x_wconf 77' lang='grc'>⁴³</span> <span class='ocrx_word' id='word_1_749' title='bbox 1282 4884 1303 4938; x_wconf 92' lang='grc' dir='ltr'>Ι</span> <span class='ocrx_word' id='word_1_750' title='bbox 1336 4884 1462 4940; x_wconf 88' lang='lat' dir='ltr'>Cor.</span> <span class='ocrx_word' id='word_1_751' title='bbox 1499 4902 1536 4955; x_wconf 81' lang='grc' dir='ltr'>ι,</span> <span class='ocrx_word' id='word_1_752' title='bbox 1568 4885 1658 4939; x_wconf 80' lang='grc'>24.</span> <span class='ocrx_word' id='word_1_753' title='bbox 1737 4886 1782 4920; x_wconf 84' lang='lat'><strong>“</strong></span> <span class='ocrx_word' id='word_1_754' title='bbox 1815 4886 1928 4941; x_wconf 89' lang='lat' dir='ltr'>Isa.</span> <span class='ocrx_word' id='word_1_755' title='bbox 1963 4903 2082 4958; x_wconf 83' lang='lat' dir='ltr'>LIII,</span> <span class='ocrx_word' id='word_1_756' title='bbox 2118 4888 2170 4942; x_wconf 81' lang='grc'>4.</span> 
     </span>
    </p>
   </div>
   <div class='ocr_carea' id='block_1_101' title="bbox 491 5031 2069 5111">
    <p class='ocr_par' dir='ltr' id='par_1_101' title="bbox 491 5031 2069 5111">
     <span class='ocr_line' id='line_1_102' title="bbox 491 5031 2069 5111; baseline -0.001 -16"><span class='ocrx_word' id='word_1_757' title='bbox 491 5041 602 5110; x_wconf 81' lang='grc'>(55)</span> <span class='ocrx_word' id='word_1_758' title='bbox 633 5039 938 5111; x_wconf 80' lang='lat' dir='ltr'>Regiuset</span> <span class='ocrx_word' id='word_1_759' title='bbox 976 5035 1360 5111; x_wconf 79' lang='lat' dir='ltr'>Anglicanus,</span> <span class='ocrx_word' id='word_1_760' title='bbox 1393 5031 1614 5111; x_wconf 75' lang='grc' dir='ltr'>ἄραφος.</span> <span class='ocrx_word' id='word_1_761' title='bbox 1648 5037 1795 5106; x_wconf 84' lang='lat' dir='ltr'>Mox,</span> <span class='ocrx_word' id='word_1_762' title='bbox 1832 5038 2069 5110; x_wconf 83' lang='lat' dir='ltr'>Regius,</span> 
     </span>
    </p>
   </div>
   <div class='ocr_carea' id='block_1_102' title="bbox 418 5107 1656 5177">
    <p class='ocr_par' dir='ltr' id='par_1_102' title="bbox 418 5107 1656 5177">
     <span class='ocr_line' id='line_1_103' title="bbox 418 5107 1656 5177; baseline -0.001 -12"><span class='ocrx_word' id='word_1_763' title='bbox 418 5107 589 5166; x_wconf 70' lang='grc' dir='ltr'>εἶπανζ</span> <span class='ocrx_word' id='word_1_764' title='bbox 623 5107 775 5173; x_wconf 74' lang='grc' dir='ltr'>Μοῖι,</span> <span class='ocrx_word' id='word_1_765' title='bbox 808 5107 992 5176; x_wconf 81' lang='grc' dir='ltr'>αὐτόν,</span> <span class='ocrx_word' id='word_1_766' title='bbox 1020 5110 1183 5163; x_wconf 87' lang='lat' dir='ltr'>abest</span> <span class='ocrx_word' id='word_1_767' title='bbox 1210 5108 1281 5177; x_wconf 84' lang='lat' dir='ltr'>ab</span> <span class='ocrx_word' id='word_1_768' title='bbox 1317 5107 1656 5177; x_wconf 76' lang='lat' dir='ltr'>Anglicano.</span> 
     </span>
    </p>
   </div>
   <div class='ocr_carea' id='block_1_103' title="bbox 489 5175 1709 5254">
    <p class='ocr_par' dir='ltr' id='par_1_103' title="bbox 489 5175 1709 5254">
     <span class='ocr_line' id='line_1_104' title="bbox 489 5175 1709 5254; baseline -0.006 -15"><span class='ocrx_word' id='word_1_769' title='bbox 489 5184 596 5254; x_wconf 82' lang='lat'>(56)</span> <span class='ocrx_word' id='word_1_770' title='bbox 629 5183 800 5239; x_wconf 87' lang='lat' dir='ltr'>Basil.</span> <span class='ocrx_word' id='word_1_771' title='bbox 835 5186 893 5254; x_wconf 87' lang='lat' dir='ltr'>et</span> <span class='ocrx_word' id='word_1_772' title='bbox 919 5175 1144 5251; x_wconf 87' lang='lat' dir='ltr'>Anglic.</span> <span class='ocrx_word' id='word_1_773' title='bbox 1175 5175 1309 5254; x_wconf 70' lang='grc' dir='ltr'>Ούδὲ</span> <span class='ocrx_word' id='word_1_774' title='bbox 1333 5175 1494 5254; x_wconf 27' lang='grc' dir='ltr'>γὰρ-ὁ</span> <span class='ocrx_word' id='word_1_775' title='bbox 1516 5177 1709 5254; x_wconf 31' lang='grc' dir='ltr'>ἥλιος..</span> 
     </span>
    </p>
   </div>
   <div class='ocr_carea' id='block_1_104' title="bbox 485 5251 2068 5328">
    <p class='ocr_par' dir='ltr' id='par_1_104' title="bbox 485 5251 2068 5328">
     <span class='ocr_line' id='line_1_105' title="bbox 485 5251 2068 5328; baseline -0.001 -18"><span class='ocrx_word' id='word_1_776' title='bbox 485 5251 599 5328; x_wconf 83' lang='grc'>(57)</span> <span class='ocrx_word' id='word_1_777' title='bbox 632 5252 997 5328; x_wconf 29' lang='grc' dir='ltr'>εἰσ-βοείη,</span> <span class='ocrx_word' id='word_1_778' title='bbox 1027 5257 1202 5328; x_wconf 74' lang='lat' dir='ltr'>atque</span> <span class='ocrx_word' id='word_1_779' title='bbox 1231 5251 1313 5307; x_wconf 88' lang='lat' dir='ltr'>ita</span> <span class='ocrx_word' id='word_1_780' title='bbox 1347 5251 1486 5323; x_wconf 88' lang='lat' dir='ltr'>legit</span> <span class='ocrx_word' id='word_1_781' title='bbox 1515 5251 1798 5306; x_wconf 88' lang='lat' dir='ltr'>Nannius.</span> <span class='ocrx_word' id='word_1_782' title='bbox 1827 5251 1980 5307; x_wconf 90' lang='lat' dir='ltr'>Editi</span> <span class='ocrx_word' id='word_1_783' title='bbox 2011 5256 2068 5309; x_wconf 86' lang='lat' dir='ltr'>et</span> 
     </span>
    </p>
   </div>
   <div class='ocr_carea' id='block_1_105' title="bbox 413 5321 1088 5399">
    <p class='ocr_par' dir='ltr' id='par_1_105' title="bbox 413 5321 1088 5399">
     <span class='ocr_line' id='line_1_106' title="bbox 413 5321 1088 5399; baseline -0.009 -18"><span class='ocrx_word' id='word_1_784' title='bbox 413 5321 534 5392; x_wconf 85' lang='lat' dir='ltr'>alii,</span> <span class='ocrx_word' id='word_1_785' title='bbox 566 5325 692 5386; x_wconf 79' lang='grc' dir='ltr'>τοὺς</span> <span class='ocrx_word' id='word_1_786' title='bbox 723 5321 930 5399; x_wconf 69' lang='grc' dir='ltr'>ᾇλλόυς</span> <span class='ocrx_word' id='word_1_787' title='bbox 967 5322 1088 5399; x_wconf 68' lang='grc' dir='ltr'>όφθΣ</span> 
     </span>
    </p>
   </div>
   <div class='ocr_carea' id='block_1_106' title="bbox 507 5389 2060 5467">
    <p class='ocr_par' dir='ltr' id='par_1_106' title="bbox 507 5389 2060 5467">
     <span class='ocr_line' id='line_1_107' title="bbox 507 5389 2060 5467; baseline -0.002 -15"><span class='ocrx_word' id='word_1_788' title='bbox 507 5389 598 5467; x_wconf 86' lang='grc'>58)</span> <span class='ocrx_word' id='word_1_789' title='bbox 632 5397 752 5464; x_wconf 89' lang='grc' dir='ltr'>Καί,</span> <span class='ocrx_word' id='word_1_790' title='bbox 787 5398 950 5467; x_wconf 83' lang='lat' dir='ltr'>deest</span> <span class='ocrx_word' id='word_1_791' title='bbox 979 5389 1038 5450; x_wconf 84' lang='lat' dir='ltr'>in</span> <span class='ocrx_word' id='word_1_792' title='bbox 1073 5391 1220 5448; x_wconf 89' lang='lat' dir='ltr'>Fele.</span> <span class='ocrx_word' id='word_1_793' title='bbox 1249 5393 1302 5447; x_wconf 92' lang='lat'>3.</span> <span class='ocrx_word' id='word_1_794' title='bbox 1337 5393 1480 5448; x_wconf 89' lang='lat' dir='ltr'>Ibid.</span> <span class='ocrx_word' id='word_1_795' title='bbox 1507 5389 1584 5460; x_wconf 72' lang='grc' dir='ltr'>δὲ,</span> <span class='ocrx_word' id='word_1_796' title='bbox 1619 5393 1787 5448; x_wconf 80' lang='lat' dir='ltr'>abest</span> <span class='ocrx_word' id='word_1_797' title='bbox 1819 5411 1850 5448; x_wconf 89' lang='lat' dir='ltr'>a</span> <span class='ocrx_word' id='word_1_798' title='bbox 1885 5394 2060 5449; x_wconf 91' lang='lat' dir='ltr'>Basil.</span> 
     </span>
    </p>
   </div>
   <div class='ocr_carea' id='block_1_107' title="bbox 484 5405 2062 5542">
    <p class='ocr_par' dir='ltr' id='par_1_107' title="bbox 484 5405 2062 5542">
     <span class='ocr_line' id='line_1_108' title="bbox 507 5405 2060 5467; baseline -0.002 -15"><span class='ocrx_word' id='word_1_799' title='bbox 507 5405 598 5467; x_wconf 82' lang='lat'>58)</span> <span class='ocrx_word' id='word_1_800' title='bbox 632 5405 752 5464; x_wconf 84' lang='grc' dir='ltr'>Καί,</span> <span class='ocrx_word' id='word_1_801' title='bbox 787 5405 950 5452; x_wconf 88' lang='lat' dir='ltr'>deest</span> <span class='ocrx_word' id='word_1_802' title='bbox 979 5405 1038 5450; x_wconf 82' lang='lat' dir='ltr'>in</span> <span class='ocrx_word' id='word_1_803' title='bbox 1073 5405 1220 5448; x_wconf 76' lang='lat' dir='ltr'>r&#39;ele.</span> <span class='ocrx_word' id='word_1_804' title='bbox 1249 5405 1302 5447; x_wconf 75' lang='lat'>3.</span> <span class='ocrx_word' id='word_1_805' title='bbox 1337 5405 1480 5448; x_wconf 82' lang='lat' dir='ltr'>lbld.</span> <span class='ocrx_word' id='word_1_806' title='bbox 1507 5405 1584 5460; x_wconf 79' lang='grc' dir='ltr'>οε,</span> <span class='ocrx_word' id='word_1_807' title='bbox 1619 5405 1787 5448; x_wconf 80' lang='lat' dir='ltr'>abest</span> <span class='ocrx_word' id='word_1_808' title='bbox 1819 5411 1850 5448; x_wconf 89' lang='lat' dir='ltr'>a</span> <span class='ocrx_word' id='word_1_809' title='bbox 1885 5405 2060 5449; x_wconf 76' lang='lat' dir='ltr'>basil.</span> 
     </span>
     <span class='ocr_line' id='line_1_109' title="bbox 484 5405 2062 5542; baseline -0.001 -21"><span class='ocrx_word' id='word_1_810' title='bbox 484 5405 736 5539; x_wconf 69' lang='grc' dir='ltr'>(59)Τῶν</span> <span class='ocrx_word' id='word_1_811' title='bbox 769 5467 862 5542; x_wconf 60' lang='grc' dir='ltr'>μεν</span> <span class='ocrx_word' id='word_1_812' title='bbox 891 5466 1011 5542; x_wconf 81' lang='grc' dir='ltr'>γάρ.</span> <span class='ocrx_word' id='word_1_813' title='bbox 1062 5467 1184 5542; x_wconf 67' lang='lat' dir='ltr'>Haec</span> <span class='ocrx_word' id='word_1_814' title='bbox 1214 5469 1278 5542; x_wconf 24' lang='lat' dir='ltr'>‘et</span> <span class='ocrx_word' id='word_1_815' title='bbox 1330 5467 1617 5542; x_wconf 53' lang='lat' dir='ltr'>sequentia</span> <span class='ocrx_word' id='word_1_816' title='bbox 1665 5469 1920 5542; x_wconf 57' lang='lat' dir='ltr'>quadam</span> <span class='ocrx_word' id='word_1_817' title='bbox 1970 5483 2062 5520; x_wconf 83' lang='lat' dir='ltr'>re-</span> 
     </span>
    </p>
   </div>
   <div class='ocr_carea' id='block_1_108' title="bbox 406 5537 2061 5610">
    <p class='ocr_par' dir='ltr' id='par_1_108' title="bbox 406 5537 2061 5610">
     <span class='ocr_line' id='line_1_110' title="bbox 406 5537 2061 5610; baseline -0.002 -15"><span class='ocrx_word' id='word_1_818' title='bbox 406 5537 706 5610; x_wconf 65' lang='lat' dir='ltr'>periuntur</span> <span class='ocrx_word' id='word_1_819' title='bbox 761 5537 1153 5595; x_wconf 60' lang='lat' dir='ltr'>ad/iuc&#39;semel</span> <span class='ocrx_word' id='word_1_820' title='bbox 1188 5537 1259 5610; x_wconf 63' lang='grc' dir='ltr'>Δίη</span> <span class='ocrx_word' id='word_1_821' title='bbox 1315 5538 1635 5605; x_wconf 76' lang='lat' dir='ltr'>Basilz&#39;ensi,</span> <span class='ocrx_word' id='word_1_822' title='bbox 1685 5539 1980 5610; x_wconf 69' lang='lat' dir='ltr'>Anglz’cano</span> <span class='ocrx_word' id='word_1_823' title='bbox 2009 5542 2061 5592; x_wconf 84' lang='lat' dir='ltr'>et</span> 
     </span>
    </p>
   </div>
   <div class='ocr_carea' id='block_1_109' title="bbox 411 5607 2059 5675">
    <p class='ocr_par' dir='ltr' id='par_1_109' title="bbox 411 5607 2059 5675">
     <span class='ocr_line' id='line_1_111' title="bbox 411 5607 2059 5675; baseline -0.001 -9"><span class='ocrx_word' id='word_1_824' title='bbox 411 5607 565 5666; x_wconf 82' lang='lat' dir='ltr'>Lau.</span> <span class='ocrx_word' id='word_1_825' title='bbox 597 5613 757 5667; x_wconf 66' lang='lat' dir='ltr'>edi“.</span> <span class='ocrx_word' id='word_1_826' title='bbox 791 5616 853 5666; x_wconf 81' lang='lat' dir='ltr'>ut</span> <span class='ocrx_word' id='word_1_827' title='bbox 894 5621 946 5666; x_wconf 82' lang='lat' dir='ltr'>et</span> <span class='ocrx_word' id='word_1_828' title='bbox 994 5613 1053 5666; x_wconf 80' lang='lat' dir='ltr'>in</span> <span class='ocrx_word' id='word_1_829' title='bbox 1102 5607 1282 5663; x_wconf 80' lang='lat' dir='ltr'>codice</span> <span class='ocrx_word' id='word_1_830' title='bbox 1311 5625 1350 5662; x_wconf 84' lang='grc' dir='ltr'>ιι</span> <span class='ocrx_word' id='word_1_831' title='bbox 1381 5619 1564 5663; x_wconf 77' lang='lat' dir='ltr'>nostra</span> <span class='ocrx_word' id='word_1_832' title='bbox 1611 5608 1710 5663; x_wconf 81' lang='lat' dir='ltr'>sub</span> <span class='ocrx_word' id='word_1_833' title='bbox 1761 5609 1947 5675; x_wconf 71' lang='lat' dir='ltr'>titulo,</span> <span class='ocrx_word' id='word_1_834' title='bbox 1981 5613 2059 5665; x_wconf 91' lang='lat' dir='ltr'>De</span> 
     </span>
    </p>
   </div>
   <div class='ocr_carea' id='block_1_110' title="bbox 452 5681 2057 5812">
    <p class='ocr_par' dir='ltr' id='par_1_110' title="bbox 452 5681 2057 5812">
     <span class='ocr_line' id='line_1_112' title="bbox 452 5681 2057 5751; baseline -0.002 -13"><span class='ocrx_word' id='word_1_835' title='bbox 452 5684 705 5739; x_wconf 88' lang='lat' dir='ltr'>assione.</span> <span class='ocrx_word' id='word_1_836' title='bbox 737 5686 848 5737; x_wconf 83' lang='lat' dir='ltr'>Fra</span> <span class='ocrx_word' id='word_1_837' title='bbox 888 5686 1130 5738; x_wconf 73' lang='lat' dir='ltr'>mentum</span> <span class='ocrx_word' id='word_1_838' title='bbox 1183 5681 1355 5750; x_wconf 77' lang='lat' dir='ltr'>igitur</span> <span class='ocrx_word' id='word_1_839' title='bbox 1385 5682 1696 5751; x_wconf 66' lang='lat' dir='ltr'>repet-itum,</span> <span class='ocrx_word' id='word_1_840' title='bbox 1745 5697 1844 5751; x_wconf 86' lang='lat' dir='ltr'>per</span> <span class='ocrx_word' id='word_1_841' title='bbox 1891 5682 2057 5736; x_wconf 73' lang='lat' dir='ltr'>Basi-</span> 
     </span>
     <span class='ocr_line' id='line_1_113' title="bbox 452 5701 2057 5812; baseline -0.003 1"><span class='ocrx_word' id='word_1_842' title='bbox 452 5756 638 5812; x_wconf 69' lang='grc' dir='ltr'>εηεθηι</span> <span class='ocrx_word' id='word_1_843' title='bbox 665 5701 966 5812; x_wconf 61' lang='grc' dir='ltr'>εσσαηιῖιιτη</span> <span class='ocrx_word' id='word_1_844' title='bbox 1006 5756 1058 5811; x_wconf 77' lang='lat' dir='ltr'>ct</span> <span class='ocrx_word' id='word_1_845' title='bbox 1099 5752 1464 5812; x_wconf 70' lang='lat' dir='ltr'>Anglicanam</span> <span class='ocrx_word' id='word_1_846' title='bbox 1493 5751 1814 5812; x_wconf 77' lang='lat' dir='ltr'>secundum.</span> <span class='ocrx_word' id='word_1_847' title='bbox 1843 5753 2057 5812; x_wconf 73' lang='lat' dir='ltr'>signari</span> 
     </span>
    </p>
   </div>
   <div class='ocr_carea' id='block_1_111' title="bbox 432 5751 2059 5826">
    <p class='ocr_par' dir='ltr' id='par_1_111' title="bbox 432 5751 2059 5826">
     <span class='ocr_line' id='line_1_114' title="bbox 432 5751 2059 5826; baseline -0.002 -14"><span class='ocrx_word' id='word_1_848' title='bbox 432 5756 638 5815; x_wconf 67' lang='lat' dir='ltr'>tamen:</span> <span class='ocrx_word' id='word_1_849' title='bbox 665 5751 966 5814; x_wconf 76' lang='lat' dir='ltr'>secundum</span> <span class='ocrx_word' id='word_1_850' title='bbox 1006 5756 1058 5811; x_wconf 72' lang='lat' dir='ltr'>et</span> <span class='ocrx_word' id='word_1_851' title='bbox 1099 5752 1464 5824; x_wconf 70' lang='lat' dir='ltr'>Anglicanam</span> <span class='ocrx_word' id='word_1_852' title='bbox 1493 5751 1814 5823; x_wconf 77' lang='lat' dir='ltr'>secundum,</span> <span class='ocrx_word' id='word_1_853' title='bbox 1843 5753 2059 5826; x_wconf 76' lang='lat' dir='ltr'>signari</span> 
     </span>
    </p>
   </div>
   <div class='ocr_carea' id='block_1_112' title="bbox 2183 5031 3838 5158">
    <p class='ocr_par' dir='ltr' id='par_1_112' title="bbox 2183 5031 3838 5158">
     <span class='ocr_line' id='line_1_115' title="bbox 2183 5031 3838 5158; baseline 0 -67"><span class='ocrx_word' id='word_1_854' title='bbox 2183 5036 2453 5106; x_wconf 76' lang='lat' dir='ltr'>intelligc.</span> <span class='ocrx_word' id='word_1_855' title='bbox 2492 5035 2618 5088; x_wconf 54' lang='lat' dir='ltr'>Haec</span> <span class='ocrx_word' id='word_1_856' title='bbox 2652 5031 3149 5116; x_wconf 25' lang='lat' dir='ltr'>Eelckmnquibus</span> <span class='ocrx_word' id='word_1_857' title='bbox 3179 5031 3516 5158; x_wconf 37' lang='lat' dir='ltr'>adimimus,</span> <span class='ocrx_word' id='word_1_858' title='bbox 3545 5033 3652 5120; x_wconf 79' lang='lat' dir='ltr'>hoc</span> <span class='ocrx_word' id='word_1_859' title='bbox 3686 5036 3838 5110; x_wconf 79' lang='lat' dir='ltr'>frag-</span> 
     </span>
     <span class='ocr_line' id='line_1_116' title="bbox 2183 5105 3834 5158; baseline 0 0"><span class='ocrx_word' id='word_1_860' title='bbox 2183 5113 2441 5158; x_wconf 83' lang='lat' dir='ltr'>mentum</span> <span class='ocrx_word' id='word_1_861' title='bbox 2476 5107 2676 5158; x_wconf 78' lang='lat' dir='ltr'>haberi</span> <span class='ocrx_word' id='word_1_862' title='bbox 2727 5121 2785 5158; x_wconf 76' lang='lat' dir='ltr'>In</span> <span class='ocrx_word' id='word_1_863' title='bbox 2836 5105 3092 5158; x_wconf 78' lang='lat' dir='ltr'>editione</span> <span class='ocrx_word' id='word_1_864' title='bbox 3124 5105 3251 5158; x_wconf 69' lang='lat' dir='ltr'>Bas:</span> <span class='ocrx_word' id='word_1_865' title='bbox 3285 5122 3429 5158; x_wconf 76' lang='lat' dir='ltr'>lensi</span> <span class='ocrx_word' id='word_1_866' title='bbox 3483 5124 3619 5158; x_wconf 85' lang='lat' dir='ltr'>anm</span> <span class='ocrx_word' id='word_1_867' title='bbox 3675 5109 3834 5158; x_wconf 81' lang='grc'>1556-</span> 
     </span>
    </p>
   </div>
   <div class='ocr_carea' id='block_1_113' title="bbox 2181 5105 3835 5178">
    <p class='ocr_par' dir='ltr' id='par_1_113' title="bbox 2181 5105 3835 5178">
     <span class='ocr_line' id='line_1_117' title="bbox 2181 5105 3835 5178; baseline 0 -15"><span class='ocrx_word' id='word_1_868' title='bbox 2181 5105 2441 5163; x_wconf 83' lang='lat' dir='ltr'>mentum</span> <span class='ocrx_word' id='word_1_869' title='bbox 2476 5105 2695 5178; x_wconf 12' lang='lat' dir='ltr'>haberi,</span> <span class='ocrx_word' id='word_1_870' title='bbox 2727 5105 2804 5178; x_wconf 88' lang='lat' dir='ltr'>in_</span> <span class='ocrx_word' id='word_1_871' title='bbox 2836 5105 3092 5178; x_wconf 86' lang='lat' dir='ltr'>editione</span> <span class='ocrx_word' id='word_1_872' title='bbox 3124 5105 3429 5162; x_wconf 86' lang='lat' dir='ltr'>Basiliensi</span> <span class='ocrx_word' id='word_1_873' title='bbox 3483 5107 3619 5162; x_wconf 90' lang='lat' dir='ltr'>anni</span> <span class='ocrx_word' id='word_1_874' title='bbox 3675 5105 3835 5178; x_wconf 74' lang='lat'>1556,</span> 
     </span>
    </p>
   </div>
   <div class='ocr_carea' id='block_1_114' title="bbox 2181 5175 3836 5252">
    <p class='ocr_par' dir='ltr' id='par_1_114' title="bbox 2181 5175 3836 5252">
     <span class='ocr_line' id='line_1_118' title="bbox 2181 5175 3836 5252; baseline 0 -17"><span class='ocrx_word' id='word_1_875' title='bbox 2181 5196 2310 5252; x_wconf 88' lang='lat' dir='ltr'>pag.</span> <span class='ocrx_word' id='word_1_876' title='bbox 2364 5180 2490 5246; x_wconf 85' lang='lat'>579,</span> <span class='ocrx_word' id='word_1_877' title='bbox 2540 5183 2596 5233; x_wconf 92' lang='lat' dir='ltr'>et</span> <span class='ocrx_word' id='word_1_878' title='bbox 2649 5177 2734 5232; x_wconf 89' lang='lat' dir='ltr'>sic</span> <span class='ocrx_word' id='word_1_879' title='bbox 2791 5175 3054 5231; x_wconf 89' lang='lat' dir='ltr'>inchoari</span> <span class='ocrx_word' id='word_1_880' title='bbox 3105 5194 3118 5232; x_wconf 92' lang='lat'><strong>:</strong></span> <span class='ocrx_word' id='word_1_881' title='bbox 3173 5177 3467 5234; x_wconf 81' lang='lat' dir='ltr'>Hominum</span> <span class='ocrx_word' id='word_1_882' title='bbox 3515 5189 3658 5235; x_wconf 76' lang='lat' dir='ltr'>certe</span> <span class='ocrx_word' id='word_1_883' title='bbox 3699 5175 3836 5251; x_wconf 50' lang='lat' dir='ltr'>pec;</span> 
     </span>
    </p>
   </div>
   <div class='ocr_carea' id='block_1_115' title="bbox 2177 5256 3616 5392">
    <p class='ocr_par' dir='ltr' id='par_1_115' title="bbox 2177 5256 3616 5392">
     <span class='ocr_line' id='line_1_119' title="bbox 2177 5256 3616 5392; baseline -0.003 -14"><span class='ocrx_word' id='word_1_884' title='bbox 2177 5256 2360 5392; x_wconf 60' lang='grc' dir='ltr'>εαίὲό)</span> <span class='ocrx_word' id='word_1_885' title='bbox 2391 5319 2523 5386; x_wconf 78' lang='lat' dir='ltr'>Mév,</span> <span class='ocrx_word' id='word_1_886' title='bbox 2558 5320 2719 5392; x_wconf 77' lang='lat' dir='ltr'>deest</span> <span class='ocrx_word' id='word_1_887' title='bbox 2748 5316 2804 5372; x_wconf 90' lang='lat' dir='ltr'>in</span> <span class='ocrx_word' id='word_1_888' title='bbox 2839 5317 3150 5392; x_wconf 77' lang='lat' dir='ltr'>Basiliensi</span> <span class='ocrx_word' id='word_1_889' title='bbox 3189 5324 3246 5376; x_wconf 89' lang='lat' dir='ltr'>et</span> <span class='ocrx_word' id='word_1_890' title='bbox 3275 5319 3616 5392; x_wconf 81' lang='lat' dir='ltr'>Anglicano.</span> 
     </span>
    </p>
   </div>
   <div class='ocr_carea' id='block_1_116' title="bbox 2244 5321 3831 5482">
    <p class='ocr_par' dir='ltr' id='par_1_116' title="bbox 2244 5321 3831 5482">
     <span class='ocr_line' id='line_1_120' title="bbox 2247 5321 3616 5392; baseline -0.001 -15"><span class='ocrx_word' id='word_1_891' title='bbox 2247 5325 2339 5392; x_wconf 85' lang='lat'><strong>(60</strong></span> <span class='ocrx_word' id='word_1_892' title='bbox 2391 5321 2523 5386; x_wconf 79' lang='lat' dir='ltr'>Mév,</span> <span class='ocrx_word' id='word_1_893' title='bbox 2558 5321 2719 5374; x_wconf 89' lang='lat' dir='ltr'>deest</span> <span class='ocrx_word' id='word_1_894' title='bbox 2748 5321 2804 5372; x_wconf 88' lang='lat' dir='ltr'>in</span> <span class='ocrx_word' id='word_1_895' title='bbox 2839 5321 3150 5374; x_wconf 88' lang='lat' dir='ltr'>Basiliensi</span> <span class='ocrx_word' id='word_1_896' title='bbox 3189 5324 3246 5376; x_wconf 89' lang='lat' dir='ltr'>et</span> <span class='ocrx_word' id='word_1_897' title='bbox 3275 5321 3616 5392; x_wconf 89' lang='lat' dir='ltr'>Anglicano.</span> 
     </span>
     <span class='ocr_line' id='line_1_121' title="bbox 2244 5321 3831 5482; baseline -0.008 -34"><span class='ocrx_word' id='word_1_898' title='bbox 2390 5392 2627 5464; x_wconf 76' lang='lat' dir='ltr'>Regius,</span> <span class='ocrx_word' id='word_1_899' title='bbox 2671 5386 2828 5462; x_wconf 72' lang='grc' dir='ltr'>ἴσχυε</span> <span class='ocrx_word' id='word_1_900' title='bbox 2875 5387 3201 5461; x_wconf 88' lang='grc' dir='ltr'>βασιλεύων.</span> <span class='ocrx_word' id='word_1_901' title='bbox 3235 5392 3387 5448; x_wconf 82' lang='lat' dir='ltr'>Fele.</span> <span class='ocrx_word' id='word_1_902' title='bbox 3418 5394 3472 5463; x_wconf 64' lang='lat'>2,</span> <span class='ocrx_word' id='word_1_903' title='bbox 3511 5389 3697 5468; x_wconf 65' lang='grc' dir='ltr'>ἴσχυσε</span> <span class='ocrx_word' id='word_1_904' title='bbox 3732 5390 3831 5468; x_wconf 84' lang='grc' dir='ltr'>βα-</span> 
     </span>
    </p>
   </div>
   <div class='ocr_carea' id='block_1_117' title="bbox 2170 5461 3819 5662">
    <p class='ocr_par' dir='ltr' id='par_1_117' title="bbox 2170 5461 3819 5662">
     <span class='ocr_line' id='line_1_122' title="bbox 2170 5461 3742 5518; baseline -0.006 -2"><span class='ocrx_word' id='word_1_905' title='bbox 2170 5461 2422 5518; x_wconf 73' lang='grc' dir='ltr'>σιλεύων.</span> <span class='ocrx_word' id='word_1_906' title='bbox 2478 5461 2501 5464; x_wconf 47' lang='grc'>⁷</span> <span class='ocrx_word' id='word_1_907' title='bbox 2732 5461 2763 5462; x_wconf 16' lang='grc' dir='ltr'>Π</span> <span class='ocrx_word' id='word_1_908' title='bbox 3459 5461 3465 5463; x_wconf 41' lang='grc'><strong>“</strong></span> <span class='ocrx_word' id='word_1_909' title='bbox 3568 5461 3602 5468; x_wconf 80' lang='grc'>”</span> <span class='ocrx_word' id='word_1_910' title='bbox 3732 5461 3742 5468; x_wconf 70' lang='grc'>⁷</span> 
     </span>
     <span class='ocr_line' id='line_1_123' title="bbox 2241 5531 3819 5662; baseline -0.004 -70"><span class='ocrx_word' id='word_1_911' title='bbox 2241 5539 2354 5662; x_wconf 83' lang='grc'>(62)</span> <span class='ocrx_word' id='word_1_912' title='bbox 2387 5534 2603 5606; x_wconf 82' lang='lat' dir='ltr'>Regius</span> <span class='ocrx_word' id='word_1_913' title='bbox 2634 5531 2893 5589; x_wconf 88' lang='lat' dir='ltr'>secunda</span> <span class='ocrx_word' id='word_1_914' title='bbox 2922 5547 3126 5600; x_wconf 87' lang='lat' dir='ltr'>manu,</span> <span class='ocrx_word' id='word_1_915' title='bbox 3155 5531 3217 5586; x_wconf 84' lang='grc' dir='ltr'>τὸ</span> <span class='ocrx_word' id='word_1_916' title='bbox 3254 5531 3406 5608; x_wconf 74' lang='grc' dir='ltr'>γένος</span> <span class='ocrx_word' id='word_1_917' title='bbox 3451 5536 3636 5607; x_wconf 77' lang='grc' dir='ltr'>ἡμῶν,</span> <span class='ocrx_word' id='word_1_918' title='bbox 3669 5539 3819 5610; x_wconf 59' lang='lat' dir='ltr'>Mox,</span> 
     </span>
     <span class='ocr_line' id='line_1_124' title="bbox 2170 5601 3153 5662; baseline -0.007 1"><span class='ocrx_word' id='word_1_919' title='bbox 2170 5607 2245 5662; x_wconf 87' lang='lat' dir='ltr'>Fe</span> <span class='ocrx_word' id='word_1_920' title='bbox 2273 5626 2321 5662; x_wconf 81' lang='grc' dir='ltr'>ο.</span> <span class='ocrx_word' id='word_1_921' title='bbox 2355 5610 2408 5662; x_wconf 87' lang='grc'>2.</span> <span class='ocrx_word' id='word_1_922' title='bbox 2441 5610 2546 5660; x_wconf 83' lang='grc' dir='ltr'>τῶν</span> <span class='ocrx_word' id='word_1_923' title='bbox 2581 5605 2772 5658; x_wconf 71' lang='grc' dir='ltr'>ἑαυτοῦ</span> <span class='ocrx_word' id='word_1_924' title='bbox 2801 5622 2932 5662; x_wconf 85' lang='grc' dir='ltr'>ποιη</span> <span class='ocrx_word' id='word_1_925' title='bbox 2946 5601 3153 5662; x_wconf 82' lang='grc' dir='ltr'>μάτων.</span> 
     </span>
    </p>
   </div>
   <div class='ocr_carea' id='block_1_118' title="bbox 2170 5607 3816 5805">
    <p class='ocr_par' dir='ltr' id='par_1_118' title="bbox 2170 5607 3816 5805">
     <span class='ocr_line' id='line_1_125' title="bbox 2170 5607 3812 5698; baseline -0.026 -34"><span class='ocrx_word' id='word_1_926' title='bbox 2170 5607 2409 5678; x_wconf 49' lang='grc' dir='ltr'>Ρθίοζ2,</span> <span class='ocrx_word' id='word_1_927' title='bbox 2441 5610 2546 5688; x_wconf 73' lang='grc' dir='ltr'>τῶν</span> <span class='ocrx_word' id='word_1_928' title='bbox 2581 5607 2932 5692; x_wconf 29' lang='grc' dir='ltr'>ὲαυτοῦὶποιη</span> <span class='ocrx_word' id='word_1_929' title='bbox 2946 5607 3153 5695; x_wconf 48' lang='grc' dir='ltr'>μάτυξν,</span> <span class='ocrx_word' id='word_1_930' title='bbox 3270 5607 3276 5608; x_wconf 47' lang='grc' dir='ltr'>ί</span> <span class='ocrx_word' id='word_1_931' title='bbox 3311 5675 3325 5698; x_wconf 46' lang='grc' dir='ltr'><em>ν</em></span> <span class='ocrx_word' id='word_1_932' title='bbox 3626 5679 3640 5697; x_wconf 36' lang='grc' dir='ltr'>ὶ</span> <span class='ocrx_word' id='word_1_933' title='bbox 3804 5607 3812 5610; x_wconf 90' lang='grc'><strong><em>-</em></strong></span> 
     </span>
     <span class='ocr_line' id='line_1_126' title="bbox 2170 5673 3816 5805; baseline -0.05 2"><span class='ocrx_word' id='word_1_934' title='bbox 2170 5680 2423 5805; x_wconf 35' lang='grc' dir='ltr'>νόίῖῗίιρ</span> <span class='ocrx_word' id='word_1_935' title='bbox 2428 5679 2604 5750; x_wconf 49' lang='grc'>[18110.</span> <span class='ocrx_word' id='word_1_936' title='bbox 2645 5679 2701 5743; x_wconf 73' lang='grc'>2’</span> <span class='ocrx_word' id='word_1_937' title='bbox 2734 5693 2832 5744; x_wconf 48' lang='grc' dir='ltr'>την</span> <span class='ocrx_word' id='word_1_938' title='bbox 2879 5673 2940 5752; x_wconf 50' lang='grc' dir='ltr'>ἐφ</span> <span class='ocrx_word' id='word_1_939' title='bbox 3007 5673 3214 5750; x_wconf 41' lang='lat' dir='ltr'>Em”?</span> <span class='ocrx_word' id='word_1_940' title='bbox 3266 5674 3492 5753; x_wconf 81' lang='grc' dir='ltr'>δυναμιν</span> <span class='ocrx_word' id='word_1_941' title='bbox 3551 5699 3641 5735; x_wconf 82' lang='grc' dir='ltr'>και</span> <span class='ocrx_word' id='word_1_942' title='bbox 3697 5681 3816 5738; x_wconf 70' lang='lat' dir='ltr'>im-</span> 
     </span>
    </p>
   </div>
   <div class='ocr_carea' id='block_1_119' title="bbox 2163 5769 2386 5823">
    <p class='ocr_par' dir='ltr' id='par_1_119' title="bbox 2163 5769 2386 5823">
     <span class='ocr_line' id='line_1_127' title="bbox 2163 5769 2386 5823; baseline 0.013 -19"><span class='ocrx_word' id='word_1_943' title='bbox 2163 5769 2386 5823; x_wconf 87' lang='grc' dir='ltr'>νοτητα.</span> 
     </span>
    </p>
   </div>
  </div>
