4154 6388
400 72 431 101 Γ,
470 72 473 73 ⁷

142 72 297 141 ..τῇ
290 72 315 141 ει.
330 100 351 141 Τί

84 142 101 151 κ
118 146 123 151 ~
362 142 367 143 ν

286 402 406 467 205

1336 397 1438 460 DE
1482 397 1863 460 PASSIONE
1908 393 2011 459 ET
2052 398 2307 461 GRUGE
2350 400 2654 461 DOMINI.

3584 404 3704 464 206

291 531 549 592 ἐϐάστασε
598 535 737 606 (64).
772 530 875 586 Καὶ
926 529 1151 600 ἐλεήσας
1200 528 1263 583 τὸ
1311 530 1502 600 θνητὸν
1552 532 1736 604 ἡμῶν,
1793 551 1945 605 περι-

2086 549 2255 603 psum
2284 550 2469 604 usque
2495 535 2564 588 ad
2593 537 2866 601 mortem,
2892 538 3138 589 mortem
3164 538 3355 590 autem
3388 536 3584 591 crucis
3604 536 3709 589 ‘5.»

291 620 515 680 εϐάλετο
574 626 759 677 τοῦτο.
818 620 977 694 Λέγει
1026 619 1126 693 γὰρ
1170 619 1197 672 ὁ
1230 616 1468 681 Παῦλος·
1505 643 1531 672 ‹‹
1567 617 1950 673 Ἐταπείνωσεν

291 714 475 770 ἑαυτὸν
543 711 711 787 μέχρι
771 707 1023 775 θανάτου,
1057 706 1282 761 θανάτου
1341 705 1397 761 δὲ
1455 713 1704 777 σταυροῦ.
1740 706 1950 762 »Ἰδὼν

294 801 351 858 δὶ
378 803 468 857 καὶ
527 802 590 855 τὸ
651 800 787 874 πρὸς
835 800 934 865 τὴν
998 794 1255 851 ἀπόδοσιν
1314 799 1476 870 ἡμῶν
1531 805 1631 867 τῆς
1688 797 1953 871 τιμωρίας

293 889 572 962 ἀδύνατον,
630 886 911 957 ἀνεδέξατο
969 885 1168 957 ταύτην
1229 886 1409 949 αὐτός’
1464 912 1492 938 ‹‹
1550 889 1779 962 Χριστὸς
1851 887 1951 961 γὰρ

294 982 512 1058 γέγονεν
547 979 679 1053 ὑπὶρ
711 978 872 1049 ἡμῶν
902 976 1127 1049 κατάρα.
1162 1000 1189 1026 ››
1214 974 1313 1030 Καὶ
1345 976 1487 1030 οὕτω
1520 972 1584 1044 δὴ
1619 976 1683 1029 τά
1741 976 1953 1050 ἀνθρώ-

297 1092 427 1125 πινα
455 1063 891 1145 περιϐαλόμενος
948 1064 1037 1119 καὶ
1097 1063 1521 1143 ἀμφιεσάμενος,
1550 1062 1618 1119 δι’
1650 1066 1842 1119 ἑαυτοῦ
1888 1064 1955 1118 τὰ

301 1163 463 1233 ἡμῶν
540 1158 851 1233 προσήγαγε
918 1159 997 1226 τῷ
1066 1154 1259 1231 Πατρὶ,
1312 1153 1424 1224 ἵνα,
1478 1155 1553 1215 ὡς
1629 1157 1741 1228 (65)
1797 1153 1954 1215 αὐτὸς

306 1248 559 1323 πάσχων,
593 1240 804 1314 ἀϐλαϐῆ
860 1243 949 1298 τὸν
1003 1241 1287 1317 ἄνθρωπον
1332 1244 1614 1319 πάσχοντα
1668 1264 1953 1298 κατασκευ-

313 1340 431 1411 άσῃ,
482 1338 571 1391 καὶ
635 1334 798 1410 μικρά
859 1332 1115 1409 μεγάλοις
1172 1333 1718 1403 ἀντικαταλλάξηται.
1782 1340 1951 1387 Κατα-

310 1421 507 1495 ϐέϐηκε
564 1425 689 1498 γὰρ,
718 1421 807 1477 ’ίνα
863 1425 1023 1496 ἡμῶν
1071 1423 1169 1490 τήν
1226 1420 1417 1477 ἄνοδον
1445 1423 1829 1497 κατασκευάσῃ·
1864 1423 1951 1477 καὶ

302 1515 618 1590 πεπείραται
679 1509 1083 1588 γενέσεως,’ίνα
1139 1515 1302 1585 ἡμεῖς
1351 1511 1419 1566 δι’
1450 1513 1614 1567 αὐτοῦ
1669 1515 1748 1585 τῷ
1796 1513 1953 1588 ἀγεν-

300 1606 449 1675 νητῳ
700 1600 1065 1676 φιλιάσωμεν.
1127 1602 1416 1673 Ἦσθένησε
1483 1599 1551 1656 δι’
1619 1604 1788 1676 ἡμᾶς,
1863 1600 1957 1656 ’ίνα

299 1693 463 1764 ἡμεῖς
521 1691 825 1767 ἐγερθῶμεν
899 1690 949 1745 ἐν
1012 1688 1260 1765 δυνάμει,
1316 1692 1405 1747 καὶ
1479 1690 1739 1766 εἴπωμεν,
1796 1692 1871 1753 ὡς
1927 1692 1954 1745 ὁ

302 1778 538 1842 Παῦλος·
574 1805 603 1833 ‹‹
639 1779 816 1835 Πάντα
848 1778 1025 1856 ἰσχύω
1067 1780 1118 1835 ἐν
1152 1786 1231 1853 τῷ
1262 1779 1643 1854 ἐνδυναμοῦντί
1680 1802 1745 1854 με
1776 1777 1955 1851 ’ῐησοῦ

296 1873 534 1944 Χριστῷ.
590 1892 619 1920 ››
667 1864 871 1923 ’Έλαϐε
930 1873 1089 1942 σῶμα
1146 1870 1402 1946 φθαρτὸν,
1454 1868 1547 1924 ’ίνα
1603 1870 1666 1925 τὸ
1726 1869 1958 1947 φθαρτὸν

299 1954 580 2026 ἐνδύσηται
638 1957 737 2025 τήν
798 1954 1111 2033 ἀφθαρσίαν·
1148 1953 1430 2011 ἐνεδύσατο
1487 1956 1550 2011 τὸ
1609 1957 1822 2027 θνητὸν,
1866 1953 1959 2009 ’ίνα

301 2046 364 2099 τὸ
399 2044 592 2114 θνητὸν
624 2041 911 2114 ἐνδύσηται
967 2045 1067 2113 τήν
1116 2044 1425 2108 ἀθανασίαν.
1460 2046 1557 2100 Καὶ
1587 2044 1745 2107 τέλος
1802 2045 1961 2121 γέγο-

300 2156 386 2188 νεν
422 2132 705 2209 ἅνθρωπος
737 2134 824 2187 καὶ
856 2133 1135 2203 ἀπέθανεν,
1163 2132 1254 2188 ’ίνα
1310 2137 1495 2207 ἡμεῖς,
1531 2136 1581 2188 οἱ
1626 2136 1699 2196 ὡς
1757 2133 1964 2210 ἄνθρω-

306 2245 402 2277 ποι
460 2223 915 2293 ἀποθνήσκοντες,
977 2228 1406 2297 θεοποιηθῶμεν,
1464 2224 1554 2279 καὶ
1618 2224 1811 2296 μηκέτι
1869 2225 1960 2279 τὸν

309 2314 528 2377 θάνατον
588 2311 805 2389 ἔχωμεν
879 2312 1255 2388 βασιλεύοντα.
1311 2314 1545 2377 Θάνατος
1621 2318 1721 2391 γὰρ
1804 2317 1960 2388 ἡμῶν

306 2402 369 2457 ού
402 2405 514 2476 (67)
546 2401 936 2477 χατακυριεύει,
963 2402 1052 2457 καὶ
1101 2404 1128 2456 ὁ
1174 2402 1538 2466 ἀποστολικὸς
1598 2402 1657 2459 δὲ
1708 2404 1960 2480 κηρύττει

307 2490 501 2567 λόγος’
536 2489 625 2547 διὰ
669 2496 830 2547 τοῦτο
861 2489 951 2545 καὶ
982 2496 1325 2568 σταυροῦται,
1351 2490 1443 2547 ’ίνα
1470 2494 1569 2562 τήν
1598 2495 1831 2571 κατάραν
1883 2493 1963 2567 ἐξ·

303 2582 570 2659 αγοράσῃ,
584 2582 674 2637 καὶ
704 2584 869 2655 ἡμεῖς
898 2584 996 2651 τὴν
1030 2581 1280 2659 εὐλογίαν
1310 2584 1964 2660 κλησονομήσωμεν.Πά-

300 2692 459 2747 σχων
476 2672 580 2747 γὰρ
597 2666 1090 2743 αὐτὸς,ἐϐλάπτετο
1118 2674 1208 2745 μὲν
1234 2671 1346 2728 οὐδ’
1364 2673 1532 2748 ὅλως,
1548 2676 1830 2752 ἐχαρίζετο
1850 2680 1961 2750 (68)

301 2758 365 2815 δὲ
400 2757 639 2833 μᾶλλον·
677 2760 766 2814 καὶ
799 2758 1181 2832 ἀποθνήσκων,
1213 2762 1311 2817 οὐκ
1366 2760 1521 2836 ἔμενε
1574 2762 1784 2842 νεκρὸς,
1815 2764 1963 2823 ἀλλὰ

307 2848 525 2923 μᾶλλον
559 2847 806 2911 καὶτοὺς
858 2849 1080 2923 νεκροὺς
1129 2850 1433 2920 ἐζωοποίει·
1465 2854 1554 2909 καὶ
1602 2855 1963 2933 σφαγιαζόμε-

308 2959 400 3000 νος
433 2934 491 2992 δὲ
518 2937 618 2993 οὐκ
650 2936 891 2992 άπόλυτο
922 2941 1057 3012 (69),
1089 2938 1235 2995 ἀλλὰ
1261 2945 1341 3014 τῷ
1368 2939 1555 3015 α’ίματι
1604 2948 1701 3015 τῆς
1749 2952 1960 3023 σφαγῆς

319 3028 512 3089 πάντας
544 3024 735 3088 ἁπλῶς
766 3025 1082 3103 ἐλυτροῦτο,
1112 3030 1201 3084 καὶ
1231 3030 1391 3093 αὐτὸς
1423 3030 1606 3105 ἔμενεν
1640 3037 1870 3106 ἀπαθής.

393 3117 476 3172 42.
502 3120 626 3178 Πῶς
689 3112 747 3170 δὲ
797 3120 961 3171 τοῦτο
986 3116 1225 3193 γέγονεν,
1258 3117 1415 3183 εἷ¹τις
1462 3118 1662 3199 ἔροιτο,
1696 3125 1959 3183 ἀκουέτω.

321 3203 422 3258 Δύο
501 3204 834 3282 πραγμάτων
909 3204 960 3261 έν
1044 3206 1222 3281 τούτῳ
1280 3211 1394 3282 (70)
1449 3211 1641 3286 γέγονε
1716 3211 1961 3276 σύνοδος’

1990 1913 2036 1979 Β

2064 622 2208 676 Cum
2239 622 2462 677 videret
2494 622 2633 677 item
2667 639 2773 677 nos
2806 638 2922 677 non
2946 622 3019 677 ad
3050 621 3401 679 solutionem
3433 623 3708 696 supplicii

2065 711 2354 777 sufﬁcere,
2388 711 2833 783 suscepitillam
2885 728 2898 766 :
2953 733 2981 761 «
3025 711 3291 767 Christus
3330 713 3489 767 enim
3519 713 3710 769 factus

2065 804 2154 855 est
2182 817 2285 872 pro
2316 802 2485 856 nobis
2514 801 2891 856 maledictum
2925 802 2990 858 ⁴⁶.
3023 822 3051 851 ››
3083 804 3272 871 Atque
3318 801 3403 856 sic
3432 802 3710 858 humanis

2064 889 2547 946 circumamictus
2594 892 2978 961 indutusque,
3032 907 3135 960 per
3164 906 3294 945 sese
3334 907 3459 961 quis
3508 896 3712 947 nostra

2066 984 2234 1035 erant
2256 980 2411 1035 Patri
2442 980 2687 1048 obtulit;
2722 984 2788 1034 ut
2817 979 2982 1051 quasi
3016 979 3143 1051 ipse
3174 984 3491 1051 pateretur,
3514 980 3710 1035 homi-

2066 1085 2200 1124 nem
2232 1071 2552 1140 patientem
2585 1069 2836 1125 illaesum
2868 1069 3154 1135 redderet,
3186 1073 3245 1124 et
3274 1086 3451 1140 parva
3481 1069 3711 1141 magnis

2065 1162 2473 1214 commutaret.
2512 1157 2819 1213 Descendit
2856 1156 3036 1223 enim,
3069 1160 3134 1212 ut
3181 1156 3351 1212 nobis
3398 1173 3713 1213 ascensum

2064 1251 2418 1318 praepararet
2451 1263 2465 1301 :
2516 1247 2882 1302 nativitatem
2915 1248 3186 1317 expertus
3235 1249 3343 1312 est,
3387 1250 3451 1300 ut
3482 1262 3589 1301 nos
3610 1261 3715 1317 per

2066 1352 2199 1391 eum
2251 1336 2508 1407 ingenito
2550 1336 2723 1391 amici
2767 1351 3035 1391 essemus
3066 1350 3079 1388 :
3115 1334 3447 1389 inﬁrmatus
3478 1339 3715 1407 propter

2067 1443 2172 1479 nos
2203 1430 2310 1496 est,
2343 1430 2408 1480 ut
2437 1442 2544 1480 nos
2587 1426 2975 1480 excitaremur
3024 1426 3085 1478 in
3133 1424 3365 1491 virtute,
3400 1430 3458 1479 et
3486 1425 3712 1480 dicere-

2069 1532 2221 1571 mus.
2252 1516 2753 1586 quemadmodum
2784 1514 3004 1571 Paulus
3039 1531 3052 1568 :
3088 1537 3116 1565 «
3149 1513 3361 1569 Omnia
3391 1514 3714 1586 possumin

2067 1619 2133 1659 eo
2165 1603 2264 1674 qui
2300 1620 2394 1658 me
2445 1604 2734 1659 confortat
2784 1603 2927 1659 Jesu
2984 1602 3216 1658 Christo
3259 1603 3325 1657 ‘7.
3368 1624 3395 1651 »
3450 1602 3718 1674 Sumpsit

2067 1709 2282 1765 corpus
2309 1691 2705 1764 corruptibile,
2724 1696 2791 1747 ut
2819 1690 3198 1764 corruptibile
3228 1690 3497 1746 indueret
3525 1691 3718 1747 incor-

2068 1781 2403 1853 ruptionem
2440 1798 2453 1837 :
2502 1781 2697 1837 induit
2745 1781 3008 1850 mortale,
3042 1784 3108 1837 ut
3157 1779 3401 1836 mortale
3446 1779 3720 1836 indueret

2067 1870 2593 1927 immortalitatem.
2625 1874 2872 1925 Demum
2904 1869 3093 1925 factus
3137 1873 3226 1924 est
3267 1868 3443 1925 homo
3473 1873 3531 1924 et
3561 1885 3716 1924 mor-

2072 1964 2208 2013 tuus
2242 1965 2350 2027 est,
2384 1963 2451 2015 ut
2480 1976 2606 2028 nos,
2632 1959 2732 2031 qui
2764 1963 2964 2031 utpote
2994 1959 3264 2015 homines
3295 1958 3717 2025 moriebamur,

2071 2048 2690 2121 deiﬁcaremur,neque
2711 2049 2916 2105 mortis
2946 2064 3193 2122 regnum
3226 2048 3380 2103 ultra
3398 2048 3717 2103 sustinere-

2071 2154 2223 2193 mus.
2260 2138 2415 2194 Mors
2444 2139 2601 2194 enim
2632 2138 2803 2194 nobis
2833 2156 2949 2194 non
2981 2138 3411 2205 dominatur,ut
3440 2136 3719 2209 apostoli-

2073 2244 2177 2283 cus
2209 2244 2402 2283 sermo
2433 2228 2731 2301 praadicat,
2774 2227 3086 2298 PrOpterea
3134 2227 3449 2283 crucifixus
3496 2232 3604 2295 est,
3654 2229 3721 2282 ut

2074 2316 2453 2373 maledictum
2474 2316 2805 2385 redimeret,
2831 2320 2888 2372 et
2920 2334 3026 2373 nos
3056 2317 3518 2373 benedictionem
3538 2316 3719 2371 haere-

2074 2407 2251 2462 ditate
2286 2408 2705 2480 acciperemus.
2753 2408 2884 2478 Ipse
2914 2422 3173 2478 namque
3217 2423 3352 2462 cum
3400 2409 3717 2477 pateretur,

2072 2496 2430 2552 nullatemus
2458 2497 2818 2563 lazdebatur;
2850 2496 2968 2553 imo
3000 2498 3199 2567 potius
3239 2496 3394 2551 dona
3432 2495 3718 2567 largieba-

2071 2591 2169 2641 tur
2201 2603 2214 2641 :
2248 2592 2307 2643 et
2326 2587 2601 2655 moriens,
2628 2591 2897 2642 mortuus
2929 2602 3043 2640 non
3078 2584 3493 2656 remansit,sed
3524 2584 3719 2656 potius

2074 2680 2337 2733 mortuos
2363 2676 2727 2732 vivificabat:
2756 2692 2859 2731 nec
2888 2675 3229 2731 immolatus
3261 2673 3452 2746 periit,
3473 2674 3573 2731 sed
3605 2674 3717 2729 im-

2072 2765 2407 2822 molationis
2437 2782 2559 2821 suae
2588 2765 2875 2836 sanguine
2905 2780 3110 2821 omnes
3141 2780 3387 2835 prorsus
3428 2763 3717 2829 liberavit,

2072 2856 2317 2928 ipseque
2350 2854 2568 2911 mansit
2598 2852 2967 2925 impatibilis.

2148 3128 2232 3181 l2.
2268 3124 2568 3189 Quomodo
2590 3126 2784 3177 autem
2804 3121 2862 3176 id
2886 3121 3105 3176 factum
3132 3120 3209 3176 sit
3232 3120 3281 3176 si
3314 3120 3447 3193 quis
3476 3124 3719 3192 quaerat,

2077 3216 2565 3272 audiat.Duarum
2589 3211 2650 3266 in
2673 3227 2739 3266 eo
2762 3227 2956 3265 rerum
2979 3226 3302 3265 concursus
3325 3210 3436 3265 fuit
3462 3229 3474 3278 ;
3499 3227 3721 3279 rerum,

316 3296 648 3369 πραγμάτων
677 3291 735 3349 δὲ
775 3293 922 3370 λέγω
955 3296 1055 3351 οὐκ
1085 3295 1239 3366 ἴσων,
1271 3296 1417 3353 ἀλλὰ
1456 3300 1545 3354 καὶ
1603 3304 1738 3356 κατὰ
1794 3302 1965 3358 πάντα

2082 3308 2344 3377 inquam,
2378 3319 2493 3357 non
2525 3300 2860 3372 aequalium,
2886 3300 2985 3354 sed
3018 3315 3148 3370 quae
3177 3297 3337 3354 nullo
3372 3301 3543 3355 modo
3569 3316 3725 3355 com-

314 3381 590 3457 σύγκρισιν
653 3382 752 3437 ούκ
800 3382 1057 3457 ἐχόντων.
1123 3387 1325 3456 Θνητὸν
1384 3389 1483 3464 γὰρ
1543 3389 1789 3464 ἀθανάτῳ
1848 3413 1964 3446 συν-

312 3469 591 3540 επλέκετο,
652 3472 741 3526 καὶ
801 3473 1034 3549 φθαρτὸν
1091 3477 1252 3546 σῶμα
1325 3475 1582 3553 ἀφθάρτῳ
1642 3477 1795 3553 λόγῳ
1852 3482 1966 3553 (71)

309 3558 684 3631 συνεληλύθει.
745 3561 844 3615 Καὶ
902 3562 965 3616 τὸ
1050 3562 1145 3635 μὲν
1207 3564 1400 3635 θνητὸν
1461 3566 1561 3621 οὐκ
1616 3564 1851 3624 ἔϐλαπτε
1903 3570 1965 3624 τὸ

305 3647 591 3703 ἀθάνατον·
628 3648 824 3712 ἀπαθὲς
854 3650 953 3726 γὰρ
1002 3654 1090 3719 ἦν·
1126 3650 1250 3707 ἀλλ’
1284 3647 1440 3726 ἔμενε
1500 3655 1712 3729 μᾶλλον
1767 3658 1964 3721 ἀπαθὲς

305 3737 398 3793 καὶ
429 3738 559 3793 αὐτὸ
611 3742 679 3813 τῇ
736 3742 833 3793 τοῦ
902 3738 1129 3803 θανάτου
1190 3739 1519 3819 ἐπικρατείᾳο
1577 3746 1644 3801 τὰ
1684 3748 1784 3824 γὰρ
1844 3768 1973 3824 κρα,

303 3831 506 3882 τοῦντα
562 3831 669 3881 τῶν
729 3829 1110 3902 κρατουμένων
1172 3829 1252 3885 ἀεὶ
1325 3832 1484 3909 βύρια
1540 3837 1816 3913 τυγχάνει.
1872 3840 1969 3893 Διὰ

310 3920 440 3992 γοῦν
474 3914 635 3970 αὐτὸν
693 3916 787 3971 τὸν
844 3918 1068 3973 συνόντα
1102 3920 1361 3983 ἀθάνατον
1397 3922 1593 4000 Λόγον,
1625 3928 1713 3980 καὶ
1747 3928 1774 3981 ὁ
1808 3929 1967 3991 θάνα-

312 4025 408 4066 τος
468 4003 812 4083 ἐξηφανίζετο
870 4008 981 4080 (72)
1039 4006 1359 4085 παραδόξως
1416 4011 1467 4067 ἐν
1524 4013 1690 4087 αὐτῷ,
1741 4017 1815 4078 ὡς
1866 4018 1970 4071 ἀπὸ

318 4094 487 4181 πυρὸς
556 4092 865 4172 ἀφανίζεται
920 4096 1169 4171 καλάμη.
1224 4100 1279 4152 '0
1345 4097 1402 4154 δὲ
1449 4101 1645 4178 Λόγος,
1706 4105 1973 4181 ἄφθαρτος

323 4179 421 4254 ὢν,
453 4181 658 4261 ὠφελεῖ
692 4182 902 4255 μᾶλλον
934 4186 996 4241 τὸ
1029 4187 1261 4264 φθαρτὸν
1321 4190 1492 4244 συνὼν
1554 4190 1718 4265 αὐτῷ·
1776 4179 1973 4269 τὸγὰρ

323 4271 513 4335 σκότος
547 4272 651 4327 ὑπὸ
685 4278 782 4328 τοῦ
832 4275 1009 4352 φωτὸς
1056 4276 1464 4353 καταυγάζεται,
1496 4281 1584 4335 καὶ
1633 4282 1695 4336 τὸ
1754 4281 1973 4339 ἔλαττον

326 4360 429 4416 ὑπὸ
458 4366 555 4416 τοῦ
586 4362 891 4438 κρείττονος
924 4363 1252 4440 εὐλογεῖται.
1287 4368 1383 4423 Διὰ
1428 4373 1592 4426 τοῦτο
1632 4374 1721 4428 καὶ
1752 4379 1842 4428 νῦν
1877 4374 1979 4428 ὑπὸ

318 4454 428 4504 τῶν
491 4447 705 4523 δημίων
756 4450 1147 4524 ἐκδιδύσκεται,
1197 4454 1288 4519 οὓς
1343 4459 1509 4532 ἡμεῖς
1565 4460 1615 4515 ἐν
1670 4468 1749 4536 τῷ
1806 4461 1982 4535 ’Δδὰμ

324 4535 707 4611 ἐνεδυσάμεθα,
758 4538 1109 4617 δερματίνους
1157 4550 1417 4620 χιτῶνας,
1470 4548 1563 4604 τίνοι
1599 4550 1716 4607 ἀντὶ
1771 4552 1977 4607 τούτων

2082 3393 2272 3467 parari
2304 3395 2559 3465 possent.
2593 3389 2835 3445 Mortale
2867 3389 3083 3460 quippe
3128 3387 3446 3443 immortali
3481 3388 3724 3460 compli-

2078 3485 2340 3550 cabatur,
2363 3486 2419 3537 et
2439 3478 2815 3551 corruptibile
2835 3495 3047 3549 corpus
3070 3477 3519 3549 incorruptubili
3542 3478 3724 3534 Verbo

2075 3573 2334 3629 cohaesit.
2364 3571 2562 3641 Neque
2591 3574 2785 3624 tamen
2818 3567 2899 3634 id,
2932 3568 3088 3639 quod
3117 3565 3363 3622 mortale
3394 3572 3539 3633 erat,
3571 3567 3725 3623 laesit

2075 3662 2218 3717 illud
2252 3661 2406 3733 quod
2438 3658 2770 3714 immortale
2803 3674 2815 3712 :
2859 3654 3222 3727 impassibile
3294 3654 3511 3728 quippe
3542 3661 3670 3712 erat
3700 3672 3715 3713 :

2076 3757 2379 3823 morteque
2406 3748 2585 3816 victa,
2614 3746 2803 3819 magis
2826 3744 3190 3816 impassibile
3219 3744 3502 3800 remansit
3534 3762 3547 3801 :
3580 3762 3719 3802 nam

2078 3861 2146 3901 ea
2174 3858 2305 3912 quae
2335 3839 2595 3901 vincunt,
2626 3835 2795 3891 victis
2827 3851 3059 3907 semper
3088 3834 3488 3889 dominantur.
3519 3839 3719 3906 Itaque

2080 3935 2153 3989 ob
2193 3930 2573 4000 eonjunctum
2624 3923 2946 3980 immortale
2988 3923 3268 3988 Verbum,
3301 3940 3461 3978 mors
3492 3922 3552 3978 in
3600 3924 3727 3994 ipso

2081 4018 2417 4078 admirabili
2467 4016 2723 4087 quodam
2770 4014 2963 4081 modo,
3019 4013 3188 4084 quasi
3237 4012 3457 4083 stipula
3504 4029 3537 4068 a
3583 4012 3730 4069 facie

2082 4109 2237 4183 ignis
2269 4105 2671 4163 evanescebat.
2723 4102 2980 4157 Verbum
3014 4118 3183 4174 porro
3215 4118 3349 4155 cum
3379 4100 3733 4173 incorrupti-

2086 4199 2200 4254 bile
2233 4199 2408 4265 esset,
2441 4210 2549 4249 sua
2587 4191 2998 4261 conjunctione
3045 4192 3101 4245 id
3151 4191 3307 4262 quod
3356 4190 3736 4262 corruptibile

2088 4292 2212 4344 erat
2230 4284 2543 4355 adjuvabat
2563 4299 2574 4337 :
2595 4282 2841 4337 lenebras
2866 4280 3022 4335 enim
3046 4297 3081 4337 ο,
3099 4279 3324 4334 lumine
3339 4278 3737 4351 illustrantur,

2090 4383 2149 4433 et
2179 4375 2330 4448 quod
2368 4372 2564 4428 minus
2595 4375 2704 4436 est,
2736 4387 2770 4425 a
2802 4370 3022 4440 majore
3067 4368 3447 4423 benedicitur.
3481 4370 3743 4439 Quapro-

2094 4471 2222 4539 pter
2234 4465 2359 4536 jam
2385 4479 2419 4517 a
2442 4458 2819 4516 carniﬁcibus
2840 4457 3072 4513 exuitur
3092 4457 3363 4529 pelliceas
3385 4462 3598 4528 vestes,
3613 4457 3743 4529 qui-

2098 4556 2209 4610 bus
2241 4554 2301 4607 in
2334 4552 2550 4606 Adamo
2583 4547 2773 4604 induti
2805 4563 3034 4613 sumus,
3071 4552 3137 4602 ut
3165 4563 3366 4603 earum
3414 4544 3540 4602 loco
3580 4545 3747 4601 Chri-

321 4627 414 4682 τὸν
446 4627 677 4704 Χριστὸν
712 4627 1023 4695 ἐνδύσασθαι
1057 4629 1397 4709 δυνηθῶμεν.
1434 4638 1531 4693 Διά
1559 4645 1721 4696 τοῦτο
1779 4642 1869 4696 καὶ
1918 4643 1968 4696 τὲ

2096 4648 2257 4700 stum
2309 4641 2549 4695 induere
2599 4636 2919 4710 possimus.
2976 4636 3190 4691 Eadem
3240 4635 3379 4690 item
3419 4636 3493 4691 de
3548 4651 3747 4705 causa,

324 4716 521 4807 ipsius:
552 4717 860 4807 μερίζεσθαι
890 4721 1173 4795 ὑπομένει,
1201 4721 1293 4778 ’ίνα
1324 4727 1488 4799 ἡμεῖς
1518 4728 1607 4783 τὸν
1670 4729 1729 4784 ἐκ
1778 4732 1984 4807 Πατρὸς

328 4805 620 4881 ἀμέριστον
654 4806 871 4883 ἔχωμεν
904 4809 1101 4887 Λόγον·
1136 4836 1167 4867 ι(
1201 4813 1337 4890 Ἐγὼ
1385 4816 1485 4891 γὰρ
1533 4818 1621 4872 καί
1654 4818 1681 4871 ὁ
1715 4805 1922 4895 Πατὴρ,
1954 4844 1983 4874 ››

2096 4732 2443 4789 vestimenta
2461 4745 2569 4783 sua
2593 4726 2773 4782 dividi
2795 4725 3111 4798 patitur,ut
3133 4741 3239 4781 nos
3264 4725 3514 4782 Verbum
3535 4723 3750 4780 indivi-

2099 4822 2268 4878 sibile
2299 4836 2369 4876 ex
2400 4819 2568 4875 Patre
2599 4816 2921 4888 procedens
2950 4814 3278 4871 habeamus
3312 4831 3326 4870 :
3362 4832 3524 4882 nam,
3556 4836 3585 4866 «
3608 4813 3751 4885 Ego;

404 4977 450 5013 “
480 4977 734 5053 Philipp,
768 4998 830 5051 11,
862 4984 916 5037 8.
994 4984 1039 5020 ⁴⁶
1069 4984 1254 5041 Galat.
1290 5004 1372 5059 III,
1406 4990 1493 5046 13.
1528 4991 1572 5025 ⁴⁷
1602 4992 1859 5065 Philipp.
1893 5011 1969 5061 Iv,
2003 4995 2091 5049 13.

434 5235 505 5289 65

345 5521 578 5648 Δηὲἐὲο.
611 5523 669 5592 2,
700 5521 1091 5596 ἀναλλάξηται.

421 5592 437 5648 ί
517 5595 534 5648 l
568 5592 785 5648 Regius
818 5606 871 5648 et
901 5599 1091 5648 Angli:

517 5595 539 5687 l
568 5592 785 5687 ἓὲἕίυξ
818 5606 871 5687 θέ
900 5592 1130 5687 ἒάεῧίί·
1166 5602 1311 5687 1:22.
1331 5603 1568 5687 γεγήεεν-

421 5592 534 5736 (66)
568 5592 785 5721 ReFiua
818 5606 871 5652 et
900 5592 1130 5684 ALﬁglic.
1166 5602 1217 5669 1,
1245 5602 1311 5687 2,
1331 5603 1568 5677 γενήτῳ.
1629 5677 1640 5688 ⁸

446 5665 541 5742 67)
574 5665 644 5742 ξε
669 5682 720 5723 c.
751 5668 998 5742 2,};va
1030 5671 1119 5724 καὶ
1151 5671 1315 5728 αὐτου
1355 5672 1437 5731 οὐ.
1466 5675 1597 5733 Mox
1626 5694 1685 5734 1n
1717 5678 1923 5736 eodem
1958 5682 2015 5734 et

353 5734 772 5809 in'Anglicano
792 5734 968 5816 ’2,”δὲ,
1003 5743 1185 5800 deest.

16 6374 329 6388 “mirml-1-
348 6380 351 6383 -
370 6374 387 6381 π

412 5162 527 5306 (64)
559 5164 645 5219 Ita
677 5167 936 5223 maxima
966 5183 1103 5241 pars
1135 5188 1279 5230 mss.
1312 5174 1468 5229 Editi
1512 5192 1667 5246 vero,
1720 5170 2001 5245 ἐϐάσταζε.

434 5235 505 5289 65
554 5236 617 5290 In
650 5237 803 5293 Felc.
837 5242 893 5306 2,
927 5245 984 5294 et
1011 5242 1236 5306 Anglic.
1271 5246 1325 5306 2,
1358 5245 1455 5306 ὡς,
1490 5248 1676 5303 deest.
1727 5250 1876 5306 Mox.
1911 5247 2001 5304 ἅν-

554 5236 617 5290 In
650 5237 803 5315 Felc.
837 5242 910 5315 2,_
927 5236 1325 5315 et_Anglic.q2,
1358 5245 1455 5313 ὡς,
1490 5236 1676 5315 deest.
1727 5250 1876 5315 Mox,
1911 5236 2001 5304 ἄν·

343 5308 783 5393 θρωπονζιᾶὺοὶεῐ
813 5327 855 5393 ς..
878 5311 1052 5393 Basil.
1085 5308 1135 5393 ιζ
1174 5308 1776 5393 Ιὺίᾁὲῐηξπᾶσχοντα,
1842 5308 1968 5377 abes

2116 5308 2291 5393 Editi,
2322 5308 2602 5393 ἀπώλυτο.
2635 5308 2793 5393 Infra
2830 5314 3001 5372 Basil.
3054 5318 3174 5393 ῌῶς

342 5378 677 5464 αδβηειίο.
708 5383 763 5435 2.
782 5383 1061 5464 λιπαρίῃ,
1093 5386 1333 5464 Eelc._2_,
1365 5378 1734 5464 κατααέύάσῃ
1768 5378 1863 5445 ’καὶ
1911 5413 2006 5447 πε-

346 5444 643 5533 πείρατᾶιλ
674 5444 1190 5533 multi§_9missis,
1235 5444 2005 5533 δι”ὁμοιοτέλευτδονίΜοέ,

2208 5178 2298 5247 68)
2329 5170 2495 5247 Οὐδὲν
2529 5172 2596 5247 ἐχ

2598 5172 2830 5299 agite-.0.
2860 5173 3076 5245 Regius
3105 5176 3162 5229 et
3190 5170 3365 5228 Basil.
3402 5172 3450 5225 1.

2674 5291 2685 5299 .
2748 5241 3029 5299 ἀπόλλυτο
3056 5287 3068 5299 .
3128 5243 3365 5299 Regius.
3416 5241 3449 5294 ά

2186 5179 2298 5319 (68)
2329 5179 2685 5299 Οὐδὲνεχαὲί

2206 5250 2299 5316 69)
2332 5246 2574 5319 ᾼΑῃειιο.
2638 5291 2685 5319 Α,

2748 5233 3068 5300 ἀπόλλιῖτο.
3128 5243 3365 5311 Regius,
3416 5233 3759 5311 ἀπώλᾼλοιτο.

3255 5260 3365 5311 ius,
3416 5260 3759 5296 απωΑΛοιτο.

3211 5260 3286 5367 ξε
3330 5314 3501 5383 τοῦτο
3530 5309 3767 5383 γένοιτο.

2189 5380 2300 5461 (70)
2334 5392 2570 5461 Regius,
2597 5388 2825 5460 Anglic.
2852 5388 3146 5461 secundus
3175 5392 3231 5439 et
3253 5384 3401 5461 Felc.
3425 5380 3767 5461 gagaten;

2118 5454 2294 5549 Editi,
2329 5460 2387 5549 ἐν,
2412 5454 2611 5549 ἔούτιρ.
2650 5454 2893 5549 Ibidem,
2927 5458 3287 5528 Anglicanus
3332 5460 3388 5512 et
3430 5454 3766 5512 Felckman.

2119 5536 2175 5605 2,
2206 5526 2499 5608 γεγονέναι-
2519 5526 2764 5608 σύνοδον.

2191 5593 2305 5671 (74)
2338 5604 2692 5671 Anglicanus
2722 5605 2775 5671 2,
2817 5598 3061 5671 ἀθανάτω
3093 5593 3242 5670 λόγῳ
3272 5616 3384 5671 συν.

2194 5665 2658 5749 (72)λᾼεῖἶοεῑιυε
2695 5665 2885 5749 _2._et
2945 5670 3097 5749 F_elc.
3150 5665 3223 5739 2',
3258 5665 3567 5743 ἠφανίζετο.
3624 5665 3778 5741 Mox,

2122 5742 2462 5825 παραδόξως,
2495 5745 2659 5800 deest
2692 5744 2752 5797 in
2788 5742 2945 5799 Felc.
2976 5743 3031 5797 3.
