4154 6406
429 415 546 485 907

425 559 638 632 inquit,
670 563 842 616 Pater
885 577 1071 616 unum
1120 578 1329 618 sumus
1378 562 1442 616 ω.
1494 584 1523 612 ››
1569 563 1958 627 Quamobrem
2009 558 2046 610 il

2185 557 2370 632 φησὶν,
2405 582 2430 606 ‹‹

423 654 640 704 vestem
673 653 890 706 sortem
919 650 1181 718 mittunt,
1213 651 1370 723 quod
1419 651 1518 708 ille
1566 651 1855 722 patienter
1883 645 2068 718 negli-

421 736 526 808 git,
562 743 626 792 ut
655 755 782 795 sors
813 743 869 794 et
898 739 1202 794 haerediias
1235 745 1436 796 nostra
1467 739 1544 795 sit
1574 739 1863 807 Christus,
1897 741 1962 791 ut
1987 735 2071 790 ait

422 825 736 882 Psalmista
768 843 780 882 :
816 850 844 877 ‹‹
870 829 1148 884 Dominus
1172 847 1307 900 pars
1338 828 1696 884 haereditatis
1728 842 1867 882 mea:
1899 829 1954 880 et
1977 840 2068 879 ca-

416 912 546 970 licis
579 916 693 971 mei
719 916 782 972 ‘9.
811 939 833 965 ι
857 918 1044 982 Quare
1075 934 1188 972 non
1222 917 1361 972 alibi
1392 917 1635 990 patitur,
1659 933 1774 971 non
1807 912 2066 969 alioloco

417 1005 574 1059 cruci
607 1005 908 1078 afﬂigitur,
943 1023 1122 1078 quam
1153 1007 1211 1062 in
1249 1007 1519 1062 Calvariae
1566 1007 1714 1074 loco,
1747 1019 1924 1076 quem
1954 1006 2064 1056 He-

414 1093 706 1149 braeorum
723 1094 988 1167 magistri
1006 1095 1172 1150 aiunt
1195 1096 1374 1152 fuisse
1403 1096 1611 1151 Adami
1644 1093 2021 1166 sepulchrum
2047 1107 2061 1156 ;

411 1181 492 1238 ibi
542 1199 798 1255 namque
845 1183 1012 1239 illum
1058 1189 1191 1256 post
1239 1185 1707 1240 maledictionem
1761 1180 2058 1254 sepultum

410 1270 593 1326 fuisse
624 1278 980 1329 asseverant.
1019 1275 1179 1341 Quod
1214 1274 1262 1329 si
1296 1275 1376 1330 ita
1397 1291 1459 1330 se
1490 1291 1582 1329 res
1628 1273 1823 1339 habot,
1856 1269 2059 1338 miror,

410 1362 540 1432 ejus
571 1361 680 1417 locl
721 1363 1162 1434 proprietatem.
1218 1363 1487 1436 Oportuit
1535 1363 1691 1418 enim
1736 1359 2056 1428 Christum,

409 1465 542 1506 cum
575 1449 831 1523 primum
862 1453 1148 1506 Adamum
1203 1469 1481 1507 renovare
1509 1451 1704 1521 vellet,
1735 1451 1793 1505 in
1822 1465 1888 1505 eo
1937 1448 2056 1519 pati

405 1538 552 1610 loco,
587 1544 652 1595 ut
681 1542 809 1611 ejus
840 1541 1054 1596 abolito
1087 1547 1345 1613 peccato,
1380 1542 1451 1596 ah
1484 1541 1755 1595 universo
1785 1538 1930 1593 illud
1958 1537 2058 1592 ho-

407 1628 635 1685 minum
669 1645 884 1702 genere
916 1630 1170 1685 auferret
1195 1648 1207 1697 ;
1233 1634 1289 1686 et
1317 1646 1451 1685 cum
1484 1628 1804 1685 audivisset
1833 1627 2008 1682 Adam
2038 1643 2052 1681 :

403 1739 434 1768 κ
466 1717 644 1774 Terra
673 1734 756 1788 es,
790 1722 847 1774 et
893 1718 951 1772 in
993 1723 1209 1775 terram
1255 1718 1561 1775 reverteris
1607 1718 1671 1784 ⁵ο,
1706 1739 1735 1766 ››
1773 1717 1903 1772 ideo
1934 1714 2053 1770 illic

402 1807 502 1862 69
556 1811 952 1879 reponeretur,
1007 1812 1070 1863 ut
1113 1807 1332 1864 ibidem
1383 1809 1673 1864 Adamum
1725 1804 2047 1871 inveniens,

1625 423 1689 486 S.
1737 421 2257 486 ATHANASIUS.
2295 453 2369 469 —
2401 421 2664 486 DUBIA.

3717 417 3835 488 208

2462 554 2517 612 ἓν
2551 558 2728 630 ἐσμεν.
2765 582 2792 608 ››
2825 558 2922 611 Διά
2949 560 3110 612 τοῦτο
3165 554 3254 611 καὶ
3313 553 3684 632 λαγχάνουσιν
3746 557 3835 614 ἐπὶ

2177 645 2268 699 τὸν
2301 651 2525 721 χιτῶνα,
2559 647 2648 702 καὶ
2675 652 2835 702 10610
2865 649 3093 722 πάσχων
3126 651 3340 722 παρορᾷ
3368 647 3502 719 (73),
3523 644 3615 701 'lva
3673 649 3836 719 ἡμῶν

2176 731 2381 810 κλῆρος
2427 737 2454 790 6
2495 738 2722 807 Χριστὸς
2780 737 3024 812 γένηται,
3065 736 3242 798 καθὼς
3301 735 3390 790 καὶ
3443 737 3471 790 ὁ
3518 735 3832 809 ψαλμῳδός

2176 835 2328 901 φησι·
2365 850 2390 875 ι(
2429 826 2622 902 Κύριος
2659 826 2810 902 μερὶς
2841 828 2940 894 τῆς
2988 824 3364 899 κληρονομίας
3422 846 3528 897 μου
3589 826 3678 880 καὶ
3733 827 3829 882 τοῦ

2174 913 2442 987 ποτηρίου
2477 937 2603 987 μου.
2640 940 2666 966 ››
2699 916 2849 970 Ὅθεν
2884 912 3009 970 οὐδὲ
3039 913 3292 990 ἀλλαχοῦ
3321 916 3544 990 πάσχει,
3579 912 3704 970 οὐδὲ
3753 915 3830 979 εἰς

2175 999 2345 1056 ἄλλον
2378 1003 2545 1058 τόπον
2580 1008 2924 1076 σταυροῦται,
2951 1004 2987 1072 ἢ
3022 1003 3098 1066 εἷς
3129 1003 3220 1058 τὸν
3271 1003 3504 1078 Κρανίου
3545 1004 3735 1077 τόπον,
3769 1007 3827 1062 ’ὀν

2173 1086 2435 1165 Ἐϐραίων
2470 1095 2520 1147 οἱ
2553 1091 2870 1148 διδάσκαλοί
2901 1115 3027 1171 φασι
3074 1097 3172 1148 106
3220 1090 3401 1166 Ἀδὰμ
3453 1093 3584 1148 εἶναι
3633 1094 3824 1174 τάφον.

2174 1181 2318 1236 Ἐκεῖ
2372 1183 2476 1258 γὰρ
2535 1182 2692 1238 αὐτὸν
2757 1182 2891 1255 μετά
2947 1183 3048 1251 τὴν
3099 1181 3331 1257 κατάραν
3358 1184 3612 1260 τεθάφθαι
3647 1179 3827 1240 διαϐε-

2171 1265 2468 1328 ϐαιοῦνται.
2502 1273 2673 1348 ’Ὀπερ
2707 1271 2752 1325 εἰ
2785 1271 2958 1334 οὕτως
3004 1269 3143 1346 ἔχει,
3189 1272 3450 1344 θαυμάζω
3501 1277 3600 1328 106
3655 1273 3826 1329 τόπου

2168 1361 2265 1427 τήν
2299 1359 2608 1430 οἰκειότητα
2640 1364 2772 1433 (7-4).
2804 1358 2948 1416 Ἔδει
2981 1361 3086 1437 γὰρ
3125 1362 3217 1415 τὸν
3273 1360 3492 1436 Κύριον,
3528 1365 3828 1418 ἀνανεῶσαι

2168 1447 2396 1511 θέλοντα
2424 1448 2515 1503 τὸν
2548 1454 2761 1525 πρῶτον
2797 1447 2992 1523 ’Δδαμη
3016 1449 3067 1504 ἐν
3102 1448 3291 1522 ἐκείνῳ
3319 1454 3398 1522 τῷ
3428 1450 3583 1522 τόπῳ
3611 1457 3826 1526 παθεῖν,

2159 1534 2267 1609 ἵνα,
2300 1536 2504 1592 ἐκείνου
2563 1536 2707 1592 λύων
2765 1539 2864 1607 τὴν
2924 1537 3210 1614 ἁμαρτίαν,
3247 1537 3352 1592 ἀπὸ
3407 1540 3607 1600 παντὸς
3654 1539 3822 1610 αὐτὴν

2164 1626 2266 1700 ἄρῃ
2314 1629 2411 1679 τοῦ
2467 1625 2680 1701 γένους·
2731 1625 2820 1681 καὶ
2871 1625 3059 1695 ἐπειδὴ
3111 1623 3342 1696 ἤκουσεν
3374 1628 3400 1682 6
3454 1625 3648 1702 Ἀδάμ·
3687 1654 3710 1681 ι
3747 1632 3821 1700 Γῆ

2162 1714 2230 1783 εἷ,
2263 1713 2351 1768 καὶ
2383 1713 2456 1776 εἰς
2491 1721 2594 1790 γῆν
2624 1714 2915 1790 ἀπελεύσῃ,
2952 1739 2979 1766 ν)
3012 1713 3102 1770 διὰ
3147 1720 3309 1771 τοῦτο
3357 1716 3523 1773 πάλιν
3576 1716 3688 1772 ἐκεῖ
3732 1720 3820 1774 τέ-

2160 1813 2352 1876 θειται,
2378 1800 2470 1857 ’ίνα
2497 1804 2590 1858 τὸν
2614 1801 2796 1878 Ἀδὰμ
2826 1805 2993 1879 εὑρὼν
3028 1804 3158 1875 ἐκεῖ,
3192 1804 3329 1880 λύσῃ
3386 1807 3480 1879 μὲν
3512 1807 3612 1876 τὴν
3660 1810 3819 1864 κατά-

402 1896 780 1952 maledictum
813 1896 1083 1964 solveret,
1117 1902 1176 1953 et
1204 1897 1331 1953 loco
1365 1897 1524 1952 illius
1559 1915 1570 1953 :
1608 1918 1637 1948 ‹‹
1667 1897 1848 1952 Terra
1877 1911 1959 1963 es,
1993 1898 2046 1949 et

2162 1910 2277 1966 ραν,
2313 1891 2426 1946 ἀντὶ
2486 1889 2544 1946 δὲ
2600 1897 2715 1946 τοῦ·
2751 1917 2779 1944 ‹‹
2814 1899 2888 1962 Γῆ
2941 1893 3010 1961 εἶ,
3041 1893 3132 1947 καὶ
3180 1892 3255 1955 εἷς
3303 1901 3408 1968 γῆν
3457 1892 3750 1970 ἀπελεύσῃ,
3784 1919 3814 1948 ›)

403 1985 460 2039 in
494 1993 703 2040 terram
736 1985 1081 2053 reverteris;
1133 2007 1162 2036 »
1210 1987 1335 2057 jam
1389 1987 1651 2042 diceret:
1706 2008 1734 2035 ‹‹
1767 1985 2044 2056 Exsurge,

402 2075 502 2145 qui
535 2075 778 2145 dormis,
811 2079 868 2130 et
897 2077 1147 2131 excitare
1176 2091 1246 2131 ex
1292 2076 1560 2144 mortuis,
1595 2079 1653 2131 et
1690 2071 2050 2129 illuminabit

401 2167 459 2219 te
487 2164 752 2220 Christus
813 2179 826 2218 :
870 2184 899 2214 »
953 2167 1010 2219 et
1058 2181 1294 2220 rursum
1349 2181 1362 2220 :
1416 2165 1621 2236 Surge,
1668 2167 1728 2219 et
1763 2163 1916 2228 veni,
1957 2175 2047 2217 se-

403 2268 580 2324 quere
611 2269 704 2307 me
729 2270 742 2321 ;
779 2273 810 2303 »
840 2257 904 2307 ut
925 2269 1040 2308 non
1065 2253 1310 2309 ulterius
1341 2253 1400 2308 in
1433 2258 1588 2310 terra
1617 2250 2046 2326 reponaris,sed

399 2341 458 2396 in
512 2342 687 2397 caelos
744 2341 1047 2406 ascendas,
1093 2342 1340 2399 Necesse
1393 2343 1610 2414 quippe
1657 2345 1767 2412 est,
1800 2340 2048 2395 excitato

399 2430 958 2497 Salvatore,excita‘ri
989 2447 1121 2486 cum
1156 2431 1254 2486 illo
1288 2432 1572 2486 Adamum
1608 2445 1928 2501 omnesque
1956 2445 2051 2482 ex-

395 2519 619 2575 Adamo
672 2519 976 2575 oriundos.
1026 2525 1217 2592 Atque
1259 2525 1341 2588 ut,
1393 2525 1622 2576 mortuo
1665 2520 1908 2583 Adamo,
1939 2534 2046 2574 nos

395 2623 628 2678 quoque
656 2623 760 2680 per
789 2624 924 2664 eum
957 2609 1173 2664 mortui
1223 2609 1612 2664 manebamus
1637 2627 1651 2677 ;
1683 2607 1767 2663 ita
1796 2609 2045 2663 excitato

393 2713 634 2770 corpore
663 2698 986 2762 Dominico,
1021 2714 1256 2754 necesse
1288 2700 1524 2754 demum
1559 2702 1646 2754 est
1677 2714 1876 2753 omnes
1907 2713 2042 2753 cum

394 2785 495 2841 illo
527 2803 846 2858 resurgere.
883 2786 1011 2842 Haec
1044 2786 1207 2841 Pauli
1232 2787 1522 2842 sententia
1553 2791 1640 2842 est
1677 2803 1688 2842 ε
1722 2786 1842 2841 hanc
1883 2786 2039 2842 enim

393 2875 598 2931 scribit
627 2875 699 2931 ad
731 2875 1100 2931 Corinthios:
1125 2899 1154 2926 «
1176 2876 1322 2932 Nam
1355 2876 1508 2932 sicut
1530 2876 1587 2930 in
1619 2876 1802 2931 Adam
1833 2893 2039 2932 omnes

389 2964 742 3032 moriuntur,
793 2965 875 3021 ita
920 2968 978 3020 et
1033 2964 1094 3019 in
1141 2964 1371 3021 Christo
1409 2980 1611 3021 omnes
1655 2965 2036 3021 viviﬁcabun-

387 3057 487 3110 tur
513 3054 580 3108 δί.
618 3077 640 3106 ι

461 3143 546 3199 13.
580 3145 702 3209 Quo
735 3146 931 3198 autem
969 3144 1139 3200 modo
1186 3142 1353 3198 illum
1406 3142 1466 3196 in
1522 3157 1751 3198 crucem
1788 3142 2034 3214 egerint,

390 3247 576 3302 operae
611 3232 860 3304 pretium
902 3233 1011 3287 erit
1055 3239 1120 3286 ut
1161 3247 1227 3286 ex
1279 3231 1352 3286 iis
1384 3247 1511 3302 quae
1540 3229 1756 3300 scripta
1785 3235 1924 3285 sunt
1953 3231 2033 3284 vi-

389 3320 659 3388 deamus,
692 3335 880 3392 neque
911 3321 1064 3375 enim
1101 3337 1166 3375 ea
1195 3319 1364 3374 nobis
1394 3319 1631 3374 inutilia
1661 3319 1907 3374 fuerint:
1936 3337 2034 3375 ne-
2067 3297 2112 3361 ϐ

389 3425 503 3481 que
524 3408 778 3480 simplici
803 3410 972 3464 modo
1005 3410 1063 3464 in
1086 3407 1417 3479 Evangeliis
1441 3408 1722 3479 scriptum
1748 3413 1852 3463 est.
1878 3413 2039 3464 Post-

390 3514 568 3569 quam
611 3497 918 3568 judicatus
975 3502 1130 3553 esset
1173 3497 1819 3566 Dominus;indic-at“8
1867 3500 2036 3571 (ιυὶρ-

386 3602 459 3658 pe
489 3590 597 3656 est,
629 3590 686 3642 et
715 3589 848 3641 ante
891 3586 1197 3656 praesidem
1239 3586 1418 3642 stetit.
1462 3586 1544 3641 Ne
1590 3587 1724 3657 quis
1754 3603 1880 3642 eam
1913 3604 2035 3644 rem

388 3690 517 3730 esse
546 3675 752 3746 pudori
784 3674 1101 3730 arbitretur
1153 3692 1166 3729 :
1217 3677 1483 3730 nostrum
1520 3674 1734 3747 quippe
1770 3693 1947 3732 causa
1976 3677 2033 3733 id

387 3761 486 3818 ille
517 3779 730 3835 passus
750 3766 857 3829 est,
885 3767 949 3817 ut
971 3779 1042 3817 ne
1069 3762 1117 3817 si
1141 3779 1290 3834 quas
1323 3762 1420 3818 ille
1443 3763 1688 3819 insidias
1719 3781 1930 3836 passus
1957 3766 2036 3822 sit

386 3849 622 3908 silentio
672 3851 1136 3924 praetermissum
1200 3855 1375 3923 esset,
1436 3851 1642 3908 lateret
1697 3853 2035 3910 Judaeorum

387 3939 741 4012 conspiratio
767 3957 780 3996 :
815 3940 914 3994 sed
948 3944 1012 3995 ut
1041 3955 1107 3995 ex
1136 3941 1356 4012 judicio
1381 3941 1688 3998 manifesta
1717 3942 1863 3999 foret
1893 3943 2037 3999 insi-

389 4027 680 4084 diantium
714 4027 1032 4094 calumnia,
1063 4029 1121 4084 Si
1167 4030 1321 4084 enim
1347 4029 1648 4100 judicatus
1679 4049 1794 4087 non
1829 4033 2038 4089 fuisset

390 4116 676 4179 Salvator,
697 4119 808 4172 sub
839 4117 1019 4173 dubia
1048 4119 1388 4190 incertaque
1409 4120 1744 4192 suspicione
1764 4121 2037 4179 latuisset

386 4205 724 4262 Judeorum
756 4207 1036 4262 adversus
1057 4223 1188 4264 eum
1223 4208 1470 4276 invidia;
1503 4225 1633 4265 cum
1658 4215 1854 4265 autem
1875 4212 2037 4282 judi-

388 4297 554 4350 catus
585 4294 681 4362 sit,
715 4295 770 4350 id
821 4296 1044 4350 nemini
1084 4295 1262 4353 latere
1296 4300 1502 4369 potest.
1553 4298 1619 4352 Et
1668 4299 1905 4369 quidem
1940 4300 2036 4356 Pi-

386 4382 544 4439 latus
599 4383 724 4456 ipse
783 4383 1098 4440 Salvatoris
1151 4386 1546 4442 innocentiam
1606 4387 2038 4461 puritatemque

385 4475 637 4527 testatus
657 4477 764 4541 est,
789 4471 1243 4546 Judaaorumque
1263 4475 1512 4529 insidias
1547 4476 1795 4546 aperuit.
1832 4500 1860 4526 ‹‹
1885 4478 2037 4533 Scie-

385 4559 488 4615 bat
517 4560 731 4628 enim,»
751 4559 1001 4632 inquit,«
1018 4563 1172 4633 quod
1207 4578 1312 4634 per
1342 4561 1620 4616 invidiam
1656 4564 2038 4621 tradidissent

2162 1979 2356 2036 λοιπὸν
2399 1977 2543 2055 εἷ’πῃ·
2580 2007 2606 2032 ‹‹
2641 1987 2883 2058 ’Ἑγειραι
2914 1984 3046 2055 (75),
3079 1983 3108 2036 6
3152 1980 3450 2054 καθεύδων,
3482 1984 3571 2039 καὶ
3622 1984 3816 2041 ἀνάστα

2160 2069 2219 2125 ἐκ
2272 2075 2380 2125 τῶν
2437 2075 2661 2146 νεκρῶν,
2694 2073 2781 2126 καί
2843 2072 3122 2149 ἐπιφαύσει
3171 2092 3256 2126 σοι
3314 2073 3342 2127 6
3375 2073 3626 2149 Χριστός·
3664 2099 3692 2126 ››
3722 2075 3812 2130 καὶ

2158 2159 2346 2214 πάλιν*
2379 2160 2690 2230 «Ἀνάστα,
2749 2162 2838 2215 καὶ
2900 2157 3080 2236 δεῦρο,
3139 2160 3428 2226 ἀκολούθει
3489 2183 3605 2236 μοι,
3657 2186 3686 2216 »
3723 2162 3812 2220 ’ίνα

2163 2246 2357 2319 μηκέτι
2417 2250 2575 2319 τεθῇς
2637 2247 2722 2302 ἐπὶ
2781 2256 2906 2324 γῆς,
2959 2247 3086 2305 ἀλλ’
3139 2248 3190 2304 ἐν
3253 2249 3505 2325 οὐρανοῖς
3564 2250 3809 2326 ἀνέλθῃς.

2159 2336 2392 2412 Ἀνάγκη
2451 2337 2573 2411 γάρ,
2634 2337 2977 2412 ἐγειρομένου
3055 2342 3153 2393 106
3232 2345 3515 2414 Σωτῆρος,
3576 2342 3809 2416 συνεγεί-

2159 2427 2339 2498 ρεσθαι
2386 2425 2567 2498 τούτῳ
2613 2427 2702 2480 καὶ
2760 2428 2852 2481 τὸν
2886 2424 3080 2500 Ἀδὰμ,
3115 2427 3203 2482 καὶ
3235 2428 3438 2490 πάντας
3466 2428 3593 2492 τοὺς
3629 2429 3687 2484 ἐκ
3714 2427 3811 2484 106

2158 2512 2338 2586 Ἀδάμ
2393 2516 2718 2589 γενομένους
2786 2520 2916 2589 (76).
2969 2515 3066 2570 Καὶ
3124 2515 3327 2592 ὥσπερ,
3377 2518 3812 2590 ἀποθνήσκοντος

2153 2608 2250 2658 106
2311 2601 2506 2677 Ἀδὰμ,
2540 2603 2800 2677 ἐμένομεν
2832 2606 2921 2660 καὶ
2972 2607 3134 2677 ⁴ἡμεῖς
3181 2603 3252 2660 δι’
3280 2607 3437 2662 αὐτὸν
3481 2608 3682 2685 νεκροὶ,
3715 2607 3809 2662 οὕς

2154 2713 2260 2755 τως
2292 2692 2640 2769 ἐγειρομένου
2683 2698 2780 2748 106
2827 2699 3087 2770 κυριακοῦ
3128 2696 3404 2769 σώματος,
3438 2697 3640 2772 ἀνάγκη
3689 2695 3808 2752 λοι-

2153 2782 2251 2837 πὸν
2282 2783 2481 2843 πάντας
2536 2783 2923 2860 συνεγείρεσθαι
2957 2783 3102 2856 αύτῷ
3133 2787 3268 2857 (77).
3300 2783 3447 2854 Αὕτη
3507 2790 3604 2839 τοῦ
3658 2785 3805 2840 Παύ-

2154 2869 2256 2926 λου
2286 2874 2321 2941 ἡ
2374 2869 2584 2926 διάνοια
2633 2871 2906 2947 τυγχάνει·
2961 2872 3156 2950 γράφεί
3204 2873 3307 2948 γὰρ
3354 2871 3663 2948 Κορινθίοις
3709 2873 3803 2928 λέ-

2151 2981 2286 3036 γωνο
2322 2986 2351 3013 ‹‹
2383 2967 2583 3036 ’Ὠσπερ
2617 2963 2720 3037 γὰρ
2753 2962 2802 3014 ἐν
2834 2960 2912 3033 τῷ
2957 2959 3128 3034 Ἀδὰμ
3182 2963 3374 3024 πάντες
3427 2962 3805 3032 ἀποθνήσκου-

2150 3072 2252 3120 σιν,
2268 3049 2440 3112 οὕτως
2463 3050 2514 3106 ἐν
2536 3053 2614 3122 τῷ
2637 3053 2851 3124 Χριστῷ
2872 3049 3063 3111 πάντες
3087 3051 3596 3121 ζωοποιηθήσονται
3617 3053 3752 3124 (78).
3775 3077 3795 3101 1

2222 3143 2307 3196 13.
2342 3144 2464 3201 Πῶς
2511 3137 2568 3194 δὲ
2617 3138 2836 3212 ἄγουσιν
2887 3138 3042 3193 αὐτὸν
3105 3138 3192 3194 ἐπὶ
3223 3139 3314 3194 τὸν
3349 3140 3598 3214 σταυρὸν,
3631 3139 3800 3215 ἀναγ-

2151 3235 2303 3284 καῖον
2361 3229 2492 3284 ἰδεῖν
2551 3230 2618 3283 τὰ
2682 3233 3056 3304 γεγραμμένα·
3113 3228 3330 3291 πάντως
3387 3232 3501 3302 (79)
3555 3229 3657 3304 γὰρ
3710 3228 3799 3284 καὶ

2149 3323 2315 3373 ταῦτα
2346 3318 2445 3372 οὐκ
2475 3315 2753 3396 ἀνωφελῆ,
2796 3316 2921 3373 οὐδὲ
2961 3319 3149 3380 ἁπλῶς
3194 3317 3246 3373 ἐν
3279 3323 3396 3379 τοῖς
3445 3316 3803 3393 Εὖαγγελίοις

2147 3405 2467 3482 γέγραπται.
2526 3407 2672 3463 Μετά
2722 3408 2784 3462 τὸ
2836 3408 3086 3483 κριθῆναι
3171 3407 3262 3462 τὸν
3348 3405 3560 3480 Κύριον·
3613 3406 3798 3483 ἐκρίθη

2147 3496 2272 3570 γὰρ,
2298 3495 2388 3550 καὶ
2421 3491 2722 3571 ἔμπροσθεν
2752 3495 2945 3566 ἐστάθη
2981 3501 3078 3550 106
3109 3495 3405 3572 ἡγεμόνος.
3439 3496 3538 3550 Καὶ
3591 3498 3666 3570 μή
3724 3517 3807 3559 τις

2146 3583 2488 3660 αἴσχυνέσθω
2547 3589 2714 3639 ταῦτα
2743 3585 2876 3657 (80)·
2915 3584 3170 3656 ὗπέμεινε
3223 3585 3326 3660 γὰρ
3376 3585 3466 3640 καὶ
3515 3589 3676 3640 τοῦτο
3736 3581 3807 3639 δι’

2146 3675 2318 3746 ἡμᾶς,
2373 3671 2468 3728 ⁹ίνα
2528 3674 2629 3746 μὴ,
2684 3674 2820 3728 κατὰ
2872 3672 2936 3728 τὸ
2995 3674 3354 3745 σιωπώμενον
3412 3670 3807 3748 ἐνεδρευθέντος

2147 3766 2260 3836 (81)
2315 3763 2501 3832 αὐτοῦ,
2553 3763 2859 3837 κρύπτηται
2916 3766 3023 3816 τῶν
3083 3759 3362 3818 Ἰουδαίων
3417 3764 3452 3833 ἡ
3511 3759 3804 3835 ἐπιϐουλή³

2148 3849 2276 3906 ἀλλ’
2326 3848 2418 3906 ’ίνα
2473 3850 2563 3906 καὶ
2612 3850 2672 3906 ἐκ
2719 3851 2949 3928 κρίσεως
2991 3852 3189 3930 φανερᾶ
3217 3857 3324 3906 τῶν
3385 3848 3806 3909 ἐπιϐουλευσάν-

2145 3961 2252 3995 των
2302 3943 2337 4010 ἡ
2398 3941 2727 4018 συκοφαντία
2784 3939 3027 4017 γένηται.
3062 3943 3150 4010 Μὴ
3206 3939 3484 4016 κριθέντος
3540 3941 3640 4019 γὰρ
3699 3946 3800 3998 τοῦ

2149 4036 2432 4107 Σωτῆρος,
2468 4028 2673 4100 ἄδηλος
2705 4030 2982 4085 ὑπενοεῖτο
3012 4033 3126 4105 (82)
3156 4035 3263 4086 τῶν
3311 4029 3588 4087 Ἰουδαίων
3623 4034 3650 4086 ὁ
3689 4033 3806 4088 κατ’

2145 4119 2309 4176 αὐτοῦ
2341 4120 2555 4198 φθόνος·
2588 4119 2863 4197 κριθέντος
2895 4117 2952 4175 δὲ
2995 4119 3184 4190 αὐτοῦ,
3217 4120 3409 4176 λοιπὸν
3461 4117 3652 4177 ούδένα
3703 4119 3800 4176 λα⁶

2146 4215 2254 4274 θεῖν
2288 4210 2463 4272 οὕτως
2517 4206 2787 4280 ἠδυνήθη.
2825 4209 2922 4264 Καὶ
2954 4208 3196 4270 Πιλᾶτος
3225 4209 3319 4282 μὲν
3355 4208 3537 4280 αὐτὸς,
3566 4214 3645 4282 τῷ
3707 4210 3802 4285 μὶν

2148 4305 2365 4376 Σωτῆρι
2418 4298 2707 4374 ἐμαρτύρει
2762 4298 2824 4352 τὸ
2876 4295 3111 4352 ἀναίτιον
3162 4298 3252 4353 καὶ
3299 4299 3554 4375 καθαρόν·
3586 4303 3695 4354 τῶν
3747 4298 3804 4355 δὶ

2145 4387 2422 4446 Ἰουδαίων
2445 4389 2543 4455 τὴν
2588 4382 2893 4455 ἐπιϐουλὴν
2926 4385 3134 4462 ἐξῆγεν.
3165 4412 3194 4439 ‹‹
3227 4385 3377 4456 ᾝδει
3410 4389 3577 4464 γάρ,››
3614 4389 3804 4467 φησὶν,

2146 4501 2175 4531 ‹‹
2207 4476 2288 4531 ὅτι
2321 4475 2409 4530 διὰ
2441 4475 2634 4552 φθόνον
2667 4471 2984 4550 παρέδωκαν
3016 4473 3240 4533 αὐτόν.»
3265 4476 3376 4533 Οὐκ
3396 4477 3453 4532 ἂν
3485 4474 3542 4532 δὶ
3572 4481 3682 4553 (83)
3707 4483 3804 4532 Πι-

2145 4563 2308 4628 λᾶτος
2366 4561 2507 4639 ἔγνω
2551 4564 2642 4618 τὸν
2695 4563 2891 4641 φθόνον
2935 4569 3044 4620 τῶν
3077 4563 3378 4640 Ἰουδαίων,
3413 4563 3462 4620 εἲ
3493 4567 3570 4640 μὴ
3603 4566 3799 4638 ἐπάθη

389 4647 560 4704 illum
595 4648 662 4703 7’.
691 4670 719 4699 »
746 4647 862 4704 Nec
893 4649 1260 4718 cognovisset
1292 4649 1510 4705 Pilatus
1537 4651 1873 4708 Judeorum
1895 4653 2041 4709 invi-

2162 4654 2467 4728 ιρινόμενος
2525 4654 2552 4708 6
2603 4655 2822 4730 Σωτήρ.
2859 4653 3014 4729 Μέγα
3071 4659 3300 4730 πρᾶγμα
3356 4654 3443 4710 καὶ
3499 4653 3800 4730 παράδοξον

385 4737 567 4809 diem,
616 4737 730 4793 nisi
779 4737 1044 4795 Salvator
1091 4739 1161 4794 ad
1213 4739 1507 4809 judicium
1557 4741 1832 4798 stetisset.
1890 4743 2032 4799 Rem

385 4842 663 4899 magnam
711 4827 1161 4900 mirabilemque
1191 4829 1456 4884 Salvator
1488 4828 1775 4900 praestitit,
1809 4833 1907 4903 qui
1943 4837 2033 4889 ta-

2147 4743 2370 4814 ἀληθῶς
2402 4742 2696 4814 πεποίηκεν
2743 4743 2770 4796 6
2807 4745 3023 4818 Σωτήρ·
3059 4749 3279 4798 σιωπῶν
3326 4743 3564 4820 ἐνήργει,
3598 4743 3688 4800 καὶ
3725 4745 3802 4819 μὴ

2152 4829 2600 4909 ἀπολογούμενος
2650 4831 2823 4887 ἐποίει
2877 4832 2967 4887 τὸν
3025 4828 3280 4902 δικαστὴν
3340 4832 3632 4911 ὁμολογεῖν
3707 4835 3808 4904 τήν

455 4999 498 5035 ⁴θ
525 4999 697 5056 Joan.
725 5015 784 5068 α,
815 4998 904 5053 30.
981 5001 1026 5035 ⁴⁰
1055 5000 1209 5056 Psal.
1244 5017 1333 5071 xv,
1361 5001 1416 5056 5.
1494 5002 1538 5038 ⁵ο
1566 5003 1775 5059 Genes.
1810 5019 1892 5075 ιιι,
1926 5003 2012 5060 19.

2162 5007 2185 5062 Ι
2215 5005 2344 5062 Cor.
2376 5021 2471 5076 xv,
2500 5006 2591 5060 22.
2670 5004 2874 5075 Matth,
2907 5021 3079 5061 xxvn.
3117 5005 3204 5064 18.

456 5178 568 5256 (Z8)
598 5177 826 5256 anglis.
858 5178 913 5244 2,
947 5181 1005 5256 et
1025 5178 1174 5256 Felc.
1205 5182 1259 5247 2,
1287 5183 1554 5256 περιορᾷ.

606 5248 758 5322 ΡΘΓΟ.
791 5250 846 5303 2.
879 5250 978 5322 106
1008 5248 1211 5312 πάθους
1244 5251 1341 5319 τὴν
1373 5248 1484 5308 οἰκ.

449 5317 565 5393 (75)
591 5321 684 5400 Sic
716 5337 924 5400 omnes
955 5321 1261 5400 ferelmss.
1289 5317 1446 5400 _Editi
1494 5338 1655 5400 vero,
1703 5320 1896 5400 ἔγειρε.
1933 5325 2032 5382 In—

384 5391 491 5459 fre,
537 5391 650 5460 μοι,
713 5399 844 5465 post
899 5391 1209 5465 ἀκολούθει,
1271 5396 1433 5451 deest
1489 5397 1547 5451 in
1581 5391 1856 5453 omnibus
1887 5415 2030 5456 mss.

383 5465 770 5537 μιμεῖ-Βρε-

475 5535 566 5604 76)
597 5534 744 5590 Ρθιοῖ
775 5535 830 5590 2.
862 5536 1208 5609 γενομένους,
1255 5535 1547 5643 ἐμένομεν.

475 5605 566 5643 ’ττι
601 5602 754 5643 um:
807 5608 968 5643 Αοοοι
1001 5609 1056 5643 ς...
1094 5609 1224 5643 ωσι..

473 5605 566 5750 77)
594 5603 775 5678 Αὐτῷ,
807 5603 970 5664 deest
998 5603 1056 5664 in
1094 5603 1245 5666 Felc.
1279 5603 1333 5664 ‘2.

473 5677 541 5730 78
591 5681 1128 5749 Ζωοποιηθήσονται.
1164 5687 1228 5736 In
1262 5682 1333 5739 ho

448 5677 564 5749 (78)
591 5677 1128 5749 Ζωοποιηθήσονται.
1164 5687 1228 5736 In
1262 5682 1372 5739 hoc
1393 5681 1636 5739 verbum
1668 5684 1888 5740 desinit
1919 5684 2030 5740 fra-

380 5753 714 5828 gmentum.

2239 5185 2333 5254 79)
2364 5185 2458 5258 Sic
2491 5182 2730 5258 Regius.
2764 5188 2821 5241 et
2849 5185 3077 5258 Anglic.
3110 5185 3262 5242 Editi
3293 5203 3448 5252 vero,
3480 5184 3673 5247 πάντα.

2364 5256 3046 5336 ᾓθεξιυείβοίῦξμκαὶςμή
3079 5258 3614 5336 τις--ἀναγινιί›σκων.
3648 5256 3798 5336 αίσχ.

2237 5328 2328 5400 81)
2359 5328 2450 5383 Sic
2477 5328 2698 5407 Regius
2731 5335 2787 5385 et
2816 5328 2994 5386 Basil'.
3023 5347 3038 5399 ;
3071 5329 3209 5386 editi
3240 5328 3375 5388 vero
3405 5328 3800 5407 ἐνεδρεύοντός,

2145 5401 2344 5456 minus
2377 5404 2548 5455 recte.

2216 5473 2324 5542 (82)
2349 5471 2770 5543 Basiliensiset
2790 5470 3018 5543 Anglic.
3041 5467 3331 5543 ἐπινοεῖτο.
3355 5474 3438 5530 Ad
3472 5475 3798 5543 marginem

2143 5538 2321 5621 Basil,
2353 5538 2561 5621 ἄδηλος
2592 5541 2650 5621 ἂν
2682 5541 2747 5613 ᾖν
2777 5538 3084 5601 τῶῘἸουδ.
3121 5546 3298 5619 Infra,
3332 5547 3394 5604 in
3424 5545 3574 5605 Felc.
3602 5538 3661 5617 3,
3695 5546 3794 5621 μὲν

2143 5619 2462 5687 utrumque
2492 5616 2675 5687 deest.

2211 5686 2324 5761 (83)
2355 5684 2440 5754 Ᾱὲ,
2471 5687 2638 5743 deest
2666 5684 2727 5742 in
2760 5685 2963 5760 Regio,
2990 5687 3217 5762 Anglic.
3253 5693 3311 5749 et
3342 5688 3492 5749 F010.
3513 5692 3569 5748 2.
