2077 3194
141 213 203 245 209

680 210 731 241 DE
752 209 945 240 PASSIONE
967 211 1017 241 ET
1040 210 1167 242 ΟΞΠ]οω
1189 212 1341 243 DOMINI.

1806 215 1867 247 210

143 278 359 314 συσκευὴν,καὶ
384 276 426 305 ὅτι
453 275 562 314 μᾶλλον
586 278 645 307 τοῖς
670 273 801 314 ὅχλοιςῆ
822 277 861 312 τῷ
885 274 977 312 δικαίη.

1040 277 1142 312 cendo,
1160 285 1213 305 nec
1228 279 1442 315 respondendo,
1464 286 1498 307 eo
1509 279 1639 314 judioem
1661 281 1815 318 compulit,
1832 282 1868 311 ut

142 325 302 353 πᾶπεισται.
319 321 567 359 ’Δπολογουμένου
584 321 630 357 μὶν
645 321 704 356 (84)
719 321 817 358 γὰρ,ἦν
833 320 983 355 ὑπονοῆσαι

145 369 253 398 δειλίαν
268 370 319 396 τοῦ
344 366 471 395 θανάτου’
498 368 657 396 σιωπῶντος
683 364 721 400 δὲ,
748 365 778 392 τὸ
803 364 913 403 στεῤῥὸν
938 365 984 392 καὶ

145 416 196 450 τὴν
213 412 337 451 ἀνδρείαν
352 411 501 448 θαυμάσαι.
527 410 577 437 Καὶ
601 410 633 437 τὸ
660 410 746 440 οὕτως
772 408 801 436 δὲ
825 409 871 436 τὸν
897 408 983 436 Πιλᾶ-

147 470 194 488 τον
219 457 429 495 ἀπολογεῖσθαι,
456 454 532 483 οὐδὲν
558 457 590 489 ἦν
614 453 716 492 ἕτερον,
734 455 750 488 ἢ
776 456 915 480 πιστεῦσαι
936 453 981 480 τὸν

151 500 311 541 κρινόμενον
339 501 406 529 εἶναι
431 500 507 528 Θιόν.
526 498 648 535 ’Δμὲ).ει,
675 499 833 535 κρινόμενος
861 499 911 525 ὑπό
932 501 983 524 Πι-

155 549 253 582 λάτου,
283 546 450 584 ἐχρημάτιζε
473 544 508 581 τῇ
537 543 636 571 τούτου
663 543 780 580 γυναικί·
806 541 850 569 ’ίνα
873 544 907 579 τῇ
935 542 981 578 μὶν

157 594 250 628 σιωπῇ
273 593 322 626 τήν
346 589 453 628 ἀνδρίαν
479 590 535 625 (85)
551 587 726 626 καταπλαγῇ”
750 590 789 623 τῷ
815 586 844 615 ὃὶ
867 597 982 625 χρημα-

158 639 248 673 τισμῷ
261 636 386 674 γινώσκη,
402 633 444 661 δτι
468 633 518 661 οὐκ
534 634 687 670 ἄνθρωπον,
704 632 776 659 ἀλλὰ
798 632 861 659 Θεὸν
886 632 980 669 κρίνει.

158 679 296 720 Ἐφοὸήθη
313 678 357 707 οὖν
384 679 399 706 ὁ
423 678 523 716 κρίνων
549 678 594 705 τὸν
620 677 794 715 κρινόμενον,
811 675 980 711 καὶμᾶλλον

155 725 235 755 αὐτὸς
263 723 380 762 ἐκρίνετο
408 725 448 759 τῷ
476 720 554 761 φόϐῳ
583 724 631 749 τοῦ
660 722 821 759 λρῑνομένου
840 722 857 755 "r',
881 721 979 758 κρίνων

152 769 234 800 αὐτὸς
255 767 426 803 κατέπληττι
446 767 491 794 τὸν
516 767 633 803 Κύριον.
661 768 707 793 Διὸ
729 766 773 793 καὶ
799 765 908 802 ἐνίψατο
932 765 980 796 τὰς

151 816 246 852 χεῖρας
261 812 360 850 λέγων·
379 824 393 838 ‹‹
409 812 513 843 ’Δθῶός
543 812 601 847 εἶμι
631 812 683 838 ἀπὸ
707 813 755 838 tot»
781 810 896 847 αἳματος
920 810 981 837 τού-

148 868 207 886 του’
222 870 237 884 ››
254 857 278 885 εί
297 857 342 885 καὶ
367 856 490 894 ὕστερον,
507 856 628 891 κινηθεὶς
655 858 709 890 (iiii)
724 858 757 892 τῇ
773 858 826 882 τῶν
842 853 978 883 Ἰουδαίων

150 902 228 943 φιλίᾳ
251 900 418 940 συνέδραμεν
443 901 537 932 αὐτοῖς
563 898 786 928 ἐπιϐουλεύουσιν
810 910 816 916 -
844 899 912 926 ὥστε
935 899 979 926 καὶ

148 947 187 979 είς
216 947 330 983 σταυρὸν
359 946 439 974 αὐτὸν
465 944 650 984 παραδοῦναι.
683 943 863 982 Παραδίδοται
889 944 977 971 τοίνυν

148 992 162 1020 ὸ
188 991 305 1029 Σωτὴρ,
333 990 380 1018 καὶ
409 989 580 1027 παραδοθεῖςη
608 989 638 1016 οὐ
669 988 818 1024 κατέπτηξε
847 989 903 1025 (87)
931 988 976 1014 τὸν

150 1037 275 1072 θάνατον,
301 1034 375 1063 ἀλλὰ
397 1035 443 1062 καί
470 1033 577 1071 μᾶλλον
603 1033 753 1061 ἀπεδύσατο
788 1033 856 1071 πρὸς
884 1032 976 1067 αὐτὸν,

147 1081 192 1109 καὶ
217 1079 315 1108 ἐδίωκε
334 1079 469 1119 φεύγοντα
491 1079 537 1106 τὸν
564 1076 636 1117 ἔριν,
655 1078 690 1104 Οὐ
715 1079 766 1115 γὰρ
792 1077 829 1109 ὡς
856 1078 978 1112 ἀποθνή-

147 1136 218 1153 σκων
246 1125 282 1160 ἦν
303 1125 317 1153 ὁ
343 1124 452 1161 Κύριος,
479 1122 542 1151 ἀλλ’
563 1123 600 1154 ὡς
625 1123 669 1151 τὸν
697 1124 808 1155 θάνατον
833 1122 870 1153 εἷς
893 1124 974 1149 τοῦτο

147 1168 161 1198 δ
167 1170 266 1199 ιώκων.

184 1306 230 1334 14.
252 1304 337 1332 "Even
360 1302 393 1338 δὴ
417 1304 430 1331 ὁ
456 1302 579 1333 δείλαιος
605 1300 755 1336 διάϐολος,
783 1302 922 1337 θεωρήσας
946 1302 978 1329 τὸ

149 1350 222 1377 κατὰ
245 1348 362 1376 Πιλᾶτον
389 1349 441 1384 (88)
467 1350 567 1383 θαῦμα,
591 1346 633 1374 δτι
660 1346 766 1383 μᾶλλον
790 1347 803 1373 ὁ
818 1346 916 1383 κρίνων
933 1347 950 1380 ἣ
964 1347 977 1373 ὁ

151 1392 316 1432 κρινόμενος
336 1391 497 1427 κατέπτηξεν
513 1401 518 1408 ·
546 1392 615 1428 ὀρῶν
643 1390 672 1418 δὶ
696 1391 739 1418 καὶ
761 1391 809 1425 τήν
836 1391 902 1427 μετὰ
930 1402 978 1418 πε-

151 1438 307 1472 ποιθήσεως
343 1436 425 1464 αὐτοῦ
460 1438 505 1463 νῦν
543 1435 672 1463 ἀπόδυσιν
692 1459 699 1471 ,
728 1434 815 1462 πάντα
842 1435 976 1472 πειράζειν

153 1481 310 1516 δσπούδαζε,
338 1480 507 1519 βουλόμενος
534 1483 646 1518 γνῶσαι,
662 1481 676 1507 ὃ
691 1480 823 1518 πρότερον
848 1480 898 1507 οὐκ
911 1479 978 1514 ἠδυ-

154 1527 230 1562 νήθη,
254 1526 394 1564 πειράζων
417 1525 496 1553 αὐτὸν
515 1525 541 1552 ἐν
563 1527 601 1561 τῷ
623 1523 691 1563 ὄρει,
720 1526 826 1561 μαθεῖν,
852 1525 874 1552 εἱ
899 1525 977 1556 οὗτός

152 1571 244 1599 ἐστινό
267 1570 332 1602 Υἱὸς
359 1572 408 1597 τοῦ
429 1572 508 1598 Θεοῦ.
538 1570 603 1597 Τὸτε
629 1570 834 1607 καταισχυνθεὶς
852 1591 858 1603 ,
887 1569 977 1607 ἐτήρει

150 1616 193 1644 τὸν
216 1616 266 1644 τοῦ
291 1615 406 1642 θανάτου
430 1614 534 1653 καιρόν
560 1614 693 1650 νομίζων,
719 1614 760 1642 ὅτι
782 1614 807 1641 ἐν
832 1615 854 1651 ᾦ
878 1615 978 1645 πάντας

1039 322 1287 357 conspirationem
1311 322 1446 358 declaret,
1470 326 1498 351 et
1517 324 1658 353 fateretur
1680 334 1745 355 sese
1768 327 1865 356 turbis

1039 366 1136 402 magis
1151 375 1241 402 quam
1265 367 1387 402 justitiae
1412 368 1639 404 obtemperasse.
1657 370 1710 402 Qui
1729 371 1754 398 si
1770 371 1863 401 Pilato

1039 412 1385 447 respondisset,suscipio
1397 412 1500 440 fuisset
1510 421 1577 440 eum
1591 414 1746 443 formidine
1759 417 1862 446 mortis

1038 455 1144 491 corripi
1159 466 1164 489 ;
1182 465 1248 484 cum
1273 457 1397 485 tacuerit
1417 460 1525 491 autem,
1544 458 1726 487 admirabilis
1742 469 1862 495 prorsus

1038 500 1102 534 ejus
1118 500 1284 528 constantia
1309 504 1337 528 et
1362 502 1513 529 fortitudo.
1530 503 1608 534 Quod
1626 506 1722 531 autem
1740 505 1780 532 ita
1795 513 1861 532 eum

1038 544 1148 572 Pilatus
1165 545 1342 578 defenderet,
1360 546 1431 573 nihil
1457 546 1535 573 aliud
1552 547 1580 574 id
1604 551 1665 575 erat
1680 556 1768 583 quam
1784 550 1861 585 quod

1037 590 1168 617 crederet
1189 599 1256 617 eum
1273 590 1323 626 qui
1340 591 1368 618 in
1382 591 1494 626 judicio
1517 592 1613 619 stabat
1629 601 1692 620 esse
1707 594 1811 621 Deum.
1828 595 1864 621 Et

1037 643 1108 662 sane
1123 643 1190 662 cum
1203 644 1219 663 a
1229 635 1323 663 Pilato
1333 636 1526 671 judicaretur,
1538 637 1601 671 ejus
1613 637 1695 665 uxori
1711 639 1861 666 oraculum

1037 679 1128 707 edidit
1145 680 1151 707 l
1170 682 1202 707 ut
1218 680 1334 707 silentio
1352 680 1481 715 quidem,
1499 682 1562 715 ejus
1583 682 1783 710 fortitudinem
1798 686 1861 711 stu-

1037 726 1137 759 peret;
1154 724 1270 752 oraculo
1283 727 1379 752 autem
1392 729 1573 760 agnosceret,
1587 734 1617 753 se
1629 735 1687 754 non
1699 727 1860 763 hominem,

1036 769 1086 796 sed
1106 772 1193 796 Deum
1207 770 1349 805 judicare.
1368 769 1478 796 Timuit
1494 770 1685 805 igiturjudex
1700 772 1861 804 reum,imo

1037 815 1129 849 magis
1145 814 1208 849 ipse
1220 814 1344 849 judicati
1361 816 1470 841 terrore
1486 815 1682 850 judicabatnr,
1694 824 1781 851 quam
1799 817 1861 853 ipse

1032 858 1172 894 judicans
1186 858 1343 886 Dominum
1365 861 1550 894 perterreret.
1578 861 1671 892 Quare
1688 869 1793 888 manus
1810 862 1859 888 ah-

1036 902 1101 936 luit,
1119 903 1218 939 aitque
1237 912 1243 931 :
1260 914 1274 927 ‹‹
1294 904 1435 931 lnnocens
1451 912 1504 939 ego
1521 912 1586 931 sum
1612 904 1648 932 ab
1671 904 1725 932 hoc
1741 906 1859 941 sangui-

996 965 1019 997 Β
1035 956 1071 975 ne
1086 948 1108 966 ³³
1124 959 1138 972 ››
1156 956 1162 975 :
1180 947 1234 975 etsi
1257 950 1359 983 postea
1381 947 1550 975 Judaeorum
1580 949 1673 984 gratia
1698 953 1858 985 permotus,

1034 992 1090 1028 ipsi
1106 1001 1170 1020 sese
1185 992 1397 1020 insidiantibus
1423 993 1550 1028 adjecit;
1567 994 1607 1020 ita
1633 997 1666 1021 ut
1687 995 1722 1021 ad
1742 1003 1858 1022 crucem

1034 1037 1118 1064 illum
1134 1037 1272 1065 traderet.
1289 1037 1428 1064 Traditur
1448 1046 1516 1073 ergo
1540 1038 1681 1072 Salvator,
1699 1042 1786 1074 atque
1801 1042 1860 1067 tra-

1034 1082 1113 1110 ditus
1139 1084 1261 1110 mortem
1286 1090 1343 1109 non
1369 1082 1560 1118 perhorruit;
1582 1083 1640 1110 imo
1671 1084 1768 1119 potius
1797 1093 1860 1112 sese

1035 1127 1156 1154 nudavit
1171 1135 1237 1154 cum
1254 1127 1305 1154 illa
1328 1135 1548 1162 congressurus,
1566 1136 1598 1155 ac
1620 1128 1778 1163 fugientem
1795 1137 1859 1165 per-

1033 1173 1152 1199 secutus
1176 1173 1221 1199 est
1246 1173 1420 1207 serpentem.
1448 1172 1510 1199 Non
1535 1172 1611 1199 enim
1629 1173 1714 1208 quasi
1730 1174 1859 1201 moriens

1033 1225 1097 1244 sese
1112 1216 1216 1244 habuit
1240 1216 1401 1250 Dominus;
1418 1216 1477 1244 imo
1502 1217 1600 1252 potius
1627 1218 1709 1253 quasi
1735 1219 1858 1246 mortem

1033 1262 1070 1289 ad
1084 1262 1213 1298 idipsum
1229 1269 1419 1297 persequens.

1069 1307 1112 1333 14.
1131 1306 1218 1333 Porro
1236 1306 1280 1333 hic
1296 1305 1396 1334 infelix
1411 1307 1557 1339 diabolus,
1575 1310 1729 1343 conspecto
1753 1308 1808 1336 hoc
1828 1308 1857 1336 in

1033 1350 1125 1378 Pilato
1141 1349 1292 1384 miraculo,
1304 1350 1380 1385 quod
1393 1350 1455 1385 ipse
1470 1351 1563 1378 Judex
1579 1351 1644 1386 plus
1657 1356 1859 1387 expavescere!

1034 1403 1122 1431 quam
1135 1395 1296 1430 judicatus,
1315 1395 1576 1430 animadversaque
1597 1396 1713 1423 Domini
1740 1396 1769 1424 in
1794 1403 1859 1424 sese

1033 1439 1165 1466 exuendo
1191 1439 1308 1473 fiducia,
1329 1438 1403 1466 nihil
1428 1447 1486 1466 non
1512 1442 1656 1467 tentatum
1681 1441 1809 1476 reliquit,
1827 1443 1860 1468 ut

1032 1486 1133 1511 nosset
1148 1484 1176 1511 id
1194 1484 1271 1519 quod
1284 1483 1365 1519 prius
1377 1491 1463 1511 nosse
1475 1492 1532 1511 non
1549 1485 1653 1520 potuit,
1666 1485 1715 1512 ubi
1732 1486 1815 1513 illum
1830 1485 1859 1513 in

1034 1530 1132 1556 monte
1152 1528 1283 1561 tentavit,
1301 1530 1334 1554 ut
1357 1528 1509 1561 edisceret,
1535 1537 1571 1556 an
1596 1529 1644 1556 hic
1669 1533 1745 1557 esset
1768 1530 1860 1557 Filius

1033 1573 1093 1602 Dei.
1111 1573 1193 1600 Tunc
1210 1573 1392 1608 pudefactus,
1410 1573 1514 1601 mortis
1538 1575 1655 1609 tempus
1675 1574 1858 1608 observabat,

1035 1620 1117 1646 ratus
1133 1626 1164 1645 se
1180 1618 1208 1645 in
1221 1626 1279 1653 qua
1295 1626 1324 1644 re
1340 1617 1395 1645 sibi
1407 1626 1508 1645 omnes
1518 1618 1683 1654 subegerat,
1696 1621 1789 1646 morte
1801 1619 1858 1646 sci-

154 1658 399 1696 καταδεδουλώκει,
420 1658 545 1686 δύνασθαι
566 1659 611 1686 καὶ
636 1659 662 1686 ἐν
691 1661 731 1695 τῷ
752 1660 856 1695 θανάτῳ
880 1661 976 1686 τοῦτον

1035 1663 1110 1697 licet,
1127 1662 1156 1690 in
1173 1663 1274 1689 eadem
1290 1670 1320 1689 se
1340 1670 1426 1697 posse
1448 1662 1526 1689 hunc
1541 1662 1627 1689 etiam
1646 1664 1766 1697 tentare,
1781 1662 1857 1689 ﬁcri-

151 1704 285 1743 πειράσαι.
310 1705 463 1743 Γξγραπτσιι
487 1704 537 1741 γὰρ
563 1704 636 1740 παρὰ
658 1706 697 1739 τῷ
721 1706 821 1739 Aoum],
845 1703 885 1731 ὅτι
911 1714 976 1730 συν-

149 1748 259 1781 τελέσας
284 1748 372 1777 πάντα
394 1749 544 1787 πειρασμὸν
561 1748 575 1775 ὁ
591 1746 732 1782 διάϐολος,
749 1748 850 1783 ἀπέστη
869 1749 914 1775 ἀπ’
928 1748 974 1775 αὐ-

149 1797 196 1822 τοῦ
215 1793 283 1833 ἄχρι
306 1796 412 1832 καιροῦ.
429 1792 515 1824 Οὗτος
538 1792 566 1820 δὲ
591 1793 660 1820 ἐστιν
685 1793 785 1824 ἐκεῖνος
801 1794 815 1820 ὁ
830 1794 934 1831 καιρὸς,
949 1793 974 1820 ἐν

152 1838 175 1876 ᾧ
198 1839 244 1867 καὶ
265 1838 347 1870 αὐτὸς
373 1838 387 1866 ὀ
411 1837 546 1875 πολέμιος
572 1837 714 1875 ἐγίνωσκεν
740 1838 831 1865 ἑαυτὸν
857 1848 976 1865 καταπα-

148 1884 312 1919 τηθήσεσθαι
337 1883 389 1910 ὑπὸ
416 1882 523 1910 πάντων
543 1905 550 1918 ,
581 1883 605 1909 εἴ
627 1882 672 1909 καὶ
700 1882 797 1910 τούτου
828 1881 950 1910 ὂιαπὲσοι
968 1892 974 1898 “

151 1928 234 1966 μόνον
249 1928 301 1967 γὰρ
316 1930 398 1956 τοῦτο
419 1927 492 1963 αὐτῷ
510 1926 699 1964 περιελείπετο
723 1927 819 1954 λοιπὸν
835 1928 866 1955 τὸ
882 1927 975 1965 ἆθλον,

148 1972 257 2001 πάντων
274 1972 456 2011 γυμνωθέντι.
473 1972 519 1999 Διὸ
543 1972 588 1998 καὶ
612 1971 698 1999 πάντα
723 1975 796 1999 ποιεῖ
808 1974 856 1999 τοῦ
883 1974 975 2008 μαθεῖν

146 2016 247 2054 ἕνεκεν,
278 2018 301 2045 εί
331 2015 410 2045 οὗτός
438 2017 508 2045 ἔστιν
531 2016 544 2044 ὀ
569 2017 678 2054 Σωτήρ·
699 2017 744 2044 καὶ
771 2019 852 2044 τοῦτο
879 2018 977 2048 ἐποίει,

145 2061 210 2100 ἵνα,
240 2063 286 2091 ἑὰν
317 2062 403 2094 ὖντως
432 2061 494 2099 περὶ
524 2061 607 2089 αὖτοῦ
635 2062 716 2098 μάθῃ,
749 2060 819 2097 μηδὲ
847 2062 977 2100 τολμήσῃ

148 2107 319 2146 προσελθεῖν,
349 2105 429 2139 εἰδὼς
460 2107 510 2141 τὴν
540 2106 686 2144 ἀπρόσιτον
716 2106 761 2133 καὶ
792 2106 862 2138 θείαν
894 2107 976 2135 αὐτοῦ

148 2151 274 2190 δύναμιν.
290 2153 321 2181 Ὀ
351 2151 380 2180 δὲ
408 2151 514 2190 Κύριος.
546 2152 654 2188 θεωρῶν
681 2151 763 2179 αὐτοῦ
787 2154 837 2187 τὴν
857 2164 976 2191 πανουρ-

149 2197 223 2236 γίαν,
251 2195 293 2225 ὅτι
310 2197 341 2224 οὐ
369 2199 438 2233 τιμῇ
466 2198 500 2233 τῇ
524 2196 593 2234 πρὸς
623 2196 714 2231 αὐτὸν,
745 2196 815 2224 ἀλλὰ
843 2201 892 2232 τῆς
922 2200 976 2225 τῶν

148 2242 300 2281 ὼθρώπων
321 2241 402 2280 χάριν
430 2240 557 2272 δουλείας
582 2241 693 2279 ἐθήρευε
714 2243 805 2276 τοῦτο,
818 2241 862 2269 ’ἕνα
876 2253 975 2280 τυραν-

147 2286 210 2325 νιύῃ
237 2287 305 2314 κατὰ
333 2287 451 2323 πάντων,
482 2286 635 2324 ὑπὲχρυπτε
657 2287 707 2320 τὴν
733 2286 828 2314 ἑαυτοῦ
848 2287 972 2323 Oed-mu,

1030 1710 1113 1744 ptum
1125 1707 1233 1742 quippe
1250 1708 1294 1734 est
1309 1707 1385 1742 apud
1398 1707 1518 1740 Lucam,
1530 1706 1680 1734 diabolum
1696 1715 1763 1734 cum
1779 1715 1857 1734 com-

1031 1752 1140 1788 plesset
1155 1760 1272 1779 omnem
1287 1751 1490 1784 tentationem,
1504 1751 1540 1779 ab
1554 1760 1587 1778 eo
1603 1752 1638 1778 ad
1655 1754 1773 1787 tempus
1790 1752 1856 1779 abs-

1031 1797 1154 1825 cessisse
1170 1797 1201 1823 ⁵⁸.
1218 1796 1277 1824 Hoc
1293 1798 1391 1823 autem
1416 1796 1514 1831 ipsum
1537 1798 1656 1831 tempus
1675 1797 1723 1823 70
1739 1799 1784 1824 est
1798 1805 1854 1832 quo

1030 1850 1095 1870 sese
1110 1840 1295 1869 adversarius
1323 1842 1409 1868 norat
1423 1840 1459 1868 ab
1474 1840 1613 1868 omnibus
1624 1841 1857 1869 conculcandum

1031 1894 1106 1918 esse,
1123 1886 1224 1921 sijam
1250 1885 1395 1913 excideret
1417 1893 1423 1912 :
1449 1885 1563 1912 nullum
1591 1885 1669 1912 enim
1696 1885 1738 1913 illi
1763 1886 1855 1921 aliud,

1031 1931 1169 1959 omnibus
1185 1930 1333 1964 destituto,
1350 1931 1503 1965 supererat
1517 1930 1772 1961 certamen.0uare
1783 1930 1857 1958 nihil

1032 1985 1090 2005 non
1116 1975 1229 2011 agebat,
1246 1977 1278 2002 ut
1300 1974 1443 2002 edisceret
1471 1983 1508 2002 an
1531 1974 1578 2002 hic
1602 1974 1731 2002 Salvator
1754 1977 1856 2002 esset:

1032 2021 1110 2057 quod
1124 2021 1189 2047 ideo
1205 2019 1253 2047 ille
1277 2019 1392 2055 agebat,
1410 2021 1443 2047 ut
1466 2019 1491 2046 si
1515 2027 1613 2046 revera
1633 2019 1775 2047 edisceret
1791 2019 1856 2055 quis

1031 2066 1119 2099 esset,
1142 2064 1278 2092 accedere
1308 2072 1367 2091 non
1406 2063 1537 2096 auderet,
1568 2071 1678 2099 gnarus
1702 2063 1857 2091 inaccessae

1031 2110 1112 2137 illius
1128 2117 1160 2136 ac
1175 2107 1278 2136 divinaa
1294 2107 1458 2143 potestatis.
1475 2107 1618 2135 Dominus
1641 2110 1738 2135 autem
1753 2109 1858 2137 videns

1031 2155 1095 2190 ejus
1108 2153 1265 2185 vafritiem,
1277 2152 1434 2188 sciensque
1450 2151 1532 2180 illum
1549 2161 1607 2180 non
1623 2152 1742 2180 honoris
1758 2161 1857 2188 causa,

1031 2200 1081 2228 sed
1096 2201 1130 2226 ut
1153 2197 1287 2225 homines
1303 2197 1331 2224 in
1357 2196 1496 2224 servitute
1512 2196 1649 2224 retineret
1664 2196 1739 2224 illud
1759 2197 1858 2225 obser-

1029 2253 1107 2278 vare,
1125 2252 1182 2279 quo
1198 2244 1227 2270 in
1249 2250 1352 2270 omnes
1380 2242 1565 2278 tyrannidem
1592 2244 1747 2276 exerceret,
1773 2251 1859 2271 suam

1029 2287 1127 2326 ipsius
1143 2288 1281 2316 deitalem
1306 2286 1472 2318 occultavit,
1492 2288 1520 2314 et
1544 2285 1631 2312 homo
1655 2294 1719 2313 sese
1742 2288 1858 2322 gessit:

147 2332 192 2359 καὶ
229 2331 268 2363 ὡς
303 2331 445 2370 ἄνθρωπος
476 2330 666 2358 ἐπολιτεύετοε
701 2329 757 2363 ἵνα,
786 2331 823 2362 ὡς
853 2334 910 2367 Θεῷ
937 2333 975 2369 μή

1035 2343 1068 2362 ne
1091 2333 1141 2360 ille
1165 2342 1195 2360 se
1221 2334 1254 2359 ut
1279 2332 1371 2359 Deum
1397 2331 1538 2367 attingere
1569 2339 1626 2358 non
1648 2339 1750 2366 ausus,
1768 2332 1862 2360 abiret

149 2375 320 2415 προσελθὼν,
344 2375 451 2410 ἀπαθὴς
476 2374 589 2412 ἀπέλθῃ,
611 2374 674 2402 ἀλλ’
699 2375 737 2406 ὡς
761 2376 903 2414 ἀνθρώπου
932 2387 978 2404 χα-

147 2421 332 2461 ταφρονήσας,
361 2419 520 2457 προσέλθῃ,
549 2419 594 2447 καὶ
624 2419 721 2447 λοιπὸν
749 2421 800 2448 ὑπὸ
830 2421 977 2459 ἀνθρώπων

149 2465 261 2504 ἄρξηται
285 2465 509 2500 καταπαίζεσθαι.
536 2464 586 2492 Καὶ
612 2461 702 2503 ὥσπερ
727 2464 757 2492 ἅν
782 2476 835 2502 τις,
859 2466 904 2493 τὸν
935 2467 977 2494 ἆν-

149 2510 263 2539 τίπαλον
300 2511 384 2538 αὐτοῦ
427 2512 536 2548 θεωρῶν
574 2510 799 2545 καταπτήσσοντα
816 2533 823 2546 ,
851 2512 895 2538 καὶ
933 2511 978 2539 διὰ

149 2558 229 2584 τοῦτο
251 2555 438 2595 ἀποφεύγοντα
461 2554 560 2582 λοιπὸν
577 2576 584 2589 ,
614 2553 750 2582 ἀσθένειαν
775 2556 977 2593 σχηματίζοιτο

186 2628 211 2646 ⁵³
226 2627 331 2656 Matth.
347 2635 436 2662 xxvn,
451 2628 496 2655 24.
535 2627 557 2645 ⁵⁵
573 2627 643 2655 Luc.
657 2636 697 2662 iv,
713 2628 757 2656 13.

196 2702 241 2740 ξι.)
256 2702 324 2739 Μέν,
339 2702 473 2740 εδοξε-ει)
488 2702 661 2740 Anglicano.

196 2703 232 2730 8A
256 2703 324 2739 Mév,
339 2703 423 2731 abest
438 2703 473 2731 ab
488 2703 661 2740 Anglicano.

183 2703 242 2776 l85l
257 2739 378 2776 Regius,
392 2736 513 2776 ἀνδρίαν,
530 2739 659 2776 adhanq
673 2746 773 2776 vocem
788 2739 903 2776 variant
921 2741 979 2768 fere

149 2772 267 2813 semper
281 2772 417 2810 codices;
432 2772 551 2812 aliique,
567 2772 703 2813 ἀνδρείαν,
724 2774 773 2802 alii
789 2773 910 2812 ἀνδρίαν,
928 2776 978 2804 ha-

150 2810 242 2883 “('35)
258 2846 347 2883 Basil,
363 2846 422 2875 alia
436 2844 685 2883 manuLvixneelc.

195 2847 242 2880 86)
258 2847 347 2883 Basil,
363 2847 422 2875 alia
436 2854 537 2880 manu,
552 2847 685 2881 νικηθείς.

183 2847 244 2921 l8!)
259 2882 303 2912 Ita
315 2882 426 2920 Regius
435 2885 465 2912 et
477 2881 661 2913 Basiliensis.
676 2881 790 2919 Anglic.
807 2891 884 2920 vero,
900 2883 979 2911 κατέ-

1032 2379 1160 2406 illaasus:
1177 2377 1227 2405 sed
1244 2379 1344 2404 contra
1365 2384 1430 2404 cum
1446 2375 1566 2403 homine
1581 2383 1667 2411 quem
1685 2375 1861 2411 despiceret,

1033 2430 1220 2459 congressus,
1234 2422 1269 2449 ab
1280 2421 1451 2449 hominibus
1464 2420 1602 2456 deinceps
1617 2420 1861 2455 inciperetilludi.

1031 2468 1067 2496 Et
1084 2466 1334 2503 quemadmodum
1361 2465 1386 2493 si
1416 2465 1483 2501 quis
1508 2473 1631 2492 cernens
1661 2465 1862 2493 adversarium

1033 2520 1121 2541 suum
1144 2510 1331 2548 perterritum
1356 2510 1508 2546 aufugero,
1531 2510 1636 2537 exinde
1658 2509 1862 2537 inﬁrmitatem

1033 2556 1226 2589 simulaverit,
1239 2563 1298 2592 qua
1312 2564 1379 2583 eum
1397 2555 1432 2583 ad
1449 2562 1579 2591 pugnam
1596 2553 1764 2590 pertrahat:
1782 2555 1865 2582 tum-

1034 2713 1146 2738 πτησσε.
1163 2702 1240 2731 Editi
1255 2701 1435 2738 κατέπλησσε.

1078 2734 1124 2774 88)
1157 2739 1275 2775 Regius,
1296 2737 1344 2775 γτὸ
1368 2734 1435 2775 κατᾶ
1469 2735 1587 2775 Πιλᾶτον
1613 2734 1668 2775 (et_
1678 2735 1732 2775 sic~
1749 2741 1866 2775 semper

1035 2769 1153 2805 Πιλᾶτος
1169 2769 1320 2802 hibet-hic
1339 2772 1428 2801 codex
1443 2780 1509 2799 cum
1536 2769 1864 2807 circumflexol-yevdju-

1035 2779 1153 2805 Πιλᾶτος
1169 2779 1258 2802 habet
1274 2779 1320 2801 hic
1339 2779 1428 2801 codex
1443 2780 1509 2799 cum
1536 2779 1735 2806 circumﬂexo;
1751 2779 1812 2807 γενο
1837 2779 1863 2796 ς-

1035 2822 1079 2838 νον
1097 2812 1199 2847 θαῦμα.
1216 2810 1291 2847 Mox_,
1306 2809 1429 2847 Regius,
1446 2806 1531 2835 Basil.
1552 2805 1664 2841 Anglic.
1689 2779 1863 2840 κατέπτηέέν.

1034 2847 1110 2876 Editi
1124 2843 1203 2881 vero,
1219 2843 1397 2878 κατέπληξεν.
