4154 6376
382 429 500 491 211

1573 431 1637 491 S.
1685 427 2213 490 ATHANASIUS.
2240 460 2321 475 —-
2349 430 2615 492 DUBIA.

3692 430 3812 491 212

387 577 501 633 que
529 559 631 616 ille
658 561 762 633 qui
792 561 942 635 fugit
961 561 1030 618 ad
1057 563 1399 618 simulatam
1430 561 1752 635 respiciens
1782 562 2030 617 inﬁrmi-

2156 560 2281 636 πρὸς
2323 562 2424 632 τὴν
2481 563 2687 619 ἐκεινου
2730 560 3091 637 πρύσκλησιν*
3146 565 3261 617 εἶτα
3317 561 3516 625 ἐκεῖνος
3582 562 3610 617 ό
3661 560 3796 641 φεύ-

383 655 591 717 tatem,
613 667 748 706 cum
779 650 1131 707 conﬁdentia
1161 652 1496 720 accesserit,
1517 657 1576 708 et
1594 668 1919 725 generosus
1940 651 2036 707 ille

386 739 608 796 athleta
637 740 739 811 qui
770 740 1112 796 infirmitate
1141 740 1243 796 illa
1288 746 1651 812 provocarat,
1683 758 1793 797 sua
1821 742 2037 797 virtute

389 829 789 900 superaverit;
824 830 907 885 ita
949 832 1007 884 et
1055 828 1360 899 Dominus,
1408 829 1668 885 humana
1716 846 2036 901 provocans

388 919 755 986 inﬁrmitate,
776 936 884 976 sua
902 920 1113 975 virtute
1140 919 1294 976 vires
1324 919 1551 977 homini
1576 920 1805 976 addidit
1834 926 2039 976 contra

391 1008 721 1065 inimicum.
755 1011 943 1074 Quare
986 999 1331 1065 imminente
1388 1014 1595 1077 morte,
1629 1011 1803 1081 coepit
1834 1026 2041 1080 pavere

395 1102 454 1153 et
480 1097 691 1154 anxius
721 1114 871 1166 esse,
904 1098 1264 1171 rogabatque
1296 1103 1361 1154 ut
1412 1099 1691 1155 transiret
1740 1099 1890 1155 calix
1918 1099 2038 1170 ille,

394 1190 572 1257 atque
596 1186 886 1243 clamabat
918 1203 932 1242 :
973 1209 992 1236 ι
1026 1187 1280 1258 Spiritus
1312 1188 1551 1259 quidem
1592 1194 1900 1260 promptus
1929 1193 2039 1260 est,

396 1292 530 1331 caro
559 1279 758 1332 autem
791 1276 1025 1331 infirma
1053 1276 1137 1345 ‘5;
1182 1298 1212 1326 »
1243 1282 1310 1331 ut
1338 1277 1709 1333 adversarius
1740 1284 1939 1334 noster
1967 1278 2041 1334 ad

394 1364 595 1438 ipsum
626 1372 690 1421 ut
718 1364 1019 1421 hominem
1051 1367 1353 1437 accedens,
1388 1365 1647 1423 divinam
1685 1368 2045 1440 experiretur

396 1453 697 1511 virtutem.

472 1650 559 1707 15.
588 1650 692 1708 Ηίε
739 1650 921 1725 igitur
975 1652 1267 1710 adductus
1317 1653 1500 1709 miser
1534 1652 1655 1722 ille,
1686 1654 1902 1712 illusus
1933 1660 2043 1726 est,

400 1742 578 1812 atque
615 1741 688 1797 ad
718 1740 1032 1797 Dominum
1054 1743 1320 1800 accessit.
1352 1742 1498 1800 Hinc
1548 1749 1863 1817 conspecta
1916 1747 2046 1819 ejus

399 1828 762 1899 fortitudine,
793 1830 1096 1887 exhorruit
1142 1849 1157 1888 :
1204 1831 1330 1889 visa
1361 1833 1571 1891 deinde
1615 1837 1877 1909 corporis
1915 1836 2045 1909 ejus

399 1917 763 1989 inﬁrmitate,
795 1920 1104 1977 audaciam
1126 1924 1482 2001 resumpsit:
1507 1940 1574 1981 ac
1603 1925 1816 1984 deinde
1843 1928 2038 1986 videre
2067 1936 2116 2003 Β

401 2012 528 2064 erat
550 2009 854 2065 diabolum
884 2009 1121 2082 quidem
1151 2028 1286 2067 cum
1316 2016 1437 2069 toto
1468 2030 1575 2070 suo
1605 2015 1883 2085 exercitu,
1907 2036 2042 2079 cum

398 2098 849 2172 principatibus,
888 2116 1023 2156 cum
1074 2101 1464 2173 potestatibus
1493 2104 1620 2161 suis
1646 2104 1887 2180 fugere;
1931 2114 2042 2167 Do-

397 2189 628 2245 minum
657 2205 812 2258 vero,
844 2188 1123 2245 humanis
1158 2190 1342 2248 armis
1388 2193 1738 2251 diabolicam
1783 2201 2043 2258 turmam

394 2279 646 2350 insequi.
680 2278 807 2335 Non
838 2278 1024 2335 multo
1077 2280 1295 2352 quippe
1341 2280 1477 2338 hinc
1516 2285 1798 2357 temporis
1829 2289 2042 2360 spatio,

389 2367 702 2424 inimicum
752 2367 1028 2425 omnibus
1058 2368 1352 2442 spoliavit,
1400 2374 1635 2445 quando
1668 2375 1907 2433 demum
1941 2395 2046 2450 pu-

390 2458 531 2513 dore
577 2457 821 2513 aﬂ‘ectus
853 2473 958 2530 per
1005 2474 1131 2514 sese
1161 2460 1361 2515 omnia
1391 2461 1571 2517 movit
1609 2468 1813 2520 contra
1847 2467 2039 2523 Domi-

390 2561 537 2602 num
563 2562 579 2614 ;
609 2545 845 2603 Iudaeos
871 2544 1096 2603 scilicet
1124 2551 1190 2603 ut
1211 2548 1707 2620 conspirationem
1728 2557 2042 2625 struerent,

391 2633 646 2692 Pilatum
697 2638 764 2691 ut
811 2636 1134 2707 damnaret,
1169 2636 1387 2694 milites
1436 2642 1500 2694 ut
1546 2639 1659 2712 ipsi
1713 2640 2044 2716 illuderent,

390 2724 639 2798 ignarus
670 2739 732 2781 se
762 2741 829 2781 ea
859 2725 1060 2781 omnia
1116 2726 1426 2784 adversum
1475 2744 1605 2786 sese
1650 2731 1864 2789 moliri.
1896 2734 2043 2792 Nam

396 2831 550 2872 caeca
577 2831 671 2871 res
699 2818 789 2871 est
816 2813 1058 2884 malitia,
1108 2819 1164 2871 et
1214 2816 1541 2889 improvida
1579 2835 1673 2877 res
1703 2825 1793 2877 est
1824 2821 2042 2897 impro-

396 2904 574 2976 bitas,
606 2909 671 2961 ut
700 2921 826 2977 quas
874 2920 990 2960 non
1041 2905 1393 2978 intelligeret
1442 2924 1503 2963 se
1552 2925 1692 2967 suas
1739 2918 1938 2970 contra
1980 2931 2044 2972 se

394 3011 611 3052 manus
627 3010 850 3051 acuere.
873 2995 1377 3061 Quemadmodum
1401 2997 1556 3053 enim
1581 2998 1629 3055 si
1654 3000 1787 3071 quis
1811 3018 2043 3076 serpen-

393 3088 514 3142 tem
564 3100 742 3140 manu
793 3100 902 3141 sua
951 3083 1422 3157 apprehenderit,
1476 3092 1535 3142 et
1578 3088 1831 3146 voluerit
1876 3092 2044 3149 alteri

392 3174 960 3248 projicere,ipseque
990 3173 1330 3230 mordeatur
1368 3191 1383 3231 :
1418 3179 1521 3233 aut
1549 3176 1685 3249 igne
1705 3195 1887 3237 manu
1919 3198 2043 3240 cor-

393 3268 557 3337 repto
575 3262 715 3320 velit
734 3261 972 3319 inimico
999 3262 1578 3337 uocere,ignoretque
1600 3282 1729 3324 sese
1748 3270 2038 3342 comburi;

360 3352 373 3369 '
393 3355 478 3412 ita
505 3352 733 3410 malitia
761 3353 1046 3408 adversus
1074 3365 1174 3408 eos
1204 3350 1469 3419 dimicat,
1501 3354 1602 3426 qui
1632 3354 1734 3411 illa
1764 3362 2037 3432 utuntur,

394 3443 701 3516 magisque
721 3441 855 3498 illos
886 3439 1045 3496 laedit
1062 3439 1281 3513 quibus
1304 3439 1478 3513 inest,
1511 3458 1686 3515 quam
1720 3462 1819 3504 eos
1850 3449 2049 3506 adver-

397 3549 531 3590 sum
565 3547 711 3602 quos
740 3547 867 3587 eam
901 3528 1251 3586 immittunt.
1293 3530 1389 3587 Sic
1417 3530 1642 3590 Pharao
1674 3550 1878 3607 capere
1904 3539 2046 3597 dum

395 3619 591 3690 vellet,
624 3624 831 3693 captus
862 3622 971 3688 est,
1003 3622 1059 3676 et
1090 3634 1333 3677 exorsus
1363 3624 1660 3695 persequi,
1693 3628 2045 3697 persecutio-

400 3728 536 3770 nem
583 3727 797 3785 passus
843 3715 952 3780 est,
1002 3715 1061 3767 et
1111 3711 1254 3768 dum
1302 3726 1504 3769 necem
1555 3712 1688 3771 altis
1721 3716 2045 3790 moliretur,

402 3802 750 3859 submersus
775 3807 884 3856 est.
919 3800 1007 3855 Ita
1034 3803 1091 3856 et
1120 3799 1380 3869 Goliataa,
1413 3801 1631 3874 quibus
1660 3803 2045 3880 gloriabatur,

401 3890 474 3947 iis
505 3892 889 3947 detruncatus
930 3891 1038 3956 est,
1071 3892 1129 3943 et
1177 3887 1431 3960 spoliare
1477 3907 1713 3962 parans,
1762 3895 2049 3967 spoliatus

401 3985 510 4037 est.
544 3979 809 4051 ldipsum
853 3977 1068 4033 misero
1099 3977 1292 4034 evenit
1338 3977 1571 4051 dabolo,
1604 3982 1706 4054 qui
1737 3984 1880 4040 dum
1921 3989 2046 4043 ten-

398 4074 524 4126 tare
551 4067 744 4136 vellet,
776 4068 836 4122 in
869 4065 1091 4122 malum
1123 4066 1332 4124 incidit
1376 4085 1390 4126 :
1439 4070 1582 4128 dum
1628 4071 1846 4131 milites
1884 4091 2045 4133 com-

402 4173 634 4215 movere
661 4154 1115 4229 cuperct,magis
1138 4155 1264 4226 ipse
1291 4155 1352 4213 in
1383 4157 1761 4218 carnificibus
1781 4178 2046 4219 commo-

399 4252 518 4317 tus,
543 4245 742 4304 omnia
763 4247 967 4301 contra
988 4259 1119 4301 sese
1139 4244 1365 4317 agebat.
1389 4245 1536 4304 Nam
1559 4247 1737 4306 etiam
1760 4254 1886 4308 tum
1909 4270 2044 4310 cum

398 4336 748 4411 spolaretur,
780 4333 998 4390 latebat
1044 4334 1384 4392 hominibus
1413 4336 1619 4393 victori
1648 4356 1662 4406 ;
1711 4355 1886 4411 quam
1919 4341 2046 4414 ipse

396 4425 621 4492 infelix,
649 4424 872 4481 invitus
901 4421 1055 4492 licet,
1080 4423 1140 4479 in
1174 4424 1363 4481 lucem
1395 4426 1641 4498 protulit
1671 4444 1685 4483 :
1720 4444 1855 4485 cum
1886 4431 2044 4486 enim

397 4518 704 4573 exueretur
734 4513 1040 4581 Dominus,
1063 4513 1511 4586 trophsaumque
1543 4516 1821 4573 adversus
1851 4518 2049 4575 diabo-

397 4606 520 4663 lum
546 4603 921 4660 invisibiliter
939 4603 1304 4676 exigeretur;
1336 4607 1404 4659 ut
1422 4603 1615 4676 palam
1649 4605 1705 4661 id
1742 4606 1904 4664 fieret
1933 4612 2047 4664 sta-

2143 669 2295 723 γων,
2351 652 2485 727 πρὸς
2539 653 2639 722 τὴν
2701 657 3164 729 σχηματισθεῖσαν
3221 650 3490 716 ἀσθένειαν
3552 648 3794 708 ἀποϐλέ-

2143 758 2284 808 πων,
2333 739 2606 817 θαρῥήσας
2654 741 2971 818 προσέλθοι,
3016 741 3105 797 καὶ
3136 742 3165 796 6
3193 748 3438 819 γενναῖος
3487 740 3798 811 παλαιστὴς

2143 830 2212 901 τῇ
2272 828 2511 902 ἀσθενείᾳ
2566 830 3075 907 προσκαλεσάμενος
3107 875 3122 902 ,
3179 835 3248 905 τῇ
3308 831 3498 886 ἑαυτοῦ
3574 828 3798 903 δυνάμει

2145 919 2355 987 νικήσει
2386 920 2517 994 (89)·
2562 921 2706 976 οὕτω
2752 922 2843 976 καὶ
2875 922 2903 976 6
2952 921 3149 997 Κύριος
3196 919 3511 997 ἀνθρωπίνῃ
3557 919 3802 992 ἀσθενείᾳ

2148 1011 2688 1086 προσκαΛεσάμενος,
2734 1017 2805 1088 τῇ
2867 1013 3059 1069 ἑαυτοῦ
3118 1011 3344 1086 δυνάμει
3402 1011 3654 1088 ἑνίσχυσε
3706 1013 3799 1067 τὸν

2149 1096 2431 1175 ἄνθρωπον
2489 1102 2625 1158 κατὰ
2677 1108 2775 1159 τοῦ
2833 1104 3058 1181 ἐχθροῦ.
3119 1104 3218 1158 Διὰ
3270 1107 3433 1159 τοῦτο
3504 1104 3649 1178 παρὰ
3706 1103 3799 1158 τὸν

2148 1189 2336 1264 καιρὸν
2367 1194 2464 1245 τοῦ
2496 1190 2722 1247 θανάτου
2747 1196 2862 1264 (90)
2908 1191 2998 1247 καί
3046 1191 3335 1266 ἀδημονεῖ,
3366 1191 3456 1247 καὶ
3495 1190 3801 1268 περίλυπος

2149 1274 2351 1351 ἤρξατο
2381 1280 2642 1354 γίνεσθαι·
2696 1281 2786 1336 καὶ
2836 1279 3012 1337 έδέετο
3061 1282 3349 1358 παρελθεῖν
3394 1281 3565 1336 έκεῖνο
3611 1280 3675 1336 τὸ
3705 1302 3802 1335 πο-

2149 1368 2366 1442 τήριον,
2412 1368 2503 1423 καὶ
2551 1364 2699 1424 ἐϐόα·
2735 1394 2765 1422 ‹‹
2795 1370 2866 1426 Τὸ
2917 1371 3011 1444 μὲν
3064 1374 3281 1443 πνεῦμα
3326 1368 3634 1445 πρόθυμον,
3680 1370 3714 1438 ἦ
3743 1367 3803 1424 δὲ

2153 1456 2281 1529 σάρξ
2338 1458 2452 1531 (91)
2512 1459 2759 1530 ἀσθενής·
2822 1481 2852 1511 ››
2906 1457 2999 1515 *ίνα
3055 1460 3084 1514 6
3140 1456 3412 1520 ἀντίδικος
3468 1461 3671 1532 ἡμῶν,
3727 1458 3803 1521 ὡς

2154 1544 2425 1621 ἀνθρώπῳ
2444 1544 2783 1623 προσελθὼν,
2812 1552 3045 1626 πειραθῇ
3074 1547 3220 1611 θείας
3252 1546 3554 1622 δυνάμεως.

2227 1654 2313 1709 15.
2351 1651 2576 1717 Τούτοις
2623 1658 2758 1730 γοῦν
2813 1654 3074 1731 ὑπαχθεὶς
3106 1655 3136 1710 6
3168 1653 3381 1728 ἄθλιος,
3432 1654 3669 1733 ἰπαίχθη
3715 1655 3809 1711 καὶ

2154 1740 2437 1815 προσῆλθε
2463 1746 2543 1815 τῷ
2580 1743 2784 1819 Κυρίῳ,
2816 1744 2974 1815 Εἶτα,
3003 1746 3223 1821 θεωρῶν
3270 1745 3371 1815 τὴν
3422 1741 3668 1821 ἀνδρείαν
3718 1745 3809 1800 αὒ-

2153 1834 2272 1901 τοῦ,
2314 1831 2671 1903 κατέπτησσε’
2725 1837 2945 1909 θεωρῶν
3006 1829 3064 1889 δὶ
3118 1833 3209 1888 καὶ
3264 1834 3362 1902 τήν
3420 1837 3518 1888 τοῦ
3547 1834 3803 1908 σώματος

2155 1920 2452 1993 ἀσθένειαν,
2481 1918 2647 1976 πάλιν
2688 1919 2917 1996 ἰτόλμα·
2948 1923 3039 1977 καὶ
3073 1922 3264 1978 Λοιπὸν
3310 1924 3374 1991 ἦν
3404 1920 3538 1978 ἰδεῖν
3583 1923 3675 1978 τὸν
3707 1923 3804 1998 μὶν

2153 2004 2413 2066 διάϐολον
2446 2008 2538 2065 σὺν
2572 2004 2675 2086 ὅλῃ
2713 2010 2783 2086 τῇ
2829 2015 3052 2086 στρατιᾷ
3081 2009 3266 2084 αύτοῦ,
3296 2010 3387 2067 καὶ
3428 2016 3547 2074 ταῖς
3578 2010 3804 2088 ἀρχαῖς,

2149 2099 2239 2155 καὶ
2293 2103 2413 2162 ταῖς
2473 2097 2738 2170 ἐξουσίαις
2793 2099 2958 2156 αὐτοῦ
3013 2099 3295 2178 φεύγοντα·
3352 2099 3445 2155 τὸν
3503 2097 3561 2155 δὲ
3605 2100 3802 2177 Κύριον

2150 2186 2504 2264 ἀνθρωπίνοις
2566 2186 2762 2251 ὅπλοις
2837 2186 3106 2244 διώκοντα
3158 2189 3259 2257 τήν
3316 2184 3638 2259 διαϐολικήν
3698 2191 3799 2269 φά-

2153 2276 2349 2353 λαγγα.
2383 2275 2461 2334 Οὐ
2489 2279 2590 2354 γὰρ
2620 2275 2769 2332 πολὺ
2800 2277 2990 2354 γέγονε
3018 2278 3081 2333 τὸ
3131 2275 3426 2352 διάστημα,
3458 2278 3549 2334 καὶ
3589 2280 3802 2335 πάντων

2152 2365 2441 2422 ἐσκύλευσε
2488 2367 2580 2422 τὸν
2628 2366 2849 2441 ἐχθρόν’
2900 2366 2990 2423 ὅτε
3032 2367 3443 2444 καταισχυνθεὶς
3492 2365 3687 2424 λοιπὸν
3731 2365 3802 2424 δι’

2151 2456 2343 2511 ἑαυτοῦ
2399 2454 2557 2511 έκίνει
2619 2456 2789 2511 πάντα
2842 2457 2978 2512 κατὰ
3048 2461 3146 2511 τοῦ
3204 2457 3404 2533 Κυρίου
3438 2475 3452 2489 ’
3508 2455 3803 2521 Ἰουδαίους

2157 2546 2275 2620 μὶν,
2320 2542 2413 2600 ἵνα
2459 2547 2912 2616 συσκευάσωνται,
2957 2545 3193 2603 Πιλᾶτον
3244 2544 3304 2603 δὲ
3350 2545 3440 2602 ’ίνα
3488 2548 3800 2623 κατακρίνῃο

2150 2633 2277 2697 τοὺς
2331 2632 2389 2690 δὲ
2439 2635 2791 2711 στρατιώτας,
2833 2633 2928 2691 ’ίνα
2976 2635 3211 2706 παίζωσι
3259 2637 3377 2692 κατ’
3424 2635 3608 2691 αὐτοῦ·
3658 2635 3806 2693 ἀλλὰ

2151 2724 2240 2779 καὶ
2292 2728 2454 2780 τοῦτο
2507 2723 2696 2800 ἠγνόει
2748 2726 2868 2780 καθ’
2917 2725 3106 2781 ἑαυτοῦ
3157 2728 3350 2781 ποιῶν
3384 2723 3588 2803 τυφλὸν
3634 2725 3734 2801 γὰρ
3762 2729 3797 2796 ἡ

2149 2813 2331 2887 κακία,
2374 2813 2463 2870 καὶ
2513 2814 2850 2890 ἀπροόρατον
2900 2816 2936 2885 ἠ
2990 2813 3244 2891 πονηρία*
3294 2815 3413 2869 καθ’
3462 2814 3657 2883 ἑαυτῆς
3706 2814 3802 2877 τὰς

2152 2908 2344 2979 χεῖρας
2391 2904 2639 2959 ἀκονῶσα
2686 2904 2897 2980 ἠγνόει.
2942 2903 3066 2957 Οῐον
3126 2903 3231 2978 γὰρ
3280 2901 3334 2957 εἷ’
3371 2923 3455 2964 τις
3503 2895 3679 2979 ὄφεως
3728 2905 3798 2975 τῇ

2151 2992 2300 3068 χειρὶ
2333 2988 2675 3066 ἐπιλάϐοιτο,
2714 2991 2803 3048 καὶ
2835 2992 3007 3047 θέλων
3038 2990 3128 3046 καὶ
3168 2990 3336 3067 ἑτέρῳ
3377 2990 3552 3068 ῥῖψαι,
3583 2992 3798 3049 πάντως

2151 3081 2310 3145 αὐτὸς
2346 3079 2574 3159 ἐδάχθησ
2608 3083 2643 3151 ἢ
2674 3082 2764 3137 καὶ
2795 3085 2902 3157 πῦρ
2929 3079 2999 3156 τῇ
3048 3078 3195 3157 χειρί
3224 3084 3457 3154 κρατῶν,
3489 3080 3579 3135 καὶ
3626 3078 3801 3136 θέλων

2150 3170 2241 3227 τὸν
2275 3170 2467 3248 ἐχθρὸν
2502 3169 2779 3242 ἀδικῆσαι,
2808 3170 2907 3226 οὐκ
2936 3167 3100 3242 οἶδεν,
3134 3170 3217 3226 δτι
3248 3170 3464 3232 πάντως
3511 3168 3672 3232 αὐτὸς
3702 3189 3800 3223 κα-

2150 3260 2444 3316 τακαίεται·
2495 3260 2670 3324 οὕτως
2718 3262 2753 3331 ἡ
2801 3259 2963 3315 κακία
3002 3260 3138 3315 κατὰ
3179 3263 3287 3314 τῶν
3326 3258 3633 3334 χρωμένων
3661 3257 3800 3333 αὐτῇ

2155 3349 2541 3424 στρατεύεται,
2598 3348 2688 3405 καὶ
2767 3348 2981 3424 μᾶλλον
3050 3345 3225 3404 ἀδικεῖ
3275 3348 3405 3411 τοὺς
3471 3348 3801 3425 κατέχοντας

2152 3440 2189 3509 ἢ
2215 3439 2351 3517 πρὸς
2395 3439 2486 3502 οὓς
2533 3438 2592 3495 ἂν
2633 3438 2803 3509 αὐτὴν
2833 3435 3151 3495 ἀποστεῖλαι
3184 3436 3413 3493 θέλωσιν
3447 3440 3579 3509 (92).
3623 3435 3807 3499 Οὕτως

2156 3530 2185 3584 ὁ
2216 3531 2442 3605 Φαραὼ,
2472 3526 2647 3584 θέλων
2676 3523 3022 3601 καταλαϐεῖν,
3062 3526 3404 3605 κατελήφθη·
3451 3526 3540 3582 καὶ
3571 3525 3805 3602 ἀρξάμε-

2154 3640 2244 3682 νος
2298 3616 2536 3688 διώκειν,
2592 3615 2971 3694 κατεδιώχθη’
3031 3616 3122 3673 καὶ
3181 3615 3491 3671 ἀποκτεῖναι
3551 3614 3806 3687 θελήσας,

2155 3709 2569 3780 κατεποντίσθη.
2629 3708 2814 3770 Οὕτως
2873 3708 2902 3763 6
2961 3705 3185 3775 Γολιὰθ,
3243 3704 3294 3760 έν
3348 3727 3429 3767 οις
3467 3704 3722 3778 ἐπήρετο,
3755 3704 3806 3759 ἐν

2154 3797 2369 3862 τούτοις
2400 3798 2712 3872 ἀπετμήθη,
2764 3796 2854 3852 καὶ
2907 3793 3196 3851 σκυλεῦσαι
3243 3793 3435 3867 θέλων,
3483 3792 3807 3865 ἐσκυλεύθη.

2154 3893 2353 3944 Τοῦτον
2400 3888 2493 3943 τὸν
2540 3885 2744 3962 τρόπον
2793 3884 3024 3941 πέπονθε
3065 3882 3155 3938 καὶ
3204 3884 3233 3939 6
3280 3881 3466 3946 ἄθλιος
3522 3877 3803 3944 διάϐολος·

2156 3978 2407 4054 πειράσαι
2437 3978 2542 4054 γὰρ
2574 3973 2770 4044 θέλων,
2801 3974 3114 4047 έπειράσθη,
3147 3972 3236 4029 καὶ
3286 3978 3448 4029 κινῶν
3481 3972 3610 4035 τοὺς
3640 3992 3809 4046 στρα-

2152 4068 2377 4138 τιώτας,
2413 4063 2626 4141 μᾶλλον
2661 4061 2719 4121 δέ
2750 4063 2907 4127 αὐτὸς
2941 4062 2993 4119 ἰν
3022 4068 3142 4126 τοῖς
3189 4059 3416 4136 δημίοις
3463 4060 3806 4135 κινούμενος,

2154 4164 2270 4222 καθ’
2300 4158 2490 4214 ἑαυτοῦ
2520 4155 2693 4211 πάντα
2723 4152 2960 4231 ἐνήργει.
2994 4154 3153 4226 Ἀρτι
3193 4153 3295 4229 γάρ
3344 4151 3686 4219 έσκυΛεύετο,
3715 4150 3806 4205 καὶ

2154 4246 2359 4326 ἀφανὴς
2388 4248 2453 4315 ἦν
2484 4250 2599 4307 τοῖς
2622 4246 2735 4318 (93)
2758 4244 3065 4314 ἀνθρώποις
3087 4241 3122 4310 ἠ
3148 4239 3296 4310 νίκη·
3321 4239 3448 4296 ἀλλ’
3479 4240 3555 4295 εἰς
3578 4239 3804 4326 φανερὸν

2155 4325 2321 4405 αύτήν
2348 4332 2563 4411 ἤνεγκε,
2611 4333 2703 4388 καὶ
2751 4333 2894 4387 ἄκων
2928 4331 2955 4385 6
2986 4327 3195 4390 ἄθλιοςο
3246 4328 3321 4390 ὡς
3351 4327 3452 4404 γὰρ
3502 4325 3805 4384 ἀπεδύσατο

2156 4425 2184 4480 ὀ
2216 4424 2438 4500 Κύριος,
2470 4422 2559 4478 καὶ
2591 4422 2780 4498 γέγονε
2831 4420 2895 4475 τὸ
2938 4416 3219 4495 γενόμενον
3270 4415 3515 4494 ἀοράτως
3548 4418 3683 4473 κατά
3709 4422 3808 4473 τοῦ

2156 4508 2420 4569 διαϐόλου
2463 4511 2748 4587 τρόπαιον,
2774 4506 2867 4564 ἵνα
2913 4509 3003 4565 καὶ
3050 4512 3211 4563 τοῦτο
3279 4507 3505 4586 φανερὸν
3556 4508 3805 4583 γένηται,

2156 4603 2353 4665 εὐθέως
2403 4604 2516 4676 (94)
2551 4602 2643 4674 μὶν
2705 4595 2951 4655 ἐνέδυσαν
3013 4598 3194 4670 αὐτὸν,
3257 4597 3333 4660 ὡς
3394 4598 3489 4670 μὲν
3549 4598 3806 4668 Ἰωάννης

397 4694 507 4750 tim
534 4693 860 4750 induerunt
887 4691 1054 4761 illud,
1086 4695 1153 4748 ut
1195 4691 1453 4750 Joannes
1502 4694 1605 4764 ait,
1648 4711 1948 4769 purpura;
1984 4701 2044 4753 ut

2156 4691 2322 4768 λέγει,
2355 4690 2657 4769 πορφύραν,
2687 4689 2764 4751 ὡς
2812 4687 2872 4743 δὲ
2918 4689 3196 4750 Ματθαῖος
3244 4688 3334 4742 καὶ
3374 4684 3620 4761 Μάρκος,
3659 4684 3806 4762 χλα-

400 4783 707 4840 Matthteus
733 4786 791 4838 et
808 4780 1376 4853 Marcus,chlamyde
1397 4783 1686 4855 coccinea,
1710 4786 1886 4858 capiti
1916 4788 2047 4860 ejus

401 4888 679 4932 coronam
709 4886 780 4927 ex
808 4870 997 4943 spinis
1019 4871 1449 4943 imposuerunt,
1473 4871 1820 4930 arundinem
1847 4875 1903 4930 in
1928 4891 2050 4931 ma-

401 4978 545 5020 num
575 4959 968 5026 tradiderunt,
997 4962 1055 5015 et
1091 4974 1226 5015 cum
1277 4959 1360 5017 ita
1407 4961 1815 5034 producerent,
1855 4979 2047 5037 genua

398 5052 713 5110 ﬂectebant
749 5052 885 5105 ante
912 5047 1102 5105 illum.

466 5160 555 5216 16.
606 5154 961 5216 Miraculum
1008 5172 1224 5214 novum
1274 5160 1333 5214 et
1376 5157 1720 5216 incredibile
1778 5176 2042 5235 magme-

387 5316 435 5388 [ς
460 5314 505 5351 ιι
533 5313 739 5372 Matth.
769 5327 925 5383 xm,
954 5312 1045 5368 ιι.

606 5468 691 5541 Τῇ
723 5465 915 5522 tamen
963 5461 1184 5539 δυνάμει
1237 5463 1508 5541 ινίσχυσε,
1554 5466 1707 5524 Felc.
1739 5469 1773 5524 3
1804 5468 2042 5525 omissis

395 5540 839 5685 mgﬁfllegius
855 5619 915 5685 et
942 5610 1089 5665 Felc.
1113 5608 1326 5685 3,__7rap_’
1355 5607 1489 5663 αὐτὰ
1516 5614 1612 5663 τοῦ
1632 5611 1875 5667 θανάτου.
1911 5612 2044 5668 Mox

399 5678 632 5744 codices
662 5678 785 5752 alii,
816 5678 1083 5752 ἀδημονεῖ
1111 5681 1232 5749 alii,
1261 5678 1581 5752 ἀδημονεῖν.

470 5756 585 5830 (91)
616 5756 682 5811 In
712 5751 851 5812 vece
879 5751 1026 5826 σάρξ,
1059 5753 1254 5809 deﬁcit
1279 5751 1428 5811 Felc.
1451 5755 1504 5810 3.

2161 4779 2302 4857 μύδα
2353 4780 2651 4852 κοκκίνην,
2698 4778 2788 4834 καὶ
2835 4778 3092 4856 στέφανον
3143 4774 3192 4849 ἐξ
3251 4775 3493 4840 ἀκανθῶν
3556 4775 3643 4830 ἐπὶ
3700 4777 3799 4845 τὴν

2156 4870 2397 4950 κεφαλὴν
2446 4868 2631 4941 αὐτοῦ,
2682 4868 2772 4923 καὶ
2820 4865 3071 4941 κάλαμον
3112 4865 3200 4921 ἐπὶ
3253 4871 3416 4942 χεῖρα
3445 4861 3679 4921 ἐδίδουν·
3709 4865 3801 4921 καὶ

2157 4961 2300 5018 οὕτω
2330 4959 2689 5039 προσάγοντες
2715 4959 2853 5032 (95),
2885 4956 3239 5034 έγονυπέτουν
3270 4953 3436 5029 αύτῷ.

2228 5162 2316 5218 16.
2350 5160 2539 5233 Θαῢμα
2584 5154 2767 5211 καινὸν
2815 5153 2905 5209 καὶ
2954 5149 3278 5231 παράδοξον,
3326 5151 3416 5206 καὶ
3462 5150 3618 5221 νίκης
3666 5150 3805 5223 ἄλη-

2225 5468 2334 5541 (92)
2367 5465 2589 5593 Anggc.
2641 5468 2700 5521 et
2728 5463 2905 5521 Basil.
2941 5461 3202 5519 secunda
3246 5477 3449 5531 manu,
3477 5458 3800 5532 θελήσωσιν.

2225 5541 2331 5593 {93!
2366 5540 2452 5593 Ita
2532 5536 2719 5593 altius.
2750 5535 2902 5591 Editi
2932 5550 3090 5593 vero.
3121 5531 3189 5593 ἦν
3220 5531 3272 5587 ἂν
3302 5537 3443 5593 τοῖς.

2222 5531 2331 5610 (93)
2366 5531 2719 5610 Ιιιιᾟθείυε.
2750 5535 3101 5610 Editivero,
3121 5531 3189 5602 ἦν
3220 5531 3272 5587 ἰν
3302 5537 3443 5595 τοῖς.

2245 5611 2336 5679 94)
2372 5605 2752 5681 Anglicanus,
2773 5605 3005 5681 Εὐθέως
3037 5605 3161 5681 γάρ.

2243 5674 2330 5753 95)
2361 5674 2597 5756 Regius,
2646 5674 2993 5756 προάγοντες.
3050 5674 3178 5738 Μὸι
3228 5677 3385 5734 idem
3432 5691 3570 5736 cum
3630 5674 3799 5749 Angl.

2149 5750 2504 5831 ἄγονυπέτοῦν
2537 5750 2717 5809 αὐτόν.
