2077 3189
164 208 224 240 213
690 210 740 240 DE
763 210 956 242 PASSIONE
978 212 1028 242 ET
1050 212 1177 243 CRUCE
1199 212 1352 243 DOMlNl.

165 277 219 307 θῶς
243 273 368 313 μεγάλης
390 274 555 312 γνώρισμαί
580 274 609 302 ὄν
632 275 684 313 γὰρ
704 276 742 307 ὡς
764 274 906 315 ἄνθρωπον
921 274 976 315 "exp!

1050 286 1107 314 que
1122 278 1247 306 victoriae
1271 278 1356 314 plane
1380 279 1607 315 argumentum!
1624 287 1712 315 quem
1734 280 1813 308 enim
1840 282 1874 310 ut

162 330 218 355 ναν,
241 321 338 347 τοῦτον
361 319 568 354 ἀποθνήσκοντα
592 319 688 348 λοιπὸν
713 321 750 352 ὡς
775 320 838 349 Θεὸν
859 320 992 359 προσεκύ-

162 373 234 392 νουν¹
250 364 296 392 καὶ
311 361 341 392 ὅν
353 363 509 399 ἐξουθένουν
525 363 562 395 ὡς
586 364 695 400 εὐτελῆ,
717 367 812 393 τοῦτον
834 365 990 403 ὁμολόγουν

164 407 287 446 βασιλέα·
313 408 359 435 καὶ
384 408 429 447 ἀφ’
455 407 486 434 οὗ
511 408 544 435 τὰ
563 408 682 446 τυχόντα
698 408 793 445 ἱμάτια
807 410 886 447 ἦραν,
901 409 991 446 τούτῳ

162 452 302 492 πορφύραν
333 451 512 490 περιετίθουν’
540 453 585 479 καὶ
615 452 644 480 ὅν
675 453 724 480 οὐκ
751 452 852 484 εἰδότες
867 451 990 491 ὕϐριζον,

161 496 258 525 τοῦτον
283 497 427 535 προφήτην
453 496 497 523 καὶ
524 495 632 528 ἄκοντες
657 497 872 535 προσηγόρευον’
899 498 943 524 καὶ
960 497 987 525 ὅν

163 539 274 576 ἔπαιζον
295 540 450 577 τύπτοντες,
485 541 574 577 τούτῳ
597 542 630 568 τὰ
659 544 805 579 νικητήρια
834 541 988 573 ἀπεδίδουν,

163 586 213 620 τὴν
227 585 358 621 κοκκίνην
373 584 512 623 χλαμῦὂα,
529 586 574 613 καὶ
590 586 634 613 τὸν
653 586 677 621 ἐξ
704 587 824 618 ἀκανθῶν
851 587 986 625 στέφανον,

166 631 211 658 καὶ
234 631 279 658 τὸν
298 630 429 667 κάλαμον.
457 630 488 657 Εἰ
514 631 565 667 γὰρ
585 630 629 658 καὶ
655 631 692 662 ὡς
709 629 862 668 ὑϐρίζοντες
879 631 986 658 ἐποίουν

164 677 256 709 ταῦτα,
280 673 344 703 ἀλλ’
367 675 494 713 ἠγνόουν,
512 675 553 702 ὅτι
566 676 611 703 καὶ
627 674 734 706 ἄκοντες
753 675 927 703 ἑσκυλεύοντο
945 676 987 703 ὑπ’

161 718 242 746 αὐτοῦ
358 718 469 753 Ἐπειδή
493 719 543 757 γὰρ
566 722 600 756 τῇ
626 720 744 756 ἁμαρτίᾳ
768 721 985 759 πεφονοκτόνητο

159 764 176 798 ἠ
202 766 238 802 γῆ
263 762 315 791 ὗπό
339 765 388 791 τοῦ
414 761 557 799 διαϐόλου,
584 775 629 791 και
644 763 739 791 πλεῖον
756 764 858 792 ὑδάτων
875 764 984 801 αἵμασιν

157 808 191 843 ἦν
222 805 392 845 βεϐαμμένη,
419 808 444 843 ἐξ
467 809 555 847 ἀρχῆς
585 809 631 844 μὲν
654 810 758 846 χάνασα
783 810 827 837 καὶ
852 809 982 846 δεξαμένη

156 855 204 880 τοῦ
220 851 326 880 δικαίου
341 850 428 881 ’Ἅϐελ
444 854 475 880 τὸ
491 854 567 890 αἱμα,
586 854 694 891 ὕστερον
716 854 744 881 δὲ
770 854 866 882 λοιπὸν
883 855 984 891 α’ἰματα

156 897 197 937 ἐφ’
226 896 323 934 α’ίμασι
355 897 505 936 μισγόντων
534 901 587 925 τῶν
618 900 777 935 ἀνθρώπων,
807 900 874 927 κατὰ
897 900 927 927 τὸ
942 910 984 937 γε·

156 942 327 980 γραμμένοψ
344 954 359 969 ι(
376 943 445 980 Ἀρὰ
458 942 502 970 καὶ
523 942 630 980 ψεῦδος,
646 944 689 970 καὶ
715 943 818 978 κλοπὴ,
843 944 887 971 καὶ
918 954 983 980 μοι-

156 986 220 1026 χεία
246 987 360 1025 κέχυται
390 987 434 1014 ἐπὶ
463 991 513 1022 τῆς
542 991 603 1026 γῆς,
629 988 673 1015 καὶ
700 988 801 1024 α’ίματα
824 988 865 1027 ἐφ’
889 988 982 1025 α’ίμπισι

159 1031 296 1070 μίσγουσι.
328 1043 339 1058 ι
364 1031 413 1059 Καὶ
438 1032 470 1067 ἦν
497 1031 541 1059 διὰ
559 1035 640 1060 τοῦτο
656 1033 699 1060 καὶ
716 1034 891 1071 κατηραμὲνη
936 1037 982 1072 γῆ,

157 1075 285 1114 λέγοντος
310 1078 358 1104 τοῦ
383 1078 460 1104 Θεοῦ·
489 1088 500 1102 α
530 1076 580 1105 Καὶ
606 1080 650 1103 νῦν
677 1077 870 1115 ἐπικατάρατος
894 1079 910 1112 ὴ
935 1082 981 1117 γῆ,

155 1122 173 1156 ἢ
190 1119 270 1159 ἕχανε
281 1121 313 1148 τὸ
329 1120 417 1157 στόμα
432 1120 516 1156 αὐτῆς
542 1120 662 1157 δέξασθαι
685 1123 715 1149 τὸ
737 1123 804 1158 αἷμα
826 1120 909 1150 ’Ἅϐελ
934 1125 983 1150 τοῦ

156 1164 275 1204 ἀδελφοῦ
300 1175 358 1194 σου.
383 1178 397 1192 ›)
423 1166 473 1193 Ἦν
502 1164 531 1193 δὲ
555 1166 598 1193 καὶ
619 1167 750 1205 πρότερον
767 1166 811 1194 διὰ
824 1168 874 1202 τήν
896 1167 982 1204 παρά-

155 1207 231 1238 ϐασιν
259 1212 308 1238 τοῦ
334 1209 425 1247 Ἀδὰμ
447 1210 667 1249 καταρασάμενος
690 1211 773 1246 αὐτὴν
807 1213 820 1239 ὁ
845 1212 982 1248 Δεσπότης

156 1254 258 1293 λέγων·
278 1267 289 1281 ι
304 1255 515 1292 Ἐπικατάρατος
531 1257 548 1290 ἡ
564 1259 598 1293 γῆ
616 1255 641 1283 ἐν
655 1259 713 1287 τοῖς
740 1254 830 1294 ἔργοις
854 1268 913 1286 σου.
938 1258 981 1285 Ἐν

154 1298 256 1330 λύπαις
278 1301 352 1337 φαγῇ
374 1299 456 1334 αὐτὴν
482 1299 509 1327 ἐν
533 1300 630 1331 πάσαις
646 1303 704 1332 ταῖς
719 1302 835 1339 ἡμέραις
851 1303 908 1338 (97)
932 1305 983 1336 τῆς

155 1344 230 1378 ζωῆς
258 1354 316 1372 σου.
342 1355 357 1370 ›)
381 1344 431 1371 Καὶ
455 1343 528 1376 ὅλως
543 1346 575 1379 ἦν
585 1345 707 1382 αἱμάτων
723 1345 809 1373 πάντα
828 1346 921 1382 μεστὰ,
938 1347 982 1373 καὶ

154 1387 268 1416 ἄκανθαι
307 1391 446 1426 πανταχοῦ
477 1388 590 1428 ἐφύοντο
627 1389 670 1417 διὰ
695 1391 744 1425 τὴν
775 1389 902 1428 κατάραν.
933 1391 983 1418 Καὶ

153 1433 258 1461 τούτων
283 1431 356 1471 ἔχων
380 1433 411 1461 τὸ
432 1433 626 1473 χειρόγραφον,
652 1434 767 1472 ἐπήρετο
783 1435 850 1463 χατὰ
874 1435 981 1462 πάντων

158 1477 173 1505 ὁ
200 1477 312 1516 ἐχθρὸς,
341 1477 385 1505 καί
416 1478 585 1516 ἐτυράννευεν
616 1479 652 1509 ὡς
677 1479 853 1517 ὑποχειρίους
881 1479 982 1511 πάηηπς

159 1520 240 1560 ἔχων.
263 1521 366 1549 Τούτου
389 1521 478 1550 ἕνεκεν
504 1523 652 1554 σκυλεύσας
678 1524 756 1552 αὐτὸν
778 1524 901 1552 ἁπάντων
927 1526 984 1562 (98)

159 1567 173 1594 ὁ
188 1566 295 1605 Κύριος,
321 1567 418 1595 λοιπὸν
442 1568 613 1605 ἂπαγόμενος
638 1569 675 1600 εἷς
699 1569 744 1596 τὸν
767 1569 887 1605 θάνατον,
904 1580 983 1606 περι-

157 1610 241 1639 tunc
270 1610 364 1639 ταῦτα·
390 1611 437 1639 ἵνα
466 1611 538 1649 δείξῃ
561 1615 609 1639 τοῦ
633 1612 747 1640 Θανάτου
761 1615 792 1641 τὸ
807 1614 982 1652 κατόρθωμα,

1047 322 1197 351 hominem
1224 324 1498 358 condemnaverant,
1516 324 1594 352 hunc
1618 324 1721 352 exinde
1743 325 1871 353 morien-

1047 369 1105 395 tem
1122 370 1155 395 ut
1172 370 1261 396 Deum
1277 368 1437 396 adorabant
1453 377 1459 403 ;
1476 370 1505 396 et
1519 376 1607 404 quem
1624 369 1868 404 aspernabantur,

1046 412 1130 448 quasi
1146 412 1257 441 nullius
1279 413 1364 449 pretii
1389 413 1551 448 hominem,
1574 412 1653 440 hunc
1676 413 1782 449 Regem
1799 422 1869 442 con-

1045 456 1224 491 fitebantur;
1241 465 1257 485 a
1273 466 1330 493 quo
1343 457 1411 485 vilia.
1423 457 1606 486 abstulerant
1618 458 1664 486 71
1683 458 1866 493 vestimenta,

1045 509 1111 529 eum
1142 510 1273 537 purpura
1301 502 1546 536 circumdabant;
1575 511 1661 537 quem
1679 503 1776 538 ignari
1799 511 1866 531 con-

1044 546 1174 574 tumeliis
1205 547 1381 581 efﬁciebant,
1415 555 1480 574 cum
1521 547 1693 583 prophetam
1729 546 1796 574 licet
1826 548 1867 575 in-

1042 591 1094 617 viti
1121 590 1310 626 appellabant
1335 600 1341 619 :
1367 600 1454 626 quem
1480 600 1546 618 cum
1562 591 1690 618 ludibrio
1708 592 1864 626 caedebant,

1043 636 1067 663 ei
1094 636 1222 663 victoriae
1253 636 1361 663 indicia
1390 636 1554 668 tradebant,
1571 636 1754 672 chlamydem
1771 637 1866 665 cocci-

1042 689 1137 714 neam,
1168 688 1304 708 coronam
1335 681 1369 708 de
1399 680 1502 716 spinis,
1533 683 1561 708 et
1589 681 1774 709 arundinem.
1792 682 1865 710 Nam

1041 724 1108 752 licet
1123 733 1155 752 ea
1171 733 1222 761 per
1237 725 1442 752 contumeliam
1469 728 1589 760 agerent
1614 734 1619 753 :
1646 728 1674 752 at
1690 726 1865 761 ignorabant

1040 777 1071 796 se
1100 770 1187 797 etiam
1218 769 1323 797 invitos
1353 770 1388 797 ab
1420 769 1482 805 ipso
1510 770 1646 805 spoliari.
1684 771 1754 797 Cum
1784 770 1863 798 enim

1041 816 1157 849 peccato
1180 815 1258 841 terra
1288 822 1304 841 ο
1333 814 1447 841 diabolo
1477 817 1638 848 cruentata,
1664 816 1691 842 et
1720 815 1863 850 sanguine

1039 858 1196 894 plusquam
1226 859 1311 894 aquis
1339 858 1452 886 imbuta
1481 861 1575 893 esset,
1606 860 1683 894 quod
1713 860 1748 886 ab
1778 860 1862 887 initio

1039 903 1211 939 sanguinem
1233 903 1330 931 Abelis
1347 903 1428 931 hiatu
1453 912 1505 931 suo
1531 903 1697 939 recepisset,
1720 912 1753 931 ac
1778 904 1862 931 dsin-

1038 955 1105 983 ceps
1130 948 1264 975 homines
1285 948 1458 983 sanguinem
1482 948 1619 983 sanguini
1646 949 1785 976 adderent
1810 949 1862 976 ad-

1039 991 1265 1028 miscerentque,
1292 994 1323 1020 ut
1348 992 1491 1028 scriptum
1516 994 1561 1019 est
1579 1001 1585 1020 :
1603 1004 1617 1017 ‹‹
1633 992 1817 1020 Maledictum
1835 995 1864 1020 et

1039 1038 1223 1065 mendacium
1250 1040 1277 1065 et
1301 1038 1422 1071 furtum,
1444 1039 1471 1065 et
1494 1037 1670 1065 adulterium
1687 1038 1779 1065 effusa
1795 1039 1866 1066 sunt

1040 1091 1128 1119 super
1138 1084 1290 1117 tcrram,et
1299 1083 1473 1119 sanguinem
1491 1082 1625 1118 sanguini
1639 1083 1802 1110 admiscent
1813 1083 1863 1110 “.n

1038 1128 1163 1163 Eratque
1179 1135 1212 1154 ea
1227 1128 1263 1154 de
1278 1135 1366 1154 causa
1391 1127 1548 1154 maledicta
1562 1129 1650 1158 terra,
1668 1127 1781 1154 dicente
1796 1130 1862 1155 Deo:

1041 1182 1054 1198 α
1066 1172 1099 1199 Et
1125 1180 1211 1207 nunc,
1229 1172 1383 1199 maledicta
1398 1174 1484 1205 terra,
1501 1180 1564 1207 quae
1581 1172 1695 1207 aperuit
1715 1180 1747 1199 os
1763 1180 1863 1203 suum,

1039 1219 1070 1244 ut
1085 1217 1227 1252 exciperet
1243 1216 1416 1252 sanguinem
1434 1216 1532 1244 Abelis
1559 1216 1656 1243 fratris
1673 1216 1713 1243 tui
1730 1216 1761 1243 ‘7.
1780 1228 1793 1240 ››
1810 1216 1863 1244 Cui

1034 1262 1096 1296 jam
1123 1264 1210 1288 antea
1234 1262 1375 1289 Dominus
1400 1261 1436 1288 ob
1459 1261 1727 1297 praevaricationem
1758 1260 1863 1288 Adami

1038 1306 1237 1340 maledixerat,
1254 1306 1300 1333 his
1316 1305 1411 1333 verbis
1429 1314 1434 1332 :
1453 1317 1466 1330 (ι
1484 1305 1634 1333 Maledicta
1651 1308 1727 1332 terra
1741 1305 1770 1332 in
1793 1313 1864 1341 ope-

1038 1351 1119 1378 ribus
1135 1350 1195 1378 tuis
1213 1359 1218 1377 :
1236 1350 1265 1377 in
1289 1350 1429 1377 aerumnis
1456 1350 1591 1377 comedes
1618 1349 1697 1376 illam
1727 1349 1863 1377 omnibus

1038 1395 1142 1423 diebus
1158 1395 1221 1422 vita;
1237 1397 1293 1422 tua:
1308 1394 1339 1422 ⁵⁸.
1360 1405 1372 1419 ››
1388 1395 1568 1430 Prorsusque
1584 1396 1666 1421 erant
1681 1394 1780 1421 omnia
1795 1403 1862 1422 san-

1038 1440 1126 1476 guine
1141 1440 1236 1475 plena,
1253 1441 1281 1467 et
1294 1441 1412 1475 propter
1426 1439 1615 1466 maledictum
1632 1438 1762 1474 undique
1773 1439 1864 1475 spinae

1038 1485 1252 1513 exoriebantur.
1274 1485 1306 1511 Et
1322 1484 1375 1511 hoc
1392 1483 1618 1519 chirographum
1647 1486 1750 1511 nactus
1766 1483 1864 1511 inimi-

1038 1538 1089 1557 cus
1111 1531 1221 1565 noster,
1247 1529 1275 1556 in
1302 1536 1405 1556 omnes
1421 1528 1593 1564 insurgebat
1610 1528 1637 1555 in
1652 1536 1812 1562 omnesque
1831 1529 1865 1555 ut

1039 1575 1095 1602 sibi
1112 1573 1247 1602 subditos
1258 1573 1444 1609 tyrannidem
1457 1573 1618 1600 exercebat.
1639 1573 1703 1600 [deo
1720 1572 1864 1600 Dominus

1039 1628 1104 1647 cum
1121 1627 1186 1646 eum
1204 1618 1343 1646 omnibus
1360 1617 1526 1653 spoliasset.
1551 1618 1670 1645 demum
1688 1618 1721 1644 sd
1740 1620 1863 1645 mortem

154 1655 195 1683 ὅτι
211 1655 266 1694 οὐχ
282 1656 386 1692 ἁπλῶς,
404 1655 467 1684 ἀλλ’
483 1657 549 1695 ὑπὲρ
564 1661 614 1692 τῆς
629 1658 765 1696 σωτηρίας
782 1660 861 1695 ἡμῶν
877 1661 979 1697 γέγονε.

1040 1665 1194 1698 abductus,
1209 1663 1245 1690 iis
1261 1663 1448 1696 induebatur,
1466 1664 1498 1689 ut
1514 1661 1608 1697 palam
1627 1662 1741 1695 faceret,
1761 1661 1864 1689 mortis

153 1700 202 1728 Καὶ
229 1701 264 1728 τὰ
291 1701 338 1738 μὲν
365 1700 468 1737 α’ίματα
492 1702 517 1729 ἐν
534 1704 567 1739 τῇ
583 1703 696 1740 κοκκίνῃ
709 1703 834 1741 χΛαμύδι
850 1704 918 1742 εἶχε,
933 1705 982 1735 τὰς

153 1743 183 1773 δὶ
196 1744 310 1777 ἀκάνθας
326 1745 352 1773 ἐν
367 1748 407 1782 τῷ
422 1746 555 1785 στεφάνῳ⁷
580 1747 611 1774 τὸ
637 1746 666 1775 δὲ
687 1748 871 1788 χειρόγραφον
902 1749 927 1776 ἐν
943 1751 982 1784 τῷ

150 1789 280 1827 καλάμῳ,
292 1790 415 1827 ἆνῷκαί
438 1790 522 1818 πάλαι
549 1791 716 1832 κατέγραφεν
742 1794 820 1829 ἡμῶν
846 1795 860 1820 ὁ
888 1791 981 1820 διάϐο-

153 1834 215 1866 λος·
231 1833 278 1862 τίνα
293 1835 339 1862 σὺν
354 1837 394 1872 τῷ
408 1836 516 1872 θανάτῳ
537 1837 581 1863 καὶ
607 1839 689 1864 ταῦτα
710 1837 806 1865 λοιπὸν
830 1837 981 1875 ἐξασανίσῃ,

153 1879 199 1906 καὶ
226 1879 276 1914 τήν
303 1879 390 1908 κτίσιν
421 1880 474 1907 ἀπὸ
502 1881 605 1908 τούτων
631 1885 744 1920 καθάρῃ·
774 1883 818 1909 καὶ
849 1883 905 1910 ἀντὶ
934 1883 980 1919 μὶν

153 1925 208 1952 τῶν
227 1923 349 1952 ἀκανθῶν
375 1925 407 1952 τὸ
431 1924 511 1961 ξύλον
534 1929 584 1960 τῆς
601 1929 674 1961 ζωῆς
690 1927 847 1965 χαρίσηται·
881 1927 937 1954 ἀντὶ
954 1926 983 1954 δὲ

154 1970 209 1996 τῶν
236 1972 286 2004 τῆς
311 1969 444 2007 ἁμαρτίας
469 1970 591 2007 αἱμάτων
615 1974 655 2007 τῷ
679 1971 741 2008 ἰδίῳ
756 1971 850 2008 α’ίματι
865 1974 914 2006 τὴν
932 1975 981 2010 γῆν

154 2012 278 2045 καὶτοὺς
294 2013 395 2045 πάντας
411 2014 550 2052 καθαρίσῃ·
576 2015 619 2043 καὶ
636 2016 694 2043 ἀντὶ
714 2020 763 2051 τῆς
788 2018 904 2055 κατάρας
933 2027 983 2053 μα-

154 2058 252 2096 καρία-ῃ
277 2058 376 2086 λοιπὸν
398 2059 461 2091 τοὺς
486 2059 511 2087 ἐν
538 2062 572 2097 τῇ
592 2062 640 2097 γῇ,
658 2060 757 2098 λέγων·
775 2073 789 2087 (ι
807 2061 940 2100 Μακάριοι
957 2062 983 2088 οἱ

154 2105 260 2141 πραιῖς,
289 2102 330 2131 ὅτι
360 2103 438 2131 αὐτοὶ
465 2103 709 2141 κληρονομήσουσι
736 2106 786 2140 τὴν
811 2110 870 2144 γῆν.
899 2119 909 2131 ι
935 2106 984 2134 Διὰ

152 2157 234 2175 τουτο
257 2148 321 2185 γὰρ,
345 2148 378 2175 τὰ
401 2149 480 2185 ἡμῶν
507 2148 610 2186 α’ίματα
636 2150 779 2187 βαστάσας,
804 2151 835 2178 τὸ
855 2150 927 2178 ’ίδιον
944 2152 983 2184 εἷς

153 2191 238 2227 αὐτὴν
264 2191 427 2229 ἐξεκένωσεν,
445 2194 500 2232 ζάφ*
530 2193 560 2220 οὗ
590 2194 634 2221 καί
662 2194 719 2222 ἀντὶ
735 2195 856 2223 ἀκανθῶν
885 2196 980 2234 ἀγαθὰ,

153 2235 199 2264 καὶ
229 2236 286 2271 ζωὴ
314 2236 429 2276 πέφυκεν
453 2238 491 2269 είς
518 2238 600 2273 αὐτήν
625 2240 692 2276 (99)·
719 2239 756 2271 εἷς
772 2241 802 2274 ἣν
818 2238 983 2269 ἀποϐλέπων

154 2280 170 2308 ὁ
194 2280 273 2318 ἅγιος
299 2279 381 2308 Δαϐἰὸ
407 2292 483 2320 φησι·
510 2294 524 2308 (‹
552 2282 674 2310 Πιστεύω
694 2286 742 2311 τοῦ
758 2283 824 2312 ἰδεῖν
837 2286 871 2312 τὰ
896 2285 982 2323 ἀγαθὰ

154 2324 258 2363 Κυρίου
273 2325 299 2353 ἐν
316 2327 352 2363 γῇ
370 2326 489 2361 ζώντων.

193 2423 303 2469 17.λΚαὶ
319 2422 413 2456 ἄλλως
430 2423 458 2453 δὲ
472 2426 518 2453 τὸν
543 2426 671 2465 στέφανον
691 2429 746 2454 τῶν
771 2427 892 2457 ἀκανθῶν
917 2429 982 2469 ἐφό-

155 2478 206 2506 ρει,
232 2467 280 2497 ἵνα
303 2468 350 2501 τὰς
379 2470 512 2508 μερίμνας
542 2472 623 2507 ἡμῶν
659 2471 801 2511 ἐξαφανίσῃ
829 2476 877 2501 τοῦ
908 2467 980 2512 βίου.

154 2512 300 2557 Ἐπὲῥρἱψε
314 2514 365 2552 γὰρ
381 2515 396 2542 ὁ
411 2514 507 2547 ἄθλιος
522 2515 567 2543 καὶ
592 2516 663 2544 ἄκων
689 2517 736 2548 τὰς
754 2518 883 2554 μερίμνας
900 2520 980 2557 ἡμῶν

152 2556 195 2586 ὖπ’
208 2557 288 2586 αὐτὸν
304 2559 354 2587 οὐκ
369 2558 458 2597 εἰδὼς,
475 2559 528 2597 ὅτι,
545 2560 642 2593 ταύτας
665 2562 804 2600 βαστάζων
829 2563 842 2590 ὁ
866 2563 978 2602 Κύριος,

1036 1708 1197 1740 victoriam,
1214 1716 1272 1735 non
1289 1707 1404 1740 timere,
1422 1707 1470 1734 sed
1488 1714 1540 1742 pro
1563 1706 1655 1733 salute
1681 1708 1780 1733 nostra
1797 1715 1863 1742 par-

1036 1756 1096 1781 tam
1113 1760 1187 1780 esse.
1204 1753 1399 1787 Gestabntque
1425 1751 1453 1778 in
1471 1751 1625 1787 chlamyde
1642 1751 1776 1779 coccinea
1792 1760 1861 1778 san-

1038 1798 1168 1834 guinem,
1186 1797 1287 1834 spinas
1302 1797 1330 1824 in
1347 1806 1463 1829 corona,
1480 1797 1707 1833 chirographum
1736 1805 1802 1824 vero
1831 1797 1861 1824 in

1037 1843 1190 1877 arundine,
1207 1843 1237 1869 in
1253 1850 1311 1877 quo
1323 1842 1386 1877 jam
1412 1841 1481 1869 olim
1507 1842 1664 1877 scripserat
1688 1843 1787 1869 contra
1810 1850 1863 1869 nos

1038 1887 1172 1915 diabolus
1186 1909 1192 1921 ,
1215 1889 1247 1913 ut
1267 1895 1326 1913 una
1351 1894 1418 1913 cum
1443 1888 1546 1919 morte,
1564 1886 1622 1913 hzec
1639 1885 1725 1913 etiam
1744 1887 1862 1913 demum

1038 1932 1186 1966 aboleret;
1211 1932 1418 1966 creaturasque
1451 1930 1487 1958 iis
1513 1934 1704 1966 perpurgaret
1729 1939 1734 1957 :
1759 1933 1789 1957 et
1812 1939 1864 1966 pro

1037 1976 1132 2013 spinis
1149 1976 1268 2012 quidem
1280 1975 1393 2011 lignum
1409 1975 1473 2002 vita:
1489 1974 1645 2010 largiretur
1661 1983 1667 2001 :
1686 1983 1736 2010 pro
1752 1974 1863 2010 peccati

1038 2021 1192 2057 sanguine,
1215 2021 1332 2056 proprio
1358 2019 1502 2055 sanguine
1526 2021 1633 2047 terram
1657 2022 1685 2047 et
1711 2019 1864 2047 universos

1038 2066 1212 2094 emundaret
1228 2073 1234 2091 ε
1251 2073 1303 2100 pro
1326 2064 1492 2098 maledicto,
1509 2072 1611 2092 omnes
1635 2064 1754 2091 demum
1781 2066 1863 2091 terrae

1038 2111 1150 2138 incolas
1165 2111 1266 2138 beatos
1295 2109 1415 2143 diceret;
1437 2109 1484 2137 his
1504 2109 1598 2136 verbis
1613 2117 1623 2136 :
1640 2120 1653 2133 α
1672 2109 1749 2137 Beati
1765 2109 1862 2141 mites,

1037 2155 1176 2190 quoniam
1192 2154 1247 2190 ipsi
1266 2153 1459 2190 possidebunt
1470 2155 1576 2181 terram
1595 2154 1626 2180 ‘9.
1641 2153 1773 2181 nldcirco
1785 2153 1863 2181 enim

1037 2202 1172 2228 nostrum
1196 2199 1291 2227 ferens
1312 2198 1495 2234 sanguinem,
1513 2197 1663 2233 proprium
1689 2198 1863 2233 sanguinem

1037 2252 1126 2280 super
1141 2252 1204 2272 eum
1221 2243 1342 2276 effudit;
1369 2251 1402 2269 ex
1419 2250 1476 2277 quo
1501 2242 1609 2270 factum
1626 2244 1670 2269 est
1686 2244 1718 2270 ut
1733 2251 1784 2278 pro
1801 2242 1863 2278 spi-

1038 2289 1095 2323 nis,
1112 2289 1188 2317 bona
1203 2288 1295 2316 multa
1310 2290 1339 2315 et
1354 2287 1412 2315 vita
1428 2288 1458 2314 in
1474 2287 1523 2314 illa
1537 2288 1685 2323 germarct
1700 2295 1705 2315 :
1727 2286 1756 2314 in
1773 2295 1862 2323 quam

1037 2333 1128 2361 David
1145 2333 1306 2369 respiciens
1322 2332 1362 2360 ait
1379 2340 1385 2359 :
1402 2343 1416 2356 ‹‹
1433 2331 1525 2359 Credo
1541 2331 1638 2359 videre
1655 2332 1731 2359 bona
1748 2331 1863 2359 Domiti

1038 2378 1068 2406 in
1085 2380 1161 2406 terra
1175 2377 1334 2405 viventium
1350 2377 1381 2405 ⁵ο.
1401 2387 1414 2401 ››

1073 2432 1115 2460 17.
1135 2431 1199 2459 Alia
1221 2438 1339 2467 quoque
1366 2430 1478 2459 ratione
1501 2438 1639 2457 coronam
1664 2429 1797 2465 spineam
1813 2437 1862 2466 ge-

1036 2477 1144 2510 stabat,
1161 2478 1194 2504 ut
1207 2475 1423 2504 sollicitudines
1440 2475 1469 2502 in
1486 2475 1540 2502 hnc
1556 2474 1614 2502 vita
1630 2477 1746 2502 nostras
1762 2475 1860 2502 aufer-

1035 2524 1089 2550 ret.
1107 2521 1209 2557 Injecit
1223 2520 1302 2548 enim
1318 2520 1419 2548 infelix
1433 2519 1494 2554 ille,
1518 2520 1587 2548 licet
1607 2519 1727 2553 invitus,
1745 2524 1862 2547 nostras

1035 2566 1066 2594 in
1091 2566 1175 2594 illum
1201 2564 1425 2600 sollicitudines,
1448 2565 1598 2601 ignorans,
1621 2563 1775 2593 Dominum
1795 2563 1861 2592 illas

187 2663 209 2682 “
223 2663 290 2692 Ose.
308 2672 346 2700 xv,
362 2664 390 2694 2.
428 2664 450 2683 ⁵⁷
466 2665 571 2694 Genes.
588 2673 627 2701 iv,
643 2666 687 2694 11.
725 2666 747 2684 ⁵⁸
763 2667 866 2696 Genes.
883 2676 926 2704 Ill,
942 2669 982 2696 17-

1072 2670 1094 2687 "
1108 2670 1211 2698 Matth.
1228 2678 1256 2703 v,
1269 2669 1299 2697 4.
1340 2669 1363 2686 ⁶⁰
1378 2667 1454 2697 Psal.
1470 2677 1547 2702 xxvi,
1563 2668 1606 2695 13.

187 2770 244 2808 (96)
257 2771 379 2817 ’Regius,
396 2771 574 2800 ἑσκυλιόοντο
589 2772 705 2809 τούτων,
723 2777 752 2802 et
767 2776 898 2804 secunda
922 2784 981 2804 ma-

153 2815 374 2916 ηῠὲδξξυῆῒὲίιιε
387 2847 416 2873 et
432 2844 544 2881 Anglic.
561 2844 646 2878 αὐτὴν
662 2843 749 2877 πάσας
763 2845 809 2878 τὰς
826 2847 942 2885 ἡμέρας.

201 2879 237 2907 98
263 2880 383 2916 Regius,
399 2879 479 2908 αὐτὸν
494 2880 547 2907 ἀπὸ
561 2879 675 2909 τούτων.

201 2879 248 2916 98)
263 2879 383 2917 Regius,
399 2879 547 2908 αὐτὸν-ὰπὸ
561 2879 675 2909 τούτων.

1071 2775 1129 2812 (99)
1145 2778 1188 2804 Ita
1203 2784 1306 2804 omnes
1321 2774 1528 2812 manuscripti
1536 2776 1567 2812 et
1590 2771 1861 2812 sdit.ﬂ_gom_melin.

1035 2804 1192 2840 Edit.’vero
1214 2812 1307 2839 Puris.
1340 2810 1378 2841 εἰς
1399 2804 1482 2844 αὖτήῦ
1519 2810 1594 2838 Mox.
1617 2804 1709 2841 Δαϐὶὸ,
1736 2809 1820 2837 abegi,
1844 2817 1862 2838 ο,

1035 2847 1125 2883 Regio
1154 2849 1181 2875 et
1209 2848 1391 2883 Anglicanas
1411 2846 1480 2883 Μως
1503 2846 1533 2872 in
1558 2848 1728 2883 postremo,_
1745 2844 1859 2883 κυρίου,

1035 2880 1117 2912 ᾶοόει
1130 2895 1137 2918 ;
1153 2885 1182 2912 et
1196 2880 1283 2919 paulo
1303 2884 1370 2918 post
1384 2882 1414 2910 in
1430 2882 1542 2915 eodem,
1558 2880 1612 2908 τῶν
1629 2880 1748 2912 ἀκανθῶν
1765 2880 1858 2915 deest,

1821 214 1880 245 2M
