4154 6390
359 387 479 447 215

1543 392 1607 450 S.
1655 387 2184 450 ATHANASIUS.
2207 420 2284 432 —
2319 387 2588 450 DUBIA.

3663 390 3783 449 216

361 523 824 594 gestantem,nos
857 521 916 576 in
947 521 1106 578 illius
1128 523 1476 594 perniciem,
1511 522 2012 579 sollicitudinibus

2148 519 2249 581 ῖοὺς
2295 519 2501 582 πάντας
2550 518 2889 596 ἀμερίμνους
2941 520 3058 574 κατ’
3105 517 3310 575 ἐκείνου
3339 522 3419 594 (1)
3449 521 3782 577 κατασκευά-

364 626 580 666 vacuos
611 610 978 666 redditurum
1006 629 1019 678 ;
1051 611 1134 666 ita
1159 617 1224 666 ut
1243 612 1401 666 verbi
1425 615 1748 668 sementem
1771 629 1800 666 a
1824 611 2012 683 spinis

365 703 781 772 perpurgatam
812 699 1170 769 habeamus;
1206 701 1262 756 in
1297 702 1559 757 oratione
1589 718 1719 756 vero
1754 705 2011 755 mentem

365 787 524 844 curis
557 789 800 844 minime
831 789 1210 845 abstractam.
1237 792 1363 862 Ipse
1396 792 1552 845 enim
1587 807 1689 862 pro
1722 790 1888 844 nobis
1920 789 2015 844 do-

365 877 478 934 luit
509 877 921 950 sollicitusque
945 879 1073 946 fuit,
1100 883 1165 934 ut
1195 896 1302 935 nos
1328 879 1627 935 doloribus
1653 895 2012 946 vacaremns,

368 967 622 1038 Ideoque
655 983 890 1023 rursum
925 969 1276 1024 arundinem
1310 985 1380 1023 ex
1427 969 1513 1024 eis
1561 969 1785 1040 accepit
1814 967 2015 1023 Domi-

369 1072 504 1127 nus,
537 1056 780 1128 ipseque
810 1057 1082 1112 diabolus
1111 1074 1240 1112 eam
1274 1057 1518 1113 Domino
1551 1057 1812 1127 tradidit,
1846 1057 2015 1129 igna-

369 1161 473 1200 rus
504 1160 632 1200 sese
662 1150 864 1200 contra
915 1162 978 1200 se
1025 1144 1289 1218 gladium
1331 1162 1560 1202 acuere.
1610 1146 1831 1201 Dicitur
1859 1146 2015 1200 enim

372 1233 620 1298 arundo,
671 1234 1044 1306 serpentibus
1106 1234 1439 1289 occidendis
1506 1239 1659 1307 apta,
1711 1235 2020 1306 frangique

368 1320 504 1378 illos
533 1322 821 1378 arundine
852 1323 1046 1393 potius
1077 1339 1254 1395 quam
1287 1323 1677 1380 instrumento
1708 1323 1841 1380 alio.
1873 1324 2017 1379 Cum

369 1410 551 1483 igitur
579 1411 705 1482 ipse
750 1411 1036 1468 Dominus
1066 1413 1343 1482 Sabaoth,
1378 1417 1442 1466 ut
1472 1413 1554 1467 ait
1582 1413 1784 1478 lsaias,
1819 1429 2020 1484 perse-

369 1505 648 1573 queretur
676 1500 995 1572 fugientem
1018 1503 1350 1567 draconem,
1374 1508 2019 1574 serpentem,magnum

370 1590 669 1646 diabolum
703 1606 716 1645 :
751 1591 880 1646 ideo
915 1591 1068 1662 quod
1099 1589 1185 1645 illi
1215 1590 1447 1646 exitiale
1485 1596 1610 1647 erat
1639 1593 1711 1648 ab
1743 1593 1827 1647 eis
1859 1609 2019 1649 acce-

372 1680 460 1749 pit
481 1679 798 1748 Dominus;
839 1686 905 1735 ut
951 1679 1202 1752 propriis
1219 1679 1332 1735 sibi
1375 1681 1551 1737 rebus
1573 1681 1874 1738 debilitate
1891 1681 2021 1737 dia-

375 1767 530 1836 bolo,
556 1769 731 1825 rebus
767 1768 996 1824 Domini
1027 1769 1294 1826 homines
1316 1770 1584 1827 fortiores
1614 1771 2018 1827 redderentur.

375 1858 556 1923 Quale
584 1857 765 1915 David
795 1857 856 1914 in
889 1857 1118 1915 Gcliath
1151 1858 1499 1932 designavit,
1533 1859 1634 1931 qui
1665 1865 1900 1932 accepto
1916 1859 2022 1916 ini-

379 1948 516 2005 mici
545 1947 761 2021 gladio,
795 1963 862 2004 eo
909 1947 1036 2021 ipso
1077 1953 1253 2020 caput
1289 1948 1513 2005 inimici
1546 1949 1808 2022 praecidit
1835 1951 1897 2004 δι.
1932 1951 2024 2006 Id-

379 2037 576 2110 ipsum
621 2039 750 2109 jam
799 2036 1062 2094 Salvator
1109 2039 1401 2110 praestitit,
1457 2043 1696 2112 accepta
1758 2040 1831 2095 ab
1881 2040 2028 2112 ipsis

382 2127 693 2196 arundine,
727 2131 794 2183 ut
823 2144 938 2183 non
969 2128 1140 2184 modo
1173 2145 1280 2184 nos
1316 2146 1350 2183 a
1378 2130 1669 2202 serpentis
1699 2128 1931 2185 fallacia
1960 2129 2027 2184 li-

381 2218 647 2273 beraret:
681 2217 780 2272 sed
806 2217 981 2272 etiam
1015 2217 1213 2290 ipsum
1247 2223 1579 2290 serpentem
1611 2218 1899 2275 arundine
1933 2235 2026 2274 oc-

381 2305 620 2371 cideret,
651 2309 1070 2376 mortuumque
1117 2305 1435 2363 exhiberet.
1487 2307 1572 2363 Ita
1601 2307 1785 2380 igitur
1813 2306 2028 2363 illusus

380 2394 662 2452 scelestus
692 2393 808 2460 ille,
842 2394 1046 2450 videns
1077 2411 1140 2450 se
1169 2396 1240 2450 ab
1271 2395 1344 2451 iis
1375 2397 1662 2452 excidisse
1693 2397 2027 2468 rebus,qui-

379 2484 491 2541 bus
522 2484 831 2539 adversum
856 2501 963 2539 nos
997 2485 1094 2542 72
1117 2485 1470 2541 efferebatur
1503 2503 1514 2542 :
1548 2487 1870 2558 vidensque
1903 2502 1966 2542 se
1999 2503 2032 2541 a

378 2577 537 2630 terra
565 2572 963 2644 exturbatum,
998 2577 1331 2646 terramque
1361 2591 1395 2630 a
1425 2575 1710 2647 sanguine
1740 2579 1797 2631 et
1842 2574 2030 2648 spinis

382 2660 690 2719 emundari
724 2679 738 2717 :
771 2679 1015 2733 seseque
1045 2663 1249 2719 videns
1275 2663 1547 2720 amisisse
1575 2664 2030 2738 chirographum

385 2755 444 2808 et
473 2750 788 2823 calamum,
819 2750 878 2806 in
911 2768 1026 2823 quo
1058 2753 1366 2809 adversum
1400 2769 1507 2809 nos
1537 2753 1872 2825 scripserat,
1907 2771 2030 2809 rur-

387 2857 521 2898 sum
548 2857 665 2896 non
697 2841 966 2896 audenda
995 2841 1190 2908 audet,
1225 2858 1403 2913 seque
1432 2841 1629 2914 ipsum
1663 2843 1850 2915 magis
1879 2860 1948 2899 ea
1976 2859 2037 2899 re

393 2929 816 3004 percutit.Cum
848 2929 1004 2985 enim
1039 2931 1362 2986 audivisset
1393 2932 1698 3003 improbus
1730 2931 1826 2987 ille
1853 2933 2038 2988 Domi-

391 3035 536 3077 num
567 3019 856 3075 dicentem
889 3034 903 3073 :
941 3041 970 3069 «
999 3020 1249 3092 Spiritus
1282 3025 1592 3093 promptus
1630 3026 1740 3092 est,
1769 3039 1902 3078 caro
1933 3039 2038 3078 au-

392 3114 513 3166 tem
545 3108 783 3163 inﬁrma
803 3107 905 3179 ‘9,»
933 3112 1097 3164 ratus
1118 3107 1374 3164 Verbum
1394 3126 1510 3165 una
1540 3126 1675 3166 cum
1699 3127 1939 3183 corpore
1957 3110 2042 3166 in-

391 3197 637 3268 firmari,
659 3213 766 3253 nec
795 3213 1029 3270 corpus,
1061 3197 1233 3253 Verbi
1263 3197 1475 3254 virtute
1506 3199 2040 3267 corroborari,rur-

2123 627 2223 662 σει·
2261 607 2398 663 ὥστε
2448 609 2538 663 τὸν
2596 609 2689 683 μὶν
2735 608 2936 685 σπόρον
2985 614 3083 664 τοῦ
3115 608 3286 685 λόγου
3318 609 3597 686 ἐλεύθερον
3631 609 3780 686 ἔχειν

2120 696 2226 751 ἀπὸ
2271 702 2379 752 τῶν
2425 697 2691 769 ἀκανθῶν,
2744 698 2795 753 ἐν
2847 695 2901 753 δὲ
2965 703 3083 762 ταῖς
3136 699 3324 774 εὐχαῖς
3367 701 3428 755 τὸ
3478 700 3781 774 ἀπερίσπα-

2123 807 2263 841 στον.
2321 786 2496 848 Αύτὸς
2545 788 2649 863 γὰρ
2697 787 2821 864 περὶ
2869 789 3028 860 ἡμῶν
3085 786 3328 843 ὠδυνᾶτο
3370 789 3460 843 καὶ
3491 789 3780 866 ἐμερίμνα,

2117 873 2207 930 ἵνα
2234 877 2399 948 ἡμεῖς
2432 875 2699 932 ἀνώδυνοι
2729 877 3030 954 γενώμεθα.
3079 877 3176 933 Διά
3199 883 3361 934 τοῦτο
3393 876 3451 934 δὲ
3493 877 3657 934 πάλιν
3690 880 3781 934 καὶ

2121 965 2213 1019 τὸν
2240 963 2487 1038 κάλαμον
2513 961 2788 1039 ἐλάμϐανε
2820 968 2945 1043 παρ’
2978 967 3152 1022 αὐτῶν
3195 969 3222 1022 6
3275 968 3496 1043 Κύριος,
3543 969 3633 1024 καὶ
3682 969 3782 1024 αύ-

2123 1056 2216 1116 τὸς
2263 1055 2292 1108 ὁ
2337 1050 2597 1118 διάϐολος
2626 1053 2874 1111 ἐπεδίδου
2904 1060 3095 1112 τοῦτον
3121 1062 3201 1130 τῷ
3231 1059 3432 1130 Κυρίῳ,
3468 1058 3564 1112 οὐκ
3596 1056 3782 1130 εἰδὼς,

2127 1142 2210 1198 δτι
2254 1145 2374 1199 καθ’
2429 1143 2618 1200 ἐαυτοῦ
2670 1145 2734 1201 τὸ
2792 1145 2942 1224 ξίφος
3002 1146 3189 1218 ἀκονᾷ.
3244 1147 3463 1224 Λέγεται
3495 1148 3595 1224 γὰρ
3627 1148 3785 1203 ὁκά-

2130 1234 2306 1306 λαμος
2340 1234 2670 1310 ἀναιρετικὸς
2698 1235 2832 1290 εἶναι
2863 1240 2970 1290 τῶν
3017 1235 3212 1314 ὄφεων,
3263 1238 3354 1292 καὶ
3405 1236 3589 1310 τούτῳ
3641 1234 3784 1310 μᾶλ-

2129 1319 2226 1376 λον
2276 1322 2309 1390 ἢ
2363 1321 2528 1398 ἑτέρῳ
2563 1323 2988 1400 καταράσσεσθαι
3018 1324 3236 1388 αύτούς.
3270 1326 3420 1381 Ἐπεὶ
3450 1327 3630 1381 τοίνυν
3685 1327 3784 1382 αὖ·

2126 1411 2220 1473 τὸς
2253 1410 2502 1485 ὁΚύριος
2535 1407 2789 1482 Σαϐαὼθ,
2836 1413 2911 1476 ὼς
2949 1412 3172 1476 Ἡσαΐας
3223 1414 3391 1490 λέγει,
3449 1413 3642 1470 ἐδίωκε
3695 1416 3788 1470 τὸν

2129 1499 2391 1577 φεύγοντα
2448 1497 2734 1575 δράκοντα,
2781 1502 2873 1557 τὸν
2914 1498 3058 1579 ὅφιν,
3115 1503 3206 1557 τὸν
3271 1505 3436 1579 μέγαν
3503 1499 3784 1560 διάϐολον·

2127 1587 2322 1643 τούτου
2379 1584 2556 1644 ἕνεκεν
2613 1589 2777 1645 αὐτοῦ
2832 1592 2894 1646 τὸ
2951 1591 3287 1667 ἀναιρετικὸν
3337 1587 3609 1666 ἐλάμϐανε
3664 1599 3790 1669 παρ’

2129 1675 2287 1731 αὐτὸν
2331 1678 2360 1732 6
2409 1677 2627 1755 Κύριος,
2672 1677 2785 1750 ἵνα,
2832 1684 2950 1742 τοῖς
2979 1678 3143 1744 ἰδίοις
3177 1680 3631 1752 ἐξασθενήσαντος
3689 1686 3787 1736 τοῦ

2131 1761 2415 1837 διαϐόλου,
2456 1773 2572 1829 τοῖς
2617 1773 2716 1822 τοῦ
2763 1769 2960 1840 Κυρίου
2992 1767 3442 1838 ἐνδυναμωθῶσιν
3501 1772 3555 1826 cl.
3576 1769 3786 1847 ἄνθρω-

2131 1874 2246 1911 ποι.
2308 1856 2433 1909 Οἷον
2494 1853 2550 1910 δέ
2594 1877 2647 1910 τι
2691 1856 2987 1926 πεποίηκεν
3034 1857 3062 1911 6
3094 1852 3261 1912 Δαϐἱδ
3320 1856 3406 1912 ἐπὶ
3435 1861 3534 1912 τοῦ
3566 1857 3786 1931 Γολιάθ,

2140 1939 2322 1999 λαϐὼν
2371 1948 2470 2000 τοῦ
2527 1945 2730 2021 ἐχθροῦ
2771 1947 2836 2000 τὸ
2866 1945 3041 2024 ξίφος,
3071 1947 3160 2001 καὶ
3193 1945 3244 2001 έν
3280 1947 3425 2018 αὐτῷ
3466 1948 3567 2016 τὴν
3623 1968 3788 2024 κεφα-

2138 2029 2241 2101 λὴν
2285 2037 2384 2088 τοῦ
2431 2033 2634 2110 ἐχθροῦ
2679 2036 2881 2107 τεμών.
2935 2038 3110 2093 Τοῦτο
3139 2041 3231 2090 νῦν
3263 2035 3413 2091 καὶὸ
3447 2036 3642 2110 Σωτὴρ
3693 2057 3794 2092 πει

2135 2121 2354 2193 ποίηκε,
2405 2117 2586 2177 λαϐὼν
2633 2121 2725 2177 τὸν
2777 2123 3027 2197 κάλαμον
3059 2127 3186 2198 παρ’
3219 2122 3520 2196 αὐτῶν,’ίνα
3571 2126 3648 2199 μὴ
3685 2125 3795 2198 μό·-

2134 2232 2226 2267 νον
2285 2214 2434 2286 ἡμᾶς
2484 2211 2821 2287 ἐλευθερώσῃ
2876 2213 2984 2268 ἀπὸ
3037 2221 3139 2284 τῆς
3192 2213 3404 2284 ἀπάτης
3443 2219 3541 2270 τοῦ
3590 2210 3790 2292 ὄφεως,

2137 2299 2283 2358 ἀλλά
2327 2301 2417 2356 καὶ
2465 2301 2625 2357 αὐτὸν
2654 2302 2747 2357 τὸν
2782 2297 2901 2381 ὅφιν
2935 2303 3101 2378 ἀνέλῃ
3127 2308 3207 2376 τῷ
3231 2303 3490 2378 καλάμῳ,
3521 2305 3613 2359 καὶ
3644 2301 3792 2375 δείξη

2135 2389 2342 2466 νεκρόν.
2399 2389 2554 2446 Οὕτω
2605 2389 2662 2446 δὲ
2719 2390 2810 2447 οὖν
2871 2393 3126 2468 παιχθεῖς
3185 2393 3214 2447 6
3274 2390 3484 2462 ἅθλιος,
3543 2391 3633 2449 καὶ
3663 2391 3794 2448 ἰδὼν

2139 2481 2324 2536 ἑαυτὸν
2376 2479 2667 2536 ἐκπεσόντα
2710 2481 2944 2553 τούτων,
2995 2482 3047 2537 ἐν
3080 2484 3164 2545 οἷς
3192 2481 3425 2559 ἐπήρετο
3457 2484 3578 2538 καθ’
3608 2483 3790 2557 ἡμῶν·

2141 2566 2270 2624 ίδὼν
2330 2566 2388 2624 δὲ
2439 2569 2596 2625 αὐτὸν
2657 2565 2992 2640 ἐκϐληθέντα
3049 2567 3114 2627 ἐκ
3159 2573 3237 2646 (2)
3259 2579 3360 2642 τῆς
3388 2576 3518 2646 γῇς,
3573 2572 3664 2627 καὶ
3693 2572 3795 2640 τὴν

2140 2666 2244 2734 γῆν
2294 2659 2729 2734 καθαριζομένην
2773 2659 2880 2715 ἀπὸ
2928 2664 3038 2716 τῶν
3089 2661 3336 2735 αἱμάτων
3367 2663 3457 2716 καὶ
3496 2665 3605 2716 τῶν
3633 2661 3796 2715 ἀκαν-

2142 2749 2273 2819 θῶν,
2302 2748 2392 2803 καὶ
2422 2747 2552 2803 ἰδὼν
2586 2748 2772 2804 ἑαυτὸν
2803 2748 3142 2806 ἀπολέσαντα
3178 2752 3242 2805 τὸ
3290 2750 3657 2826 χειρόγραφον
3706 2750 3798 2804 καὶ

2141 2837 2232 2893 τὸν
2286 2836 2557 2911 κάλαμον,
2617 2837 2669 2892 ἐν
2726 2838 2772 2910 ᾧ
2815 2837 3139 2917 κατέγραφεν
3189 2839 3370 2911 ἡμῶν,
3419 2836 3604 2910 τολμᾴ
3633 2835 3798 2892 πάλιν

2147 2925 2455 3000 ἀτόλμητα,
2525 2926 2716 2983 πλεῖον
2788 2927 2975 2982 ἑαυτὸν
3029 2927 3119 2982 καὶ
3171 2925 3224 2982 ἐν
3273 2927 3453 3001 τούτῳ
3511 2927 3795 2996 πλήττων.

2147 3016 2410 3078 Ἀκούσας
2456 3015 2556 3092 γὰρ
2610 3018 2638 3072 6
2695 3018 2935 3093 πονηρὸς
2981 3015 3238 3093 λέγοντος
3265 3021 3362 3071 τοῦ
3394 3015 3619 3089 Κυρίουο
3649 3039 3677 3068 «
3729 3012 3802 3070 Τὰ

2148 3110 2362 3180 πνεῦμα
2390 3105 2692 3183 πρόθυμον,
2724 3107 2758 3177 ἠ
2795 3103 2854 3162 δὶ
2884 3105 3012 3183 σὰρξ
3044 3106 3292 3180 ἀσθενὴς,
3321 3129 3352 3159 »
3407 3105 3658 3179 νομίσας,
3717 3103 3800 3160 δτι

2153 3197 2182 3250 6
2227 3195 2400 3271 Λόγος
2448 3196 2754 3266 συνησθένει
2801 3199 2880 3267 τῷ
2928 3195 3164 3268 σώματι,
3211 3194 3302 3250 καὶ
3357 3194 3419 3249 οὗ
3474 3193 3686 3268 μᾶλλον
3734 3192 3804 3267 τῇ

393 3303 526 3344 sum
557 3287 782 3342 nefaria
812 3287 1172 3358 aggreditur,
1205 3287 1627 3360 carniﬁcesque
1673 3292 1876 3346 contra
1919 3289 2039 3344 Sal-

2154 3282 2377 3358 δυνάμει
2419 3288 2517 3339 τοῦ
2563 3284 2741 3361 Λόγου
2785 3284 3106 3360 συνισχύετο
3136 3286 3215 3358 (3)
3244 3283 3334 3339 καὶ
3362 3284 3426 3339 τὸ
3456 3288 3637 3356 σῶμα,
3694 3281 3803 3337 πά-

391 3381 654 3434 vatorem
688 3375 1021 3445 concitavit,
1068 3375 1196 3447 ipse
1250 3391 1385 3432 vero
1434 3377 1623 3450 spinis
1679 3377 1948 3444 adhaesit,
1981 3378 2039 3434 in

395 3466 583 3537 iisque
611 3465 931 3532 volutatus,
964 3480 1088 3520 rem
1119 3481 1332 3536 passus
1381 3468 1472 3522 est
1513 3465 1626 3522 sibi
1665 3467 2041 3528 contrariam.

397 3555 551 3611 Dum
579 3552 711 3610 illas
743 3553 901 3608 enim
932 3557 1152 3609 teneret
1180 3554 1379 3610 amisit
1417 3554 1598 3626 ipsas,
1633 3571 1782 3627 quas
1803 3557 2047 3629 putabat

401 3643 652 3700 amissas
684 3659 982 3698 resumere
1029 3658 1090 3700 se
1122 3644 1360 3698 tandem
1392 3660 1564 3716 posse
1596 3660 1610 3702 :
1645 3649 1706 3700 at
1733 3663 1848 3702 non
1881 3648 2046 3718 prius

400 3733 536 3790 illas
567 3732 822 3804 recipere
851 3732 1054 3800 valuit,
1077 3749 1252 3804 quam
1284 3732 1548 3790 Salvator
1576 3734 2046 3792 maledictiunem

405 3827 671 3880 nostram
725 3822 786 3876 in
838 3821 979 3891 ipsis
1028 3823 1202 3878 sitam
1236 3821 1539 3880 elevasset.
1582 3823 2050 3881 Maledictionem

405 3911 618 3985 quippe
638 3910 802 3967 illam
826 3927 959 3966 cum
991 3915 1280 3981 gestasset
1309 3913 1590 3970 Dominus
1614 3931 1629 3983 ;
1664 3918 1791 3970 tum
1814 3915 2052 3971 demum

408 4001 632 4073 recepit
685 3999 781 4055 ille
829 4000 1032 4072 spinas
1073 4005 1131 4056 et
1173 3999 1541 4074 chlamydem
1583 4019 1598 4060 :
1659 4019 1786 4074 quas
1828 4001 2051 4060 nullam

407 4095 532 4148 tum
567 4089 848 4145 adversus
871 4106 974 4144 nos
1010 4088 1125 4145 vim
1158 4089 1458 4161 haberent,
1477 4092 1578 4148 sed
1610 4091 1805 4164 potius
1836 4093 2054 4165 impro-

407 4180 652 4235 bitatem
683 4194 884 4234 eorum
916 4183 1246 4250 arguerent.
1278 4179 1410 4236 Jam
1441 4182 1599 4236 enim
1628 4181 1754 4254 ipse
1786 4181 2056 4238 diabolus

409 4267 469 4323 in
501 4266 710 4340 spinis,
744 4267 914 4338 quasi
963 4267 1023 4323 in
1075 4267 1334 4325 stimulis
1380 4273 1583 4326 contra
1625 4269 1909 4327 calcitrat.
1941 4273 2058 4344 Ipsi

411 4373 640 4430 quoque
689 4357 759 4413 de
809 4355 1080 4414 coccinea
1127 4357 1435 4432 chlamyde
1467 4358 1729 4416 dicitur:
1771 4362 2057 4427 Quemad-

412 4447 652 4502 modum
677 4444 1097 4503 vestimentum
1129 4448 1424 4520 sanguine
1467 4463 1853 4520 conspersum
1886 4466 2058 4504 mun-

413 4535 553 4592 dum
581 4550 699 4591 non
731 4538 861 4602 est;
895 4535 980 4591 ita
1010 4552 1201 4608 neque
1229 4540 1293 4592 tu
1326 4537 1587 4594 mundus
1617 4537 1752 4607 eris,
1777 4538 1917 4610 quia
1946 4542 2059 4593 ter-

2152 3373 2237 3431 λιν
2296 3373 2564 3449 ἐπιχειρεῖ
2614 3374 2925 3450 παράνομα·
2980 3374 3071 3429 καὶ
3120 3372 3246 3436 τοὺς
3283 3373 3378 3446 μὶν
3409 3370 3643 3445 δημίους
3673 3393 3806 3447 παρ-

2155 3465 2327 3536 οξύνει
2372 3465 2508 3519 κατὰ
2551 3469 2650 3519 τοῦ
2699 3471 2979 3540 Σωτῆρος,
3029 3463 3190 3526 αὐτὸς
3223 3461 3281 3518 δὲ
3309 3468 3417 3518 τῶν
3449 3465 3692 3518 ἀκανθῶν
3728 3461 3802 3517 εἷ’-

2154 3574 2307 3630 χετο,
2335 3552 2424 3608 καὶ
2453 3554 2577 3629 περὶ
2603 3552 2765 3616 αύτάς
2799 3552 3068 3621 ἐκυλίετο,
3098 3559 3326 3629 πρᾶγμα
3375 3554 3602 3630 πάσχων
3653 3551 3803 3608 ἐναν-

2153 3643 2292 3699 τίον.
2325 3648 2512 3719 Ἔχων
2539 3643 2640 3718 γάρ
2672 3641 2834 3704 αύτάς
2862 3639 3132 3715 ἀπώλεσε,
3181 3642 3271 3697 καὶ
3317 3642 3473 3714 ᾠήθη
3527 3643 3604 3715 μὴ
3657 3639 3800 3717 ἔχων

2160 3729 2412 3797 δύνασθαι
2473 3727 2657 3787 λαϐεῖν
2700 3731 2886 3794 αὐτάς·
2936 3729 3057 3796 ἀλθ’
3096 3731 3158 3786 οὐ
3189 3731 3452 3808 πρότνρον
3485 3730 3735 3810 εἴληφεν,
3766 3729 3813 3785 εἰ

2165 3823 2240 3894 μή
2303 3824 2402 3891 τὴν
2480 3823 2598 3886 καθ’
2674 3822 2837 3894 ἡμῶν
2911 3820 2962 3876 ἐν
3031 3819 3216 3883 αὐταῖς
3268 3822 3528 3894 κειμένην
3579 3819 3815 3895 κατάραν

2162 3909 2437 3988 έκούφισεν
2489 3911 2517 3964 6
2569 3911 2788 3986 Σωτήρ.
2833 3908 3205 3973 Βαστάσαντος
3255 3912 3331 3984 (4)
3358 3910 3459 3986 γάρ
3492 3914 3589 3965 τοῦ
3620 3909 3818 3986 Κυρίου

2161 3999 2384 4070 ταύτην,
2448 3997 2612 4054 πάλιν
2657 3993 2821 4055 ἔλαϐε
2867 3997 2964 4062 τὰς
3001 3997 3230 4062 ἀκάνθας
3281 4000 3371 4054 καὶ
3399 4000 3498 4068 τὴν
3531 3996 3816 4075 χλαμύδα’

2165 4089 2264 4145 οὐκ
2293 4085 2369 4145 ἔτι
2432 4089 2526 4162 μὲν
2580 4087 2842 4163 ἰσχύοντα
2884 4091 3006 4154 καθ’
3034 4089 3219 4163 ἡμῶν,
3252 4087 3467 4144 ἐκείνων
3499 4087 3558 4143 δὲ
3585 4089 3684 4158 τήν
3717 4109 3822 4144 πο-

2165 4179 2355 4253 νηρίαν
2403 4177 2730 4253 ἐλέγχοντα.
2784 4181 2890 4232 Νῦν
2945 4177 3036 4250 μὶν
3082 4178 3184 4254 γὰρ
3223 4177 3385 4240 αότὸς
3415 4179 3443 4233 6
3475 4171 3735 4239 διάϐολος
3767 4176 3821 4232 ἐν

2171 4268 2267 4342 μὲν
2312 4273 2431 4330 ταῖς
2473 4265 2723 4328 ἀκάνθαις
2769 4265 2844 4328 ὼς
2895 4264 2947 4320 ἐν
2979 4267 3222 4341 κέντροις
3264 4265 3375 4320 ἐστὶ
3408 4265 3674 4336 λακτίζων
3705 4267 3825 4330 καθ’

2169 4358 2349 4428 ἡμῶν.
2411 4355 2633 4430 Λέγεται
2678 4351 2736 4409 δὲ
2766 4353 2913 4426 αύτῷ
2942 4353 3064 4429 περὶ
3095 4356 3191 4422 τῆς
3221 4353 3476 4423 κοκκίνης
3509 4352 3820 4430 χλαμύδος·

2173 4445 2228 4500 δν
2261 4444 2460 4518 τρόπον
2494 4442 2711 4516 ἱμάτιον
2747 4442 2798 4497 ἐν
2846 4441 3037 4515 α’ίματι
3089 4441 3427 4518 πεφυρμένον
3457 4443 3556 4498 οὐκ
3586 4440 3696 4499 ἔστι
3727 4465 3825 4498 κα-

2174 4534 2361 4610 θαρὸν,
2393 4533 2564 4594 οὕτως
2598 4529 2724 4587 οὐδὲ
2752 4530 2815 4586 σὺ
2847 4531 2940 4606 ἔσῃ
2969 4531 3219 4604 καθαρὸς,
3254 4528 3391 4586 διότι
3424 4533 3522 4601 τήν
3561 4539 3666 4608 γῆν
3723 4553 3828 4606 μου

416 4641 541 4681 ram
573 4641 761 4681 meam
783 4625 1108 4697 perdidisti,
1128 4625 1534 4699 populumque
1561 4643 1754 4683 meum
1774 4627 2039 4684 occidisti

2175 4621 2484 4692 ἀπώλεσας,
2515 4621 2716 4677 καὶτὸν
2752 4619 2880 4677 λαὸν
2920 4641 3026 4694 μου
3061 4621 3400 4684 ἀπέκτεινας.

497 4731 579 4785 18.
612 4731 1002 4796 Quamobrem
1025 4731 1154 4803 jam
1186 4731 1491 4788 carniﬁces
1531 4732 1830 4789 concitans
1862 4733 1922 4788 in
1953 4733 2070 4790 Sal-

418 4824 702 4888 vatorem,
736 4818 1058 4877 calcitravit
1086 4820 1147 4876 in
1179 4821 1368 4894 spinis
1399 4821 1569 4894 quasi
1597 4822 1657 4879 in
1687 4822 2072 4896 stimulis,po—

417 4909 539 4965 tius
569 4909 695 4981 ipse
742 4925 1077 4980 percussus,
1111 4926 1290 4983 quam
1346 4915 1692 4984 percuteret.
1725 4913 1879 4978 Quos
1911 4913 2068 4968 enim

417 4998 544 5071 ipse
567 4996 880 5054 commovit
905 4997 964 5053 in
984 4998 1551 5070 Salvatorem,iidem
1573 5002 1851 5058 adversus
1874 5001 2071 5073 ipsum

419 5104 583 5145 arma
612 5087 949 5144 sumebant.
975 5091 1227 5161 Accepta
1256 5090 1474 5162 quippe
1504 5109 1538 5147 a
1566 5089 1863 5147 Salvatore
1893 5107 2069 5146 arun-

419 5177 577 5247 dine,
609 5176 720 5233 rati
769 5192 832 5232 se
881 5175 1051 5232 illum
1097 5181 1418 5249 percutere,
1462 5179 1864 5248 caecutiebant,
1897 5184 2072 5251 atque

491 5351 535 5388 ⁶¹
568 5351 593 5406 Ι
624 5351 764 5424 Reg.
795 5367 934 5418 xvn,
965 5349 1056 5405 51.
1132 5350 1179 5386 ⁸³
1209 5350 1418 5409 Matth.
1451 5369 1566 5424 xxx,
1604 5354 1688 5410 11.

501 5520 604 5594 (1)-
636 5520 760 5594 Κατ’
793 5518 1032 5594 ἐκείνου,
1055 5522 1219 5578 deest
1247 5521 1304 5576 in
1336 5522 1563 5594 Anglic.
1607 5523 1776 5593 cuius
1808 5521 1931 5578 loco
1965 5523 2078 5579 Re-

428 5589 567 5663 gius
592 5589 786 5666 habet,
819 5591 1162 5666 κατἀύτοῦ.
1223 5589 1464 5661 Ιὺὶἀοηῇ
1510 5589 1724 5666 Regius
1767 5595 1950 5661 solus,
1985 5614 2080 5647 κα-

427 5662 761 5738 τασκευάσει.
814 5664 960 5720 Editi
996 5683 1128 5723 vero
1170 5671 1227 5722 et
1258 5667 1448 5723 caeteri
1499 5662 1886 5738 mahuscripti
1924 5685 2080 5720 κατα-

434 5733 682 5808 σκευάσῃ.

2253 4733 2338 4787 18.
2391 4729 2494 4784 Λιά
2533 4733 2694 4784 τοῦτο
2743 4728 2832 4784 καὶ
2877 4733 2989 4800 νῦν,
3032 4732 3194 4782 κινῶν
3225 4727 3356 4790 τοὺς
3405 4725 3641 4802 δημίους
3695 4728 3832 4783 κατά

2176 4824 2274 4876 τοῦ
2321 4826 2599 4896 Σωτῆρος,
2646 4817 2920 4888 έλάκτιζεν
2983 4817 3060 4882 ὡς
3101 4817 3153 4872 ἐν
3202 4816 3442 4893 κέντροις
3499 4823 3618 4880 ταῖς
3671 4816 3832 4872 ἀκάνο

2181 4921 2322 4979 θαις,
2379 4909 2467 4962 καὶ
2517 4906 2729 4982 μᾶλλον
2775 4906 3074 4978 ἐπλήττετο
3123 4907 3157 4976 ἢ
3211 4905 3498 4977 ἕπληττεν.
3571 4904 3675 4968 Οῧς
3725 4908 3828 4984 γάρ

2181 4999 2340 5055 ἐκίνει
2388 4998 2523 5052 κατά
2567 5001 2664 5053 τοῦ
2715 5003 2998 5074 Σωτῆρος,
3046 4992 3195 5051 οὗτοι
3253 4998 3369 5051 κατ’
3422 4993 3586 5051 αύτοῦ
3645 4994 3822 5051 ὡπλί-

2185 5093 2357 5158 ζοντο.
2411 5081 2790 5160 Λαμϐάνοντες
2844 5086 2945 5163 γάρ
3001 5087 3092 5141 τὸν
3140 5082 3388 5159 κάλαμον
3433 5085 3579 5160 παρά
3606 5089 3703 5140 τοῦ
3734 5086 3842 5143 Κυ-

2183 5177 2323 5254 ρίου,
2356 5176 2445 5232 καὶ
2474 5176 2785 5251 νομίζοντες
2828 5175 2986 5232 αὐτὸν
3036 5174 3278 5246 τύπτειν,
3330 5173 3696 5253 έτύφλωττον,
3747 5173 3840 5230 τὸν

2261 5524 2338 5591 (2)
2370 5523 2484 5589 Ἐκ,
2515 5523 2680 5578 deest
2709 5520 2768 5575 in
2802 5519 3002 5591 Regio.

2262 5527 2316 5591 (2
2370 5524 2484 5589 Ἐκ,
2515 5524 2680 5578 deest
2709 5524 2768 5575 in
2802 5524 3002 5591 Regio.

2262 5524 2338 5664 (ϐξ
2368 5595 2583 5665 Regius
2613 5599 2672 5650 et
2699 5591 3080 5665 Anglicanus,
3099 5589 3411 5665 numquam.

2261 5661 2338 5738 (4)
2369 5661 2616 5732 Quidam
2649 5661 3055 5736 manuscripti,
3093 5661 3467 5737 βας-τάξαντος.
