4154 6368
352 413 475 477 311

1414 401 1519 461 DE
1563 396 1956 461 PASSIONE
1999 399 2099 459 ET
2143 398 2405 460 CRUCE
2449 397 2754 460 DOMlNl.

3681 393 3803 454 218

356 544 652 614 κινήσαντα
709 534 902 598 αὐτοὺς
961 528 1217 589 διάϐολον
1276 528 1566 592 κόπτοντες
1598 528 1649 584 ἐν
1681 532 1801 589 ταῖς
1857 526 2018 581 ἀκάν-

2161 545 2333 599 psum
2377 545 2439 584 se
2488 528 2879 584 concitantem
2916 527 3223 582 diabolum
3259 526 3317 581 in
3376 524 3568 598 spinis
3612 524 3801 580 caede-

364 646 500 699 θαις.
530 630 630 687 Καὶ
688 627 873 701 ὥσπερ
928 624 996 680 τὰ
1051 620 1204 691 ἔθνη,
1263 615 1529 675 ἀναϐάντα
1583 617 1720 673 κατὰ
1774 623 1874 686 τῆς
1933 618 2031 673 Ἱε-

365 721 678 800 ρουσαλήμ,
713 713 942 772 ἔκοπτον
972 710 1261 782 ἀλλήλους
1297 708 1348 764 ἐν
1377 709 1446 784 τῇ
1496 705 1712 763 κοιλάδι
1747 705 2029 784 Ἰωσαφὰτ,

364 795 453 867 καὶ
484 811 561 872 ὡς
592 809 644 862 οί
696 804 987 865 διώκοντες
1013 802 1104 856 τὸν
1154 799 1398 876 Ἰσραὴλ,
1433 795 1681 861 ἐλθόντες
1734 796 1881 870 παρὰ
1935 795 2030 856 τὰς

366 898 560 978 ὄχθας,
594 894 875 966 ἀλλήλοις
929 887 1346 978 συνεπλέκοντο,
1405 887 1496 942 καὶ
1557 883 2031 978 ἀλλήλους-κατα

368 973 701 1063 ελάμϐανον*
737 983 911 1044 οὕτως
938 980 1030 1035 καὶ
1077 984 1165 1034 νῦν
1211 980 1264 1032 οἱ
1322 975 1608 1037 διώκοντες
1668 975 1758 1029 τὸν
1810 973 2032 1049 Κύριον,

370 1062 655 1148 ἀλλήΛους
686 1070 913 1129 ἔκοπτον
946 1070 1288 1146 ἀγνοοῦντες,
1327 1065 1661 1142 βλάπτοντες
1712 1063 1806 1135 μὲν
1875 1062 2029 1117 αὐτὸν

373 1171 451 1239 (5)
482 1163 657 1234 οὐδὲν,
688 1160 907 1223 ἑαυτοὺς
941 1156 1000 1215 δὲ
1034 1156 1246 1232 μᾶλλον
1308 1153 1641 1215 ἀδικοῦντες.
1675 1155 1879 1226 Ὥσπερ
1929 1151 2033 1226 γὰρ

380 1255 467 1312 ἐὰν
500 1253 695 1328 πὲτραν
751 1254 817 1323 τῇ
876 1249 1027 1325 χειρὶ
1082 1245 1299 1301 κόπτειν
1331 1242 1480 1308 θὲλοι
1510 1264 1616 1312 τις,
1648 1243 1745 1311 τήν
1792 1240 1885 1314 μὲν
1946 1239 2037 1295 πὲ-

380 1364 508 1419 τραν
541 1341 603 1397 ού
631 1340 837 1413 τέμνει,
865 1342 964 1406 τὴν
996 1334 1054 1391 δὲ
1084 1340 1246 1413 χεῖρα
1286 1331 1659 1411 τραυματίζει·
1691 1335 1883 1386 τοῦτον
1941 1329 2032 1383 τὸν

373 1431 574 1504 τρόπον
607 1430 694 1485 καὶ
723 1430 775 1483 οἳ
806 1426 941 1482 κατά
968 1430 1066 1481 τοῦ
1128 1425 1327 1499 Κυρίου
1385 1421 1736 1499 πράττοντες,
1768 1419 1845 1482 ὡς
1902 1419 2037 1473 κατὰ

372 1520 645 1598 ἀφθάρτου
674 1516 1015 1591 τολμῶντες,
1049 1512 1443 1592 διεφθείροντο,
1473 1513 1564 1566 καὶ
1596 1512 1670 1573 ὡς
1721 1508 1858 1565 κατά
1905 1510 2037 1598 aea:

372 1586 536 1665 νάτου
577 1586 1006 1683 ἐπιχειροῦντες,
1056 1586 1209 1658 αὐτοὶ
1262 1586 1483 1675 μᾶλλον
1543 1598 1904 1669 ἀπέθνησκον.
1939 1586 2037 1650 Καὶ

369 1698 433 1754 τό
462 1718 527 1775 γε
554 1681 858 1773 χείριστον,
890 1692 971 1749 ὅτι
1005 1690 1094 1748 διὰ
1122 1696 1227 1747 τῶν
1257 1690 1423 1745 αὐτοῦ
1461 1687 1642 1764 μελῶν
1676 1686 1910 1763 ἔπασχεν

372 1789 403 1845 ’ὸ
439 1786 678 1862 μάλιστα
707 1783 897 1861 γέγονε
925 1787 1005 1855 τῷ
1036 1781 1328 1858 πανούργῳ
1378 1779 1517 1854 πρὸς
1562 1776 1775 1834 τελείαν
1836 1776 2039 1850 αἰσχύ-

2141 618 2302 672 bant.
2335 620 2415 673 Ac
2437 618 2614 673 veluti
2639 622 2842 689 gentes
2866 632 2993 687 quas
3015 619 3218 670 contra
3238 612 3565 670 Jerusalem
3597 629 3803 669 ascen-

2143 708 2373 774 derant,
2409 723 2472 762 se
2530 715 2737 761 mutuo
2789 705 3093 760 caedebant
3122 703 3182 757 in
3230 702 3379 757 valle
3408 703 3712 774 Josapbat,
3746 705 3804 756 et

2143 796 2242 868 qui
2306 796 2813 867 persequebantur
2858 793 3159 859 Israelem,
3200 792 3273 846 ad
3323 808 3455 846 oras
3485 788 3803 863 progressi,

2143 886 2200 941 in
2229 902 2291 941 se
2322 890 2527 941 mutuo
2581 884 2771 957 ignari
2815 881 3364 953 congrediebantur,
3427 896 3553 935 sese
3600 883 3803 935 mutuo

2143 975 2485 1046 capiebant;
2509 974 2593 1030 sic
2619 976 2743 1044 jam
2777 972 2877 1044 qui
2906 969 3221 1027 Dominum
3271 969 3801 1041 persequebantur,

2144 1080 2206 1119 se
2236 1063 2422 1135 ignari
2454 1063 2776 1130 caedebant,
2811 1060 2961 1116 nihil
2991 1060 3211 1131 ipsum,
3274 1057 3378 1113 sed
3436 1072 3564 1113 sese
3610 1057 3807 1129 potius

2145 1153 2442 1208 laedentes.
2484 1151 2993 1215 Quemadmodum
3022 1147 3177 1204 enim
3229 1147 3279 1204 si
3308 1146 3441 1219 quis
3490 1162 3672 1202 manu
3705 1162 3805 1219 pe-

2145 1239 2297 1298 tram
2330 1245 2631 1314 percutere
2659 1240 2818 1307 velit,
2846 1243 3072 1313 petram
3120 1238 3359 1310 quidem
3404 1252 3521 1292 non
3567 1233 3805 1305 scindit,

2148 1332 2249 1387 sed
2284 1347 2527 1387 manum
2568 1332 2857 1400 vulnerat,
2890 1329 3094 1385 eodem
3122 1327 3296 1382 modo
3346 1325 3449 1397 qui
3477 1329 3684 1381 contra
3706 1329 3812 1380 Dc-

2151 1420 2378 1475 minum
2432 1420 2702 1493 agebant,
2784 1422 2985 1489 utpote
3050 1420 3253 1473 contra
3300 1414 3803 1487 incorruptibilem

2151 1510 2301 1577 ausi,
2335 1510 2394 1564 in
2455 1509 2775 1581 perniciem
2806 1509 2972 1565 ibant
3002 1523 3016 1562 :
3050 1510 3108 1563 et
3139 1505 3240 1579 qui
3270 1510 3477 1562 contra
3504 1504 3809 1562 immorta-

2153 1600 2265 1656 lcm
2292 1604 2515 1655 certare
2538 1600 2853 1669 audebant,
2879 1602 3125 1654 mortem
3161 1597 3274 1669 ipsi
3307 1596 3419 1652 sibi
3451 1594 3807 1653 conscivere.

2154 1689 2435 1760 Quodque
2468 1689 2791 1761 pessimum
2824 1692 2968 1754 erat,
3003 1705 3037 1743 a
3085 1687 3211 1743 suis
3238 1687 3364 1758 ipse
3397 1686 3679 1742 membris
3709 1685 3807 1741 las-

2154 1778 2441 1834 debatur:
2494 1778 2649 1851 quod
2711 1775 3117 1833 versutissimo
3174 1774 3258 1830 illi
3317 1790 3551 1831 summo
3600 1775 3810 1847 pudori

373 1872 714 1947 νην.⁹’ολως
778 1874 872 1947 μὶν
931 1872 1033 1950 γὰρ
1095 1872 1197 1926 ὑπὸ
1253 1874 1353 1925 τοῦ
1404 1867 1602 1942 Κυρίου
1632 1864 2042 1939 πΛηττόμενος,

2159 1866 2284 1922 fuit.
2344 1866 2489 1923 Nam
2548 1867 2598 1923 si
2631 1884 2664 1922 a
2721 1865 2968 1922 Domino
3020 1863 3377 1937 vapulasset,
3436 1867 3666 1936 poterat
3721 1862 3809 1919 vel

374 1964 612 2038 ἠδύνατο
660 1970 987 2039 καυχᾶσθαυ
1025 1961 1114 2016 ὅτε
1172 1958 1229 2014 δὲ
1256 2008 1261 2015 ,
1289 1960 1374 2037 ὑφ’
1422 1960 1495 2013 ὧν
1555 1955 1896 2025 ἐδουλεύετο,
1931 1955 2031 2009 ὑπὸ

373 2054 583 2113 τούτων
643 2052 925 2122 κόπτεται,
968 2056 1129 2107 τοῦτο
1187 2056 1360 2104 πᾶσαν
1420 2047 1688 2124 αἰσχύνην
1750 2047 2038 2121 ὑπερῆρεν·

384 2145 540 2203 Ἀλλ’
573 2143 674 2199 οὐκ
714 2142 931 2199 ἐκείνων
960 2144 997 2212 ἡ
1030 2140 1223 2217 πληγή
1255 2140 1347 2195 τὸν
1380 2133 1500 2216 ὅφιν
1560 2138 1785 2213 ἀναιρεῖ·
1821 2134 1884 2190 οὐ
1939 2136 2038 2210 γὰρ

382 2239 640 2292 τοσοῦτον
689 2230 958 2303 ἠδύναντο
1008 2229 1286 2307 ἄνθρωποι
1340 2227 1431 2283 καὶ
1481 2224 1674 2300 δήμιοι
1713 2220 1883 2287 ὄντες⁹
1914 2219 2041 2278 ἁλλ’

381 2324 569 2382 ἐλύπει
628 2323 725 2397 μὶν
781 2320 943 2376 αὐτὸν
1000 2322 1035 2389 ἡ
1097 2313 1254 2395 ὕϐρις
1314 2320 1349 2387 ἡ
1406 2315 1553 2392 παρὰ
1605 2320 1714 2370 τῶν
1766 2311 2040 2371 Ἰουδαίων

382 2414 528 2487 αὐτῷ
556 2412 822 2489 γινομένη
854 2411 954 2482 (7)·
990 2408 1349 2485 ἐτραυμάτιζε
1400 2403 1459 2461 δὲ
1501 2407 1610 2480 οὐχ
1641 2406 1675 2474 ἡ
1710 2402 1858 2479 παρὰ
1911 2400 2037 2456 τού-

385 2526 494 2561 των
553 2503 818 2580 γινομένη
880 2498 1096 2575 πληγὴ,
1151 2496 1277 2553 ἀλλ’
1337 2497 1365 2552 6
1420 2494 1620 2570 Κύριος
1675 2495 1749 2567 (8)
1811 2493 1839 2547 ὁ
1893 2492 2039 2547 ἀντι-

384 2593 601 2670 κρούων
627 2596 697 2666 τῇ
726 2589 932 2646 τούτων
992 2587 1213 2662 πληγῇ,
1242 2585 1331 2641 καὶ
1360 2587 1396 2655 ἡ
1447 2584 1507 2641 ἐκ
1559 2591 1660 2654 τῆς
1712 2582 1902 2659 χειρὸς
1944 2583 2042 2636 τοῦ

391 2669 653 2757 Σωτῆρος
726 2678 990 2755 γενομένη
1065 2674 1294 2749 δύναμις
1363 2678 1443 2747 τῷ
1509 2670 1770 2747 καλάμῳ.
1831 2670 1935 2728 Καὶ
1989 2669 2041 2724 ἐν

379 2770 561 2843 τούτῳ
591 2771 694 2845 γὰρ
727 2771 755 2824 6
788 2768 979 2844 Κύριος
1036 2764 1544 2841 σχηματισάμενος,
1574 2762 1667 2817 καὶ
1722 2761 1791 2817 τὰ
1843 2761 2045 2836 ἀνθρώ-

378 2882 508 2918 πινα
540 2854 1019 2934 προϐαλλόμενος,
1052 2852 1270 2931 ἐδέχετο
1294 2854 1385 2910 τὸν
1436 2848 1557 2931 ὅφιν
1617 2851 1669 2906 ἐν
1714 2856 1833 2913 ταῖς
1881 2847 2045 2904 ἀκάν-

381 2962 519 3021 θαις,
555 2948 645 3004 καὶ
674 2947 748 3011 ὠς
781 2948 1066 3022 ἄνθρωπος
1087 2944 1450 3017 τυπτόμενος,
1483 2942 1786 3018 συνεχώρει
1826 2938 2046 2995 τύπτειν

384 3039 470 3095 τὸν
504 3033 627 3110 ὅφιν
683 3042 802 3099 τοῖς
846 3033 1093 3109 δημίοις·
1123 3032 1217 3089 τίνα
1245 3034 1274 3089 6
1304 3033 1437 3089 ποτὲ
1493 3031 1919 3107 καυχησάμεθος
1978 3027 2046 3083 εἶ-

385 3149 463 3184 ναι
493 3128 648 3199 Θεὸς,
679 3127 769 3181 καὶ
796 3123 1214 3200 καυχησάμενος
1248 3126 1321 3185 ὡς
1350 3121 1441 3178 τὸν
1502 3121 1698 3198 Κύριον
1762 3119 2043 3196 πειράσας,

387 3217 486 3273 ὑπὸ
534 3214 748 3289 δημίων
808 3212 1169 3287 τυπτόμενος,
1198 3210 1410 3269 τελείαν
1463 3212 1563 3281 τὴν
1615 3209 1887 3285 αἰσχύνην
1942 3207 2043 3263 ἀπ-

382 3327 433 3362 εν
440 3305 659 3383 ἐγκηται
670 3349 683 3362 .

454 3433 540 3489 19.
575 3425 863 3486 ’Δπὲϐαινε
894 3426 951 3485 δὲ
1007 3427 1156 3500 αύτῷ
1213 3432 1379 3481 ταῦτο
1430 3426 1521 3479 καὶ
1582 3425 1730 3500 παρά
1795 3424 2031 3500 γνώμην

383 3522 453 3577 ὧν
540 3515 818 3577 ἐϐούλετο.
881 3521 1148 3595 Ἐνεργῶν
1227 3516 1328 3593 γὰρ
1406 3515 1458 3569 ἐν
1533 3519 1651 3576 τοῖς
1732 3508 2029 3568 καταϐοῶσ

381 3614 479 3665 τοῦ
536 3615 821 3685 Σωτῆρος,
872 3607 1061 3683 ἠγνόει
1118 3607 1218 3673 τὴν
1277 3605 1489 3673 σιωπὴν
1543 3605 1869 3678 ἀντεισάγων
1928 3614 2049 3666 καθ.

384 3700 622 3755 ἑαυτοῦ·
700 3696 1014 3774 παροξύνων
1092 3694 1369 3767 Πιλᾶτον,
1459 3692 1557 3748 οὐκ
1648 3689 1768 3767 ᾔδει
1874 3698 2053 3746 κατα-ι’

381 3790 654 3858 σκευάζων
683 3787 800 3842 ἀντὶ
834 3784 1040 3848 δειλίας
1096 3786 1196 3854 τὴν
1254 3779 1505 3862 ἀφοϐίαν·
1538 3787 1705 3837 κινῶν
1759 3781 2050 3837 τύπτεσθαι

384 3878 472 3935 τὸν
559 3876 754 3954 Κύριον
788 3923 802 3949 ,
870 3875 1143 3932 ἐπλανᾶτο
1233 3871 1587 3948 δεικνυμένης
1675 3870 2050 3942 ἀνεξικακίας-

385 3969 484 4024 Καὶ
560 3966 717 4028 τέλος
802 3965 1151 4042 ἐμπαροινῶν
1236 3962 1373 4019 κατᾶ
1449 3966 1548 4017 τοῦ
1616 3967 1904 4037 Σωτῆρος,
1953 3958 2059 4015 οὐκ

384 4053 610 4115 ἔϐλεπεν
663 4056 858 4133 ἀρετὴν
904 4054 1042 4110 κατὰ
1096 4052 1287 4115 κακίας
1346 4049 1718 4120 καθοπλίζωνο
1748 4049 1893 4124 πάσῃ
1950 4051 2052 4125 γὰρ

384 4147 548 4219 κακίᾳ
592 4146 680 4201 καὶ
729 4145 973 4221 πονηρίᾳ
1001 4142 1183 4220 χαίρει
1217 4144 1245 4198 ὁ
1279 4140 1499 4218 ἐχθρός
1533 4140 1624 4195 καὶ
1672 4138 1724 4194 si’
1775 4160 1829 4194 τι
1887 4138 2051 4194 κακόν

387 4236 522 4305 ἐστι,
553 4239 713 4291 τοῦτο
741 4230 1057 4289 διαϐολικόν
1092 4231 1232 4287 ἐστιν
1283 4229 1477 4286 ὅπλον·
1512 4230 1547 4299 ἢ
1580 4228 1683 4305 γὰρ
1728 4225 1906 4300 δειλίᾳ
1957 4238 2054 4292 θα-

387 4324 573 4391 νάτου,
604 4325 641 4394 ἢ
675 4322 764 4379 διὰ
810 4324 872 4378 τὸ
919 4324 1223 4396 ἁμυνασθαι
1281 4318 1520 4389 πάντως,
1555 4317 1876 4395 ἁμαρτάνειν
1936 4317 2052 4372 πεί-

392 4416 494 4470 θει.
527 4415 678 4467 Ὅθεν
714 4414 742 4467 ὁ
789 4411 987 4487 Κύριος
1041 4410 1297 4483 ὑπέμεινε
1344 4407 1535 4464 πάντα·
1565 4404 1657 4462 ’ίνα
1714 4406 1766 4461 ἐν
1834 4407 1928 4479 μὲν
1986 4405 2056 4480 τῇ

388 4501 567 4575 δειλίᾳ
621 4504 723 4572 τήν
779 4499 1148 4577 ἁνδρείαν,τῇ
1210 4497 1268 4554 δὲ
1337 4493 1488 4571 ὕϐρει
1546 4498 1646 4566 τὴν
1693 4494 2051 4566 ἀνεξικακίαν,

386 4598 465 4666 τῷ
496 4590 554 4648 δὲ
585 4596 743 4665 θυμῷ
788 4592 890 4660 τὴν
941 4588 1243 4664 πραότητα,
1277 4587 1366 4643 καὶ
1414 4586 1503 4642 ἐπὶ
1555 4592 1714 4642 πᾶσιν
1746 4588 1826 4659 (9)
1860 4586 2055 4662 ἀρετὴν

2153 1956 2589 2027 quodammodo
2639 1955 2907 2027 gloriari:
2942 1970 3076 2010 cum
3135 1958 3330 2009 autem
3357 1953 3429 2010 ab
3461 1953 3534 2009 iis
3569 1969 3718 2026 quos
3750 1952 3811 2009 in

2151 2045 2489 2101 servitutem
2536 2046 2861 2118 redegerat,
2904 2043 3286 2115 percutiatur,
3326 2043 3438 2100 hoc
3492 2057 3667 2098 omne
3708 2043 3806 2099 de-

2151 2136 2333 2191 decus
2361 2135 2741 2191 transcendit.
2793 2135 3058 2189 Attamen
3101 2149 3216 2189 non
3267 2149 3471 2188 eorum
3532 2132 3651 2188 ictu
3689 2149 3810 2189 ser-

2152 2241 2297 2297 pens
2324 2224 2645 2281 occiditur:
2670 2240 2858 2296 neque
2878 2226 3109 2279 tantum
3145 2225 3382 2293 potuere
3414 2221 3501 2277 illi
3531 2221 3808 2278 homines

2151 2314 2593 2386 carniﬁcesque.
2632 2314 2740 2370 Sed
2782 2311 3048 2368 mceroris
3080 2315 3206 2367 erat
3248 2310 3606 2367 contumelia
3640 2328 3674 2367 a
3702 2310 3807 2368 Ju-

2152 2401 2291 2457 daeis
2313 2402 2426 2457 sibi
2456 2402 2618 2458 illata
2643 2418 2655 2457 :
2682 2400 3004 2457 vulneravit
3034 2406 3230 2457 tamen
3262 2399 3432 2456 illum
3456 2416 3571 2456 non
3602 2415 3807 2457 eorum

2152 2492 2451 2564 percussio
2475 2509 2490 2560 ;
2515 2491 2614 2548 sed
2630 2492 2946 2547 Dominum
2974 2490 3074 2562 qui
3109 2490 3344 2546 illorum
3370 2488 3808 2561 percussionem

2152 2581 2555 2653 propulsabat,
2589 2595 2816 2636 necnon
2839 2597 2904 2635 ea
2934 2580 3120 2637 virtus
3142 2596 3273 2652 quae
3304 2595 3373 2634 ex
3394 2595 3572 2635 manu
3606 2578 3808 2636 Salva-

2153 2672 2300 2727 toris
2325 2671 2385 2725 in
2418 2670 2773 2727 arundinem
2803 2669 3142 2742 permeavit.
3175 2669 3322 2724 Nam
3343 2667 3405 2723 in
3434 2669 3545 2724 hoc
3576 2685 3811 2741 quoque

2154 2759 2417 2816 humana
2446 2760 2761 2831 praeferens
2797 2758 3076 2815 Dominus
3125 2757 3545 2829 objiciensque,
3577 2773 3813 2829 serpen-

2153 2852 2274 2905 tem
2306 2848 2365 2903 in
2415 2848 2606 2921 spinis
2632 2848 2879 2920 excepit,
2912 2852 2970 2904 et
3021 2847 3191 2920 quasi
3249 2847 3424 2903 homo
3449 2847 3808 2914 verberatus,

2156 2943 2492 3011 serpentem
2549 2938 2840 2994 concessit
2895 2935 3332 2993 acarniﬁcibus
3382 2935 3715 2992 verberari:
3750 2940 3817 2991 ut

2154 3028 2257 3101 qui
2286 3044 2349 3084 se
2397 3028 2535 3084 olim
2596 3033 2775 3083 Deum
2800 3043 2929 3084 esse
2952 3026 3338 3099 gloriabatur,
3382 3029 3440 3081 et
3483 3041 3609 3081 sese
3632 3024 3813 3096 jacti-

2155 3119 2321 3174 tabat
2350 3118 2507 3191 quod
2556 3116 2877 3174 Dominum
2905 3120 3215 3185 tentasset,
3247 3133 3282 3172 a
3302 3114 3677 3173 carnificibus
3707 3132 3808 3171 va-

2157 3207 2370 3280 pulans
2400 3224 2705 3264 summum
2736 3206 2870 3263 inde
2898 3208 3152 3264 dedecus
3181 3206 3453 3262 auferret.

2239 3424 2324 3478 19.
2356 3424 2486 3480 Haec
2518 3440 2688 3495 porro
2738 3423 2853 3495 ipsi
2886 3427 3095 3494 praeter
3140 3421 3492 3478 sententiam
3524 3425 3581 3477 et
3617 3421 3817 3477 volun-

2165 3516 2345 3569 tatem
2370 3512 2648 3586 obtigere.
2672 3513 2818 3569 Nam
2867 3512 3009 3568 dum
3040 3512 3277 3567 turbam
3308 3514 3565 3568 moveret
3598 3512 3670 3567 ad
3703 3510 3821 3567 cla-

2168 3602 2454 3657 mandum
2502 3605 2707 3657 contra
2748 3601 3131 3668 Salvatorem,
3173 3600 3484 3672 ignorabat
3526 3615 3588 3655 sc
3648 3598 3823 3655 silen-

2166 3690 2316 3746 tium
2379 3689 2491 3747 sibi
2544 3690 2782 3747 noxium
2817 3688 3597 3748 inducere:dum,Pilatum
3629 3689 3821 3744 conci-

2164 3782 2335 3844 taret,
2397 3780 2696 3836 nesciebat
2745 3794 2808 3834 se
2880 3796 2983 3851 pro
3047 3777 3358 3833 formidine
3428 3777 3821 3834 constantiam

2166 3867 2468 3940 animique
2532 3869 2874 3924 ﬁrmitatem
2931 3867 3199 3923 efﬁcere:
3252 3867 3394 3922 dum
3443 3866 3717 3923 incitaret
3746 3866 3819 3922 ad

2160 3958 2592 4014 verberandum
2614 3957 2995 4026 Salvatorem,
3029 3956 3285 4012 multum
3316 3973 3351 4012 a
3379 3972 3559 4028 scopo
3590 3956 3823 4011 aberra-

2163 4047 2285 4115 bat,
2317 4062 2452 4103 cum
2483 4046 2621 4103 hinc
2651 4048 2779 4119 ejus
2825 4044 3133 4102 clementia
3161 4045 3592 4117 tolerantiaque
3623 4044 3820 4117 palam

2166 4138 2266 4192 73
2297 4137 2481 4191 ﬁeret.
2519 4137 2763 4191 Demum
2788 4137 2930 4191 dum
2954 4134 3013 4190 in
3046 4134 3407 4191 Salvatorem
3438 4133 3825 4191 debaccbare-

2164 4231 2281 4293 tur,
2323 4242 2437 4280 non
2470 4225 2831 4293 advertebat,
2860 4224 3139 4279 virtutem
3174 4241 3236 4280 se
3257 4223 3823 4297 contraimprobita-

2161 4318 2280 4370 tcm
2305 4314 2487 4371 armis
2518 4314 2841 4370 instruere:
2866 4313 3147 4369 inimicus
3176 4327 3434 4384 namque
3486 4311 3648 4369 omni
3679 4328 3825 4385 gau-

2162 4406 2261 4461 det
2291 4404 2518 4461 malitia
2546 4410 2605 4461 et
2636 4403 3104 4476 improbitate.Si
3131 4402 3271 4474 quid
3296 4402 3453 4459 enim
3478 4401 3701 4458 malum
3735 4417 3825 4457 re-

2163 4495 2446 4567 periatur,
2482 4494 2630 4551 illud
2661 4493 3018 4550 diabolicum
3048 4499 3135 4549 est
3158 4492 3342 4547 telum
3368 4509 3381 4548 :
3404 4508 3544 4547 nam
3577 4494 3678 4547 aut
3715 4492 3829 4546 for-

2167 4585 2389 4641 midine
2428 4585 2657 4650 mortis,
2717 4587 2819 4639 aut
2871 4582 3231 4639 defensionis
3285 4597 3465 4637 causa
3522 4584 3827 4653 peccatum

386 4654 525 4737 κατὰ
550 4654 871 4751 τῆξκακίας
907 4654 1240 4734 ἀντικεῖσθαι
1285 4673 1491 4751 διδάξῃ.
1524 4675 1623 4729 Καὶ
1676 4654 1906 4751 πρῶτον.
1954 4673 2043 4748 μὲν

2166 4675 2394 4730 suadet.
2430 4675 2621 4739 Quare
2642 4672 2930 4729 Dominus
2960 4672 3161 4727 omnia
3186 4670 3507 4739 sustinuit;
3543 4673 3607 4726 ut
3632 4669 3693 4725 in
3717 4671 3827 4727 for-

389 4768 633 4826 ἐδίδασκε
660 4771 740 4843 τῷ
790 4768 1048 4824 τύπτοντι
1097 4767 1175 4831 εἷς
1226 4767 1326 4836 τὴν
1388 4764 1615 4840 σιαγόνα
1670 4764 1914 4842 στρέφειν
1963 4762 2053 4819 καὶ

388 4861 485 4930 τὴν
520 4857 721 4930 ἄλλην·
754 4857 864 4913 καί’
900 4881 929 4909 ‹‹
964 4859 1055 4927 Μὴ
1088 4852 1343 4935 φοϐεῖσθε
1374 4856 1480 4910 άπὸ
1529 4856 1639 4909 τῶν
1698 4852 2054 4908 ἀποκτεινόν-

389 4969 496 5006 των
527 4948 588 5003 τὸ
621 4952 801 5021 σῶμα’
838 4971 868 4998 ››
897 4944 1008 5002 καί·
1043 4971 1072 4999 ‹‹
1107 4946 1246 5001 Ἀπὸ
1272 4949 1370 5000 τοῦ
1416 4941 1667 5017 ατίροντος
1714 4944 1782 4997 τὰ
1849 4942 1916 4997 σὰ
1977 4943 2052 5015 μὴ

392 5039 625 5094 ἀπαίτει·
662 5062 690 5090 ››
719 5036 829 5092 καί·
863 5060 893 5089 ‹‹
947 5034 1239 5114 Εύλογεῖτε
1293 5034 1420 5096 τοὺς
1478 5031 1800 5095 διώκοντας.
1854 5055 1884 5084 ››
1940 5033 2058 5087 Ἵνα

395 5124 454 5184 δὲ
486 5129 563 5203 μὴ
596 5125 859 5191 ἀδύνατος
898 5128 934 5199 ἠ
968 5125 1165 5197 ἐντολὴ
1195 5126 1431 5201 νομισθῇ
1462 5122 1609 5199 παρὰ
1650 5143 1781 5197 τισι,
1816 5118 1906 5178 διὰ
1929 5118 2054 5178 τοῦ-

370 5470 373 5471 γ
466 5395 544 5471 (5)
573 5389 770 5471 ᾼῦτόν,
795 5394 959 5471 deest
979 5392 1289 5471 inhAnglic.

486 5399 544 5469 5)
573 5399 770 5464 Αὐτόν,
795 5399 959 5451 deest
979 5399 1038 5450 in
1061 5399 1289 5466 Anglic.

463 5399 545 5540 £6)
578 5467 821 5540 Regius,
852 5462 963 5540 _8ta‘t
990 5468 1097 5519 τῶν
1152 5460 1322 5540 αὐτού
1369 5460 1548 5536 μελῶν
1601 5456 1864 5536 ἔπασχον.
1898 5459 2053 5517 Editi

390 5532 546 5607 vero,
581 5532 817 5593 διὰ-τῶν
851 5537 1043 5592 ἑαυτοῦ
1081 5535 1262 5609 μελῶν
1296 5532 1553 5611 ἔπασχεν.

441 5599 544 5699 ’(ἶ)
594 5611 813 5683 Regius
860 5599 1122 5667 secunda
1166 5626 1368 5675 manu,
1432 5599 1475 5677 ίὶῖ
1526 5604 1673 5681 παρὰ
1726 5607 1834 5659 τῶν
1896 5599 2049 5656 ίδίων

396 5702 542 5757 suae
564 5701 700 5757 .7”:-

466 5743 651 5827 (ἔπιε
680 5751 896 5825 Regius
928 5765 1109 5824 quem
1130 5751 1457 5824 sequimur.
1488 5750 1642 5809 Editi
1673 5748 1870 5818 νει-σθ)
1904 5743 2048 5819 παρά

2163 4764 2385 4819 midine
2446 4763 2853 4819 fortitudinem
2880 4780 2892 4830 ;
2926 4762 2986 4817 in
3017 4760 3378 4817 contumelia
3408 4758 3825 4829 tolerantiam;

2161 4852 2333 4908 inira
2386 4852 2944 4919 mansuetudinem;
2971 4851 3211 4905 demum
3244 4850 3302 4904 in
3340 4849 3616 4904 omnibus
3645 4848 3829 4903 virtu-

2164 4946 2284 4998 tem
2316 4942 2457 4997 vitio
2480 4942 2889 5013 opponendam
2925 4940 3265 4995 doceret.Ac
3297 4939 3550 5010 primum
3585 4937 3828 5007 quidem

2169 5033 2450 5088 docuerat
2507 5030 2855 5102 percutienti
2916 5028 3221 5085 maxillam
3281 5027 3638 5083 offerendam
3697 5042 3829 5083 esse

2167 5121 2345 5178 aliam
2379 5124 2492 5190 :et,
2537 5141 2564 5174 ιι
2595 5120 2677 5177 Ne
2728 5119 2932 5177 timete
2990 5119 3064 5176 ab
3114 5117 3187 5174 iis
3244 5118 3343 5190 qui
3382 5116 3656 5173 occidunt
3708 5131 3829 5172 cor-

2164 5386 2371 5464 ⁴τούτων
2429 5383 2805 5464 πληγὴ-ἀλλ’
2850 5386 2887 5456 ἡ
2920 5383 2981 5440 ἐκ
3005 5386 3103 5439 τοῦ
3136 5387 3397 5464 Σωτῆρος
3412 5424 3443 5464 ._
3448 5381 3637 5464 Paulo
3668 5386 3821 5464 post,

2166 5462 2471 5552 Regiusjet
2495 5432 2856 5552 A‘dg'licanu’s
2876 5432 3034 5552 'quosl
3064 5432 3395 5528 sequimur:
3425 5454 3525 5508 Καὶ
3555 5451 3609 5510 ἐν
3639 5432 3820 5527 τδύτιιῖ

2162 5527 2286 5608 γάρῖ
2321 5533 2493 5608 Ιῇἀίῐὶ,
2526 5527 2625 5587 Kal
2658 5530 2708 5608 ἓν
2735 5527 2921 5608 τούτῷ
2944 5527 3053 5608 καί.

2236 5596 2308 5676 i9)
2341 5596 2580 5675 Regius,
2611 5601 2714 5676 Kal
2768 5601 2855 5656 ἐπὶ
2886 5596 3094 5676 νπᾷσινι
3117 5598 3289 5676 Editi,
3347 5596 3436 5652 καὶ
3496 5596 3587 5654 ἐπι

2165 5666 2315 5747 Μόί,
2338 5666 2578 5747 Regius,
2611 5673 2874 5748 πρότερον
2912 5671 3005 5744 μὲν
3039 5666 3204 5725 ἑδιδ-.
3640 5670 3645 5673 “
