4154 6418
305 413 426 473 219

1514 411 1582 472 S.
1627 407 2242 472 ATHANASIUS.—
2279 405 2542 471 DUBIA.

3615 407 3733 472 220

305 564 420 621 pus
439 547 521 601 “z
548 567 575 596 »
598 548 680 615 et,
709 568 732 596 α
757 547 844 602 Ab
875 561 944 602 eo
972 545 1073 618 qui
1102 549 1206 602 tua
1227 545 1474 616 auferat,
1496 560 1571 602 ne
1602 546 1915 618 repetas“:
1933 565 1960 594 η

2074 563 2138 597 το
2171 542 2290 616 (10)
2322 538 2393 596 δι’
2442 540 2635 596 ἑαυτοῦ
2665 539 2732 594 τὰ
2780 541 2954 596 πάντα
3009 537 3245 612 ἐπέδειξε
3301 542 3329 596 6
3387 548 3606 617 Κυριος,
3639 543 3729 598 καὶ

303 641 379 708 et,
414 659 441 686 «
474 635 808 692 Benedicite
866 635 1354 708 persequentibus
1411 651 1514 690 vos
1531 635 1652 689 ⁸⁸.»
1699 634 1782 690 Ne
1828 650 1958 690 vero

305 725 663 799 quibusdam
702 724 1071 798 impossibile
1102 724 1396 779 videretur
1420 727 1796 795 praeceptum,
1829 723 1958 778 ideo

301 831 407 887 per
437 830 568 872 sese
593 813 794 870 omnia
812 813 1078 870 exhibuit
1107 813 1387 868 Dominus
1415 829 1426 867 :
1453 816 1628 884 atque
1649 829 1717 868 ex
1739 812 1810 867 iis
1833 828 1959 884 quas

303 921 521 978 passus
562 908 673 973 est,
710 902 898 958 suasit
935 901 1212 958 omnibus
1246 901 1344 972 qui
1378 901 1737 957 contumelia
1766 900 1959 955 afﬁce-

304 999 526 1062 rentur,
554 1008 625 1048 ne
657 992 915 1048 vicissim
947 991 1233 1046 inferrent
1263 989 1680 1046 contumeliam
1714 1005 1726 1043 :
1760 989 1957 1046 verbe-

305 1083 470 1153 ratis,
496 1099 568 1138 ne
587 1082 990 1146 verberarent;
1023 1079 1240 1145 illusis,
1268 1097 1340 1135 ne
1362 1080 1787 1147 irascerentur;
1817 1094 1960 1134 neve

305 1173 380 1228 ab
425 1188 492 1228 eo
541 1171 642 1244 qui
701 1177 899 1226 nostra
954 1169 1200 1236 auferat,
1235 1172 1574 1241 repetamus
1631 1167 1752 1236 illa,
1794 1173 1853 1224 et
1899 1169 1958 1224 in

306 1277 540 1317 summa
577 1277 648 1315 ne
684 1263 932 1315 mortem
963 1274 1450 1330 expavescemus;
1483 1257 1602 1312 imo
1634 1258 1825 1328 ipsam
1858 1274 1961 1330 spe

307 1351 639 1416 futurorum
686 1353 1157 1403 contemnamus.
1193 1349 1270 1401 Eo
1310 1347 1464 1401 enim
1508 1347 1702 1414 modo,
1738 1347 1962 1402 facilior

305 1444 393 1495 est
424 1437 667 1493 victoria
697 1438 767 1492 de
799 1435 1030 1492 diabolo
1059 1437 1245 1508 deque
1297 1437 1456 1491 omni
1498 1441 1756 1507 peccato,
1780 1453 1959 1508 quam

305 1528 353 1585 si
378 1544 486 1584 nos
508 1526 622 1600 ipsi
644 1526 1030 1581 vindicemns.
1055 1525 1437 1581 Vindicantes
1461 1525 1642 1592 enim,
1667 1529 1724 1581 et
1744 1526 1962 1597 injuria

306 1616 608 1688 injuriam,
654 1614 1011 1671 contumelia
1057 1615 1475 1671 contumeliam
1524 1615 1960 1687 prepulsantes,

303 1723 593 1779 augemus
616 1705 950 1776 alimusque
973 1707 1178 1760 contra
1199 1721 1306 1761 nos
1337 1705 1498 1777 ipsos
1521 1703 1830 1776 malitiam,
1855 1720 1961 1761 nec

304 1796 496 1868 magis
535 1793 806 1850 inimicos
837 1810 1014 1866 quam
1043 1794 1168 1865 |nos
1218 1793 1380 1866 ipsos
1409 1792 1695 1864 laadimus,
1717 1793 1790 1849 ob
1821 1810 1958 1849 con-

305 1885 740 1940 damnationem
787 1882 1011 1939 scilicet
1051 1888 1109 1939 et
1151 1883 1443 1954 judicium
1477 1882 1740 1938 futurum
1785 1884 1857 1938 de
1888 1882 1960 1939 iis

307 1973 410 2046 qui
443 1973 670 2030 malitia
701 1976 972 2028 utuntur.
1006 1971 1153 2028 Cum
1185 1976 1377 2028 autem
1409 1970 1533 2028 laesi
1564 1972 1866 2044 injuriam,
1899 1977 1965 2029 ut

306 2063 616 2130 Dominus,
636 2062 1024 2132 sustinemus,
1047 2065 1105 2117 et
1129 2060 1591 2118 conviciantibus
1619 2062 1960 2134 patientiam

306 2153 685 2226 opponimus,
710 2150 1118 2207 minitantibus
1141 2151 1565 2220 fortitudinem,
1592 2152 1763 2207 morti
1797 2168 1962 2224 spem

304 2241 802 2310 immortalitatis;
844 2241 904 2296 in
955 2241 1049 2298 his
1090 2258 1334 2314 prorsus
1381 2240 1716 2297 cruciamus
1763 2242 1962 2297 inimi-

305 2349 440 2388 cum
477 2348 489 2386 :
522 2332 768 2404 ipseque
799 2332 1089 2402 ejusmodi
1131 2329 1406 2403 panoplia
1438 2330 1673 2400 decidit,
1707 2348 1823 2404 qua
1855 2348 1962 2388 nos

307 2422 610 2479 instruens
642 2420 860 2476 Paulus
892 2421 973 2476 ait
1006 2437 1018 2476 :
1050 2443 1077 2472 ι(
1113 2419 1343 2475 lnduite
1386 2421 1564 2492 igitur
1596 2426 1959 2478 armaturam

307 2513 427 2579 Dei,
461 2516 527 2566 ut
558 2511 797 2583 possitis
830 2516 984 2566 stare
1017 2511 1297 2566 adversus
1328 2510 1576 2565 insidias
1608 2509 1824 2567 diaboli
1845 2512 1956 2567 ⁸⁵.»

307 2601 436 2656 Haec
484 2599 639 2655 enim
694 2600 950 2672 patiente
999 2599 1314 2666 Salvatore,
1346 2600 1538 2655 evenit
1581 2600 1725 2655 illud
1760 2616 1774 2656 :
1807 2621 1834 2653 α
1863 2599 1960 2656 Vi-

307 2692 518 2748 debam
575 2695 850 2747 Satanam
921 2691 1092 2762 quasi
1152 2689 1352 2763 fulgur
1404 2691 1474 2746 de
1541 2690 1686 2747 cmlo
1742 2692 1961 2748 caden-

307 2785 428 2836 tem
448 2781 518 2837 ⁵⁷.
545 2802 573 2830 »

375 2871 466 2924 20.
499 2869 706 2925 Statim
746 2868 926 2941 igitur
969 2871 1283 2940 postquam
1312 2868 1374 2924 in
1404 2868 1500 2925 his
1547 2885 1676 2926 sese
1723 2872 1960 2928 strenue

307 2958 588 3030 gessisset
630 2957 936 3024 Dominus,
965 2957 1390 3029 cecidissetque
1438 2958 1739 3028 inimicus,
1770 2960 1958 3033 impo-

307 3052 554 3104 suerunt
599 3046 683 3102 illi
733 3063 964 3103 crucem
1001 3063 1014 3103 :
1049 3047 1285 3120 signum
1335 3047 1608 3120 victoriae,
1639 3047 1729 3104 vel
1768 3049 1957 3120 inviti,

307 3139 615 3194 adversum
646 3137 872 3210 seipsos
900 3153 1098 3194 revera
1129 3136 1473 3208 praebentes.
1499 3139 1769 3203 Quandiu
1800 3137 1958 3194 enim

307 3230 489 3283 staret
517 3226 816 3294 inimicus,
849 3226 1145 3284 habebant
1183 3226 1488 3283 carniﬁces
1535 3225 1792 3299 lignum;
1821 3243 1957 3283 cum

307 3320 501 3372 autem
532 3315 739 3389 lapsus
769 3293 1108 3388 fractusque
1135 3319 1244 3384 est,
1277 3318 1418 3370 tunc
1446 3293 1732 3388 trOpQum
1764 3293 1959 3374 susce-
1988 3293 2031 3360 (ἶ

307 3405 394 3478 pit
426 3405 730 3471 Dominus,
754 3408 811 3460 et
843 3405 954 3460 sibi
986 3403 1290 3475 bajulavit.
1315 3404 1568 3460 Decebat
1596 3405 1813 3478 quippe
1843 3405 1959 3462 vic-

306 3499 493 3551 torem
526 3494 596 3549 de
627 3493 860 3550 diabolo
900 3493 1388 3564 triumphantem,
1420 3494 1641 3551 deferre
1691 3511 1794 3568 per
1833 3511 1962 3551 sese

306 3589 614 3656 trepaaum,
650 3599 756 3638 nec
801 3582 901 3639 alii
942 3582 1258 3638 concedere
1288 3583 1690 3640 deferendum.
1725 3587 1964 3659 Accepit

310 3676 506 3728 autem
539 3672 610 3728 ab
642 3671 788 3743 ipsis
828 3689 961 3726 cum
1007 3675 1222 3739 tropaeo
1269 3671 1620 3728 vestimenta
1668 3691 1796 3745 sua,
1830 3693 1962 3747 pro-

311 3762 579 3817 ficiscens
609 3761 682 3816 ad
727 3765 1010 3826 mortem;
1054 3768 1115 3815 ut
1144 3777 1212 3816 ea
1239 3761 1368 3833 ipsa
1400 3760 1460 3817 in
1493 3769 1677 3818 morte
1707 3768 1961 3822 exueret.

310 3852 441 3907 Ideo
473 3867 710 3906 rursum
753 3854 985 3917 exutus,
1019 3850 1330 3906 concitavit
1362 3849 1494 3906 illos
1527 3855 1591 3906 ut
1615 3869 1677 3908 se
1711 3853 1962 3910 adduce-

310 3944 457 3997 rent.
477 3941 628 3996 Dum
652 3939 1040 3996 abduceretur
1061 3944 1278 4008 autem,
1295 3942 1620 3997 secundum
1649 3942 1960 4002 Joannem.

311 4046 542 4086 crucem
575 4030 698 4100 ipse
747 4045 918 4085 suam
950 4029 1258 4101 bajulavit,
1284 4030 1606 4086 secundum
1637 4031 1785 4088 alios
1831 4049 1965 4091 vero

312 4119 720 4191 evangelistas,
781 4119 983 4176 Simon
1031 4119 1117 4174 vir
1145 4121 1451 4193 Cyrenaeus
1498 4137 1730 4178 crucem
1777 4123 1963 4180 tulit:

314 4209 470 4282 quod
527 4208 888 4265 contrarium
943 4225 1060 4264 non
1108 4213 1198 4266 est
1241 4210 1455 4266 Joanni
1499 4227 1511 4266 :
1565 4228 1749 4283 neque
1807 4213 1963 4270 enim

312 4299 572 4356 Joannes
629 4297 762 4354 aliis
812 4297 1186 4372 evangelistis
1237 4302 1532 4356 contraria
1586 4302 1810 4376 scribit,
1861 4305 1962 4359 sed

315 4393 634 4462 utrumque
665 4389 886 4446 factum
917 4394 1009 4447 est
1041 4407 1054 4446 :
1089 4407 1225 4446 nam
1257 4389 1370 4446 sibi
1416 4390 1702 4448 Dominus
1733 4409 1962 4449 crucem

312 4479 407 4552 baj
419 4479 618 4548 ulavit,
635 4483 692 4535 et
713 4496 950 4536 rursum
974 4483 1178 4552 postea
1197 4479 1398 4536 Simon
1421 4479 1600 4536 homo
1622 4480 1759 4537 tulit
1778 4481 1961 4540 illam.

317 4569 577 4625 Primum
630 4569 828 4642 itaque
877 4570 1043 4641 quasi
1073 4568 1293 4625 diaboli
1339 4573 1624 4641 tropaeum
1672 4571 1961 4643 gestabat,

2070 633 2159 709 ἀφ’
2216 633 2290 685 ὧν
2350 629 2608 706 ἔπασχεν,
2664 628 2842 686 ἔπεισε
2898 630 3099 692 πάντας
3169 626 3583 706 ὑϐριζομένους,
3647 634 3724 705 μὴ
3784 644 3786 646 ⁷

2071 716 2428 792 ἁνθυόρίζειν,
2486 719 2577 776 καὶ
2628 721 3025 794 τυπτομένους,
3084 722 3160 794 μὴ
3225 721 3583 795 ἀντιτύπτειν,
3635 723 3724 778 καὶ

2070 809 2534 887 χλευαζομένους,
2571 811 2646 883 μή
2681 809 3016 886 ὀργίζεσθαι,
3045 809 3134 864 καὶ
3184 810 3290 865 ἀπὸ
3331 815 3429 865 τοῦ
3477 810 3726 886 α’ίροντος

2066 899 2134 954 τὰ
2163 901 2324 972 ἡμῶν
2361 900 2437 972 μὴ
2474 901 2735 954 ἀπαιτεῖν·
2763 899 2851 953 καὶ
2881 898 3121 962 καθόλου
3155 900 3232 973 μὴ
3291 895 3572 978 φοϐεῖσθαι
3630 902 3722 956 τὸν

2073 986 2318 1049 θάνατον·
2353 984 2498 1041 ἀλλᾶ
2526 986 2615 1040 καὶ
2659 991 3010 1064 καταφρονεῖν
3057 986 3220 1042 αὑτοῦ
3268 991 3336 1061 τῇ
3390 986 3569 1043 ἐλπίδι
3613 992 3722 1043 τῶν

2075 1073 2415 1147 μελλόντων.
2447 1074 2602 1130 Οὕτω
2656 1075 2760 1151 γὰρ
2823 1073 3036 1148 μᾶλλον
3099 1073 3334 1152 εοῗιχερής
3365 1079 3399 1146 ἡ
3452 1077 3588 1132 κατὰ
3629 1082 3726 1132 τοῦ

2072 1159 2338 1220 διαϐόλου
2384 1165 2472 1219 καὶ
2521 1165 2698 1234 πάσης
2756 1164 3024 1240 ἁμαρτίας
3078 1164 3199 1234 νίκη
3234 1166 3478 1240 γένηται,
3511 1167 3546 1234 ἢ
3601 1165 3725 1220 ὅταν

2073 1255 2425 1327 ἀμυνώμεθα.
2460 1253 2824 1326 ’Δμυνόμενοι
2889 1255 2983 1327 μὲν
3042 1255 3144 1330 γὰρ
3195 1256 3286 1308 καί
3318 1251 3728 1317 άνταδικοῦντες

2068 1341 2195 1404 τοὺς
2225 1341 2643 1404 άνταδικοῦντας
2675 1345 2809 1413 (11),
2841 1343 2930 1397 καὶ
2977 1337 3284 1417 ὑϐρίζοντες
3313 1343 3439 1404 τοὺς
3482 1339 3726 1419 ὑϐρίζον-

2066 1452 2188 1504 τας,
2219 1431 2309 1486 καὶ
2335 1431 2633 1504 αὑξάνομεν
2666 1430 2754 1486 καὶ
2785 1431 3054 1509 τρέφομεν
3087 1433 3206 1496 καθ’
3230 1433 3433 1486 ἑαυτῶν
3467 1433 3565 1501 τὴν
3623 1454 3723 1487 κα-

2069 1520 2212 1592 κίαν,
2243 1521 2304 1576 ού
2340 1519 2552 1594 μᾶλλον
2578 1520 2705 1583 τοὺς
2756 1519 3008 1596 ἐχθροὺς,
3042 1519 3169 1575 ἀλλ’
3203 1521 3425 1583 ἑαυτοὺς
3473 1518 3724 1577 ἀδικοῦν-

2067 1623 2250 1693 τεςτῇ
2284 1616 2374 1674 διὰ
2401 1621 2498 1689 τήν
2546 1618 2736 1674 κακίαν
2790 1616 3051 1692 καταδίκῃ
3107 1618 3198 1674 καὶ
3255 1619 3426 1695 κρίσει
3489 1619 3723 1695 μενούσῃ

2067 1707 2195 1770 τοὺς
2240 1707 2408 1782 ταύτῃ
2464 1709 2869 1784 χρησαμένους·
2905 1707 3032 1763 ὅταν
3066 1704 3143 1777 δε,
3176 1709 3250 1770 ὠς
3278 1711 3306 1764 6
3339 1708 3557 1783 Κύριος,
3592 1710 3723 1764 ὑπο-

2072 1796 2320 1872 μένωμεν
2352 1795 2829 1872 ἀδικούμενοι,καὶ
2858 1803 2973 1859 τοῖς
3004 1795 3326 1872 λοιδοροῦσι
3355 1798 3454 1866 τήν
3490 1797 3721 1868 ἀνεξικα-

2070 1885 2186 1942 κίαν
2222 1889 2577 1961 άντιτιθῶμεν
2608 1890 2745 1962 (12),
2776 1892 2892 1949 τοῖς
2923 1884 2980 1942 δὲ
3009 1886 3293 1942 ἀπειλοῦσι
3324 1887 3422 1956 τήν
3455 1884 3720 1963 ἀνδρείαν,

2069 1981 2148 2050 τῷ
2197 1974 2255 2032 δὲ
2304 1975 2516 2049 θανάτῳ
2558 1978 2657 2047 τὴν
2709 1973 2905 2032 ἐλπίδα
2949 1983 3049 2046 τῆς
3081 1976 3388 2041 ἀθανασίας·
3423 1977 3642 2039 πάντως
3673 1976 3724 2032 ἐν

2069 2066 2282 2129 τούτοις
2314 2063 2592 2139 λυποῦμεν
2624 2067 2715 2121 τὸν
2748 2065 2968 2142 ἐχθρόν·
3003 2067 3248 2127 κάκεῖνος
3278 2064 3330 2120 ἐν
3387 2069 3457 2140 τῇ
3506 2065 3728 2141 τοιαύτῃ

2069 2154 2347 2228 πανοπλίᾳ
2375 2155 2719 2227 καταπίπτει,
2751 2154 2804 2210 ἐν
2902 2155 2990 2211 καὶ
3023 2157 3051 2210 6
3085 2154 3300 2218 Παῦλος
3346 2157 3498 2229 ἡμᾶς
3564 2167 3726 2220 καθο-

2070 2243 2280 2314 πλίζων
2326 2244 2512 2323 φησίν.
2546 2270 2575 2298 ‹‹
2623 2241 2944 2309 Ἐνδύσασθε
2997 2242 3088 2300 οῦν
3135 2245 3236 2312 τήν
3284 2242 3589 2298 πανοπλίαν
3629 2248 3728 2298 τοῦ

2071 2339 2225 2408 Θεοῦ,
2252 2331 2344 2389 ’ίνα
2375 2333 2643 2405 δυνηθῆτε
2689 2334 2827 2410 πρὸς
2858 2334 2954 2397 τὰς
2995 2330 3275 2407 μεθοδείας
3322 2337 3420 2387 τοῦ
3463 2327 3726 2389 διαϐόλου

2071 2431 2282 2494 στῆναι.
2321 2446 2344 2477 ι
2381 2423 2540 2482 Οὕτω
2568 2423 2668 2500 γὰρ
2725 2422 2817 2478 καὶ
2847 2427 2944 2478 τοῦ
2990 2429 3247 2500 Σωτῆρος
3308 2419 3722 2495 ὑπομείναντος,

2069 2513 2257 2592 γέγονε
2285 2513 2367 2569 τό·
2407 2537 2428 2565 ι
2462 2513 2760 2589 Ἐθεώρουν
2791 2513 2882 2569 τὸν
2918 2519 3156 2569 Σατανᾶν
3206 2510 3475 2567 πίπτοντα
3521 2511 3582 2568 ἐκ
3625 2516 3724 2567 τοῦ

2071 2604 2300 2681 ούρανοῦ
2331 2603 2407 2667 ὠς
2440 2604 2740 2679 ἀστραπήν.
2778 2625 2808 2656 ››

2137 2876 2229 2931 20.
2260 2871 2474 2938 Εύθὲως
2500 2875 2632 2948 γοῦν
2668 2869 2804 2945 μετὰ
2840 2870 2902 2925 τὸ
2925 2868 3140 2932 τούτοις
3172 2866 3579 2944 ἂνδραγαθῆσαι
3613 2869 3726 2941 (13)

2067 2963 2158 3018 τὸν
2209 2963 2430 3039 Κύριυν,
2462 2961 2553 3016 καὶ
2610 2965 2790 3015 πεσεῖν
2845 2960 2936 3014 τὸν
2995 2958 3217 3035 ἐχθρὸν,
3252 2957 3516 3028 ἐπέθηκαν
3579 2955 3728 3028 αὑτῷ

2066 3054 2157 3108 τὸν
2191 3051 2442 3129 σταυρὸν,
2473 3051 2764 3127 γνώρισμα
2811 3055 2912 3119 τῆς
2959 3048 3116 3118 νίκης
3163 3045 3386 3118 ἀληθῶς
3431 3047 3519 3101 καὶ
3567 3044 3726 3100 άκον·

2066 3163 2154 3204 τες
2185 3142 2301 3196 καθ’
2333 3142 2537 3196 ἑαυτῶν
2589 3137 2942 3215 παρέχοντες.
2972 3140 3116 3198 Ἕως
3175 3136 3270 3209 μὶν
3329 3135 3430 3212 γὰρ
3493 3133 3729 3205 εἴα-τήκει

2070 3232 2098 3287 6
2130 3229 2348 3307 ἐχθρὸς,
2380 3230 2532 3304 εἶχον
2565 3229 2619 3284 οἱ
2649 3225 2844 3302 δήμιοι
2895 3226 2958 3282 τὸ
3009 3224 3191 3297 ξύλον·
3234 3223 3323 3279 ὅτε
3371 3221 3428 3278 δὲ
3477 3221 3730 3279 πέπτωκε

2067 3320 2158 3376 καὶ
2214 3318 2540 3396 κατερράγη,
2565 3317 2689 3374 τότε
2742 3316 3002 3394 τρόπαιον
3057 3310 3247 3371 ἔλαϐεν
3303 3315 3331 3369 6
3386 3313 3602 3389 Κύριος,
3635 3314 3725 3368 καὶ

2069 3411 2244 3484 δαυτῷ
2292 3406 2572 3466 ἐδάστασεν
2605 3410 2738 3482 (14).
2771 3403 2920 3464 Ἔδει
2968 3405 3069 3481 γὰρ
3118 3405 3208 3460 τὸν
3259 3403 3484 3472 νικητήν
3527 3415 3724 3476 θριαμ-

2069 3495 2297 3555 ϐεύοντα
2327 3499 2461 3554 κατὰ
2489 3502 2586 3553 τοῦ
2609 3490 2894 3564 διαϐόλου,
2931 3495 3007 3568 μή
3040 3491 3199 3566 ἄλλῳ
3232 3497 3560 3568 συγχωρεῖν,
3593 3489 3724 3546 ἀλλ’

2071 3587 2244 3661 ἑαυτῷ
2280 3588 2558 3662 βαστάζειν
2605 3586 2671 3641 τὸ
2709 3585 2992 3660 τρόπαιον.
3029 3576 3338 3654 Ἐλάμϐανε
3396 3578 3453 3635 δὲ
3499 3578 3592 3634 σὺν
3643 3584 3722 3650 τῷ

2067 3677 2318 3755 τροπαίῳ
2346 3676 2436 3732 καὶ
2473 3677 2540 3732 τὰ
2587 3673 2776 3748 ἱμάτια
2824 3673 2950 3749 παρ’
3000 3671 3196 3740 αὐτῶν,
3225 3668 3598 3746 ἀπερχόμενος
3640 3667 3722 3755 ,εἷς

2069 3753 2162 3824 τδν
2196 3765 2443 3822 Θάνατον·
2481 3763 2598 3826 ἵνα,
2619 3764 2708 3819 καὶ
2755 3767 2924 3819 ταῦτα
2963 3761 3055 3816 σὺν
3102 3763 3182 3831 τῷ
3231 3759 3444 3831 θανάτῳ
3494 3753 3725 3812 ἀπεκδύ-

2073 3877 2252 3926 σηται.
2304 3857 2403 3911 Διά
2466 3859 2652 3924 τοῦτο,
2713 3850 2874 3908 πάλιν
2959 3847 3343 3921 ἐκδυσάμενος,
3399 3843 3727 3902 κατέσπευδε

2071 3946 2198 4008 τοὺς
2245 3945 2552 4020 ἀπάγοντας
2611 3940 2759 4018 ἄγειν
2823 3939 3004 3997 αὑτόν.
3038 3944 3122 4001 Ὠς
3169 3935 3227 3992 δὲ
3276 3938 3544 4012 ἀπήγετο,
3593 3934 3730 3990 κατὰ

2079 4036 2174 4110 μὶν
2223 4036 2315 4090 τὸν
2346 4033 2622 4106 Ἰωάννην,
2649 4033 2824 4103 ἑαυτῷ
2867 4030 2960 4086 τὸν
3008 4027 3236 4104 σταυρὸν
3289 4021 3566 4094 ἐϐάσταζε,
3595 4024 3733 4079 κατὰ

2075 4123 2134 4181 δὲ
2189 4125 2317 4188 τοὺς
2375 4121 2584 4186 ἄλλους
2640 4119 3050 4196 εὑαγγελιστὰς,
3089 4115 3274 4190 Σίμων
3306 4117 3334 4171 6
3365 4112 3651 4191 ἅνθρωπος
3703 4115 3730 4169 6

2075 4215 2180 4270 ἀπὸ
2222 4215 2476 4290 Κυρήνης
2525 4211 2680 4287 ἔφερε
2719 4210 2811 4265 τὸν
2854 4206 3101 4283 σταυρόν.
3143 4211 3295 4261 Ἔστι
3329 4202 3386 4260 δὲ
3428 4203 3528 4260 οὐκ
3585 4202 3733 4259 ἐναν-

2072 4304 2187 4360 τίον
2235 4308 2315 4376 τῷ
2366 4303 2606 4375 Ἰωάννῃ·
2643 4296 2770 4354 οὐδὲ
2815 4301 2919 4374 γὰρ
2968 4299 2996 4352 ὁ
3043 4295 3296 4364 Ἰωάννης
3344 4293 3580 4348 ἐναντίον
3616 4295 3730 4366 (15)

2071 4399 2190 4456 τοῖς
2217 4389 2414 4452 ἄλλοις
2445 4390 2663 4468 γράφει,
2695 4386 2821 4444 ἀλλ’
2870 4385 3151 4465 ἀμφότερα
3195 4383 3412 4459 γὲγονεν
3465 4380 3552 4438 ἐπὶ
3601 4380 3728 4468 τού.

2071 4503 2190 4537 του·
2245 4479 2334 4536 καὶ
2385 4465 2489 4556 γὰρ
2537 4465 2626 4533 καί
2674 4477 2846 4548 ἑαυτῷ
2877 4477 2904 4530 6
2937 4473 3137 4548 Κύριος
3185 4473 3276 4527 τὸν
3329 4472 3554 4548 σταυρὸν
3605 4465 3728 4526 ἐϐά-

2075 4575 2254 4640 σταζε,
2287 4569 2376 4624 καὶ
2406 4567 2569 4624 πάλιν
2604 4567 2791 4640 Σίμων
2826 4567 2853 4621 6
2885 4562 3170 4637 ἄνθρωπος
3203 4557 3384 4638 ἔφερεν
3434 4559 3616 4618 αὐτόν.
3647 4565 3732 4622 Ὡς

314 4659 684 4730 libenterque
714 4657 828 4714 sibi
859 4675 1091 4714 crucem
1131 4657 1419 4730 bajulavit
1450 4675 1463 4715 :
1497 4676 1613 4716 non
1644 4661 1802 4717 enim
1834 4677 1960 4719 coa-

2080 4662 2174 4736 μὶν
2209 4657 2302 4714 οῦν
2353 4657 2489 4714 κατὰ
2523 4661 2621 4712 τοῦ
2669 4650 2934 4711 διαϐόλου
2975 4651 3236 4730 τρόπαιον
3271 4648 3527 4719 ἑϐάσταζε
3577 4655 3725 4725 upili-

315 4755 442 4805 ctus
473 4751 719 4803 mortem
766 4748 930 4804 adiit.
962 4749 1042 4803 Ac
1073 4765 1310 4804 rursum
1360 4748 1498 4804 tulit
1547 4748 1709 4806 illam
1761 4751 1963 4808 Simon

314 4837 515 4906 homo,
535 4841 598 4892 ut
617 4836 892 4892 omnibus
916 4839 1121 4893 notum
1152 4841 1328 4906 esset,
1353 4854 1468 4894 non
1494 4856 1602 4895 sua
1622 4840 1962 4913 Dominum,

311 4927 414 4984 sed
444 4926 752 4982 hominum
802 4931 988 4982 morte
1019 4926 1189 4982 mori.
1223 4927 1325 4982 His
1370 4927 1449 4983 ita
1478 4929 1679 5000 gestis,
1715 4931 1965 4987 festinus

312 5017 385 5074 ad
415 5015 611 5073 locum
644 5015 944 5088 venit,quo
969 5015 1164 5088 ipsum
1187 5015 1248 5072 in
1271 5032 1503 5072 crucem
1527 5019 1841 5077 ascendere
1862 5037 1968 5094 par

2071 4746 2473 4824 τον,ἂκουσίως
2534 4744 2592 4802 δὲ
2633 4745 2723 4801 καὶ
2770 4744 2860 4800 τὸν
2913 4743 3140 4818 σταυρὸν
3187 4738 3369 4818 ἔφερεν
3417 4738 3610 4810 ἑαυτῷ·
3644 4739 3733 4794 καὶ

2073 4841 2179 4918 γὰρ
2212 4838 2312 4895 οὐκ
2341 4835 2779 4914 ἀναγκαζόμενος
2808 4832 3018 4912 ἤρχετο
3051 4831 3139 4887 ἐπὶ
3184 4831 3276 4886 τὸν
3324 4830 3548 4918 θάνατον
3597 4831 3734 4918 (1(5).

2075 4914 2174 4985 Καὶ
2206 4927 2371 4985 πάλιν
2405 4925 2463 4983 δὶ
2493 4921 2776 4995 ἐϐάσταζεν
2808 4923 2968 4979 αὑτὸν
3028 4923 3215 4995 Σίμων
3248 4919 3276 4974 6
3309 4916 3614 4995 ἄνθρωπος,
3641 4914 3734 4970 ἵνα

2077 5018 2292 5094 γνωσθῇ
2343 5022 2526 5090 πᾶσιν,
2558 5013 2643 5071 ὅτι
2691 5012 2753 5070 ού
2799 5011 2892 5068 τὸν
2944 5011 3157 5084 ἑαυτοῦ,
3187 5005 3336 5064 ἀλλὰ
3380 5006 3472 5062 τὸν
3502 5007 3610 5061 τῶν
3643 5003 3730 5059 ἀν-

379 5161 425 5197 ⁶³
457 5159 664 5217 Matth.
699 5175 755 5226 κ,
812 5158 903 5213 28.
934 5158 981 5193 ⁶⁴
1029 5157 1166 5214 Luc.
1217 5174 1296 5228 γι,
1326 5159 1417 5214 30.
1467 5160 1512 5196 ⁸⁸
1542 5160 1750 5218 Matth.
1795 5178 1849 5218 v.
1876 5162 1960 5218 44.

2074 5162 2088 5200 ⁵
2117 5162 2328 5236 Ephes.
2357 5176 2436 5230 v1,
2468 5161 2556 5217 11.
2587 5159 2630 5196 ⁸⁷
2670 5162 2806 5216 Luc.
2833 5173 2891 5227 ι,
2925 5156 3016 5214 18.

385 5314 494 5439 (40)
545 5314 642 5368 Διὰ
689 5317 873 5396 τοῦτο,
935 5312 1101 5368 deest
1150 5312 1211 5368 in
1261 5313 1667 5400 RegioLMox,
1725 5316 1964 5390 Regius,

385 5383 466 5439 εδε
493 5407 674 5439 κνυτο.
705 5386 930 5439 ΑΠαῙιο.
961 5380 1317 5439 ἰπεδείκνυεν.
1349 5389 1522 5439 Edltl-
1564 5385 1818 5439 ἐπέδειξε.

311 5380 931 5470 ἐπεδείκννδτο,.Αῐιεῖἱο;
961 5380 1317 5470 ἰπεέείκνυεν.
1346 5380 1522 5470 Ερὶιξ,
1547 5380 1818 5470 ’ἐπέδειξεξ

380 5452 1315 5532 (11),Βαεὶιῇϐ-ῐιεῖξ,-ᾀνταδικοῦντες
1464 5452 1570 5532 διὰ
1627 5460 1726 5528 τήν
1755 5452 1960 5515 ’κακίαν

311 5513 550 5606 φοδίξέίέ
572 5513 799 5606 φυκίεὲ
821 5513 900 5606 δῖ’
917 5513 1356 5606 meum».
1390 5513 1636 5604 ibidem,
1660 5513 1892 5606 seges
1907 5513 1966 5590 ει

310 5600 480 5662 ΑΒΕ).
538 5599 665 5661 τοὺς
697 5596 1120 5662 ἁντιδικοῦντας.

381 5671 492 5746 (12)
514 5672 891 5746 Anglicanus,
913 5671 1234 5746 ἀντιθῶμεν.

383 5741 498 5820 (13)
530 5741 746 5818 Regius
774 5750 832 5803 et
862 5745 1088 5818 Anglic.
1112 5741 1575 5822 ἆνδραγαθεῖσθαι.

2317 5315 2454 5388 Alii,
2505 5307 2814 5381 ἰὸάστασεν,
2870 5311 2993 5382 alii,
3047 5301 3328 5380 ὲόάοταξεν
3388 5307 3629 5374 habent,
3677 5309 3738 5362 et

2075 5390 2158 5448 sic
2199 5390 2374 5446 intra.

2168 5461 2260 5534 15)
2296 5459 2536 5534 Regius,
2562 5453 2785 5512 ἐναντία,

2143 5464 2254 5604 ito)
2304 5531 2635 5604 Anglican._
2671 5527 2785 5604 ὶκοι

2296 5515 2636 5614 ᾏιιςέιὶιξίω..
2671 5522 2933 5614 ἑκουσίως
3261 5521 3486 5614 σταυρὸν
3521 5515 3729 5614 item?!"

2073 5587 2253 5696 ἒαὺτιέ
2274 5587 2523 5696 γᾶρυκαὶ
2565 5599 2682 5696 ,οὐκ
2737 5598 2958 5696 ἀναγκῖ
2997 5596 3240 5696 R'engiul'1
3263 5587 3500 5696 npib'iov,
3533 5587 3736 5696 pii)?

2074 5664 2532 5753 καὶτδν’σταυρὸν
2565 5670 2747 5753 ἔφερεν
2799 5664 2991 5743 δαυτῷ.
3043 5664 3254 5740 Ἑαυτῷ
3301 5664 3406 5744 γὰρ
3460 5664 3552 5720 καὶ
3609 5664 3729 5720 οὐκ.
