4154 6392
392 422 505 483 221

1443 415 1545 474 DE
1588 413 1975 476 PASSIONE
2019 415 2119 475 ET
2163 416 2367 478 ΟΒ.Ηο
2463 421 2770 481 DOMINI.

3701 415 3820 475 223

390 557 625 632 θρωπων
687 552 1022 620 ἀποθνήσκει
1080 547 1303 602 θάνατον
1367 545 1394 601 6
1454 547 1669 620 Κύριος.
1718 547 1931 602 Τούτων
1985 545 2035 602 δὲ

2157 554 2302 619 erat,
2334 556 2400 607 ut
2429 552 2890 626 chirographum
2921 555 3124 608 contra
3156 567 3260 607 nos
3309 550 3622 623 scriptum,
3656 548 3813 621 quod

392 644 565 706 οὕτως
625 640 956 717 γενομένων,
1016 636 1235 714 ἔρχεται
1292 633 1534 691 σπεύδων
1597 636 1683 691 ἐπὶ
1732 638 1821 692 τὸν
1859 637 2048 706 τόπον,

393 729 515 788 ἔνθα
571 732 663 786 καὶ
724 724 1028 784 ἀναϐαίνειν
1082 727 1210 781 αὐτὸ
1258 725 1347 780 ἐπὶ
1392 728 1483 780 τὸν
1532 727 1756 798 σταυρὸν
1806 724 1932 799 ἔδει,
1961 724 2052 782 ⁸ίνα

390 824 452 878 τὸ
481 822 602 876 καθ’
631 822 794 892 ἡμῶν
828 816 1216 894 χειρόγραφον,
1249 814 1379 890 ὅπερ
1411 815 1516 869 ἀπὸ
1545 820 1651 868 τῶν
1686 815 1896 890 ἐχθρῶν
1929 817 2049 891 ᾕρε,

393 910 735 987 προσηλώσῃ
780 911 860 978 τῷ
907 910 1142 980 σταυρῷ,
1189 903 1279 959 καί
1335 902 1772 977 ἀπεκδυσάμενος
1821 909 1916 967 τὰς
1955 907 2050 980 ἀρ-

394 1003 498 1078 χὰς
528 999 620 1054 καὶ
672 997 767 1059 τὰς
821 994 1081 1067 ἐξουσίας,
1115 993 1165 1048 ἐν
1219 993 1494 1070 παρρησίᾳ
1548 991 1868 1068 δειγματίσῃ
1921 994 2046 1047 τού-

394 1111 520 1152 τους
553 1088 604 1143 ἐν
633 1092 712 1158 τῷ
742 1085 890 1156 ξύλῳ
922 1078 1266 1156 θριαμϐεύων
1296 1084 1411 1137 κατ’
1443 1083 1642 1151 αὐτῶν,
1674 1081 1761 1136 καὶ
1795 1080 2046 1138 δεικνύων

405 1179 494 1234 τὸν
531 1174 887 1232 ἐκσπασθέντα
918 1173 978 1228 ἐκ
1021 1177 1118 1227 τοῦ
1170 1171 1392 1234 λέοντος
1436 1170 1740 1248 ἄνθρωπον,
1791 1173 1880 1226 καὶ
1931 1171 2048 1227 λοι-

409 1268 508 1322 πὸν
564 1271 641 1337 τῷ
699 1262 818 1336 ἰδίῳ
854 1260 1044 1336 ατίματι
1077 1261 1274 1338 ῥαίνων
1321 1260 1410 1316 καὶ
1465 1261 1768 1337 καθαρίζων
1800 1263 1898 1330 τήν
1947 1269 2048 1338 γῆν

411 1355 717 1432 ἀρέσκηται.
745 1349 979 1407 Μέλλων
1027 1348 1084 1406 δὲ
1125 1355 1286 1406 τοῦτο
1315 1355 1513 1422 ποιεῖν,
1549 1348 1828 1421 ἐξεδύσατο
1852 1352 1918 1406 τὰ
1947 1352 2049 1424 ἰμά

394 1465 502 1501 τια.
532 1440 674 1498 Ἔδει
707 1442 810 1517 γὰρ
841 1440 1021 1509 αὐτὸν,
1074 1439 1356 1516 εἰσάγοντα
1404 1439 1491 1494 τὸν
1525 1441 1804 1511 ἄνθρωπον
1855 1442 1930 1502 εἷς
1959 1441 2048 1494 τὸν

390 1527 739 1605 παράδεισον,
794 1524 1186 1582 ἀπεκδύσασθαι
1235 1525 1361 1588 τοὺς
1413 1532 1678 1603 χιτῶνας,
1721 1528 1812 1590 οὒς
1855 1524 2044 1584 ἔλαϐεν

392 1618 422 1674 6
454 1615 630 1692 Ἀδὰμ
677 1611 1086 1688 ἐκϐαλλόμενος
1138 1615 1198 1670 ἐκ
1240 1620 1338 1670 τοῦ
1389 1614 1734 1688 παραδείσου.
1781 1620 1905 1673 Ὅτε
1946 1618 2046 1694 γὰρ

2164 641 2236 696 ab
2264 641 2522 699 inimicis
2553 644 2874 698 abstulerat
2905 642 3168 714 afﬁgeret
3198 641 3378 705 cruci,
3419 644 3594 712 atque
3623 637 3816 694 exutis

2165 729 2595 803 principatibus
2623 737 2679 788 et
2710 731 3119 804 potestatibus,
3151 746 3287 784 cum
3337 729 3553 784 fiducia
3585 727 3720 783 illos
3753 726 3813 782 in

2165 835 2334 875 cruce
2368 822 2716 889 traduceret,
2749 822 2820 875 de
2851 819 2969 875 illis
2988 818 3397 890 triumpharet,
3448 817 3810 874 ostenderet-

2161 924 2273 978 quc
2302 915 2568 981 ereptum
2601 925 2669 965 ex
2697 909 2864 965 leone
2918 907 3220 964 hominem
3254 921 3266 960 :
3302 921 3368 960 ac
3399 905 3639 960 demum
3673 920 3810 976 pro-

2160 997 2286 1068 prio
2316 999 2604 1070 sanguine
2633 1003 2848 1054 terram
2878 999 3232 1068 aspergeret,
3263 993 3815 1064 emundaret,atque

2163 1088 2261 1141 74
2291 1087 2567 1160 expiaret.
2590 1089 2651 1144 Id
2673 1104 2808 1144 cum
2842 1089 3104 1144 facturus
3126 1087 3282 1140 esset
3306 1083 3467 1138 exuit
3496 1081 3813 1138 vestimen-

2159 1181 2238 1231 ta.
2278 1177 2522 1233 Decebat
2551 1177 2708 1234 enim
2741 1194 2900 1248 eum,
2929 1192 3064 1232 cum
3089 1174 3388 1230 hominem
3418 1170 3815 1227 introduceret

2161 1265 2218 1320 in
2251 1266 2614 1336 paradisum,
2646 1266 2879 1323 tunicas
2908 1279 3137 1331 exuere,
3171 1279 3320 1334 quas
3362 1259 3585 1332 accepit
3623 1260 3811 1316 Adam

2159 1369 2292 1409 cum
2325 1371 2393 1410 ex
2424 1356 2693 1427 paradiso
2723 1356 3150 1411 exturbaretur.
3185 1352 3332 1408 Cum
3369 1349 3526 1406 enim
3547 1348 3647 1404 ille
3676 1364 3811 1421 peo-

2159 1449 2371 1512 cassct,
2404 1461 2470 1500 ac
2501 1446 2737 1502 demum
2788 1445 3110 1500 moriturus
3158 1444 3334 1510 esset,
3389 1437 3612 1512 accepit
3642 1437 3811 1511 pelli-

2159 1549 2290 1590 ceas
2320 1538 2535 1606 vestes,
2565 1551 2636 1592 ex
2664 1535 2915 1592 mortuis
2944 1531 3303 1590 animalibus
3332 1531 3538 1598 factas,
3571 1527 3809 1602 symbo-

2159 1620 2283 1677 lum
2315 1624 2521 1681 mortis
2551 1626 2624 1681 ob
2656 1628 2960 1696 peccatum
2991 1623 3106 1679 sibi
3138 1622 3414 1678 inductas.

391 1708 625 1783 ἥμαρτε,
658 1706 748 1762 καὶ
782 1706 974 1762 λοιπὸν
1003 1702 1247 1779 ἤμελλεν
1279 1705 1660 1776 ἀποθνήσκειν,
1690 1701 1855 1761 ἓλαϐε
1885 1704 2241 1780 δερματίνους
2271 1716 2534 1787 χιτῶνας,
2565 1713 2624 1767 ἐκ
2669 1709 2870 1788 νεκρῶν
2925 1711 3078 1781 ζώων
3128 1709 3477 1786 γενομένους,
3522 1699 3807 1780 σύμϐολον

394 1791 550 1860 ὄντας
582 1803 682 1866 τῆς
717 1793 804 1851 διὰ
833 1797 933 1865 τὴν
967 1794 1238 1872 ἁμαρτίαν
1258 1795 1570 1871 νεκρώσεως
1601 1795 1746 1868 αὐτῷ
1775 1795 2233 1873 προσγενομένης.

461 1888 554 1943 21.
585 1883 742 1942 Ἀλλ’
768 1885 796 1938 6
828 1882 1078 1959 Κύριος,ὁ
1108 1882 1367 1938 πάντατὰ
1395 1886 1557 1956 ἡμῶν
1587 1881 1655 1938 δι’
1687 1887 1836 1957 ἡμᾶς
1858 1881 2035 1939 ἀναδε-

2225 1889 2315 1945 21.
2349 1892 2458 1946 Sed
2493 1893 2796 1958 Dominus,
2829 1890 2930 1963 qui
2963 1892 3197 1962 propter
3239 1904 3346 1944 nos
3376 1885 3577 1943 omnia
3607 1887 3812 1941 nostra

392 1975 645 2048 ξάμενος,
692 1970 976 2028 ἐνεδύσατο
1023 1977 1210 2044 ταῦτα,
1245 1971 1338 2028 ’ίνα
1382 1973 1472 2028 καὶ
1523 1971 1912 2044 ἀπεκδύσηται,
1952 1973 2042 2030 καὶ

390 2065 506 2121 ἀντὶ
535 2063 744 2120 τούτων
777 2063 924 2136 ἡμᾶς
953 2061 1142 2136 ἐνδύσῃ
1170 2063 1270 2131 τήν
1303 2063 1445 2132 ζωήν
1472 2062 1562 2116 καὶ
1592 2064 1689 2132 τὴν
1724 2063 2038 2139 ἀφθαρσίαν·

389 2151 671 2210 ἐνεδύσατο
705 2150 762 2208 δὲ
797 2152 931 2225 μετά
959 2151 1166 2207 τούτων
1199 2152 1288 2206 καὶ
1322 2156 1533 2227 χιτῶνα
1581 2151 1817 2229 ἄρῥαφον
1847 2152 1906 2207 ἐκ
1931 2157 2038 2208 τῶν

388 2245 589 2300 ἄνωθεν
625 2242 858 2321 ύφαντὸν
907 2239 976 2297 δι’
1025 2241 1158 2297 ὅλου
1207 2241 1520 2318 γενόμενον⁸
1548 2240 1641 2296 ⁹ίνα
1682 2241 1776 2297 κᾶν
1819 2241 1878 2297 ἐκ
1923 2241 2042 2297 τού-

387 2354 494 2389 των
529 2335 642 2406 (17)
698 2337 978 2386 πιστεῦσαι
1035 2328 1334 2402 δυνηθῶσιν
1397 2333 1448 2386 οἱ
1498 2329 1776 2403 Ἰουδαῖοι,
1807 2331 1888 2394 τίς
1928 2331 2041 2386 ἐστι

387 2425 476 2480 καὶ
505 2423 669 2479 πόθεν
703 2425 732 2479 6
764 2421 1122 2496 ἐνδυσάμενος
1151 2427 1336 2477 ταῦτα’
1371 2421 1453 2477 ὅτι
1485 2423 1584 2476 οὐκ
1615 2423 1718 2476 άπὸ
1750 2431 1871 2498 γῆς,
1914 2422 2038 2478 ἀλλ’

388 2514 589 2578 ἄνωθεν
625 2512 924 2589 ἐρχόμενος
971 2512 1037 2580 ἦν
1072 2512 1100 2566 6
1148 2511 1343 2586 Λόγος,
1384 2510 1472 2565 καὶ
1523 2510 1605 2565 ὅτι
1653 2510 1713 2566 οὐ
1763 2512 2037 2587 μεριστὸς,

390 2602 517 2657 ἀλλ’
551 2601 835 2676 ἁμέριστός
866 2601 1006 2656 ἐστιν
1060 2602 1088 2655 6
1122 2599 1297 2676 Λόγος
1337 2601 1365 2654 6
1394 2605 1492 2656 τοῦ
1524 2601 1754 2676 Πατρὸς,
1789 2602 1898 2673 κσὶ,
1931 2600 2036 2670 ὅτι,

387 2689 684 2766 γενόμενος
737 2689 1040 2766 ἄνθρωπος,
1085 2689 1183 2744 οὐκ
1222 2689 1557 2766 ἐρραμμένον
1593 2689 1708 2764 εἶχε
1762 2689 1825 2745 τὸ
1881 2694 2040 2763 σῶμα

387 2780 441 2850 ἐξ
501 2777 690 2854 ἀνδρὸς
736 2786 825 2834 καί
880 2781 1151 2856 γυναικός,
1210 2779 1338 2835 ἀλλ’
1390 2779 1450 2834 ἐκ
1503 2779 1778 2853 Παρθένου
1841 2780 2034 2852 μόνης,

387 2868 692 2946 ὑφασμένον
733 2873 801 2943 τῇ
849 2875 947 2924 τοῦ
999 2868 1307 2942 Πνεύματος
1338 2870 1528 2944 τέχνῃ.
1560 2871 1710 2932 Ὃθεν
1745 2870 1796 2924 οἱ
1843 2867 2036 2942 δήμιοι

385 2959 448 3013 τὰ
484 2960 581 3032 μὲν
617 2956 764 3014 ἄλλα
811 2956 1214 3033 διαμερίζονται
1263 2959 1476 3031 ἱμάτια,
1515 2958 1741 3033 μεριστὰ
1791 2960 1894 3034 γὰρ
1947 2962 2037 3029 ἧν,

390 3047 471 3102 καὶ
501 3048 579 3109 εἰς
610 3047 845 3123 τέσσαρα
876 3045 1300 3123 διαμερίζονται·
1334 3047 1423 3101 καὶ
1445 3049 1544 3123 γὰρ
1571 3048 1702 3123 ὑπὲρ
1733 3055 1832 3117 τῆς
1868 3049 2038 3123 ἁμαρ-

388 3135 498 3199 τίας
556 3139 670 3212 (18)
725 3145 826 3207 τῆς
873 3141 1236 3212 τετραμεροῦς
1299 3135 1627 3210 οἰκουμένης
1679 3137 1815 3192 κατὰ
1844 3137 2037 3192 ἀνατο-

388 3222 507 3292 λὴν,
539 3224 632 3279 καὶ
694 3222 868 3294 δῦσιν,
919 3224 1009 3279 καὶ
1063 3222 1278 3300 ἄρκτον,
1308 3225 1399 3279 κἰὶ
1459 3219 1825 3301 μεσημϐρίαν,
1854 3224 2032 3303 ἐφόρει
2067 3258 2108 3326 C

381 3316 562 3366 ταῦτα·
613 3313 748 3388 ἅπερ
801 3314 1080 3387 θεωρήσας
1113 3314 1140 3367 ὁ
1177 3314 1434 3384 Ἰωάννης
1485 3311 1836 3386 ἐνδεδυμένον
1875 3313 2031 3370 αὐτὸν

384 3395 581 3478 ἔλεγεν·
621 3425 649 3452 ‹‹
711 3400 810 3458 Ἰδέ
857 3402 885 3456 6
919 3402 1088 3475 ἀμνὸς
1135 3406 1231 3458 τοῦ
1277 3407 1430 3472 Θεοῦ,
1465 3404 1492 3456 6
1525 3401 1691 3479 ai’pmv
1722 3404 1821 3471 τὴν
1856 3405 2035 3480 άμαρ-

381 3489 498 3546 τίαν
530 3495 627 3546 τοῦ
674 3491 906 3564 κόσμου.
945 3515 972 3542 ››
1002 3493 1099 3546 Τὸν
1151 3497 1362 3568 χιτῶνα
1405 3493 1519 3566 (19)
1575 3491 1737 3565 μόνον
1773 3491 1873 3547 ούκ
1900 3489 2034 3563 ἠδυ-

385 3580 625 3650 νήθησαν
662 3578 849 3655 σχίσαι
881 3576 1037 3658 φόϐῳ
1065 3586 1167 3636 τοῦ
1200 3578 1270 3640 δι’
1299 3580 1464 3636 αὐτοῦ
1493 3582 1902 3656 γνωριζομένου
1934 3603 2032 3652 ση-

389 3666 564 3738 μείου.
600 3667 697 3721 Καὶ
744 3672 905 3722 τοῦτο
958 3669 1062 3744 γὰρ
1093 3668 1192 3723 ούκ
1238 3658 1434 3740 αὐτῶν,
1468 3667 1614 3724 ἀλλά
1640 3674 1737 3724 τοῦ
1766 3670 2036 3743 κρεμαμέ-

381 3776 476 3810 νου
527 3763 786 3833 Σωτῆρος
814 3757 877 3812 τὸ
926 3753 1106 3831 ἔργον.
1155 3758 1255 3812 Καὶ
1310 3760 1412 3835 γὰρ
1442 3758 1805 3835 κρεμάμενος,
1839 3760 1915 3821 ὡς
1947 3761 2034 3814 ἄν·

382 3846 624 3920 θρωπος,
654 3846 748 3908 τὰς
785 3846 876 3918 μὲν
934 3847 1106 3923 ἀρχὰς
1156 3844 1368 3918 ἐδίωκε,
1398 3849 1489 3902 τὸν
1525 3845 1582 3902 δὲ
1615 3843 1872 3904 διάϐολον
1904 3871 2031 3904 κατ-

383 3929 655 4008 ελάμϐανε
691 3983 702 4005 ,
732 3937 859 3998 τοὺς
894 3933 951 3991 δὲ
1001 3935 1236 4010 δημίους
1296 3933 1480 4016 ἐφόϐει
1516 3981 1530 4006 ,
1563 3941 1637 4011 μὴ
1673 3939 1880 4014 σχίζειν
1935 3940 2026 3995 τὸν

379 4029 609 4100 χιτῶνα·
637 4023 753 4096 ἵνα,
808 4025 1004 4082 τούτου
1058 4027 1332 4098 μένοντος,
1369 4026 1501 4101 μένῃ
1530 4028 1619 4082 καὶ
1651 4028 1679 4082 6
1709 4029 1844 4084 κατᾶ
1894 4030 2030 4086 Ἰου-

379 4112 542 4170 δαίων
575 4111 834 4190 ἐλεγχος,
867 4116 895 4170 6
927 4117 1042 4189 μετ’
1075 4117 1137 4171 οὐ
1185 4115 1334 4172 πολὺ
1370 4115 1689 4194 γενόμενος,
1721 4116 1804 4173 δτι
1832 4119 1896 4173 τὸ
1931 4119 2025 4192 μὲν

377 4204 765 4278 καταπέτασμα
817 4204 1071 4281 ἐσχίσθη,
1103 4207 1131 4261 6
1165 4203 1222 4260 δὶ
1268 4206 1439 4281 γιτὼν
1471 4210 1568 4261 τοῦ
1611 4213 1871 4282 Σωτῆρος
1903 4205 2029 4263 οὐδὲ

378 4292 481 4348 ὐπὸ
513 4290 728 4366 δημίων
763 4291 1015 4371 διηρέθη,
1063 4293 1186 4350 ἀλλ’
1217 4293 1422 4369 ἔμεινεν
1478 4295 1786 4371 ὁλόκληρος
1821 4339 1834 4353 .
1868 4295 2027 4353 Μένει

369 4383 472 4458 γὰρ
502 4385 566 4437 τὸ
600 4383 932 4459 Εὐαγγέλιον
966 4383 1056 4439 διὰ
1084 4385 1280 4447 παντὸς
1311 4385 1646 4462 ὀλόκληρον,
1699 4389 1804 4441 τῶν
1861 4391 2023 4442 σκιῶν

380 4468 776 4548 διαιρουμένων
817 4518 829 4530 .
890 4471 1043 4543 Πλὴν
1105 4473 1186 4529 δτι
1246 4472 1657 4549 ἀποδυσάμενος
1713 4477 1782 4530 τὰ
1836 4475 2026 4549 ἱμάτια

373 4558 599 4616 ἔσπευδε
629 4563 764 4637 πρὸς
811 4564 903 4618 τὸν
955 4563 1202 4636 θάνατον,
1250 4565 1373 4621 τότε
1424 4569 1534 4640 (20)
1566 4564 1728 4622 πάλιν
1777 4568 1805 4621 6
1838 4562 2024 4621 διάϐο-

374 4650 492 4722 λος,
545 4625 680 4707 ἰδὼν.
715 4653 814 4722 τήν
865 4625 1200 4728 πρόθυμίαν,
1228 4659 1325 4710 τοῦ
1376 4625 1655 4732 Σωτῆρος,
1705 4655 1793 4710 καὶ
1836 4654 2020 4711 ἐαυτὸν
2053 4625 2102 4692 D

372 4738 424 4810 ἐξ
482 4741 714 4816 οὐρανοῦ
771 4741 1022 4813 πεσόντα,
1081 4743 1172 4798 καὶ
1225 4751 1323 4814 τῆς
1378 4751 1482 4820 γῆς
1538 4740 1893 4819 ἐκϐληθέντα,
1927 4745 2026 4802 οὐκ

373 4831 519 4906 εἶχεν
555 4830 585 4886 6'
612 4851 663 4885 τι
720 4831 928 4908 πράξω
989 4830 1162 4888 πάντα
1190 4833 1291 4911 γὰρ
1340 4834 1406 4904 ἦν
1464 4834 1610 4904 αύτῷ
1657 4830 1892 4910 θορύϐου
1934 4836 2023 4891 καὶ

371 4919 599 4992 ἀπορίας
633 4919 819 4994 μεστά.
855 4920 954 4978 Καὶ
1006 4920 1180 4995 μένειν
1237 4923 1329 4996 μὲν
1382 4923 1480 4978 οὐκ
1509 4921 1767 4998 ῆδύνατο,
1808 4924 2018 5003 φεύγειν

372 5005 430 5064 δὲ
459 5008 624 5065 πάλιν
659 5005 930 5088 ἐφοϐεῖτο.
965 5010 1119 5081 Πλὴν
1144 5010 1226 5067 ὅτι
1261 5011 1602 5086 ἐνθυμηθεὶς,
1626 5011 1709 5068 ὅτι
1737 5011 1865 5076 τοὺς
1892 5015 2021 5069 ἀπο-

372 5099 729 5173 θνήσκοντας,
789 5099 877 5154 ἐπὶ
926 5106 1025 5170 τῆς
1062 5108 1186 5178 ’γῆς
1244 5103 1600 5174 ἀποθνήσκειν
1661 5101 1762 5157 δεῖ
1796 5101 2020 5159 κατὰτὸ

369 5189 770 5266 γεγραμμένοψ
807 5213 835 5242 ‹‹
883 5195 958 5260 Γῆ
994 5209 1062 5260 ει,
1089 5190 1180 5245 καὶ
1215 5190 1288 5255 εἰς
1319 5197 1424 5268 γῆν
1458 5190 1746 5267 ἁπελεύσῃο
1779 5215 1808 5245 ››
1851 5188 2022 5269 φοϐη-

370 5277 479 5341 θεὶς
512 5276 599 5334 ἐπί
631 5284 736 5356 γῆς
788 5282 988 5354 μεῖναι,
1036 5281 1112 5354 μὴ
1164 5278 1277 5336 ἐκεῖ
1321 5279 1667 5360 καταληφθῇ,
1715 5279 1914 5338 λοιπὸν
1947 5281 2022 5345 εἰς

437 5439 482 5474 ⁸³
510 5443 678 5497 Joan.
712 5458 752 5513 ι,
783 5442 874 5496 29.
980 5441 1026 5476 ⁸ο
1055 5441 1262 5500 Genes.
1296 5459 1381 5515 ιιι,
1414 5444 1502 5499 19.

439 5609 544 5683 (47)
580 5609 816 5683 Regius,
849 5609 910 5665 ἐκ
948 5609 1165 5683 τούτου.

439 5680 555 5765 (ίὲ)
602 5680 828 5765 A58“?-
884 5681 1096 5765 ἱμάτξα·
1148 5682 1369 5765 Ἐπειδὴ
1432 5705 1536 5765 γερ
1589 5685 1720 5765 ὑετὲρ
1765 5685 2010 5765 ﬁeis-

366 5751 571 5810 multis
602 5751 861 5813 omissis.
893 5751 1112 5828 Regius
1164 5751 1406 5826 ibidem,
1445 5751 1843 5834 ’Ἔπειδή’γάρ,“
1867 5751 2007 5814 item

2153 1980 2432 2050 suscepit,
2465 1979 2566 2036 illa
2594 1979 2806 2048 induit,
2842 1983 2907 2034 ut
2936 1982 3068 2051 post
3096 1980 3351 2045 exueret,
3394 1981 3451 2031 et
3481 1975 3692 2032 borum
3722 1971 3808 2029 lo-

2152 2083 2217 2123 co
2251 2085 2364 2123 non
2383 2068 2652 2125 indueret
2673 2069 2791 2124 vita
2815 2071 2874 2124 et
2895 2066 3332 2138 incorruptione
3365 2082 3378 2120 :
3410 2062 3601 2118 induit
3631 2060 3810 2117 etiam

2153 2173 2284 2212 cum
2317 2157 2408 2214 his
2457 2163 2674 2213 vestem
2712 2155 3127 2213 inconsutilem
3176 2155 3430 2225 desuper
3482 2155 3811 2208 contextam

2151 2261 2253 2317 per
2282 2250 2470 2302 totum
2497 2264 2510 2302 :
2547 2248 2836 2302 utsaltem
2858 2263 2926 2301 ex
2954 2245 3086 2301 istis
3105 2241 3548 2316 possentJudzei
3577 2241 3813 2296 credere

2151 2335 2284 2406 quis
2312 2339 2370 2392 et
2401 2337 2554 2393 unde
2583 2340 2740 2392 esset
2768 2335 2869 2407 qui
2900 2335 3021 2390 haec
3042 2333 3314 2389 indueret
3341 2349 3354 2387 :
3388 2349 3503 2388 non
3549 2347 3618 2386 ex
3649 2333 3803 2386 terra

2149 2423 2502 2494 scilicet,sed
2533 2426 2788 2496 desuper
2818 2423 3122 2480 advenisse
3160 2422 3627 2492 Verbum,neque
3649 2417 3801 2475 divi-

2149 2513 2320 2570 sibile
2350 2515 2452 2570 sed
2484 2514 2774 2570 invisibile
2806 2512 2992 2569 Patris
3014 2511 3269 2568 Verbum
3301 2526 3451 2574 esse,
3486 2510 3805 2581 ipsumque

2149 2602 2369 2658 factum
2399 2602 2716 2667 hominem,
2755 2619 2869 2658 non
2901 2606 3212 2658 consutum
3246 2615 3460 2671 corpus
3489 2615 3558 2654 ex
3585 2597 3708 2654 viro
3738 2601 3797 2654 et

2149 2690 2395 2747 muliere
2426 2691 2836 2759 babuisse,sed
2867 2708 2935 2746 ex
2964 2689 3088 2746 sola
3116 2689 3357 2760 Virgine
3387 2692 3508 2744 arte
3538 2687 3795 2759 Spiritus

2147 2781 2676 2837 contextum.Unde
2696 2779 2913 2836 milites
2941 2779 3058 2836 alia
3075 2779 3318 2851 quidem
3337 2777 3690 2834 vestimenta
3705 2777 3796 2832 di-

2148 2869 2510 2942 vidunt,quse
2537 2869 2856 2926 divisibilia
2882 2873 3134 2937 erant,et
3161 2868 3222 2924 in
3247 2877 3501 2940 quatuor
3526 2866 3797 2922 dividunt

2149 2963 2346 3032 partes
2378 2975 2392 3015 :
2427 2959 2567 3031 quia
2595 2975 2700 3030 pro
2721 2961 2956 3031 peccato
2977 2957 3137 3013 orbis
3161 2957 3220 3011 in
3251 2959 3506 3027 quatuor
3529 2954 3800 3010 dividunt

2149 3049 2321 3104 divisi
2351 3048 2410 3104 in
2443 3047 2725 3104 orientem
2757 3047 2999 3114 scilicet,
3032 3046 3417 3112 occidentem,
3463 3043 3795 3114 aquilonem

2148 3143 2205 3196 et
2235 3137 2562 3208 meridiem,
2598 3136 2700 3193 illa
2725 3137 2996 3210 gestabat
3027 3153 3040 3193 :
3075 3134 3293 3207 quibus
3322 3133 3597 3190 indutum
3623 3131 3794 3189 illum

2146 3227 2521 3300 conspicatus
2549 3227 2829 3297 Joannes,
2882 3225 3008 3282 ait:
3049 3245 3070 3273 α
3122 3224 3265 3280 Ecce
3310 3225 3514 3295 Agnus
3562 3221 3662 3277 Dei
3692 3220 3795 3294 qui

2147 3315 2300 3372 tollit
2327 3320 2634 3388 peccatum
2664 3315 2871 3372 mundi
2904 3314 3006 3370 ⁸⁸.»
3028 3313 3224 3370 Solam
3244 3312 3507 3370 tunicam
3529 3311 3798 3368 scindere

2145 3423 2262 3463 non
2295 3409 2632 3478 potuerunt,
2662 3411 2881 3462 terrore
2910 3403 3063 3476 signi
3096 3419 3199 3476 per
3231 3419 3359 3458 eam
3389 3400 3798 3457 exhibiti.Erat

2144 3511 2259 3568 que
2286 3495 2430 3551 illud
2451 3512 2567 3551 non
2598 3495 2993 3568 ipsorum,sed
3015 3492 3286 3566 suspensi
3300 3490 3617 3548 Salvatoris
3646 3507 3796 3562 opus

2143 3584 2289 3641 Nam
2323 3600 2672 3656 suspensus,
2701 3588 2766 3638 ut
2795 3581 3370 3654 homo,principatus
3402 3581 3792 3653 persequeba-

2142 3679 2260 3743 tur,
2291 3675 2589 3733 diabolum
2634 3675 3184 3748 comprehendebat,
3233 3672 3541 3729 carniﬁces
3571 3675 3792 3744 perter-

2141 3769 2326 3835 rebat,
2359 3782 2432 3822 ne
2461 3765 2796 3822 scinderent
2824 3765 3121 3820 tunicam:
3157 3767 3220 3819 ut
3240 3764 3513 3818 manente
3534 3760 3792 3830 illa,ma-

2142 3859 2305 3912 neret
2333 3855 2663 3911 Judssorum
2714 3853 3019 3920 convictio,
3079 3869 3207 3926 quae
3261 3869 3378 3909 non
3428 3851 3613 3907 multo
3665 3853 3795 3922 post

2140 3945 2375 4013 accidit,
2407 3961 2536 4001 cum
2569 3943 2752 4000 scisso
2781 3942 2929 4014 velo,
2979 3942 3181 3999 tunica
3233 3939 3552 3998 Salvatoris
3604 3939 3791 3994 divisa

2141 4051 2254 4090 non
2285 4038 2376 4090 est
2405 4049 2440 4090 a
2468 4032 2841 4090 carnificibus
2867 4051 2881 4101 ;
2913 4033 3013 4089 sed
3037 4031 3264 4105 integra
3293 4029 3638 4104 permansit.
3669 4033 3785 4083 Ma-

2140 4128 2238 4179 net
2289 4124 2447 4180 enim
2497 4122 2877 4194 Evangelium
2941 4137 3174 4195 semper
3220 4121 3538 4193 integrum,
3584 4117 3789 4174 divisis

2140 4212 2386 4269 umbris.
2422 4213 2707 4268 Caeterum
2740 4227 2873 4268 cum
2925 4215 3136 4268 exutus
3183 4208 3548 4266 vestimentis
3573 4223 3788 4280 prope-

2137 4305 2289 4358 raret
2308 4302 2380 4357 ad
2407 4304 2678 4370 mortem,
2710 4315 2946 4358 rursum
2980 4298 3275 4366 diabolus,
3297 4298 3506 4356 videns
3533 4295 3788 4353 Salvato-

2138 4391 2219 4447 ris
2248 4390 2633 4458 alacritatem,
2661 4404 2842 4461 seque
2870 4405 2939 4446 ex
2962 4387 3105 4445 coelo
3135 4388 3464 4461 delapsum,
3516 4403 3585 4444 ex
3605 4389 3787 4443 terra-

2136 4497 2250 4553 que
2275 4481 2649 4538 exturbatum
2685 4496 2697 4534 :
2729 4478 2866 4550 quid
2899 4481 3097 4551 ageret
3129 4495 3245 4534 non
3293 4476 3502 4534 habuit
3535 4493 3548 4531 :
3587 4475 3789 4533 omnia

2135 4571 2356 4643 quippe
2387 4571 2503 4643 ipsi
2535 4572 2701 4626 erant
2729 4566 2988 4625 tumultu
3020 4571 3078 4624 et
3108 4565 3395 4623 anxietate
3439 4564 3636 4638 plena,
3666 4565 3786 4620 Ma-

2135 4677 2272 4716 nere
2304 4676 2420 4716 non
2450 4657 2904 4733 poterat,fugere
2929 4656 3377 4713 exhorrescebat
3408 4672 3420 4710 :
3456 4670 3681 4711 memor
3699 4658 3787 4710 ta-

2137 4765 2269 4804 men
2302 4765 2400 4804 eos
2431 4748 2532 4820 qui
2566 4751 2949 4815 morerentur,
3001 4746 3059 4802 in
3104 4750 3260 4803 terra
3303 4744 3450 4800 mori
3499 4748 3788 4816 oportere,

2133 4839 2636 4910 quemadmodum
2669 4836 2950 4909 scriptum
2982 4840 3114 4892 est:
3155 4859 3175 4885 ιι
3240 4836 3418 4891 Terra
3473 4851 3561 4900 es,
3613 4837 3669 4889 et
3726 4834 3786 4889 in

2131 4930 2348 4983 terram
2383 4926 2687 4983 reverteris
2715 4927 2780 4996 ⁸ο,
2816 4949 2836 4977 ι
2875 4941 2989 4981 non
3025 4942 3206 4981 ausus
3252 4924 3312 4980 in
3365 4928 3521 4979 terra
3550 4937 3790 4978 manere

2132 5033 2205 5073 ne
2236 5016 2314 5071 ibi
2349 5015 3210 5087 comprehenderetur,demum
3235 5031 3337 5087 per
3356 5027 3549 5069 aerem
3577 5011 3789 5066 volita-

2129 5106 2248 5174 vit;
2283 5110 2347 5162 ut
2376 5106 2583 5160 saltem
2614 5104 2714 5174 ita,
2752 5101 3052 5158 Dominico
3073 5119 3315 5175 corpore
3345 5101 3404 5156 in
3437 5105 3597 5155 terra
3625 5098 3783 5173 posi-

2132 5199 2212 5265 to,
2246 5194 2495 5251 liberum
2529 5193 2641 5248 sibi
2672 5208 2865 5248 aerem
2897 5191 3195 5248 retineret.
3226 5191 3333 5247 Sed
3369 5188 3648 5246 Dominus
3678 5190 3786 5244 hac

2131 5285 2190 5341 in
2243 5302 2304 5340 re
2353 5284 2614 5340 humano
2663 5279 2861 5354 generi
2910 5285 3178 5338 amanter
3224 5279 3536 5337 consulens
3570 5295 3688 5334 non
3719 5278 3781 5332 in

2121 5614 2320 5830 113332.
2338 5685 2572 5770 Regius,
2601 5681 2698 5734 Τὸν
2745 5676 3063 5764 δεχιτῶνα.

2212 5759 2284 5814 20
2336 5759 2552 5830 Regius
2580 5757 2638 5811 et
2657 5751 2886 5824 Anglic,
2919 5746 3030 5810 ὅτε,

2212 5742 2304 5830 205
2336 5742 2638 5830 Rosius'et
2657 5742 2886 5824 Anglia.
2919 5746 3030 5810 ὅτε.
3066 5751 3221 5810 Editi
3249 5764 3406 5821 vero,
3432 5743 3560 5803 τότε
3587 5742 3781 5803 πάλιν.
