4154 6362
1567 388 1638 451 S.
1678 385 2206 450 ATHANASIUS.
2235 418 2316 436 —
2343 387 2610 452 DUBIA.

3662 387 3783 453 324

359 521 518 576 terra
548 521 817 576 mortuus
843 521 956 587 est,
987 519 1088 576 sed
1121 535 1227 592 per
1271 535 1506 577 crucem
1554 519 1616 576 in
1647 534 1840 576 aerem
1872 535 2010 576 con-

2128 516 2216 573 τόν
2249 517 2382 593 ἀέρα
2412 517 2658 575 ἐπέτατοο
2690 518 2834 596 τάχα
2882 519 2980 576 κᾶν
3027 519 3222 587 οὕτως,
3254 525 3352 577 τοῦ
3380 525 3643 596 κυριακοῦ
3673 515 3784 595 (21)

357 608 696 677 scendit,ibi
725 625 960 682 quoque
981 614 1315 681 serpentem
1338 624 1734 682 persequens;
1760 613 1824 664 ut
1845 609 2020 665 etiam

355 698 492 754 inde
522 697 842 770 principem
878 699 1186 770 potestatis
1215 699 1368 754 aeris
1399 699 1822 764 deturbaret,et
1847 697 2018 769 spiri-

354 786 537 844 tualia
567 786 839 858 nequitias
863 787 1139 858 dejiceret
1163 788 1301 857 7°,ac
1331 804 1401 844 ne
1424 787 1508 844 sic
1533 787 1776 858 quidem
1799 790 2018 842 terram

357 876 584 948 absque
618 876 876 931 remedio
902 875 1156 946 reliquit.
1189 879 1337 932 Nam
1368 877 1428 932 in
1460 893 1634 932 cruce
1666 892 2019 948 suspensus,

357 982 554 1023 aerem
577 965 847 1037 purgavit
867 981 1153 1021 manuum
1175 966 1532 1038 expansione
1552 983 1564 1020 :
1587 970 1802 1020 terram
1819 969 2017 1021 autem

356 1055 626 1122 redemit,
678 1055 967 1127 sanguine
1013 1058 1072 1110 et
1122 1071 1274 1127 aqua
1323 1054 1524 1112 lateris
1573 1053 1665 1110 sui
1723 1053 2018 1110 abluendo

355 1141 576 1216 ipsam.

2131 608 2386 680 σώματος
2437 607 2525 663 ἐπὶ
2568 615 2673 684 γῆς
2721 610 2988 681 τεθέντος,
3043 609 3326 686 ἐλεύθερον
3378 608 3480 686 ἔχῃ
3505 612 3597 666 τὸν
3631 611 3782 687 ἀέρα.

2131 695 2286 751 Ἀλλ’
2317 698 2344 752 ὁ
2376 697 2598 773 Κύριος,
2628 699 2718 754 καὶ
2748 698 2800 754 ἐν
2833 699 3014 772 τούτῳ
3046 698 3650 778 φιλανθρωπευόμενος,
3686 700 3786 757 οὐκ

2129 784 2205 847 εἷς
2248 792 2352 860 γῆν
2402 785 2681 860 ἀπέθανεν,
2714 786 2838 843 ἀλλ’
2887 788 2965 851 είς
3012 790 3104 843 τὸν
3162 789 3291 864 ἀέρα
3339 785 3498 859 ἀνέϐη
3552 787 3642 845 διὰ
3687 795 3783 845 τοῦ

2129 879 2382 948 σταυροῦ,
2431 875 2644 931 διώκων
2691 877 2847 933 κάκεῖ
2889 879 2980 932 τὸν
3033 873 3194 954 ὅφιν·
3237 875 3330 933 ’ίνα
3377 879 3621 934 κάκεῖθεν
3689 879 3782 934 τὸν

2129 962 2373 1039 ἄρχοντα
2416 971 2517 1034 τῆς
2566 963 2807 1036 ἐξουσίας
2852 971 2953 1021 τοῦ
3005 965 3163 1039 ἀέρος
3211 965 3489 1041 ἆποδιώξῃ
3523 1013 3536 1037 ,
3584 968 3672 1024 καὶ
3716 969 3784 1023 τὰ

2128 1056 2468 1126 πνευματικά
2512 1061 2614 1124 τῆς
2651 1055 2918 1132 πονηρίας
2968 1051 3274 1130 καταϐάλῃ,
3325 1057 3424 1112 οὐκ
3469 1057 3620 1135 ἀφεὶς
3658 1055 3784 1114 ούδὶ

2133 1141 2276 1196 οὕτω
2303 1142 2404 1210 τήν
2455 1149 2558 1218 γῆν
2608 1143 2992 1218 ἀθεράπευτον.
3025 1145 3129 1199 Καὶ
3178 1146 3283 1220 γὰρ
3330 1146 3668 1220 κρεμάμενος
3700 1146 3787 1201 ἐπὶ

354 1234 455 1289 τοῖ’)
480 1234 732 1306 σταυροῦ,
764 1231 855 1286 τὸν
891 1230 985 1303 μὶν
1017 1230 1150 1307 ἀέρα
1180 1228 1466 1306 ἐκαθάριζε
1494 1234 1562 1305 τῇ
1597 1229 1806 1288 ἐκτάσει
1835 1233 1944 1287 τῶν
1973 1233 2194 1306 χειρῶν,
2226 1231 2324 1299 τήν
2355 1228 2412 1288 δὲ
2433 1239 2534 1308 γῆν
2563 1230 2882 1308 ἐλυτροῦτο,
2913 1239 2993 1306 τῷ
3015 1232 3204 1307 α’ίματι
3252 1239 3340 1289 καὶ
3393 1239 3473 1306 τῷ
3505 1233 3656 1290 ὕδατι
3687 1241 3789 1304 τῆς

357 1318 597 1395 πλευρᾶς
626 1318 955 1376 ἀποπλύνων
989 1319 1183 1390 αὐτήν.

425 1409 672 1475 22.Quid
691 1409 869 1482 igitur
893 1410 1127 1466 inimico
1147 1409 1286 1467 talia
1307 1411 1548 1480 patienti
1565 1411 1825 1467 restabat
1837 1426 2016 1483 agen-

357 1499 501 1555 dum
522 1498 551 1555 ?
579 1500 660 1556 Ex
689 1499 834 1556 caelo
865 1500 1184 1567 deciderat,
1215 1516 1284 1557 ex
1335 1504 1493 1557 terra
1540 1501 1916 1565 deturbatus,
1945 1517 2015 1556 ex

356 1604 490 1646 aere
519 1587 802 1660 depulsus
832 1593 957 1646 erat
988 1607 1004 1647 :
1036 1590 1108 1646 ad
1139 1590 1262 1646 haec
1291 1607 1566 1647 summus
1594 1591 1786 1662 pudor
1812 1590 2016 1646 aderat

356 1679 514 1752 quod
545 1677 735 1735 multa
764 1678 1085 1751 pollicitus,
1112 1679 1258 1736 nihil
1294 1679 1752 1736 efﬁceret.0mni
1783 1696 1920 1754 ergo
1944 1696 2014 1736 ex

354 1770 520 1842 parte
533 1771 940 1840 superatus,ac
956 1767 1218 1842 undique
1231 1768 1459 1825 consilii
1473 1769 1876 1841 inops,statuit
1898 1769 2012 1825 sal-

354 1861 474 1914 tem
492 1857 787 1914 infernum
806 1857 916 1914 sibi
935 1874 1194 1915 servare:
1213 1858 1306 1914 hic
1318 1857 1474 1915 enim
1489 1858 1650 1915 solus
1670 1859 1785 1932 ipsi
1807 1875 2012 1932 super-

2195 1410 2285 1464 22.
2317 1407 2379 1462 Τί
2416 1408 2610 1464 λοιπὸν
2662 1407 2770 1465 ἔδει
2817 1416 2994 1466 ποιεῖν
3044 1411 3284 1466 παθόντα
3333 1417 3502 1468 ταῦτα
3546 1412 3637 1468 τὸν
3687 1410 3783 1489 ἔχ-

2126 1496 2251 1572 θρόν
2287 1517 2301 1567 ;
2335 1498 2420 1572 Ἐξ
2453 1498 2686 1575 ούρανοῦ
2718 1499 3042 1574 ἐπεπτώκει,
3075 1501 3180 1556 ἀπὸ
3212 1507 3318 1576 γῆς
3356 1495 3622 1572 ἐξεϐλήθη
3648 1505 3784 1575 (22),

2123 1589 2220 1641 τοῦ
2251 1584 2409 1658 ἀέρος
2441 1585 2710 1665 ἐδιώχθη’
2741 1589 2829 1644 καὶ
2862 1588 3000 1665 πρὸς
3029 1589 3246 1653 τούτοις
3276 1591 3546 1666 ῃσχύνετο
3575 1590 3786 1668 μεγάλα

2125 1673 2617 1750 ἐπαγγειλάμενος,
2649 1678 2738 1733 καὶ
2792 1676 2963 1752 μηδὲν
3001 1679 3253 1755 ἐνεργῶν.
3301 1680 3644 1756 Πανταχόθεν
3689 1679 3781 1736 οὖν

2127 1765 2409 1838 ἡττηθεὶς,
2458 1766 2546 1822 καὶ
2594 1771 2710 1840 (23)
2750 1764 3092 1846 πανταχόθεν
3142 1769 3460 1844 ἀπορηθεὶς,
3505 1767 3643 1846 ἓγνω
3685 1770 3779 1826 κᾶν

2125 1852 2218 1906 τὸν
2253 1847 2388 1923 ᾅδην
2422 1851 2675 1932 φυλάξαι·
2703 1860 2867 1910 τοῦτο
2893 1857 2997 1932 γὰρ
3020 1853 3096 1912 ἔτι
3126 1856 3188 1910 τὸ
3218 1856 3425 1932 χωρίον
3459 1855 3779 1912 ὑπελείπετο

357 1951 481 2003 erat
495 1945 874 2013 locus.0uare
886 1951 1161 2005 metuens
1173 1948 1538 2005 neDominus
1552 1965 1618 2005 eo
1633 1949 2016 2016 descendens,

2128 1940 2325 2014 τούτῳ.
2359 1941 2452 1997 Διὸ
2473 1943 2562 1998 καὶ
2585 1938 2946 2020 φοϐούμενος,
2974 1947 3049 2018 μὴ
3071 1944 3183 2001 ἐκεῖ
3201 1945 3476 2001 κατελθὼν
3505 1945 3534 1999 ὁ
3560 1945 3778 2020 Κύριος,

355 2035 493 2094 inde
519 2035 697 2093 etiam
729 2053 791 2094 se
821 2036 1484 2110 expelleret,omnesque
1519 2037 1631 2094 sibi
1662 2038 2012 2094 subditosli-

356 2127 607 2194 beraret,
640 2127 842 2183 omnia
875 2127 1346 2196 miscuit,omnia
1371 2127 1706 2198 commovit,
1727 2143 1930 2184 omnes
1952 2128 2012 2184 in

356 2214 645 2272 auxilium
661 2216 1148 2285 vocavit,Judaeos
1163 2217 1378 2274 iterum
1403 2215 1713 2274 concitavit
1733 2220 1799 2272 ut
1817 2217 2012 2273 Domi-

356 2322 498 2362 num
522 2305 752 2378 probris
765 2313 823 2364 et
843 2306 1216 2364 contumeliis
1237 2305 2010 2379 afﬂcerent,irriderentque:

356 2409 424 2453 ac
445 2395 685 2451 demum
697 2395 986 2468 quidquid
1007 2395 1117 2452 sibi
1143 2395 1389 2452 telorum
1411 2395 1802 2468 supererat,id
1820 2395 2014 2451 immi-

354 2483 435 2542 sit
458 2484 516 2539 in
550 2484 1130 2554 Dominum,tentans
1154 2486 1201 2542 si
1226 2502 1342 2557 quo
1365 2487 1538 2541 modo
1561 2485 1728 2542 illum
1759 2485 2013 2558 peccatis

361 2572 707 2640 obnoxium,
786 2573 895 2629 hac
938 2573 1146 2629 saltem
1192 2575 1419 2630 ratione
1469 2578 1794 2642 superaret.
1825 2573 2012 2630 Judaei

363 2662 457 2720 τε
493 2661 675 2733 igitur
716 2662 1026 2719 Dominum
1065 2663 1390 2720 irridebant
1435 2663 1697 2720 dicentes
1730 2680 1743 2720 :
1779 2686 1808 2714 «
1839 2663 1894 2720 Si
1931 2663 2013 2718 Fi-

361 2749 478 2808 lius
503 2751 604 2808 Dei
635 2767 722 2818 es,
752 2753 1040 2809 descende
1063 2754 1134 2809 de
1163 2769 1334 2810 cruce
1362 2753 1430 2808 '".
1464 2776 1492 2804 n
1526 2756 1598 2808 At
1625 2753 2010 2825 δεικνύοι-,συί

361 2855 561 2896 revera
595 2839 778 2898 Filius
811 2840 911 2897 Dei
941 2845 1085 2912 erat,
1119 2859 1232 2898 non
1287 2842 1564 2915 fugiendo
1596 2846 1864 2912 mortem,
1910 2843 2012 2899 sed

359 2930 771 3002 exspectando,
806 2935 978 3004 atque
1008 2930 1089 2988 ita
1120 2931 1400 2988 calcando
1430 2932 1643 3004 ipsam,
1692 2931 1878 2988 voluit
1924 2933 2010 2987 di-

360 3018 582 3091 gnosoi,
614 3035 678 3075 se
708 3017 920 3076 Filium
951 3035 1081 3076 esse
1113 3020 1234 3087 Dei,
1267 3024 1438 3092 atque
1466 3037 1666 3077 veram
1696 3021 2012 3086 vitam,Po-

360 3111 509 3163 terat
537 3108 692 3164 enim
726 3125 796 3165 ex
825 3125 996 3166 cruce
1024 3109 1400 3180 descendam,
1433 3110 1530 3181 qui
1563 3109 1711 3168 alios
1756 3111 2014 3168 suscita-

361 3200 451 3252 rat
477 3202 782 3268 mortuos;
814 3199 917 3255 sed
967 3198 1272 3256 descensio
1319 3198 1422 3255 illa
1469 3199 1676 3256 mortis
1725 3199 1864 3273 fuga
1890 3199 2017 3256 visa

360 3289 516 3342 esset
545 3303 558 3343 :
588 3290 792 3344 contra
821 3287 872 3343 si
904 3287 964 3344 in
996 3304 1168 3344 cruce
1198 3287 1742 3360 permaneret,nibil
1773 3289 1832 3345 id
1855 3288 2012 3346 aliud

358 3374 682 3446 indicabat,
715 3392 920 3449 quam,
951 3393 1087 3434 eum
1119 3377 1217 3448 qui
1248 3380 1619 3449 permaneret
1647 3394 1779 3436 esse
1807 3377 2013 3448 vitam,

361 3465 752 3531 Quamobrem
787 3466 971 3522 multa
1001 3465 1231 3522 diabolo
1261 3482 1404 3522 cura
1436 3467 1568 3537 fuit,
1614 3470 1681 3524 ut
1733 3467 2017 3524 Dominus

359 3553 522 3610 hisce
554 3554 886 3628 opprobriis
918 3555 1270 3626 afﬁceretur,
1302 3554 1654 3627 volebatque
1682 3555 1880 3628 ipsum
1914 3557 2016 3612 de-

359 3644 640 3701 scendere
670 3645 742 3701 de
771 3661 964 3712 cruce,
997 3661 1189 3716 neque
1239 3645 1393 3701 inter
1439 3649 1707 3702 mortuos
1751 3646 1970 3702 versari
2001 3671 2018 3714 ς

359 3736 428 3788 ut
457 3731 540 3788 sic
575 3732 795 3790 illmsus
826 3733 1034 3800 abiret,
1068 3738 1554 3806 mortuorumque
1585 3735 1915 3791 dominium
1933 3753 2018 3792 re-

359 3821 890 3879 tineret.Metuebat
917 3823 1704 3896 enim,ne,quemadmodum
1730 3825 2017 3898 scriptum

363 3915 473 3980 est,
505 3913 830 3969 ascendens
860 3913 921 3969 in
948 3913 1143 3973 crucis
1173 3913 1452 3978 sublime,
1499 3913 1792 3987 captivam
1842 3915 2018 3972 duce-

363 4003 451 4058 ret
479 4001 898 4075 ceptivltatem,
931 4005 989 4059 et
1035 4002 1327 4076 acciperet
1379 4002 1533 4060 dona
1580 4002 1922 4061 hominibus
1949 4006 2017 4075 ⁷³,

364 4089 713 4162 Suspicatus
742 4090 898 4147 enim
931 4095 1043 4159 est,
1075 4108 1146 4149 ne
1175 4091 1274 4147 hic
1305 4094 1461 4149 esset
1488 4094 1556 4149 de
1585 4109 1698 4166 quo
1729 4092 1853 4150 haec
1874 4094 2020 4151 scri-

364 4181 468 4254 pta
497 4182 680 4236 erant.
712 4179 876 4238 Unde
920 4180 1253 4255 versipellis
1283 4180 1380 4238 ille
1412 4197 1648 4240 rursum
1694 4183 2020 4241 Pharismos

371 4267 711 4338 commovit,
736 4285 802 4326 ac
833 4270 1072 4327 demum
1105 4286 1172 4328 eo
1223 4286 1408 4343 usque
1441 4272 1684 4328 deduxit
1711 4271 1936 4340 illos,ut
1958 4290 2020 4330 se

373 4357 700 4415 credituros
731 4357 1164 4432 pollicerentur,
1215 4359 1265 4417 si
1295 4359 1486 4417 solum
1543 4361 1920 4418 descenderet
1949 4363 2021 4417 de

368 4462 560 4503 cruce.
593 4448 804 4506 Omnis
835 4465 1005 4522 porro
1053 4451 1344 4520 movebat,
1375 4450 1574 4506 omnia
1606 4453 1812 4521 praeter
1839 4451 2020 4507 animi

369 4537 662 4594 sententia
689 4538 1088 4611 promittebat,
1139 4540 1313 4596 modo
1345 4539 1405 4594 id
1452 4539 1728 4606 efﬁceret,
1775 4556 1848 4596 ne
1897 4555 2021 4596 mo-

365 4629 612 4698 reretur,
645 4643 785 4684 neve
813 4627 1193 4685 descenderet
1221 4627 1282 4683 in
1313 4627 1643 4684 infernum.
1679 4627 1882 4685 Denuo
1913 4628 2022 4701 igi-

362 4718 463 4772 tur
487 4715 796 4773 Pharisais
827 4720 1031 4774 auctor
1060 4716 1170 4772 fuit
1200 4721 1266 4773 ut
1301 4716 1566 4774 dicerent
1596 4735 1612 4776 :
1645 4741 1675 4770 «
1708 4717 1868 4775 Alios
1897 4719 2016 4776 sal-

2128 4710 2295 4768 πάλιν
2357 4710 2534 4788 λέγειν
2592 4710 2719 4772 τοὺς
2777 4707 3130 4786 Φαρισαίους·

359 4820 466 4862 vos
509 4805 664 4872 fecit,
714 4805 978 4879 seipsum
1021 4821 1137 4862 non
1187 4810 1382 4879 potest
1428 4808 1655 4866 salvum
1702 4809 1912 4866 facere.
1965 4808 2023 4864 Si

362 4892 478 4950 Rex
498 4891 674 4948 Israel
701 4896 810 4964 est,
843 4892 1160 4948 descendat
1189 4910 1345 4949 nunc
1396 4894 1466 4950 de
1498 4912 1692 4964 cruce,
1737 4901 1795 4952 et
1822 4897 2024 4953 crede-

2125 2029 2322 2086 ἐκεὶθεν
2357 2031 2516 2088 αὐτὸν
2564 2030 2814 2108 ἐκδιώξῃ,
2865 2034 2956 2089 καὶ
2998 2033 3202 2097 πάντας
3247 2039 3376 2098 τοὺς
3426 2033 3780 2110 ὑποχειρίους

2121 2117 2478 2196 ἐλευθερώσῃ,
2539 2123 2713 2178 πάντα
2769 2121 2932 2178 ἐκύκα
2986 2123 3075 2179 καὶ
3134 2124 3416 2193 συνεκίνει,
3472 2125 3669 2180 πάνται
3700 2123 3780 2188 είς

2125 2208 2379 2284 βοήθειαν
2410 2209 2615 2282 καλῶν,
2660 2211 2750 2266 καὶ
2791 2213 3070 2288 παρώξυνε
3114 2212 3281 2268 πάλιν
3321 2212 3448 2277 τοὺς
3478 2210 3777 2276 Ἰουδαίους

2121 2294 2398 2368 ὀνειδίζειν
2425 2299 2516 2354 τὸν
2549 2299 2767 2376 Κύριον,
2799 2300 2888 2356 καὶ
2920 2297 3156 2377 ὑϐρίζειν
3181 2303 3270 2358 καὶ
3293 2301 3460 2378 γελᾷν
3487 2299 3634 2365 ὅλως
3659 2307 3777 2358 κατ’

2120 2384 2304 2441 αὐτοῦ’
2335 2388 2426 2441 καὶ
2457 2386 2605 2451 ὅλως
2638 2386 2692 2444 εἷ’
2725 2411 2778 2446 τι
2825 2390 3201 2466 περιελείπετο
3248 2389 3558 2454 πανοπλίας
3605 2391 3776 2464 αὐτῷ,

2117 2479 2280 2532 τοῦτο
2309 2475 2459 2555 ἠφίει
2506 2479 2643 2533 κατὰ
2690 2483 2788 2534 τοῦ
2837 2480 3060 2558 Κυρίου·
3106 2481 3252 2558 τάχα
3297 2480 3394 2537 κᾶν
3439 2483 3552 2556 (24)
3599 2480 3775 2545 οὕτως

2122 2564 2280 2620 αὐτὸν
2315 2566 2666 2642 ὑπερεύθυνον
2695 2568 2936 2645 ἁμαρτίᾳ
2980 2565 3110 2626 ὄντα
3137 2573 3399 2645 κρατήσῃ.
3432 2572 3502 2628 Ol
3544 2571 3638 2643 μὶν
3669 2569 3773 2645 γὰρ

2121 2651 2379 2711 Ἰουδαῖοι
2433 2654 2731 2731 ἐχλεύαζον
2779 2658 2872 2713 τὸν
2921 2657 3117 2736 Κύριον
3166 2659 3441 2734 λέγοντες⁶
3475 2683 3504 2711 ιι
3539 2659 3601 2716 El
3650 2659 3773 2721 Υἱὸς

2121 2744 2169 2799 εἴ
2195 2749 2292 2799 τοῦ
2323 2749 2480 2814 Θεοῦ,
2533 2740 2801 2816 κατάϐηθι
2850 2747 2958 2804 ἀπὸ
3008 2753 3107 2804 τοῦ
3156 2753 3407 2823 παυροῦο
3444 2773 3473 2800 ››
3505 2749 3533 2803 ὁ
3566 2745 3623 2802 δὲ
3655 2754 3775 2802 Σω-

2119 2833 2246 2905 τὴρ,
2279 2832 2308 2888 ὀ
2336 2838 2415 2906 τῷ
2443 2829 2557 2890 ὄντι
2603 2841 2701 2890 τοῦ
2747 2842 2882 2892 Θεοῦ
2930 2838 3078 2907 Υἱὸς,
3129 2836 3227 2892 ούκ
3272 2837 3378 2891 ἀπὸ
3426 2841 3522 2891 τοῦ
3561 2835 3777 2914 φεύγειν

2119 2923 2211 2978 τὸν
2243 2924 2494 2992 θάνατον,
2527 2923 2653 2980 ἀλλ’
2683 2925 2790 2982 ἀπὸ
2836 2931 2937 2981 τοῦ
2991 2924 3162 3000 μὲνειν
3214 2925 3394 2993 αὐτὸν,
3427 2924 3517 2980 καὶ
3552 2926 3778 2998 μένοντα

2123 3014 2360 3082 πατῆσαι
2391 3013 2483 3068 τὸν
2517 3015 2766 3083 θάνατον,
2796 3013 2962 3084 ἤθελε
2989 3017 3294 3091 γνωσθῆναι
3327 3015 3449 3076 Υἱὸς
3479 3019 3614 3070 Θεοῦ
3639 3016 3774 3088 (2⁷)).

2123 3101 2213 3157 καὶ
2272 3100 2356 3157 ὅτι
2415 3103 2576 3166 αὐτός
2635 3103 2774 3159 ἐστιν
2807 3107 2843 3174 ἡ
2881 3106 3018 3175 ζωή.
3079 3102 3343 3162 Ἡδύνατο
3398 3105 3492 3177 μὶν
3537 3103 3639 3180 γὰρ
3686 3103 3777 3158 καὶ

2122 3186 2421 3261 καταϐῆναι
2451 3192 2558 3248 ἀπὸ
2604 3191 2703 3249 τοῦ
2749 3198 3006 3270 σταυροῦ,
3037 3195 3066 3248 ὁ
3097 3193 3188 3249 καὶ
3217 3193 3350 3256 τοὺς
3394 3191 3600 3255 ἄλλους
3635 3191 3780 3268 ἐγεί-

2129 3301 2225 3358 ρας
2271 3280 2520 3358 νεκρούς·
2569 3281 2698 3339 ἀλλ’
2745 3285 2781 3353 ἡ
2828 3278 3121 3346 κατάϐασις
3171 3284 3349 3360 φυγὴν
3403 3279 3638 3339 ἐδείκνυε
3682 3284 3780 3338 τοῦ

2128 3369 2377 3426 θανάτου·
2433 3371 2496 3426 τὸ
2557 3369 2615 3426 δὶ
2662 3377 2974 3448 περιμεῖναι
3030 3371 3184 3428 οὐδὲν
3231 3369 3416 3448 ἕτερον
3475 3371 3779 3448 ἐγνώριζεν,

2126 3460 2161 3528 ἢ
2204 3459 2296 3514 τὸν
2347 3461 2711 3536 περιμένοντα
2759 3461 2889 3516 εἶναι
2943 3463 3124 3532 ζωήν.
3183 3462 3281 3516 Διά
3327 3463 3492 3516 τοῦτο
3540 3460 3644 3536 γὰρ
3691 3460 3780 3514 καὶ

2128 3544 2248 3602 λίαν
2281 3544 2484 3620 ἔμελλε
2529 3553 2608 3620 τῷ
2656 3544 2904 3622 διαϐόλῳ
2953 3547 3302 3619 ὀνειδίζεσθαι
3350 3549 3441 3605 τὸν
3475 3549 3674 3623 Κύριον
3727 3547 3778 3602 ἐν

2125 3637 2364 3711 τούτοις,
2403 3638 2494 3693 καὶ
2523 3636 2718 3707 ἤθελεν
2760 3638 2920 3694 αὐτὸν
2968 3639 3076 3694 ἀπὸ
3124 3643 3220 3694 τοῦ
3269 3637 3500 3715 σταυροῦ
3540 3633 3776 3706 καταϐῆ-

2126 3747 2211 3782 ναι
2239 3727 2329 3782 καὶ
2380 3728 2456 3800 μὴ
2506 3726 2750 3804 γενέσθαι
2799 3726 2851 3782 ἐν
2901 3733 3137 3804 νεκροῖς,
3162 3725 3252 3782 ’ίνα
3288 3727 3384 3784 κᾶν
3441 3727 3614 3790 οὕτως
3645 3727 3780 3782 ἁπα-

2129 3817 2229 3885 θὴς
2283 3815 2519 3891 ἀπέλθῃ,
2575 3815 2666 3872 καὶ
2720 3819 2832 3872 τῶν
2888 3821 3092 3892 νεκρῶν
3145 3816 3434 3892 κυριεύσῃ.
3498 3811 3781 3894 Ἐφοϐεἶτο

2127 3907 2230 3982 γὰρ
2265 3907 2340 3980 μὴ
2371 3906 2508 3963 κατὰ
2553 3905 2618 3962 τὸ
2665 3905 3067 3982 γεγραμμένον,
3118 3901 3319 3969 ἀναϐὰς
3373 3906 3450 3969 είς
3502 3905 3636 3980 ὕψος
3687 3910 3783 3960 τοῦ

2129 3999 2383 4072 σταυροῦ,
2438 3994 2872 4072 αἱχμαλωτεύσῃ
2918 3997 3017 4066 τήν
3066 3995 3478 4072 αἰχμαλωσίαν,
3508 3995 3597 4051 καὶ
3645 3990 3786 4069 λάϐῃ

2133 4082 2346 4160 δόματα
2380 4085 2432 4142 ἐν
2478 4085 2812 4164 ἀνθρώποις.
2845 4087 3189 4142 Ὑπώπτευσε
3233 4087 3337 4162 γὰρ
3373 4086 3450 4159 μὴ
3483 4082 3641 4147 οὗτός
3673 4084 3784 4140 ἐστι

2129 4180 2257 4250 περῖ
2300 4173 2364 4231 οὗ
2409 4175 2712 4252 γέγραπται
2755 4180 2961 4233 ταῦτα.
3010 4177 3172 4240 Ὅθεν
3218 4173 3384 4230 πάλιν
3455 4173 3611 4229 ἐκίνει
3649 4172 3784 4236 τοὺς

2132 4265 2462 4341 Φαρισαίους
2511 4265 2540 4320 ὁ
2589 4268 2916 4340 πανοῦργος,
2953 4265 3044 4319 καὶ
3095 4263 3290 4319 λοιπὸν
3345 4262 3481 4318 κατὰ
3530 4263 3783 4339 περισσὸν

2133 4352 2305 4410 ἐποίει
2364 4356 2478 4427 (26)
2523 4352 2718 4416 αὐτοὺς
2767 4351 3195 4429 ἐπαγγέλλεσθαι
3257 4351 3347 4406 καὶ
3395 4353 3688 4425 πιστεύειν,
3741 4351 3786 4407 εί

2131 4439 2400 4513 καταϐαίη
2457 4441 2621 4516 μόνον
2668 4443 2775 4498 ἀπὸ
2823 4446 2920 4496 τοῦ
2966 4446 3221 4517 σταυροῦ.
3271 4443 3450 4496 Πάντα
3498 4437 3556 4496 δὲ
3604 4441 3787 4513 ἐκίνει,

2132 4531 2221 4588 καὶ
2252 4533 2399 4608 παρὰ
2443 4532 2675 4608 γνώμην
2731 4528 3131 4606 ἐπηγγέλλετο,
3185 4529 3350 4604 μένον
3396 4527 3488 4584 ’ἱνα
3521 4531 3596 4604 μὴ
3629 4532 3787 4608 γένη-

2133 4643 2219 4677 ται
2268 4622 2476 4698 νεκρὸς,
2527 4619 2617 4676 καὶ
2665 4618 2898 4694 κατέλθῃ
2947 4619 3023 4682 είς
3055 4618 3148 4675 τόν
3199 4615 3357 4690 ᾅδην.
3413 4619 3618 4674 Ἐποίει
3655 4625 3786 4694 γοῦν

3195 4733 3216 4760 α
3271 4705 3517 4770 ’Ἄλλους
3567 4706 3789 4776 ἔσωσεν,

2133 4802 2320 4858 ἐαυτὸν
2375 4801 2437 4857 ού
2488 4797 2705 4855 δύναται
2753 4803 2951 4856 σῶσαι.
3001 4797 3063 4857 Ei
3097 4796 3354 4876 βασιλεὺς
3401 4796 3623 4875 Ἰσραήλ
3655 4798 3790 4867 ἐστι,

2133 4887 2423 4948 καταόάτω
2477 4893 2569 4946 νῦν
2627 4888 2734 4945 ἀπὸ
2785 4893 2884 4944 τοῦ
2940 4894 3172 4966 σταυροῦ
3212 4933 3227 4959 ,
3283 4885 3373 4943 καί
3431 4886 3788 4960 πιστεύσομεν

364 4997 500 5038 mus
531 4980 582 5037 ei
602 4981 702 5037 ⁷³.»
721 4979 959 5037 Minime
975 4985 1169 5037 autem
1192 4983 1428 5039 credere
1447 4984 1680 5041 volebat
1699 4983 2016 5042 Pbarisaso:

2136 4981 2303 5054 αὐτῷ.
2339 5004 2368 5033 »
2399 4979 2476 5039 Οὐ
2504 4977 2774 5035 πιστεύειν
2809 4976 2867 5035 δὲ
2898 4977 3062 5048 ἤθελε
3103 4977 3229 5040 τοὺς
3271 4975 3600 5053 Φαρισαίους
3632 4978 3662 5031 ὁ
3689 4983 3790 5046 τῆς

362 5071 640 5144 magister
670 5069 767 5128 ille
797 5071 1121 5144 impietatis
1171 5072 1386 5143 draco;
1433 5074 1533 5130 sed
1569 5075 1812 5148 optabat
1836 5075 2027 5132 Domi-

1744 5217 1791 5254 ”
1823 5216 1973 5276 Psal.
2003 5232 2176 5290 van,
2211 5215 2302 5284 19,
2376 5214 2425 5251 ⁷³
2454 5213 2662 5272 Matth.
2693 5229 2874 5283 xxvn,
2904 5213 2994 5274 42.

431 5215 476 5254 ⁷ο
505 5214 718 5289 Ephes.
748 5229 827 5287 vx,
863 5213 948 5271 12.
1025 5213 1069 5251 τί
1104 5213 1311 5272 Matth.
1344 5232 1520 5286 xxvu,
1550 5217 1641 5274 49.

433 5368 546 5440 (21)
576 5366 804 5444 Anglic.
841 5369 1040 5444 μεῖναι,
1079 5365 1156 5444 μὴ
1188 5363 1362 5444 οὕτως
1390 5363 1489 5444 τού
1520 5369 2021 5444 κυριακοῦ,.οῑζιίε-

362 5434 451 5516 sis
473 5434 896 5516 m'ultis',_Mox',_
925 5434 1031 5516 ἵνα
1064 5434 1198 5516 ante
1247 5439 1392 5516 τάχα
1421 5440 1517 5496 κᾶν
1576 5434 1773 5510 οὕτως,
1792 5434 2022 5516 legitur

365 5513 425 5570 in
456 5512 653 5579 editis,
685 5511 860 5584 deest
881 5510 1178 5584 in_R_egio,
1211 5510 1410 5583 probe.

437 5585 554 5656 (22)
580 5575 819 5656 Regius,
845 5575 1172 5656 ἐκᾷέολῆτοξ

461 5599 554 5654 2'4)
581 5599 819 5709 uegius,
845 5599 1178 5667 exczoamo.

461 5657 552 5729 23)
582 5661 660 5711 Κα
687 5655 894 5729 Ldeest
922 5670 982 5729 ιιι
1009 5655 1355 5729 Anglicano.

455 5699 551 5802 Ξῖί
577 5699 1423 5802 ἴιῖἱιὶᾇῗέιᾌὸὦῗὲἷῧὲἱ-υ,
1455 5723 1506 5784 ιι
1530 5728 1686 5805 τάχα
1713 5728 1833 5789 κᾶν.
1868 5729 2022 5802 Mox,

2136 5068 2389 5133 ἀπιστίας
2447 5065 2774 5132 διδάσκαλος
2824 5065 3036 5145 δρακων
3072 5087 3086 5102 ⁸
3148 5064 3296 5124 ἀλλὰ
3349 5063 3565 5144 φεύγειν
3624 5063 3792 5136 ἤθελε

2131 5362 2493 5452 ξνταηροεξ.
2525 5361 2766 5452 ἁμαρτίᾳ
2821 5366 2988 5452 ἀρθείς
3040 5366 3101 5424 in
3159 5366 3398 5425 iisdem.
3443 5369 3588 5428 Ibid.
3650 5371 3792 5445 Reg.

2134 5435 2424 5515 ἁμαρτίᾷς.
2457 5435 2985 5515 ἓιεῇᾟμὰρτίαις.

2133 5510 2183 5642 d'
2207 5510 2316 5642 (25;)
2347 5513 2436 5570 Ita
2463 5510 2714 5585 Regius,
2735 5510 2998 5567 secunda
3028 5527 3228 5567 manu.
3264 5511 3325 5570 In
3384 5513 3581 5581 editis,
3631 5516 3788 5582 θεοῦ,

2175 5601 2272 5644 ees
2306 5626 2318 5641 .

2205 5659 2324 5731 (ω
2354 5654 2594 5731 Regius,
2625 5650 2800 5710 ἐποίει
2830 5651 2958 5730 γάρ.
