4154 6394
370 413 487 483 228

1421 410 1520 476 DE
1562 408 1941 475 PASSIONE
1989 413 2088 472 ET
2130 409 2386 471 ΟΜ]οΕ
2430 400 2737 472 DOMlNl.

3681 410 3801 478 226

364 555 457 612 τὸν
492 552 687 627 Κύριον
719 552 810 605 τὸν
847 549 1093 614 θάνατον.
1134 545 1273 606 Οὐδὲ
1330 550 1513 620 μαθεῖν
1563 544 1777 616 ἤθελεν,
1830 543 1875 599 εἰ
1928 542 2018 597 δό-

2150 561 2277 597 Ἱυη]
2311 544 2490 598 vitare
2525 550 2791 599 mortem.
2844 546 3039 616 Neque
3098 545 3324 602 volebat
3380 548 3659 616 ediscere,
3724 568 3799 606 an

366 666 514 700 ναται
564 642 753 698 ἑαυτὸν
796 645 987 694 σῶσαι·
1042 636 1170 693 ἀλλ’
1212 636 1307 692 είνοι
1356 638 1431 710 μὴ
1474 642 1589 698 τοῖς
1623 633 1821 697 ἄλλοις
1849 655 2027 702 σωτη-

371 732 457 809 ρία
511 731 757 807 γένηται.
816 728 879 783 Εἰ
938 728 1042 805 γὰρ
1097 725 1243 789 ὅλως
1281 725 1608 802 ἐγίγνωσκεν
1644 726 1753 799 (27)
1787 724 2030 778 σώσαντα

371 822 527 877 αὐτὸν
572 820 701 882 τοὺς
751 816 981 889 ἄλλους,
1033 816 1133 871 οὐκ
1181 816 1248 886 ἧν
1291 810 1623 893 ἀμφίϐολον,
1654 815 1745 869 τὸν
1777 818 1894 875 τοῖς
1927 811 2029 868 ἄλ·

372 911 491 973 λοις
552 904 831 965 δεδωκότα
887 904 1183 980 σωτηρίαν,
1244 905 1403 959 αὐτὸν
1463 904 1592 959 εἶναι
1654 910 1889 979 Σωτῆρα
1934 902 2025 956 καὶ

377 1002 543 1072 ζωήν-

442 1109 532 1163 23.
564 1105 766 1160 Οὐκοῦν
820 1100 908 1157 διὰ
953 1107 1114 1157 τοῦτο
1153 1100 1309 1155 αὐτὸν
1346 1097 1644 1171 ὠνείδιζον,
1670 1097 1763 1153 *ίνα
1799 1099 1873 1172 μὴ
1908 1102 2025 1159 τοῖς

378 1195 571 1256 ἄλλοις
621 1192 858 1264 σωτηρία
905 1190 1148 1267 γένηταί.
1200 1188 1354 1258 ’ᾘδει
1400 1190 1504 1266 γὰρ
1538 1190 1565 1244 6
1596 1188 1909 1263 περίεργος,
1941 1186 2024 1240 δτι

380 1284 479 1340 οὐκ
524 1283 845 1353 ἀποθνήσκει
895 1280 923 1335 6
966 1278 1186 1353 Κύριος,
1226 1276 1354 1334 ἀλλ’
1386 1276 1630 1333 ὁτούτου
1662 1276 1885 1338 θάνατος
1918 1297 2025 1330 σω-

373 1374 535 1449 τηρία
580 1372 669 1427 καὶ
724 1372 835 1440 ζωὴ
867 1375 984 1432 τοῖς
1017 1375 1147 1424 πᾶσι
1179 1370 1478 1445 γενήσεται.
1515 1366 1613 1423 Διᾶ
1638 1372 1800 1423 τοῦτο
1832 1363 2023 1436 ἤθελεν

369 1462 525 1517 αὐτὸν
576 1456 880 1529 καταϐῆναι
926 1459 1032 1514 ἀπὸ
1076 1462 1172 1513 τοῦ
1221 1461 1473 1534 σταυροῦ,
1530 1458 1620 1512 καὶ
1680 1455 1854 1513 ἐποίει
1897 1454 2024 1517 τοὺς

371 1548 704 1626 Φαρισαίους
772 1545 1201 1625 ἐπαγγέλλεσθαι
1262 1545 1555 1602 πιστεύειν·
1614 1547 1759 1622 τάχα
1809 1544 1903 1600 κᾶν
1956 1548 2024 1619 τῇ

370 1637 668 1716 ἐπαγγελίᾳ
721 1645 822 1709 τῆς
880 1638 1112 1699 πίστεως
1161 1635 1528 1713 περιγένηται,
1592 1634 1665 1691 ὧν
1723 1633 1941 1704 ἤθελεν.
1972 1639 2026 1689 Ὀ

373 1726 430 1784 δὶ
486 1728 718 1806 Κύριος,
768 1728 796 1783 6
837 1732 917 1800 τῷ
960 1723 1077 1782 ὄντι
1116 1727 1336 1802 Σωτὴρ,
1373 1727 1401 1781 ὁ
1437 1727 1512 1799 μὴ
1543 1726 1606 1781 τὸ
1637 1726 1847 1795 ἑαυτοῦ,
1881 1721 2027 1780 ἀλλὰ

370 1821 438 1877 τὰ
466 1822 628 1894 ἡμῶν
665 1822 865 1889 ζητῶν,
900 1817 999 1873 οὐκ
1029 1817 1134 1873 ἀπὸ
1162 1820 1259 1872 τοῦ
1307 1816 1493 1871 ἐαυτὸν
1541 1819 1731 1887 σῶσαι,
1765 1813 1890 1871 ἀλλ’
1916 1812 2023 1870 διπὸ

2141 637 2338 703 posset
2366 631 2494 703 ipse
2545 649 2674 687 sese
2707 633 2930 689 salvum
2993 634 3215 702 facere;
3263 636 3359 691 sed
3395 639 3697 694 metuebat
3727 654 3801 695 ne

2139 720 2271 776 aliis
2302 721 2463 776 salus
2494 722 2845 778 efﬁceretur.
2906 722 3053 778 Nam
3087 724 3137 779 si
3190 725 3368 780 semel
3399 728 3799 798 cognovisset,

2140 809 2286 865 alios
2313 812 2510 882 ipsum
2544 827 2715 882 posse
2746 811 2936 867 salvos
2970 812 3174 881 facere,
3205 814 3349 869 nihil
3378 815 3625 871 dubium
3649 821 3794 885 erat,

2139 915 2273 955 eum
2301 899 2401 971 qui
2432 900 2563 956 aliis
2612 899 2862 956 salutem
2897 901 3242 973 impertiret,
3277 918 3405 958 esse
3436 904 3794 961 Salvatorem

2140 993 2317 1060 atque
2354 989 2553 1045 vitam.

2207 1096 2297 1152 23.
2329 1096 2408 1152 Ea
2428 1097 2609 1170 igitur
2626 1099 2696 1153 de
2726 1115 2904 1154 causa
2933 1099 3414 1156 conviciabantur
3433 1100 3619 1171 illi,ne
3643 1102 3799 1168 aliis,

2139 1184 2301 1240 salus
2333 1185 2513 1241 ﬁeret.
2542 1186 2787 1243 Noverat
2840 1188 2995 1242 enim
3056 1187 3153 1243 ille
3182 1193 3477 1260 versutus,
3505 1207 3620 1246 non
3653 1192 3801 1247 mori

2138 1274 2379 1345 quidem
2414 1276 2726 1331 Dominum
2755 1301 2768 1345 ;
2800 1277 2901 1332 sed
2933 1278 3061 1348 ejus
3095 1282 3367 1348 mortem,
3400 1279 3581 1336 vitam
3640 1280 3798 1345 salu-

2137 1366 2372 1434 temque
2423 1364 2699 1420 omnibus
2757 1366 2897 1421 fore.
2932 1368 3321 1433 Quamobrem
3354 1368 3586 1425 volebat
3626 1369 3797 1426 illum

2137 1469 2204 1507 ex
2233 1468 2404 1509 cruce
2435 1454 2809 1527 descendere,
2853 1472 3037 1527 eoque
3090 1458 3336 1513 deduxit
3373 1458 3695 1515 Pharismos
3727 1466 3793 1514 ut

2137 1557 2199 1596 se
2221 1542 2542 1599 credituros
2572 1542 3080 1615 pollicerentur;ut
3110 1560 3176 1601 ea
3208 1547 3416 1604 saltem
3440 1548 3789 1620 promissio-

2137 1646 2209 1684 ne
2243 1646 2368 1702 quae
2397 1631 2628 1688 volebat
2657 1639 3127 1705 consequeretur.
3162 1634 3449 1694 Dominus
3482 1640 3677 1693 autem
3705 1651 3796 1693 re-

2134 1735 2270 1775 vera
2290 1720 2573 1790 Salvator,
2606 1722 2707 1794 qui
2738 1739 2853 1777 non
2887 1739 3015 1791 sua,
3066 1726 3168 1780 sed
3217 1730 3415 1782 nostra
3458 1730 3745 1799 quareret
3778 1744 3793 1795 ;

2136 1823 2251 1864 non
2284 1823 2351 1864 ex
2382 1825 2448 1866 eo
2473 1812 2629 1882 quod
2653 1828 2780 1868 sese
2800 1812 3027 1868 salvum
3061 1813 3403 1889 faceret,sed
3434 1833 3503 1872 ex
3541 1832 3606 1873 eo
3634 1815 3791 1888 quod

372 1914 470 1965 τοῦ
501 1908 878 1983 λυτρώσασθαι
908 1908 1008 1977 τὴν
1032 1906 1202 1962 κτίσιν
1258 1903 1423 1975 ἤθελε
1448 1906 1753 1980 γνωσθῆναι
1804 1905 2021 1979 Σωτήρ.

2150 1901 2430 1955 :reaturas
2454 1900 2785 1968 redimeret,
2817 1901 3047 1958 volebat
3085 1904 3349 1961 Salvator
3378 1905 3639 1977 agnosci.
3664 1905 3791 1961 Non

374 1995 511 2053 Οὖδὶ
556 1999 659 2075 γὰρ
712 1995 895 2072 ἰατρὸς
944 1995 1003 2051 ἐκ
1047 1999 1144 2051 τοῦ
1183 1994 1341 2050 αὐτὸν
1377 1992 1633 2069 ὑγιαίνειν
1663 1995 2029 2069 γνωσθήσεται

2150 1987 2297 2043 enim
2332 1988 2616 2059 medicus,
2644 1992 2799 2062 quod
2819 2008 3000 2049 sanus
3031 1993 3156 2065 ipse
3188 1994 3286 2063 sit,
3310 1996 3579 2051 medicus
3618 2013 3800 2069 agno-

378 2086 580 2164 ίατρὸς,
633 2084 678 2141 εί
732 2087 807 2159 μὴ
855 2085 945 2140 καὶ
991 2090 1109 2147 τοῖς
1164 2088 1410 2139 νοσοῦσιν
1459 2080 1754 2153 ἐνδείξηται
1802 2082 1901 2152 τὴν
1941 2080 2029 2137 τέ-

375 2194 536 2252 χνην·
598 2174 689 2229 καὶ
740 2175 768 2228 6
816 2172 982 2244 ¹ἥλιος
1029 2174 1128 2228 οὐκ
1166 2172 1254 2228 ἐὰν
1285 2172 1360 2235 εἷς
1392 2172 1578 2227 ἐαυτὸν
1611 2170 1877 2245 συστέλλῃ
1931 2172 2026 2233 τὰς

374 2265 616 2334 ἀκτῖνας,
673 2264 1046 2339 γνωσθήσεται
1095 2267 1232 2341 φῶς,
1288 2261 1333 2316 εἰ
1387 2263 1462 2336 μὴ
1508 2262 1598 2317 καὶ
1638 2264 1706 2335 τῇ
1739 2260 2029 2336 οἰκουμένῃ

371 2354 568 2417 ταύτας
627 2352 930 2429 ἐπεκτείνῃ,
991 2353 1079 2409 καὶ
1125 2354 1189 2409 τὸ
1229 2352 1420 2415 σκότος
1476 2351 1527 2408 ἐν
1613 2353 1806 2415 αὐτπῖς
1864 2374 2030 2407 κατα-

378 2444 589 2520 λάμψῃ.
641 2444 826 2507 Οὕτως
871 2442 963 2498 καὶ
1013 2444 1040 2498 ὁ
1089 2442 1285 2521 Κύριος
1339 2442 1447 2519 οὐχ
1490 2443 1673 2498 ἑαυτὸν
1696 2439 1883 2513 ἔσωζε·
1920 2464 2025 2497 σω-

373 2533 569 2609 τηρίας
597 2535 699 2609 γὰρ
730 2531 918 2608 χρείαν
950 2531 1050 2586 οὐκ
1087 2530 1253 2607 εἶχεν,
1304 2531 1465 2594 αὐτὸς
1517 2530 1590 2586 ὥν
1635 2533 1852 2607 Σωτήρ·
1899 2529 2027 2587 ἀλλ’

379 2624 486 2678 ἀπὸ
514 2629 615 2692 τῆς
643 2625 751 2677 τῶν
779 2619 963 2677 ἄλλων
998 2620 1299 2698 εὐεργεσίας
1334 2620 1499 2691 ἤθελε
1536 2623 1846 2697 γνωσθῆναι
1895 2626 2025 2677 πᾶσι

381 2712 601 2787 Σωτήρ.
664 2708 816 2767 Ἀλλ’
874 2709 997 2765 οὐδὲ
1061 2705 1396 2766 καταϐαίνων
1452 2710 1558 2766 ἀπὸ
1621 2714 1717 2766 τοῦ
1795 2715 2027 2787 σταῦρου

376 2797 544 2870 ἤθελε
571 2801 868 2876 γνωσθῆναι
901 2801 1025 2862 Υἱὸς
1057 2804 1214 2871 Θεοῦ,
1246 2798 1373 2856 ἀλλ’
1406 2799 1513 2856 ἀπὸ
1550 2804 1647 2856 τοῦ
1703 2799 1877 2872 μένειν
1933 2800 2030 2856 αὖ·

375 2888 489 2946 τόν.
549 2887 784 2943 ῐΙλείονα
832 2889 933 2966 γὰρ
986 2887 1197 2963 μᾶλλον
1251 2890 1279 2945 6
1330 2889 1549 2952 θάνατος
1581 2891 1608 2944 ὁ
1637 2887 1735 2945 τοῦ
1767 2896 2030 2967 Σωτῆρος

378 2979 554 3034 πίστιν
611 2978 703 3033 καὶ
755 2977 1028 3055 σωτηρίαν
1076 2984 1192 3041 τοῖς
1236 2980 1563 3055 ἀνθρώποις,
1612 2979 1759 3058 φέρει
1790 2980 1826 3049 ἢ
1858 2982 1892 3051 ἡ
1925 2979 2030 3034 ἀπὸ

388 3072 478 3123 τοῦ
528 3072 761 3143 σταυροῦ
810 3062 1123 3130 κατάϐασις.
1170 3068 1398 3142 Ἀμὲλει
1465 3070 1807 3146 κρεμαμένου
1868 3069 2031 3124 αὐτοῦ

388 3155 470 3212 ἐπί
499 3161 597 3212 τοῦ
649 3161 881 3231 σταυροῦ
930 3153 1007 3212 ἔτι
1206 3159 1273 3213 τὰ
1308 3158 1402 3232 μὲν
1440 3160 1697 3232 μνήματα
1725 3158 2030 3235 ἧνοίγοντο,

382 3246 467 3301 καὶ
517 3247 573 3300 οἱ
625 3245 676 3301 ἐν
722 3245 906 3308 αὐτοῖς
951 3246 1192 3320 κείμενοι
1226 3246 1513 3317 ἐσώζοντο·
1548 3248 1575 3302 6
1608 3245 1665 3302 δὲ
1694 3248 2034 3324 κρεμάμενος

383 3332 586 3410 λῃστὴς
648 3334 917 3390 ἐπίστευεν
980 3335 1056 3398 είς
1115 3336 1292 3391 αὐτόν·
1341 3334 1433 3391 ⁹ίνα
1484 3334 1646 3412 δείξῃ.
1696 3337 1778 3393 ὅτι
1809 3342 1888 3411 τῷ
1920 3333 2034 3393 ὄντι

384 3426 580 3501 Σωτήρ
631 3424 764 3480 ἐστι·
824 3426 913 3479 καὶ
959 3424 1270 3495 ἀποθανὼν,
1317 3430 1386 3500 τῇ
1445 3426 1621 3482 πίστει
1676 3431 2034 3506 καρποφορεῖ.

376 3513 501 3571 Ἐπὶ
530 3512 747 3576 τούτοις
780 3511 1019 3585 ἐξίστατο
1051 3512 1247 3570 λοιπὸν
1275 3513 1503 3585 ἀληθῶς
1554 3516 1582 3569 6
1634 3511 1915 3587 διάϐολος,
1946 3517 2037 3572 καὶ

377 3608 521 3657 πᾶσα
574 3606 768 3658 τοῦτον
824 3602 1050 3667 εἰκότως
1108 3606 1221 3678 (29)
1280 3603 1484 3681 ἀπορία
1546 3610 1815 3683 κατεῖχεν·
1895 3606 2040 3679 ἐώρα

377 3692 481 3768 γὰρ
514 3690 671 3747 αὑτὸν
705 3688 1068 3763 ἀπολέσαντα,
1099 3692 1191 3747 καὶ
1220 3692 1314 3748 τὸγ
1349 3692 1552 3768 λῃστὴν
1593 3692 1645 3748 ἐν
1673 3695 1753 3767 τῷ
1802 3699 2038 3769 σταυρῷ,

376 3780 467 3836 καὶ
499 3779 556 3835 δν
607 3778 785 3837 ἔπεισε
830 3780 1001 3837 πάλαι
1051 3779 1351 3857 λῃστεύειν,
1403 3782 1552 3861 ἐώρα
1597 3787 1788 3840 τοῦτον
1816 3784 2037 3840 πιστεύ-

381 3887 563 3925 σαντα·
614 3868 703 3925 καὶ
765 3868 822 3924 8v
881 3870 1164 3947 παρώξυνε
1222 3872 1591 3951 βλασφημεῖν,
1644 3877 1836 3930 τοῦτον
1896 3874 2041 3950 ἐώρα

382 3964 788 4036 προσκυνοῦντα
830 3961 921 4014 τὸν
970 3961 1191 4036 Κύριον,
1240 3961 1333 4017 καὶ
1383 3961 1787 4034 ἐπιπλήττοντα
1843 3963 1933 4019 καὶ
1963 3968 2042 4037 τῷ

384 4046 543 4122 ἄλλῳ
600 4047 795 4124 λῃστῇ,
860 4048 1072 4123 μᾶλλον
1134 4047 1191 4105 δὲ
1237 4054 1316 4123 τῷ
1364 4049 1417 4105 ἐν
1458 4055 1537 4123 τῷ
1567 4050 1741 4127 λῃστῇ
1774 4048 2037 4126 διαϐόλῳ.

386 4136 681 4213 Ἐτρύχετο
714 4135 772 4192 δέ
813 4137 1002 4213 πάλιν,
1038 4137 1121 4194 ὅτι
1155 4137 1212 4194 ὅν
1245 4139 1320 4202 ὡς
1352 4136 1557 4215 λῃστὴν
1588 4140 1883 4211 ἀπέκτεινε,
1914 4146 2041 4196 τοῦ·

383 4245 474 4281 τον
506 4225 671 4282 πάλιν
708 4226 1142 4305 μεταφερόμενον
1174 4227 1319 4306 ἐώρα
1351 4227 1403 4284 ἐν
1430 4250 1511 4302 τῳ
1541 4226 1873 4307 παραδείσῳ.

455 4318 544 4373 24.
596 4316 771 4393 Ὁρῶν
822 4314 881 4372 δὲ
927 4317 1018 4372 καὶ
1066 4322 1241 4372 πᾶσαν
1277 4317 1440 4372 αὐτοῦ
1468 4319 1568 4388 τὴν
1599 4318 1904 4375 πανοπλίαν
1960 4319 2041 4396 ῥι-

386 4409 593 4483 φεῖσαν,
622 4404 711 4460 καὶ
743 4406 826 4461 ὃτι
860 4405 959 4461 οὐκ
986 4408 1051 4475 ῆν
1088 4406 1425 4481 ἀμυντήριον
1473 4409 1715 4486 πεμφθὲν
1760 4409 1887 4484 παρ’
1944 4408 2044 4462 αὐ-

384 4497 503 4563 τοῦ,
554 4493 586 4550 ὅ
639 4496 716 4569 μή
770 4494 1049 4572 ἠκύρωσεν
1101 4496 1129 4550 6
1180 4495 1399 4571 Κύριος,
1449 4502 1584 4552 κατὰ
1631 4498 1692 4552 τὸ
1723 4496 2042 4575 γεγραμμέ-

385 4600 498 4638 νον’
538 4607 560 4635 α
616 4587 725 4637 Τοῦ
782 4585 983 4660 ι’χθροῦ
1042 4583 1288 4655 ἐξέλιπον
1340 4586 1393 4641 αἱ
1448 4585 1711 4664 ῥομφαῖαι
1754 4586 1829 4648 εἰς
1860 4584 2043 4656 τέλος,

2139 2081 2372 2145 scetur;
2407 2078 2518 2134 nisi
2552 2079 2704 2135 circa
2759 2085 3005 2154 aegrotos
3036 2098 3205 2137 suam
3266 2083 3538 2140 exhibeat
3567 2092 3749 2143 artem
3779 2108 3792 2159 ;

2139 2169 2199 2221 et
2228 2165 2315 2222 sol
2338 2182 2454 2223 non
2486 2167 2534 2222 si
2566 2168 2623 2222 in
2676 2185 2738 2225 se
2783 2170 2979 2225 radios
3036 2171 3363 2239 contrahat,
3409 2189 3513 2245 pro
3571 2174 3796 2234 lumine

2142 2260 2579 2327 agnosceretur,
2615 2258 2728 2313 nisi
2751 2275 2854 2330 per
2883 2259 3082 2315 orbem
3124 2258 3258 2316 illos
3290 2260 3797 2339 diti'undat,iisque

2142 2346 2414 2402 tenebras
2471 2345 2747 2404 illustret.
2809 2347 2894 2403 Ita
2915 2365 3145 2421 quoque
3202 2349 3486 2407 Dominus
3518 2369 3631 2409 non
3667 2372 3795 2412 sese

2144 2433 2373 2490 salvum
2404 2435 2571 2492 fecit:
2602 2454 2738 2492 nam
2772 2437 2961 2493 salute
3023 2455 3139 2494 non
3171 2440 3376 2512 egebat
3406 2441 3505 2512 qui
3535 2441 3799 2501 Salvator

2142 2525 2427 2581 essetzsed
2458 2542 2562 2598 per
2592 2526 2875 2583 beneﬁcia
2906 2525 3035 2583 aliis
3062 2527 3275 2583 collata
3301 2528 3532 2586 volebat
3560 2532 3634 2588 ab
3672 2550 3798 2590 om-

2143 2614 2322 2671 nibus
2353 2614 2619 2671 Salvator
2647 2617 2905 2689 agnosci.
2955 2619 3061 2672 Sed
3096 2633 3201 2674 nec
3257 2635 3326 2673 ex
3355 2635 3524 2676 cruce
3554 2621 3803 2677 descen-

2143 2703 2359 2774 dendo,
2388 2703 2576 2759 voluit
2607 2706 2769 2760 nosci
2832 2704 3010 2761 Filius
3041 2705 3271 2778 Dei,sed
3294 2707 3355 2763 in
3387 2724 3455 2765 ea
3484 2712 3798 2769 manendo.

2144 2792 2421 2864 Majorem
2479 2793 2635 2849 enim
2670 2795 2845 2851 ﬁdem
2880 2794 3258 2868 salutemque
3288 2813 3451 2854 mors
3481 2798 3801 2857 Salvatoris

2144 2882 2313 2937 affert
2358 2882 2723 2951 hominibus,
2784 2901 2962 2957 quam
3026 2885 3323 2942 attulisset
3378 2887 3699 2946 descensus
3731 2892 3801 2946 de

2145 2988 2337 3028 cruce.
2371 2972 2535 3028 Certe
2558 2974 2849 3045 pendente
2878 2974 3071 3030 adhuc
3105 2975 3163 3030 in
3198 2992 3369 3031 cruce
3406 2978 3801 3047 Domino,mo-

2146 3066 2430 3116 numenta
2462 3062 3113 3135 aperiebantar,quique
3144 3063 3202 3118 in
3236 3065 3309 3121 iis
3332 3066 3607 3135 jacebant
3657 3067 3804 3123 salvi

2146 3150 2721 3207 efﬁciebanturzlatro
2753 3157 2950 3207 autem
2985 3170 3312 3225 suspensus
3350 3155 3407 3210 in
3454 3156 3649 3228 ipsum
3676 3172 3806 3213 cre-

2147 3238 2296 3294 didit
2320 3258 2332 3307 ;
2361 3245 2425 3294 ut
2446 3240 2641 3312 palam
2674 3242 2888 3297 faceret
2917 3258 2979 3298 se
3000 3259 3197 3299 revera
3236 3243 3592 3300 Salvatorem
3633 3262 3762 3302 esse
3788 3266 3801 3304 :

2149 3333 2323 3400 atque
2352 3329 2608 3385 moriens
2638 3330 2773 3385 ﬁdei
2805 3331 3061 3387 fructum
3088 3332 3538 3405 multiplicabat.
3572 3335 3654 3389 Ad
3682 3335 3803 3391 hzsc

2148 3435 2289 3474 sane
2318 3418 2623 3491 obstupuit
2653 3420 2948 3489 diabolus,
2982 3438 3337 3495 summaque
3367 3423 3671 3491 anxietate,
3701 3442 3807 3482 nec

2148 3507 2465 3579 immerito,
2499 3514 2802 3582 correptus
2834 3509 2964 3580 fuit,
3000 3511 3140 3566 dum
3175 3516 3437 3568 cerneret
3469 3528 3531 3568 se
3562 3513 3619 3568 in
3674 3530 3803 3584 per-

2148 3595 2360 3652 niciem
2394 3596 2791 3667 ire,latronem
2814 3616 2947 3655 vero
2972 3600 3031 3655 in
3082 3616 3274 3673 cruce,
3303 3601 3394 3656 cui
3417 3601 3557 3657 olim
3578 3602 3800 3658 furtum

2149 3690 2437 3757 suaserat,
2470 3687 2703 3744 credere
2745 3704 2757 3741 :
2795 3705 3086 3760 quemque
3145 3690 3217 3744 ad
3273 3690 3806 3761 blasphemandum

2150 3774 2684 3848 concitarat,;vidit
2741 3777 2983 3853 adorare
3043 3778 3382 3846 Dominum,
3443 3778 3812 3853 alterumque

2151 3860 2440 3920 latronem
2469 3865 2792 3939 increpare,
2826 3866 2946 3923 imo
3001 3869 3200 3940 potius
3234 3870 3291 3925 in
3326 3867 3552 3925 latrone
3611 3871 3812 3926 diabo-

2151 3951 2296 4010 lum.
2357 3954 2831 4012 Excruciabatur
2888 3956 3126 4024 iterum,
3188 3958 3344 4029 quod
3402 3974 3601 4030 quem,
3635 3963 3701 4014 ut
3730 3962 3786 4015 la

2151 4046 2380 4099 tronem
2412 4043 2727 4117 occiderat,
2787 4046 3063 4103 eumdem
3130 4046 3354 4104 videret
3378 4047 3437 4103 in
3461 4047 3803 4120 paradisum

2151 4132 2477 4189 transferri.

2223 4310 2313 4365 24.
2348 4310 2569 4366 Videns
2601 4314 2794 4367 autem
2828 4312 3028 4368 omnia
3052 4330 3160 4369 sua
3193 4330 3359 4372 arma
3389 4316 3638 4387 dejecta,
3697 4316 3824 4375 nul-

2157 4399 2404 4473 lumque
2435 4418 2469 4458 a
2497 4419 2561 4458 se
2596 4402 2933 4458 immissum
2969 4404 3152 4461 fuisse
3183 4404 3281 4461 teli
3304 4409 3677 4482 genus,quod
3702 4426 3818 4467 non

2160 4492 2256 4546 76
2288 4496 2442 4548 esset
2479 4509 2513 4548 a
2571 4492 2820 4549 Domino
2877 4496 3268 4563 confractum,
3314 4498 3816 4568 quemadmodum

2156 4583 2442 4655 scriptum
2482 4588 2587 4639 est:
2618 4582 2875 4639 «Inimici
2910 4583 3248 4641 defecerunt
3276 4587 3510 4643 frameae
3534 4588 3594 4644 in
3616 4589 3821 4658 ﬁnem,

386 4671 475 4725 καὶ
529 4669 721 4734 πόλεις
778 4671 1054 4741 καθεῖλες,
1108 4698 1135 4726 »
1189 4669 1278 4728 διὰ
1326 4678 1488 4730 τοῦτο
1538 4673 1861 4752 ἐταράσσετο
1907 4677 2032 4750 (3O)1

2152 4680 2209 4728 et
2238 4671 2504 4727 civitates
2536 4672 2885 4729 destruxisti
2911 4672 2958 4707 7‘
2981 4696 3010 4725 ››
3037 4673 3167 4731 ideo
3201 4678 3589 4736 conturbatus
3635 4684 3693 4735 et
3721 4697 3824 4736 an-

386 4758 474 4815 καὶ
530 4759 775 4835 ἀπορῶν,
843 4762 1139 4838 πεπείρακε
1198 4762 1392 4819 λοιπὸν
1455 4762 1642 4819 δοῦναι
1700 4769 1780 4838 τῷ
1830 4771 2026 4840 Σωτῆρ

2158 4761 2313 4832 xius,
2348 4761 2707 4817 Salvatorem
2764 4762 3005 4818 demum
3063 4766 3309 4821 tentavit
3338 4772 3538 4838 potare
3602 4768 3730 4825 felle
3773 4775 3832 4827 et

388 4853 532 4905 πιεῖν
584 4849 705 4921 ὅξος
766 4852 901 4925 μετά
942 4850 1144 4927 χολῆς·
1190 4852 1340 4908 ἀλλά
1384 4853 1473 4909 καὶ
1514 4858 1675 4910 τοῦτο
1709 4861 1827 4920 καθ’
1861 4855 2032 4910 ἐαυτοῑ

2163 4855 2363 4907 aceto:
2398 4851 2501 4906 sed
2531 4849 2847 4922 ignorabat
2876 4851 3140 4924 idipsum
3173 4854 3232 4909 in
3293 4872 3421 4913 sese
3450 4856 3664 4913 moliri.
3726 4858 3827 4914 Ire

391 4940 798 5010 κατασκευάζων
859 4940 1073 5017 ἠγνόει.
1126 4942 1196 4997 Τὸ
1240 4942 1340 5019 γὰρ
1385 4944 1578 5018 πικρὸν
1608 4950 1708 5014 τῆς
1741 4943 1936 5021 ὀργῆς,
1991 4945 2032 5000 τέ

2166 4940 2382 5013 quippe
2408 4938 2789 4995 acerbitatem
2819 4956 2886 4995 ex
2920 4944 3393 5014 transgressione
3444 4944 3591 5018 legis
3651 4947 3831 5002 obor-

395 5023 484 5083 8ιὰ
528 5029 627 5099 τήν
680 5025 981 5106 παράϐασιν
1028 5034 1126 5086 τοῦ
1172 5031 1344 5106 νόμου
1387 5031 1699 5110 γενόμενον,
1746 5031 1799 5087 ἐν
1826 5034 1871 5105 ᾧ
1920 5034 2032 5089 πάν

2168 5035 2308 5098 tam,
2342 5028 2400 5083 in
2434 5044 2553 5101 qua
2585 5028 2885 5085 detinebat
2922 5031 3252 5104 universos,
3311 5033 3596 5090 Salvatori
3653 5037 3832 5092 tradi-

393 5137 488 5181 τας
545 5124 819 5196 κατεῖχεν,
868 5119 1126 5177 ἀπεδίδου
1175 5127 1255 5195 τῷ
1309 5129 1551 5201 Σωτῆρι·
1602 5124 1691 5179 καὶ
1760 5119 2032 5198 λαμϐάνω

2167 5121 2254 5176 dit
2287 5137 2299 5176 :
2333 5135 2511 5192 quam
2546 5116 2646 5174 ille
2706 5124 3005 5192 acceptam
3048 5122 3377 5195 assumpsit
3405 5127 3463 5179 et
3510 5126 3830 5199 evacuavit,

394 5204 597 5269 ἐκεῖνος
630 5207 893 5279 ἀνήλισκε
918 5210 1009 5265 καὶ
1042 5210 1303 5283 ἐξεκένου,
1331 5210 1424 5268 ’ίνα
1454 5213 1567 5269 ἀντὶ
1612 5213 1708 5288 μὶν
1756 5216 1853 5267 τοῦ
1899 5207 2024 5284 ὅξου

2168 5214 2236 5268 ut
2264 5225 2369 5283 pro
2404 5211 2595 5278 aceto,
2629 5207 2785 5280 quod
2836 5208 3075 5266 miscuit
3104 5212 3397 5283 sapientia
3424 5211 3628 5270 vinum
3658 5213 3833 5271 nobis

464 5359 513 5399 τ’·
539 5362 695 5420 Psal.
729 5381 804 5431 rx,
835 5365 891 5421 7.

463 5530 578 5618 (ἓῖ)
610 5534 847 5618 βοείυε,
880 5532 1160 5618 ιγίνῳσκε,
1222 5543 1483 5618 secunda
1512 5559 1716 5601 manu.
1779 5540 1935 5618 Editi
2003 5544 2062 5598 et

390 5605 858 5692 αιὶἰηέγίνωῖῖκον.
881 5605 1078 5692 _'lnt'ra
1106 5605 1168 5692 in
1219 5616 1571 5692 Regiopost
1599 5614 1896 5692 σωτηρίαν,
1955 5631 2051 5671 se-

391 5680 594 5763 cunda
608 5697 812 5763 manu
826 5682 901 5739 ad
926 5685 1259 5763 marginem
1291 5680 1547 5763 additur,
1580 5687 1670 5743 καὶ
1704 5680 1871 5761 (MV.

460 5752 578 5827 (28)
608 5746 748 5828 ‘Em,
780 5753 946 5813 deest
982 5755 1042 5813 in
1062 5746 1418 5833 Xnglicano.

2243 5536 2357 5611 (29)
2385 5530 2853 5611 Elx619;,_deest
2880 5535 2939 5611 in
2968 5533 3194 5611 Anglic.
3237 5533 3389 5611 Mox,
3418 5532 3654 5606 Regius,
3687 5533 3832 5609 ἐώρα

2162 5605 2260 5683 γά’
2299 5605 2512 5663 ἑαυτόν.
2545 5607 2697 5662 Editi
2726 5623 2883 5675 vero,
2917 5605 3088 5680 ἐώρα*
3128 5607 3191 5681 ἁρ
3223 5605 3405 5663 αὐτόν.

2233 5628 2345 5734 ῗ3ο)
2376 5679 2749 5734 Anglicanus.
2784 5674 2875 5731 διὰ
2901 5681 3062 5731 τοῦτο
3087 5627 3153 5734 6E
3184 5676 3331 5734 ἒτάο.

2256 5681 2345 5752 30)
2376 5679 2749 5751 Anglicanus,
2784 5674 2875 5731 διὰ
2901 5674 3062 5731 τοῦτο
3095 5674 3331 5750 δὲ’ἒτάρ.
