4154 6370
355 372 475 435 237

1542 369 1609 430 8.
1655 365 2175 430 ATHANASIUS.
2203 399 2281 411 —-
2311 365 2574 430 DUBIA.

3652 372 3771 435 218

355 502 681 576 potandum
708 501 912 557 daret:
975 514 1078 571 pro
1109 498 1263 571 felle,
1293 498 1525 572 eloquia
1585 498 1760 556 melle
1785 503 1844 555 et
1870 498 1999 554 favo

2117 493 2175 550 6'v
2207 496 2451 573 ἐκέρασεν
2500 496 2643 553 οἶνον
2691 499 2728 567 ἡ
2780 498 2941 576 σοφία
2985 498 3182 574 ποτίσῃ
3229 503 3398 573 ἡμᾶς·
3431 501 3551 557 ἀντὶ
3582 501 3641 558 δὶ
3669 510 3771 574 τῆς

357 591 622 649 dulciora
652 589 826 646 nobis
856 588 1215 660 impertiret:
1248 592 1303 644 et
1333 604 1437 661 pro
1467 605 1534 644 eo
1592 588 1746 662 quod
1808 594 2008 644 nostra

352 684 671 755 gustasset,
693 678 863 735 nobis
894 677 1111 733 diceret
1136 696 1149 733 :
1191 700 1220 728 «
1249 676 1491 733 Gustata
1528 681 1585 734 et
1612 677 1819 745 videte,
1861 693 2006 748 quo-

351 770 512 828 niam
543 768 740 827 suavis
771 770 860 823 est
888 766 1176 824 Dominus
1204 768 1304 824 75.»
1339 767 1409 823 Ut
1430 773 1626 824 autem
1657 782 1724 824 eo
1773 766 2004 833 excidit,

350 864 527 932 atque
553 856 839 930 spoliatus
868 861 979 924 est,
1007 856 1353 928 pudefactus
1382 858 1642 926 demum,
1692 855 1900 912 incidit
1945 855 2005 910 in

352 947 615 1021 aliquam
645 944 1061 1018 suspicionem,
1092 945 1234 1000 dum
1265 944 1409 1001 talia
1437 948 1721 1014 cerneret,
1756 960 1818 1001 se
1848 942 2005 1000 scili-

354 1041 586 1106 cet,nou
610 1038 814 1091 contra
834 1034 1269 1103 hominem,sed
1294 1042 1496 1090 contra
1515 1038 1691 1089 Deum
1723 1048 2003 1105 pugnare.

352 1126 603 1183 Videbat
630 1124 786 1181 enim
835 1123 1053 1196 quibus
1082 1123 1143 1178 in
1174 1123 1349 1180 rebus
1380 1139 1587 1179 omnes
1618 1138 1823 1195 capere
1878 1124 2005 1176 ten-

351 1219 524 1287 taret,
555 1214 615 1270 in
643 1213 855 1270 iisdem
896 1230 958 1269 se
1006 1214 1228 1286 pudore
1258 1213 1433 1281 afﬁci,
1505 1212 1809 1285 magisque
1863 1207 2005 1277 labi,

353 1321 534 1377 quam
565 1304 813 1375 dejicere
843 1302 1008 1359 alios:
1052 1304 1407 1375 demumque
1437 1302 1706 1360 secedere
1738 1298 2006 1366 tentavit,

352 1411 421 1451 ac
449 1392 728 1466 fugiendo
756 1396 920 1465 terga
949 1393 1107 1449 dare.
1135 1398 1279 1449 Dum
1301 1393 1456 1448 enim
1487 1408 1622 1448 eum
1649 1404 2005 1462 suspensum

351 1487 615 1541 cerneret
643 1486 891 1539 mortem
935 1480 1322 1537 nihilominus
1356 1478 1649 1553 persequi,
1680 1478 1877 1535 timuit
1934 1493 2009 1533 ne

352 1573 450 1629 hic
479 1576 637 1630 esset
665 1572 737 1629 de
767 1588 882 1643 quo
940 1570 1227 1643 scriptum
1259 1568 1763 1627 estzExaltabitur
1810 1564 2006 1623 Domi-

355 1680 493 1730 nus,
524 1666 592 1718 ut
619 1660 969 1718 misereatur
997 1659 1206 1716 nostri.
1233 1660 1368 1724 Qua
1402 1675 1581 1715 causa
1610 1660 1755 1724 erat,
1789 1660 1852 1711 ut
1880 1670 2007 1711 om-

353 1753 454 1809 nia
484 1751 813 1824 relinquere
840 1754 899 1806 et
945 1750 1145 1823 fugere
1173 1752 1425 1821 pararet,
1454 1746 1726 1805 invidens
1753 1744 1827 1801 iis
1858 1759 2007 1817 quos

354 1840 672 1900 miseratus
734 1838 834 1895 ille
862 1842 1039 1896 esset.
1098 1838 1212 1894 Sed
1244 1837 1528 1894 Dominus
1556 1852 1690 1892 vere
1719 1832 2004 1900 Salvator,

2117 584 2299 659 χολῆς
2328 587 2393 640 τά
2421 586 2723 662 γλυκύτερα
2773 587 2905 664 ὑπὲρ
2956 587 3083 660 μέλι
3131 589 3220 644 καὶ
3251 590 3443 666 κηρίον
3472 591 3633 668 λόγια
3663 611 3773 667 χα-

2117 674 2331 750 ρίσηται
2380 677 2539 749 ἡμῖν·
2590 676 2681 731 καὶ
2723 675 2839 731 ἀνθ’
2891 678 2963 731 ὧν
3015 677 3177 740 αὐτὸς
3208 678 3459 755 ἐγεύσατο
3488 680 3555 735 τά
3584 683 3768 753 ἡμῶν,

2116 760 2239 837 εἴπῃ
2279 762 2369 818 καὶ
2417 766 2575 836 ἡμῖν·
2630 788 2659 816 ‹‹
2713 764 2993 835 Γεύσασθε,
3036 768 3125 821 καὶ
3161 765 3318 839 ἴδετε,
3350 767 3434 824 ὅτι
3464 769 3709 845 χρηστὸς
3739 770 3768 824 6

2114 850 2333 925 Κύριος.
2392 877 2419 905 ›)
2479 853 2569 915 Ὦς
2614 851 2671 907 δὲ
2720 852 2809 909 καὶ
2856 853 3052 910 τούτου
3087 854 3296 927 ἐξέπεσε
3324 857 3416 911 καὶ
3449 856 3769 928 ἐσκυλεύθη,

2112 942 2523 1016 καταισχυνθεὶς
2557 939 2771 1012 λοιπὸν,
2802 943 3007 1017 ὑποψία
3059 943 3218 999 αὐτόν
3270 966 3354 1008 τις
3407 946 3576 1021 εἶχεν,
3627 947 3769 1022 ὁρῶν

2112 1030 2180 1085 τὰ
2207 1030 2532 1103 τηλικαῦτα,
2561 1030 2643 1088 ὅτι
2675 1032 2736 1087 οὐ
2768 1033 2905 1108 πρὸς
2938 1030 3245 1110 ἄνθρωπον,
3280 1033 3425 1090 ἀλλὰ
3468 1036 3606 1112 πρὸς
3636 1044 3764 1092 Θεον

2115 1119 2496 1196 ἀντιμάχεται.
2558 1121 2740 1197 Ἑώρα
2795 1122 2899 1198 γὰρ
2957 1121 3010 1178 ἐν
3070 1123 3146 1186 εἷς
3204 1123 3330 1186 τοὺς
3387 1126 3589 1187 πάντας
3640 1125 3769 1198 ἐθή-

2116 1228 2286 1285 ρευεν,
2340 1208 2393 1264 ἐν
2437 1208 2653 1273 τούτοις
2703 1211 2887 1266 ἐαυτὸν
2919 1213 3446 1289 καταισχυνόμενον,
3489 1216 3577 1270 καὶ
3634 1213 3772 1288 μᾶλ-

2116 1294 2211 1352 λον
2260 1298 2547 1373 πίπτοντα,
2597 1300 2633 1369 ἢ
2685 1295 3123 1356 καταϐάλλοντα·
3170 1302 3256 1357 καὶ
3290 1300 3482 1359 λοιπὸν
3516 1303 3770 1381 ἐπειρᾶτο

2114 1393 2489 1462 παραχωρεῖν,
2546 1388 2636 1443 καὶ
2686 1394 2830 1444 νῶτα
2885 1387 3087 1445 διδόναι
3117 1391 3187 1466 τῇ
3212 1396 3381 1469 φυγῇ.
3436 1393 3606 1468 Ὁρῶν
3664 1394 3768 1471 γὰρ

2115 1474 2273 1560 αὐτὸν
2323 1476 2688 1553 κρεμάμενον,
2740 1478 2831 1533 καὶ
2887 1475 3156 1534 διώκοντα
3210 1481 3301 1535 τὸν
3337 1482 3586 1551 θάνατον,
3643 1481 3772 1560 ἐφο-

2116 1559 2261 1635 ϐήθη
2315 1566 2391 1639 μὴ
2437 1566 2596 1629 οὗτός
2642 1566 2775 1640 ἐστι,
2806 1568 2932 1645 περὶ
2963 1567 3027 1624 οὗ
3080 1567 3402 1646 γέγραπταν
3462 1559 3769 1645 Ὑψωθήσε-

2111 1674 2199 1708 ται
2233 1654 2427 1732 Κύριος
2473 1659 2572 1710 τοῦ
2621 1653 2865 1726 ἐλεῆσαι,
2897 1658 3070 1732 ἡμᾶς.
3103 1659 3205 1715 Καὶ
3238 1657 3327 1715 διὰ
3351 1663 3513 1715 τοῦτο
3548 1658 3768 1733 μᾶλλον

2114 1740 2291 1813 ἐζήτει
2339 1742 2513 1800 πάντα
2560 1744 2903 1817 καταλιπεῖν,
2953 1746 3043 1801 καὶ
3099 1753 3308 1825 φυγεῖν,
3375 1750 3584 1826 φθονῶν
3648 1754 3767 1813 τοῖς

2116 1829 2578 1907 ἐΛεηθησομένοις
2636 1835 2762 1909 παρ’
2819 1835 3007 1891 αὐτοῦ’
3066 1834 3218 1894 Ἀλλ’
3275 1838 3304 1892 6
3364 1837 3587 1915 Κύριον,
3629 1839 3767 1912 6τῷ

355 1930 559 1988 nolens
586 1945 721 1987 eum
750 1927 998 1985 illasum
1031 1928 1213 1997 abire,
1243 1942 1351 1983 nec
1398 1925 1806 1998 imperfectum
1857 1939 2006 1994 opus

2117 1898 2242 1976 ὄντι⁷
2286 1898 2506 1997 έωτὴρ,
2565 1922 2627 1978 ού
2679 1898 2854 1989 θέλων
2905 1924 3065 1980 αὐτὸν
3109 1923 3363 1991 ἀπελθεῖν
3416 1898 3593 1998 ἀπαθῆ
3644 1898 3769 1983 οὐδὲ

353 2022 641 2089 deserere,
664 2035 855 2090 neque
882 2034 1004 2087 eos,
1037 2017 1136 2089 qui
1167 2016 1227 2072 in
1266 2015 1492 2071 inferno
1524 2017 1713 2082 erant,
1764 2011 2006 2069 inimico

353 2110 651 2167 dedititios
680 2109 1033 2182 relinquere,
1066 2125 1280 2182 magno
1312 2106 1687 2178 mirabilique
1722 2108 2005 2176 stratage-

353 2206 510 2258 mate
538 2217 685 2258 usus
714 2204 822 2257 est.
856 2201 997 2256 Cum
1029 2199 1187 2255 enim
1219 2198 1501 2254 audacem
1532 2193 1717 2265 Lillum
1777 2191 2007 2266 percul-

352 2306 507 2358 sum,
535 2293 882 2346 trementem
915 2291 972 2344 et
1003 2287 1416 2343 formidantem
1448 2286 1733 2351 cerneret,
1768 2296 2005 2336 rursum

354 2396 417 2435 se
446 2376 715 2435 decidere
747 2377 1010 2448 simulat,
1040 2380 1107 2431 ut
1133 2375 1508 2431 accedentem
1539 2371 2004 2439 inimicum,om-

352 2466 493 2525 nino
524 2466 1033 2537 subigeret.l)raco
1054 2464 1210 2520 enim
1243 2461 1478 2518 nolebat
1498 2460 1646 2516 mori
1666 2458 2005 2526 Dominum,

357 2561 462 2613 aut
492 2556 747 2629 pendere
776 2557 834 2611 in
866 2553 1048 2626 ligno,
1083 2553 1183 2609 sed
1213 2552 1452 2625 optabat
1503 2555 1570 2606 ut
1600 2547 1882 2604 Dominus
1912 2546 2009 2602 de-

353 2646 660 2702 scenderet
690 2644 762 2700 de
794 2659 986 2709 cruce,
1039 2648 1097 2699 et
1126 2659 1241 2697 non
1272 2644 1597 2697 moreretur
1627 2657 1640 2705 ;
1670 2642 1772 2692 aut
1808 2634 1857 2692 si
1889 2652 2005 2692 non

357 2734 784 2802 descendisset,
817 2739 881 2788 ut
911 2736 1175 2788 maneret
1204 2731 1264 2786 in
1297 2746 1467 2785 cruce
1498 2726 1865 2800 quidem,sed
1890 2740 2006 2781 non

357 2828 701 2880 moreretur.
736 2823 1021 2877 Metuebat
1047 2822 1226 2887 enim,
1257 2835 1328 2875 ne
1353 2819 1406 2874 id
1438 2818 1599 2873 fieret
1653 2815 1807 2887 quod
1867 2814 2007 2870 scri-

355 2916 523 2986 ptum
552 2916 676 2968 est:
705 2933 734 2961 ‹‹
765 2910 1019 2984 Spiritus
1051 2908 1279 2965 Domini
1309 2924 1488 2980 super
1552 2922 1664 2973 me,
1698 2921 1791 2975 Leo
1847 2903 2001 2976 quod

357 3000 591 3058 unxerit
621 3016 735 3069 me,
765 2997 1164 3071 evangelizare
1192 2995 1551 3071 pauperibus
1585 2993 1747 3050 misit
1777 3009 1891 3060 me,
1950 2994 2007 3047 et

353 3089 671 3163 praedicare
701 3088 947 3161 captivis
975 3087 1407 3154 remissionem,
1440 3091 1498 3141 et
1530 3085 1700 3140 caecis
1730 3083 1891 3138 visus
1913 3097 2007 3136 rec

354 3178 723 3236 stitutionem
744 3178 808 3233 ⁷⁸.
843 3200 873 3227 ››
906 3177 1294 3242 Quamobrem
1333 3177 1733 3243 metuebat,ne
1757 3170 1851 3226 hic
1909 3168 2008 3224 ille

355 3273 511 3325 esset
565 3271 781 3323 unctus
809 3272 867 3323 et
896 3266 1213 3335 missus,ac
1242 3281 1314 3320 ne
1343 3263 1585 3320 demum
1615 3260 1892 3317 omnibus
1946 3258 2006 3314 li-

2124 3255 2339 3334 ϐλεψιν.
2392 3284 2421 3313 ››

355 3359 552 3417 bertas
581 3357 749 3414 foret.

428 3533 520 3588 25.
554 3531 839 3589 Omnibus
870 3530 1069 3602 itaque
1101 3527 1637 3601 nudatus,optabat
1660 3525 1868 3583 inferni
1901 3524 2014 3581 sal-

352 3625 471 3678 tem
529 3620 842 3693 imperium
876 3624 1094 3674 tenere.
1147 3616 1275 3672 Alia
1323 3617 1620 3689 siquidem
1651 3617 1703 3672 ei
1761 3614 2010 3671 formido

353 3715 650 3779 erat,num
676 3710 727 3765 is
758 3714 915 3765 esset
963 3707 1062 3779 qui
1092 3706 1363 3763 tenebras
1419 3705 1759 3770 illustraret,
1792 3705 1862 3760 de
1893 3721 2009 3777 quo

353 3798 639 3871 scriptum
672 3800 798 3853 est:
829 3818 857 3846 «
889 3792 1130 3851 Galilaa
1157 3795 1441 3867 gentium,
1478 3790 1731 3864 populus
1751 3791 1850 3862 qui
1882 3807 2006 3846 am-

357 3887 600 3944 bulabat
627 3885 688 3942 in
720 3883 1154 3952 tenebris,vidit
1183 3883 1370 3938 lucem
1397 3897 1674 3953 magnam
1699 3880 1801 3935 ⁷⁷.»
1839 3880 2008 3935 Illum

357 3976 513 4033 enim
547 3974 817 4031 audierat
870 3974 953 4029 ita
1004 3971 1371 4043 loquentem:
1431 3969 1550 4040 Ego
1591 3984 1723 4023 sum
1753 3966 1855 4022 lux
1878 3967 1943 4020 τε.
1976 3989 2004 4018 ››

356 4065 517 4123 Unde
548 4064 847 4120 metuebat
892 4078 965 4118 ne
994 4064 1342 4131 moreretur,
1377 4062 1433 4114 et
1462 4057 1588 4130 ipse
1618 4074 1687 4112 ex
1734 4055 2008 4114 omnibus

352 4149 1074 4210 exturbaretur.Dominus
1105 4165 1277 4221 porro
1315 4164 1447 4203 cum
1475 4146 1646 4202 illum
1678 4145 1877 4219 fugam
1905 4162 2007 4218 pa-

351 4258 482 4300 rare
512 4243 795 4309 cerneret,
820 4255 894 4297 ne
923 4239 1254 4297 elaberetur
1273 4236 1748 4306 inimicus,voces
1789 4235 2009 4293 emittit

349 4332 668 4400 humanas,
722 4346 1011 4401 vocesque
1067 4326 1452 4397 infirmitatis,
1485 4327 1695 4382 aiens:
1729 4348 1758 4376 «
1816 4325 2007 4394 Elobi,

350 4420 539 4490 Elohi,
586 4420 742 4477 lema
801 4417 1211 4486 eabacbthani,
1237 4417 1294 4472 id
1328 4420 1420 4473 est
1446 4420 1599 4472 Deus
1629 4431 1819 4481 meus,
1851 4414 2008 4471 Deus

355 4526 546 4578 meus,
579 4516 645 4565 ut
671 4509 809 4581 quid
841 4523 936 4565 me
967 4504 1477 4579 dereliquisti"°?»
1511 4504 1675 4571 Quod
1701 4503 1831 4560 ideo
1852 4502 2006 4575 fecit,

355 4602 424 4655 ut
451 4597 743 4664 diabolus,
773 4613 950 4668 quem
1006 4599 1079 4651 ut
1109 4595 1294 4651 Deum
1357 4593 1790 4659 reformidarat,
1848 4592 2009 4649 hunc

355 4692 521 4743 ratus
543 4685 672 4758 jam
703 4684 1004 4741 hominem
1035 4700 1164 4741 esse
1202 4681 1739 4754 inﬁrmum,fugam
1772 4681 2007 4737 cohibe-

356 4779 464 4832 ret.
497 4774 603 4831 His
634 4774 925 4830 adductus
954 4772 1196 4829 vocibus
1228 4770 1723 4828 sceleratissimus
1753 4769 1875 4841 ille,
1935 4770 2008 4826 ad

357 4880 494 4921 eum
525 4865 716 4920 denuo
747 4868 812 4919 ut
844 4862 1140 4919 hominem
1173 4861 1457 4917 accedens
1507 4860 1843 4917 confractus
1898 4863 2008 4916 est.

354 4952 577 5011 Judaais
606 4952 763 5009 enim
795 4958 996 5008 auctor
1025 4951 1304 5022 fuerat,ut
1330 4950 1402 5005 ad
1433 4965 1633 5006 necem
1654 4964 1790 5004 eum
1806 4953 2009 5020 postu-

264 5082 271 5086 -
357 5041 588 5099 larent:
622 5057 836 5114 resque
867 5040 950 5095 illi
982 5045 1192 5114 praeter
1221 5055 1383 5111 spem
1422 5038 1777 5095 acciditznon
1808 5038 1867 5093 in
1899 5037 2015 5093 alia

361 5133 579 5205 quippe
608 5134 773 5204 parte
805 5147 985 5203 quam
1044 5131 1102 5185 in
1149 5129 1328 5186 latere
1358 5128 1668 5183 confossus
1698 5132 1807 5194 est,
1858 5127 2015 5182 unde

2037 4640 2087 4706 D

2117 2010 2302 2073 ἀτελὲς
2349 2014 2413 2067 τὸ
2470 2008 2630 2088 ἔργον
2684 2013 3029 2088 καταλεῖψαι,
3089 2011 3213 2070 οὐδὲ
3267 2016 3394 2079 τοὺς
3440 2015 3493 2072 ἐν
3542 2018 3621 2091 τῷ
3668 2013 3771 2091 ᾅδῃ

2116 2097 2368 2164 ἐκδότους
2418 2100 2633 2180 ἀφεῖναι
2679 2108 2758 2175 τῷ
2804 2102 3011 2179 ἐχθρῷ,
3071 2104 3437 2181 ἐστρατήγησε
3498 2105 3632 2183 μέγα
3678 2104 3766 2162 καὶ

2115 2189 2418 2263 θαυμαστὸν
2508 2187 2687 2267 ἔργων’
2778 2193 2953 2266 Ὁρῶν
3029 2193 3129 2269 γὰρ
3212 2194 3369 2249 αὐτὸν
3456 2197 3767 2267 καταπτήσ-

2116 2299 2275 2333 σονοα
2327 2280 2462 2353 (31),
2506 2280 2597 2334 καὶ
2642 2282 2935 2356 τρέμοντα,
2984 2281 3072 2337 καὶ
3105 2279 3396 2339 διελιῶντα
3423 2284 3514 2340 τὸν
3547 2283 3768 2361 θρασὺν,

2115 2368 2279 2423 πάλιν
2340 2368 2417 2431 ὡς
2469 2369 2791 2425 ὑποπίπτων
2835 2371 3256 2446 σχηματίζεται,
3277 2371 3371 2428 ’ίνα
3399 2373 3771 2451 προσελθόντα

2112 2457 2204 2512 τὸν
2265 2455 2459 2534 ἐχθρὸν
2511 2456 2698 2514 τέλεον
2749 2461 3107 2535 χειρώσηται.
3157 2467 3209 2517 '0
3257 2463 3351 2536 μὶν
3401 2463 3501 2540 γὰρ
3554 2461 3766 2540 δράκων

2116 2546 2215 2602 οὐκ
2273 2545 2467 2617 ἤθελεν
2512 2549 2870 2620 ἀποθνήσκειν
2920 2552 3009 2607 τὸν
3064 2551 3283 2628 Κύριον,
3336 2551 3460 2608 οὐδὲ
3490 2554 3767 2629 κρεμάμε-

2115 2657 2208 2692 νον
2271 2636 2358 2692 ἐπὶ
2401 2636 2559 2707 ξύλον
2612 2641 2751 2711 (32)·
2805 2640 2892 2695 καὶ
2940 2638 3108 2711 ἤθελε
3167 2644 3262 2715 μὶν
3312 2638 3611 2714 καταϐῆναι
3669 2644 3763 2699 τὸν

2116 2725 2310 2799 Κύριον
2360 2728 2465 2782 ἀπὸ
2492 2731 2591 2783 τοῦ
2626 2733 2858 2805 σταυροῦ
2887 2729 2976 2784 καὶ
3014 2731 3090 2802 μή
3125 2731 3432 2787 ἀποθανεῖν·
3495 2732 3541 2787 εί
3573 2730 3632 2787 δί
3683 2733 3760 2805 μὴ

2111 2810 2411 2890 κατέϐαινε,
2469 2815 2565 2872 κᾶν
2618 2816 2795 2890 μένειν
2850 2818 3009 2874 αὐτὸν
3061 2818 3249 2882 ἁπλῶς
3295 2819 3382 2875 ἐπὶ
3429 2824 3527 2875 τοῦ
3575 2819 3762 2893 ξύλου,

2112 2904 2204 2960 καὶ
2262 2905 2423 2978 μόνον
2477 2907 2553 2980 μὴ
2604 2906 2911 2964 ἀποθανεῖν.
2962 2902 3244 2984 Ἐφοϐεῖτο
3287 2908 3391 2985 γὰρ
3443 2909 3519 2981 μὴ
3565 2908 3629 2963 τὸ
3680 2929 3766 2985 γε-

2113 2994 2431 3069 γραμμένον
2476 2993 2718 3070 γένηται’
2775 3018 2797 3045 ι
2847 2998 3068 3068 Πνεῦμα
3116 2995 3317 3072 Κυρίου
3390 2997 3474 3052 ἐπ’
3534 2996 3651 3070 ἐμὲ,
3702 2994 3766 3052 οὗ

2116 3081 2311 3138 ε’ίνεκεν
2345 3080 2531 3159 ἔχρισέ
2566 3105 2651 3157 με,
2683 3081 3125 3160 εὐαγγελίσασθαι
3171 3092 3421 3161 πτωχοῖς
3465 3084 3770 3142 ἀπέσταλκέ

2120 3192 2208 3245 με,
2260 3173 2349 3227 καὶ
2397 3172 2625 3245 κηρῦξαι
2674 3170 3061 3247 αἰχμαλώτοις
3107 3171 3314 3251 ἄφεσιν,
3362 3174 3595 3249 τυφλοῖς
3646 3171 3771 3230 ἀνά-

2470 3262 2567 3316 Καὶ
2617 3258 2707 3316 διὰ
2741 3266 2902 3316 τοῦτο
2949 3258 3217 3339 ἐφοϐήθη,
3254 3264 3329 3337 μὴ
3365 3259 3520 3326 οὗτὸς
3568 3263 3710 3319 ἐστιν
3742 3264 3772 3319 6

2122 3350 2368 3426 χρισθεὶς
2420 3351 2509 3405 καὶ
2558 3348 2903 3424 ἀποσταλεὶς,
2948 3351 3039 3407 καὶ
3098 3349 3292 3408 λοιπὸν
3349 3357 3455 3408 τῶν
3519 3355 3771 3410 ἁπάντων

2120 3438 2394 3515 ἐλευθερία
2420 3439 2661 3516 γένηται.

2190 3531 2281 3585 25.
2314 3530 2623 3602 Γυμνωθεὶς
2652 3527 2744 3584 οὗν
2779 3531 2883 3587 ἀπὸ
2911 3535 3009 3586 τοῦ
3042 3532 3258 3601 παντὸς,
3292 3527 3496 3607 ηὔχετο
3545 3530 3639 3587 κᾶν
3669 3536 3768 3587 τοῦ

2120 3615 2252 3688 ᾆδου
2281 3623 2513 3693 κρατεῖν.
2546 3617 2718 3673 Πάλιν
2748 3620 2850 3698 γὰρ
2894 3614 3164 3698 ἐφοϐεῖτο,
3221 3621 3294 3691 μή
3346 3619 3505 3683 οὗτός
3564 3619 3703 3676 ἐστιν
3736 3620 3765 3675 6

2117 3707 2207 3760 καὶ
2264 3707 2326 3761 τὸ
2384 3706 2573 3769 σκότος
2637 3706 3036 3781 καταλάμπων,
3109 3707 3232 3784 περὶ
3314 3705 3377 3762 οὗ
3442 3708 3763 3785 γέγραπται·

2122 3819 2149 3847 ι(
2181 3792 2448 3851 Γαλιλαία
2474 3800 2581 3851 τῶν
2616 3795 2797 3867 ἐθνῶν,
2828 3798 2856 3852 6
2916 3795 3047 3860 λαὸς
3096 3798 3124 3852 6
3180 3800 3487 3871 καθήμενος
3536 3798 3586 3854 ἐν
3640 3798 3764 3853 σκό-

2115 3906 2218 3952 τει,
2278 3889 2391 3962 φῶς
2440 3882 2547 3941 εἶδε
2600 3888 2759 3961 μέγα.
2808 3907 2836 3941 ι
2893 3886 2990 3941 Καὶ
3046 3886 3147 3963 γὰρ
3203 3886 3293 3942 καὶ
3361 3886 3555 3957 ἤκουεν
3603 3887 3767 3943 αὐτοῦ

2120 3972 2397 4048 λέγοντος·
2457 3999 2486 4028 ‹‹
2537 3976 2681 4050 Ἐγώ
2730 3976 2845 4050 εἶμι
2894 3977 2957 4032 τὸ
3000 3981 3137 4055 φῶς,
3203 4000 3232 4028 ››
3261 3977 3413 4032 ’Ὀθεν
3448 3973 3655 4031 ἐδειλία
3687 3978 3766 4050 μὴ

2115 4061 2385 4138 ἀποθάνῃ,
2441 4063 2529 4118 καὶ
2583 4066 2797 4121 πάντων
2850 4061 3117 4137 ἐκϐληθῇ.
3165 4071 3219 4119 Ὁ
3268 4063 3325 4120 δὲ
3374 4064 3593 4142 Κύριος,
3625 4066 3766 4140 ὁρῶν

2117 4152 2276 4208 αὐτὸν
2336 4150 2620 4232 φεύγοντα,
2674 4152 2767 4209 ’ίνα
2819 4157 2894 4229 μὴ
2963 4159 3126 4210 τοῦτο
3168 4155 3392 4230 γένηται
3444 4155 3535 4211 καὶ
3595 4156 3769 4234 φυγὰς

2117 4238 2323 4315 ἀπέλθῃ
2366 4242 2395 4294 6
2449 4240 2668 4317 ἐχθρὸς,
2720 4243 2901 4318 φωνὰς
2957 4242 3177 4319 ἀφίησιν
3240 4242 3605 4318 ἀνθρωπίνας,
3680 4242 3771 4298 καὶ

2118 4329 2295 4407 φωνὰς
2326 4329 2593 4391 ἀσθενείας
2626 4328 2822 4405 λέγων·
2882 4352 2911 4381 »
2967 4328 3155 4399 Ἐλωῖ,
3189 4328 3378 4403 Ἐλωλι,
3411 4328 3569 4404 λημά
3600 4327 3772 4387 σαϐα-

2118 4418 2297 4494 χθανί·
2357 4440 2387 4470 ››
2433 4416 2700 4491 τουτέστι,
2750 4444 2778 4471 ‹‹
2831 4418 2927 4473 Θεέ
2986 4439 3114 4491 μου,
3165 4419 3261 4474 est
3303 4440 3431 4493 μου,
3463 4420 3547 4474 ἱνά
3601 4421 3653 4476 τί
3704 4440 3773 4493 με

2117 4504 2501 4581 ἐγκατέλιπες
2556 4528 2584 4557 ››
2614 4505 2713 4559 Καὶ
2743 4502 2903 4560 τοῦτο
2936 4505 3127 4573 ἐποίει,
3170 4503 3262 4561 ’ίνα
3309 4507 3337 4561 6
3382 4501 3663 4581 διάϐολος,
3710 4508 3768 4564 ὅν

2116 4591 2430 4669 κατεπλάγη
2481 4593 2636 4662 Θεὸν,
2681 4598 2875 4649 τοῦτον
2927 4594 3001 4657 ὡς
3046 4594 3326 4669 ἄνθρωπον
3370 4597 3561 4666 ἀσθενῆ
3622 4597 3774 4671 νομί-

2117 4703 2236 4752 σας,
2296 4682 2373 4756 μή
2422 4681 2591 4760 φυγὰς
2640 4681 2888 4739 ἀπέλθοι.
2937 4682 3164 4746 Ταύταις
3213 4687 3343 4759 γοῦν
3394 4689 3513 4746 ταῖς
3569 4690 3774 4761 φωναῖς

2120 4771 2384 4846 ὑπαχθεὶς
2439 4773 2467 4827 ὁ
2528 4771 2829 4849 πάγκακος,
2874 4769 3041 4827 πάλιν
3069 4772 3145 4835 ὡς
3197 4773 3468 4846 ἀνθρώπῳ
3499 4773 3779 4847 προσῆλθε

2118 4861 2207 4917 καὶ
2287 4859 2611 4937 κατερράγη.
2700 4866 2921 4916 ’Έπεισε
2976 4860 3075 4938 γὰρ
3141 4860 3268 4925 τοὺς
3328 4860 3626 4925 Ἰουδαίους
3698 4863 3776 4927 εἷς

2119 4951 2330 5028 σφαγὴν
2363 4949 2520 5005 αὐτὸν
2572 4949 2913 5020 αἰτήσασθαι,
2958 4951 3047 5006 καὶ
3079 4949 3299 5026 γέγονεν
3350 4950 3484 5027 ὅπερ
3516 4950 3577 5007 ού
3609 4972 3776 5028 προσ-

2123 5034 2400 5110 εδόκησεν·
2452 5037 2653 5115 ἐσφάγη
2705 5038 2809 5115 γὰρ
2859 5038 2957 5094 οὐκ
3004 5038 3082 5102 εἷς
3127 5036 3268 5095 ἄλλο
3303 5040 3490 5116 μὲρος,
3523 5038 3650 5097 ἀλλ’
3702 5040 3777 5104 εἰς

2120 5130 2221 5199 τήν
2268 5127 2526 5203 πλευρὰν,
2573 5127 2662 5206 ἀφ’
2710 5130 2775 5197 ἧς
2803 5126 3050 5204 ἕῤῥευσεν
3104 5125 3251 5204 ὕδωρ
3318 5128 3409 5184 καὶ
3460 5130 3615 5202 αἲμα·
3664 5128 3777 5203 ἵνα,

359 5220 603 5294 sanguis
631 5223 688 5277 et
717 5236 870 5292 aqua
918 5218 1218 5284 manavit;
1261 5220 1326 5272 ut
1356 5215 1634 5286 quoniam
1694 5215 1859 5287 prius
1914 5232 2006 5288 per

2124 5216 2310 5288 ἐπειδὴ
2360 5217 2624 5295 πρότερον
2677 5215 2765 5274 διὰ
2812 5221 2911 5288 τῆς
2956 5218 3017 5274 ἐκ
3045 5217 3287 5294 πλευρᾶς
3318 5218 3655 5291 πλασθείσης
3682 5242 3776 5297 γυ-

359 5309 667 5366 mulierem
695 5325 764 5365 ex
793 5308 975 5365 latere
1009 5308 1345 5375 formatam,
1376 5308 1618 5361 venerat
1646 5305 2006 5377 deceptio;its

2123 5307 2307 5372 ναικὸς
2327 5307 2493 5379 ἦλθεν
2528 5307 2730 5379 ἀπάτη,
2765 5308 2939 5372 οὕτως
2972 5306 3062 5365 διὰ
3088 5314 3190 5378 τῆς
3242 5306 3480 5386 πλευρᾶς
3533 5314 3632 5366 τοῦ
3664 5309 3780 5366 660-

356 5399 646 5474 perlatus
677 5400 921 5456 secundi
956 5396 1168 5453 Adami
1203 5395 1529 5467 redemptio
1564 5399 1623 5451 et
1676 5396 2016 5453 emundatio

2124 5398 2282 5473 τὲρου
2332 5393 2507 5471 Ἀδὰμ
2577 5395 2775 5473 λύτρον
2837 5397 2930 5453 καὶ
2995 5395 3284 5472 καθάρσιον
3334 5404 3435 5467 τῆς
3510 5400 3777 5476 προτέρας

429 5544 475 5580 ⁷⁸
504 5542 659 5599 Psal.
692 5558 888 5614 χχχιιι,
919 5543 974 5599 9.
1050 5541 1095 5577 ⁷⁸
1170 5540 1283 5595 Isa.
1318 5555 1428 5608 LXI,
1465 5539 1516 5594 1.
1546 5539 1590 5581 ’τί
1624 5537 1839 5610 lsa.‘1x,
1870 5540 1925 5610 l,
1953 5543 2006 5600 2.

2127 5543 2300 5601 Joan.
2376 5558 2503 5606 vm,
2581 5541 2737 5599 12.“
2809 5546 3113 5614 Marc.xv,
3190 5543 3279 5598 3t.

433 5698 548 5771 (31)
580 5695 795 5770 Regius
824 5700 882 5753 et
907 5693 1731 5769 Αιιεὶίοαιιυε,καταπτήξαντα’

2200 5696 2313 5770 (32)
2344 5695 2563 5770 Regius
2592 5700 2649 5753 et
2677 5694 3059 5777 Anglicanus,
3092 5692 3180 5752 ἐπι
3210 5692 3395 5768 ξύλου·
