4154 6370
349 392 467 457 229

1399 391 1501 453 DE
1550 386 1929 455 PASSIONE
1974 392 2074 455 ΕΤ
2117 388 2371 455 CHUCE
2421 392 2724 454 DOMlNl.

3650 395 3773 456 230

348 530 591 605 γένηται·
625 524 827 601 λύτρον
892 524 985 597 μὲν
1045 518 1132 578 διὰ
1182 528 1279 578 τοῦ
1327 523 1580 599 αἵματος,
1609 528 1894 603 καθάρσιον
1947 527 2003 582 δὲ

2141 528 2329 583 η’ἱοιιὶε
2352 528 2697 582 efﬁceretur:
2724 527 3050 599 redemptio
3068 542 3170 598 per
3185 528 3774 600 sanguinem,emun-

350 618 439 674 διὰ
466 620 563 672 τοῦ
597 613 815 677 ὕδατος.
848 618 1016 668 Τοῦτο
1077 611 1133 667 δὲ
1185 613 1246 667 οὐ
1297 615 1433 669 κατὰ
1480 615 1708 689 γνώμην
1758 611 2012 671 ἀπέϐαινε

350 712 428 779 τῷ
476 700 748 776 διαϐόλῳ·
782 702 870 758 καὶ
920 703 1025 777 γὰρ
1075 702 1132 757 ’ὀν
1178 697 1427 780 ἐφοϐεῖτο
1474 704 1714 780 γενέσθαι
1766 705 2009 775 θάνατον,

350 801 544 852 τοῦτον
572 796 690 867 (33)
737 792 994 855 ἀπέθανεν
1046 792 1073 845 6
1126 790 1346 865 Κύριος,
1378 792 1625 855 κάκεῖνος
1672 792 2009 849 ἐσκύλευται⁸

354 887 445 941 καὶ
490 882 723 957 νομίσας
771 886 987 955 κρατεῖν
1035 882 1126 935 τὸν
1171 882 1400 957 Χριστὸν
1449 881 1502 937 ἐν
1547 887 1627 956 τῷ
1661 884 2015 957 θανάτῳ,αὖ-

356 976 448 1038 τὸς
502 971 716 1048 μάλλον
766 968 989 1045 ἐδείχθη
1032 970 1243 1046 νεκρὸς’
1294 972 1382 1026 καὶ
1442 975 1863 1048 καυχησάμενος
1922 974 2014 1030 ἄν-

359 1066 577 1138 θρωπον
632 1057 945 1137 ἐνεδρεύειν,
1002 1059 1273 1130 πεποίηκε
1326 1063 1627 1136 γνωσθῆναι
1685 1063 1835 1120 Θεόν.
1866 1064 2016 1136 Ἀμα

361 1155 464 1229 γὰρ
509 1153 786 1217 ἀπέθανεν,
837 1151 873 1218 ἡ
928 1149 1021 1221 μὲν
1065 1148 1242 1211 κτίσις
1316 1148 1542 1221 ἀνήλιος
1591 1152 1802 1228 γέγονε,
1847 1154 1910 1207 τὸ
1959 1150 2017 1207 δὲ

366 1240 748 1313 καταπέτασμα
798 1242 894 1293 τοῦ
938 1242 1071 1293 ναοῦ
1119 1237 1341 1315 ἐρῥάγη,
1374 1243 1409 1309 ἡ
1460 1247 1531 1316 γῆ
1565 1240 1802 1313 ἐσείσθη,
1841 1244 1930 1297 καὶ
1962 1243 2016 1297 αἱ

366 1334 557 1407 πέτραι
615 1328 963 1403 ἐσχίσθησαν,
999 1330 1052 1381 oi
1108 1334 1454 1403 στρατιῶται,
1506 1329 1597 1383 σὺν
1656 1337 1773 1393 τοῖς
1830 1329 2017 1385 πυλω-

363 1426 480 1494 ροῖς
536 1423 632 1472 τοῦ
682 1413 814 1487 ᾅδου
860 1416 1213 1488 κατέπτηξαν.
1250 1419 1368 1497 Ἀφ’
1415 1420 1489 1473 ὧν
1539 1420 1606 1489 ἦν
1656 1417 1789 1474 ἰδεῖν
1822 1421 2016 1493 μηκέτι

362 1510 667 1582 ἄνθρωπον,
702 1504 847 1561 ἀλλὰ
891 1507 1021 1560 Θεὸν
1073 1506 1295 1577 ἀληθῶς
1345 1507 1397 1561 ἐν
1450 1509 1687 1581 σώματι,
1720 1510 1794 1571 ὡς
1829 1510 1920 1563 καὶ
1966 1511 2019 1564 οἱ

364 1601 692 1674 θεωροῦντες
723 1592 928 1672 ἔλεγον⁶
966 1620 987 1647 ι
1025 1594 1278 1667 Ἀληθῶς
1309 1596 1470 1661 οὗτός
1500 1597 1610 1654 ἐστι
1643 1603 1776 1654 Θεοῦ
1807 1598 1955 1662 Υἱός.
1992 1623 2013 1650 ι

365 1687 466 1745 Καὶ
498 1687 602 1762 γὰρ
632 1683 821 1741 πολλὰ
868 1690 1111 1759 μνημεῖα
1155 1686 1541 1762 ἠνεῴχθησαν,
1573 1689 1663 1744 καὶ
1707 1689 2017 1765 ἠγέρθησαν

365 1776 570 1832 τούτων
604 1777 658 1830 οἱ
687 1774 890 1850 νεκροί.

433 1958 526 2013 26.
571 1952 793 2033 Τυφλὸν
846 1951 1067 2024 ἀληθῶς
1110 1956 1145 2024 ἡ
1195 1954 1373 2009 κακία⁶
1434 1955 1664 2027 νομίσας
1733 1957 1835 2033 γὰρ
1884 1957 2020 2012 ἀπο-

367 2045 587 2100 κτείνειν
646 2040 757 2113 ἕνα,
814 2049 922 2098 τῶν
990 2043 1203 2098 πάντων
1274 2044 1575 2121 ἐστέρηται·
1634 2046 1722 2100 καὶ
1793 2047 2020 2119 νομίσας

365 2135 439 2196 εἷς
482 2130 617 2204 ᾅδην
678 2135 1020 2211 καταφέρειν,
1066 2128 1396 2204 ἐκϐέϐληται
1442 2139 1540 2189 τοῦ
1597 2131 1748 2205 ᾅδου.
1786 2136 1880 2190 Καὶ
1927 2138 2024 2191 ἀπ-

364 2221 585 2299 εδείχθη
641 2228 826 2293 πᾶσιν,
861 2222 943 2277 ὅτι
1000 2221 1099 2277 οὐκ
1157 2222 1397 2295 ἀσθενείᾳ
1450 2223 1660 2302 φύσεως
1706 2225 1960 2296 τέθνηκεν
1995 2228 2023 2280 ὁ

367 2310 757 2389 Σωτήρ,ἀλλὰ
802 2312 893 2366 τὸν
935 2312 1160 2366 θάνατον
1214 2312 1289 2374 είς
1339 2312 1608 2390 ἀναίρεσιν
1652 2313 1886 2385 ἐδίωξεν,
1933 2313 2025 2369 ’ίνα

364 2403 679 2477 καταργήσῃ
707 2405 923 2473 τοῦτον,
954 2406 1043 2455 καί
1076 2399 1368 2474 ἀπαλλάξῃ
1414 2402 1666 2476 τούτους,
1700 2403 1818 2458 ὅσοι
1869 2399 2025 2483 φόϐῳ

369 2491 599 2546 θανάτου
656 2491 746 2546 διὰ
801 2492 1000 2553 παντὸς
1056 2495 1153 2546 τοῦ
1187 2494 1281 2565 ζῇν
1334 2490 1519 2568 ἔνοχοι
1568 2496 1701 2563 ἦσαν
1749 2491 2022 2556 δουλείας.

371 2581 445 2635 Οὐ
476 2578 620 2635 πολὺ
649 2584 775 2656 γοῦν
807 2577 1011 2652 διέστη,
1042 2581 1131 2635 καὶ
1159 2585 1254 2642 τὰς
1286 2578 1483 2645 ὠδῖνας
1516 2580 1673 2639 ἔλυσε
1718 2588 1813 2637 τοῦ
1871 2578 2025 2655 ᾅδου,

374 2670 465 2725 καὶ
528 2668 654 2732 τοὺς
718 2670 811 2742 μὶν
865 2668 1066 2733 ἄλλους
1125 2667 1314 2746 ἤγειρε
1373 2669 1567 2746 λέγων·
1626 2696 1647 2724 ι
1705 2671 2026 2749 Ἐγείρεσθε,

377 2760 592 2834 ἄγωμεν
656 2757 913 2814 ἐντεῦθεν·
976 2784 1003 2810 ››
1062 2758 1221 2822 αὐτὸς
1286 2757 1343 2815 δὶ
1418 2760 1663 2833 ἐξανέστη
1736 2762 1825 2816 καὶ
1899 2782 2028 2817 κατ-

373 2848 533 2917 ἐζησε
575 2849 687 2920 (34)
735 2852 831 2902 τοῦ
890 2846 1142 2918 θανάτου,
1179 2846 1388 2924 χλεύην
1448 2849 1613 2905 αύτοῦ
1668 2853 1768 2921 τήν
1819 2850 2031 2925 τόλμαν

372 2938 741 3014 ἡγησάμενος*
804 2937 881 2991 ὡς
939 2938 1029 2991 καὶ
1083 2937 1134 2992 ἐν
1195 2937 1389 3010 ὕμνοις
1446 2944 1905 3017 προανεφωνεῖτο.
1938 2938 2030 2995 λέ-

374 3046 560 3102 γοντος
611 3030 708 3080 τοῦ
767 3026 1097 3098 Πνεύματοςι
1151 3050 1179 3078 ‹‹
1239 3028 1296 3081 Ὁ
1352 3033 1621 3083 κατοικῶν
1673 3029 1724 3084 ἐν
1777 3030 2030 3104 οὐρανοῖς

377 3112 714 3189 ἐκγελάσεται
762 3113 981 3183 αὐτοὺς,
1031 3116 1119 3169 καὶ
1185 3117 1213 3170 6
1266 3115 1462 3191 Κύριος
1530 3117 1886 3194 ἐκμυκτηριεῖ
1936 3118 2031 3173 αύ-

371 3206 515 3265 τούς.
550 3228 578 3256 ››
613 3202 952 3273 Χλευάζεται
1000 3204 1101 3281 γὰρ
1154 3202 1375 3276 ἀληθῶς
1426 3206 1570 3261 οὕτω
1614 3208 1889 3284 παιχθεὶς,
1940 3208 2029 3262 καὶ

2050 1909 2100 1974 Β

2120 618 2279 673 datio
2297 634 2400 689 per
2416 633 2651 689 aquam.
2676 618 2793 672 Hoc
2814 622 3010 672 autem
3032 632 3405 689 nequaquam
3428 636 3496 675 ex
3524 625 3774 677 senten-

2120 707 2203 763 tia
2230 705 2457 761 diabolo
2487 705 2715 778 obtigit,
2749 722 2884 762 cum
2914 722 2982 761 ea
3012 711 3219 774 morte,
3271 723 3390 778 qua
3446 710 3770 777 metuebat,

2123 796 2336 852 obierit
2364 795 2673 861 Dominus,
2706 799 2882 869 atque
2922 794 3023 851 ille
3075 794 3351 852 omnibus
3408 797 3771 871 exspoliatus

2124 888 2244 942 est:
2280 889 2557 957 ratusque
2586 901 2648 941 se
2679 885 2972 940 Christum
3010 884 3066 939 in
3125 888 3311 941 morte
3368 887 3586 958 tenere,
3646 888 3774 961 ipse

2125 975 2322 1047 potius
2348 980 2617 1031 mortuus
2644 991 2772 1031 esse
2801 974 3202 1047 deprehensus
3245 979 3368 1030 est:
3429 979 3604 1047 atque
3650 978 3775 1049 glo-

2125 1065 2311 1120 riatus
2341 1066 2496 1136 quod
2530 1064 2753 1119 homini
2786 1064 3101 1120 insidiatus
3131 1069 3307 1132 esset,
3338 1064 3395 1119 id
3454 1064 3666 1135 effecit,
3716 1073 3781 1123 ut

2129 1159 2278 1209 Deus
2311 1158 2746 1225 agnosceretur.
2774 1154 2921 1209 Nam
2954 1154 3153 1209 statim
3186 1158 3359 1225 atque
3378 1159 3647 1212 mortuus
3669 1162 3777 1228 est,

2128 1259 2324 1298 rerum
2358 1246 2569 1298 natura
2610 1242 2731 1299 sole
2788 1242 3075 1298 destituta
3134 1242 3264 1313 fuit,
3323 1242 3519 1299 velum
3577 1244 3781 1317 templi

2130 1332 2381 1387 scissum
2413 1336 2520 1401 est,
2553 1337 2711 1387 terra
2742 1333 2984 1387 tremuit
3015 1337 3071 1385 et
3128 1339 3304 1403 petrae
3362 1332 3559 1388 scissae
3618 1339 3780 1402 sunt,

2133 1423 2223 1476 71
2262 1420 2499 1491 milites,
2531 1438 2665 1477 cum
2696 1421 2908 1476 inferni
2952 1420 3312 1491 janitoribus
3371 1427 3592 1478 terrore
3650 1440 3781 1495 per-

2130 1510 2277 1565 culsi
2312 1514 2471 1565 sunt.
2508 1511 2585 1565 Ex
2616 1510 2834 1582 quibus
2864 1510 3062 1565 videre
3094 1514 3220 1565 erat
3248 1527 3363 1566 non
3405 1510 3561 1567 ultra
3589 1512 3780 1568 homi-

2130 1614 2289 1668 nem,
2322 1599 2423 1654 sed
2449 1615 2583 1655 vere
2614 1599 2798 1655 Deum
2830 1600 2889 1654 in
2948 1615 3209 1669 corpore,
3273 1605 3335 1655 ut
3381 1600 3617 1656 aiebant
3670 1602 3784 1674 ipsi

2130 1693 2491 1761 spectatores
2513 1706 2532 1743 :
2569 1709 2596 1742 ι
2625 1689 2769 1745 Vere
2800 1689 2893 1744 hic
2937 1693 3027 1744 est
3087 1688 3263 1744 Filius
3327 1689 3424 1745 Dei
3453 1690 3518 1745 ⁸⁸.
3549 1712 3578 1741 ››
3634 1692 3783 1748 Nam

2132 1777 2324 1833 multa
2352 1783 2735 1834 monumenta
2792 1782 2994 1850 aperta
3050 1782 3210 1846 sunt,
3272 1782 3329 1834 et
3384 1780 3485 1851 qui
3544 1780 3603 1835 in
3660 1780 3782 1839 illis

2131 1868 2349 1923 mortui
2370 1867 2647 1938 jacebant
2676 1882 3063 1922 resurrexere.

2199 1958 2290 2012 26.
2321 1956 2465 2013 Vere
2514 1973 2664 2012 caeca
2723 1972 2815 2011 res
2873 1964 2963 2011 est
3023 1955 3266 2024 malitia,
3326 1957 3467 2011 dum
3519 1965 3783 2031 speraret

2133 2046 2287 2103 enim
2322 2063 2383 2102 se
2414 2062 2599 2101 unum
2634 2046 2990 2113 occisurum,
3023 2044 3300 2100 omnibus
3333 2045 3598 2116 privatus
3656 2054 3777 2103 est:

2132 2140 2413 2207 ratusque
2444 2152 2505 2190 se
2537 2135 2705 2189 illum
2738 2135 2809 2189 ad
2844 2134 3072 2188 inferna
3103 2134 3493 2203 deiecturum,
3526 2136 3653 2208 ipse
3706 2137 3779 2191 ab

2133 2226 2362 2280 inferno
2386 2225 2593 2296 pulsus
2615 2226 2919 2294 est.Atque
2942 2222 3088 2277 nulli
3128 2240 3241 2278 non
3267 2223 3457 2295 palam
3502 2225 3630 2291 fuit,
3664 2243 3781 2280 non

2134 2314 2474 2369 inﬁrmitate
2502 2313 2696 2369 carnis
2725 2312 2941 2368 obiisse
2970 2313 3343 2372 Salvatorem.
3377 2314 3478 2369 sed
3536 2320 3782 2369 mortem

2136 2404 2207 2459 ad
2240 2419 2439 2458 necem
2473 2405 2847 2475 persecutum
2879 2417 3031 2467 esse,
3064 2405 3147 2471 ut,
3179 2400 3397 2457 abolita
3426 2401 3545 2474 illa,
3569 2402 3784 2458 libera-

2136 2498 2225 2548 ret
2253 2508 2459 2547 omnes
2489 2494 2778 2563 quotquot
2807 2494 2967 2545 metu
2999 2490 3205 2545 mortis
3235 2507 3337 2562 per
3364 2495 3547 2547 totam
3604 2492 3785 2548 vitam

2138 2581 2372 2637 obnoxii
2408 2585 2576 2636 erant
2618 2580 2911 2636 servituti.
2970 2583 3094 2635 Non
3154 2580 3254 2635 diu
3310 2580 3507 2652 itaque
3565 2591 3784 2653 postea,

2138 2671 2369 2727 dolores
2411 2669 2582 2726 solvit
2622 2669 2839 2725 inferni
2895 2673 2952 2724 et
3008 2669 3153 2725 alios
3212 2670 3486 2726 excitavit
3537 2671 3785 2727 dicens:

2139 2784 2167 2811 «
2200 2759 2453 2833 Surgite.
2486 2759 2622 2814 hinc
2670 2759 2951 2815 abeamus
2977 2759 3043 2813 ⁸³.
3077 2782 3107 2809 ››
3156 2758 3284 2829 Ipse
3343 2763 3539 2816 autem
3600 2777 3791 2817 resur-

2138 2850 2303 2920 rexit,
2334 2853 2392 2904 et
2421 2849 2491 2903 ad
2524 2848 2702 2903 vitam
2735 2847 2908 2903 rediit
2956 2864 3025 2903 ex
3060 2853 3263 2917 morte,
3295 2847 3576 2921 illiusque
3607 2851 3790 2905 auda-

2138 2939 2289 2995 ciam
2324 2937 2577 2993 ludibrio
2608 2936 2841 2992 habuit:
2877 2941 2941 2992 ut
2968 2937 3027 2992 in
3062 2936 3296 3009 hymnis
3328 2939 3786 3009 praenuntiatum

2140 3028 2268 3094 fuit,
2302 3025 2521 3099 Spiritu
2553 3026 2816 3080 dicente:
2852 3046 2880 3075 ‹‹
2912 3025 3019 3090 Qui
3067 3025 3290 3081 habitat
3318 3026 3378 3080 in
3436 3026 3599 3083 ccelis
3656 3028 3790 3083 irri-

2139 3116 2299 3172 debit
2328 3132 2448 3181 eos,
2480 3120 2539 3171 et
2568 3114 2853 3170 Dominus
2884 3114 3274 3170 subsannabit
3329 3132 3429 3171 eos
3460 3116 3527 3171 ⁸³.
3556 3137 3583 3166 ››
3644 3116 3793 3174 Vere

2140 3205 2353 3277 quippe
2384 3204 2682 3273 irridetur,
2714 3202 3068 3259 italudihrio
3090 3203 3351 3270 habitus,
3389 3205 3680 3277 rebusque
3705 3204 3791 3261 illi

372 3294 515 3368 παρὰ
570 3292 798 3369 γνώμην
857 3292 1003 3366 αὐτῷ
1084 3298 1192 3348 τῶν
1263 3295 1600 3371 πραγμάτων
1681 3292 2024 3355 ἀποϐάντων.

2141 3299 2349 3367 praeter
2377 3293 2558 3350 animi
2590 3292 2942 3348 sententiam
2966 3293 3388 3349 accidentibus.
3412 3294 3602 3349 Instar
3631 3296 3790 3350 enim

376 3382 538 3452 Δίκην
570 3383 674 3458 γὰρ
705 3387 804 3438 τοῦ
837 3382 1074 3460 ζωϋφίου
1132 3384 1229 3438 τοῦ
1279 3384 1624 3457 καλουμένου
1800 3388 2030 3465 σφηκὸς,

374 3467 727 3548 προσϐάλλον
741 3493 826 3534 ιος
858 3470 1049 3546 πέτρᾳ,
1079 3472 1169 3527 καί
1198 3477 1267 3547 τῇ
1298 3470 1587 3550 προσϐολῇ
1638 3477 1712 3549 μὴ
1760 3475 2033 3552 βλάπτον-

376 3582 492 3629 τος,
524 3559 672 3616 ἀλλὰ
700 3561 789 3616 καὶ
819 3562 882 3616 τὸ
910 3560 1127 3636 κέντρον
1181 3562 1394 3635 μᾶλλον
1454 3563 1854 3621 ἀπολλύοντοςο
1889 3565 2033 3621 οὕτω

376 3650 466 3706 καὶ
500 3651 528 3705 ὁ
558 3650 784 3713 θάνατος
816 3650 1021 3729 ἐσφάλη
1057 3651 1201 3707 πολὺ
1232 3655 1368 3723 (36),
1399 3650 1731 3730 προσϐαλὼν
1776 3659 1845 3729 τῇ
1900 3654 2032 3731 ζωῇ,

378 3738 500 3810 ἥτις
547 3739 687 3795 ἐστὶν
725 3741 751 3795 6
780 3741 1029 3814 Χριστόςο
1073 3740 1135 3796 οὐ
1178 3742 1279 3817 γὰρ
1328 3740 1575 3814 ἠδυνήθη
1627 3746 1889 3819 κρατῆσαι
1940 3744 2034 3799 αὐ-

374 3830 465 3885 τὸν
510 3827 592 3903 τῷ
638 3830 873 3902 θανάτῳ,
903 3827 1052 3884 ἀλλὰ
1104 3828 1319 3903 μᾶλλον
1368 3831 1458 3886 καὶ
1497 3832 1561 3887 τὸ
1608 3833 1831 3907 κέντρον
1884 3834 2035 3888 ἀπώ-

380 3918 553 3974 λεσεν·
590 3918 728 3974 ὥστε
755 3919 846 3973 καὶ
878 3919 971 3980 οὓς
1003 3919 1267 3996 πρότερον
1314 3916 1497 3999 ἐφόϐει
1535 3922 1599 3976 τὸ
1646 3923 1867 3996 κέντρον
1903 3926 2035 3997 (37),

379 4013 467 4063 νῦν
525 4008 692 4063 αὐτοῦ
761 4013 1210 4083 κατακερτομεῖν,
1258 4009 1348 4064 καὶ
1409 4009 1610 4086 λέγειν’
1664 4036 1693 4063 ‹‹
1748 4016 1860 4067 Ποῦ
1918 4033 2035 4083 σου,

373 4097 584 4167 θάνατε,
616 4098 679 4153 τὸ
731 4099 987 4173 κέντρον;
1023 4103 1129 4153 ποῦ
1188 4119 1303 4170 σου,
1346 4096 1473 4171 ᾆδη,
1521 4100 1585 4154 τὸ
1643 4105 1833 4170 νῖκος;
1868 4125 1896 4153 ››
1947 4102 2036 4156 καὶ

374 4186 560 4243 πάλιν·
622 4211 651 4240 ‹‹
708 4185 970 4243 Κατέπιεν
1031 4188 1059 4242 6
1112 4186 1336 4253 θάνατος
1396 4188 1645 4263 ἰσχύσας·
1710 4213 1738 4240 ››
1793 4189 1884 4244 καὶ
1933 4191 2034 4245 πά-

378 4274 488 4331 λιν·
518 4300 549 4328 ‹‹
584 4274 832 4354 Ἀφεῖλεν
888 4276 918 4331 ὁ
978 4277 1105 4338 Θεὸς
1178 4282 1282 4331 πᾶν
1358 4273 1588 4353 δάκρυον
1658 4278 1764 4333 ἀπὸ
1838 4279 2038 4342 παντὸς

380 4385 703 4440 προσωπου.
742 4389 769 4417 n

454 4457 543 4510 27.
578 4453 709 4508 Εἶτα
768 4448 1057 4521 ἐκϐληθεὶς
1101 4454 1128 4509 6
1173 4454 1361 4517 ἄθλιος
1410 4455 1516 4510 ἀπὸ
1564 4460 1663 4510 τοῦ
1708 4452 1866 4526 ᾅδου,
1914 4458 2042 4511 καθ-

384 4545 587 4617 ήμενος
616 4543 763 4618 παρὰ
789 4543 885 4603 τὰς
914 4540 1112 4611 πύλας,
1149 4551 1342 4616 θεωρεῖ
1400 4544 1758 4620 ἐξαγομένους
1816 4546 2040 4616 πάντας,

384 4632 512 4697 τοὺς
562 4630 994 4704 πεπεδημένους,
1052 4636 1120 4707 τῇ
1182 4637 1279 4687 τοῦ
1341 4640 1603 4711 Σωτῆρος
1652 4632 1893 4709 ἀνδρείᾳ,
1951 4634 2118 4720 καὶΙ)

384 4720 512 4784 τοὺς
574 4722 668 4795 μὲν
726 4719 948 4796 νεκροὺς
1007 4722 1333 4790 ἀναζῶντας’
1368 4721 1496 4785 τοὺς
1537 4720 1594 4777 δέ
1642 4722 2039 4797 αἱχμαλώτους

2142 3384 2454 3455 cujusdam
2486 3381 2847 3447 animalculi,
2882 3381 2974 3437 cui
3006 3398 3217 3437 nomen
3247 3399 3444 3453 vespa,
3476 3385 3630 3455 quod
3653 3400 3790 3441 cum

2144 3476 2305 3545 petra
2334 3487 2738 3544 congressum,
2772 3470 3038 3541 nihilque
3067 3470 3167 3527 illa
3196 3471 3418 3543 impetu
3467 3489 3574 3529 suo
3635 3472 3792 3541 laesa,

2145 3561 2367 3617 amittit
2395 3561 2591 3632 ipsum
2625 3559 2819 3632 potius
2847 3560 3117 3617 aculeum
3149 3577 3163 3628 ;
3195 3560 3280 3616 ita
3323 3564 3381 3616 et
3439 3578 3598 3617 mors
3654 3578 3793 3618 con-

2144 3648 2416 3720 grediens
2445 3664 2578 3703 cum
2610 3648 2750 3713 vita,
2784 3664 2909 3718 quae
2942 3652 3032 3703 est
3064 3647 3360 3715 Christus,
3389 3648 3639 3705 multum
3674 3650 3789 3705 fru’

2146 3742 2332 3794 strata
2361 3742 2480 3793 est:
2510 3753 2626 3792 non
2658 3735 2814 3791 enim
2848 3736 3042 3808 potuit
3100 3752 3235 3791 eum
3280 3741 3464 3793 morte
3514 3738 3795 3810 detinere,

2146 3827 2247 3884 sed
2282 3826 2481 3898 potius
2512 3825 2781 3881 aculeum
2816 3824 3108 3897 perdidit;
3142 3826 3223 3880 ita
3253 3830 3320 3882 ut
3349 3826 3448 3898 qui
3480 3826 3619 3882 olim
3654 3844 3797 3884 acu-

2146 3916 2303 3973 leum
2338 3915 2821 3983 reformidabant,
2849 3914 2975 3986 jam
3012 3913 3298 3970 irrideant
3327 3914 3491 3969 illum
3519 3916 3799 3975 dicendo:

2149 4026 2179 4057 «
2210 4005 2318 4061 Ubi
2349 4008 2459 4070 est,
2489 4020 2669 4071 mors,
2702 4001 2942 4059 aculeus
2971 4007 3112 4058 tuus
3132 4003 3160 4058 ?
3199 4004 3320 4070 ubi,
3348 4004 3595 4072 inferne,
3622 4005 3806 4061 victo-

2147 4095 2236 4151 ria
2264 4099 2367 4149 tua
2394 4093 2440 4128 ⁸³
2460 4093 2488 4147 ‘I
2515 4114 2544 4145 »
2575 4092 2644 4147 Et
2674 4108 2944 4147 rursum:
2987 4112 3013 4145 α
3044 4092 3363 4164 Deglutivit
3393 4109 3552 4149 mors
3581 4098 3639 4149 et
3666 4111 3807 4165 pra:-

2146 4183 2333 4239 valuit
2360 4182 2443 4237 διε
2477 4200 2505 4233 ι
2558 4181 2924 4252 iterumque:
2986 4204 3014 4230 «
3054 4181 3312 4237 Abstulit
3369 4183 3522 4239 Deus
3573 4199 3808 4241 omnem

2146 4273 2465 4345 lacrymam
2497 4271 2570 4326 ab
2603 4270 2763 4326 omni
2794 4269 2959 4325 vultu
2991 4270 3057 4325 ⁸⁸.
3094 4291 3121 4319 ››

2220 4453 2312 4506 27.
2346 4450 2569 4507 Dehinc
2601 4450 2947 4506 exturbatus
2977 4466 3045 4504 ex
3079 4448 3308 4506 inferno
3341 4450 3540 4518 miser,
3600 4451 3813 4509 sedens

2153 4543 2222 4597 ad
2254 4541 2428 4609 ostia,
2457 4540 2685 4596 vinctos
2717 4555 2924 4595 omnes
2972 4539 3275 4611 conspexit
3330 4538 3642 4597 Salvatoris
3691 4541 3811 4596 for-

2157 4632 2409 4687 titudine
2438 4629 2630 4696 educi,
2666 4633 2928 4684 mortuos
2965 4643 3291 4700 resurgere,
3309 4628 3570 4700 captivos
3591 4629 3809 4686 dimitti

2150 4721 2402 4777 liberos:
2438 4723 2672 4775 sanctos
2704 4718 2807 4789 qui
2844 4734 2979 4773 cum
3013 4717 3347 4773 Abrahamo
3379 4722 3548 4773 erant
3577 4720 3807 4775 obviam

388 4809 733 4889 ἀφιεμένους,
764 4810 854 4865 καὶ
884 4808 1010 4873 τοὺς
1045 4811 1139 4884 μὶν
1186 4810 1372 4886 ἁγίους
1420 4816 1878 4887 προαπαντῶντας
1923 4812 2027 4867 τοὶ»

2158 4811 2373 4876 venire,
2406 4824 2729 4879 omnesque
2773 4812 3051 4879 tympana
3109 4806 3365 4878 pulsare,
3424 4808 3810 4878 quemadmo-

390 4902 514 4977 περὶ
591 4901 681 4956 τὸν
740 4894 1009 4973 Ἀϐραὰμ,
1094 4899 1184 4954 καὶ
1271 4901 1739 4977 ἀνακρουομένους
1822 4902 2045 4972 πάντας,

393 4990 530 5046 κατὰ
573 4990 637 5044 τὸ
682 4990 1081 5065 γεγραμμένον·
1120 5012 1148 5041 ιι
1198 4990 1545 5068 Προέφθασαθ
1603 4988 1867 5067 ἄρχοντες
1921 4990 2047 5065 ἐχό-

401 5101 533 5153 μενα
561 5078 881 5154 ψαλλόντων
930 5078 981 5133 ἐν
1037 5079 1186 5152 μέσῳ
1223 5077 1476 5135 νεανίδων
1522 5084 1983 5157 τυμπανιπριῶν.
2020 5104 2048 5131 ››

394 5168 523 5231 τοὺς
582 5166 1069 5243 ἐλιυθερουμένους
1127 5166 1421 5244 χαίροντας
1468 5168 1558 5223 καὶ
1592 5168 1871 5244 λέγοντας·
1901 5193 1928 5221 ‹‹
1964 5170 2048 5223 Ἐν

2160 4900 2299 4955 dum
2332 4898 2617 4970 scriptum
2650 4900 2772 4951 est:
2810 4917 2837 4945 «
2872 4900 3283 4951 Prmvenerunt
3327 4895 3622 4968 principes
3681 4913 3815 4953 con-

2154 4987 2343 5060 juncti
2378 4984 2767 5057 psallentibus
2798 4984 2858 5038 in
2891 4983 3084 5039 medio
3108 4984 3565 5055 juvsncularum
3583 4988 3813 5057 tympa-

2162 5077 2504 5132 nistriarum
2536 5075 2618 5129 εστ
2654 5098 2681 5122 υ
2714 5073 2979 5130 Gaudere
3011 5089 3215 5129 omnes
3245 5072 3345 5144 qui
3378 5072 3649 5129 libertate
3706 5074 3814 5129 do-

2162 5167 2282 5223 nati
2317 5166 2565 5232 fuerant,
2598 5178 2665 5219 ac
2697 5163 2927 5219 dicere:
2962 5186 2989 5212 «
3023 5164 3086 5218 In
3118 5163 3507 5218 convertendo
3529 5162 3816 5218 Dominus

467 5297 512 5332 ⁸⁰
542 5296 749 5371 Matth.
782 5312 961 5371 xxvii,
990 5296 1081 5352 54.
1156 5296 1202 5335 ⁸ί
1236 5295 1444 5353 Matth.
1474 5313 1627 5371 nvr,
1659 5298 1748 5356 46.
1825 5296 1871 5333 ⁸³
1902 5296 2027 5355 Psal

2141 5338 2153 5363 ,
2182 5294 2235 5365 4,
2311 5292 2357 5328 ⁸³
2390 5293 2411 5347 Ι
2441 5294 2567 5347 Cor.
2600 5306 2692 5358 xv,
2721 5288 2815 5345 55.
2892 5290 2940 5324 ⁸⁸
2969 5288 3079 5344 Isa.
3112 5304 3244 5354 xxv,
3276 5288 3331 5343 8.
3409 5287 3453 5323 ⁸⁵
3485 5292 3663 5360 Apoc.
3712 5304 3815 5361 vn,

399 5370 445 5405 ³⁸
477 5368 633 5426 Psal.
668 5384 837 5438 van,
870 5368 961 5423 26.

470 5514 585 5657 (33;
615 5514 839 5577 Τοῦτον,
871 5511 1038 5568 deest
1068 5511 1128 5568 in
1162 5512 1363 5585 Regio.

471 5585 561 5654 (34
617 5583 767 5641 Edit.
801 5584 1083 5657 Commel.
1116 5589 1175 5640 et
1204 5601 1363 5642 mani

471 5585 584 5657 (34)
617 5585 767 5641 Edit.
801 5585 1083 5641 Commel.
1116 5589 1175 5640 et
1204 5585 1500 5642 manuscri

401 5655 584 5730 ἔζησε,
608 5655 1150 5730 praterAAnglican.
1177 5657 1279 5730 qui
1306 5673 1442 5712 cum
1476 5672 1506 5712 e

401 5722 689 5803 κατέδησε.
723 5722 965 5786 ῐδίᾶθῐιῖ
994 5724 1058 5786 in
1086 5722 1315 5801 Anélio.
1344 5730 1444 5783 τοῦ
1469 5725 1721 5803 θανάτου,
1751 5729 1935 5787 deost.

617 5583 767 5641 Edit.
801 5584 1083 5641 Commel.
1116 5589 1175 5640 et
1204 5583 1594 5642 m—anuscrioti
1640 5599 1868 5642 omnes.
1929 5600 2059 5636 κατ-

1508 5601 1617 5711 ἓῖἒ.
1640 5601 2059 5725 ἓῗνῖἓῗιηῖἒῖ

2235 5508 2348 5581 (35)
2377 5502 2494 5581 Tox}
2521 5499 3087 5581 palpoutvoo,_deest
3116 5498 3176 5553 in
3208 5499 3548 5573 Anglicano.

2263 5571 2353 5646 36')
2385 5574 2557 5647 Πολύ,
2592 5571 2757 5631 abest
2788 5575 2859 5647 ab
2888 5571 3228 5645 Anglicano.

2266 5652 2358 5722 37)
2388 5646 2628 5722 Regina,
2655 5649 2735 5716 τῷ
2761 5646 2987 5715 κέντρῳ.
