4154 6370
356 395 470 459 231

1558 383 1624 447 S.
1666 382 2185 448 ATHANASIUS.
2220 413 2298 429 —
2333 379 2596 445 DUBIA.

3669 380 3788 446 332

361 523 756 598 captivitatem
814 521 976 589 Sion,
1037 521 1173 576 facti
1230 535 1441 576 sumus
1499 517 1652 575 sicut
1709 516 2015 574 consolati.

2130 517 2210 586 τῷ
2240 512 2554 588 ἐπιστρέψαι
2587 511 2780 589 Κύριον
2811 514 2911 582 τήν
2955 513 3340 589 αἰχμαλωσίαν
3395 515 3562 584 Σιὼν,
3595 514 3787 591 ἆγενή-

359 615 524 672 Tunc
555 611 845 685 repletum
875 614 968 667 est
997 610 1212 682 gaudio
1244 626 1310 664 os
1371 612 1637 664 nostrum
1694 612 1752 663 et
1808 606 2013 678 lingua

362 709 567 761 nostra
622 700 1008 757 exsultatione
1037 699 1100 752 ⁸⁷.
1139 720 1166 746 ››
1225 697 1340 766 Ipsi
1397 714 1624 768 quoque
1682 695 1895 768 angeli,
1957 699 2013 750 et

361 793 555 850 omnis
584 789 871 846 exercitus
903 788 1269 860 angelorum,
1303 787 1553 858 hymnos
1583 785 1890 852 canebant,
1945 799 2012 838 ac

359 883 666 938 dicebant:
703 901 729 929 ‹‹
764 877 959 934 Gloria
989 877 1047 932 in
1079 875 1324 931 excelsis
1347 877 1486 941 Deo,
1510 881 1567 930 et
1588 875 1648 929 in
1675 879 1831 930 terra
1879 889 2010 944 pax,

360 971 420 1027 in
452 967 794 1026 hominibus
837 967 991 1022 bona
1047 964 1317 1020 voluntas
1348 964 1392 999 ⁸⁸
1418 981 1430 1018 :
1459 985 1479 1013 ι
1543 963 2014 1034 occurebantque

360 1057 683 1130 redemptis
705 1053 1041 1127 juvenculis
1072 1053 1404 1109 animabus.
1440 1053 1591 1107 Tum
1625 1053 1831 1107 animae
1873 1067 2015 1107 con-

361 1148 678 1206 currebant
716 1161 850 1200 cum
900 1143 1146 1216 angelis,
1202 1142 1710 1211 ascendebantque
1767 1139 2013 1212 patriar-

361 1239 506 1308 chae,
538 1234 738 1292 omnia
768 1234 1028 1305 undique
1062 1249 1179 1287 una
1210 1231 1608 1302 personabant
1639 1247 1771 1285 cum
1814 1228 2016 1283 laititia

363 1331 420 1383 et
448 1323 717 1399 psalmis,
748 1325 820 1378 ob
854 1327 1209 1394 reportatam
1243 1322 1314 1376 de
1343 1326 1529 1376 morte
1553 1320 1880 1374 victoriam.
1932 1321 2011 1372 Ac

364 1414 860 1488 quemadmodum
893 1412 1118 1478 Davidi,
1150 1427 1283 1466 cum
1317 1414 1643 1481 prostratus
1668 1409 1887 1480 jaceret
1910 1407 2017 1462 Go-

361 1505 528 1572 liath,
562 1501 945 1559 occurrebant
976 1499 1305 1572 puellarum
1333 1498 1493 1554 chori
1527 1515 1660 1553 cum
1696 1495 2017 1570 tympanis,

364 1573 753 1664 aiebantq'ue:
789 1613 815 1639 ‹‹
853 1590 1143 1645 Percussit
1173 1588 1352 1644 David
1385 1588 1444 1641 in
1491 1587 1693 1642 decem
1753 1585 2016 1641 millibus

364 1684 490 1739 suis
516 1681 600 1749 '9;
635 1702 664 1731 »
694 1679 779 1735 ita
807 1677 1001 1735 simile
1033 1677 1172 1750 quid
1205 1677 1421 1732 factum
1456 1680 1546 1731 est
1577 1676 1636 1730 in
1667 1680 1853 1731 morte
1891 1674 2014 1730 Sal-

359 1771 597 1830 vatoris.
631 1770 994 1841 Resurgente
1023 1782 1281 1838 namque
1314 1765 1438 1834 illo,
1498 1780 1702 1820 omnes
1749 1781 2014 1820 occurre-

2122 615 2295 676 θημεν
2346 603 2473 657 ὡσεὶ
2518 605 2629 675 (38)
2663 603 3161 679 παρακεκλημένοι.
3199 605 3332 660 Τότε
3380 604 3629 675 έπλήσθη
3678 624 3783 680 χα-

2123 698 2217 768 ρᾶς
2259 693 2321 746 τὸ
2376 692 2554 765 στόμα
2602 694 2761 765 ἡμῶν
2814 693 2902 746 καὶ
2945 696 2980 762 ἡ
3028 692 3250 767 γλῶσσα
3298 696 3460 766 ἡμῶν
3517 693 3785 768 ἀγαλλιά-

2123 802 2276 843 σεως.
2311 805 2341 832 ››
2372 780 2476 837 Καὶ
2528 781 2758 857 ἄγγελοι
2808 783 2932 858 γὰρ,
2975 783 3064 837 καὶ
3116 791 3259 837 πᾶσα
3308 786 3342 853 ἡ
3403 783 3627 857 στρατιᾶ
3671 787 3780 837 τῶν

2121 869 2369 947 ἀγγέλων
2421 871 2716 944 ὑμνοῦντες
2773 873 2908 940 ἦσαν
3121 872 3209 926 καὶ
3264 871 3535 949 λέγοντες,
3570 897 3599 923 ο(
3648 873 3783 942 Δόξα

2125 959 2176 1014 ἂν
2224 959 2468 1033 ὑψίστοις
2518 964 2652 1032 Θεῷ,
2685 959 2774 1015 καὶ
2828 959 2916 1014 ἐπὶ
2965 967 3069 1035 γῆς
3113 961 3327 1035 εἰρήνη,
3362 960 3414 1016 έν
3473 961 3784 1035 ἀνθρώποις

2124 1048 2362 1106 εὐδοκία·
2415 1074 2444 1101 ››
2489 1051 2578 1104 καὶ
2644 1050 2895 1121 ἀπήντων
2951 1056 3068 1113 ταῖς
3131 1049 3528 1127 λυτρουμέναις
3584 1052 3782 1106 νεάνισι

2123 1143 2347 1216 ψυχαῖς.
2381 1140 2479 1194 Καὶ
2528 1141 2582 1194 αὶ
2629 1139 2803 1216 ψυχαὶ
2853 1141 3242 1216 συντρέχουσαι
3293 1145 3407 1213 (40)
3447 1146 3560 1202 τοῖς
3617 1140 3782 1215 ἀγγὲ-

2127 1228 2268 1302 λοις,
2301 1229 2388 1284 καὶ
2439 1231 2490 1284 οἳ
2520 1232 2857 1304 πατριάρχαι
2906 1231 3239 1306 ἀνήρχοντο,
3271 1230 3360 1286 καὶ
3417 1229 3587 1285 πάντα
3643 1250 3783 1284 παν-

2122 1319 2352 1393 ταχόθεν
2405 1321 2631 1394 συνήχει
2691 1321 2805 1392 μετ’
2865 1319 3198 1396 εὐφροσύνης
3253 1319 3341 1374 καὶ
3400 1317 3660 1393 ψαλμῶν,
3695 1319 3784 1374 ἐπὶ

2124 1413 2191 1482 τῇ
2225 1410 2490 1483 γενομένῃ
2530 1409 2667 1462 κατὰ
2713 1413 2811 1462 τοῦ
2855 1409 3088 1464 Θανάτου
3134 1409 3273 1482 νίκῃ.
3311 1409 3407 1464 Καὶ
3461 1409 3643 1483 ὥσπερ
3695 1408 3783 1464 ἐπὶ

2123 1502 2220 1553 τοῦ
2264 1493 2449 1568 Δαϐὶδ,
2505 1497 2855 1560 πεπτωκότος
2910 1496 3008 1552 τοῦ
3065 1499 3286 1567 Γολιὰθ,
3339 1499 3394 1553 αἱ
3455 1498 3783 1575 χορεύουσαι

2131 1587 2264 1660 μετά
2333 1587 2628 1660 τυμπάνων
2699 1587 2956 1658 ἀπήντων
3034 1587 3123 1642 καὶ
3191 1586 3399 1664 ἔλεγον·
3443 1612 3471 1639 (‹
3526 1587 3786 1658 Ἐπάταξε

2128 1671 2292 1731 Δαϐἱδ
2340 1676 2392 1731 έν
2433 1678 2696 1751 ,μυριάσιν
2750 1675 2937 1746 αὐτοῦ,
2975 1700 3003 1727 ››
3052 1676 3300 1732 τοιοῦτόν
3348 1697 3400 1732 τι
3458 1677 3653 1752 γέγονε
3691 1676 3783 1732 καί

2128 1765 2215 1820 ἐπὶ
2257 1770 2354 1820 τοῦ
2400 1765 2627 1830 θανάτου
2669 1769 2766 1820 τοῦ
2817 1772 3098 1840 Σωτῆρος.
3134 1765 3484 1828 ’Δναστάντος
3533 1767 3636 1842 γὰρ
3686 1765 3781 1821 αύ-

362 1863 507 1918 bant
535 1876 672 1916 eum
701 1858 917 1925 choris,
949 1857 1186 1929 hymnis
1213 1864 1269 1912 et
1296 1855 1612 1928 tympanis,
1668 1858 1873 1909 mutuo
1929 1853 2015 1909 di-

2129 1859 2244 1927 τοῦ,
2290 1856 2485 1917 πάντες
2541 1856 2906 1931 προαπήντων
2984 1856 3116 1927 μετᾶ
3175 1861 3382 1930 χορῶν,
3443 1855 3533 1910 καὶ
3603 1853 3779 1928 ᾠδῶν,

2196 1945 2208 1962 \
2432 1945 2442 1961 '
2627 1942 2680 1964 \l
2965 1941 3049 1964 1\\
3086 1942 3131 1964 I‘
3396 1953 3409 1964 Α
3454 1949 3480 1960 ~
3627 1946 3640 1964 9
3720 1943 3739 1964 \

363 1955 600 2008 centes:
636 1969 666 2000 «
697 1947 924 2014 Venite,
957 1945 1321 2003 exsultemus
1378 1944 1645 2014 Domino,
1685 1941 2012 2014 jubilemus

362 2040 479 2096 Deo
499 2038 681 2096 Jacob
704 2037 768 2093 9°.
795 2058 824 2088 »
843 2036 955 2092 Alii
978 2036 1223 2091 choreas
1245 2035 1513 2107 agebant,
1549 2033 1671 2088 hac
1713 2033 1971 2088 dicentes
1996 2049 2010 2088 :

366 2151 395 2181 ιι
425 2127 704 2184 Ascendit
733 2126 792 2180 in
824 2125 1032 2193 altum,
1066 2123 1352 2196 captivam
1386 2123 1552 2178 duxit
1594 2121 2012 2194 captivitatem,

364 2218 522 2274 dedit
553 2217 707 2272 dona
736 2215 1079 2270 hominibus
1110 2215 1174 2270 9'.
1207 2235 1234 2263 ››
1270 2212 1381 2267 Alii
1407 2211 1648 2282 quidam
1674 2211 1745 2266 ad
1788 2216 2014 2281 specta-

366 2307 567 2364 culum
599 2322 803 2362 omnes
832 2305 1138 2372 vocabant,
1161 2303 1254 2358 his
1275 2301 1487 2357 verbis.
1521 2323 1549 2352 «
1580 2300 1838 2356 Jubilate
1897 2300 2014 2356 Deo

374 2397 568 2452 omnis
597 2401 772 2464 terra,
806 2392 1037 2466 psallite
1065 2393 1288 2447 nomini
1323 2393 1450 2461 ejus
1483 2391 1527 2426 ⁸³
1554 2408 1567 2445 :
1604 2412 1632 2439 »
1665 2406 1730 2445 ac
1754 2406 2011 2445 rursum:

369 2509 399 2537 «
432 2485 636 2542 Venite
666 2491 724 2540 et
750 2485 939 2539 videte
969 2497 1142 2553 opera
1173 2481 1427 2547 Domini,
1461 2479 1735 2535 terribilis
1767 2479 1827 2533 in
1886 2495 2018 2533 con-

369 2575 520 2630 siliis
551 2590 729 2645 super
759 2571 912 2626 filios
948 2570 1296 2626 hominum:
1330 2568 1599 2624 auferens
1649 2567 1801 2622 bella
1831 2582 2017 2637 usque

368 2663 442 2719 ad
473 2667 801 2719 extremum
831 2665 997 2715 terrae
1018 2661 1083 2713 9'.
1118 2681 1146 2708 n
1178 2659 1302 2713 Non
1333 2658 1490 2713 enim
1522 2655 2017 2712 ultrainimicitiie

366 2756 426 2808 et
451 2750 671 2807 bellum
699 2775 713 2818 ;
745 2750 845 2805 sed
877 2749 1077 2804 omnia
1113 2747 1173 2802 in
1220 2763 1360 2818 pace
1413 2750 1600 2812 erant,
1660 2745 1826 2802 hoste
1885 2761 2016 2816 pro-

373 2844 558 2896 strato
589 2844 766 2912 atque
799 2841 1049 2904 mortuo,
1083 2852 1148 2891 ac
1174 2853 1240 2890 eo
1290 2835 1389 2906 qui
1449 2835 1587 2890 olim
1647 2834 2016 2906 tyrannidem

371 2928 674 2984 exercebat
705 2927 976 2982 manibus
1034 2925 1403 2996 pedibusque
1459 2923 1656 2995 ligato.
1717 2923 1826 2976 Alii
1887 2940 2016 2977 rur-

366 3034 500 3073 sum
531 3016 745 3088 quibus
777 3022 915 3070 nota
939 3022 1064 3070 erat
1095 3013 1313 3069 diaboli
1341 3013 1606 3079 audacia,
1640 3029 1863 3067 necnon
1924 3011 2018 3067 in—

366 3110 568 3177 gentes
599 3105 847 3169 insidise,
874 3105 1120 3175 jamque
1151 3103 1344 3173 ipsum
1370 3107 1673 3156 cernentes
1696 3107 2016 3167 mortuum,

369 3195 465 3250 78
497 3211 630 3251 cum
664 3193 1050 3249 admiratione
1081 3191 1352 3247 dicebant
1381 3208 1393 3246 :
1426 3192 1485 3259 ξι(
1516 3191 1816 3256 Quomodo
1871 3189 2020 3245 ceci-

364 3284 454 3340 dit
481 3299 551 3339 ex
578 3281 744 3351 coelo,
778 3281 1028 3348 Lucifer,
1059 3279 1161 3350 qui
1217 3294 1389 3333 mane
1437 3279 1737 3333 oriebatur
1761 3279 1807 3313 °‘
1827 3277 1856 3331 ?
1886 3300 1913 3328 »
1965 3281 2016 3332 et

2133 3283 2366 3357 ὁρῶντες
2425 3281 2632 3355 νεκρὸν,
2693 3281 3058 3353 θαυμάζοντες
3119 3277 3346 3354 ἔλεγον·
3415 3303 3440 3329 ‹‹

369 3395 400 3424 α
423 3371 727 3436 Quomodo
749 3370 1038 3425 contritus
1061 3369 1516 3437 confractusque
1537 3372 1626 3422 est
1655 3367 1847 3422 omnis
1870 3366 2016 3423 mal-

367 3460 496 3518 leus
530 3459 811 3516 universae
841 3462 1010 3513 terrai
1039 3457 1084 3492 ”
1112 3457 1140 3510 ‘I
1172 3479 1201 3506 ››
1233 3473 1368 3512 cum
1409 3456 1797 3512 admiratione
1850 3473 2016 3511 nam-

371 3567 507 3624 que,
539 3565 752 3620 magno
781 3552 952 3603 erant
981 3563 1186 3602 omnes
1235 3551 1475 3617 stupore
1521 3544 1792 3617 correpti.
1841 3545 2016 3600 Mira-

369 3641 589 3694 bantur
619 3635 774 3692 enim
808 3652 1092 3708 magnum
1124 3638 1430 3690 cernentes
1461 3638 1798 3706 tyrannum,
1853 3635 2018 3689 dere-

366 3730 539 3800 pente
571 3729 929 3798 prostratum
992 3727 1444 3794 mortuumque:
1519 3723 1842 3794 stupebant
1885 3739 2016 3778 vero

364 3815 569 3889 lapsus
599 3831 841 3870 causam
864 3813 1222 3885 ignorantes,
1248 3811 1500 3867 maxime
1517 3811 1658 3882 quia
1679 3829 1792 3868 non
1820 3811 2016 3867 crede-

366 3905 511 3962 bant
534 3905 593 3960 in
615 3909 802 3960 morte
826 3906 1073 3958 mortem
1097 3901 1338 3970 aboleri,
1362 3917 1468 3956 nec
1490 3906 1723 3955 tantum
1759 3901 1818 3955 in
1849 3916 2019 3956 cruce

370 3998 700 4066 serpentem
727 3991 1034 4063 confringi.
1060 3989 1222 4045 Unde
1245 4006 1481 4046 rursum
1535 3990 1903 4045 mirabantur
1930 3989 2018 4044 di-

367 4088 564 4138 centes
589 4099 601 4137 :
635 4103 663 4132 ‹‹
689 4081 990 4144 Quomodo
1020 4085 1192 4150 capta
1220 4083 1310 4135 est
1342 4078 1595 4151 Babylon
1621 4079 1687 4114 ’5'
1713 4082 1740 4132 γ
1770 4079 1854 4134 Ad
1895 4078 2019 4136 haec

374 4171 531 4228 enim
554 4171 678 4242 jam
707 4169 984 4226 videbant
1009 4167 1398 4241 exspoliatum
1427 4167 1749 4224 infernum.

443 4367 534 4424 28.
569 4366 698 4425 lich
731 4366 869 4423 dum
901 4369 1182 4435 cerneret,
1214 4365 1335 4421 haec
1365 4366 1506 4421 dum
1556 4365 1788 4421 audiret
1843 4365 2021 4422 miser

370 4455 495 4528 ille,
532 4459 740 4527 furere,
774 4455 1114 4524 excruciari,
1145 4454 1478 4527 lacrymari.
1513 4453 1664 4508 Dum
1695 4453 1910 4526 quippe
1957 4470 2021 4511 se

366 4547 722 4620 expoliatum
754 4547 996 4614 videret,
1028 4560 1157 4600 sese
1188 4543 1387 4598 dolore
1415 4543 1784 4612 macerabat;
1819 4547 2024 4599 contra

2123 1945 2211 1999 καὶ
2259 1945 2578 2016 τυμπάνων,
2627 1942 2877 2018 λέγοντες
2955 1941 3250 2014 ἀλλήλοιςι
3307 1969 3328 1995 ι
3385 1949 3566 2015 Δεῦτε,
3616 1943 3778 2021 ἀγαλο

2125 2032 2444 2105 λιασώμεθα
2488 2037 2568 2105 τῷ
2620 2032 2823 2108 Κυρίῳ,
2858 2029 3216 2106 ἆλαλάξωμεν
3249 2036 3467 2107 (41)τῷ
3515 2037 3631 2106 Θεῷ
3677 2035 3784 2088 Ἰα-

2299 2147 2320 2172 ι
2354 2120 2555 2176 ’Ἄλλοι
2615 2119 2672 2176 δὲ
2729 2120 3011 2198 ἰχόρευον,
3066 2120 3339 2198 λέγοντεςο
3377 2146 3404 2174 ‹‹
3456 2117 3653 2193 ’Δνέ6η
3706 2122 3785 2185 είς

2125 2212 2282 2285 ὕψος,
2320 2210 2751 2286 ᾐχμαλώτευσεν
2802 2209 3216 2286 αἰχμαλωσίαν,
3248 2208 3418 2266 ἔδωκε
3471 2209 3682 2285 δόματα
3727 2210 3781 2266 ἐν

2125 2301 2450 2375 ἀνθρώποις.
2517 2325 2537 2351 ιι
2600 2297 2738 2366 Ἤδη
2795 2296 2853 2354 δέ
2909 2320 3046 2362 τινες
3116 2299 3206 2354 καὶ
3273 2299 3474 2363 πάντας
3534 2300 3609 2362 εἷς
3660 2302 3782 2365 θέαν

2125 2389 2558 2465 προσεκαλοῦντο
2592 2386 2863 2464 λέγοντεςο
2898 2413 2926 2440 ‹‹
2960 2387 3296 2460 Ἀλαλάξατε
3345 2394 3426 2461 τῷ
3477 2387 3594 2462 Θεῷ
3640 2396 3785 2445 πᾶσα

2125 2482 2160 2550 ἡ
2205 2485 2301 2554 γῆ,
2353 2478 2560 2552 ψάλατε
2609 2476 2676 2546 δὴ
2720 2483 2798 2550 τῷ
2848 2478 3075 2551 ὀνόματι
3128 2479 3317 2533 αὐτοῦ·
3373 2503 3400 2530 ››
3443 2479 3532 2534 καὶ
3591 2478 3782 2550 πάλιν,

2130 2591 2158 2620 ‹‹
2191 2572 2368 2636 Δεῦτε,
2401 2567 2492 2622 καὶ
2523 2564 2664 2622 ἴδετε
2716 2567 2784 2620 τὰ
2832 2563 2965 2640 ἔργα
3007 2571 3104 2621 τοῦ
3154 2568 3372 2643 Κυρίου”
3407 2563 3641 2646 φοϐερὸς
3668 2570 3786 2642 (42)

2128 2656 2179 2712 έν
2214 2655 2439 2732 βουλαῖς
2500 2656 2633 2731 ὑπὲρ
2685 2655 2813 2718 τοὺς
2872 2655 3023 2718 υἱοὺς
3079 2661 3188 2711 τῶν
3250 2656 3576 2731 ἀνθρώπων,
3625 2657 3784 2712 άνταο

2125 2751 2322 2822 ναιρῶν
2378 2743 2662 2818 πολέμους
2708 2741 2814 2807 ἓως
2861 2744 3096 2819 ἐσχάτου
3142 2752 3242 2814 τῆς
3289 2753 3414 2820 γῆς.
3470 2769 3497 2796 ››
3541 2745 3656 2802 Οὐκ
3705 2743 3785 2801 ἔτι

2125 2837 2229 2911 γὰρ
2280 2831 2453 2911 ἔχθρα
2499 2835 2588 2889 καὶ
2637 2833 2905 2907 πόλεμος,
2948 2833 3094 2889 ἀλλὰ
3137 2835 3307 2889 πάντα
3355 2833 3641 2909 εἷ’ρηνεύει,
3672 2855 3783 2888 κει-

2132 2925 2295 2999 μένου
2353 2929 2451 2979 τοῦ
2510 2923 2780 2996 πολεμίου
2837 2927 3052 2999 νεκροῦ,
3110 2925 3199 2977 καὶ
3248 2927 3345 2978 τοῦ
3403 2943 3534 2978 ποτε
3589 2943 3785 2999 τυραν-

2126 3014 2377 3076 νεύοντος
2425 3010 2712 3086 δεδεμένου
2753 3013 2849 3074 τὰς
2894 3017 3084 3088 χεῖρας
3135 3011 3222 3066 καὶ
3277 3011 3404 3074 τοὺς
3433 3009 3624 3073 πόδας.
3654 3011 3788 3068 ’Άλ-

2130 3103 2221 3158 λοι
2253 3100 2311 3156 δὲ
2340 3101 2526 3171 πάλιν,
2560 3103 2958 3176 γιγνώσκοντες
2985 3105 3081 3155 τοῦ
3112 3096 3374 3156 διαϐόλου
3431 3103 3531 3170 τήν
3591 3100 3786 3177 θρασύ-

2127 3213 2286 3262 τητα,
2346 3191 2435 3246 καὶ
2491 3190 2618 3253 τοὺς
2680 3190 2953 3265 μεγάλους
3030 3189 3257 3266 λόχους,
3315 3190 3406 3245 καὶ
3478 3195 3568 3244 νῦν
3626 3191 3786 3246 αὐτὸν

3500 3284 3622 3341 Πῶς
3699 3278 3786 3352 ἰε-

2127 3372 2310 3426 έπεσεν
2362 3370 2422 3424 ἐκ
2463 3374 2565 3424 τοῦ
2614 3369 2842 3445 οὐρανοῦ
2893 3370 2921 3422 ὁ
2973 3369 3251 3446 ἑωσφόρος
3301 3369 3329 3423 ὁ
3361 3369 3506 3443 πρωλι
3560 3366 3783 3425 ἀνατέλ-

2129 3459 2339 3529 λων;››
2372 3461 2491 3531 Καὶ,
2525 3483 2553 3512 ‹‹
2603 3464 2724 3520 Πῶς
2774 3454 3056 3533 συνετρίϐη
3107 3459 3196 3513 καὶ
3246 3457 3578 3529 συνεθλάσθη
3640 3464 3785 3513 πᾶσα

2123 2117 2262 2180 κιὺῧ.

2125 3551 2161 3619 ἠ
2209 3553 2383 3628 σφῦρα
2427 3550 2604 3618 πάσης
2642 3555 2743 3618 τῆς
2793 3555 2938 3624 γῆς;
2976 3571 3004 3598 ››
3040 3548 3175 3621 μετά
3223 3548 3324 3623 γὰρ
3354 3552 3450 3602 τοῦ
3506 3547 3780 3620 θαύματος

2124 3637 2215 3692 καὶ
2273 3636 2473 3709 ἀπορία
2529 3637 2730 3698 πάντας
2786 3640 3058 3711 κατεῖχεν.
3116 3635 3448 3709 Ἐθαύμαζον
3511 3637 3604 3708 μὶν
3679 3637 3779 3711 γὰρ

2125 3727 2216 3783 τὸν
2281 3726 2448 3801 μέγαν
2494 3725 2746 3801 τύραννον
2793 3726 3028 3801 ὁρῶντες
3084 3724 3282 3780 οὑτωσί
3350 3723 3602 3802 ἐξαίφνης
3670 3723 3780 3779 κεί-

2131 3836 2290 3890 μενον
2347 3814 2558 3891 νεκρόν·
2617 3814 2861 3888 ἠπόρουν
2917 3811 2976 3869 δὶ
3021 3815 3122 3884 τὴν
3154 3813 3329 3868 αἰτίαν
3359 3821 3458 3884 τῆς
3500 3815 3782 3886 πτώσεως,

2127 3906 2216 3960 καὶ
2253 3903 2489 3978 μάλιστα
2544 3903 2626 3960 ὅτι
2687 3903 2786 3960 οὐκ
2835 3902 3118 3959 ἐπίστευον
3161 3902 3214 3958 ἐν
3261 3904 3474 3975 θανάτῳ
3503 3902 3594 3957 τὸν
3627 3903 3784 3965 θάνα-

2126 4015 2217 4048 τον
2273 3995 2656 4070 καταργεῖσθαι
2715 3991 2841 4048 οὐδὲ
2899 3991 2950 4047 ἐν
3026 3995 3239 4068 σταυρῷ
3297 3989 3390 4046 τὸν
3455 3990 3784 4060 τηλικοῦτον

2127 4081 2247 4161 ὅφιν
2334 4081 2776 4158 καταράσσεσθαι.
2849 4081 3006 4135 Ὅθεν
3083 4078 3249 4136 πάλιν
3313 4078 3613 4152 ἐθαύμαζον
3697 4078 3786 4134 καὶ

2127 4170 2339 4248 ἔλεγον·
2401 4196 2423 4227 ε
2480 4176 2606 4234 Πῶς
2658 4169 2875 4226 έάλωκε
2932 4164 3236 4238 Βαϐυλώνς
3268 4191 3296 4221 ››
3359 4164 3629 4226 Ἕὸλεπον
3683 4167 3786 4244 γὰρ

2129 4261 2322 4318 λοιπὸν
2358 4259 2447 4315 καί
2480 4262 2570 4315 τὸν
2603 4256 2742 4330 ’ᾲδην
2773 4257 3153 4321 σκυλευθέντα.

2195 4371 2285 4424 28.
2317 4371 2493 4420 Ταῦτα
2539 4363 2597 4419 δὲ
2645 4366 2786 4440 ὁρῶν
2840 4365 2868 4418 ὁ
2921 4364 3112 4425 ἄθλιος
3161 4364 3250 4418 καὶ
3299 4362 3502 4418 τούτων
3553 4363 3790 4434 ἀκούων,

2129 4455 2376 4528 ἐμαίνετο
2429 4453 2622 4509 λοιπὸν
2673 4453 2764 4508 καὶ
2823 4452 3108 4528 ἰτρύχετο,
3153 4449 3504 4527 ὀδυρόμενος.
3540 4454 3637 4508 Καὶ
3684 4454 3789 4528 γὰρ

2131 4546 2272 4619 ὁρῶν
2316 4543 2501 4598 ἑαυτὸν
2551 4541 2945 4615 σκυλευόμενον
2991 4540 3314 4596 κατέκοπτεν
3365 4541 3573 4598 ἑαυτόν.
3620 4543 3788 4617 Ὁρῶν

369 4652 612 4693 cernens
645 4636 790 4690 alios
821 4651 855 4690 a
883 4650 946 4689 se
978 4632 1119 4710 olim
1152 4632 1212 4687 in
1262 4631 1423 4687 luctu
1485 4629 1878 4703 lacrymisque
1921 4633 2016 4687 dc-

2135 4632 2192 4690 δὶ
2241 4633 2330 4688 καὶ
2377 4631 2508 4695 τούς
2558 4652 2691 4686 ποτε
2736 4630 3026 4694 κλαίοντας
3079 4632 3167 4686 ὑπ’
3198 4630 3381 4703 αὐτὸν,
3412 4635 3504 4685 νῦν
3551 4628 3791 4704 ψάλλον-

369 4729 584 4795 tentos,
607 4724 734 4794 jam
767 4724 826 4779 in
859 4722 1109 4778 Domino
1139 4719 1407 4791 psallere,
1455 4737 1516 4776 se
1574 4720 1701 4793 ipe
1760 4721 2020 4776 disrum-

369 4815 546 4887 pebat
573 4830 586 4868 :
619 4813 820 4868 videns
850 4828 912 4868 se
940 4810 1194 4878 irrideri,
1229 4825 1295 4866 ac
1322 4808 1575 4865 ludibrio
1608 4810 1824 4866 habere
1872 4810 2020 4866 acri-

369 4909 461 4960 ter
491 4918 618 4959 sese
651 4901 1038 4974 discerpebat,
1072 4917 1138 4956 ac
1170 4899 1398 4955 consilii
1429 4899 1622 4972 ineps,
1654 4897 1846 4955 solum
1878 4900 2021 4955 den-

372 4993 534 5049 tibus
566 4991 875 5058 stridebat,
897 4993 974 5046 ‘ut
997 4992 1249 5045 testatur
1285 4987 1386 5060 qui
1444 4987 1613 5044 illum
1672 4987 2023 5060 respiciebat

377 5081 712 5150 Psalmista,
749 5079 842 5136 his
871 5078 1105 5136 verbis:
1146 5101 1167 5129 ι
1203 5077 1550 5134 Observabit
1606 5083 1877 5150 peccator
1918 5079 2021 5150 ju-

2127 4743 2225 4784 τας
2274 4721 2326 4776 έν
2389 4720 2594 4796 Κυρίῳ,
2630 4718 2941 4797 διέῤῥησσεν
2996 4719 3207 4775 ἑαυτόν·
3259 4721 3401 4794 ὁρῶν
3450 4717 3507 4774 δὶ
3555 4719 3644 4773 καὶ
3688 4719 3788 4786 τήν

2129 4809 2338 4886 χλεύην
2395 4811 2495 4880 τὴν
2559 4811 2675 4865 κατ’
2725 4809 2910 4883 αὐτοῦ,
2963 4809 3259 4885 ἐσπάραττε
3326 4807 3512 4870 δεινῶς
3579 4808 3789 4876 ἑαυτὸν,

2128 4900 2218 4956 καὶ
2248 4900 2468 4976 ἀπορῶν
2503 4902 2612 4973 (43)
2643 4899 2673 4954 δ
2699 4920 2754 4955 τι
2782 4899 2993 4976 πράξει,
3031 4899 3196 4972 μόνον
3239 4896 3412 4974 ἔτριζε
3457 4897 3582 4958 τοὺς
3635 4891 3793 4951 ὀδόν-

2129 5009 2243 5061 τας,
2277 4990 2354 5052 ὡς
2395 4989 2424 5043 ὁ
2468 4992 2661 5044 τοῦτον
2719 4989 2979 5064 ὶωρακὼς
3028 4985 3346 5061 Ψαλμῳδὸς
3399 4991 3661 5063 μαρτυρεῖ
3703 4985 3792 5041 λέ-

2129 5095 2266 5155 γων’
2327 5101 2356 5132 ‹‹
2420 5080 2872 5155 Παρατηρήσεται
2933 5079 2962 5134 ὁ
3024 5075 3353 5151 ἁμαρτωλὸς
3409 5077 3500 5130 τὸν
3561 5073 3794 5146 δίκαιον,

442 5253 486 5290 ⁸⁷
511 5253 666 5310 Psal.
698 5268 862 5320 cxxv,
897 5252 949 5320 1,
980 5254 1035 5307 2.
1117 5250 1163 5286 ³⁸
1196 5249 1330 5304 Luc.
1412 5264 1476 5316 ιι,
1511 5247 1616 5322 14ε
1673 5249 1772 5322 ⁸⁸1
1803 5249 1940 5322 Reg.
1969 5266 2016 5305 xi

2129 5253 2206 5306 .7.
2285 5252 2330 5288 9°
2360 5251 2516 5309 Psal.
2548 5267 2694 5321 χειν,
2719 5252 2774 5310 4.
2850 5251 2894 5288 οι
2931 5249 3080 5309 Psal.
3110 5265 3280 5317 vau,
3305 5249 3391 5306 19.
3425 5249 3469 5286 θ’
3487 5247 3640 5306 Psal.
3667 5264 3794 5319 uv,

375 5325 428 5381 1.
503 5327 547 5362 ⁹³
581 5325 733 5382 Psal.
763 5341 890 5395 ην,
925 5319 982 5394 9,
1022 5324 1108 5378 10.
1187 5322 1233 5356 ⁸³
1262 5322 1374 5376 Isa.
1408 5335 1524 5389 xiv,
1559 5319 1646 5374 12.
1724 5320 1769 5355 ³⁸
1796 5319 2006 5380 larem.

2129 5323 2211 5379 23.
2289 5323 2360 5361 ⁸⁵*
2387 5324 2607 5381 Jerem.
2633 5319 2723 5396 ιι,
2753 5324 2845 5380 23.

446 5505 561 5576 (38)
592 5502 828 5577 Regius,
861 5501 955 5565 ὡς.

473 5571 564 5648 39)
594 5571 784 5648 ᾜᾶαν,
815 5578 979 5632 deest
1005 5576 1064 5630 in
1098 5571 1296 5646 Regio.

473 5639 563 5719 40)
593 5639 828 5719 Regius,
864 5639 1373 5719 secunda‘manu,
1391 5639 1733 5719 συνέτρεχον.

480 5712 572 5789 ll)
601 5712 983 5793 An'glicanus,
1015 5712 1433 5790 ἀλαλαξώμεθα.

2212 5502 2324 5578 (4.2)
2359 5504 2443 5578 Ita
2476 5504 2691 5578 Regius
2719 5511 2778 5561 et
2826 5503 3208 5576 Anglicanus.
3268 5503 3419 5560 Editi
3477 5521 3608 5561 vero
3666 5506 3801 5576 post

2144 5573 2366 5645 Κυρίου,
2397 5573 2637 5645 habent,
2669 5579 2766 5629 τοῦ
2794 5573 2948 5645 Θεοῦ.

2237 5647 2332 5719 43)
2359 5649 2534 5706 Basil.
2568 5643 2651 5703 ὅτι
2684 5644 2899 5725 πράξαι·
2929 5647 3113 5722 ατρυζε
3134 5645 3262 5708 τοὺς
3293 5643 3376 5704 ὀδ.
