4154 6378
306 413 424 475 233

1372 406 1472 469 DE
1519 406 1899 468 PASSIONE
1944 405 2044 467 ET
2088 406 2341 469 CltUCE
2386 410 2691 471 DOMINI.

3618 418 3736 475 234

305 543 395 601 καὶ
432 542 613 620 βρύξει
647 540 731 596 ἐπ’
762 538 921 595 αὐτὸν
971 538 1099 600 τοὺς
1149 536 1374 600 ὀδόντας
1422 539 1607 595 αὐτοῦ.
1655 543 1709 592 Ὁ
1759 534 1815 591 δὲ
1865 536 1968 593 Κύ-

2097 542 2265 608 5tum,
2300 545 2357 595 et
2386 540 2657 597 stridebit
2688 559 2865 614 super
2894 560 3027 599 eum
3060 546 3335 601 dentibus
3365 547 3511 602 suis.
3538 547 3740 602 Domi-

308 654 422 708 ριος
472 631 825 706 ὶκγελάσεται
876 627 1058 683 αὐτόν·
1124 650 1152 678 ››
1210 627 1300 681 καὶ
1357 626 1539 682 πάλιν·
1608 652 1627 677 ε
1686 632 1971 701 Ἅμαρτω-

308 722 404 785 λὸς
456 716 669 795 ὄψεται,
722 717 813 773 καὶ
875 716 1279 793 ὀργισθήσεται·
1336 715 1462 777 τοὺς
1526 713 1745 777 ὀδόντας
1808 714 1974 769 αὐτοῦ

316 810 495 888 βρύξει
533 808 624 863 καὶ
670 809 989 877 τακήσεται.
1041 828 1070 857 ››
1112 810 1326 879 *Ετριζε
1384 802 1441 858 δὲ
1508 804 1973 877 μεταμελόμενος,

314 901 396 957 δτι
428 899 525 955 κᾶν
560 897 708 959 ὅλως
740 894 1054 968 τετόλμηκε
1087 896 1223 949 κατὰ
1259 898 1355 948 τοῦ
1408 896 1686 971 Σωτῆρος·
1735 896 1847 966 (44)
1902 892 1975 947 εἰ-

318 990 424 1053 δὼς
476 988 662 1045 ἑαυτὸν
696 985 804 1061 πρὸ
833 984 1034 1039 τούτου
1064 983 1361 1057 τολμῶντα
1390 986 1525 1038 κατά
1570 988 1678 1037 τῶν
1732 981 1977 1051 δικαίων,

319 1080 408 1135 καὶ
462 1075 629 1151 μηδὲν
690 1074 939 1129 τοιοῦτον
990 1071 1317 1129 πεπονθότα.
1370 1072 1467 1126 Καὶ
1516 1073 1618 1148 γὰρ
1652 1067 1977 1126 ἐπιϐουλεύ-

326 1190 419 1230 σας
467 1172 546 1238 τῷ
592 1161 780 1236 Ἅϐελ,
832 1163 923 1217 καὶ
971 1162 1098 1223 τοὺς
1130 1161 1473 1237 πατριάρχας
1506 1160 1726 1234 θλίψας,
1758 1155 1979 1215 ἐπιϐου-

330 1257 526 1318 λεύσας
574 1253 629 1309 δὲ
674 1252 759 1309 καὶ
806 1257 886 1324 τῷ
934 1249 1148 1322 Ἠσαίᾳ,
1198 1250 1288 1305 καί
1334 1252 1425 1305 τὸν
1465 1250 1723 1326 Ἰερεμίαν
1759 1244 1980 1324 ὑϐρίσας

330 1347 419 1402 καὶ
462 1346 551 1400 τὸν
608 1338 727 1400 Ἰὼϐ
776 1341 1057 1417 πειράσας·
1109 1339 1273 1395 πάλιν
1325 1336 1483 1415 ἴσχυε
1513 1342 1647 1413 (45),
1676 1340 1765 1394 καὶ
1798 1333 1977 1393 ἐϐασί-

332 1436 485 1491 λευεν
540 1434 566 1488 6
616 1432 840 1497 θάνατος
893 1432 999 1486 ἀπὸ
1049 1427 1230 1503 Ἀδὰμ
1254 1430 1702 1505 μέχριΜωσέως.
1736 1430 1891 1503 Ἄρτι
1923 1424 1982 1483 δὲ

320 1523 607 1596 τολμήσας
657 1524 795 1577 κατὰ
839 1525 937 1576 τοῦ
987 1519 1205 1593 Κυρίου,
1260 1523 1452 1594 θεωρεῖ
1500 1518 1684 1573 ἑαυτὸν
1753 1516 1980 1592 γενόμε-

318 1634 411 1669 νον
444 1615 611 1683 Ἶρον,
661 1610 753 1665 καὶ
804 1604 1138 1677 ἐκϐληθέντα
1186 1612 1284 1662 τοῦ
1332 1608 1553 1675 παντὸς,
1585 1607 1675 1661 καὶ
1708 1605 1811 1661 ὑπὸ
1842 1607 1980 1660 πάν-

318 1724 427 1758 των
473 1700 978 1772 καταπατούμενον.
1030 1700 1226 1773 Ἔργον
1278 1698 1379 1773 γὰρ
1427 1700 1525 1751 τοῦ
1584 1702 1845 1769 Σωτῆρος
1892 1697 1983 1771 γέ-

320 1813 445 1869 γονε
497 1792 573 1865 μὴ
629 1789 791 1863 μόνον
843 1789 959 1861 (46)
1008 1786 1174 1842 αὐτοῦ
1222 1790 1320 1841 τοῦ
1371 1785 1599 1841 θανάτου
1636 1784 1981 1856 καταπαῖξαι,

325 1879 473 1936 ἀλλὰ
516 1879 605 1935 καὶ
655 1881 806 1951 ἡμᾶς
851 1879 933 1933 ἔπ’
978 1876 1143 1932 αὐτοῦ
1207 1875 1490 1976 ἐπιθεῖναι·
1543 1874 1637 1976 ’ίνὶα
1681 1873 1977 1976 μὴῃμόνον
2011 1910 2060 1976 Β

325 1975 475 2044 ἡμᾶς
522 1976 625 2039 τῆς
673 1966 925 2029 δουλείας
960 1964 1315 2037 ἐλευθερώσῃ,
1348 1961 1495 2019 ἀλλὰ
1524 1964 1613 2017 καὶ
1642 1964 1734 2018 τὸν
1769 1960 1980 2018 δουλώ-

328 2081 488 2115 σαντα
536 2062 683 2130 ἡμᾶς
731 2057 1063 2131 καταργήσῃ
1121 2055 1335 2127 μήποτε
1382 2052 1547 2108 πάλιν
1583 2051 1812 2127 ἰσχύσας
1842 2053 1979 2107 ἀπα-

326 2151 466 2221 τήσῃ
512 2151 684 2220 ἡμᾶς,
733 2145 823 2200 καὶ
874 2144 949 2205 εἰς
984 2142 1147 2219 ἀργὸν
1177 2142 1339 2196 αὐτοῦ
1370 2142 1431 2195 τὸ
1462 2140 1791 2215 κατόρθωμα
1819 2142 1979 2215 γένη-

324 2260 433 2294 ται.
494 2239 651 2294 ’Όθεν
712 2235 894 2304 αὐτὸς,
944 2230 1271 2302 καταπαίξας
1325 2235 1423 2285 τοῦ
1476 2231 1726 2299 θανάτου,
1788 2231 1979 2285 λοιπὸν

328 2324 545 2383 ἔκδοτον
593 2325 681 2380 καὶ
733 2327 869 2396 ἡμῖν
915 2322 1073 2378 αὐτὸν
1127 2320 1201 2382 εἷς
1244 2320 1307 2374 τὸ
1356 2320 1631 2373 πατεῖσθαι
1667 2316 1856 2373 δίδωσι
1887 2317 1978 2374 λέ-

325 2437 458 2494 γων·
520 2440 548 2469 (ι
607 2412 747 2471 Ἰδοὺ
812 2410 1025 2467 δέδωκα
1083 2411 1208 2483 ὑμῖν
1261 2408 1498 2480 ἐξουσίαν
1560 2413 1745 2464 πατεῖν
1805 2406 1981 2463 ἐπάνω

327 2501 502 2583 ὄφεων
562 2503 654 2558 καὶ
721 2500 1019 2575 σκορπίων,
1072 2498 1162 2553 καὶ
1218 2496 1306 2553 ἐπὶ
1365 2504 1535 2552 πᾶσαν
1595 2498 1695 2567 τὴν
1755 2494 1983 2571 δύναμιν

324 2593 424 2651 τοῦ
476 2592 696 2669 ὲχθροῦ·
754 2616 781 2644 ››
831 2590 921 2646 καὶ
952 2588 1139 2645 πάλιν·
1175 2612 1204 2641 ‹‹
1260 2589 1635 2657 Καταπατήσει
1670 2585 1864 2642 λέοντα
1891 2585 1982 2641 καὶ

330 2682 623 2760 δράκοντα.
681 2705 700 2731 ο
754 2680 928 2736 Πάλαι
983 2679 1077 2752 μὲν
1128 2678 1229 2754 γὰρ
1303 2678 1331 2731 6
1397 2675 1522 2754 ὄφις
1579 2676 1827 2746 ἡπάτησε
1881 2677 1980 2745 τὴν

325 2770 493 2844 Εὕαν,
554 2772 643 2827 καὶ
691 2775 769 2843 τῷ
819 2769 997 2847 φθόνῳ
1043 2766 1237 2823 τούτου
1286 2767 1314 2822 6
1358 2767 1578 2829 θάνατος
1636 2763 1881 2835 εἶσὴλθεν
1906 2765 1982 2829 εἷς

327 2863 420 2917 τὸν
482 2861 711 2934 κόσμον·
772 2860 894 2934 ἄρτι
939 2855 997 2912 δὶ
1044 2861 1313 2928 πατεῖται,
1370 2856 1460 2910 καὶ
1519 2854 1692 2920 θέλων
1754 2856 1982 2925 ἀπατᾷν,

337 2950 541 3007 ἀκούει·
597 2974 624 3001 ‹‹
674 2952 877 3023 Ὕπαγε
927 2945 1103 3001 ὀπίσω
1157 2966 1282 3020 μου,
1338 2950 1546 3001 Σατανᾶ
1599 2968 1626 2996 ››
1658 2944 1757 2998 Καὶ
1815 2942 1984 2998 πάλαι

343 3042 432 3115 μὲν
464 3041 491 3095 6
524 3036 796 3100 ἀντίδικος
825 3039 985 3110 ἡμῶν
1019 3029 1281 3097 διάϐολος
1332 3034 1408 3097 ὡς
1457 3033 1594 3089 λέων
1645 3033 1984 3109 περιεπάται,

344 3127 507 3203 διψῶν
565 3130 665 3198 τὴν
726 3127 1008 3201 ἡμετήραν
1068 3126 1275 3200 ψυχήνο
1331 3122 1451 3197 ἄρτι
1485 3120 1543 3177 δὲ
1604 3128 1989 3178 καταπατεῖται

338 3219 427 3273 σὺν
468 3217 547 3291 τῷ
595 3215 870 3292 δράκοντι,
921 3215 1011 3270 καὶ
1043 3212 1237 3269 λοιπὸν
1273 3214 1300 3267 6
1334 3214 1463 3275 Θεὸς
1499 3211 1550 3267 ἐν
1582 3212 1741 3287 τάχει
1772 3212 1987 3285 συντρί-

2086 645 2197 683 nus
2220 633 2415 684 autem
2450 628 2719 685 irridebit
2749 647 2884 686 eum
2911 634 2972 686 πθ.
3010 655 3039 681 ››
3075 641 3147 687 Ac
3196 650 3471 691 rursum:
3508 656 3536 686 ‹‹
3596 639 3741 691 Pec-

2086 724 2246 772 calor
2302 718 2542 787 videbit,
2575 724 2633 774 et
2662 719 2983 776 irascetur:
3046 721 3321 779 dentibus
3363 724 3487 778 suis
3535 725 3742 780 fremet

2087 811 2144 862 et
2177 807 2433 863 tabescet
2464 809 2525 862 9".
2563 830 2589 857 »
2620 809 2915 865 Stridebat
2942 827 3098 880 vero,
3159 812 3314 882 quod
3393 812 3615 868 doleret
3679 829 3742 869 se

2090 913 2352 968 unquam
2384 912 2517 952 cum
2549 896 2845 955 Salvatore
2874 900 3149 972 congredi
3182 918 3394 956 ausum
3424 901 3743 968 esse;scie-

2088 986 2188 1041 bat
2219 991 2415 1041 autem
2473 1003 2535 1042 se
2584 991 2756 1042 antea
2779 988 2980 1058 justus
3010 989 3247 1060 aggredi
3281 1006 3514 1054 ausum,
3591 988 3742 1044 nihil

2088 1075 2380 1144 ejusmodi
2413 1092 2654 1147 passum
2679 1076 2879 1132 fuisse.
2915 1077 3061 1135 Nam
3094 1079 3200 1134 etsi
3235 1079 3393 1134 Abeli
3426 1079 3741 1135 insidiatus

2089 1163 2694 1236 fuisset,patriarcbas
2724 1166 3051 1235 afﬂixisset,
3086 1168 3243 1223 Isaias
3278 1174 3546 1239 parasset
3594 1168 3742 1223 insi-

2090 1252 2237 1321 dias,
2272 1253 2573 1309 Hieremim
2604 1256 3019 1311 contumeliam
3066 1257 3320 1326 fecisset,
3352 1258 3569 1313 Jobum
3614 1262 3743 1313 ten-

2090 1345 2311 1410 tasset;
2346 1358 2505 1398 mors
2536 1346 2731 1399 tamen
2782 1345 3198 1415 invalescebat,
3231 1347 3632 1418 regnabatque
3668 1347 3740 1402 ab

2088 1432 2315 1487 Adamo
2346 1448 2535 1504 usque
2566 1433 2637 1487 ad
2667 1433 2929 1504 Moysen.
2953 1435 3087 1491 Jam
3120 1451 3255 1491 vero
3285 1433 3469 1491 simili
3500 1436 3747 1492 audacia

2090 1520 2369 1576 adversus
2405 1521 2715 1577 Dominum
2770 1539 2935 1592 usus,
2960 1540 3022 1579 se
3052 1524 3224 1595 plane
3282 1529 3442 1579 Irum
3502 1525 3742 1594 factum,

2090 1610 2486 1682 undequaque
2520 1611 2859 1681 pulsum,ab
2889 1612 3167 1668 omnibus
3197 1613 3605 1670 conculcatum
3629 1613 3749 1669 ani-

2092 1699 2836 1756 madvertebat.Salvatoris
2868 1701 3086 1774 quippe
3116 1718 3264 1773 opus
3306 1702 3431 1773 fuit,
3467 1719 3581 1758 non
3630 1702 3745 1773 ipsi

2093 1792 2324 1843 tantum
2384 1789 2558 1843 morti
2618 1787 2884 1858 illudere,
2920 1791 3021 1846 sed
3081 1791 3259 1847 etiam
3290 1807 3397 1848 nos
3427 1792 3618 1848 eidem
3640 1809 3748 1849 su-

2096 1879 2353 1950 periores
2372 1878 2749 1946 constituere,
2780 1884 2846 1936 ut
2873 1897 2989 1936 non
3023 1881 3215 1936 solum
3247 1898 3355 1938 nos
3384 1899 3419 1937 a
3465 1882 3747 1938 servitute

2092 1967 2495 2035 liberaret,sed
2526 1968 2704 2024 etiam
2734 1985 2864 2025 eum
2899 1970 3000 2040 qui
3032 1987 3140 2026 nos
3172 1972 3228 2025 in
3262 1971 3599 2027 servitutem
3652 1988 3743 2025 re-

2093 2060 2331 2129 degerat
2386 2059 2761 2130 opprimeret,
2823 2075 2895 2114 ne
2924 2076 3159 2115 rursum
3219 2060 3583 2116 invalescens
3638 2076 3747 2117 nos

2093 2147 2406 2219 deciperet,
2458 2164 2600 2203 neve
2682 2165 2791 2204 sua
2866 2149 3109 2206 victoria
3157 2151 3453 2206 incassum
3534 2150 3741 2206 abiret.

2095 2240 2458 2308 Quapropter
2487 2236 2614 2309 ipse
2643 2254 2777 2293 cum
2807 2237 3096 2295 illusisset
3127 2241 3321 2309 morti,
3374 2239 3543 2295 nobis
3595 2240 3739 2295 item

2092 2343 2221 2382 eam
2246 2326 2588 2382 calcandam
2621 2327 2799 2383 tradit
2851 2327 3053 2384 dicens
3086 2345 3099 2382 :
3152 2351 3181 2379 «
3217 2330 3360 2384 Ecce
3388 2329 3521 2384 dedi
3578 2329 3746 2385 vobis

2095 2419 2441 2488 potestatem
2475 2415 2741 2471 calcandi
2773 2434 2955 2489 supra
2984 2422 3287 2489 serpentes
3319 2424 3376 2474 et
3402 2418 3742 2490 scorpiones

2092 2510 2149 2562 et
2180 2522 2361 2576 supra
2384 2520 2618 2559 omnem
2652 2505 2923 2561 virtutem
2953 2504 3173 2563 inimici
3203 2507 3266 2561 οε.
3306 2529 3325 2556 ι
3362 2508 3440 2561 Ac
3463 2522 3699 2562 rursum
3727 2523 3741 2563 :

2094 2619 2122 2647 «
2156 2594 2541 2651 Gonculcabis
2573 2594 2802 2651 leonem
2837 2600 2893 2651 et
2913 2596 3229 2651 draconem
3261 2596 3362 2651 99.»
3395 2596 3549 2652 Olim
3584 2613 3750 2653 nam-

2094 2702 2207 2756 que
2236 2700 2477 2757 serpens
2510 2684 2680 2738 Evam
2714 2683 2958 2756 decepit,
3007 2686 3253 2756 ejusque
3311 2685 3532 2740 invidia
3588 2701 3747 2741 mors

2094 2772 2333 2826 intravit
2359 2770 2419 2823 in
2451 2771 2740 2825 mundum
2771 2787 2783 2824 :
2810 2772 2935 2841 jam
2966 2788 3102 2828 vero
3122 2762 3507 2828 conculcatur
3534 2777 3591 2828 et
3650 2788 3748 2828 vo-

2093 2860 2222 2916 lens
2252 2858 2518 2930 decipere
2548 2859 2750 2914 audit:
2787 2880 2806 2908 ιι
2846 2860 3004 2915 Vade
3052 2864 3205 2915 retro
3238 2876 3351 2931 me,
3381 2864 3595 2916 Satana
3652 2862 3692 2915 ί.
3715 2881 3746 2913 »

2097 2950 2249 3007 Olim
2281 2947 2652 3004 adversarius
2685 2953 2884 3005 noster
2921 2947 3212 3017 diabolus,
3265 2950 3435 3021 quasi
3490 2949 3579 3005 leo
3636 2949 3750 3005 cir-

2099 3057 2166 3095 cu
2180 3036 2594 3102 ruibat,sitiens
2625 3036 2882 3092 animam
2914 3044 3219 3093 nostram:
3244 3040 3371 3109 jam
3423 3054 3559 3093 vero
3606 3054 3750 3093 con-

2100 3130 2368 3185 culcatur
2395 3143 2529 3181 cum
2564 3128 2834 3191 dracone,
2869 3143 2933 3181 ac
2963 3128 3199 3182 demum
3232 3126 3390 3182 brevi
3421 3127 3574 3182 Deus
3606 3143 3752 3183 con-

2099 3223 2247 3274 teret
2275 3217 2551 3272 Satanam
2579 3216 2689 3269 sub
2712 3215 2958 3286 pedibus
2985 3216 3598 3287 nostris.Tantumque
3620 3217 3752 3272 des-

339 3312 424 3382 ῲει
473 3308 564 3362 τὸν
596 3311 837 3361 Σατανᾶν
872 3305 975 3359 ὑπὸ
1003 3302 1129 3366 τοὺς
1160 3300 1329 3364 πόδας
1356 3305 1540 3374 ἡμῶν.
1585 3303 1684 3357 Καὶ
1733 3299 1983 3356 τοσοῦτον

2102 3306 2335 3380 picitur,
2394 3308 2627 3360 tantum
2686 3284 2971 3373 illuditur,
3030 3308 3091 3360 ut
3142 3320 3213 3359 ne
3242 3284 3537 3376 quispiam
3568 3306 3752 3361 refor-

340 3401 755 3473 καταφρονεῖται
813 3393 901 3449 καὶ
959 3392 1227 3464 παίζεται,
1288 3391 1361 3454 ὡς
1418 3391 1507 3446 καὶ
1574 3390 1660 3445 ἐπὶ
1735 3390 1989 3467 τρώγλην

342 3484 601 3558 ἀσπίδων,
663 3479 1006 3540 έκϐάλλοντά
1036 3503 1155 3537 τινα
1183 3483 1282 3551 τήν
1316 3486 1497 3557 χεῖρα,
1555 3481 1630 3553 μὴ
1685 3474 1988 3558 φοϐεῖσθαι.

334 3580 512 3631 Ταῦτα
561 3576 666 3651 γὰρ
722 3570 937 3634 Ἡσαΐας
992 3572 1383 3649 προεφήτευσε’
1444 3569 1532 3625 καὶ
1583 3565 1723 3624 ἔστιν
1764 3571 1792 3625 6
1824 3567 1991 3643 λόγος

335 3663 573 3736 ἀληθής.

407 3755 498 3810 29.
552 3748 751 3807 Παιδία
801 3755 928 3827 γοῦν
972 3751 1071 3818 τὴν
1120 3748 1289 3803 πάλαι
1335 3747 1425 3802 καὶ
1483 3746 1742 3822 γέροντας
1774 3746 1991 3801 ἀπατῶ-

337 3863 432 3897 σαν
465 3839 671 3911 ἡδονήν
705 3838 826 3916 ἄρτι
856 3838 1205 3915 χλευάζουσι·
1241 3836 1329 3892 καὶ
1365 3839 1535 3911 μήπω
1566 3835 1813 3909 νομίμης
1865 3834 1994 3904 ἡλι-

338 3931 461 3992 κίας
518 3924 821 3990 ἐπιϐάντες·
880 3928 981 3997 τὴν
1053 3926 1186 4001 ὑπὲρ
1255 3926 1345 3979 τὸν
1411 3923 1577 3996 νόμον
1632 3923 1995 3998 περιζώννυν-

338 4040 428 4075 ται
484 4022 598 4093 (47)
656 4016 1029 4093 σωφροσὺνην’
1090 4015 1179 4069 καὶ
1260 4012 1515 4089 παρθένοι
1595 4014 1863 4085 μένοντες,
1916 4015 1996 4082 τῷ

346 4106 500 4183 λόγῳ
548 4111 776 4163 πατοῦσι
823 4112 922 4175 τῆς
975 4101 1248 4182 ὀφιώδους
1296 4100 1500 4171 ἡδονῆς
1530 4102 1624 4162 τὰς
1656 4100 1881 4171 ἀπάτας,
1920 4101 1995 4171 μὴ

346 4193 682 4273 φοϐούμενοι
734 4195 936 4266 ταύτης
993 4194 1062 4249 τὰ
1119 4190 1469 4267 θανατηφόρα
1527 4187 1802 4264 δήγματα.
1852 4187 1993 4260 Ἤδη

349 4285 408 4343 δέ
433 4307 575 4349 τινες
621 4285 712 4341 καὶ
761 4284 891 4339 αὐτὸ
931 4282 995 4338 τὸ
1023 4281 1237 4358 κέντρον
1263 4285 1362 4335 τοῦ
1394 4273 1656 4334 διαϐόλου
1689 4283 2001 4347 πατοῦντες,

348 4377 450 4433 οὐκ
498 4374 799 4431 ἐδειλίασαν
842 4375 933 4428 τὸν
986 4373 1231 4436 θάνατον·
1283 4368 1430 4425 ἀλλὰ
1470 4369 1559 4424 καὶ
1591 4369 1689 4437 τήν
1727 4369 1871 4438 ζωὴν
1903 4366 2003 4422 αὐ-

2103 3396 2288 3451 midet
2316 3395 2387 3450 ad
2422 3394 2683 3449 foramen
2715 3393 2990 3464 aspidum
3040 3394 3352 3450 admovore
3406 3411 3650 3449 manum
3710 3396 3753 3450 2.

2103 3486 2233 3540 Haec
2282 3484 2439 3539 enim
2498 3481 2677 3538 lsaias
2755 3483 3144 3554 prOphetavit,
3205 3486 3376 3554 cujus
3434 3499 3608 3539 verus
3666 3488 3757 3540 est

2104 3590 2318 3630 sermo.

2174 3753 2264 3806 29.
2298 3750 2467 3807 Pueri
2497 3765 2634 3822 ergo
2664 3748 3184 3821 voluptatem,quae
3218 3748 3380 3821 ipsos
3408 3748 3550 3804 olim
3582 3765 3756 3806 senes

2106 3840 2450 3912 decipiebat,
2475 3840 2601 3909 jam
2650 3837 2898 3893 irrident
2946 3839 3232 3893 :necdum
3289 3839 3361 3894 ad
3420 3837 3749 3910 legitimam

2106 3928 2401 4002 progressi
2432 3931 2659 3982 (etatem
2693 3926 3074 3992 continentia,
3102 3944 3228 4000 quae
3258 3926 3445 3998 legem
3492 3932 3759 3998 superat,

2106 4018 2342 4073 lumbos
2390 4014 2798 4087 prmcingunt:
2832 4016 3242 4087 manendoque
3297 4014 3572 4087 virgines,
3643 4030 3760 4071 ser-

2108 4108 2361 4179 pentium
2390 4102 2707 4175 voluptatis
2759 4103 3020 4159 fallacias
3074 4105 3248 4160 verbo
3308 4104 3555 4173 calcant,
3604 4104 3753 4160 nihil

2108 4197 2237 4268 ejus
2267 4193 2566 4249 lethiferos
2626 4209 2861 4248 morsus
2910 4194 3101 4248 veriti.
3132 4194 3265 4248 Jam
3296 4210 3432 4249 vero
3490 4194 3760 4265 quidam,

2112 4287 2310 4357 ipsum
2343 4281 2559 4338 diaboli
2617 4281 2928 4337 stimulum
2960 4282 3274 4352 calcantes,
3338 4286 3587 4338 mortem
3646 4298 3762 4338 non

2113 4374 2465 4431 exborruere
2489 4388 2502 4439 ;
2528 4371 2627 4427 sed
2668 4376 2853 4426 morte
2881 4370 3060 4428 vitam
3093 4388 3264 4427 suam
3297 4374 3764 4441 commutarunt,

346 4471 457 4521 τῶν
516 4461 761 4536 ἤλλαξαν
822 4466 901 4533 τῷ
969 4461 1181 4532 θανάτῳ
1242 4458 1510 4535 μάρτυρες
1568 4457 1854 4533 γενόμενοι
1908 4454 1983 4511 to?

2115 4463 2290 4521 Verbi
2322 4466 2607 4533 martyres
2633 4459 2820 4516 effecti
2844 4479 2857 4517 :
2882 4461 3012 4516 ideo
3044 4461 3198 4516 enim
3249 4465 3518 4516 mortuus
3568 4460 3775 4516 Domi-

350 4549 654 4628 ᾼόγου’διά
682 4555 842 4606 τοῦτο
873 4549 975 4625 γὰρ
1006 4547 1267 4604 ἀπάθανεν
1303 4548 1330 4602 6
1364 4545 1581 4620 Κύριος.
1616 4544 1827 4601 Πολλοὶ
1860 4543 1916 4600 δὲ
1944 4566 1983 4599 τι

2121 4571 2234 4609 nus
2265 4556 2373 4608 est.
2407 4550 2575 4607 Multi
2609 4566 2741 4605 vero
2772 4550 3023 4606 terrenis
3055 4548 3351 4606 derelictis
3382 4548 3772 4615 rebus,libero

353 4623 456 4698 ἐπὶ.
474 4643 577 4717 γῆς
610 4623 1021 4711 καταλιπόντες,
1056 4635 1327 4712 ἐλευθέρῳ
1353 4640 1434 4708 τῷ
1461 4632 1751 4710 βαδίσματι
1768 4634 1859 4691 τὸν
1881 4634 1983 4710 ἀέρι

2121 4659 2327 4717 gressu
2360 4655 2553 4697 aerem
2586 4642 2899 4711 peragrant
2928 4643 2985 4695 et
3015 4640 3075 4694 in
3114 4638 3257 4695 coelo
3289 4639 3467 4695 vitam
3501 4638 3724 4711 degunt
3755 4654 3769 4693 :

356 4726 718 4798 διαϐαίνουσι,
785 4728 875 4784 καὶ
951 4727 1002 4782 ἐν
1082 4726 1292 4802 οὐρανῷ
1364 4724 1762 4780 πολιτεύονταιο
1835 4723 1983 4779 οὐκέτ

2126 4730 2273 4786 nihil
2320 4728 2474 4786 ultra
2528 4728 2692 4783 veriti
2752 4728 3079 4801 principem
3136 4728 3309 4798 aeris,
3374 4728 3491 4784 imo
3546 4727 3768 4799 potius,

358 4816 691 4900 φοϐούμενοι
748 4818 840 4873 τὸν
900 4813 1143 4893 ἄρχοντα
1189 4820 1287 4870 τοῦ
1343 4815 1525 4891 ἀέρος,
1582 4812 1728 4868 ἀλλὰ
1780 4813 1983 4868 γαὶέπι

2128 4820 2177 4876 si
2236 4818 2545 4891 prohibere
2601 4815 2872 4883 voluerit,
2926 4818 3298 4890 increpantes
3352 4834 3419 4873 ac
3475 4817 3780 4873 dicentes:

360 4909 699 4980 πλήττοντες
729 4907 820 4962 καὶ
852 4905 1125 4982 λέγοντες,
1162 4904 1206 4958 εἱ
1248 4904 1398 4959 θέλοι
1448 4902 1704 4957 κωλύειν·
1744 4929 1765 4954 ι
1819 4905 1983 4979 Ὕπαγ

2132 4929 2157 4963 ιι
2196 4907 2351 4963 Vade
2375 4911 2525 4963 retro
2546 4905 3228 4977 me,Satana,»quoniam
3263 4906 3576 4963 Dominum
3606 4912 3787 4960 Deum

365 4997 540 5054 ὂπίσω
576 5017 703 5071 μου,
739 5000 967 5051 Σατανᾶ·
1008 5020 1029 5047 ι
1068 4993 1150 5049 ὅτι
1180 4992 1375 5069 Κύριον
1407 5013 1497 5067 τον
1532 4992 1660 5047 Θεόν
1694 5013 1801 5065 μου
1855 4992 1983 5046 σπεύ

2132 5012 2331 5054 meum
2367 4997 2577 5053 festino
2628 4996 2915 5063 adorare;
2948 4994 3077 5051 ideo
3135 5012 3386 5065 namque
3439 4994 3701 5050 Salvator
3728 4994 3791 5048 in

368 5086 446 5143 δω
493 5093 882 5163 προσκυνῆσαι·
936 5082 1024 5139 διὰ
1069 5088 1233 5140 τοῦτο
1281 5083 1385 5159 γὰρ
1449 5081 1759 5157 ἐσταυρώθη
1811 5081 1886 5143 εἷς
1934 5081 1983 5136 τὶ

2135 5101 2266 5141 aere
2300 5086 2616 5141 cruciﬁxus
2676 5088 2783 5139 est.
2820 5082 2920 5138 Via
2970 5088 3164 5138 autem
3197 5082 3475 5155 paradisi,
3518 5080 3656 5137 olim
3693 5097 3796 5152 per

366 5176 498 5253 ἀέρα
558 5176 586 5230 ὁ
638 5176 858 5251 Σωτήρ.
899 5177 957 5230 'H
1008 5170 1065 5228 δὲ
1112 5170 1236 5236 ὁδὸς
1281 5176 1379 5227 τοῦ
1410 5167 1759 5247 παραδείσου,
1793 5172 1827 5241 ἠ
1855 5169 1983 5227 πάλι

2138 5178 2444 5247 peccatum
2479 5181 2701 5241 clausa,
2727 5172 2851 5245 jam
2883 5171 3214 5230 volentibus
3245 5176 3423 5245 patet,
3456 5175 3521 5227 ut
3542 5171 3624 5228 ait
3651 5170 3800 5226 Pau-

438 5306 484 5342 '°
558 5304 953 5375 Psal.xxxv1,
1032 5302 1122 5373 12,
1199 5302 1287 5358 13.
1366 5299 1586 5357 "Psal.
1662 5316 1776 5366 cxx,
1854 5300 1939 5356 10.

373 5377 534 5435 Ἰειι.
611 5393 692 5435 xx.
724 5378 778 5432 8.

2097 5299 2229 5357 Luc.
2308 5316 2366 5367 x,
2446 5299 2534 5355 19.
2644 5299 2689 5335 ⁸⁸
2727 5296 2882 5355 Psal.
2926 5299 3131 5367 xc,i3.

448 5394 534 5435 sa.
611 5393 692 5445 xx,
724 5393 778 5432 ο.

595 5516 835 5595 1383198,
869 5510 1234 5595 ᾔδειηέαυτόν.
1291 5592 1307 5595 _
1363 5586 1385 5595 _
1516 5584 1565 5595 __
1783 5585 1793 5595 .

2221 5513 2335 5595 (ιε)
2609 5508 2788 5595 αὐτάνσ
2873 5579 2885 5595 ,
3144 5580 3157 5595 ,

473 5520 564 5592 44)
595 5520 835 5591 Regius,
869 5520 991 5590 ᾔδει
1024 5520 1234 5571 ἑαυτόν.

450 5520 567 5673 (45)
598 5589 963 5673 Basiliensis,
991 5583 1248 5673 i'crxu‘aav'.‘
1290 5586 1466 5669 Infra,
1516 5584 1688 5673 Ἶρος,
1748 5585 1833 5642 sic
1869 5602 1983 5671 me]

2247 5520 2315 5568 4ο
2365 5520 2580 5584 Regius
2609 5520 2788 5566 αὐτόν.

2189 5520 2335 5673 *(47)
2365 5584 2609 5667 Regius,
2660 5579 3010 5673 εόφροσύνην·
3070 5580 3160 5635 καὶ
3216 5578 3471 5655 παρθένοι
3563 5580 3803 5654 μένουσι,

384 5653 501 5720 dici
534 5653 918 5727 vocabantur,
950 5653 1019 5716 ex
1050 5653 1171 5717 'illo
1200 5653 1736 5716 Homeri'mendico
1792 5658 1887 5714 cui
1944 5675 1978 5714 n

2149 5653 2238 5728 τῷ
2258 5653 2413 5730 λόγῳ
2441 5653 2753 5712 πατοῦντες,

389 5752 548 5793 men.
580 5738 727 5809 Ἶρος
761 5732 949 5805 Odyss.
977 5734 1041 5788 Σ.

714 5861 980 5923 Panos.
1028 5858 1140 5921 Gs.
1189 5854 1466 5919 XXVIII.
3452 5846 3493 5908 8

3245 5300 3262 5335 ¹
3289 5298 3463 5355 Marc.
3540 5312 3665 5367 VIII,
3704 5295 3796 5353 33.
