4154 6362
354 481 474 545 235

1540 470 1604 533 S.
1653 464 2179 530 ATHANASIUS.
2213 502 2290 514 —
2320 466 2585 532 DUBIA.

3650 466 3770 534 236

353 616 471 684 lus,
531 612 632 685 qui
685 627 753 667 eo
807 608 920 666 loci
968 612 1175 680 raptus
1231 610 1342 672 est,
1430 610 1489 662 et
1544 604 1617 661 ad
1675 605 1772 660 79
1830 601 2006 658 cmlos

2133 598 2195 655 δι’
2228 600 2492 676 ἁμαρτίας
2520 600 2847 672 κλεισθεῖσα,
2882 604 3001 678 ἄρτι
3040 608 3158 664 τοῖς
3209 601 3569 678 βουλομένοις
3611 602 3774 676 ἀνέφυ

355 702 641 763 ascendit.
666 701 802 756 Ideo
831 697 1118 755 Dominus
1147 694 1333 750 illusit
1363 691 2011 766 serpentimessavitqus

356 795 643 859 infernus,
677 806 794 845 non
817 787 973 843 ultra
1001 786 1327 857 imperante
1386 788 1593 851 morte,
1628 782 1727 838 sed
1761 780 2012 836 resusci-

354 883 497 941 tatis
526 878 823 937 omnibus.
882 874 1165 932 Diabolus
1222 879 1418 929 autem
1472 889 1588 928 non
1613 871 1737 943 jam
1772 870 1921 935 inde,
1951 869 2011 924 in

358 988 467 1029 nos
496 968 785 1041 insurgit:
835 963 1043 1021 cecidit
1094 963 1274 1033 enim,
1318 966 1493 1033 atque
1553 963 1902 1033 prostratus,
1951 959 2012 1012 in

359 1064 565 1134 pectus
588 1056 760 1129 plane
791 1060 848 1110 et
876 1054 936 1109 in
982 1058 1242 1108 ventrem
1275 1067 1449 1107 suum
1502 1048 1896 1121 provolvitur:
1943 1064 2015 1102 ea

360 1150 518 1208 enim
552 1148 623 1203 de
654 1161 834 1202 causa
863 1143 1115 1200 surrexit
1147 1141 1449 1197 Dominus.
1484 1139 1549 1194 Et
1573 1136 1841 1193 homines
1873 1137 2009 1208 qui-

359 1240 492 1296 dem
523 1236 855 1293 didicerunt
881 1230 1185 1305 aspernari
1214 1229 1447 1285 divitias
1471 1225 1823 1299 corporales,
1851 1231 1909 1281 et
1930 1224 2015 1280 di-

355 1330 592 1384 tescunt
639 1325 814 1381 verbo
869 1328 928 1378 et
982 1318 1479 1377 scientia:draco
1545 1322 1742 1373 autem
1799 1314 1901 1386 qui
1952 1330 2016 1370 se

358 1418 596 1473 divitem
626 1430 756 1472 esse
783 1411 1162 1486 gloriabatur,
1220 1408 1552 1463 denudatus
1607 1409 1715 1476 est,
1769 1405 2016 1475 jamque

358 1506 577 1571 nudus,
608 1504 736 1561 Irus
766 1506 823 1558 et
861 1515 1084 1574 pauper
1112 1502 1222 1564 est,
1262 1498 1337 1552 ab
1360 1494 1703 1551 hominibus
1726 1492 2013 1565 exspolia-

356 1601 476 1653 tus.
509 1595 655 1651 Nam
689 1591 791 1665 qui
821 1590 964 1646 olim
998 1587 1226 1644 medius
1257 1586 1408 1642 inter
1436 1584 1793 1640 cherubinos
1822 1599 2017 1639 versa-

358 1682 837 1752 batur,omnique
866 1677 1060 1750 lapide
1089 1675 1344 1748 pretioso
1374 1673 1619 1729 indutus
1647 1670 2014 1739 erat,sardio,

356 1772 590 1845 jaspide
609 1775 666 1827 et
689 1767 1043 1838 achate,jam
1068 1764 1309 1820 demum
1330 1762 1388 1818 in
1413 1760 2018 1835 papyro,arundineet

362 1861 528 1919 silice
549 1858 858 1928 dormit,ut
887 1856 947 1911 in
976 1854 1087 1910 Job
1113 1854 1185 1909 de
1214 1851 1314 1908 illo
1347 1854 1617 1907 narratur
1644 1850 1827 1906 3.Ideo
1857 1849 2015 1905 enim

363 1950 650 2009 Dominus
682 1962 903 2020 pauper
932 1943 1060 2013 fuit,
1096 1946 1157 1998 ut
1189 1958 1295 1997 nos
1325 1941 1454 2012 ejus
1485 1939 1683 2011 inopia
1702 1938 2015 1996 ditescere-

363 2035 953 2107 mus‘,§diabolusque
980 2033 1238 2089 nudatus
1268 2035 1376 2087 est.
1408 2029 1689 2101 Quodque
1720 2027 2014 2099 mirabile,

361 2143 764 2204 magnumque
787 2124 1032 2197 contigit
1057 2122 1116 2178 in
1148 2138 1344 2178 rerum
1377 2125 1610 2191 natura,
1642 2120 1911 2176 homines
1941 2120 2013 2176 ad

360 2225 610 2277 mortem
644 2217 960 2291 properant
987 2216 1260 2286 optantes
1291 2210 1607 2266 adventum
1640 2208 2015 2278 Domini;mi-

358 2326 456 2367 ser
493 2313 687 2365 autem
718 2303 1012 2370 diabolus,
1046 2300 1148 2375 qui
1167 2300 1309 2357 olim
1341 2300 1546 2355 mortis
1574 2298 1889 2371 imperium
1914 2297 2016 2353 ha-

357 2399 508 2469 buit,
534 2399 658 2469 jam
693 2393 905 2451 metuit
931 2408 1067 2448 eum
1097 2391 1200 2463 qui
1228 2394 1510 2446 venturus
1537 2392 1648 2454 est,
1690 2387 2017 2459 judicium-

362 2504 474 2559 que
504 2484 884 2543 reformidat:
918 2480 1078 2538 novit
1107 2479 1265 2535 enim
1297 2478 1411 2534 sibi
1443 2482 1711 2549 paratum
1743 2476 1938 2549 ignem
1962 2480 2020 2531 et

364 2574 591 2647 angelis
608 2571 897 2631 suis.ldeo
919 2570 1077 2626 enim
1106 2567 1387 2623 Dominus
1407 2566 1884 2637 meusjudicatus
1905 2570 2015 2634 est,

364 2670 430 2722 ut
458 2682 566 2721 nos
594 2680 628 2719 a
649 2660 872 2735 judicio
901 2658 1197 2723 liberaret,
1252 2655 1537 2727 illumque
1580 2656 2015 2711 condemnaret.

2122 711 2236 765 γεν,
2289 692 2366 752 ὡς
2424 690 2641 754 Παῦλος
2699 697 2981 767 μαρτυρεῖ,
3058 691 3435 766 ἁρπαζόμενος
3493 692 3624 765 ἐκεῖ,
3685 694 3775 747 xui

2122 779 2505 856 ἀπερχόμενος
2539 780 2612 842 εἷς
2645 780 2773 843 τοὺς
2804 780 3090 857 οὐρανούς.
3135 782 3233 836 Διὰ
3259 786 3421 837 τοῦτο
3468 783 3569 859 γάρ
3620 780 3777 839 ἔπαι-

2123 868 2202 939 ξεν
2234 870 2263 924 6
2322 870 2520 945 Κύριος
2566 870 2659 925 τὸν
2709 866 2856 948 ὅφιν.
2908 870 3011 926 Καὶ
3053 872 3081 925 6
3117 872 3210 943 μὲν
3245 870 3381 942 sam
3412 874 3777 947 κατήργητα.,

2123 958 2301 1014 οὐκέτι
2329 964 2426 1014 τοῦ
2458 960 2685 1014 θανάτου
2710 964 3058 1033 κρατοῦντος,
3106 958 3254 1016 ἀλλὰ
3300 961 3513 1016 πάντων
3566 960 3779 1038 ἐγειρο-

2127 1049 2324 1121 μένων·
2358 1049 2387 1101 6
2419 1047 2475 1103 δὲ
2508 1044 2765 1104 διάϐολος
2798 1048 2898 1104 οὐκ
2926 1045 3003 1104 ἔτι
3053 1048 3381 1121 ἐξανίσταται
3428 1052 3545 1105 καθ’
3591 1053 3776 1124 ἡμῶν·

2122 1138 2375 1192 πέπτωκε
2406 1139 2531 1213 γὰρ,
2564 1138 2653 1192 xui
2684 1139 2861 1193 πεσὼν
2913 1137 3138 1207 άληθῶς
3196 1138 3285 1195 ἐπὶ
3337 1145 3417 1212 τῷ
3472 1142 3657 1211 στήθει
3688 1140 3778 1195 καὶ

2121 1231 2191 1301 τῇ
2236 1224 2422 1298 κοιλίᾳ
2469 1228 2773 1302 πορεύεται·
2829 1226 2920 1283 διὰ
2945 1233 3112 1283 τοῦτο
3142 1230 3246 1305 γάρ
3276 1230 3469 1301 ἀνέστη
3497 1231 3525 1284 6
3556 1229 3776 1307 Κύριος.

2123 1316 2223 1371 Καὶ
2271 1317 2322 1369 oi
2374 1317 2470 1389 μὶν
2517 1316 2792 1392 ἄνθρωποι
2865 1320 3209 1391 μεμαθήκασι
3260 1325 3609 1397 καταφρονεῖν
3669 1341 3776 1375 σωσ-

2127 1404 2357 1478 ματικοῦ
2412 1405 2676 1475 πλούτου,
2738 1407 2827 1461 xui
2883 1406 3186 1463 πλουτοῦσι
3240 1413 3321 1480 τῷ
3361 1406 3513 1485 λόγῳ
3558 1409 3649 1464 καὶ
3705 1414 3776 1484 τῇ

2123 1495 2338 1569 γνώσει·
2396 1496 2425 1551 6
2458 1492 2515 1550 δὲ
2543 1496 2904 1571 καυχώμενος
2935 1497 3063 1552 εἶναι
3101 1495 3366 1560 πλούσιος
3423 1495 3635 1573 δράκων
3685 1519 3777 1574 γε·

2122 1585 2426 1659 γύμνωται,
2484 1585 2573 1639 καὶ
2626 1590 2716 1639 νῦν
2776 1587 2984 1661 γυμνὸς
3044 1588 3190 1660 Ἶρος
3247 1587 3337 1641 καὶ
3410 1590 3581 1658 πένης
3641 1588 3775 1658 ἐστὶ,

2122 1673 2618 1746 κατεσκυλευμὲνος
2660 1674 2766 1729 ὑπὸ
2816 1677 3068 1733 πάντων.
3107 1677 3209 1733 Καὶ
3274 1676 3375 1753 γάρ
3440 1675 3613 1732 πάλαι
3668 1682 3776 1732 τῶν

2126 1757 2403 1838 χερουϐἰμ
2449 1763 2551 1818 ἀνά
2601 1762 2760 1837 μέσον
2812 1764 2909 1837 ὥν,
2965 1765 3055 1820 καὶ
3114 1767 3284 1821 πάντα
3334 1764 3486 1820 λίθον
3538 1766 3777 1842 χρηστὸν

2127 1848 2503 1925 ένδεδυμένος,
2552 1854 2642 1908 τὸν
2693 1850 2932 1927 σάρδιον,
2991 1855 3083 1909 τὸν
3135 1852 3340 1923 ἷάσπιν,
3391 1856 3485 1911 τὸν
3539 1856 3774 1932 άχάτην,

2126 1942 2247 2017 ἄρτι
2298 1941 2489 1996 λοιπὸν
2541 1939 2628 1995 ἐπὶ
2686 1943 2958 2017 πάπυρον,
2999 1942 3091 1997 καὶ
3137 1942 3409 2017 κάλαμον,
3441 1944 3532 1999 καὶ
3570 1944 3777 2020 χάλικα

2119 2036 2402 2103 κοιμᾶται,
2462 2030 2537 2092 ὡς
2598 2029 2650 2086 έν
2699 2035 2777 2103 τῷ
2824 2026 2945 2086 Ἰὼϐ
2992 2032 3115 2108 περὶ
3169 2030 3334 2088 αὐτοῦ
3384 2032 3616 2109 λέγεται.
3680 2035 3778 2089 Διᾶ

2121 2124 2283 2175 τοῦτο
2332 2121 2437 2195 γὰρ
2490 2120 2518 2174 6
2569 2119 2763 2196 Κύριος
2815 2120 3180 2198 ἐπτώχευσεν,
3208 2120 3301 2178 ἵνα
3329 2125 3495 2196 ἡμεῖς
3525 2127 3595 2197 τῇ
3627 2144 3778 2179 πτω-

2124 2208 2252 2283 χείᾳ
2298 2209 2413 2281 (48)
2460 2207 2625 2262 αὐτοῦ
2670 2206 3096 2283 πλουτήσωμεν,
3141 2210 3231 2266 καὶ
3281 2212 3310 2266 6
3359 2208 3620 2276 διάϐολος
3652 2212 3775 2289 έγυ-

2127 2298 2340 2370 μνώθη.
2392 2297 2489 2352 Καὶ
2535 2298 2598 2352 τὸ
2646 2295 2944 2370 παράδοξον
2996 2300 3087 2354 καί
3139 2299 3277 2376 μέγα
3306 2298 3597 2377 γενόμενον
3629 2302 3776 2376 έντῇ

2122 2384 2313 2440 κτίσει·
2375 2383 2649 2461 ἄνθρωποι
2713 2388 2807 2459 μὶν
2875 2389 2980 2462 γάρ
3038 2387 3356 2445 σπεύδουσιν
3416 2390 3777 2462 ἀποθνήσκειν

2125 2474 2418 2547 εὐχόμενοι
2450 2477 2550 2543 τήν
2581 2474 2874 2548 ἐπιδημίαν
2904 2484 3001 2532 τοῦ
3047 2485 3330 2554 Σωτῆρος·
3365 2482 3393 2534 6
3419 2478 3478 2536 δὲ
3535 2479 3776 2544 δείλαιος

2127 2560 2410 2633 διάϐολος,
2443 2564 2471 2617 6
2502 2563 2672 2619 πάλαι
2701 2570 2798 2619 τοῦ
2849 2566 3075 2629 θανάτου
3099 2569 3164 2623 τὸ
3210 2570 3409 2642 κράτος
3461 2568 3627 2645 ἔχων,
3683 2574 3777 2624 νῦν

2127 2647 2370 2729 φοϐεῖται
2415 2653 2506 2706 τὸν
2567 2653 2888 2728 ἐρχόμενον,
2948 2657 3037 2710 καὶ
3095 2660 3192 2725 τὴν
3247 2659 3423 2734 κρίσιν
3470 2661 3780 2728 καταπτήσ-

367 2773 468 2806 σει.
503 2748 634 2809 Οἵδε
660 2751 763 2825 γὰρ
791 2748 853 2802 τὸ
885 2743 1291 2818 ἡτοιμασμένον
1323 2743 1471 2814 αὐτῴ
1502 2747 1630 2817 πῦρ,
1660 2742 1748 2796 καὶ
1779 2747 1894 2803 τοῖς
1930 2738 2183 2817 ἀγγέλοις
2213 2741 2399 2798 αὐτοῦ.
2435 2742 2531 2795 Διὰ
2558 2748 2718 2797 τοῦτο
2748 2744 2849 2819 γὰρ
2870 2745 2957 2797 καὶ
2990 2745 3175 2820 ἐκρίθη
3212 2769 3316 2819 μου
3342 2750 3371 2802 6
3420 2748 3641 2823 Κύριος9
3689 2751 3779 2806 ἵνα

364 2843 516 2914 ἡμᾶς
544 2840 651 2893 ἀπὸ
670 2840 785 2912 (49)
813 2844 912 2905 τῆς
941 2833 1170 2911 κρίσεως
1202 2832 1538 2907 ἐλευθερώσῃ
1567 2834 1810 2885 κάκεῖνον
1841 2830 2151 2906 κατακρίνῃ.

433 2933 522 2985 30.
573 2934 853 2987 Caterum
912 2928 984 2982 de
1039 2926 1237 2981 divina
1291 2924 1624 2995 cognitione
1688 2924 1748 2978 in
1802 2939 2008 2979 omnes

2186 2921 2277 2977 30.
2313 2921 2442 2995 Περὶ
2501 2922 2603 2994 γὰρ
2652 2929 2754 2991 τῆς
2802 2924 3102 2998 γενομένης
3151 2925 3227 2987 εἰς
3257 2926 3460 2990 πάντας
3492 2934 3778 3005 πανταχοῦ

360 3021 579 3093 ubique
609 3017 997 3075 disseminata
1027 3013 1168 3087 quid
1197 3017 1287 3070 est
1316 3012 1471 3084 quod
1503 3011 1839 3084 loquamur,
1872 3027 2007 3066 cum

2133 3009 2437 3098 ὶεογνωσίας
2486 3009 2539 3063 τί
2587 3007 2670 3065 δεῖ
2716 3011 2804 3066 καὶ
2857 3012 3061 3088 λέγειν,
3109 3018 3216 3069 νῶν
3286 3018 3626 3091 γιγνομένων
3689 3020 3781 3098 ἀφ’

360 3127 454 3168 res
483 3113 660 3183 gestas
690 3124 760 3164 ex
789 3122 853 3161 se
881 3105 1060 3161 ﬁdem
1089 3101 1373 3158 habeant?
1388 3100 1563 3157 Nulla
1592 3100 1751 3157 enim
1784 3104 2012 3172 prater-

354 3198 402 3256 it
430 3199 575 3265 dies,
609 3212 726 3268 qua
755 3194 997 3266 quidam
1035 3191 1307 3248 homines
1352 3188 1510 3246 idola
1568 3206 1684 3245 non
1738 3189 2015 3244 deserant

2120 3098 2324 3153 ἑαυτῶν
2358 3097 2596 3172 ἐχόντων
2628 3100 2728 3168 τὴν
2763 3100 2939 3156 πίστιν
2968 3121 2981 3171 ;
3015 3102 3125 3158 Οὐκ
3155 3102 3389 3180 ἔστιγὰρ
3412 3105 3622 3183 ἡμέραν
3645 3097 3780 3184 παρ-

2123 3184 2320 3258 ελθεῖν,
2369 3186 2421 3241 έν
2472 3186 2510 3261 ᾖ
2560 3187 2651 3242 ὅτε
2687 3190 2754 3244 τὰ
2799 3190 2893 3263 μὶν
2929 3189 3134 3248 εἷ’δωλα
3163 3192 3226 3248 ού
3274 3193 3778 3269 καταλιμπάνουσιν

358 3287 744 3361 propriasque
772 3299 839 3339 ac
868 3286 1142 3354 paternas
1172 3278 1332 3351 leges
1362 3294 1477 3333 non
1509 3278 1891 3350 abnegent,ut
1940 3277 2012 3332 ad

2133 3275 2424 3349 ἅνθρωποι,
2473 3277 2564 3331 xui
2606 3277 2734 3340 τοὺς
2780 3277 2951 3342 ἰδίους
3002 3281 3092 3336 καὶ
3147 3283 3443 3359 πατρικοὺς
3492 3284 3780 3360 ἀρνοῦνται

360 3354 546 3435 beum
577 3354 938 3444 confugiant,
971 3386 1038 3426 ac
1067 3367 1284 3424 Christi
1333 3365 1494 3439 leges
1520 3366 1783 3438 accipere
1814 3371 2013 3437 postu-

2133 3364 2350 3438 νόμους,
2401 3366 2537 3441 πρὸς
2589 3364 2646 3421 δὲ
2692 3369 2819 3423 Θεὸν
2865 3354 3279 3448 καταφεύγουσιν,
3330 3374 3421 3428 xui
3462 3354 3589 3436 τοῦς
3646 3381 3784 3451 Χρι-

358 3467 484 3522 lent
514 3460 846 3519 incredibili
879 3457 1165 3515 miraculo
1212 3457 1272 3512 in
1324 3472 1460 3512 eum
1493 3457 1821 3513 credentes.
1872 3455 2019 3511 Nam

364 3554 467 3626 qui
502 3552 782 3607 hactenus
812 3547 1133 3604 idololatraa
1180 3547 1363 3615 fuere,
1395 3548 1570 3617 atque
1607 3543 1905 3601 Christum
1956 3548 2024 3599 ut

366 3643 669 3701 hominem
723 3638 1064 3697 calumniali
1096 3640 1257 3704 sunt,
1314 3652 1449 3692 eum
1507 3635 1804 3707 deinceps,
1848 3634 2023 3691 idolis

371 3732 699 3806 abnegatis,
736 3736 917 3785 Deum
937 3732 1262 3801 agnoscunt
1293 3743 1307 3782 :
1333 3729 1391 3782 et
1414 3741 1559 3796 quos
1588 3724 1647 3779 in
1694 3724 1868 3781 idolis
1907 3725 2021 3780 daa-

370 3839 580 3880 mones
611 3819 1094 3885 reformidabant,
1134 3816 1317 3887 ipsos,
1349 3815 1549 3887 agnito
1606 3813 1874 3880 Domino,
1929 3816 2024 3869 de-

370 3929 537 3968 mum
570 3912 873 3976 deserunt,
906 3911 1083 3978 atque
1112 3922 1181 3961 ex
1209 3903 1341 3960 aliis
1372 3902 1617 3975 pellunt:
1651 3918 1830 3975 quam
1858 3903 2020 3973 item,

367 3998 691 4056 idololatras
722 3998 864 4051 dum
896 3998 1114 4059 essent,
1133 3993 1493 4065 voluptatem
1527 3992 2023 4058 metuebant,eam

370 4089 432 4145 in
461 4088 689 4145 Christo
721 4084 1057 4158 despiciunt
1093 4099 1106 4139 :
1140 4085 1566 4155 peccatumque
1597 4098 1768 4153 aquo
1795 4080 2023 4153 pridem

370 4176 825 4250 superabantur,
857 4174 975 4244 jam
1012 4172 1180 4244 signo
1211 4171 1403 4227 crucis
1450 4170 1692 4226 vincunt
1740 4169 2026 4226 ludibrio-

372 4283 488 4339 que
518 4266 753 4321 habent.
789 4264 856 4319 Et
884 4278 1026 4319 sane
1055 4260 1451 4333 virginitatem
1484 4276 1660 4332 quam
1695 4259 1836 4315 olim
1894 4276 2026 4316 esse

373 4372 491 4411 non
522 4354 858 4420 credebant,
890 4351 1045 4423 quod
1076 4366 1194 4406 non
1243 4366 1416 4423 posse
1442 4352 1716 4421 putarent
1744 4349 2025 4405 virtutem

373 4442 717 4515 hujusmodi
747 4443 807 4498 in
837 4439 1183 4497 hominibus
1233 4438 1515 4512 reperiri;
1550 4439 1610 4493 in
1669 4438 2026 4495 Salvatorem

376 4537 580 4605 postea
607 4532 907 4588 credentes
937 4547 1007 4585 ex
1033 4527 1270 4601 Virgine
1301 4534 1528 4594 natum,
1563 4543 1677 4583 non
1708 4528 1881 4583 modo
1932 4544 2029 4583 ex-

375 4622 585 4678 sistere
633 4620 903 4686 credunt,
978 4618 1093 4673 imo
1137 4633 1272 4672 vero
1310 4616 1434 4694 ipsi
1484 4616 1748 4672 eamdem
1807 4615 2029 4687 colunt,

2129 3458 2258 3509 στοῦ
2311 3450 2605 3527 λαμϐάνειν
2655 3457 2855 3529 νόμους
2905 3457 3135 3529 ἀξιοῦσι,
3194 3459 3484 3536 παραδόξῳ
3549 3450 3784 3537 θαύματι

2127 3542 2471 3606 πιστεύοντες
2502 3543 2576 3605 εἰς
2606 3544 2785 3603 αὐτόν.
2816 3548 2935 3603 Ἔτι
2978 3548 3080 3625 γὰρ
3134 3548 3662 3627 είδωλολατροῦντες
3693 3554 3782 3608 καὶ

2131 3632 2208 3694 ὡς
2239 3628 2521 3707 ἄνθρωπον
2556 3629 2947 3698 διαϐάλλοντες
2979 3639 3065 3691 τὸν
3099 3639 3349 3714 Χριστὸν,
3389 3646 3582 3697 τοῦτον
3633 3641 3785 3698 ὕστεο

2132 3741 2227 3798 ρον
2262 3722 2388 3777 Θεὸν
2421 3724 2798 3798 γινώσκοντες,
2830 3725 3298 3800 καταλιμπάνουσι
3328 3729 3396 3785 τὰ
3420 3729 3644 3787 εἴδωλα·
3692 3733 3783 3787 καὶ

2131 3809 2223 3874 οὕς
2256 3807 2552 3888 ἐφοϐοῦντο
2586 3809 2848 3886 δαίμονας
2880 3814 2933 3870 έν
2964 3822 3083 3879 τοῖς
3111 3815 3367 3888 έδώλοις,
3397 3819 3623 3884 τούτους

2128 3900 2222 3955 τὸν
2274 3900 2469 3974 Κύριον
2516 3899 2827 3977 ἐπιγνόντες
2881 3903 3075 3960 λοιπὸν
3114 3906 3523 3981 καταλείπουσι,
3555 3910 3646 3964 καὶ
3676 3911 3784 3966 ἀπὸ

2132 3986 2318 4077 ὂίλλων
2343 3987 2629 4045 διώκουσι·
2667 3991 2757 4047 καί
2784 3995 2845 4062 ἣν
2873 3991 3400 4072 εἰδωλολατροῦντες
3426 3994 3629 4069 ἡδονὴν
3659 3999 3785 4077 ἐφοο

2131 4071 2350 4149 ϐοῦντο,
2378 4078 2578 4150 ταύτης
2616 4078 2669 4134 έν
2701 4086 2918 4157 Χριστῷ
2948 4071 3366 4161 καταφρονοῦσι,
3397 4087 3485 4142 καὶ
3525 4089 3623 4156 τήν
3653 4071 3777 4145 τότε

2131 4170 2361 4221 νικῶσαν
2393 4166 2588 4230 αὐτοὺς
2622 4169 2889 4242 ἁμαρτίαν
2923 4169 3041 4247 ἄρτι
3071 4178 3151 4246 τῷ
3177 4175 3397 4248 σημείῳ
3425 4181 3523 4231 τοῦ
3553 4183 3787 4253 σταυροῦ

2132 4260 2385 4318 νικῶντες
2452 4257 2727 4325 παίζουσι.
2782 4260 2883 4315 Καὶ
2940 4261 3044 4337 γὰρ
3104 4263 3454 4327 ἀπιστοῦντες
3514 4265 3666 4329 ὅλως
3721 4269 3795 4339 τῇ

2134 4344 2418 4418 παρθενίᾳ,
2467 4346 2557 4400 καὶ
2604 4343 2864 4402 ἀδύνατον
2918 4348 3048 4404 εἶναι
3106 4350 3355 4427 λέγοντες
3396 4353 3448 4409 έν
3483 4354 3802 4432 ἀνθρώποις

2134 4433 2336 4502 ταύτην
2396 4433 2729 4511 εὑρίσκεσθαι
2777 4438 2877 4507 τήν
2925 4439 3119 4512 ἀρετὴν
3172 4441 3551 4507 πιστεύσαντες
3612 4450 3694 4517 τῷ
3746 4445 3807 4501 lx

2138 4522 2408 4599 Παρθένου
2456 4530 2698 4601 Σωτῆρι,
2742 4525 2805 4580 οὐ
2836 4521 2999 4600 μόνον
3035 4528 3501 4607 ἐπιγινώσκουσιν,
3533 4532 3683 4590 ἀλλὰ
3712 4533 3804 4589 καὶ

2140 4610 2294 4667 αὐτοὶ
2340 4611 2541 4683 ταύτην
2587 4614 3028 4690 πολιτευόμενοι,
3090 4619 3440 4677 ἀπιστοῦνται
3488 4623 3634 4698 παρὰ
3682 4628 3802 4686 τοῖς

379 4711 535 4782 quod
567 4714 767 4765 tamen
798 4708 1017 4764 ethnici
1048 4706 1148 4778 qui
1180 4705 1374 4761 adhuc
1417 4705 1479 4760 in
1511 4705 1843 4762 idololatria
1902 4721 2021 4778 per-

2144 4699 2221 4757 ἔτι
2271 4699 2473 4793 ἔθνεσιν
2525 4699 2977 4781 εἰδωλολάτραις.
3041 4708 3164 4763 Ἐπὶ
3211 4709 3430 4773 τούτοις
3484 4708 3542 4765 δέ
3593 4709 3806 4788 ἤργησε

382 4798 889 4870 manent,credere
920 4795 1148 4853 nolunt.
1182 4795 1261 4850 Ad
1298 4794 1440 4862 haec,
1473 4795 1817 4867 omniajam
1866 4810 2039 4852 vene-

378 4888 524 4944 ﬁcia
554 4902 874 4955 cessavere,
896 4884 1091 4941 omnis
1106 4882 1299 4955 magia
1330 4884 1569 4955 abolita,
1603 4884 1877 4941 universa
1894 4887 2045 4939 Gm-

377 4994 580 5035 corum
620 4976 909 5032 infatuata
937 4972 1221 5045 sapientia
1248 4977 1357 5029 est.
1420 4974 1483 5029 In
1514 4974 1746 5045 ,divinis
1803 4974 2043 5045 quippe,

376 5085 496 5124 non
535 5065 749 5133 verbis,
773 5064 876 5120 sed
910 5063 1078 5118 factis
1110 5066 1199 5118 est
1228 5079 1397 5134 opus:
1420 5078 1609 5134 neque
1641 5061 2044 5135 pronuntiatio

378 5156 615 5230 linguis,
662 5154 766 5212 sed
800 5151 1010 5210 animm
1043 5150 1287 5207 aﬂ'eotus
1320 5152 1576 5223 prodest.
1629 5151 1809 5207 Graeci
1868 5151 2049 5223 igitur

374 5246 572 5305 verbis
626 5261 745 5301 non
776 5241 1110 5315 percipiunt
1138 5258 1205 5297 ea
1236 5257 1363 5313 quas
1395 5240 1509 5295 ﬁde
1538 5240 1855 5297 Christiani
1886 5240 2046 5296 exhi-

382 5336 612 5392 bentzet
651 5350 778 5406 quas
826 5331 1021 5389 verbis
1065 5329 1223 5403 magi
1263 5328 1701 5399 efficiunt,htsc,
1734 5329 2049 5386 silentibus

456 5508 614 5567 ‘Job
667 5523 794 5578 vm,
847 5509 934 5564 17.
995 5508 1019 5543 ⁴
1078 5505 1128 5562 ΙΙ
1176 5505 1307 5562 Cor.
1368 5520 1490 5574 νιιι,
1551 5503 1605 5559 9.

461 5679 577 5760 (48)
606 5677 844 5760 Regius
875 5679 942 5760 τῇ
973 5673 1471 5760 insomnem-

468 5746 557 5807 ’49
608 5746 744 5803 ’Λτῖό
775 5746 940 5806 deest
978 5749 1037 5804 in
1069 5746 1378 5805 Basiliensi
1408 5753 1465 5805 et
1496 5746 1836 5822 Anglicano.

463 5746 580 5908 (50)
608 5820 994 5898 Anglicanus,
1023 5818 1275 5882 τούτους.

608 5820 994 5898 Anglicanus,
1023 5818 1275 5882 τούτους.

560 5679 580 5899 l

2149 4796 2294 4846 πᾶσα
2352 4792 2446 4865 μὲν
2506 4795 2834 4871 φαρμακεία,
2897 4801 3039 4851 πᾶσα
3097 4795 3153 4852 δὲ
3202 4799 3401 4873 μαγεία
3432 4801 3801 4875 κατήργηται,

2151 4881 2240 4935 καὶ
2298 4886 2438 4936 πᾶσα
2492 4887 2600 4937 τῶν
2660 4882 2944 4955 Ἑλλήνων
2990 4887 3311 4962 μεμώραται
3342 4889 3521 4966 σοφία.
3559 4891 3640 4945 Ἐν
3698 4891 3801 4967 γὰρ

2150 4975 2268 5033 τοῖς
2327 4971 2494 5035 θείοις
2542 4975 2677 5045 (51),
2730 4972 2791 5028 οὐ
2844 4971 3050 5049 λόγων,
3102 4973 3228 5031 ἀλλ’
3268 4975 3442 5052 ἔργων
3477 4976 3588 5033 ἐστὶ
3621 4977 3804 5053 χρεία·

2152 5060 2242 5115 καὶ
2290 5059 2397 5137 οὐχ
2445 5062 2479 5130 ἡ
2530 5063 2782 5139 προφορὰ
2809 5070 2911 5133 τῆς
2939 5062 3220 5139 γλώττης,
3252 5063 3379 5121 ἀλλ’
3406 5068 3441 5135 ἡ
3485 5073 3589 5136 τῆς
3619 5069 3804 5142 ψυχῆς

2155 5146 2387 5211 διάθεσις
2419 5148 2642 5228 ὠφελεῖ.
2675 5152 2737 5205 0i
2771 5157 2899 5227 γοῦν
2934 5151 3200 5221 Ἕλληνες
3229 5153 3291 5209 οὐ
3329 5151 3806 5229 καταλαμϐάνουσι

2157 5237 2347 5313 λόγοις
2401 5243 2588 5310 ταῦτα,
2640 5240 2672 5295 ἃ
2720 5246 2789 5315 τῇ
2838 5242 3015 5299 πίστει
3046 5244 3359 5320 Χριστιανοὶ
3391 5242 3801 5301 ἐπιδείκνυνται·

2155 5327 2244 5384 καὶ
2276 5328 2308 5383 ἂ
2337 5328 2611 5407 ἐνεργοῦσι
2642 5326 2827 5408 λόγοις
2861 5333 2914 5386 οἱ
2947 5333 3135 5407 μάγοι,
3165 5330 3333 5389 ταῦτα
3361 5336 3496 5409 (52),
3554 5336 3811 5391 σιωπών-

2372 5677 2749 5752 Anglicanus,
2779 5683 2897 5742 τοῖς
2929 5682 3099 5745 θεοῖς.

2229 5748 2970 5829 (52),Ιη-Ᾰῃ81ἱσερο,ὴωσ,
3026 5755 3262 5810 ταῦτα...
3320 5752 3447 5829 περὶ
3494 5748 3811 5825 ἀθανασίας,

2153 5821 2387 5880 desunt.
2423 5821 2663 5882 Ibidém.
2691 5824 2935 5901 Regius,
2954 5821 3338 5903 καταργεῖται.
