4154 6394
344 474 462 534 239

1535 463 1601 527 S.
1649 463 2174 526 ATHANASIUS.
2199 497 2276 508 —
2306 458 2574 527 DUBIA.

3638 468 3760 532 240

337 602 839 674 tuo,inimicitiam
871 601 930 656 in
963 617 1137 656 carne
1169 597 1838 656 destruxisti.Ditissime
1868 597 1987 653 Sal-

2104 595 2192 665 ξας
2226 597 2371 667 ἡμᾶς
2418 599 2498 666 τῷ
2552 599 2746 649 σαυτοῦ
2801 597 2990 670 Πατρὶ,
3041 598 3139 665 τήν
3177 593 3378 673 ἔχρραν
3411 595 3462 652 ἐν
3493 600 3563 671 τῇ
3595 601 3757 675 σαρκὶ

341 703 505 752 vator
533 699 591 750 et
618 709 751 748 vere
775 694 965 758 rex,tu
995 705 1248 760 namque
1304 704 1525 760 pauper
1573 686 1830 754 fuisti,ut
1886 702 1992 741 nos

337 789 442 841 tua
465 785 808 856 paupertate
839 780 1366 846 ditesceremusﬁtu
1400 776 1569 831 nobis
1602 791 1846 847 regnum
1879 791 1986 829 cce-

336 873 530 930 lorum
551 870 799 944 largitus
811 868 1136 924 es.Creator
1156 871 1211 922 et
1228 865 1416 937 opifex
1437 863 1986 932 omnium,Verbum

338 963 618 1028 Patris,tu
671 975 775 1014 nos
833 959 1047 1013 iterum
1095 954 1550 1024 creasti,tuaque
1581 970 1789 1008 sumus
1820 953 1984 1024 opiﬁ-

337 1053 447 1119 cia,
480 1048 696 1106 conditi
729 1047 801 1102 ad
851 1047 1007 1102 bona
1055 1061 1248 1116 opera.
1287 1043 1432 1098 Vere
1490 1043 1588 1097 lux
1619 1046 1675 1098 et
1705 1042 1989 1113 splendor

333 1139 546 1207 Patris,
601 1147 658 1193 lu
719 1136 936 1208 quippe
962 1150 1070 1189 nos
1127 1133 1186 1188 in
1219 1131 1474 1188 tenebris
1503 1130 1834 1199 illustrasti,
1869 1146 1984 1186 non

332 1229 599 1285 videntes
653 1243 758 1282 nos
815 1226 887 1280 ad
948 1223 1140 1278 lucem
1197 1219 1510 1278 adduxisti.
1550 1220 1759 1275 Forma
1809 1223 1985 1290 atque

334 1319 531 1389 imago
582 1331 718 1371 vera
775 1313 986 1382 Patris,
1027 1317 1092 1367 tu
1149 1328 1258 1367 nos
1305 1310 1563 1382 perditos
1596 1309 1884 1374 formasti,
1929 1311 1988 1364 et

335 1407 655 1479 imaginem
687 1404 784 1458 Dei
815 1403 1026 1458 iterum
1079 1400 1406 1457 reddidisti.
1445 1401 1594 1454 Deus
1627 1400 1882 1454 Verbum
1931 1402 1989 1453 et

333 1513 468 1552 vere
495 1494 701 1559 vita,tu
735 1499 996 1547 mortuos
1023 1489 1325 1545 viviﬁcasti
1370 1505 1498 1555 nos,
1533 1491 1840 1559 corruptos
1898 1503 1986 1542 re-

337 1585 587 1654 novasti,
620 1583 870 1640 induens
927 1578 1382 1651 incorruptione.
1421 1578 1564 1633 Vere
1622 1578 1830 1642 virtus,
1861 1576 1989 1631 bra-

337 1675 539 1732 chium
571 1677 628 1730 et
657 1674 893 1729 dextera
922 1668 1200 1736 Patris,tu
1233 1667 1464 1723 dolores
1488 1666 1696 1722 mortis
1741 1664 1986 1732 solvisti,

338 1769 537 1837 portas
568 1779 746 1818 aereas
805 1764 862 1816 et
906 1763 1097 1815 vectes
1139 1757 1356 1813 ferreos
1389 1754 1748 1828 confregisti,
1783 1769 1990 1825 quem-

339 1853 660 1909 admodum
693 1850 775 1905 ait
793 1849 1112 1920 Scriptura.
1156 1847 1240 1902 Tu
1302 1846 1613 1901 draconem
1659 1846 1988 1914 serpentem

339 1941 661 2010 diabolum,
693 1939 869 1994 hamo
918 1934 1318 2007 circumegisti
1375 1931 1744 2002 humano,’in
1776 1935 1990 2004 tropazo

336 2031 547 2086 crucis.
582 2033 690 2084 Per
737 2033 793 2083 te
849 2033 1130 2097 tuamque
1160 2023 1419 2078 divinam
1453 2022 1750 2089 virtutem,
1784 2036 1990 2076 omnes

336 2135 472 2176 eum
505 2118 749 2180 calcant.
813 2131 1018 2171 omnes
1049 2114 1101 2169 ei
1131 2112 1410 2168 illudunt.
1447 2111 1527 2166 Te
1571 2110 1727 2165 enim
1760 2109 1808 2164 ei
1871 2108 1990 2180 pri-

338 2207 828 2273 mumilludente,
884 2203 1116 2258 initium
1163 2206 1447 2257 creatura
1479 2198 1708 2255 Domini
1769 2198 1988 2269 incepit

338 2311 487 2367 esse,
521 2295 764 2352 conditae
795 2294 867 2350 ad
893 2293 946 2349 ei
975 2291 1368 2346 illudendum.
1401 2290 1481 2344 Te
1512 2289 1679 2343 illum
1731 2292 1986 2359 proster-

341 2389 534 2454 nente,
566 2402 658 2441 res
689 2381 978 2439 mirabilis
999 2381 1125 2436 visa
1154 2379 1430 2435 omnibus
1463 2382 1570 2449 est,
1606 2381 1672 2432 ut
1702 2376 1985 2432 dicerent:

342 2496 372 2526 κ
401 2474 702 2541 Quomodo
752 2471 963 2527 cecidit
1010 2470 1082 2524 dc
1123 2468 1266 2524 cmlo
1336 2467 1586 2531 Lucifer,
1637 2465 1738 2536 qui
1816 2481 1990 2520 mane

337 2564 636 2620 oriebatur
656 2563 678 2596 θ
708 2561 736 2616 ‘I
768 2583 797 2611 »
825 2561 906 2616 Te
926 2558 1244 2630 accipiente
1274 2557 1347 2612 ab
1395 2555 1495 2611 illo
1532 2554 1988 2626 chirographum

338 2654 650 2709 adversum
681 2667 790 2706 nos
820 2651 1143 2713 exaratum,
1177 2647 1566 2718 afﬁgenteque
1621 2643 1767 2698 illud
1807 2642 1987 2711 cruci,

340 2741 594 2797 ludibrio
621 2738 792 2795 illum
823 2738 1040 2793 habent
1097 2734 1375 2801 universi,
1436 2733 1793 2788 dicenteszci
1842 2734 1992 2798 Quo-

345 2831 520 2886 modo
549 2828 798 2885 cessavit
826 2823 1305 2896 exactor,quievit
1334 2821 1685 2878 accelerator
1717 2824 1739 2876 i’
1767 2821 1986 2898 contri-

337 2920 420 2975 vit
446 2923 597 2974 Deus
617 2919 833 2989 jugum
857 2919 1248 2988 peccatorum.
1279 2911 1411 2968 Jam
1437 2911 1595 2966 enim
1627 2910 1678 2966 ei
1727 2910 1986 2966 subster-

340 3009 502 3064 nitur
533 3007 861 3079 putredo,et
890 3004 1322 3075 operimentum
1370 3001 1496 3071 ejus
1553 2999 1804 3055 efﬁcitur
1860 3016 1986 3055 ver-

335 3096 448 3154 mis
481 3096 545 3152 ¹⁰.
579 3118 608 3148 ››
639 3095 756 3151 Nec
786 3097 876 3151 est
904 3091 1055 3148 ultra
1085 3090 1186 3164 qui
1235 3091 1550 3146 draconem
1609 3089 1985 3158 reformidet;

337 3187 438 3242 sed
472 3190 549 3256 te,
583 3188 641 3240 et
670 3200 772 3255 per
799 3187 856 3238 te
885 3185 1117 3238 Patrem
1149 3181 1414 3236 odorant.

259 3303 267 3307 -
340 3272 551 3348 ἰτριψιν
587 3271 616 3326 ὁ
647 3270 776 3332 Θεὸς
807 3270 899 3323 τὸν
951 3268 1106 3344 ζυγὸν
1151 3271 1256 3322 τῶν
1296 3266 1662 3341 ἁμαρτωλῶν.
1716 3266 1919 3319 Λοιπὸν
1967 3265 2071 3342 γὰρ
2106 3266 2362 3322 ὑποκάτω
2393 3267 2556 3322 αὑτοῦ
2590 3269 2921 3344 στρώννυται
2979 3273 3166 3343 σῆψις,
3197 3270 3287 3326 καὶ
3319 3271 3380 3325 τὸ
3409 3270 3762 3345 κατακάλυμ,

348 3382 422 3434 μα
477 3363 590 3435 (64)
621 3359 784 3414 αὐτοῦ
814 3357 1016 3433 γίνεται
1047 3354 1290 3426 σκώληξ,
1319 3381 1341 3409 ι
1379 3355 1466 3410 καὶ
1494 3355 1689 3416 πάντες
1723 3353 1901 3409 οὐκετι
1948 3355 2038 3410 τὸν
2093 3352 2360 3430 δράκοντα
2391 3350 2704 3432 φοϐοῦνται,
2739 3356 2883 3414 ἀλλά
2912 3359 2991 3430 σὶ,
3022 3359 3111 3414 καὶ
3144 3357 3233 3416 διὰ
3263 3363 3358 3414 σοῦ
3414 3362 3505 3414 τὸν
3553 3359 3763 3437 Πατέρα

340 3452 754 3526 προσκυνοῦσιν.

2099 687 2466 759 κατήργησας.
2518 682 2753 739 Πλούσιε
2805 691 3003 761 Σωτὴρ
3054 691 3143 740 xui
3199 686 3425 756 ἀληθῶς
3501 688 3754 764 βασιλεῦ·

2100 772 2163 827 σὺ
2188 773 2291 848 γὰρ
2336 772 2702 848 ἐπτώχευσας,
2747 772 2839 828 ’ίνα
2883 778 2952 848 τῇ
3004 782 3072 845 σῆ
3105 776 3379 852 πτεωχείᾳ
3411 775 3745 849 πλουτήσω-

2103 882 2218 935 μεν·
2268 862 2328 916 σὺ
2373 862 2460 916 xui
2515 864 2612 930 τήν
2669 863 2944 939 βασιλείαν
2997 867 3131 938 ἡμῖν
3182 870 3290 920 τῶν
3349 866 3587 944 οὐρανῶν
3622 866 3751 943 ἐχα-

2099 952 2256 1028 ρίσω,
2306 952 2491 1006 κτίστα
2537 952 2625 1006 καὶ
2681 950 2990 1028 δημιουργὲ
3035 960 3145 1009 τῶν
3192 957 3432 1025 πάντων,
3485 956 3624 1033 Λόγε
3652 962 3752 1012 τοῦ

2101 1041 2326 1117 Πατρός·
2362 1041 2424 1095 σὺ
2454 1042 2554 1116 γὰρ
2589 1040 2751 1095 πάλιν
2783 1046 2931 1115 ἡμᾶς
2958 1043 3253 1116 ἀνέκτισας,
3305 1047 3392 1100 xui
3444 1067 3539 1100 σου
3583 1051 3751 1118 ποιή-

2101 1132 2242 1203 ματά
2272 1131 2452 1203 ἐσμεν,
2486 1134 2782 1194 κτισθέντες
2806 1132 2891 1186 ἐπὶ
2925 1130 3101 1209 ἔργοις
3143 1134 3385 1209 ἀγαθοῖς.
3438 1139 3564 1197 Φῶς
3611 1134 3756 1208 ἀλη-

2096 1221 2202 1281 θῶς
2252 1221 2342 1273 καὶ
2389 1219 2717 1295 ἀπαύγασμα
2764 1226 2860 1275 τοῦ
2914 1223 3144 1298 Πατρός·
3211 1223 3273 1277 σὺ
3341 1224 3442 1299 γὰρ
3493 1227 3640 1297 ἡμᾶς
3702 1224 3754 1278 ἐν

2097 1307 2276 1363 σκότει
2321 1307 2693 1382 κατέλαμψας,
2753 1311 2839 1364 καὶ
2896 1312 2969 1382 μὴ
3008 1310 3300 1387 βλὲπονται
3334 1315 3481 1385 ἡμᾶς
3515 1320 3593 1376 εἰς
3632 1319 3746 1392 φῶς

2097 1397 2324 1472 ἤγαγες.
2377 1399 2573 1474 Μορφὴ
2615 1397 2702 1452 καὶ
2738 1399 2895 1453 εἷ’κὼν
2929 1395 3100 1462 ὅντως
3131 1407 3229 1455 τοῦ
3264 1402 3494 1478 Πατρός⁹
3557 1402 3619 1456 σὺ
3648 1405 3751 1480 γάρ

2097 1489 2244 1558 ἡμᾶς
2275 1484 2694 1549 ἀπολλυμένους
2745 1491 2858 1561 (60)
2906 1487 3256 1568 ἐμόρφωσας,
3305 1491 3394 1546 καὶ
3427 1490 3591 1547 πάλιν
3621 1492 3752 1568 ἐχα-

2100 1575 2234 1651 ρίσω
2281 1575 2344 1630 τὸ
2397 1577 2513 1630 κατ’
2562 1575 2760 1634 εἰκόνα.
2813 1579 2907 1633 Θεέ
2956 1578 3094 1656 ⁸Χόγε
3122 1581 3212 1634 καὶ
3244 1579 3465 1650 ἀληθῶς
3493 1584 3627 1652 ζωήο
3689 1582 3753 1638 σὺ

2097 1665 2198 1740 γάρ
2248 1665 2615 1729 ἀποθανόντας
2674 1666 3073 1738 ὲζωοποίησας,
3132 1671 3221 1724 xui
3282 1670 3574 1746 φθαρέντας
3625 1671 3750 1727 ἀνε-

2097 1755 2363 1824 καίνισας,
2413 1752 2635 1817 ἐνδύσας
2682 1757 2780 1823 τήν
2828 1757 3141 1834 ἀφθαρσίαν.
3204 1757 3446 1832 Δύναμις
3503 1759 3748 1832 ἀληθῶς,

2099 1843 2189 1898 καὶ
2242 1843 2511 1919 βραχίων,
2557 1843 2647 1898 καὶ
2695 1841 2839 1915 δεξιά
2893 1850 2990 1900 τοῦ
3039 1847 3269 1922 Πατρός’
3305 1847 3366 1902 σὺ
3401 1849 3504 1924 γὰρ
3533 1849 3748 1912 καὶτὰς

2102 1928 2298 1994 ὠδῖνας
2330 1929 2523 1995 ἔλυσας
2552 1937 2650 1988 τοῦ
2681 1935 2930 2004 θανάτου,
2961 1934 3122 2010 θύρας
3152 1934 3364 2012 χαλκᾶς
3387 1937 3474 1991 καὶ
3501 1935 3750 2013 μοχλοὺς

2100 2016 2359 2096 σιδηροῦς
2408 2022 2687 2091 κατέαξας,
2737 2023 2810 2084 ὡς
2862 2025 2896 2092 ἡ
2943 2025 3126 2100 Γραφὴ
3179 2023 3345 2100 λέγει.
3381 2025 3456 2079 Σὺ
3513 2027 3602 2080 xui
3659 2028 3748 2082 τὸν

2102 2107 2368 2183 δράκοντα
2417 2114 2549 2182 (61),
2599 2113 2691 2165 τὸν
2733 2107 2878 2189 ὅφιν,
2906 2113 2996 2168 τὸν
3033 2108 3314 2184 διάϐολον,
3349 2113 3399 2169 ἐν
3428 2115 3752 2189 ἀνθρωπίνῳ

2097 2199 2368 2275 ἀγκίστρῳ
2416 2201 2741 2276 περιήγαγες
2787 2199 2837 2254 ἐν
2893 2207 2972 2274 τῷ
3044 2203 3289 2276 τροπαίῳ
3344 2208 3441 2258 τοῦ
3497 2210 3746 2280 σταυροῦ.

2099 2287 2195 2342 Διά
2247 2288 2303 2342 σὲ
2349 2286 2438 2341 xui
2483 2290 2583 2357 τήν
2627 2291 2723 2357 σὴν
2786 2290 2930 2354 θείαν
3001 2288 3349 2368 ἀνδραγαθίαν
3405 2294 3598 2356 πάντες
3659 2295 3754 2368 μὲν

2096 2376 2256 2432 αὐτὸν
2307 2381 2555 2444 πατοῦσι,
2606 2379 2799 2440 πάντες
2849 2377 2905 2434 δὲ
2951 2379 3115 2436 αὐτοῦ
3163 2382 3573 2451 καταπαίζουσι.
3645 2388 3753 2438 Σοῦ

2096 2467 2197 2541 γὰρ
2229 2467 2449 2540 πρώτου
2481 2467 2764 2539 παίξαντος
2799 2468 2874 2530 εἰς
2907 2469 3092 2538 αὐτὸν,
3139 2469 3321 2546 γέγονε
3352 2470 3546 2526 λοιπὸν
3602 2473 3750 2549 ἀρχὴ

2097 2555 2419 2627 πλάσματος
2474 2556 2692 2630 Κυρίου,
2747 2560 3122 2630 πεποιημένου
3181 2557 3255 2621 εἷς
3310 2561 3372 2614 τὸ
3428 2561 3755 2632 καταπαίζε-

2098 2645 2240 2700 σθαι.
2295 2643 2390 2698 Καὶ
2442 2642 2536 2698 σοῦ
2583 2647 2774 2700 τοῦτον
2808 2643 3211 2709 καταϐαλόντος
3245 2651 3381 2723 (62),
3411 2652 3596 2727 γέγονε
3625 2657 3755 2705 πᾶσι

2097 2734 2296 2805 θαῦμα,
2330 2731 2467 2788 ὥστε
2496 2734 2585 2788 καὶ
2616 2733 2810 2811 λέγειν’
2841 2761 2868 2787 α
2910 2741 3030 2798 Πῶς
3064 2736 3302 2810 ἐξέπεσεν
3336 2737 3395 2793 ἐκ
3440 2745 3536 2794 τοῦ
3591 2739 3753 2815 ούρα-

2095 2826 2193 2875 νοῦ
2225 2823 2252 2875 ὁ
2279 2818 2590 2900 Ἐωσφόρος
2622 2825 2649 2878 ὁ
2681 2825 2828 2900 πρωὶ
2859 2824 3169 2880 ἀνατέλλων
3201 2845 3213 2893 ;
3253 2827 3400 2880 »Καὶ
3430 2831 3526 2881 σοῦ
3556 2823 3750 2881 λαϐόν-

2095 2931 2188 2972 τος
2217 2912 2345 2982 παρ⁷
2377 2911 2537 2966 αὐτοῦ
2568 2912 2630 2966 τὸ
2661 2915 2775 2966 καθ’
2807 2915 2967 2986 ἡμῶν
3001 2914 3392 2992 χειρόγραφον,
3442 2914 3530 2968 καὶ
3579 2935 3750 2990 προσ-

2099 2998 2418 3069 ηλώσαντος
2469 3000 2598 3055 αὐτὸ
2646 3006 2722 3074 τῷ
2765 3008 3000 3078 σταυρῷ,
3051 3002 3239 3065 πάντες
3277 3005 3393 3058 κατ’
3440 3002 3604 3058 αὐτοῦ
3654 3026 3754 3058 κα-

2101 3094 2496 3162 τακερτομοῦσι
2545 3093 2658 3159 (63)
2718 3088 2992 3160 λέγοντες·
3046 3117 3073 3143 ‹‹
3135 3097 3256 3155 Πῶς
3308 3093 3670 3148 ἀναπέπαυται
3730 3094 3758 3148 ὁ

2102 3177 2386 3246 ἀπαιτῶν;
2455 3178 2546 3232 καὶ
2596 3178 2958 3234 ἀναπέπαυται
3018 3182 3046 3236 ὁ
3105 3178 3577 3252 ἐπισπουδαστήςς
3640 3203 3761 3236 συν-

415 3541 504 3597 32.
537 3539 626 3596 Sic
657 3553 970 3609 resurgens
999 3535 1304 3603 Dominus,
1331 3533 1531 3590 statim
1564 3533 1737 3589 morti
1784 3532 1987 3603 illusit,

2176 3536 2265 3590 32.
2298 3532 2453 3589 Οῦτω
2488 3535 2582 3608 μὲν
2616 3535 2706 3590 οὗν
2731 3535 2758 3589 ὁ
2794 3535 2987 3607 Κύριος
3019 3535 3320 3609 ἐξαναστὰς,
3352 3539 3567 3613 ταχέως
3593 3538 3754 3594 κατί-

348 3645 570 3702 nosque
599 3629 674 3685 ab
696 3643 766 3683 ea
796 3624 1277 3682 liberavitJudzsi
1302 3627 1497 3679 autem
1521 3640 1592 3678 ne
1621 3623 1736 3680 ista
1755 3624 1991 3694 quidem

338 3721 602 3776 videntes
661 3716 883 3788 pudore
941 3719 1080 3769 sunt
1137 3713 1347 3780 affecti,
1395 3712 1733 3783 ignorantes
1767 3728 1829 3767 se
1883 3712 1994 3768 ista

337 3811 540 3865 contra
570 3804 932 3862 Salvatorem
965 3819 1164 3869 ausos,
1212 3801 1523 3858 adversum
1581 3816 1709 3858 sese
1739 3816 1806 3856 ea
1864 3800 1995 3872 ipsa

335 3897 548 3953 moliri.
608 3895 735 3951 Non
783 3892 1064 3948 videbant
1118 3890 1336 3962 quippe
1402 3907 1465 3946 se
1513 3889 1829 3945 Dominum
1887 3890 1982 3945 81

331 3985 638 4049 tradendo,
674 3980 1054 4038 traditionem
1108 3977 1441 4034 Jerusalem
1499 3995 1835 4050 provocare,
1902 3978 1990 4034 di-

334 4080 498 4132 cente
527 4071 819 4128 Hieremia
840 4068 1524 4141 prophetazuTraditione
1542 4068 1805 4124 tradetur
1822 4068 1988 4124 Jeru-

336 4163 519 4220 salem
540 4161 599 4216 in
623 4157 1382 4216 manusNabuchodonosor
1399 4156 1549 4230 regis
1562 4157 1987 4230 Babylonis“.»

339 4257 540 4324 Neque
569 4251 950 4305 advertebant
996 4247 1260 4302 nolentes
1308 4246 1554 4302 Domino
1597 4247 1832 4314 servire,
1860 4263 1992 4302 sese

340 4339 573 4396 diabolo
601 4339 660 4394 in
693 4353 890 4394 servos
941 4335 1249 4404 subjicere,
1272 4334 1502 4407 ipsique
1551 4335 1885 4391 ministrare
1915 4335 1987 4390 ad

339 4428 587 4485 insidias
610 4429 891 4482 adversus
948 4424 1269 4480 Christum.
1330 4423 1680 4497 lgnorabant
1708 4424 1863 4479 enim
1927 4441 1989 4480 se

337 4517 660 4573 Barabbam
693 4513 1064 4588 postulando,
1086 4516 1260 4583 atque
1291 4513 1598 4568 Dominum
1647 4513 1986 4582 occidendo,

337 4607 614 4663 Barabbaa
637 4603 815 4660 vitam
864 4607 1097 4658 acturos
1127 4617 1274 4669 esse,
1330 4616 1623 4671 omneque
1679 4600 1988 4656 seditionis

336 4696 630 4766 credisque
659 4709 846 4765 genus
881 4691 1035 4761 apud
1068 4706 1130 4745 se
1163 4689 1500 4761 augendum
1535 4693 1859 4761 fore,atque
1894 4706 1986 4745 re-

332 4785 577 4858 pudiare
605 4799 667 4838 se
694 4781 885 4836 lucem
915 4785 973 4836 et
997 4778 1388 4845 veritatem,et
1417 4777 1700 4850 quidquid
1734 4785 1826 4836 est
1874 4779 1986 4834 Do-

333 4875 628 4944 minus,ut
660 4873 741 4926 ait
784 4869 967 4925 Isaias
1002 4884 1014 4926 :
1070 4891 1097 4917 «
1132 4869 1273 4924 Ecce
1322 4867 1655 4924 dominator
1706 4869 1986 4924 Dominus

328 4962 605 5031 Sabaoth,
639 4960 863 5016 auferet
893 4975 927 5014 a
953 4957 1183 5024 Judaea,
1209 4962 1265 5012 et
1287 4975 1319 5012 a
1347 4957 1696 5023 Jerusalem,
1721 4956 1981 5013 validum

331 5058 389 5108 et
419 5050 696 5113 validam,
727 5048 907 5102 robur
958 5045 1126 5117 panis
1174 5049 1229 5098 et
1259 5045 1438 5100 robur
1467 5061 1650 5116 aquae,
1684 5045 1985 5116 gigantem

333 5146 389 5198 et
415 5141 646 5209 fortem,
676 5135 1005 5209 principem
1037 5138 1096 5189 et
1125 5132 1489 5194 bellatorem,
1542 5139 1599 5188 et
1621 5133 1883 5203 judicem
1932 5137 1989 5188 et

334 5229 677 5303 prophetam
709 5229 766 5282 et
795 5221 1044 5281 ariolum
1075 5225 1131 5278 et
1161 5238 1383 5293 senem,
1416 5221 1987 5294 quinquagenarium

403 5421 514 5478 Isa.
587 5434 702 5474 ιιν.
780 5414 946 5472 12.¹⁰
1021 5411 1193 5480 lbid.,
1266 5411 1323 5482 5,
1399 5411 1454 5479 4,
1532 5412 1620 5466 11.

427 5592 518 5662 60)
549 5587 788 5662 Regius,
819 5581 1264 5662 ἀπολλομὲνους.

426 5653 518 5735 61)
543 5653 1140 5735 Τὸννμδράκονταοᾴςιρει
1169 5654 1228 5709 in
1261 5653 1609 5726 Anglicano.

427 5593 497 5647 60
549 5592 788 5662 Regius,
819 5592 1264 5656 ἀπολλομὲνους.

405 5592 518 5808 ίὸίέ
543 5662 641 5716 Τὸν
675 5657 946 5735 δράκοντα
977 5657 1140 5712 deest
1169 5654 1228 5709 in
1261 5690 1270 5710 Α

397 5737 490 5809 (62
543 5732 781 5809 βθεῇιιε,
812 5722 1270 5809 καταϐάλλοντος.

399 5799 512 5883 (63)
543 5799 784 5880 Regius,
815 5819 975 5878 κιρτο
984 5799 1143 5872 μοῦσι
1160 5838 1173 5854 .

2101 3622 2255 3692 παιξι
2299 3627 2397 3678 τοῦ
2447 3625 2697 3695 θανάτου,
2748 3624 2837 3678 καὶ
2895 3627 3043 3698 ἡμᾶς
3086 3625 3456 3701 ἠλευθέρωσεν
3517 3628 3605 3681 ἀπ’
3664 3627 3753 3680 αὖ·

2100 3716 2218 3767 τοῦ.
2271 3710 2524 3769 Ἰουδαῖοι
2577 3710 2654 3785 δὲ,
2703 3711 2829 3768 οὐδὲ
2877 3713 3043 3769 ταῦτα
3076 3712 3394 3789 βλέποντες,
3425 3715 3750 3792 ᾐσχύνοντο,

2101 3799 2246 3855 ἀλλὰ
2273 3801 2361 3855 xui
2412 3801 2644 3878 ἠγνόουν
2694 3801 3012 3875 τολμῶντες
3062 3805 3197 3858 κατά
3225 3808 3323 3859 τοῦ
3358 3811 3641 3879 Σωτῆρος,
3671 3804 3754 3860 ὅτι

2099 3891 2218 3943 καθ’
2293 3891 2492 3945 ἑαυτῶν
2572 3890 2889 3965 ἐπεχείρουν
2948 3896 3134 3948 ταῦτα.
3195 3893 3305 3948 Οὐκ
3361 3889 3591 3950 ἔϐλεπον
3650 3894 3754 3969 γὰρ

2100 3976 2489 4054 παραδιδόντες
2530 3980 2622 4035 τὸν
2673 3980 2892 4055 Κύριον,
2944 3980 3026 4036 ὅτι
3084 3982 3183 4050 τήν
3235 3989 3337 4053 τῆς
3392 3982 3754 4059 Ἰερουσαλὴμ

2099 4065 2394 4143 παράδοσιν
2442 4069 2872 4145 προκαλοῦνται,
2927 4069 3184 4145 λέγοντος
3224 4076 3320 4126 τοῦ
3346 4075 3636 4149 προφήτου
3669 4075 3759 4129 Ἰιο

2101 4156 2313 4230 ρεμίου’
2371 4183 2399 4210 ‹‹
2450 4156 2862 4233 Παραδιδομένη
2913 4157 3349 4232 παραδοθήσεται
3393 4160 3757 4237 Ἰερουσαλὴμ

2100 4244 2174 4306 εἲς
2207 4251 2398 4321 χεῖρας
2451 4242 2956 4324 Ναϐουχοδονόσωρ
3012 4248 3282 4324 βασιλέως
3346 4245 3690 4312 Βαϐυλῶνος.
3726 4273 3754 4301 ››

2099 4333 2196 4387 Καὶ
2249 4335 2349 4389 οὐκ
2392 4331 2649 4402 ἔϐλεπον,
2704 4334 2808 4406 ὅτι,
2846 4337 2920 4409 μὴ
2957 4336 3204 4400 θέλοντες
3235 4335 3512 4393 δουλεύειν
3540 4344 3618 4410 τῷ
3650 4345 3750 4393 Κυ-

2100 4421 2222 4496 ρίῳ,
2277 4417 2587 4478 ὑπέϐαλλον
2643 4423 2864 4486 ἑαυτοὺς
2926 4430 3006 4498 τῷ
3057 4421 3302 4499 διαϐόλῳ
3352 4424 3607 4496 δούλους,
3665 4425 3754 4482 καὶ

2099 4510 2405 4585 ὑπηρέτουν
2451 4511 2598 4584 αύτῷ
2649 4512 2725 4576 εἷς
2771 4515 2868 4582 τὴν
2919 4515 3053 4570 κατά
3081 4520 3178 4570 τοῦ
3212 4522 3492 4593 Σωτῆρος,
3527 4511 3756 4570 ἐπιϐου-

2099 4597 2225 4667 λήν.
2261 4599 2511 4676 Ἠγνόουν
2537 4601 2637 4677 γὰρ
2675 4602 2766 4656 τὸν
2802 4598 3086 4677 Βαραϐϐᾶν
3144 4600 3486 4677 αἷτούμενοι,
3544 4605 3633 4658 καί
3664 4606 3756 4659 τὸν

2099 4687 2291 4764 Κύριον
2325 4689 2747 4760 ἀποκτείνοντες,
2782 4692 2863 4746 ὅτι
2895 4691 2986 4746 τὸν
3024 4693 3118 4765 μὲν
3167 4691 3284 4768 βίον
3323 4694 3610 4767 βιώσονται
3661 4697 3757 4747 τοῦ

2097 4771 2375 4852 Βαραϐϐἆ,
2431 4779 2520 4832 xui
2580 4786 2723 4834 πᾶσα
2768 4779 2948 4838 στάσις
3004 4782 3093 4836 xui
3153 4781 3313 4858 φόνος
3389 4789 3513 4859 παρ’
3570 4782 3759 4843 αὐτοῖς

2096 4865 2333 4936 αύξήσιι’
2388 4863 2727 4923 ἀποϐαλοῦσι
2762 4867 2818 4924 δὲ
2848 4871 2936 4947 ἀφ’
2967 4871 3169 4925 ἱαυτῶν
3217 4872 3278 4926 τὸ
3329 4875 3444 4948 φῶς
3503 4872 3593 4926 καὶ
3657 4872 3754 4940 τήν

2095 4955 2378 5026 ἀλήθειαν,
2410 4958 2499 5012 xui
2533 4960 2700 5012 πάντα
2729 4958 2826 5014 ὅσα
2857 4959 2996 5014 ἐστὶν
3027 4960 3054 5014 ό
3090 4959 3308 5034 Κύριος,
3345 4961 3418 5022 ὡς
3463 4963 3491 5016 ὁ
3539 4959 3758 5024 Ἠσαίας

2099 5043 2264 5120 λὲγει⁴
2319 5071 2345 5096 ‹‹
2398 5044 2538 5102 Ἰδοὺ
2589 5044 2655 5114 δὴ
2688 5048 2715 5100 ὁ
2749 5045 3013 5118 δεσπότης
3050 5049 3242 5124 Κύριος
3278 5045 3533 5117 Σαϐαὼθ,
3565 5047 3760 5124 ἀφελεῖ

2099 5133 2205 5188 ἀπὸ
2234 5141 2334 5204 τῆς
2367 5132 2628 5198 Ἰουδαίας
2673 5135 2761 5191 xui
2797 5134 2899 5192 ἅπὸ
2947 5137 3312 5212 Ἰερουσαλὴμ
3343 5137 3609 5212 ἰσχύοντα
3666 5137 3756 5191 καὶ

2101 5221 2419 5298 ἰσχύουσαν,
2482 5225 2638 5300 ἰσχὺν
2697 5225 2863 5302 ἃρτου
2921 5227 3009 5282 καὶ
3067 5226 3224 5302 ἰσχὺν
3265 5224 3479 5298 ὕδατος,
3538 5226 3759 5303 γίγαντα

1698 5412 1740 5448 ¹¹
1772 5411 1988 5469 Jerem.
2019 5430 2197 5484 χχιιι,
2273 5416 2328 5470 4.

2305 5586 2668 5670 Basiliensis,
2727 5584 3061 5670 miluum.)
3100 5591 3338 5666 Regius,
3391 5591 3760 5670 κατάλυμμᾳ.

2100 5657 2640 5802 .κατάλυμα,
2691 5661 2794 5717 sed
2853 5657 3352 5736 legendum'cum
3385 5663 3463 5737 0',
3515 5657 3757 5718 κατακάο
