4154 6374
436 369 548 429 241

1486 363 1588 425 DE
1631 363 2020 427 PASSIONE
2063 366 2164 429 ET
2210 368 2461 430 CRUCE
2504 372 2803 433 DOMINI.

3741 384 3863 444 242

430 500 524 556 καὶ
559 496 843 573 ἰσχύοντα,
875 495 965 549 καὶ
998 491 1235 571 ἄρχοντα
1281 493 1643 568 πολεμιστὴν,
1675 496 1764 552 καὶ
1815 495 2059 567 δικαστὴκ

2172 556 2181 566 _
2210 504 2268 556 et
2297 501 2703 559 admirabilem
2736 507 3160 579 consiliarium,
3185 516 3243 568 et
3263 513 3589 585 sapientem
3618 514 3863 570 archite-

435 591 524 647 καὶ
575 588 896 666 προφήτην,
926 586 1017 641 καὶ
1072 586 1404 661 στοχαστὴν,
1434 586 1524 640 καὶ
1576 582 1960 662 πρεσϐύτερον,
2009 586 2098 642 καὶ

431 678 933 751 πεντηκόνταρχον,
980 676 1068 729 καὶ
1117 676 1421 747 θαυμαστὸν
1473 672 1809 748 σύμϐουλον,
1866 676 1955 731 καὶ
2002 699 2097 732 σο-

434 772 530 847 φὸν
591 766 978 843 ἀρχιτέκτονα,
1028 764 1117 819 καὶ
1185 765 1401 819 συνετὸν
1477 766 1763 840 ἀκροατήν.
1818 766 1917 820 Καὶ
1976 765 2095 822 ἐπι-

432 860 619 929 στήσω
678 854 989 916 νεανίσκους
1046 852 1312 929 ἄρχοντας
1387 854 1583 921 αὐτῶν,
1632 857 1720 909 καὶ
1801 854 2093 928 ἐμπαῖκται

430 946 806 1023 κυριεύσουσιν
858 941 1053 998 αὐτῶν.
1110 964 1130 991 ι
1180 943 1489 1011 Ἑνέπαιζον
1534 943 1635 1019 γὰρ
1687 944 1736 997 οἱ
1778 942 1959 999 ἄθλιοι
2016 949 2095 1016 τῷ

430 1035 639 1109 Κυρίῳ,
668 1033 757 1088 καὶ
791 1030 890 1086 οὐκ
936 1025 1191 1096 ἔϐλεπον,
1229 1029 1310 1084 ὅτι
1360 1032 1423 1085 τὸ
1467 1031 1808 1109 προφητικὸν
1855 1034 1971 1087 κατ’
1999 1033 2091 1087 αύ-

429 1128 538 1180 τῶν
572 1120 882 1197 ἐπληροῦτο
917 1118 1082 1193 ῥητὸν
1112 1119 1175 1173 τὸ
1212 1118 1396 1194 λέγονο
1430 1144 1457 1171 ‹‹
1493 1122 1824 1193 Ἐμπαῖκται
1875 1120 2090 1197 κυριεύ-

436 1235 617 1268 σουσιν
667 1210 857 1266 αὐτῶν.
920 1231 942 1261 ι
997 1213 1166 1262 Τοῦτο
1216 1210 1316 1284 γὰρ
1367 1209 1476 1265 ἐστι
1526 1210 1589 1264 τὸ
1639 1208 1941 1285 παράδοξον
1993 1214 2090 1265 τοῦ

434 1308 712 1375 Σωτῆρος,
774 1296 855 1353 ὅτι
917 1296 1315 1371 σταυρούμενος
1376 1296 1584 1373 ἔπασχε
1641 1298 1734 1371 μὲν
1809 1300 1939 1374 ὑπὲρ
1988 1306 2088 1368 τῆς

426 1387 864 1465 ἀνθρωπότητος,
914 1385 1201 1457 κατέπαιξε
1250 1384 1307 1441 δὲ
1355 1392 1452 1442 τοῦ
1503 1389 1755 1457 Θανάτου,
1815 1389 1906 1442 καὶ
1952 1390 2087 1443 κατὰ

422 1476 701 1535 Ἰουδαίων
738 1475 1050 1553 ἐπληροῦτο
1100 1477 1165 1532 τὰ
1206 1477 1573 1552 γεγραμμένα.
1606 1478 1729 1534 ’Ότι
1779 1475 1837 1531 δὲ
1883 1477 1973 1531 καὶ
2022 1479 2085 1532 τὸ

420 1572 535 1645 φῶς
584 1565 862 1644 ἀφῄρηται
921 1566 1011 1619 ἀπ’
1064 1566 1261 1639 αὐτῶν,
1294 1567 1596 1642 γέγραπται
1647 1565 1699 1621 ἐν
1746 1567 1826 1639 τῷ
1856 1566 2086 1642 Ἱερεμίᾳ

418 1655 614 1719 οὕτως·
661 1679 689 1707 ‹‹
741 1660 797 1711 '0
855 1654 1032 1730 Λόγος
1093 1655 1120 1709 ὁ
1182 1654 1474 1729 γενόμενος
1533 1656 1619 1710 ἐπὶ
1676 1655 1938 1732 Ἰερεμίαν
1990 1654 2083 1710 ἐπὶ

410 1744 587 1801 πάντα
648 1746 739 1800 τὸν
829 1742 959 1800 λαὸν
1021 1740 1216 1801 Ἰούδα.
1283 1768 1311 1795 ››
1372 1745 1500 1799 Εἶτα
1577 1745 1815 1823 ἐπιφέρει
1882 1742 2075 1822 λέγων·

419 1858 447 1887 ‹‹
479 1835 694 1913 Ἀφελῶ
751 1834 842 1888 ἀπ’
882 1833 1059 1888 αὐτῶν
1109 1835 1293 1911 φωνὴν
1345 1833 1703 1911 εὐφροσύνης,
1754 1835 1843 1889 καὶ
1895 1836 2077 1910 φωνὴν

417 1930 616 2000 χαρᾶς,
672 1924 858 2002 φωνὴν
912 1922 1147 2001 νυμφίου
1201 1922 1292 1977 καὶ
1351 1924 1535 2000 φωνὴν
1598 1925 1841 2001 νύμφης,
1893 1922 2068 1997 ὀσμὴν

418 2012 590 2088 μύρου
637 2011 725 2068 καὶ
775 2016 888 2089 φῶς
949 2010 1173 2089 λύχνου.
1227 2035 1254 2063 ››
1298 2011 1522 2085 Ἀμέλει
1582 2009 1903 2088 παρεδίδουν
1951 2016 2071 2075 τοῖς

411 2099 581 2159 ἔθνεσι
635 2104 725 2157 τὸν
780 2100 997 2175 Κύριον,
1050 2101 1139 2156 καὶ
1187 2102 1285 2157 οὐκ
1332 2098 1570 2175 ᾔδεισαν,
1621 2100 1748 2157 ἀλλ’
1796 2101 2069 2180 ἐτύφλωτ-

403 2213 516 2263 τον,
558 2190 641 2247 ὅτι
692 2191 846 2247 αὐτοὶ
907 2190 969 2245 οὗ
1026 2192 1161 2263 μετά
1208 2191 1352 2247 πολὺ
1406 2194 1792 2264 μιανθήσονται
1847 2191 1897 2246 ἐν
1947 2198 2064 2255 τοῖς

404 2278 575 2346 ἔθνεσι
627 2280 717 2335 καὶ
769 2280 849 2343 εἷς
898 2282 995 2350 τήν
1046 2279 1423 2356 κληρονομίαν
1463 2280 1637 2335 αὐτῶν
1670 2280 2064 2337 εἰσελεύσονται

400 2372 517 2426 κατ’
547 2370 720 2427 αὐτῶν
770 2371 836 2425 τὰ
888 2366 1035 2439 ἔθνη,
1065 2371 1307 2447 καθάπερ
1352 2370 1671 2447 γὲγραπται·
1726 2394 1753 2426 ει
1797 2370 1859 2428 Ὁ
1908 2372 2059 2441 Θεὸς,

401 2458 723 2530 εἷσῆλθοσαν
785 2456 911 2529 ἔθνη
965 2459 1041 2521 εἰς
1086 2461 1185 2528 την
1238 2458 1615 2537 κληρονομίαν
1667 2480 1783 2527 σου,
1840 2459 2056 2533 ἐμίαινον

402 2548 495 2604 τὸν
530 2548 653 2602 ναὸν
687 2549 775 2603 τὸν
810 2547 964 2623 ἅγιόν
998 2569 1113 2617 σου,
1140 2544 1316 2603 ἔθεντο
1346 2550 1709 2623 Ἰερουσαλὴμ
1739 2547 1814 2611 εἷς
1850 2548 2060 2624 ὀπωρο-

406 2635 692 2715 φυλάκιον.
730 2663 755 2687 ››
804 2638 1156 2715 Ἀρνούμενοι
1199 2637 1291 2692 τὸν
1352 2636 1545 2712 Κύριον
1599 2633 1744 2713 ἔχειν
1809 2636 2054 2713 βασιλέα,

406 2727 643 2800 ἠγνόουν
700 2725 1103 2800 περισχόμενοι
1169 2733 1268 2795 τῆς
1330 2720 1623 2795 Δαϐιτικῆς
1866 2729 2051 2799 τιμῆς.

404 2816 567 2887 Αύτῷ
597 2818 699 2891 γὰρ
750 2817 998 2871 ἀπέκειτο
1035 2820 1133 2870 τοῦ
1182 2810 1346 2870 Δαϐὶδ
1376 2818 1410 2885 ἡ
1449 2813 1714 2891 βασιλεία,
1750 2817 1838 2870 καὶ
1885 2816 2051 2893 μέχρι

399 2912 498 2975 τῆς
532 2904 840 2982 ἐπιφανείας
870 2910 966 2959 τοῦ
1017 2912 1278 2981 Σωτῆρος
1328 2903 1545 2982 ἔφθανεν
1591 2904 1749 2976 αὐτη,
1783 2904 1870 2959 ἐπὶ
1924 2908 2057 2983 μάρ-

397 3014 517 3070 τυρι
563 2998 642 3066 τῷ
692 2990 886 3049 Ἰακὼϐ
946 2994 1179 3070 λέγοντι·
1233 3020 1260 3045 ‹‹
1313 2994 1423 3048 Ούκ
1470 2994 1709 3068 ἐκλείψει
1759 2996 1945 3070 ἄρχων
2003 2994 2053 3065 ἐξ

406 3081 598 3157 Ἰούδα,
632 3081 757 3139 οὐδὲ
804 3083 1116 3160 ἡγούμενος
1165 3084 1223 3139 ἐκ
1267 3088 1374 3138 τῶν
1417 3088 1607 3158 μηρῶν
1636 3084 1822 3153 αὐτοῦ,
1853 3081 1959 3147 ἓως
1992 3085 2049 3139 ἂν

400 3169 550 3247 ἔλθῃ,
611 3174 656 3245 ᾦ
713 3172 1017 3244 ἀπόκειται,
1079 3174 1165 3228 καὶ
1223 3171 1385 3235 αὐτὸς
1448 3170 1747 3247 προσδοκία
1805 3172 2052 3237 ἐθνῶν.»

2210 595 2367 647 ctum
2400 596 2456 646 et
2497 594 2840 663 prudentem
2892 599 3365 659 auscultatorem.
3402 608 3470 657 Et
3499 603 3862 659 constituam

2210 679 2607 737 adolescentes
2630 684 2920 754 principes
2942 702 3167 755 eorum,
3192 694 3249 743 et
3277 689 3548 747 illusores
3573 690 3657 745 eis
3680 692 3864 745 domi-

2210 769 2509 824 nabuntur
2528 772 2622 825 η.»
2648 771 2975 828 Illudebant
2997 776 3153 831 enim
3178 778 3377 833 miseri
3396 778 3863 852 Domino,neque

2206 858 2587 913 advertebant
2638 862 3045 933 propheticum
3100 867 3405 922 adversum
3439 885 3501 922 se
3527 885 3859 924 sermonem

2205 946 2433 1018 impleri
2467 948 2565 1019 qui
2600 950 2679 1004 ait
2707 967 2756 1005 ει
2796 950 3072 1009 lllusores
3102 972 3303 1011 eorum
3336 956 3857 1013 dominabuntur.»

2206 1037 2320 1090 Hoc
2351 1037 2509 1091 enim
2542 1042 2632 1093 est
2678 1038 2737 1093 in
2770 1038 3068 1097 Salvatore
3117 1044 3475 1114 mirandum,
3501 1046 3653 1115 quod
3699 1047 3857 1101 cruci

2204 1125 2415 1180 afﬁxus
2444 1144 2545 1198 pro
2567 1127 2828 1183 humano
2850 1129 3085 1200 quidem
3109 1148 3320 1204 genere
3344 1138 3656 1204 pateretur,
3684 1135 3857 1190 morti

2202 1230 2337 1269 vero
2368 1213 2659 1279 illuderet,
2683 1220 2739 1271 et
2768 1216 2826 1270 in
2856 1217 3189 1274 Judzeorum
3217 1220 3437 1275 malum
3470 1220 3857 1293 implerentur

2200 1320 2327 1375 quae
2361 1303 2579 1374 scripta
2609 1309 2825 1359 essent.
2854 1308 3015 1371 Quod
3049 1314 3245 1364 autem
3277 1309 3375 1365 lux
3408 1311 3479 1365 ab
3511 1310 3629 1365 illis
3658 1310 3855 1367 ablata

2197 1394 2295 1461 sit,
2329 1392 2607 1461 scriptum
2639 1398 2729 1448 est
2768 1394 2824 1449 in
2854 1395 3110 1452 Jeremia
3140 1399 3231 1454 his
3259 1400 3453 1455 verbis
3487 1416 3499 1455 :
3528 1422 3555 1450 «
3588 1401 3849 1457 Verbum

2195 1484 2350 1554 quod
2385 1482 2603 1537 factum
2654 1488 2741 1537 est
2785 1501 2963 1557 super
3002 1488 3312 1543 Jeremiam
3363 1490 3421 1543 in
3472 1506 3705 1545 omnem
3741 1507 3849 1561 po-

2194 1570 2401 1643 pulum
2429 1570 2581 1625 Juda
2605 1573 2666 1626 ‘3.
2696 1594 2721 1621 »
2753 1574 2958 1628 Postea
2997 1574 3117 1630 haec
3148 1577 3348 1647 adjicit
3382 1594 3439 1631 ;.‹
3473 1579 3741 1634 Auferam
3774 1580 3845 1634 ab

2192 1660 2308 1715 illis
2341 1676 2538 1717 vocem
2571 1661 2782 1716 lzntitiae
2814 1667 2870 1718 et
2898 1680 3094 1719 vocem
3141 1665 3361 1737 gaudii,
3392 1684 3594 1722 vocem
3646 1667 3844 1739 sponsi

2190 1754 2249 1805 et
2278 1765 2476 1805 vocem
2526 1753 3035 1821 sponsaa,odorem
3087 1756 3370 1827 unguenti
3418 1761 3475 1811 et
3521 1754 3717 1811 lumen
3752 1757 3840 1812 lu-

2190 1855 2374 1893 cernas
2399 1840 2461 1893 υ.
2489 1861 2516 1889 ››
2543 1839 2763 1895 Revera
2793 1842 3085 1898 tradidere
3116 1845 3428 1899 Dominum
3460 1845 3734 1917 gentibus
3758 1850 3841 1901 at-

2186 1945 2300 1999 que
2329 1929 2699 1984 caecutientes
2729 1930 3081 2001 ignorabant
3118 1950 3179 1988 se
3222 1933 3378 1988 haud
3413 1934 3513 1989 diu
3547 1940 3743 2005 postea
3776 1936 3836 1990 in

2183 2017 2456 2090 gentibus
2487 2017 2835 2090 polluendos
2866 2036 3014 2087 esse,
3048 2025 3106 2077 et
3144 2021 3201 2076 in
3234 2040 3400 2078 suam
3435 2023 3830 2080 hazreditatem

2178 2108 2383 2175 gentes
2414 2109 2615 2160 contra
2653 2122 2715 2161 se
2756 2105 3125 2179 ingressuras
3156 2125 3303 2173 esse,
3329 2112 3831 2181 quemadmodum

2176 2192 2459 2265 scriptum
2500 2200 2590 2250 est
2622 2211 2634 2250 :
2665 2216 2692 2245 ‹‹
2726 2195 2901 2260 Deus,
2928 2203 3214 2253 venerunt
3260 2206 3463 2271 gentes
3496 2200 3553 2254 in
3586 2200 3832 2256 haeredi-

2174 2286 2357 2337 tatem
2389 2286 2576 2354 tuam,
2609 2282 2946 2355 polluerunt
2992 2286 3278 2357 templum
3330 2293 3599 2343 sanctum
3632 2294 3825 2357 tuum,

2172 2377 2495 2443 posuerunt
2541 2372 2867 2429 Jerusalem
2900 2374 2958 2429 in
2991 2392 3299 2446 pomorum
3350 2378 3679 2433 custodiam
3708 2380 3769 2433 ιδ.
3799 2402 3821 2428 ι

2170 2465 2320 2516 Dum
2352 2466 2631 2527 negarent
2661 2478 2721 2517 se
2756 2462 3068 2518 Dominum
3098 2481 3291 2537 regem
3325 2466 3560 2534 habere,
3590 2466 3824 2539 ignora-

2169 2550 2311 2605 bant
2378 2550 2591 2622 privari
2650 2567 2707 2606 se
2763 2551 3039 2607 Davidico
3098 2553 3316 2609 honore
3384 2554 3674 2625 siquidem
3736 2556 3817 2609 illi

2168 2639 2492 2710 repositum
2543 2643 2666 2693 erat
2711 2638 2949 2696 Davidis
3007 2657 3277 2712 regnum,
3308 2644 3455 2713 quod
3520 2658 3706 2714 usque
3745 2645 3817 2699 ad

2168 2726 2484 2784 Salvatoris
2542 2728 2858 2783 adventum
2920 2729 3278 2801 perduravit,
3348 2735 3492 2786 teste
3543 2732 3815 2787 Jacobo:

2168 2817 2352 2872 «Non
2403 2816 2635 2871 deﬁciet
2675 2817 2948 2889 princeps
3002 2834 3071 2872 ex
3116 2820 3290 2886 Juda,
3340 2836 3528 2891 neque
3577 2822 3694 2875 dux
3747 2821 3817 2876 de

2164 2906 2487 2961 femoribus
2539 2906 2691 2976 ejus,
2733 2906 2914 2962 donec
2962 2908 3158 2963 veniat
3208 2909 3303 2963 ille
3351 2909 3444 2964 cui
3493 2909 3815 2980 repositum

2164 3000 2272 3063 est,
2305 3000 2361 3049 et
2392 2996 2516 3065 ipse
2546 2999 2637 3049 est
2664 2996 3018 3067 exspectatio
3049 2997 3310 3069 gentium
3337 2999 3396 3052 '°.
3426 3021 3447 3049 ι
3487 2998 3554 3052 Ει
3586 2999 3816 3052 nudan-

2163 3088 2250 3139 tes
2280 3083 2620 3150 Dominum,
2647 3088 2821 3155 atque
2848 3085 3238 3153 verberantes,
3282 3084 3621 3142 nesciebant
3649 3103 3711 3142 se
3741 3087 3813 3143 ab

2163 3172 2263 3229 illo
2296 3173 2527 3239 nudari,
2547 3178 2603 3228 et
2624 3172 2923 3245 planctum
2950 3174 3339 3247 sibimetipsis
3371 3176 3693 3243 concitare;
3728 3175 3813 3232 ait

395 3262 491 3317 Καὶ
523 3267 856 3337 γυμνοῦντες
890 3260 947 3318 δὲ
989 3263 1080 3318 τὸν
1132 3264 1354 3338 Κύριον,
1388 3263 1477 3317 καὶ
1522 3262 1815 3325 τύπτοντες
1864 3262 2047 3335 αὐτὸν,

2172 3264 2379 3335 quippe
2410 3262 2533 3334 ipse
2577 3263 2862 3318 Dominus
2888 3281 2900 3319 :
2924 3286 2951 3313 ι(
2972 3266 3243 3319 Auferam
3277 3265 3623 3319 vestimenta
3656 3280 3806 3334 mea,

393 3351 492 3407 οὐκ
539 3348 758 3425 ⁴ᾔδεισαν
806 3349 1249 3425 ἐκδιδυσκόμενοι
1293 3354 1418 3427 παρ’
1466 3352 1650 3421 αὐτοῦ,
1684 3353 1773 3406 καὶ
1821 3354 2048 3407 κοπετὸν

388 3442 503 3495 καθ’
564 3442 766 3496 ἑαυτῶν
814 3441 1217 3512 παροξύνοντες·
1270 3441 1415 3518 λέγει
1480 3441 1584 3518 γὰρ
1653 3440 1811 3504 αὐτὸς
1863 3444 1890 3496 ὁ
1941 3442 2045 3497 Κύ-

387 3546 527 3604 ριος·
565 3552 585 3578 ιι
620 3526 960 3605 Ἀφελοῦμαι
991 3530 1058 3584 τὰ
1087 3530 1280 3602 ἱμάτιά
1315 3551 1418 3603 μου
1462 3529 1550 3584 καὶ
1599 3530 1664 3583 τὰ
1712 3529 1916 3601 ὀθόνια,
1948 3535 2044 3585 τοῦ

389 3618 465 3691 μὴ
506 3617 799 3673 καλύπτειν
838 3620 936 3687 τὴν
989 3618 1384 3695 ἀσχημοσύνην
1436 3619 1623 3689 αὐτῆς·
1662 3644 1689 3670 ››
1720 3620 1809 3673 καὶ
1858 3618 2041 3674 πάλιν’

382 3731 411 3759 ‹‹
446 3710 658 3763 Ἕνεκεν
706 3706 903 3762 τούτου
961 3707 1184 3782 κόψεται
1235 3709 1325 3762 καὶ
1386 3710 1670 3782 θρηνήσει,
1725 3708 2043 3782 πορεύσεται

382 3794 745 3869 ἀνυπόδητος,
777 3798 867 3851 καὶ
915 3799 1119 3872 γυμνή.
1174 3799 1461 3868 ποιήσεται
1507 3800 1734 3852 κοπετὸν
1794 3798 1866 3859 ὡς
1917 3796 2043 3874 δρα-

379 3882 605 3956 κόντων,
640 3884 730 3939 καὶ
786 3882 978 3949 πένθος
1038 3885 1111 3947 ὡς
1169 3886 1472 3961 θυγατέρων
1536 3888 1821 3961 σειρηνων.
1858 3910 1883 3935 n
1944 3884 2042 3939 Καὶ

379 3980 662 4038 ποιοῦντες
694 3971 1062 4047 ἐπιϐληθῆναι
1108 3974 1373 4052 χλαμύδα
1422 3977 1701 4047 κοκκίνην,
1736 3976 1835 4031 οὐκ
1880 3972 2043 4032 ἓϐλε-

380 4085 481 4119 πον
540 4066 657 4120 καθ’
712 4065 912 4119 ἑαυτῶν
990 4066 1088 4133 τὴν
1152 4064 1485 4141 κατηγορίαν
1561 4070 1658 4119 τοῦ
1732 4066 2041 4138 Πνεύματος

379 4153 746 4228 πληροῦντες,
779 4154 863 4209 ὅτι
897 4180 917 4206 ι
953 4156 1021 4211 Al
1052 4158 1234 4230 χεῖρες
1268 4155 1419 4227 ὑμῶν
1465 4152 1693 4227 αἵματος
1725 4154 1979 4230 πλήρεις.
2013 4179 2041 4207 ››

382 4244 671 4317 Χαίροντες
704 4247 818 4318 (66)
868 4241 926 4299 δὲ
984 4245 1073 4299 καὶ
1134 4244 1221 4299 ἐπὶ
1279 4248 1357 4317 τῷ
1420 4250 1756 4320 περικεῖσθαι
1813 4244 2045 4307 ἀκάνθας

376 4334 468 4388 τὸν
523 4340 779 4408 Σωτῆρα,
831 4331 1198 4411 έτύφλωττον,
1246 4335 1361 4389 καθ’
1412 4334 1617 4389 ἑαυτῶν
1677 4333 1837 4395 αὐτὰς
1886 4354 2044 4409 περι-

376 4423 631 4487 τιθέντες.
680 4424 982 4499 Γέγραπται
1038 4422 1159 4499 γάρ’
1217 4447 1243 4477 ιι
1288 4425 1573 4494 Ἕκστητε,
1628 4422 1933 4492 λυπήθητε,
1986 4444 2049 4478 αθ

376 4516 718 4582 πεποιθυῖαι,
780 4510 1092 4582 ἐκδύσασθε,
1161 4514 1362 4589 γυμναὶ
1430 4514 1673 4588 γένεσθε,
1740 4514 2014 4589 περιζώσα

378 4603 471 4656 σθε
500 4601 595 4665 τὰς
634 4600 853 4674 ὀσφύας,
885 4599 975 4656 καὶ
1026 4600 1115 4657 ἐπὶ
1167 4606 1273 4657 τῶν
1340 4604 1556 4675 μασθῶν
1615 4602 1878 4658 κόπτεσθε
1938 4602 2098 4694 ἀπ,ὸ

380 4690 553 4766 ἀγροῦ
611 4690 1051 4764 ἐπιθυμήματος,
1098 4690 1187 4745 καὶ
1248 4691 1353 4745 ἀπὸ
1411 4691 1664 4764 ἀμπέλου
1711 4693 2043 4767 γενήματος,

376 4780 441 4835 Ἦ
470 4787 539 4855 γῆ
573 4784 669 4834 τοῦ
700 4778 837 4835 λαοῦ
898 4801 1001 4853 μου
1052 4778 1269 4848 ἄκανθα,
1303 4782 1393 4835 καὶ
1442 4781 1647 4857 χόρτος
1697 4776 2043 4851 ἀναϐήσεται,

377 4868 470 4923 καὶ
504 4868 563 4924 ἐκ
590 4870 770 4941 πάσης
802 4869 978 4932 οἰκίας
1010 4868 1311 4947 εὐφροσύνη
1365 4870 1679 4947 ἀρθήσεται,
1714 4894 1742 4921 ››
1779 4868 2043 4943 Ἐχλεύα-

2155 3358 2212 3408 et
2240 3352 2603 3422 linteamina,
2628 3357 2693 3406 ut
2714 3370 2785 3407 ne
2810 3353 3238 3424 turpitudinem
3264 3356 3393 3426 ejus
3418 3355 3683 3426 operiant
3705 3354 3805 3420 “n;

2155 3446 2212 3497 et
2238 3457 2472 3495 rursum
2508 3458 2571 3496 :u
2604 3441 2911 3512 Propterea
2951 3441 3190 3515 planget
3220 3448 3277 3497 et
3305 3442 3548 3515 lugebit,
3582 3443 3810 3498 incedet

2154 3530 2507 3586 discalceata
2550 3534 2607 3585 et
2656 3531 2859 3585 nuda:
2896 3531 3066 3586 faciet
3113 3532 3411 3603 planctum
3445 3532 3621 3586 veluti
3673 3532 3807 3586 dra-

2153 3636 2390 3685 conum,
2425 3624 2482 3674 et
2511 3618 2733 3674 luctum
2766 3619 2941 3675 veluti
2994 3619 3249 3677 filiarum
3299 3622 3555 3677 sirenum
3583 3623 3643 3676 η.
3678 3644 3704 3671 ››
3740 3623 3808 3675 Et

2154 3712 2428 3764 curantes
2462 3712 2524 3761 ut
2564 3707 2967 3779 imponeretur
2996 3709 3046 3764 ei
3079 3709 3341 3781 chlamys
3372 3711 3657 3774 coccinea,
3687 3726 3803 3765 non

2151 3797 2423 3852 viderunt
2461 3812 2523 3852 se
2568 3796 2875 3851 adversum
2929 3814 2988 3852 se
3039 3797 3283 3869 implere
3342 3798 3505 3853 illam
3553 3798 3807 3869 Spiritus

2154 3886 2341 3942 sancti
2399 3884 2834 3941 accusationem
2889 3903 2955 3940 :«
3006 3886 3215 3941 Manus
3264 3893 3465 3942 vestra;
3516 3887 3805 3959 sanguine

2153 3980 2293 4032 sunt
2344 3975 2622 4047 plenae”.
2651 3998 2672 4027 ι
2709 3974 3043 4031 Gaudentes
3091 3981 3287 4031 autem
3341 3978 3492 4047 quod
3542 3976 3806 4031 Salvator

2152 4064 2341 4136 spinis
2398 4064 2881 4132 circumdaretur,
2930 4065 3330 4129 caicutiebant,
3381 4083 3493 4120 non
3538 4065 3804 4121 videntes

2154 4172 2216 4210 se
2244 4154 2380 4207 illas
2424 4158 2625 4208 contra
2673 4170 2801 4208 sese
2857 4154 3287 4226 circumponere
3321 4171 3333 4211 :
3367 4154 3653 4225 scriptum
3715 4157 3805 4209 cst

2154 4244 2310 4300 enim
2338 4261 2386 4298 :u
2411 4242 2841 4314 Obstupescite,
2861 4242 3215 4315 lugete,quae
3245 4244 3305 4299 in
3339 4244 3553 4299 ﬁducia
3583 4242 3801 4312 fuistis,

2154 4332 2347 4388 exuite
2376 4349 2498 4399 vos,
2533 4332 2705 4387 nudae
2744 4336 2948 4399 estote,
2974 4332 3413 4405 circumcingite
3465 4332 3718 4398 lumbos,
3748 4337 3807 4389 et

2156 4438 2336 4493 super
2369 4422 2548 4476 ubera
2587 4421 2884 4493 planctum
2921 4421 3088 4476 facite
3136 4423 3208 4477 ab
3258 4438 3396 4494 agro
3429 4422 3725 4489 desiderii,
3750 4426 3808 4477 et

2158 4529 2193 4567 a
2220 4513 2389 4566 vinea
2414 4510 2879 4583 germinationis.
2913 4511 3087 4566 Terra
3119 4512 3314 4583 populi
3365 4512 3478 4567 mei
3526 4512 3717 4582 spina,
3751 4517 3808 4565 et

2156 4601 2356 4656 fenum
2407 4600 2699 4667 ascendet,
2734 4604 2791 4653 et
2828 4616 2894 4655 ex
2925 4600 3082 4655 omni
3116 4600 3288 4655 domo
3334 4600 3534 4655 laetitia
3582 4600 3807 4655 aufere-

2156 4694 2253 4746 tur
2273 4691 2339 4745 2°.
2368 4712 2393 4739 n
2427 4690 2741 4745 Dominum
2782 4688 3125 4759 irridebant,
3159 4699 3222 4744 ut
3259 4690 3471 4745 Filium
3526 4690 3619 4745 Dei
3653 4690 3807 4761 (sese

2157 4780 2489 4849 dicentem),
2543 4795 2732 4850 neque
2786 4779 3064 4835 videbant
3122 4796 3184 4834 se
3232 4779 3605 4851 adoptionem
3657 4779 3805 4851 abji-

2155 4883 2304 4939 cere,
2339 4873 2403 4923 ut
2447 4868 2575 4940 ipse
2621 4872 2873 4924 testatur
2928 4868 3022 4923 his
3070 4868 3260 4925 verbis
3291 4884 3305 4923 :
3333 4892 3360 4919 «
3408 4867 3586 4924 Filios
3634 4884 3804 4940 gene-

458 5042 504 5078 ¹²
536 5041 648 5096 Isa.
680 5056 768 5103 ιιι.
797 5040 998 5111 3,1-4.
1078 5040 1123 5076 ¹³
1152 5039 1367 5097 Jerem.
1399 5058 1530 5109 xxv,
1556 5041 1608 5094 1.
1686 5040 1729 5074 ¹⁴
1757 5039 1898 5094 ibid.
1928 5038 2014 5092 10.

2172 5036 2322 5093 Psal.
2359 5052 2590 5104 Lxxvm,
2626 5037 2674 5091 1.
2754 5038 2799 5073 ¹⁶
2829 5037 3037 5094 Genes.
3072 5055 3222 5103 xux,
3248 5039 3334 5093 10.
3416 5039 3457 5073 ⁸⁷
3488 5037 3633 5094 Osee
3662 5053 3724 5103 ιι,
3748 5039 3808 5103 9,

386 5112 433 5150 1⁸
462 5112 636 5168 Mich.
668 5129 706 5179 1,
737 5113 793 5167 8.
872 5112 918 5147 ¹⁹
944 5116 1057 5169 lsa.
1092 5131 1132 5185 ι,
1166 5113 1251 5168 15.
1328 5113 1373 5148 ²⁰
1404 5114 1517 5169 Isa.
1548 5128 1727 5181 xxxn,
1764 5112 1850 5182 11,
1886 5112 1971 5166 12.

458 5283 572 5356 (65)
602 5283 816 5356 Regius
862 5288 935 5356 et,
965 5285 1102 5341 edit.
1134 5283 1440 5356 Qommel.,
1497 5285 1850 5356 Δαυϊτικοῦς.⁸
1886 5280 2037 5336 Edit.

384 5350 521 5411 vero
556 5350 747 5410 Paris.
780 5360 839 5410 et
887 5355 1008 5423 alii,
1063 5350 1378 5423 Δαϐιτικῆς.
1424 5350 1615 5424 Porro,
1650 5356 1731 5411 ait
1762 5353 1935 5421 Felc.,
1966 5358 2044 5408 est

387 5428 447 5482 in
478 5426 682 5505 codice
727 5426 1273 5505 quodamﬂiblioth.
1308 5427 1643 5505 Arghipalat.
1694 5428 1869 5505 codex
1916 5442 2041 5494 ms.,

388 5499 490 5570 qui
518 5500 669 5572 inter
698 5496 813 5554 alia
843 5499 1088 5555 continet
1117 5516 1348 5572 quoque,
1382 5496 1567 5571 ἔρανον
1611 5496 1670 5551 ἐκ
1709 5496 1804 5550 τοῦ
1836 5515 2045 5572 χρυσο-

390 5567 689 5656 saeuique
728 5573 849 5656 _(_sic_
886 5567 1465 5656 inscribziu‘r'absqife
1498 5567 2048 5656 _collecto'ris'nomi-_

390 5643 483 5711 ne)
515 5644 574 5697 in
610 5643 944 5714 particulam
985 5644 1289 5714 quamdam
1333 5643 1508 5715 primi
1552 5658 1671 5715 cap.
1722 5643 1902 5699 Lucae.
1934 5643 2047 5710 Qui

388 5717 544 5770 canto
571 5716 635 5771 in
664 5714 769 5771 illa
794 5715 965 5771 verba
993 5730 1011 5769 :
1042 5715 1113 5771 Et
1139 5718 1264 5771 erat
1292 5713 1351 5769 in
1382 5715 1589 5770 diebus
1620 5713 1862 5771 Herodis
1892 5712 2045 5785 regis

2150 5279 2322 5346 Juda,
2357 5279 2506 5335 hunc
2537 5281 2716 5336 locum
2754 5283 2834 5337 sic
2862 5283 2993 5336 citat
3021 5299 3039 5334 :
3075 5278 3394 5342 Ἀθανασίου
3425 5277 3502 5339 εἷς
3527 5276 3621 5333 τὸν
3647 5298 3809 5333 σταυ-

2153 5350 2264 5418 ρόν.
2306 5352 2386 5443 ²ᾯ
2445 5350 2723 5441 ἀπόκειται
2775 5354 2808 5419 ἡ
2863 5346 3121 5441 ὲαϐιτικὴ
3178 5350 3448 5443 βασιλεία,
3496 5349 3587 5440 καὶ
3640 5351 3807 5425 μέχρι

2189 5428 2249 5443 ..κ
2414 5442 2417 5443 ν
2792 5428 2815 5437 -
2938 5425 2963 5443 η
3042 5442 3051 5443 ί
3216 5442 3219 5443 ν
3404 5422 3416 5437 .
3664 5442 3669 5443 γ
3771 5427 3798 5437 ..

2150 5428 2250 5496 τῆς
2282 5421 2605 5496 ἐπιφανείας
2655 5423 2819 5496 αὐτοῦ
2848 5422 3085 5496 ,ἔφθανεν
3140 5421 3299 5496 αὕτη,
3333 5422 3419 5476 ἐπὶ
3468 5421 3811 5496 μαρτυριξῷ

2150 5445 2250 5489 της
2302 5445 2389 5475 επι
2436 5445 2605 5483 ανειας
2655 5445 2819 5477 αυτου
2870 5445 2893 5476 ε
2938 5445 3085 5475 ῠανεν
3140 5445 3299 5491 αυτ-ιζ,
3333 5445 3419 5476 επι
3468 5445 3703 5496 μαρτυρι
3731 5445 3806 5493 τῳ

2149 5445 2645 5567 Ἰακὼϐῇλέγοντ..
2677 5494 2791 5551 Οὐκ
2844 5445 3068 5565 ἐκῗηψει
3100 5495 3228 5565 (sic)
3263 5493 3448 5567 ἅρχων
3499 5490 3553 5559 ἐξ
3612 5491 3806 5559 Ἰούδα,

2152 5564 2240 5619 καὶ
2275 5567 2341 5619 τὰ
2371 5564 2512 5638 ἑξῆς.
2546 5569 2671 5623 Haec
2700 5569 2796 5625 ibi.

2226 5639 2339 5709 (66)
2371 5637 2605 5709 Regius,
2635 5637 2941 5712 χαίροντες.
