4154 6408
318 314 436 374 243

1478 307 1546 366 8.
1591 300 2122 365 ATHANASIUS.
2149 331 2229 347 —
2257 299 2530 363 DUBIA.

3619 304 3741 365 Ωιι

321 442 445 500 ravi
502 446 561 499 et
616 439 884 507 exaltavi,
932 437 1046 512 ipsi
1093 442 1286 494 autem
1338 439 1686 509 spreverunt
1732 450 1826 491 me
1846 434 1917 489 ²¹.
1946 454 1974 483 ››

2103 435 2187 501 ζον
2211 429 2304 485 τὸν
2336 429 2555 504 Κύριον,
2586 428 2660 490 ὡς
2689 427 2811 483 Υίὸν
2853 430 3007 500 Θεοῦ,
3040 429 3132 483 καὶ
3181 428 3281 484 οὐκ
3326 426 3564 487 ἔϐλεπον
3612 432 3751 488 ἀπο-

324 533 396 590 Et
428 549 493 588 τα
546 532 692 587 Ecce
749 527 1106 599 relinquitur
1162 527 1327 583 vobis
1385 527 1596 581 domus
1643 528 1840 581 vestra
1860 524 1926 579 ²²,
1951 544 1980 572 ››

2094 514 2431 592 ϐαλλόμενοι
2461 519 2560 587 τήν
2594 517 2858 573 υἱοθεσίαν
2892 520 3027 592 (67),
3061 517 3135 580 ὡς
3174 517 3336 582 αὐτὸς
3388 516 3750 598 διαμαρτύρε-

329 622 615 678 Potabant
644 635 780 675 eum
820 624 982 673 aceto
1012 620 1071 671 et
1102 614 1253 681 felle,
1285 616 1388 670 sed
1430 614 1539 670 hac
1566 614 1625 668 in
1658 629 1720 668 re
1752 626 1985 684 quoque

2103 630 2177 663 ται
2211 606 2403 684 λέγων·
2443 630 2470 662 α
2498 605 2662 669 Υἱοὺς
2695 604 2952 681 ἰγέννησα
2998 606 3086 661 καὶ
3138 606 3347 680 ὕψωσα,
3378 608 3532 665 αὐτοὶ
3583 608 3640 667 δέ
3685 634 3754 687 με

329 711 496 767 valde
526 708 680 766 caeci.
704 708 847 763 Nam
876 706 1031 762 Deus
1054 705 1281 760 vineam
1308 720 1378 759 ex
1398 704 1639 775 [Egypto
1670 700 1984 757 transtule-

331 803 442 865 rat,
495 803 554 854 et
603 797 964 870 plantaverat
1019 792 1215 864 illam,
1265 796 1321 847 et
1368 790 1722 863 exspectavit
1767 806 1835 845 ex
1883 788 1985 843 illa

331 905 394 946 se
424 891 839 961 percepturum
890 885 1166 947 fructum,
1201 898 1373 937 uvam
1404 885 1461 937 et
1493 881 1692 935 vinum
1721 894 1735 935 :
1766 877 1849 933 illi
1880 894 1984 931 au-

329 983 450 1034 tem
480 974 827 1048 insipientes
857 989 960 1045 pro
992 971 1125 1027 vino
1170 976 1425 1039 acetum,
1457 986 1560 1041 pro
1592 985 1701 1023 uva
1734 966 1805 1022 fel
1850 966 1981 1021 red-

328 1067 565 1122 didere:
600 1066 1011 1136 argumentum
1045 1076 1186 1116 sane
1214 1058 1583 1114 Sodomiticaa
1616 1073 1734 1111 suae
1766 1056 1984 1127 impro-

326 1154 529 1212 bitatis
557 1153 929 1218 exhibentes;
960 1150 1060 1206 82
1090 1148 1328 1204 illorum
1372 1147 1529 1203 enim
1581 1162 1693 1201 uva
1742 1143 1815 1201 fel
1868 1148 1978 1210 est,

330 1250 397 1300 ut
423 1244 480 1298 in
512 1240 961 1298 Deutsronomio
1011 1239 1299 1310 scriptum
1332 1240 1419 1292 est
1442 1237 1507 1290 ³³.
1542 1235 1674 1291 Ideo
1726 1248 1984 1304 namque

327 1332 616 1390 Dominus
646 1335 703 1386 et
738 1329 1000 1385 Salvator
1030 1332 1248 1393 noster,
1293 1341 1428 1381 cum
1472 1325 1651 1379 sciret
1688 1320 1982 1393 ejusmodi

331 1424 587 1479 fructum
628 1420 699 1475 ab
730 1418 847 1473 illis
885 1421 1331 1489 proventurum,
1363 1413 1630 1487 praedixit
1670 1412 1785 1468 illis
1817 1428 1985 1484 para-

332 1511 531 1568 bolam
589 1510 747 1580 vitis,
799 1511 855 1565 et
893 1508 1045 1578 quod
1093 1506 1167 1562 ab
1217 1504 1335 1561 illis
1391 1503 1777 1560 auferendum
1834 1504 1989 1557 esset

334 1617 582 1673 regnum
649 1596 960 1663 cozlorum,
1014 1596 1487 1665 tradendumque
1543 1591 1700 1666 genti
1755 1589 1989 1646 facienti

336 1690 563 1746 fructus
611 1689 761 1760 ejus.
794 1687 883 1742 Ad
937 1685 1073 1752 haec,
1098 1683 1349 1740 divisere
1387 1683 1764 1739 carnificibus
1811 1679 1986 1737 vesti-

335 1783 567 1849 menta,
607 1775 798 1850 ignari
854 1775 1159 1831 divisionis
1216 1772 1721 1845 dispersionisque
1775 1772 1985 1826 futurae
2018 1806 2066 1873 Β

334 1868 448 1926 sibi
477 1866 631 1922 inter
672 1870 876 1938 gentes
910 1880 924 1920 :
968 1864 1049 1921 ait
1081 1863 1238 1919 enim
1270 1862 1554 1934 propheta
1586 1877 1599 1917 :
1627 1882 1653 1909 ‹‹
1693 1861 1839 1916 Ecce
1889 1876 1985 1915 ve-

335 1957 499 2013 nient
526 1955 652 2012 dies
679 1952 928 2021 Domini,
953 1957 1010 2008 et
1035 1952 1371 2008 dividentur
1400 1950 1588 2023 spolia
1616 1955 1718 2006 tua
1739 1950 1797 2004 in
1821 1954 1895 2005 te.
1919 1949 1990 2004 Et

334 2045 704 2119 congregabo
753 2059 959 2100 omnes
1003 2046 1205 2115 gentes
1249 2041 1320 2096 ad
1359 2038 1683 2096 Jerusalem
1732 2038 1793 2094 in
1842 2056 1987 2112 prea-

332 2135 504 2206 lium,
536 2138 594 2190 et
622 2133 888 2205 capietur
926 2131 1149 2197 civitas,
1183 2135 1242 2187 et
1283 2128 1639 2202 diripiantur
1667 2129 1900 2198 domus,
1934 2132 1991 2184 et

336 2224 615 2282 mulieres
644 2221 1019 2278 violabuntur
1037 2221 1138 2274 ³⁸.»
1161 2219 1233 2275 Et
1252 2234 1490 2274 rursum
1516 2235 1571 2275 τι
1600 2218 1767 2273 Nunc
1798 2233 1989 2273 come-

338 2316 437 2372 det
474 2313 679 2385 rubigo
728 2315 916 2368 sortes
961 2325 1164 2366 eorum
1186 2309 1252 2363 ³⁸.
1281 2330 1307 2357 ι)
1341 2307 1408 2364 Et
1445 2310 1511 2363 ut
1557 2305 1827 2363 Michaeas
1859 2306 1941 2362 ait
1974 2322 1987 2361 :

346 2426 368 2454 α
403 2404 468 2460 In
498 2400 601 2458 illa
629 2401 724 2457 die
754 2403 1027 2457 sumetur
1063 2414 1241 2470 super
1269 2413 1372 2453 vos
1402 2395 1697 2468 parabole,
1721 2401 1778 2451 et
1808 2395 1994 2468 plora-

340 2497 440 2550 tus
469 2508 601 2548 cum
648 2489 897 2559 cantico,
928 2488 1024 2545 his
1068 2487 1259 2544 verbis
1293 2504 1305 2543 :
1340 2491 1623 2543 IErumna
1662 2501 1993 2542 aerumnosa

341 2582 496 2639 facta
523 2583 613 2637 est
642 2579 829 2652 portio
868 2576 1068 2651 p0puli
1111 2576 1246 2643 mei,
1281 2576 1541 2632 funiculo
1571 2574 1822 2632 dimensi
1853 2578 1994 2632 sunt

338 2670 529 2739 illam,
560 2685 666 2725 nec
697 2671 821 2724 erat
847 2668 947 2740 qui
980 2665 1291 2739 impediret
1320 2681 1454 2721 eum
1489 2681 1559 2720 ne
1589 2669 1948 2721 averteretur
1977 2683 1990 2721 :
2028 2666 2031 2671 ’

343 2776 515 2832 agros
552 2762 779 2814 vestros
827 2756 1080 2813 dimensi
1118 2758 1258 2811 sunt
1276 2755 1339 2810 ³⁸.
1365 2778 1391 2804 ››
1427 2754 1495 2809 Ει
1533 2757 1599 2809 ut
1645 2753 1992 2826 compendio

339 2850 555 2915 dicam,
587 2847 865 2903 adversus
898 2846 1209 2902 hominum
1242 2844 1393 2914 ausi,
1426 2859 1595 2899 suam
1627 2842 1758 2916 ipsa
1786 2847 1993 2899 contra

344 2954 473 2995 sese
503 2936 897 3008 provocabant
937 2934 1114 3001 diem,
1148 2948 1327 3004 quam
1360 2931 1627 3003 praedixit
1656 2931 1942 3004 propheta
1975 2948 1988 2988 :

342 3048 372 3077 ‹‹
406 3026 538 3082 Dies
586 3025 744 3082 enim
782 3022 992 3096 judicii
1044 3021 1294 3090 Domini,
1336 3021 1741 3077 retributionis
1780 3021 1992 3093 judicii

341 3116 501 3173 Sion.
559 3115 629 3171 Et
667 3116 1078 3169 convertentur
1121 3109 1303 3167 valles
1348 3109 1409 3164 in
1458 3110 1669 3182 picem,
1727 3113 1785 3166 et
1838 3114 1992 3166 terra

2107 3109 2465 3186 ἄποστρὲψαιο
2526 3110 2577 3165 οἱ
2635 3108 2796 3187 ἀγροὶ
2858 3111 3008 3185 ὑμῶν
3071 3107 3526 3186 διεμετρήθησαν.
3579 3134 3608 3161 ››

2093 698 2381 768 ἠθέτησαν
2418 721 2446 748 ››
2477 697 2590 767 καὶ,
2621 720 2648 749 ‹‹
2682 692 2823 751 Ἰδοὺ
2848 695 3061 773 ἀφίεται
3097 697 3224 770 ὑμῖν
3259 698 3287 751 ὁ
3319 697 3467 761 οἶκος
3511 699 3690 773 ὑμῶν.
3724 728 3751 754 ››

2095 787 2376 856 Ἔπότιζον
2406 786 2564 842 αὐτὸν
2598 780 2717 859 ὅξος
2749 786 2838 841 καὶ
2870 784 3075 861 χολὴν,
3108 786 3255 843 ἀλλὰ
3301 787 3391 843 καὶ
3431 794 3592 844 τοῦτο
3623 792 3755 868 σφό-

2095 874 2196 951 δρα
2249 874 2455 954 τυφλὸν
2501 876 2617 930 κατ’
2668 875 2864 933 αὐτῶν.
2915 881 2970 929 '0
3023 877 3144 948 μὲν,
3175 877 3276 953 γὰρ
3326 878 3457 940 Θεὸς
3509 875 3755 952 ἄμπελον

2093 964 2144 1037 ἐξ
2197 965 2476 1042 Αἰγύπτου
2543 971 2763 1040 μετῆρε,
2822 965 2910 1019 καὶ
2978 964 3362 1042 κατεφύτευσεν
3428 966 3619 1039 αὐτὴν,
3665 968 3754 1023 καὶ

2094 1056 2379 1131 περιεμενι
2438 1059 2534 1110 τοῦ
2593 1048 2781 1108 λαϐεῖν
2830 1055 2956 1130 παρ’
2986 1053 3163 1109 αὐτῶν
3207 1056 3299 1110 τὸν
3352 1057 3583 1132 καρπὸν,
3628 1077 3754 1113 ra-

2096 1144 2275 1221 φυλὴν
2307 1144 2397 1199 καὶ
2429 1144 2594 1200 ol'vov’
2630 1143 2682 1197 οἱ
2714 1140 2772 1198 δὲ
2802 1140 3049 1221 ἄφρονες,
3084 1144 3198 1200 ἀντὶ
3260 1141 3409 1199 ol'vou
3463 1141 3607 1215 ὅξος,
3636 1147 3753 1202 ἀντὶ

2098 1230 2156 1289 δὲ
2188 1232 2465 1311 σταφυλῆς
2524 1229 2704 1308 χολὴν
2764 1229 3065 1303 ἐπεδίδουν,
3125 1234 3413 1309 γνώρισμα
3468 1241 3567 1305 τῆς
3618 1239 3754 1291 κατά

2099 1319 2403 1395 Σοδομίτας
2462 1322 2634 1377 αὐτῶν
2692 1320 2881 1385 κακίας
2942 1321 3313 1401 ἐμφαίνοντες·
3345 1324 3435 1378 καὶ
3492 1325 3596 1399 γὰρ
3660 1324 3749 1381 αύ-

2095 1415 2203 1465 τῶν
2229 1412 2261 1464 i‘
2301 1411 2548 1489 σταφυλὴ
2582 1413 2730 1490 χολή
2765 1413 2896 1485 ἐστι,
2926 1412 3062 1467 κατὰ
3101 1412 3169 1466 τὰ
3212 1410 3263 1467 ἐν
3314 1417 3394 1485 τῷ
3431 1424 3751 1488 Δευτερονο-

2101 1499 2211 1573 μίῳ
2233 1502 2606 1576 γεγραμμένα.
2641 1505 2739 1559 Διὰ
2765 1507 2927 1558 τοῦτο
2974 1501 3075 1577 γὰρ
3107 1502 3135 1556 0
3168 1501 3365 1579 Κύριος
3411 1502 3502 1557 καὶ
3553 1504 3751 1579 Σωτὴρ

2096 1592 2282 1663 ἡμῶν,
2315 1588 2475 1654 εἰδὼς
2504 1593 2595 1648 τὸν
2629 1595 2757 1669 παρ’
2787 1592 2961 1648 αὐτῶν
3014 1590 3268 1663 ἐσόμενον
3319 1596 3569 1647 τοιοῦτον
3621 1614 3751 1669 καρ-

2098 1679 2223 1749 πὸν,
2256 1679 2546 1758 προέλεγεν
2588 1682 2774 1746 αὐτοῖς
2821 1683 2920 1751 τὴν
2969 1675 3292 1757 παραϐολὴν
3341 1685 3439 1736 τοῦ
3489 1680 3752 1755 ἀμπελῶ-

2096 1789 2211 1840 νος,
2243 1769 2332 1823 καὶ
2365 1768 2446 1824 ὅτι
2487 1770 2775 1845 ἀρθήσεται
2808 1772 2896 1849 ἀφ’
2928 1769 3080 1844 ὑμῶν
3116 1771 3227 1843 l68)
3258 1772 3292 1840 ἡ
3348 1768 3597 1845 βασιλεία
3642 1775 3749 1827 τῶν

2097 1856 2362 1931 οὐρανῶν,
2391 1859 2482 1914 καὶ
2515 1858 2803 1931 δοθήσεται
2844 1856 2985 1915 τέθνει
3033 1862 3286 1914 ποιοῦντι
3333 1859 3462 1922 τοὺς
3510 1860 3750 1937 καρποὺς

2096 1945 2288 2016 αὐτῆς.
2322 1948 2465 2023 Πρὸς
2494 1949 2709 2012 τούτοις
2738 1948 2966 2024 διήρουν
2999 1949 3065 2003 τὰ
3109 1947 3303 2021 ἱμάτια
3342 1953 3460 2012 τοῖς
3511 1946 3754 2022 δημίοις,

2098 2034 2207 2112 οὐχ
2254 2038 2487 2113 ὁρῶντες
2534 2039 2625 2094 τὸν
2669 2040 2785 2094 κατ’
2817 2037 2993 2093 αὐτῶν
3043 2035 3095 2093 ἰν
3140 2042 3258 2100 τοῖς
3288 2034 3460 2093 ἓθνεσι
3491 2038 3753 2115 γιγνόμε-

2098 2146 2187 2181 νον
2252 2126 2516 2203 μερισμόν
2572 2130 2708 2203 (69)ο
2742 2127 2875 2207 φησὶ
2933 2127 3037 2204 γὰρ
3095 2128 3123 2182 0
3182 2129 3495 2206 προφήτης’
3529 2153 3557 2181 ‹‹
3608 2127 3749 2186 Ἰδοὺ

2097 2218 2303 2293 ἡμέραι
2355 2213 2612 2293 ἔρχονται
2666 2222 2765 2273 τοῦ
2818 2216 3041 2294 Κυρίου,
3098 2218 3189 2273 καὶ
3274 2216 3750 2292 διαμερισθήσεται

2096 2305 2164 2361 τὰ
2193 2304 2366 2361 σκύλα
2406 2326 2501 2361 σου
2550 2306 2602 2362 ιν
2648 2305 2751 2363 σοί.
2787 2303 2889 2363 Kal
2938 2305 3237 2378 ἔπισυνάξω
3284 2309 3454 2362 πάντα
3509 2308 3576 2362 τὰ
3620 2304 3748 2380 ἔθνη

2101 2395 2178 2457 εἷς
2230 2394 2475 2469 πόλεμον
2524 2395 2599 2457 είς
2641 2393 3007 2471 Ἰερουσαλὴμ
3053 2397 3189 2470 (70),
3231 2396 3321 2451 καὶ
3393 2394 3662 2453 ἁλώσεται
3713 2398 3748 2468 ἡ

2100 2482 2282 2556 πόλις,
2316 2483 2404 2540 καὶ
2431 2482 2898 2562 διαρπαγήσονται
2929 2484 2984 2540 αἱ
3031 2484 3218 2555 οἲκίαι,
3250 2485 3340 2541 καὶ
3394 2485 3447 2541 al
3503 2491 3752 2562 γυναῖκες

2105 2572 2561 2647 μολυνθήσονται’
2604 2600 2626 2627 ι
2684 2574 2773 2629 καὶ
2821 2572 3008 2630 πάλιν·
3064 2595 3094 2630 α
3142 2578 3247 2629 Νῦν
3304 2577 3663 2654 καταφάγεται
3717 2577 3753 2646 ἡ

2101 2658 2323 2739 ἐρυσίϐη
2354 2666 2461 2737 (71)
2493 2662 2618 2719 τοὺς
2666 2661 2911 2740 κλήρους
2958 2662 3153 2719 αὐτῶν
3190 2688 3218 2716 ››
3247 2664 3337 2719 καὶ
3386 2666 3566 2728 καθὼς
3595 2665 3623 2720 0
3652 2670 3757 2721 Mt-

2101 2751 2263 2828 χαίας
2298 2752 2453 2831 φησί·
2490 2777 2511 2804 ι
2546 2756 2626 2827 Τῇ
2675 2754 2859 2830 ἡμέρᾳ
2902 2751 3075 2827 ἐκείνῃ
3118 2751 3454 2831 ληφθήσεται
3504 2752 3582 2830 ἐφ’
3615 2754 3753 2826 ὑμᾶς

2099 2836 2416 2914 παραϐολὴ,
2465 2842 2555 2897 καὶ
2614 2844 2938 2917 θρηνήσεται
2993 2844 3190 2919 θρῆνος
3248 2840 3439 2915 ἰμμεεί
3664 2839 3757 2897 λέ.-

2098 2951 2233 3008 γων’
2265 2930 2620 3008 Ταλαιπωρίᾳ
2648 2930 3065 3007 ἐταλαιπώρησε
3098 2931 3249 3006 μερὶς
3280 2927 3415 2986 λαοῦ
3450 2951 3577 3004 μου,
3610 2952 3765 2985 κατε-

2106 3023 2354 3097 μετρήθη
2415 3020 2469 3076 ἐν
2523 3021 2778 3095 σχοινίῳ,
2829 3021 2927 3076 οὐκ
2972 3022 3038 3090 ἦν
3090 3021 3118 3075 0
3165 3018 3396 3075 κωλύων
3456 3019 3616 3076 αὐτὸν
3662 3024 3762 3075 τοῦ

3666 3109 3765 3165 Kal

342 3204 472 3275 ejus
510 3203 571 3258 in
619 3200 889 3272 sulphur.
942 3199 1183 3271 Eritque
1228 3202 1385 3255 terra
1428 3175 1853 3269 ebrum'quasi
1896 3198 1992 3270 pix

2110 3175 2388 3255 συνελόντι
2448 3175 3101 3278 φράσαι,”τολμήσαντες
3157 3175 3325 3255 ὶωτὲί
3377 3175 3475 3255 τοῦ
3539 3199 3762 3276 Κυρίου,

346 3292 560 3349 ardens
592 3295 759 3345 nocte
791 3293 846 3346 et
874 3288 988 3356 die,
1012 3292 1071 3343 et
1100 3303 1217 3343 non
1245 3285 1657 3357 exstinguetur
1681 3285 1741 3340 in
1780 3287 1999 3358 sempi-

346 3384 606 3446 ternum,
640 3378 1034 3449 ascendetque
1081 3378 1280 3431 fumus
1317 3377 1447 3447 ejus
1485 3390 1747 3430 sursum.
1781 3375 1912 3431 Haec
1939 3375 1998 3431 in

350 3466 787 3541 generationem
820 3462 1202 3531 desolabitur,
1236 3466 1294 3517 et
1321 3460 1679 3518 habitabunt
1707 3462 1767 3519 in
1801 3479 1872 3518 ea
1898 3479 1999 3519 vo-

346 3554 541 3612 lucres
570 3557 628 3611 et
656 3553 931 3620 erinacei,
964 3556 1020 3607 et
1049 3550 1240 3608 ibides
1285 3555 1345 3608 et
1391 3549 1567 3607 corvi.
1598 3551 1669 3607 Et
1696 3552 2004 3607 inducetur

350 3645 414 3702 in
443 3660 573 3701 eam
606 3642 907 3699 funiculus
945 3641 1271 3713 geometriae
1300 3641 1506 3709 eremi,
1537 3644 1594 3696 et
1621 3642 1999 3698 onocentauri

348 3732 706 3790 habitabunt
734 3732 792 3789 in
832 3748 919 3787 ea.
953 3729 1253 3802 Principes
1289 3729 1420 3801 ejus
1452 3746 1566 3786 non
1597 3733 1802 3797 erunt;
1836 3745 2001 3801 reges

349 3827 407 3879 et
450 3827 753 3895 magnetes
784 3821 914 3891 ejus
944 3823 1119 3875 erunt
1166 3818 1225 3873 in
1275 3818 1615 3891 perniciem.
1650 3818 1717 3874 Et
1745 3818 1999 3892 pullula-

345 3913 498 3969 bunt
525 3911 585 3967 in
617 3910 950 3968 civitatibus
988 3909 1118 3981 ejus
1155 3908 1318 3981 ligna
1344 3907 1569 3980 spinea,
1600 3913 1660 3964 et
1694 3908 1753 3963 in
1795 3910 2000 3981 prasi-

346 4002 460 4058 diis
492 4003 642 4074 ejus.
674 4001 746 4056 Et
774 4000 885 4055 erit
931 3997 1231 4057 stabulum
1283 3997 1569 4066 sirenum,
1599 4001 1656 4054 et
1694 3998 1999 4071 tugurium

347 4091 776 4157 struthionum,
806 4094 862 4145 et
889 4092 1199 4145 occurrent
1237 4087 1528 4144 daemonia
1565 4090 1995 4157 onocentauris,

347 4186 404 4238 et
459 4179 802 4236 clamabunt
849 4177 997 4234 alter
1044 4178 1116 4233 ad
1173 4175 1446 4233 alterum.
1498 4176 1580 4233 Ibi
1632 4180 2002 4251 requiescent

348 4266 729 4326 onocentauri
765 4284 778 4324 :
826 4268 1176 4324 invenerunt
1220 4266 1374 4323 enim
1425 4266 1538 4323 sibi
1579 4269 1861 4339 requiem.
1913 4271 1995 4325 Ibi

348 4358 556 4415 nidum
609 4357 743 4415 fecit
788 4357 1112 4426 erinaceus,
1155 4360 1212 4413 et
1256 4356 1509 4413 servavit
1555 4359 1723 4413 terra-
1759 4375 2000 4431 campos

347 4465 488 4504 suos
516 4464 651 4504 cum
682 4448 993 4504 securitate
1014 4448 1081 4503 ³⁷.
1112 4468 1140 4496 ››

2109 3290 2226 3343 καθ’
2276 3290 2478 3345 ἑαυτῶν
2536 3290 2636 3358 τὴν
2698 3290 2906 3365 ἡμέραν
2958 3287 3453 3367 προσεκαλέσαντο,
3500 3288 3568 3359 ἢν
3627 3310 3767 3367 προ-

2111 3375 2265 3454 έλεγε
2310 3378 2399 3433 καὶ
2448 3380 2477 3433 0
2524 3381 2840 3455 προφήτης·
2887 3403 2915 3431 ‹‹
2963 3380 3171 3456 Ἦμιρα
3208 3378 3312 3454 γὰρ
3374 3377 3603 3455 κρίσεως
3664 3382 3768 3437 Κυ-

2111 3466 2251 3542 ρίου,
2311 3464 2722 3531 ἀνταποδόσεως
2779 3468 3008 3542 κρίσεως
3060 3469 3222 3525 Σιών.
3274 3467 3376 3525 Καὶ
3433 3470 3767 3547 στραφήσον-

2108 3578 2195 3613 ται
2253 3558 2308 3612 αἱ
2364 3558 2631 3635 φάραγγες
2689 3557 2766 3620 εἷς
2823 3558 3036 3628 πίσσαν,
3091 3558 3181 3614 καὶ
3238 3560 3274 3628 ἡ
3333 3565 3405 3633 γῆ
3467 3557 3631 3628 αὐτῆς
3682 3557 3762 3620 εἷς

2111 3653 2277 3712 θεῖον.
2313 3647 2410 3705 Καὶ
2455 3644 2601 3703 ἔσται
2632 3649 2666 3718 ἡ
2697 3654 2766 3724 γῆ
2818 3648 2986 3717 αὐτῆς
3029 3648 3103 3709 ὡς
3152 3647 3316 3702 πίσσα
3362 3647 3626 3721 καιομένη
3671 3667 3758 3701 νυ-

2109 3738 2237 3798 κτὸς
2282 3738 2371 3792 καὶ
2414 3738 2646 3813 ἡμέρας,
2678 3737 2768 3792 καὶ
2820 3737 2882 3792 οὐ
2928 3732 3277 3808 σὸεσθήσεται
3340 3736 3415 3800 εἷς
3452 3737 3544 3792 τὸν
3598 3735 3763 3791 αἰῶνα

2110 3826 2331 3903 χρόνον,
2355 3824 2443 3881 καὶ
2475 3821 2802 3897 ἀναϐήσεται
2834 3827 2863 3881 0
2893 3826 3095 3888 καπνὸς
3127 3825 3293 3896 αὐτῆς
3326 3824 3455 3881 ἅνω.
3476 3824 3621 3896 Δῧτη
3653 3828 3768 3899 (73)

2111 3914 2186 3977 εἷς
2214 3914 2396 3991 γενεὰν
2457 3914 2899 3991 ἐρημωθήσεται,
2930 3915 3020 3970 καὶ
3064 3916 3479 3986 κατοικήσουσιν
3531 3915 3583 3970 ἐν
3632 3912 3770 3987 αὐτῇ

2110 4000 2269 4081 ὄρνεα
2305 4004 2394 4059 καὶ
2449 4003 2648 4079 ἐχῖνοι,
2700 4004 2789 4059 καὶ
2859 3999 3016 4077 ἴϐεις,
3066 4004 3154 4059 καὶ
3204 4002 3455 4081 κόρακες.
3506 4004 3604 4059 Καὶ
3656 4003 3770 4059 ἐπι-

2110 4089 2446 4165 ϐληθήσεται
2497 4092 2577 4147 ἐπ’
2616 4091 2783 4161 αὐτὴν
2829 4092 3087 4167 σπαρτίον
3142 4093 3476 4169 γεωμετρίας
3534 4093 3767 4169 ἐρήμου,

2108 4182 2199 4238 καὶ
2255 4181 2633 4256 όνοκὲνταυροι
2691 4182 3007 4253 οἰκήσουσιν
3071 4181 3121 4237 ἐν
3180 4181 3341 4256 αὐτῇ.
3394 4182 3459 4237 0i.
3507 4180 3768 4259 ἄρχοντες

2110 4272 2275 4340 αὐτῆς
2308 4270 2408 4326 οὐκ
2434 4267 2665 4326 ἓσονται·
2702 4271 2792 4325 καὶ
2825 4272 2878 4325 οἱ
2913 4271 3158 4347 βασιλεῖς
3217 4270 3303 4326 καὶ
3354 4271 3407 4326 οἱ
3457 4276 3768 4347 μεγιστᾶνες

2110 4358 2276 4429 αὐτῆς
2321 4357 2534 4415 ἔσονται
2590 4360 2665 4422 εἰς
2712 4358 3007 4417 ἀπώλειαν.
3058 4361 3164 4416 Καὶ
3210 4358 3462 4437 ἀναφύσει
3531 4358 3606 4422 είς
3673 4359 3770 4422 τὰς

2025 4437 2073 4503 D
2104 4448 2297 4511 πόλεις
2355 4448 2523 4519 αὐτῆς
2582 4450 2835 4513 ἀκάνθινα
2890 4447 3045 4524 ξύλα,
3077 4448 3166 4505 καὶ
3200 4447 3277 4512 εἷς
3303 4449 3372 4504 τὰ
3429 4448 3769 4525 ὀχυρώματα

343 4534 532 4604 αὐτῆς.
590 4534 689 4589 Καὶ
747 4531 893 4589 ἔσται
944 4530 1169 4595 ἔπαυλις
1227 4534 1490 4609 σειρήνων
1549 4543 1639 4586 καί
1700 4532 1843 4602 αύλή
1904 4542 2203 4609 στρουθῶν,
2256 4538 2343 4592 καὶ
2404 4540 2788 4608 συναντήσουσι
2849 4535 3105 4612 δαιμόνια
3187 4537 3619 4611 ὀνοκενταύροις,
3677 4536 3769 4591 καὶ

347 4623 638 4701 βοήσουσιν
690 4620 877 4699 ἕτερος
936 4622 1072 4698 πρὸς
1120 4621 1211 4678 τὸν
1264 4618 1471 4698 ῖτερον,
1506 4623 1651 4676 Ἐκεῖ
1707 4622 2100 4683 ἀναπαύσονται
2158 4628 2558 4703 ὁνοκένταυροιο
2615 4629 2769 4702 εὗρον
2828 4627 2932 4704 γὰρ
2991 4626 3174 4689 αὐτοῖς
3244 4625 3563 4684 ἀνάπαυσιν.
3628 4627 3771 4682 Ἐκεῖ

342 4711 644 4768 ἐνόσσευσεν
679 4710 886 4787 ἐχῖνος,
918 4711 1008 4766 καὶ
1040 4709 1232 4766 ἔσωσεν
1264 4713 1299 4781 ἡ
1331 4717 1400 4788 γῆ
1441 4711 1508 4766 τὰ
1536 4707 1695 4766 πεδία
1724 4710 1894 4782 αὐτῆς
1929 4717 2063 4788 μετὰ
2093 4714 2408 4795 ἀσφαλείας.
2445 4740 2474 4769 ››

414 4803 503 4859 33.
539 4802 602 4858 In
649 4802 758 4858 has
808 4800 1174 4858 calamitates
1220 4801 1557 4858 inciderunt
1604 4802 1811 4871 Judaai,
1856 4821 1996 4862 cum

342 4895 620 4965 putarent
674 4906 735 4947 se
785 4889 1100 4947 Dominum
1158 4890 1465 4948 occidere:
1503 4889 1624 4947 haec
1682 4892 1994 4951 adversum

340 4996 405 5038 se
461 4984 874 5054 provocarunt,
920 4979 1062 5034 dum
1114 4978 1435 5037 clamarent
1470 4979 1533 5036 in
1581 4980 1986 5040 Salvatorem:

410 5160 456 5197 ²¹
492 5160 605 5216 Isa.
638 5176 682 5229 ι,
711 5161 767 5215 2.
842 5157 890 5193 ²²
919 5156 1126 5215 Matth.
1156 5174 1318 5229 χχιιι,
1350 5159 1440 5215 38.

336 5231 393 5298 4,
423 5231 479 5286 5.
557 5231 602 5267 ’⁷
634 5230 746 5287 Isa.
778 5246 970 5298 xxxxv,
1001 5230 1160 5285 8-15.

429 5428 521 5500 67)
552 5427 788 5500 Regius,
817 5433 920 5497 τῆς
955 5426 1240 5489 υἱοθεσίας.

430 5498 522 5575 08)
554 5498 1085 5575 ita—Regius._Editi
1114 5517 1268 5571 vero,
1286 5498 1390 5575 ,ἀφ’
1418 5499 1601 5575 ἡμῶν.

556 5568 779 5646 Βρεμξὲ
815 5573 994 5628 codex
1042 5577 1099 5646 et
1154 5568 1380 5646 Anglic.
1422 5568 1745 5646 γιγνόμενον
1801 5568 1987 5645 διαμε-

336 5640 554 5718 ρισμόν.
586 5640 738 5700 Editi
769 5659 924 5712 vero,
951 5640 1278 5718 γιγνόμενοῖ
1306 5640 1595 5717 μερισμόν;

505 5428 522 5642 ἒ

1537 5158 1584 5195 ³³
1614 5163 1778 5217 Deut.
1813 5177 1991 5231 χχχιι,
2024 5164 2112 5220 12.
2187 5164 2235 5200 ³⁸
2260 5164 2501 5223 Zachar.
2527 5181 2643 5235 xxv,
2677 5166 2731 5234 1,
2761 5164 2816 5220 2.
2894 5163 2942 5200 ⁸⁸
2972 5164 3138 5222 Osee.
3170 5178 3226 5237 v,
3259 5164 3315 5221 7.

2178 4808 2268 4862 33.
2301 4808 2481 4863 Ταῦτα
2538 4805 2864 4871 πεπόνθασιν
2921 4806 2973 4861 οἱ
3024 4802 3301 4876 Ἰουδαῖοι,
3336 4802 3616 4868 δοκοῦντες
3675 4805 3765 4860 τὸν

2106 4894 2301 4972 Κύριον
2361 4895 2719 4951 ἀποκτείνειν·
2774 4899 2942 4951 ταῦτα
3012 4896 3132 4959 καθ’
3190 4896 3394 4951 ἑαυτῶν
3466 4893 3767 4972 προεκαλέ-

2100 5004 2283 5054 σαντο,
2320 4985 2550 5059 βοῶντες
2598 4985 2735 5039 κατὰ
2773 4987 2872 5039 τοῦ
2922 4990 3205 5060 Σωτῆρος·
3241 4983 3294 5039 ἐν
3340 4983 3558 5048 τούτοις
3607 5005 3764 5040 κατε-

3413 5164 3458 5201 ³⁸
3488 5163 3666 5223 Mich.
3701 5180 3766 5234 n,

2193 5435 2284 5506 70)
2331 5434 2573 5506 Regius,
2606 5432 2694 5488 ἐπὶ
2727 5429 3114 5506 Ἰερουσαλήμι

2194 5503 2284 5581 71⁷)
2318 5506 2403 5581 ita
2418 5503 2641 5581 Regius
2673 5511 2730 5561 et
2757 5503 2982 5581 Anglic.
3019 5503 3363 5581 Editiyero,
3395 5504 3649 5581 ἐρυσίμη.

2172 5573 2285 5720 (72)
2322 5573 2568 5649 Ἐμμεᾶ,
2603 5573 2881 5634 mendose
2913 5593 3016 5648 pro
3049 5574 3101 5631 ἰν
3138 5573 3314 5649 μέλει.

2172 5648 2263 5720 (73
2317 5648 2458 5718 Αὕτη
2494 5651 2656 5707 deest
2680 5650 2741 5706 in
2771 5648 3113 5720 Anglicano.

2170 5648 2285 5720 (73)
2317 5648 2458 5718 Αὕτη
2494 5651 2656 5707 deest
2680 5650 2741 5706 in
2771 5648 3113 5723 Anglicano.
