4154 6390
350 398 470 458 247

1545 399 1608 456 S.
1655 389 2180 456 ATHANASIUS.
2211 423 2287 434 —
2315 389 2582 452 DUBIA.

3659 395 3778 455 248

355 547 484 587 reos
531 531 682 586 efﬁci
736 532 945 587 mortis
993 530 1308 588 Salvatoris
1351 546 1364 584 :
1412 545 1626 598 nam,«
1661 527 2006 597 Quicunque

2130 518 2348 593 ἀναξίως
2405 520 2571 576 αὐτοῦ
2626 519 3066 594 πολιτευόμενοι,
3118 523 3404 597 ἀγνοοῦσιν
3487 525 3776 580 ὑπεύθυνοι

359 620 802 676 manducaverit
843 638 1077 692 panem,
1125 625 1182 676 et
1229 619 1442 675 biberit
1489 620 1728 674 calicem
1783 614 2010 672 Domini

358 709 618 780 indigne,
665 725 799 764 reus
856 709 968 764 erit
1024 709 1283 780 corporis
1340 713 1398 763 et
1453 706 1757 779 sanguinis
1815 704 2012 760 Domi-

357 797 419 852 ni
447 798 513 866 ³³,
541 819 569 846 ››
621 800 876 852 testatur
931 797 1268 869 Apostolus.
1302 797 1515 852 Eadem
1574 794 1816 863 ratione,
1842 815 1869 842 «
1904 791 2011 858 Qui

359 886 484 942 odit
542 885 779 941 fratrem
832 903 1026 955 suum,
1059 902 1174 940 non
1225 885 1418 956 diligit
1469 883 1812 949 Dominum;
1849 903 1877 930 ››
1909 881 2012 936 sed

360 973 602 1047 perinde
646 980 822 1046 atque
867 975 1050 1030 Judaei
1083 974 1250 1029 illum
1285 975 1414 1029 odio
1448 973 1637 1029 habet.
1662 971 1768 1038 Qui
1817 974 2013 1026 autem

363 1079 682 1136 pauperem
743 1063 913 1118 nihili
970 1065 1127 1130 facit,
1180 1064 1231 1118 is
1290 1062 1626 1128 Dominum,
1684 1066 1749 1116 ut
1805 1059 2012 1126 Judaei,

365 1151 724 1208 contumelia
763 1153 961 1208 afﬁcit.
997 1153 1114 1208 Hoc
1162 1151 1433 1207 Salomon
1461 1150 1543 1205 ait
1573 1166 1587 1207 :
1621 1171 1651 1200 ‹‹
1683 1149 1789 1215 Qui
1819 1148 2014 1219 despi-

369 1241 448 1297 cit
477 1257 813 1313 pauperem,
846 1242 1156 1314 exprobrat
1207 1241 1407 1296 factori
1453 1241 1578 1310 ejus
1601 1240 1666 1293 ³³.
1695 1261 1723 1288 ››
1754 1238 1860 1303 Qui
1911 1254 2015 1293 ne-

367 1329 536 1402 gligit
584 1346 898 1402 pauperem
949 1331 1323 1400 esurientem,
1354 1330 1646 1386 sitientem
1679 1333 1737 1383 et
1764 1328 2014 1393 nudum,

368 1419 582 1475 similis
611 1425 696 1475 est
721 1420 943 1476 Judaais
993 1421 1092 1492 qui
1143 1419 1449 1476 Dominum
1490 1421 1794 1486 exuerunt,
1827 1421 1885 1472 et
1915 1432 2016 1487 po-

366 1511 639 1564 taverunt
667 1513 828 1564 aceto
879 1513 938 1564 et
985 1509 1134 1564 felle.
1173 1509 1238 1563 Et
1269 1507 1371 1580 qui
1404 1524 1648 1562 munera
1699 1522 1878 1578 super
1927 1505 2017 1559 in—

376 1602 654 1653 nocentes
701 1597 1006 1670 acceperit,
1039 1597 1185 1653 nihil
1233 1597 1426 1653 diﬂ'ert
1454 1597 1525 1652 ab
1557 1613 1622 1651 eo
1672 1595 1772 1667 qui
1822 1595 2017 1650 Domi-

371 1703 515 1743 num
555 1686 836 1754 vendidit,
869 1687 1023 1743 Juda
1055 1703 1067 1742 :
1102 1687 1228 1759 ipse
1256 1686 1413 1742 enim
1443 1701 1676 1757 quoque
1699 1683 2017 1756 justitiam,

373 1790 504 1846 quis
535 1779 624 1830 est
671 1775 978 1842 Dominus,
1009 1776 1226 1844 vendit,
1251 1780 1317 1832 ut
1348 1775 1444 1830 ille
1493 1773 1789 1830 Christum
1821 1772 2018 1828 vendi-

373 1862 480 1918 dit.
512 1863 583 1918 Et
635 1863 747 1961 qui
791 1880 908 1961 non
958 1863 1496 1961 judicatupu_pillo,_
1524 1862 1869 1961 nea-viduas
1917 1861 2020 1932 jus
2053 1896 2100 1961 B

374 1968 553 2008 suum
586 1953 796 2020 reddit,
828 1953 880 2009 is
927 1959 1017 2009 est
1064 1952 1272 2010 similis
1322 1951 1768 2008 insidiatoribus
1817 1955 1874 2008 et
1922 1967 2021 2006 ca-

375 2037 834 2098 lumniatoribus
865 2042 1114 2098 Domini.
1139 2042 1406 2111 Demum,
1431 2058 1562 2114 quas
1591 2042 1722 2111 quis
1752 2041 1810 2096 in
1843 2041 2028 2112 proxi-

375 2145 540 2185 mum
590 2134 887 2202 operatur,
920 2147 987 2187 ea
1017 2135 1366 2203 reputantur
1413 2132 1567 2186 facta
1596 2131 1655 2185 in
1687 2130 2023 2197 Dominum,

373 2218 476 2291 qui
508 2224 746 2291 propter
790 2237 896 2276 nos
951 2220 1271 2288 descendit,
1305 2223 1362 2275 et
1391 2237 1496 2291 pro
1546 2219 1716 2275 nobis
1762 2223 2028 2276 mortuus

372 2312 480 2364 est.
510 2310 597 2364 Ita
627 2324 887 2381 namque
935 2309 1017 2365 ait
1054 2309 1182 2381 ipse
1233 2309 1514 2365 Dominus
1559 2309 1618 2364 in
1644 2309 1975 2380 Evangeliis
2009 2326 2022 2364 :

368 2420 397 2447 «
430 2397 491 2452 1n
523 2401 813 2468 quantum
867 2398 966 2452 uni
1023 2414 1091 2452 ex
1147 2397 1383 2470 pusillis
1431 2397 1556 2454 istis
1615 2398 1857 2466 fecistis,
1882 2397 2033 2471 mihi

372 2486 598 2542 fecistis
620 2486 684 2542 3‘.
714 2509 741 2535 »
774 2486 1030 2542 Rursum
1072 2487 1183 2543 hoc
1228 2487 1556 2543 necessarie
1589 2488 1892 2544 sciendum
1926 2491 2032 2545 ob-

371 2576 844 2647 servandumque
874 2581 985 2632 est.
1018 2575 1124 2640 Qui
1159 2577 1504 2644 fornicatur,
1539 2593 1708 2633 suam
1751 2578 1875 2649 ipse
1904 2579 2030 2634 ani-

365 2681 526 2720 mam
557 2665 768 2736 perdit,
805 2666 1279 2737 contumeliaque
1323 2666 1534 2738 afﬁcit,
1569 2672 1633 2722 ut
1660 2667 1846 2724 Judaei
1881 2673 2033 2724 tem-

366 2751 533 2824 plum
592 2759 646 2807 el
705 2770 920 2824 corpus
977 2753 1223 2810 Domini.
1289 2754 1396 2818 Qui
1460 2772 1614 2824 vero,
1657 2777 1684 2805 «
1745 2756 2029 2827 templum

366 2840 600 2897 Domini
659 2842 986 2911 violaverit,
1047 2843 1347 2915 disperdet
1404 2842 1571 2900 illum
1635 2845 1924 2913 θεωρῇ»
1965 2851 2030 2904 ut

366 2928 585 2985 Paulus
645 2931 872 2986 scribit.
906 2933 975 2986 Et
1023 2933 1121 3004 qui
1183 2933 1292 2988 sub
1352 2949 1528 3004 regno
1578 2935 1798 3004 peccati
1847 2935 2024 3008 degit,

363 3017 512 3073 nihil
546 3019 736 3075 diﬂ’ert
768 3037 802 3075 a
827 3021 1052 3076 Judisis
1109 3022 1533 3092 abnegantibus
1581 3023 2030 3096 dicentibusque

367 3123 456 3174 se,
479 3125 592 3164 non
631 3109 964 3177 Dominum,
991 3111 1092 3166 sed
1116 3112 1403 3167 Caesarem
1435 3128 1630 3183 regem
1653 3112 1885 3168 habere.
1913 3114 2028 3170 Nec

363 3195 756 3269 ignorandum
790 3203 900 3266 est,
933 3217 1066 3256 eum
1110 3200 1210 3271 qui
1240 3200 1641 3274 voluptatibus
1683 3201 2018 3273 subjicitur,

2121 609 2402 683 γινόμενοι
2428 613 2526 663 τοῦ
2567 610 2797 672 θανάτου
2825 615 2923 664 τοῦ
2956 613 3234 685 Σωτῆρος·
3272 635 3300 664 ‹‹
3329 617 3420 673 Ὃς
3451 638 3478 665 ››
3515 612 3620 688 γάρ
3653 639 3682 666 ‹‹
3716 614 3776 668 ἃν

2121 696 2266 771 ἐσθίῃ
2321 697 2413 752 τὸν
2477 697 2659 774 ἄρτον,
2690 699 2779 752 καὶ
2839 698 2966 773 πίνῃ
3015 700 3079 754 τὸ
3137 702 3403 775 ποτήριον
3430 706 3528 756 τοῦ
3580 703 3780 778 Κυρίου

2120 785 2368 856 ἀναξίως,
2401 783 2596 862 ἔνοχός
2645 787 2754 842 ἐστι
2802 792 2900 842 τοῦ
2947 789 3201 862 σώματος
3248 789 3336 844 καὶ
3397 795 3494 844 τοῦ
3553 789 3782 863 α’ίματος

2119 879 2216 930 τοῦ
2277 875 2500 949 Κυρίου,
2561 899 2590 927 ››
2646 877 2674 930 6
2734 875 3068 938 ’Δπόστολος
3155 877 3505 953 μαρτύρεται.
3567 880 3779 943 Οὕτως·

2124 989 2152 1016 ‹‹
2187 963 2285 1018 Καὶ
2317 965 2345 1018 6
2381 969 2551 1037 μισῶν
2585 963 2675 1019 τόν
2709 962 2942 1042 ἀδελφόν
2975 965 3142 1020 αὐτοῦ
3181 965 3281 1020 οὐκ
3335 966 3519 1041 ἀγαπᾷ
3547 967 3639 1023 τὸν
3674 969 3781 1025 Κύ-

2125 1073 2265 1129 ριον,
2296 1076 2324 1106 ››
2358 1052 2483 1108 ἀλλ’
2515 1053 2696 1130 ὥσπερ
2728 1055 2780 1108 οἱ
2813 1053 3089 1124 Ἰουδαῖοι,
3121 1056 3209 1110 καὶ
3237 1055 3398 1118 αὐτὸς
3457 1057 3634 1121 οὕτως
3667 1056 3786 1130 (79)

2125 1141 2300 1214 ἐμίσει
2353 1141 2564 1199 τοῦτον.
2597 1144 2653 1197 Ὀ
2694 1141 2751 1198 δὲ
2793 1143 2884 1198 τὸν
2934 1143 3139 1216 πένητα
3187 1143 3479 1215 ἐξουθενῶν
3530 1147 3781 1220 ἀτιμάζει

2198 1231 2211 1252 ‘
2311 1231 2323 1251 ’
2373 1232 2387 1250 ἱ
2499 1232 2513 1252 ι
2706 1234 2718 1254 9
2885 1239 2907 1249 τ
3206 1234 3220 1255 Ι
3355 1254 3366 1267 ⁸
3482 1240 3508 1250 ~

2123 1252 2213 1285 και
2266 1253 2449 1304 αυτος,
2483 1253 2557 1292 ως
2604 1233 2654 1287 οἱ
2723 1231 2983 1303 Ιουδαιοι,
3014 1235 3104 1288 τὸν
3149 1241 3344 1310 Κυριον
3415 1257 3582 1291 τουτο
3632 1235 3782 1312 λέγει

2129 1319 2428 1393 Σαλομών·
2460 1346 2487 1373 ‹‹
2522 1323 2582 1378 Ὁ
2613 1321 2902 1392 ἐξουθενῶν
2959 1324 3052 1377 τὸν
3113 1324 3340 1395 πένητα,
3391 1324 3641 1398 ἀτιμάζει
3691 1329 3782 1382 τὸν

2125 1411 2425 1480 ποιήσαντα
2482 1410 2661 1467 αὐτόν.
2715 1435 2742 1461 ››
2802 1412 2864 1467 Ὁ
2918 1415 3174 1488 παρορῶν
3233 1412 3442 1483 πένητα
3517 1420 3786 1471 πεινῶντα

2127 1498 2216 1553 καὶ
2250 1495 2486 1572 διψῶντα
2532 1499 2621 1554 καὶ
2654 1499 2886 1575 γυμνὸν,
2921 1499 3115 1574 ὅμοιός
3163 1501 3275 1556 ἐστι
3322 1509 3440 1565 τοῖς
3475 1502 3783 1578 Ἰουδαίοις,

2126 1592 2244 1650 τοῖς
2288 1587 2377 1642 καὶ
2426 1588 2518 1642 τὸν
2570 1588 2764 1660 Κύριον
2816 1587 3087 1659 ἐκδύσασι,
3137 1589 3228 1645 καὶ
3295 1591 3576 1646 ποτίσασιν
3627 1593 3788 1650 αὐτὸν

2129 1671 2250 1747 ὅξος
2305 1677 2395 1731 καὶ
2447 1677 2651 1752 χολήν.
2685 1678 2782 1732 Καὶ
2838 1680 2867 1734 6
2917 1674 3212 1752 λαμϐάνων
3269 1676 3418 1754 δῶρα
3469 1681 3552 1736 ἐπ’
3584 1683 3783 1747 ἀθώοις

2131 1765 2231 1821 οὐκ
2277 1762 2416 1820 ἔστιν
2473 1764 2643 1829 ἄλλος
2691 1772 2788 1822 τοῦ
2834 1769 3197 1838 πωλήσαντος
3246 1770 3338 1824 τὸν
3390 1771 3606 1848 Κύριον,
3647 1773 3722 1835 ὡς
3752 1775 3781 1828 6

2132 1852 2357 1918 Ἰούδας·
2409 1855 2499 1910 καὶ
2549 1854 2708 1918 αὐτὸς
2757 1857 2861 1931 γὰρ
2905 1858 3005 1926 τὴν
3057 1854 3425 1931 δικαιοσύνην,
3472 1860 3595 1930 ἥτις
3641 1861 3781 1917 ἔστὶν

2134 1945 2164 1999 6
2195 1943 2413 2018 Κύριος,
2462 1943 2661 2018 πωλεῖ,
2693 1945 2768 2008 ὡς
2819 1944 3020 2008 ἐκεῖνος
3061 1947 3152 2002 τὸν
3204 1947 3450 2021 Χριστόν.
3484 1949 3583 2004 Καὶ
3627 1950 3655 2005 6
3711 1953 3786 2025 μὴ

2134 2032 2330 2110 κρίνων
2382 2033 2623 2111 ὀρφανῷ,
2654 2034 2742 2088 καὶ
2789 2035 2852 2089 τὸ
2905 2031 3110 2090 δίκαιον
3159 2033 3453 2100 ἀποδιδοὺς
3495 2042 3564 2112 τῇ
3614 2041 3788 2116 χήρᾳ,

2137 2123 2165 2177 6
2203 2121 2363 2186 αὐτός
2415 2121 2527 2177 ἐστι
2572 2127 2690 2185 τοῖς
2741 2118 3156 2179 ἐπιϐουλεύσασι
3207 2129 3284 2196 τῷ
3333 2126 3514 2200 Κυρίῳ
3557 2127 3649 2182 καὶ
3698 2150 3788 2183 συ-

2134 2214 2531 2290 κοφαντήσασιν
2563 2211 2744 2267 αὐτόν.
2781 2211 2876 2266 Καὶ
2933 2212 3114 2286 τέλος,
3147 2214 3310 2269 ὁποῖα
3357 2213 3416 2270 ἂν
3458 2237 3540 2278 τις
3587 2216 3662 2280 είς
3699 2219 3789 2272 τὸν

2136 2300 2372 2371 πλησίον
2403 2300 2718 2377 ἐργάσηται,
2749 2306 2916 2356 ταῦτα
2963 2302 3042 2365 είς
3092 2304 3185 2358 τὸν
3241 2303 3435 2379 Κύριον
3486 2303 3787 2380 λογίζεται,

2137 2391 2228 2446 τὸν
2263 2389 2332 2446 δι’
2356 2393 2503 2463 ἡμᾶς
2535 2389 2866 2448 κατελθόντα
2892 2392 2981 2448 καὶ
3032 2393 3165 2470 ὑπὲρ
3204 2396 3364 2466 ἡμῶν
3410 2395 3776 2456 ἀποθανόντα.

2139 2481 2298 2539 Οὕτω
2352 2481 2454 2557 γὰρ
2497 2481 2586 2535 καὶ
2633 2482 2660 2536 6
2708 2480 2905 2558 Κύριος
2955 2481 3008 2537 ἐν
3057 2489 3177 2546 τοῖς
3225 2482 3586 2560 Εὑαγγελίοις
3617 2485 3783 2564 λέγει·

2141 2593 2168 2622 ‹‹
2204 2570 2317 2648 Ἐφ’
2349 2567 2472 2624 ὅσον
2516 2569 2807 2641 ἐποιήσατε
2859 2570 2934 2625 ἐνὶ
2982 2574 3087 2626 τῶν
3147 2577 3353 2649 μικρῶν
3403 2574 3631 2646 τούτων,
3664 2575 3788 2650 ἐμοὶ

2140 2659 2449 2730 ἐποιήσατε.
2484 2684 2512 2713 ›)
2548 2661 2646 2714 Καὶ
2677 2660 2863 2728 πάλιν,
2896 2659 3028 2737 ὅπερ
3062 2660 3200 2716 ἐστὶν
3254 2664 3544 2739 ἀναγκαῖον
3594 2664 3789 2721 εἱδὲναι

2135 2748 2226 2803 καὶ
2282 2754 2488 2822 τηρεῖν·
2553 2773 2575 2800 ι
2637 2751 2699 2806 Ὀ
2752 2749 3031 2825 πορνεύων
3087 2752 3186 2818 τὴν
3249 2751 3344 2823 μὲν
3417 2750 3551 2807 ἰδίαν
3603 2755 3788 2828 ψυχὴν

2137 2835 2428 2910 ἀπολλύει,
2462 2834 2668 2913 ὑϐρίζει
2703 2835 2758 2893 δὲ
2786 2839 2875 2893 καὶ
2903 2839 3082 2911 αὐτὸς,
3115 2839 3192 2902 ὠς
3225 2839 3506 2913 Ἰουδαῖοι,
3534 2842 3625 2896 τὸν
3659 2842 3784 2896 ναὸν

2137 2925 2228 2982 καί
2276 2928 2338 2982 τὸ
2383 2932 2542 3001 σῶμα
2587 2925 2684 2982 τοῦ
2732 2926 3093 3003 Κυρίου
3132 2953 3153 2979 ι
3185 2929 3243 2986 Ὀ
3292 2930 3393 3003 γὰρ
3458 2956 3482 2985 ι.
3519 2931 3610 2985 τὸν
3662 2931 3786 2985 ναὸν

2136 3021 2232 3071 τοῦ
2264 3020 2398 3071 Θεοῦ
2432 3017 2684 3093 φθείρων,
2720 3016 2988 3094 φθείρεται
3017 3017 3116 3071 ὑπὸ
3144 3021 3242 3072 τοῦ
3272 3023 3426 3085 Θεοῦ,
3460 3041 3489 3069 »
3522 3019 3598 3081 ὡς
3641 3025 3786 3074 Παῦ-

2138 3103 2236 3167 λος
2287 3107 2499 3183 γράφει.
2528 3106 2633 3162 Καὶ
2688 3106 2716 3159 6
2777 3107 2870 3178 μὲν
2923 3105 3026 3161 ὑπὸ
3078 3113 3180 3175 τῆς
3237 3105 3504 3182 ἁμαρτίας
3537 3107 3792 3182 βασιλευ-

2137 3193 2333 3266 όμενος
2365 3193 2516 3250 οὐδὲν
2559 3193 2776 3250 ἀποδὲει
2818 3199 2926 3250 τῶν
2977 3195 3322 3272 ἀρνουμένων
3369 3194 3666 3269 Ἰουδαίων,
3699 3198 3788 3252 καὶ

362 3263 554 3356 iisque
598 3287 854 3342 multum
887 3263 1239 3358 delectatur,
1270 3263 1492 3361 ipsum,
1524 3263 1888 3361 inquam,'ut
1914 3263 2016 3349 Ju;

2133 3263 2402 3359 λεγόντων
2468 3287 2543 3358 μὴ
2589 3282 2733 3361 ἔχειν
2781 3263 3408 3361 βασιλὲἀτὸν-Κύριον,
3464 3283 3610 3342 ἀλλά
3651 3263 3786 3342 ⁷Καί-

365 3373 543 3443 ᾶεθοε,
576 3375 903 3431 Barabbam
944 3377 1263 3449 postulare,
1295 3382 1352 3433 et
1381 3378 1694 3433 Dominum
1734 3379 2018 3438 occidere.

367 3461 454 3518 Ita
484 3479 740 3534 namque
777 3463 985 3531 Judaei,
1019 3466 1319 3538 improbos
1353 3467 1621 3522 Barabble
1663 3484 1854 3525 mores
1885 3470 2020 3524 dili-

370 3554 598 3622 gentes,
625 3552 863 3607 demum
895 3553 1172 3610 virtutem
1203 3559 1343 3610 sunt
1372 3555 1680 3627 persecuti.
1705 3557 2018 3615 Sciendum

369 3638 535 3707 item,
567 3655 703 3695 eum
752 3641 850 3712 qui
905 3642 960 3696 in
1013 3643 1126 3699 fide
1182 3643 1392 3700 ﬁrmus
1449 3661 1564 3700 non
1621 3650 1729 3714 est,
1765 3647 2017 3703 similem

368 3725 446 3782 iis
475 3743 604 3783 esse
633 3729 735 3800 qui
771 3729 1060 3787 increduli
1102 3732 1336 3789 aiebant
1368 3751 1381 3788 :
1408 3755 1437 3785 «
1470 3733 1528 3789 Si
1565 3733 1750 3791 Filius
1781 3737 1876 3791 Dei
1909 3741 2017 3808 est,

375 3817 694 3874 descendat
747 3837 904 3875 nunc
961 3822 1031 3876 de
1089 3839 1280 3888 cruce,
1339 3827 1397 3878 et
1452 3824 1758 3880 credemus
1809 3825 1858 3880 ei
1891 3827 1956 3883 ³⁸.
1990 3847 2018 3876 ››

372 3905 519 3961 Nam
578 3907 698 3962 hec
745 3907 830 3963 illi
880 3926 983 3981 per
1027 3910 1499 3968 incredulitatem
1547 3913 1839 3970 dicebant.
1871 3915 2019 3978 Quid

371 3993 554 4067 igitur
583 3997 641 4052 in
674 3997 836 4054 hisce
888 4001 1226 4072 agendum?
1255 4001 1411 4057 Nihil
1462 4001 1619 4058 aliud
1671 4020 1847 4076 quam
1901 4021 2020 4061 cre-

371 4084 506 4140 dere
537 4085 785 4153 Cbristo,
820 4092 876 4143 et
917 4089 1240 4146 secundum
1283 4089 1451 4146 illum
1481 4091 1661 4148 vitam
1692 4092 2018 4159 instituere,

371 4175 874 4244 quemadmodum
923 4182 980 4232 et
1025 4179 1244 4234 Paulus
1293 4179 1375 4235 ait
1426 4182 1854 4238 :«Imitatores
1907 4182 2021 4238 mei

369 4266 574 4332 estote,
611 4263 763 4320 sicut
791 4271 849 4321 et
876 4283 980 4340 ego
1011 4267 1225 4323 Christi
1249 4269 1314 4337 ³⁷,
1340 4291 1367 4318 ››
1399 4275 1456 4326 et
1482 4269 1819 4327 Judaaorum
1858 4290 2022 4330 aver-

369 4351 488 4406 sari
545 4353 884 4424 amicitiam,
941 4355 1435 4427 incredulitatem,
1504 4359 2017 4429 subsannationes,

370 4439 622 4528 fabulas,
643 4445 1014 4517 genealogias
1044 4446 1478 4516 interminatus,
1501 4465 1627 4518 quae
1650 4450 1847 4521 potius
1869 4469 2020 4522 quas-

373 4529 591 4586 stion‘es
623 4531 894 4602 afferunt,
919 4551 1096 4606 quam
1145 4536 1593 4592 aedificationem
1640 4537 1740 4594 Dei
1781 4538 1838 4593 in
1874 4541 2016 4604 ﬁde;

2131 3393 2286 3449 σαρα.
2317 3375 2405 3442 Μὴ
2467 3373 2724 3449 ἀγνοείτω
2755 3370 2813 3428 δὲ
2855 3375 2883 3428 6
2930 3373 3294 3449 κρατούμενος
3347 3375 3450 3429 ὑπὸ
3496 3379 3603 3430 τῶν
3656 3375 3786 3446 ἠδο-

2128 3467 2259 3534 νῶν,
2291 3464 2379 3518 καὶ
2444 3463 2657 3536 μᾶλλον
2704 3463 2891 3525 αὐταῖς
2937 3463 3289 3537 τερπόμενος,
3323 3464 3404 3519 δτι
3464 3465 3553 3520 καὶ
3604 3466 3785 3538 αὐτὸς,

2130 3551 2204 3614 ὡς
2250 3553 2302 3607 οἱ
2352 3552 2628 3626 Ἰουδαῖοι,
2659 3553 2751 3608 τὸν
2806 3547 3089 3626 Βαραϐϐᾶν
3122 3553 3370 3624 αἶ’τεῖται,
3403 3554 3493 3609 καὶ
3531 3556 3622 3609 τὸν
3672 3554 3781 3610 Κύ-

2133 3663 2248 3720 ριον
2296 3641 2623 3700 ἀποκτείνει.
2676 3640 2836 3700 Οὕτω
2877 3643 2979 3718 γάρ
3019 3643 3071 3696 οἱ
3116 3640 3395 3710 Ἰουδαῖοι,
3426 3645 3516 3700 τὸν
3578 3641 3780 3721 φαῦλον

2129 3733 2331 3807 τρόπον
2384 3732 2756 3808 ἀγαπήσαντες
2821 3731 2914 3787 τὸν
2961 3736 3056 3787 τοῦ
3119 3728 3396 3808 Βαραϐϐἄ,
3449 3733 3641 3789 λοιπὸν
3683 3735 3781 3802 τήν

2130 3821 2326 3897 ἀρετὴν
2356 3819 2676 3894 ἀπεδίωξαν.
2711 3819 3027 3876 Γινωσκὲτω
3076 3818 3133 3875 δὲ
3179 3821 3270 3876 καὶ
3303 3822 3330 3875 6
3367 3823 3442 3895 μή
3492 3826 3561 3895 τῇ
3608 3822 3784 3878 πίστει

2131 3909 2379 3986 ἰσχυρὸς,
2413 3910 2495 3965 ὅτι
2551 3910 2801 3973 τοιοῦτός
2857 3910 3021 3981 ἐστιν,
3055 3910 3131 3971 ὡς
3183 3911 3234 3963 οἱ
3291 3909 3640 3973 ἀπιστοῦντες
3694 3911 3784 3966 καὶ

2133 3998 2414 4075 λέγοντες·
2456 4024 2484 4052 ‹‹
2515 4000 2579 4058 Εἰ
2612 3999 2734 4062 Υἱός
2767 3998 2876 4054 ἐστι
2908 4003 3004 4054 τοῦ
3035 4003 3189 4069 Θεοῦ,
3221 3995 3508 4055 καταϐάτω
3540 4005 3630 4054 νῦν
3678 4000 3785 4056 ἀπὸ

2135 4093 2225 4144 τοῦ
2285 4094 2537 4165 σταυροῦ,
2596 4088 2686 4144 καὶ
2762 4088 3119 4162 πιστεύσομεν
3185 4088 3354 4160 αὐτῷ.
3418 4112 3446 4140 ››
3509 4088 3607 4143 Καὶ
3682 4090 3786 4165 γὰρ

2129 4179 2367 4234 κάκεῖνοι
2424 4178 2773 4239 ἀπιστοῦντες
2831 4177 3155 4256 ἐφθέγγοντο
3195 4181 3362 4231 ταῦτα
3408 4180 3541 4250 (81).
3585 4177 3644 4232 Τί
3694 4176 3784 4233 οὗν

2130 4267 2217 4322 ἐπὶ
2261 4266 2476 4329 τούτοις
2502 4269 2613 4342 χρὴ
2646 4271 2821 4321 ποιεῖν
2849 4286 2861 4335 ;
2895 4264 3063 4324 Οὐδὲν
3111 4263 3292 4339 ἓτερον
3319 4266 3354 4334 ἢ
3387 4264 3654 4321 πιστεύειν
3705 4271 3786 4339 τῷ

2128 4358 2365 4428 Χριστῷ,
2396 4357 2486 4411 καὶ
2537 4357 2653 4411 κατ’
2710 4355 2869 4410 αὐτὸν
2921 4353 3324 4423 πολιτεύεσθαι,
3374 4355 3551 4419 καθὼς
3609 4355 3699 4410 καὶ
3756 4357 3785 4410 6

2132 4444 2348 4506 Παῦλος
2399 4444 2562 4520 λέγει·
2611 4470 2639 4497 ι(
2686 4445 2939 4517 Μιμηταί
2991 4466 3096 4518 μου
3143 4444 3369 4520 γίνεσθε,
3402 4444 3582 4507 καθὼς
3630 4444 3783 4521 κάγὼ

2131 4538 2391 4605 Χριστοῦ·
2424 4557 2452 4587 ›)
2485 4533 2574 4588 καὶ
2603 4535 2701 4603 τὴν
2740 4535 2834 4608 μὲν
2866 4531 3161 4590 Ἰουδαίων
3187 4532 3530 4608 ἐκτρέπεσθαι
3581 4533 3785 4610 φιλίαν,

374 4617 667 4675 adhaerere
697 4627 892 4676 autem
919 4623 1099 4693 cruci,
1125 4627 1182 4679 et
1210 4629 1275 4679 ut
1312 4623 1415 4680 illa
1445 4625 1690 4698 dignum
1722 4633 1812 4683 est
1839 4629 2019 4686 vitam

2130 4624 2217 4679 καὶ
2251 4625 2520 4696 ἀπιστίαν,
2573 4624 2662 4678 καὶ
2711 4623 2945 4698 χλεύην,
2977 4624 3066 4678 καὶ
3118 4623 3344 4695 μύθους,
3396 4623 3485 4677 καὶ
3539 4623 3787 4700 γενεαλο-

375 4705 680 4765 instituere
712 4725 724 4762 :
759 4715 938 4782 atque
975 4712 1211 4768 easdem
1235 4715 1390 4784 quas
1419 4713 1637 4770 Paulus
1667 4732 1836 4772 voces
1889 4735 2019 4789 pro-

377 4795 622 4851 ferrem
657 4797 792 4854 Mihi
834 4802 1032 4855 autem
1077 4801 1232 4856 absit
1277 4801 1534 4874 gloriari,
1576 4803 1689 4860 nisi
1741 4805 1798 4860 in
1850 4823 2020 4864 cruce

372 4885 604 4941 Domini
644 4888 830 4943 nostri
872 4887 1012 4943 Jesu
1043 4889 1340 4948 Christi”.
1370 4913 1398 4941 ››
1429 4891 1574 4948 Nam
1624 4893 1675 4948 si
1723 4893 1806 4950 ita
1834 4895 2016 4953 vitam

367 4990 637 5046 agamus,
671 4977 1098 5049 credamusque
1125 4977 1186 5033 in
1222 4980 1550 5050 Dominum,
1591 4998 2016 5054 cognoscemus

362 5066 492 5136 ejus
525 5064 583 5120 in
616 5063 792 5120 coelos
823 5068 1312 5141 assumptionem,
1331 5071 1578 5142 ejusque
1609 5072 1681 5126 ad
1715 5072 2010 5130 dexteram

359 5155 687 5226 majestatis
754 5155 1112 5223 sessionem;
1162 5157 1608 5230 videbimusque
1665 5161 2008 5233 angelorum

422 5359 526 5435 331
554 5361 680 5435 Cor.
715 5363 914 5435 111,27.
993 5363 1038 5397 ³³
1071 5364 1234 5419 Prov.
1267 5381 1381 5435 XIV,
1413 5363 1502 5422 31.

353 5445 431 5498 1v,
466 5431 552 5486 16.
629 5432 674 5466 ³⁸
705 5431 891 5488 Galat.
919 5450 998 5502 v1,
1033 5435 1120 5490 14.

425 5654 540 5728 (79)
570 5655 954 5728 Anglicanus,
983 5659 1072 5710 καὶ
1101 5656 1260 5718 αὐτὸς
1293 5657 1474 5721 οὗτος.

428 5727 538 5797 (80)
571 5727 952 5801 Anglicanus,
980 5733 1076 5782 τοῦ
1117 5733 1314 5798 Ἰησοῦ.
1357 5731 1512 5789 Infra
1559 5733 1617 5788 in
1667 5735 1863 5792 codice
1895 5735 2002 5791 Re-

2130 4713 2249 4789 γίας
2283 4713 2630 4788 ἀπεράντους,
2663 4712 2858 4774 α’ίτινες
2912 4714 3164 4783 ζητήσεις
3213 4711 3518 4787 παρέχουσι
3569 4711 3785 4784 μᾶλλον

2128 4803 2163 4871 ἢ
2226 4801 2541 4875 οἰκονομίαν
2605 4806 2739 4857 Θεοῦ
2793 4802 2892 4870 τήν
2943 4801 2996 4855 ἐν
3042 4800 3240 4856 πίστει·
3305 4798 3524 4876 ἔχεσθαι
3581 4798 3639 4856 δὲ
3686 4807 3784 4856 τοῦ

2128 4897 2358 4967 σταυροῦ
2415 4891 2504 4947 καὶ
2557 4891 2720 4962 ἀξίως
2777 4890 2940 4946 αὐτοῦ
2998 4888 3400 4964 πολιτεύεσθαι,
3452 4890 3541 4945 καὶ
3602 4889 3776 4966 λέγειν

2124 4983 2216 5044 τάς
2248 4982 2411 5043 αὐτὰς
2439 4985 2519 5053 τῷ
2577 4978 2777 5052 Παύλῳ
2807 4981 3007 5058 φωνάς·
3045 5004 3073 5033 ‹‹
3108 4981 3266 5052 Ἐμοὶ
3325 4976 3382 5034 δὲ
3438 4981 3514 5052 μὴ
3565 4979 3779 5054 γένοιτο

2120 5073 2444 5146 καυχᾶσθαι,
2481 5069 2525 5125 εί
2587 5071 2664 5142 μή
2722 5069 2774 5125 ἐν
2832 5074 2913 5142 τῷ
2971 5073 3184 5145 σταυρῷ
3228 5073 3326 5124 τοῦ
3368 5068 3565 5143 Κυρίου
3613 5071 3774 5142 ἡμῶν

2119 5159 2298 5230 Ἰησοῦ
2354 5164 2612 5236 Χριστοῦ.
2674 5182 2703 5210 ››
2760 5159 2920 5217 Οὕτω
2996 5158 3100 5234 γὰρ
3176 5155 3635 5231 πολιτευσάμενοι
3685 5157 3776 5213 καὶ

1591 5365 1636 5400 ³⁸
1669 5365 1872 5422 Matth.
1906 5384 2013 5422 xxv

2130 5374 2157 5424 ι.
2249 5369 2293 5404 ³⁸
2325 5369 2345 5424 Ι
2378 5369 2505 5426 Cor.
2541 5384 2625 5424 ιιι.
2661 5369 2746 5424 17.
2822 5367 2868 5403 ³⁸
2895 5366 3105 5426 Matth.
3132 5383 3312 5439 xxvn,
3346 5367 3434 5423 42.
3513 5367 3557 5402 ³⁷
3589 5367 3611 5422 I
3642 5369 3773 5424 Cor.

2111 5664 2232 5740 δίοΞ
2254 5663 2650 5740 ᾡς-οιῐιὶεειιω
2691 5667 2828 5740 ante
2861 5660 3074 5724 Παῦλος
3103 5661 3326 5740 γράφει,

2183 5736 2296 5808 (81)
2327 5735 2562 5809 Regius,
2586 5737 2831 5792 τοιαῦτα.
