4154 6376
364 430 487 489 249

1414 419 1515 480 DE
1558 415 1943 478 PASSIONE
1987 416 2086 476 ET
2130 415 2389 477 CRUCE
2433 417 2737 479 DOMlNl.

3670 418 3792 480 250

368 560 751 621 πιστεύσαντες
784 559 861 621 εἷς
915 559 1006 613 τὸν
1052 557 1275 632 Κύριον,
1324 551 1644 629 γνωσόμεθα
1674 550 1772 618 τήν
1807 548 1882 611 εἷς
1929 548 2006 603 οὗ·

2141 550 2592 621 subjeotionem,
2650 552 2895 624 ejusque
2924 553 3247 608 secundum
3308 555 3622 610 adventum
3655 570 3790 609 cum

367 650 560 727 ρανοὺς
612 647 883 720 ἀνάληψιν
934 646 1117 715 αὐτοῦ,
1170 646 1258 698 καὶ
1310 644 1404 711 τὴν
1456 640 1505 694 ἐν
1537 637 1682 709 δεξιᾷ
1708 645 1807 707 τῆς
1856 659 2017 713 μεγα-

366 726 601 807 λοσῦνης
663 738 871 791 κάθισιν
908 780 922 805 ,
978 734 1067 789 καὶ
1128 735 1227 801 τὴν
1279 736 1385 786 τῶν
1442 726 1683 804 ἀγγέλων
1747 727 2024 801 ὑποταγὴν

367 827 633 901 ὀψόμεθα,
665 825 755 878 καὶ
787 825 887 892 τὴν
921 823 1055 896 μετά
1103 820 1262 891 δόξης
1301 819 1465 873 αὐτοῦ
1496 817 1658 872 πάλιν
1690 815 2013 891 παρουσίαν·

365 917 430 988 ἢν
479 914 699 993 ἄγγελοι
765 914 860 987 μὲν
920 910 1411 988 προσημαίνουσιν,
1464 908 1609 982 ἅγιοι
1664 903 1719 959 δὲ
1770 905 2019 977 ὑμνοῦσιο

367 1008 561 1067 πάντες
620 1002 677 1058 δὲ
736 1003 971 1076 ὁρῶντες
1030 999 1425 1075 ἀγαλΛιῶνται,
1486 997 1575 1051 καὶ
1636 994 1918 1071 χαίρουσιν
1972 993 2022 1047 ἐν

2135 639 2320 711 gloria
2367 641 2630 695 futurum
2685 657 2698 695 :
2760 641 2863 697 84
2920 658 3093 713 quem
3148 641 3336 713 angeli
3373 642 3793 713 praenuntiant,

2136 729 2324 783 sancti
2376 730 2728 785 decantant:
2792 747 2996 785 omnes
3055 735 3249 785 autem
3301 731 3397 800 qui
3438 732 3658 796 vident,
3692 747 3793 785 ex-

2136 817 2381 883 sultant,
2436 824 2493 873 et
2550 820 2811 891 gaudent
2870 819 2928 874 in
2983 819 3211 874 Christo
3271 818 3431 887 Jesu,
3483 836 3584 890 per
3614 835 3791 890 quem

2136 907 2293 962 Patri
2354 908 2538 980 gloria
2594 911 2652 965 et
2694 908 3008 981 imperium
3063 908 3121 964 in
3173 906 3386 964 saecula
3419 906 3788 965 saeculorum.

2134 997 2340 1052 Amen.

372 1097 587 1171 Χριστῷ
619 1090 820 1163 Ἰησοῦ,
856 1090 925 1145 δι’
956 1091 1017 1145 οὗ
1046 1094 1124 1161 τῷ
1155 1088 1323 1163 Πατρὶ
1354 1091 1388 1157 ἡ
1424 1084 1550 1157 δόξα
1578 1086 1667 1140 καὶ
1696 1085 1759 1139 τὸ
1788 1084 1983 1157 κράτος
2018 1081 2093 1144 είς
2124 1083 2252 1147 τοὺς
2284 1085 2482 1147 αἰῶνας
2510 1090 2616 1140 τῶν
2650 1086 2887 1145 αἰώνων.
2922 1088 3120 1160 ’Δμήν.

622 1211 1004 1265 ΑΘΑΝΑΣΙΟΥ
1052 1208 1165 1263 ΕΙΣ
1216 1210 1296 1259 ΤΟ
1337 1208 1565 1261 ΠΑθοΣ
1608 1204 1771 1276 (81*).

2383 1205 2745 1261 ATHANASII
2781 1206 2870 1261 DE
2905 1206 3234 1262 PASSIONE
3273 1205 3546 1262 DOMINI.

1441 1304 1597 1372 (Mn,
1648 1302 1977 1357 Bibliotheca
2004 1314 2151 1355 nova
2193 1303 2444 1371 Patrum,
2472 1304 2541 1370 ΙΙ,
2572 1304 2726 1374 578.)

447 1430 475 1458 ‹‹
508 1400 879 1460 Ἐϐασίλευσεν
927 1403 954 1455 6
1004 1403 1232 1464 Θάνατος
1281 1400 1386 1456 ἀπὸ
1433 1398 1608 1472 Ἀδὰμ
1680 1396 1843 1473 μέχρι
1892 1403 2021 1451 Μω-

369 1494 526 1557 σέως,
562 1519 584 1549 ι
622 1500 784 1569 ⁹¹Αρτι
817 1492 875 1546 δὲ
924 1490 1212 1565 τολμήσας
1258 1492 1395 1546 κατᾶ
1444 1487 1541 1545 τοῦ
1568 1488 1789 1563 Κυρίου,
1831 1488 2023 1559 θεωρεῖ

370 1584 553 1639 ἑαυτὸν
587 1578 923 1652 ἐκϐληθέντα
966 1585 1064 1636 τοῦ
1111 1581 1333 1647 παντὸς,
1382 1580 1471 1633 καὶ
1522 1578 1624 1633 ὑπὸ
1670 1578 1885 1631 πάντων
1931 1596 2021 1628 κα-

364 1671 777 1745 ταπατούμενον
808 1673 944 1745 (82),
994 1672 1085 1725 καὶ
1133 1664 1551 1745 συντριϐόμενον
1596 1667 1698 1721 ὑπὸ
1740 1666 1865 1727 τοὺς
1919 1664 2017 1718 πό-

367 1760 460 1825 δας
507 1764 695 1835 ἡμῶν*
742 1759 805 1816 τό
854 1780 918 1835 γε
970 1762 1077 1833 μὴν
1137 1761 1277 1835 μέγα
1324 1759 1412 1813 καὶ
1458 1755 1784 1831 παράδοξον,
1816 1758 1897 1809 δτι
1929 1755 2019 1808 καὶ

365 1849 449 1908 ἐπ’
504 1851 669 1906 αὐτοῦ
726 1853 824 1905 τοῦ
906 1853 1136 1925 σταυροῦ
1214 1846 1559 1924 κρεμαμένου
1614 1850 1712 1900 τοῦ
1770 1843 1970 1920 Κυρίου
2004 1888 2017 1913 ,

368 1940 554 2015 (αὐτοῦ
587 1942 690 2015 γὰρ
722 1943 785 2008 ἦν
823 1939 882 1994 τὸ
928 1943 1106 2011 σῶμα,
1154 1936 1244 1992 καί
1290 1936 1339 1992 ἐν
1388 1938 1535 2008 αὐτῷ
1581 1939 1645 2004 ἦν
1680 1936 1708 1990 6
1741 1932 1958 2010 Λόγος·)
1992 1935 2019 1988 6

2206 1422 2234 1448 «
2261 1400 2545 1470 Regnavit
2575 1418 2735 1458 mors
2765 1402 2836 1457 ab
2866 1404 3089 1458 Adamo
3122 1418 3310 1473 usque
3343 1403 3413 1458 ad
3446 1406 3721 1477 Moysem.
3763 1427 3793 1456 ››

2131 1485 2298 1541 Nunc
2327 1504 2461 1543 vero
2494 1489 2721 1545 facinus
2780 1507 2924 1546 ausa
2952 1491 3230 1546 adversus
3262 1491 3602 1556 Dominum,
3636 1494 3794 1550 videt

2130 1591 2193 1629 se
2215 1577 2371 1631 omni
2404 1594 2513 1648 ope
2563 1579 2871 1649 dejectam,
2933 1580 3333 1636 conculcatam
3366 1582 3437 1637 ab
3490 1582 3789 1654 omnibus,

2132 1665 2499 1736 pedibusque
2557 1668 2776 1723 nostris
2810 1671 3136 1740 protritam.
3186 1672 3295 1724 Sed
3329 1672 3481 1741 quod
3508 1686 3789 1743 magnum

2130 1757 2217 1808 est
2267 1758 2324 1807 et
2347 1755 2830 1828 inexspectatum,
2867 1759 2995 1830 ipso
3023 1758 3083 1813 in
3142 1774 3313 1815 cruce
3364 1761 3651 1833 pendente
3678 1760 3789 1815 Do-

2131 1842 2291 1898 mino
2314 1843 2516 1916 (hujus
2545 1846 2701 1901 enim
2753 1864 2965 1919 corpus
3018 1852 3162 1914 erat,
3223 1849 3282 1903 in
3312 1866 3497 1921 eoque
3529 1849 3790 1905 Verbum

2130 1932 2437 2003 existebat)
2469 1934 2591 1990 sole
2643 1937 3043 2004 obtenebrato,
3072 1942 3225 1993 terra
3271 1943 3577 2005 tremente,
3611 1940 3793 2011 petris

371 2029 464 2103 μὲν
497 2028 662 2098 ἥλιος
694 2028 1000 2098 ἐσκοτίσθη,
1048 2029 1083 2097 ἡ
1138 2024 1196 2081 δὲ
1243 2034 1315 2102 γῆ
1362 2025 1675 2102 ἐτρόμαξεν,
1725 2025 1779 2079 αἱ
1830 2023 2006 2099 πέτραι

2131 2022 2355 2090 scissis,
2387 2024 2512 2079 velo
2554 2024 2754 2096 templi
2801 2026 3007 2093 diviso,
3060 2026 3382 2099 multisque
3413 2032 3793 2098 praemortuo-

367 2118 719 2195 ἐσχίσθησαν,
767 2118 857 2173 καὶ
909 2117 972 2172 τὸ
1021 2116 1404 2189 καταπέτασμα
1449 2119 1547 2171 τοῦ
1595 2118 1727 2169 ναοῦ
1766 2112 2019 2188 ἐσχίσθη,

364 2209 455 2264 καὶ
512 2207 701 2264 πολλὰ
759 2209 988 2280 σώματα
1036 2211 1142 2261 τῶν
1205 2204 1739 2281 προκεκοιμωμένων
1800 2202 2016 2273 ἀνέστη·

362 2297 455 2353 καὶ
508 2297 706 2365 οὐδεὶς,
742 2296 925 2373 ὥσπερ
984 2300 1075 2350 νῦν
1139 2297 1406 2369 Ἀρειανοὶ
1461 2297 1735 2367 τολμῶσι,
1788 2290 2020 2368 διελογί-

362 2407 492 2442 σατο
547 2387 591 2442 εἰ
648 2386 731 2441 δεῖ
787 2387 1117 2461 σαρκωθέντι
1171 2390 1251 2457 τῷ
1308 2384 1473 2459 Λόγῳ
1523 2384 1817 2447 πείθεσθαν
1872 2381 2019 2437 ἀλλὰ

363 2476 454 2531 καὶ
501 2474 783 2553 ἄνθρωπον
845 2474 1137 2551 βλέποντες
1174 2519 1187 2542 ,
1247 2472 1608 2549 ἐπεγίνωσκον
1668 2472 1827 2527 αὐτὸν
1888 2468 2016 2527 ὄντα

362 2563 705 2641 δημιουργὸν
738 2565 939 2620 αὐτῶνθ
988 2564 1076 2619 καὶ
1108 2562 1451 2638 ἀνθρωπίνης
1484 2568 1670 2641 φωνῆς
1702 2560 2012 2634 ἀκούοντες,

363 2653 427 2709 οὗ
470 2652 560 2708 διὰ
612 2655 675 2709 τὸ
736 2654 1067 2729 ἀνθρώπινον
1131 2647 1316 2728 ἔλεγον
1376 2650 1458 2706 ὅτι
1518 2653 1545 2706 6
1590 2650 1762 2727 Λόγος
1811 2650 2013 2723 κτίσμα

362 2742 526 2798 ἐστίν·
578 2741 723 2797 ἀλλὰ
776 2749 865 2796 καί
920 2740 1131 2815 μᾶλλον
1182 2740 1407 2816 ἔτρεμον
1443 2788 1457 2813 ,
1508 2739 1596 2795 καὶ
1652 2738 1802 2795 οὐδὲν
1846 2743 2007 2809 ἦττον

358 2830 678 2906 ἐγίνωσκον,
738 2830 820 2885 ὅτι
878 2829 936 2885 ἐκ
991 2834 1151 2884 ναοῦν
1209 2830 1366 2905 ἁγίου
1433 2828 1733 2904 ἐφθέγγετιγ
1794 2828 1855 2883 οὐ
1905 2830 2008 2905 γὰρ

359 2920 561 2993 κτίσμα
610 2922 644 2989 ἡ
704 2920 874 2982 κτίσις
951 2924 1263 2995 προσκυνεῖ·
1344 2916 1469 2973 οὐδὲ
1536 2916 1702 2973 πάλιν
1764 2915 1853 2973 διὰ
1906 2920 2005 2988 τὴν

367 3008 530 3083 σάρκα
564 3051 579 3077 ,
640 3014 937 3085 παρῃτεῖτο
990 3010 1081 3063 τὸν
1140 3007 1338 3084 Κύριον
1394 3009 1586 3076 εαυτῆς
1647 3013 2005 3083 προσκυνεῖν,

368 3095 505 3151 ἀλλὰ
556 3099 649 3152 τὸν
709 3098 903 3166 ἑαυτῆς
937 3094 1275 3172 δημιουργὸν
1309 3091 1533 3151 ἔϐλεπεν
1563 3095 1613 3149 ἐν
1664 3100 1740 3167 τῷ
1769 3097 2003 3168 σώματι·

361 3184 445 3239 καὶ
479 3185 528 3239 ἐν
560 3184 641 3258 τῷ
670 3185 898 3259 ἀνόματι
947 3187 1125 3255 Ἰησοῦ
1173 3189 1402 3259 Χριςτοῦ
1450 3190 1553 3239 πᾶν
1600 3183 1727 3259 γόνυ
1767 3183 2008 3257 ἔκαμπτε

356 3271 443 3328 καὶ
493 3272 737 3347 κάμψει,
795 3273 884 3328 καὶ
943 3272 1085 3327 πὰσα
1138 3271 1361 3349 γλῶσσα
1404 3271 1863 3347 ἐξομολογήσεται
1921 3271 2006 3327 ὅτι

358 3361 556 3437 Κύριος
606 3363 811 3432 Ἰησοῦς
860 3360 1111 3434 Χριστόςο
1164 3359 1227 3415 οὗ
1274 3361 1378 3436 γὰρ
1438 3358 1648 3433 ἀδοξίαν
1708 3358 1931 3435 ⁴ἤνεγκεν
1966 3365 2001 3431 ἡ

360 3452 485 3523 σὰρξ
516 3456 595 3523 τῷ
623 3451 805 3526 Λόγῳ·
843 3453 917 3524 μή
964 3451 1194 3527 γένοιτο·
1246 3448 1392 3504 ἀλλά
1438 3448 1650 3521 μᾶλλον
1685 3450 1819 3519 αὕτη
1853 3449 2008 3506 δεδό-

358 3539 541 3611 ξασται
589 3541 715 3614 παρ’
763 3539 948 3595 αὐτοῦ·
995 3536 1121 3593 οὐδὲ
1170 3535 1356 3607 ἐπειδή
1390 3537 1591 3593 δούλου
1628 3542 1846 3617 μορφὴν
1890 3538 2009 3596 ἂνὲ-

358 3624 521 3683 λαϐεν
577 3630 606 3684 6
658 3628 708 3682 ὲν
762 3630 948 3705 μορφῇ
986 3632 1120 3683 Θεοῦ
1171 3626 1432 3702 ὑπάρχων
1480 3628 1603 3689 Υἱὸς
1636 3670 1649 3696 ,
1710 3626 2005 3700 ἠλαττώθη

354 3724 454 3787 τῆς
486 3717 765 3788 θεότητος,
800 3715 947 3772 ἀλλὰ
981 3713 1196 3790 μᾶλλον
1220 3715 1309 3770 καὶ
1336 3715 1494 3777 αὐτὸς
1516 3714 1884 3792 ἐλευθερωτής
1910 3719 2008 3773 πά-

357 3828 459 3877 σης
490 3808 687 3883 σαρκὸς
735 3808 825 3861 καὶ
865 3809 1043 3875 πάσης
1091 3804 1319 3867 κτίσεως
1362 3806 1602 3881 γέγονεν·
1638 3806 1697 3867 ὃς
1727 3806 1816 3860 καὶ
1848 3828 2008 3861 σταυ-

358 3894 623 3968 ρούμενος
658 3940 673 3962 ,
728 3892 1083 3970 ἐμαρτυρεῖτο
1132 3893 1409 3963 Δεσπότης
1456 3900 1556 3963 τῆς
1602 3893 1824 3957 κτίσεως
1858 3914 1871 3928 θ
1915 3916 2005 3949 συ-

356 3983 665 4047 στείλαντος
722 3986 815 4058 μὲν
867 3983 1030 4053 ἡλίου
1077 3984 1171 4045 τὰς
1204 3982 1444 4049 ἀκτῖνας,
1475 3984 1564 4036 καὶ
1612 3989 1713 4052 τῆς
1744 3990 1847 4058 γῆς
1884 4005 2003 4061 τρε-

359 4074 591 4147 μούσης,
620 4078 725 4129 τῶν
761 4071 818 4128 δὲ
864 4078 1075 4149 πετρῶν
1111 4074 1477 4147 σχιζομένων,
1509 4072 1597 4126 καὶ
1629 4075 1736 4127 τῶν
1786 4071 1999 4145 δημίων

353 4161 707 4237 ἐπιγνόντων,
742 4162 824 4218 ὅτι
876 4162 1099 4233 ἀληθῶς
1149 4166 1283 4216 Θεοῦ
1332 4160 1456 4223 Υἱός
1512 4159 1650 4215 ἐστιν
1703 4162 1731 4214 6
1765 4182 2004 4238 σταυρω-

348 4251 501 4314 θείς’
565 4252 627 4307 οὐ
690 4253 793 4327 γὰρ
854 4252 1139 4326 ἀνθρώπου
1194 4252 1343 4312 τινὸς
1409 4253 1474 4319 ἦν
1532 4251 1597 4304 τὸ
1659 4251 1998 4325 βλεπόμενον

350 4346 530 4414 σῶμα,
581 4340 735 4397 ἀλλά
790 4346 944 4397 Θεοῦ“
1007 4340 1059 4396 ἐν
1120 4342 1166 4413 ᾧ
1224 4340 1512 4416 τυγχάνων
1559 4339 1650 4393 καὶ
1701 4339 1790 4394 ὅτε
1822 4339 2001 4395 ἐσταυ-

348 4435 531 4505 ροῦτο,
565 4430 754 4506 ἤγειρε
803 4428 1024 4507 νεκρούς
1062 4450 1072 4462 ·
1129 4427 1219 4484 ὅτε
1264 4429 1353 4483 καὶ
1389 4427 1416 4482 ὀ
1444 4427 1609 4498 ἥλιος
1655 4428 1996 4505 ἀγανακτῶν,

345 4519 437 4575 καὶ
472 4522 548 4593 μή
573 4519 749 4598 φέρων
780 4520 876 4581 τὰς
907 4519 1042 4574 κατᾶ
1083 4524 1180 4574 τοῦ
1225 4522 1411 4573 κοινοῦ
1458 4520 1673 4573 πάντων
1724 4519 1997 4575 Δεσπότου

344 4610 638 4686 γενομένας
696 4609 1008 4683 σωματικὰς
1058 4603 1280 4683 ὕϐρεις,
1335 4606 1398 4669 ἃς
1457 4609 1592 4662 ἑκὼν
1644 4606 1803 4671 αὐτὸς
1864 4610 1996 4685 ὑπὲρ

344 4701 506 4772 ἡμῶν
570 4698 875 4773 ὑπέμεινεν,
929 4699 1266 4774 ἀπεστράφησ
1325 4698 1415 4752 καὶ
1470 4698 1565 4759 τὰς
1624 4697 1842 4761 ἀκτῖνας
1899 4720 1991 4753 συ-

346 4787 580 4859 στείλας,
610 4790 711 4858 τὴν
744 4790 953 4863 ἡμέραν
989 4786 1200 4858 ἐκείνην
1235 4784 1463 4857 ἀνήλιον
1499 4783 1717 4857 ἔδειξεν.

413 4974 554 5042 (81⁸)
584 4974 670 5028 Ita
694 4972 910 5028 diserte
940 4972 1069 5027 cod.
1129 4970 1257 5026 Vat.
1291 4972 1450 5025 1611.
1499 5001 1567 5011 -
1605 4969 1737 5026 Jam
1769 4987 1903 5025 vero
1934 4971 1994 5026 in

336 5043 557 5101 Veneta
604 5047 657 5100 S.
700 5044 1004 5100 Athanasii
1038 5042 1291 5098 editione
1320 5046 1363 5097 t.
1401 5042 1469 5112 II,
1503 5059 1561 5114 p.
1592 5043 1656 5095 61
1694 5059 1841 5113 seq..
1873 5058 1992 5097 ser-

338 5133 433 5172 mo
462 5117 714 5173 habetur
768 5118 843 5171 De
896 5117 1146 5186 passione
1203 5116 1449 5177 Domini,
1507 5130 1682 5185 quem
1723 5130 1857 5186 cum
1888 5130 1994 5186 ego

336 5205 470 5245 cum
504 5190 691 5268 hacet
719 5187 849 5268 aliis
880 5185 950 5268 d_e
979 5187 1251 5268 passione
1282 5186 1547 5268 partibus
1578 5186 1634 5240 in
1670 5185 1864 5268 codice
1894 5185 1995 5241 no-

335 5266 454 5315 stro
514 5277 547 5315 a
595 5259 791 5315 Niceta
849 5257 1139 5330 eclogario
1172 5257 1377 5329 positis
1408 5258 1753 5327 conferrem,
1786 5257 1990 5328 depre-

332 5330 509 5387 hendi
567 5347 897 5388 sermonem
964 5330 1132 5385 illum
1165 5330 1436 5385 mutilum
1495 5346 1644 5393 esse,
1679 5334 1992 5400 partesque

333 5402 552 5475 aliquot
609 5403 827 5475 codicis
858 5419 989 5458 cum
1023 5401 1278 5457 editione
1308 5417 1644 5475 congruere,
1677 5404 1873 5475 partes
1901 5405 1988 5455 ta-

333 5466 461 5530 men
492 5475 639 5531 alias
700 5474 872 5530 modo
914 5490 1093 5530 novas
1124 5489 1275 5539 esse,
1320 5466 1492 5527 modo
1523 5466 1985 5528 satis'diversas.

2035 4776 2085 4842 D

2132 2127 2264 2165 rum
2320 2112 2664 2183 corporibus
2694 2115 2763 2169 ad
2816 2115 2995 2170 vitam
3030 2117 3336 2187 revocatis,
3391 2133 3564 2172 nemo
3594 2122 3790 2174 tamen

2131 2201 2487 2272 ambigebat,
2508 2206 2573 2257 ut
2593 2220 2749 2259 nunc
2779 2204 3057 2259 audacter
3090 2205 3312 2261 faciunt
3339 2204 3557 2274 Ariani,
3589 2224 3662 2261 an
3694 2206 3789 2262 in-

2130 2295 2366 2346 carnato
2421 2291 2609 2347 Verbo
2648 2298 2804 2349 esset
2860 2294 3267 2350 credendum:
3324 2295 3426 2350 sed
3481 2294 3783 2352 hominem

2128 2384 2454 2446 cernentes,
2487 2387 2851 2452 agnoverunt
2906 2400 3041 2437 eum
3098 2383 3432 2440 Creatorem
3482 2400 3693 2440 suum:
3729 2390 3786 2441 et

2125 2467 2448 2523 humanam
2481 2486 2675 2525 vocem
2715 2472 3168 2541 audientes,non
3202 2478 3397 2529 tamen
3418 2474 3490 2528 ob
3508 2473 3789 2529 humani-

2122 2560 2303 2612 tatem
2336 2558 2569 2613 aiebant
2597 2559 2855 2615 Verbum
2901 2578 3030 2617 esse
3088 2566 3456 2619 creaturam:
3484 2564 3584 2618 sed
3618 2563 3783 2621 vehe-

2123 2647 2512 2703 mentiusimo
2534 2650 2874 2705 metuebant
2899 2667 2911 2705 :
2936 2667 3263 2719 nequeeum
3288 2652 3480 2707 secius
3503 2668 3781 2723 agnosce-

2122 2737 2285 2807 bant,
2323 2754 2500 2808 quam
2536 2737 2584 2793 si
2613 2738 2684 2793 de
2702 2739 2923 2810 templo
2955 2745 3158 2795 sancto
3199 2741 3436 2796 oracula
3468 2742 3781 2797 emitteret.

2118 2824 2243 2880 Non
2266 2826 2424 2881 enim
2440 2842 2561 2881 rem
2581 2830 2835 2883 creatam
2863 2832 3131 2884 creatura
3153 2830 3358 2885 adorat
3383 2847 3396 2898 ;
3431 2846 3620 2902 neque
3642 2830 3781 2886 item

2118 2915 2314 2971 carnis
2346 2932 2525 2972 causa
2563 2918 2847 2973 renuebat
2884 2918 3199 2974 Dominum
3260 2936 3434 2974 suum
3495 2921 3781 2990 venerari,

2119 3005 2218 3059 sed
2253 3005 2584 3061 Creatorem
2616 3023 2790 3062 suum
2842 3006 2899 3062 in
2951 3025 3192 3080 corpore
3224 3010 3530 3080 spectabat
3563 3025 3577 3064 :
3611 3013 3783 3081 atque

2117 3093 2176 3147 in
2210 3095 2445 3148 nomine
2473 3095 2611 3150 Jesu
2660 3096 2872 3151 Christi
2924 3113 3097 3151 omne
3148 3113 3302 3168 genu
3360 3102 3488 3152 tum
3520 3097 3784 3153 ﬂecteba-

2115 3186 2214 3238 tur
2238 3200 2304 3239 ac
2331 3200 2503 3255 porro
2534 3183 2817 3252 ﬂectetur,
2835 3189 2892 3240 et
2924 3185 3117 3241 omnis
3152 3185 3352 3256 lingua
3381 3187 3782 3242 confitebitur:

2116 3272 2271 3343 quod
2295 3272 2584 3328 Dominus
2605 3277 2695 3328 est
2720 3277 2895 3330 Jesus
2927 3274 3218 3331 Christus.
3254 3275 3483 3331 Etenim
3523 3292 3655 3331 caro
3688 3276 3780 3332 in-

2040 3410 2083 3478 c
2120 3360 2372 3433 glorium
2406 3363 2655 3419 Verbum
2690 3380 2804 3419 non
2837 3363 3023 3419 effecit
3050 3390 3063 3433 ;
3092 3363 3283 3433 absit;
3319 3365 3420 3421 sed
3450 3365 3782 3437 ipsamagis

2124 3468 2150 3478 -ι
2182 3451 2706 3478 ῘῘΑ-ικΑι-Ιλ-Ξιὲιιηι..
2744 3453 2848 3478 fuit
2904 3453 3016 3478 λῖΑ-
3051 3454 3183 3478 ,...-;-
3220 3453 3369 3478 ---ηε
3405 3454 3648 3478 l‘_.__.-_..
3689 3472 3751 3478 Α-

2122 3468 2157 3505 a
2182 3451 2371 3507 Verbo
2389 3452 2714 3523 gloriﬁcata
2743 3453 2872 3507 fuit.
2904 3453 3019 3509 Nec
3048 3454 3189 3525 quia
3219 3453 3373 3510 servi
3404 3454 3651 3509 formam
3687 3472 3780 3510 ac-

2121 3541 2297 3612 cepit,
2332 3541 2430 3612 qui
2465 3542 2525 3596 in
2558 3542 2746 3597 forma
2802 3541 2905 3597 Dei
2927 3547 3053 3598 erat
3086 3542 3284 3610 Filius,
3317 3543 3446 3599 ideo
3476 3543 3782 3599 divinitate

2118 3630 2455 3685 deminutus
2488 3631 2635 3698 fuit;
2669 3631 2786 3686 imo
2815 3647 2951 3687 vero
3010 3630 3135 3703 ipse
3185 3630 3465 3687 liberator
3493 3633 3783 3688 universas

2118 3719 2313 3777 carnis
2344 3719 2649 3789 omnisque
2681 3724 2957 3775 creaturae
2989 3720 3172 3776 evasit
3198 3737 3209 3774 :
3237 3737 3411 3792 quem
3441 3724 3618 3777 etiam
3652 3738 3782 3778 cru-

2118 3809 2353 3863 ciﬁxum
2414 3811 2784 3864 testabantur
2812 3810 3131 3864 Dominum
3158 3800 3295 3865 esse
3326 3815 3654 3865 creatarum
3690 3827 3777 3866 re-

2116 3914 2273 3963 rum,
2307 3898 2392 3952 sol
2424 3898 2620 3952 radios
2654 3915 2794 3953 suos
2843 3898 3218 3967 contrahens,
3262 3902 3418 3952 terra
3467 3914 3776 3963 concussa,

2116 3991 2293 4059 petrae
2323 3987 2543 4052 scissae,
2598 3987 2900 4042 carnifices
2953 3991 3336 4057 agnoscentes
3366 4002 3498 4042 vere
3548 3987 3645 4041 Dei
3680 3988 3775 4042 Fi-

2112 4074 2260 4129 lium
2309 4092 2439 4131 esse
2470 4091 2644 4144 quem
2704 4075 3132 4131 cruciﬁxerant.
3166 4075 3387 4147 Quippe
3410 4075 3565 4130 haud
3597 4075 3777 4131 alicu-

2103 4164 2205 4235 jus
2238 4164 2495 4219 hominis
2526 4180 2739 4235 corpus
2770 4169 2894 4220 erat
2915 4165 3068 4235 quod
3095 4165 3597 4237 spectabatur,sed
3632 4166 3726 4219 Dei
3758 4183 3772 4233 ;

2109 4252 2167 4307 in
2202 4270 2315 4322 quo
2344 4254 2535 4307 deitas
2566 4252 2987 4320 existens,tum
3019 4254 3195 4309 etiam
3228 4270 3362 4308 cum
3394 4254 3777 4326 crucifigeba-

2107 4346 2226 4412 tur,
2264 4346 2524 4399 mortuos
2553 4341 2903 4397 suscitabat.
2938 4342 3059 4406 Quo
3090 4348 3352 4414 tempore
3384 4342 3471 4398 sol
3496 4342 3773 4414 indigna-

2107 4434 2204 4487 tus
2238 4430 2443 4486 faciem
2475 4431 2702 4502 avertit,
2738 4429 2981 4486 minime
3009 4430 3205 4486 videre
3237 4429 3542 4487 sustinens
3574 4430 3769 4487 illatas

2109 4522 2406 4577 communi
2429 4521 2697 4577 omnium
2720 4520 2969 4575 Domino
2985 4520 3317 4591 corporales
3343 4520 3774 4591 injurias,quas

2107 4611 2201 4665 hic
2250 4616 2457 4681 sponte
2488 4627 2591 4681 pro
2625 4610 2793 4665 nobis
2853 4609 3140 4665 toleravit.
3177 4610 3381 4681 Itaque
3419 4610 3601 4665 radiis
3630 4625 3767 4666 con-

2104 4701 2329 4767 tractis,
2362 4700 2515 4755 diem
2539 4698 2709 4754 illum
2741 4699 2869 4755 sine
2900 4698 3023 4754 sole
3053 4698 3343 4771 praestitit.

2108 4972 2357 5028 Omissis
2391 4974 2587 5043 itaque
2615 4973 2884 5044 partibus
2916 4972 3157 5044 omnino
3188 4972 3383 5041 editis,
3416 4972 3537 5027 haec
3566 4978 3761 5029 tamen

2147 5045 2384 5100 razclara
2416 5045 2819 5116 additamenta
2849 5044 2907 5098 in
2940 5043 3128 5099 lucem
3163 5045 3509 5116 proferenda
3540 5045 3758 5114 putavi.

2147 5061 2384 5100 raeciara
2416 5061 2819 5099 additamenta
2849 5061 2907 5098 in
2942 5061 3128 5099 lucem
3163 5061 3509 5116 prorerenaa
3540 5061 3757 5114 puram.

2104 5061 2259 5173 Kihil
2294 5133 2490 5171 moror
2518 5115 2767 5171 alterum
2802 5117 2872 5170 de
2903 5116 2995 5172 die
3027 5116 3371 5171 Parasceves
3404 5131 3757 5185 sermonem,

2104 5188 2205 5259 qui
2265 5188 2322 5241 in
2368 5188 2571 5243 eodem
2608 5187 2908 5259 Athanasii
2938 5192 3118 5255 torno,
3154 5204 3208 5257 p.
3242 5187 3367 5253 385,
3390 5186 3627 5259 legitur,
3659 5188 3755 5257 qui

2103 5258 2292 5329 neque
2325 5258 2627 5313 Athanasii
2687 5260 2923 5313 nomine
2954 5259 3167 5329 dignus
3199 5263 3309 5325 est,
3342 5274 3532 5328 neque
3564 5258 3635 5314 ad
3668 5275 3760 5314 ex-

2101 5339 2300 5401 cerpta
2324 5336 2529 5384 nostra
2559 5332 2830 5401 pertinet.

2173 5399 2289 5473 (82),
2312 5399 2605 5456 Hactenus
2634 5402 2724 5455 ed.
2758 5400 2856 5456 cit.
2889 5417 2946 5473 p.
3005 5400 3075 5453 78
3131 5399 3192 5455 C.
3224 5400 3503 5470 Sequitur
3546 5400 3755 5456 deinde

2100 5488 2248 5528 nova
2279 5472 2397 5527 haec
2429 5488 2583 5544 pars.
2617 5476 2695 5527 In.
