4154 6398
367 318 480 378 251
1552 315 1618 377 S.
1665 313 2197 378 ATHANASIUS.
2216 351 2294 363 —
2330 318 2594 382 DUBIA.

3662 321 3785 382 252

1359 563 1430 619 IN
1464 563 1737 621 LIBRUM
1786 564 1876 620 DE
1913 564 2384 622 VIRGINITATE
2425 567 2779 624 MONlTUM.

434 682 485 735 1.
537 681 695 736 Haud
744 683 837 736 abs
885 697 944 736 re
997 680 1272 736 dubitavit
1303 681 1582 748 Erasmus,
1645 683 1792 735 sitne
1824 682 2120 738 Athanasii
2176 683 2269 738 hic
2298 683 2459 751 liber,
2512 686 2668 756 cujus
2713 701 2846 740 sane
2901 686 3074 756 stylus
3127 685 3360 755 simplex
3415 687 3463 738 et
3513 685 3782 758 incultus,

363 771 735 826 Athanasiano
767 771 930 844 longe
959 771 1205 842 inferior
1226 771 1468 848 videtur.
1501 771 1631 825 Post
1679 773 1969 826 Erasmum
2027 788 2159 827 vero
2217 772 2485 828 Scultetus
2542 774 2871 845 hujusmodi
2919 790 2983 828 ea
3013 773 3077 830 de
3106 791 3165 828 re
3203 775 3332 828 tulit
3352 774 3626 844 judicium
3651 794 3669 828 :
3702 775 3781 831 De

361 862 716 933 virginitate,
752 862 960 932 inquit,
996 861 1116 916 sive
1147 861 1217 915 de
1249 861 1626 916 meditatione
1651 859 1821 926 liber,
1854 861 1904 915 si
1933 861 2242 916 Athanasii
2274 868 2384 930 est,
2411 863 2559 918 mire
2590 864 2805 934 dejecit
2835 861 3076 934 stylum,
3107 862 3301 934 inquit
3327 863 3628 918 Erasmus.
3665 864 3780 935 Ego

363 967 498 1005 vero
531 955 587 1005 et
616 951 959 1022 gravitatem
1007 949 1392 1022 theologicam
1418 949 1702 1020 abjecisse
1730 949 2118 1005 Athanasium
2151 951 2417 1018 dixerim,
2443 954 2491 1007 si
2526 952 2663 1007 istas
2690 952 2945 1024 pueriles
2967 953 3388 1023 praeceptiones
3411 952 3623 1023 virgini
3644 970 3781 1024 pras-

361 1040 622 1112 scripsit.
677 1041 842 1095 Certe
900 1055 1212 1095 commune
1244 1037 1391 1093 nihil
1417 1038 1636 1093 habent
1667 1054 1800 1093 cum
1849 1040 2148 1111 germanis
2175 1041 2363 1097 Patris
2406 1041 2774 1097 celeberrimi
2808 1042 3066 1113 scriptis.
3110 1041 3218 1096 Sed
3243 1041 3582 1112 obstupescas
3609 1041 3784 1112 plane

360 1130 410 1184 si
441 1129 711 1195 advertas,
739 1129 1058 1198 cujusmodi
1087 1130 1196 1182 sint
1227 1128 1345 1184 ista:
1374 1129 1619 1198 pueriles
1647 1130 2059 1199 praeceptiones.
2094 1128 2371 1185 Hortatur
2408 1130 2680 1202 virgines,
2713 1131 3214 1196 subdilScultetus,
3247 1131 3316 1186 ad
3350 1134 3780 1202 comtemptum

364 1218 622 1291 pecunias
644 1217 1248 1289 jejunium,sobriam
1280 1217 1481 1284 vitam,
1513 1218 1722 1272 castita
1740 1222 1885 1285 tem,
1931 1234 2155 1289 preces,
2204 1219 2704 1275 conversationem
2761 1227 3047 1285 sanctam,
3092 1220 3547 1291 eleemosynam,
3599 1220 3781 1274 medi-

361 1308 618 1363 tationes
646 1312 901 1373 sanctas,
937 1306 1333 1361 recitationem
1364 1306 1728 1360 Psalmorum
1754 1310 1810 1360 et
1839 1307 1954 1361 alia
1985 1307 2040 1361 id
2067 1323 2274 1378 genus.
2300 1308 2631 1363 Praescribit
2688 1313 2746 1363 et
2800 1313 2990 1363 certas
3039 1308 3216 1364 horas
3266 1307 3520 1377 lectioni,
3554 1309 3779 1379 synaxi,

370 1395 789 1468 deprecationi,
825 1394 1086 1466 hymnis.
1109 1394 1504 1460 Testiﬁcatur,
1529 1393 1694 1448 illum
1725 1393 1784 1448 in
1815 1394 1984 1449 tertio
2016 1395 2218 1450 ordine
2249 1395 2590 1466 angelorum
2615 1396 2918 1450 inventum
2952 1396 3148 1466 iri,qui
3183 1400 3472 1467 praecepta
3502 1395 3623 1450 haec
3653 1412 3781 1451 ser-

366 1484 602 1541 vaverit.
635 1485 716 1540 De
773 1483 963 1540 salute
991 1501 1100 1540 sua
1129 1483 1429 1539 neminem
1463 1488 1596 1539 ante
1647 1483 1874 1539 obitum
1898 1490 2120 1540 certum
2152 1501 2281 1541 esse
2321 1501 2494 1557 posse
2523 1487 2708 1542 docet.
2746 1489 2827 1541 En.
2854 1486 2980 1550 tibi,
3009 1486 3244 1540 Sculteti
3262 1484 3498 1556 judicio,
3524 1484 3781 1556 pueriles

361 1573 804 1646 praeceptiones,
838 1588 966 1644 quae
995 1581 1192 1628 tamen
1222 1573 1355 1629 aliae
1397 1589 1508 1627 non
1554 1576 1684 1627 sunt
1745 1589 1906 1644 quam
1938 1590 2013 1628 683
2043 1589 2178 1643 quas
2206 1575 2468 1630 Dominus
2497 1576 2556 1629 in
2588 1575 2911 1644 Evangelia,
2944 1575 3006 1628 D.
3041 1574 3254 1629 Paulus
3285 1576 3343 1628 in
3373 1574 3633 1644 Epistolis
3661 1574 3780 1629 suis

358 1663 617 1719 tradidit.
657 1663 804 1720 Unde
824 1664 1218 1732 praceptiones
1250 1664 1384 1717 istas
1415 1663 1766 1717 arbitramur
1795 1679 1912 1718 esse
1956 1665 2040 1734 pii
2057 1663 2372 1733 cujusdam,
2405 1680 2700 1735 rerumque
2719 1665 3209 1720 ecclesiasticarum
3237 1665 3407 1734 periti
3435 1665 3546 1718 viri
3565 1681 3583 1718 :
3613 1663 3778 1718 Atha-

359 1755 511 1808 nasii
531 1761 714 1808 tamen
741 1769 856 1809 esse
885 1755 982 1808 vix
1010 1751 1558 1823 crediderimus,cu=m
1589 1752 1652 1808 ob
1683 1751 1958 1808 diversum
1988 1754 2269 1808 orationis
2297 1762 2622 1824 genus,tum
2653 1755 2784 1824 quia
2804 1754 2864 1808 in
2894 1753 3140 1824 antiquis
3169 1753 3582 1809 collectionibus
3603 1754 3774 1808 Atha-

361 1843 612 1898 nasianis
634 1858 745 1898 non
774 1843 1068 1914 reperitur.

433 1933 503 1987 Il.
527 1935 800 1990 (laterum
821 1933 1010 2003 palam
1029 1935 1108 1988 est
1135 1932 1414 1988 diversum
1438 1947 1549 1987 esse
1577 1933 1722 1987 hunc
1747 1933 1979 1998 librum,
2011 1949 2046 1988 a
2073 1933 2413 1988 sermonibus
2441 1933 2817 1990 consolatoriis
2837 1932 2909 1988 ad
2957 1934 3232 2002 virginem
3263 1931 3510 1988 laudatis
3547 1949 3582 1987 a
3613 1933 3770 1987 Theo-

359 2022 567 2088 dorelo,
605 2021 704 2076 lib.
729 2039 769 2077 ιι
801 2020 948 2078 Hist.
977 2021 1148 2092 Eccl.,
1178 2039 1226 2077 c.
1261 2023 1314 2087 4,
1339 2021 1405 2078 de
1434 2022 1632 2092 quibus
1662 2023 1824 2077 alias.
1855 2023 2024 2079 Nulla
2048 2024 2248 2094 quippe
2268 2024 2356 2078 hic
2378 2024 2580 2078 mentio
2608 2024 3032 2092 persecutionis,
3066 2023 3222 2094 cujus
3253 2038 3423 2077 causa
3454 2023 3579 2078 illos
3609 2021 3777 2076 edidit

358 2111 718 2166 Athanasius.
753 2112 922 2168 Porro
951 2112 1049 2168 hoc
1068 2113 1126 2166 in
1148 2113 1414 2184 opusculo
1442 2116 1823 2167 memorantur
1851 2117 2089 2184 hymnus
2113 2111 2313 2168 Gloria
2335 2112 2395 2167 in
2431 2112 2698 2179 excelsis,
2729 2121 2924 2168 cantus
2952 2111 3203 2168 Alleluia
3242 2111 3544 2167 versiculus
3575 2111 3773 2167 Gloria

361 2198 540 2267 Patri,
571 2208 676 2256 etc.
709 2204 776 2255 Et
805 2216 962 2256 nunc
982 2205 1038 2256 et
1068 2216 1323 2273 semper,
1345 2205 1472 2268 etc.,
1496 2209 1547 2256 et
1566 2201 1684 2256 alia
1714 2202 1781 2258 id
1808 2217 2000 2272 genus,
2033 2216 2157 2273 quae
2184 2203 2436 2271 fortassis
2463 2203 2736 2273 sequioris
2767 2218 2934 2274 quam
2971 2201 3340 2258 Alhanasiani
3359 2203 3468 2258 aevi
3499 2199 3772 2256 videbun-

363 2291 476 2342 tur.
507 2288 614 2344 Sed
637 2289 706 2346 de
736 2289 824 2346 his
852 2294 973 2361 [use
999 2290 1061 2346 in
1093 2291 1424 2360 Prwfatione
1442 2291 1710 2362 generali.

2065 2436 2136 2447 —-¢

1538 2551 1662 2600 TOI‘
1700 2552 1785 2601 EN
1826 2553 2056 2602 ΑΓΙΟΙΣ
2097 2551 2363 2604 ΠΑΤΡΟΣ
2405 2549 2598 2606 ΗΜΩΝ

1707 2717 2440 2815 ΑΘΑΝΑΣΙΟΥ

1340 2923 1496 2976 ΠΕΡΙ
1537 2922 1956 2991 ΠΑΡΘΕΝΙΑΣ,
1997 2919 2157 2974 ΗΤΟΙ
2199 2919 2356 2973 ΠΕΡΙ
2397 2918 2774 2975 ΑΣΚΗΣΕΩΣ

1473 3207 1567 3303 S.
1640 3209 1739 3300 P.
1809 3208 1923 3301 N.
1996 3206 2677 3302 ATHANASII

1443 3395 1532 3448 DE
1591 3393 2030 3459 VIRGINITATE,
2093 3392 2248 3450 SIVE
2302 3394 2400 3448 DE
2453 3392 2714 3449 ASCESI.

440 3678 487 3734 1.
523 3678 836 3734 Exordium
863 3679 1151 3736 sermonis
1182 3679 1390 3737 salutis
1438 3681 1510 3736 ad
1568 3679 1875 3753 virginem.
1901 3679 2023 3736 Pri-

2212 3681 2261 3734 1.
2294 3678 2468 3753 Ἀρχὴ
2498 3674 2666 3753 λόγου
2695 3674 2969 3752 σωτηρίας
3001 3675 3139 3752 πρὸς
3167 3676 3267 3744 τὴν
3307 3675 3591 3750 παρθένον.
3628 3679 3783 3749 Πρῶ-

368 3783 528 3822 mum
563 3768 825 3823 omnium
864 3770 1031 3825 crede
1060 3769 1119 3824 in
1155 3787 1338 3825 unum
1365 3775 1547 3826 Deum
1581 3771 1806 3825 Patrem
1839 3769 2024 3825 omni-

2142 3788 2228 3823 τον
2277 3767 2491 3822 πάντων
2546 3766 2832 3821 πίστευσον
2891 3766 2964 3827 εἰς
3018 3762 3110 3820 ἕνα
3156 3765 3284 3820 Θεὸν
3339 3763 3547 3841 Πατέρα
3594 3785 3786 3819 παντο-

369 3859 683 3926 potentem,
741 3857 1059 3914 visibilium
1121 3863 1180 3914 et
1224 3858 1610 3914 invisibilium
1640 3858 2026 3914 conditorem.

2142 3855 2394 3932 κράτορα,
2445 3858 2653 3932 ὁρατῶν
2695 3855 2784 3909 καὶ
2837 3854 3082 3930 ἀοράτων
3132 3855 3394 3925 ποιητήν·
3442 3855 3529 3909 καὶ
3579 3853 3652 3915 εἰς
3696 3853 3784 3908 τὸν

367 3945 438 4000 Et
487 3946 544 4000 in
605 3945 974 4019 unigenitum
1017 3948 1144 4019 ejus
1195 3947 1409 4003 Filium
1459 3949 1658 4003 Jesum
1708 3946 2026 4013 Christum,

370 4035 469 4107 qui
526 4040 616 4090 est
668 4037 1002 4092 substantia
1055 4037 1262 4104 Patris,
1327 4037 1602 4108 Patrique
1679 4054 1784 4110 per
1829 4037 2027 4093 omnia

371 4124 630 4196 potentia
660 4125 921 4197 aequalis,
955 4127 1054 4198 qui
1087 4130 1222 4183 ante
1254 4127 1468 4183 saecula
1491 4127 1620 4182 fuit.
1654 4127 1722 4182 Et
1751 4127 1809 4182 in
1841 4126 2025 4199 Spiri-

367 4219 495 4268 tum
527 4217 821 4280 sanctum,
842 4215 942 4286 qui
975 4219 1064 4270 est
1093 4216 1150 4271 in
1182 4217 1350 4272 Patre
1380 4221 1437 4272 et
1462 4217 1519 4272 in
1552 4214 1717 4282 Filio,
1749 4216 1968 4287 quique
1994 4233 2028 4270 a

370 4303 538 4357 Patre
596 4303 876 4370 mittitur,
928 4309 984 4359 et
1061 4321 1164 4376 per
1240 4304 1451 4361 Filium
1511 4306 1703 4360 datur.
1758 4305 1926 4360 Pater
1973 4309 2030 4359 et

374 4390 555 4447 Filius
577 4396 633 4446 et
661 4392 914 4463 Spiritus
967 4399 1230 4461 sanctus,
1277 4399 1398 4450 tres
1440 4393 1807 4466 hypostases,
1839 4393 2028 4448 deitas

370 4497 511 4548 una,
569 4498 688 4538 una
741 4486 1023 4555 potestas,
1081 4499 1266 4538 unum
1316 4483 1629 4556 baptisma.
1683 4487 1812 4550 lpse
1869 4481 2026 4537 enim

374 4569 530 4628 Deus
586 4575 803 4639 noster,
864 4571 1034 4628 Pater
1062 4573 1350 4640 omnium,
1385 4573 1540 4628 intra
1598 4588 1697 4628 sex
1743 4571 1868 4626 dies
1897 4571 2030 4626 fecit

373 4658 604 4729 oculum,
637 4665 696 4716 et
752 4665 994 4728 terram,
1046 4665 1105 4716 et
1160 4677 1342 4728 mare,
1373 4666 1431 4717 et
1461 4661 1660 4717 omnia
1687 4678 1812 4732 quae
1844 4661 1902 4715 in
1943 4661 2028 4716 eis

374 4753 533 4804 sunt.
588 4754 720 4821 Ipse
752 4765 1002 4820 namque
1051 4749 1263 4805 ccelum
1294 4749 1437 4821 sole,
1469 4755 1526 4806 et
1546 4750 1707 4820 luna,
1740 4755 1798 4806 et
1826 4749 2030 4805 sideri-

372 4837 486 4893 bus
529 4837 945 4909 pulcherrimis
1014 4840 1332 4906 exornavit,
1389 4843 1445 4895 et
1492 4843 1707 4896 terram
1755 4840 2030 4895 decenter

374 4926 641 4983 fundavit
673 4943 850 4998 super
871 4944 1076 4998 aquas,
1127 4932 1183 4982 et
1213 4928 1439 4984 ornavit
1465 4943 1593 4984 eam
1634 4929 1850 5000 plantis
1898 4945 2024 4983 om-

2141 3950 2406 4023 μονογενῇ
2459 3945 2628 4000 αὐτοῦ
2677 3945 2799 3998 Υἱὸν
2847 3946 3056 4016 Ἰησοῦν
3101 3944 3362 4017 Χριστὸν,
3414 3944 3505 3998 τὸν
3558 3939 3682 3998 ὅντα
3731 3941 3789 3998 ἐκ

2136 4042 2234 4105 τῆς
2282 4034 2465 4096 οὐσίας
2505 4038 2601 4088 τοῦ
2648 4033 2883 4106 Πατρὸς,
2931 4033 3067 4087 κατὰ
3108 4035 3281 4088 πάντα
3329 4029 3659 4105 ἷσοδύναμον
3710 4036 3790 4104 τῷ

2138 4125 2328 4202 Πατρὶ,
2360 4125 2450 4180 τὸν
2483 4124 2589 4198 πρὸ
2634 4122 2846 4178 αἰώνων
2891 4117 3033 4178 ὅντα’
3067 4123 3156 4177 καὶ
3187 4122 3262 4184 εἷς
3291 4124 3352 4176 τὸ
3402 4126 3621 4195 Πνεῦμα
3649 4123 3789 4196 (82”)

2133 4215 2196 4270 τὸ
2227 4216 2404 4289 ἅγιον,
2435 4214 2499 4268 τὸ
2555 4212 2605 4267 ἐν
2658 4212 2828 4286 Πατρὶ
2879 4212 2967 4267 καὶ
3015 4213 3125 4284 Υἱῷ
3156 4211 3238 4283 ὃν,
3270 4212 3413 4285 παρὰ
3441 4215 3539 4266 τοῦ
3577 4212 3784 4287 Πατρὸς

2138 4301 2635 4376 ἀποστελλόμενον,
2665 4302 2756 4357 καὶ
2807 4299 2894 4356 διὰ
2941 4306 3038 4357 τοῦ
3087 4302 3214 4356 ficii
3259 4298 3566 4374 διδόμενον.
3599 4302 3785 4377 Πατὴρ

2135 4393 2225 4447 καὶ
2286 4393 2406 4455 Υἱὸς
2466 4392 2554 4447 καὶ
2614 4393 2764 4468 ἅγιον
2824 4396 3066 4464 Πνεῦμα,
3114 4395 3260 4467 τρεῖς
3313 4391 3656 4462 ὑποστάσεις,
3693 4390 3791 4464 μία

2136 4481 2352 4555 θεότης,
2387 4481 2485 4554 μία
2511 4478 2761 4553 δύναμις,
2793 4480 2848 4535 ἓν
2899 4481 3197 4556 βάπτισμα.
3236 4478 3405 4542 Αὐτὸς
3458 4480 3561 4555 γὰρ
3605 4481 3632 4534 ὁ
3663 4481 3790 4542 Θεὸς

2137 4573 2295 4644 ἡμῶν
2325 4571 2352 4626 ὁ
2386 4572 2570 4645 Πατὴρ
2618 4574 2725 4625 τῶν
2779 4568 2924 4625 ὅλων
2977 4568 3028 4624 ἐν
3059 4568 3114 4640 ἓξ
3165 4570 3400 4644 ἡμέραις
3436 4567 3658 4640 ἐποίησε
3698 4569 3786 4624 τὸν

2139 4659 2363 4736 οὐρανὸν
2414 4659 2504 4714 καὶ
2553 4660 2654 4729 τήν
2705 4666 2809 4734 γῆν
2857 4659 2947 4712 καὶ
2993 4659 3092 4727 τὴν
3145 4656 3435 4726 θάλασσαν,
3487 4657 3576 4713 καὶ
3618 4659 3791 4712 πάντα

2135 4749 2202 4804 τὰ
2230 4748 2280 4804 ἐν
2314 4749 2519 4811 αὐτοῖς.
2554 4748 2729 4812 Αὐτὸς
2762 4749 2866 4824 γὰρ
2911 4745 3267 4822 διεκόσμησεν
3297 4749 3388 4803 τὸν
3423 4747 3646 4823 οὐρανὸν
3677 4749 3790 4821 (83)

2139 4837 2190 4894 ἰν
2221 4837 2368 4911 ἡλίῳ
2412 4838 2503 4893 καὶ
2535 4839 2738 4912 σελήνῃ
2785 4837 2874 4892 καὶ
2925 4838 3142 4913 ἄστροις
3200 4835 3523 4913 παγκάλοις,
3575 4837 3664 4891 καὶ
3691 4837 3792 4905 τὴν

2137 4936 2240 5004 γῆν
2273 4928 2555 5004 εὐπρεπῶς
2603 4925 2959 5002 ὲθεμελίωσεν
3016 4926 3195 4982 ἰπάνω
3242 4931 3350 4982 τῶν
3403 4924 3630 4998 ὑδάτων,
3670 4924 3790 4980 δια-

371 5017 549 5088 nique
579 5031 791 5088 genere
820 5014 1138 5087 lignorum.
1163 5017 1342 5072 Jussu
1376 5020 1506 5089 ejus
1537 5018 2026 5090 erumpuntﬂuvii

2142 5021 2418 5093 κοσμήσας
2477 5018 2643 5087 αὐτὴν
2704 5017 2756 5071 ἐν
2814 5022 3004 5094 φυτοῖς
3035 5017 3125 5072 καὶ
3176 5015 3359 5087 ξύλοις
3397 5014 3789 5078 παντοδαποῖς.

371 5104 661 5173 melliﬂui,
713 5109 771 5162 et
810 5105 1002 5162 fontes
1035 5121 1338 5176 perennes,
1370 5112 1427 5162 et
1455 5106 1711 5177 injunxit
1747 5113 1933 5177 ter-rae,
1978 5117 2027 5165 el

2142 5108 2240 5164 Καὶ
2265 5111 2336 5180 τῇ
2364 5107 2605 5164 κελεύσει
2659 5105 2824 5162 αὐτοῦ
2869 5105 3252 5181 ἐκπορεύονται
3301 5106 3541 5180 ποταμοὶ
3596 5104 3794 5183 μελίῤ-

371 5195 650 5268 produxit
679 5211 938 5263 carnem,
973 5200 1030 5251 et
1075 5196 1289 5251 creavit
1339 5213 1542 5252 omnes
1600 5197 1819 5254 bestias
1861 5201 2027 5254 terra:

371 5287 698 5342 secundum
724 5301 910 5358 genus
942 5301 1141 5351 suum,
1171 5289 1231 5341 et
1250 5283 1510 5342 volucria
1532 5284 1660 5341 coeli
1700 5289 2027 5345 secundum

445 5439 580 5509 (82')
609 5435 708 5489 Καὶ
740 5436 815 5499 εἲς
839 5437 899 5490 τὸ
932 5440 1170 5508 Πνεῦμα.
1191 5441 1324 5493 Haec
1346 5453 1413 5493 ex
1435 5438 1752 5495 Athanasio
1775 5441 2030 5498 citantur

548 5526 647 5565 vn.
675 5510 894 5566 Concil.
917 5511 1102 5582 Epist.
1128 5511 1366 5566 Adriani
1401 5511 1472 5566 ad
1492 5511 1762 5569 Carolum
1794 5513 1868 5569 M.
1893 5530 2028 5587 pag.

445 5653 558 5724 (83)
591 5653 680 5709 Ita
733 5651 1119 5724 Anglicanus.
1151 5653 1303 5711 Editi
1337 5668 1494 5724 vero,
1542 5651 1632 5708 καὶ
1661 5653 1753 5709 τὸν
1786 5653 2027 5733 οὐρανόν.

2140 5199 2313 5275 ῥυτοι,
2345 5197 2436 5253 xui
2464 5196 2640 5272 πηγαὶ
2689 5197 2923 5270 ἀὲνναοι,
2978 5194 3067 5251 καὶ
3113 5195 3409 5271 προσέταξε
3449 5199 3520 5270 τῇ
3571 5199 3663 5272 γῇ,
3704 5194 3794 5250 καὶ

2140 5287 2377 5365 ἐπήγαγε
2434 5285 2605 5363 σάρκα
2662 5287 2797 5360 (84),
2857 5284 2947 5340 καὶ
3006 5284 3230 5356 ἐποίησε
3283 5286 3456 5340 πάντα
3509 5285 3576 5340 τὰ
3632 5285 3796 5359 Θηρία

2213 5442 2321 5512 (84)
2356 5440 2506 5497 Felc.
2537 5441 2602 5512 2,
2625 5438 2715 5494 καὶ
2742 5436 2980 5512 ῌὲποίησε
3011 5437 3180 5512 σάρκα
3194 5479 3215 5512 ,Α
3248 5438 3427 5512 Paulo
3469 5442 3619 5511 post,
3649 5437 3793 5503 haec,

2137 5511 2226 5567 καὶ
2276 5509 2350 5639 lea
2403 5511 2621 5566 πετεινὰ
2673 5509 2771 5567 τοῦ
2828 5509 3226 5585 οὗρανοῦκατὰ
3255 5510 3427 5586 γένος,
3470 5509 3697 5568 desunt
3734 5512 3794 5566 in

2138 5584 2269 5643 Basi
2298 5584 2464 5641 iensi.
