4154 6368
353 343 470 402 253

347 652 563 728 ἰχθύας,
595 653 684 706 καὶ
719 650 943 720 ἐποίησε
994 652 1060 706 τά
1106 654 1246 722 κήτη
1279 652 1346 706 τὰ
1396 658 1624 727 μεγάλα.
1658 655 1910 726 Ὕστερον
1946 649 2002 706 δὲ

343 743 555 797 πάντων
591 740 813 811 ἐποίησε
860 741 949 795 τὸν
1003 742 1308 815 ἄνθρωπον,
1349 741 1436 796 καὶ
1486 741 1658 796 πάντα
1688 736 1997 814 παρέδωκεν

342 832 486 904 αῦτῷ
538 831 612 894 εἷς
668 829 982 906 ὑπηρεσίαν.
1018 831 1150 884 Eine
1182 832 1284 907 γάρ
1336 831 1530 904 Κύριος
1563 831 1590 884 6
1623 831 1752 892 Θεὸς
1783 829 1860 903 τῷ
1892 832 2000 903 Υἱῷ

343 923 524 978 αὐτοῦ’
563 945 589 972 ‹‹
625 921 951 992 Ποιήσωμεν
1009 921 1293 993 ἄνθρωπον
1345 927 1459 976 κατ’
1508 916 1685 975 εἰκόνα
1727 920 1994 995 ἡμετέραν

341 1013 430 1067 καὶ
459 1013 574 1065 καθ’
628 1009 916 1083 ὁμοίωσινο
952 1009 1040 1062 καὶ
1084 1009 1285 1065 ἔπλασε
1340 1010 1532 1086 Κύριος
1567 1011 1593 1064 ὁ
1627 1011 1755 1070 Θεὸς
1785 1010 1876 1063 τὸν
1907 1009 1996 1063 ἅν-

343 1103 584 1176 θρωπον,
631 1093 814 1154 λαϐὼν
867 1103 1002 1173 χοῦν
1053 1098 1157 1153 ἀπὸ
1205 1106 1303 1168 τῆς
1352 1107 1476 1174 γῆς,
1508 1099 1595 1153 καὶ
1647 1097 1793 1153 ἔθετο
1833 1098 1990 1153 αὐτὸν

348 1191 400 1245 έν
451 1195 530 1262 τῷ
578 1186 882 1264 παραδείσῳ
926 1195 1028 1257 τῆς
1076 1197 1306 1266 τρυφῆς,
1355 1187 1558 1245 ’Έῦαλε
1607 1188 1663 1244 δὲ
1719 1191 1912 1266 Κύριος
1965 1191 1992 1244 6

348 1281 476 1341 Θεὸς
510 1278 594 1333 ἐπὶ
624 1279 710 1331 τὸν
745 1275 920 1348 Ἀδάμ
969 1273 1234 1348 ἔκστασιν,
1276 1280 1365 1332 καὶ
1415 1276 1643 1344 ὕπνωσε,
1694 1279 1782 1333 καὶ
1832 1273 1994 1334 ἔλαῦε

345 1369 469 1438 μίαν
529 1371 631 1420 τῶν
699 1365 948 1438 πλευρῶν
1005 1364 1205 1435 αὐτοῦ,
1259 1368 1349 1421 καὶ
1407 1367 1766 1443 ἀνεπλήρωσε
1825 1367 1993 1440 σάρκα

336 1455 450 1510 ἀντ’
497 1455 686 1524 αὐτῆς,
717 1456 806 1508 καὶ
861 1452 1188 1528 ᾠκοδόμησε
1232 1458 1331 1526 τὴν
1386 1455 1646 1532 πλευρὰν,
1694 1458 1760 1525 ἥν
1807 1452 1988 1525 ἔλαϐε,

335 1543 410 1604 εἰς
444 1548 692 1617 γυναῖκα,
743 1543 832 1596 καὶ
879 1540 1076 1619 ἤγαγεν
1118 1544 1284 1614 αὐτὴν
1333 1547 1469 1621 πρὸς
1511 1547 1599 1600 τὸν
1650 1544 1848 1619 Ἀδάμ,
1899 1546 1987 1598 καὶ

331 1631 475 1685 εἶπεν
537 1629 734 1704 Ἀδάμ’
797 1631 947 1702 Αὕτη
997 1638 1087 1686 νῦν
1143 1634 1268 1707 σάρξ
1324 1634 1383 1688 ἐκ
1439 1642 1539 1703 τῆς
1598 1635 1792 1707 σαρκός
1858 1654 1985 1705 μου,

325 1721 416 1774 καὶ
477 1721 668 1775 ὀστοῦν
729 1721 790 1775 ἐκ
842 1725 950 1775 τῶν
1015 1721 1215 1777 ὀστέων
1268 1745 1394 1796 μου.
1449 1725 1593 1792 Αὕτη
1648 1722 1983 1793 κληθήσεται

1722 343 1824 402 DE
1868 342 2398 404 VIRGINITATE.

346 481 445 544 τῆς
507 479 614 549 γῆς
670 473 807 528 κατὰ
862 473 1038 548 γένος,
1097 473 1187 528 καὶ
1239 474 1304 527 τὰ
1361 472 1579 528 πετεινᾶ
1621 476 1718 527 τοῦ
1772 473 2299 548 οὗρανοῦΑεθΠυε
2359 493 2554 532 suum.

346 563 480 618 κατᾶ
537 562 694 638 γένος
731 606 744 618 .
808 562 1089 617 Ἐκέλευσε
1152 568 1270 625 τοῖς
1331 560 1486 617 ὕδασι
1520 607 1533 631 ,
1588 561 1676 616 καὶ
1738 561 2002 636 ἐξήγαγον

3655 343 3776 405 254

2647 477 2920 550 Praecepit
2975 478 3176 550 aquis,
3254 483 3312 534 et
3371 479 3774 551 produxerunt

2117 565 2328 637 pisces,
2388 571 2444 622 et
2500 567 2762 622 condidit
2811 567 3101 622 immanes
3161 567 3436 624 balmnas.
3469 569 3770 625 Postremo

2115 656 2382 710 omnium
2407 656 2541 712 fecit
2571 657 2956 724 hominem,et
2973 657 3170 712 omnia
3200 657 3252 711 ei
3285 659 3354 712 ad
3371 657 3767 713 ministerium

2112 745 2369 800 donavit.
2425 747 2574 800 Dixit.
2623 746 2778 801 enim
2847 746 3126 801 Dominus
3181 751 3332 801 Deus
3385 745 3526 801 Filio
3582 763 3689 802 suo
3751 763 3766 802 :

2113 856 2138 884 ι(
2174 833 2480 890 Faciamus
2529 836 2827 890 hominem
2877 835 2948 890 ad
2981 835 3298 908 imaginem
3331 841 3388 891 et
3413 836 3766 890 similitudi-

2111 941 2240 979 nem
2276 930 2574 980 nostram:
2601 929 2658 980 et
2687 925 2958 980 formavit
2987 925 3142 980 Deus
3182 924 3761 990 hominem,sumens

2106 1011 2314 1068 limum
2350 1014 2418 1068 de
2449 1018 2623 1081 terra,
2675 1021 2732 1070 et
2756 1016 2953 1084 posuit
3000 1031 3137 1069 eum
3189 1014 3247 1068 in
3301 1011 3573 1081 paradiso
3604 1011 3764 1066 volu-

2107 1104 2302 1174 ptatis.
2364 1103 2614 1158 Immisit
2643 1109 2838 1159 autem
2871 1103 3025 1158 Deus
3059 1104 3115 1154 in
3147 1100 3331 1154 Adam
3374 1103 3673 1170 stuporem
3705 1105 3763 1156 et

2104 1191 2428 1262 consopivit
2458 1209 2614 1259 eum,
2647 1197 2702 1248 et
2760 1188 3014 1260 sumpsit
3070 1205 3248 1244 unam
3281 1205 3350 1243 ex
3398 1189 3577 1244 costis
3608 1190 3758 1260 ejus,

2103 1286 2159 1336 et
2188 1298 2422 1336 carnem
2453 1298 2556 1352 pro
2615 1299 2681 1333 ea
2712 1278 3037 1345 substituit,
3089 1282 3144 1334 et
3177 1275 3480 1333 aediﬁcavit
3509 1283 3755 1348 costam,

2104 1385 2282 1439 quam
2314 1371 2666 1437 sumpserat,
2701 1366 2758 1420 in
2812 1366 3142 1435 mulierem,
3178 1381 3427 1436 eamque
3463 1366 3536 1422 ad
3565 1367 3755 1422 Adam

2103 1455 2393 1528 perduxit,
2447 1459 2503 1509 et
2560 1456 2703 1509 dixit
2757 1455 2976 1509 Adam:
3043 1456 3166 1509 Haec
3197 1471 3330 1509 caro
3371 1471 3529 1510 nunc
3559 1455 3752 1511 6185

2099 1560 2274 1598 carne
2325 1561 2474 1610 mea,
2526 1549 2583 1598 et
2634 1561 2698 1599 os
2760 1561 2823 1598 ex
2885 1544 3119 1598 ossibus
3175 1544 3340 1599 meis.
3397 1544 3532 1615 Ipsa
3584 1561 3757 1600 voca-

2099 1633 2259 1688 bitur
2304 1633 2520 1703 virago,
2567 1633 2846 1704 quoniam
2886 1650 2954 1688 ex
3013 1633 3134 1688 viro
3181 1651 3290 1688 suo
3349 1638 3588 1704 sumpta
3643 1637 3752 1690 est.

2095 1723 2337 1795 PrOpter
2366 1723 2473 1778 hoc
2489 1723 2782 1794 relinquet
2801 1724 2975 1778 homo
3001 1727 3224 1794 patrem
3241 1740 3416 1779 suum
3433 1727 3490 1778 et
3506 1728 3754 1779 matrem

321 1809 480 1884 γυνη,
515 1807 598 1863 ὅτι
631 1810 690 1865 ἐκ
718 1814 814 1865 τοῦ
848 1807 1037 1885 ἀνδρὸς
1089 1810 1254 1880 αὐτῆς
1308 1812 1544 1889 ἐλήφθη.
1597 1812 1744 1867 Ἀντὶ
1785 1811 1971 1866 τούτου

2096 1829 2286 1881 suam,
2321 1817 2377 1867 et
2407 1813 2796 1883 conjungetur
2829 1812 2991 1867 uxori
3053 1829 3193 1880 suae,
3227 1817 3513 1883 eruntque
3544 1813 3660 1868 duo
3692 1813 3752 1868 in

319 1896 637 1972 καταλείψει
680 1899 966 1972 ἄνθρωπος
993 1901 1084 1955 τὸν
1138 1901 1350 1976 Πατέρα
1399 1901 1584 1969 αὐτοῦ,
1618 1900 1705 1955 καὶ
1736 1902 1836 1969 τὴν
1874 1923 1978 1974 μη-

2093 1918 2265 1956 carne
2296 1919 2412 1957 una
2447 1902 2510 1956 3°.
2547 1924 2574 1952 »

321 1986 450 2064 τέρα
481 1988 670 2057 αὐτοῦ,
704 1989 792 2044 καὶ
825 1987 1379 2065 προσκολληθήσεται
1407 1995 1476 2064 τῇ
1507 1991 1718 2066 γυναικὶ
1752 1991 1938 2058 αὐτοῦ,
1969 1989 2058 2045 καὶ
2090 1987 2300 2044 ἔσονται
2331 1991 2382 2044 οἱ
2416 1989 2515 2044 δύο
2549 1990 2626 2053 εἷς
2658 1991 2828 2067 σάρκα
2862 1989 3005 2063 μίαν.
3046 2013 3070 2040 n

395 2097 449 2152 2.
477 2097 698 2168 Ἄκουε,
761 2093 936 2166 δούλη
994 2094 1093 2151 τοῦ
1148 2099 1406 2171 Χριστοῦ,
1456 2099 1545 2152 καὶ
1592 2099 1809 2168 πάντες,
1861 2097 1980 2152 ὅσοι

320 2181 539 2239 θέλουσι
571 2187 836 2253 σωθῆναι,
867 2185 955 2240 καὶ
988 2184 1330 2255 ένωτίζονται
1379 2186 1444 2240 τά
1477 2187 1696 2262 ῥήματα
1739 2191 1836 2242 τοῦ
1866 2190 1978 2260 (85)

321 2271 592 2346 στόματός
628 2294 753 2347 μου·
806 2274 898 2328 καὶ
944 2272 1418 2348 καταδεξάσθωσαν
1455 2277 1520 2330 τὰ
1561 2275 1675 2330 ὦτά
1721 2298 1816 2331 σου
1859 2278 1976 2331 θεο-

319 2361 610 2425 πνεύστους
662 2362 882 2439 λόγους.
917 2387 945 2414 ‹‹
977 2363 1048 2418 Τὸ
1095 2365 1393 2439 μυστήριον
1440 2364 1543 2440 γὰρ
1592 2369 1777 2432 τοῦτο,
1818 2364 1974 2443 φησὶ,

323 2450 463 2526 μέγα
519 2450 671 2521 ἐστὶ,
729 2476 758 2502 ››
814 2453 993 2516 καθὼς
1071 2452 1213 2508 εἶπεν
1274 2453 1302 2507 ὀ
1364 2452 1630 2530 μακάριος
1707 2453 1921 2516 Παῦλος
1956 2501 1971 2527 ,

321 2539 406 2595 ὅτι
435 2546 540 2602 πᾶς
571 2543 683 2614 (86)
713 2542 740 2596 6
771 2539 1130 2614 κολλώμενος
1175 2546 1242 2616 τῇ
1291 2544 1526 2617 γυναικὶ,
1565 2543 1619 2598 ἓν
1652 2545 1812 2616 σῶμα
1841 2543 1972 2598 εἰσιν

318 2629 647 2707 ἀμφότεροι.
698 2629 854 2687 Οὕτω
902 2629 1066 2686 πάλιν
1112 2637 1215 2694 πᾶς
1262 2631 1399 2706 ἀνὴρ
1431 2634 1466 2702 ἢ
1496 2634 1632 2707 γυνή
1673 2631 1970 2705 κολλώμε-

317 2739 410 2780 νος
441 2723 522 2788 τῷ
554 2719 732 2794 Κυρίῳ
781 2718 834 2772 ἓν
875 2721 1089 2792 πνεῦμά
1133 2718 1264 2777 ἐστι.
1314 2721 1376 2777 Ei
1425 2722 1526 2797 γὰρ
1577 2722 1630 2775 οἱ
1655 2726 1734 2793 τῷ
1773 2723 1966 2795 κόσμῳ

315 2803 716 2880 συναπτόμενοι
776 2807 1250 2882 καταλιμπάνουσι
1313 2811 1402 2864 τὸν
1462 2811 1668 2884 πατέρα
1723 2811 1811 2865 καὶ
1864 2813 1962 2881 τὴν

319 2897 547 2972 μητέρα,
598 2897 687 2951 καὶ
747 2897 1099 2954 συνάπτονται
1159 2901 1414 2976 φθαρτοῖς
1470 2900 1778 2976 ἀνθρώποις
1827 2904 1961 2974 (87).

316 2986 464 3058 πόσῳ
500 2986 712 3058 μᾶλλον
761 2989 797 3056 ἡ
837 2989 1101 3060 παρθένος
1143 2987 1576 3064 έγκρατευομένη
1629 2989 1835 3067 ὀφείλει
1868 3012 1962 3046 κα-

315 3073 554 3130 ταλιπεῖν
583 3077 650 3131 τὰ
678 3080 842 3152 γήϊνα
872 3077 1064 3152 πάντα,
1099 3077 1185 3133 καὶ
1233 3083 1310 3150 τῷ
1341 3079 1520 3154 Κυρίῳ
1563 3080 1714 3152 μόνῳ
1740 3078 1953 3152 κολλη-

2160 2099 2618 2164 2.!Audi,ancilla
2647 2100 2883 2167 Christi,
2908 2099 3575 2173 etquicunquesalutem
3594 2116 3753 2172 quas-

2089 2193 2249 2252 runt,
2283 2193 2339 2243 et
2360 2189 2691 2244 auscultant
2711 2189 2886 2245 verba
2916 2190 3032 2244 oris
3055 2189 3168 2244 mei
3193 2205 3205 2244 :
3239 2193 3296 2245 et
3325 2189 3616 2261 accipiant
3647 2207 3748 2246 au-

2087 2293 2181 2332 res
2211 2282 2322 2332 tum
2355 2296 2388 2333 a
2417 2279 2532 2333 Deo
2562 2277 2879 2350 inspiratus
2904 2293 3225 2334 sermones.
3256 2297 3277 2325 α
3299 2277 3416 2333 Hoc
3435 2278 3592 2334 enim
3626 2295 3748 2349 my-

2089 2366 2356 2434 sterium,
2380 2388 2407 2416 »
2433 2366 2628 2437 inquit
2667 2367 2836 2422 divus
2866 2366 3102 2434 Paulus,
3136 2389 3165 2417 «
3201 2383 3480 2438 magnum
3501 2370 3591 2422 est
3620 2368 3686 2438 ‘0,
3713 2389 3743 2418 »

2085 2468 2152 2509 eo
2212 2456 2367 2526 quod
2417 2455 2629 2524 omnis,
2684 2456 2783 2527 qui
2833 2455 3242 2527 agglutinetur
3317 2456 3503 2524 uxori,
3564 2457 3740 2512 ambo

2081 2559 2268 2599 unum
2316 2560 2529 2616 corpus
2577 2545 2713 2600 sint.
2754 2545 2841 2599 Ita
2860 2561 3091 2616 quoque
3116 2545 3310 2599 omnis
3335 2543 3424 2598 vir
3453 2543 3571 2600 sive
3603 2561 3740 2600 mu-

2079 2631 2189 2688 lier
2236 2633 2640 2706 agglutinatus
2693 2633 2964 2699 Domino,
3016 2650 3172 2688 unus
3222 2633 3468 2706 spiritus
3529 2639 3638 2689 est.
3671 2633 3741 2690 Si

2078 2721 2234 2777 enim
2267 2723 2366 2793 qui
2409 2723 2630 2778 mundo
2662 2721 3032 2794 copulantur,
3065 2721 3408 2794 relinquunt
3428 2727 3653 2794 patrem
3684 2729 3742 2780 et

2076 2815 2345 2879 matrem,
2396 2815 2461 2866 ut
2499 2811 2850 2866 mortalibus
2909 2811 3251 2866 hominibus
3308 2811 3659 2883 copulentur
3719 2831 3736 2882 ;

2076 2904 2297 2971 quanto
2319 2900 2510 2972 magis
2539 2901 2699 2973 virgo
2731 2900 3036 2956 continens
3069 2899 3399 2971 relinquere
3431 2901 3603 2957 debet
3623 2907 3742 2958 ter‘

2073 2989 2283 3044 restria
2330 2989 2548 3057 omnia,
2603 2993 2660 3044 et
2698 2989 2943 3044 Domino
2970 2989 3078 3045 soli
3111 2987 3469 3061 agglutinari
3492 2992 3518 3045 ‘I
3542 2992 3734 3061 Hujus

2073 3078 2188 3132 mei
2244 3077 2382 3134 dicti
2422 3078 2589 3136 testis
2619 3082 2711 3135 est
2762 3078 2890 3150 ipse
2937 3078 3271 3150 Apostolus,
3305 3078 3390 3135 ita
3435 3078 3732 3152 loquens:

315 3171 464 3234 θῆναι
490 3184 504 3234 ;
539 3172 813 3242 Μαρτυρεῖ
845 3165 902 3222 δέ
937 3189 1029 3240 μοι
1060 3172 1139 3239 τῷ
1161 3166 1310 3244 λόγῳ
1339 3169 1428 3222 καὶ
1460 3169 1617 3231 αὐτὸς
1649 3171 1676 3224 ὁ
1709 3170 1968 3226 Ἀπόστο-

2088 3189 2108 3216 ι(
2133 3166 2342 3222 Mulier
2371 3168 2620 3238 innupta
2659 3166 2915 3222 sollicita
2943 3172 3033 3224 est
3089 3184 3313 3234 eorum,
3347 3185 3474 3240 quas
3507 3168 3737 3225 Domini

311 3252 431 3327 λος,
467 3253 666 3330 λέγων’
701 3281 730 3307 ‹‹
763 3258 824 3312 ’Π
871 3258 1004 3332 γυνὴ
1039 3257 1073 3326 ἡ
1110 3255 1321 3331 ἄγαμος
1369 3263 1605 3333 μεριμνᾷ
1636 3260 1704 3314 τὰ
1731 3264 1831 3313 τοῦ
1863 3267 1965 3314 Κυ-

307 3342 453 3416 ρίου,
481 3342 574 3398 ⁸ίνα
668 3344 797 3420 ἁγία
838 3351 916 3417 τῷ
967 3347 1182 3418 σώματι
1232 3347 1322 3401 καὶ
1361 3352 1440 3418 τῷ
1486 3349 1775 3422 πνεύματι.
1817 3351 1878 3405 Ἡ
1910 3348 1968 3404 δὲ

304 3433 597 3506 γαμήσασα
657 3439 896 3510 μεριμνᾷ
947 3436 1016 3489 τὰ
1070 3439 1172 3489 τοῦ
1228 3435 1459 3508 κόσμου,
1516 3442 1633 3493 πῶς
1668 3439 1842 3515 ἀρέσει
1887 3445 1967 3512 τῷ

305 3519 463 3597 ἀνδρὶ
643 3565 658 3590 ,
687 3523 776 3577 καὶ
824 3522 1145 3597 μεμέρισται
1181 3568 1193 3580 .
1229 3548 1258 3577 ››
1297 3530 1465 3580 Τοῦτο
1512 3525 1604 3580 οὖν
1654 3525 1800 3602 λέγω
1835 3573 1848 3599 ,
1881 3527 1965 3584 ὅτι

303 3615 450 3665 πᾶσα
506 3611 770 3687 παρθένος
805 3657 818 3682 ,
876 3614 909 3682 ἢ
965 3615 1115 3690 χήρα
1173 3613 1602 3691 έγκρατευομένη
1638 3662 1651 3688 ,
1713 3617 1800 3671 ἑὰν
1863 3616 1966 3695 ἔχῃ

305 3698 568 3778 φροντίδα
599 3700 649 3756 ἐν
678 3706 757 3774 τῷ
805 3701 998 3775 κόσμῳ
1029 3702 1207 3776 τούτῳ
1243 3746 1257 3772 ,
1290 3704 1426 3773 αὐτή
1460 3707 1493 3776 ἡ
1547 3706 1768 3783 φροντὶς
1824 3707 1962 3785 ἀνὴρ

303 3790 472 3859 αὐτῆς
505 3789 639 3846 ἐστι’
691 3792 785 3846 κᾶν
837 3794 1110 3864 κτήματα,
1142 3791 1238 3847 κᾶν
1279 3793 1600 3870 ὖπάρχοντα
1653 3794 1774 3872 ἔχῃ,
1825 3798 1960 3868 αὐτή

305 3881 342 3950 ἠ
377 3881 617 3956 μέριμνα
650 3881 875 3954 μολύνει
912 3881 1080 3952 αὐτῆς
1132 3883 1231 3951 τὴν
1266 3880 1505 3938 διάνοιαν
1543 3929 1556 3940 .
1606 3887 1808 3962 ’Ὠσπερ
1860 3888 1960 3962 γάρ

301 3967 391 4024 διὰ
418 3967 514 4024 τοῦ
545 3967 740 4044 ἀνδρὸς
768 3971 831 4025 τὸ
865 3975 1029 4044 σῶμα
1065 3969 1378 4044 μολύνεται,
1414 3972 1586 4034 οὕτως
1615 3973 1704 4027 καὶ
1745 3975 1798 4028 αἱ
1831 3976 1960 4050 σχέο

299 4079 410 4121 σεις
439 4061 495 4113 αἱ
525 4059 785 4133 κοσμικαὶ
815 4061 913 4128 τήν
948 4062 1134 4137 ψυχὴν
1181 4062 1268 4115 καὶ
1316 4063 1378 4116 τὸ
1432 4067 1591 4135 σῶμα
1638 4071 1738 4132 τῆς
1771 4063 1963 4140 ἐγκρα-

296 4149 595 4221 τευομένης
630 4148 902 4221 μιαίνουσι
940 4195 953 4218 ,
1001 4149 1090 4204 καὶ
1134 4149 1233 4204 οὐκ
1281 4149 1420 4204 ἔστιν
1470 4151 1595 4226 ἁγία
1623 4157 1702 4224 τῷ
1745 4155 1956 4226 σώματι

294 4237 385 4291 καὶ
445 4243 525 4308 τῷ
581 4237 869 4310 πνεύματι.
904 4239 967 4295 Ἡ
1027 4236 1083 4293 δὲ
1143 4239 1496 4316 φροντίζουσα
1537 4241 1598 4295 τὸ
1645 4239 1802 4316 ἔργον
1861 4247 1958 4297 τοῦ

297 4330 454 4396 Θεοῦ,
511 4325 743 4405 νυμφίος
804 4327 974 4396 αὐτῆς
1033 4328 1322 4404 ὁΧριστός
1383 4329 1544 4386 ἐστιν.
1597 4333 1658 4385 Ἥ
1716 4331 1816 4408 γάρ
1863 4333 1955 4406 ἀρ-

301 4417 585 4488 μοσομένη
618 4413 772 4492 ἀνδρὶ
805 4418 1024 4495 φθαρτῷ
1077 4418 1138 4472 τὸ
1170 4415 1387 4493 θέλημα
1436 4417 1532 4474 τοῦ
1563 4418 1757 4497 ἀνδρὸς
1792 4420 1954 4491 αὐτῆς

295 4509 464 4560 ποιεῖ·
503 4505 676 4568 οὕτως
734 4505 837 4580 γάρ
888 4504 1119 4582 εἷ’ρηται,
1183 4505 1264 4562 ὅτι
1299 4514 1414 4562 «ῚΙ
1470 4511 1600 4585 γυνή
1659 4509 1755 4564 τοῦ
1817 4509 2032 4602 ἷδίουΒ

296 4595 556 4667 σώματος
591 4593 688 4650 οὐκ
738 4594 1029 4665 ἐξουσιάζει
1065 4641 1078 4667 ,
1111 4595 1238 4650 ἀλΛ⁹
1270 4599 1298 4652 6
1331 4599 1466 4669 ἀνήρ
1493 4639 1510 4656 .
1548 4624 1568 4653 ι
1608 4599 1706 4654 Καὶ
1739 4600 1902 4656 πάλιν
1939 4620 1952 4633 ·

297 4708 326 4735 ‹‹
359 4684 628 4760 Ὠσπερή
688 4682 988 4754 Ἐκκλησία
1038 4685 1391 4742 ὑποτάσσεται
1443 4692 1522 4759 τῷ
1564 4688 1761 4765 Κυρίῳ,
1813 4690 1956 4745 οὕτω

293 4773 384 4828 καὶ
416 4774 468 4828 αἱ
513 4778 763 4851 γυναῖκες
821 4779 938 4836 τοῖς
977 4772 1228 4852 ἀνδράσιν
1277 4775 1328 4831 έν
1383 4777 1560 4835 παντί.
1612 4800 1639 4832 η
1695 4780 1816 4838 Ἀπ’
1865 4780 1955 4835 αὖ·

292 4868 400 4918 τῶν
449 4865 551 4939 γὰρ
599 4868 709 4918 τῶν
759 4868 1064 4937 κοσμικῶν,
1118 4864 1205 4920 ἐὰν
1259 4867 1528 4940 θέλωμεν,
1574 4868 1664 4921 καὶ
1729 4871 1796 4923 τὰ
1843 4868 1955 4924 ἅνω

292 4956 548 5024 νοοῦμεν.
592 4954 654 5009 Ἡ
687 4949 744 5008 δὲ
794 4954 1174 5027 συναπτομένη
1231 4959 1309 5028 τῷ
1359 4955 1664 5032 ἐπουρανίῳ
1713 4958 1953 5036 νυμφίῳ,

288 5041 352 5096 τὸ
381 5040 602 5114 θέλημα
627 5047 726 5097 τοῦ
768 5043 1006 5120 νυμφίου
1039 5043 1204 5114 αὐτῆς
1232 5047 1638 5120 κατεργάζεται.

360 5133 414 5188 3.
446 5136 620 5187 Τοῦτο
653 5128 711 5187 δέ
742 5130 853 5187 ἐστι
884 5133 947 5187 τὸ
998 5131 1217 5207 θέλημα
1263 5138 1362 5189 τοῦ
1407 5139 1664 5210 Χριστοῦ,
1697 5134 1789 5190 τὸν
1822 5136 1955 5192 κολ-

2080 3259 2241 3323 sunt,
2275 3261 2341 3311 ut
2397 3257 2475 3311 sit
2521 3260 2723 3311 sancta
2765 3271 3004 3327 corpore
3034 3261 3090 3312 et
3119 3257 3349 3328 spiritu.
3380 3257 3575 3326 Nupta
3601 3274 3736 3315 vero

2078 3344 2333 3402 sollicita
2379 3349 2468 3400 est
2523 3361 2751 3413 eorum,
2797 3361 2924 3417 quae
2973 3349 3114 3400 sunt
3165 3347 3393 3413 mundi,
3439 3347 3736 3418 quomodo

2077 3435 2307 3507 placeat
2360 3435 2505 3502 viro,
2564 3439 2622 3490 et
2651 3434 2839 3490 divisa
2895 3439 2984 3491 est
3014 3435 3079 3489 δι.
3114 3456 3142 3484 ››
3199 3438 3320 3490 Hoc
3371 3435 3552 3508 igitur
3580 3435 3735 3509 dico,

2076 3528 2228 3597 quod
2289 3525 2482 3580 omnis
2511 3524 2694 3596 virgo,
2744 3528 2846 3579 aut
2875 3524 3053 3580 vidua
3082 3523 3412 3595 continens,
3455 3524 3504 3580 si
3531 3541 3736 3582 curam

2075 3631 2243 3670 suam
2271 3613 2513 3669 colloeet
2543 3613 2602 3668 in
2655 3613 2762 3668 hoc
2788 3613 3030 3676 mundo.
3081 3613 3209 3684 ejus
3243 3613 3323 3668 rei
3355 3628 3496 3669 cura
3518 3612 3602 3668 illi
3634 3631 3737 3686 pro

2074 3704 2285 3760 marito
2329 3707 2456 3759 est:
2492 3703 2611 3758 sive
2657 3701 3078 3774 possessiones,
3128 3702 3249 3758 sive
3281 3701 3428 3759 alias
3455 3704 3738 3758 substan-

2072 3795 2185 3849 tias
2245 3792 2560 3865 possideat,
2619 3791 2750 3864 ipsa
2799 3790 3134 3848 sollicitudo
3184 3792 3548 3848 contaminat
3603 3793 3733 3862 ejus

2071 3882 2350 3938 animam.
2378 3882 2448 3938 Ut
2477 3881 2634 3937 enim
2668 3897 2769 3952 per
2798 3880 2987 3936 virum
3019 3898 3235 3953 corpus
3276 3880 3738 3950 contaminatur,

2071 3972 2153 4028 ita
2183 3987 2416 4044 quoque
2445 3971 2684 4026 habitus
2711 3969 3017 4036 mundani,
3053 3974 3110 4024 et
3140 3970 3399 4025 animam
3429 3973 3489 4025 et
3518 3985 3732 4041 corpus

2069 4061 2422 4116 continentis
2453 4064 2866 4130 conspurcant,
2889 4074 3080 4130 neque
3102 4059 3228 4129 jam
3261 4063 3350 4114 est
3377 4065 3727 4115 sanctacor-

2069 4167 2209 4223 pore
2263 4154 2321 4205 et
2378 4149 2612 4221 spiritu.
2673 4150 2807 4214 Qua:
2862 4151 3058 4204 autem
3091 4151 3257 4204 curat
3286 4164 3436 4220 opus
3467 4148 3728 4213 Domini,

2070 4241 2246 4309 hujus
2269 4255 2524 4311 sponsus
2557 4241 2646 4292 est
2675 4237 2960 4293 Christus.
3015 4238 3094 4292 Ea
3122 4237 3299 4306 enim,
3335 4255 3461 4308 quis
3489 4243 3732 4310 coapta-

2066 4333 2165 4384 tur
2191 4329 2312 4384 viro
2344 4325 2728 4399 corruptibili,
2781 4325 3145 4381 voluntatem
3189 4325 3297 4380 viri
3332 4326 3423 4382 sui
3457 4326 3617 4393 facit,
3653 4326 3735 4382 ita

2068 4417 2223 4474 enim
2258 4416 2543 4489 scriptum
2576 4419 2704 4472 est:
2740 4438 2767 4464 ‹‹
2799 4413 3010 4470 Mulier
3038 4414 3129 4471 sui
3179 4416 3439 4487 corporis
3469 4420 3731 4488 potesta-

2067 4512 2187 4564 tem
2221 4525 2334 4563 non
2367 4506 2561 4573 habet,
2597 4505 2697 4561 sed
2726 4505 2813 4560 vir
2843 4504 2887 4539 ⁴²
2913 4520 2925 4560 :
2956 4526 2983 4553 »
3016 4520 3083 4561 ac
3141 4520 3376 4560 rursum
3408 4521 3421 4559 :
3459 4527 3486 4554 «
3519 4508 3730 4570 Quem-

2070 4597 2388 4652 admodum
2424 4594 2681 4651 Ecclesia
2726 4593 3046 4665 subjicitur
3075 4592 3348 4661 Domino,
3381 4593 3462 4649 ita
3491 4611 3728 4666 quoque

2067 4686 2345 4742 mulieres
2376 4685 2518 4740 viris
2549 4683 2672 4740 suis
2704 4684 2763 4737 in
2794 4682 3070 4738 omnibus
3103 4683 3167 4736 ‘3.
3192 4703 3220 4731 »
3250 4683 3530 4754 Exemplo
3558 4700 3726 4738 nam-

2067 4792 2178 4847 que
2231 4775 2663 4830 mundanarum
2697 4788 2916 4838 rerum,
2950 4771 2998 4828 si
3043 4771 3125 4826 ita
3169 4771 3441 4839 velimus,
3474 4771 3732 4829 ccelestia

2064 4867 2547 4924 intellexerimus.
2629 4866 2763 4929 Quae
2815 4869 3010 4920 autem
3067 4863 3448 4935 conjungitur
3502 4865 3727 4922 cmlesti

2065 4975 2302 5030 sponso,
2336 4958 2696 5012 voluntatem
2721 4954 2811 5010 sui
2837 4955 3039 5025 sponsi
3066 4955 3222 5010 facit.

2134 5139 2188 5194 3.
2224 5138 2302 5193 Ea
2333 5141 2530 5194 autem
2564 5138 2654 5190 est
2674 5133 2944 5189 voluntas
2965 5131 3209 5202 Christi,
3250 5135 3316 5186 ut
3353 5131 3404 5187 is
3453 5131 3554 5204 qui
3607 5131 3725 5204 ipsi

355 5329 401 5364 3°
442 5329 652 5386 Genes.
688 5347 724 5397 I,
753 5330 862 5399 26;
925 5349 988 5402 ιι,
1037 5332 1092 5400 7,
1124 5333 1178 5400 8,
1227 5333 1422 5389 21-24.
1472 5336 1516 5372 ⁴⁰
1539 5335 1750 5408 Ephes.
1788 5352 1837 5404 ιι,
1860 5336 1950 5392 32.

2119 5337 2141 5392 Ι
2189 5335 2318 5391 Cor.
2376 5350 2480 5401 vn,
2539 5333 2630 5388 34.
2679 5332 2724 5367 δ’
2761 5331 2906 5388 Ibib.
2963 5333 3017 5386 4.
3062 5332 3108 5368 ⁴³
3158 5329 3371 5402 Ephes.
3416 5347 3471 5398 ν,
3521 5330 3611 5385 24.

356 5521 1254 5604 (SSLDasiliensis,_Anglicanus
1291 5531 1350 5582 et
1371 5527 1526 5604 _Felc._
1545 5532 1600 5601 2,
1625 5529 1692 5583 τὰ
1724 5528 1942 5604 ῥήματά

287 5595 602 5672 “conmitti
635 5611 792 5672 vero,
819 5595 886 5672 τὰ
915 5595 1133 5672 ῥήματα
1162 5601 1259 5672 τοῦ
1291 5597 1558 5671 στόματός
1585 5595 1725 5672 ’μους

355 5667 469 5741 (86)
499 5669 609 5728 Πᾶς
637 5667 802 5725 deest
830 5668 891 5725 in
915 5667 1261 5727 'Basiliensi.

2125 5527 2238 5598 (87)
2265 5525 2646 5598 Anglicanus,
2670 5525 2894 5598 θνητοῖς
2910 5521 3242 5598 ᾁνθρώποις.

2125 5529 2217 5596 (87
2265 5527 2646 5598 Anglicanus,
2670 5527 2889 5593 θνητοῖς
2912 5527 3242 5594 ἀνθρώποις.

2123 5527 2238 5672 (88)
2266 5599 2359 5653 Sic
2406 5596 2767 5652 Basiliensis.
2817 5595 2971 5652 Editi
3002 5609 3155 5662 vero,
3204 5591 3286 5658 τῷ
3319 5587 3476 5665 ἀνδρὶ
3520 5591 3711 5662 αὐτῆς.
