4154 6370
445 381 565 444 255

1631 376 1697 437 S.
1743 374 2270 439 ATHANASIUS.
2301 409 2380 420 —
2407 375 2672 439 DUBIA.

3747 373 3866 440 256

442 513 881 588 conglutinatus
914 516 1022 580 est,
1055 512 1203 568 nihil
1257 529 1454 569 secum
1509 511 1748 568 omnino
1780 509 1960 581 hujus
1997 525 2085 564 ste-

2213 505 2462 579 λώμενον
2495 507 2642 581 αὐτῷ
2675 505 2843 580 μηδὲν
2893 507 3038 571 ὅλως
3082 507 3423 588 ἐπιφέρεσθαι
3455 511 3568 584 (89)
3596 514 3692 565 τοῦ
3723 509 3864 566 ait?)-

441 603 556 659 culi
588 604 757 671 ferat,
787 603 935 660 nihil
957 602 1260 660 terrestria
1277 607 1471 669 curet;
1498 602 1598 657 sed
1630 600 1821 658 solum
1856 607 1920 654 ut
1965 615 2097 652 cru-

444 709 569 750 cem
595 697 745 766 ejus,
779 695 880 767 qui
916 711 1018 766 pro
1042 712 1104 750 se
1136 694 1449 749 cruciﬁxus
1480 698 1589 758 est,
1622 691 1884 763 bajulare
1910 689 2049 745 velit
2081 705 2094 750 ;

441 799 765 857 curamque
795 801 860 840 ac
886 783 1346 839 sollicitudinem
1380 787 1566 854 gerat,
1599 781 1690 836 die
1723 798 1789 836 ac
1813 784 2000 846 nocte,
2035 783 2098 832 ut

444 873 744 942 perpetuis
769 872 1028 946 hymnis,
1081 876 1138 928 et
1193 871 1716 944 gloriﬁcationibus
1775 885 1907 924 eum
1957 866 2099 923 cele-

447 958 596 1025 bret,
631 959 1026 1017 illuminatum
1076 961 1290 1016 habeat
1318 961 1530 1016 mentis
1576 958 1833 1023 oculum,
1861 957 2009 1013 sciat
2030 955 2095 1012 il-

443 1046 561 1103 lius
591 1047 951 1104 voluntatem
975 1056 1029 1102 et
1059 1050 1110 1106 ei
1143 1051 1519 1120 obsequatur,
1545 1063 1643 1102 cor
1681 1045 1930 1118 simplex
1961 1062 2094 1117 pos-

443 1137 715 1205 sideat,et
745 1141 1000 1192 mentem
1031 1152 1257 1207 puram.
1291 1139 1632 1194 Misericors
1662 1137 1760 1206 sit,
1794 1141 1858 1191 ut
1886 1150 2091 1208 quem-

442 1223 761 1280 admodum
803 1225 928 1296 ipse
979 1222 1287 1279 miserator
1317 1231 1372 1278 et
1412 1224 1744 1280 misericors
1792 1227 1900 1292 est,
1934 1222 2015 1278 ita
2043 1226 2100 1278 et

441 1329 550 1369 nos
571 1329 804 1386 quoque
836 1329 970 1369 eum
1005 1328 1345 1384 sequamur.
1378 1311 1721 1369 Mansuetus
1764 1318 1822 1368 et
1864 1313 2097 1384 quietus

435 1407 610 1473 atque
653 1403 882 1475 patiens
939 1403 1035 1466 sit,
1082 1402 1227 1457 nulli
1257 1401 1475 1456 malum
1501 1418 1603 1472 pro
1636 1399 1788 1455 malo
1824 1403 2095 1471 reddens,

437 1489 658 1546 multas
690 1490 1076 1547 contumelias
1105 1489 1942 1561 sustinens,quemadmodum
1974 1492 2098 1560 ipse

344 1613 352 1620 -
435 1595 470 1634 a
497 1579 712 1635 Judaais
745 1579 1122 1636 contumeliis
1177 1579 1442 1649 aii‘ectus,
1475 1595 1575 1634 eas
1623 1577 1926 1634 sustinuit.
1959 1577 2098 1638 Ver-

437 1667 579 1724 hera
626 1673 683 1724 et
731 1669 1024 1727 cruciatus
1058 1670 1205 1725 ferat
1238 1687 1252 1728 :
1285 1686 1422 1724 nam
1452 1672 1508 1724 et
1549 1668 1674 1740 ipse
1703 1682 1936 1740 quoque
1975 1667 2098 1723 haec

433 1773 646 1829 passus
674 1763 765 1814 est
797 1777 810 1813 :
836 1758 1006 1830 alapa
1033 1759 1189 1814 enim
1213 1776 1246 1814 a
1270 1758 1540 1814 ministro
1575 1757 1866 1829 pontiﬁcis
1889 1772 2096 1825 caesus,

2211 616 2303 657 νος
2331 595 2549 666 τούτου,
2585 593 2725 669 μηδὲ
2752 601 2858 652 τῶν
2890 596 3094 674 γηΐνων
3138 599 3464 676 φροντίζειν⁹
3497 598 3644 656 ἀλλᾶ
3695 600 3859 672 μόνον

2206 686 2297 739 τὸν
2349 685 2577 758 σταυρὸν
2627 690 2722 740 τοῦ
2767 687 3161 762 σταυρωθέντος
3193 688 3324 763 ὑπὲρ
3372 688 3536 742 αὑτοῦ
3579 688 3858 762 βαστάζειν

2209 772 2390 842 αὑτὸΑ,
2425 776 2514 827 καὶ
2573 771 2719 850 ἔχειν
2771 773 3027 852 φροντίδα
3083 777 3172 830 καὶ
3234 777 3500 851 μέριμναν
3549 777 3738 838 νυκτὸς
3767 779 3857 833 καὶ

2209 861 2441 936 ἡμέρας,
2499 861 2928 924 ἀκατοπαύστοις
3150 864 3342 936 ὕμνοις
3391 864 3480 920 καὶ
3513 862 3857 940 δοξολογίαις

2209 950 2392 1022 ὑμνεῖν
2423 951 2604 1022 αὑτὸν,
2652 953 3062 1029 πεφωτισμένον
3111 951 3256 1028 ἔχειν
3302 954 3366 1008 τὸ
3404 950 3560 1026 ὄμμα
3607 961 3709 1023 τῆς
3742 953 3857 1009 δια-

2207 1040 2378 1107 νοίας,
2433 1038 2627 1096 εἰδέναι
2681 1043 2742 1096 τὸ
2789 1042 3007 1115 θέλημα
3063 1044 3266 1113 αὑτοῦ,
3323 1046 3412 1099 καὶ
3468 1049 3642 1099 ποιεῖν
3703 1044 3854 1112 αὐτὸ,

2210 1127 2390 1197 ἀπλήν
2441 1128 2584 1206 ἔχειν
2633 1133 2732 1201 τήν
2777 1129 3025 1208 καρδίαν,
3067 1135 3298 1207 καθαρὸν
3348 1135 3439 1188 τὸν
3472 1138 3621 1190 νοῦν.
3656 1133 3854 1204 Ἐλεή-

2213 1239 2351 1290 μονα
2378 1219 2531 1290 εἶναι,
2559 1217 2669 1292 Ἵνα,
2716 1222 2893 1283 καθὼς
2947 1222 3105 1284 αὑτὸς
3139 1223 3434 1298 οἰκτίρμων
3472 1223 3560 1277 καὶ
3596 1221 3852 1295 ἐλεήμων

2210 1306 2342 1378 ἐστὶ,
2393 1308 2565 1371 οὕτως
2619 1309 2708 1364 καί
2755 1313 2918 1384 ἡμεῖς
2973 1310 3416 1384 ἰξακολουθῶμεν
3459 1312 3624 1383 αὐτῷ.
3679 1317 3855 1386 Πρᾶον

2207 1397 2297 1451 καὶ
2356 1397 2591 1474 ἡσύχιον
2651 1397 2808 1466 εἶναι,
2871 1399 3214 1473 ἀνεξίκακον,
3273 1399 3461 1474 μηδενὶ
3522 1401 3684 1456 κακὸν
3741 1401 3858 1455 ἀντὶ

2204 1491 2372 1542 κακοῦ
2431 1483 2772 1553 ἀποδιδόντα,
2806 1483 3012 1563 ὕϐρεων
3059 1487 3283 1544 πολλῶν
3335 1489 3684 1564 ἀνεχόμενον,
3734 1501 3860 1554 καθ-

2207 1575 2280 1635 ὡς
2326 1576 2414 1630 καὶ
2464 1576 2622 1638 αὐτὸς
2668 1576 2775 1632 ὐπὸ
2817 1581 2924 1632 τῶν
2968 1576 3239 1635 Ἰουδαίων
3293 1575 3545 1653 ὑϐρίσθη,
3592 1579 3683 1633 καὶ
3730 1579 3855 1634 ὑπὲ-

2210 1683 2374 1736 μεινε.
2420 1664 2644 1740 Πληγᾶς
2688 1666 2776 1720 καὶ
2823 1666 3085 1742 βασάνους
3137 1667 3439 1746 ὑποφέρειν·
3481 1667 3569 1722 καὶ
3614 1667 3716 1743 γὰρ
3764 1669 3855 1723 αύ-

2204 1752 2295 1814 τὸς
2336 1758 2502 1808 ταῦτα
2547 1753 2726 1809 ἔπαθε·
2776 1755 3050 1831 ῥαπισθεὶς
3098 1757 3198 1833 γὰρ
3250 1758 3354 1812 ὑπὸ
3395 1761 3493 1811 τοῦ
3525 1754 3724 1812 δούλου
3753 1763 3850 1813 τοῦ

433 1844 581 1900 nihil
613 1852 816 1903 contra
847 1841 999 1913 fecit,
1033 1849 1132 1903 sed
1189 1852 1422 1902 tantum
1455 1845 1638 1902 dixit:
1679 1868 1706 1896 (ί
1735 1845 1794 1901 Si
1828 1844 1980 1900 male
2012 1845 2085 1901 lo-

2204 1841 2526 1918 ἀρχιερέως,
2587 1841 2740 1899 οὐδὲν
2795 1844 3076 1916 ἐποίησεν,
3127 1843 3272 1901 ἀλλᾶ
3317 1846 3481 1919 μόνον
3533 1845 3693 1902 εἶπεν·
3730 1871 3756 1902 α
3787 1847 3848 1902 Εἰ

431 1939 603 1990 cutus
633 1937 1199 2003 sum,testimonium
1224 1936 1466 2008 perhibe
1495 1935 1566 1991 de
1593 1933 1782 1990 malo:
1813 1934 1862 1990 si
1895 1939 2085 1990 autem

2200 1934 2380 1992 κακῶς
2436 1930 2700 2005 ἐλάλησα,
2758 1933 3100 2009 μαρτύρησον
3145 1934 3269 2011 περὶ
3319 1939 3416 1989 τοῦ
3461 1935 3649 1990 κακοῦ·
3698 1935 3743 1990 εἰ
3790 1933 3848 1992 δὶ

424 2022 594 2094 bene,
628 2025 772 2097 quid
815 2041 907 2082 me
940 2025 1110 2081 caedis
1141 2025 1169 2080 ‘I
1193 2027 1239 2061 “
1269 2047 1298 2075 ››
1321 2025 1524 2081 Nonne
1555 2025 1768 2098 potuit,
1793 2023 1894 2095 qui
1925 2029 2091 2080 terra:

426 2109 760 2184 imperavit,
822 2119 886 2169 ut
917 2114 1144 2171 Datban
1205 2120 1262 2170 et
1311 2114 1528 2170 Abiron
1562 2115 1722 2169 vivos
1753 2111 2089 2184 deglutiret,

430 2217 669 2257 rursum
701 2205 1082 2276 imperare,ut
1113 2220 1271 2267 eum.
1301 2204 1402 2275 qui
1436 2219 1681 2258 manum
1713 2202 1993 2266 extendit,
2027 2206 2092 2258 ut

431 2291 675 2346 caederet
705 2309 879 2348 suum
919 2293 1304 2360 conditorem,
1359 2291 1555 2347 vivum
1593 2290 1953 2364 deglutiret‘?
1982 2291 2084 2346 Sed

430 2381 736 2453 sustinuit,
769 2380 938 2438 nobis
970 2381 1309 2455 relinquens
1339 2379 1694 2454 exemplum,
1754 2385 1819 2436 ut
1851 2397 1957 2437 nos
1991 2397 2091 2452 per

429 2468 562 2540 ejus
592 2472 838 2542 vestigia
899 2471 1245 2527 incedamus
1276 2473 1339 2527 ‘5.
1371 2471 1458 2526 Tu
1517 2475 1711 2526 autem
1744 2471 1919 2525 homo
1971 2487 2086 2525 non

430 2557 689 2613 sustines
749 2560 820 2615 ab
883 2562 1144 2632 ejusdem
1180 2567 1400 2616 natura:
1449 2560 1684 2615 homine
1713 2559 2087 2616 contumeliis

429 2646 604 2701 affici.
641 2648 874 2704 Imitare
905 2649 1217 2704 Dominum
1252 2654 1441 2704 tuum.
1501 2649 1557 2704 Si
1609 2648 1765 2703 enim
1797 2647 1916 2717 ille,
1949 2664 2081 2703 cum

427 2733 586 2791 Deus
645 2741 819 2806 esset,
854 2737 1123 2794 toleravit
1154 2743 1391 2811 propter
1419 2743 1474 2794 te
1507 2739 1580 2794 ab
1613 2737 1850 2794 homine
1880 2754 2080 2810 pecca-

425 2827 550 2880 tore
595 2826 856 2899 colaphis
885 2828 1026 2883 caadi
1061 2846 1074 2896 ;
1109 2832 1171 2883 tu
1232 2828 1454 2883 scilicet
1513 2828 1862 2900 indignaris,
1921 2827 2078 2898 quod

425 2912 602 2971 homo
633 2915 845 2972 similis
902 2918 1003 2972 tibi
1039 2918 1361 2974 convicium
1393 2917 1553 2985 dicit,
1588 2922 1645 2972 et
1701 2933 1872 2988 paras
1903 2917 2078 2972 ultio-

426 3017 558 3057 nem
579 3003 608 3058 ?
637 3004 785 3060 Proh
815 3005 1166 3063 immensam
1181 3007 1363 3063 animi
1393 3006 1862 3072 stoliditatem,et
1881 3005 2077 3062 stulti-

2200 2017 2409 2089 καλῶς,
2459 2020 2512 2075 τί
2565 2043 2632 2095 με
2679 2019 2888 2098 δὲρειςς
2925 2047 2953 2075 ››
2985 2023 3084 2079 οὐκ
3129 2022 3364 2095 ἡδυνάτο
3414 2025 3442 2078 6
3490 2022 3749 2086 κελεύσας
3779 2028 3846 2100 τῇ

2199 2113 2296 2183 γῇ,
2323 2107 2414 2164 ’ίνα
2441 2109 2568 2172 τοὺς
2601 2111 2724 2181 περὶ
2775 2112 2945 2176 Δαθᾶν
2989 2113 3079 2167 καὶ
3129 2109 3390 2188 ’Δϐειρὼν
3435 2117 3636 2183 ζῶντας
3683 2135 3843 2168 κατα-

2198 2197 2315 2271 πίῃ,
2346 2199 2434 2253 καὶ
2465 2204 2656 2254 τοῦτον
2683 2201 2775 2255 τὸν
2809 2201 3108 2257 ἐκτείναντα
3136 2203 3236 2271 τὴν
3277 2208 3439 2279 χεῖρα
3481 2203 3570 2257 καὶ
3613 2203 3847 2276 τύψαντα

2196 2287 2286 2340 τὸν
2321 2287 2510 2342 ἑαυτοῦ
2543 2285 2878 2366 δημιουργὸν
2933 2295 3101 2360 ζῶντα
3147 2297 3427 2347 καταπιεῖν
3463 2309 3476 2361 ;
3511 2289 3670 2346 Ἀλλ’
3719 2291 3846 2347 ὑπε-

2201 2396 2402 2448 μεινεν,
2435 2377 2570 2450 ἡμῖν
2603 2379 3000 2452 ὑπολιμπάνων
3036 2379 3510 2457 ὑπογραμμὸν,’ίν’
3538 2383 3704 2454 ἡμεῖς
3733 2386 3846 2444 τοῖς

2197 2463 2402 2520 ἐκείνου
2451 2465 2657 2542 ἴχνεσιν
2701 2467 3267 2543 ἐπακολουθήσωμεν.
3318 2470 3393 2525 Σὺ
3452 2468 3529 2540 δὶ,
3575 2468 3846 2545 ἄνθρωπε,

2195 2555 2258 2609 οὐ
2346 2556 2627 2631 βαστάζεις
2695 2558 2798 2612 ὑπὸ
2863 2562 2961 2613 τοῦ
3032 2561 3332 2634 ὁμογενοῦς
3410 2581 3504 2615 σου
3561 2559 3846 2637 ἀνθρώπου

2195 2637 2536 2719 ὑϐρισθῆναι.
2571 2645 2819 2718 Μίμησαι
2867 2648 2958 2702 τὸν
3011 2648 3284 2718 Δεσπότην
3318 2669 3434 2705 σου.
3468 2649 3532 2705 El
3572 2649 3675 2724 γὰρ
3709 2647 3843 2704 ἐκεῖ·

2189 2753 2280 2795 νος
2314 2735 2443 2796 Θεὸς
2477 2732 2551 2788 ὢν
2586 2731 2842 2806 ὲϐἀσταζε
2875 2733 2964 2792 διὰ
3007 2738 3065 2792 σὲ
3117 2737 3218 2793 ὑπὸ
3268 2738 3554 2813 ἀνθρώπου
3595 2739 3846 2810 ἁμαρτω-

2191 2819 2292 2876 λοῦ
2342 2823 2688 2899 ῥαπισθῆναι⁹
2733 2826 2794 2880 σὺ
2846 2826 3188 2901 ἀγανακτεῖς,
3229 2827 3312 2882 δτι
3359 2826 3552 2900 ὅμοιός
3601 2847 3696 2881 σου
3745 2826 3840 2880 ἄν-

2189 2912 2409 2987 θρωπος
2482 2913 2803 2989 ἐλοιδόρησέ
2878 2937 2935 2970 σε
2969 2961 2982 2986 ,
3043 2917 3132 2972 καὶ
3192 2922 3370 2987 ζητεῖς
3446 2913 3843 2971 ἀνταποδοῦναι

2186 3001 2333 3074 αύτῷ
2365 3021 2379 3073 ;
2406 3005 2472 3058 Ὢ
2501 3003 2723 3074 πολλῆς
2757 3005 2938 3068 ἀνοίας
2965 3006 3055 3061 καὶ
3085 3005 3390 3085 ἀφροσύνης
3424 3003 3673 3081 μεγάλης
3698 3007 3710 3062 ί
3738 3005 3835 3060 Διᾶ

426 3090 568 3147 tiam
600 3098 912 3168 magnam!
951 3097 1084 3152 Ideo
1143 3097 1311 3152 nobis
1344 3113 1512 3167 poena
1541 3095 1833 3152 destinata
1879 3099 1987 3164 est,
2021 3098 2078 3150 et

2197 3096 2344 3146 τοῦτο
2403 3092 2491 3147 καὶ
2537 3091 2762 3156 κόλασις
2811 3097 2948 3169 ἡμῖν
2997 3096 3346 3168 ἡτοίμασται,
3388 3095 3476 3150 καὶ
3531 3096 3743 3157 ἑαυτοῖς
3773 3095 3834 3150 τὸ

422 3180 618 3252 ignem
650 3183 762 3256 ipsi
791 3185 959 3241 nobis
989 3187 1388 3253 accendimus,
1413 3187 1569 3258 quod
1599 3201 1733 3240 cum
1759 3183 2074 3240 rationales

2197 3184 2292 3256 πῦρ
2324 3181 2642 3256 ἐξάπτομεν·
2686 3182 2767 3239 ὅτι
2817 3185 2905 3239 καὶ
2955 3184 3173 3260 λογικοὶ
3223 3180 3394 3257 ὄντες,
3443 3190 3561 3247 τοῖς
3611 3183 3837 3260 ἀλόγοις

420 3269 632 3341 simus,
690 3274 1130 3331 irrationalibus
1163 3275 1368 3330 bestiis
1412 3291 1519 3330 nos
1559 3273 1660 3330 86
1689 3273 1917 3329 similes
1947 3274 2079 3329 red-

2197 3252 2356 3338 ζώοις
2407 3252 2630 3334 ἑαυτοὺς
2676 3273 2990 3347 εἰκάζομεν·
3039 3252 3519 3352 ίΓαπεινοφρουσύνῃ
3549 3252 3741 3348 πολλῆ
3766 3272 3840 3335 είς

426 3359 657 3416 damus.
695 3361 756 3417 In
788 3363 977 3418 multa
1007 3363 1337 3420 humilitate
1367 3364 1425 3419 in
1485 3363 1643 3420 hunc
1675 3362 1958 3418 mundum
1987 3378 2083 3418 ve-

424 3446 484 3501 ni
526 3463 538 3502 :
569 3457 622 3504 et
649 3450 966 3522 cpulentus
995 3469 1128 3508 cum
1163 3457 1338 3526 esset,
1355 3469 1577 3524 egenus
1619 3452 1809 3508 factus
1839 3455 1930 3508 est
1950 3468 2082 3524 pro-

421 3540 552 3608 pter
579 3555 706 3606 nos,
761 3545 824 3595 ut
857 3559 962 3597 nos
1006 3541 1168 3598 illius
1225 3547 1484 3615 egestate
1541 3543 1983 3597 ditesceremus.
2016 3541 2086 3597 Et

423 3623 581 3682 Deus
608 3643 742 3684 cum
773 3631 1128 3701 esset,homo
1178 3632 1369 3687 factus
1427 3635 1518 3687 est
1573 3635 1812 3703 propter
1869 3647 1996 3700 nos,
2029 3635 2088 3686 et

425 3719 604 3771 natus
631 3723 719 3772 est
749 3735 816 3774 ex
844 3720 1092 3791 Deipara
1125 3721 1330 3790 Maria,
1366 3724 1429 3776 ut
1462 3737 1566 3776 nos
1613 3719 1890 3776 liberaret
1916 3737 1948 3775 a
1981 3737 2085 3793 po-

423 3805 610 3860 tentia
640 3807 878 3865 diaboli.

499 3917 554 3970 4.
588 3914 956 3990 Quapropter
985 3917 1083 3989 qui
1143 3916 1341 3973 salvus
1398 3933 1527 3973 esse
1584 3917 1768 3989 cupit,
1814 3916 1991 3973 faciat
2023 3934 2085 3973 se

420 4007 671 4064 stultum
704 4007 764 4062 in
793 4007 902 4062 hoc
934 4007 1297 4074 mundo,uta
1326 4005 1574 4062 Domino
1606 4005 1808 4061 audiat
1825 4005 2080 4078 sapiens.

420 4098 506 4154 Ab
540 4095 882 4152 hominibus
911 4100 1135 4163 contra,
1167 4095 1228 4166 ii,
1261 4095 1358 4168 qui
1394 4095 1452 4150 in
1483 4094 1677 4151 dando
1707 4098 1765 4151 et
1795 4094 2082 4168 accipien-

421 4187 517 4258 do,
550 4186 610 4241 in
642 4186 908 4251 emendo,
943 4185 1266 4254 vendendo,
1301 4184 1672 4258 negotiisque
1701 4185 1996 4258 gerendis,
2022 4187 2082 4240 in

419 4276 775 4343 fraudando,
804 4275 1118 4332 fenerando
1147 4275 1366 4331 versuti
1399 4279 1561 4342 sunt,
1585 4280 1644 4330 et
1673 4291 1740 4331 ex
1765 4291 1882 4331 uno
1914 4273 2083 4329 obolo

421 4366 572 4421 duos
598 4365 783 4421 facere
810 4365 1374 4437 norunt,prudentes
1411 4363 1692 4436 appellari
1727 4363 1936 4419 solent.
1971 4364 2082 4418 Sed

423 4459 574 4512 Deus
605 4453 710 4510 hos
742 4455 924 4526 ipsos,
947 4454 1182 4523 stultos,
1207 4453 1632 4524 imprudentes,
1665 4455 1722 4507 et
1751 4456 2084 4523 peccatores

416 4549 604 4601 vocat.
626 4545 777 4599 Audi
805 4543 1216 4615 enim,ioquit,
1250 4543 1389 4614 quid
1425 4542 1580 4597 Deus
1606 4558 1710 4612 per
1737 4540 2081 4613 prophetam

2191 3358 2284 3414 τόν
2316 3359 2520 3434 κόσμον
2562 3367 2753 3417 τοῦτον
2801 3361 3059 3435 ἐλήλυθε,
3083 3363 3173 3418 καὶ
3224 3363 3488 3425 πλούσιος
3536 3360 3632 3420 ὢν.
3667 3364 3840 3419 ἐπτώ-

2192 3468 2356 3525 χευσε
2387 3448 2457 3505 δι’
2487 3453 2661 3524 ἡμᾶς,
2687 3451 2756 3506 ἵν’
2800 3455 2966 3526 ἡμεῖς
3014 3457 3082 3527 τῇ
3132 3452 3336 3508 ἐκείνου
3376 3452 3624 3530 πτωχείᾳ
3670 3451 3844 3508 πλου-

2190 3541 2469 3613 τήσωμεν,
2505 3541 2602 3595 Καὶ
2633 3543 2762 3604 Θεὸς
2795 3539 2868 3596 ὣν
2899 3543 3090 3618 γὲγονε
3139 3540 3424 3619 ἅνθρωπος
3457 3540 3528 3596 δι’
3558 3544 3727 3614 ἡμᾶς,
3759 3542 3847 3596 καὶ

2194 3627 2448 3703 ἐγεννήθη
2504 3629 2563 3684 ἐκ
2609 3637 2709 3700 τῆς
2759 3631 3025 3687 Θεοτόκου
3073 3631 3282 3705 Μαρίας
3318 3629 3444 3700 ,ἵνα
3492 3629 3844 3704 ἠλευθερώσῃ

2193 3716 2340 3788 ἡμᾶς
2371 3715 2430 3772 ἐκ
2458 3724 2558 3788 τῆς
2589 3715 2901 3782 δυναστείας
2934 3724 3031 3773 τοῦ
3063 3714 3344 3775 διαϐόλου.

2265 3916 2318 3969 4.
2351 3915 2508 3970 ’Όθεν
2558 3914 2586 3968 ό
2618 3916 2864 3984 σωθῆναι
2909 3914 3084 3970 θέλων
3135 3919 3285 3969 ποιεῖ
3330 3915 3515 3969 ἑαυτὸν
3575 3913 3758 3989 μωρὸν
3793 3912 3846 3968 ἐν

2191 4006 2270 4074 τῷ
2320 4002 2513 4076 κόσμῳ
2552 4003 2754 4076 τούτῳ,
2802 4001 2896 4057 ’ίνα
2943 4004 3088 4078 παρά
3125 4008 3204 4076 τῷ
3252 4007 3368 4075 Θεῷ
3410 4002 3612 4076 ἀκούσῃ
3659 4002 3846 4078 σοφός.

2194 4092 2256 4146 Oi
2285 4092 2385 4170 γὰρ
2419 4090 2700 4167 ἄνθρωποι
2745 4091 2877 4154 τοὺς
2919 4090 3130 4155 εἰδότας
3181 4089 3387 4161 δοῦναι,
3418 4092 3506 4147 καὶ
3540 4086 3725 4147 λαϐεῖν
3760 4091 3848 4145 καὶ

2191 4181 2480 4258 ἀγοράζειν
2530 4183 2621 4237 καὶ
2682 4179 2914 4253 πωλεῖν,
2972 4181 3461 4257 πραγματεύεσθαι,
3494 4181 3582 4236 καὶ
3633 4183 3854 4258 ἀφυστε-

2194 4277 2303 4348 ρεῖν
2344 4273 2412 4325 τὰ
2449 4275 2547 4326 τοῦ
2586 4270 2848 4341 πλησίον,
2888 4271 2977 4326 καὶ
3028 4270 3394 4340 πλεονικτεῖν,
3438 4271 3527 4325 καὶ
3578 4269 3852 4339 δανείζειν,

2191 4361 2280 4414 καὶ
2311 4360 2402 4414 τὸν
2429 4356 2523 4414 ἕνα
2552 4354 2751 4414 ὀϐολὸν
2784 4365 2958 4414 ποιεῖν
2993 4356 3112 4431 δύο,
3142 4358 3368 4421 τούτους
3393 4359 3693 4438 φρονίμους
3724 4359 3856 4414 ἀπο-

2192 4447 2449 4504 καλοῦσιν
2487 4469 2500 4482 ·
2560 4449 2589 4503 6
2640 4446 2698 4504 δὲ
2753 4452 2881 4512 Θεὸς
2945 4449 3166 4525 μωροὺς
3222 4449 3312 4503 καὶ
3367 4447 3652 4510 ἀσυνέτους
3687 4493 3702 4520 ,
3761 4448 3851 4503 καὶ

2195 4537 2560 4612 ἁμαρτωλοὺς
2602 4539 2730 4601 τοὺς
2759 4537 3047 4600 τοιούτους
3078 4537 3255 4596 καλεῖ.
3303 4538 3503 4593 Ἀκουε
3532 4537 3659 4612 γὰρ,
3692 4537 3849 4615 φησὶ,

413 4632 730 4689 Jeremiam
753 4632 947 4688 dicat:
980 4655 1001 4680 α
1029 4631 1287 4702 Pepulus
1310 4631 1421 4686 iste
1454 4630 1559 4685 tilii
1586 4633 1724 4685 sunt
1765 4631 2084 4702 prudentes

2197 4628 2240 4682 τί
2271 4627 2428 4689 αὐτὸς
2458 4628 2485 4681 6
2517 4628 2646 4688 Θεὸς
2699 4624 2788 4682 διὰ
2817 4626 3084 4700 Ἱερεμίου
3132 4631 3228 4680 τοῦ
3281 4628 3568 4704 προφήτου
3600 4623 3840 4700 εἴρηκεν·

414 4721 487 4778 ad
523 4719 1037 4787 malefaciendum,
1069 4723 1344 4774 ceterum
1377 4719 1720 4774 benefacere
1747 4734 1861 4772 non
1904 4735 2076 4775 nove-

415 4813 556 4865 runt
584 4809 650 4864 ω.
679 4829 707 4859 ››
734 4809 1067 4880 Beatusque
1092 4807 1315 4864 Paulus
1338 4807 1454 4863 ait:
1491 4830 1517 4857 «
1550 4806 1848 4878 Sapientia
1874 4807 2078 4862 mundi

413 4897 617 4969 hujus,
641 4896 892 4953 stultitia
925 4902 1012 4953 est
1041 4897 1194 4970 apud
1230 4896 1438 4964 Deum,
1473 4902 1528 4952 et
1559 4897 1660 4968 qui
1692 4897 1814 4952 vult
1843 4897 2078 4968 sapiens

412 5002 564 5055 esse,
628 4987 730 5042 ﬁat
792 4985 1029 5052 stultus,
1057 4991 1122 5041 ut
1164 4985 1399 5057 sapiens
1434 4986 1725 5041 efﬁciatur
1754 4986 1821 5039 ‘7.
1857 5006 1884 5034 ››
1921 4986 2079 5042 Idem

413 5092 622 5132 rursus
681 5075 762 5131 ait
804 5092 816 5131 :
863 5098 891 5125 «
930 5076 1179 5140 Fratres,
1215 5092 1286 5130 ne
1335 5075 1499 5146 pueri
1549 5075 1680 5130 sitis
1731 5074 1950 5146 animo,
1975 5075 2078 5130 sed

2189 4741 2217 4770 «
2242 4719 2298 4770 Ὀ
2332 4715 2462 4778 λαὸς
2495 4717 2652 4778 οὗτος
2701 4715 2811 4772 uici
2857 4715 3085 4792 ἄφρονες
3135 4715 3235 4771 είσι
3268 4718 3382 4789 (91)
3411 4719 3508 4770 τοῦ
3551 4723 3850 4786 κακοποιῆ-

2189 4826 2297 4862 σαι’
2339 4807 2402 4860 τὸ
2447 4803 2506 4860 δὲ
2553 4803 2720 4860 καλὸν
2772 4812 2999 4875 ποιῆσαι
3059 4804 3158 4860 ούκ
3206 4803 3533 4880 ἐπέγνωσαν.
3587 4827 3614 4859 ι
3668 4805 3765 4859 Καὶ
3818 4806 3847 4859 6

2193 4894 2455 4970 μακάριος
2499 4893 2714 4957 Παῦλος
2758 4916 2770 4929 ·
2827 4920 2854 4946 ‹‹
2905 4901 2966 4950 ιΠ
3018 4894 3180 4972 σοφία
3234 4897 3329 4948 τοῦ
3381 4894 3591 4968 κόσμου
3650 4895 3846 4950 τούτου

2193 4984 2373 5061 μωρία
2433 4985 2580 5059 παρᾶ
2616 4988 2695 5056 τῷ
2758 4982 2874 5058 Θεῷ
2923 4985 3059 5057 ἐστι,
3088 4981 3179 5039 καὶ
3230 4983 3258 5038 6
3299 4983 3472 5038 θὲλων
3527 4983 3692 5062 σοφὸς
3749 5005 3848 5060 γε-

2187 5075 2368 5130 νέσθαι
2418 5074 2604 5149 μωρὸς
2642 5073 2897 5149 γενέσθω,
2925 5075 3020 5128 ⁴ἶνα
3065 5073 3285 5150 γένηται
3331 5072 3518 5152 σοφός.
3555 5098 3582 5125 υ
3615 5072 3713 5128 Καὶ
3750 5075 3850 5129 πά-

484 5230 531 5265 “
580 5230 745 5285 Joan.
802 5244 962 5296 xvm,
1014 5228 1104 5283 23.
1167 5228 1212 5262 ‘5
1262 5228 1281 5282 Ι
1335 5227 1485 5283 Petr.
1543 5243 1603 5298 ιι,
1633 5229 1724 5283 21.
1774 5227 1819 5262 ⁸⁵
1856 5227 2072 5285 Jerem.
2115 5228 2304 5298 1v,22.
2338 5228 2381 5262 ‘7
2416 5228 2595 5285 ICor.
2637 5229 2834 5299 111,18,
2865 5230 2950 5284 19.

483 5356 597 5423 (89)
645 5353 798 5430 Felc.
847 5353 1173 5430 secundus,
1221 5350 1634 5430 ﬁgpupépecOaz_._
1672 5353 1828 5430 Mox,
1865 5353 2069 5430 Angli:-

411 5421 618 5498 οειῄμε,
647 5421 784 5498 μηδὶ
813 5423 876 5479 τὸ
916 5421 1318 5498 γήϊνονᾚαυίὸ
1362 5421 1518 5497 pust,
1547 5424 1708 5498 edit.,
1746 5424 1876 5498 ὑπὲρ
1906 5421 2068 5478 αὑτοῦ

411 5445 618 5493 canus,
647 5445 784 5496 μηοε
813 5445 876 5479 το
954 5445 1318 5494 ηινον.ιάι]ιο
1368 5445 1518 5497 ροει,
1547 5445 1708 5493 eam,
1746 5445 1876 5498 υπερ
1906 5445 2068 5478 αυτου

411 5493 679 5626 Εὲφέιήὲει
726 5497 879 5572 βαστ.
913 5445 1028 5554 Sed
1063 5494 1322 5570 βουλήσει
1351 5498 1519 5553 abest
1547 5497 1620 5552 ab
1659 5496 1982 5570 Anglicano
2011 5502 2071 5553 et

621 5639 995 5712 Basiliensis,
1012 5637 1456 5712 ἀκαταπαύστως,

507 5641 579 5694 90
621 5639 983 5712 Basiliensis,
1012 5639 1456 5700 ἀκαταπαύστως.

481 5639 733 5788 ί91ίΕἰσι
765 5711 930 5769 deest
985 5711 1044 5770 in
1077 5711 1304 5786 Anglic.
1337 5711 1484 5769 Ibid.
1527 5727 1670 5770 mss.
1705 5711 1850 5772 utin
1877 5715 2064 5770 textu.

2364 5370 2524 5420 vero,
2553 5351 2614 5428 τὸ
2666 5349 3009 5428 δὲ-ἕγνιωσαν
3054 5351 3226 5428 καλὸν
3281 5357 3507 5420 ποιῆσαι
3554 5350 3657 5428 οὐκ
3696 5350 3855 5428 ἐπὲγν

2178 5426 2428 5500 Ibidem,
2461 5425 2660 5500 Basil.,
2694 5420 3096 5500 οὐκ’ἔγνωσαν.
3157 5427 3262 5500 ῌίο
3313 5430 3512 5500 autem
3554 5423 3717 5480 locus
3749 5420 3847 5482 hic

2178 5498 2426 5569 mutilus
2456 5496 2696 5553 all'ertur
2723 5496 2903 5554 etiam
2924 5499 3080 5569 quod
3111 5497 3183 5553 ad
3200 5496 3554 5569 sententiam
3586 5502 3837 5569 spectat,

2176 5586 2313 5646 nam
2337 5568 2421 5646 sic
2443 5569 2758 5646 habentur,
2787 5565 3004 5646 Jerem.
3031 5587 3112 5646 iv,
3144 5571 3235 5638 21,
3269 5568 3379 5624 υἱοὶ
3431 5565 3658 5646 ἄφρονὲς
3709 5567 3836 5638 εἷ’ςι,

2176 5639 2266 5695 καὶ
2297 5638 2361 5694 ού
2391 5639 2623 5712 συνετοὶ,
2641 5641 2804 5717 σοφοί
2834 5639 2938 5695 εἶσι
2963 5643 3082 5709 τοῦ,
3114 5646 3226 5699 etc.
