4154 6370
388 434 510 493 259
1570 427 1637 489 S.
1686 424 2216 487 ATHANASIUS.
2252 458 2327 469 —
2356 424 2621 489 DUBIA.
3681 434 3806 495 260

390 567 479 622 dit
506 567 592 623 eis
619 564 921 638 legumina
948 562 1021 620 ad
1054 561 1273 631 cibum,
1296 567 1356 618 et
1384 578 1600 633 aquam
1632 560 1703 617 ad
1735 563 1961 632 potum,
1984 576 2014 615 e

2153 559 2343 634 θρωπά
2396 558 2624 616 ἐνώπιον
2674 565 2771 616 τοῦ
2815 561 3084 637 βασιλέως
3114 564 3259 639 παρᾶ
3285 565 3457 619 πάντα
3486 566 3573 635 τὰ,
3608 565 3805 623 παιδά-

387 654 711 711 introduxit
737 670 837 709 eos
866 653 939 709 ad
972 668 1190 724 regem,
1222 656 1281 707 et
1308 650 1439 706 visae
1470 653 1609 706 sunt
1640 650 1863 721 species
1913 648 2019 703 illo

2152 667 2242 723 ρια
2269 649 2337 701 τὰ
2367 648 2613 712 ἐσθίοντα
2644 650 2705 706 ἐκ
2746 658 2846 721 τῆς
2892 650 3163 725 τραπέζης
3215 657 3312 708 τοῦ
3373 652 3663 730 βασιλέως,
3715 657 3804 712 καὶ

387 759 516 799 rum
567 742 791 799 eximiae
824 758 1000 814 super
1030 757 1151 807 eos,
1185 740 1280 812 qui
1316 757 1384 794 ex
1415 738 1577 812 regia
1610 755 1812 794 mensa
1842 753 2019 793 vescor

2150 735 2596 812 xa'ta'o‘txa'zcm‘ps.
2648 741 2814 795 Εἶπον
2868 738 2926 796 δὲ
2973 742 3142 813 αύτῴ-
3198 743 3456 818 Πείρασον
3502 744 3629 807 τοὺς
3680 744 3805 801 δού-

384 832 621 889 bantur.
2150 824 2280 888 λους
2315 848 2410 881 σου
2440 829 2650 905 ἡμέρας
2682 830 2810 885 ὡσεὶ
2843 828 2989 901 δέκα,
3024 831 3113 885 καὶ
3165 829 3255 894 δὸς
3308 836 3464 906 ἡμῖν·
3520 834 3616 888 Καὶ
3678 833 3810 891 ἔδω-

386 941 475 977 κεν
506 919 691 982 αὐτοῖς
718 914 915 994 ὄσπρια
945 922 1154 994 φαγεῖν,
1186 915 1273 971 καὶ
1305 912 1451 991 ὕδωρ
1483 920 1645 970 πιεῖν·
1678 914 1768 969 καὶ
1803 912 2086 988 εἰσήγαγεν
2118 914 2312 978 αὐτοὺς
2344 916 2574 973 ἐνώπιον
2620 923 2716 974 τοῦ
2772 918 3062 994 βασιλέως,
3118 919 3206 975 καῖ
3256 919 3513 1000 ὣφθησαν
3565 923 3619 978 αἱ
3670 922 3809 981 ἰδέαι

385 1008 561 1064 αὐτῶν
591 1006 839 1064 ἐκλεκταὶ
870 1006 1016 1083 παρὰ
1042 1006 1110 1062 τά
1136 1003 1395 1080 παιδάρια
1424 1005 1491 1059 τὰ
1523 1003 1771 1059 ἐσθίοντα
1797 1003 1897 1071 τήν
1923 1003 2189 1078 τράπεζαν
2220 1010 2318 1060 τοῦ
2353 1005 2644 1081 βασιλέως.

451 1119 508 1174 7.
537 1117 714 1173 Vides
753 1115 894 1189 quid
955 1114 1129 1172 faciat
1176 1115 1495 1186 jejunium,
1556 1114 1792 1168 morbos
1848 1117 2019 1167 sanat

2220 1115 2276 1171 7.
2328 1118 2483 1188 Ὁρᾷς
2538 1115 2591 1170 τί
2639 1121 2789 1171 ποιεῖ
2829 1118 2864 1186 ἡ
2934 1137 3176 1188 νηστεια,
3239 1118 3330 1172 καὶ
3404 1118 3595 1182 νόσους
3654 1120 3806 1197 θερα-

386 1207 675 1264 ﬂuxiones
712 1204 975 1278 corporis
1006 1204 1277 1274 exsiccet,
1305 1204 1601 1259 daemones
1634 1202 1816 1273 fugat,
1852 1199 2019 1255 mala:

2148 1200 2322 1270 πεύει,
2390 1204 2479 1257 καὶ
2545 1202 2785 1280 ῥεύματα
2861 1205 3145 1278 σωματικὰ
3220 1204 3479 1281 ξηραίνει,
3550 1208 3640 1262 καὶ
3696 1206 3808 1265 δαί-

381 1295 767 1368 cogitationes
795 1293 1053 1365 expellit,
1087 1296 1344 1348 mentem
1376 1291 1732 1356 nitidiorem,
1767 1306 1867 1345 cor
1900 1306 2019 1360 pur-

2153 1312 2321 1363 μονας
2355 1287 2636 1362 ἐκϐάλλει,
2686 1295 2775 1348 καὶ
2815 1291 3123 1368 λογισμοὺς
3153 1295 3426 1370 πονηροὺς
3481 1295 3803 1372 ἀποδιώκει,

379 1389 611 1458 gatum,
641 1399 854 1455 corpus
883 1382 1314 1437 sanctiﬁcatum
1344 1380 1541 1446 efﬁcit,
1566 1383 1623 1436 et
1650 1379 1722 1434 ad
1755 1379 2019 1433 thronun

2146 1379 2236 1432 καὶ
2283 1380 2375 1433 τὸν
2426 1385 2549 1435 νοῦν
2593 1380 2973 1456 λαμπρότερον
3004 1388 3172 1450 ποιεῖ,
3217 1384 3306 1437 καὶ
3362 1382 3583 1459 καρδίαν
3637 1389 3777 1442 καθα

376 1473 481 1530 Dei
511 1472 813 1529 hominem
839 1471 1015 1527 sistit.
1047 1470 1158 1527 Sed
1182 1486 1254 1526 ne
1275 1474 1445 1541 putes
1480 1469 1594 1524 ista
1625 1473 1841 1523 temere
1872 1466 1983 1521 dici

2146 1466 2267 1540 ρὰν,
2298 1469 2388 1522 καὶ
2439 1473 2600 1542 σῶμα
2647 1470 3002 1546 ἡγιασμένον,
3058 1471 3147 1526 καὶ
3189 1476 3269 1544 τῷ
3320 1472 3497 1550 θρόνῳ
3522 1479 3620 1530 τοῦ
3668 1482 3806 1531 Θεοῦ

377 1562 562 1618 habes
593 1563 722 1634 ejus
752 1561 833 1617 rei
860 1558 1266 1616 testimonium
1298 1558 1359 1613 in
1383 1556 1720 1628 evangeliis,
1776 1556 1848 1611 ab
1907 1555 2019 1627 ipsc

2145 1556 2434 1629 παρίστησι
2494 1559 2585 1613 τὸν
2647 1561 2953 1636 ἄνθρωπον.
3006 1559 3103 1616 Καὶ
3156 1559 3249 1616 ’ίνα
3308 1564 3384 1634 μή
3444 1564 3671 1638 νομίσῃς
3720 1563 3805 1621 ὅτι

379 1652 675 1707 Salvatore
705 1649 1000 1723 prolatum
1038 1664 1051 1704 :
1086 1671 1106 1697 ι
1143 1646 1436 1703 Sciscitati
1467 1650 1607 1701 sunt
1636 1646 1709 1701 ab
1740 1661 1806 1700 eo
1855 1643 2019 1699 disci-

2142 1650 2307 1700 ταῦτα
2339 1645 2529 1709 ἁπλῶς
2564 1647 2841 1724 λέγονται,
2880 1647 3041 1724 ἔχεις
3082 1650 3525 1727 μαρτυρίαν
3584 1654 3637 1708 ἐν
3684 1661 3803 1718 τοῖς

2144 1732 2501 1811 Εύαγγελίοις
2533 1738 2678 1814 παρὰ
2706 1742 2802 1792 τοῦ
2856 1745 3117 1815 Σωτῆρος
3168 1739 3478 1814 εἰρημένην·
3537 1763 3560 1792 ι
3622 1745 3802 1817 Ἠρώο

2141 1844 2311 1893 τησαν
2356 1824 2515 1881 αὐτὸν
2580 1828 2632 1880 o't
2693 1828 2931 1900 μαθηταὶ
3002 1828 3188 1898 αὐτοῦ,
3263 1827 3536 1905 λέγοντες.
3613 1832 3797 1905 Κύριε,

2144 1907 2316 1985 δεῖξον
2352 1916 2487 1987 ἡμῖν
2516 1915 2661 1988 ποίῳ
2691 1916 2881 1991 τρόπῳ
2929 1918 3041 1990 (98)
3091 1917 3156 1971 τὰ
3187 1916 3459 1994 ἀκάθαρτα
3519 1920 3797 1994 πνεύματα

375 1739 522 1813 puli,
552 1741 833 1807 dicentes,
867 1737 1131 1807 Domine,
1155 1737 1386 1792 declare.
1416 1734 1587 1790 nobis
1645 1749 1900 1805 quonam
1935 1749 2036 1804 pa-

375 1835 469 1886 cto
502 1828 791 1885 immundi
827 1827 1071 1900 spiritus
1104 1827 1401 1899 fugantur.
1435 1844 1461 1877 η
1520 1823 1745 1891 Quibus
1794 1837 2035 1892 respon-

376 1920 462 1974 dit
492 1918 776 1975 Dominus
809 1934 822 1973 :
862 1937 889 1969 ι
919 1915 1038 1972 Hoc
1065 1932 1253 1988 genus
1286 1931 1398 1971 non
1433 1913 1684 1985 ejicitur,
1733 1910 1850 1967 nisi
1903 1926 2032 1966 ora-

373 2007 638 2065 tionibus
695 2010 753 2064 et
803 2004 1047 2078 jejuniis
1097 2004 1164 2060 ’3.
1216 2025 1244 2054 »
1295 2003 1575 2074 Quisquis
1608 2000 1788 2073 igitur
1816 1999 1888 2054 ab
1923 1999 2019 2053 im-

2144 2000 2560 2078 φυγαδεύονται.
2615 2030 2642 2056 ››
2682 2005 2813 2061 Εἶπε
2848 2002 2906 2060 δὲ
2936 2007 2964 2060 6
2998 2006 3214 2082 Κύριος·
3253 2032 3281 2060 ι(
3338 2012 3509 2064 Τοῦτο
3536 2011 3599 2064 τὸ
3644 2012 3798 2085 γενος

375 2098 598 2154 mundo
624 2095 834 2168 spiritu
864 2093 1186 2163 vexatur,si
1216 2093 1265 2150 ei
1301 2093 1359 2148 in
1389 2097 1645 2148 mentem
1675 2089 1918 2156 venerit,
1943 2093 2019 2144 at-

2145 2089 2245 2145 οὐκ
2274 2085 2599 2148 ἐκϐάλλεται
2626 2093 2670 2147 εἰ
2705 2095 2781 2165 μὴ
2815 2092 2866 2148 ἰν
2907 2100 3242 2170 προσευχαῖς
3297 2096 3387 2150 καὶ
3435 2099 3733 2167 νηστείαις,
3771 2124 3792 2151 ι

375 2203 489 2260 que
514 2202 661 2242 usus
692 2184 868 2241 luerit
895 2184 1005 2241 hoc
1035 2182 1313 2248 remedio,
1345 2181 1402 2236 id
1434 2186 1523 2236 est
1546 2181 1797 2252 jejunio,
1831 2177 2019 2233 statim

2144 2184 2256 2241 Πᾶς
2306 2178 2396 2234 οῦν
2445 2181 2548 2236 ὑπὸ
2594 2181 2904 2255 πνεύματος
2953 2183 3255 2259 ἀκαθάρτου
3288 2182 3657 2260 ὀχλούμενος,
3706 2187 3792 2244 ἐὰν

376 2275 625 2348 spiritus
654 2273 848 2331 malus
877 2271 1252 2345 angustiatus
1309 2270 1547 2339 secedit,
1606 2269 1825 2326 veritus
1872 2267 2019 2339 jeju-

2142 2271 2335 2344 νοήσῃ,
2383 2270 2473 2325 καὶ
2522 2274 2800 2348 χρήσηται
2840 2277 2919 2344 τῷ
2967 2272 3241 2350 φαρμάκῳ
3287 2274 3489 2348 τούτῳ,
3530 2274 3680 2353 λὲγῳ
3726 2274 3793 2349 δὴ

372 2362 819 2422 nium.Multum
851 2362 1010 2420 enim
1043 2363 1339 2417 daemones
1370 2358 1735 2415 delectantur
1765 2355 2019 2427 crapula,

2136 2361 2207 2431 τῇ
2240 2358 2481 2431 νηστείᾳ,
2517 2359 2670 2422 εὐθὺς
2699 2361 2759 2415 τὸ
2788 2366 3001 2434 πνεῦμα
3027 2362 3091 2417 τὸ
3121 2363 3358 2440 πονηρὸν
3419 2365 3797 2444 στενοχωρού-

372 2453 653 2511 ebrietate
684 2456 741 2509 et
768 2450 887 2509 otio
919 2450 1199 2523 corporis.
1231 2449 1443 2521 Magna
1473 2448 1659 2503 virtus
1708 2444 2019 2526 jejunium1

2143 2468 2303 2518 μενον
2346 2447 2644 2525 ἀναχωρεῖ,
2696 2445 3037 2528 φοϐούμενον
3068 2452 3168 2520 τὴν
3201 2452 3477 2522 νηστείαν.
3518 2454 3664 2511 Πάνυ
3693 2457 3795 2532 γὰρ

374 2548 433 2599 et
487 2540 767 2615 praeclara
823 2557 928 2612 per
974 2539 1122 2594 illud
1154 2539 1412 2594 eduntur
1438 2536 1715 2593 facinora.
1752 2533 2019 2605 Alioquin

2137 2535 2423 2611 τέρπονται
2458 2537 2508 2591 οἱ
2543 2534 2796 2611 δαίμονες
2836 2542 2905 2613 τῇ
2936 2538 3232 2615 κραιπάλῃ,
3266 2541 3355 2596 καὶ
3385 2546 3453 2616 τῇ
3490 2542 3626 2619 μέθῃ
3654 2546 3791 2619 (99),

371 2632 530 2688 unde
560 2630 833 2687 homines
865 2634 1058 2686 tantas
1086 2628 1332 2683 virtutes
1376 2628 1696 2699 operantur
1748 2629 1807 2680 et
1859 2623 2019 2694 signa

2136 2624 2225 2678 καὶ
2272 2628 2342 2699 τῇ
2419 2625 2710 2682 ἀναπαύσει
2782 2632 2879 2683 τοῦ
2939 2630 3213 2701 σώματος.
3272 2629 3495 2707 Μεγάλη
3557 2630 3785 2706 δύναμις

369 2722 574 2791 edunt,
622 2736 942 2786 eorumque
995 2735 1173 2790 opera
1203 2717 1457 2772 inﬁrmis
1488 2715 1797 2771 sanitatem
1830 2711 2024 2767 Domi-

369 2827 485 2867 nus
515 2809 737 2879 tribuit,
772 2808 880 2864 nisi
914 2807 1086 2880 plane
1112 2809 1184 2862 ob
1216 2806 1463 2870 ascesin,
1516 2803 1909 2858 humilitatem
1969 2806 2027 2857 et

369 2899 619 2970 probum
651 2898 779 2953 vita:
811 2894 1481 2966 institutunﬂjejunium
1504 2892 1659 2948 enim
1680 2889 2021 2962 angelorum

368 2993 458 3043 est
486 2987 624 3054 vita,
657 3003 771 3058 quo
800 2984 899 3058 qui
930 2985 1118 3041 utitur
1149 2981 1399 3056 angelici
1429 2980 1653 3037 ordinis
1692 2979 2022 3037 censendus

366 3082 474 3133 est.
533 3076 733 3148 Neque
780 3075 1085 3142 arbitrere,
1116 3072 1347 3138 dilecte,
1381 3088 1449 3127 ea
1480 3069 1830 3142 simpliciter
1867 3066 1927 3122 in
1961 3084 2023 3123 re

366 3164 687 3222 consistere
709 3165 1026 3236 jejunium.
1060 3162 1187 3220 Non
1218 3161 1375 3218 enim
1410 3159 1510 3232 qui
1545 3177 1578 3214 a
1621 3159 1769 3215 cibis
1827 3157 2020 3212 solum

368 3254 648 3323 abstinet,
707 3252 760 3309 is
816 3257 973 3309 recte
1033 3251 1175 3325 agit,
1236 3250 1336 3306 sed
1367 3250 1495 3321 ejus
1525 3248 1622 3319 qui
1659 3245 1915 3303 abstinet
1947 3245 2020 3300 ab

367 3343 533 3401 omni
564 3358 739 3415 opere
769 3342 944 3412 malo,
982 3340 1276 3412 jejunium
1337 3343 1640 3409 acceptum
1684 3333 2016 3391 habebitur.

364 3437 514 3488 Nam
545 3432 596 3488 si
620 3433 875 3502 jejunes,
910 3446 1015 3485 nec
1045 3429 1320 3485 observes
1349 3444 1415 3483 os
1444 3432 1613 3482 tuum
1646 3442 1717 3480 ne
1747 3423 2021 3495 loquatur

366 3521 614 3588 malum,
646 3536 753 3575 nec
780 3535 986 3575 caveas
1016 3518 1123 3573 tibi
1180 3517 1253 3572 ab
1311 3514 1636 3581 iracundia,
1689 3510 2017 3581 mendacio,

362 3608 624 3682 perjurio
656 3624 671 3662 :
704 3606 754 3663 si
803 3606 945 3679 quid
1007 3604 1145 3661 mali
1205 3608 1405 3660 contra
1460 3600 1793 3674 proximum
1851 3606 2017 3655 tuum

361 3698 637 3771 loquare;
701 3697 773 3768 si,
832 3696 1098 3767 inquam,
1158 3710 1226 3750 ex
1274 3690 1603 3765 jejunantis
1652 3706 1772 3757 ore,
1804 3689 2017 3745 horum

359 3786 667 3859 quidpiam
700 3784 1129 3857 proﬁciscatur,
1153 3781 1298 3838 nihil
1330 3782 1468 3836 hinc
1499 3779 1772 3835 utilitatis
1832 3778 2017 3850 perci-

360 3876 470 3948 pit,
500 3875 602 3931 sed
633 3880 823 3930 totum
855 3873 1114 3929 laborem
1148 3888 1325 3929 suum
1380 3869 1592 3942 perdit.
1654 3869 1741 3923 Tu
1801 3867 2016 3939 itaque,

358 3963 575 4020 Christi
606 3962 849 4028 famula,
883 3969 938 4017 et
967 3963 1255 4032 quotquot
1282 3957 1529 4014 salutem
1563 3956 1841 4029 consequi
1914 3973 2015 4011 cu-

359 4053 554 4126 piunt,
588 4051 639 4107 si
661 4050 1046 4122 jejunaveris,
1071 4048 1316 4121 purifica
1345 4046 1719 4118 temetipsum
1753 4046 1825 4101 ab
1856 4044 2015 4100 omni

357 4141 619 4214 pecuniae
648 4156 865 4207 amore,
898 4138 1034 4211 quia
1063 4140 1160 4210 qui
1194 4138 1503 4210 pecuniam
1538 4140 1714 4203 amat,
1747 4152 1862 4190 non
1912 4151 2014 4207 po-

358 4234 478 4287 test
505 4235 685 4285 Deum
716 4227 1209 4301 diligere.uRadix
1242 4227 1401 4282 enim
1433 4226 1698 4281 omnium
1722 4223 2010 4281 malorum

357 4323 449 4375 est
479 4317 721 4375 avaritia
749 4317 813 4373 ει.
847 4338 877 4369 ››

429 4590 482 4643 8.
512 4585 907 4642 Ambitionem
937 4587 994 4639 et
1037 4581 1433 4655 arrogantiam
1491 4595 1866 4651 summopere
1924 4580 2013 4636 fu-

355 4675 505 4750 gias.
537 4675 598 4730 Si
629 4675 735 4730 tibi
767 4673 1040 4745 cogitatio
1072 4674 1373 4744 suggerat,
1406 4674 1464 4724 te
1493 4668 1565 4725 ob
1596 4668 1918 4740 profectum
1952 4668 2012 4724 in

354 4763 569 4821 virtute
601 4778 876 4835 magnam
905 4759 1368 4834 praeclaramque
1399 4773 1548 4829 esse,
1581 4772 1654 4813 ne
1684 4757 1887 4813 credas
1938 4757 2012 4813 ei.

2135 2712 2375 2783 νηστεία,
2408 2715 2497 2769 καὶ
2534 2714 2742 2791 μεγάλα
2787 2718 3184 2793 κατορθώματα
3229 2720 3429 2794 γίνεται
3485 2717 3556 2776 δι’
3595 2724 3786 2792 αύτῆς.

2134 2801 2283 2857 Ἐπεὶ
2313 2801 2473 2856 πόθεν
2506 2802 2595 2857 καὶ
2645 2805 2696 2857 οἱ
2750 2802 3023 2879 ἄνθρωποι
3061 2805 3305 2881 μεγάλας
3354 2805 3607 2882 δυνάμεις
3665 2809 3786 2864 ἐπι-

2129 2889 2371 2960 τελοῦσι,
2428 2892 2519 2946 καί
2578 2899 2779 2966 σημεῖα
2837 2892 2906 2948 δι’
2955 2895 3128 2949 αὐτῶν
3186 2896 3409 2971 γίνεται,
3459 2896 3551 2952 καί
3582 2898 3783 2969 ἰάματα

2132 2984 2248 3040 τοῖς
2276 2981 2543 3052 κάμνουσι
2578 2978 2648 3035 δι’
2704 2982 2880 3036 αὐτῶν
2906 2980 3157 3058 δωρεῖται
3193 2984 3220 3038 6
3266 2987 3418 3058 Θεὸς,
3448 2986 3493 3039 εί
3528 2987 3604 3061 μή
3654 2989 3785 3042 πάν-

2129 3087 2241 3129 τως
2304 3065 2374 3122 δι’
2438 3068 2715 3141 ἀσκήσεως
2766 3071 2854 3126 καὶ
2904 3074 3425 3151 ταπεινοφροσύνης,
3473 3076 3562 3131 καὶ
3620 3076 3785 3132 πολι-

2130 3153 2279 3215 τείας
2329 3154 2578 3229 ἀγαθῆς;
2623 3157 2843 3227 νηστεία
2878 3159 2979 3235 γὰρ
3028 3158 3279 3235 ἀγγέλων
3338 3161 3455 3237 βίος
3510 3161 3646 3233 ἐστὶ,
3694 3164 3783 3219 καὶ

2131 3252 2159 3306 6
2192 3253 2480 3327 χρώμενος
2509 3253 2644 3328 αὐτῇ
2676 3253 2971 3331 ἀγγελικὴν
2998 3256 3143 3327 τάξιν
3180 3256 3316 3333 ἔχει.
3352 3259 3447 3316 Καὶ
3504 3260 3581 3334 μὴ
3633 3260 3787 3335 νομί-

2131 3361 2245 3415 σῃς,
2306 3341 2569 3417 ἀγαπητὶ,
2627 3341 2711 3398 ὅτι
2760 3344 2934 3408 οὕτως
2990 3344 3179 3409 ἁπλῶς
3245 3346 3382 3402 ἰστιν
3442 3350 3477 3418 ἡ
3537 3349 3782 3420 νηστεία·

2130 3430 2192 3484 ού
2249 3430 2350 3506 γὰρ
2401 3433 2429 3486 6
2477 3431 2750 3503 νηστεύων
2802 3433 2907 3489 ἀπὸ
2961 3436 3266 3511 βρωμάτων
3319 3437 3482 3511 μόνον
3516 3441 3617 3512 (1),
3651 3438 3784 3494 ἐκεῖ·

2129 3540 2223 3581 νος
2295 3521 2674 3596 κατώρθωσεν·
2749 3520 2876 3577 ἀλλ’
2936 3524 2963 3577 6
3023 3524 3363 3600 ἀπεχόμενος
3420 3525 3525 3582 ἀπὸ
3583 3528 3783 3589 παντὸς

2128 3614 2376 3683 πονηροῦ
2425 3610 2766 3687 πράγματος,
2817 3612 2996 3687 τούτῳ
3073 3614 3349 3690 λογίζεται
3426 3619 3460 3687 ἡ
3536 3617 3778 3688 νηστεία.

2129 3698 2251 3753 Ἐὰν
2304 3698 2406 3774 γὰρ
2463 3699 2781 3774 νηστεύοῃς,
2840 3701 2930 3756 καὶ
2985 3703 3059 3776 μή
3092 3705 3333 3780 τηρήσῃς
3361 3706 3424 3761 τὸ
3455 3706 3630 3780 στόμα
3685 3727 3779 3762 σου

2128 3783 2370 3856 λαλῆσαι
2419 3787 2586 3863 λόγον
2638 3791 2903 3865 πονηρὸν,
2952 3791 2986 3860 ἢ
3018 3790 3334 3867 ὀξυχολίαν,
3391 3795 3428 3864 ἢ
3481 3790 3693 3865 κεῦδος,
3743 3796 3779 3865 ἢ

2129 3875 2430 3951 ἐπιορκίαν,
2500 3877 2537 3946 ἢ
2604 3878 2990 3954 καταλαλήσῃς
3048 3881 3183 3936 κατά
3226 3887 3323 3937 τοῦ
3378 3881 3614 3954 πλησίον
3666 3905 3782 3958 σου,

2128 3963 2216 4019 ἐὰν
2265 3969 2435 4020 ταῦτα
2487 3964 2675 4041 ἐξέλθῃ
2724 3966 2783 4022 ἐκ
2829 3972 2926 4024 τοῦ
2977 3969 3245 4043 στόματος
3276 3976 3373 4026 τοῦ
3403 3973 3781 4045 νηστεύοντος,

2127 4054 2245 4108 ούὲν
2297 4053 2599 4133 ὠφέλησεν·
2669 4054 2815 4111 ἀλλά
2860 4056 2947 4111 καθ
3026 4057 3155 4114 ὅλον
3228 4060 3321 4114 τὸν
3390 4060 3558 4116 κόπον
3618 4060 3786 4118 αὐτοῦ

2124 4141 2398 4200 ἀπώλεσε,
2433 4142 2510 4197 Σὺ
2541 4141 2655 4217 οὖν,
2691 4142 2861 4216 δούλη
2886 4150 2983 4201 τοῦ
3017 4152 3269 4221 Χριστοῦ,
3300 4148 3390 4203 καὶ
3420 4149 3637 4223 πάντες,
3662 4152 3785 4206 ὃσοι

2124 4230 2342 4286 θέλουσι
2397 4234 2660 4302 σωθῆναι,
2694 4233 2779 4289 ἐὰν
2807 4234 3123 4309 νηστεύσῃς,
3147 4237 3364 4312 ἅγνισον
3410 4241 3636 4309 σεαυτὴν
3672 4237 3779 4295 ἀπὸ

2122 4319 2302 4391 πάσης
2334 4318 2719 4397 φιλαργυρίας·
2752 4322 2833 4378 ὅτι
2867 4324 2895 4378 6
2927 4324 3144 4399 ἀγαπῶν
3176 4324 3436 4403 ἀργύριον
3468 4327 3531 4382 ού
3565 4325 3785 4384 δύναται

2121 4408 2213 4464 τόν
2247 4409 2375 4465 Θεὸν
2407 4410 2633 4486 ἀγαπᾷν.
2660 4437 2688 4464 a
2719 4411 2868 4482 Ῥίζα
2898 4414 3001 4489 γὰρ
3032 4414 3247 4468 πάντων
3296 4419 3403 4470 τῶν
3430 4421 3610 4472 κακῶν
3643 4416 3785 4472 ἐστιν

2121 4500 2158 4567 ἡ
2186 4497 2535 4576 φιλαργυρία.
2569 4524 2598 4551 ›ι

2196 4588 2251 4643 8.
2282 4588 2388 4655 Τὴν
2420 4585 2723 4673 κενοδςξίαν
2773 4589 2862 4645 καὶ
2920 4590 3231 4661 ἀλαζονείαν
3296 4593 3539 4669 ἰσχυρῶς
3598 4599 3779 4673 φεῦγε.

2125 4675 2247 4729 Ἐἀν
2302 4672 2592 4752 ὑποϐάλλῃ
2638 4699 2721 4733 σοι
2778 4680 2805 4733 6
2837 4677 3123 4756 λογισμὸς,
3174 4683 3256 4739 ὃτι
3289 4682 3500 4760 μεγάλη
3556 4672 3784 4761 γέγονας

2123 4762 2213 4818 καὶ
2265 4764 2433 4838 καλὴ,
2484 4760 2866 4840 προϐεϐηκυῖα
2909 4774 2978 4843 τῇ
3030 4771 3216 4847 ἀρετῇ,
3262 4774 3338 4846 μὴ
3372 4760 3660 4847 πιστεύσῃς
3691 4772 3785 4827 αύ-

357 4851 639 4908 Inimicus
694 4851 849 4907 enim
882 4853 992 4920 est,
1022 4848 1123 4921 qui
1152 4852 1210 4903 te
1242 4846 1511 4919 impedit,
1544 4852 1602 4902 et
1629 4846 2011 4903 ambitionem

2134 4872 2223 4926 τῳ·
2281 4855 2309 4909 6
2363 4853 2561 4931 ἐχθρὸς
2611 4856 2713 4931 γάρ
2763 4855 2901 4935 ἐστιν
2938 4858 2965 4912 ὁ
2997 4857 3309 4931 ἐμποδίζων
3357 4861 3446 4916 καὶ
3475 4846 3784 4932 κενοδοξίαν

356 4941 707 5013 subjicit.Ne
734 4941 934 5011 itaque
963 4955 1093 4995 eam
1127 4935 1404 4994 admittas
1436 4934 2017 5009 cogitationem,quaa

2135 4937 2489 5000 ὑποϐάλλων.
2548 4944 2662 5001 Ούκ
2718 4931 2875 5020 ἀνέξῃ,
2917 4944 3008 5000 οῦν
3058 4953 3156 5005 τοῦ
3200 4950 3471 5025 λογισμοῦ
3504 4931 3788 5005 ἐπαινοῦν-

355 5028 562 5087 laudes
594 5032 975 5102 repraesentet
1002 5032 1163 5082 tuas.
1208 5025 1371 5091 Quod
1427 5023 1476 5081 si
1535 5024 1642 5080 tibi
1704 5040 1834 5080 sese
1884 5025 2019 5083 talis

2134 5029 2222 5093 τός
2282 5051 2359 5088 σε.
2414 5032 2534 5086 Ἐὰν
2586 5030 2644 5088 δὲ
2694 5028 2986 5110 ὑποϐάλλῃ
3050 5057 3133 5091 σοι
3190 5038 3217 5092 6
3259 5023 3528 5114 λογισμὸς
3583 5038 3784 5113 λέγων,

358 5119 561 5176 oﬂ'erat
614 5117 890 5191 cogitatio
923 5132 937 5171 :
970 5114 1099 5170 Noli
1142 5117 1263 5170 tam
1298 5128 1509 5185 graves
1540 5112 1739 5169 subire
1767 5112 2018 5185 labores,

356 5224 492 5266 cum
524 5207 669 5264 alias
699 5206 896 5279 possis
927 5203 1181 5260 salutem
1212 5202 1492 5273 consequi
1520 5218 1533 5269 ;
1578 5218 1653 5257 ne
1710 5202 1795 5257 illi
1850 5204 2018 5262 obse-

358 5311 560 5368 quare.
583 5294 868 5353 Inimicus
898 5306 1151 5362 namque
1181 5294 1291 5359 est,
1307 5289 1409 5361 qui
1440 5288 1547 5346 tibi
1576 5289 2017 5363 mollitiem,se—

428 5450 473 5485 ⁵³
504 5448 713 5506 Matth.
742 5464 883 5517 ινιτ,
919 5445 1111 5503 18-20.
1189 5443 1233 5478 ⁸⁸
1263 5444 1283 5499 Ι
1315 5442 1463 5499 Tim.
1495 5459 1572 5514 v1,
1607 5442 1694 5499 10.

431 5612 542 5682 (97)
572 5609 827 5693 Felckm:
858 5609 913 5677 2,
946 5601 1092 5682 ἔχεις
1124 5604 1228 5690 γὰρ
1251 5620 1427 5731 1Ξιαρτ.

431 5684 545 5731 (98)
574 5686 667 5731 Sic
699 5680 870 5731 Basll.
902 5684 960 5731 et
995 5680 1216 5731 Anzllc.
1294 5677 1424 5731 dltl.

430 5671 536 5755 (‘98,
574 5683 667 5737 Sic
699 5680 870 5738 Basil.
899 5671 1216 5751 'et'hngl'ic'.
1251 5671 1424 5743 Editi,
1454 5671 1505 5727 ἐν
1540 5672 1683 5747 ποίῳ
1712 5696 1742 5730 τ
1782 5676 1921 5753 όπῳ.

430 5684 545 5829 (99)
571 5751 671 5808 Καὶ
699 5754 769 5826 τῇ
805 5749 940 5825 μέθῃ
976 5751 1144 5807 abest
1173 5749 1245 5805 ab
1278 5747 1602 5819 Anglicano
1634 5753 1692 5804 et
1721 5695 1871 5807 Peelc.
1904 5753 1921 5807 Σ

428 5747 538 5826 (99)
571 5751 671 5808 Καὶ
699 5754 769 5826 τῇ
805 5749 940 5825 μέθῃ
976 5747 1144 5807 abest
1173 5749 1245 5805 ab
1278 5747 1602 5819 Anglicano
1634 5753 1692 5804 et
1721 5747 1883 5807 Fech
1904 5753 1957 5809 2.

2131 5117 2238 5187 ὅτι,
2291 5120 2382 5189 Μή
2436 5119 2559 5184 Οέλε
2605 5123 2800 5194 κοπίᾷν
2849 5122 2992 5178 οὕτω
3025 5122 3329 5196 δυσκόλως,
3360 5124 3582 5182 δύνασαι
3613 5129 3788 5198 σωθῆ-

2132 5228 2241 5263 ναι·
2321 5208 2422 5264 οὐκ
2494 5209 2743 5274 ἀκούσεις
2812 5211 2994 5269 αὐτοῦ·
3066 5216 3093 5269 ὁ
3153 5215 3349 5292 ἐχθρὸς
3407 5217 3509 5293 γάρ
3569 5216 3708 5273 ἆστιν
3758 5217 3787 5270 ὁ

2132 5292 2465 5355 ὑποϐάλλων
2519 5300 2793 5377 χαύνωσιν
2832 5303 2923 5359 καὶ
2987 5302 3311 5381 ὀλιγωρίαν,
3363 5292 3572 5362 ’ίναίσε
3630 5326 3788 5361 κατα-

2312 5613 2586 5699 Ῑῑιβειείι.
2619 5615 2784 5673 deest
2827 5614 3015 5690 μόνον.
3076 5619 3303 5694 Anglic.
3363 5621 3538 5680 habet
3597 5620 3790 5695 μόνον.

2124 5683 2302 5754 Editi,
2338 5683 2517 5758 μόνος.
