4154 6372
230 475 346 534 261

1606 465 1707 527 DE
1753 464 2294 528 VIRGINITATE.

3543 483 3665 545 262

232 603 375 681 ϐάλῃ
434 604 541 660 ἀπὸ
591 609 690 672 τῆς
738 601 990 677 ἐναρέτου
1038 620 1134 653 σου
1194 598 1496 687 πολιτείας.
1550 597 1890 687 Πολλὰᾼγάρ

2014 600 2366 672 gnitiemque
2396 604 2684 673 ejusmodi
2722 606 2980 678 subjicit,
3018 617 3082 666 ut
3122 617 3177 667 te
3233 632 3266 669 a
3326 618 3504 687 probo
3558 623 3659 675 tuo

234 697 343 753 ἐστι
380 694 764 769 μηχανήματα
796 689 855 744 ἐκ
892 694 990 743 τοῦ
1041 686 1241 763 ἐχθροῦ
1288 688 1547 763 γινόμενα
1599 694 1715 749 τοῖς
1768 685 1893 741 δού-

234 786 354 847 λοις
405 788 501 838 τοῦ
552 785 707 837 Θεοῦ.
742 773 1075 833 Ὑποϐἀλλει
1124 776 1224 853 γὰρ
1272 782 1386 838 τοῖς
1444 777 1773 852 ἀνθρώποις,
1808 779 1898 850 ἂρ-

234 896 389 953 χεται
438 872 528 928 καὶ
593 870 829 925 ἐπαινεῖν
902 866 1116 942 λόγοις,
1168 867 1303 939 πρὸς
1352 867 1414 921 τὸ
1445 867 1740 953 ,ὑψωθῆναι
1795 868 1895 935 τὴν

237 952 458 1041 καρδίαν
513 960 714 1016 αὐτῶν.
754 958 829 1012 Σὺ
881 954 939 1011 δὲ
992 957 1068 1029 μὴ
1120 952 1378 1029 καταδέξῃ
1425 952 1640 1010 ἔπαινον
1692 956 1897 1030 ἀνθρώ-

240 1076 379 1110 πων.
430 1053 549 1107 Ἐὰν
611 1047 669 1103 δέ
724 1046 810 1109 τίς
869 1066 953 1101 σοι
1015 1043 1158 1119 εἶ’πῃ,
1209 1044 1458 1121 Μακαρία
1517 1045 1563 1099 εἶ
1621 1048 1719 1118 (2)⁶
1773 1044 1898 1118 λέγε

246 1142 561 1214 αὐτῷ·Ὲὰν
620 1136 820 1208 ἐξέλθω
879 1136 938 1189 ἐκ
992 1139 1088 1189 τοῦ
1148 1136 1401 1206 σώματος
1457 1135 1655 1188 τούτου
1713 1132 1895 1195 καλῶς

250 1231 598 1298 τελειώσασα,
677 1226 800 1281 τότε
878 1226 1382 1299 μακαρισθήσομαι.
1455 1225 1613 1298 Ἀρτι
1666 1224 1766 1298 γὰρ
1835 1221 1897 1277 οὐ

253 1319 483 1376 πιστεύω
513 1315 737 1390 ἐμαυτῇ,
772 1314 857 1369 ὅτι
892 1313 1133 1389 μακαρία
1164 1312 1278 1385 εἶμί
1442 1313 1509 1369 Οἱ
1541 1312 1642 1387 γὰρ
1696 1310 1899 1387 ἄνθρω-

250 1430 363 1479 ποι,
414 1407 485 1468 ὡς
545 1403 763 1478 ἄνεμος,
798 1402 943 1458 οὕτω
1007 1397 1487 1476 μεταϐαλλόμεθα.
1523 1397 1798 1462 Πολλάκις
1843 1397 1900 1454 δὲ

248 1491 545 1552 ὑποϐάλλει
590 1515 673 1549 σοι
725 1493 1016 1564 ἐξουθενεῖν
1057 1490 1186 1553 τοὺς
1233 1488 1523 1552 ἐσθίοντας·
1562 1491 1637 1562 μὴ
1687 1488 1900 1544 πιστεύ-

244 1607 335 1660 σῃς
384 1584 551 1657 αὐτῷ·
598 1582 894 1659 ἆλΛὸτριος
940 1584 1044 1657 γάρ
1098 1580 1229 1635 ἐστι·
1282 1578 1495 1634 πάντων
1551 1580 1652 1655 γὰρ
1704 1578 1895 1654 ἐλαχι-

242 1676 489 1750 στοτέραν
547 1673 773 1741 σεαυτὴν
809 1674 885 1747 (4)
939 1670 1188 1745 λογίζου,
1214 1667 1306 1723 ⁹ίνα
1360 1666 1608 1730 πολλοὺς
1663 1668 1898 1743 προάξῃς

242 1765 317 1827 εἷς
346 1765 443 1832 τὴν
478 1761 756 1838 βασιλείαν
797 1766 903 1816 τῶν
957 1760 1222 1834 οὐρανῶν,
1255 1758 1345 1813 καὶ
1394 1758 1538 1831 παρὰ
1586 1762 1702 1830 Θεῷ
1750 1758 1897 1831 ὑψω-

240 1856 395 1928 θήσῃ.
432 1847 765 1907 Ὑποϐάλλει
817 1848 873 1905 δὲ
905 1850 932 1905 ὁ
965 1849 1162 1925 ἐχθρὸς
1213 1849 1302 1903 καὶ
1351 1850 1573 1915 ἄσκησιν
1626 1845 1897 1922 μεγάλην,

235 1941 321 2000 *ίνα
358 1942 422 1998 τὸ
453 1947 613 2015 σῶμα
644 1940 864 2005 ἀσθενὲς
893 1940 983 1994 καὶ
1032 1940 1346 2013 ἀχρήσιμον
1388 1939 1610 2011 ποιήσῃ.
1646 1940 1754 1991 Σοῦ
1804 1934 1893 1991 οὖν

240 1999 747 2106 ἠνηστείαιμέτρον
800 1999 995 2104 ἐχέτω.
1039 1999 1345 2098 Ιέζέστιυισον
1398 1999 1597 2097 οὖν
1628 2025 1757 2081 ὅλον
1805 2027 1897 2081 τὸν
1926 1999 1973 2063 Β

241 2122 480 2177 ἐνιαυτὸν
535 2121 711 2198 χωρὶς
765 2118 941 2189 πάσης
1000 2117 1260 2192 ἀνάγκης·
1314 2114 1429 2193 ὥρᾳ
1483 2114 1539 2170 δὲ
1591 2114 1748 2189 ἐνάτῃ
1796 2122 1895 2185 τῆς

241 2210 472 2285 ἡμέρας,
506 2210 558 2264 ἐν
606 2208 800 2281 ὕμνοις
858 2206 947 2262 καὶ
996 2210 1335 2280 προσευχαῖς
1386 2202 1755 2276 διατελέσασα,
1800 2226 1894 2277 με-

240 2294 558 2373 ταλάμϐανε
584 2303 693 2354 τῶν
727 2299 903 2374 ἄρτων
933 2317 1029 2351 σου
1060 2296 1110 2350 έν
1159 2294 1387 2371 λαχάνῳ
1434 2294 1737 2364 ἀναπεποιη
1750 2292 1895 2368 μένῳ

242 2388 429 2462 ἐλαίῳ.
462 2390 642 2443 Πάντα
671 2386 810 2461 ἀγνᾶ
840 2384 938 2440 ὅσα
967 2382 1173 2461 ἄψυχα.

312 2498 365 2552 9.
403 2494 478 2550 Σὺ
536 2492 614 2567 δὲ,
662 2495 707 2547 ὧ
754 2493 1000 2567 παρθένε,
1054 2492 1249 2564 μηθεὶς
1295 2489 1746 2563 καταμανθανέτω
1793 2491 1892 2558 τὴν

243 2584 470 2655 ἅσκησίν
523 2604 637 2651 σου,
676 2579 817 2655 μηδὲ
865 2579 1040 2635 αὐτῶν
1092 2576 1243 2634 ἰδίων
1295 2600 1390 2633 σου
1443 2584 1734 2653 συγγενῶψ
1769 2576 1896 2633 ἀλλ’

245 2673 298 2729 εἶ’
344 2695 396 2729 τι
438 2679 635 2739 ποιεῖς,
688 2671 739 2725 έν
784 2675 1006 2746 κρυπτῷ
1060 2670 1225 2723 ποίει·
1279 2669 1368 2723 καὶ
1418 2670 1445 2721 6
1499 2670 1682 2744 Πατήρ
1731 2689 1826 2721 σου
1868 2669 1895 2720 6

244 2764 519 2838 οὐράνιος,
555 2764 582 2815 6
629 2760 841 2835 βλέπων
889 2761 941 2814 ἐν
983 2758 1062 2832 τῷ
1109 2763 1354 2835 κρυπτῷ,
1386 2756 1658 2812 ἀποδώσει
1707 2778 1789 2811 σοι
1842 2757 1894 2810 έν

242 2859 319 2924 τῷ
375 2854 726 2928 φανερῷ
779 2850 897 2904 Ἐὰν
960 2847 1017 2903 δὲ
1069 2849 1378 2924 φανερώσῃς
1439 2868 1533 2901 σου
1604 2847 1695 2901 τὸν
1756 2846 1895 2921 βίον,

246 2939 520 3011 κενοδοξία
575 2961 658 2993 σοι
716 2939 974 3009 τίκτεται,
1025 2938 1115 2991 καὶ
1170 2942 1381 3009 ζημιοῖ·
1439 2935 1524 2989 ἐὰν
1606 2932 1663 2989 δὲ
1739 2935 1894 3011 εὕρῃς

255 3032 428 3104 ψυχὴν
482 3028 886 3106 ὁμοσύμφωνον
942 3030 1204 3081 πονοῦσαν
1253 3030 1331 3096 τῷ
1374 3028 1508 3096 Θεῷ,
1543 3024 1617 3085 ὡς
1665 3025 1754 3077 καὶ
1809 3023 1893 3095 σὺ,

260 3119 415 3191 ταύτῃ
450 3118 587 3193 μόνῃ
627 3116 979 3191 ἀποκάλυψον
1026 3115 1075 3170 ἐν
1132 3114 1437 3188 μυστηρίῳο
1480 3113 1589 3168 ἐκεῖ
1637 3112 1735 3168 οὐκ
1785 3110 1896 3167 ἔστι

252 3205 539 3279 κενοδοξία.
589 3206 896 3277 Ἐλάλησας
956 3206 1081 3281 γὰρ,
1126 3202 1214 3258 τίνα
1278 3206 1427 3277 σωθῇ
1494 3205 1672 3277 ψυχή’
1722 3201 1891 3257 πολὺν

252 3298 434 3371 μισθὸν
486 3295 660 3370 λήψῃ,
703 3295 789 3350 ἐὰν
837 3298 987 3368 σωθῇ
1048 3292 1137 3348 διὰ
1178 3290 1272 3347 σοῦ
1321 3294 1497 3367 ψυχή.
1530 3296 1655 3354 Τοῖς
1706 3291 1893 3367 ἔχουσι

2004 692 2136 747 vita
2170 691 2440 747 instituto
2467 693 2721 764 dejiciat.
2745 695 2929 752 Multa
2960 700 3176 772 quippe
3205 710 3340 758 sunt
3372 708 3499 776 ejus
3533 725 3662 763 ma-

2007 778 2385 836 chinamenta
2442 783 2723 839 adversus
2787 786 2882 841 Dei
2915 804 3131 845 servos.
3167 792 3473 851 Submittit
3504 799 3661 853 enim

2010 868 2346 924 hominibus
2378 872 2765 944 cogitationes
2800 892 2813 930 :
2846 875 3051 948 incipit
3080 878 3342 950 laudare,
3377 891 3443 939 ut
3490 890 3666 943 corda

2008 971 2209 1012 eorum
2237 958 2492 1014 extollat.
2518 960 2603 1015 Tu
2628 978 2761 1017 vero
2787 980 2857 1017 ne
2880 964 3187 1022 hominum
3212 968 3419 1027 laudes
3439 973 3660 1030 admit-

2006 1050 2114 1101 tas.
2149 1048 2311 1111 Quod
2344 1049 2393 1103 si
2425 1050 2557 1120 quis
2588 1051 2696 1105 tibi
2730 1052 2937 1108 dixerit
2972 1072 2984 1108 :
3022 1056 3193 1113 Beata
3222 1074 3318 1127 es;
3371 1065 3660 1133 responde

2006 1135 2092 1189 illi
2153 1154 2166 1192 :
2227 1139 2464 1208 quando
2523 1140 2642 1195 vita
2694 1142 2871 1212 probe
2922 1150 3154 1214 peracta
3184 1164 3251 1203 ex
3282 1148 3391 1205 hoc
3421 1167 3663 1223 corpore

2006 1240 2327 1293 excessero,
2359 1230 2499 1282 tunc
2530 1228 2701 1284 beata
2731 1232 3105 1300 praedicabor.
3141 1236 3274 1292 Jam
3331 1239 3487 1295 enim
3547 1258 3663 1297 non

2007 1314 2241 1368 credam
2302 1331 2393 1369 me
2441 1317 2671 1372 beatam
2732 1335 2879 1374 esse.
2941 1321 3218 1380 Homines
3248 1328 3468 1399 quippe
3497 1330 3664 1401 quasi

2006 1408 2250 1470 ventus;
2286 1404 2365 1459 ita
2396 1409 2718 1461 mutamur.
2751 1407 3105 1482 Plerumque
3149 1417 3361 1471 suadet
3408 1419 3538 1485 tibi,
3600 1424 3665 1477 ut

2007 1508 2106 1547 eos
2164 1493 2263 1562 qui
2321 1496 2636 1550 comedunt
2694 1496 2986 1569 despicias
3024 1518 3036 1557 :
3072 1503 3174 1558 sed
3228 1520 3300 1560 ne
3349 1508 3551 1563 credas
3583 1510 3658 1575 ei,

2007 1580 2234 1636 alienus
2264 1584 2480 1654 quippe
2504 1589 2626 1652 est;
2662 1586 2801 1656 quin
2836 1590 3029 1658 potius
3060 1596 3115 1646 te
3163 1595 3429 1651 omnium
3485 1597 3660 1652 mini-

2008 1686 2165 1725 mam
2197 1677 2561 1742 reputato,ut
2590 1676 2808 1730 multos
2838 1680 3160 1747 praemittas
3192 1682 3249 1736 in
3283 1700 3529 1755 regnum
3552 1703 3668 1741 cm-

2006 1758 2219 1829 lorum,
2255 1767 2311 1815 et
2343 1779 2375 1816 a
2404 1762 2520 1817 Dco
2552 1763 2841 1820 exalteris.
2877 1766 2935 1821 Si
2968 1770 3179 1825 suadet
3219 1772 3325 1828 tibi
3384 1774 3664 1832 inimicus

2006 1847 2305 1913 ingentem
2366 1851 2592 1906 ascesin
2653 1869 2755 1908 seu
2809 1857 3307 1929 exercitationem,
3362 1867 3426 1917 ut
3450 1880 3661 1937 corpus

2005 1940 2176 1992 tuum
2208 1938 2509 1994 inﬁrmum
2543 1944 2599 1995 et
2627 1940 2727 1997 88
2757 1942 2966 2001 inutile
2996 1947 3211 2004 efﬁciat
3243 1967 3254 2004 ;
3291 1956 3459 2007 tuum
3500 1956 3663 2025 jeju-

2004 2028 2170 2083 nium
2203 2029 2442 2083 modum
2474 2030 2704 2086 habeat.
2736 2032 2947 2103 Jejuna
2976 2035 3172 2108 itaque
3218 2045 3406 2096 totum
3438 2060 3662 2099 annum

2006 2116 2121 2172 nisi
2152 2116 2311 2172 aliud
2344 2118 2600 2189 postulet
2630 2122 2982 2192 necessitas;
3017 2124 3159 2182 hora
3190 2134 3386 2185 autem
3419 2148 3571 2188 nona
3602 2133 3662 2189 in

2004 2205 2241 2277 hymnis
2273 2210 2330 2261 et
2360 2208 2726 2264 orationibus
2759 2215 3076 2282 transacta,
3107 2233 3276 2273 sume
3305 2236 3487 2289 panes
3527 2226 3663 2279 tuos

2006 2311 2139 2349 cum
2173 2294 2427 2351 oleribus
2458 2295 2583 2353 oleo
2615 2300 2888 2357 conditis.
2925 2300 3133 2359 Omnia
3165 2323 3313 2378 pura
3341 2315 3481 2365 sunt
3509 2328 3661 2381 quaa-

2007 2400 2261 2455 cumque
2292 2384 2633 2442 inanimata.

2076 2492 2130 2546 9.
2161 2491 2247 2546 Tu
2279 2496 2503 2559 autem,
2534 2511 2566 2549 o
2596 2494 2780 2567 virgo,
2814 2496 2871 2552 id
2904 2515 3031 2570 age,
3060 2505 3125 2556 ut
3154 2519 3328 2559 nemo
3358 2509 3520 2563 tuam
3554 2525 3657 2564 no-

2008 2580 2083 2635 rit
2135 2580 2383 2647 ascesin,
2446 2599 2516 2637 ne
2574 2599 2642 2638 ex
2699 2588 2964 2657 cognatis
3008 2590 3244 2660 quidem
3276 2594 3395 2649 tuis
3428 2613 3440 2650 :
3474 2599 3573 2652 sed
3609 2599 3663 2655 si

2006 2670 2143 2740 quid
2177 2670 2323 2741 agis,
2360 2670 2416 2725 in
2449 2672 2675 2729 occulto
2705 2690 2811 2745 age
2844 2691 2856 2728 :
2893 2680 2950 2731 et
2996 2678 3166 2734 Pater
3219 2686 3358 2739 tuus
3410 2686 3664 2744 ccclesiis

2008 2756 2107 2828 qui
2167 2759 2322 2813 videt
2381 2760 2438 2813 in
2470 2761 2720 2829 occulto,
2754 2766 2957 2820 reddet
2985 2768 3089 2822 tibi
3124 2769 3180 2823 in
3210 2771 3462 2840 publico.
3497 2776 3660 2839 Quod

2008 2846 2057 2900 si
2086 2848 2263 2901 vitam
2294 2852 2456 2903 tuam
2490 2850 2971 2925 manifestaveris,
3031 2856 3167 2913 hinc
3224 2859 3329 2915 tibi
3394 2871 3667 2921 nascetur

2008 2936 2199 2991 inanis
2230 2936 2427 3008 glorizs
2459 2940 2954 3013 cupiditas,atque
2983 2945 3401 3006 detrimentum
3422 2956 3662 3010 senties.

2006 3026 2064 3081 Si
2096 3042 2229 3081 vero
2260 3027 2520 3082 animam
2554 3031 2837 3101 repereris
2870 3033 2976 3087 tibi
3029 3040 3514 3107 consentientem,
3575 3050 3664 3099 at-

2008 3130 2120 3186 que
2181 3120 2293 3171 Deo
2350 3116 2551 3173 eadem
2601 3118 2825 3175 ratione
2856 3122 3222 3193 servientem,
3256 3127 3396 3185 huic
3424 3131 3533 3186 soli
3567 3150 3664 3189 se-

2006 3208 2162 3259 creta
2192 3209 2294 3259 tua
2325 3205 2575 3262 revelato
2608 3223 2621 3261 :
2656 3207 2764 3263 hac
2790 3210 2946 3265 enim
2978 3212 3037 3267 in
3098 3230 3157 3271 re
3214 3233 3329 3272 non
3389 3224 3478 3276 est
3534 3220 3664 3278 ina-

2006 3292 2099 3348 nis
2130 3292 2559 3365 gloria.Locuta
2590 3313 2845 3369 namque
2867 3315 2929 3355 es
2960 3305 3025 3356 ut
3058 3303 3217 3361 salva
3250 3307 3415 3363 ﬁeret
3444 3311 3666 3367 anima:

245 3370 410 3441 πόθον
470 3385 683 3441 ἀκούειν
732 3384 889 3440 λάλει
937 3384 1005 3438 τὰ
1054 3380 1414 3459 συμφέροντα.
1448 3381 1567 3435 Ἐὰν
1621 3379 1679 3436 δὲ
1729 3380 1899 3455 ἀκούῃ

2014 3399 2287 3454 magnam
2320 3386 2646 3440 mercedem
2676 3388 2946 3459 recipies,
2978 3390 3028 3445 si
3060 3408 3163 3464 per
3192 3399 3248 3449 te
3279 3397 3477 3453 anima
3507 3400 3673 3455 salu-

244 3476 330 3531 καὶ
396 3477 471 3548 μή
531 3478 689 3547 ποιῇ,
746 3471 914 3547 μηδὲν
976 3470 1157 3527 λάλει.
1218 3473 1372 3545 Λέγει
1432 3472 1536 3545 γὰρ
1595 3470 1623 3523 6
1682 3470 1896 3545 Κύριος*

243 3590 269 3617 ‹‹
304 3567 394 3634 Μὴ
430 3563 567 3619 δῶτε
594 3564 662 3619 τὰ
690 3564 813 3637 ἅγια
861 3566 976 3622 τοῖς
1023 3559 1163 3615 κυσί’
1202 3557 1343 3632 μηδὲ
1395 3557 1640 3634 βάλλητε
1669 3561 1745 3633 (7)
1775 3558 1901 3620 τοὺς

246 3654 585 3731 μαργαρίτας
650 3653 802 3726 ὑμῶν
858 3649 1161 3725 ἔμπροσθεν
1219 3652 1326 3703 τῶν
1386 3648 1612 3723 χοίρων.
1644 3672 1673 3701 ››
1729 3647 1903 3709 Κύνας

238 3744 339 3821 γὰρ
412 3743 501 3798 καὶ
567 3742 794 3819 χοίρους
862 3738 1130 3795 ἀποκαλεῖ
1189 3740 1216 3794 6
1268 3738 1500 3813 Χριστὸς
1549 3739 1626 3811 (8)
1672 3737 1801 3800 τοὺς
1849 3737 1901 3792 ἐν

244 3833 431 3906 ἀτίμῳ
484 3832 589 3908 βίῳ
642 3829 946 3907 διάγοντας·
1004 3833 1329 3905 μαργαρῖται
1379 3828 1481 3902 γὰρ
1546 3826 1721 3899 τίμιοί
1774 3825 1903 3881 εἶσιν

244 3924 296 3978 οἱ
323 3927 424 3978 τοῦ
456 3926 592 3977 Θεοῦ
625 3920 804 3995 λόγοι,
836 3924 954 3980 τοῖς
984 3917 1151 3988 ἀξίοις
1188 3916 1375 3990 μόνοις
1407 3913 1706 3988 διδόμενοι.

2010 3475 2127 3527 tem
2189 3479 2604 3545 consequatur.
2661 3476 2884 3539 Quibus
2942 3480 3095 3536 inest
3126 3484 3398 3541 audiendi
3444 3488 3674 3546 deside-

2014 3578 2143 3615 rum
2176 3560 2414 3632 loquere
2460 3579 2587 3634 quas
2620 3564 2739 3620 sint
2771 3566 2957 3623 utilia.
2992 3572 3153 3636 Quod
3189 3572 3237 3627 si
3268 3573 3365 3629 ille
3425 3578 3679 3634 audierit

2014 3654 2068 3705 et
2126 3650 2330 3706 audita
2385 3669 2496 3707 non
2557 3661 2925 3727 exsequatur,
2987 3676 3059 3715 ne
3099 3660 3339 3733 loquere
3370 3666 3543 3722 ultra.
3581 3669 3677 3723 Ait

2015 3740 2171 3795 enim
2209 3739 2525 3797 Dominus:
2560 3765 2588 3793 «
2620 3744 2701 3799 Ne
2732 3746 2863 3801 date
2895 3756 3098 3804 sancta
3153 3752 3421 3822 canibus,
3484 3773 3675 3829 neque

2018 3829 2281 3901 projicite
2311 3831 2658 3904 margaritas
2680 3839 2903 3891 vestras
2924 3842 3059 3893 ante
3088 3856 3295 3910 porcos
3318 3843 3379 3895 ⁵⁵.
3422 3865 3450 3894 »
3482 3849 3671 3901 Canes

2018 3934 2273 3990 namque
2304 3924 2361 3973 et
2392 3937 2597 3991 porcos
2625 3927 2791 3978 vocat
2823 3923 3108 3982 Dominus
3139 3945 3257 4000 eos,
3290 3931 3391 4002 qui
3442 3937 3675 4007 turpem

244 4019 434 4084 agunt
465 4012 667 4067 vitam.
706 4009 1028 4083 Margaritaa
1062 4007 1277 4080 quippe
1306 4005 1573 4078 pretiosae
1604 4009 1769 4073 sunt,
1804 4005 1903 4060 Dei
1932 4007 2130 4075 verba,
2162 4024 2290 4078 quae
2322 4007 2395 4063 iis
2426 4011 2659 4065 tantum
2692 4011 2792 4083 qui
2824 4013 2989 4086 digni
3021 4022 3161 4072 sunt
3190 4005 3556 4076 tribuuntur.

319 4121 411 4176 10.
445 4118 512 4171 Ὢ
546 4113 783 4190 μακαρία
804 4115 958 4189 ψυχὴ
991 4115 1025 4182 ἡ
1059 4111 1332 4167 ἀκούσασα
1358 4108 1588 4171 τούτους
1633 4108 1761 4172 τοὺς
1807 4109 1907 4164 λό-

247 4228 383 4282 γους
436 4205 565 4268 τοὺς
621 4204 1034 4282 γεγραμμένους
1092 4200 1143 4256 έν
1196 4205 1278 4273 τῷ
1340 4195 1543 4276 βιϐλίῳ
1586 4198 1786 4271 τούτῳ,
1818 4198 1907 4253 καὶ

245 4297 523 4352 ποιοῦσαί
571 4294 930 4369 Μαρτύρομαι
980 4292 1137 4347 παντὶ
1186 4291 1460 4364 ἀνθρώπῳ
1512 4292 1606 4362 (9),
1656 4288 1907 4343 ἀκούοντι

241 4387 310 4442 τὰ
337 4386 562 4463 ῥήματα
612 4389 779 4440 ταῦτα
831 4382 923 4438 καὶ
980 4385 1247 4448 ποιοῦντι,
1280 4379 1362 4434 ὅτι
1413 4379 1475 4433 τὸ
1516 4373 1692 4451 ὄνομα
1746 4377 1909 4432 αὐτοῦ

240 4477 581 4554 γραφήσεται
632 4474 683 4530 ἐν
723 4477 793 4547 τῇ
848 4467 1029 4547 βίϐλῳ
1066 4478 1166 4541 τῆς
1222 4469 1503 4539 ζωῆς,καὶ
1536 4468 1588 4523 ἰν
1634 4471 1713 4540 τῷ
1740 4466 1911 4542 τρίτῳ

240 4565 488 4640 τάγματι
533 4568 639 4619 τῶν
692 4560 944 4639 ἀγγέλων
991 4562 1355 4635 εὑρεθήσεται.
1406 4559 1528 4613 Ἐὰν
1589 4555 1680 4611 οὖν
1741 4577 1911 4632 προσ-

248 4654 413 4731 εύχῃ,
442 4655 479 4723 ἢ
512 4651 751 4727 ψάλλῃς,
783 4652 819 4721 ἢ
864 4651 1231 4725 ἆναγινώσκῃς
1278 4650 1415 4722 (10),
1446 4649 1563 4703 κατ’
1593 4644 1735 4702 ἰδίαν
1781 4648 1910 4711 κάθ-

248 4763 331 4798 ου·
373 4740 569 4816 μηδεὶς
627 4740 891 4811 ἀκουέτω,
926 4740 971 4793 εἰ
1034 4740 1110 4812 μὴ
1172 4739 1234 4792 σὺ
1282 4737 1446 4810 μόνη.
1498 4737 1596 4792 Καὶ
1644 4735 1730 4791 ἐὰν
1783 4732 1912 4810 ἔχῃς

248 4832 577 4908 ὀμοψύχους
612 4831 737 4904 μίαν
765 4832 800 4899 ἢ
834 4828 930 4885 δύο
988 4827 1305 4905 παρθένους’
1368 4825 1513 4903 λέγει
1564 4827 1667 4901 γὰρ
1715 4827 1742 4880 6
1783 4831 1913 4899 Χρι-

250 4922 397 4984 στός·
456 4944 485 4972 ‹‹
532 4924 709 4979 ’Ὁπου
765 4917 861 4974 δύο
993 4922 1139 4994 τρεῖς
1179 4917 1294 4971 εἰσι
1366 4914 1691 4991 συνηγμένοι
1738 4913 1789 4968 ἐν
1834 4919 1913 4986 τῷ

251 5009 485 5085 ὀνόματί
522 5031 627 5084 μου
679 5014 811 5084 (11),
859 5007 970 5063 ἐκεῖ
1012 5007 1126 5082 εἷ’μι
1168 5006 1219 5061 έν
1272 5006 1423 5079 μέσῳ
1467 5005 1659 5060 αὐτῶν·
1697 5028 1724 5054 ››

327 5197 371 5229 ³⁵
404 5194 611 5250 Matth.
644 5210 743 5260 VII,
774 5194 829 5248 6.
907 5192 950 5226 ⁵⁸
983 5191 1186 5249 Matth.
1220 5206 1381 5260 XVIII,
1413 5190 1503 5243 20.

332 5395 405 5465 (2)
464 5390 892 5465 Basiliensiset
919 5387 1304 5465 Anglicanus,
1334 5383 1611 5460 Μακάριος
1644 5382 1708 5438 εἴ.
1740 5382 1918 5441 Paulo

260 5459 431 5537 post:
464 5463 715 5537 Anglic,
746 5459 1059 5537 τελειώσας.

326 5537 402 5609 (3)
438 5528 611 5609 Basil.
646 5528 709 5591 et
730 5533 981 5609 anglis.)
1013 5531 1311 5607 Μακάριος.
1353 5528 1532 5586 Paulo
1590 5532 1741 5602 post,
1800 5531 1915 5585 An-

256 5603 417 5681 gli-Ac.)
442 5606 516 5681 Et
634 5603 907 5681 noska'itc
941 5604 1031 5681 ὑπ,

438 5678 787 5756 Basiliensis
807 5675 1151 5756 et_An_glic_.,
1168 5748 1178 5756 _
1198 5668 1617 5756 ἐλαχιστότερον
1671 5668 1889 5725 σεαυτόν
1903 5713 1915 5728 .

352 5744 408 5816 5)
439 5748 541 5805 Οὗν
575 5752 742 5807 deest
774 5750 834 5805 in
866 5744 1040 5804 Basi'l.
1072 5753 1129 5802 et
1152 5744 1379 5816 Anglic.

352 5757 408 5822 5)
439 5757 541 5805 Οὑν
575 5757 742 5807 deest
774 5757 834 5805 in
866 5757 1040 5804 Basil.
1072 5757 1129 5802 et
1152 5757 1379 5816 Anglic.
1611 5815 1638 5827 η
1850 5816 1879 5828 η

328 5757 408 5897 (6)
439 5826 503 5882 In
532 5822 755 5896 Anglic.
788 5825 846 5877 et
873 5819 1023 5877 F610.
1052 5819 1107 5887 2,
1127 5818 1290 5874 deest
1311 5814 1479 5884 illud,
1500 5810 1551 5869 ἐν
1574 5832 1653 5885 τῳ
1679 5832 1911 5890 φανερῳ.

2098 4114 2178 4168 10.
2212 4115 2257 4168 Ο
2288 4114 2460 4169 beata
2489 4115 2687 4171 anima
2717 4134 2846 4189 quae
2895 4137 3198 4179 sermones
3262 4128 3516 4183 audierit
3571 4128 3682 4185 hoc

2018 4201 2078 4256 in
2109 4200 2256 4257 libro
2286 4203 2556 4274 scriptos,
2590 4208 2760 4276 atque
2791 4215 3069 4267 exsecuta
3099 4229 3197 4270 eos
3230 4214 3436 4275 fuerit.
3484 4218 3680 4273 Testi-

2020 4291 2161 4347 ﬁcor
2189 4291 2348 4346 omni
2385 4292 2629 4361 homini,
2661 4296 2761 4365 qui
2793 4298 3048 4355 audierit
3080 4300 3201 4358 haec
3226 4305 3404 4361 verba
3434 4310 3491 4361 et
3525 4308 3680 4363 fece-

2020 4380 2096 4435 rit
2117 4396 2204 4450 ea,
2237 4381 2392 4452 quod
2423 4398 2632 4437 nomen
2683 4386 2810 4455 ejus
2857 4388 3233 4446 scribendum
3285 4392 3362 4447 sit
3410 4393 3469 4449 in
3532 4395 3682 4451 libro

2019 4470 2173 4538 vitae,
2233 4474 2291 4526 et
2346 4471 2500 4541 quod
2548 4471 2672 4544 ipse
2703 4473 2762 4527 in
2795 4476 2965 4532 tertio
2997 4478 3341 4549 angelorum
3375 4483 3576 4539 ordine
3608 4485 3688 4541 sit

2023 4559 2419 4616 collocandus.
2454 4561 2514 4617 Si
2546 4561 2729 4633 igitur
2776 4581 2906 4620 ores
2966 4571 3069 4622 aut
3125 4569 3369 4642 psallas,
3428 4571 3691 4647 legasve,

2023 4663 2291 4705 seorsum
2323 4650 2458 4706 sede
2491 4666 2503 4705 :
2539 4668 2709 4708 nemo
2743 4655 2943 4711 audiat
2973 4656 3087 4712 nisi
3121 4667 3180 4714 tu
3212 4660 3355 4716 sola.
3388 4661 3457 4717 Et
3486 4661 3536 4718 si
3578 4664 3687 4719 ha-

2022 4737 2160 4792 beas
2206 4739 2552 4795 concordem
2613 4757 2791 4797 unam
2853 4747 2955 4799 aut
2985 4744 3231 4803 alteram
3261 4749 3574 4821 virginem,
3605 4753 3691 4808 ait

2023 4826 2181 4881 enim
2214 4826 2479 4883 Christus
2516 4844 2527 4883 :
2566 4852 2593 4879 «
2626 4829 2733 4885 Ubi
2767 4833 2883 4888 duo
2912 4832 3005 4888 vel
3038 4839 3159 4891 tres
3192 4840 3527 4911 congregati
3559 4840 3685 4896 fue-

2024 4914 2141 4969 rint
2170 4916 2227 4969 in
2261 4917 2499 4971 nomine
2530 4934 2682 4987 meo,
2707 4920 2785 4975 ibi
2821 4938 2951 4977 sum
2987 4922 3046 4979 in
3082 4926 3274 4981 medio
3305 4943 3507 4983 eorum
3542 4928 3621 4996 “5;
3656 4950 3684 4980 »

1772 5003 1913 5059 ἀπό-
1945 4988 1993 5052 Ι)
2025 5002 2208 5074 abjice
2243 5004 2589 5062 muliebrem
2620 5025 2884 5079 sensum,
2947 5027 3014 5066 ac
3072 5012 3346 5069 ﬁduciam
3406 5014 3687 5088 virileque

2100 5383 2180 5459 (ἶ)
2209 5384 2589 5459 Anglicanus,
2621 5384 2847 5459 βάλητε.

2116 5456 2171 5529 8)
2201 5456 2583 5529 Anglicanus,
2618 5456 2645 5512 ὁ
2677 5456 2827 5521 Θεὸς.

2120 5526 2518 5604 Α’ᾼνόρῴπῳ-
2536 5526 2704 5586 abest
2730 5532 3061 5604 abUAnglic.
3093 5537 3150 5589 et
3180 5533 3330 5590 Felc.
3361 5535 3416 5592 2.

2126 5599 2213 5670 10)
2244 5599 2342 5679 Sic
2370 5599 2547 5679 Bas-il1
2578 5607 2636 5657 et
2660 5602 2884 5679 Anglic.
2910 5599 3060 5661 Editi
3102 5621 3258 5679 vero,
3289 5605 3331 5679 ἢ,
3359 5603 3611 5679 ψάλλεις,
3645 5603 3682 5679 ἢ

2030 5669 2434 5794 ἷναγινώσκεις.
2494 5673 2643 5739 Mox,
2706 5669 2881 5729 Basil.
2926 5681 2983 5733 et
3012 5669 3272 5748 Anglicr,
3304 5669 3464 5751 ἕχῇς.
3510 5669 3683 5746 Εάίιί,

2058 5759 2195 5794 γεις.

2102 5760 2195 5803 εις.

2246 5813 2444 5887 Basil.,
2477 5812 2788 5886 ὑπηγμένοι
2819 5812 2910 5871 διὰ
2936 5818 3000 5873 τὸ
3030 5812 3205 5890 ὄνομά
3236 5838 3363 5891 μου.

2098 5462 2115 5670 ἒ
