4154 6366
375 359 492 421 263

1558 350 1624 411 S.
1670 342 2206 411 ATHANASIUS.
2237 378 2317 394 —-
2347 342 2611 410 DUBIA.

3681 350 3800 414 264

375 493 555 550 robur
585 489 996 548 assume.Nam
1023 488 1083 543 in
1115 503 1293 560 regno
1324 484 1605 542 caelorum
1638 498 1755 539 non
1777 484 1867 537 est
1910 495 2028 535 ma-

2142 479 2236 533 θου
2267 478 2329 534 τὸ
2356 483 2660 555 γυναικεῖον
2688 478 2966 557 φρόνημα,
2996 478 3086 534 καὶ
3136 473 3273 535 λάϐε
3320 480 3515 557 θάρσος
3565 482 3657 538 καὶ
3707 483 3802 539 ἆν-

376 581 577 638 sculus
608 595 797 652 neque
828 579 1070 644 femina,
1089 577 1189 633 sed
1224 589 1591 649 quaecunque
1622 570 1897 627 mulieres
1926 568 2038 624 Do-

372 670 535 727 mino
566 666 1211 742 placuerunt,virornm
1244 663 1511 719 ordinem
1559 660 1874 731 accipiunt.
1935 657 2038 712 Ju-

368 758 587 817 venilia
617 759 970 814 ornamenta
1000 754 1366 817 obliviscere,
1398 755 1464 807 ut
1495 750 1662 805 bona:
1693 747 1878 803 viduae
1910 761 2040 818 pre-

375 848 529 905 tium
559 845 942 918 accipias.Ait
961 844 1118 899 enim
1144 844 1352 899 beatus
1376 839 1595 896 Paulus
1616 856 1630 895 :
1656 837 1914 892 «Viduas
1934 834 2040 891 ho-

2148 564 2348 642 δρείαν.
2385 569 2467 623 Ἐν
2503 568 2606 643 γάρ
2640 571 2709 641 τῇ
2764 566 3014 642 βασιλείᾳ
3057 571 3166 623 τῶν
3218 567 3483 644 οὐρανῶν,
3513 570 3615 626 οὐκ
3661 568 3804 629 ἔστιν

2148 655 2305 732 ἂῤῥεν
2337 656 2427 711 καὶ
2472 656 2637 725 θῆλυ,
2670 656 2816 712 ἀλλὰ
2866 662 3031 711 πᾶσαι
3091 658 3145 712 αἱ
3205 657 3565 733 ἀρεστήσασαι
3616 668 3811 737 γυναῖ-

2146 765 2235 807 κες
2264 742 2476 820 ἀνδρῶν
2521 745 2667 816 τάξιν
2720 741 3111 818 λαμϐάνουσιν.
3147 746 3446 811 Ἐπιλάθου
3492 749 3559 804 τὰ
3606 770 3806 807 νεωτε-

2149 833 2274 910 ρικὰ
2331 838 2614 910 σχήματα,
2639 832 2731 889 ’ίνα
2782 832 2952 908 λάϐῃς
2997 836 3166 907 τιμὴν
3211 843 3313 905 τῆς
3370 844 3547 907 καλῆς
3599 840 3805 914 χήρας.

375 953 539 1001 nora,
571 951 700 1007 quas
730 950 865 990 vere
895 933 1087 989 vidum
1119 935 1281 989 sunt.
1313 930 1447 994 Quae
1477 944 1612 984 vere
1642 927 1822 983 vidua
1850 929 1941 981 est
1984 928 2036 981 et

2149 923 2302 1000 Λέγει
2359 926 2463 999 γὰρ
2514 924 2542 978 ὁ
2586 924 2737 999 ἅγιος
2785 923 3002 986 Παῦλος
3034 928 3164 997 (12).
3203 950 3231 977 ‹‹
3263 925 3406 999 Τίμα
3454 929 3661 1004 χήρας,
3706 931 3803 994 τὰς

377 1025 664 1091 desolata,
725 1023 784 1079 in
844 1022 960 1078 Deo
1009 1025 1228 1093 sperat,
1257 1023 1313 1075 et
1343 1022 1645 1091 permanet
1673 1014 1735 1069 in
1765 1013 2039 1069 observa-

377 1112 637 1170 tionibus
660 1116 720 1167 et
749 1110 1116 1167 orationibus
1148 1112 1316 1164 nocte
1346 1111 1403 1163 et
1430 1106 1543 1162 die.
1574 1108 1711 1169 Quae
1741 1108 1937 1159 autem
1978 1101 2038 1156 in

380 1202 607 1259 deliciis
638 1205 746 1272 est,
779 1203 1011 1256 mortua
1040 1202 1149 1255 est.
1182 1197 1371 1253 Vidua
1400 1195 1651 1267 eligatur
1680 1209 1796 1249 non
1842 1190 2039 1246 minus

377 1306 668 1347 annorum
700 1289 1024 1361 sexaginta,
1059 1304 1188 1361 quae
1223 1286 1397 1342 fuerit
1446 1283 1626 1340 unius
1681 1281 1788 1337 viri
1847 1297 1991 1336 uxor
2022 1295 2037 1334 :

374 1378 425 1437 si
482 1379 746 1452 hospites
785 1393 924 1434 exoe
937 1376 1109 1449 perit,
1144 1375 1193 1431 si
1225 1374 1444 1430 liberos
1469 1370 1825 1438 educaverit,
1858 1368 1907 1424 si
1940 1384 2039 1440 pe-

374 1469 477 1525 des
508 1471 849 1525 sanctorum
883 1465 1111 1532 laverit,
1143 1464 1192 1520 si
1224 1462 1459 1519 afﬂictis
1489 1476 1658 1534 opem
1712 1456 1934 1527 tulerit,
1989 1454 2040 1512 si

381 1572 557 1614 omne
613 1557 834 1612 bonum
890 1570 1039 1627 opus
1070 1556 1383 1627 prosecuta
1416 1549 1615 1608 fuerit.
1652 1547 1925 1604 Juniores
1953 1544 2039 1600 vi-

382 1646 530 1703 duas
559 1662 799 1702 recusa:
819 1660 954 1700 cum
987 1643 1144 1699 enim
1173 1640 1535 1697 lascivierint
1564 1640 1843 1695 adversus
1873 1633 2040 1690 Chri-

382 1741 567 1807 stum,
599 1742 740 1793 tunc
766 1736 987 1792 nubere
1005 1733 1230 1798 volunt,
1261 1732 1545 1789 habentes
1574 1727 2038 1800 damnationem,

383 1827 525 1901 quia
554 1826 807 1900 primam
840 1825 1017 1880 fidem
1048 1822 1277 1879 irritam
1309 1822 1574 1878 fecerunt
1602 1820 1666 1875 ⁸⁷.
1702 1840 1730 1869 ››

2147 1008 2315 1075 ὅντως
2374 1016 2573 1089 χήρας.
2632 1015 2690 1069 Ἣ
2749 1010 2807 1068 δὶ
2858 1010 3027 1076 ὅντως
3080 1017 3232 1091 χήρα
3288 1015 3377 1069 καὶ
3433 1019 3802 1092 μεμονωμένη

2148 1099 2380 1172 ἤλπικεν
2441 1102 2529 1158 ἐπὶ
2584 1102 2676 1156 τὸν
2734 1102 2886 1173 Θεὸν,
2934 1103 3024 1158 καὶ
3078 1102 3372 1180 προσμένει
3420 1110 3539 1167 ταῖς
3588 1103 3802 1178 δεήσεσι

2146 1192 2235 1247 καῖ
2278 1198 2395 1254 ταῖς
2425 1197 2761 1268 προσευχαῖς
2803 1194 2994 1255 νυκτὸς
3040 1192 3129 1247 καὶ
3180 1193 3411 1269 ἡμέρας.
3443 1194 3505 1252 Ἡ
3558 1191 3617 1250 δὲ
3667 1216 3803 1252 cum

2145 1278 2368 1336 ταλῶσα
2429 1281 2677 1349 τέθνηκε.
2736 1282 2895 1357 Χήρα
2962 1281 3341 1357 καταλεγέσθω
3421 1283 3498 1355 μὴ
3577 1281 3802 1341 ἔλαττον

2149 1370 2283 1425 ἐτῶν
2339 1369 2621 1441 ἑξήκοντα,
2652 1375 2911 1445 γεγονυῖα
2967 1370 3087 1433 ἑνὸς
3143 1369 3336 1447 ἀνδρὸς
3392 1374 3554 1446 γυνή·
3588 1374 3636 1428 εἰ
3690 1374 3805 1445 ἐξα-

2146 1456 2470 1535 νοδόχησεν,
2502 1458 2547 1513 εί
2579 1457 3053 1537 ἐτεκνοτρόφησεν,
3087 1458 3135 1515 εἴ
3164 1460 3336 1536 ἁγίων
3383 1458 3553 1524 πόδας
3600 1460 3810 1537 ἔνιψεν,

2149 1548 2194 1604 εί
2234 1542 2592 1622 θλιϐομένοις
2633 1546 2945 1625 ἐπήρκεσεν,
2978 1547 3024 1604 εἰ
3073 1548 3235 1604 παντὶ
3286 1548 3429 1626 ἔργῳ
3478 1551 3667 1625 ἀγαθῷ
3715 1551 3807 1608 ἐπ-

2148 1638 2514 1709 ηκολούθησε.
2547 1638 2826 1713 Νεωτέρας
2877 1635 2937 1693 δὲ
2985 1640 3167 1714 χήρας
3206 1644 3493 1715 παραιτοῦ·
3527 1639 3653 1697 ὅταν
3699 1642 3803 1719 γὰρ

2146 1724 2646 1803 καταστρηνιάσωσι
2726 1732 2825 1783 τοῦ
2932 1732 3190 1804 Χριστοῦ,
3251 1734 3449 1803 γαμεῖν
3531 1727 3803 1800 θέλουσιν,

2070 1855 2118 1922 Β
2147 1812 2376 1893 ἔχουσαι
2404 1822 2596 1892 κρῖμα,
2628 1815 2713 1872 ὅτι
2742 1819 2840 1887 τὴν
2868 1818 3093 1891 πρώτην
3122 1815 3300 1874 πίστιν
3329 1817 3611 1889 ἠθέτησαν.
3650 1843 3673 1872 ι

458 1944 635 2002 11.Τυ
663 1946 862 1998 autem
892 1941 941 1997 si
964 1957 1082 1996 non
1113 1939 1295 1995 facias
1327 1937 1433 1994 tibi
1457 1933 1748 2009 juveniles
1780 1933 2036 2007 habitus,

2224 1936 2309 1990 11.
2345 1932 2419 1988 Σῦ
2446 1931 2524 2003 δὲ,
2556 1932 2602 1989 εί
2637 1934 2732 2006 μὶν
2763 1932 2826 1988 οὐ
2856 1938 3034 1996 ποιεῖς
3072 1934 3138 1989 τὰ
3182 1935 3477 2009 νεωτερικὰ
3515 1937 3800 2012 σχήματα,

381 2049 497 2089 non
528 2032 733 2088 audies
756 2030 980 2102 junior,
1014 2029 1114 2085 sed
1157 2032 1325 2084 aetate
1377 2025 1675 2099 grandior,
1737 2023 2036 2093 honorque

2150 2024 2249 2079 οὐκ
2303 2023 2517 2084 ἀκούεις
2572 2024 2824 2099 νεωτέρα,
2856 2021 3002 2077 ἀλλὰ
3057 2024 3145 2078 καὶ
3190 2019 3478 2098 πρεσϐύτις
3526 2023 3800 2099 ἀποηλῇ,

383 2123 491 2179 tibi
521 2121 632 2177 erit
663 2118 835 2192 quasi
866 2122 1032 2174 etate
1056 2114 1532 2189 majoriMateria
1553 2113 2036 2170 vestimentorum

2146 2112 2235 2167 καὶ
2292 2114 2459 2187 τιμὴν
2511 2107 2681 2188 ἔχεις,
2724 2112 2801 2174 ὡς
2848 2107 3202 2189 πρεσϐυτέρα.
3254 2113 3315 2167 Ἦ
3358 2113 3647 2178 ὑπόστασις
3691 2118 3799 2169 τῶν

377 2215 643 2275 tuorum,
676 2226 746 2266 ne
775 2210 852 2265 sit
882 2207 1080 2280 magni
1112 2205 1301 2280 pretii.
1334 2205 1665 2277 Ependytes
1696 2206 1833 2257 tuus
1873 2200 2039 2271 niger

375 2316 568 2372 neque
600 2299 842 2364 tinctus,
875 2297 977 2353 sed
1013 2296 1193 2351 nativi
1246 2294 1479 2360 coloris,
1538 2298 1641 2348 aut
1685 2290 2034 2363 onychinus.

377 2389 687 2445 Maforium
744 2387 874 2443 sine
921 2384 1174 2442 ﬁmbriis
1204 2384 1467 2453 ejusdem
1500 2381 1712 2437 coloris
1746 2398 1758 2436 :
1793 2380 2036 2435 manica

375 2477 582 2547 laneis,
612 2475 852 2533 brachia
881 2491 1073 2547 usque
1103 2474 1176 2529 ad
1208 2473 1426 2546 digitos
1483 2472 1823 2543 obtegentes
1871 2485 1886 2525 :
1935 2484 2033 2525 ca-

376 2566 504 2641 pilli
570 2566 781 2639 capitis
847 2562 1250 2631 circumtonsi,
1306 2568 1365 2618 et
1417 2563 1564 2617 vitta
1626 2558 1796 2641 lanea
1857 2560 2035 2629 caput

377 2636 737 2727 astringens,
763 2651 1060 2709 cucullula
1091 2657 1150 2709 et
1188 2636 1669 2722 superhumerale
1717 2647 1842 2703 sine
1900 2647 2033 2701 ﬁm-

379 2744 547 2801 briis.
605 2744 661 2798 Si
707 2744 829 2798 viro
859 2758 1150 2807 occurras,
1213 2739 1388 2795 facies
1438 2738 1627 2795 velata
1657 2736 2033 2807 demissaque

376 2837 523 2900 esto,
558 2847 746 2903 neque
774 2830 999 2887 homini
1030 2828 1256 2885 vultum
1288 2826 1540 2894 attollas,
1591 2826 1692 2883 sed
1745 2825 2032 2880 duntaxat

378 2921 496 2979 Deo
543 2924 664 2977 tuo.
700 2922 842 2976 Cum
874 2920 946 2975 ad
978 2920 1267 2976 orandum
1302 2917 1557 2984 steteris,
1589 2915 1708 2971 sint
1737 2914 1913 2988 pedes
1942 2912 2029 2969 tui

376 3009 586 3068 calceis
617 3009 822 3082 operti.
854 3007 1161 3081 Ejusmodi
1213 3006 1370 3063 enim
1429 3004 1761 3061 vestimenti
1817 3019 2026 3076 genus,

379 3099 751 3157 sanctitatem
802 3097 1052 3170 praefert.
1105 3095 1189 3153 Ne
1213 3096 1444 3152 exuaris
1475 3093 1545 3150 ad
1579 3109 1768 3165 usque
1794 3092 2028 3148 nudita-

375 3192 497 3247 tem
546 3204 562 3244 :
613 3191 783 3244 nocte
839 3187 1051 3257 dieque
1105 3185 1287 3241 vestis
1339 3187 1499 3256 tegat
1550 3197 1782 3238 carnem
1838 3186 2024 3238 tuam.

2147 2202 2380 2275 ἱματίων
2441 2222 2536 2256 σου
2599 2203 2675 2275 μή
2732 2198 2850 2271 ἤτω
2907 2200 3238 2275 πολύτιμος·
3290 2204 3319 2258 ὁ
3360 2200 3654 2275 ἐπενδύτης
3703 2224 3800 2260 σου

2151 2290 2342 2365 μέλας,
2378 2293 2454 2364 μὴ
2493 2286 2835 2366 βεϐαμμένος
2868 2290 2919 2346 ἐν
2960 2292 3129 2369 βαφῇ,
3160 2290 3288 2348 ἀλλ’
3334 2292 3611 2370 αὐτοφυὴς
3660 2290 3802 2349 ἴδιό-

2145 2401 2316 2456 χροος
2346 2382 2479 2454 (13),
2511 2382 2546 2449 ἢ
2600 2379 2889 2455 όνυχίζων·
2939 2381 3029 2435 καὶ
3074 2382 3138 2436 τὸ
3193 2382 3459 2456 μαφόριον
3511 2381 3801 2459 ἅκροσσον,

2144 2470 2403 2532 ὡσαύτως
2449 2476 2548 2539 τῆς
2594 2469 2763 2539 αὐτῆς
2809 2470 3000 2546 χρόας·
3053 2469 3142 2525 καὶ
3193 2470 3433 2549 χειρίδια
3483 2470 3606 2548 έρεᾶ
3653 2492 3807 2548 περι-

2142 2557 2485 2615 καλύπτοντα
2512 2558 2641 2621 τοῦς
2702 2559 3000 2635 βραχίονας
3043 2556 3148 2623 ἓως
3202 2565 3309 2616 τῶν
3370 2558 3652 2617 δακτύλων
3693 2563 3804 2617 τῶν

2141 2654 2370 2725 χειρῶν,
2396 2648 2492 2711 τὰς
2520 2648 2714 2724 τρίχας
2742 2655 2846 2717 τῆς
2882 2646 3126 2726 κεφαλῆς
3174 2652 3676 2727 περικεκομμένας,
3707 2649 3801 2705 καὶ

2138 2735 2571 2817 κεφαλοδέσμιον
2615 2737 2798 2809 ἰρεοῦν
2848 2736 3210 2816 περισφίγγον
3268 2741 3372 2809 τὴν
3414 2736 3677 2817 κεφαλὴν,
3707 2737 3800 2793 καὶ

2138 2826 2486 2897 κουκούλιον,
2518 2827 2609 2882 καὶ
2660 2825 2904 2900 έπώμιον
2946 2825 3231 2902 ἅκροσσον.
3266 2828 3387 2883 Ἐὰν
3434 2824 3492 2882 δὶ
3538 2830 3798 2897 συναντᾷς

2139 2916 2429 2993 ἀνθρώπῳ,
2462 2916 2524 2970 τὸ
2551 2915 2845 2991 πρόσωπον
2878 2915 3428 2990 κατακεκαλυμμένον
3461 2911 3622 2989 ἔστω,
3643 2916 3794 2970 κάτω

2136 3009 2312 3075 νεῦον,
2341 3004 2432 3060 καὶ
2463 3003 2563 3059 οὐκ
2593 3003 2792 3078 έπάρῃς
2822 3003 3093 3081 ἀνθρώπῳ
3138 3005 3202 3060 τὸ
3253 3003 3543 3079 πρόσωπόν
3595 3025 3715 3072 σου,
3746 3003 3793 3058 et

2141 3094 2217 3167 μὴ
2255 3092 2415 3167 μόνον
2436 3097 2517 3165 τῷ
2547 3098 2663 3165 Θεῷ
2693 3114 2808 3149 σου.
2841 3096 3007 3152 ’Όταν
3042 3097 3171 3168 στῇς
3201 3093 3278 3156 είς
3306 3090 3794 3170 προσευχὴν,τοῦς

2137 3181 2307 3245 πόδας
2342 3203 2437 3237 σου
2467 3181 3044 3257 περικεκαλυμμὲνους
3075 3181 3170 3258 ἔχε
3203 3181 3254 3237 έν
3289 3180 3658 3255 ὑποδήμασιν.
3693 3180 3796 3240 Αύ-

378 3281 695 3350 Nunquam
727 3280 784 3331 te
814 3274 928 3330 alia
958 3273 1178 3330 femina
1202 3273 1424 3328 nudam
1454 3270 1647 3328 videat
1676 3271 1776 3327 89
1811 3269 1925 3327 nisi
1968 3269 2029 3325 in

2142 3272 2232 3335 τὸς
2279 3273 2384 3347 γάρ
2433 3273 2463 3328 ὁ
2511 3269 2806 3346 στολισμὸς
2855 3273 3190 3349 ἱεροπρεπής
3239 3271 3400 3329 ἐστιν.
3440 3270 3558 3330 Οὐκ
3603 3267 3798 3345 ἰκδύσῃ

378 3382 619 3424 summa
647 3363 1016 3431 necessitate;
1042 3375 1230 3433 neque
1259 3367 1315 3418 te
1337 3360 1469 3433 ipsa
1494 3359 1853 3428 consideres,
1873 3359 2032 3415 nudo

380 3470 643 3527 corpore.
677 3461 721 3507 A
755 3468 870 3525 quo
900 3456 1163 3522 tempore
1191 3449 1348 3505 enim
1380 3449 1644 3505 statuisti
1700 3449 1816 3505 Deo
1869 3452 2033 3504 casta

382 3559 533 3614 esse,
592 3557 804 3614 corpus
862 3544 1031 3595 tuum
1062 3538 1495 3595 sanctificatum
1528 3542 1585 3594 et
1615 3537 1900 3609 templum
1934 3536 2033 3593 Dei

381 3636 493 3689 est.
519 3630 646 3688 Non
679 3630 853 3686 debet
882 3627 1063 3701 igitur
1091 3627 1375 3700 templum
1402 3628 1497 3684 Dei
1530 3628 1603 3683 ab
1650 3627 1772 3684 ullo
1829 3626 2030 3699 retegi.

379 3720 508 3777 Non
562 3718 676 3776 ibis
730 3719 805 3774 ad
836 3716 1133 3782 balneum,
1167 3717 1216 3773 si
1247 3717 1484 3789 quidem
1517 3733 1663 3772 sana
1691 3716 1795 3783 sis,
1830 3716 1943 3772 nisi
1974 3716 2034 3771 in

381 3825 620 3865 summa
649 3806 1017 3875 necessitate;
1039 3822 1228 3878 neque
1257 3807 1575 3878 immergas
1603 3810 1791 3861 totum
1824 3821 2036 3877 corpus

381 3900 553 3953 tuum
586 3897 645 3952 in
677 3911 918 3968 aquam,
949 3894 1088 3967 quia
1118 3900 1324 3950 sancta
1344 3910 1407 3950 es
1438 3894 1684 3951 Domino
1715 3894 1851 3951 Deo.
1910 3894 2036 3949 Non

384 3986 750 4042 contamines
809 4000 1046 4040 carnem
1107 3989 1273 4040 tuam
1333 3982 1455 4040 ulla
1494 4000 1554 4040 re
1581 3984 1901 4053 mundana,
1935 3984 2037 4039 sed

383 4073 594 4131 faciem
622 4076 858 4128 tantum
906 4077 1071 4128 tuam
1129 4070 1278 4141 lava,
1337 4076 1396 4128 et
1450 4089 1662 4129 manus
1720 4074 2037 4146 pedesque.

382 4161 530 4218 Cum
579 4160 790 4218 laveris
815 4159 1024 4217 faciem
1056 4164 1243 4232 tuam,
1275 4176 1346 4218 ne
1374 4160 1563 4217 lavato
1595 4162 1883 4219 ambabus
1915 4179 2041 4219 ma-

385 4251 582 4320 nibus,
611 4265 802 4323 neque
831 4249 1178 4323 expoliveris
1206 4265 1389 4323 genas
1417 4249 1616 4307 vultus
1641 4251 1751 4321 tui,
1782 4266 1856 4308 ne
1904 4251 2042 4309 her-

2139 3363 2344 3437 γυμνή·
2377 3362 2569 3424 νυκτὸς
2601 3358 2658 3416 δὲ
2704 3361 2793 3417 καὶ
2851 3361 3061 3438 ἡμέρας
3116 3362 3181 3417 τὸ
3228 3360 3448 3435 ἱμάτιόν
3500 3381 3597 3417 σου
3653 3357 3794 3416 ἴστω

2138 3449 2414 3505 καλύπτον
2463 3450 2563 3518 τὴν
2614 3449 2784 3524 σάρκα
2830 3472 2947 3507 σου.
2981 3450 3055 3505 Ού
3106 3453 3182 3524 μὴ
3236 3448 3323 3524 ἴδῃ
3371 3446 3516 3520 ἄλλη
3551 3448 3688 3524 γυνὴ
3733 3446 3799 3502 τὸ

2143 3539 2303 3612 σῶμά
2353 3560 2449 3594 σου
2501 3540 2707 3614 γυμνὸν
2761 3537 2884 3596 ἄνευ
2930 3540 3104 3606 πάσης
3171 3539 3436 3615 ἀνάγκης·
3496 3535 3626 3593 ἀλλ’
3674 3531 3805 3591 οὐδὶ

2143 3627 2277 3697 αὐτὴ
2328 3630 2685 3698 κατανοήσεις
2739 3626 3240 3703 ἀποκεκαλυμμένη
3288 3632 3369 3701 τῷ
3424 3627 3658 3700 σώματι.
3710 3621 3798 3695 Ἐξ

2144 3716 2273 3774 ὅτου
2329 3718 2430 3793 γὰρ
2491 3717 2658 3788 ἐτάξω
2714 3722 2794 3789 τῷ
2850 3723 2969 3791 Θεῷ
3033 3717 3465 3795 ἕγκρατεύεσθαι,
3523 3716 3586 3771 τὸ
3644 3712 3807 3786 σῶμά

2144 3828 2241 3862 σου
2269 3805 2597 3882 ἡγιασμένον
2630 3805 2765 3878 ἐστὶ,
2795 3808 2887 3863 καὶ
2917 3808 3044 3869 ναός
3075 3806 3186 3863 ἐστι
3241 3811 3340 3862 τοῦ
3397 3809 3532 3862 Θεοῦ
3563 3806 3699 3875 (id).
3732 3799 3807 3858 Οῦ

2148 3898 2260 3975 χρὴ
2292 3895 2382 3951 οῦν
2422 3896 2514 3952 τὸν
2559 3898 2683 3953 ναὸν
2719 3902 2817 3953 τοῦ
2869 3896 3005 3954 Θεοῦ
3054 3896 3527 3953 ἀποκαλύπτεσθαι
3580 3892 3684 3950 ὑπό
3728 3912 3811 3947 τι·

2147 4008 2260 4049 νος.
2296 3988 2373 4044 Ού
2430 3987 2669 4063 πορεύσῃ
2722 3987 2798 4050 είς
2863 3987 3150 4059 βαλανεῖον
3208 3986 3518 4063 ὑγιαίνουσα
3548 3982 3673 4039 ἄνευ
3703 3980 3812 4037 πά-

2150 4095 2250 4147 σης
2304 4075 2565 4152 ἀνάγκης,
2615 4075 2676 4131 οὐ
2719 4077 2795 4150 μή
2857 4077 3032 4152 βάψῃς
3079 4075 3212 4132 ὅλον
3256 4074 3320 4131 τὰ
3366 4073 3525 4148 σῶμά
3581 4093 3679 4127 σου
3736 4069 3812 4133 εἰς

2150 4163 2320 4241 ὕδωρ,
2353 4164 2436 4219 ὅτι
2498 4164 2625 4240 ἁγία
2682 4166 2727 4221 εἱ
2788 4164 2973 4242 Κυρίῳ
3029 4169 3109 4236 τῷ
3166 4169 3303 4237 Θεῷ·
3336 4162 3428 4219 καὶ
3488 4161 3550 4217 οὐ
3602 4164 3814 4235 μιανεῖς

2148 4255 2249 4324 τὴν
2308 4253 2477 4330 σάρκα
2527 4275 2627 4309 σου
2684 4253 2734 4310 ἐν
2799 4251 2976 4309 οὐδενὶ
3035 4251 3306 4328 κοσμικῷ,
3337 4250 3487 4308 ἀλλὰ
3539 4250 3704 4325 μόνον
3749 4249 3813 4304 τὸ

385 4340 546 4408 bam,
577 4356 647 4397 ne
680 4339 923 4411 nitrum,
956 4343 1059 4395 aut
1087 4338 1227 4411 quid
1261 4338 1454 4397 simile
1482 4339 1824 4398 adhibueris
1858 4358 1871 4397 :
1906 4357 2036 4398 nam

2151 4342 2445 4418 πρόσωπόν
2475 4363 2574 4398 σου
2606 4343 2779 4419 νίψαι,
2809 4343 2900 4400 καὶ
2928 4343 3022 4407 τὰς
3061 4348 3253 4421 χεῖρας
3302 4341 3391 4399 καὶ
3437 4339 3566 4403 τοῦς
3616 4336 3815 4402 πόδας.

385 4445 516 4502 quae
544 4428 856 4486 mundana
884 4433 1027 4485 sunt
1054 4428 1200 4485 talia
1224 4427 1473 4497 iaciunt;
1505 4430 1608 4485 sed
1640 4446 1795 4502 aqua
1825 4430 2036 4488 munda

2153 4436 2316 4488 Ὅταν
2347 4432 2506 4506 νίψῃς
2535 4434 2598 4490 τὸ
2627 4433 2921 4510 πρόσωπόν
2955 4454 3074 4504 σου,
3107 4432 3169 4488 ού
3202 4431 3332 4507 νίψῃ
3375 4436 3497 4493 ταῖς
3548 4426 3645 4486 δύο
3690 4448 3817 4505 χερ-

389 4518 620 4576 laveris.
827 4596 835 4599 Α
1032 4598 1039 4599 7
1448 4598 1455 4599 ί
2161 4522 2263 4593 σὶν,
2296 4517 2421 4576 οὐδὲ
2469 4520 2693 4599 ἐκτρίψῃ
2721 4525 2834 4596 (15)
2862 4522 2929 4578 τὰ
2978 4520 3132 4596 μῆλα
3175 4528 3276 4592 τῆς
3325 4516 3505 4594 ὄψεώς
3542 4539 3660 4589 σου,
3693 4514 3821 4573 οὐδὲ

393 4602 706 4765 ἕῗρβῗὲλῷὶτῑ
762 4596 929 4674 πόαν,
956 4598 1086 4657 οὐδὲ
1138 4600 1340 4677 νίτρον,
1372 4598 1499 4657 οὐδὲ
1542 4602 1611 4658 τὰ
1653 4601 1820 4677 ὅμοια
1859 4604 2097 4673 τούτοις·
2150 4608 2206 4664 αἱ
2254 4608 2517 4682 κοσμικαὶ
2561 4596 2675 4685 γὰρ
2710 4613 2881 4665 ταῦτα
2926 4613 3199 4665 ποιοῦσιν·
3241 4605 3369 4664 ἀλλ’
3417 4606 3470 4661 ἐν
3517 4602 3671 4660 ὕδατι
3718 4624 3821 4659 κα-

494 4713 541 4765 ῳ
676 4732 723 4765 ,.

391 4702 541 4766 θαρῳ
569 4702 723 4766 νίψῃ.

464 4801 552 4854 12.
603 4798 686 4854 Ne
732 4797 988 4871 pretioso
1018 4801 1322 4870 unguento
1351 4813 1565 4871 corpus
1594 4804 1763 4858 tuum
1796 4804 2034 4860 unxeris

2240 4805 2328 4860 12.
2360 4800 2473 4856 Ούκ
2528 4801 2787 4879 ἰπιχρίσῃ
2827 4804 2889 4858 τὸ
2939 4803 3102 4876 σῶμά
3146 4822 3245 4858 σου
3299 4801 3456 4876 μύρῳ
3503 4799 3824 4866 πολυτελεῖ,

391 4903 534 4945 neve
566 4888 932 4944 aromatibus
963 4887 1162 4959 magni
1196 4887 1575 4959 pretiivestes
1593 4906 1873 4963 aspergas
1889 4896 2036 4951 tuas.

2158 4888 2283 4947 οὖδὶ
2346 4885 2627 4953 ἐπιϐαλεῖς
2686 4890 2880 4947 ἐπὶτὰ
2934 4891 3127 4965 ἱμάτιά
3183 4912 3280 4947 σου
3329 4890 3595 4965 ἀρώματα
3645 4885 3824 4943 πολύ-

388 4974 553 5039 Quod
584 4973 636 5029 si
667 4990 881 5046 corpus
906 4978 1080 5030 tuum
1102 4972 1458 5032 imbecillius
1490 4978 1897 5048 evaserit,vino
1928 4997 2036 5038 mo-

2157 5001 2313 5054 τιμα.
2374 4979 2500 5035 Ἐάν
2561 4977 2620 5035 δὶ
2664 4980 2727 5035 τὸ
2776 4984 2937 5055 σῶμά
3001 5002 3096 5035 σου
3145 4978 3518 5051 ἀσθενέστερον
3576 4976 3820 5053 γένηται,

390 5063 522 5119 dico
554 5070 714 5119 utere
740 5062 814 5118 ob
845 5061 1220 5119 stomachum
1251 5063 1311 5120 ⁸⁸.
1352 5064 1411 5121 Si
1444 5081 1601 5135 vero,
1648 5069 1800 5139 quod
1857 5070 2036 5126 absit?

2160 5076 2367 5147 χρῆσαι
2400 5066 2536 5142 οἴνῳ
2573 5068 2752 5145 ὀλίγῳ
2784 5067 2872 5125 διὰ
2908 5071 2999 5125 τὸν
3046 5069 3347 5146 στόμαχον.
3380 5068 3503 5123 Ἐὰν
3554 5064 3633 5138 δὲ,
3664 5066 3693 5120 ὃ
3741 5065 3819 5138 μὴ

390 5153 453 5210 in
485 5152 709 5211 malum
740 5151 1001 5222 incidas;
1035 5153 1286 5224 teipsam
1316 5168 1477 5224 cura,
1512 5171 1617 5212 nec
1646 5157 1750 5213 des
1791 5157 2036 5215 homini-

2161 5159 2412 5234 γένοιτοί
2445 5157 2522 5221 εἷς
2569 5157 2804 5214 κάκωσιν
2852 5159 3110 5234 ἇμπέσῃς,
3143 5165 3372 5228 σεαυτῆς
3420 5155 3709 5231 έπιμέλου,
3744 5154 3821 5228 μὴ

465 5307 511 5345 ⁸⁷
540 5308 562 5364 I
591 5306 750 5368 Tim.
774 5324 833 5378 ν,
860 5306 983 5363 3-8.
1058 5306 1103 5342 ⁸⁸
1136 5305 1161 5363 I
1191 5306 1347 5365 Tim.
1374 5323 1432 5381 ν,
1461 5309 1553 5367 23.

402 5541 416 5556 ο
467 5469 765 5556 (ΙὲλΗςρ,
793 5469 956 5546 Λέγει
986 5468 1089 5545 γὰρ
1120 5468 1242 5528 ὁ....
1272 5467 1370 5533 τὰς
1399 5463 1571 5534 ὅντως
1602 5472 1804 5548 χήρας,
1837 5475 2036 5533 desum

2163 5474 2373 5556 χρείξοεςο

398 5540 764 5626 ί“,Ε,(ῗ¹ίΞ;2τ.
1790 5540 1799 5545 ⁷

2239 5548 2355 5626 (15)
2388 5545 3029 5626 βλεῖιίθιξξίειλιᾳὶγαδς
3058 5548 3343 5626 τοῦὲξοδέ

468 5612 593 5703 (13).
613 5612 804 5703 θεεέ
822 5610 1105 5703 Maii»
1128 5607 1441 5703 ἓὲιέχειοδο
1476 5615 1627 5703 Etim
1660 5615 1897 5703 ΜΨ».
1919 5613 2032 5703 ῖδεέ

2243 5607 2356 5691 (15)
2386 5621 2473 5678 Ita
2498 5607 2912 5694 Anglic.'Editi
2940 5607 3097 5695 vero,
3129 5615 3255 5675 οὐδὶ
3288 5618 3365 5693 μή
3398 5616 3542 5696 ἐκτρ.

410 5684 620 5760 χρωος.
678 5687 828 5756 Mox,
886 5684 1065 5742 Basii.
1123 5688 1184 5742 et
1207 5684 1403 5759 A'n'gl.,
1435 5684 1631 5763 χρόας.
1663 5687 1817 5747 Editi
1846 5684 1906 5747 et
1935 5689 2057 5761 alii,
