  <div class='ocr_page' id='page_1' title='image "/cluster/home/n/w/nwhite01/storage/ocr_20150623/28:no.4/coo.31924054873090/147.png"; bbox 0 0 4154 6366; ppageno 0'>
   <div class='ocr_carea' id='block_1_1' title="bbox 390 399 506 462">
    <p class='ocr_par' dir='ltr' id='par_1_1' title="bbox 390 399 506 462">
     <span class='ocr_line' id='line_1_1' title="bbox 390 399 506 462; baseline -0.009 0"><span class='ocrx_word' id='word_1_1' title='bbox 390 399 506 462; x_wconf 76' lang='grc'><strong>267</strong></span> 
     </span>
    </p>
   </div>
   <div class='ocr_carea' id='block_1_2' title="bbox 1581 385 2626 454">
    <p class='ocr_par' dir='ltr' id='par_1_2' title="bbox 1581 385 2626 454">
     <span class='ocr_line' id='line_1_2' title="bbox 1581 385 2626 454; baseline -0.003 0"><span class='ocrx_word' id='word_1_2' title='bbox 1581 388 1647 454; x_wconf 91' lang='lat' dir='ltr'><strong>S.</strong></span> <span class='ocrx_word' id='word_1_3' title='bbox 1691 385 2222 454; x_wconf 73' lang='lat' dir='ltr'><strong>ATHANASIUS.</strong></span> <span class='ocrx_word' id='word_1_4' title='bbox 2253 419 2331 432; x_wconf 88' lang='lat'><strong>-—-</strong></span> <span class='ocrx_word' id='word_1_5' title='bbox 2359 385 2626 451; x_wconf 84' lang='lat' dir='ltr'><strong>DUBIA.</strong></span> 
     </span>
    </p>
   </div>
   <div class='ocr_carea' id='block_1_3' title="bbox 3693 387 3817 455">
    <p class='ocr_par' dir='ltr' id='par_1_3' title="bbox 3693 387 3817 455">
     <span class='ocr_line' id='line_1_3' title="bbox 3693 387 3817 455; baseline 0.016 -2"><span class='ocrx_word' id='word_1_6' title='bbox 3693 387 3817 455; x_wconf 65' lang='lat'><strong>968</strong></span> 
     </span>
    </p>
   </div>
   <div class='ocr_carea' id='block_1_4' title="bbox 392 517 2053 604">
    <p class='ocr_par' dir='ltr' id='par_1_4' title="bbox 392 524 2045 604">
     <span class='ocr_line' id='line_1_4' title="bbox 392 524 2045 604; baseline -0.008 -14"><span class='ocrx_word' id='word_1_7' title='bbox 392 534 569 600; x_wconf 90' lang='lat' dir='ltr'><strong>Deus,</strong></span> <span class='ocrx_word' id='word_1_8' title='bbox 627 553 646 582; x_wconf 78' lang='grc' dir='ltr'><strong>ι</strong></span> <span class='ocrx_word' id='word_1_9' title='bbox 704 528 904 604; x_wconf 82' lang='lat' dir='ltr'><strong>pransi</strong></span> <span class='ocrx_word' id='word_1_10' title='bbox 946 545 1012 584; x_wconf 89' lang='lat' dir='ltr'><strong>ac</strong></span> <span class='ocrx_word' id='word_1_11' title='bbox 1070 530 1377 600; x_wconf 79' lang='lat' dir='ltr'><strong>surgentes</strong></span> <span class='ocrx_word' id='word_1_12' title='bbox 1426 543 1460 582; x_wconf 89' lang='lat' dir='ltr'><strong>a</strong></span> <span class='ocrx_word' id='word_1_13' title='bbox 1516 540 1721 582; x_wconf 89' lang='lat' dir='ltr'><strong>mensa</strong></span> <span class='ocrx_word' id='word_1_14' title='bbox 1769 524 2045 579; x_wconf 82' lang='lat' dir='ltr'><strong>dicimus.</strong></span> 
     </span>
    </p>
   </div>
   <div class='ocr_carea' id='block_1_5' title="bbox 2168 517 3818 604">
    <p class='ocr_par' dir='ltr' id='par_1_5' title="bbox 2168 517 3818 597">
     <span class='ocr_line' id='line_1_5' title="bbox 2168 517 3818 597; baseline 0.002 -23"><span class='ocrx_word' id='word_1_15' title='bbox 2168 519 2214 574; x_wconf 78' lang='lat' dir='ltr'><strong>iv</strong></span> <span class='ocrx_word' id='word_1_16' title='bbox 2271 517 2329 574; x_wconf 63' lang='grc' dir='ltr'><strong>δὲ</strong></span> <span class='ocrx_word' id='word_1_17' title='bbox 2382 525 2462 592; x_wconf 83' lang='grc' dir='ltr'><strong>τῷ</strong></span> <span class='ocrx_word' id='word_1_18' title='bbox 2511 525 2679 584; x_wconf 87' lang='grc' dir='ltr'>θεῖναι</span> <span class='ocrx_word' id='word_1_19' title='bbox 2729 521 2921 576; x_wconf 79' lang='grc' dir='ltr'>τοῦτον</span> <span class='ocrx_word' id='word_1_20' title='bbox 2950 519 3002 577; x_wconf 78' lang='grc' dir='ltr'><strong>έν</strong></span> <span class='ocrx_word' id='word_1_21' title='bbox 3033 524 3103 591; x_wconf 78' lang='grc' dir='ltr'>τῆ</span> <span class='ocrx_word' id='word_1_22' title='bbox 3132 521 3398 597; x_wconf 75' lang='grc' dir='ltr'><strong>τραπέζῃ,</strong></span> <span class='ocrx_word' id='word_1_23' title='bbox 3429 521 3520 576; x_wconf 76' lang='grc' dir='ltr'><strong>καὶ</strong></span> <span class='ocrx_word' id='word_1_24' title='bbox 3551 529 3818 593; x_wconf 82' lang='grc' dir='ltr'>καθεσθῆ-</span> 
     </span>
    </p>
   </div>
   <div class='ocr_carea' id='block_1_6' title="bbox 389 612 2046 687">
    <p class='ocr_par' dir='ltr' id='par_1_6' title="bbox 389 612 2046 687">
     <span class='ocr_line' id='line_1_6' title="bbox 389 612 2046 687; baseline -0.008 -8"><span class='ocrx_word' id='word_1_25' title='bbox 389 622 555 687; x_wconf 85' lang='lat' dir='ltr'><strong>Quod</strong></span> <span class='ocrx_word' id='word_1_26' title='bbox 586 620 638 678; x_wconf 91' lang='lat' dir='ltr'><strong>si</strong></span> <span class='ocrx_word' id='word_1_27' title='bbox 686 619 886 676; x_wconf 79' lang='lat' dir='ltr'><strong>adsint</strong></span> <span class='ocrx_word' id='word_1_28' title='bbox 931 622 1126 673; x_wconf 82' lang='lat' dir='ltr'><strong>tecum</strong></span> <span class='ocrx_word' id='word_1_29' title='bbox 1159 617 1288 672; x_wconf 70' lang='lat' dir='ltr'><strong>dua:</strong></span> <span class='ocrx_word' id='word_1_30' title='bbox 1344 615 1430 671; x_wconf 89' lang='lat' dir='ltr'><strong>vel</strong></span> <span class='ocrx_word' id='word_1_31' title='bbox 1456 615 1560 670; x_wconf 80' lang='lat'><strong>90</strong></span> <span class='ocrx_word' id='word_1_32' title='bbox 1591 619 1710 670; x_wconf 86' lang='lat' dir='ltr'><strong>tres</strong></span> <span class='ocrx_word' id='word_1_33' title='bbox 1767 612 2046 684; x_wconf 88' lang='lat' dir='ltr'><strong>virgines,</strong></span> 
     </span>
    </p>
   </div>
   <div class='ocr_carea' id='block_1_7' title="bbox 393 705 2043 784">
    <p class='ocr_par' dir='ltr' id='par_1_7' title="bbox 393 705 2043 784">
     <span class='ocr_line' id='line_1_7' title="bbox 393 705 2043 784; baseline -0.008 -17"><span class='ocrx_word' id='word_1_34' title='bbox 393 711 616 784; x_wconf 76' lang='lat' dir='ltr'><strong>gratias</strong></span> <span class='ocrx_word' id='word_1_35' title='bbox 661 713 841 781; x_wconf 88' lang='lat' dir='ltr'><strong>agant</strong></span> <span class='ocrx_word' id='word_1_36' title='bbox 885 724 1061 778; x_wconf 82' lang='lat' dir='ltr'><strong>super</strong></span> <span class='ocrx_word' id='word_1_37' title='bbox 1093 723 1324 778; x_wconf 87' lang='lat' dir='ltr'><strong>panem,</strong></span> <span class='ocrx_word' id='word_1_38' title='bbox 1383 711 1441 760; x_wconf 89' lang='lat' dir='ltr'><strong>et</strong></span> <span class='ocrx_word' id='word_1_39' title='bbox 1471 721 1588 760; x_wconf 89' lang='lat' dir='ltr'><strong>una</strong></span> <span class='ocrx_word' id='word_1_40' title='bbox 1637 708 1827 759; x_wconf 88' lang='lat' dir='ltr'><strong>tecum</strong></span> <span class='ocrx_word' id='word_1_41' title='bbox 1860 705 2043 756; x_wconf 86' lang='lat' dir='ltr'><strong>orent.</strong></span> 
     </span>
    </p>
   </div>
   <div class='ocr_carea' id='block_1_8' title="bbox 394 795 2045 866">
    <p class='ocr_par' dir='ltr' id='par_1_8' title="bbox 394 795 2045 866">
     <span class='ocr_line' id='line_1_8' title="bbox 394 795 2045 866; baseline -0.007 -10"><span class='ocrx_word' id='word_1_42' title='bbox 394 801 558 866; x_wconf 85' lang='lat' dir='ltr'><strong>Quod</strong></span> <span class='ocrx_word' id='word_1_43' title='bbox 589 800 639 855; x_wconf 90' lang='lat' dir='ltr'><strong>si</strong></span> <span class='ocrx_word' id='word_1_44' title='bbox 671 798 826 854; x_wconf 80' lang='lat' dir='ltr'><strong>adsit</strong></span> <span class='ocrx_word' id='word_1_45' title='bbox 853 795 1274 853; x_wconf 90' lang='lat' dir='ltr'><strong>catechumena</strong></span> <span class='ocrx_word' id='word_1_46' title='bbox 1305 795 1361 848; x_wconf 90' lang='lat' dir='ltr'><strong>in</strong></span> <span class='ocrx_word' id='word_1_47' title='bbox 1397 810 1622 860; x_wconf 89' lang='lat' dir='ltr'><strong>mensa,</strong></span> <span class='ocrx_word' id='word_1_48' title='bbox 1655 810 1726 848; x_wconf 90' lang='lat' dir='ltr'><strong>ne</strong></span> <span class='ocrx_word' id='word_1_49' title='bbox 1757 797 1882 848; x_wconf 87' lang='lat' dir='ltr'><strong>oret</strong></span> <span class='ocrx_word' id='word_1_50' title='bbox 1911 805 2045 846; x_wconf 91' lang='lat' dir='ltr'><strong>cum</strong></span> 
     </span>
    </p>
   </div>
   <div class='ocr_carea' id='block_1_9' title="bbox 392 882 2047 958">
    <p class='ocr_par' dir='ltr' id='par_1_9' title="bbox 392 882 2047 958">
     <span class='ocr_line' id='line_1_9' title="bbox 392 882 2047 958; baseline -0.008 -12"><span class='ocrx_word' id='word_1_51' title='bbox 392 888 690 954; x_wconf 85' lang='lat' dir='ltr'><strong>ﬁdelibus,</strong></span> <span class='ocrx_word' id='word_1_52' title='bbox 739 901 930 958; x_wconf 86' lang='lat' dir='ltr'><strong>neque</strong></span> <span class='ocrx_word' id='word_1_53' title='bbox 959 900 1088 940; x_wconf 90' lang='lat' dir='ltr'><strong>cum</strong></span> <span class='ocrx_word' id='word_1_54' title='bbox 1138 882 1243 938; x_wconf 90' lang='lat' dir='ltr'><strong>illa</strong></span> <span class='ocrx_word' id='word_1_55' title='bbox 1272 883 1478 938; x_wconf 83' lang='lat' dir='ltr'><strong>sedeas</strong></span> <span class='ocrx_word' id='word_1_56' title='bbox 1521 887 1583 936; x_wconf 91' lang='lat' dir='ltr'><strong>ut</strong></span> <span class='ocrx_word' id='word_1_57' title='bbox 1613 898 1820 952; x_wconf 85' lang='lat' dir='ltr'><strong>panem</strong></span> <span class='ocrx_word' id='word_1_58' title='bbox 1855 896 2047 934; x_wconf 90' lang='lat' dir='ltr'><strong>come-</strong></span> 
     </span>
    </p>
   </div>
   <div class='ocr_carea' id='block_1_10' title="bbox 394 971 2048 1050">
    <p class='ocr_par' dir='ltr' id='par_1_10' title="bbox 394 971 2048 1050">
     <span class='ocr_line' id='line_1_10' title="bbox 394 971 2048 1050; baseline -0.008 -14"><span class='ocrx_word' id='word_1_59' title='bbox 394 980 521 1036; x_wconf 89' lang='lat' dir='ltr'><strong>das.</strong></span> <span class='ocrx_word' id='word_1_60' title='bbox 554 979 753 1050; x_wconf 88' lang='lat' dir='ltr'><strong>Neque</strong></span> <span class='ocrx_word' id='word_1_61' title='bbox 801 974 1032 1032; x_wconf 91' lang='lat' dir='ltr'><strong>sedebis</strong></span> <span class='ocrx_word' id='word_1_62' title='bbox 1062 974 1203 1029; x_wconf 83' lang='lat' dir='ltr'><strong>item</strong></span> <span class='ocrx_word' id='word_1_63' title='bbox 1237 977 1300 1028; x_wconf 91' lang='lat' dir='ltr'><strong>ut</strong></span> <span class='ocrx_word' id='word_1_64' title='bbox 1343 973 1617 1027; x_wconf 83' lang='lat' dir='ltr'><strong>comedas</strong></span> <span class='ocrx_word' id='word_1_65' title='bbox 1647 971 1843 1025; x_wconf 90' lang='lat' dir='ltr'><strong>cibum</strong></span> <span class='ocrx_word' id='word_1_66' title='bbox 1877 975 2048 1024; x_wconf 88' lang='lat' dir='ltr'><strong>tuum</strong></span> 
     </span>
    </p>
   </div>
   <div class='ocr_carea' id='block_1_11' title="bbox 395 1058 2049 1135">
    <p class='ocr_par' dir='ltr' id='par_1_11' title="bbox 395 1058 2049 1135">
     <span class='ocr_line' id='line_1_11' title="bbox 395 1058 2049 1135; baseline -0.008 -11"><span class='ocrx_word' id='word_1_67' title='bbox 395 1085 532 1124; x_wconf 92' lang='lat' dir='ltr'><strong>cum</strong></span> <span class='ocrx_word' id='word_1_68' title='bbox 564 1065 912 1122; x_wconf 87' lang='lat' dir='ltr'><strong>mulieribus</strong></span> <span class='ocrx_word' id='word_1_69' title='bbox 945 1062 1472 1135; x_wconf 89' lang='lat' dir='ltr'><strong>negligentioribus</strong></span> <span class='ocrx_word' id='word_1_70' title='bbox 1493 1064 1550 1116; x_wconf 92' lang='lat' dir='ltr'><strong>et</strong></span> <span class='ocrx_word' id='word_1_71' title='bbox 1572 1058 1793 1125; x_wconf 84' lang='lat' dir='ltr'><strong>facetis,</strong></span> <span class='ocrx_word' id='word_1_72' title='bbox 1828 1058 2049 1129; x_wconf 86' lang='lat' dir='ltr'><strong>absque</strong></span> 
     </span>
    </p>
   </div>
   <div class='ocr_carea' id='block_1_12' title="bbox 394 1148 2052 1215">
    <p class='ocr_par' dir='ltr' id='par_1_12' title="bbox 394 1148 2052 1215">
     <span class='ocr_line' id='line_1_12' title="bbox 394 1148 2052 1215; baseline -0.008 -2"><span class='ocrx_word' id='word_1_73' title='bbox 394 1156 762 1213; x_wconf 76' lang='lat' dir='ltr'><strong>necessitate.</strong></span> <span class='ocrx_word' id='word_1_74' title='bbox 796 1155 882 1209; x_wconf 90' lang='lat' dir='ltr'><strong>Tu</strong></span> <span class='ocrx_word' id='word_1_75' title='bbox 915 1152 1070 1207; x_wconf 86' lang='lat' dir='ltr'><strong>enim</strong></span> <span class='ocrx_word' id='word_1_76' title='bbox 1104 1155 1310 1206; x_wconf 80' lang='lat' dir='ltr'><strong>sancta</strong></span> <span class='ocrx_word' id='word_1_77' title='bbox 1337 1167 1398 1205; x_wconf 88' lang='lat' dir='ltr'><strong>es</strong></span> <span class='ocrx_word' id='word_1_78' title='bbox 1429 1149 1678 1204; x_wconf 89' lang='lat' dir='ltr'><strong>Domino</strong></span> <span class='ocrx_word' id='word_1_79' title='bbox 1704 1148 1820 1204; x_wconf 88' lang='lat' dir='ltr'><strong>Deo</strong></span> <span class='ocrx_word' id='word_1_80' title='bbox 1841 1153 1961 1215; x_wconf 92' lang='lat' dir='ltr'><strong>tuo,</strong></span> <span class='ocrx_word' id='word_1_81' title='bbox 1993 1152 2052 1201; x_wconf 86' lang='lat' dir='ltr'><strong>et</strong></span> 
     </span>
    </p>
   </div>
   <div class='ocr_carea' id='block_1_13' title="bbox 394 1239 2049 1314">
    <p class='ocr_par' dir='ltr' id='par_1_13' title="bbox 394 1239 2049 1314">
     <span class='ocr_line' id='line_1_13' title="bbox 394 1239 2049 1314; baseline -0.008 -10"><span class='ocrx_word' id='word_1_82' title='bbox 394 1248 562 1304; x_wconf 83' lang='lat' dir='ltr'><strong>cibus</strong></span> <span class='ocrx_word' id='word_1_83' title='bbox 591 1249 732 1300; x_wconf 89' lang='lat' dir='ltr'><strong>tuus</strong></span> <span class='ocrx_word' id='word_1_84' title='bbox 761 1247 931 1314; x_wconf 79' lang='lat' dir='ltr'><strong>atque</strong></span> <span class='ocrx_word' id='word_1_85' title='bbox 952 1247 1124 1314; x_wconf 89' lang='lat' dir='ltr'><strong>potus</strong></span> <span class='ocrx_word' id='word_1_86' title='bbox 1155 1239 1558 1296; x_wconf 82' lang='lat' dir='ltr'><strong>sanctiﬁcatus</strong></span> <span class='ocrx_word' id='word_1_87' title='bbox 1589 1243 1679 1293; x_wconf 88' lang='lat' dir='ltr'><strong>est</strong></span> <span class='ocrx_word' id='word_1_88' title='bbox 1711 1254 1887 1305; x_wconf 89' lang='lat' dir='ltr'><strong>;nam</strong></span> <span class='ocrx_word' id='word_1_89' title='bbox 1919 1253 2049 1292; x_wconf 86' lang='lat' dir='ltr'><strong>ora-</strong></span> 
     </span>
    </p>
   </div>
   <div class='ocr_carea' id='block_1_14' title="bbox 389 1326 2050 1402">
    <p class='ocr_par' dir='ltr' id='par_1_14' title="bbox 389 1326 2050 1402">
     <span class='ocr_line' id='line_1_14' title="bbox 389 1326 2050 1402; baseline -0.007 -10"><span class='ocrx_word' id='word_1_90' title='bbox 389 1335 649 1393; x_wconf 85' lang='lat' dir='ltr'><strong>tionibus</strong></span> <span class='ocrx_word' id='word_1_91' title='bbox 695 1331 1032 1402; x_wconf 87' lang='lat' dir='ltr'><strong>sanctisque</strong></span> <span class='ocrx_word' id='word_1_92' title='bbox 1089 1329 1280 1384; x_wconf 86' lang='lat' dir='ltr'><strong>verbis</strong></span> <span class='ocrx_word' id='word_1_93' title='bbox 1329 1328 1752 1383; x_wconf 81' lang='lat' dir='ltr'><strong>sanctiﬁcatur.</strong></span> <span class='ocrx_word' id='word_1_94' title='bbox 1783 1326 2050 1398; x_wconf 83' lang='lat' dir='ltr'><strong>Virgines</strong></span> 
     </span>
    </p>
   </div>
   <div class='ocr_carea' id='block_1_15' title="bbox 389 1416 2050 1498">
    <p class='ocr_par' dir='ltr' id='par_1_15' title="bbox 389 1416 2050 1498">
     <span class='ocr_line' id='line_1_15' title="bbox 389 1416 2050 1498; baseline -0.005 -17"><span class='ocrx_word' id='word_1_95' title='bbox 389 1426 497 1498; x_wconf 63' lang='lat' dir='ltr'><strong>pia</strong></span> <span class='ocrx_word' id='word_1_96' title='bbox 553 1429 610 1480; x_wconf 89' lang='lat' dir='ltr'><strong>et</strong></span> <span class='ocrx_word' id='word_1_97' title='bbox 655 1421 938 1494; x_wconf 73' lang='lat' dir='ltr'><strong>religiosae</strong></span> <span class='ocrx_word' id='word_1_98' title='bbox 991 1424 1186 1476; x_wconf 85' lang='lat' dir='ltr'><strong>tecum</strong></span> <span class='ocrx_word' id='word_1_99' title='bbox 1245 1418 1572 1474; x_wconf 79' lang='lat' dir='ltr'><strong>comedent.</strong></span> <span class='ocrx_word' id='word_1_100' title='bbox 1619 1417 1745 1470; x_wconf 88' lang='lat' dir='ltr'><strong>Non</strong></span> <span class='ocrx_word' id='word_1_101' title='bbox 1793 1416 2050 1472; x_wconf 79' lang='lat' dir='ltr'><strong>ccsnabis</strong></span> 
     </span>
    </p>
   </div>
   <div class='ocr_carea' id='block_1_16' title="bbox 391 1504 2050 1580">
    <p class='ocr_par' dir='ltr' id='par_1_16' title="bbox 391 1504 2050 1580">
     <span class='ocr_line' id='line_1_16' title="bbox 391 1504 2050 1580; baseline -0.007 -10"><span class='ocrx_word' id='word_1_102' title='bbox 391 1529 526 1570; x_wconf 88' lang='lat' dir='ltr'><strong>cum</strong></span> <span class='ocrx_word' id='word_1_103' title='bbox 543 1509 782 1567; x_wconf 83' lang='lat' dir='ltr'><strong>feminis</strong></span> <span class='ocrx_word' id='word_1_104' title='bbox 801 1508 1093 1580; x_wconf 85' lang='lat' dir='ltr'><strong>superbis,</strong></span> <span class='ocrx_word' id='word_1_105' title='bbox 1130 1522 1316 1577; x_wconf 88' lang='lat' dir='ltr'><strong>neque</strong></span> <span class='ocrx_word' id='word_1_106' title='bbox 1347 1505 1592 1560; x_wconf 91' lang='lat' dir='ltr'><strong>habebis</strong></span> <span class='ocrx_word' id='word_1_107' title='bbox 1624 1504 1932 1560; x_wconf 85' lang='lat' dir='ltr'><strong>mulierem</strong></span> <span class='ocrx_word' id='word_1_108' title='bbox 1957 1521 2050 1559; x_wconf 88' lang='lat' dir='ltr'><strong>ar-</strong></span> 
     </span>
    </p>
   </div>
   <div class='ocr_carea' id='block_1_17' title="bbox 391 1593 2051 1675">
    <p class='ocr_par' dir='ltr' id='par_1_17' title="bbox 391 1593 2051 1675">
     <span class='ocr_line' id='line_1_17' title="bbox 391 1593 2051 1675; baseline -0.007 -16"><span class='ocrx_word' id='word_1_109' title='bbox 391 1605 697 1675; x_wconf 84' lang='lat' dir='ltr'><strong>rogantem</strong></span> <span class='ocrx_word' id='word_1_110' title='bbox 752 1597 860 1654; x_wconf 85' lang='lat' dir='ltr'><strong>tibi</strong></span> <span class='ocrx_word' id='word_1_111' title='bbox 912 1595 1283 1652; x_wconf 86' lang='lat' dir='ltr'><strong>familiarem.</strong></span> <span class='ocrx_word' id='word_1_112' title='bbox 1341 1595 1435 1650; x_wconf 87' lang='lat' dir='ltr'><strong>Ait</strong></span> <span class='ocrx_word' id='word_1_113' title='bbox 1489 1594 1646 1649; x_wconf 90' lang='lat' dir='ltr'><strong>enim</strong></span> <span class='ocrx_word' id='word_1_114' title='bbox 1677 1594 1873 1648; x_wconf 91' lang='lat' dir='ltr'><strong>divina</strong></span> <span class='ocrx_word' id='word_1_115' title='bbox 1897 1593 2051 1649; x_wconf 84' lang='lat' dir='ltr'><strong>Scri-</strong></span> 
     </span>
    </p>
   </div>
   <div class='ocr_carea' id='block_1_18' title="bbox 391 1682 2048 1765">
    <p class='ocr_par' dir='ltr' id='par_1_18' title="bbox 391 1682 2048 1765">
     <span class='ocr_line' id='line_1_18' title="bbox 391 1682 2048 1765; baseline -0.007 -16"><span class='ocrx_word' id='word_1_116' title='bbox 391 1695 605 1765; x_wconf 89' lang='lat' dir='ltr'><strong>ptura:</strong></span> <span class='ocrx_word' id='word_1_117' title='bbox 639 1712 668 1740; x_wconf 86' lang='lat'><strong>«</strong></span> <span class='ocrx_word' id='word_1_118' title='bbox 701 1687 810 1756; x_wconf 84' lang='lat' dir='ltr'><strong>Qui</strong></span> <span class='ocrx_word' id='word_1_119' title='bbox 838 1685 1027 1759; x_wconf 83' lang='lat' dir='ltr'><strong>tangit</strong></span> <span class='ocrx_word' id='word_1_120' title='bbox 1048 1683 1746 1757; x_wconf 86' lang='lat' dir='ltr'><strong>piceminquinabitur,et</strong></span> <span class='ocrx_word' id='word_1_121' title='bbox 1773 1682 2048 1755; x_wconf 89' lang='lat' dir='ltr'><strong>quicom-</strong></span> 
     </span>
    </p>
   </div>
   <div class='ocr_carea' id='block_1_19' title="bbox 394 1773 2052 1848">
    <p class='ocr_par' dir='ltr' id='par_1_19' title="bbox 394 1773 2052 1848">
     <span class='ocr_line' id='line_1_19' title="bbox 394 1773 2052 1848; baseline -0.006 -10"><span class='ocrx_word' id='word_1_122' title='bbox 394 1781 661 1838; x_wconf 89' lang='lat' dir='ltr'><strong>municat</strong></span> <span class='ocrx_word' id='word_1_123' title='bbox 689 1795 824 1834; x_wconf 92' lang='lat' dir='ltr'><strong>cum</strong></span> <span class='ocrx_word' id='word_1_124' title='bbox 854 1776 1126 1848; x_wconf 88' lang='lat' dir='ltr'><strong>superbo,</strong></span> <span class='ocrx_word' id='word_1_125' title='bbox 1159 1773 1373 1830; x_wconf 89' lang='lat' dir='ltr'><strong>similis</strong></span> <span class='ocrx_word' id='word_1_126' title='bbox 1403 1774 1513 1830; x_wconf 90' lang='lat' dir='ltr'><strong>erit</strong></span> <span class='ocrx_word' id='word_1_127' title='bbox 1542 1774 1594 1830; x_wconf 91' lang='lat' dir='ltr'><strong>ei</strong></span> <span class='ocrx_word' id='word_1_128' title='bbox 1625 1774 1689 1828; x_wconf 67' lang='grc' dir='ltr'><strong>ιι.</strong></span> <span class='ocrx_word' id='word_1_129' title='bbox 1725 1795 1753 1822; x_wconf 91' lang='grc'><strong>››</strong></span> <span class='ocrx_word' id='word_1_130' title='bbox 1804 1773 2052 1828; x_wconf 88' lang='lat' dir='ltr'><strong>Sedente</strong></span> 
     </span>
    </p>
   </div>
   <div class='ocr_carea' id='block_1_20' title="bbox 393 1863 2050 1934">
    <p class='ocr_par' dir='ltr' id='par_1_20' title="bbox 393 1863 2050 1934">
     <span class='ocr_line' id='line_1_20' title="bbox 393 1863 2050 1934; baseline -0.005 -8"><span class='ocrx_word' id='word_1_131' title='bbox 393 1875 591 1926; x_wconf 83' lang='lat' dir='ltr'><strong>tecum</strong></span> <span class='ocrx_word' id='word_1_132' title='bbox 625 1869 683 1924; x_wconf 91' lang='lat' dir='ltr'><strong>in</strong></span> <span class='ocrx_word' id='word_1_133' title='bbox 707 1883 910 1922; x_wconf 88' lang='lat' dir='ltr'><strong>mensa</strong></span> <span class='ocrx_word' id='word_1_134' title='bbox 929 1864 1146 1922; x_wconf 88' lang='lat' dir='ltr'><strong>femina</strong></span> <span class='ocrx_word' id='word_1_135' title='bbox 1174 1863 1372 1929; x_wconf 89' lang='lat' dir='ltr'><strong>divite,</strong></span> <span class='ocrx_word' id='word_1_136' title='bbox 1407 1863 1456 1918; x_wconf 89' lang='lat' dir='ltr'><strong>si</strong></span> <span class='ocrx_word' id='word_1_137' title='bbox 1490 1863 1703 1918; x_wconf 84' lang='lat' dir='ltr'><strong>videris</strong></span> <span class='ocrx_word' id='word_1_138' title='bbox 1733 1878 2050 1934; x_wconf 88' lang='lat' dir='ltr'><strong>pauperem</strong></span> 
     </span>
    </p>
   </div>
   <div class='ocr_carea' id='block_1_21' title="bbox 2158 608 3814 687">
    <p class='ocr_par' dir='ltr' id='par_1_21' title="bbox 2158 608 3814 687">
     <span class='ocr_line' id='line_1_21' title="bbox 2158 608 3814 687; baseline 0.004 -26"><span class='ocrx_word' id='word_1_139' title='bbox 2158 630 2244 662; x_wconf 88' lang='grc' dir='ltr'><strong>ναι</strong></span> <span class='ocrx_word' id='word_1_140' title='bbox 2307 608 2518 685; x_wconf 73' lang='grc' dir='ltr'>βούλει,</span> <span class='ocrx_word' id='word_1_141' title='bbox 2577 612 2661 683; x_wconf 85' lang='grc' dir='ltr'><strong>τὸ,</strong></span> <span class='ocrx_word' id='word_1_142' title='bbox 2695 635 2722 662; x_wconf 69' lang='grc' dir='ltr'>ι(</span> <span class='ocrx_word' id='word_1_143' title='bbox 2778 611 2951 686; x_wconf 87' lang='grc' dir='ltr'>Πάτερ</span> <span class='ocrx_word' id='word_1_144' title='bbox 2991 611 3175 684; x_wconf 78' lang='grc' dir='ltr'>ἡμῶν,</span> <span class='ocrx_word' id='word_1_145' title='bbox 3228 635 3258 664; x_wconf 79' lang='grc'><strong>››</strong></span> <span class='ocrx_word' id='word_1_146' title='bbox 3307 609 3431 687; x_wconf 83' lang='grc' dir='ltr'>λέγε</span> <span class='ocrx_word' id='word_1_147' title='bbox 3481 609 3814 687; x_wconf 60' lang='grc' dir='ltr'>ὁλόκληρον</span> 
     </span>
    </p>
   </div>
   <div class='ocr_carea' id='block_1_22' title="bbox 2157 696 3816 776">
    <p class='ocr_par' dir='ltr' id='par_1_22' title="bbox 2157 696 3816 776">
     <span class='ocr_line' id='line_1_22' title="bbox 2157 696 3816 776; baseline 0.004 -24"><span class='ocrx_word' id='word_1_148' title='bbox 2157 699 2256 767; x_wconf 78' lang='grc' dir='ltr'><strong>τήν</strong></span> <span class='ocrx_word' id='word_1_149' title='bbox 2315 696 2372 753; x_wconf 76' lang='grc' dir='ltr'><strong>δὶ</strong></span> <span class='ocrx_word' id='word_1_150' title='bbox 2429 699 2923 775; x_wconf 74' lang='grc' dir='ltr'><strong>προγεγραμμένην</strong></span> <span class='ocrx_word' id='word_1_151' title='bbox 2985 700 3178 776; x_wconf 81' lang='grc' dir='ltr'>εὐχὴν,</span> <span class='ocrx_word' id='word_1_152' title='bbox 3233 701 3318 770; x_wconf 88' lang='grc' dir='ltr'><strong>τὸ,</strong></span> <span class='ocrx_word' id='word_1_153' title='bbox 3351 725 3380 752; x_wconf 88' lang='grc'><strong>‹‹</strong></span> <span class='ocrx_word' id='word_1_154' title='bbox 3414 700 3736 776; x_wconf 74' lang='grc' dir='ltr'>Εὐλογητὸς</span> <span class='ocrx_word' id='word_1_155' title='bbox 3787 703 3816 758; x_wconf 93' lang='lat'><strong>6</strong></span> 
     </span>
    </p>
   </div>
   <div class='ocr_carea' id='block_1_23' title="bbox 2155 789 3815 868">
    <p class='ocr_par' dir='ltr' id='par_1_23' title="bbox 2155 789 3815 868">
     <span class='ocr_line' id='line_1_23' title="bbox 2155 789 3815 868; baseline 0.002 -24"><span class='ocrx_word' id='word_1_156' title='bbox 2155 789 2303 860; x_wconf 86' lang='grc' dir='ltr'>Θεὸς,</span> <span class='ocrx_word' id='word_1_157' title='bbox 2357 814 2383 841; x_wconf 86' lang='grc'>››</span> <span class='ocrx_word' id='word_1_158' title='bbox 2439 790 2822 861; x_wconf 73' lang='grc' dir='ltr'><strong>ἀριστήσαντες</strong></span> <span class='ocrx_word' id='word_1_159' title='bbox 2881 789 2971 844; x_wconf 77' lang='grc' dir='ltr'><strong>καὶ</strong></span> <span class='ocrx_word' id='word_1_160' title='bbox 3027 790 3361 866; x_wconf 68' lang='grc' dir='ltr'><strong>ἐγειρόμενοι</strong></span> <span class='ocrx_word' id='word_1_161' title='bbox 3419 789 3480 845; x_wconf 79' lang='grc' dir='ltr'><strong>ἐκ</strong></span> <span class='ocrx_word' id='word_1_162' title='bbox 3529 797 3631 861; x_wconf 82' lang='grc' dir='ltr'><strong>τῆς</strong></span> <span class='ocrx_word' id='word_1_163' title='bbox 3685 811 3815 868; x_wconf 84' lang='grc' dir='ltr'>τρα·</span> 
     </span>
    </p>
   </div>
   <div class='ocr_carea' id='block_1_24' title="bbox 2156 875 3814 956">
    <p class='ocr_par' dir='ltr' id='par_1_24' title="bbox 2156 875 3814 956">
     <span class='ocr_line' id='line_1_24' title="bbox 2156 875 3814 956; baseline 0.002 -25"><span class='ocrx_word' id='word_1_164' title='bbox 2156 877 2324 947; x_wconf 87' lang='grc' dir='ltr'>πέζης</span> <span class='ocrx_word' id='word_1_165' title='bbox 2382 875 2636 952; x_wconf 84' lang='grc' dir='ltr'>λέγομεν.</span> <span class='ocrx_word' id='word_1_166' title='bbox 2697 879 2820 932; x_wconf 77' lang='grc' dir='ltr'>Ἐὰν</span> <span class='ocrx_word' id='word_1_167' title='bbox 2877 876 2934 933; x_wconf 67' lang='grc' dir='ltr'><strong>δὲ</strong></span> <span class='ocrx_word' id='word_1_168' title='bbox 2995 877 3322 956; x_wconf 78' lang='grc' dir='ltr'><strong>συμπαρῶσι</strong></span> <span class='ocrx_word' id='word_1_169' title='bbox 3375 880 3511 953; x_wconf 80' lang='grc' dir='ltr'>μετᾶ</span> <span class='ocrx_word' id='word_1_170' title='bbox 3572 884 3668 935; x_wconf 77' lang='grc' dir='ltr'><strong>σοῦ</strong></span> <span class='ocrx_word' id='word_1_171' title='bbox 3718 878 3814 934; x_wconf 67' lang='grc' dir='ltr'><strong>δύο</strong></span> 
     </span>
    </p>
   </div>
   <div class='ocr_carea' id='block_1_25' title="bbox 2155 967 3816 1046">
    <p class='ocr_par' dir='ltr' id='par_1_25' title="bbox 2155 967 3816 1046">
     <span class='ocr_line' id='line_1_25' title="bbox 2155 967 3816 1046; baseline 0.002 -25"><span class='ocrx_word' id='word_1_172' title='bbox 2155 967 2406 1044; x_wconf 81' lang='grc' dir='ltr'>παρθένοι</span> <span class='ocrx_word' id='word_1_173' title='bbox 2463 968 2498 1036; x_wconf 69' lang='grc' dir='ltr'><strong>ἢ</strong></span> <span class='ocrx_word' id='word_1_174' title='bbox 2556 973 2720 1043; x_wconf 86' lang='grc' dir='ltr'>τρεῖς,</span> <span class='ocrx_word' id='word_1_175' title='bbox 2762 968 3249 1043; x_wconf 80' lang='grc' dir='ltr'>εὐχαριστείτωσαν</span> <span class='ocrx_word' id='word_1_176' title='bbox 3306 968 3396 1024; x_wconf 77' lang='grc' dir='ltr'><strong>ἐπὶ</strong></span> <span class='ocrx_word' id='word_1_177' title='bbox 3446 969 3538 1024; x_wconf 91' lang='grc' dir='ltr'><strong>τὸν</strong></span> <span class='ocrx_word' id='word_1_178' title='bbox 3595 971 3816 1046; x_wconf 89' lang='grc' dir='ltr'>προκεί-</span> 
     </span>
    </p>
   </div>
   <div class='ocr_carea' id='block_1_26' title="bbox 2162 1055 3814 1135">
    <p class='ocr_par' dir='ltr' id='par_1_26' title="bbox 2162 1055 3814 1135">
     <span class='ocr_line' id='line_1_26' title="bbox 2162 1055 3814 1135; baseline 0.002 -24"><span class='ocrx_word' id='word_1_179' title='bbox 2162 1077 2320 1128; x_wconf 85' lang='grc' dir='ltr'>μενον</span> <span class='ocrx_word' id='word_1_180' title='bbox 2375 1057 2557 1130; x_wconf 73' lang='grc' dir='ltr'>ἄρτον,</span> <span class='ocrx_word' id='word_1_181' title='bbox 2616 1056 2706 1111; x_wconf 87' lang='grc' dir='ltr'><strong>καὶ</strong></span> <span class='ocrx_word' id='word_1_182' title='bbox 2787 1059 3244 1134; x_wconf 89' lang='grc' dir='ltr'>συνευχέσθωσαν.</span> <span class='ocrx_word' id='word_1_183' title='bbox 3309 1059 3429 1114; x_wconf 74' lang='grc' dir='ltr'>Ἐὰν</span> <span class='ocrx_word' id='word_1_184' title='bbox 3495 1055 3553 1114; x_wconf 72' lang='grc' dir='ltr'><strong>δὲ</strong></span> <span class='ocrx_word' id='word_1_185' title='bbox 3620 1059 3814 1135; x_wconf 82' lang='grc' dir='ltr'>εὑρεθῇ</span> 
     </span>
    </p>
   </div>
   <div class='ocr_carea' id='block_1_27' title="bbox 2157 1146 3815 1224">
    <p class='ocr_par' dir='ltr' id='par_1_27' title="bbox 2157 1146 3815 1224">
     <span class='ocr_line' id='line_1_27' title="bbox 2157 1146 3815 1224; baseline 0.002 -24"><span class='ocrx_word' id='word_1_186' title='bbox 2157 1147 2546 1220; x_wconf 84' lang='grc' dir='ltr'>κατηχουμένη</span> <span class='ocrx_word' id='word_1_187' title='bbox 2599 1146 2650 1201; x_wconf 75' lang='grc' dir='ltr'>ἐν</span> <span class='ocrx_word' id='word_1_188' title='bbox 2695 1150 2764 1219; x_wconf 80' lang='grc' dir='ltr'><strong>τῇ</strong></span> <span class='ocrx_word' id='word_1_189' title='bbox 2823 1149 3088 1222; x_wconf 79' lang='grc' dir='ltr'>τραπέζῃ,</span> <span class='ocrx_word' id='word_1_190' title='bbox 3152 1150 3227 1221; x_wconf 77' lang='grc' dir='ltr'><strong>μὴ</strong></span> <span class='ocrx_word' id='word_1_191' title='bbox 3277 1147 3619 1224; x_wconf 84' lang='grc' dir='ltr'>συνευχέσθω</span> <span class='ocrx_word' id='word_1_192' title='bbox 3681 1149 3815 1222; x_wconf 78' lang='grc' dir='ltr'>μετὰ</span> 
     </span>
    </p>
   </div>
   <div class='ocr_carea' id='block_1_28' title="bbox 2157 1235 3815 1316">
    <p class='ocr_par' dir='ltr' id='par_1_28' title="bbox 2157 1235 3815 1316">
     <span class='ocr_line' id='line_1_28' title="bbox 2157 1235 3815 1316; baseline 0.003 -25"><span class='ocrx_word' id='word_1_193' title='bbox 2157 1235 2264 1291; x_wconf 78' lang='grc' dir='ltr'><strong>τῶν</strong></span> <span class='ocrx_word' id='word_1_194' title='bbox 2317 1239 2540 1308; x_wconf 79' lang='grc' dir='ltr'>πιστῶν,</span> <span class='ocrx_word' id='word_1_195' title='bbox 2574 1235 2700 1292; x_wconf 77' lang='grc' dir='ltr'>οὐδὶ</span> <span class='ocrx_word' id='word_1_196' title='bbox 2753 1239 2830 1310; x_wconf 84' lang='grc' dir='ltr'>μή</span> <span class='ocrx_word' id='word_1_197' title='bbox 2888 1237 3263 1313; x_wconf 85' lang='grc' dir='ltr'>καθίσῃς</span> <span class='ocrx_word' id='word_1_198' title='bbox 3317 1244 3506 1316; x_wconf 71' lang='grc' dir='ltr'>φαγεῖν</span> <span class='ocrx_word' id='word_1_199' title='bbox 3557 1240 3650 1295; x_wconf 92' lang='grc' dir='ltr'><strong>τὸν</strong></span> <span class='ocrx_word' id='word_1_200' title='bbox 3697 1244 3815 1315; x_wconf 83' lang='grc' dir='ltr'>ψω-</span> 
     </span>
    </p>
   </div>
   <div class='ocr_carea' id='block_1_29' title="bbox 2163 1325 3819 1405">
    <p class='ocr_par' dir='ltr' id='par_1_29' title="bbox 2163 1325 3819 1405">
     <span class='ocr_line' id='line_1_29' title="bbox 2163 1325 3819 1405; baseline 0.001 -24"><span class='ocrx_word' id='word_1_201' title='bbox 2163 1326 2262 1398; x_wconf 85' lang='grc' dir='ltr'><strong>μόν</strong></span> <span class='ocrx_word' id='word_1_202' title='bbox 2310 1347 2405 1382; x_wconf 87' lang='grc' dir='ltr'><strong>σου</strong></span> <span class='ocrx_word' id='word_1_203' title='bbox 2468 1327 2582 1400; x_wconf 86' lang='grc' dir='ltr'>μετ’</span> <span class='ocrx_word' id='word_1_204' title='bbox 2631 1327 2816 1396; x_wconf 71' lang='grc' dir='ltr'>αὐτῆς,</span> <span class='ocrx_word' id='word_1_205' title='bbox 2862 1325 2987 1382; x_wconf 70' lang='grc' dir='ltr'>οὐδὲ</span> <span class='ocrx_word' id='word_1_206' title='bbox 3035 1326 3203 1383; x_wconf 91' lang='grc' dir='ltr'>πάλιν</span> <span class='ocrx_word' id='word_1_207' title='bbox 3228 1327 3464 1391; x_wconf 80' lang='grc' dir='ltr'>καθίσεις</span> <span class='ocrx_word' id='word_1_208' title='bbox 3504 1334 3694 1405; x_wconf 81' lang='grc' dir='ltr'>φαγεῖν</span> <span class='ocrx_word' id='word_1_209' title='bbox 3723 1329 3819 1385; x_wconf 86' lang='grc' dir='ltr'><strong>τὸν</strong></span> 
     </span>
    </p>
   </div>
   <div class='ocr_carea' id='block_1_30' title="bbox 2158 1415 3818 1494">
    <p class='ocr_par' dir='ltr' id='par_1_30' title="bbox 2158 1415 3818 1494">
     <span class='ocr_line' id='line_1_30' title="bbox 2158 1415 3818 1494; baseline 0.003 -25"><span class='ocrx_word' id='word_1_210' title='bbox 2158 1415 2354 1488; x_wconf 78' lang='grc' dir='ltr'>ψωμόν</span> <span class='ocrx_word' id='word_1_211' title='bbox 2411 1436 2506 1469; x_wconf 90' lang='grc' dir='ltr'><strong>σου</strong></span> <span class='ocrx_word' id='word_1_212' title='bbox 2593 1417 2727 1488; x_wconf 79' lang='grc' dir='ltr'>μετὰ</span> <span class='ocrx_word' id='word_1_213' title='bbox 2799 1415 3067 1492; x_wconf 76' lang='grc' dir='ltr'>γυναικῶν</span> <span class='ocrx_word' id='word_1_214' title='bbox 3143 1416 3523 1492; x_wconf 85' lang='grc' dir='ltr'>ἀμελεστέρων</span> <span class='ocrx_word' id='word_1_215' title='bbox 3580 1418 3670 1473; x_wconf 78' lang='grc' dir='ltr'><strong>καὶ</strong></span> <span class='ocrx_word' id='word_1_216' title='bbox 3725 1440 3818 1494; x_wconf 90' lang='grc' dir='ltr'>γε-</span> 
     </span>
    </p>
   </div>
   <div class='ocr_carea' id='block_1_31' title="bbox 2162 1503 3822 1584">
    <p class='ocr_par' dir='ltr' id='par_1_31' title="bbox 2162 1503 3822 1584">
     <span class='ocr_line' id='line_1_31' title="bbox 2162 1503 3822 1584; baseline 0.002 -26"><span class='ocrx_word' id='word_1_217' title='bbox 2162 1503 2489 1579; x_wconf 84' lang='grc' dir='ltr'>λοιαστριῶν</span> <span class='ocrx_word' id='word_1_218' title='bbox 2552 1505 2672 1558; x_wconf 75' lang='grc' dir='ltr'>ἄνευ</span> <span class='ocrx_word' id='word_1_219' title='bbox 2729 1505 2988 1580; x_wconf 80' lang='grc' dir='ltr'>ἀνάγκης·</span> <span class='ocrx_word' id='word_1_220' title='bbox 3025 1504 3088 1560; x_wconf 84' lang='grc' dir='ltr'>σὺ</span> <span class='ocrx_word' id='word_1_221' title='bbox 3120 1505 3226 1581; x_wconf 81' lang='grc' dir='ltr'><strong>γὰρ</strong></span> <span class='ocrx_word' id='word_1_222' title='bbox 3267 1505 3393 1580; x_wconf 82' lang='grc' dir='ltr'>ἁγία</span> <span class='ocrx_word' id='word_1_223' title='bbox 3423 1506 3472 1561; x_wconf 79' lang='grc' dir='ltr'>εἶ</span> <span class='ocrx_word' id='word_1_224' title='bbox 3503 1507 3684 1584; x_wconf 80' lang='grc' dir='ltr'>Κυρίῳ</span> <span class='ocrx_word' id='word_1_225' title='bbox 3740 1511 3822 1580; x_wconf 77' lang='grc' dir='ltr'><strong>τῷ</strong></span> 
     </span>
    </p>
   </div>
   <div class='ocr_carea' id='block_1_32' title="bbox 2160 1593 3825 1672">
    <p class='ocr_par' dir='ltr' id='par_1_32' title="bbox 2160 1593 3825 1672">
     <span class='ocr_line' id='line_1_32' title="bbox 2160 1593 3825 1672; baseline 0.001 -23"><span class='ocrx_word' id='word_1_226' title='bbox 2160 1598 2274 1665; x_wconf 81' lang='grc' dir='ltr'><strong>Θεῷ</strong></span> <span class='ocrx_word' id='word_1_227' title='bbox 2304 1615 2420 1666; x_wconf 88' lang='grc' dir='ltr'>σου,</span> <span class='ocrx_word' id='word_1_228' title='bbox 2452 1593 2539 1648; x_wconf 81' lang='grc' dir='ltr'>καὶ</span> <span class='ocrx_word' id='word_1_229' title='bbox 2569 1594 2633 1648; x_wconf 92' lang='grc' dir='ltr'><strong>τὸ</strong></span> <span class='ocrx_word' id='word_1_230' title='bbox 2670 1593 2868 1670; x_wconf 80' lang='grc' dir='ltr'>βρῶμά</span> <span class='ocrx_word' id='word_1_231' title='bbox 2899 1615 2994 1649; x_wconf 94' lang='grc' dir='ltr'><strong>σου</strong></span> <span class='ocrx_word' id='word_1_232' title='bbox 3051 1594 3142 1649; x_wconf 86' lang='grc' dir='ltr'><strong>καὶ</strong></span> <span class='ocrx_word' id='word_1_233' title='bbox 3196 1594 3261 1650; x_wconf 91' lang='grc' dir='ltr'><strong>τὸ</strong></span> <span class='ocrx_word' id='word_1_234' title='bbox 3308 1595 3464 1668; x_wconf 87' lang='grc' dir='ltr'>πόμα</span> <span class='ocrx_word' id='word_1_235' title='bbox 3511 1616 3609 1651; x_wconf 90' lang='grc' dir='ltr'><strong>σου</strong></span> <span class='ocrx_word' id='word_1_236' title='bbox 3667 1597 3825 1672; x_wconf 73' lang='grc' dir='ltr'>ἡγια-</span> 
     </span>
    </p>
   </div>
   <div class='ocr_carea' id='block_1_33' title="bbox 2161 1679 3818 1760">
    <p class='ocr_par' dir='ltr' id='par_1_33' title="bbox 2161 1679 3818 1760">
     <span class='ocr_line' id='line_1_33' title="bbox 2161 1679 3818 1760; baseline 0.002 -23"><span class='ocrx_word' id='word_1_237' title='bbox 2161 1682 2352 1756; x_wconf 78' lang='grc' dir='ltr'>σμένον</span> <span class='ocrx_word' id='word_1_238' title='bbox 2386 1681 2518 1738; x_wconf 82' lang='grc' dir='ltr'>ἐστί’</span> <span class='ocrx_word' id='word_1_239' title='bbox 2554 1679 2642 1737; x_wconf 82' lang='grc' dir='ltr'>διὰ</span> <span class='ocrx_word' id='word_1_240' title='bbox 2670 1683 2770 1760; x_wconf 81' lang='grc' dir='ltr'><strong>γὰρ</strong></span> <span class='ocrx_word' id='word_1_241' title='bbox 2808 1705 2916 1738; x_wconf 90' lang='grc' dir='ltr'><strong>των</strong></span> <span class='ocrx_word' id='word_1_242' title='bbox 2950 1684 3278 1760; x_wconf 82' lang='grc' dir='ltr'>προσευχῶν</span> <span class='ocrx_word' id='word_1_243' title='bbox 3328 1683 3420 1739; x_wconf 82' lang='grc' dir='ltr'><strong>καὶ</strong></span> <span class='ocrx_word' id='word_1_244' title='bbox 3476 1685 3586 1740; x_wconf 81' lang='grc' dir='ltr'>τῶν</span> <span class='ocrx_word' id='word_1_245' title='bbox 3646 1685 3818 1760; x_wconf 83' lang='grc' dir='ltr'>ἁγίων</span> 
     </span>
    </p>
   </div>
   <div class='ocr_carea' id='block_1_34' title="bbox 2162 1768 3817 1848">
    <p class='ocr_par' dir='ltr' id='par_1_34' title="bbox 2162 1768 3817 1848">
     <span class='ocr_line' id='line_1_34' title="bbox 2162 1768 3817 1848; baseline 0.002 -22"><span class='ocrx_word' id='word_1_246' title='bbox 2162 1772 2422 1848; x_wconf 76' lang='grc' dir='ltr'>ῥημάτων</span> <span class='ocrx_word' id='word_1_247' title='bbox 2469 1771 2743 1848; x_wconf 82' lang='grc' dir='ltr'>ἁγιάζεται</span> <span class='ocrx_word' id='word_1_248' title='bbox 2950 1774 3213 1848; x_wconf 85' lang='grc' dir='ltr'>Παρθένοι</span> <span class='ocrx_word' id='word_1_249' title='bbox 3263 1768 3516 1836; x_wconf 71' lang='grc' dir='ltr'>εὐλαϐεῖς</span> <span class='ocrx_word' id='word_1_250' title='bbox 3559 1773 3650 1828; x_wconf 80' lang='grc' dir='ltr'><strong>καὶ</strong></span> <span class='ocrx_word' id='word_1_251' title='bbox 3699 1785 3817 1838; x_wconf 88' lang='grc' dir='ltr'>θεο-</span> 
     </span>
    </p>
   </div>
   <div class='ocr_carea' id='block_1_35' title="bbox 2161 1858 3818 1939">
    <p class='ocr_par' dir='ltr' id='par_1_35' title="bbox 2161 1858 3818 1939">
     <span class='ocr_line' id='line_1_35' title="bbox 2161 1858 3818 1939; baseline 0.001 -23"><span class='ocrx_word' id='word_1_252' title='bbox 2161 1858 2336 1922; x_wconf 79' lang='grc' dir='ltr'>σεϐεῖς</span> <span class='ocrx_word' id='word_1_253' title='bbox 2408 1861 2799 1939; x_wconf 83' lang='grc' dir='ltr'>συμφάγωνταί</span> <span class='ocrx_word' id='word_1_254' title='bbox 2886 1883 2990 1916; x_wconf 87' lang='grc' dir='ltr'>σοι·</span> <span class='ocrx_word' id='word_1_255' title='bbox 3052 1861 3115 1917; x_wconf 78' lang='grc' dir='ltr'>οὐ</span> <span class='ocrx_word' id='word_1_256' title='bbox 3196 1862 3600 1933; x_wconf 77' lang='grc' dir='ltr'>συνδειπνήσεις</span> <span class='ocrx_word' id='word_1_257' title='bbox 3685 1864 3818 1936; x_wconf 79' lang='grc' dir='ltr'>μετὰ</span> 
     </span>
    </p>
   </div>
   <div class='ocr_carea' id='block_1_36' title="bbox 395 1947 2053 2030">
    <p class='ocr_par' dir='ltr' id='par_1_36' title="bbox 395 1952 2053 2023">
     <span class='ocr_line' id='line_1_36' title="bbox 395 1952 2053 2023; baseline -0.005 -8"><span class='ocrx_word' id='word_1_258' title='bbox 395 1958 730 2022; x_wconf 87' lang='lat' dir='ltr'><strong>mulierem,</strong></span> <span class='ocrx_word' id='word_1_259' title='bbox 761 1972 902 2012; x_wconf 79' lang='lat' dir='ltr'><strong>voca</strong></span> <span class='ocrx_word' id='word_1_260' title='bbox 956 1969 1086 2009; x_wconf 84' lang='lat' dir='ltr'><strong>eam</strong></span> <span class='ocrx_word' id='word_1_261' title='bbox 1118 1953 1188 2007; x_wconf 88' lang='lat' dir='ltr'><strong>ad</strong></span> <span class='ocrx_word' id='word_1_262' title='bbox 1246 1952 1468 2019; x_wconf 91' lang='lat' dir='ltr'><strong>cibum,</strong></span> <span class='ocrx_word' id='word_1_263' title='bbox 1501 1968 1690 2023; x_wconf 87' lang='lat' dir='ltr'><strong>neque</strong></span> <span class='ocrx_word' id='word_1_264' title='bbox 1732 1952 1951 2023; x_wconf 89' lang='lat' dir='ltr'><strong>pudore</strong></span> <span class='ocrx_word' id='word_1_265' title='bbox 1980 1952 2053 2006; x_wconf 91' lang='lat' dir='ltr'><strong>ob</strong></span> 
     </span>
    </p>
   </div>
   <div class='ocr_carea' id='block_1_37' title="bbox 2168 1947 3822 2030">
    <p class='ocr_par' dir='ltr' id='par_1_37' title="bbox 2168 1947 3822 2030">
     <span class='ocr_line' id='line_1_37' title="bbox 2168 1947 3822 2030; baseline 0.002 -26"><span class='ocrx_word' id='word_1_266' title='bbox 2168 1951 2426 2026; x_wconf 80' lang='grc' dir='ltr'>γυναικῶν</span> <span class='ocrx_word' id='word_1_267' title='bbox 2461 1950 2840 2028; x_wconf 72' lang='grc' dir='ltr'>ὑπερηφάνων,</span> <span class='ocrx_word' id='word_1_268' title='bbox 2885 1947 2999 2005; x_wconf 81' lang='grc' dir='ltr'><strong>οὐδ’</strong></span> <span class='ocrx_word' id='word_1_269' title='bbox 3030 1950 3093 2005; x_wconf 78' lang='grc' dir='ltr'>οὗ</span> <span class='ocrx_word' id='word_1_270' title='bbox 3145 1952 3220 2025; x_wconf 85' lang='grc' dir='ltr'>μή</span> <span class='ocrx_word' id='word_1_271' title='bbox 3273 1954 3449 2026; x_wconf 77' lang='grc' dir='ltr'>κτήσῃ</span> <span class='ocrx_word' id='word_1_272' title='bbox 3508 1950 3673 2030; x_wconf 87' lang='grc' dir='ltr'>φίλην</span> <span class='ocrx_word' id='word_1_273' title='bbox 3727 1974 3822 2026; x_wconf 86' lang='grc' dir='ltr'>γυ-</span> 
     </span>
    </p>
   </div>
   <div class='ocr_carea' id='block_1_38' title="bbox 395 2038 2053 2122">
    <p class='ocr_par' dir='ltr' id='par_1_38' title="bbox 395 2039 2048 2122">
     <span class='ocr_line' id='line_1_38' title="bbox 395 2039 2048 2122; baseline -0.005 -17"><span class='ocrx_word' id='word_1_274' title='bbox 395 2051 743 2122; x_wconf 70' lang='lat' dir='ltr'><strong>presentem</strong></span> <span class='ocrx_word' id='word_1_275' title='bbox 792 2044 1031 2100; x_wconf 82' lang='lat' dir='ltr'><strong>divitem</strong></span> <span class='ocrx_word' id='word_1_276' title='bbox 1076 2041 1401 2098; x_wconf 88' lang='lat' dir='ltr'><strong>retinearis.</strong></span> <span class='ocrx_word' id='word_1_277' title='bbox 1434 2041 1517 2096; x_wconf 87' lang='lat' dir='ltr'><strong>Ne</strong></span> <span class='ocrx_word' id='word_1_278' title='bbox 1551 2057 1713 2096; x_wconf 88' lang='lat' dir='ltr'><strong>ames</strong></span> <span class='ocrx_word' id='word_1_279' title='bbox 1743 2039 2048 2096; x_wconf 89' lang='lat' dir='ltr'><strong>hominum</strong></span> 
     </span>
    </p>
   </div>
   <div class='ocr_carea' id='block_1_39' title="bbox 2168 2038 3816 2122">
    <p class='ocr_par' dir='ltr' id='par_1_39' title="bbox 2168 2038 3816 2119">
     <span class='ocr_line' id='line_1_39' title="bbox 2168 2038 3816 2119; baseline 0.002 -26"><span class='ocrx_word' id='word_1_280' title='bbox 2168 2045 2315 2094; x_wconf 81' lang='grc' dir='ltr'>ναῖκα</span> <span class='ocrx_word' id='word_1_281' title='bbox 2371 2038 2628 2109; x_wconf 83' lang='grc' dir='ltr'>ἀλαζόνα.</span> <span class='ocrx_word' id='word_1_282' title='bbox 2659 2039 2814 2115; x_wconf 83' lang='grc' dir='ltr'>Λέγει</span> <span class='ocrx_word' id='word_1_283' title='bbox 2869 2043 2973 2116; x_wconf 80' lang='grc' dir='ltr'>γὰρ</span> <span class='ocrx_word' id='word_1_284' title='bbox 3006 2042 3040 2110; x_wconf 79' lang='grc' dir='ltr'><strong>ἡ</strong></span> <span class='ocrx_word' id='word_1_285' title='bbox 3074 2040 3190 2095; x_wconf 84' lang='grc' dir='ltr'>θεία</span> <span class='ocrx_word' id='word_1_286' title='bbox 3249 2043 3456 2119; x_wconf 82' lang='grc' dir='ltr'>Γραφή·</span> <span class='ocrx_word' id='word_1_287' title='bbox 3489 2065 3516 2092; x_wconf 74' lang='grc' dir='ltr'>ι(</span> <span class='ocrx_word' id='word_1_288' title='bbox 3549 2042 3611 2098; x_wconf 80' lang='grc' dir='ltr'>Ὀ</span> <span class='ocrx_word' id='word_1_289' title='bbox 3651 2041 3816 2097; x_wconf 79' lang='grc' dir='ltr'>ἁπτό·</span> 
     </span>
    </p>
   </div>
   <div class='ocr_carea' id='block_1_40' title="bbox 392 2128 2053 2209">
    <p class='ocr_par' dir='ltr' id='par_1_40' title="bbox 392 2129 2050 2209">
     <span class='ocr_line' id='line_1_40' title="bbox 392 2129 2050 2209; baseline -0.005 -15"><span class='ocrx_word' id='word_1_290' title='bbox 392 2137 660 2209; x_wconf 84' lang='lat' dir='ltr'><strong>gloriam,</strong></span> <span class='ocrx_word' id='word_1_291' title='bbox 694 2134 826 2207; x_wconf 90' lang='lat' dir='ltr'><strong>plus</strong></span> <span class='ocrx_word' id='word_1_292' title='bbox 855 2149 1032 2206; x_wconf 89' lang='lat' dir='ltr'><strong>quam</strong></span> <span class='ocrx_word' id='word_1_293' title='bbox 1059 2131 1306 2204; x_wconf 81' lang='lat' dir='ltr'><strong>gloriam</strong></span> <span class='ocrx_word' id='word_1_294' title='bbox 1337 2130 1459 2186; x_wconf 89' lang='lat' dir='ltr'><strong>Dei.</strong></span> <span class='ocrx_word' id='word_1_295' title='bbox 1483 2131 1639 2186; x_wconf 90' lang='lat' dir='ltr'><strong>Deus</strong></span> <span class='ocrx_word' id='word_1_296' title='bbox 1661 2129 1818 2186; x_wconf 88' lang='lat' dir='ltr'><strong>enim</strong></span> <span class='ocrx_word' id='word_1_297' title='bbox 1839 2146 2050 2201; x_wconf 90' lang='lat' dir='ltr'><strong>egeno-</strong></span> 
     </span>
    </p>
   </div>
   <div class='ocr_carea' id='block_1_41' title="bbox 2168 2128 3816 2209">
    <p class='ocr_par' dir='ltr' id='par_1_41' title="bbox 2168 2128 3816 2207">
     <span class='ocr_line' id='line_1_41' title="bbox 2168 2128 3816 2207; baseline 0.002 -24"><span class='ocrx_word' id='word_1_298' title='bbox 2168 2149 2322 2201; x_wconf 80' lang='grc' dir='ltr'>μενος</span> <span class='ocrx_word' id='word_1_299' title='bbox 2378 2129 2575 2199; x_wconf 84' lang='grc' dir='ltr'>πίσσης</span> <span class='ocrx_word' id='word_1_300' title='bbox 2627 2129 3046 2202; x_wconf 75' lang='grc' dir='ltr'>μολυνθήσεται,</span> <span class='ocrx_word' id='word_1_301' title='bbox 3079 2129 3170 2184; x_wconf 85' lang='grc' dir='ltr'><strong>καὶ</strong></span> <span class='ocrx_word' id='word_1_302' title='bbox 3228 2131 3257 2184; x_wconf 97' lang='lat'><strong>6</strong></span> <span class='ocrx_word' id='word_1_303' title='bbox 3315 2128 3594 2185; x_wconf 77' lang='grc' dir='ltr'>κοινωνῶν</span> <span class='ocrx_word' id='word_1_304' title='bbox 3657 2131 3816 2207; x_wconf 84' lang='grc' dir='ltr'>ὑπερ-</span> 
     </span>
    </p>
   </div>
   <div class='ocr_carea' id='block_1_42' title="bbox 393 2217 2053 2296">
    <p class='ocr_par' dir='ltr' id='par_1_42' title="bbox 393 2221 1366 2296">
     <span class='ocr_line' id='line_1_42' title="bbox 393 2221 1366 2296; baseline -0.009 -13"><span class='ocrx_word' id='word_1_305' title='bbox 393 2243 525 2283; x_wconf 90' lang='lat' dir='ltr'><strong>rum</strong></span> <span class='ocrx_word' id='word_1_306' title='bbox 547 2231 604 2282; x_wconf 85' lang='lat' dir='ltr'><strong>et</strong></span> <span class='ocrx_word' id='word_1_307' title='bbox 633 2227 1044 2296; x_wconf 87' lang='lat' dir='ltr'><strong>despectorum</strong></span> <span class='ocrx_word' id='word_1_308' title='bbox 1070 2221 1227 2276; x_wconf 91' lang='lat' dir='ltr'><strong>Deus</strong></span> <span class='ocrx_word' id='word_1_309' title='bbox 1257 2225 1366 2276; x_wconf 89' lang='lat' dir='ltr'><strong>est.</strong></span> 
     </span>
    </p>
   </div>
   <div class='ocr_carea' id='block_1_43' title="bbox 2168 2217 3817 2296">
    <p class='ocr_par' dir='ltr' id='par_1_43' title="bbox 2168 2217 3817 2295">
     <span class='ocr_line' id='line_1_43' title="bbox 2168 2217 3817 2295; baseline 0.002 -24"><span class='ocrx_word' id='word_1_310' title='bbox 2168 2217 2351 2295; x_wconf 84' lang='grc' dir='ltr'>ηφάνῳ</span> <span class='ocrx_word' id='word_1_311' title='bbox 2410 2220 2814 2290; x_wconf 70' lang='grc' dir='ltr'>ὁμοιωθήσεται</span> <span class='ocrx_word' id='word_1_312' title='bbox 2867 2219 3030 2288; x_wconf 80' lang='grc' dir='ltr'>αὑτῷ.</span> <span class='ocrx_word' id='word_1_313' title='bbox 3066 2242 3096 2272; x_wconf 89' lang='grc'><strong>››</strong></span> <span class='ocrx_word' id='word_1_314' title='bbox 3129 2218 3501 2291; x_wconf 82' lang='grc' dir='ltr'>Καθεζομένης</span> <span class='ocrx_word' id='word_1_315' title='bbox 3549 2217 3817 2283; x_wconf 85' lang='grc' dir='ltr'>πλουσίας</span> 
     </span>
    </p>
   </div>
   <div class='ocr_carea' id='block_1_44' title="bbox 398 2304 3818 2388">
    <p class='ocr_par' dir='ltr' id='par_1_44' title="bbox 398 2304 3818 2388">
     <span class='ocr_line' id='line_1_44' title="bbox 398 2304 3818 2388; baseline -0.002 -19"><span class='ocrx_word' id='word_1_316' title='bbox 398 2314 532 2388; x_wconf 77' lang='grc' dir='ltr'>μετὰ</span> <span class='ocrx_word' id='word_1_317' title='bbox 597 2317 694 2367; x_wconf 76' lang='grc' dir='ltr'><strong>σοῦ</strong></span> <span class='ocrx_word' id='word_1_318' title='bbox 770 2311 858 2366; x_wconf 74' lang='grc' dir='ltr'><strong>ἐπὶ</strong></span> <span class='ocrx_word' id='word_1_319' title='bbox 926 2315 1027 2377; x_wconf 78' lang='grc' dir='ltr'><strong>τῆς</strong></span> <span class='ocrx_word' id='word_1_320' title='bbox 1097 2309 1392 2384; x_wconf 82' lang='grc' dir='ltr'>τραπέζης,</span> <span class='ocrx_word' id='word_1_321' title='bbox 1434 2306 1521 2361; x_wconf 80' lang='grc' dir='ltr'>ἐὰν</span> <span class='ocrx_word' id='word_1_322' title='bbox 1582 2304 1704 2380; x_wconf 70' lang='grc' dir='ltr'>ἴδῃς</span> <span class='ocrx_word' id='word_1_323' title='bbox 1751 2313 1980 2382; x_wconf 88' lang='grc' dir='ltr'>γυναῖκα</span> <span class='ocrx_word' id='word_1_324' title='bbox 2035 2307 2319 2381; x_wconf 81' lang='grc' dir='ltr'>πενιχρὰν,</span> <span class='ocrx_word' id='word_1_325' title='bbox 2382 2306 2631 2369; x_wconf 77' lang='grc' dir='ltr'>καλέσεις</span> <span class='ocrx_word' id='word_1_326' title='bbox 2686 2306 2854 2376; x_wconf 77' lang='grc' dir='ltr'>αὐτὴν</span> <span class='ocrx_word' id='word_1_327' title='bbox 2913 2307 2992 2370; x_wconf 81' lang='grc' dir='ltr'><strong>είς</strong></span> <span class='ocrx_word' id='word_1_328' title='bbox 3046 2308 3110 2363; x_wconf 89' lang='grc' dir='ltr'><strong>τὸ</strong></span> <span class='ocrx_word' id='word_1_329' title='bbox 3164 2313 3374 2386; x_wconf 79' lang='grc' dir='ltr'>φαγεῖν,</span> <span class='ocrx_word' id='word_1_330' title='bbox 3431 2309 3521 2363; x_wconf 86' lang='grc' dir='ltr'><strong>καὶ</strong></span> <span class='ocrx_word' id='word_1_331' title='bbox 3579 2307 3678 2363; x_wconf 83' lang='grc' dir='ltr'>οὐκ</span> <span class='ocrx_word' id='word_1_332' title='bbox 3733 2309 3818 2363; x_wconf 73' lang='grc' dir='ltr'>αῖ-</span> 
     </span>
    </p>
   </div>
   <div class='ocr_carea' id='block_1_45' title="bbox 396 2391 3821 2478">
    <p class='ocr_par' dir='ltr' id='par_1_45' title="bbox 396 2391 3821 2478">
     <span class='ocr_line' id='line_1_45' title="bbox 396 2391 3821 2478; baseline -0.001 -23"><span class='ocrx_word' id='word_1_333' title='bbox 396 2403 680 2478; x_wconf 75' lang='grc' dir='ltr'>σχυνθήσῃ</span> <span class='ocrx_word' id='word_1_334' title='bbox 743 2398 821 2459; x_wconf 81' lang='grc' dir='ltr'>εἷς</span> <span class='ocrx_word' id='word_1_335' title='bbox 879 2397 980 2465; x_wconf 76' lang='grc' dir='ltr'><strong>τήν</strong></span> <span class='ocrx_word' id='word_1_336' title='bbox 1038 2393 1328 2451; x_wconf 88' lang='grc' dir='ltr'>πλουσίαν.</span> <span class='ocrx_word' id='word_1_337' title='bbox 1388 2396 1476 2462; x_wconf 78' lang='grc' dir='ltr'><strong>Μὴ</strong></span> <span class='ocrx_word' id='word_1_338' title='bbox 1536 2395 1822 2469; x_wconf 78' lang='grc' dir='ltr'>ἀγαπήσῃς</span> <span class='ocrx_word' id='word_1_339' title='bbox 1885 2397 1984 2463; x_wconf 84' lang='grc' dir='ltr'>τὴν</span> <span class='ocrx_word' id='word_1_340' title='bbox 2055 2391 2210 2465; x_wconf 80' lang='grc' dir='ltr'>δόξαν</span> <span class='ocrx_word' id='word_1_341' title='bbox 2263 2399 2371 2449; x_wconf 80' lang='grc' dir='ltr'><strong>τῶν</strong></span> <span class='ocrx_word' id='word_1_342' title='bbox 2430 2395 2730 2470; x_wconf 85' lang='grc' dir='ltr'>ἀνθρώπων</span> <span class='ocrx_word' id='word_1_343' title='bbox 2789 2396 2920 2469; x_wconf 75' lang='grc' dir='ltr'>ὑπὲρ</span> <span class='ocrx_word' id='word_1_344' title='bbox 2978 2397 3075 2465; x_wconf 74' lang='grc' dir='ltr'>τὴν</span> <span class='ocrx_word' id='word_1_345' title='bbox 3147 2393 3300 2466; x_wconf 79' lang='grc' dir='ltr'>δόξαν</span> <span class='ocrx_word' id='word_1_346' title='bbox 3358 2399 3472 2470; x_wconf 86' lang='grc'><strong>(27)</strong></span> <span class='ocrx_word' id='word_1_347' title='bbox 3510 2401 3607 2451; x_wconf 80' lang='grc' dir='ltr'><strong>τοῦ</strong></span> <span class='ocrx_word' id='word_1_348' title='bbox 3662 2400 3821 2452; x_wconf 71' lang='grc' dir='ltr'>Θεοῦ.</span> 
     </span>
    </p>
   </div>
   <div class='ocr_carea' id='block_1_46' title="bbox 400 2481 2034 2567">
    <p class='ocr_par' dir='ltr' id='par_1_46' title="bbox 400 2481 2034 2567">
     <span class='ocr_line' id='line_1_46' title="bbox 400 2481 2034 2567; baseline -0.003 -22"><span class='ocrx_word' id='word_1_349' title='bbox 400 2492 427 2545; x_wconf 87' lang='grc' dir='ltr'>ὁ</span> <span class='ocrx_word' id='word_1_350' title='bbox 459 2490 560 2567; x_wconf 79' lang='grc' dir='ltr'><strong>γὰρ</strong></span> <span class='ocrx_word' id='word_1_351' title='bbox 592 2489 722 2550; x_wconf 89' lang='grc' dir='ltr'>Θεὸς</span> <span class='ocrx_word' id='word_1_352' title='bbox 752 2491 861 2542; x_wconf 84' lang='grc' dir='ltr'>τῶν</span> <span class='ocrx_word' id='word_1_353' title='bbox 894 2489 1134 2560; x_wconf 81' lang='grc' dir='ltr'>πτωχῶν</span> <span class='ocrx_word' id='word_1_354' title='bbox 1168 2484 1258 2538; x_wconf 82' lang='grc' dir='ltr'><strong>καὶ</strong></span> <span class='ocrx_word' id='word_1_355' title='bbox 1287 2488 1396 2538; x_wconf 81' lang='grc' dir='ltr'>τῶν</span> <span class='ocrx_word' id='word_1_356' title='bbox 1431 2481 1870 2557; x_wconf 78' lang='grc' dir='ltr'>έξουδενωμένων</span> <span class='ocrx_word' id='word_1_357' title='bbox 1902 2484 2034 2541; x_wconf 82' lang='grc' dir='ltr'>ἐστί.</span> 
     </span>
    </p>
   </div>
   <div class='ocr_carea' id='block_1_47' title="bbox 471 2593 2058 2665">
    <p class='ocr_par' dir='ltr' id='par_1_47' title="bbox 471 2593 2058 2665">
     <span class='ocr_line' id='line_1_47' title="bbox 471 2593 2058 2665; baseline -0.004 -12"><span class='ocrx_word' id='word_1_358' title='bbox 471 2598 494 2654; x_wconf 76' lang='grc'><strong>4</strong></span> <span class='ocrx_word' id='word_1_359' title='bbox 508 2599 558 2653; x_wconf 84' lang='grc'><strong>4.</strong></span> <span class='ocrx_word' id='word_1_360' title='bbox 593 2598 768 2653; x_wconf 88' lang='lat' dir='ltr'><strong>Beata</strong></span> <span class='ocrx_word' id='word_1_361' title='bbox 788 2597 988 2652; x_wconf 88' lang='lat' dir='ltr'><strong>anima</strong></span> <span class='ocrx_word' id='word_1_362' title='bbox 1034 2611 1161 2665; x_wconf 60' lang='lat' dir='ltr'><strong>qua:</strong></span> <span class='ocrx_word' id='word_1_363' title='bbox 1196 2593 1310 2649; x_wconf 90' lang='lat' dir='ltr'><strong>ista</strong></span> <span class='ocrx_word' id='word_1_364' title='bbox 1341 2594 1606 2649; x_wconf 89' lang='lat' dir='ltr'><strong>servarit.</strong></span> <span class='ocrx_word' id='word_1_365' title='bbox 1644 2593 1769 2650; x_wconf 86' lang='lat' dir='ltr'><strong>Non</strong></span> <span class='ocrx_word' id='word_1_366' title='bbox 1829 2601 1919 2649; x_wconf 90' lang='lat' dir='ltr'><strong>est</strong></span> <span class='ocrx_word' id='word_1_367' title='bbox 1950 2594 2058 2648; x_wconf 87' lang='lat' dir='ltr'><strong>bo-</strong></span> 
     </span>
    </p>
   </div>
   <div class='ocr_carea' id='block_1_48' title="bbox 403 2681 2053 2758">
    <p class='ocr_par' dir='ltr' id='par_1_48' title="bbox 403 2681 2053 2758">
     <span class='ocr_line' id='line_1_48' title="bbox 403 2681 2053 2758; baseline -0.004 -15"><span class='ocrx_word' id='word_1_368' title='bbox 403 2703 546 2743; x_wconf 89' lang='lat' dir='ltr'><strong>num</strong></span> <span class='ocrx_word' id='word_1_369' title='bbox 567 2684 954 2758; x_wconf 89' lang='lat' dir='ltr'><strong>juvenculum</strong></span> <span class='ocrx_word' id='word_1_370' title='bbox 997 2698 1129 2739; x_wconf 90' lang='lat' dir='ltr'><strong>cum</strong></span> <span class='ocrx_word' id='word_1_371' title='bbox 1175 2681 1493 2752; x_wconf 89' lang='lat' dir='ltr'><strong>juvencula</strong></span> <span class='ocrx_word' id='word_1_372' title='bbox 1524 2681 1739 2738; x_wconf 89' lang='lat' dir='ltr'><strong>versari</strong></span> <span class='ocrx_word' id='word_1_373' title='bbox 1765 2681 2053 2754; x_wconf 81' lang='lat' dir='ltr'><strong>;alioquin</strong></span> 
     </span>
    </p>
   </div>
   <div class='ocr_carea' id='block_1_49' title="bbox 406 2771 2053 2844">
    <p class='ocr_par' dir='ltr' id='par_1_49' title="bbox 406 2771 2053 2844">
     <span class='ocr_line' id='line_1_49' title="bbox 406 2771 2053 2844; baseline -0.004 -12"><span class='ocrx_word' id='word_1_374' title='bbox 406 2775 554 2832; x_wconf 91' lang='lat' dir='ltr'><strong>nihil</strong></span> <span class='ocrx_word' id='word_1_375' title='bbox 586 2775 722 2831; x_wconf 88' lang='lat' dir='ltr'><strong>boni</strong></span> <span class='ocrx_word' id='word_1_376' title='bbox 745 2774 984 2844; x_wconf 82' lang='lat' dir='ltr'><strong>faciunt,</strong></span> <span class='ocrx_word' id='word_1_377' title='bbox 1011 2772 1196 2827; x_wconf 86' lang='lat' dir='ltr'><strong>altera</strong></span> <span class='ocrx_word' id='word_1_378' title='bbox 1223 2771 1378 2827; x_wconf 92' lang='lat' dir='ltr'><strong>enim</strong></span> <span class='ocrx_word' id='word_1_379' title='bbox 1432 2771 1596 2826; x_wconf 89' lang='lat' dir='ltr'><strong>alteri</strong></span> <span class='ocrx_word' id='word_1_380' title='bbox 1630 2788 1742 2826; x_wconf 91' lang='lat' dir='ltr'><strong>non</strong></span> <span class='ocrx_word' id='word_1_381' title='bbox 1779 2771 2053 2844; x_wconf 87' lang='lat' dir='ltr'><strong>obsequi-</strong></span> 
     </span>
    </p>
   </div>
   <div class='ocr_carea' id='block_1_50' title="bbox 406 2860 2051 2934">
    <p class='ocr_par' dir='ltr' id='par_1_50' title="bbox 406 2860 2051 2934">
     <span class='ocr_line' id='line_1_50' title="bbox 406 2860 2051 2934; baseline -0.004 -13"><span class='ocrx_word' id='word_1_382' title='bbox 406 2871 523 2934; x_wconf 86' lang='lat' dir='ltr'><strong>tur,</strong></span> <span class='ocrx_word' id='word_1_383' title='bbox 554 2863 737 2919; x_wconf 89' lang='lat' dir='ltr'><strong>altera</strong></span> <span class='ocrx_word' id='word_1_384' title='bbox 796 2860 1039 2917; x_wconf 88' lang='lat' dir='ltr'><strong>alteram</strong></span> <span class='ocrx_word' id='word_1_385' title='bbox 1070 2860 1410 2915; x_wconf 88' lang='lat' dir='ltr'><strong>contemnit.</strong></span> <span class='ocrx_word' id='word_1_386' title='bbox 1440 2860 1551 2915; x_wconf 88' lang='lat' dir='ltr'><strong>Sed</strong></span> <span class='ocrx_word' id='word_1_387' title='bbox 1591 2861 1808 2915; x_wconf 90' lang='lat' dir='ltr'><strong>bonum</strong></span> <span class='ocrx_word' id='word_1_388' title='bbox 1841 2866 1932 2916; x_wconf 90' lang='lat' dir='ltr'><strong>est</strong></span> <span class='ocrx_word' id='word_1_389' title='bbox 1953 2861 2051 2930; x_wconf 87' lang='lat' dir='ltr'><strong>ju-</strong></span> 
     </span>
    </p>
   </div>
   <div class='ocr_carea' id='block_1_51' title="bbox 402 2948 2051 3020">
    <p class='ocr_par' dir='ltr' id='par_1_51' title="bbox 402 2948 2051 3020">
     <span class='ocr_line' id='line_1_51' title="bbox 402 2948 2051 3020; baseline -0.002 -12"><span class='ocrx_word' id='word_1_390' title='bbox 402 2952 706 3010; x_wconf 89' lang='lat' dir='ltr'><strong>venculam</strong></span> <span class='ocrx_word' id='word_1_391' title='bbox 747 2952 990 3007; x_wconf 86' lang='lat' dir='ltr'><strong>subesse</strong></span> <span class='ocrx_word' id='word_1_392' title='bbox 1045 2949 1206 3005; x_wconf 90' lang='lat' dir='ltr'><strong>anui.</strong></span> <span class='ocrx_word' id='word_1_393' title='bbox 1266 2948 1562 3020; x_wconf 89' lang='lat' dir='ltr'><strong>Siquidem</strong></span> <span class='ocrx_word' id='word_1_394' title='bbox 1595 2966 1745 3005; x_wconf 85' lang='lat' dir='ltr'><strong>anus</strong></span> <span class='ocrx_word' id='word_1_395' title='bbox 1776 2966 1888 3004; x_wconf 91' lang='lat' dir='ltr'><strong>non</strong></span> <span class='ocrx_word' id='word_1_396' title='bbox 1913 2966 2051 3004; x_wconf 91' lang='lat' dir='ltr'><strong>con-</strong></span> 
     </span>
    </p>
   </div>
   <div class='ocr_carea' id='block_1_52' title="bbox 401 3037 2050 3111">
    <p class='ocr_par' dir='ltr' id='par_1_52' title="bbox 401 3037 2050 3111">
     <span class='ocr_line' id='line_1_52' title="bbox 401 3037 2050 3111; baseline -0.003 -12"><span class='ocrx_word' id='word_1_397' title='bbox 401 3042 583 3100; x_wconf 87' lang='lat' dir='ltr'><strong>sentit</strong></span> <span class='ocrx_word' id='word_1_398' title='bbox 628 3040 915 3097; x_wconf 76' lang='lat' dir='ltr'><strong>voluntati</strong></span> <span class='ocrx_word' id='word_1_399' title='bbox 957 3037 1307 3111; x_wconf 79' lang='lat' dir='ltr'><strong>juvenculas.</strong></span> <span class='ocrx_word' id='word_1_400' title='bbox 1367 3037 1466 3093; x_wconf 71' lang='lat' dir='ltr'><strong>Vm</strong></span> <span class='ocrx_word' id='word_1_401' title='bbox 1493 3038 1729 3110; x_wconf 80' lang='lat' dir='ltr'><strong>virgini,</strong></span> <span class='ocrx_word' id='word_1_402' title='bbox 1777 3055 1903 3109; x_wconf 73' lang='lat' dir='ltr'><strong>quae</strong></span> <span class='ocrx_word' id='word_1_403' title='bbox 1936 3055 2050 3094; x_wconf 93' lang='lat' dir='ltr'><strong>non</strong></span> 
     </span>
    </p>
   </div>
   <div class='ocr_carea' id='block_1_53' title="bbox 399 3127 2050 3202">
    <p class='ocr_par' dir='ltr' id='par_1_53' title="bbox 399 3127 2050 3202">
     <span class='ocr_line' id='line_1_53' title="bbox 399 3127 2050 3202; baseline -0.004 -13"><span class='ocrx_word' id='word_1_404' title='bbox 399 3133 604 3189; x_wconf 86' lang='lat' dir='ltr'><strong>subest</strong></span> <span class='ocrx_word' id='word_1_405' title='bbox 632 3131 847 3202; x_wconf 59' lang='lat' dir='ltr'><strong>regulas</strong></span> <span class='ocrx_word' id='word_1_406' title='bbox 873 3147 886 3185; x_wconf 90' lang='lat'><strong>:</strong></span> <span class='ocrx_word' id='word_1_407' title='bbox 918 3132 1008 3184; x_wconf 84' lang='lat' dir='ltr'><strong>est</strong></span> <span class='ocrx_word' id='word_1_408' title='bbox 1033 3128 1190 3183; x_wconf 89' lang='lat' dir='ltr'><strong>enim</strong></span> <span class='ocrx_word' id='word_1_409' title='bbox 1215 3127 1385 3198; x_wconf 89' lang='lat' dir='ltr'><strong>quasi</strong></span> <span class='ocrx_word' id='word_1_410' title='bbox 1403 3127 1671 3182; x_wconf 84' lang='lat' dir='ltr'><strong>navicula</strong></span> <span class='ocrx_word' id='word_1_411' title='bbox 1693 3127 1818 3183; x_wconf 90' lang='lat' dir='ltr'><strong>sine</strong></span> <span class='ocrx_word' id='word_1_412' title='bbox 1840 3128 2050 3200; x_wconf 88' lang='lat' dir='ltr'><strong>guber-</strong></span> 
     </span>
    </p>
   </div>
   <div class='ocr_carea' id='block_1_54' title="bbox 401 3215 2052 3290">
    <p class='ocr_par' dir='ltr' id='par_1_54' title="bbox 401 3215 2052 3290">
     <span class='ocr_line' id='line_1_54' title="bbox 401 3215 2052 3290; baseline -0.003 -12"><span class='ocrx_word' id='word_1_413' title='bbox 401 3226 622 3278; x_wconf 88' lang='lat' dir='ltr'><strong>natore.</strong></span> <span class='ocrx_word' id='word_1_414' title='bbox 655 3217 976 3276; x_wconf 84' lang='lat' dir='ltr'><strong>Confraotis</strong></span> <span class='ocrx_word' id='word_1_415' title='bbox 999 3216 1216 3290; x_wconf 91' lang='lat' dir='ltr'><strong>quippe</strong></span> <span class='ocrx_word' id='word_1_416' title='bbox 1247 3215 1683 3288; x_wconf 86' lang='lat' dir='ltr'><strong>gubernaculis,</strong></span> <span class='ocrx_word' id='word_1_417' title='bbox 1707 3234 1809 3273; x_wconf 87' lang='lat' dir='ltr'><strong>nec</strong></span> <span class='ocrx_word' id='word_1_418' title='bbox 1844 3219 2052 3273; x_wconf 88' lang='lat' dir='ltr'><strong>ducem</strong></span> 
     </span>
    </p>
   </div>
   <div class='ocr_carea' id='block_1_55' title="bbox 399 3305 2056 3377">
    <p class='ocr_par' dir='ltr' id='par_1_55' title="bbox 399 3305 2056 3377">
     <span class='ocr_line' id='line_1_55' title="bbox 399 3305 2056 3377; baseline -0.003 -10"><span class='ocrx_word' id='word_1_419' title='bbox 399 3311 648 3377; x_wconf 81' lang='lat' dir='ltr'><strong>habens,</strong></span> <span class='ocrx_word' id='word_1_420' title='bbox 681 3309 831 3364; x_wconf 90' lang='lat' dir='ltr'><strong>ultro</strong></span> <span class='ocrx_word' id='word_1_421' title='bbox 883 3307 1147 3377; x_wconf 88' lang='lat' dir='ltr'><strong>citroque</strong></span> <span class='ocrx_word' id='word_1_422' title='bbox 1189 3307 1447 3376; x_wconf 76' lang='lat' dir='ltr'><strong>jectatur</strong></span> <span class='ocrx_word' id='word_1_423' title='bbox 1476 3323 1509 3360; x_wconf 92' lang='lat' dir='ltr'><strong>a</strong></span> <span class='ocrx_word' id='word_1_424' title='bbox 1542 3305 1838 3376; x_wconf 82' lang='lat' dir='ltr'><strong>ﬂuctibus,</strong></span> <span class='ocrx_word' id='word_1_425' title='bbox 1871 3307 2056 3362; x_wconf 85' lang='lat' dir='ltr'><strong>donec</strong></span> 
     </span>
    </p>
   </div>
   <div class='ocr_carea' id='block_1_56' title="bbox 402 3395 2058 3471">
    <p class='ocr_par' dir='ltr' id='par_1_56' title="bbox 402 3395 2058 3471">
     <span class='ocr_line' id='line_1_56' title="bbox 402 3395 2058 3471; baseline -0.002 -16"><span class='ocrx_word' id='word_1_426' title='bbox 402 3399 464 3455; x_wconf 89' lang='lat' dir='ltr'><strong>in</strong></span> <span class='ocrx_word' id='word_1_427' title='bbox 515 3402 742 3471; x_wconf 89' lang='lat' dir='ltr'><strong>petram</strong></span> <span class='ocrx_word' id='word_1_428' title='bbox 795 3395 1120 3462; x_wconf 81' lang='lat' dir='ltr'><strong>oﬂ‘endens,</strong></span> <span class='ocrx_word' id='word_1_429' title='bbox 1188 3395 1504 3466; x_wconf 86' lang='lat' dir='ltr'><strong>derepente</strong></span> <span class='ocrx_word' id='word_1_430' title='bbox 1561 3399 1778 3466; x_wconf 87' lang='lat' dir='ltr'><strong>pereat.</strong></span> <span class='ocrx_word' id='word_1_431' title='bbox 1833 3396 1918 3451; x_wconf 87' lang='lat' dir='ltr'><strong>Ita</strong></span> <span class='ocrx_word' id='word_1_432' title='bbox 1968 3399 2058 3451; x_wconf 90' lang='lat' dir='ltr'><strong>est</strong></span> 
     </span>
    </p>
   </div>
   <div class='ocr_carea' id='block_1_57' title="bbox 405 3483 2060 3558">
    <p class='ocr_par' dir='ltr' id='par_1_57' title="bbox 405 3483 2060 3558">
     <span class='ocr_line' id='line_1_57' title="bbox 405 3483 2060 3558; baseline -0.003 -14"><span class='ocrx_word' id='word_1_433' title='bbox 405 3487 599 3544; x_wconf 89' lang='lat' dir='ltr'><strong>omnis</strong></span> <span class='ocrx_word' id='word_1_434' title='bbox 626 3486 785 3558; x_wconf 88' lang='lat' dir='ltr'><strong>virgo</strong></span> <span class='ocrx_word' id='word_1_435' title='bbox 837 3501 965 3556; x_wconf 67' lang='lat' dir='ltr'><strong>quae</strong></span> <span class='ocrx_word' id='word_1_436' title='bbox 997 3501 1112 3540; x_wconf 89' lang='lat' dir='ltr'><strong>non</strong></span> <span class='ocrx_word' id='word_1_437' title='bbox 1142 3483 1319 3538; x_wconf 86' lang='lat' dir='ltr'><strong>habet</strong></span> <span class='ocrx_word' id='word_1_438' title='bbox 1350 3499 1525 3555; x_wconf 91' lang='lat' dir='ltr'><strong>quem</strong></span> <span class='ocrx_word' id='word_1_439' title='bbox 1566 3488 1852 3540; x_wconf 87' lang='lat' dir='ltr'><strong>vereatur.</strong></span> <span class='ocrx_word' id='word_1_440' title='bbox 1887 3485 2060 3539; x_wconf 89' lang='lat' dir='ltr'><strong>Beata</strong></span> 
     </span>
    </p>
   </div>
   <div class='ocr_carea' id='block_1_58' title="bbox 407 3570 2057 3648">
    <p class='ocr_par' dir='ltr' id='par_1_58' title="bbox 407 3570 2057 3648">
     <span class='ocr_line' id='line_1_58' title="bbox 407 3570 2057 3648; baseline -0.003 -16"><span class='ocrx_word' id='word_1_441' title='bbox 407 3576 569 3648; x_wconf 89' lang='lat' dir='ltr'><strong>virgo</strong></span> <span class='ocrx_word' id='word_1_442' title='bbox 599 3591 727 3646; x_wconf 63' lang='lat' dir='ltr'><strong>qua;</strong></span> <span class='ocrx_word' id='word_1_443' title='bbox 757 3579 847 3630; x_wconf 88' lang='lat' dir='ltr'><strong>est</strong></span> <span class='ocrx_word' id='word_1_444' title='bbox 875 3574 988 3628; x_wconf 90' lang='lat' dir='ltr'><strong>sub</strong></span> <span class='ocrx_word' id='word_1_445' title='bbox 1019 3570 1220 3644; x_wconf 91' lang='lat' dir='ltr'><strong>regula</strong></span> <span class='ocrx_word' id='word_1_446' title='bbox 1243 3573 1387 3626; x_wconf 89' lang='lat' dir='ltr'><strong>:erit</strong></span> <span class='ocrx_word' id='word_1_447' title='bbox 1427 3588 1682 3644; x_wconf 89' lang='lat' dir='ltr'><strong>namque</strong></span> <span class='ocrx_word' id='word_1_448' title='bbox 1729 3573 1898 3643; x_wconf 81' lang='lat' dir='ltr'><strong>quasi</strong></span> <span class='ocrx_word' id='word_1_449' title='bbox 1922 3573 2057 3628; x_wconf 88' lang='lat' dir='ltr'><strong>vitis</strong></span> 
     </span>
    </p>
   </div>
   <div class='ocr_carea' id='block_1_59' title="bbox 407 3661 2060 3736">
    <p class='ocr_par' dir='ltr' id='par_1_59' title="bbox 407 3661 2060 3736">
     <span class='ocr_line' id='line_1_59' title="bbox 407 3661 2060 3736; baseline -0.002 -15"><span class='ocrx_word' id='word_1_450' title='bbox 407 3665 468 3721; x_wconf 91' lang='lat' dir='ltr'><strong>in</strong></span> <span class='ocrx_word' id='word_1_451' title='bbox 501 3662 774 3736; x_wconf 88' lang='lat' dir='ltr'><strong>paradiso</strong></span> <span class='ocrx_word' id='word_1_452' title='bbox 823 3662 1143 3727; x_wconf 79' lang='lat' dir='ltr'><strong>fructifera,</strong></span> <span class='ocrx_word' id='word_1_453' title='bbox 1177 3661 1249 3714; x_wconf 92' lang='lat' dir='ltr'><strong>ad</strong></span> <span class='ocrx_word' id='word_1_454' title='bbox 1309 3677 1488 3732; x_wconf 87' lang='lat' dir='ltr'><strong>quam</strong></span> <span class='ocrx_word' id='word_1_455' title='bbox 1534 3661 1772 3716; x_wconf 89' lang='lat' dir='ltr'><strong>veniens</strong></span> <span class='ocrx_word' id='word_1_456' title='bbox 1804 3663 2060 3734; x_wconf 86' lang='lat' dir='ltr'><strong>agricola</strong></span> 
     </span>
    </p>
   </div>
   <div class='ocr_carea' id='block_1_60' title="bbox 407 3736 2056 3826">
    <p class='ocr_par' dir='ltr' id='par_1_60' title="bbox 407 3736 2056 3826">
     <span class='ocr_line' id='line_1_60' title="bbox 407 3736 2056 3826; baseline -0.001 -18"><span class='ocrx_word' id='word_1_457' title='bbox 407 3757 578 3826; x_wconf 88' lang='lat' dir='ltr'><strong>putat</strong></span> <span class='ocrx_word' id='word_1_458' title='bbox 599 3750 871 3824; x_wconf 84' lang='lat' dir='ltr'><strong>palmites</strong></span> <span class='ocrx_word' id='word_1_459' title='bbox 899 3751 1048 3820; x_wconf 84' lang='lat' dir='ltr'><strong>ejus,</strong></span> <span class='ocrx_word' id='word_1_460' title='bbox 1080 3764 1211 3804; x_wconf 89' lang='lat' dir='ltr'><strong>eam</strong></span> <span class='ocrx_word' id='word_1_461' title='bbox 1240 3736 1465 3821; x_wconf 82' lang='lat' dir='ltr'><strong>irrigat,</strong></span> <span class='ocrx_word' id='word_1_462' title='bbox 1505 3749 1808 3820; x_wconf 90' lang='lat' dir='ltr'><strong>malasque</strong></span> <span class='ocrx_word' id='word_1_463' title='bbox 1837 3749 2056 3806; x_wconf 88' lang='lat' dir='ltr'><strong>circum</strong></span> 
     </span>
    </p>
   </div>
   <div class='ocr_carea' id='block_1_61' title="bbox 409 3836 2054 3909">
    <p class='ocr_par' dir='ltr' id='par_1_61' title="bbox 409 3836 2054 3909">
     <span class='ocr_line' id='line_1_61' title="bbox 409 3836 2054 3909; baseline -0.003 -10"><span class='ocrx_word' id='word_1_464' title='bbox 409 3841 621 3899; x_wconf 88' lang='lat' dir='ltr'><strong>herbas</strong></span> <span class='ocrx_word' id='word_1_465' title='bbox 651 3839 862 3897; x_wconf 87' lang='lat' dir='ltr'><strong>evellit.</strong></span> <span class='ocrx_word' id='word_1_466' title='bbox 899 3837 1003 3894; x_wconf 93' lang='lat' dir='ltr'><strong>llla</strong></span> <span class='ocrx_word' id='word_1_467' title='bbox 1030 3853 1163 3893; x_wconf 89' lang='lat' dir='ltr'><strong>vero</strong></span> <span class='ocrx_word' id='word_1_468' title='bbox 1192 3838 1335 3893; x_wconf 90' lang='lat' dir='ltr'><strong>dum</strong></span> <span class='ocrx_word' id='word_1_469' title='bbox 1386 3836 1564 3893; x_wconf 90' lang='lat' dir='ltr'><strong>habet</strong></span> <span class='ocrx_word' id='word_1_470' title='bbox 1593 3839 1694 3909; x_wconf 90' lang='lat' dir='ltr'><strong>qui</strong></span> <span class='ocrx_word' id='word_1_471' title='bbox 1724 3855 1786 3894; x_wconf 90' lang='lat' dir='ltr'><strong>se</strong></span> <span class='ocrx_word' id='word_1_472' title='bbox 1811 3839 2054 3906; x_wconf 85' lang='lat' dir='ltr'><strong>excolat,</strong></span> 
     </span>
    </p>
   </div>
   <div class='ocr_carea' id='block_1_62' title="bbox 405 3926 2060 4000">
    <p class='ocr_par' dir='ltr' id='par_1_62' title="bbox 405 3926 2060 4000">
     <span class='ocr_line' id='line_1_62' title="bbox 405 3926 2060 4000; baseline -0.004 -12"><span class='ocrx_word' id='word_1_473' title='bbox 405 3933 661 3989; x_wconf 84' lang='lat' dir='ltr'><strong>fructum</strong></span> <span class='ocrx_word' id='word_1_474' title='bbox 688 3945 865 3985; x_wconf 90' lang='lat' dir='ltr'><strong>suum</strong></span> <span class='ocrx_word' id='word_1_475' title='bbox 887 3928 1210 3999; x_wconf 87' lang='lat' dir='ltr'><strong>pretiosum</strong></span> <span class='ocrx_word' id='word_1_476' title='bbox 1224 3926 1482 3981; x_wconf 82' lang='lat' dir='ltr'><strong>redditio</strong></span> <span class='ocrx_word' id='word_1_477' title='bbox 1507 3931 1768 3999; x_wconf 87' lang='lat' dir='ltr'><strong>tempore</strong></span> <span class='ocrx_word' id='word_1_478' title='bbox 1783 3933 2060 4000; x_wconf 86' lang='lat' dir='ltr'><strong>opportu-</strong></span> 
     </span>
    </p>
   </div>
   <div class='ocr_carea' id='block_1_63' title="bbox 404 4015 2057 4088">
    <p class='ocr_par' dir='ltr' id='par_1_63' title="bbox 404 4015 2057 4088">
     <span class='ocr_line' id='line_1_63' title="bbox 404 4015 2057 4088; baseline -0.005 -10"><span class='ocrx_word' id='word_1_479' title='bbox 404 4021 640 4078; x_wconf 69' lang='lat' dir='ltr'><strong>no.Hzec</strong></span> <span class='ocrx_word' id='word_1_480' title='bbox 671 4018 988 4085; x_wconf 88' lang='lat' dir='ltr'><strong>custodi,et</strong></span> <span class='ocrx_word' id='word_1_481' title='bbox 1006 4015 1456 4088; x_wconf 84' lang='lat' dir='ltr'><strong>glorificationes</strong></span> <span class='ocrx_word' id='word_1_482' title='bbox 1478 4015 1610 4071; x_wconf 88' lang='lat' dir='ltr'><strong>illas</strong></span> <span class='ocrx_word' id='word_1_483' title='bbox 1640 4017 1698 4070; x_wconf 88' lang='lat' dir='ltr'><strong>in</strong></span> <span class='ocrx_word' id='word_1_484' title='bbox 1723 4033 2057 4073; x_wconf 88' lang='lat' dir='ltr'><strong>mensaser-</strong></span> 
     </span>
    </p>
   </div>
   <div class='ocr_carea' id='block_1_64' title="bbox 403 4105 2056 4179">
    <p class='ocr_par' dir='ltr' id='par_1_64' title="bbox 403 4105 2056 4179">
     <span class='ocr_line' id='line_1_64' title="bbox 403 4105 2056 4179; baseline -0.002 -15"><span class='ocrx_word' id='word_1_485' title='bbox 403 4108 791 4179; x_wconf 88' lang='lat' dir='ltr'><strong>vato,eritque</strong></span> <span class='ocrx_word' id='word_1_486' title='bbox 820 4106 987 4161; x_wconf 89' lang='lat' dir='ltr'><strong>cibus</strong></span> <span class='ocrx_word' id='word_1_487' title='bbox 1016 4109 1306 4176; x_wconf 88' lang='lat' dir='ltr'><strong>potusque</strong></span> <span class='ocrx_word' id='word_1_488' title='bbox 1333 4105 2056 4161; x_wconf 81' lang='lat' dir='ltr'><strong>tuussanctificatus.Cum</strong></span> 
     </span>
    </p>
   </div>
   <div class='ocr_carea' id='block_1_65' title="bbox 404 4194 2056 4270">
    <p class='ocr_par' dir='ltr' id='par_1_65' title="bbox 404 4194 2056 4270">
     <span class='ocr_line' id='line_1_65' title="bbox 404 4194 2056 4270; baseline -0.002 -16"><span class='ocrx_word' id='word_1_489' title='bbox 404 4199 604 4270; x_wconf 81' lang='lat' dir='ltr'><strong>itaque</strong></span> <span class='ocrx_word' id='word_1_490' title='bbox 637 4215 670 4253; x_wconf 88' lang='lat' dir='ltr'><strong>a</strong></span> <span class='ocrx_word' id='word_1_491' title='bbox 698 4212 902 4252; x_wconf 89' lang='lat' dir='ltr'><strong>mensa</strong></span> <span class='ocrx_word' id='word_1_492' title='bbox 931 4194 1274 4261; x_wconf 84' lang='lat' dir='ltr'><strong>surrexeris,</strong></span> <span class='ocrx_word' id='word_1_493' title='bbox 1294 4211 1530 4249; x_wconf 90' lang='lat' dir='ltr'><strong>rursum</strong></span> <span class='ocrx_word' id='word_1_494' title='bbox 1560 4196 1780 4266; x_wconf 87' lang='lat' dir='ltr'><strong>gratias</strong></span> <span class='ocrx_word' id='word_1_495' title='bbox 1809 4196 2056 4266; x_wconf 83' lang='lat' dir='ltr'><strong>agendo,</strong></span> 
     </span>
    </p>
   </div>
   <div class='ocr_carea' id='block_1_66' title="bbox 406 4284 2056 4353">
    <p class='ocr_par' dir='ltr' id='par_1_66' title="bbox 406 4284 2056 4353">
     <span class='ocr_line' id='line_1_66' title="bbox 406 4284 2056 4353; baseline -0.001 -11"><span class='ocrx_word' id='word_1_496' title='bbox 406 4293 496 4343; x_wconf 90' lang='lat' dir='ltr'><strong>ter</strong></span> <span class='ocrx_word' id='word_1_497' title='bbox 524 4287 698 4342; x_wconf 87' lang='lat' dir='ltr'><strong>dicito</strong></span> <span class='ocrx_word' id='word_1_498' title='bbox 723 4303 736 4341; x_wconf 87' lang='lat'>:</span> <span class='ocrx_word' id='word_1_499' title='bbox 763 4308 789 4335; x_wconf 88' lang='grc'><em>‹‹</em></span> <span class='ocrx_word' id='word_1_500' title='bbox 812 4285 1141 4340; x_wconf 89' lang='lat' dir='ltr'><strong>Misericors</strong></span> <span class='ocrx_word' id='word_1_501' title='bbox 1163 4284 1534 4340; x_wconf 90' lang='lat' dir='ltr'><strong>elmiserator</strong></span> <span class='ocrx_word' id='word_1_502' title='bbox 1549 4284 2056 4353; x_wconf 86' lang='lat' dir='ltr'><strong>Dominus,escam</strong></span> 
     </span>
    </p>
   </div>
   <div class='ocr_carea' id='block_1_67' title="bbox 407 4372 2057 4446">
    <p class='ocr_par' dir='ltr' id='par_1_67' title="bbox 407 4372 2057 4446">
     <span class='ocr_line' id='line_1_67' title="bbox 407 4372 2057 4446; baseline -0.002 -15"><span class='ocrx_word' id='word_1_503' title='bbox 407 4376 566 4432; x_wconf 89' lang='lat' dir='ltr'><strong>dedit</strong></span> <span class='ocrx_word' id='word_1_504' title='bbox 591 4373 935 4431; x_wconf 83' lang='lat' dir='ltr'><strong>timentibus</strong></span> <span class='ocrx_word' id='word_1_505' title='bbox 967 4389 1029 4429; x_wconf 91' lang='lat' dir='ltr'><strong>se</strong></span> <span class='ocrx_word' id='word_1_506' title='bbox 1048 4373 1115 4428; x_wconf 74' lang='grc'><strong>⁸³.</strong></span> <span class='ocrx_word' id='word_1_507' title='bbox 1158 4372 1355 4428; x_wconf 88' lang='lat' dir='ltr'><strong>Gloria</strong></span> <span class='ocrx_word' id='word_1_508' title='bbox 1387 4372 1541 4427; x_wconf 88' lang='lat' dir='ltr'><strong>Patri</strong></span> <span class='ocrx_word' id='word_1_509' title='bbox 1570 4377 1627 4428; x_wconf 92' lang='lat' dir='ltr'><strong>et</strong></span> <span class='ocrx_word' id='word_1_510' title='bbox 1667 4372 1808 4428; x_wconf 85' lang='lat' dir='ltr'><strong>Filio</strong></span> <span class='ocrx_word' id='word_1_511' title='bbox 1839 4378 1896 4428; x_wconf 88' lang='lat' dir='ltr'><strong>et</strong></span> <span class='ocrx_word' id='word_1_512' title='bbox 1926 4373 2057 4446; x_wconf 89' lang='lat' dir='ltr'><strong>Spi-</strong></span> 
     </span>
    </p>
   </div>
   <div class='ocr_carea' id='block_1_68' title="bbox 407 4461 2061 4533">
    <p class='ocr_par' dir='ltr' id='par_1_68' title="bbox 407 4461 2061 4533">
     <span class='ocr_line' id='line_1_68' title="bbox 407 4461 2061 4533; baseline -0.001 -13"><span class='ocrx_word' id='word_1_513' title='bbox 407 4466 543 4521; x_wconf 90' lang='lat' dir='ltr'><strong>ritui</strong></span> <span class='ocrx_word' id='word_1_514' title='bbox 565 4467 790 4521; x_wconf 91' lang='lat' dir='ltr'><strong>sancto.</strong></span> <span class='ocrx_word' id='word_1_515' title='bbox 845 4464 915 4519; x_wconf 90' lang='lat' dir='ltr'><strong>Et</strong></span> <span class='ocrx_word' id='word_1_516' title='bbox 945 4479 1102 4518; x_wconf 85' lang='lat' dir='ltr'><strong>nunc</strong></span> <span class='ocrx_word' id='word_1_517' title='bbox 1133 4465 1191 4518; x_wconf 88' lang='lat' dir='ltr'><strong>et</strong></span> <span class='ocrx_word' id='word_1_518' title='bbox 1223 4478 1456 4533; x_wconf 89' lang='lat' dir='ltr'><strong>semper</strong></span> <span class='ocrx_word' id='word_1_519' title='bbox 1485 4467 1542 4517; x_wconf 90' lang='lat' dir='ltr'><strong>et</strong></span> <span class='ocrx_word' id='word_1_520' title='bbox 1571 4461 1629 4516; x_wconf 89' lang='lat' dir='ltr'><strong>in</strong></span> <span class='ocrx_word' id='word_1_521' title='bbox 1662 4461 1892 4518; x_wconf 75' lang='lat' dir='ltr'><strong>saacula.</strong></span> <span class='ocrx_word' id='word_1_522' title='bbox 1929 4485 1958 4512; x_wconf 85' lang='lat'>»</span> <span class='ocrx_word' id='word_1_523' title='bbox 1989 4466 2061 4519; x_wconf 82' lang='lat' dir='ltr'><strong>Et</strong></span> 
     </span>
    </p>
   </div>
   <div class='ocr_carea' id='block_1_69' title="bbox 407 4550 2058 4628">
    <p class='ocr_par' dir='ltr' id='par_1_69' title="bbox 407 4550 2058 4628">
     <span class='ocr_line' id='line_1_69' title="bbox 407 4550 2058 4628; baseline -0.003 -16"><span class='ocrx_word' id='word_1_524' title='bbox 407 4560 540 4628; x_wconf 91' lang='lat' dir='ltr'><strong>post</strong></span> <span class='ocrx_word' id='word_1_525' title='bbox 559 4553 804 4627; x_wconf 89' lang='lat' dir='ltr'><strong>gloriam</strong></span> <span class='ocrx_word' id='word_1_526' title='bbox 825 4551 942 4609; x_wconf 91' lang='lat' dir='ltr'><strong>Deo</strong></span> <span class='ocrx_word' id='word_1_527' title='bbox 974 4553 1196 4618; x_wconf 86' lang='lat' dir='ltr'><strong>datam,</strong></span> <span class='ocrx_word' id='word_1_528' title='bbox 1222 4551 1542 4606; x_wconf 86' lang='lat' dir='ltr'><strong>orationem</strong></span> <span class='ocrx_word' id='word_1_529' title='bbox 1566 4550 1659 4606; x_wconf 91' lang='lat' dir='ltr'><strong>his</strong></span> <span class='ocrx_word' id='word_1_530' title='bbox 1687 4567 1812 4607; x_wconf 87' lang='lat' dir='ltr'><strong>com</strong></span> <span class='ocrx_word' id='word_1_531' title='bbox 1821 4551 1912 4624; x_wconf 91' lang='lat' dir='ltr'><strong>ple</strong></span> <span class='ocrx_word' id='word_1_532' title='bbox 1935 4569 2058 4608; x_wconf 90' lang='lat' dir='ltr'><strong>ver-</strong></span> 
     </span>
    </p>
   </div>
   <div class='ocr_carea' id='block_1_70' title="bbox 406 4640 2057 4712">
    <p class='ocr_par' dir='ltr' id='par_1_70' title="bbox 406 4640 2057 4712">
     <span class='ocr_line' id='line_1_70' title="bbox 406 4640 2057 4712; baseline -0.001 -13"><span class='ocrx_word' id='word_1_533' title='bbox 406 4644 532 4699; x_wconf 89' lang='lat' dir='ltr'><strong>bis:</strong></span> <span class='ocrx_word' id='word_1_534' title='bbox 589 4649 737 4699; x_wconf 90' lang='lat' dir='ltr'><strong>Deus</strong></span> <span class='ocrx_word' id='word_1_535' title='bbox 791 4642 1188 4712; x_wconf 89' lang='lat' dir='ltr'><strong>omnipotens,</strong></span> <span class='ocrx_word' id='word_1_536' title='bbox 1246 4644 1303 4696; x_wconf 89' lang='lat' dir='ltr'><strong>et</strong></span> <span class='ocrx_word' id='word_1_537' title='bbox 1335 4640 1620 4695; x_wconf 87' lang='lat' dir='ltr'><strong>Dominus</strong></span> <span class='ocrx_word' id='word_1_538' title='bbox 1661 4642 2057 4697; x_wconf 82' lang='lat' dir='ltr'><strong>nosterJesue</strong></span> 
     </span>
    </p>
   </div>
   <div class='ocr_carea' id='block_1_71' title="bbox 404 4730 2055 4802">
    <p class='ocr_par' dir='ltr' id='par_1_71' title="bbox 404 4730 2055 4802">
     <span class='ocr_line' id='line_1_71' title="bbox 404 4730 2055 4802; baseline -0.002 -14"><span class='ocrx_word' id='word_1_539' title='bbox 404 4733 696 4799; x_wconf 88' lang='lat' dir='ltr'><strong>Christus,</strong></span> <span class='ocrx_word' id='word_1_540' title='bbox 711 4730 865 4801; x_wconf 88' lang='lat' dir='ltr'><strong>quod</strong></span> <span class='ocrx_word' id='word_1_541' title='bbox 895 4733 986 4784; x_wconf 88' lang='lat' dir='ltr'><strong>est</strong></span> <span class='ocrx_word' id='word_1_542' title='bbox 1017 4744 1230 4784; x_wconf 88' lang='lat' dir='ltr'><strong>nomen</strong></span> <span class='ocrx_word' id='word_1_543' title='bbox 1264 4745 1442 4800; x_wconf 87' lang='lat' dir='ltr'><strong>super</strong></span> <span class='ocrx_word' id='word_1_544' title='bbox 1461 4744 1633 4784; x_wconf 87' lang='lat' dir='ltr'><strong>omne</strong></span> <span class='ocrx_word' id='word_1_545' title='bbox 1657 4745 1890 4796; x_wconf 86' lang='lat' dir='ltr'><strong>nomen,</strong></span> <span class='ocrx_word' id='word_1_546' title='bbox 1923 4747 2055 4802; x_wconf 88' lang='lat' dir='ltr'><strong>gra-</strong></span> 
     </span>
    </p>
   </div>
   <div class='ocr_carea' id='block_1_72' title="bbox 404 4816 2056 4892">
    <p class='ocr_par' dir='ltr' id='par_1_72' title="bbox 404 4816 2056 4892">
     <span class='ocr_line' id='line_1_72' title="bbox 404 4816 2056 4892; baseline -0.002 -15"><span class='ocrx_word' id='word_1_547' title='bbox 404 4822 517 4878; x_wconf 87' lang='lat' dir='ltr'><strong>tias</strong></span> <span class='ocrx_word' id='word_1_548' title='bbox 540 4819 772 4892; x_wconf 88' lang='lat' dir='ltr'><strong>agimus</strong></span> <span class='ocrx_word' id='word_1_549' title='bbox 814 4818 922 4874; x_wconf 90' lang='lat' dir='ltr'><strong>tibi</strong></span> <span class='ocrx_word' id='word_1_550' title='bbox 952 4823 1006 4872; x_wconf 84' lang='lat' dir='ltr'><strong>ct</strong></span> <span class='ocrx_word' id='word_1_551' title='bbox 1038 4816 1352 4872; x_wconf 89' lang='lat' dir='ltr'><strong>laudamus</strong></span> <span class='ocrx_word' id='word_1_552' title='bbox 1409 4822 1486 4887; x_wconf 90' lang='lat' dir='ltr'><strong>te,</strong></span> <span class='ocrx_word' id='word_1_553' title='bbox 1520 4817 1658 4889; x_wconf 86' lang='lat' dir='ltr'><strong>quia</strong></span> <span class='ocrx_word' id='word_1_554' title='bbox 1687 4817 1963 4890; x_wconf 79' lang='lat' dir='ltr'><strong>dignatus</strong></span> <span class='ocrx_word' id='word_1_555' title='bbox 1993 4836 2056 4874; x_wconf 93' lang='lat' dir='ltr'><strong>es</strong></span> 
     </span>
    </p>
   </div>
   <div class='ocr_carea' id='block_1_73' title="bbox 403 4905 2055 4979">
    <p class='ocr_par' dir='ltr' id='par_1_73' title="bbox 403 4905 2055 4979">
     <span class='ocr_line' id='line_1_73' title="bbox 403 4905 2055 4979; baseline -0.004 -11"><span class='ocrx_word' id='word_1_556' title='bbox 403 4927 509 4968; x_wconf 90' lang='lat' dir='ltr'><strong>nos</strong></span> <span class='ocrx_word' id='word_1_557' title='bbox 568 4911 856 4965; x_wconf 91' lang='lat' dir='ltr'><strong>bonorum</strong></span> <span class='ocrx_word' id='word_1_558' title='bbox 905 4912 1139 4963; x_wconf 89' lang='lat' dir='ltr'><strong>tuorum</strong></span> <span class='ocrx_word' id='word_1_559' title='bbox 1174 4905 1484 4979; x_wconf 87' lang='lat' dir='ltr'><strong>participes</strong></span> <span class='ocrx_word' id='word_1_560' title='bbox 1515 4906 1660 4977; x_wconf 86' lang='lat' dir='ltr'><strong>ﬁeri,</strong></span> <span class='ocrx_word' id='word_1_561' title='bbox 1693 4910 1750 4963; x_wconf 91' lang='lat' dir='ltr'><strong>et</strong></span> <span class='ocrx_word' id='word_1_562' title='bbox 1787 4924 2055 4963; x_wconf 89' lang='lat' dir='ltr'><strong>escarum</strong></span> 
     </span>
    </p>
   </div>
   <div class='ocr_carea' id='block_1_74' title="bbox 401 4996 2061 5069">
    <p class='ocr_par' dir='ltr' id='par_1_74' title="bbox 401 4996 2061 5069">
     <span class='ocr_line' id='line_1_74' title="bbox 401 4996 2061 5069; baseline -0.003 -12"><span class='ocrx_word' id='word_1_563' title='bbox 401 4998 749 5057; x_wconf 85' lang='lat' dir='ltr'><strong>carnalium.</strong></span> <span class='ocrx_word' id='word_1_564' title='bbox 775 4997 1070 5069; x_wconf 82' lang='lat' dir='ltr'><strong>Rogamus</strong></span> <span class='ocrx_word' id='word_1_565' title='bbox 1097 5001 1155 5052; x_wconf 87' lang='lat' dir='ltr'><strong>et</strong></span> <span class='ocrx_word' id='word_1_566' title='bbox 1181 4996 1557 5052; x_wconf 89' lang='lat' dir='ltr'><strong>obsecramus</strong></span> <span class='ocrx_word' id='word_1_567' title='bbox 1588 5001 1664 5063; x_wconf 87' lang='lat' dir='ltr'><strong>te,</strong></span> <span class='ocrx_word' id='word_1_568' title='bbox 1703 4996 1963 5063; x_wconf 89' lang='lat' dir='ltr'><strong>Domine,</strong></span> <span class='ocrx_word' id='word_1_569' title='bbox 1996 5000 2061 5052; x_wconf 90' lang='lat' dir='ltr'><strong>ut</strong></span> 
     </span>
    </p>
   </div>
   <div class='ocr_carea' id='block_1_75' title="bbox 469 5175 1387 5247">
    <p class='ocr_par' dir='ltr' id='par_1_75' title="bbox 469 5175 1387 5247">
     <span class='ocr_line' id='line_1_75' title="bbox 469 5175 1387 5247; baseline -0.007 -11"><span class='ocrx_word' id='word_1_570' title='bbox 469 5181 512 5216; x_wconf 73' lang='grc'><strong>⁸⁸</strong></span> <span class='ocrx_word' id='word_1_571' title='bbox 540 5178 693 5236; x_wconf 88' lang='lat' dir='ltr'><strong>Eccl.</strong></span> <span class='ocrx_word' id='word_1_572' title='bbox 725 5194 848 5247; x_wconf 83' lang='lat' dir='ltr'><strong>xm,</strong></span> <span class='ocrx_word' id='word_1_573' title='bbox 877 5178 926 5232; x_wconf 92' lang='grc'><strong>1.</strong></span> <span class='ocrx_word' id='word_1_574' title='bbox 959 5177 1006 5212; x_wconf 68' lang='grc'><strong>⁸³</strong></span> <span class='ocrx_word' id='word_1_575' title='bbox 1036 5175 1188 5233; x_wconf 87' lang='lat' dir='ltr'><strong>Psal.</strong></span> <span class='ocrx_word' id='word_1_576' title='bbox 1216 5191 1303 5247; x_wconf 83' lang='lat' dir='ltr'><strong>cx,</strong></span> <span class='ocrx_word' id='word_1_577' title='bbox 1337 5177 1387 5231; x_wconf 78' lang='grc'>4.</span> 
     </span>
    </p>
   </div>
   <div class='ocr_carea' id='block_1_76' title="bbox 473 5358 2054 5438">
    <p class='ocr_par' dir='ltr' id='par_1_76' title="bbox 473 5358 2054 5438">
     <span class='ocr_line' id='line_1_76' title="bbox 473 5358 2054 5438; baseline -0.005 -16"><span class='ocrx_word' id='word_1_578' title='bbox 473 5367 582 5438; x_wconf 85' lang='lat'><strong>(25)</strong></span> <span class='ocrx_word' id='word_1_579' title='bbox 625 5363 1006 5438; x_wconf 78' lang='lat' dir='ltr'><strong>Anglicanus,</strong></span> <span class='ocrx_word' id='word_1_580' title='bbox 1061 5358 1515 5438; x_wconf 64' lang='lat' dir='ltr'><strong>xa0lop&lt;._E(iiti</strong></span> <span class='ocrx_word' id='word_1_581' title='bbox 1573 5377 1727 5429; x_wconf 89' lang='lat' dir='ltr'><strong>vero,</strong></span> <span class='ocrx_word' id='word_1_582' title='bbox 1754 5358 2054 5438; x_wconf 41' lang='lat' dir='ltr'><strong>“napique,</strong></span> 
     </span>
    </p>
   </div>
   <div class='ocr_carea' id='block_1_77' title="bbox 401 5431 2054 5507">
    <p class='ocr_par' dir='ltr' id='par_1_77' title="bbox 401 5431 2054 5507">
     <span class='ocr_line' id='line_1_77' title="bbox 401 5431 2054 5507; baseline -0.002 -13"><span class='ocrx_word' id='word_1_583' title='bbox 401 5431 644 5507; x_wconf 73' lang='lat' dir='ltr'><strong>Ibidem,</strong></span> <span class='ocrx_word' id='word_1_584' title='bbox 674 5431 1263 5507; x_wconf 61' lang='lat' dir='ltr'><strong>Anglican_us,&lt;pays_iv</strong></span> <span class='ocrx_word' id='word_1_585' title='bbox 1294 5432 1385 5484; x_wconf 88' lang='grc' dir='ltr'><strong>τὸν</strong></span> <span class='ocrx_word' id='word_1_586' title='bbox 1419 5431 1578 5507; x_wconf 68' lang='grc' dir='ltr'>αρτον</span> <span class='ocrx_word' id='word_1_587' title='bbox 1607 5451 1726 5507; x_wconf 76' lang='grc' dir='ltr'>σου.</span> <span class='ocrx_word' id='word_1_588' title='bbox 1751 5434 1896 5488; x_wconf 89' lang='lat' dir='ltr'><strong>Ibid.</strong></span> <span class='ocrx_word' id='word_1_589' title='bbox 1931 5433 2054 5490; x_wconf 60' lang='lat' dir='ltr'><strong>hac</strong></span> 
     </span>
    </p>
   </div>
   <div class='ocr_carea' id='block_1_78' title="bbox 401 5502 1764 5582">
    <p class='ocr_par' dir='ltr' id='par_1_78' title="bbox 401 5502 1764 5582">
     <span class='ocr_line' id='line_1_78' title="bbox 401 5502 1764 5582; baseline -0.003 -20"><span class='ocrx_word' id='word_1_590' title='bbox 401 5509 515 5582; x_wconf 75' lang='grc' dir='ltr'>μετ’</span> <span class='ocrx_word' id='word_1_591' title='bbox 543 5502 1003 5582; x_wconf 39' lang='grc' dir='ltr'>αὐτῆ-ςαξψωμόν</span> <span class='ocrx_word' id='word_1_592' title='bbox 1037 5502 1405 5582; x_wconf 34' lang='lat' dir='ltr'><strong>cou,;de-su‘nt</strong></span> <span class='ocrx_word' id='word_1_593' title='bbox 1436 5502 1493 5582; x_wconf 65' lang='lat' dir='ltr'><strong>ip</strong></span> <span class='ocrx_word' id='word_1_594' title='bbox 1518 5502 1675 5582; x_wconf 46' lang='grc' dir='ltr'><strong>ἢθη,</strong></span> <span class='ocrx_word' id='word_1_595' title='bbox 1708 5507 1764 5558; x_wconf 88' lang='lat'><strong>2.</strong></span> 
     </span>
    </p>
   </div>
   <div class='ocr_carea' id='block_1_79' title="bbox 471 5571 2056 5652">
    <p class='ocr_par' dir='ltr' id='par_1_79' title="bbox 471 5571 2056 5652">
     <span class='ocr_line' id='line_1_79' title="bbox 471 5571 2056 5652; baseline -0.008 -17"><span class='ocrx_word' id='word_1_596' title='bbox 471 5582 583 5652; x_wconf 74' lang='grc'>(26)</span> <span class='ocrx_word' id='word_1_597' title='bbox 617 5571 787 5652; x_wconf 69' lang='lat' dir='ltr'><strong>Editi,</strong></span> <span class='ocrx_word' id='word_1_598' title='bbox 823 5571 1084 5652; x_wconf 67' lang='grc' dir='ltr'>βημάτων</span> <span class='ocrx_word' id='word_1_599' title='bbox 1113 5571 1218 5628; x_wconf 72' lang='grc' dir='ltr'><strong>τῶν</strong></span> <span class='ocrx_word' id='word_1_600' title='bbox 1252 5574 1353 5628; x_wconf 84' lang='grc' dir='ltr'><strong>ὑπὸ</strong></span> <span class='ocrx_word' id='word_1_601' title='bbox 1385 5578 1480 5628; x_wconf 80' lang='grc' dir='ltr'><strong>σοῦ</strong></span> <span class='ocrx_word' id='word_1_602' title='bbox 1507 5571 1785 5647; x_wconf 73' lang='grc' dir='ltr'>ᾀδομένων</span> <span class='ocrx_word' id='word_1_603' title='bbox 1813 5593 1826 5642; x_wconf 90' lang='grc'><strong>;</strong></span> <span class='ocrx_word' id='word_1_604' title='bbox 1863 5577 2056 5649; x_wconf 74' lang='lat' dir='ltr'><strong>sequi-</strong></span> 
     </span>
    </p>
   </div>
   <div class='ocr_carea' id='block_1_80' title="bbox 402 5649 1080 5708">
    <p class='ocr_par' dir='ltr' id='par_1_80' title="bbox 402 5649 1080 5708">
     <span class='ocr_line' id='line_1_80' title="bbox 402 5649 1080 5708; baseline -0.01 0"><span class='ocrx_word' id='word_1_605' title='bbox 402 5649 537 5708; x_wconf 87' lang='lat' dir='ltr'><strong>mur</strong></span> <span class='ocrx_word' id='word_1_606' title='bbox 559 5650 736 5707; x_wconf 89' lang='lat' dir='ltr'><strong>Basil.</strong></span> <span class='ocrx_word' id='word_1_607' title='bbox 769 5649 832 5705; x_wconf 80' lang='lat' dir='ltr'><strong>et</strong></span> <span class='ocrx_word' id='word_1_608' title='bbox 857 5649 1080 5708; x_wconf 72' lang='lat' dir='ltr'><strong>Anglic.</strong></span> 
     </span>
    </p>
   </div>
   <div class='ocr_carea' id='block_1_81' title="bbox 473 5714 1363 5800">
    <p class='ocr_par' dir='ltr' id='par_1_81' title="bbox 473 5714 1363 5800">
     <span class='ocr_line' id='line_1_81' title="bbox 473 5714 1363 5800; baseline -0.01 -22"><span class='ocrx_word' id='word_1_609' title='bbox 473 5724 587 5800; x_wconf 77' lang='lat'><strong>(27}</strong></span> <span class='ocrx_word' id='word_1_610' title='bbox 620 5721 770 5778; x_wconf 82' lang='lat' dir='ltr'><strong>Felc.</strong></span> <span class='ocrx_word' id='word_1_611' title='bbox 801 5721 856 5789; x_wconf 83' lang='grc'>2,</span> <span class='ocrx_word' id='word_1_612' title='bbox 890 5714 1020 5792; x_wconf 57' lang='grc' dir='ltr'>ὑπῖρ</span> <span class='ocrx_word' id='word_1_613' title='bbox 1049 5723 1148 5787; x_wconf 83' lang='grc' dir='ltr'>τῆς</span> <span class='ocrx_word' id='word_1_614' title='bbox 1181 5714 1363 5786; x_wconf 80' lang='grc' dir='ltr'>δόξης.</span> 
     </span>
    </p>
   </div>
   <div class='ocr_carea' id='block_1_82' title="bbox 2241 2590 3823 2669">
    <p class='ocr_par' dir='ltr' id='par_1_82' title="bbox 2241 2590 3823 2669">
     <span class='ocr_line' id='line_1_82' title="bbox 2241 2590 3823 2669; baseline 0.001 -22"><span class='ocrx_word' id='word_1_615' title='bbox 2241 2593 2324 2648; x_wconf 68' lang='lat' dir='ltr'><strong>Ui.</strong></span> <span class='ocrx_word' id='word_1_616' title='bbox 2359 2590 2605 2666; x_wconf 78' lang='grc' dir='ltr'>Μακαρία</span> <span class='ocrx_word' id='word_1_617' title='bbox 2635 2592 2788 2666; x_wconf 82' lang='grc' dir='ltr'><strong>ψυχή</strong></span> <span class='ocrx_word' id='word_1_618' title='bbox 2823 2592 2856 2661; x_wconf 82' lang='grc' dir='ltr'>ἠ</span> <span class='ocrx_word' id='word_1_619' title='bbox 2891 2590 3238 2666; x_wconf 80' lang='grc' dir='ltr'>φυλάσσουσα</span> <span class='ocrx_word' id='word_1_620' title='bbox 3292 2599 3480 2650; x_wconf 72' lang='grc' dir='ltr'>ταῦτα.</span> <span class='ocrx_word' id='word_1_621' title='bbox 3515 2595 3630 2652; x_wconf 79' lang='grc' dir='ltr'>Οὑκ</span> <span class='ocrx_word' id='word_1_622' title='bbox 3687 2594 3823 2669; x_wconf 84' lang='grc' dir='ltr'>ἀγα-</span> 
     </span>
    </p>
   </div>
   <div class='ocr_carea' id='block_1_83' title="bbox 2165 2680 3829 2759">
    <p class='ocr_par' dir='ltr' id='par_1_83' title="bbox 2165 2680 3829 2759">
     <span class='ocr_line' id='line_1_83' title="bbox 2165 2680 3829 2759; baseline 0.002 -26"><span class='ocrx_word' id='word_1_623' title='bbox 2165 2680 2255 2734; x_wconf 83' lang='grc' dir='ltr'><strong>Θὸν</strong></span> <span class='ocrx_word' id='word_1_624' title='bbox 2342 2681 2604 2756; x_wconf 86' lang='grc' dir='ltr'>νεωτέραν</span> <span class='ocrx_word' id='word_1_625' title='bbox 2694 2680 3204 2759; x_wconf 71' lang='grc' dir='ltr'>συναναστρέφεσθαι</span> <span class='ocrx_word' id='word_1_626' title='bbox 3281 2683 3416 2754; x_wconf 78' lang='grc' dir='ltr'>μετὰ</span> <span class='ocrx_word' id='word_1_627' title='bbox 3476 2685 3590 2754; x_wconf 83' lang='grc'>(28)</span> <span class='ocrx_word' id='word_1_628' title='bbox 3641 2685 3829 2737; x_wconf 87' lang='grc' dir='ltr'>νεωτέ-</span> 
     </span>
    </p>
   </div>
   <div class='ocr_carea' id='block_1_84' title="bbox 2164 2767 3823 2848">
    <p class='ocr_par' dir='ltr' id='par_1_84' title="bbox 2164 2767 3823 2848">
     <span class='ocr_line' id='line_1_84' title="bbox 2164 2767 3823 2848; baseline 0.001 -25"><span class='ocrx_word' id='word_1_629' title='bbox 2164 2789 2280 2844; x_wconf 82' lang='grc' dir='ltr'>ρας’</span> <span class='ocrx_word' id='word_1_630' title='bbox 2333 2769 2377 2823; x_wconf 84' lang='grc' dir='ltr'>εἷ</span> <span class='ocrx_word' id='word_1_631' title='bbox 2436 2767 2494 2823; x_wconf 73' lang='grc' dir='ltr'><strong>δὲ</strong></span> <span class='ocrx_word' id='word_1_632' title='bbox 2555 2771 2631 2842; x_wconf 84' lang='grc' dir='ltr'>μὴ</span> <span class='ocrx_word' id='word_1_633' title='bbox 2689 2790 2772 2843; x_wconf 91' lang='grc' dir='ltr'><strong>γε,</strong></span> <span class='ocrx_word' id='word_1_634' title='bbox 2816 2767 2968 2824; x_wconf 76' lang='grc' dir='ltr'>οὕδὲν</span> <span class='ocrx_word' id='word_1_635' title='bbox 3027 2770 3197 2824; x_wconf 86' lang='grc' dir='ltr'>καλὸν</span> <span class='ocrx_word' id='word_1_636' title='bbox 3226 2771 3542 2846; x_wconf 75' lang='grc' dir='ltr'>πράττουσιο</span> <span class='ocrx_word' id='word_1_637' title='bbox 3579 2771 3674 2844; x_wconf 85' lang='grc' dir='ltr'><strong>μία</strong></span> <span class='ocrx_word' id='word_1_638' title='bbox 3721 2772 3823 2848; x_wconf 80' lang='grc' dir='ltr'><strong>γὰρ</strong></span> 
     </span>
    </p>
   </div>
   <div class='ocr_carea' id='block_1_85' title="bbox 2158 2858 3817 2936">
    <p class='ocr_par' dir='ltr' id='par_1_85' title="bbox 2158 2858 3817 2936">
     <span class='ocr_line' id='line_1_85' title="bbox 2158 2858 3817 2936; baseline 0.002 -24"><span class='ocrx_word' id='word_1_639' title='bbox 2158 2860 2257 2926; x_wconf 78' lang='grc' dir='ltr'><strong>τῆς</strong></span> <span class='ocrx_word' id='word_1_640' title='bbox 2316 2864 2442 2931; x_wconf 76' lang='grc' dir='ltr'>μιᾶς</span> <span class='ocrx_word' id='word_1_641' title='bbox 2500 2859 2817 2934; x_wconf 76' lang='grc' dir='ltr'>παρακούει,</span> <span class='ocrx_word' id='word_1_642' title='bbox 2851 2858 2940 2913; x_wconf 83' lang='grc' dir='ltr'><strong>καὶ</strong></span> <span class='ocrx_word' id='word_1_643' title='bbox 3005 2858 3100 2931; x_wconf 84' lang='grc' dir='ltr'><strong>μία</strong></span> <span class='ocrx_word' id='word_1_644' title='bbox 3139 2866 3240 2929; x_wconf 82' lang='grc' dir='ltr'><strong>τῆς</strong></span> <span class='ocrx_word' id='word_1_645' title='bbox 3297 2865 3426 2932; x_wconf 81' lang='grc' dir='ltr'>μιᾶς</span> <span class='ocrx_word' id='word_1_646' title='bbox 3471 2865 3817 2936; x_wconf 85' lang='grc' dir='ltr'>καταφρονεῖ.</span> 
     </span>
    </p>
   </div>
   <div class='ocr_carea' id='block_1_86' title="bbox 2159 2943 3824 3023">
    <p class='ocr_par' dir='ltr' id='par_1_86' title="bbox 2159 2943 3824 3023">
     <span class='ocr_line' id='line_1_86' title="bbox 2159 2943 3824 3023; baseline 0.001 -21"><span class='ocrx_word' id='word_1_647' title='bbox 2159 2945 2337 3002; x_wconf 84' lang='grc' dir='ltr'><strong>Ἀλλᾶ</strong></span> <span class='ocrx_word' id='word_1_648' title='bbox 2393 2947 2657 3020; x_wconf 83' lang='grc' dir='ltr'>νεωτέραν</span> <span class='ocrx_word' id='word_1_649' title='bbox 2723 2947 2824 3001; x_wconf 84' lang='grc' dir='ltr'><strong>ὑπὸ</strong></span> <span class='ocrx_word' id='word_1_650' title='bbox 2904 2943 3237 3020; x_wconf 71' lang='grc' dir='ltr'>πρεσϐύτιδα</span> <span class='ocrx_word' id='word_1_651' title='bbox 3293 2947 3428 3003; x_wconf 81' lang='grc' dir='ltr'>εἶναι</span> <span class='ocrx_word' id='word_1_652' title='bbox 3488 2947 3711 3023; x_wconf 77' lang='grc' dir='ltr'>ἀγαθόν.</span> <span class='ocrx_word' id='word_1_653' title='bbox 3759 2949 3824 3004; x_wconf 84' lang='grc' dir='ltr'><strong>Ἡ</strong></span> 
     </span>
    </p>
   </div>
   <div class='ocr_carea' id='block_1_87' title="bbox 2161 3031 3824 3111">
    <p class='ocr_par' dir='ltr' id='par_1_87' title="bbox 2161 3031 3824 3111">
     <span class='ocr_line' id='line_1_87' title="bbox 2161 3031 3824 3111; baseline 0.001 -22"><span class='ocrx_word' id='word_1_654' title='bbox 2161 3036 2265 3111; x_wconf 81' lang='grc' dir='ltr'>γὰρ</span> <span class='ocrx_word' id='word_1_655' title='bbox 2324 3031 2613 3111; x_wconf 75' lang='grc' dir='ltr'>πρεσϐύτις</span> <span class='ocrx_word' id='word_1_656' title='bbox 2673 3037 2736 3090; x_wconf 83' lang='grc' dir='ltr'><strong>οὑ</strong></span> <span class='ocrx_word' id='word_1_657' title='bbox 2794 3032 3206 3110; x_wconf 74' lang='grc' dir='ltr'>συγκαταϐαίνει</span> <span class='ocrx_word' id='word_1_658' title='bbox 3262 3042 3379 3099; x_wconf 87' lang='grc' dir='ltr'>τοῖς</span> <span class='ocrx_word' id='word_1_659' title='bbox 3413 3037 3689 3109; x_wconf 82' lang='grc' dir='ltr'>Θελήμασι</span> <span class='ocrx_word' id='word_1_660' title='bbox 3720 3043 3824 3106; x_wconf 84' lang='grc' dir='ltr'><strong>τῆς</strong></span> 
     </span>
    </p>
   </div>
   <div class='ocr_carea' id='block_1_88' title="bbox 2161 3121 3818 3201">
    <p class='ocr_par' dir='ltr' id='par_1_88' title="bbox 2161 3121 3818 3201">
     <span class='ocr_line' id='line_1_88' title="bbox 2161 3121 3818 3201; baseline 0.002 -23"><span class='ocrx_word' id='word_1_661' title='bbox 2161 3125 2442 3196; x_wconf 88' lang='grc' dir='ltr'>νεωτέρας.</span> <span class='ocrx_word' id='word_1_662' title='bbox 2493 3125 2631 3181; x_wconf 84' lang='grc' dir='ltr'>Οὑαὶ</span> <span class='ocrx_word' id='word_1_663' title='bbox 2685 3127 2936 3200; x_wconf 87' lang='grc' dir='ltr'>παρθένῳ</span> <span class='ocrx_word' id='word_1_664' title='bbox 2992 3130 3060 3200; x_wconf 82' lang='grc' dir='ltr'><strong>τῇ</strong></span> <span class='ocrx_word' id='word_1_665' title='bbox 3107 3127 3182 3199; x_wconf 80' lang='grc' dir='ltr'>μὴ</span> <span class='ocrx_word' id='word_1_666' title='bbox 3246 3121 3380 3201; x_wconf 71' lang='grc' dir='ltr'>οὔσῃ</span> <span class='ocrx_word' id='word_1_667' title='bbox 3442 3126 3544 3181; x_wconf 80' lang='grc' dir='ltr'><strong>ὑπὸ</strong></span> <span class='ocrx_word' id='word_1_668' title='bbox 3601 3125 3818 3181; x_wconf 85' lang='grc' dir='ltr'>κανόνα’</span> 
     </span>
    </p>
   </div>
   <div class='ocr_carea' id='block_1_89' title="bbox 2164 3210 3822 3290">
    <p class='ocr_par' dir='ltr' id='par_1_89' title="bbox 2164 3210 3822 3290">
     <span class='ocr_line' id='line_1_89' title="bbox 2164 3210 3822 3290; baseline 0.001 -22"><span class='ocrx_word' id='word_1_669' title='bbox 2164 3210 2276 3269; x_wconf 80' lang='grc' dir='ltr'>ἔστι</span> <span class='ocrx_word' id='word_1_670' title='bbox 2332 3215 2436 3288; x_wconf 74' lang='grc' dir='ltr'><strong>γὰρ</strong></span> <span class='ocrx_word' id='word_1_671' title='bbox 2493 3213 2568 3275; x_wconf 85' lang='grc' dir='ltr'>ὡς</span> <span class='ocrx_word' id='word_1_672' title='bbox 2627 3213 2822 3268; x_wconf 89' lang='grc' dir='ltr'>πλοῖον</span> <span class='ocrx_word' id='word_1_673' title='bbox 2879 3215 2972 3270; x_wconf 86' lang='grc' dir='ltr'><strong>τὸν</strong></span> <span class='ocrx_word' id='word_1_674' title='bbox 3031 3210 3372 3290; x_wconf 73' lang='grc' dir='ltr'>κυϐερνῶντα</span> <span class='ocrx_word' id='word_1_675' title='bbox 3415 3215 3491 3287; x_wconf 81' lang='grc' dir='ltr'>μὴ</span> <span class='ocrx_word' id='word_1_676' title='bbox 3533 3211 3685 3290; x_wconf 78' lang='grc' dir='ltr'>ἕχον.</span> <span class='ocrx_word' id='word_1_677' title='bbox 3720 3217 3822 3272; x_wconf 80' lang='grc' dir='ltr'><strong>Κε-</strong></span> 
     </span>
    </p>
   </div>
   <div class='ocr_carea' id='block_1_90' title="bbox 2163 3301 3823 3381">
    <p class='ocr_par' dir='ltr' id='par_1_90' title="bbox 2163 3301 3823 3381">
     <span class='ocr_line' id='line_1_90' title="bbox 2163 3301 3823 3381; baseline 0 -24"><span class='ocrx_word' id='word_1_678' title='bbox 2163 3302 2484 3374; x_wconf 84' lang='grc' dir='ltr'>κλασμένων</span> <span class='ocrx_word' id='word_1_679' title='bbox 2541 3302 2643 3378; x_wconf 77' lang='grc' dir='ltr'>γὰρ</span> <span class='ocrx_word' id='word_1_680' title='bbox 2700 3304 2808 3358; x_wconf 80' lang='grc' dir='ltr'><strong>τῶν</strong></span> <span class='ocrx_word' id='word_1_681' title='bbox 2864 3303 3131 3380; x_wconf 77' lang='grc' dir='ltr'>αὐχένων,</span> <span class='ocrx_word' id='word_1_682' title='bbox 3169 3305 3245 3378; x_wconf 79' lang='grc' dir='ltr'>μὴ</span> <span class='ocrx_word' id='word_1_683' title='bbox 3288 3301 3416 3381; x_wconf 77' lang='grc' dir='ltr'>ἕχον</span> <span class='ocrx_word' id='word_1_684' title='bbox 3445 3305 3536 3360; x_wconf 90' lang='grc' dir='ltr'><strong>τὸν</strong></span> <span class='ocrx_word' id='word_1_685' title='bbox 3594 3301 3823 3378; x_wconf 81' lang='grc' dir='ltr'>ὁδηγὸν,</span> 
     </span>
    </p>
   </div>
   <div class='ocr_carea' id='block_1_91' title="bbox 2170 3390 3825 3469">
    <p class='ocr_par' dir='ltr' id='par_1_91' title="bbox 2170 3390 3825 3469">
     <span class='ocr_line' id='line_1_91' title="bbox 2170 3390 3825 3469; baseline 0.001 -23"><span class='ocrx_word' id='word_1_686' title='bbox 2170 3391 2412 3469; x_wconf 79' lang='grc' dir='ltr'>ῥίπτεται</span> <span class='ocrx_word' id='word_1_687' title='bbox 2475 3392 2577 3447; x_wconf 79' lang='grc' dir='ltr'><strong>ὑπὸ</strong></span> <span class='ocrx_word' id='word_1_688' title='bbox 2631 3394 2739 3448; x_wconf 83' lang='grc' dir='ltr'>τῶν</span> <span class='ocrx_word' id='word_1_689' title='bbox 2791 3393 3048 3465; x_wconf 86' lang='grc' dir='ltr'>κυμάτων</span> <span class='ocrx_word' id='word_1_690' title='bbox 3115 3391 3250 3467; x_wconf 75' lang='grc' dir='ltr'>τῇδε</span> <span class='ocrx_word' id='word_1_691' title='bbox 3307 3395 3524 3448; x_wconf 81' lang='grc' dir='ltr'>κάκεῖσε</span> <span class='ocrx_word' id='word_1_692' title='bbox 3553 3395 3689 3468; x_wconf 81' lang='grc'>(29),</span> <span class='ocrx_word' id='word_1_693' title='bbox 3721 3390 3825 3456; x_wconf 71' lang='grc' dir='ltr'>ἕως</span> 
     </span>
    </p>
   </div>
   <div class='ocr_carea' id='block_1_92' title="bbox 2168 3481 3825 3558">
    <p class='ocr_par' dir='ltr' id='par_1_92' title="bbox 2168 3481 3825 3558">
     <span class='ocr_line' id='line_1_92' title="bbox 2168 3481 3825 3558; baseline 0.001 -22"><span class='ocrx_word' id='word_1_694' title='bbox 2168 3481 2528 3557; x_wconf 76' lang='grc' dir='ltr'>προσκρούσει</span> <span class='ocrx_word' id='word_1_695' title='bbox 2560 3481 2696 3558; x_wconf 88' lang='grc' dir='ltr'>πρὸς</span> <span class='ocrx_word' id='word_1_696' title='bbox 2752 3481 2972 3558; x_wconf 86' lang='grc' dir='ltr'>πέτραν,</span> <span class='ocrx_word' id='word_1_697' title='bbox 3005 3483 3095 3537; x_wconf 85' lang='grc' dir='ltr'><strong>καὶ</strong></span> <span class='ocrx_word' id='word_1_698' title='bbox 3153 3482 3306 3547; x_wconf 75' lang='grc' dir='ltr'>εὐθὺς</span> <span class='ocrx_word' id='word_1_699' title='bbox 3360 3481 3690 3538; x_wconf 82' lang='grc' dir='ltr'>ἀπόλλυται.</span> <span class='ocrx_word' id='word_1_700' title='bbox 3722 3482 3825 3538; x_wconf 76' lang='grc' dir='ltr'><strong>Οὕ-</strong></span> 
     </span>
    </p>
   </div>
   <div class='ocr_carea' id='block_1_93' title="bbox 2166 3566 3822 3647">
    <p class='ocr_par' dir='ltr' id='par_1_93' title="bbox 2166 3566 3822 3647">
     <span class='ocr_line' id='line_1_93' title="bbox 2166 3566 3822 3647; baseline 0.001 -23"><span class='ocrx_word' id='word_1_701' title='bbox 2166 3591 2274 3632; x_wconf 88' lang='grc' dir='ltr'><strong>τως</strong></span> <span class='ocrx_word' id='word_1_702' title='bbox 2307 3569 2418 3624; x_wconf 78' lang='grc' dir='ltr'>έστὶ</span> <span class='ocrx_word' id='word_1_703' title='bbox 2448 3575 2590 3624; x_wconf 82' lang='grc' dir='ltr'>πᾶσα</span> <span class='ocrx_word' id='word_1_704' title='bbox 2619 3570 2884 3644; x_wconf 83' lang='grc' dir='ltr'>παρθένος</span> <span class='ocrx_word' id='word_1_705' title='bbox 2919 3580 2994 3643; x_wconf 79' lang='grc' dir='ltr'>μή</span> <span class='ocrx_word' id='word_1_706' title='bbox 3031 3570 3258 3647; x_wconf 81' lang='grc' dir='ltr'>ἔχουσαν</span> <span class='ocrx_word' id='word_1_707' title='bbox 3291 3571 3349 3626; x_wconf 78' lang='grc' dir='ltr'>ὃν</span> <span class='ocrx_word' id='word_1_708' title='bbox 3398 3566 3662 3647; x_wconf 75' lang='grc' dir='ltr'>φοϐεῖται.</span> <span class='ocrx_word' id='word_1_709' title='bbox 3698 3572 3822 3628; x_wconf 82' lang='grc' dir='ltr'><strong>Μα-</strong></span> 
     </span>
    </p>
   </div>
   <div class='ocr_carea' id='block_1_94' title="bbox 2167 3657 3821 3737">
    <p class='ocr_par' dir='ltr' id='par_1_94' title="bbox 2167 3657 3821 3737">
     <span class='ocr_line' id='line_1_94' title="bbox 2167 3657 3821 3737; baseline 0.001 -23"><span class='ocrx_word' id='word_1_710' title='bbox 2167 3659 2326 3734; x_wconf 81' lang='grc' dir='ltr'>καρία</span> <span class='ocrx_word' id='word_1_711' title='bbox 2382 3660 2646 3734; x_wconf 83' lang='grc' dir='ltr'>παρθένος</span> <span class='ocrx_word' id='word_1_712' title='bbox 2702 3661 2736 3728; x_wconf 79' lang='grc' dir='ltr'><strong>ἡ</strong></span> <span class='ocrx_word' id='word_1_713' title='bbox 2795 3657 2925 3714; x_wconf 74' lang='grc' dir='ltr'>οὖσα</span> <span class='ocrx_word' id='word_1_714' title='bbox 2980 3659 3082 3714; x_wconf 86' lang='grc' dir='ltr'><strong>ὑπὸ</strong></span> <span class='ocrx_word' id='word_1_715' title='bbox 3139 3659 3353 3715; x_wconf 88' lang='grc' dir='ltr'>κανόνα·</span> <span class='ocrx_word' id='word_1_716' title='bbox 3386 3657 3535 3716; x_wconf 81' lang='grc' dir='ltr'>ἔσται</span> <span class='ocrx_word' id='word_1_717' title='bbox 3583 3660 3684 3737; x_wconf 78' lang='grc' dir='ltr'>γὰρ</span> <span class='ocrx_word' id='word_1_718' title='bbox 3741 3660 3821 3722; x_wconf 80' lang='grc' dir='ltr'>ὡς</span> 
     </span>
    </p>
   </div>
   <div class='ocr_carea' id='block_1_95' title="bbox 2170 3745 3821 3827">
    <p class='ocr_par' dir='ltr' id='par_1_95' title="bbox 2170 3745 3821 3827">
     <span class='ocr_line' id='line_1_95' title="bbox 2170 3745 3821 3827; baseline 0.002 -25"><span class='ocrx_word' id='word_1_719' title='bbox 2170 3746 2416 3821; x_wconf 80' lang='grc' dir='ltr'>ἄμπελος</span> <span class='ocrx_word' id='word_1_720' title='bbox 2475 3746 2525 3802; x_wconf 83' lang='grc' dir='ltr'><strong>έν</strong></span> <span class='ocrx_word' id='word_1_721' title='bbox 2597 3745 2908 3824; x_wconf 82' lang='grc' dir='ltr'>παραδείσῳ</span> <span class='ocrx_word' id='word_1_722' title='bbox 2979 3748 3349 3827; x_wconf 82' lang='grc' dir='ltr'>καρποφόρος·</span> <span class='ocrx_word' id='word_1_723' title='bbox 3411 3751 3500 3804; x_wconf 81' lang='grc' dir='ltr'><strong>καὶ</strong></span> <span class='ocrx_word' id='word_1_724' title='bbox 3558 3748 3730 3813; x_wconf 67' lang='grc' dir='ltr'>ἐλθὼν</span> <span class='ocrx_word' id='word_1_725' title='bbox 3791 3751 3821 3806; x_wconf 87' lang='lat'><strong>6</strong></span> 
     </span>
    </p>
   </div>
   <div class='ocr_carea' id='block_1_96' title="bbox 2165 3835 3822 3914">
    <p class='ocr_par' dir='ltr' id='par_1_96' title="bbox 2165 3835 3822 3914">
     <span class='ocr_line' id='line_1_96' title="bbox 2165 3835 3822 3914; baseline 0 -22"><span class='ocrx_word' id='word_1_726' title='bbox 2165 3839 2407 3914; x_wconf 87' lang='grc' dir='ltr'>γεωργὸς</span> <span class='ocrx_word' id='word_1_727' title='bbox 2457 3837 2644 3907; x_wconf 79' lang='grc' dir='ltr'>αὐτῆς,</span> <span class='ocrx_word' id='word_1_728' title='bbox 2695 3835 3030 3914; x_wconf 85' lang='grc' dir='ltr'>διακαθαίρει</span> <span class='ocrx_word' id='word_1_729' title='bbox 3079 3838 3145 3892; x_wconf 76' lang='grc' dir='ltr'><strong>τὰ</strong></span> <span class='ocrx_word' id='word_1_730' title='bbox 3193 3836 3455 3911; x_wconf 77' lang='grc' dir='ltr'>κλήματα</span> <span class='ocrx_word' id='word_1_731' title='bbox 3506 3838 3673 3908; x_wconf 81' lang='grc' dir='ltr'>αὐτῆς</span> <span class='ocrx_word' id='word_1_732' title='bbox 3730 3838 3822 3893; x_wconf 76' lang='grc' dir='ltr'>καὶ</span> 
     </span>
    </p>
   </div>
   <div class='ocr_carea' id='block_1_97' title="bbox 2167 3925 3823 4002">
    <p class='ocr_par' dir='ltr' id='par_1_97' title="bbox 2167 3925 3823 4002">
     <span class='ocr_line' id='line_1_97' title="bbox 2167 3925 3823 4002; baseline 0.002 -22"><span class='ocrx_word' id='word_1_733' title='bbox 2167 3926 2396 3995; x_wconf 88' lang='grc' dir='ltr'>ποτίζει,</span> <span class='ocrx_word' id='word_1_734' title='bbox 2428 3925 2517 3981; x_wconf 87' lang='grc' dir='ltr'><strong>καὶ</strong></span> <span class='ocrx_word' id='word_1_735' title='bbox 2574 3926 2742 3994; x_wconf 89' lang='grc' dir='ltr'>κνίζει</span> <span class='ocrx_word' id='word_1_736' title='bbox 2799 3928 2896 3988; x_wconf 79' lang='grc' dir='ltr'>τὰς</span> <span class='ocrx_word' id='word_1_737' title='bbox 2955 3927 3160 4000; x_wconf 72' lang='grc' dir='ltr'>σαπρᾶς</span> <span class='ocrx_word' id='word_1_738' title='bbox 3223 3927 3448 4002; x_wconf 87' lang='grc' dir='ltr'>βοτάνας</span> <span class='ocrx_word' id='word_1_739' title='bbox 3485 3928 3581 3989; x_wconf 77' lang='grc' dir='ltr'>τὰς</span> <span class='ocrx_word' id='word_1_740' title='bbox 3630 3926 3823 4002; x_wconf 79' lang='grc' dir='ltr'>κύκλῳ</span> 
     </span>
    </p>
   </div>
   <div class='ocr_carea' id='block_1_98' title="bbox 2167 4013 3826 4091">
    <p class='ocr_par' dir='ltr' id='par_1_98' title="bbox 2167 4013 3826 4091">
     <span class='ocr_line' id='line_1_98' title="bbox 2167 4013 3826 4091; baseline 0.001 -22"><span class='ocrx_word' id='word_1_741' title='bbox 2167 4014 2354 4084; x_wconf 80' lang='grc' dir='ltr'>αὐτῆς.</span> <span class='ocrx_word' id='word_1_742' title='bbox 2409 4013 2616 4085; x_wconf 85' lang='grc' dir='ltr'>Ἐκείνη</span> <span class='ocrx_word' id='word_1_743' title='bbox 2673 4013 2749 4086; x_wconf 78' lang='grc' dir='ltr'>δὲ,</span> <span class='ocrx_word' id='word_1_744' title='bbox 2796 4013 2998 4091; x_wconf 81' lang='grc' dir='ltr'>ἔχουσα</span> <span class='ocrx_word' id='word_1_745' title='bbox 3045 4017 3135 4070; x_wconf 88' lang='grc' dir='ltr'><strong>τὸν</strong></span> <span class='ocrx_word' id='word_1_746' title='bbox 3185 4021 3466 4089; x_wconf 78' lang='grc' dir='ltr'>πονοῦντα,</span> <span class='ocrx_word' id='word_1_747' title='bbox 3521 4013 3826 4072; x_wconf 85' lang='grc' dir='ltr'>ἀποδίδωσι</span> 
     </span>
    </p>
   </div>
   <div class='ocr_carea' id='block_1_99' title="bbox 2163 4103 3827 4181">
    <p class='ocr_par' dir='ltr' id='par_1_99' title="bbox 2163 4103 3827 4181">
     <span class='ocr_line' id='line_1_99' title="bbox 2163 4103 3827 4181; baseline 0.002 -23"><span class='ocrx_word' id='word_1_748' title='bbox 2163 4104 2348 4176; x_wconf 83' lang='grc' dir='ltr'>τίμιον</span> <span class='ocrx_word' id='word_1_749' title='bbox 2397 4104 2488 4158; x_wconf 89' lang='grc' dir='ltr'><strong>τὸν</strong></span> <span class='ocrx_word' id='word_1_750' title='bbox 2523 4104 2729 4180; x_wconf 90' lang='grc' dir='ltr'>καρπὸν</span> <span class='ocrx_word' id='word_1_751' title='bbox 2781 4105 2950 4174; x_wconf 84' lang='grc' dir='ltr'>αὐτῆς</span> <span class='ocrx_word' id='word_1_752' title='bbox 2993 4105 3047 4159; x_wconf 80' lang='grc' dir='ltr'>ὲν</span> <span class='ocrx_word' id='word_1_753' title='bbox 3097 4103 3270 4181; x_wconf 86' lang='grc' dir='ltr'>καιρῷ</span> <span class='ocrx_word' id='word_1_754' title='bbox 3318 4104 3536 4178; x_wconf 79' lang='grc' dir='ltr'>εὐθέτῳ.</span> <span class='ocrx_word' id='word_1_755' title='bbox 3573 4103 3827 4162; x_wconf 72' lang='grc' dir='ltr'>Φύλασσε</span> 
     </span>
    </p>
   </div>
   <div class='ocr_carea' id='block_1_100' title="bbox 2168 4190 3824 4269">
    <p class='ocr_par' dir='ltr' id='par_1_100' title="bbox 2168 4190 3824 4269">
     <span class='ocr_line' id='line_1_100' title="bbox 2168 4190 3824 4269; baseline 0.002 -23"><span class='ocrx_word' id='word_1_756' title='bbox 2168 4191 2247 4260; x_wconf 69' lang='grc' dir='ltr'><strong>δὲ,</strong></span> <span class='ocrx_word' id='word_1_757' title='bbox 2279 4193 2368 4247; x_wconf 83' lang='grc' dir='ltr'><strong>καὶ</strong></span> <span class='ocrx_word' id='word_1_758' title='bbox 2393 4193 2535 4246; x_wconf 89' lang='grc' dir='ltr'>ποίει</span> <span class='ocrx_word' id='word_1_759' title='bbox 2565 4194 2654 4247; x_wconf 84' lang='grc' dir='ltr'><strong>καὶ</strong></span> <span class='ocrx_word' id='word_1_760' title='bbox 2686 4193 2779 4255; x_wconf 78' lang='grc' dir='ltr'>τὰς</span> <span class='ocrx_word' id='word_1_761' title='bbox 2826 4190 3146 4269; x_wconf 82' lang='grc' dir='ltr'>δοξολογίας</span> <span class='ocrx_word' id='word_1_762' title='bbox 3194 4195 3292 4255; x_wconf 77' lang='grc' dir='ltr'><strong>τὰς</strong></span> <span class='ocrx_word' id='word_1_763' title='bbox 3343 4192 3428 4248; x_wconf 69' lang='grc' dir='ltr'><strong>ἐπὶ</strong></span> <span class='ocrx_word' id='word_1_764' title='bbox 3473 4201 3574 4263; x_wconf 83' lang='grc' dir='ltr'><strong>τῆς</strong></span> <span class='ocrx_word' id='word_1_765' title='bbox 3622 4196 3824 4267; x_wconf 78' lang='grc' dir='ltr'>τραπέ-</span> 
     </span>
    </p>
   </div>
   <div class='ocr_carea' id='block_1_101' title="bbox 2170 4279 3825 4358">
    <p class='ocr_par' dir='ltr' id='par_1_101' title="bbox 2170 4279 3825 4358">
     <span class='ocr_line' id='line_1_101' title="bbox 2170 4279 3825 4358; baseline 0.001 -22"><span class='ocrx_word' id='word_1_766' title='bbox 2170 4287 2289 4353; x_wconf 84' lang='grc' dir='ltr'>ζης,</span> <span class='ocrx_word' id='word_1_767' title='bbox 2322 4279 2411 4336; x_wconf 78' lang='grc' dir='ltr'>καί</span> <span class='ocrx_word' id='word_1_768' title='bbox 2470 4280 2616 4336; x_wconf 82' lang='grc' dir='ltr'>ἔσται</span> <span class='ocrx_word' id='word_1_769' title='bbox 2672 4302 2756 4336; x_wconf 91' lang='grc' dir='ltr'><strong>σοι</strong></span> <span class='ocrx_word' id='word_1_770' title='bbox 2813 4283 2874 4336; x_wconf 90' lang='grc' dir='ltr'><strong>τὸ</strong></span> <span class='ocrx_word' id='word_1_771' title='bbox 2935 4282 3130 4357; x_wconf 80' lang='grc' dir='ltr'>βρῶμα</span> <span class='ocrx_word' id='word_1_772' title='bbox 3182 4282 3272 4337; x_wconf 82' lang='grc' dir='ltr'><strong>καὶ</strong></span> <span class='ocrx_word' id='word_1_773' title='bbox 3332 4282 3395 4337; x_wconf 88' lang='grc' dir='ltr'><strong>τὸ</strong></span> <span class='ocrx_word' id='word_1_774' title='bbox 3451 4282 3604 4356; x_wconf 85' lang='grc' dir='ltr'>πόμα</span> <span class='ocrx_word' id='word_1_775' title='bbox 3659 4285 3825 4358; x_wconf 73' lang='grc' dir='ltr'>ἡγια-</span> 
     </span>
    </p>
   </div>
   <div class='ocr_carea' id='block_1_102' title="bbox 2167 4369 3821 4446">
    <p class='ocr_par' dir='ltr' id='par_1_102' title="bbox 2167 4369 3821 4446">
     <span class='ocr_line' id='line_1_102' title="bbox 2167 4369 3821 4446; baseline 0.002 -22"><span class='ocrx_word' id='word_1_776' title='bbox 2167 4371 2385 4444; x_wconf 87' lang='grc' dir='ltr'>σμένον.</span> <span class='ocrx_word' id='word_1_777' title='bbox 2419 4373 2579 4425; x_wconf 78' lang='grc' dir='ltr'>’Ὀταν</span> <span class='ocrx_word' id='word_1_778' title='bbox 2641 4369 2732 4426; x_wconf 75' lang='grc' dir='ltr'>οὖν</span> <span class='ocrx_word' id='word_1_779' title='bbox 2784 4371 3014 4445; x_wconf 80' lang='grc' dir='ltr'>ἀναστῇς</span> <span class='ocrx_word' id='word_1_780' title='bbox 3068 4371 3173 4426; x_wconf 81' lang='grc' dir='ltr'><strong>ἀπὸ</strong></span> <span class='ocrx_word' id='word_1_781' title='bbox 3219 4378 3318 4441; x_wconf 79' lang='grc' dir='ltr'>τῆς</span> <span class='ocrx_word' id='word_1_782' title='bbox 3364 4373 3636 4445; x_wconf 86' lang='grc' dir='ltr'>τραπέζης</span> <span class='ocrx_word' id='word_1_783' title='bbox 3688 4374 3821 4446; x_wconf 85' lang='grc'>(30),</span> 
     </span>
    </p>
   </div>
   <div class='ocr_carea' id='block_1_103' title="bbox 2166 4458 3824 4538">
    <p class='ocr_par' dir='ltr' id='par_1_103' title="bbox 2166 4458 3824 4538">
     <span class='ocr_line' id='line_1_103' title="bbox 2166 4458 3824 4538; baseline 0.001 -25"><span class='ocrx_word' id='word_1_784' title='bbox 2166 4458 2330 4514; x_wconf 84' lang='grc' dir='ltr'>πάλιν</span> <span class='ocrx_word' id='word_1_785' title='bbox 2383 4459 2773 4536; x_wconf 80' lang='grc' dir='ltr'>εὐχαριστοὸσα</span> <span class='ocrx_word' id='word_1_786' title='bbox 2830 4459 2952 4538; x_wconf 86' lang='grc' dir='ltr'>λέγε</span> <span class='ocrx_word' id='word_1_787' title='bbox 3005 4459 3092 4516; x_wconf 81' lang='grc' dir='ltr'><strong>ἐπὶ</strong></span> <span class='ocrx_word' id='word_1_788' title='bbox 3147 4461 3285 4535; x_wconf 86' lang='grc' dir='ltr'>τρίς·</span> <span class='ocrx_word' id='word_1_789' title='bbox 3325 4486 3347 4512; x_wconf 73' lang='grc' dir='ltr'><strong>ι</strong></span> <span class='ocrx_word' id='word_1_790' title='bbox 3385 4459 3672 4533; x_wconf 78' lang='grc' dir='ltr'>Ἐλεήμων</span> <span class='ocrx_word' id='word_1_791' title='bbox 3732 4458 3824 4516; x_wconf 77' lang='grc' dir='ltr'><strong>καὶ</strong></span> 
     </span>
    </p>
   </div>
   <div class='ocr_carea' id='block_1_104' title="bbox 2168 4544 3825 4627">
    <p class='ocr_par' dir='ltr' id='par_1_104' title="bbox 2168 4544 3825 4627">
     <span class='ocr_line' id='line_1_104' title="bbox 2168 4544 3825 4627; baseline 0.001 -25"><span class='ocrx_word' id='word_1_792' title='bbox 2168 4548 2468 4623; x_wconf 78' lang='grc' dir='ltr'>οἰκτίρμων</span> <span class='ocrx_word' id='word_1_793' title='bbox 2503 4549 2531 4601; x_wconf 90' lang='grc' dir='ltr'>ὁ</span> <span class='ocrx_word' id='word_1_794' title='bbox 2564 4547 2787 4623; x_wconf 75' lang='grc' dir='ltr'>Κύριος,</span> <span class='ocrx_word' id='word_1_795' title='bbox 2811 4550 3020 4626; x_wconf 76' lang='grc' dir='ltr'>τροφὴν</span> <span class='ocrx_word' id='word_1_796' title='bbox 3069 4546 3236 4605; x_wconf 73' lang='grc' dir='ltr'>ἔδωκε</span> <span class='ocrx_word' id='word_1_797' title='bbox 3282 4555 3398 4612; x_wconf 84' lang='grc' dir='ltr'>τοῖς</span> <span class='ocrx_word' id='word_1_798' title='bbox 3458 4544 3825 4627; x_wconf 73' lang='grc' dir='ltr'>φοϐουμένοις</span> 
     </span>
    </p>
   </div>
   <div class='ocr_carea' id='block_1_105' title="bbox 2167 4633 3825 4714">
    <p class='ocr_par' dir='ltr' id='par_1_105' title="bbox 2167 4633 3825 4714">
     <span class='ocr_line' id='line_1_105' title="bbox 2167 4633 3825 4714; baseline 0.001 -23"><span class='ocrx_word' id='word_1_799' title='bbox 2167 4633 2348 4694; x_wconf 73' lang='grc' dir='ltr'>αὐτὸν.</span> <span class='ocrx_word' id='word_1_800' title='bbox 2384 4635 2518 4706; x_wconf 80' lang='grc' dir='ltr'>Δόξα</span> <span class='ocrx_word' id='word_1_801' title='bbox 2558 4638 2748 4711; x_wconf 83' lang='grc' dir='ltr'>Πατρὶ,</span> <span class='ocrx_word' id='word_1_802' title='bbox 2780 4639 2870 4692; x_wconf 86' lang='grc' dir='ltr'><strong>καὶ</strong></span> <span class='ocrx_word' id='word_1_803' title='bbox 2921 4639 3054 4711; x_wconf 73' lang='grc' dir='ltr'>Υίῴ,</span> <span class='ocrx_word' id='word_1_804' title='bbox 3085 4639 3175 4694; x_wconf 85' lang='grc' dir='ltr'><strong>καὶ</strong></span> <span class='ocrx_word' id='word_1_805' title='bbox 3223 4638 3360 4714; x_wconf 79' lang='grc' dir='ltr'>ἁγίῳ</span> <span class='ocrx_word' id='word_1_806' title='bbox 3410 4639 3699 4712; x_wconf 79' lang='grc' dir='ltr'>Πνεύματι·</span> <span class='ocrx_word' id='word_1_807' title='bbox 3734 4638 3825 4693; x_wconf 80' lang='grc' dir='ltr'><strong>καὶ</strong></span> 
     </span>
    </p>
   </div>
   <div class='ocr_carea' id='block_1_106' title="bbox 2165 4726 3827 4802">
    <p class='ocr_par' dir='ltr' id='par_1_106' title="bbox 2165 4726 3827 4802">
     <span class='ocr_line' id='line_1_106' title="bbox 2165 4726 3827 4802; baseline 0.001 -22"><span class='ocrx_word' id='word_1_808' title='bbox 2165 4731 2256 4780; x_wconf 76' lang='grc' dir='ltr'><strong>νῦν</strong></span> <span class='ocrx_word' id='word_1_809' title='bbox 2287 4726 2374 4781; x_wconf 85' lang='grc' dir='ltr'><strong>καὶ</strong></span> <span class='ocrx_word' id='word_1_810' title='bbox 2404 4726 2483 4781; x_wconf 83' lang='grc' dir='ltr'><strong>ἀεὶ</strong></span> <span class='ocrx_word' id='word_1_811' title='bbox 2510 4727 2598 4780; x_wconf 81' lang='grc' dir='ltr'><strong>καὶ</strong></span> <span class='ocrx_word' id='word_1_812' title='bbox 2630 4726 2705 4788; x_wconf 73' lang='grc' dir='ltr'>εἷς</span> <span class='ocrx_word' id='word_1_813' title='bbox 2745 4727 2873 4790; x_wconf 84' lang='grc' dir='ltr'>τοὺς</span> <span class='ocrx_word' id='word_1_814' title='bbox 2922 4727 3118 4790; x_wconf 78' lang='grc' dir='ltr'>αῖῶνας</span> <span class='ocrx_word' id='word_1_815' title='bbox 3163 4730 3296 4800; x_wconf 78' lang='grc'>(31).</span> <span class='ocrx_word' id='word_1_816' title='bbox 3337 4752 3356 4778; x_wconf 78' lang='grc' dir='ltr'>ι</span> <span class='ocrx_word' id='word_1_817' title='bbox 3395 4727 3492 4782; x_wconf 79' lang='grc' dir='ltr'><strong>Καὶ</strong></span> <span class='ocrx_word' id='word_1_818' title='bbox 3545 4727 3679 4802; x_wconf 78' lang='grc' dir='ltr'>μετὰ</span> <span class='ocrx_word' id='word_1_819' title='bbox 3724 4728 3827 4797; x_wconf 80' lang='grc' dir='ltr'>τὴν</span> 
     </span>
    </p>
   </div>
   <div class='ocr_carea' id='block_1_107' title="bbox 2166 4812 3825 4893">
    <p class='ocr_par' dir='ltr' id='par_1_107' title="bbox 2166 4812 3825 4893">
     <span class='ocr_line' id='line_1_107' title="bbox 2166 4812 3825 4893; baseline 0.002 -24"><span class='ocrx_word' id='word_1_820' title='bbox 2166 4812 2486 4892; x_wconf 80' lang='grc' dir='ltr'>δοξολογίαν</span> <span class='ocrx_word' id='word_1_821' title='bbox 2545 4815 2708 4871; x_wconf 83' lang='grc' dir='ltr'>πάλιν</span> <span class='ocrx_word' id='word_1_822' title='bbox 2792 4817 2890 4885; x_wconf 78' lang='grc' dir='ltr'>τὴν</span> <span class='ocrx_word' id='word_1_823' title='bbox 2979 4817 3147 4892; x_wconf 80' lang='grc' dir='ltr'>εὐχὴν</span> <span class='ocrx_word' id='word_1_824' title='bbox 3211 4815 3533 4891; x_wconf 76' lang='grc' dir='ltr'>πλήρωσον,</span> <span class='ocrx_word' id='word_1_825' title='bbox 3588 4816 3825 4893; x_wconf 82' lang='grc' dir='ltr'>λέγουσα</span> 
     </span>
    </p>
   </div>
   <div class='ocr_carea' id='block_1_108' title="bbox 2166 4904 3820 4982">
    <p class='ocr_par' dir='ltr' id='par_1_108' title="bbox 2166 4904 3820 4982">
     <span class='ocr_line' id='line_1_108' title="bbox 2166 4904 3820 4982; baseline 0.002 -24"><span class='ocrx_word' id='word_1_826' title='bbox 2166 4904 2359 4968; x_wconf 78' lang='grc' dir='ltr'>οὕτως·</span> <span class='ocrx_word' id='word_1_827' title='bbox 2417 4907 2476 4963; x_wconf 89' lang='grc' dir='ltr'>Ὁ</span> <span class='ocrx_word' id='word_1_828' title='bbox 2535 4907 2661 4967; x_wconf 88' lang='grc' dir='ltr'>Θεὸς</span> <span class='ocrx_word' id='word_1_829' title='bbox 2720 4907 2748 4960; x_wconf 92' lang='lat'><strong>6</strong></span> <span class='ocrx_word' id='word_1_830' title='bbox 2807 4905 3214 4982; x_wconf 79' lang='grc' dir='ltr'>παντοκράτωρ,</span> <span class='ocrx_word' id='word_1_831' title='bbox 3263 4907 3353 4960; x_wconf 87' lang='grc' dir='ltr'><strong>καὶ</strong></span> <span class='ocrx_word' id='word_1_832' title='bbox 3411 4906 3611 4982; x_wconf 78' lang='grc' dir='ltr'>Κύριος</span> <span class='ocrx_word' id='word_1_833' title='bbox 3657 4909 3820 4980; x_wconf 76' lang='grc' dir='ltr'>ἡμῶν</span> 
     </span>
    </p>
   </div>
   <div class='ocr_carea' id='block_1_109' title="bbox 2169 4991 3820 5071">
    <p class='ocr_par' dir='ltr' id='par_1_109' title="bbox 2169 4991 3820 5071">
     <span class='ocr_line' id='line_1_109' title="bbox 2169 4991 3820 5071; baseline 0 -21"><span class='ocrx_word' id='word_1_834' title='bbox 2169 4995 2376 5060; x_wconf 76' lang='grc' dir='ltr'>Ἰησοῦς</span> <span class='ocrx_word' id='word_1_835' title='bbox 2409 4995 2660 5070; x_wconf 80' lang='grc' dir='ltr'>Χριστὸς,</span> <span class='ocrx_word' id='word_1_836' title='bbox 2689 4992 2752 5049; x_wconf 83' lang='grc' dir='ltr'><strong>τὸ</strong></span> <span class='ocrx_word' id='word_1_837' title='bbox 2783 4991 2959 5068; x_wconf 76' lang='grc' dir='ltr'>ὄνομα</span> <span class='ocrx_word' id='word_1_838' title='bbox 2987 4995 3050 5049; x_wconf 88' lang='grc' dir='ltr'><strong>τὸ</strong></span> <span class='ocrx_word' id='word_1_839' title='bbox 3088 4995 3220 5070; x_wconf 73' lang='grc' dir='ltr'>ὑπὲρ</span> <span class='ocrx_word' id='word_1_840' title='bbox 3269 5001 3373 5050; x_wconf 82' lang='grc' dir='ltr'><strong>πᾶν</strong></span> <span class='ocrx_word' id='word_1_841' title='bbox 3425 4991 3618 5069; x_wconf 71' lang='grc' dir='ltr'>ὄνομα,</span> <span class='ocrx_word' id='word_1_842' title='bbox 3653 4995 3820 5071; x_wconf 81' lang='grc' dir='ltr'>εὐχα-</span> 
     </span>
    </p>
   </div>
   <div class='ocr_carea' id='block_1_110' title="bbox 2261 5359 3105 5430">
    <p class='ocr_par' dir='ltr' id='par_1_110' title="bbox 2261 5359 3105 5430">
     <span class='ocr_line' id='line_1_110' title="bbox 2261 5359 3105 5430; baseline 0 -14"><span class='ocrx_word' id='word_1_843' title='bbox 2261 5363 2352 5430; x_wconf 83' lang='grc'><strong>28)</strong></span> <span class='ocrx_word' id='word_1_844' title='bbox 2384 5361 2553 5430; x_wconf 84' lang='grc' dir='ltr'>Μετά,</span> <span class='ocrx_word' id='word_1_845' title='bbox 2584 5362 2748 5418; x_wconf 90' lang='lat' dir='ltr'><strong>deest</strong></span> <span class='ocrx_word' id='word_1_846' title='bbox 2770 5361 2837 5430; x_wconf 81' lang='lat' dir='ltr'><strong>in</strong></span> <span class='ocrx_word' id='word_1_847' title='bbox 2871 5359 3022 5418; x_wconf 86' lang='lat' dir='ltr'><strong>Felc.</strong></span> <span class='ocrx_word' id='word_1_848' title='bbox 3051 5363 3105 5417; x_wconf 87' lang='lat'><strong>2.</strong></span> 
     </span>
    </p>
   </div>
   <div class='ocr_carea' id='block_1_111' title="bbox 2239 5363 3822 5517">
    <p class='ocr_par' dir='ltr' id='par_1_111' title="bbox 2239 5363 3822 5517">
     <span class='ocr_line' id='line_1_111' title="bbox 2261 5363 3105 5430; baseline 0 -14"><span class='ocrx_word' id='word_1_849' title='bbox 2261 5364 2330 5418; x_wconf 88' lang='lat'><strong>28</strong></span> <span class='ocrx_word' id='word_1_850' title='bbox 2384 5363 2553 5430; x_wconf 84' lang='grc' dir='ltr'>Μετά,</span> <span class='ocrx_word' id='word_1_851' title='bbox 2584 5363 2748 5418; x_wconf 90' lang='lat' dir='ltr'><strong>deest</strong></span> <span class='ocrx_word' id='word_1_852' title='bbox 2777 5363 2837 5417; x_wconf 91' lang='lat' dir='ltr'><strong>in</strong></span> <span class='ocrx_word' id='word_1_853' title='bbox 2871 5363 3022 5418; x_wconf 87' lang='lat' dir='ltr'><strong>Felc.</strong></span> <span class='ocrx_word' id='word_1_854' title='bbox 3051 5363 3105 5417; x_wconf 87' lang='lat'><strong>2.</strong></span> 
     </span>
     <span class='ocr_line' id='line_1_112' title="bbox 2239 5363 3822 5517; baseline 0.001 -29"><span class='ocrx_word' id='word_1_855' title='bbox 2384 5433 2531 5489; x_wconf 83' lang='lat' dir='ltr'><strong>Felc.</strong></span> <span class='ocrx_word' id='word_1_856' title='bbox 2590 5436 2644 5504; x_wconf 90' lang='lat'><strong>2,</strong></span> <span class='ocrx_word' id='word_1_857' title='bbox 2715 5428 2821 5486; x_wconf 81' lang='grc' dir='ltr'>ὧδε</span> <span class='ocrx_word' id='word_1_858' title='bbox 2876 5433 3111 5490; x_wconf 84' lang='grc' dir='ltr'>κάκεῖσε.</span> <span class='ocrx_word' id='word_1_859' title='bbox 3161 5438 3290 5492; x_wconf 81' lang='lat' dir='ltr'><strong>Mox</strong></span> <span class='ocrx_word' id='word_1_860' title='bbox 3345 5435 3522 5504; x_wconf 87' lang='lat' dir='ltr'><strong>idem,</strong></span> <span class='ocrx_word' id='word_1_861' title='bbox 3570 5430 3658 5488; x_wconf 80' lang='grc' dir='ltr'><strong>καὶ</strong></span> <span class='ocrx_word' id='word_1_862' title='bbox 3717 5432 3822 5489; x_wconf 79' lang='grc' dir='ltr'>ἀπ-</span> 
     </span>
    </p>
   </div>
   <div class='ocr_carea' id='block_1_112' title="bbox 2237 5644 3822 5733">
    <p class='ocr_par' dir='ltr' id='par_1_112' title="bbox 2237 5644 3822 5733">
     <span class='ocr_line' id='line_1_113' title="bbox 2237 5644 3822 5733; baseline 0.005 -34"><span class='ocrx_word' id='word_1_863' title='bbox 2379 5644 2647 5733; x_wconf 43' lang='grc' dir='ltr'>Ηεξό,.καὶ</span> <span class='ocrx_word' id='word_1_864' title='bbox 2679 5650 2766 5733; x_wconf 61' lang='grc' dir='ltr'>νζιν</span> <span class='ocrx_word' id='word_1_865' title='bbox 2799 5644 2890 5700; x_wconf 85' lang='grc' dir='ltr'><strong>καὶ</strong></span> <span class='ocrx_word' id='word_1_866' title='bbox 2932 5645 3007 5710; x_wconf 83' lang='grc' dir='ltr'><strong>εἰς</strong></span> <span class='ocrx_word' id='word_1_867' title='bbox 3049 5644 3182 5712; x_wconf 68' lang='grc' dir='ltr'>τοὺς</span> <span class='ocrx_word' id='word_1_868' title='bbox 3205 5644 3212 5645; x_wconf 19' lang='grc' dir='ltr'>ί</span> <span class='ocrx_word' id='word_1_869' title='bbox 3234 5644 3454 5724; x_wconf 71' lang='grc' dir='ltr'>αἱῶνας,</span> <span class='ocrx_word' id='word_1_870' title='bbox 3488 5649 3703 5708; x_wconf 84' lang='lat' dir='ltr'><strong>desunt</strong></span> <span class='ocrx_word' id='word_1_871' title='bbox 3758 5647 3822 5707; x_wconf 88' lang='lat' dir='ltr'><strong>in</strong></span> 
     </span>
    </p>
   </div>
   <div class='ocr_carea' id='block_1_113' title="bbox 2164 5717 2927 5792">
    <p class='ocr_par' dir='ltr' id='par_1_113' title="bbox 2164 5717 2927 5792">
     <span class='ocr_line' id='line_1_114' title="bbox 2164 5717 2927 5792; baseline 0 -16"><span class='ocrx_word' id='word_1_872' title='bbox 2164 5717 2471 5777; x_wconf 81' lang='lat' dir='ltr'><strong>Basiliensi</strong></span> <span class='ocrx_word' id='word_1_873' title='bbox 2501 5724 2558 5777; x_wconf 83' lang='lat' dir='ltr'><strong>et</strong></span> <span class='ocrx_word' id='word_1_874' title='bbox 2584 5717 2927 5792; x_wconf 84' lang='lat' dir='ltr'><strong>Anglicano.</strong></span> 
     </span>
    </p>
   </div>
  </div>
