4154 6400
300 429 420 493 ,69
1670 417 1773 482 DE
1822 416 2356 483 VIRGINITATE.
3607 430 3727 489 27o

301 564 593 641 ριστοῦμεν
624 557 715 613 καὶ
748 551 1001 625 αἷνοῦμέν
1036 571 1093 605 σε
1131 552 1270 622 (32),
1319 550 1403 605 ὃτι
1435 549 1773 622 κατηξίωσας
1820 552 1941 623 ἡμῖη

2088 553 2339 611 :mlestes
2370 556 2531 613 cibos
2561 561 2742 616 dones
2772 560 2961 615 nobis.
2982 562 3051 615 Et
3078 561 3154 616 da
3196 562 3365 618 nobis
3395 568 3641 619 tremere
3671 565 3728 617 et

303 644 627 729 μεταλαϐεῖν
656 650 764 701 τῶν
795 644 1012 718 ἀγαθῶν
1056 645 1161 695 τῶν
1196 644 1331 712 σῶν,
1362 644 1471 695 τῶν
1523 645 1790 716 σαρκικῶν
1836 660 1943 713 τρο·

2083 643 2280 701 timere
2312 648 2568 704 terribile
2599 657 2654 704 et
2687 650 3027 707 honorabile
3064 668 3270 707 nomen
3302 656 3494 724 tuum,
3521 657 3579 707 et
3608 668 3723 707 non

298 747 436 823 φῶν.
488 738 731 813 Δεόμεθα
777 733 869 789 καὶ
913 729 1335 823 παρακαλοῦμέν
1387 751 1467 800 σε,
1512 728 1843 823 Κύριεζβίνα
1870 750 1938 785 κα

2083 736 2403 806 transgredi
2434 739 2714 794 mandata
2744 743 2846 795 tua
2880 758 2893 795 :
2934 740 3125 812 legem
3159 745 3323 796 tuam
3352 747 3410 797 et
3431 742 3723 813 justiﬁca-

293 817 389 895 τὰς
436 826 795 905 ἐπουρανίους
843 821 1048 899 τροφὰς
1074 823 1211 893 ἡμῖν
1245 817 1501 896 δωρήσῃ.
1543 820 1647 876 Καὶ
1698 817 1933 905 δὸςᾼήμῖ

2086 823 2260 879 "dones
2291 829 2423 880 tuas
2470 827 2663 883 insere
2700 829 2977 884 cordibus
3008 830 3247 885 nostris.
3278 830 3591 885 Sanctiﬁca
3620 846 3726 885 au-

294 922 518 1000 τρέμειν
550 903 642 974 καὶ
694 909 978 992 φοϐεῖσθαι
1006 911 1069 966 τὸ
1102 909 1325 1000 φρικτὸν
1358 909 1449 1000 καὶ
1508 907 1725 983 ἔντιμον
1764 903 1934 1000 ,ὄνομι

2081 916 2187 967 tem
2220 915 2517 985 spiritum,
2545 917 2806 973 animam
2840 922 2899 973 et
2931 935 3143 990 corpus
3183 923 3475 988 nostrum,
3505 935 3606 990 per
3634 919 3721 974 di-

291 997 408 1085 σου,
440 1010 643 1082 καὶμή
694 1000 1021 1080 παρακούειν
1080 1004 1187 1054 τῶν
1245 997 1478 1054 ἐντολῶν
1548 1016 1663 1053 σου·
1723 998 1815 1052 τὸν
1869 997 1928 1053 νό

2082 1002 2287 1058 lectum
2342 1004 2550 1061 Filium
2599 1011 2770 1062 tuum
2827 1009 3025 1064 Jesum
3058 1008 3357 1064 Christum
3409 1008 3722 1064 Dominum

303 1124 401 1176 μον
452 1121 574 1166 σου,
621 1096 710 1153 καὶ
753 1093 821 1149 τὰ
868 1090 1213 1163 δικαιώματά
1265 1110 1361 1143 σου
1406 1088 1701 1164 ἐγκαταθου
1754 1086 1813 1142 ἐκ
1840 1092 1943 1142 ταῖς

2084 1096 2362 1160 nostrum,
2397 1111 2531 1150 cum
2562 1113 2678 1167 quo
2711 1101 2768 1152 te
2800 1098 2967 1153 decet
3010 1098 3217 1170 gloria,
3249 1097 3587 1169 imperium,
3620 1097 3724 1152 ho-

301 1189 551 1266 καρδίαις
608 1189 787 1259 ἡμῶν·
839 1180 1062 1257 ἁγίασον
1122 1177 1179 1234 δὲ
1234 1181 1393 1251 ἡμῶν
1452 1177 1516 1231 τὸ
1573 1182 1810 1249 πνεῦμα,
1850 1198 1937 1266 ,κα

1881 1176 1961 1231 καί
2072 1196 2180 1235 ιιοι·
2209 1185 2266 1236 et
2295 1183 2559 1239 adoratio
2591 1185 2647 1238 in
2680 1185 2894 1241 saecula
2924 1186 3296 1257 saeculorum,
3330 1203 3521 1242 amen.

436 1278 642 1353 ψυχὴν,
668 1273 755 1329 καὶ
784 1272 847 1326 τὸ
877 1275 1058 1344 σῶμα,
1093 1266 1182 1323 διὰ
1210 1273 1306 1323 τοῦ
1338 1267 1704 1343 ἠγαπημένοι)
1737 1263 1936 1328 Παιδός
1970 1288 2069 1321 σου
2104 1269 2287 1337 Ἰησοῦ
2317 1274 2553 1346 Χριστοῦ
2585 1277 2680 1326 τοῦ
2712 1273 2917 1348 Κυρίου
2951 1275 3132 1346 ήμῶν,
3170 1275 3284 1346 μεθ’
3315 1270 3375 1327 οῦ
3408 1295 3491 1327 σοι
3530 1273 3725 1346 πρέπει

306 1373 419 1445 (33)
451 1367 594 1437 δόξα,
627 1363 847 1440 κράτος,
876 1361 1015 1432 τιμή
1048 1358 1136 1413 καὶ
1168 1356 1536 1434 προσκύνησις
1568 1355 1642 1418 εἷς
1673 1355 1799 1418 τοὺς
1833 1356 2036 1419 αῗῶνας
2066 1362 2169 1411 τῶν
2203 1358 2437 1429 αἰώνων,
2480 1360 2648 1433 ἀμήν.

377 1462 461 1515 15.
512 1454 631 1509 Εἰσὶ
679 1454 780 1529 γὰρ
831 1450 1083 1511 πλείονες
1125 1453 1233 1504 τῶν
1276 1447 1578 1520 κόσμικῶν,
1628 1445 1828 1509 ο⁹ίτινές
1877 1445 1958 1500 εἷ-

2141 1450 2227 1504 15.
2251 1456 2396 1506 Sunt
2417 1452 2573 1507 enim
2599 1469 2667 1508 ex
2695 1454 3014 1510 mundanis
3035 1453 3499 1527 complures,qui
3524 1470 3726 1510 amen-

303 1570 383 1603 σιν
433 1545 676 1616 ἀνόητοι,
730 1541 823 1597 καὶ
870 1540 945 1602 ὡς
989 1539 1058 1594 τὰ
1099 1538 1271 1613 ἄλογα
1314 1541 1423 1606 ζῶα
1450 1534 1802 1613 τρεφόμενοι.
1836 1536 1943 1589 Ἀνι

2085 1547 2180 1608 :es,
2210 1538 2365 1594 velut
2405 1540 2578 1597 bruta
2609 1543 2935 1598 animantia
2984 1542 3266 1615 pabulum
3317 1547 3583 1599 sumunt.
3617 1543 3725 1609 Qui

305 1639 584 1711 ιστάμενοι
627 1629 775 1710 πρωΐ
830 1629 921 1685 καὶ
973 1632 1257 1699 ζητοῦντες
1309 1626 1427 1680 τίνα
1472 1624 1945 1696 πλεονεκτήσουσι,

2083 1642 2239 1681 nane
2271 1634 2605 1702 surgentes,
2640 1637 2911 1702 quaerunt
2943 1648 3119 1704 quem
3150 1632 3519 1702 defraudent,
3547 1646 3723 1703 quem

301 1728 420 1782 τίνα
447 1719 1056 1789 καταδυναστεύσουσιν,
1082 1715 1176 1771 ἵνα
1205 1714 1563 1789 ἐμπλήσωσιν
1594 1715 1693 1783 τὴν
1728 1713 1941 1788 αίσχριὶι

2085 1717 2423 1789 )pprimant,
2447 1723 2512 1774 ut
2540 1720 2761 1776 foedum
2792 1726 3052 1777 ventrem
3086 1738 3261 1778 suum
3292 1721 3596 1794 impleant.
3622 1722 3725 1778 Isti

302 1816 476 1872 αὐτῶν
525 1812 780 1889 γαστέρα.
842 1805 1001 1862 Οὗτοι
1051 1805 1151 1861 οὐκ
1197 1802 1373 1859 οἴδασι
1423 1804 1515 1859 τὸν
1555 1803 1683 1859 Θεὸν
1716 1800 1942 1873 δοξάζω

2081 1809 2251 1861 Deum
2291 1806 2351 1861 in
2385 1824 2592 1865 mensa
2638 1810 2967 1881 gloriﬁcare
3014 1828 3131 1866 non
3179 1815 3421 1869 norunt.
3453 1811 3536 1868 De
3587 1811 3721 1867 istis

304 1906 392 1961 ἐπὶ
444 1910 543 1973 τῆς
588 1899 881 1977 τραπέζης.
940 1897 1061 1951 Ἐπὶ
1117 1893 1323 1950 τούτων
1386 1892 1528 1948 εἶπεν
1589 1894 1617 1947 ὁ
1676 1889 1944 1955 θεσπέσιος

2082 1894 2152 1950 iit
2181 1895 2416 1952 divinus
2448 1896 2665 1953 Paulus
2699 1916 2713 1954 :
2743 1922 2763 1948 ι
2802 1899 2869 1954 Hi
2911 1905 3051 1955 sunt
3081 1901 3303 1957 inimici
3336 1899 3525 1957 crucis
3556 1900 3722 1956 Chri-

304 1993 543 2056 Παῦλος·
595 2015 623 2043 ‹‹
673 1987 840 2047 Οὗτοί
900 1986 1031 2041 εἰσιν
1082 1985 1137 2039 οἳ
1188 1982 1378 2059 ἐχθροὶ
1426 1986 1523 2037 τοῦ
1585 1985 1817 2055 σταυροῦ
1862 1983 1944 2035 τοῐ

2083 1984 2163 2051 ήὶ,
2190 2002 2439 2057 quorum
2463 1987 2599 2041 ﬁnis
2621 1988 2918 2055 interitus,
2940 2007 3190 2061 quorum
3217 1995 3369 2046 Deus
3391 1995 3592 2046 venter
3610 1994 3723 2061 est,

305 2086 559 2160 Χριστοῦ·
612 2082 684 2134 ὧν
726 2079 789 2132 τὸ
830 2075 988 2137 τέλος
1038 2072 1305 2145 ἀπώλεια,
1337 2070 1410 2127 ὦν
1436 2074 1464 2127 ὁ
1497 2072 1627 2133 Θεὸς
1658 2073 1693 2140 ἡ
1750 2069 1945 2129 κοιλία.

2084 2076 2123 2129 ιι
2162 2072 2345 2146 gloria
2393 2075 2451 2130 in
2500 2079 2844 2134 confusione
2890 2078 3305 2151 ipsorum,qui
3353 2083 3585 2136 terrena
3632 2096 3724 2135 sa-

304 2176 394 2230 καὶ
440 2175 475 2243 ἢ
506 2170 631 2242 δόξα
663 2171 715 2225 ιν
748 2172 816 2241 τῇ
848 2166 1082 2241 αἰσχύνῃ
1113 2164 1308 2236 αὐτῶν,
1342 2165 1395 2218 οἱ
1437 2163 1505 2218 τὰ
1555 2161 1769 2237 ἐπίγεια
1824 2181 1944 2238 φρο·

2080 2163 2258 2234 plunt.
2301 2163 2513 2220 Nostra
2561 2171 2758 2222 autem
2807 2169 3171 2224 conversatio
3201 2169 3260 2224 in
3292 2169 3453 2225 caelis
3498 2174 3586 2225 est
3604 2170 3669 2224 ‘3.
3702 2192 3720 2218 η

305 2268 545 2325 νοῦντες.
607 2262 794 2333 Ήμῶν
848 2254 906 2311 δὲ
948 2256 1011 2310 τὸ
1057 2253 1365 2326 πολίτευμα
1412 2251 1462 2306 έν
1506 2251 1759 2327 οὐρανοῖς
1791 2248 1945 2323 ὑπάρ·

2092 2251 2139 2306 1i
2170 2251 2309 2307 feris
2338 2256 2395 2307 et
2417 2254 2709 2324 jumentis
2740 2257 3057 2313 deteriores
3089 2262 3230 2313 sunt
3253 2275 3268 2313 :
3292 2275 3431 2313 nam
3457 2259 3732 2329 jumenta

307 2373 419 2429 χει.
475 2376 503 2404 ››
553 2348 713 2404 Οὗτοι
757 2346 1004 2423 χείρονες
1052 2343 1141 2398 καὶ
1171 2348 1278 2398 τῶν
1314 2340 1519 2419 θηρίων
1552 2339 1642 2395 καὶ
1688 2344 1800 2429 ⁸τῶν
1828 2359 1947 2429 κτη-

2092 2344 2129 2395 :t
2159 2341 2294 2396 fera)
2324 2347 2542 2399 norunt
2570 2345 2930 2401 conditorem
2963 2363 3137 2402 suum
3170 2346 3381 2415 Deum,
3408 2352 3464 2402 et
3496 2348 3732 2402 benedi-

305 2427 412 2499 νῶν
463 2440 586 2497 εἶσι.
645 2437 714 2494 τὰ
769 2435 873 2511 γὰρ
920 2436 1095 2505 κτήνη
1151 2431 1241 2488 καὶ
1295 2430 1363 2486 τὰ
1418 2430 1586 2506 θηρία
1635 2427 1813 2485 οἷ’δασι
1868 2428 1945 2483 τὸι

2087 2433 2215 2486 :unt
2243 2432 2339 2486 9|
2375 2430 2492 2501 illi;
2526 2432 2798 2490 homines
2829 2440 3057 2502 contra,
3087 2436 3217 2507 ejus
3258 2453 3437 2491 manu
3468 2435 3727 2505 formati,

307 2534 613 2603 ποιήσαντα
654 2525 851 2588 αὐτοὺς
900 2525 1051 2595 Θεὸν,
1098 2523 1189 2578 καὶ
1228 2520 1547 2596 εὐλογοῦσιν
1580 2518 1759 2575 αὐτόν’
1822 2518 1873 2573 οἱ
1907 2514 1947 2572 δῖ

2092 2526 2132 2574 ιι
2159 2518 2479 2592 imaginem
2508 2520 2697 2593 ipsius
2722 2523 2993 2591 ferentes,
3019 2542 3131 2580 non
3158 2528 3449 2581 noverunt
3472 2524 3732 2580 condito-

314 2623 618 2695 ἄνθρωποι,
661 2618 713 2671 οἳ
763 2613 868 2670 ἀπὸ
914 2618 1022 2668 τῶν
1056 2615 1259 2688 ’χειρῶν
1300 2610 1466 2665 αὐτοῦ
1494 2607 1842 2677 πλασθέντες,
1874 2606 1954 2662 καῖ

2089 2625 2196 2664 rem
2229 2625 2403 2664 suum
2431 2627 2444 2665 :
2469 2612 2571 2666 sed
2602 2628 2699 2667 ore
2730 2614 2968 2685 quidem
3002 2614 3171 2670 illum
3194 2615 3569 2685 conﬁtentur,
3595 2630 3729 2685 ope-

316 2709 501 2765 είκόνα
551 2706 720 2762 αὐτοῦ
789 2707 1074 2782 φοροῦντες
1135 2700 1235 2756 οὐκ
1300 2696 1477 2755 οἷ’δασι
1532 2696 1625 2754 τὸν
1669 2700 1956 2769 ποιήσαντα

2087 2698 2240 2753 ribus
2271 2702 2466 2753 autem
2499 2705 2717 2772 negant
2739 2717 2793 2755 τι(
2816 2702 2899 2758 Tu
2928 2704 3119 2759 credis
3142 2703 3420 2777 quoniam
3448 2709 3595 2760 Deus
3617 2708 3727 2767 est,

315 2798 535 2861 αὐτούς’
586 2794 713 2851 ἀλλ’
763 2792 1126 2869 ὁμολογοῦσιν
1176 2788 1335 2845 αὐτὸν
1390 2789 1484 2863 μὶν
1534 2787 1586 2842 ἐν
1620 2792 1699 2860 τῷ
1736 2786 1955 2859 στόματι

2085 2789 2222 2844 bene
2253 2787 2417 2855 facis,
2441 2793 2500 2844 et
2529 2790 2825 2847 daemones
2855 2792 3100 2848 credunt
3128 2796 3186 2849 et
3214 2792 3677 2849 contremiscunt
3714 2808 3725 2847 :

313 2889 638 2955 αὐτῶν,τοῖς
671 2882 729 2939 δὲ
758 2879 938 2959 ἔργοις
969 2881 1255 2957 ἀρνοῦνται
1289 2877 1469 2934 αὐτόν·
1509 2901 1537 2930 ‹‹
1570 2876 1646 2931 Σὺ
1675 2875 1953 2937 πιστεύεις

2088 2877 2175 2933 sed
2213 2878 2359 2933 ﬁdes
2397 2877 2519 2933 sine
2551 2880 2825 2950 operibus
2867 2886 3097 2938 mortua
3130 2886 3222 2939 est
3239 2882 3303 2938 “.
3333 2904 3360 2932 ››
3392 2882 3541 2947 Quid
3570 2882 3728 2938 enim

317 2978 396 3033 δτι
442 2972 552 3031 ἔστι
602 2973 753 3044 Θεὸς,
803 2971 988 3032 καλῶς
1033 2974 1233 3037 ποιεῖς,
1295 2966 1385 3022 καὶ
1449 2965 1517 3021 τὰ
1564 2963 1821 3038 δαιμόνια
1874 2986 1957 3019 πι-

2090 2967 2317 3039 prodest
2347 2967 2569 3022 homini
2602 2969 2867 3025 conﬁteri
2912 2976 3091 3026 Deum
3131 2988 3280 3040 esse,
3309 2972 3360 3027 si
3393 2970 3566 3026 malis
3594 2986 3730 3026 eum

323 3067 582 3134 στεύουσι,
632 3062 724 3119 καὶ
776 3065 1105 3140 φρίττουσιν·
1159 3056 1287 3113 ἀλι’
1327 3058 1441 3130 (34)
1489 3057 1525 3127 ἠ
1576 3055 1757 3118 πίστις
1790 3054 1963 3131 χωρὶς

2090 3056 2355 3128 ψοιυίὺυε
2377 3057 2665 3128 abnegat?
2681 3058 2984 3122 Quomodo
3005 3077 3068 3116 se
3090 3060 3402 3117 conﬁtetur
3425 3058 3730 3115 Dominum

321 3162 421 3213 τῶν
467 3155 638 3233 ἔργων
685 3154 849 3228 νεκρά
901 3150 1035 3206 ἐστι.
1081 3176 1110 3203 n
1162 3148 1223 3203 Τί
1273 3146 1376 3223 γὰρ
1410 3145 1700 3233 ὠφελεῖται
1754 3146 1961 3220 ἄνθρω-

2095 3147 2312 3213 Jabere,
2339 3146 2387 3201 si
2416 3146 2467 3201 ei
2499 3164 2615 3201 non
2666 3148 2919 3203 serviat?
2958 3150 3089 3205 ideo
3128 3149 3284 3205 enim
3336 3149 3502 3204 audit
3533 3149 3735 3204 Domi—

321 3269 422 3310 πος
468 3230 787 3320 ὁμολογῶν,
847 3240 931 3296 ὅτι
988 3236 1064 3295 ἔνι
1125 3238 1276 3310 Θεὸς,
1324 3241 1444 3298 τοῖς
1502 3233 1559 3289 δὲ
1586 3230 1775 3310 ἔργοις
1806 3234 1961 3288 αὐτοῦ

2099 3251 2224 3289 ium
2283 3251 2480 3290 suum.
2536 3235 2605 3289 Et
2661 3237 2809 3292 servi
2869 3238 3107 3308 quidem
3167 3242 3388 3294 norunt
3444 3242 3739 3309 emptores

313 3341 430 3398 τοῖς
460 3337 726 3407 πονηροῖς
775 3331 1015 3406 ἀρνεῖται
1064 3325 1261 3395 αὐτόν;
1316 3329 1441 3387 Πῶς
1472 3322 1743 3398 ὁμολογεῖ
1772 3320 1953 3377 δεσπό-

468 3419 492 3430 ..
739 3421 752 3430 .
817 3416 841 3430 ,ι
914 3416 932 3430 ς
992 3416 1004 3430 ,
1170 3414 1183 3430 ,
1232 3419 1261 3430 η.
1357 3410 1381 3430 τι
1418 3414 1432 3430 ε
1530 3417 1557 3428 η.
1696 3413 1710 3430 κ
1796 3412 1810 3430 ,
1900 3412 1913 3430 1

2101 3341 2242 3391 suos,
2275 3329 2333 3379 et
2378 3325 2667 3380 honorant
2713 3325 2892 3381 illos:
2927 3343 3153 3399 nosque
3204 3328 3406 3382 itidem
3457 3327 3741 3382 debemus

315 3445 416 3495 την
466 3419 638 3499 ἔχειν,
686 3421 763 3495 μὴ
814 3416 1087 3474 δουλεύων
1125 3414 1273 3487 αὐτῷ
1304 3434 1318 3485 ;
1353 3410 1443 3468 διὰ
1463 3417 1625 3469 τοῦτο
1652 3413 1753 3489 γὰρ
1787 3412 1955 3467 ἀκούει

2106 3412 2250 3468 llum
2285 3413 2588 3481 honorare,
2623 3431 2738 3471 non
2770 3419 3001 3471 tantum
3031 3417 3230 3486 verbo,
3263 3417 3363 3473 sed
3400 3417 3577 3472 etiam
3609 3432 3742 3487 ope-

315 3520 413 3570 τοῦ
464 3512 666 3590 Κυρίου
713 3508 900 3565 αὐτοῦ.
955 3506 1056 3563 Καὶ
1096 3506 1149 3560 οἱ
1192 3502 1381 3559 δοῦλοι
1414 3500 1589 3558 οἷ’δασι
1620 3502 1748 3564 τοὺς
1781 3502 1955 3578 ἀγοράς

2097 3519 2162 3557 re.
2199 3503 2327 3573 Ipse
2378 3518 2634 3574 namque
2677 3504 2956 3560 Dominus
3006 3510 3205 3562 noster
3248 3505 3424 3562 Jesus
3470 3504 3737 3561 Christus

314 3624 511 3665 σαντας
558 3600 775 3671 αὐτοὺς,
824 3597 914 3653 καὶ
961 3600 1196 3669 τιμῶσιν
1240 3592 1455 3665 αὐτοὺς,
1501 3592 1589 3648 καὶ
1630 3593 1795 3665 ἡμεῖς
1831 3590 1954 3668 ὀφείη

2098 3592 2429 3648 cstiﬁcatus
2459 3601 2544 3648 est
2574 3592 2633 3647 in
2665 3592 2977 3666 Evangelia
3002 3613 3015 3651 :
3046 3615 3073 3648 α
3096 3595 3220 3655 Non
3248 3599 3441 3651 omnis
3470 3594 3568 3666 qui
3596 3593 3738 3650 dicit

316 3692 486 3767 λομεν
535 3694 698 3763 τιμᾷν
747 3687 930 3755 αὐτὸν,
983 3684 1046 3739 οὐ
1094 3683 1246 3759 λόγῳ
1298 3676 1461 3756 μόνον
1495 3684 1629 3755 (35),
1692 3679 1838 3736 ἀλλὰ
1880 3680 1956 3734 δια¹

2095 3682 2250 3750 rnihi,
2285 3683 2547 3749 Domine,
2589 3683 2832 3739 intrabit
2879 3684 2936 3739 in
2986 3702 3233 3758 regnum
3283 3686 3600 3754 caelorum;
3633 3686 3735 3740 sed

317 3781 483 3860 ἔργῳ.
526 3779 699 3841 Αὐτὸς
737 3777 842 3854 γὰρ
890 3777 918 3830 ὁ
967 3773 1167 3851 Κύριος
1212 3773 1375 3846 ἡμῶν
1413 3773 1622 3841 Ἰησοῦς
1659 3770 1888 3860 Χριστὸς
1919 3768 1957 3824 ἐκ

2089 3773 2182 3843 qui
2214 3773 2354 3828 facit
2380 3771 2737 3827 voluntatem
2762 3773 2947 3829 Patris
2972 3774 3212 3847 mei,qui
3240 3775 3406 3831 estin
3429 3775 3591 3830 ccelis
3611 3775 3684 3842 ⁶⁸;
3701 3794 3729 3824 ››

315 3858 396 3946 τῷ
441 3869 758 3947 Εὑαγρελίῳ
803 3864 1146 3942 ἐμαρτύρησε
1191 3861 1387 3939 λέγων.
1424 3884 1451 3913 ι(
1482 3859 1560 3919 Οὐ
1598 3866 1701 3922 πᾶς
1732 3861 1760 3914 ὁ
1793 3858 1955 3935 λέγωι

2095 3866 2139 3917 δι
2167 3878 2403 3917 rursum
2430 3878 2442 3916 :
2472 3882 2500 3912 «
2529 3861 2655 3917 Non
2686 3878 2958 3919 assumes
2989 3880 3197 3920 nomen
3250 3864 3481 3919 Domini
3517 3864 3616 3919 Dei
3646 3862 3735 3918 tui

322 3984 441 4036 μοι,
471 3961 658 4036 Κύριε,
686 3955 1043 4014 εἰσελεύσεται
1075 3952 1150 4014 εἰς
1177 3952 1275 4020 τὴν
1326 3949 1601 4025 βασιλείαν
1650 3954 1760 4004 τῶν
1811 3948 1962 4023 οὐρα-

2091 3951 2143 4005 in
2176 3967 2390 4006 vanum
2411 3950 2475 4005 ⁸⁸.
2501 3974 2523 4003 ι
2563 3951 2900 4024 Iterumque
2939 3954 3215 4025 praecepit
3264 3952 3433 4008 nobis
3482 3953 3684 4007 dicens
3716 3968 3731 4008 :

318 4057 448 4123 νῶν,
481 4048 605 4106 ἀλλ’
636 4050 664 4103 ὁ
694 4050 867 4102 ποιῶν
894 4045 959 4099 τὸ
991 4041 1209 4113 θέλημα
1231 4043 1330 4095 τοῦ
1362 4038 1572 4115 Πατρός
1607 4058 1732 4110 μνυ,
1780 4042 1877 4093 τοῦ
1924 4036 1958 4091 ὲκ

2094 4061 2113 4089 ;‹
2148 4039 2421 4094 Discedat
2449 4038 2522 4093 ab
2552 4038 2859 4109 iniquitate
2878 4041 3072 4096 omnis
3101 4042 3196 4113 qui
3232 4042 3497 4097 nominat
3520 4057 3734 4097 nomen

321 4141 572 4217 οὐρανοῖς
810 4159 838 4187 ››
890 4132 978 4188 καὶ
1018 4130 1205 4186 πάλιν·
1241 4153 1269 4181 ‹‹
1304 4128 1383 4217 Οὐ
1417 4127 1680 4217 μὴηλήψῃ
1713 4127 1774 4181 τὸ
1805 4123 1961 4217 ὐνομσ

2098 4128 2319 4183 Domini
2341 4128 2405 4181 ⁸⁷.
2430 4147 2462 4179 ι
2489 4127 2590 4182 Vis
2641 4144 2814 4185 nosse
2858 4130 3079 4185 bestias
3109 4135 3166 4186 et
3200 4132 3475 4203 jumenta
3526 4145 3738 4202 cogno-

324 4215 531 4308 Κυρίου
561 4232 695 4285 Θεοῦ
726 4247 822 4281 σου
854 4222 941 4279 ἐπὶ
967 4219 1197 4296 ματαίῳ.
1226 4241 1257 4271 ››
1290 4216 1391 4275 Καὶ
1439 4215 1606 4271 πάλιν
1654 4215 1964 4292 προσέταξει

2102 4234 2248 4274 acere
2283 4222 2484 4284 Deum,
2504 4216 2676 4288 eique
2705 4217 3090 4275 benedicere?
3120 4219 3256 4276 audi
3289 4220 3573 4292 Spiritum
3605 4236 3742 4275 san-

323 4304 460 4395 ἠμῖν
494 4317 693 4394 λέγων·
722 4340 749 4367 ‹‹
782 4313 1108 4382 Ἀποστήτω
1137 4308 1243 4364 ἀπὸ
1274 4305 1484 4369 ἀδικίας
1508 4311 1611 4395 πᾶς
1641 4306 1669 4359 ὁ
1695 4304 1963 4395 ὀνομάζωι

2103 4315 2247 4365 stum
2281 4305 2715 4378 praecipientem
2747 4306 2864 4362 illis
2908 4307 2969 4363 in
3018 4308 3255 4382 hymnis
3291 4327 3357 4365 :«
3391 4309 3743 4379 Benedicite,

322 4393 386 4468 τὸ
416 4393 591 4482 ὄνομα
620 4405 845 4479 Κυρίου.
882 4427 911 4455 ››
938 4399 1123 4462 Θέλεις
1155 4396 1215 4453 δὲ
1242 4401 1465 4473 γνῶναι,
1497 4393 1580 4451 ὅτι
1603 4395 1671 4450 τὰ
1700 4394 1866 4482 θηρία
1889 4415 1958 4449 κα

2108 4397 2292 4455 )estiae
2322 4399 2380 4450 et
2408 4396 2608 4451 omnia
2652 4412 2882 4467 pecora,
2921 4397 3166 4453 Domino
3186 4399 3251 4454 ⁸⁸.
3279 4421 3307 4448 ››
3337 4399 3463 4454 Nisi
3508 4398 3748 4455 benedi-

323 4501 392 4557 τὰ
420 4481 591 4570 κτήνη
628 4492 804 4552 οἴδασι
831 4493 920 4546 τὸν
948 4490 1100 4556 Θεὸν,
1130 4486 1221 4543 καὶ
1243 4484 1559 4563 εὐλογοῦσιν
1591 4484 1751 4540 αὐτόν
1775 4504 1788 4553 ;
1821 4481 1963 4539 ἄκουε

2112 4490 2309 4556 :erent,
2360 4500 2734 4556 nequaquam
2789 4484 2846 4540 id
2894 4487 3270 4558 praecepisset
3317 4488 3421 4544 eis.
3460 4487 3575 4544 Nec
3622 4487 3752 4559 ipsa

327 4589 425 4646 τοῦ
457 4586 610 4665 ἁγίου
642 4582 950 4657 Πνεύματος
992 4578 1426 4653 προστάττοντος
1456 4574 1640 4637 αὐτοῖς
1682 4574 1733 4628 ἐν
1768 4573 1967 4647 ὕμνοις

2121 4580 2325 4633 antum
2368 4573 2726 4630 benedicunt
2776 4575 2991 4644 Deum;
3025 4577 3126 4632 sed
3158 4581 3217 4632 et
3244 4577 3439 4634 omnis
3487 4581 3756 4633 creatura

331 4705 359 4733 (ι
390 4663 711 4751 Εὐλήογεῖτε,
757 4671 826 4728 τὰ
874 4669 1040 4746 θηρία
1078 4668 1164 4723 οιαὶ
1194 4665 1367 4721 πάντα
1392 4664 1459 4719 τὰ
1504 4665 1703 4734 κτήνη,
1734 4664 1824 4717 τὸν
1876 4663 1971 4720 K6-

2116 4683 2222 4737 1uae
2257 4668 2497 4736 apparet
2526 4667 2583 4719 et
2613 4663 2798 4720 oculis
2829 4665 3169 4738 percipitur,
3206 4671 3452 4739 utraque
3484 4683 3599 4723 non
3633 4683 3756 4722 ces-

336 4790 474 4845 ριον,
512 4739 570 4819 ››¹
598 4765 662 4819 Εἰ
695 4739 792 4837 ’μὴ
844 4739 1147 4834 ηὐλΙόγουν,
1179 4755 1279 4810 οὐκ
1310 4754 1368 4809 ἃν
1402 4753 1588 4845 αὐτοῖς
1604 4752 1969 4845 *προσέταττεν

920 4739 1147 4834 λ’όγουν,
1179 4755 1279 4810 οὐκ
1310 4754 1368 4809 ἃν
1402 4753 1586 4815 αὐτοῖς
1614 4752 1993 4829 προσέταττεν.
2031 4739 2073 4802 D
2107 4766 2238 4811 sant
2272 4753 2555 4810 conﬁteri.

336 4840 445 4913 Οὐκ
472 4853 609 4910 αὑτᾶ
638 4850 696 4907 δὲ
730 4850 895 4925 μόνον
927 4847 1217 4923 εὑλογοῦσι
1248 4845 1341 4899 τὸν
1376 4842 1528 4912 Θεὸν,
1567 4840 1714 4897 ἀλλὰ
1747 4843 1837 4897 καὶ
1866 4848 2011 4897 π’ᾶσα
2041 4844 2076 4912 ἡ
2109 4841 2278 4904 κτίσις
2307 4842 2341 4909 ἠ
2377 4840 2674 4918 φαινομένη
2726 4841 2815 4895 καὶ
2847 4841 3100 4917 ὁρωμένη
3129 4843 3196 4899 τὰ
3246 4844 3529 4923 ἀμφότερα
3586 4845 3761 4899 αὑτῶν

339 4942 763 5003 ἆκαταπαύστως
794 4937 1079 5013 ὁμολογεῖ.

412 5039 499 5093 16.
524 5032 629 5091 Καὶ
661 5029 724 5085 σὺ
756 5029 871 5098 οὗν,
905 5024 1077 5096 δούλη
1108 5027 1206 5079 τοῦ
1237 5018 1509 5089 Θεοῦ,εἲ¹τε
1539 5016 1857 5096 έγείρῃ,εἷίτε
1876 5022 2001 5074 καθ-

2183 5022 2270 5077 16.
2305 5023 2388 5077 Tu
2440 5021 2660 5093 itaque,
2695 5020 2907 5078 ancilla
2953 5022 3073 5090 Dei,
3107 5023 3225 5080 sive
3276 5024 3494 5097 surgis,
3524 5022 3646 5079 sive
3676 5038 3765 5079 se-

341 5126 458 5201 έζῃ,
491 5119 601 5178 εἷ’τε
632 5118 785 5196 ἔργον
814 5138 867 5173 τι
898 5114 1089 5190 ποιῇς,
1124 5111 1231 5168 εἴτε
1268 5111 1475 5186 ἐσθίῃς,
1511 5107 1617 5165 εἷίιε
1648 5109 1735 5164 ἐπὶ
1766 5112 1863 5178 τῆς
1887 5108 1981 5164 κοίι

2127 5112 2236 5179 les,
2270 5112 2390 5167 sive
2430 5112 2571 5183 quid
2622 5112 2814 5183 operis
2865 5111 3029 5182 facis,
3055 5113 3175 5169 sive
3224 5114 3503 5181 comedis,
3536 5111 3657 5168 sive
3686 5112 3767 5168 le-

413 5271 458 5305 ⁶³
489 5268 742 5339 Philipp.
794 5282 882 5335 ιιι,
936 5262 1125 5319 18-20.
1239 5261 1286 5296 ⁸⁸
1314 5260 1437 5316 Jac.
1491 5274 1551 5329 ιι,
1600 5258 1688 5329 19,
1738 5258 1826 5312 20.
1940 5257 1984 5291 ⁸⁸

344 5343 390 5378 ⁵⁸
426 5344 570 5399 Dan.
601 5357 688 5399 ιιι.
723 5338 814 5393 81.

2128 5257 2220 5312 .th.
2270 5274 2372 5327 vn,
2420 5259 2511 5312 21.
2623 5258 2668 5293 ⁸⁸
2699 5256 2875 5313 Exod.
2908 5274 3002 5325 xx,
3032 5258 3087 5311 7.
3202 5259 3245 5293 ⁸⁷
3281 5259 3325 5313 ΙΙ
3361 5257 3511 5313 Tim.
3562 5274 3629 5325 ιι,
3680 5256 3768 5312 19.

472 5359 570 5399 an.
601 5357 688 5408 ιιι,
723 5357 814 5393 δι.

419 5500 535 5629 ς32)
565 5499 697 5555 Haec
762 5494 852 5551 καὶ
900 5492 1179 5564 αἶνοῦμεν,
1212 5491 1429 5547 desunt
1477 5487 1552 5573 in~
1586 5484 1910 5574 Anglicano
1947 5493 2017 5574 et

419 5589 501 5628 lc.
540 5589 602 5628 ιι.
657 5543 790 5626 Mox
838 5569 898 5623 in
950 5571 1268 5629 postremo,
1300 5562 1444 5618 hac.
1484 5578 1595 5614 των
1643 5557 1857 5629 ἁγαθων
1907 5579 2017 5613 των

1514 5504 1535 5542 ιι
1586 5484 1910 5559 Anglicano
1958 5493 2017 5544 et
2221 5486 2312 5557 34)
2344 5481 2499 5538 Ἀλλ’
2528 5484 2694 5539 deest
2725 5483 2785 5539 in
2814 5485 3154 5558 Anglicano.

1514 5561 1595 5613 ’ῶν
1643 5557 1857 5629 ἀγαθῶν
1907 5562 2017 5613 τῶν
2196 5487 2313 5629 ί35)
2343 5555 2495 5629 Felc.
2524 5558 2579 5629 2,
2599 5548 2784 5629 μόνῳ.
3127 5624 3137 5629 _

351 5555 602 5631 Felc.'u.
657 5555 790 5626 Mox
838 5569 898 5623 in
950 5555 1268 5638 postremo,
1300 5562 1444 5618 hac.
1484 5561 1595 5614 τῶν
1643 5555 1857 5634 ἀγαθῶν
1907 5562 1991 5613 τῶ

353 5647 483 5712 σῶν,
518 5645 754 5699 desunt.
1282 5703 1295 5712 _
1516 5701 1532 5712 _
1698 5701 1761 5712 ι.
1836 5703 1875 5712 ﬁ
1953 5702 1988 5712 η

2220 5555 2313 5625 35)
2343 5555 2495 5612 Felc.
2524 5558 2579 5619 2,
2615 5555 2784 5626 μόνῳ.
2911 5555 2935 5558 ”

2196 5555 2309 5712 ίξὸ)
2339 5628 2490 5712 ῌθεεο,
2516 5623 2708 5712 αλλἰὸ
2740 5629 3028 5712 παιῶνα...
3056 5624 3150 5680 τοὸ
3171 5626 3225 5680 ὲν
3260 5627 3534 5703 οὐρανοῖς,
3567 5630 3785 5687 desunt

423 5698 538 5844 (2'3)
569 5714 795 5842 Ρριπει,
821 5715 880 5771 et
905 5726 1061 5778 mox,
1084 5703 1477 5782 προσκύνησις,
1501 5701 1718 5759 desunt
1745 5701 1806 5759 in
1836 5702 2014 5761 Basil.
2126 5700 2187 5757 in
2209 5698 2531 5758 ‘Ba'siliensi
2558 5701 2617 5754 et
2644 5698 2987 5770 Anglicano.

387 5792 413 5845 t
490 5802 569 5845 nn
596 5788 674 5845 ic.

354 5802 413 5847 et
439 5802 674 5861 angue.
