4154 6374
306 430 426 490 273

1690 431 1790 491 DE
1835 430 2371 491 VlRGINITATE.

3616 432 3735 493 274

313 566 499 635 μεῖζον
532 558 748 614 πάντων
800 565 1000 634 θαῦμα,
1052 560 1133 614 ὅτι
1184 562 1211 615 6
1264 559 1406 637 ἔχων
1457 562 1686 636 καθαρὸν
1720 561 1809 614 τὸν
1841 565 1961 613 νοῦν

2084 580 2198 617 non
2234 562 2385 633 velit,
2420 563 2517 634 qui
2551 564 2662 619 ista
2694 564 2932 619 videat?
2964 565 3082 619 Flet
3114 565 3270 619 enim
3303 570 3481 637 atque
3513 565 3733 621 lamen-

308 652 397 707 καὶ
429 649 590 705 αὐτὸν
637 650 731 703 τὸν
782 650 910 704 Θεὸν
952 650 1004 704 ἐν
1055 656 1172 712 τοῖς
1205 649 1355 705 ἔνδον
1407 650 1713 729 ὀφθαλμοῖς
1746 655 1970 723 καθορᾷ.

311 742 431 802 Πῶς
490 735 582 793 οὖν
645 738 709 792 οὐ
766 737 909 793 θέλει
968 736 1200 794 κλαῦσαι
1258 741 1345 795 καὶ
1394 747 1680 809 πενθῆσαι,
1732 740 1761 794 6
1804 743 1972 793 ταῦτα

313 828 529 904 βλέπων
567 847 579 897 ;
616 825 810 883 Κλαίει
861 827 955 900 μὲν
1002 828 1103 903 γὰρ
1146 829 1235 882 καὶ
1277 826 1548 903 ὀδύρεται,
1599 827 1747 889 ὅπως
1800 828 1968 903 ῥυσθῇ

2084 656 2263 721 tatur,
2300 657 2362 707 ut
2393 670 2424 707 a
2456 652 2731 725 gravibus
2762 652 3070 725 suppliciis
3118 654 3436 724 eripiatur:
3491 669 3729 709 rursum

2081 741 2179 796 ﬂet
2210 745 2267 796 et
2298 742 2581 811 obsecrat,
2620 746 2683 797 ut
2712 742 2925 815 dignus
2949 742 3048 798 fiat
3078 741 3406 799 caelestium
3436 742 3729 813 ejusmodi

2080 830 2391 885 bonorum.

309 918 413 971 ἀπὸ
442 920 548 971 τῶν
596 914 786 970 δεινῶν
847 915 1147 971 κολιίὶσεων⁹
1193 917 1281 971 καὶ
1321 916 1484 972 πάλιν
1535 916 1714 972 κλαίει
1763 916 1851 970 καὶ
1901 915 2044 986 ἀξιοῖ
2092 913 2370 989 δεόμενος,
2404 916 2552 979 ὅπως
2590 918 2793 993 ἀξιωθῇ
2824 923 2932 973 τῶν
2966 918 3299 995 ἐπουρανίων
3343 918 3556 973 ἐκείνων
3591 917 3726 993 ἀγα,

310 1018 413 1071 θων
425 1051 437 1063 .

386 1118 472 1171 18.
508 1114 603 1168 Διὰ
630 1117 789 1169 τοῦτο
823 1112 1086 1185 ἐμίσησαν
1118 1115 1170 1168 οἱ
1204 1116 1345 1189 ἅγιοι
1374 1114 1465 1169 τὸν
1497 1113 1703 1186 κόσμον
1749 1117 1967 1181 τοῦτον,

320 1202 521 1265 εἰδότες
581 1205 740 1258 ὁποῖα
795 1203 969 1277 ἀγαθὰ
1022 1202 1289 1275 μέλλουσι
1349 1201 1769 1277 κληρονομῆσαι
1832 1203 1964 1274 (43).

321 1294 477 1348 Ὥστε
508 1293 596 1346 οὗν
637 1292 664 1345 6
708 1288 851 1368 ἔχων
903 1290 1193 1346 ἀνάπαυσιν
1243 1292 1292 1346 ἐν
1326 1296 1404 1346 τῶ
1435 1292 1625 1365 κόσμῳ
1661 1290 1837 1363 τούτῳ
1865 1291 1962 1358 τήν

319 1382 535 1436 αἷλώνιον
568 1380 857 1435 ἀνάπαυσιν
914 1387 990 1453 μή
1034 1380 1300 1450 ἐλπιζέτω
1352 1377 1560 1437 λαϐεῖν.
1607 1387 1665 1435 ‘1]
1720 1379 1967 1454 βασιλεία

314 1472 412 1547 γὰρ
444 1472 549 1524 τῶν
584 1470 825 1543 οὐρανῶν
860 1470 958 1525 οὐκ
1006 1468 1115 1525 ἔστι
1159 1470 1265 1525 τῶν
1314 1471 1730 1543 ἀναπαυομένων
1765 1466 1963 1538 ἐνθάδε,

314 1558 440 1616 ἀλλ’
470 1559 688 1614 ἐκείνων
723 1559 831 1613 ἐστὶ
862 1558 968 1613 τῶν
1002 1560 1053 1615 ἐν
1087 1560 1267 1633 θλίψει
1307 1558 1493 1633 πολλῇ
1541 1560 1629 1613 καὶ
1686 1578 1965 1633 στενοχω-

314 1649 402 1725 ρίᾳ
447 1646 740 1719 διαξάντων
790 1650 881 1704 τὸν
927 1649 1040 1723 βίον
1088 1653 1202 1723 (44)
1249 1655 1462 1706 τοῦτον.
1514 1649 1585 1703 Οὐ
1627 1650 1727 1725 γὰρ
1773 1642 1967 1703 ἔλαϐον

310 1738 477 1806 αὐτὴν
529 1735 734 1814 δωρεὰν
766 1739 817 1793 οἱ
850 1734 1126 1808 λαϐόντες,
1181 1737 1329 1793 ἀλλὰ
1380 1739 1513 1811 μετὰ
1564 1737 1817 1812 μεγάλων
1869 1735 1967 1808 μό-

310 1840 461 1903 χθων
487 1827 576 1881 καὶ
608 1828 861 1903 γενναίων
892 1826 1141 1903 ἱδρώτων
1180 1828 1344 1897 αὐτὴν
1393 1827 1683 1898 ἐκτήσαντο
1730 1827 1780 1881 ol
1810 1846 1969 1880 κατα-

310 1918 608 1988 ξιωθέντες.
632 1916 711 1974 O6
762 1915 915 1990 μέλει
947 1917 1150 1986 αὐτοῖς,
1185 1917 1309 1973 ὅσον
1357 1916 1443 1971 ἐὰν
1473 1916 1804 1972 κοπιάσωσιν
1834 1913 1961 1972 ὦδε.

2152 1115 2240 1169 18.
2285 1116 2415 1171 Ideo
2466 1116 2623 1172 hunc
2679 1119 2963 1173 mundum
3006 1120 3249 1174 oderant
3296 1118 3504 1185 sancti,
3559 1118 3728 1189 gnari

2079 1203 2276 1274 qualia
2308 1206 2455 1261 bona
2490 1208 2817 1277 possessuri
2852 1212 3067 1263 essent.
3101 1213 3302 1279 Itaque
3353 1208 3624 1281 quisquis
3670 1212 3728 1268 in

2077 1292 2186 1348 hoc
2218 1296 2439 1349 mundo
2473 1295 2733 1367 requiem
2767 1296 2959 1362 habet,
2995 1314 3065 1351 ne
3115 1302 3307 1368 speret
3353 1315 3414 1353 se
3462 1302 3727 1373 requiem

2078 1387 2453 1454 accepturum
2486 1390 2784 1439 aeternam.
2838 1385 2982 1439 Nam
3025 1402 3266 1454 regnum
3309 1388 3585 1444 caelorum
3630 1408 3725 1446 eo-

2078 1488 2209 1527 rum
2245 1490 2357 1527 non
2390 1478 2479 1528 est
2511 1474 2608 1544 qui
2642 1474 2901 1545 requiem
2953 1474 3044 1529 hic
3090 1475 3306 1530 habent
3376 1479 3473 1532 sed
3521 1496 3724 1537 eorum

2078 1562 2177 1632 qui
2211 1564 2268 1616 in
2301 1564 2578 1617 aerumnis
2607 1568 2662 1617 et
2691 1563 2982 1635 angustiis
3014 1564 3215 1619 multis
3267 1565 3416 1621 hanc
3465 1568 3728 1639 degerint

2079 1650 2275 1705 vitam.
2306 1652 2451 1707 Illud
2476 1652 2630 1707 enim
2657 1668 2902 1724 regnum
2926 1670 3039 1708 non
3062 1655 3244 1725 gratis
3271 1656 3574 1722 datur,sed
3598 1676 3723 1714 ma-

2077 1758 2191 1813 gno
2223 1741 2439 1808 labore,
2463 1741 2735 1797 maximis
2757 1742 3073 1798 sudoribus
3098 1744 3292 1814 ipsum
3318 1746 3510 1816 adepti
3562 1753 3721 1818 sunt,

2078 1831 2177 1903 qui
2202 1848 2267 1885 eo
2287 1830 2447 1902 digni
2487 1836 2629 1885 sunt
2664 1830 2868 1885 habiti.
2911 1830 3036 1886 Non
3071 1838 3283 1887 curant
3323 1840 3723 1905 quatumcun-

2077 1937 2190 1991 que
2221 1920 2314 1975 hic
2344 1919 2753 1975 laboraverint.
2798 1920 2874 1975 Eo
2926 1920 3081 1975 enim
3132 1922 3401 1993 ingressi,
3453 1923 3718 1982 laborum

311 2004 658 2069 Εἶσελθὸντες
708 2006 811 2081 γὰρ
853 2006 982 2075 ἐκεῖ,
1025 2006 1463 2070 ἐπιλανθάνονται
1511 2004 1620 2060 τῶν
1668 2004 1845 2059 πόνων
1875 2003 1961 2059 καὶ

2078 2008 3592 2085 dolorumquemoxobliviscunturquantumcumque
3606 2016 3725 2070 sint

307 2096 415 2151 τῶν
446 2092 671 2161 ὀδυνῶν,
705 2093 803 2149 ὅσα
834 2091 1029 2159 ἔπαθον
1078 2093 1129 2149 έν
1166 2100 1244 2167 τῷ
1282 2094 1491 2168 ματαίῳ
1521 2093 1712 2167 κόσμῳ
1738 2092 1917 2164 τούτῳ
1946 2137 1960 2162 ,

312 2184 419 2238 ἀπὸ
466 2191 566 2254 τῆς
617 2182 840 2253 πολλῆς
875 2183 963 2238 καὶ
1015 2182 1407 2258 ἀνεκδιηγήτου
1463 2183 1808 2245 ἀναπαύσεως
1864 2189 1963 2251 τῆς

313 2271 606 2347 δεδομένης
636 2272 843 2335 αὐτοῖς.
877 2272 936 2326 Τί
967 2272 1164 2349 λέγεις,
1198 2274 1442 2349 ἄνθρωπε
1474 2293 1486 2343 ;
1518 2271 1658 2329 Ἰδοὺ
1705 2270 1799 2327 δύο
1845 2269 1963 2327 ὁδοὶ

212 2396 227 2405 ~
312 2362 676 2438 παρετέθησαν
716 2362 942 2417 ἐνώπιόν
973 2385 1088 2431 σου,
1140 2364 1173 2433 ἡ
1211 2364 1322 2432 ζωὴ
1354 2363 1443 2418 καὶ
1475 2364 1503 2419 6
1535 2364 1777 2425 θάνατος’
1826 2360 1963 2417 ὅπου

314 2452 401 2507 ἐὰν
431 2454 594 2527 θέλῃς
625 2451 881 2520 πορεύου.
918 2452 1013 2507 Καὶ
1047 2449 1164 2506 ἰδοὺ
1204 2456 1311 2528 πῦρ
1342 2452 1431 2507 καὶ
1481 2450 1649 2526 ὕδωρθ
1693 2452 1831 2507 ὀπου
1880 2451 1967 2506 ἐαν

317 2540 485 2616 θέλῃς
518 2538 745 2597 ἔκτεινον
773 2544 872 2610 τὴν
900 2540 1061 2616 χεῖρά
1094 2561 1208 2595 σου’
1244 2541 1329 2596 ἐπὶ
1363 2540 1447 2596 σοί
1488 2541 1648 2614 ἐστιν,
1682 2541 1768 2596 ἐὰν
1799 2542 1965 2616 θέλῃς

314 2633 612 2701 κτήσασθαι
667 2632 765 2699 τὴν
823 2633 987 2703 ζωὴν,
1047 2631 1137 2685 καὶ
1198 2630 1285 2685 ἐπὶ
1340 2631 1424 2685 σοί
1469 2632 1628 2700 ἐστιν,
1682 2632 1767 2686 ἐὰν
1798 2629 1964 2705 θέλῃς

315 2722 611 2789 κτήσασθαι
642 2722 733 2774 τὸν
769 2719 1006 2783 θάνατον.
1041 2722 1103 2776 Ὁ
1134 2719 1225 2775 οὖν
1257 2720 1479 2784 θάνατός
1503 2722 1643 2776 ἐστιν
1682 2722 1708 2774 6
1739 2720 1963 2793 κόσμος³

312 2811 345 2879 ἠ
377 2806 435 2863 δὲ
496 2811 607 2879 ζωή
660 2810 799 2863 ἐστιν
832 2810 864 2878 ἠ
899 2806 1212 2879 δικαιοσύνη
1249 2829 1261 2841 ’
1303 2810 1509 2885 μακρὰν
1562 2808 1652 2863 οὖν
1686 2810 1714 2863 6
1762 2810 1967 2881 κόσμος

311 2899 415 2953 ἀπὸ
436 2906 536 2967 τῆς
562 2896 927 2971 δικαιοσύνης,
945 2901 1063 2962 καθ’
1087 2898 1212 2954 ὅσον
1243 2899 1270 2953 6
1295 2901 1516 2963 θάνατος
1542 2900 1646 2953 ἀπὸ
1674 2906 1773 2968 τῆς
1801 2904 1964 2968 ζωῆς.

311 2989 433 3045 Ἐὰν
473 2985 565 3042 οὖν
595 2988 802 3063 πορεύῃ
837 2990 888 3043 ὲν
934 2994 1014 3061 τῷ
1059 2988 1270 3062 κόσμῳ,
1306 2990 1358 3044 ὲν
1386 2994 1464 3060 τῷ
1513 2990 1719 3061 θανάτῳ
1758 2988 1963 3064 πορεύῃ

322 3077 409 3131 καὶ
441 3077 588 3139 ἒκτὸς
619 3082 717 3132 τοῦ
748 3082 882 3133 Θεοῦ
912 3079 1058 3153 γίνῃ,
1092 3079 1226 3133 κατὰ
1269 3079 1368 3147 τὴν
1400 3078 1541 3142 θείαν
1580 3080 1815 3157 Γραφήν.
1846 3078 1966 3132 Ἐὰν

310 3162 365 3221 δὲ
397 3167 447 3221 ἒν
474 3170 542 3240 τῇ
586 3164 896 3241 δικαιοσύνῃ
928 3170 1036 3240 (45)
1086 3167 1318 3242 πορεύῃ,
1353 3168 1403 3223 έν
1432 3171 1500 3241 τῇ
1536 3171 1649 3241 ζωῇ
1696 3167 1963 3243 πεπόρευ-

304 3276 413 3323 σαι,
444 3256 536 3310 καὶ
568 3257 630 3310 οὐ
666 3278 743 3329 μη
776 3256 977 3329 ἅψηταί
1012 3278 1107 3311 σου
1139 3258 1385 3319 θάνατος.
1411 3256 1521 3311 Οὐκ
1549 3254 1659 3312 ἔστι
1690 3257 1790 3333 γὰρ
1822 3257 1967 3332 παρά

300 3352 415 3408 τοῖς
462 3344 691 3407 δικαίοις
751 3346 994 3417 θάνατος,
1046 3345 1192 3401 ἀλλὰ
1239 3346 1551 3419 μετάθεσις.
1606 3347 1959 3403 Μετατίθεται

300 3436 401 3512 γὰρ
433 3437 461 3490 ὁ
495 3434 703 3497 δίκαιος
737 3436 870 3510 ἀνὴρ
904 3436 963 3490 ὲκ
990 3440 1088 3489 τοῦ
1120 3435 1329 3507 κόσμου
1358 3435 1555 3490 τούτου
1588 3435 1664 3498 εἷς
1693 3437 1792 3504 τὴν
1822 3436 1961 3490 αἰώ-

301 3544 412 3577 νιον
444 3523 759 3578 ἀνάπαυσινο
792 3524 881 3578 καὶ
914 3522 1095 3599 ὥσπερ
1127 3547 1210 3586 τις
1244 3524 1348 3579 ἀπὸ
1406 3526 1657 3602 φυλακῆς
1702 3523 1905 3595 ἐξέλθοι
1945 3567 1959 3592 ,

302 3612 447 3668 οὕτω
478 3614 567 3668 καὶ
610 3614 661 3667 οἱ
694 3614 838 3689 ἅγιοι
899 3614 1203 3688 ἐξέρχονται
1236 3614 1343 3669 ἀπὸ
1380 3618 1477 3669 τοῦ
1512 3619 1803 3689 μοχθηροῦ
1839 3613 1959 3688 βίου

299 3702 496 3758 τούτου
521 3703 595 3765 εἷς
626 3704 692 3757 τα
709 3704 883 3778 ἀγαθά
901 3704 967 3758 τὰ
988 3705 1365 3776 ἠτοιμασμένα
1386 3704 1592 3767 αὐτοῖς’
1620 3730 1646 3757 ι(
1670 3706 1738 3760 "A
1763 3703 1961 3781 ὀφθαλ-

306 3792 406 3864 μὸς
438 3790 536 3847 οὐκ
559 3789 671 3846 οἶδε
701 3794 834 3864 (46),
859 3793 948 3846 καὶ
981 3792 1072 3855 οὖς
1106 3793 1204 3847 οὐκ
1232 3791 1456 3862 ἤκουσε,
1488 3794 1577 3848 καὶ
1622 3794 1707 3849 ἐπὶ
1739 3790 1958 3868 καρδίαν

301 3880 591 3955 ἀνθρώπου
623 3880 721 3935 οὐκ
759 3876 945 3952 ἀνέϐη,
980 3882 1012 3937 ἃ
1042 3882 1337 3952 ῆτοίμασεν
1372 3884 1398 3938 6
1432 3885 1559 3945 Θεὸς
1587 3889 1703 3945 τοῖς
1746 3881 1959 3959 ἀγαπῶ-

301 3992 383 4025 σιν
412 3970 592 4027 αὐτόν.
628 3995 656 4021 ››
688 3972 750 4025 Οἱ
784 3968 841 4025 δὲ
864 3970 1185 4045 ἁμαρτωλοὶ
1216 3972 1305 4026 καὶ
1356 3970 1464 4027 ὦδε
1495 3971 1674 4034 κακῶς
1720 3977 1959 4048 μοχθοῦ-

299 4081 373 4128 σι,
404 4060 493 4114 καὶ
535 4062 646 4115 ἐκεῖ
676 4059 841 4115 πάλιν
887 4061 950 4115 τὸ
982 4065 1089 4136 πῦρ
1121 4060 1317 4123 αὐτοὺς
1351 4063 1602 4135 ἀναμένει
1637 4106 1649 4118 .
1702 4062 1799 4116 Καὶ
1829 4061 1959 4123 τοὺς

295 4148 582 4211 τοιούτους
640 4146 851 4212 διπλῶς
913 4147 994 4204 δεῖ
1048 4147 1281 4205 κλαῦσαι
1342 4153 1456 4224 (47)
1492 4198 1506 4223 ,
1540 4148 1621 4205 ὅτι
1649 4150 1737 4205 καὶ
1770 4148 1875 4205 ὦδε
1906 4152 1957 4205 ὲν

297 4239 633 4314 στενοχωρίᾳ
663 4239 787 4311 εἰσὶ,
820 4239 909 4293 καὶ
943 4239 1053 4294 ἕεκεῖ
1081 4240 1181 4308 τὴν
1211 4238 1548 4316 εὐρτχωρίαν
1580 4239 1679 4295 υύκ
1705 4239 1956 4313 ἀπολαμ-

298 4322 517 4382 ϐάνουσι
559 4370 571 4383 .
623 4329 720 4382 Διὰ
757 4333 918 4382 τοῦτο
959 4326 1172 4403 εἷ’ρηκεν
1210 4330 1245 4398 ἠ
1298 4328 1415 4393 θεία
1463 4331 1670 4406 Γραφή’
1714 4352 1739 4384 α
1776 4331 1956 4385 "01100

298 4417 386 4471 εὰν
419 4420 627 4494 στραφῇ
690 4418 718 4471 6
778 4412 1000 4486 ἀσεϐὴς,
1057 4418 1383 4495 ἀφανίζεται.
1418 4446 1444 4471 ››
1482 4420 1648 4473 Στενά
1692 4418 1793 4493 γὰρ
1843 4422 1957 4492 (48)

300 4504 448 4577 αὑτῷ
480 4507 754 4569 πάντοθεν·
788 4506 881 4560 καὶ
913 4507 1025 4560 ἐκεῖ
1054 4504 1259 4578 ὀδύναι,
1292 4507 1380 4562 καὶ
1411 4505 1518 4562 ὦδε
1548 4504 1760 4581 θλίψεις
1796 4552 1807 4563 .
1842 4506 1958 4564 Οὐκ

300 4593 373 4649 ἔνι
405 4595 509 4669 γὰρ
542 4596 823 4671 ἄνθρωπος
854 4596 882 4650 6
919 4597 993 4668 μὴ
1045 4595 1254 4650 κοπιῶν
1312 4598 1363 4651 ἓν
1417 4603 1497 4670 τῷ
1550 4602 1821 4673 μοχθηρῷ
1853 4596 1956 4672 βίῳ

297 4683 477 4757 τούτῳ
508 4703 521 4715 ·
556 4685 645 4739 καὶ
689 4686 717 4739 6
748 4684 973 4760 πτωχὸς
1031 4685 1119 4739 καὶ
1151 4686 1179 4740 6
1219 4684 1507 4755 πλούσιος,
1538 4708 1625 4741 και
1678 4688 1706 4741 6
1756 4684 1954 4749 δοῦλος

300 4774 389 4849 καὶ
423 4775 450 4829 ὁ
483 4772 784 4849 ἐλεύθερος,
816 4774 905 4849 καὶ
938 4776 965 4828 6
998 4775 1029 4828 ἀ

302 4795 389 4827 και
423 4795 450 4829 0
483 4795 784 4849 εΛευοερος,
816 4796 905 4829 και
938 4795 965 4828 o
998 4795 1029 4828 α
1115 4812 1117 4847 ι

302 4839 547 4915 ϐήσεται,
578 4848 668 4901 καὶ
699 4851 777 4919 τῷ
808 4795 1117 4922 ἀμαρτωῆ

2074 2099 2332 2171 perpessi
2356 2100 2415 2154 in
2436 2099 2543 2154 hoc
2564 2115 2711 2154 vano
2736 2099 2977 2166 mundo,
3003 2099 3075 2154 ob
3100 2116 3373 2172 magnam
3412 2106 3469 2156 et
3491 2103 3721 2158 inenar-

2074 2188 2317 2243 rabilem
2341 2187 2453 2243 sibi
2475 2189 2670 2242 datam
2706 2188 2986 2259 requiem.
3014 2188 3161 2253 Quid
3185 2189 3291 2254 ais,
3327 2188 3546 2246 homo?
3576 2193 3719 2248 Ecce

2073 2278 2222 2333 binae
2254 2277 2356 2331 viae
2388 2277 2492 2331 tibi
2524 2281 2663 2332 sunt
2690 2277 3019 2349 propositae,
3070 2277 3189 2333 vita
3239 2283 3296 2334 et
3344 2296 3504 2335 mors
3539 2297 3551 2335 :
3604 2298 3723 2353 qua

2074 2364 2346 2431 volueris,
2370 2365 2592 2421 incede.
2616 2366 2760 2421 Ecce
2780 2365 2975 2437 ignem
3014 2370 3072 2422 et
3114 2384 3347 2438 aquam,
3371 2384 3727 2442 quocunque

2074 2454 2330 2510 volueris
2357 2455 2600 2510 extende
2625 2471 2865 2509 manum
2889 2460 3074 2510 tuam.
3102 2455 3283 2512 Penes
3306 2462 3361 2512 te
3390 2463 3500 2528 est,
3542 2458 3592 2514 si
3630 2458 3727 2514 lu-

2076 2546 2227 2607 beat,
2262 2544 2437 2599 vitam
2488 2544 2820 2614 possidere;
2860 2561 3039 2616 penes
3077 2549 3133 2601 te
3181 2552 3292 2613 est,
3334 2548 3377 2601 si
3434 2547 3723 2619 placuerit

2076 2639 2325 2689 mortem
2385 2633 2653 2705 adipisci.
2705 2634 2858 2689 Mors
2903 2634 3101 2705 itaque
3146 2634 3235 2689 hic
3280 2638 3539 2693 mundus
3580 2645 3711 2695 est:

2076 2724 2192 2777 vita
2223 2738 2355 2778 vero
2387 2722 2747 2792 estjustitia.
2788 2724 3177 2787 Quamobrem
3221 2729 3382 2781 tanto
3420 2726 3721 2783 intervallo

2078 2812 2338 2866 mundus
2386 2811 2567 2866 distat
2597 2812 2905 2881 ajustitia,
2959 2818 3179 2883 quanto
3232 2831 3389 2870 mors
3422 2833 3453 2869 a
3483 2815 3620 2870 vita.
3673 2816 3730 2870 Si

2078 2901 2259 2974 igitur
2283 2900 2551 2955 ambulas
2573 2900 2631 2954 in
2657 2900 2899 2965 mundo,
2924 2900 2983 2954 in
3010 2906 3193 2957 morte
3215 2902 3508 2971 ambulas,
3532 2910 3589 2960 et
3628 2921 3729 2959 ex-

2078 2997 2169 3046 tra
2188 2997 2366 3045 Deum
2391 3007 2474 3055 es,
2496 2990 2819 3045 secundum
2843 2990 3094 3045 divinam
3135 2992 3491 3063 Scripturam
3519 3010 3532 3048 :
3572 2994 3728 3064 quod

2077 3079 2463 3149 siinjustitia
2494 3078 2763 3134 ambulas
2810 3079 2867 3133 in
2924 3080 3040 3135 vita
3090 3081 3361 3136 ambulas
3397 3086 3452 3136 et
3503 3099 3724 3154 nequa-

2077 3187 2255 3241 quam
2287 3175 2343 3225 te
2373 3168 2621 3240 attinget
2651 3185 2827 3223 mors.
2854 3171 3022 3240 Apud
3046 3170 3243 3240 justos
3274 3170 3431 3225 enim
3468 3188 3577 3226 non
3638 3177 3729 3229 est

2077 3275 2257 3325 mors,
2292 3259 2393 3314 sed
2427 3257 2755 3313 translatio.
2790 3257 3168 3313 Transfertur
3211 3259 3363 3314 enim
3407 3261 3609 3330 justus
3656 3279 3726 3317 ex

2077 3348 2188 3404 hoc
2220 3348 2438 3403 mundo
2462 3348 2518 3401 in
2542 3348 2802 3418 requiem
2839 3353 3141 3402 aeternam.
3175 3349 3243 3402 Et
3277 3350 3445 3420 quasi
3477 3350 3609 3421 quis
3658 3367 3727 3407 ex

2078 3454 2308 3493 carcere
2330 3438 2557 3505 evadat,
2585 3437 2668 3490 sic
2694 3436 2876 3491 sancti
2900 3454 2964 3491 ex
2988 3436 3097 3492 hac
3122 3437 3338 3493 misera
3366 3438 3486 3493 vita
3535 3440 3725 3496 disce-

2073 3529 2222 3583 dunt
2252 3528 2322 3582 ad
2357 3528 2507 3582 bona
2538 3525 2648 3581 sibi
2682 3531 2921 3596 parata:
2958 3548 2985 3575 ‹‹
3021 3527 3155 3591 Quae
3185 3526 3391 3582 oculus
3420 3545 3531 3582 non
3558 3529 3724 3594 vidit,

2073 3635 2179 3672 nec
2203 3617 2362 3672 auris
2396 3616 2639 3680 audivit,
2669 3630 2772 3670 nec
2802 3614 2860 3670 in
2894 3632 2992 3670 cor
3014 3614 3273 3670 hominis
3304 3618 3722 3689 ascenderunt,

2072 3723 2199 3778 quae
2233 3706 2578 3778 praeparavit
2606 3704 2755 3759 Deus
2789 3704 3175 3775 diligentibus
3205 3722 3267 3760 se
3298 3707 3361 3760 '“.
3402 3729 3428 3753 ››
3464 3707 3725 3763 Peccato-

2072 3814 2165 3852 res
2212 3800 2407 3850 autem
2462 3794 2553 3849 hic
2604 3794 2818 3848 misere
2866 3793 3154 3860 laborant,
3209 3798 3268 3849 et
3313 3793 3432 3849 illic
3485 3812 3720 3851 rursum

2068 3885 2223 3957 ignis
2256 3885 2416 3955 ipsos
2467 3887 2782 3952 exspectat.
2820 3882 2928 3947 Qui
2961 3881 3179 3953 duplici
3231 3883 3301 3937 de
3350 3900 3527 3938 causa
3576 3885 3712 3941 ﬂere

2071 3976 2302 4039 debent,
2339 3972 2479 4044 quia
2508 3971 2567 4025 in
2601 3976 2850 4041 angusto
2870 3975 3029 4038 sunt,
3064 3987 3168 4026 nec
3201 3976 3397 4027 tamen
3431 3973 3509 4027 ibi
3543 3972 3719 4027 liber-

2066 4068 2249 4119 tatem
2296 4062 2714 4132 adipiscentur.
2768 4060 2956 4123 Quare
3004 4060 3084 4115 ait
3132 4060 3329 4115 divina
3376 4062 3715 4132 Scriptura:

2068 4154 2252 4218 Quam
2311 4166 2372 4206 se
2429 4165 2661 4221 cunque
2717 4148 2775 4202 in
2836 4153 3059 4218 partem
3105 4155 3403 4205 convertat
3476 4150 3715 4222 impius,

2067 4240 2375 4298 subruitur
2403 4239 2469 4292 π.
2508 4238 2856 4309 »Αοευδῑίω
2886 4238 3041 4292 enim
3089 4238 3172 4292 illi
3222 4245 3363 4294 sunt
3420 4240 3715 4311 undique:

2067 4331 2187 4387 illic
2238 4328 2488 4394 dolores,
2540 4327 2632 4382 hic
2666 4342 2962 4381 arumnis.
3016 4326 3225 4382 Nullus
3275 4330 3493 4400 quippe
3543 4329 3718 4385 homo

2068 4425 2179 4485 est,
2201 4418 2340 4491 quin
2366 4416 2670 4473 laboretin
2697 4415 2803 4470 hac
2850 4415 3068 4470 misera
3106 4416 3243 4482 vita,
3291 4434 3513 4488 pauper
3551 4422 3609 4473 et
3640 4419 3719 4473 di-

2066 4528 2189 4576 ves,
2223 4524 2424 4565 servus
2455 4511 2510 4562 et
2540 4505 2706 4575 liber,
2741 4508 3009 4576 peccator
3033 4508 3089 4558 et
3110 4505 3330 4575 justus.
3364 4505 3580 4561 Omnes
3625 4525 3716 4579 pa-

2068 4601 2207 4655 riter
2235 4598 2523 4666 laborant,
2560 4611 2833 4666 unusque
2868 4611 3042 4649 casus
3091 4593 3368 4649 omnibus
3424 4595 3717 4667 obveniat,

2067 4690 2188 4746 sive
2220 4685 2509 4759 peccatori
2541 4684 2862 4754 sivejusto,
2886 4684 2945 4737 in
2976 4682 3085 4739 hoc
3116 4683 3338 4739 scilicet
3366 4686 3610 4740 mundo.

1115 4774 1325 4849 911016:
1367 4775 1457 4849 καὶ
1581 4773 1808 4849 δίκαιος,
1853 4779 2047 4839 πάντες
2097 4775 2304 4849 ὁμοίως
2351 4774 2605 4841 κοπιῶσι,
2652 4770 2742 4826 καὶ
2789 4771 2844 4826 ἓν
2886 4771 3197 4844 συνάντημα
3242 4777 3360 4832 τοῖς
3418 4778 3546 4827 πᾶσι
3580 4794 3717 4845 συμ-

1079 4845 1123 4919 ᾦ
1152 4846 1241 4901 καὶ
1269 4852 1349 4919 τῷ
1381 4845 1594 4921 δικαίῳ,
1627 4846 1733 4903 ὦδε
1764 4845 1816 4903 ιν
1844 4871 1923 4924 τῳ
1954 4845 2147 4924 κόσμῳ
2174 4846 2373 4919 τούτῳ.

375 4954 461 5010 19.
491 4957 637 5008 Ἐκεῖ
664 4950 722 5008 Si
738 4952 837 5008 οὐκ
866 4949 1006 5008 ἔστιν
1028 4950 1376 5025 οὕτως,ἀλλὰ
1393 4951 1538 5023 ἄλλη
1561 4953 1651 5009 καὶ
1670 4952 1815 5025 ἄλλη
1841 4959 1953 5029 (49)

2135 4958 2220 5012 19.
2255 4959 2326 5009 At
2360 4952 2440 5008 ibi
2472 4969 2584 5009 non
2610 4952 2693 5008 ita
2724 4968 2786 5007 se
2818 4968 2909 5007 res
2942 4951 3138 5019 habet,
3185 4953 3285 5008 sed
3339 4953 3490 5008 alius
3539 4957 3715 5023 atque

297 5041 446 5113 τάξις
483 5086 496 5100 .
530 5042 745 5105 ’Ἀλλος
777 5043 880 5119 γὰρ
914 5043 941 5097 ὁ
972 5042 1140 5105 κόπος
1185 5048 1281 5098 τοῦ
1312 5040 1521 5098 δικαίου
1554 5043 1605 5098 ὲν
1633 5049 1713 5116 τῷ
1765 5041 1958 5119 κόσμῳ

373 5245 390 5280 ί
423 5242 445 5298 Ι
476 5242 605 5311 Cor,
636 5258 700 5313 ιι,
729 5242 784 5296 9.
820 5241 868 5277 ⁷³
895 5242 1059 5297 Prov.
1092 5257 1196 5310 χιι,
1224 5242 1280 5297 7.

371 5413 481 5485 (43)
507 5410 888 5485 Anglicanus,
918 5406 1309 5485 κληρονομεῖν.

516 5479 907 5556 Anglicanus,
927 5479 1331 5556 διαλλαξᾶντων
1364 5482 1455 5536 τὸν
1511 5480 1649 5556 βίον.
1702 5481 1855 5547 Mox,
1900 5480 1951 5535 οἱ

304 5550 569 5617 λαϐόντες
594 5550 761 5627 deest
789 5555 847 5609 in
880 5550 1188 5627 Basiliensi
1210 5560 1268 5627 et
1299 5550 1642 5627 Anglicano.
1703 5556 1948 5627 Ibidem.

302 5629 527 5702 Anglic.
551 5632 619 5702 et
650 5626 799 5702 Felc.
829 5627 884 5694 2,
921 5625 1163 5702 male»
1198 5625 1433 5700 μόχθοιῑ.
1469 5628 1644 5682 Paulo
1698 5633 1849 5698 post,
1899 5625 1950 5679 ot

304 5696 722 5769 καταξιωθέντες
754 5696 929 5769 deest
947 5696 1012 5753 in'
1029 5699 1185 5769 _Felc.
1201 5696 1273 5755 ’2.

377 5765 489 5845 (45)
520 5770 777 5843 Anglia,
805 5766 893 5824 ἐὰν
922 5772 992 5842 τῇ
1024 5766 1133 5827 δικ.
1163 5771 1315 5828 Felc.
1346 5772 1403 5843 2,
1434 5768 1520 5825 ἐὰν
1555 5765 1613 5824 δὲ
1640 5772 1710 5842 τῇ
1734 5766 1841 5824 δικ.

2070 5045 2224 5103 alius
2244 5044 2405 5101 ordo.
2432 5042 2597 5098 Alius
2623 5041 2840 5114 quippe
2859 5044 2951 5096 est
2970 5040 3295 5111 laborjusti
3325 5041 3383 5097 in
3408 5042 3516 5097 hoc
3538 5058 3716 5097 mun-

2135 5412 2246 5483 (46)
2277 5408 2576 5483 Sic_Basil.
2608 5406 2764 5463 Editi
2810 5422 2965 5474 vero,
3017 5401 3141 5460 εἶδε.
3194 5404 3353 5463 Infra
3398 5405 3576 5472 idem,
3625 5405 3715 5461 καὶ

2062 5479 2112 5535 οἲ
2144 5479 2488 5557 ἀμαρτωλοί.

2135 5545 2655 5625 (4Ἷ)Ἀῐ]81ἰοᾶῐὶυε,
2682 5545 2889 5625 κλαίειν

2133 5616 2246 5695 (48)
2280 5616 2427 5680 Fere.
2460 5626 2514 5687 2,
2563 5619 2752 5673 Στεναὶ
2795 5617 2919 5693 γάρ.
2972 5619 3148 5687 Infra,
3196 5616 3375 5688 τούτῳ
3424 5622 3553 5689 post
3606 5619 3711 5691 βίῳ

2061 5697 2225 5752 deest
2254 5696 2312 5750 in
2347 5695 2516 5750 Basil.

2134 5767 2247 5841 (49)
2277 5767 2428 5835 Haec,
2459 5762 2548 5819 καὶ
2580 5757 2751 5829 ἄλλη.
2776 5761 2993 5818 desunt
3020 5760 3082 5815 in
3117 5757 3263 5815 Felc.
3294 5760 3349 5813 2.
