4154 6358
353 391 475 450 2‘75
1533 389 1600 450 S.
1645 385 2178 449 ATHANASIUS.
2223 418 2301 430 —
2341 384 2606 448 DUBIA.
3654 384 3776 449 276

353 522 447 583 do.
482 526 539 575 et
565 519 717 575 alius
774 519 1115 590 peccatoris.
1161 518 1306 575 Nam
1350 520 1554 590 justus
1595 519 1840 585 laborat,
1891 535 2043 583 non,

2157 517 2319 589 ούτῳ,
2353 517 2440 570 καὶ
2474 515 2644 578 ἄλλος
2675 517 2703 571 ὁ
2731 519 2828 569 τοῦ
2851 514 3204 587 ἀμαρτωλοῦ.
3226 515 3287 572 Ὀ
3320 515 3414 586 μὲν
3437 515 3540 588 γὰρ
3565 512 3774 575 δίκαιος

357 627 473 682 quo
498 615 762 665 ventrem
789 608 1058 681 impleat:
1085 609 1303 664 nullam
1343 611 1558 682 quippe
1581 611 1775 666 carnis
1800 608 2006 664 sollici-

2157 612 2303 676 οπιᾷ,
2373 605 2480 681 οὐχ
2526 603 2618 658 ἵνα
2667 603 2855 678 πλήσῃ
2901 605 3150 679 γαστέρα·
3208 601 3334 658 οὐδὶ
3361 604 3462 680 γὰρ
3503 601 3648 666 ὅλως
3676 613 3775 674 τῆς

360 701 626 757 tudinem
659 700 857 768 habet,
893 716 1082 771 neque
1112 700 1330 772 cogitat
1377 717 1440 756 se
1471 717 1704 756 carnem
1736 705 2004 772 gestare;

2157 694 2312 770 αρκὸς
2363 694 2623 765 πρόνοιαν
2673 698 2932 762 ποιεῖται,
2984 691 3111 748 οὐδὲ
3156 691 3457 768 λογίζεται,
3491 692 3576 749 ὅτι
3607 695 3778 768 σάρκα

357 792 459 848 sed
493 794 660 846 nocte
690 790 901 860 dieque
930 787 1157 844 laborat
1179 794 1360 844 Deum
1380 790 1712 860 quaerendo,
1731 805 2007 844 somnum

2159 789 2293 857 οριῖ·
2329 781 2475 840 ἀλλὰ
2504 788 2672 854 κοπιᾷ
2699 783 2890 844 νυκτὸς
2930 783 3019 837 καὶ
3050 783 3260 858 ἡμέρας
3293 787 3468 853 ζητῶν
3502 783 3590 838 τὸν
3623 784 3776 852 Θεὸν,

356 881 708 953 plerumque
740 878 1041 933 modicum
1074 878 1251 950 capit,
1293 895 1441 950 pane
1461 884 1520 933 et
1542 895 1693 950 aqua
1717 895 1828 932 non
1855 882 2011 932 satu-

2157 871 2310 928 τολλά
2336 877 2434 927 τοῦ
2467 873 2636 928 ὅπνου
2671 873 2747 946 μὴ
2779 871 3210 948 χορταζόμενος,
3267 870 3431 941 ἄρτου
3459 873 3550 927 καὶ
3584 870 3780 936 ὕδατος

351 975 552 1025 ratur:
589 968 648 1022 in
681 967 930 1022 desertis
961 972 1117 1022 errat
1148 967 1313 1033 locis,
1336 983 1548 1036 corpus
1578 983 1752 1022 suum
1808 965 2009 1021 multis

2157 971 2202 1032 ιη
2255 961 2546 1035 ἐμπιπλῶν
2599 962 2696 1030 τήν
2749 961 2956 1036 ψυχὴν,
3009 959 3095 1014 ἐπὶ
3127 959 3358 1036 ἐρήμοις
3390 960 3779 1034 πλανώμενος,

349 1057 532 1114 afﬁcit
564 1056 864 1124 aerumnis,
897 1057 1081 1112 donec
1131 1056 1685 1112 immarcescibilem
1736 1071 2010 1111 coronam

2158 1051 2439 1120 ποπιάζων
2471 1051 2532 1105 τὸ
2562 1054 2720 1124 σῶμα
2753 1049 2807 1105 ἐν
2839 1049 3172 1121 κακοπαθείᾳ
3201 1047 3519 1123 πολλῇ,ἓως
3549 1048 3612 1106 οῦ
3645 1052 3781 1106 ἁπο-

353 1145 904 1218 accipiat,queipsi
939 1145 1197 1217 reposita
1235 1150 1345 1200 est.
1388 1148 1604 1201 Contra
1647 1149 1914 1217 peccator
1936 1142 2013 1199 la-

2157 1135 2270 1215 a6“
2293 1141 2382 1194 τὸν
2417 1140 2779 1216 ἀμαράντινον
2808 1139 3065 1217 στέφανον
3096 1140 3188 1194 τὸν
3218 1138 3574 1213 ἀποκείμενον
3609 1140 3778 1197 αὑτῶ.

353 1236 602 1292 boribus
616 1239 672 1290 et
687 1235 966 1290 aerumnis
990 1235 1417 1305 premitur,non
1440 1238 1676 1306 propter
1691 1232 2014 1306 justitiam,

2157 1231 2186 1288 3
2217 1227 2274 1284 δὲ
2305 1227 2634 1303 ἁμαρτωλὸς
2663 1232 2830 1298 κοπιᾷ
2857 1228 2946 1282 καὶ
2981 1229 3182 1304 μοχθεῖ
3211 1227 3320 1304 οὐχ
3365 1225 3538 1284 ἕνεκεν
3573 1226 3780 1286 δικαιοο

353 1327 455 1382 sed
481 1329 716 1397 propter
739 1323 890 1379 hanc
918 1323 1192 1378 miseram
1217 1339 1474 1389 carnem,
1497 1324 1571 1379 ob
1616 1329 1848 1396 turpem
1885 1340 2014 1379 mu-

2157 1319 2312 1390 ύνης,
2367 1317 2494 1375 ἀλλ’
2535 1314 2706 1372 ἕνεκεν
2749 1323 2849 1387 τῆς
2903 1315 3259 1390 ταλαιπώρου
3318 1319 3513 1394 σαρκὸς
3555 1317 3780 1390 ταύτης,

365 1417 595 1482 lierem,
621 1412 752 1469 aliis
781 1418 959 1484 atque
981 1412 1113 1468 aliis
1131 1411 1566 1468 calamitatibus
1583 1411 1882 1485 afﬂigitur,
1913 1413 2016 1469 98

2157 1429 2299 1463 νεκεν
2331 1413 2432 1476 τῆς
2465 1405 2696 1482 αἶ’σχρᾶς
2726 1406 2996 1482 γυναικὸς,
3018 1404 3204 1468 ἄλλως
3226 1406 3312 1461 καί
3338 1404 3525 1469 ἄλλως
3553 1413 3778 1483 μοχθῶν

365 1521 473 1562 nec
506 1501 894 1576 praesentibus
925 1506 1256 1568 contentus,
1291 1501 1350 1555 in
1383 1501 1625 1556 miseria
1655 1505 1826 1574 atque
1866 1503 2017 1557 invi-

2157 1508 2209 1566 ιη
2272 1494 2602 1572 ἀρκούμενος
2647 1501 2763 1558 τοῖς
2812 1499 3097 1568 παροῦσιν,
3157 1495 3209 1550 ἐν
3257 1494 3419 1567 κακίᾳ
3464 1496 3553 1552 καὶ
3603 1497 3785 1574 φθόνῳ

363 1595 459 1651 dia
488 1592 663 1664 degit.
725 1591 835 1646 Sed
897 1589 1043 1644 nihil
1103 1606 1305 1645 eorum
1369 1595 1737 1661 perspectum
1804 1591 2023 1646 habent

2157 1581 2448 1661 ῐιατρίϐων.
2483 1583 2660 1641 ’Δλλά
2689 1585 2896 1640 τούτων
2929 1583 3085 1640 οὐδὲν
3117 1583 3424 1641 ἐπίστανται
3457 1586 3510 1640 οἱ
3532 1587 3783 1664 ἄφρονες·

363 1687 668 1740 amentes:
703 1679 1008 1735 excaecavit
1029 1679 1188 1735 enim
1215 1678 1348 1735 illos
1405 1679 1669 1750 materia,
1722 1684 1778 1735 et
1824 1680 2024 1736 multa:

2157 1673 2487 1752 ιπετύφλωσε
2517 1674 2623 1751 γὰρ
2655 1673 2908 1743 αὐτοί)ςή
2953 1672 3060 1744 ὅλη
3116 1674 3205 1728 καὶ
3262 1675 3316 1728 αἱ
3368 1671 3575 1730 πολλαὶ
3627 1695 3787 1751 σρον-

366 1770 576 1829 mundi
598 1770 778 1840 hujus
800 1785 952 1824 curas
979 1785 991 1823 :
1017 1773 1330 1840 errantque
1352 1771 1536 1824 donec
1564 1769 1623 1824 in
1653 1786 1753 1825 eos
1802 1770 2024 1825 immit-

2157 1761 2275 1826 τίδες
2330 1769 2428 1818 τοῦ
2457 1763 2691 1837 κόσμου,
2717 1763 2807 1819 καὶ
2839 1761 3175 1835 πλανῶνται,
3218 1759 3322 1826 ἓως
3371 1762 3654 1838 ἀποσταλῇ
3705 1764 3787 1819 ἐπ’

373 1866 537 1918 tatur
569 1858 737 1914 miles
770 1857 868 1913 ille
896 1857 1213 1926 violentus,
1243 1859 1343 1930 qui
1377 1875 1481 1913 nec
1511 1875 1821 1931 personam
1870 1875 2027 1915 vere-
2056 1883 2104 1946 Β

370 1951 553 2016 bitur,
579 1965 685 2003 nec
718 1963 964 2002 munera
998 1947 1261 2019 accipiet.
1295 1947 1516 2003 Animae
1552 1948 1767 2020 quippe
1795 1947 2027 2005 illorum

367 2040 423 2095 vi
457 2039 824 2094 abducentur
855 2036 927 2092 ab
962 2035 1186 2109 angelis
1247 2035 1600 2106 immitibus,
1657 2054 1946 2110 suamque
1997 2056 2030 2094 a

374 2129 492 2185 Deo
525 2126 876 2183 sententiam
907 2125 1216 2198 accipient.
1253 2125 1401 2181 Vani
1433 2126 1591 2182 enim
1624 2143 1758 2182 cum
1799 2127 1936 2198 sint,
1971 2129 2030 2183 in

379 2233 600 2274 vanum
632 2216 1047 2271 laboraverunt
1077 2214 1135 2269 in
1168 2215 1277 2270 hoc
1310 2216 1564 2271 mundo:
1614 2220 1844 2272 terrena
1891 2222 2034 2274 sunt

384 2304 928 2379 operati,quocirca
948 2307 1004 2359 et
1053 2304 1165 2376 ipsi
1211 2304 1270 2358 in
1320 2305 1708 2376 perditionem
1740 2306 2031 2362 abierunt.

381 2395 508 2451 Non
531 2394 688 2450 enim
721 2409 1014 2449 memores
1038 2393 1194 2448 fuere
1219 2392 1315 2448 Dei
1341 2393 1480 2450 dum
1507 2394 1563 2448 in
1604 2399 1759 2452 terra
1795 2401 2033 2453 essent:

391 2499 580 2556 neque
606 2499 758 2538 curae
789 2481 908 2536 illis
940 2481 1051 2537 fuit
1080 2486 1146 2536 ut
1197 2482 1291 2537 Dei
1352 2482 1623 2539 timorem
1682 2500 1798 2556 praa
1847 2485 2036 2541 oculis

388 2572 706 2628 haberent:
741 2586 923 2642 quare
951 2586 1057 2625 nec
1078 2571 1210 2625 illos
1237 2575 1403 2626 curat
1431 2571 1605 2630 Deus.
1636 2573 1848 2629 Justus
1877 2575 2035 2629 enim

384 2665 476 2717 est
510 2665 682 2730 Deus,
715 2665 772 2714 et
795 2661 1029 2730 justum
1053 2659 1346 2730 judicium
1408 2661 1538 2731 ejus
1587 2662 1650 2716 ⁷³.
1703 2662 1848 2718 Nam
1899 2680 2035 2719 cum

382 2749 608 2805 venerit
630 2749 1008 2819 judicaturus
1041 2749 1353 2817 mundum,
1384 2754 1524 2804 tunc
1557 2751 1760 2806 reddet
1806 2751 2036 2807 unicui-

386 2855 496 2909 que
517 2840 690 2910 juxta
719 2854 896 2910 opera
925 2855 1052 2893 sua.
1079 2837 1323 2894 Beatum
1353 2855 1452 2894 cor
1482 2841 1636 2911 quod
1689 2840 1809 2896 haac
1854 2842 2038 2897 susci-

391 2927 496 2999 pit.

457 3018 548 3071 20.
583 3015 774 3072 Media
805 3019 972 3071 nocte
1017 3015 1383 3084 excitaberis,
1418 3022 1476 3073 et
1515 3017 1752 3090 hymnis
1782 3020 2037 3076 celebra-

390 3105 483 3162 bis
515 3105 829 3160 Dominum
864 3105 1048 3160 Deum
1080 3109 1269 3160 tuum.
1305 3105 1382 3160 Ea
1413 3106 1568 3162 enim
1599 3107 1728 3179 ipsa
1761 3109 1901 3164 hora
1949 3125 2038 3165 re-

391 3193 647 3251 surrexit
677 3192 963 3248 Dominus
1018 3199 1217 3249 noster
1259 3211 1327 3250 ex
1375 3196 1646 3268 mortuis,
1702 3201 1758 3252 et
1809 3197 2038 3254 Patrem

391 3299 568 3338 suum
592 3280 830 3353 hymnis
855 3281 1382 3354 celebravitzquare
1403 3283 1738 3354 injunctum
1763 3286 1933 3343 nobis
1953 3291 2044 3343 est

397 3375 459 3425 ut
478 3387 546 3426 ea
566 3371 696 3442 ipsa
717 3369 860 3425 hora
885 3370 1138 3440 hymnos
1161 3371 1277 3427 Deo
1305 3373 1594 3429 dicamus.
1634 3374 1892 3447 Surgens
1916 3392 2045 3448 por-

393 3477 457 3515 ro
489 3459 583 3514 dic
609 3459 799 3530 primo
832 3459 988 3514 hunc
1019 3476 1289 3516 versum:
1331 3480 1353 3508 ι
1386 3461 1580 3517 Media
1627 3469 1793 3519 nocte
1843 3481 2044 3535 surge-

394 3549 531 3603 bam
563 3547 634 3602 ad
683 3546 1079 3602 conﬁtendum
1136 3548 1241 3604 tibi
1305 3566 1482 3621 super
1532 3551 1759 3622 judicia
1799 3553 2046 3624 justitim

396 3642 508 3692 tum
525 3638 600 3703 τις
623 3658 650 3685 ››
665 3641 722 3690 et
738 3653 993 3707 precare,
1020 3636 1132 3692 inci
1143 3654 1330 3709 peque
1345 3639 1587 3696 recitare
1627 3642 2048 3715 quinquagesi-

394 3742 557 3781 mum
583 3725 879 3796 psalmum
905 3726 1088 3782 donec
1114 3727 1404 3783 absolvas.
1428 3727 1556 3784 Hisc
1579 3729 1697 3785 sint
1731 3732 2050 3787 constituta

393 3813 498 3870 tibi
522 3830 625 3886 per
646 3813 913 3886 singulos
948 3815 1092 3871 dies.
1126 3816 1236 3872 Tot
1262 3816 1522 3888 psalmos
1541 3819 1742 3887 recita,
1769 3825 1912 3891 quot
1955 3837 2051 3892 po-

393 3903 534 3960 teris
561 3905 770 3959 stando
801 3904 1084 3959 recitare:
1121 3909 1297 3976 atque
1329 3923 1432 3978 per
1461 3907 1724 3978 psalmos
1782 3909 2050 3981 singulos

395 3992 580 4048 oratio
611 3998 669 4048 et
716 3992 1045 4064 genuflexio
1097 3994 1484 4066 persolvatur,
1532 3997 1865 4053 conﬁtendo
1915 4015 2049 4054 cum

395 4081 673 4152 lacrymis
711 4081 952 4137 Domino
987 4088 1225 4153 peccata
1263 4088 1386 4150 tua,
1413 4090 1471 4140 et
1517 4087 1776 4158 rogando
1825 4095 1891 4142 ut
1945 4087 2050 4143 tibi

400 4169 814 4225 dimittantur:
849 4174 982 4242 post
1014 4175 1210 4227 ternos
1239 4175 1500 4245 psalmos
1550 4175 1730 4247 dices,
1780 4175 2052 4244 Alleluia,

397 4258 559 4322 Quod
586 4258 634 4313 si
666 4262 858 4313 tecum
893 4259 1406 4333 fuerintvirgines,
1451 4261 1595 4336 ipsae
1630 4280 1856 4336 quoque
1905 4264 2056 4337 psal-

396 4347 543 4415 lant,
576 4351 633 4403 et
662 4347 776 4402 alia
799 4354 928 4420 post
950 4348 1125 4404 aliam
1151 4351 1471 4408 orationem
1515 4352 1820 4409 absolvite.
1869 4355 2057 4409 Matu-

399 4435 522 4490 tina
571 4436 734 4503 hora,
795 4437 954 4492 hunc
1011 4439 1189 4495 dicite
1237 4441 1576 4512 psalmum:
1629 4465 1657 4491 «
1694 4442 1850 4499 Deus
1901 4443 2056 4500 Deus

401 4527 739 4588 meus,adte
765 4525 892 4581 luce
911 4526 1397 4599 vigilo.Sitivitin
1438 4535 1496 4584 te
1537 4530 1736 4586 anima
1777 4547 1907 4588 mea
1926 4533 1990 4586 ⁷⁸.
2023 4553 2052 4583 »

2134 1853 2328 1916 αὐτοὺς
2385 1855 2412 1908 ὁ
2465 1855 2745 1926 ἀπότομος
2814 1853 3174 1929 στρατιώτης,
3218 1854 3365 1915 ὅστις
3415 1852 3477 1908 ού
3526 1855 3786 1926 θαυμάζει

2139 1943 2450 2019 πρόσωπον,
2504 1940 2618 1997 οὐδ’
2667 1942 2728 1997 οὐ
2780 1944 2856 2016 μή
2901 1938 3046 2012 λάϐη
3095 1940 3265 2017 δῶρα.
3300 1943 3659 2018 Ἀχθήσοπαι
3687 1944 3789 2019 γὰρ

2140 2032 2192 2087 αἶ
2225 2032 2397 2108 ψυχαὶ
2441 2031 2616 2086 αὐτῶν
2655 2033 2787 2104 μετά
2819 2031 2937 2105 βίας
2969 2031 3074 2086 ὑπὸ
3106 2030 3354 2106 ἀγγέλων
3383 2030 3791 2106 ἀνελεημόνων,

2140 2121 2231 2177 καὶ
2290 2121 2559 2196 λήψονται
2618 2122 2718 2189 τήν
2775 2120 3038 2198 ἀπόφασιν
3089 2119 3265 2174 αὐτῶν
3317 2121 3464 2195 παρά
3509 2125 3606 2174 τοῦ
3636 2125 3789 2178 Θεοῦ.

2140 2209 2299 2267 Κενοὶ
2345 2211 2449 2285 γὰρ
2477 2205 2647 2277 ὅντες,
2683 2209 2758 2271 εἰς
2792 2210 2919 2264 κενά
2948 2209 3036 2263 καὶ
3062 2208 3377 2284 έμόχθησαν
3408 2209 3460 2264 ἐν
3490 2214 3570 2281 τῷ
3600 2209 3792 2283 κόσμῳ

2140 2299 2342 2374 τούτῳ,
2401 2301 2469 2354 τὰ
2513 2301 2611 2368 τῆς
2659 2307 2762 2373 γῆς
2815 2298 3170 2374 εἶργάσαντες·
3217 2296 3305 2353 διὰ
3335 2296 3496 2354 τοῦτο
3521 2298 3609 2354 καὶ
3641 2298 3793 2354 αὐτοὶ

2147 2389 2224 2452 εἷς
2257 2388 2530 2445 ἀπώλειαν
2563 2388 2872 2465 ἐχώρησαν.
2904 2387 2984 2445 Οὐ
3013 2387 3113 2464 γὰρ
3145 2387 3485 2460 ἐμνήσθησαν
3514 2393 3612 2443 τοῦ
3660 2392 3795 2445 Θεοῦ

2147 2479 2235 2534 ἐπὶ
2281 2485 2382 2548 τῆς
2428 2485 2530 2555 γῆς
2575 2473 2743 2550 ὄντες,
2796 2473 2911 2532 οὐδ’
2960 2475 3226 2549 ἐμέλησεν
3268 2475 3453 2540 αὐτοῖς
3489 2479 3795 2549 μνησθῆναι

2144 2572 2242 2624 τοῦ
2274 2563 2448 2647 φόϐου
2476 2572 2573 2623 τοῦ
2602 2571 2756 2624 Θεοῦ·
2791 2563 2882 2622 διὰ
2907 2570 3068 2622 τοῦτυ
3118 2563 3244 2622 οὑδὲ
3289 2566 3438 2621 αὑτῶ
3490 2566 3644 2640 μέλει
3671 2565 3796 2641 περὶ

2145 2657 2346 2715 αὐτῶν.
2379 2658 2591 2718 Δίκαιος
2618 2658 2719 2733 γὰρ
2750 2657 2778 2711 ὅ
2809 2657 2960 2724 Θεὸς,
2991 2656 3079 2710 καὶ
3113 2652 3290 2711 δικαία
3319 2657 3354 2726 ἡ
3405 2656 3578 2732 κρίσις
3607 2656 3793 2713 αὑτοῦ.

2145 2750 2310 2805 Ὅταν
2359 2748 2463 2824 γὰρ
2517 2743 2650 2815 ἔλθη
2712 2751 2892 2819 κρῖναι
2937 2745 3030 2800 τὸν
3091 2745 3322 2817 κόσμον,
3362 2743 3487 2799 τότε
3519 2743 3797 2799 ἀποδώσει

2146 2837 2356 2909 δκάστῳ
2385 2836 2520 2891 κατᾶ
2549 2835 2615 2890 τὰ
2646 2833 2772 2911 ἔργα
2801 2833 2992 2892 αὑτοῦ.
3033 2834 3280 2910 Μακαρία
3308 2835 3343 2904 ἠ
3388 2830 3580 2909 καρδία
3627 2835 3662 2902 ἠ
3718 2831 3800 2887 δε-

2146 2947 2219 3004 χο
2227 2926 2361 2999 μένη
2394 2929 2579 2980 ταῦτα.

2217 3020 2308 3074 20.
2354 3012 2721 3071 Μεσονύκτιον
2777 3011 3071 3088 έγερθήση,
3130 3012 3219 3068 καὶ
3279 3013 3540 3085 ὑμνήσεις
3599 3012 3802 3089 Κύριον

2147 3105 2240 3162 τὸν
2287 3103 2415 3160 Θεόν
2471 3124 2589 3159 σου.
2642 3103 2727 3157 Ἐν
2775 3101 2911 3176 αὐτῇ
2963 3102 3064 3178 γὰρ
3110 3105 3178 3176 τῇ
3211 3101 3328 3179 ὥρᾳ
3359 3102 3552 3172 ἀνέστη
3609 3103 3638 3157 ὁ
3694 3101 3809 3159 Κύ-

2153 3215 2271 3272 ριος
2318 3196 2480 3266 ἡμῶν
2532 3190 2591 3247 ἰκ
2649 3196 2878 3266 νεκρῶν,
2930 3191 3019 3246 καὶ
3066 3190 3276 3265 ὕμνησε
3301 3191 3394 3247 τὸν
3426 3192 3658 3268 Πατέρα*
3719 3189 3810 3246 διά

2149 3281 2312 3340 τοῦτδ
2370 3281 2506 3356 αὐτῇ
2571 3285 2640 3355 τῇ
2700 3281 2817 3357 ὣρᾳ
2869 3281 3178 3358 προσετάγη
3261 3281 3398 3354 ἡμῖν
3477 3281 3664 3353 ὑμνεῖν
3713 3281 3802 3336 τὸν

2153 3372 2302 3430 Θεόν.
2390 3372 2740 3444 Ἀνισταμένη
2820 3368 2880 3426 δὲ
2949 3375 3170 3447 πρῶτον
3225 3374 3416 3426 τοῦτον
3473 3371 3565 3425 τὸν
3618 3369 3804 3446 στίχον

2155 3463 2293 3519 ιίπέο
2328 3486 2356 3514 ‹‹
2390 3460 2749 3518 Μεσονύκτιον
2801 3459 3162 3538 ἐξηγειρόμην
3209 3464 3308 3515 τοῦ
3358 3457 3807 3536 ἐξομολογεῖσθαί

2155 3573 2241 3607 σοι
2286 3551 2372 3606 ἐπὶ
2426 3549 2494 3605 τὰ
2548 3550 2788 3625 κρίματα
2831 3557 2934 3620 τῆς
2979 3547 3324 3620 δικαιοσύνης
3369 3569 3486 3604 cou-
3543 3573 3569 3600 ι)
3599 3550 3687 3604 καὶ
3720 3547 3806 3603 εῦ-

2158 3644 2265 3716 ξαι,
2321 3641 2410 3696 καὶ
2457 3637 2608 3715 ἄρξαι
2654 3638 2829 3716 λέγειν
2879 3639 2970 3694 τὸν
3011 3638 3378 3708 πεντηκοστὸν
3410 3637 3538 3694 ὅλον
3567 3637 3803 3712 ψαλμὸν,

2157 3727 2260 3792 ἓως
2317 3729 2376 3784 ἃν
2433 3726 2687 3799 τελέσης.
2747 3728 2845 3784 Καὶ
2903 3732 3071 3783 ταῦτα
3128 3725 3361 3782 ἔστωσάν
3414 3748 3499 3782 σοι
3538 3728 3654 3792 καθ’
3685 3727 3806 3782 ἑκά-

2160 3841 2290 3890 στην
2371 3818 2581 3894 ἡμέραν
2656 3815 2973 3893 τεταγμένα.
3044 3815 3351 3879 Τοσούτους
3424 3814 3482 3871 δὶ
3555 3813 3808 3890 ψαλμοὺς

2160 3908 2299 3979 είπὶ,
2331 3907 2490 3970 ὅσους
2544 3905 2676 3977 ὀύνη
2727 3908 2999 3977 στήκουσα
3037 3905 3230 3960 εἰπεῖν’
3279 3904 3535 3962 καὶκατὰ
3589 3902 3808 3980 ψαλμὸν

2161 3998 2301 4072 εὑχή
2376 3996 2464 4051 καὶ
2541 3995 2857 4072 γονυκλισία
2929 3993 3302 4066 ἐπιτελείσθω,
3383 3994 3518 4068 μετά
3563 3991 3810 4071 δακρύων

2162 4086 2554 4162 έξαγορεύουσα
2595 4089 2673 4157 τῷ
2723 4085 2906 4161 Κυρίῳ
2962 4085 3060 4147 τάς
3101 4084 3367 4160 ἁμαρτίας
3400 4089 3516 4155 σοῦ,
3548 4083 3638 4139 καὶ
3696 4083 3817 4154 ἀξι-

2163 4181 2295 4232 οῦσα
2318 4174 2411 4231 ἵνα
2437 4175 2673 4254 ἀφεθῶσί
2703 4195 2807 4232 σοι.
2842 4175 2990 4230 Μετά
3019 4171 3077 4229 δὲ
3105 4179 3249 4250 τρεῖς
3279 4171 3536 4248 ψαλμοὺς
3568 4171 3694 4249 λέγε
3731 4173 3818 4242 τὸ,

2164 4265 2532 4337 Ἀλληλούῒα.
2566 4263 2687 4321 Ἐὰν
2721 4261 2778 4319 δὲ
2805 4263 2894 4319 καὶ
2927 4264 3186 4340 παρθένοι
3231 4263 3332 4318 εἰσὶ
3386 4263 3521 4336 μετά
3574 4266 3692 4335 σοῦ,
3723 4263 3817 4318 καὶ

2163 4353 2317 4411 αῦται
2379 4353 2759 4428 ψαλλέτωσαν,
2820 4353 2910 4407 καὶ
2964 4353 3061 4426 μία
3117 4353 3265 4428 παρά
3324 4351 3449 4424 μίαν
3494 4353 3594 4421 τὴν
3648 4351 3818 4427 εὑχήν

2165 4443 2484 4500 ἐπιτελεῖτε.
2545 4443 2686 4518 Πρὸς
2741 4438 2935 4516 ὄρθρον
2983 4439 3041 4497 δὶ
3095 4441 3188 4496 τὸν
3228 4440 3448 4515 ψαλμὸν
3478 4445 3671 4496 τοῦτον
3728 4437 3820 4495 λέ-

2164 4553 2300 4608 γετε·
2356 4555 2384 4584 ‹‹
2432 4532 2492 4590 Ὁ
2549 4531 2678 4594 Θεὸς
2729 4532 2758 4586 ὁ
2789 4530 2920 4593 Θιός
2955 4551 3083 4604 μου,
3113 4531 3250 4604 πρὸς
3283 4531 3342 4585 σὶ
3373 4529 3626 4606 ὀρθρίζω.
3677 4525 3821 4583 Ἐδί-

398 4613 519 4666 Sub
540 4611 870 4668 diluculum
894 4630 1068 4671 vero:
1109 4638 1128 4665 ι
1157 4617 1512 4686 Benedicite,
1531 4621 1730 4675 omnia
1749 4636 1926 4692 opera
1949 4622 2043 4677 Do-

2164 4621 2306 4696 ψησὲ
2362 4643 2420 4676 σε
2466 4623 2500 4692 ἠ
2550 4623 2702 4697 ψυχή
2756 4639 2880 4695 μου·
2937 4644 2964 4672 ››
2999 4617 3277 4698 διάφαυμα
3308 4617 3385 4674 δέ·
3442 4644 3468 4670 ‹‹
3504 4617 3818 4694 ΕὑΛογείτε,

400 4701 568 4768 mini,
598 4701 835 4758 Domino
858 4704 921 4756 ⁷⁸.
952 4725 972 4752 ι
1000 4727 1113 4754 -‹‹
1140 4704 1337 4761 Gloria
1359 4706 1416 4762 in
1441 4707 1687 4764 excelsis
1718 4708 1857 4777 Deo,
1908 4714 1963 4765 et
1995 4711 2053 4766 in

396 4795 553 4844 terra
583 4807 718 4861 pax,
749 4792 808 4846 in
842 4791 1183 4848 hominibus
1216 4795 1671 4868 beneplacitum.
1726 4797 2055 4856 Laudamus

397 4882 475 4947 te,
509 4879 913 4936 benedicimus
936 4886 1014 4947 te,
1047 4883 1366 4939 adoramus
1396 4888 1453 4940 te
1482 4886 1548 4954 ⁷⁷,
1585 4907 1614 4936 ››
1638 4890 1747 4942 etc.

467 5057 558 5113 21.
583 5056 938 5116 Charitatem
962 5066 1184 5133 autem,
1207 5079 1333 5134 quae
1351 5065 1617 5122 omnium
1657 5067 1913 5125 maxima
1941 5074 2051 5138 est,

405 5148 1041 5215 custodiamusNam,»
1071 5151 1309 5223 Diliges,
1331 5175 1358 5199 ι»
1375 5154 1509 5222 ait,«
1530 5155 1843 5212 Dominum
1872 5163 2052 5214 Deum

400 5237 568 5290 tuum
593 5252 660 5291 ex
692 5242 812 5293 toto
839 5240 1011 5294 corde
1040 5246 1164 5306 tuo,
1196 5246 1255 5296 et
1284 5257 1354 5297 ex
1383 5247 1506 5299 tota
1531 5245 1746 5302 virtute
1775 5251 1877 5302 tua
1908 5252 1964 5303 et
1984 5264 2053 5305 ex

395 5323 518 5377 tota
548 5324 745 5380 anima
773 5329 895 5395 tua,
955 5333 1012 5382 et
1071 5329 1400 5400 proximum
1459 5335 1629 5390 tuum
1691 5335 1846 5392 sicut
1903 5338 2050 5410 teip-

2165 4710 2337 4765 πάντα
2373 4709 2441 4765 τά
2488 4707 2616 4787 ἔργα
2667 4709 2889 4786 Κυρίου,
2942 4707 3033 4764 τὸν
3070 4707 3286 4784 Κύριον.
3323 4707 3458 4779 Δόξα
3488 4705 3538 4762 έν
3574 4707 3817 4780 ὑψίστοις

2165 4804 2304 4872 Θεῷ,
2353 4799 2443 4854 καὶ
2480 4798 2582 4863 ἐπὶ,
2611 4801 2714 4874 γῆς
2901 4797 3118 4874 εἰρήνη,
3150 4796 3202 4852 ἰν
3235 4797 3544 4873 ἀνθρώποις
3577 4793 3814 4852 εὐδοκία.

2163 4889 2465 4963 Ὑμνοῦμέν
2501 4909 2578 4960 σε,
2613 4887 2945 4964 ιύλογοῦμέν
2979 4907 3057 4959 σε,
3085 4885 3496 4962 προσκυνοῦμεν
3521 4905 3600 4956 σε,
3651 4909 3681 4937 ››
3727 4883 3818 4940 καί

2160 4978 2229 5034 τὰ
2260 4978 2404 5049 έξῆς.

2230 5072 2322 5124 21.
2353 5068 2460 5136 Τὴν
2523 5064 2581 5122 δὲ
2638 5064 2854 5142 ἀγάπην
2915 5063 3258 5144 φυλάξωμεν,
3291 5065 3390 5134 τήν
3421 5063 3638 5120 πάντων
3702 5061 3821 5137 μεί-

2166 5163 2313 5227 ζονα.
2377 5180 2404 5206 ‹‹
2458 5157 2782 5231 Ἀγαπήσεις
2831 5178 2860 5207 »
2911 5155 3037 5230 γὰρ,
3087 5155 3244 5232 φησὶ,
3277 5179 3304 5206 ‹‹
3341 5154 3535 5229 Κύριον
3569 5153 3660 5209 τὸν
3692 5152 3820 5208 Θεόν

2163 5267 2258 5300 σου
2319 5247 2429 5319 (51)
2478 5245 2528 5316 ἐξ
2582 5243 2722 5314 ὅλης
2775 5247 2875 5312 τῆς
2931 5241 3156 5318 καρδίας
3203 5265 3320 5310 σου,
3347 5243 3436 5298 καὶ
3470 5243 3519 5316 ἐξ
3554 5241 3693 5313 ὅλης
3715 5247 3818 5311 τῆς

2163 5334 2353 5410 ἰσχύος
2382 5355 2499 5404 σου,
2528 5333 2618 5389 καὶ
2651 5334 2702 5404 ἐξ
2733 5332 2873 5404 ὅλης
2899 5339 3003 5400 τῆς
3033 5336 3218 5409 ψυχῆς
3249 5354 3367 5406 σου,
3399 5333 3488 5388 καὶ
3534 5333 3626 5388 τὸν
3665 5329 3813 5402 πλη-

462 5471 508 5505 ⁷³
541 5473 670 5528 Psal
707 5516 720 5529 .
771 5491 983 5544 cxvm,
1044 5480 1145 5533 137
1179 5521 1192 5535 .
1254 5481 1300 5516 ⁷⁴
1354 5481 1496 5540 ibid.
1554 5485 1644 5541 62.
1722 5487 1767 5521 ⁷⁵
1796 5487 1930 5544 Psal
1966 5531 1979 5544 .
2031 5505 2043 5543 l

2157 5528 2165 5554 ,
2194 5490 2250 5544 2.
2326 5488 2371 5523 ’⁸⁸
2404 5488 2524 5544 Dan
2559 5529 2572 5542 .
2633 5503 2740 5557 ιιι,
2769 5487 2858 5542 57.
2936 5486 2978 5520 ⁷⁷
3003 5490 3138 5542 Luc.
3191 5503 3231 5542 ιι
3264 5485 3372 5553 ,14
3407 5502 3420 5554 ;
3454 5483 3619 5541 Cant.
3652 5482 3806 5541 Eccl.

383 5628 572 5769 isvago)
603 5629 939 5692 Basiliensis
969 5638 1026 5692 et
1056 5637 1302 5710 Anglic.,
1340 5635 1392 5692 ἐν
1427 5637 1672 5710 ὑψίστοις
1706 5645 1823 5712 θεῷ
1852 5640 1940 5698 καὶ
1970 5641 2036 5698 τὰ

2220 5644 2330 5716 (51)
2359 5642 2740 5716 Anglicanus,
2775 5641 3104 5718 ’Δγαπήσεις
3138 5640 3335 5716 Κύριον
3363 5639 3453 5696 τὸν
3487 5637 3639 5697 Θεόν.
