4154 6380
307 410 426 470 377

1686 407 1785 467 DE
1832 408 2361 471 VlRGINlTATE.

3606 406 3726 469 278

309 538 421 594 σίον
482 560 599 610 σου,
652 537 727 599 ὡς
776 536 982 593 ἑαυτόν.
1038 537 1123 590 Ἐν
1172 534 1391 597 ταύταις
1436 540 1554 597 ταῖς
1605 534 1772 605 δυσίν,
1808 538 1958 592 ἕντο-

2076 558 2231 595 sum.
2292 542 2351 596 In
2408 542 2498 597 his
2539 542 2768 596 duobus
2827 541 3119 596 mandatis
3141 544 3261 596 tota
3290 540 3381 596 lex
3412 541 3626 613 pendet
3671 543 3727 595 et

308 628 433 690 λαῖς
485 626 616 689 ὅλος
670 625 700 680 ὖ
744 625 915 698 νόμος
966 625 1053 679 καὶ
1089 626 1139 679 οἱ
1170 631 1447 702 προφῆται
1479 626 1801 700 κράμανται.
1838 651 1866 679 ››
1899 628 1960 685 Ὁ

307 718 437 779 Θεὸς
494 716 675 791 ἀγάπη
738 714 872 786 ἐστὶ,
923 714 1012 768 καὶ
1059 713 1217 775 αὐτὸς
1282 717 1500 788 πρῶτος
1561 714 1811 789 ἠγάπησε
1867 715 1958 770 τὸν

307 808 618 882 ἄνθρωπον,
670 804 758 859 καὶ
810 804 993 859 ἑαυτὸν
1046 800 1354 877 παρέδωκεν
1432 803 1563 878 ὑπὲρ
1632 806 1816 876 ἡμῶν,
1870 802 1962 860 *ίνα

308 898 455 969 ἡμᾶς
504 894 857 970 λυτρώσηται
916 890 1023 946 ἀπὸ
1071 892 1249 961 πάσης
1279 891 1532 963 ἀνομίας.
1576 892 1639 946 Εἰ
1675 890 1765 946 οὖν
1799 893 1959 955 αὐτὸς

307 985 335 1040 ὁ
384 984 582 1060 Κύριος
631 983 888 1037 ἀπέθανεν
944 981 1075 1052 ὑπὲρ
1126 983 1309 1052 ἡμῶν,
1371 983 1461 1034 καὶ
1517 984 1682 1053 ἡμεῖς
1741 980 1963 1058 ὀφείλο-

313 1095 407 1146 μεν
442 1074 571 1145 ὑπὲρ
596 1070 863 1142 ἀλλήλων
894 1071 988 1132 τὰς
1039 1070 1220 1145 ψυχὰς
1266 1072 1424 1142 ἡμῶν
1477 1072 1668 1125 θεῖναι.
1713 1073 1773 1127 Ὀ
1832 1071 1963 1133 Θεὸς

309 1162 492 1238 ἀγάπη
546 1161 679 1233 ἐστὶ,
726 1160 814 1215 καὶ
871 1161 899 1215 ὁ
951 1157 1095 1234 ἔχων
1144 1160 1241 1227 τὴν
1276 1158 1485 1233 ἀγάπην
1513 1160 1602 1213 τὸν
1636 1160 1762 1214 Θεὸν
1823 1154 1960 1235 ἔχει.

314 1251 488 1313 Αὐτὸς
534 1252 633 1326 γὰρ
691 1246 924 1324 εἷ’ρηκεν·
978 1273 1006 1299 ‹‹
1058 1249 1143 1302 Ἐν
1192 1248 1370 1321 τούτῳ
1413 1250 1713 1324 γνώσονται
1744 1248 1960 1321 πάντες,

314 1340 397 1395 ὅτι
445 1338 570 1412 ἐμοὶ
618 1337 854 1412 μαθηταί
902 1336 1039 1407 ἐστε,
1090 1337 1175 1391 ἐὰν
1222 1336 1438 1411 ἀγάπην
1478 1333 1647 1413 ἔχητε
1676 1337 1728 1391 ἐν
1782 1336 1964 1408 ἀλλή-

310 1427 428 1489 λοις
476 1429 608 1501 (52).
661 1450 689 1479 »
740 1430 910 1484 "Ocov
954 1427 1054 1503 γὰρ
1107 1426 1194 1481 ἐὰν
1244 1428 1482 1500 κοπιάσῃ
1526 1425 1830 1502 ἅνθρωπος,
1872 1439 1963 1492 καὶ

310 1518 386 1591 μὴ
420 1515 521 1593 ἔχῃ
562 1517 663 1586 τὴν
698 1516 912 1591 ἀγάπην
948 1515 1022 1577 εἰς
1053 1516 1143 1571 τὸν
1172 1513 1433 1588 πλησίον,
1486 1514 1561 1578 εἷς
1616 1518 1788 1589 μάτην
1840 1515 1961 1571 ἐκο-

305 1606 510 1663 πίασεν.
562 1603 716 1660 Οὕτω
777 1603 835 1661 δὲ
893 1602 1080 1675 δείξεις
1136 1607 1233 1673 τήν
1280 1606 1493 1681 ἀγάπην
1545 1606 1621 1668 εἷς
1670 1605 1761 1659 τὸν
1823 1604 1965 1675 πλη-

303 1694 442 1765 σίον,
502 1694 565 1749 οὐ
617 1693 767 1769 λόγῳ
816 1694 1004 1769 μόνον,
1049 1692 1196 1749 ἀλλὰ
1250 1695 1339 1748 καὶ
1373 1692 1537 1771 ἔργῳ.
1568 1694 1646 1752 Οὐ
1673 1697 1961 1771 κρατήσεις

304 1783 492 1839 κακίαν
537 1784 687 1845 τινὸς
736 1783 813 1846 εἷς
858 1785 958 1853 τὴν
1006 1780 1227 1857 καρδίαν
1272 1803 1388 1839 σου·
1422 1784 1469 1839 εί
1502 1782 1560 1838 δὶ
1616 1786 1803 1860 μήγε,
1863 1785 1963 1839 οὐκ

301 1872 615 1982 ἀνέρᾉεται,
648 1874 707 1982 δη
766 1872 904 1948 εὐχή
953 1894 1075 1982 Χσους
1108 1874 1314 1982 καθαρὰ
1356 1873 1493 1982 3:95;;
1544 1874 1632 1929 τὸν
1662 1873 1789 1928 Θεόν
1823 1874 1959 1946 (53).
1993 1918 2042 1982 Β

312 1987 333 2014 ι
387 1961 504 2019 Οὐκ
550 1958 855 2016 ἐπιδόσεται
905 1961 1008 2036 γὰρ
1054 1961 1082 2015 ὁ
1132 1959 1294 2030 ’ἥλιος
1358 1960 1445 2015 ἐπὶ
1494 1963 1574 2034 τῷ
1604 1962 1965 2038 παροργίσμῷ

313 2051 488 2124 ὑμῶν.
526 2074 555 2102 ››
610 2050 897 2127 Πραότητα
929 2045 1043 2126 ἔχε,
1071 2050 1355 2122 ὑπομονὴν
1388 2048 1502 2127 ἔχε,
1566 2051 1963 2127 μακροθυμίαν,

311 2139 641 2211 νηπιότητα.
675 2141 831 2215 Λέγει
861 2139 963 2214 γὰρ
992 2140 1020 2193 ὁ
1052 2139 1267 2209 Κύριος·
1303 2164 1332 2192 (ί
1365 2141 1486 2195 Ἐὰν
1534 2142 1609 2213 μή
1669 2144 1961 2219 στραφῆτε,

309 2229 398 2285 καὶ
429 2230 661 2305 γένησθε
691 2229 764 2291 ὡς
795 2229 863 2283 τὰ
892 2225 1098 2300 παιδία,
1133 2228 1195 2283 οὐ
1231 2229 1307 2301 μὴ
1340 2228 1621 2300 εἰσέλθητε
1650 2228 1724 2292 εἴς
1745 2231 1846 2300 τὴν
1875 2231 1965 2306 βα-

311 2316 514 2373 σιλείαν
547 2322 652 2372 τῶν
687 2316 953 2394 οὐρανῶν.
987 2341 1017 2370 ››

379 2412 469 2465 22.
505 2406 578 2461 Οὐ
630 2408 706 2480 μή
759 2407 1057 2481 λυπηθήσῃ
1113 2406 1365 2482 χαλεποῦ
1394 2428 1541 2470 τινος
1570 2403 1965 2481 συμϐαίνοντός

304 2516 412 2568 σοι,
446 2494 570 2551 οὔτε
616 2494 703 2550 ἐπὶ
758 2495 930 2569 ζημίᾳ
980 2497 1272 2570 λυπηθήσῃ
1328 2500 1461 2569 (54),
1516 2495 1639 2553 οὔτε
1670 2497 1757 2552 ἐπὶ
1788 2494 1962 2572 ὕϐρειο

311 2609 341 2637 ‹‹
390 2587 453 2641 Ἡ
502 2584 649 2655 λύπη
698 2586 801 2661 γὰρ
839 2590 935 2639 τοῦ
966 2580 1182 2658 κόσμου
1211 2586 1407 2641 τούτου
1440 2586 1661 2651 θάνατον
1692 2588 1963 2664 κατεργά-

310 2678 479 2743 ζεται.
517 2696 545 2723 ››
592 2674 747 2747 Ὑπὲρ
793 2678 902 2729 τῶν
955 2675 1233 2750 ἁμαρτιῶν
1284 2696 1379 2729 σου
1431 2676 1592 2748 μόνον
1644 2674 1963 2753 λυπηθήσῃ,

308 2765 443 2839 ὑπὲρ
498 2763 675 2820 ἄλλου
724 2761 780 2819 δὲ
816 2766 1138 2841 πράγματος
1174 2772 1373 2839 μικροῦ
1424 2767 1485 2822 οὖ
1521 2767 1833 2842 λυπηθήσῃ.
1870 2771 1960 2838 Μὴ

304 2853 528 2927 ὀψώσῃς
581 2854 677 2922 τήν
729 2856 915 2931 φωνήν
968 2876 1063 2909 σου
1116 2854 1443 2931 ὀργιζομένη
1494 2857 1631 2931 πρός
1662 2878 1800 2912 τινα·
1835 2855 1961 2913 δού-

308 2940 410 3013 λην
464 2944 569 3018 γὰρ
638 2944 835 3020 Κυρίου
885 2944 947 2999 οὐ
1002 2942 1083 2999 δεῖ
1134 2947 1421 3021 μάχεσθαι·
1475 2946 1591 3003 Οὐκ
1631 2945 1961 3018 ἐξελεύσεται

310 3032 510 3107 κατάρα
558 3030 618 3086 ὲκ
657 3037 754 3087 τοῦ
802 3033 1072 3107 στόματός
1120 3056 1236 3104 σου,
1289 3035 1395 3111 οὐχ
1421 3031 1599 3111 ὕϐρις,
1633 3035 1695 3091 οὐ
1724 3034 1964 3092 κακολο-

312 3120 418 3197 γία.
478 3122 557 3179 Τὸ
616 3121 791 3196 στόμα
849 3144 945 3177 σου
993 3124 1093 3199 γὰρ
1148 3125 1481 3198 ἡγιασμένον
1535 3123 1676 3180 ἆστὶν
1737 3125 1790 3181 ἐν
1848 3132 1964 3188 τοῖς

310 3207 497 3282 ὕμνοις
546 3210 638 3266 καὶ
691 3208 1031 3287 δοξολογίαις
1076 3218 1175 3268 τοῦ
1206 3218 1360 3270 Θεοῦ.
1395 3213 1506 3269 Οὐκ
1534 3210 1645 3269 ἔστι
1677 3212 1844 3270 καλὸν
1898 3216 1962 3271 τὸ

2073 631 2367 702 prophetaa
2400 632 2463 686 ⁷⁸.
2502 652 2523 681 ε
2589 632 2741 687 Deus
2799 632 3056 686 charitas
3106 634 3211 697 est,
3266 636 3325 685 et
3382 631 3510 701 ipse
3568 629 3730 701 prior

2073 718 2275 775 dilexit
2307 720 2627 791 hominem,
2671 737 2737 776 ac
2769 737 2832 775 se
2876 721 3002 791 ipse
3030 718 3272 775 tradidit
3302 735 3403 791 pro
3437 719 3627 783 nobis,
3661 722 3728 773 ut

2072 826 2178 864 nos
2217 809 2489 865 liberaret
2519 811 2588 865 ad
2623 809 2782 866 omni
2816 809 3147 880 iniquitate.
3180 808 3239 863 Si
3270 808 3595 879 igituripse
3625 812 3728 863 Do-

2073 900 2271 953 minus
2305 916 2405 970 pro
2438 900 2604 954 nobis
2637 905 2907 955 mortuus
2939 904 3046 967 est,
3079 903 3137 952 et
3166 897 3279 969 ipsi
3338 914 3439 967 pro
3471 896 3601 951 aliis
3624 898 3730 952 de-

2074 988 2279 1042 bemus
2329 988 2556 1043 animas
2616 994 2847 1043 nostras
2880 1004 3112 1058 ponere.
3148 992 3301 1041 Deus
3332 986 3587 1040 Charitas
3616 989 3726 1053 est,

2071 1081 2128 1132 et
2157 1076 2256 1147 qui
2288 1076 2463 1132 habet
2491 1076 2857 1148 charitatem,
2884 1080 3062 1131 Deum
3097 1076 3289 1130 habet.
3315 1075 3443 1145 Ipse
3475 1090 3732 1145 namque

2073 1166 2255 1221 dixit:
2294 1188 2320 1215 «
2354 1166 2416 1220 In
2452 1167 2555 1221 hoc
2586 1170 2937 1235 cognoscent
2985 1182 3191 1220 omnes
3251 1164 3400 1234 quod
3454 1162 3731 1235 discipuli

2073 1254 2188 1309 mei
2219 1254 2440 1319 estis,si
2472 1254 2842 1309 dilectionem
2877 1253 3200 1309 habueritis
3231 1253 3303 1307 ad
3337 1252 3585 1307 invicem
3609 1252 3674 1306 7°.
3704 1273 3726 1301 ι

2073 1345 2606 1415 Quantumcunque
2635 1343 2791 1397 enim
2811 1341 3159 1397 laboraverit
3190 1341 3443 1408 bomo,si
3467 1340 3730 1396 dilectio-

2074 1449 2207 1489 nem
2240 1450 2355 1488 non
2373 1433 2583 1488 habeat
2600 1448 2736 1502 erga
2751 1431 3334 1504 proximum,frustra
3358 1429 3728 1486 laboraverit.

2074 1523 2162 1577 Ita
2191 1522 2467 1577 ostendas
2494 1521 2865 1576 dilectionem
2899 1537 3037 1592 erga
3056 1520 3536 1591 proximum,non
3557 1520 3733 1576 verbo

2072 1617 2323 1680 tantum,
2358 1613 2460 1666 sed
2508 1610 2682 1665 etiam
2734 1626 2927 1681 opere.
2979 1610 3104 1664 Non
3140 1608 3420 1664 retinebis
3450 1609 3732 1663 offensam

2072 1701 2325 1772 alicujus
2355 1701 2415 1754 in
2448 1700 2618 1755 corde
2640 1698 3028 1771 tuo,alioquin
3047 1700 3301 1771 precatio
3324 1702 3427 1752 tua
3456 1698 3526 1752 ad
3550 1704 3733 1753 Deum

2075 1807 2223 1862 pura
2245 1807 2355 1845 non
2418 1791 2716 1845 ascendet.
2742 1810 2769 1838 ‹‹
2802 1788 2929 1843 Non
2957 1787 3183 1843 occidet
3238 1787 3394 1841 enim
3442 1786 3529 1841 sol
3558 1802 3737 1858 super

2073 1878 2439 1933 iracundiam
2490 1882 2745 1933 vestram
2778 1878 2842 1933 8°.
2866 1898 2893 1926 ››
2939 1875 3471 1944 Mansuetudinem,
3505 1875 3731 1945 patien-

2074 1968 2238 2037 tiam,
2270 1967 2641 2022 tolerantiam
2683 1971 2740 2021 et
2760 1965 3201 2036 simplicitatem
3235 1964 3491 2019 infantiae
3522 1963 3727 2019 retine.

2073 2058 2169 2112 Ait
2196 2057 2412 2128 quippe
2444 2056 2767 2111 Dominus:
2804 2077 2831 2104 «
2864 2053 2989 2109 Nisi
3045 2053 3488 2119 convertamini,
3523 2057 3580 2108 et
3608 2052 3733 2108 efﬁ-

2073 2145 2311 2203 ciamini
2334 2146 2485 2201 sicut
2512 2144 2757 2217 parvuli,
2783 2160 2899 2199 non
2932 2142 3227 2198 intrabitis
3258 2142 3316 2195 in
3348 2157 3593 2213 regnum
3618 2158 3729 2197 coa-

2072 2234 2265 2291 lorum
2285 2236 2352 2291 ⁸¹.
2388 2256 2416 2284 ››

2146 2417 2234 2469 22.
2257 2413 2339 2469 Ne
2371 2413 2715 2469 contristere
2746 2412 2796 2467 si
2827 2410 2968 2482 quid
3003 2411 3318 2466 adversum
3347 2410 3575 2465 accidat
3606 2409 3738 2480 tibi,

2075 2520 2265 2575 neque
2295 2504 2366 2557 de
2411 2506 2649 2574 accepto
2698 2502 2914 2557 damno
2969 2498 3057 2554 vel
3100 2498 3456 2555 contumelia
3487 2498 3687 2554 doleas
3722 2502 3736 2541 τ

2074 2617 2101 2644 ‹‹
2138 2592 2402 2649 Tristitia
2427 2591 2584 2647 enim
2607 2591 2787 2661 hujus
2818 2588 3592 2659 mundi,mortem0peratur
3611 2588 3679 2642 εει.
3709 2609 3739 2637 ››

2079 2689 2153 2737 De
2183 2681 2300 2737 tuis
2331 2680 2525 2737 solum
2580 2680 2830 2750 peccatis
2878 2677 3113 2733 doleas:
3173 2677 3245 2731 de
3304 2676 3419 2732 alia
3468 2693 3528 2731 re
3572 2663 3740 2749 parvi

2075 2770 2358 2826 momenti
2410 2786 2479 2824 ne
2512 2768 2877 2824 contristere.
2912 2766 2994 2821 Ne
3024 2765 3259 2821 attolles
3289 2782 3486 2821 vocem
3535 2766 3595 2820 in
3630 2765 3736 2820 ali-

2074 2876 2249 2931 quem
2282 2877 2395 2932 praa
2428 2858 2773 2923 iracundia;
2809 2854 3082 2912 ancillam
3117 2854 3333 2927 quippe
3368 2855 3591 2911 Domini
3620 2872 3736 2911 non

2074 2952 2237 3007 decet
2267 2948 2746 3020 disceptare.Non
2770 2946 2951 3001 exibit
2982 2946 3052 2999 de
3082 2961 3180 3000 ore
3201 2950 3302 3000 tuo
3327 2944 3736 3014 maledictum,

2074 3058 2188 3097 non
2222 3036 2596 3105 contumelia,
2629 3054 2743 3092 non
2803 3034 3166 3090 obtrectatio.
3217 3032 3294 3088 Os
3351 3033 3506 3089 enim
3566 3037 3735 3090 tuum

2074 3129 2506 3186 sanctiﬁcatum
2534 3129 2622 3183 est
2662 3125 2899 3198 hymnis
2930 3128 2988 3178 et
3016 3120 3294 3179 laudibus
3323 3121 3444 3177 Dei.
3480 3121 3588 3177 Par
3618 3140 3733 3179 non

2075 3223 2164 3276 est
2191 3219 2295 3273 94
2326 3216 2556 3289 prodire
2587 3220 2644 3271 te
2676 3215 2899 3285 absque
2930 3228 3147 3283 magna
3174 3210 3734 3275 necessitate.Quie-

307 3299 677 3376 προέρχεσθαί
707 3321 765 3356 σε
794 3285 971 3378 χωρὶς
1004 3300 1252 3376 μεγάλης
1283 3300 1544 3378 ἀνάγκης.
1575 3305 1683 3372 Τὴν
1724 3304 1958 3380 ἡσυχίαν

2075 3312 2192 3364 tem
2228 3285 2362 3363 ama
2418 3308 2708 3375 quantum
2742 3308 2922 3374 potes.
2954 3302 3265 3357 Servorum
3297 3299 3398 3356 Dei
3457 3316 3528 3355 ne
3585 3298 3737 3355 obli-

303 3387 486 3464 ἀγάπα
534 3388 659 3444 ὅσον
708 3387 948 3447 δύνασαι.
1000 3395 1113 3445 Τῶν
1150 3388 1363 3446 δούλων
1413 3396 1510 3446 τοῦ
1540 3397 1674 3448 Θεοῦ
1709 3395 1784 3466 μή
1843 3393 1960 3448 ἐπι-

304 3475 463 3552 λάθῃ,
523 3476 666 3551 μηδὲ
720 3476 1214 3557 ἀπαλειφθήτωσαν
1283 3480 1344 3535 έκ
1410 3487 1509 3549 τῆς
1566 3480 1789 3557 καρδίας
1839 3503 1958 3540 σου.

304 3566 425 3622 Ἐὰν
488 3568 643 3643 ἅγιος
701 3565 834 3643 ἔλθῃ
891 3568 967 3631 είς
1021 3569 1119 3638 τήν
1181 3568 1356 3624 οἰκίαν
1416 3590 1534 3636 σου,
1576 3568 1749 3633 οὕτως
1802 3570 1961 3628 αὐτὸν

301 3653 614 3729 πρόσδεξαι,
663 3656 736 3719 ὡς
780 3658 872 3712 τὸν
924 3658 1043 3713 Υἱὸν
1092 3663 1190 3713 τοῦ
1220 3662 1374 3715 Θεοῦ·
1428 3658 1578 3734 λέγει
1629 3661 1733 3735 γὰρ
1791 3662 1819 3715 ὁ
1852 3660 1956 3717 Κό-

306 3766 423 3822 ριος
473 3748 634 3818 ἡμῶν
695 3750 907 3817 Ἰησοῦς
966 3746 1218 3823 Χριστός·
1287 3770 1309 3799 ε
1367 3750 1429 3805 Ὁ
1459 3744 1759 3825 δεχόμενος
1817 3750 1957 3823 ὑμᾶς

306 3835 405 3909 ἐμὲ
463 3834 703 3913 δέχεται.
765 3860 793 3887 ››
847 3839 973 3895 Ἐὰν
1030 3836 1244 3912 εἰσέλθῃ
1300 3839 1437 3915 ἀνὴρ
1496 3836 1701 3901 δίκαιος
1731 3840 1808 3902 εἰς
1862 3841 1956 3895 τὸν

306 3924 456 3981 οἶκόν
485 3946 602 3998 σου,
638 3926 774 3999 μετὰ
803 3921 977 4004 φόϐου
1008 3926 1096 3981 καὶ
1144 3926 1356 4003 τρόμου
1402 3927 1730 3999 ἀπαντήσεις
1787 3929 1955 4003 αὐτῷ,

303 4015 393 4070 καὶ
462 4016 860 4093 προσκυνήσεις
937 4014 1166 4071 ἐνώπιον
1237 4021 1344 4071 τῶν
1402 4015 1586 4072 ποδῶν
1643 4018 1808 4074 αὐτοῦ
1867 4018 1956 4074 ἐπὶ

301 4105 403 4173 τὴν
445 4111 570 4182 γῆν.
606 4105 685 4162 Οὐ
716 4106 820 4180 γὰρ
850 4104 1010 4160 αὐτὸν
1042 4107 1458 4181 προσκυνήσεις,
1500 4105 1647 4161 ἀλλὰ
1690 4108 1781 4162 τὸν
1823 4108 1953 4163 Θεὸν

300 4194 392 4249 τὸν
445 4193 844 4250 ἀποστείλαντα
889 4193 1072 4250 αὐτὸν.
1116 4196 1279 4269 Λήψῃ
1327 4193 1385 4249 δὲ
1428 4192 1598 4272 ὕδωρ,
1645 4196 1737 4250 καὶ
1779 4196 1954 4271 νίψεις

300 4282 426 4346 τοὺς
478 4281 652 4346 πόδας
700 4283 886 4354 αὐτοῦ,
936 4284 1024 4339 καὶ
1077 4286 1212 4358 μετά
1252 4283 1430 4355 πάσης
1455 4280 1759 4359 εὐλαϐείας,
1793 4286 1955 4341 ἀκού-

301 4392 409 4436 σεις
460 4393 569 4428 των
618 4372 802 4448 λόγων
841 4372 1026 4431 αὐτοῦ.
1087 4373 1160 4429 Οὐ
1192 4374 1268 4448 μὴ
1299 4371 1571 4451 θαῤῥήσῃς
1630 4373 1717 4430 ἐπὶ
1746 4377 1815 4449 τῇ
1849 4396 1955 4430 σω-

300 4461 540 4541 φροσύνῃ
600 4484 717 4535 σου,
771 4460 865 4517 ’ίνα
924 4464 999 4537 μὴ
1058 4462 1242 4536 πέσῃς⁶
1278 4462 1426 4519 ἀλλὰ
1468 4458 1661 4538 φοϐοῦ·
1692 4463 1770 4541 ἐφ’
1826 4463 1951 4519 ὅσον

298 4552 399 4628 γὰρ
458 4547 626 4630 φοϐῇ,
685 4550 945 4608 οὐδέποτε
1003 4551 1238 4615 πίπτεις.
1297 4554 1567 4629 Συμφέρει
1753 4554 1952 4630 ἐγκρα-

2069 3398 2315 3461 viscere,
2369 3410 2561 3466 neque
2610 3392 2915 3448 deleantur
2943 3390 3027 3446 illi
3084 3408 3153 3446 ex
3182 3390 3356 3446 corde
3386 3395 3511 3445 tuo.
3552 3389 3608 3445 Si
3650 3389 3739 3445 vir

2070 3492 2315 3543 sanctus
2345 3485 2569 3540 venerit
2600 3483 2660 3537 in
2686 3482 2925 3536 domum
2949 3485 3135 3549 tuam,
3170 3478 3509 3551 itaexcipito
3541 3478 3735 3547 illum,

2071 3575 2241 3649 quasi
2272 3573 2485 3630 Filium
2519 3572 2618 3629 Dei
2646 3588 2660 3639 ;
2693 3571 2775 3627 ait
2805 3572 2961 3627 enim
3011 3568 3293 3624 Dominus
3328 3572 3529 3623 noster
3557 3568 3735 3626 Jesus

2069 3665 2375 3721 Christus:
2410 3686 2437 3713 ‹‹
2471 3663 2579 3727 Qui
2629 3678 2733 3716 vos
2758 3657 3027 3730 suscipit,
3070 3674 3165 3714 me
3222 3657 3473 3728 suscipit
3503 3656 3573 3713 ⁸³.
3615 3680 3642 3708 ››
3672 3657 3733 3714 Si

2070 3757 2373 3828 ingressus
2403 3751 2577 3807 fuerit
2604 3751 2693 3806 vir
2732 3751 2937 3821 justus
2991 3748 3052 3803 in
3100 3747 3341 3802 domum
3372 3751 3556 3813 tuam,
3592 3761 3730 3804 cum

2065 3845 2276 3899 timore
2320 3847 2378 3897 et
2407 3847 2659 3897 tremore
2690 3854 2961 3893 occurres
2990 3836 3125 3909 ipsi,
3173 3841 3231 3891 et
3263 3836 3529 3908 procides
3562 3836 3732 3893 humi

2066 3934 2137 3990 ad
2169 3934 2344 4005 pedes
2364 3933 2493 4002 ejus
2510 3926 3043 3999 adorans(55).Non
3073 3924 3408 3980 enimillum
3435 3925 3727 3980 adorabis:

2065 4022 2165 4078 sed
2202 4023 2382 4078 Deum
2414 4019 2513 4091 qui
2548 4018 2707 4073 misit
2756 4017 2975 4089 ipsum.
3014 4021 3182 4085 Aqua
3213 4019 3469 4085 accepta,
3503 4013 3725 4069 lavabis

2066 4112 2242 4183 pedes
2272 4106 2489 4181 ejus,et
2518 4124 2652 4162 cum
2687 4105 2848 4161 omni
2879 4104 3204 4160 reverentia
3224 4104 3402 4158 verba
3431 4101 3589 4158 illius
3619 4119 3722 4158 au-

2064 4201 2211 4256 dies.
2270 4198 2394 4253 Non
2427 4196 2689 4252 confidas
2711 4195 2770 4249 in
2802 4198 2905 4249 tua
2933 4193 3224 4257 castitate,
3276 4209 3346 4247 ne
3372 4193 3586 4260 cadas;
3620 4193 3722 4248 sed

2063 4289 2203 4343 time
2229 4306 2241 4344 :
2272 4289 2489 4359 quanto
2519 4290 2782 4355 tempore
2832 4281 3069 4337 timebis
3118 4297 3235 4336 non
3295 4281 3581 4351 peccabis.
3618 4282 3721 4337 Ex~

2064 4378 2223 4449 pedit
2243 4375 2635 4433 continentem
2668 4386 2933 4427 seorsum
2966 4385 3175 4441 panem
3200 4386 3375 4425 suum
3398 4370 3719 4427 comedere.

2063 4466 2123 4523 Si
2146 4465 2369 4522 sederis
2400 4464 2470 4519 ad
2502 4477 2760 4517 mensam
2794 4476 2929 4515 cum
2950 4458 3301 4530 virginibus,
3327 4459 3397 4513 de
3427 4457 3573 4513 cibis
3595 4474 3721 4514 om-

2062 4556 2238 4611 nibus
2264 4552 2579 4626 propositis
2637 4550 2907 4606 comedes
2956 4564 3091 4603 cum
3142 4546 3278 4602 illis.
3323 4546 3467 4601 Nam
3501 4547 3549 4601 si
3604 4564 3719 4604 non

300 4640 563 4714 τευομένῃ
617 4640 925 4715 καταμόνας
965 4643 1057 4697 τὸν
1114 4643 1308 4711 εαυτῆς
1368 4640 1528 4719 ἄρτον
1563 4642 1776 4700 ἐσθίειν.
1829 4645 1949 4698 Ἐὰν

2070 4643 2405 4709 comederis,
2432 4641 2700 4697 videbere
2750 4638 2883 4694 illas
2913 4637 3267 4708 improbare.
3302 4636 3427 4690 Non
3460 4635 3719 4692 declara-

303 4731 525 4806 καθίσῃς
577 4732 711 4804 μετὰ
758 4732 1036 4807 παρθένων
1098 4730 1186 4786 ἐπὶ
1223 4730 1522 4807 τραπέζης,
1552 4737 1654 4785 πᾶν
1682 4730 1744 4787 τὸ
1777 4752 1949 4809 παρα-

304 4819 521 4894 θέμενον
582 4819 726 4885 ἔσθιε
787 4828 900 4894 μετ’
956 4821 1155 4877 αὐτῶν.
1209 4820 1328 4876 Ἐὰν
1367 4819 1468 4896 γὰρ
1502 4821 1579 4894 μὴ
1611 4819 1804 4898 φάγῃς,
1864 4822 1950 4876 εὑ-

303 4908 460 4986 ρίσκῃ
507 4910 583 4973 ὡς
636 4910 1027 4987 κατακρίνουσα
1081 4908 1263 4972 αὐτάς.
1324 4908 1435 4964 Οὐκ
1483 4909 1797 4985 ἀναγγελεῖς
1851 4911 1952 4979 τὴν

301 4997 526 5070 ἄσκησιν
576 5020 696 5056 σου.
743 4999 866 5055 Ἐὰν
921 4997 979 5054 δι
1020 4998 1109 5053 καὶ
1161 4999 1305 5054 οἶνον
1346 4997 1583 5066 πίνουσι,
1614 4998 1705 5053 καὶ
1735 4998 1798 5054 οὐ
1855 4998 1950 5053 πί-

2063 4734 2153 4789 bis
2184 4731 2409 4789 ascesin
2436 4747 2537 4786 seu
2569 4728 3040 4784 exercitationem
3071 4730 3257 4781 tuam.
3277 4725 3335 4780 Si
3368 4724 3568 4779 vinum
3602 4742 3718 4781 non

2061 4821 2230 4877 bibas
2260 4830 2314 4877 et
2361 4821 2564 4875 bibant
2593 4820 2753 4890 ipsae,
2818 4832 3024 4889 parum
3056 4815 3240 4870 bibito
3269 4830 3469 4869 earum
3504 4815 3716 4887 gratia.

2062 4912 2225 4977 Quod
2272 4911 2321 4966 si
2380 4910 2578 4964 adsint
2608 4923 2833 4979 magnae
2890 4922 3059 4974 anus,
3087 4908 3144 4960 et
3185 4902 3404 4975 largius
3436 4908 3491 4958 te
3521 4903 3719 4960 bibere

2062 5004 2293 5073 cogant,
2354 5015 2427 5053 ne
2457 4996 2663 5053 audias
2702 4994 2965 5061 illas,sed
2996 4993 3090 5049 dic
3109 4991 3226 5048 illis
3252 5008 3265 5047 :
3297 4990 3413 5048 Vos
3438 4990 3497 5045 in
3529 4993 3718 5049 ascesi

367 5172 411 5208 ⁷⁸
444 5172 649 5229 Matth.
683 5189 821 5241 xm,
845 5173 935 5241 37,
970 5172 1060 5228 40.
1137 5173 1184 5208 7’
1209 5172 1379 5229 Joan.
1413 5187 1537 5240 xm,
1569 5172 1660 5227 35.
1692 5172 1739 5207 ⁸ο
1768 5172 1958 5244 pres

2074 5214 2089 5242 ,
2118 5172 2212 5226 26.
2244 5170 2289 5206 ⁸⁸
2322 5168 2524 5225 Matth.
2555 5182 2716 5233 xvm,
2744 5166 2798 5221 3.
2850 5164 2898 5200 ⁸³
2950 5163 3000 5221 ΙΙ
3023 5163 3153 5219 Cor.
3185 5180 3283 5232 vn,
3320 5163 3404 5217 10.
3463 5161 3509 5197 ⁸³
3532 5160 3713 5218 Marc.

300 5262 381 5314 Ix,
411 5246 499 5301 36.

391 5393 480 5465 52)
515 5392 852 5450 Basiliensis
881 5397 939 5449 et
965 5392 1218 5520 Vnglic.,
1250 5391 1338 5447 ἐὰν
1371 5391 1614 5468 ἀγαπᾶτε
1644 5389 1947 5465 ἀλλήλους,

392 5466 484 5520 53)
518 5467 580 5520 In
612 5465 793 5520 Basil.
825 5470 884 5520 et
935 5467 1063 5520 Ana
1089 5466 1161 5520 ic.
1195 5466 1319 5520 haac
1363 5465 1500 5520 πρὸς
1529 5465 1618 5519 τὸν
1665 5464 1817 5520 Θεὸν.
1849 5466 1947 5520 de-

392 5466 484 5539 53)
518 5467 580 5521 In
612 5465 793 5522 Basil.
825 5470 884 5522 et
935 5464 1161 5539 Anglic.
1195 5466 1319 5523 haec
1363 5464 1500 5540 πρὸς
1529 5465 1618 5519 τὸν
1665 5464 1817 5535 Θεόν,
1849 5464 1949 5521 de-

278 5542 491 5681 -w?5ti)
540 5609 634 5665 Sic
684 5624 890 5665 omnes
940 5625 1084 5665 mss.
1117 5609 1176 5664 in
1228 5610 1402 5666 editis
1454 5626 1609 5675 vero,
1659 5606 1952 5680 λυπηθήσῃ

305 5681 494 5827 (16ῗὲέῇ
515 5758 579 5812 In
608 5752 732 5812 hac
786 5751 968 5810 verba
995 5756 1163 5810 notat
1211 5752 1364 5810 Felc.
1404 5754 1560 5825 Quod
1610 5755 1702 5812 hic
1747 5755 1954 5811 mentio

2059 5403 2137 5449 est
2182 5392 2374 5447 domus
2424 5388 2661 5444 moniah'
2706 5386 2966 5458 propriae,
2996 5383 3217 5458 pidetur
3254 5382 3310 5436 id
3359 5383 3588 5458 innuere
3616 5396 3718 5435 au-

2060 5474 2267 5521 ctorem
2297 5462 2445 5533 loqui
2475 5461 2541 5515 de
2566 5454 2763 5531 genere
2789 5456 3191 5533 monachqrum
3226 5468 3351 5523 qua
3388 5468 3497 5533 non
3530 5454 3589 5506 in
3611 5466 3718 5508 cae-

2060 5538 2261 5602 nobz'is,
2292 5528 2380 5589 sed
2410 5528 2698 5587 domitum
2744 5533 2978 5585 vivunt:
3001 5528 3570 5602 observ_antes}am_en
3626 5538 3720 5576 re-

2061 5593 2763 5676 gulam'claustraliumﬂirt
2809 5603 2954 5676 uictu
2981 5606 3030 5676 et
3076 5597 3306 5676 amictu.
3535 5609 3716 5676 genus

2058 5667 2319 5751 frequens
2337 5676 2609 5751 υἰάεαειη
2650 5673 2945 5737 Watachia,
2978 5669 3172 5723 Παιδία
3201 5672 3253 5722 et
3281 5667 3495 5725 caeteris
3526 5667 3718 5721 Orien-

2062 5745 2264 5808 talibus
2290 5745 2613 5821 provinciis.
