4154 6394
366 391 487 453 279
1553 387 1620 451 8.
1664 386 2191 451 ATHANASIUS.
2220 417 2299 433 —
2324 386 2594 450 DUBIA.

3664 392 3788 454 280

369 544 473 583 seu
503 526 916 584 exercitatione
948 527 1134 585 multa
1154 529 1530 600 juventutem
1563 528 1813 581 vestram
1833 528 2022 580 trans-

2167 542 2249 595 ῃς,
2309 518 2387 575 δι’
2444 520 2607 585 αὐτὰς
2664 520 2756 579 πίε
2819 521 3030 601 ὀλίγον.
3091 523 3210 582 Ἐὰν
3270 522 3329 582 δέ
3384 525 3486 581 είσι
3549 524 3787 601 μεγάλαι

369 617 575 688 egistis
601 634 614 672 :
647 621 707 671 at
736 632 842 689 ego
875 633 945 671 ne
977 617 1046 671 ad
1073 616 1330 688 primum
1355 615 1588 687 quidem
1611 619 1872 670 vestrum
1895 628 2026 684 gra-

2167 603 2508 685 ερεσϐύτιδες,
2566 612 2655 666 καὶ
2713 613 3052 689 ἀναγκάζωσί
3111 636 3168 670 σε
3212 620 3356 670 πιεῖν
3393 615 3669 687 περισσὸν,
3707 616 3784 688 μὴ

367 706 507 760 dum
542 705 978 776 perveni.Porro
1011 707 1081 761 de
1114 704 1509 776 hospitalitate
1531 706 1590 759 et
1617 700 2026 774 eleemosynis,

2167 698 2369 773 πιούσῃς
2427 699 2628 771 αὐτῶν,
2678 700 2823 758 ἀλλὰ
2880 702 3006 780 λέγε
3054 704 3263 766 αὐταῖς·
3313 704 3495 777 Ὑμεῖς
3546 704 3790 777 κατετρί-

371 810 487 850 non
521 811 669 867 opus
699 799 788 850 est
812 798 877 850 ut
907 793 1299 851 admonearis.
1328 793 1391 849 Id
1415 793 1573 849 enim
1593 796 1658 848 tu
1689 795 1899 865 sponte
1927 795 2031 846 tua

2167 808 2272 843 ιατε
2299 790 2402 857 τὴν
2459 789 2690 860 νεότητα
2737 792 2891 866 ὑμῶν
2939 791 2990 847 ἐν
3049 795 3273 865 ἀσκήσει
3323 790 3536 868 πολλῇ·
3593 791 3699 869 έγὼ
3731 790 3789 850 δὲ

373 883 571 940 facies,
2139 873 2294 931 οὔπω
2351 875 2552 956 ἔφθασα
2608 876 2734 935 οὐδὶ
2791 880 2867 943 εἷς
2921 885 3137 958 πρῶτον
3202 882 3411 959 βαθμὸν
3471 883 3622 957 ὑμῶν
3653 883 3791 957 (56),

374 970 509 1045 Περὶ
566 968 624 1026 δὲ
677 977 778 1041 τῆς
823 969 1132 1050 φιλοξενίας
1188 970 1279 1026 καὶ
1334 977 1434 1040 τῆς
1487 966 1859 1042 ἐλεημοσύνης
1915 966 1978 1023 οὗ
2035 965 2224 1042 χρείαν
2284 961 2431 1042 ἔχεις
2486 970 2872 1028 νουθετεῖσθαι.
2931 970 3071 1027 Ἀπὸ
3146 978 3373 1042 σεαυτῆς
3446 972 3551 1047 γὰρ
3623 973 3788 1043 ποιή-

379 1082 511 1123 σεις.

447 1171 537 1226 23.
560 1172 626 1226 In
656 1170 901 1227 ecclesia
930 1174 1079 1237 tace,
1111 1185 1218 1226 nec
1250 1169 1577 1242 quidquam
1608 1166 1851 1238 loquare
1883 1182 1898 1234 ;
1931 1165 2033 1220 sed

2209 1164 2301 1220 23.
2335 1163 2421 1218 Ἐν
2470 1162 2734 1238 ἐκκλησίᾳ
2787 1167 2989 1239 σιώπα,
3045 1168 3135 1224 καὶ
3188 1165 3358 1241 μηδὲν
3409 1166 3589 1239 λάλει,
3650 1165 3796 1224 ἀλλᾶ

381 1260 620 1317 attende
680 1259 872 1315 solum
932 1258 1183 1315 lectioni.
1218 1258 1278 1314 Si
1308 1258 1413 1313 tibi
1437 1257 1498 1312 in
1530 1260 1784 1311 mentem
1816 1254 2039 1310 venerit

2167 1254 2213 1325 νῇ
2266 1252 2562 1328 ἀναγνώσει
2616 1254 2781 1327 μόνον
2831 1256 3091 1333 πρόσεχε.
3135 1258 3257 1315 Ἐὰν
3309 1252 3548 1332 ἔπαναϐᾖ
3591 1255 3665 1319 εἲς
3693 1258 3792 1326 τήν

381 1349 615 1420 aliquod
651 1365 797 1418 opus
831 1363 1122 1421 peragere,
1156 1364 1227 1402 ne
1256 1352 1474 1402 temere
1504 1345 1561 1400 id
1612 1361 1774 1418 agas,
1808 1359 1881 1399 ne
1908 1342 2039 1398 illu-

2167 1337 2368 1415 ιαρδίαν
2427 1363 2523 1397 σου
2580 1341 2869 1419 λογισμός,
2912 1345 3002 1401 ἳνα
3031 1348 3269 1418 ποιήσης
3297 1345 3526 1422 πρᾶγμά
3579 1368 3654 1416 τι,
3718 1347 3795 1420 μὴ

384 1438 480 1493 dat
514 1436 619 1491 tibi
638 1435 945 1507 inimicus;
970 1437 1071 1492 sed
1095 1452 1229 1492 cum
1253 1434 1494 1491 consilio
1524 1434 1816 1506 majorum
1841 1430 2040 1487 omnia

2167 1434 2431 1502 προπετῶς
2487 1432 2618 1487 αὐτὸ
2663 1433 2832 1504 ποίει,
2880 1434 2970 1490 ἳνα
3029 1437 3105 1509 μή
3165 1435 3397 1511 ἐμπαίξῃ
3428 1456 3487 1490 σε
3515 1436 3544 1490 ὁ
3577 1434 3795 1512 ἐχθρός·

383 1542 723 1598 exsequare.
748 1526 888 1581 Cum
934 1525 1149 1598 psalles
1178 1528 1280 1580 aut
1309 1525 1526 1594 orabis,
1571 1539 1643 1578 ne
1674 1522 1850 1578 sinito
1873 1536 2038 1594 pere-

2167 1515 2293 1573 ἱλλᾶ
2354 1520 2488 1592 μετὰ
2530 1519 2738 1596 βουλῆς
2782 1526 2892 1578 τῶν
2938 1524 3265 1600 μειζοτὲρων
3298 1546 3394 1580 σου
3424 1522 3597 1580 πάντα
3626 1524 3797 1582 ποίει.

386 1615 588 1689 grinas
619 1615 998 1687 cogitationes
1037 1632 1137 1670 cor
1164 1614 1362 1670 subire
1394 1612 1753 1684 tuum.Rogo
1785 1616 1864 1681 te,
1898 1610 2041 1665 dile-

2167 1610 2309 1662 Ὀταν
2341 1606 2579 1683 ψάλλῃς,
2610 1611 2645 1680 ἢ
2678 1613 2793 1685 (57)
2844 1610 2969 1668 ὅταν
2998 1612 3299 1691 προσεύχῃ,
3336 1615 3413 1687 μή
3447 1612 3597 1693 ἄφιε·
3622 1613 3800 1685 ξένους

387 1710 503 1775 cta,
550 1710 613 1759 ut
661 1706 931 1760 attendas
989 1705 1315 1775 audiasque
1345 1707 1631 1776 praecepta
1662 1701 1770 1756 hoc
1801 1701 1860 1755 in
1890 1700 2042 1755 libro

2167 1698 2454 1773 ίκογισμοὺς
2510 1699 2728 1756 εἰσιέναι
2781 1702 2856 1765 είς
2903 1703 3013 1773 τὴν
3050 1701 3273 1780 καρδίαν
3319 1724 3436 1759 σου.
3492 1702 3800 1779 Παρακαλῶ

388 1793 624 1866 scripta.
666 1793 782 1849 Nec
814 1793 1006 1849 solum
1038 1792 1222 1850 oculis
1250 1791 1636 1849 exterioribus
1665 1806 1794 1862 qua
1826 1787 2046 1860 scripta

2167 1806 2230 1856 re,
2263 1787 2548 1863 ἀγαπητὴ,
2598 1790 2839 1867 πρόσεχε
2892 1793 2981 1847 καὶ
3039 1793 3202 1849 ἄκουε
3244 1797 3352 1849 τῶν
3411 1792 3646 1849 ἔντολων
3675 1792 3799 1848 τού-

388 1886 528 1940 sunt
558 1882 866 1955 percipias,
891 1883 993 1939 sed
1024 1883 1203 1939 etiam
1233 1880 1635 1938 interioribus.
1664 1878 2047 1951 Singulisque

2167 1896 2258 1931 των
2310 1881 2419 1932 τῶν
2472 1879 2867 1955 γεγραμμένων
2917 1880 2970 1936 ἐν
3014 1886 3093 1955 τῷ
3126 1878 3332 1959 βιϐλίῳ
3360 1881 3557 1956 τούτῳ.
3589 1880 3688 1937 Καὶ
3721 1882 3797 1956 μὴ

387 1972 695 2045 ριιωοθριὶε
726 1971 992 2027 animum
1009 1971 1308 2039 adhibe,et
1337 1969 1439 2026 illa
1455 1967 1854 2041 exsequere.Si
1885 1966 2043 2023 enim

2167 1964 2318 2037 μόνον
2370 1971 2492 2028 τοῖς
2541 1966 2849 2047 ὀφθαλμοῖς
2896 1975 3013 2033 τοῖς
3033 1971 3380 2049 φαινομένοις
3434 1971 3680 2027 κατανόει
3735 1969 3804 2025 τὰ

388 2062 504 2119 ista
533 2060 875 2129 servaveris,
925 2061 1084 2133 regio
1133 2060 1391 2117 thalamo
1450 2059 1630 2131 digna
1676 2056 1933 2113 haberis.
1964 2055 2047 2112 Ne

2167 2054 2546 2131 γεγραμμένα,
2605 2055 2752 2113 ἀλλὰ
2806 2058 2895 2113 καὶ
2947 2065 3065 2122 τοῖς
3124 2056 3359 2125 ἔνδοθεν.
3418 2061 3518 2115 Καὶ
3565 2059 3805 2136 πρόσεχε

393 2150 611 2207 dixeris
642 2150 701 2205 in
732 2150 907 2206 corde
935 2154 1073 2205 tuo:
1106 2150 1372 2214 Quonam
1404 2149 1576 2204 modo
1606 2147 1729 2203 hac
1773 2151 2050 2218 praestare

2167 2148 2259 2217 μ.ιᾷ
2311 2144 2503 2219 ἑκάστῃ
2558 2144 2777 2220 ἐντολῇ,
2835 2147 2925 2204 καὶ
2982 2148 3127 2205 ποίει
3176 2148 3358 2211 αὐτάςο
3422 2149 3542 2205 Ἐὰν
3570 2148 3672 2226 γὰρ
3704 2170 3803 2227 φυ-

396 2249 593 2313 potero
612 2239 641 2295 ?
670 2239 753 2295 Ne
783 2238 994 2296 timore
1036 2238 1370 2312 corripiaris
1424 2238 1486 2293 in
1534 2236 1883 2309 cogitatione
1909 2240 2049 2303 tua;

397 2329 500 2386 sed
531 2329 581 2385 si
613 2344 747 2384 cum
771 2328 932 2384 omni
951 2327 1251 2384 alacritate
1278 2344 1347 2383 ea
1375 2324 1933 2395 custodieris,Deum
1951 2323 2053 2379 ha-

393 2418 560 2475 bebis
581 2418 933 2489 adjutorem.
965 2417 1113 2472 Nam
1168 2416 1518 2472 timentibus
1548 2415 1730 2470 Deum
1786 2413 1881 2469 Dei
1917 2431 2051 2486 prae-

393 2512 563 2579 cepta
591 2523 709 2564 non
742 2510 884 2563 sunt
906 2505 1188 2562 difﬁcilia.
1221 2505 1392 2561 Nulla
1436 2504 1582 2559 hora
1602 2502 1835 2559 deﬁciat
1854 2500 2048 2557 oleum

394 2598 455 2653 in
485 2598 759 2669 lampade
788 2601 989 2664 tua,ne
1006 2596 1244 2653 veniens
1257 2610 1668 2668 sponsus,eam
1698 2592 2047 2649 exstinctam

390 2686 672 2743 inveniat.
709 2687 949 2758 Ignoras
997 2686 1153 2741 enim
1177 2702 1296 2757 qua
1322 2685 1459 2741 hora
1489 2687 1771 2738 venturus
1804 2682 1902 2751 sit,
1931 2680 2047 2753 pri-

391 2791 566 2831 mone
597 2791 805 2831 somno
835 2790 907 2830 an
942 2790 1130 2829 mane.
1167 2775 1373 2830 Parata
1404 2773 1586 2845 igitur
1630 2775 1779 2837 esto,
1818 2774 1885 2825 ut
1912 2785 2049 2825 cum

388 2863 632 2935 venerit,
665 2881 784 2919 una
812 2879 945 2919 cum
979 2862 1371 2935 prudentibus
1415 2862 1646 2918 obviam
1679 2860 1792 2932 ipsi
1822 2858 2047 2927 venias,

388 2954 614 3011 habens
644 2953 833 3010 oleum
865 2952 925 3008 in
956 2952 1227 3025 lampade
1257 2957 1377 3023 tua,
1412 2951 1519 3007 hoc
1549 2954 1659 3017 est,
1703 2950 1857 3005 bona
1875 2963 2053 3021 Opera

389 3048 514 3100 tua.
545 3041 806 3114 Singulis
835 3041 997 3098 horis
1028 3046 1321 3098 memento
1362 3041 1553 3097 exitus
1603 3038 1692 3094 tui
1745 3056 1758 3094 :
1792 3035 2055 3108 quotidie

392 3137 640 3190 mortem
675 3135 810 3188 ante
838 3131 1040 3188 oculos
1062 3131 1271 3188 habeto
1298 3148 1312 3187 :
1345 3129 1654 3186 recordare
1676 3128 1831 3199 apud
1876 3140 2054 3198 quem

390 3225 448 3279 te
480 3221 610 3279 sisti
630 3225 877 3292 oportet.

400 3309 594 3385 μόνευε
667 3315 767 3379 τῆς
845 3305 1032 3379 ἐξόδου
1106 3327 1222 3363 σου³
1300 3302 1395 3382 ἔχε
1467 3306 1586 3361 καθ’
1660 3304 1870 3379 ἡμέραν
1945 3301 2054 3377 πρὸ

399 3406 681 3479 ραστῆναι.

465 3508 557 3563 24.
591 3506 777 3563 Grave
808 3505 1088 3579 quiddam
1119 3509 1209 3562 est
1229 3501 1731 3576 ascesis,difﬁcilis
1755 3501 2056 3558 continen-

396 3597 516 3665 tia;
551 3596 652 3653 sed
711 3594 857 3651 nihil
909 3594 1144 3651 dulcius
1173 3593 1395 3651 caelesti
1443 3609 1680 3665 sponso.
1713 3590 1816 3647 Hic
1846 3606 2057 3663 parum

398 3687 759 3753 laboramus,
820 3689 879 3741 et
906 3684 1028 3740 illic
1056 3686 1237 3740 vitam
1286 3690 1560 3740 aeternam
1592 3698 2055 3753 consequemur;

402 3773 485 3831 ait
515 3775 673 3830 enim
707 3773 914 3830 beatus
931 3773 1182 3831 Paulus:
1213 3797 1240 3824 «
1260 3772 1385 3829 Non
1435 3777 1575 3828 sunt
1604 3772 1906 3843 condignae
1925 3787 2055 3842 pas-

402 3864 599 3922 siones
627 3863 808 3935 hujus
835 3863 1123 3935 temporis
1146 3863 1218 3919 ad
1250 3863 1509 3919 futuram
1540 3860 1783 3934 gloriam
1808 3877 1936 3932 quae
1967 3877 2055 3916 re-

401 3952 690 4011 velabitur
721 3952 777 4007 in
814 3951 983 4008 nobis
1019 3952 1086 4007 3‘.
1119 3970 1145 4003 η
1185 3952 1411 4008 Bonum
1444 3956 1535 4007 est
1572 3951 1771 4024 fugere
1799 3950 2052 4020 turbam,

2158 2231 2321 2307 λάξῃς
2365 2237 2554 2304 ταῦτα,
2606 2237 2984 2308 καταξιωθήση
3032 2242 3130 2292 τοῦ
3160 2241 3453 2317 νυμφῶνος
3504 2242 3601 2293 τοῦ
3656 2239 3807 2313 βασι·

2159 2319 2340 2377 λικοῦ·
2398 2324 2487 2393 Μὴ
2540 2320 2697 2400 εἴπῃς
2728 2324 2779 2380 έν
2805 2329 2875 2399 τῇ
2906 2324 3103 2403 καρδίᾳ
3133 2348 3250 2395 σου,
3284 2326 3390 2396 ὅτι,
3424 2331 3548 2389 Πῶς
3579 2324 3809 2401 δύναμαι

2160 2417 2385 2480 ποιῆσαι
2434 2416 2641 2482 ταῦτα;
2692 2415 2781 2483 Μὴ
2832 2412 3037 2470 δειλίαν
3088 2410 3235 2490 λάϐῃ
3286 2417 3315 2471 ὁ
3364 2413 3637 2492 λογισμός
3689 2435 3806 2471 σου*

2078 2537 2124 2607 c
2161 2497 2289 2607 ἆλλῖ
2336 2500 2396 2554 ἂν
2632 2504 2766 2576 μετά
2818 2504 2995 2607 πασης
3023 2503 3330 2581 προθυμίας
3361 2504 3598 2607 φυλάξῃς
3654 2506 3809 2577 αὐτὰ,

2161 2589 2406 2664 εὑρήσεις
2463 2589 2757 2668 σύμμαχον
2816 2594 2907 2648 τὸν
2959 2595 3110 2650 Θεόν.
3142 2600 3267 2658 Τοῖς
3295 2590 3659 2674 φοϐουμένοις
3713 2596 3814 2671 γὰρ

2154 2678 2245 2732 τὸν
2278 2678 2405 2733 Θεὸν
2439 2680 2493 2733 αἱ
2526 2679 2743 2735 ἐντολαὶ
2773 2686 2869 2736 τοῦ
2898 2687 3033 2738 Θεοῦ
3067 2684 3282 2759 βαρεῖαι
3332 2686 3433 2740 οὑκ
3489 2684 3610 2740 εἶσί.
3663 2686 3812 2758 Πάσῃ

2159 2766 2277 2838 ὥρᾳ
2336 2769 2412 2840 μή
2465 2767 2708 2843 λειψάτω
2756 2768 2939 2827 ἔλαιον
2996 2776 3066 2846 τῇ
3108 2770 3357 2845 λαμπάδι
3392 2795 3507 2845 σου,
3571 2775 3645 2845 μή
3679 2793 3812 2827 ποτε

2159 2851 2291 2926 ἔλθη
2349 2858 2377 2911 ὁ
2434 2858 2686 2936 νυμφίος,
2717 2860 2807 2914 καὶ
2831 2860 2961 2938 εὕρῃ
2993 2862 3160 2931 αὐτὴν
3195 2857 3525 2919 σϐεσθεῖσαν.
3584 2862 3694 2915 Οὑκ
3724 2860 3807 2915 οἶ-

2161 2941 2253 3006 δας
2283 2944 2387 3022 γὰρ
2444 2946 2577 3003 πότε
2632 2947 2873 3025 ἔρχεται,
2931 2950 2967 3020 ἢ
3000 2950 3389 3025 προτοῦπνιον,
3419 2951 3455 3021 ἢ
3487 2947 3652 3026 πρωΐ.
3716 2956 3811 3005 Γε-

2159 3033 2257 3088 νοῦ
2287 3033 2378 3088 οὗν
2429 3031 2676 3109 ἕτοιμος
2721 3036 2830 3105 ἵνα,
2887 3037 3011 3094 ὅταν
3044 3037 3202 3112 ἔλθη,
3234 3041 3369 3113 μετὰ
3394 3043 3502 3095 τῶν
3536 3038 3815 3117 φρονίμων

2162 3121 2483 3195 ἀπαντήσης
2529 3126 2699 3199 αὑτῷ,
2755 3125 2960 3204 ἔχουσα
3013 3128 3076 3184 τὸ
3114 3126 3297 3185 ἔλαιον
3349 3128 3402 3185 έν
3448 3128 3517 3204 τῇ
3562 3126 3814 3202 λαμπάδι

2164 3232 2285 3284 σου,
2313 3214 2556 3269 τουτέστι
2584 3215 2652 3270 τὰ
2681 3213 2813 3293 ἔργα
2843 3238 2940 3273 σου
2987 3218 3055 3273 τὰ
3091 3217 3252 3275 καλά.
3288 3223 3469 3274 Πᾶσαν
3497 3218 3640 3295 ὥραν
3675 3238 3816 3292 μνη-

2114 3300 2415 3381 ὀφθαλμῶν
2474 3303 2566 3359 τὸν
2623 3304 2869 3362 θάνατον·
2935 3307 3250 3383 μνημόνευε
3308 3307 3413 3364 τίνι
3471 3327 3529 3364 σε
3585 3304 3667 3363 δεῖ
3717 3329 3818 3363 πα-

2237 3501 2328 3555 24.
2362 3499 2503 3576 Βαρύ
2561 3500 2701 3557 ἐστιν
2761 3500 3010 3574 ἄσκησις,
3054 3502 3143 3560 καὶ
3194 3500 3589 3560 δυσϐάστακτον
3624 3504 3818 3580 ἐγκρά-

2164 3606 2302 3643 τεια·
2356 3586 2482 3645 ἀλλ’
2539 3589 2691 3647 οὐδέν
2750 3591 2861 3647 ἐστι
2917 3591 3249 3669 γλυκύτερον
3323 3598 3422 3649 τοῦ
3497 3593 3814 3669 ἐπουρανίου

2166 3678 2420 3756 νυμφίου.
2478 3678 2605 3736 Ὧδε
2655 3682 2933 3757 κάμνομεν
2996 3682 3211 3759 ὀλίγον,
3269 3682 3383 3739 ἐκεῖ
3440 3682 3498 3739 δὲ
3524 3685 3621 3753 τὴν
3679 3682 3813 3737 αίώ-

2165 3788 2279 3822 νιον
2361 3771 2475 3843 (59)
2547 3771 2691 3839 ζωὴν
2739 3770 3162 3847 ἀποληψόμεθα·
3221 3770 3367 3848 λέγει
3428 3774 3531 3848 γὰρ
3592 3773 3621 3827 ὁ
3668 3772 3816 3848 ἅγιος

2166 3855 2403 3920 Παῦλος·
2461 3882 2490 3911 «
2550 3861 2665 3917 Οὑκ
2721 3857 2840 3932 ἄξια
2898 3862 2965 3916 τὰ
3018 3864 3315 3935 παθήματα
3356 3865 3454 3917 τοῦ
3503 3859 3594 3916 νῦν
3625 3864 3817 3935 καιροῦ

2165 3947 2301 4023 πρὸς
2329 3948 2429 4017 τὴν
2467 3946 2777 4021 μέλλουσαν
2812 3947 2966 4021 δόξαν
2993 3949 3442 4030 ἀποκαλυφθῆναι
3476 3949 3550 4013 εἴς
3580 3953 3753 4025 ἡμᾶς.
3789 3974 3819 4003 ››

404 4049 460 4100 et
490 4057 757 4099 seorsum
814 4042 1106 4098 secedere.
1175 4041 1388 4114 Magna
1435 4041 1620 4097 virtus
1680 4039 2056 4107 continentia,

2167 4034 2344 4091 Καλὸν
2420 4035 2742 4116 ἀποφεύγειν
2988 4039 3079 4095 τὸν
3139 4036 3313 4117 ὄχλον
3361 4039 3451 4095 καὶ
3511 4041 3816 4117 ἀναχωρεῖν

407 4148 622 4203 magna
649 4129 835 4203 gloria
862 4131 1359 4202 castitas,magna
1386 4129 1655 4186 encomia
1681 4128 2059 4202 virginitatis.

406 4222 452 4277 Ο
482 4218 1121 4293 virginitas,immensze
1153 4218 1366 4275 divitiis
1395 4218 1407 4273 l
1432 4236 1464 4275 o
1492 4219 1823 4291 virginitas,
1848 4234 2063 4274 corona

408 4308 956 4365 immarcescibilisl
992 4308 1374 4381 ovirginitas,
1405 4307 1692 4380 templum
1725 4308 1821 4365 Dei
1845 4312 1903 4365 et
1930 4307 2061 4380 Spi-

408 4397 557 4453 ritus
605 4399 790 4453 sancti
840 4395 1277 4453 habitaculuml
1311 4414 1344 4453 o
1382 4397 1709 4470 virginitas,
1744 4398 2065 4469 margarita

409 4487 682 4558 pretiosa,
708 4485 911 4542 multis
940 4485 1154 4555 latens,
1200 4502 1233 4542 a
1263 4486 1467 4559 paucis
1496 4488 1735 4542 inventa
1767 4485 1779 4541 ί
1815 4504 1847 4541 ο
1878 4488 2062 4542 conti-

408 4575 630 4641 nentia,
651 4576 753 4631 Dei
785 4576 996 4641 amica,
1042 4580 1100 4631 et
1128 4591 1161 4631 a
1192 4575 1414 4631 sanctis
1460 4573 1787 4631 celebrata!
1823 4592 1855 4631 ο
1876 4574 2063 4631 conti-

408 4664 626 4732 nentia,
661 4664 864 4720 multis
895 4664 1120 4731 odiosa,
1154 4664 1228 4720 iis
1254 4663 1354 4735 qui
1376 4668 1434 4720 te
1463 4662 1627 4738 digni
1661 4669 1801 4720 sunt
1822 4664 2060 4738 agnita!

408 4770 442 4810 ο
472 4753 850 4821 continentia,
877 4770 1005 4826 qua
1035 4753 1245 4826 effugis
1280 4757 1529 4809 mortem
1577 4761 1634 4809 et
1662 4753 1980 4825 infernum,
2008 4759 2067 4812 at

409 4844 483 4900 ab
542 4841 982 4900 immortalitate
1028 4841 1383 4914 possiderisl
1430 4859 1463 4899 ο
1492 4843 1872 4913 continentia,
1922 4861 2064 4917 gau-

410 4933 575 4988 dium
624 4931 1064 5004 propbetarum,
1115 4934 1171 4985 et
1194 4929 1589 5002 apostolorum
1642 4930 2061 5005 gloriatiol95

411 5040 444 5079 o
474 5019 853 5089 continentia,
889 5018 1229 5092 angelorum
1260 5019 1400 5089 vita,
1423 5024 1481 5076 et
1513 5024 1854 5077 sanctorum
1886 5020 2069 5079 homi-

411 5127 551 5167 num
585 5108 835 5166 coronal
870 5108 1084 5164 Beatus
1112 5112 1202 5164 est
1230 5108 1332 5181 qui
1386 5112 1445 5165 te
1499 5112 1681 5177 tenet,
1729 5109 1937 5168 beatus
1967 5113 2065 5184 qui

480 5272 528 5307 “
556 5271 725 5327 Rom.
757 5286 879 5340 vm,
917 5270 1002 5325 18.

456 5442 610 5531 ((56)
654 5443 720 5498 In
740 5441 916 5531 ‘Felc.
982 5443 1004 5498 1
1070 5440 1222 5513 ὑμῶν
1271 5441 1455 5500 deest.
1518 5440 1665 5498 Ibid.
1691 5440 1894 5513 Basil.,
1929 5442 2059 5518 Περὶ

411 5509 1313 5668 γαῗξὶἲῗξῗέλὲεειξηνέα-,βυ
1420 5655 1430 5666 .

482 5652 596 5731 (5_8_)
626 5655 726 5710 Ἀν
760 5656 1013 5731 deestin
1045 5654 1219 5731 Basil.
1257 5655 1594 5731 Mox_idem,
1628 5652 1869 5731 φυλᾴεης
1903 5655 2056 5731 αὑτά.

411 5722 794 5801 Anglicanus,
844 5722 1096 5804 φυλάξεις
1149 5726 1329 5788 αὑτάς.
1383 5728 1554 5796 Editi,
1584 5722 1834 5805 ’φὐλάξη
1875 5727 2055 5788 αὑτάς.

2169 4124 2497 4200 καταμόνας.
2530 4126 2756 4203 Μεγάλη
2789 4126 2952 4202 ἀρετή
2998 4128 3301 4206 ἐγκράτεια,
3355 4131 3496 4205 μέγα
3551 4129 3823 4205 καύχημά

2171 4212 2315 4270 ἐστιν
2371 4214 2570 4293 ἁγνεία,
2649 4213 2864 4293 μεγάλα
2928 4217 3175 4295 ἐγκώμια
3223 4224 3326 4288 τῆς
3386 4216 3694 4294 παρθενίας.
3754 4218 3823 4272 Ὦ

2170 4303 2453 4379 παρθενία,
2501 4301 2743 4366 πλοῦτος
2789 4303 3212 4375 ἀκατάληπτοςί
3268 4306 3313 4360 ὧ
3360 4304 3643 4381 παρθενία,
3701 4303 3821 4359 στέ-

2172 4413 2335 4466 φανος
2400 4391 2805 4468 ἀμαράντινοςί
2884 4395 2930 4449 ὦ
2994 4393 3277 4470 παρθενία,
3336 4393 3461 4456 ναὸς
3519 4397 3674 4465 Θεοῦ,
3730 4392 3821 4448 καὶ

2173 4480 2329 4558 ἁγίου
2386 4481 2699 4557 Πνεύματος
2754 4482 3114 4560 οἷκητήριονί
3175 4485 3221 4539 ὦ
3268 4482 3548 4557 παρθενία,
3613 4502 3821 4558 μαργαο

2176 4575 2296 4647 ρῖτα
2351 4571 2500 4644 τίμιε
2550 4571 2697 4649 παρὰ
2750 4571 2987 4636 πολλοῖς
3040 4572 3268 4650 ἀφανὴς,
3301 4569 3510 4648 ὀλίγοις
3541 4568 3599 4626 δὲ
3633 4570 3822 4645 μόνοις

2175 4660 2596 4737 εὑρισκόμενοςί
2666 4662 2733 4716 Ὠ
2789 4660 3070 4739 ἐγκράτεια
3127 4660 3260 4741 φίλη
3320 4664 3474 4733 Θεοῦ,
3533 4660 3622 4715 καὶ
3680 4660 3827 4736 παρὰ

2175 4749 2353 4827 ἁγίοις
2410 4749 2896 4827 ἐγκωμιαζομένηί
2957 4752 3003 4806 ὧ
3061 4749 3345 4826 ἐγκράτεια
3401 4750 3547 4825 παρᾶ
3589 4747 3827 4811 πολλοῖς

2180 4839 2511 4914 μισουμένη,
2538 4845 2654 4903 τοῖς
2677 4837 2734 4895 δὲ
2760 4839 2933 4911 ἀξίοις
2973 4861 3069 4895 σου
3100 4838 3478 4916 γνωριζομένη
3509 4840 3521 4896 ί
3556 4839 3602 4894 ὦ
3634 4837 3825 4915 ἐγκρά-

2173 4950 2312 5001 τεια,
2373 4929 2596 4994 θάνατον
2653 4929 2742 4985 καὶ
2796 4926 2929 5001 ᾅδην
2989 4928 3389 5009 ἀποφεύγουσα,
3438 4926 3529 4984 καὶ
3565 4927 3669 4983 ὑπὸ
3697 4926 3827 4982 ἀθα-

2175 5019 2357 5081 νασίας
2400 5017 2787 5095 κατεχομένηί
2847 5019 2894 5074 ὦ
2952 5018 3258 5096 έγκράτεια,
3300 5018 3450 5095 χαρὰ
3501 5021 3825 5096 προφητῶν,

2177 5109 2267 5167 καὶ
2298 5107 2620 5165 ἀποστόλων
2652 5107 2957 5185 καύχημαί
2993 5109 3038 5163 ὦ
3069 5104 3371 5184 ἐγκράτεια,
3402 5102 3649 5184 ἀγγέλων
3686 5105 3828 5183 βίος,

2171 5441 2393 5515 Ibidem
2424 5441 2569 5515 hinc,
2614 5440 2859 5515 εὑρήσεις
2884 5437 3179 5515 συμμαχον
3211 5439 3302 5515 τρν
3336 5436 3490 5515 Θεόν,
3521 5439 3738 5515 desunt
3767 5439 3830 5495 in

2171 5460 2393 5500 minem
2426 5460 2569 5509 naac,
2614 5460 2859 5515 ευρησιις
2884 5461 2947 5494 συ
3001 5460 3179 5515 μαχον
3211 5460 3302 5494 τον
3336 5460 3490 5509 σεον,
3521 5460 3738 5495 αοδιιιη
3767 5460 3830 5495 in

2168 5514 2476 5587 Basiliensi
2533 5518 2591 5569 et
2649 5460 3048 5587 Anglic,be
3099 5510 3203 5587 γάρ
3236 5513 3399 5569 deest
3454 5512 3510 5567 in
3554 5510 3836 5568 omnibus

2169 5586 2636 5651 editis,babetur
2666 5585 2725 5641 in
2752 5584 3036 5641 omnibus
3068 5584 3215 5642 mss.

2240 5659 2353 5729 (59)
2377 5657 2735 5729 Basiliensis,
2763 5654 3010 5729 αἰωνίαν.

2389 5728 2750 5797 Basiliensis,
2780 5727 3099 5806 ἀποφυγεῖν.
