4154 6374
341 411 453 476 εει
1450 410 1826 472 SYNOPSIS
1873 411 2340 473 SCRIPTURIE
2384 407 2683 472 SACRJE.
3646 390 3766 453 282

341 545 429 598 καὶ
486 543 654 618 ἁγίων
724 542 1021 616 ἀνθρώπων
1100 543 1390 617 στέφανοςῐ
1453 543 1733 616 Μακάριος
1789 541 1816 594 6
1868 562 1981 595 κατ-

2122 542 2391 614 perdurat
2421 542 2479 595 in
2512 540 2593 593 tui
2623 536 2952 604 tolerantia,
2973 532 3112 604 quia
3131 534 3259 602 post
3278 528 3577 584 modicum
3601 523 3762 579 labo-

344 635 487 709 ἐχων
523 652 599 704 σε,
638 630 907 706 μακάριος
941 632 968 684 6
998 635 1411 705 προσκαρτερῶν
1445 651 1540 684 σου
1598 634 1665 704 τῇ
1727 631 1975 704 ὑπομονῇ

2122 612 2253 698 rem,
2288 630 2541 685 multum
2564 628 2624 682 in
2658 632 2711 681 te
2732 622 3029 697 gaubebit.
3055 622 3267 675 Beatus
3289 612 3762 689 quijejunaverit

344 724 449 793 δτι,
486 722 678 796 ὀλίγον
713 723 1000 792 κοπιάσας,
1032 720 1176 775 πολῦ
1226 724 1527 798 χαρήσεται
1574 721 1625 776 ἐν
1674 722 1778 777 σοί.
1813 701 1984 776 Μακά-

2119 721 2381 775 universo
2414 720 2523 773 hoc
2546 722 2829 787 tempore,
2877 712 3015 783 quia
3038 710 3097 763 in
3158 706 3376 762 caelesti
3434 701 3759 759 Jerusalem

348 834 462 890 ριος
524 814 552 866 6
608 811 904 881 νηστεύσας
959 809 1087 865 ὅλον
1139 812 1227 865 τὸν
1289 812 1484 886 χρόνον
1542 815 1751 883 τοῦτον,
1805 809 1885 865 ὅτι
1946 810 1988 864 ἐν

2119 809 2419 878 habitabit,
2444 824 2578 862 cum
2602 803 2828 876 angelis
2859 802 3100 856 choreas
3126 800 3277 868 aget,
3300 810 3434 849 cum
3457 789 3759 866 prophetis

342 906 412 977 τῇ
463 900 574 956 ἄνω
632 898 1001 975 Ἰερουσαλὴμ
1056 903 1390 971 κατοικήσει,
1421 900 1510 955 καὶ
1573 902 1704 974 μετά
1751 898 1982 976 ἀγγὲλωε

1200 903 1390 971 ικήσει,
1421 900 1510 955 καὶ
1573 902 1704 974 μετά
1751 898 1996 976 ἀγγέλων
2108 904 2165 954 et
2194 898 2474 970 apostolis
2500 894 2840 967 requiescet.

345 991 599 1069 χορεύσει
649 993 786 1064 (61),
827 989 915 1043 καὶ
971 991 1103 1063 μετά
1151 990 1317 1066 ἁγίων
1379 995 1675 1068 προφητῶν
1725 990 1813 1046 καὶ
1862 990 1997 1045 ἀπο-

349 1079 556 1137 στόλων
591 1080 971 1134 ἀναπαύσεται.

423 1174 516 1227 25.
544 1174 717 1223 Ταῦτα
746 1165 956 1245 ἔγραψά
994 1190 1101 1236 σοι,
1136 1171 1391 1245 ἀγαπητὴ
1444 1168 1677 1250 ἀδελφὴ,
1706 1172 2001 1248 χορεύτρια

2179 1170 2273 1225 25.
2311 1174 2443 1223 Haec
2491 1166 2598 1222 tibi
2643 1163 2875 1236 scripsi,
2935 1176 3100 1216 soror
3156 1156 3391 1224 dilecta,
3442 1168 3569 1223 quas
3628 1164 3760 1204 cum

357 1261 608 1334 Χριστοῦ,
640 1258 771 1331 πρὸς
832 1259 1136 1333 στηριγμὸν
1195 1259 1285 1313 καὶ
1345 1240 1997 1337 ὠφέλειαντῆςψυχῆς

2122 1260 2339 1315 3hristo
2361 1259 2602 1314 choreas
2636 1256 2783 1327 agis,
2816 1253 2888 1307 ad
2932 1249 3340 1306 fulcimentum
3362 1248 3419 1299 et
3450 1240 3762 1297 utilitatem

360 1369 475 1402 σου.
510 1348 592 1415 Mi;
626 1345 874 1420 ἐκκλίνῃς
909 1344 999 1400 οὖν
1032 1348 1136 1401 ἀπὸ
1165 1353 1272 1402 τῶν
1307 1348 1488 1423 λόγων
1541 1351 1747 1404 τούτων
1791 1348 1935 1420 δεξιά
1963 1351 1998 1419 ἢ

2122 1359 2319 1413 animae
2351 1362 2483 1413 tuae.
2516 1356 2597 1410 Ne
2628 1352 2885 1408 declines
2915 1348 3096 1420 igitur
3148 1364 3181 1400 a
3231 1339 3603 1398 sermonibus
3636 1336 3762 1390 istis

352 1436 623 1510 ἀριστερά.
653 1436 750 1497 ’Ὸς
783 1437 885 1509 γὰρ
920 1434 1006 1489 ἐὰν
1067 1438 1268 1511 ἀκούσῃ
1314 1440 1439 1500 τοὺς
1501 1438 1697 1515 λόγους
1751 1440 1992 1509 τούτους1

2119 1450 2184 1503 ad
2208 1449 2505 1503 dexteram
2529 1443 2619 1500 vel
2652 1444 2722 1497 ad
2756 1440 3080 1496 sinistram.
3141 1431 3421 1503 Quisquis
3470 1427 3625 1483 enim
3658 1442 3759 1479 au-

352 1524 443 1578 καὶ
497 1527 896 1601 καταφρονήσῃ,
958 1531 1130 1598 κρῖμα
1190 1526 1325 1602 μέγα
1380 1528 1525 1600 αὐτῴ
1601 1528 1733 1585 ἐστι.
1794 1529 1868 1583 Σὺ
1921 1527 1992 1595 δὲ,

2122 1538 2284 1593 iierit
2331 1551 2632 1592 sermones
2692 1533 2857 1598 istos,
2892 1534 2949 1584 et
2998 1522 3348 1596 despexerit,
3409 1519 3616 1589 ingens
3679 1512 3762 1567 illi

349 1614 655 1685 τιμιωτάτη
691 1611 900 1690 ἀδελφή
934 1617 967 1683 ἡ
1000 1616 1253 1687 κτωμένη
1305 1618 1366 1670 τὸ
1411 1612 1621 1691 βιϐλίον
1675 1622 1834 1673 τοῦτο
1866 1622 1989 1692 (62)Ἰ

2121 1628 2224 1681 erit
2256 1624 2574 1681 damnatio.
2638 1622 2722 1676 Tu
2782 1623 3001 1685 autem,
3062 1629 3226 1669 soror
3284 1604 3761 1668 honoratissima,

351 1698 465 1774 δῴη
505 1723 590 1756 σοι
637 1705 665 1758 6
712 1704 839 1765 Θεὸς
897 1708 1065 1759 ταῦτα
1122 1704 1431 1782 φυλάττειν,
1490 1706 1541 1760 ἐν
1599 1707 1815 1768 τούτοις
1878 1708 1991 1761 ἀνα-

2125 1733 2239 1788 ]υω
2263 1715 2420 1769 hunc
2450 1712 2665 1767 librum
2708 1708 2995 1781 possides,
3040 1702 3179 1757 faxit
3222 1700 3376 1755 Deus
3420 1701 3482 1751 ut
3514 1695 3633 1749 haec
3661 1692 3765 1746 ob-

349 1793 688 1869 στρὲφεσθαι,
739 1792 1153 1870 πεφωτισμὲνην
1182 1797 1282 1863 τὴν
1329 1792 1589 1865 διάνοιαν,
1630 1798 1859 1871 καθαρὸν
1908 1797 1989 1851 τὸν

2121 1821 2330 1871 serves,
2362 1803 2421 1857 in
2445 1802 2656 1872 hisque
2683 1795 2958 1865 verseris,
3010 1792 3306 1847 illustrata
3364 1789 3580 1853 mente,
3615 1796 3761 1853 puro

349 1884 975 1982 γοῦν,,τξεφωτισμὲνους
1021 1884 1147 1947 τοὺς
1210 1885 1531 1963 ὀφθαλμοὺς
1583 1890 1680 1955 τῆς
1741 1884 1989 1959 διανοίας1

2124 1895 2305 1960 sorde,
2338 1889 2687 1946 illuminatis
2720 1886 2933 1941 mentis
2992 1880 3199 1949 oculis,
3262 1882 3325 1932 nt
3362 1873 3616 1945 accipias
3648 1871 3764 1925 im-

346 1967 434 2023 ’ἱνα
466 1965 635 2041 λάϐῃς
682 1971 772 2025 τὸν
822 1973 1181 2048 ἀμαράντινον
1229 1973 1507 2052 στέφανον,
1540 1976 1597 2029 ὃν
1646 1976 1986 2049 ἡτοίμασενέ

2122 1981 2575 2037 marcescibilem
2634 1990 2931 2041 coronam,
2982 1986 3160 2043 quam
3212 1961 3555 2039 praeparavit
3610 1964 3762 2013 Deus

352 2059 479 2120 Θεὸς
533 2065 651 2122 τοῖς
707 2060 986 2135 ἀγαπῶσιν
1046 2062 1203 2117 αὐτὸν
1246 2062 1334 2118 διὰ
1378 2068 1475 2118 τοῦ
1531 2065 1728 2139 Κυρίου
1758 2066 1847 2118 καὶ
1882 2072 1992 2118 Σω-

2121 2070 2493 2143 diligentibus
2523 2084 2606 2135 se,
2637 2081 2740 2139 per
2796 2062 3113 2119 Dominum
3162 2063 3218 2113 et
3263 2054 3619 2111 Salvatorem
3656 2065 3761 2102 no-

352 2155 521 2225 τῆρος
555 2152 715 2222 ἡμῶν
752 2151 931 2220 Ἰησοῦ
962 2156 1217 2226 Χριστοῦ,
1249 2153 1294 2224 ᾧ
1327 2148 1452 2223 δόξα
1502 2153 1576 2215 εἰς
1626 2152 1754 2215 τοὺς
1802 2154 1992 2216 αἰῶνας

2121 2166 2297 2216 atrum
2327 2160 2530 2215 Jesum
2563 2155 2913 2216 Chriastum,
2947 2150 3039 2206 cui
3073 2146 3261 2221 gloria
3297 2145 3356 2199 in
3414 2139 3631 2197 saecula
3656 2154 3761 2193 εω-

350 2242 457 2293 τῶν
486 2238 719 2311 αἰώνων,
752 2240 918 2312 ἀμήν.

2108 2249 2395 2306 culorum.
2426 2250 2629 2303 Amen.

420 2382 532 2453 (61)
556 2382 936 2455 Anglicanus,
967 2386 1316 2455 κατοικήσας,
1353 2386 1485 2458 μετά
1515 2386 1760 2463 ἀγγέλων
1793 2408 1921 2465 χορ.

2178 2394 2288 2464 (62)
2318 2393 2468 2459 Haec,
2499 2388 2560 2444 τὸ
2602 2383 2818 2463 βιϐλίον
2848 2388 3030 2455 τοῦτο,
3066 2383 3279 2438 desunt
3326 2379 3385 2433 in
3428 2370 3758 2433 Basiliensi.

353 2495 3764 2525 _____________________________________________________________

1212 2594 1283 2649 IN
1316 2594 1661 2650 SYNOPSIN
1694 2596 2115 2654 SCRIPTURZE
2144 2598 2393 2655 SACRZE
2416 2596 2833 2653 ADMONITIO.

424 2704 465 2759 Ι.
498 2706 568 2759 De
596 2705 692 2761 hoc
717 2707 852 2762 libro
880 2710 1051 2764 variae
1081 2718 1209 2765 sunt
1232 2711 1572 2765 eruditorum
1623 2712 1930 2769 sententiae.
1966 2715 2081 2769 Alii
2134 2731 2373 2786 namque
2401 2731 2593 2769 verum
2648 2724 3075 2783 germanamque
3098 2704 3385 2762 Athanasii
3412 2717 3527 2757 esse
3585 2700 3764 2770 fetum

354 2804 665 2860 autumant,
702 2798 819 2863 alii,
846 2814 945 2852 nec
961 2801 1193 2870 injuria,
1219 2804 1341 2870 ejus
1371 2800 1705 2873 γνησιότητα
1736 2804 1793 2856 in
1840 2805 2207 2875 suspicianem
2240 2809 2451 2859 vocant.
2490 2807 2583 2858 Ea:
2626 2805 2695 2858 iis
2752 2818 2880 2857 vero
2932 2800 3027 2871 qui
3080 2795 3376 2851 Athanasio
3435 2792 3531 2844 hoc
3587 2788 3770 2858 operis

352 2884 691 2954 adjudicant,
763 2894 895 2941 sunt
953 2890 1049 2959 qui
1086 2891 1439 2944 arbitrentur
1490 2890 1765 2962 Synopsin
1824 2892 1965 2947 hanc

2127 2896 2329 2964 iptura,’
2373 2910 2540 2947 sacrae
2586 2908 2699 2947 esse
2747 2892 2847 2946 illa
2904 2884 3101 2942 πυκτία
3147 2887 3252 2937 τῶν
3315 2879 3469 2943 θείων
3518 2878 3767 2949 Γραωῶν,

358 2988 480 3043 quae
512 2974 827 3030 Constantis
852 2978 1089 3046 Augusti
1113 2989 1310 3047 rogatu
1342 2995 1399 3034 se
1414 2981 1738 3047 adornasse,
1767 2990 1818 3036 et
1851 2982 1921 3036 ad
1967 2983 2144 3053 ipsum
2178 2984 2571 3053 imperatorem
2628 2980 2997 3036 transmisisse
3051 2978 3289 3031 testatur
3334 2967 3667 3024 Athanasius
3705 2965 3771 3018 in

363 3061 700 3133 Apologiam
735 3066 806 3119 ad
829 3064 1263 3131 Constantium,
1290 3086 1442 3121 nam.
1482 3070 1532 3123 4.
1557 3070 1659 3124 Nos
1685 3085 1841 3125 secus
1868 3052 2003 3125 exist

2129 3052 2521 3131 γηιιδέπυκτία
2567 3072 2767 3143 quippe
2816 3069 2920 3123 illa
2963 3068 3068 3119 τῶν
3131 3060 3286 3125 θείων
3324 3059 3571 3133 Γραφῶν,
3618 3052 3768 3106 nihil

359 3167 472 3206 esse
502 3154 660 3207 aliud
689 3154 1058 3223 arbitramur,
1094 3173 1258 3229 quam
1280 3159 1466 3229 ipsam
1494 3174 1707 3214 sacram
1735 3160 2105 3232 Scripturam,
2138 3177 2264 3233 quae
2292 3161 2363 3215 ad
2391 3162 2699 3232 faciliorem
2757 3160 2988 3227 legentis
3033 3170 3217 3216 usum,
3277 3152 3336 3205 in
3394 3149 3556 3218 plura
3607 3144 3769 3199 volu-

357 3242 505 3294 mina
529 3245 974 3314 compingeretur
1001 3262 1022 3307 ;
1053 3244 1249 3299 πυκτία
1280 3249 1479 3318 quippe
1520 3249 1841 3319 signiﬁcant
1897 3232 2217 3306 volumina.
2271 3250 2359 3305 Sic
2414 3250 2635 3318 Gregor.
2695 3250 2963 3304 Nazianz.
3022 3245 3194 3316 epist.
3254 3241 3325 3297 ad
3387 3232 3769 3307 Philagrium,

353 3345 479 3400 pag.
513 3332 637 3396 8‘37,
675 3332 897 3386 πυκτέον
931 3340 1004 3403 Δη
1018 3335 1329 3405 μοσθενικόν
1360 3342 1534 3401 vocat,
1566 3339 1822 3393 volumen
1849 3355 1993 3410 operi

2128 3341 2493 3405 )emosthenis,
2527 3344 2579 3395 et
2623 3339 2797 3410 epist.
2846 3337 2917 3393 ad
2972 3334 3344 3389 Theodorum
3373 3328 3768 3400 Tyanensem,

351 3436 407 3490 p.
438 3421 564 3485 843,
599 3421 821 3475 πυκτίον
850 3428 949 3491 τῆς
984 3422 1287 3497 Ὠριγένους
1325 3422 1680 3495 Φιλοκαλίας,
1712 3432 1870 3484 vocat
1920 3430 1991 3484 lib

2154 3447 2250 3485 seu
2305 3430 2569 3486 volumen
2601 3429 2851 3499 Origenis
2910 3424 3252 3480 Philocaliae.
3288 3418 3564 3486 Insignior
3591 3415 3771 3468 exstat

356 3510 501 3564 locus
551 3513 707 3582 apud
734 3514 1004 3580 eumdem,
1041 3515 1211 3586 epist.
1249 3516 1321 3570 ad
1384 3517 1825 3586 Adamantium,
1873 3535 1928 3590 p.
1964 3519 1996 3572 8

2143 3515 2284 3573 Ἰδού
2318 3539 2403 3572 σοι
2426 3518 2491 3572 τὰ
2520 3516 2715 3571 πυκτία
2743 3516 2871 3591 παρ’
2900 3516 3086 3587 ἡμῶν,
3114 3510 3248 3584 ἅπερ
3283 3510 3481 3577 ζητεῖς,
3514 3502 3613 3557 ὅσα
3641 3500 3766 3563 τοὺς

357 3603 519 3665 σῆτας
555 3595 788 3675 διέφυγε,
822 3600 909 3654 καὶ
940 3602 1029 3655 τὸν
1063 3603 1283 3674 καπνὸν,
1321 3602 1451 3678 ὑπὲρ
1484 3604 1583 3658 οὒκ
1612 3604 1872 3662 ατέκειτο.
1908 3607 1989 3662 En

2124 3625 2205 3663 ‘os
2235 3625 2332 3663 eos
2365 3626 2396 3663 a
2427 3608 2599 3663 nobis
2630 3608 2832 3669 habes,
2867 3621 3016 3676 quos
3056 3598 3343 3674 postulas,
3393 3612 3490 3651 eos
3522 3593 3764 3663 inquam

356 3705 581 3759 omnes,
607 3692 705 3761 qui
741 3692 929 3747 tineas
978 3693 1326 3765 effugerunt,
1375 3695 1721 3765 fumumque
1750 3713 1931 3767 supra
1960 3713 2135 3768 quem
2167 3696 2263 3752 siti
2294 3703 2477 3752 erant.
2513 3700 2659 3753 Hinc
2699 3696 3055 3766 manifestum
3102 3698 3182 3746 est
3224 3683 3419 3741 πυκτία
3474 3686 3579 3736 τῶν
3612 3678 3768 3733 Θείων

358 3782 601 3853 Γραφῶν,
630 3796 762 3845 esse,
796 3798 909 3836 non
931 3781 1158 3851 aliquod
1181 3785 1236 3835 in
1272 3782 1611 3853 Scripturam
1641 3786 2019 3855 compositum,
2057 3786 2148 3840 sed
2188 3786 2355 3840 libros
2409 3802 2503 3841 seu
2551 3787 2835 3841 volumina
2892 3782 3306 3853 Scripturarum
3345 3778 3617 3845 ipsarum,
3651 3785 3770 3840 quae

354 3869 697 3925 Athanasius
729 3874 1041 3927 transmisit
1060 3872 1129 3927 ad
1162 3872 1508 3927 Constantem
1541 3876 1947 3943 imperatorem.
1982 3877 2153 3931 Plura
2178 3892 2460 3947 possemus
2492 3880 2741 3948 proferre
2772 3875 2935 3946 hujus
2989 3872 3078 3927 rei
3105 3865 3410 3925 asserenda:
3439 3877 3628 3925 causa,
3677 3864 3771 3913 sed

351 3957 467 4014 haec
495 3968 681 4025 erunt,
712 3962 776 4014 ni
802 3960 1005 4032 fallor,
1037 3966 1191 4016 satis.

430 4049 501 4103 Il.
534 4051 682 4104 Licet
699 4066 860 4121 porro
891 4050 1167 4123 Synopsis
1202 4050 1385 4107 isthaec
1406 4054 1477 4106 sit
1507 4054 1756 4107 accurati
1796 4053 2106 4125 cujusdam,
2135 4060 2187 4110 et
2219 4054 2634 4126 Scripturarum
2663 4052 2994 4123 peritissimi
3013 4048 3316 4120 scriptoris,
3372 4042 3527 4098 nobis
3554 4037 3771 4094 videtur

357 4154 467 4194 non
496 4156 613 4194 esse
642 4141 950 4195 Athanasii.
999 4142 1191 4196 Primo
1221 4157 1457 4212 namque
1485 4159 1520 4196 α
1545 4144 1764 4197 nemine
1794 4144 2150 4213 antiquorum
2186 4152 2523 4199 memoratur
2579 4160 2711 4215 opus
2756 4143 2941 4199 simile
2988 4140 3054 4195 ab
3106 4136 3401 4195 Athanasio
3439 4132 3769 4187 adornatum

358 4229 549 4298 fuisse.
585 4228 648 4282 At
678 4232 824 4283 certe
854 4230 951 4284 vix
978 4232 1157 4300 potuit
1195 4230 1263 4283 ab
1295 4230 1627 4301 Hieronymo
1678 4231 1911 4302 aliisque
1939 4231 2219 4298 Patribus,
2284 4234 2352 4287 iis
2394 4233 2637 4287 maxime
2693 4233 2789 4303 qui
2846 4231 3163 4300 Scripturas
3214 4221 3609 4296 explanarunt,
3640 4222 3694 4273 et
3737 4234 3771 4271 a

353 4318 550 4374 Photio
582 4320 717 4389 ipso,
743 4322 856 4374 tam
888 4321 1103 4390 insigne
1148 4336 1279 4391 opus
1309 4320 1747 4376 Athanasianum
1775 4322 2148 4390 praetermitti.
2180 4322 2238 4376 2°
2284 4324 2347 4377 In
2378 4320 2552 4376 nullis
2608 4320 3001 4377 Athanasianis
3030 4314 3439 4374 collectionibus
3468 4315 3767 4379 comparet,

351 4407 445 4462 sed
474 4424 544 4463 ea:
574 4424 680 4463 uno
740 4412 954 4464 tantum
974 4410 1352 4480 manuscripto
1387 4410 1573 4467 Greece
1595 4411 1821 4481 prodiit.
1855 4411 1912 4465 3°
1958 4416 2027 4468 In
2086 4411 2478 4467 enumerandis
2536 4412 2692 4466 libris
2743 4410 2945 4482 quibus
2974 4409 3033 4462 in
3082 4405 3320 4461 Ecclesia
3346 4398 3768 4464 contradicitur,

349 4498 582 4553 multum
610 4498 882 4569 discrepat
911 4501 1149 4569 scriptor
1172 4501 1271 4554 iste
1296 4501 1365 4554 ab
1396 4500 1734 4567 Athanasio;
1762 4518 1895 4555 nam
1953 4502 2160 4556 librum
2220 4501 2479 4556 Pastoris
2509 4517 2784 4569 nuspnam
2812 4499 3099 4562 memorat,
3124 4509 3283 4566 quem
3304 4501 3484 4547 tamen
3516 4488 3767 4543 Athana-

348 4592 465 4644 sius
517 4591 577 4643 in
601 4587 856 4659 Epistula
887 4587 1074 4642 festali
1106 4592 1363 4644 numerat
1388 4590 1535 4643 inter
1570 4590 1695 4646 illos
1740 4591 1836 4661 qui
1866 4592 1926 4645 in
1956 4591 2196 4647 Ecclesia
2226 4590 2501 4661 leguntur,
2536 4590 2780 4661 alibique
2824 4590 2983 4644 vocat
3030 4586 3239 4641 librum
3266 4578 3546 4644 Pastoris,
3576 4577 3768 4632 utilis-

352 4679 579 4733 simum.
614 4677 769 4732 Multi
797 4679 931 4732 item
962 4678 1099 4733 libri
1125 4679 1265 4733 inter
1320 4694 1405 4734 eos
1452 4680 1650 4749 quibus
1696 4681 2095 4737 contradicitur
2145 4682 2204 4735 in
2234 4681 2400 4750 ﬁnem
2448 4680 2613 4751 hujus
2664 4680 2996 4752 Synopseos
3042 4676 3413 4739 recensentur,
3444 4683 3773 4741 quorumne

354 4769 576 4823 verbum
606 4767 825 4840 quidem
856 4769 915 4822 in
944 4773 1256 4823 memorata
1287 4768 1500 4823 Festali
1558 4770 1839 4842 Epistola.
1870 4770 1949 4824 Ad
1999 4770 2118 4827 haec
2146 4771 2207 4825 in
2264 4770 2600 4841 Apocryphis
2629 4771 2764 4825 Novi
2794 4766 3139 4825 Testamenti
3173 4765 3543 4820 numerantur
3570 4763 3631 4815 in
3663 4760 3766 4831 Sy-

356 4856 523 4929 nopsi
560 4852 894 4927 Κλημὲντια,
923 4873 1018 4911 seu
1047 4858 1296 4912 Homilies
1329 4856 1702 4924 Clementinz,
1730 4875 1965 4930 quarum
1994 4861 2332 4914 mentionem
2384 4860 2567 4929 primo
2623 4860 2927 4929 reperimus
2981 4856 3079 4911 diu
3108 4863 3227 4927 post
3271 4853 3559 4909 Athanasii
3586 4865 3770 4907 aevum

354 4947 507 5017 apud
533 4946 900 5017 Nicephorum
927 4946 1470 5016 patriarcham.8unt
1499 4949 1650 5002 enim
1682 4948 1798 5004 illm
1824 4963 1961 5019 opus
1990 4947 2266 5003 diversum
2298 4964 2333 5003 a
2363 4947 3147 5019 Recognitionibus,quarum
3179 4944 3457 5015 Origenes,
3476 4941 3698 5009 Ruﬁnus
3721 4949 3773 4993 et

354 5036 456 5090 alii
474 5038 795 5103 meminere,
858 5036 987 5092 licet
1009 5036 1253 5104 eiusdem
1272 5038 1382 5092 sint
1411 5039 1745 5107 argumenti,
1795 5041 1870 5106 et,
1901 5040 1963 5091 ut
1990 5036 2225 5103 videtur,
2284 5045 2472 5108 postea
2527 5037 2791 5106 conﬁctae.
2825 5036 2881 5090 4⁰
2938 5035 3067 5102 Quae
3123 5032 3187 5088 de
3240 5032 3412 5087 variis
3460 5030 3769 5099 Scriptura?

351 5141 525 5183 sacrae
544 5126 888 5181 versionibus
906 5134 1174 5196 postremo
1206 5127 1319 5181 loco
1348 5126 1628 5195 dicuntur,
1653 5142 1722 5181 ea:
1754 5126 2102 5196 Ephiphanio
2122 5125 2201 5181 De
2235 5125 2530 5181 mensuris
2579 5142 2836 5197 expressa
2891 5133 3036 5191 sunt,
3070 5130 3134 5178 ut
3189 5137 3348 5178 nemo
3374 5136 3482 5175 non
3512 5119 3688 5190 videt,
3719 5126 3771 5173 et

355 5216 559 5271 ibidem
586 5231 686 5270 nos
706 5215 1062 5270 advertimus.
1099 5215 1426 5287 Responderi
1454 5218 1645 5286 forsan
1671 5218 1868 5286 posset,
1901 5214 2015 5269 haec
2037 5224 2318 5286 postrema
2366 5214 2647 5285 adjectitia
2696 5229 2826 5269 esse.
2887 5212 2993 5267 Sed
3040 5212 3098 5266 id
3148 5212 3325 5279 gratis
3355 5209 3575 5265 omnino
3629 5208 3769 5262 dici-

353 5308 470 5374 tur,
507 5321 632 5361 cum
661 5309 1053 5376 consequenter
1078 5309 1360 5376 ponantur
1388 5307 1448 5359 in
1476 5306 1658 5360 codice
1684 5303 1827 5360 unde
1857 5304 2137 5376 Synopsis
2167 5304 2354 5359 isthzc
2397 5304 2637 5375 prodiit:
2667 5308 2718 5359 et
2765 5303 3013 5374 alioquin
3043 5304 3199 5355 tanta
3241 5300 3443 5370 ubique
3497 5305 3770 5369 appareat

353 5395 517 5466 hujus
546 5395 830 5466 scriptoris
857 5395 1170 5463 diligentia,
1203 5403 1263 5449 ut
1292 5394 1439 5450 nihil
1458 5397 1681 5450 omnino
1711 5394 2079 5449 omittendum
2096 5393 2405 5455 censuerit;
2433 5410 2603 5464 quare
2649 5398 2705 5447 et
2752 5408 2870 5464 quis
2913 5390 2985 5445 de
3028 5388 3367 5443 versionibus
3410 5388 3689 5458 leguntur,
3721 5390 3774 5442 et

350 5498 473 5555 quae
494 5487 677 5555 postea
707 5483 771 5538 de
801 5486 1024 5539 amissis
1049 5482 1213 5539 libris
1242 5485 1303 5538 in
1335 5482 1619 5555 Scriptura
1676 5483 1847 5539 veteri
1903 5484 2223 5538 memoratis
2274 5487 2601 5551 tractantur,
2658 5482 2828 5535 unius
2865 5476 3102 5548 ejusdem
3135 5480 3464 5547 Synopseos
3488 5476 3772 5547 scriptoris

352 5588 466 5627 esse
496 5572 854 5627 arbitramur.
886 5573 944 5627 5°
982 5574 1130 5629 Licet
1155 5574 1215 5628 in
1245 5572 1491 5643 simplici
1518 5574 1830 5629 recensione
1856 5587 2049 5627 eorum
2087 5585 2211 5641 qua
2240 5572 2301 5625 in
2333 5570 2631 5640 Scripturis
2659 5570 2836 5623 sacris
2864 5568 3234 5629 continentur,
3290 5565 3478 5635 quatis
3532 5571 3611 5620 est
3661 5565 3769 5617 ista

349 5662 638 5734 Synopsis,
674 5664 767 5717 vix
787 5663 923 5736 styli
948 5679 1118 5733 genus
1148 5667 1200 5717 et
1230 5664 1382 5718 ratio
1413 5662 1747 5736 deprehendi
1774 5665 1965 5735 queat,
1990 5660 2237 5733 quisquis
2280 5668 2461 5715 tamen
2518 5659 2912 5713 Athanasianse
2938 5655 3176 5710 orationi
3226 5662 3474 5709 assuetus
3502 5655 3625 5720 erit,
3657 5666 3765 5704 non

349 5766 458 5807 uno
481 5752 593 5806 loco
630 5751 844 5807 diversa
890 5751 1145 5823 loquendi
1162 5766 1365 5819 genera
1392 5752 1811 5809 animadvertat.
1852 5754 1911 5807 In
1972 5750 2268 5808 Athanasio
2325 5749 2475 5804 enim
2528 5743 2592 5798 τὸ
2625 5742 2792 5820 δριμύ
2822 5745 3019 5815 ubique
3045 5747 3344 5812 comparet,
3395 5749 3456 5799 ut
3498 5743 3597 5798 ait‘
3620 5738 3764 5793 Pho-
