4154 6376
311 386 431 450 285

1428 391 1808 454 SYNOPSIS
1854 391 2324 455 SCRIPTURJE
2367 394 2668 457 SACRE.

3608 394 3730 458 286

313 516 759 593 Δευτερονόμιον,
820 519 882 573 οὗ
940 522 974 589 ἡ
1034 520 1207 597 ἀρχή·
1257 546 1285 575 ‹‹
1342 521 1506 577 Οὗτοι
1562 522 1613 576 οἱ
1664 520 1840 596 λόγοι,
1874 520 1962 583 οὓς

2158 524 2696 593 Denteronomium,
2731 528 2901 598 cujus
2952 527 3185 582 initium
3217 531 3341 583 est:
3393 550 3423 579 ‹‹
3455 527 3555 584 Isti
3590 530 3730 583 sunt

312 606 551 677 ἐλάλησε
582 613 819 677 Μωυσῆς
851 610 1008 663 παντὶ
1058 610 1277 685 Ἰσραὴλ
1327 612 1490 687 πὲραι
1546 616 1643 666 τοῦ
1675 609 1965 684 Ἰορδάνου,

311 694 362 751 ἐν
544 696 762 772 ἐρήμῳ,
790 698 929 773 πρὸς
986 696 1238 773 δυσμαῖς,
1272 700 1508 771 πλησίον
1556 708 1657 770 τῆς
1708 702 1939 776 Ἐρυθρᾶ

308 784 607 856 Θαλάσσης.
646 809 674 837 υ
1934 806 1940 814 '

380 876 592 946 Ἰησοῦς
624 876 652 929 6
682 880 779 930 τοῦ
811 880 985 946 Ναυῆ,
1017 878 1079 932 οὗ
1110 881 1145 949 ἡ
1197 880 1367 955 ἀρχή·
1405 904 1432 931 ‹‹
1475 881 1586 953 (63)
1615 879 1711 934 Καὶ
1758 878 1967 954 ἐγένετο

315 966 447 1037 μετά
491 966 592 1034 τὴν
642 964 900 1034 τελευτὴν
960 964 1161 1022 δούλου
1221 969 1438 1045 Κυρίου,
1475 969 1590 1024 εἶπε
1648 969 1842 1045 Κύριος
1890 973 1969 1041 τῷ

314 1056 516 1125 Ἰησοῦ,
550 1055 651 1127 υἱῷ
682 1057 860 1127 Ναυῆ,
896 1054 1202 1133 λειτουργῷ
1237 1062 1468 1129 Μωυσῆ,
1502 1057 1697 1133 λέγων.
1728 1083 1755 1109 ››

389 1144 599 1218 Κριταὶ,
632 1146 694 1199 οὗ
727 1147 761 1214 ἡ
798 1146 967 1222 ἀρχή’
1006 1171 1031 1196 ‹‹
1068 1149 1162 1201 Καὶ
1196 1146 1406 1223 ἐγένετο
1450 1149 1585 1221 μετὰ
1632 1150 1732 1217 τήν
1781 1161 1967 1203 τελευα

321 1234 419 1301 τὴν
453 1235 652 1304 Ἰησοῦ,
683 1234 769 1288 καὶ
824 1234 1183 1312 ἐπηρώτησαν
1240 1239 1290 1292 οἱ
1351 1238 1459 1292 υἱοὶ
1519 1238 1741 1314 Ἰσραὴλ
1774 1240 1886 1310 (64)
1916 1237 1966 1291 ἐν

325 1322 508 1395 Κυρίῳ
539 1322 803 1397 λέγοντες·
838 1324 925 1387 Τίς
956 1321 1278 1397 ἀναϐήσεται
1318 1328 1453 1402 πρὸς
1485 1327 1612 1390 τοὺς
1638 1334 1967 1389 Χαναναιους

321 1410 700 1487 ἀφηγούμενος
725 1434 739 1482 ;
776 1438 804 1464 »

388 1500 581 1569 Ῥοὺθ’,
616 1502 679 1556 οὗ
710 1504 745 1572 ἡ
780 1503 948 1578 ἀρχή
984 1528 1012 1555 ‹‹
1047 1504 1143 1559 Καὶ
1176 1503 1382 1581 ἐγένετο
1414 1505 1465 1561 ἐν
1494 1510 1571 1578 τῷ
1599 1504 1800 1583 κρίνειν
1841 1504 1967 1568 τοὺς

313 1592 522 1664 κριτὰς,
558 1589 771 1666 ἐγένετο
800 1591 964 1666 λιμὸς
998 1592 1048 1647 ἐν
1080 1598 1149 1667 τῇ
1190 1599 1286 1669 γῇ.
1324 1620 1351 1646 ››

386 1678 683 1735 Βασιλειῶν
716 1682 910 1757 πρώτη
960 1685 1050 1737 καὶ
1101 1681 1340 1759 δευτέρα,
1376 1684 1452 1747 εἷς
1483 1686 1539 1741 ἓν
1574 1683 1967 1760 ἀριθμούμεναι

317 1762 557 1843 βιϐλίον.
584 1770 681 1823 Καὶ
737 1774 837 1840 τῆς
891 1771 985 1845 μὲν
1030 1772 1254 1847 πρώτης
1294 1776 1329 1842 ἡ
1363 1774 1532 1849 ἀρχή·
1568 1798 1595 1826 ‹‹
1629 1774 1726 1829 Καὶ
1758 1772 1969 1850 ἅνθρω-

2080 629 2399 678 sermones,
2414 631 2563 685 quos
2582 614 2813 671 locutus
2836 621 2925 672 est
2945 615 3174 688 Moyses
3197 617 3268 671 ad
3283 633 3517 673 omnem
3540 618 3724 673 Israe-

2079 700 2193 757 lem
2228 706 2391 758 trans
2439 704 2780 774 Jordanem,
2842 706 2901 759 in
2951 704 3268 760 solitudine
3324 707 3394 761 ad
3428 722 3724 776 occasum,

2078 808 2257 863 prope
2289 809 2446 849 mare
2478 794 2763 850 Rubrum.
2799 816 2827 844 ››

2148 885 2321 938 Jesus
2352 883 2512 939 ﬁlius
2562 884 2739 951 Nave,
2786 885 2958 955 cujus
3014 883 3253 939 initium
3302 886 3425 939 est:
3458 904 3487 933 »
3546 884 3615 939 Et
3644 883 3730 939 fs-

2081 977 2238 1027 ctum
2272 976 2361 1028 est
2393 980 2525 1043 post
2550 978 2797 1030 mortem
2821 973 2973 1029 servi
2995 972 3248 1040 Domini,
3268 971 3415 1026 dixit
3448 971 3731 1027 Dominus

2080 1062 2150 1116 ad
2183 1062 2344 1131 Jesu,
2379 1062 2565 1117 ﬁlium
2598 1063 2773 1130 Nave,
2811 1061 3098 1118 famulum
3132 1060 3369 1135 Moysis.
3406 1082 3434 1109 »

2149 1152 2408 1217 Judices,
2441 1152 2612 1223 cujus
2638 1151 2873 1206 initium
2906 1155 3031 1207 est:
3070 1172 3095 1201 (ι
3128 1151 3195 1206 Et
3229 1150 3447 1205 factum
3480 1153 3573 1204 est
3602 1153 3736 1221 post

2081 1244 2331 1296 mortem
2352 1240 2514 1312 Jesu,
2539 1246 2595 1296 et
2616 1241 3054 1313 interrogarunt
3069 1238 3171 1294 ﬁlii
3199 1237 3377 1296 Israel
3400 1237 3735 1310 Dominum,

2079 1329 2376 1385 dicentes:
2438 1330 2579 1393 Quis
2637 1331 2911 1386 ascendet
2981 1330 3099 1384 dux
3155 1329 3435 1385 adversus
3493 1326 3730 1383 Chana-

2078 1436 2237 1475 nieos
2256 1420 2283 1474 ‘I
2315 1440 2341 1471 ιι

2150 1508 2329 1577 Ruth,
2362 1509 2533 1580 cujus
2563 1509 2798 1565 initium
2848 1514 2937 1565 est
2963 1525 2975 1564 :
3004 1530 3031 1559 «
3072 1508 3143 1564 Et
3186 1508 3403 1563 factum
3454 1510 3560 1571 est,
3591 1521 3725 1561 cum

2068 1598 2407 1670 judicarent
2427 1598 2681 1670 judices,
2717 1599 2867 1655 facta
2896 1602 2985 1655 est
3014 1597 3197 1653 fames
3228 1596 3287 1652 in
3317 1600 3490 1652 terra.
3518 1616 3547 1643 ››

2153 1688 2398 1760 Regum,
2430 1688 2658 1759 primus
2689 1692 2748 1744 et
2795 1688 3113 1758 secundus,
3144 1687 3204 1741 in
3256 1702 3440 1742 unum
3480 1699 3728 1755 compu-

2076 1780 2279 1832 tantur
2308 1776 2549 1847 librum,
2581 1783 2639 1832 et
2685 1775 2857 1848 primi
2897 1776 3135 1848 quidem
3185 1774 3422 1831 initium
3452 1778 3561 1829 est.
3594 1794 3622 1822 «
3659 1772 3729 1829 Et

311 1877 412 1919 πος
558 1857 877 1968 Ἀρμαθαίμ
924 1867 1086 1939 Σιφᾶ,
1120 1861 1171 1932 ἐξ
1223 1858 1382 1937 ὅρους
1417 1865 1675 1941 Ἐφραὶμ,
1705 1863 1794 1918 καὶ
1844 1860 1962 1917 ὄνο-

2095 1882 2254 1921 10m0
2277 1870 2399 1921 erat
2415 1882 2483 1920 ex
2511 1865 2873 1920 Armathsim
2898 1865 3096 1937 Sipba,
3118 1865 3189 1920 de
3210 1868 3407 1919 monte
3424 1861 3724 1934 prraim,

316 1967 391 2020 μα
420 1946 568 2019 αὐτῷ
599 1946 850 2019 Ἐλκανᾶ,
884 1950 999 2011 υἱὸς
1029 1951 1337 2024 Ἱερεμεήλ,
1511 1954 1630 2007 υἱοῦ
1660 1952 1831 2011 Ἡλεί.
1869 1976 1897 2003 ›)

382 2042 489 2106 Τῆς
543 2034 602 2091 δὲ
651 2035 898 2113 δευτέρας
928 2041 962 2108 ἠ
996 2039 1167 2116 ἀρχήο
1205 2064 1231 2092 ‹‹
1267 2042 1503 2114 Ἐγένετο
1560 2045 1695 2115 μετὰ
1738 2044 1801 2097 τὸ
1831 2042 1967 2097 ἀπο-

316 2127 487 2180 Θανεῖν
521 2125 729 2195 Σαοὺλ,
760 2127 848 2182 καὶ
881 2124 1046 2184 Δαϐὶδ
1091 2130 1381 2206 ἀνέστρεψε
1422 2132 1637 2187 τύπτων
1667 2132 1759 2187 τὸν
1792 2138 1969 2205 Ἀμα-

317 2213 445 2286 λήκ.
484 2240 505 2267 ι

390 2303 687 2361 Βασιλειῶν
746 2305 901 2381 τρίτη
954 2307 1045 2362 καὶ
1101 2308 1353 2385 τετάρτη,
1388 2309 1463 2372 εἷς
1520 2309 1576 2365 ’ἐν
1625 2310 1791 2367 πάλιν
1850 2311 1969 2387 ἀρι-

321 2394 622 2467 θμούμεναι
660 2390 897 2470 βιϐλίον.
932 2397 1029 2451 Καὶ
1058 2405 1159 2467 τῆς
1194 2398 1289 2472 μὶν
1319 2398 1509 2475 τρίτης
1539 2404 1574 2470 ἡ
1608 2402 1779 2475 ἀρχή·
1819 2426 1840 2453 s
1871 2401 1971 2456 Καὶ

321 2485 350 2539 6
394 2483 647 2558 βασιλεὺς
729 2480 895 2541 Δαϐὶδ
966 2482 1351 2563 πρεσϐύτερος,
1403 2484 1764 2565 προϐεϐηκὼς
1832 2491 1971 2563 ἡμὲ-

325 2592 464 2648 ραις’
498 2574 588 2629 καὶ
635 2571 997 2651 περιέϐαλλον
1048 2575 1206 2631 αὐτὸν
1246 2577 1511 2651 ἱματίοις,
1543 2579 1632 2633 καὶ
1686 2578 1785 2635 οὐκ
1832 2578 1973 2656 ἐθερ-

329 2661 571 2735 μαίνετο.
606 2687 635 2715 ››

394 2755 500 2820 Τῆς
550 2750 607 2808 δὲ
651 2752 909 2829 τετάρτης
953 2755 988 2823 ἡ
1041 2755 1211 2831 ἀρχήο
1248 2781 1275 2807 ‹‹
1309 2756 1407 2812 Καὶ
1455 2758 1685 2828 ἠθέτησε
1714 2755 1885 2816 Μωὰϐ
1917 2759 1968 2816 ἐν

322 2840 565 2917 Ἰσραὴλ,
605 2843 739 2915 μετὰ
766 2843 827 2897 τὸ
860 2844 1142 2907 ἀποθανεῖν
1173 2840 1407 2921 ’Δχαάϐ.
1443 2871 1471 2898 ››

390 2927 888 3006 Παραλειπομένων
938 2938 1159 3008 πρῶτον
1203 2934 1291 2989 καὶ
1342 2933 1611 3011 δεύτερον,
1644 2936 1718 2999 εἰς
1767 2936 1822 2993 ἓν
1851 2939 1971 3012 ἀρι-

324 3018 603 3092 θμούμενα
636 3016 875 3096 βιϐλίον.
910 3022 1008 3076 Καὶ
1039 3018 1149 3078 ἔστι
1179 3028 1276 3078 τοῦ
1327 3025 1422 3097 μὲν
1474 3027 1695 3101 πρώτου
1726 3028 1761 3098 ἡ
1794 3026 1966 3104 ἀρχή·

324 3134 352 3163 ‹‹
408 3108 601 3185 Ἀδὰμ,
662 3112 797 3181 Σὴθ.
856 3114 1044 3187 Ἐνὼς,
1108 3121 1325 3184 Καϊνᾶω,
1404 3116 1723 3188 Μαλελεήλ,
1776 3116 1970 3195 Ἰαρὲδ,

318 3199 512 3276 Ἑνὼχ,
546 3200 897 3269 Μαθουσάλα,
933 3204 1149 3279 Λάμεχ,
1182 3208 1323 3263 Νῶε.
1356 3228 1386 3259 ››

383 3293 488 3344 Τοῦ
547 3288 605 3345 δὲ
654 3288 904 3363 δευτὲρου
954 3294 989 3363 ἡ
1039 3293 1208 3369 ἀρχή·
1258 3318 1287 3345 ‹‹

318 3378 433 3452 μὼν
469 3379 583 3441 υἱὸς
616 3374 783 3435 Δαϐἱδ
818 3379 906 3436 ἐπὶ
935 3381 1034 3451 τήν
1090 3382 1367 3458 βασιλείαν
1418 3382 1604 3457 αὐτοῦ,
1636 3385 1727 3441 καὶ
1770 3386 1966 3464 Κύριος

316 3468 344 3521 6
374 3468 504 3532 Θεὸς
550 3468 713 3526 αὐτοῦ
765 3476 878 3544 μετ’
926 3470 1111 3541 αὐτοῦ,
1151 3472 1241 3527 καὶ
1290 3471 1615 3551 ἐμεγάλυνεν
1668 3475 1831 3532 αὐτὸν
1888 3475 1967 3540 εἰς

315 3555 470 3631 ὕψος,
506 3582 535 3609 ››

384 3644 619 3724 Ἔσδρας
675 3652 892 3723 πρῶτος
936 3649 1028 3705 καὶ
1078 3647 1346 3727 δεύτερος,
1379 3652 1453 3715 εἷς
1483 3651 1539 3708 ’ὲν
1573 3654 1969 3729 ἀριθμούμενοι

317 3730 556 3812 βιϐλίον.
591 3738 689 3793 Καὶ
737 3743 835 3793 τοῦ
868 3739 962 3812 μὲν
996 3740 1217 3816 πρώτου
1272 3740 1443 3818 ἀρχή³
1481 3766 1507 3795 ‹‹
1538 3744 1651 3818 (66)
1679 3744 1777 3799 Καὶ
1826 3741 1965 3819 ἤγα-

312 3846 401 3901 γεν
461 3825 672 3889 Ἰωσίας
728 3827 791 3883 τὸ
839 3827 1033 3904 Πάσχα
1090 3828 1142 3885 ἐν
1200 3830 1568 3906 Ἰερουσαλὴμ
1619 3833 1699 3905 τῷ
1784 3832 1966 3909 Κυρίῳ

313 3915 505 3972 ἑαυτοῦ
533 3920 603 3991 τῇ
650 3916 1199 3994 τεσσαρεσκαιδεκάτῃ
1256 3921 1442 3994 ἡμέρᾳ
1491 3926 1592 3977 τοῦ
1652 3922 1827 3996 μηνὸς
1868 3927 1969 3979 τοῦ

309 4004 552 4081 πρώτου.
589 4030 617 4057 ››

380 4100 487 4150 Τοῦ
520 4092 578 4151 δὶ
609 4093 862 4173 δευτέρου
894 4098 929 4167 ἡ
965 4098 1134 4173 ἀρχή.
1165 4122 1192 4151 ‹‹
1226 4097 1324 4153 Καί
1365 4098 1415 4153 ἐν
1469 4098 1549 4172 τῷ
1599 4100 1804 4175 πρώτῳ
1858 4095 1966 4157 ἔτει

306 4184 486 4259 Κύρου
516 4182 612 4240 τοῦ
666 4184 934 4261 βασιλέως
994 4190 1237 4261 Περσῶν,
1268 4191 1367 4243 τοῦ
1422 4186 1741 4259 τελεσθῆναι
1800 4188 1965 4265 λόγον

306 4273 413 4329 ἀπὸ
442 4274 712 4349 στόματος
760 4274 1044 4352 Ἰερεμίου,
1080 4275 1324 4354 ἐξήγειρε
1380 4278 1583 4354 Κύριος
1631 4281 1695 4334 τό
1751 4284 1966 4354 πνεῦμα

309 4362 486 4439 Κύρου
515 4369 611 4420 τοῦ
645 4362 912 4440 βασιλέως
946 4370 1185 4441 Περσῶν.
1220 4390 1248 4419 ››

382 4457 702 4531 Ψαλτήριον
764 4450 1074 4524 Δαϐιτικὸν,
1130 4452 1260 4533 ἕχον
1320 4456 1576 4532 ψαλμοὺς
1636 4461 1765 4535 ρνα’·
1815 4460 1878 4517 οὗ
1925 4463 1962 4532 ἡ

309 4543 481 4619 ἀρχὴ,
514 4540 682 4619 ἤγουν
708 4546 737 4598 6
766 4548 984 4619 πρῶτος
1032 4544 1276 4619 ὡαλμός·
1313 4570 1340 4597 ί(
1374 4545 1649 4619 Μακάριος
1707 4548 1844 4622 ἀνὴρ
1902 4549 1961 4613 ὃς

311 4632 413 4688 ούκ
438 4633 701 4700 ἐποθεύθη
734 4634 786 4688 ἒν
824 4631 1001 4709 βουλῇ
1034 4630 1263 4690 ἀσεϐῶν.
1296 4659 1326 4687 ››

379 4722 679 4801 Παροιμίαι
712 4723 1075 4796 Συλομῶντος
1108 4725 1319 4799 (67),οὗ
1350 4726 1385 4796 ἠ
1415 4727 1631 4802 ἀρχή³α
1661 4728 1960 4805 Παροιμίαι

309 4810 676 4886 Σολομῶντος
732 4812 853 4868 υἱοῦ
912 4807 1099 4886 Δαϐὶδ,
1132 4814 1189 4877 ὃς
1246 4810 1586 4872 ἐϐασίλευσεν
1628 4814 1681 4872 ἐν
1716 4818 1958 4895 Ἰσραὴλ,

303 4906 507 4978 γνῶναι
537 4901 725 4980 σοφίαν
756 4901 846 4958 καὶ
878 4898 1144 4960 παιδείαν.
1180 4928 1210 4955 ››

372 5080 806 5153 Ἐκκλησιαστής
856 5085 955 5137 τοῦ
992 5080 1180 5154 αὐτοῦ,
1214 5083 1276 5137 οὗ
1333 5084 1369 5153 ἡ
1423 5082 1592 5159 ἀρχή·
1629 5109 1658 5137 ι(
1716 5085 1961 5159 Ῥήματα

370 5243 483 5317 (63)
509 5243 974 5322 _Initi_um_._)osue
1033 5244 1117 5322 sip
1166 5245 1384 5322 habet:
1422 5245 1763 5322 Kaiéyéveto
1823 5249 1961 5322 μετὰ

297 5314 395 5395 την
425 5314 706 5395 ’τελευτὴν
762 5316 997 5395 Μιρϋσῇ,
1048 5314 1192 5395 εἶπε-
1221 5316 1423 5395 ῌύριος
1480 5321 1560 5389 τῷ
1591 5314 1835 5393 ”Ιησοῦ,’
1856 5322 1959 5395 υἱῷ

298 5388 478 5462 Ναυῄ,
503 5391 584 5459 τῷ
615 5387 877 5462 ὑπουργῷ
909 5388 1140 5460 Μωϋσῆ,
1177 5387 1376 5462 λέγών.

302 5459 584 5584 Κυᾯδίλω
633 5458 831 5516 Greco
885 5458 1196 5532 scriptura
1252 5458 1413 5519 texta
1464 5460 1699 5536 legitur,
1735 5458 1824 5518 διὰ
1858 5468 1957 5520 τοῦ

348 5551 523 5585 υοιου.

396 5604 489 5673 65)
520 5604 756 5660 Graecus
815 5602 1126 5674 Scriptura
1179 5608 1397 5673 textus,
1455 5603 1577 5662 υἱοῦ
1632 5605 1846 5664 Ἠλιοῦ.
1889 5613 1957 5667 In

304 5675 503 5757 Graeco
524 5674 855 5757 Scriptura
874 5679 1037 5757 textu
1058 5675 1276 5757 legitur
1295 5694 1550 5757 semper,
1563 5675 1725 5757 Δαυΐδ
1746 5696 1883 5738 cum
1904 5701 1955 5739 0.

373 5747 487 5820 (66)
518 5747 628 5814 Qui
653 5747 871 5803 dicitur
899 5747 1094 5806 Esdra
1123 5747 1354 5822 primus
1381 5747 1446 5808 iii
1491 5750 1709 5811 Grecis
1759 5768 1958 5811 exem-

2078 1959 2134 2012 et
2164 1971 2377 2011 nomen
2412 1953 2495 2010 illi
2530 1953 2765 2022 Elcana,
2800 1953 2956 2009 ﬁlius
2984 1951 3288 2019 Jeremeel,
3319 1950 3423 2006 ﬁlii
3455 1949 3596 2006 Heli.
3629 1971 3658 2001 »

2151 2044 2403 2101 Secundi
2434 2060 2566 2099 vero
2620 2043 2853 2099 initium
2887 2048 2977 2099 est
3009 2061 3022 2098 :
3056 2065 3083 2093 «
3130 2043 3196 2097 Et
3227 2042 3444 2097 factum
3475 2043 3564 2096 est
3593 2041 3727 2111 post

2080 2139 2327 2189 mortem
2361 2132 2580 2201 Saulis,
2629 2132 2809 2189 David
2858 2148 3136 2204 percusso
3185 2129 3421 2187 Amalec
3460 2144 3724 2186 reversus

2081 2228 2188 2279 est.
2221 2246 2249 2273 »

2151 2313 2373 2384 Regum
2404 2312 2611 2368 tertius
2644 2315 2701 2368 et
2752 2315 3022 2385 quartus,
3053 2314 3109 2367 et
3159 2308 3272 2378 ipsi
3301 2325 3405 2381 pro
3436 2323 3553 2363 uno
3583 2322 3724 2363 con-

2080 2408 2472 2459 numerantur
2500 2401 2669 2457 libro.
2721 2402 2791 2457 Et
2833 2400 2988 2457 tertii
3032 2400 3271 2472 quidem
3319 2398 3553 2453 initium
3592 2400 3720 2452 est:

2083 2513 2113 2543 ‹‹
2144 2492 2212 2547 Et
2243 2508 2340 2547 rex
2372 2491 2549 2548 David
2597 2492 2812 2561 senior,
2844 2495 3011 2546 aetate
3053 2491 3175 2560 jam
3207 2487 3449 2561 grandis
3477 2490 3623 2542 erat.
3656 2485 3726 2541 Et

2081 2581 2423 2655 operiebant
2450 2596 2586 2637 eum
2616 2581 2899 2651 vestibus,
2933 2594 3037 2635 nec
3067 2583 3265 2635 tamen
3303 2575 3624 2634 caleﬁebat.
3657 2596 3688 2625 »

2152 2761 2352 2825 Quarti
2385 2777 2517 2817 vero
2569 2760 2926 2833 principium
2959 2762 3082 2814 est:
3136 2780 3165 2810 «
3197 2757 3267 2813 Et
3316 2754 3728 2828 praavaricatus

2080 2854 2170 2907 est
2197 2851 2359 2906 Moab
2392 2850 2673 2905 adversus
2694 2848 2991 2913 Israalem,
3027 2851 3159 2920 post
3180 2851 3429 2902 mortem
3454 2843 3671 2900 Achab.
3698 2863 3727 2892 »

2155 2939 2638 3010 Paralipomenon
2665 2938 2891 3009 primus
2916 2943 2972 2992 et
3002 2936 3321 3001 secundus,
3345 2951 3448 3007 pro
3479 2949 3595 2988 uno
3624 2933 3724 2988 97

2078 3028 2227 3085 libro
2261 3032 2714 3101 computantur:
2747 3027 2818 3082 Et
2846 3026 3020 3099 primi
3062 3025 3301 3098 quidem
3332 3023 3568 3079 initium
3598 3026 3726 3077 est:

2081 3142 2110 3170 «
2142 3120 2351 3186 Adam,
2411 3118 2572 3184 Seth,
2624 3118 2796 3187 Enos,
2856 3115 3141 3183 Cbainan,
3192 3111 3477 3183 Malaleel,
3528 3110 3726 3182 Jared,

2076 3208 2299 3274 Enocb,
2332 3206 2683 3275 Mathusala,
2717 3205 2990 3272 Lamecb.
3015 3205 3154 3261 Noe.
3189 3226 3217 3254 »

1340 3294 1437 3350 Καὶ
1496 3294 1745 3373 ἐνίσχυσε
1787 3295 1962 3353 Σαλο-

2152 3297 2407 3355 Secundi
2436 3313 2570 3354 vero
2591 3296 2827 3353 initium
2852 3312 2865 3351 :
2900 3317 2929 3346 «
2957 3295 3025 3351 Et
3044 3293 3429 3351 conﬁrmatus
3450 3295 3539 3348 est
3565 3290 3729 3349 Salo-

2080 3405 2217 3445 mon
2248 3387 2408 3444 ﬁlius
2436 3386 2672 3443 Davidis
2698 3386 2759 3442 in
2790 3400 2969 3458 regno
2998 3401 3127 3441 suo.
3160 3383 3231 3439 Et
3264 3382 3541 3440 Dominus
3580 3382 3730 3437 Deus

2077 3477 2268 3551 ipsius
2297 3493 2433 3534 cum
2464 3476 2611 3548 ipso,
2640 3480 2700 3532 et
2748 3472 3151 3547 magniﬁcavit
3197 3488 3333 3530 eum
3372 3471 3444 3528 ad
3474 3468 3730 3528 sublime

2278 3609 2289 3621 .
2328 3588 2349 3617 Ι

2078 3583 2363 3712 maligne
2390 3655 2618 3728 primus
2646 3658 2704 3710 et
2734 3652 3029 3709 secundus
3061 3668 3178 3708 uno
3210 3648 3726 3722 comprehendun-

2078 3751 2176 3804 tur
2203 3746 2525 3803 volumine.
2559 3747 2629 3802 Et
2657 3743 2835 3817 primi
2882 3743 3122 3817 quidem
3170 3741 3408 3798 initium
3438 3744 3563 3796 est:
3598 3762 3625 3789 «
3660 3739 3729 3795 Et

2076 3836 2291 3893 obtulit
2341 3836 2538 3893 Josias
2588 3834 2811 3890 Pascha
2841 3833 2901 3889 in
2946 3830 3275 3889 Jerusalem
3323 3829 3564 3886 Domino
3595 3843 3724 3895 suo,

2076 3931 2291 3998 quarta
2320 3925 2549 3982 decima
2579 3924 2673 3981 die
2703 3922 2926 3980 mensis
2956 3921 3152 3995 primi.
3179 3942 3209 3971 »

2148 4103 2401 4160 Secundi
2430 4118 2564 4159 vero
2589 4120 2603 4159 :
2638 4124 2667 4153 «
2698 4102 2769 4159 Et
2787 4101 2847 4156 in
2870 4100 3061 4174 primo
3082 4115 3237 4156 anno
3257 4096 3391 4172 Cyri
3412 4096 3567 4168 regis
3595 4099 3725 4152 Per-

2074 4209 2299 4259 sarum,
2334 4197 2398 4248 ut
2426 4190 2847 4263 adimpleretur
2866 4205 3082 4258 sermo,
3113 4188 3216 4260 qui
3236 4187 3310 4244 ab
3336 4202 3435 4244 ore
3457 4184 3724 4242 Jeremiis

2074 4285 2460 4354 processerat,
2493 4280 2765 4337 excitavit
2794 4280 3082 4336 Dominus
3110 4277 3384 4351 spiritum
3415 4275 3545 4347 Cyri
3571 4275 3725 4349 regis

2074 4370 2408 4428 Persarum.
2442 4391 2472 4421 »

2146 4459 2493 4517 Psalterium
2523 4458 2890 4529 Davidicum,
2922 4457 3146 4514 habens
3178 4456 3437 4529 psalmos
3468 4470 3577 4511 cu.
3611 4454 3723 4512 Cu-

2067 4550 2170 4620 jus
2201 4549 2439 4607 initium
2470 4553 2596 4606 est:
2630 4572 2657 4600 κ
2691 4550 2905 4605 Beatus
2920 4546 3008 4604 vir
3037 4546 3140 4619 qui
3172 4560 3288 4602 non
3320 4542 3644 4601 ambulavit
3664 4544 3724 4600 in

1992 4650 2041 4717 Β
2074 4640 2319 4695 consilio
2348 4640 2690 4711 impiorum.
2726 4660 2755 4688 ››

2143 4728 2439 4785 Parabolaa
2470 4727 2817 4797 Salomonis,
2842 4727 3012 4799 cujus
3036 4724 3392 4798 principium
3415 4731 3538 4780 est:
3569 4747 3589 4773 ι
3618 4722 3724 4780 Pa-

2068 4817 2281 4873 rabolas
2312 4817 2663 4885 Salomonis,
2722 4816 2825 4871 ﬁlii
2877 4814 3150 4872 Davidis:
3211 4813 3313 4886 qui
3364 4812 3631 4886 regnavit
3661 4813 3722 4868 in

2070 4906 2267 4977 Israel,
2326 4909 2398 4963 ad
2475 4906 2940 4977 cognoscendam
3011 4903 3363 4977 sapientiam
3431 4907 3489 4958 et
3543 4900 3721 4958 disci-

2302 5018 2379 5051 ι»

2108 4994 2150 5051 li
2302 5037 2313 5051 .
2348 5018 2379 5047 η

2068 5012 2105 5067 p
2140 5012 2520 5143 ἕέοᾘεὶειιθε
2548 5084 3028 5158 ejusdem,cujus
3050 5083 3287 5140 initium
3316 5084 3441 5139 est:
3481 5079 3723 5138 «Verba

2068 5248 2334 5334 plaribus
2364 5248 2458 5334 bic
2510 5247 2718 5334 tertius
2775 5250 2865 5334 est
2896 5246 2955 5334 in
2987 5243 3192 5334 Bibliils
3241 5242 3480 5334 npstris,
3513 5244 3572 5298 et
3588 5242 3718 5313 jam

2067 5316 2221 5377 inter
2240 5321 2614 5448 agochrypha
2634 5322 3031 5390 computatur.
3056 5316 3487 5399 lnchpaturque
3516 5331 3551 5370 a
3569 5330 3720 5396 xxxv

2067 5394 2256 5452 capite
2331 5392 2792 5452 aralipomenon.
2825 5407 2933 5446 nec
2962 5389 3176 5452 legitur
3195 5403 3255 5442 In
3276 5386 3580 5442 Hebraico.
3606 5387 3715 5452 Qui

2067 5394 2256 5465 capite
2280 5392 2477 5449 Parali
2512 5392 2792 5461 'omenon,
2825 5407 2933 5446 nec
2962 5392 3176 5461 legitur
3195 5392 3255 5442 in
3276 5392 3580 5442 Hebraico.
3606 5392 3715 5452 Qui

2066 5470 2264 5522 autem
2287 5411 2581 5522 secungus
2608 5464 2703 5520 hic
2733 5463 2968 5529 dicitur,
2991 5459 3219 5533 primus
3238 5463 3328 5515 est
3346 5458 3406 5515 in
3434 5457 3715 5514 Hebraico

2282 5608 2345 5687 l_n
2397 5605 2620 5687 _G_raecis_
2656 5604 2967 5687 Scriptura
3014 5600 3446 5673 exemplaribus
3476 5598 3709 5672 legitur,

2067 5678 2368 5752 Σαλομών,
2397 5679 2493 5736 hic
2521 5682 2577 5734 et
2607 5678 2876 5734 inferius.
