4154 6372
327 386 450 455 189

327 609 701 688 Ἰερουσαλὴμ
755 610 808 664 ἐν
872 610 1123 687 βασιλείᾳ
1184 611 1387 680 Ὀζίου,
1446 613 1536 667 καὶ
1589 614 1845 687 Ἰωάθαμ,
1899 615 1990 671 καὶ

323 703 521 776 ’Λχάζ,
577 700 669 755 καὶ
730 699 990 768 Ἐζεκίου,
1053 701 1104 755 οἷ
1161 695 1513 755 ἐϐασίλευσαν
1568 705 1665 770 τῆς
1702 701 1987 768 Ἰουδαίας.

328 791 543 861 Ἀκουε,
579 788 795 864 οὑρανὶ,
826 788 916 843 καὶ
962 788 1239 861 ἐνωτίζου,
1270 792 1305 859 ἡ
1338 797 1433 864 γῆ,
1466 789 1550 845 ὅτι
1605 789 1799 866 Κύριος
1861 791 1989 848 ἐλά-

333 876 520 948 λησεν.

400 966 693 1043 ”Ιερεμίας,
727 966 790 1020 οὗ
821 968 855 1036 ἡ
886 966 1057 1043 ἀρχή·
1094 991 1122 1018 ‹‹
1148 968 1218 1022 Τὸ
1253 968 1406 1043 ῥῆμα
1432 973 1531 1023 τοῦ
1565 974 1718 1041 Θεοῦ,
1779 969 1808 1024 6'
1866 970 1988 1047 ἐγέ-

332 1077 451 1111 νετο
502 1056 589 1111 ἐπί
640 1055 876 1133 Ἰρεμίαν
934 1056 1027 1111 τὸν
1085 1061 1182 1111 τοῦ
1240 1054 1494 1129 Χελκίου,
1553 1057 1609 1120 ὅς
1661 1058 1728 1127 ἧν
1784 1058 1844 1114 ἐκ
1881 1064 1988 1114 τῶν

333 1144 543 1222 ἱερέων.
572 1169 600 1197 ››

408 1233 657 1304 Ἐζεκιήλ
689 1236 822 1308 (72),
854 1233 916 1288 οὗ
948 1237 982 1304 ἠ
1016 1234 1186 1311 ιῖιρχή⁵
1228 1258 1255 1286 ‹‹
1287 1236 1388 1291 Καὶ
1412 1236 1622 1311 ἐγένετο
1656 1235 1707 1291 ἐν
1731 1235 1810 1310 τῷ
1840 1258 1993 1311 τρια-

339 1328 513 1394 κοστῷ
544 1320 646 1377 ἔτει
678 1334 726 1377 εν
760 1329 836 1395 τῷ
866 1324 1106 1398 τετάρτῳ
1140 1324 1392 1396 μηνὶ,καὶ
1426 1324 1541 1397 ἐμὼ
1569 1323 1721 1398 ἤμην
1753 1326 1803 1380 ἐν
1842 1327 1991 1399 μέσῳ

336 1418 435 1480 τῆς
466 1411 849 1487 αἰχμαλωσίας
883 1412 971 1467 ἐπὶ
1000 1417 1097 1467 τοῦ
1126 1418 1378 1486 ποταμοῦ
1409 1409 1617 1491 Χοϐὰρ,
1667 1415 1757 1469 καὶ
1797 1416 1993 1490 ἠνοίχ-

335 1510 504 1569 θησαν
539 1500 591 1553 οἱ
625 1500 868 1574 οὑρανοὶ,
901 1501 990 1555 καὶ
1024 1498 1165 1555 εἶδον
1200 1504 1412 1577 ὁράσεις
1442 1508 1595 1560 Θεοῦ.
1631 1527 1659 1555 ››

401 1588 627 1659 Δανιὴλ,
663 1588 725 1642 οὗ
753 1592 788 1659 ἡ
841 1589 1012 1665 ἀρχή·
1081 1615 1108 1641 ‹‹
1139 1594 1252 1663 (73)
1284 1592 1380 1646 Καὶ
1411 1593 1478 1663 ἦν
1535 1592 1671 1669 ἀνὴρ
1716 1594 1879 1648 οἰγῶν
1935 1592 1987 1647 έν

329 1673 638 1746 Βαϐυλῶνι,
684 1679 776 1732 καὶ
837 1674 1013 1751 ὄνομα
1044 1680 1190 1751 αὑτῷ
1244 1682 1519 1755 Ἰωακεῖμ,
1560 1683 1651 1737 καὶ
1711 1677 1873 1738 ἔλαϐε
1895 1703 1989 1757 γυ-

327 1772 487 1821 ναῖκα
517 1765 553 1841 ᾖ
587 1765 762 1839 ὄνομα
794 1770 1089 1841 Σουσάννα,
1124 1771 1365 1847 θυγάτηρ
1391 1770 1647 1841 Χελκίου,
1680 1770 1824 1839 καλὴ
1858 1769 1989 1849 σφό-

330 1852 430 1929 δρα
462 1856 553 1910 καὶ
584 1851 898 1934 φοϐουμένη
930 1858 1022 1912 τὸν
1055 1857 1280 1935 Κύριον.
1320 1884 1347 1911 ››

400 1947 456 2003 2.
482 1950 651 2018 Ὁμοῦ
700 1945 765 2001 τὰ
821 1948 1209 2020 κανονιζόμενα
1266 1956 1365 2019 τῆς
1425 1947 1667 2012 Παλαιᾶς
1711 1951 1986 2020 Διαθήκης

336 2029 526 2109 βιϐλία
586 2034 756 2089 εἷ’κοσι
825 2033 943 2106 δύο,
1008 2037 1269 2113 ἰσάριθμα
1324 2043 1440 2100 τοῖς
1508 2039 1792 2116 γράμμασι
1877 2043 1984 2094 τῶν

327 2120 613 2200 Ἐδραίων.
646 2129 890 2180 Τοσαῦτα
919 2126 1018 2202 γάρ
1053 2127 1153 2181 εἰσι
1184 2128 1313 2202 παρ’
1335 2128 1518 2190 αὑτοῖς
1548 2129 1615 2183 τὰ
1647 2133 1913 2203 στοιχεῖα.

399 2214 587 2276 Ἐκτὸς
622 2211 679 2269 δὲ
710 2214 915 2270 τούτων
949 2214 1050 2270 εἰσί
1081 2216 1243 2271 πάλιν
1278 2212 1431 2293 ἔτερα
1460 2212 1651 2294 βιϐλία
1680 2224 1778 2287 τῆς
1818 2218 1987 2286 αὑτῆς

328 2301 591 2374 Παλαιᾶς,
625 2305 921 2375 Διαθήκης,
955 2304 1017 2359 οὑ
1046 2305 1440 2380 κανονιζὸμενα
1474 2309 1595 2379 μὲν,
1624 2307 1990 2382 ἀναγινωσκό-

333 2413 462 2466 μενα
494 2390 552 2447 δὲ
585 2392 748 2466 μόνον
779 2398 898 2455 τοῖς
930 2396 1373 2469 κατηχουμένοις
1403 2401 1594 2451 ταῦτα’

403 2480 578 2559 Σοφία
608 2481 965 2554 Σολομῶνος,
1027 2481 1089 2536 οὗ
1119 2486 1153 2552 ἡ
1186 2484 1357 2560 ἀρχή·
1393 2509 1421 2538 ι(
1458 2486 1803 2561 Ἀγαπήσατε
1834 2482 1985 2542 δικα-

335 2571 578 2642 ιοσύνην,
612 2572 664 2625 οἱ
694 2570 937 2647 κρίνοντς
966 2573 1065 2641 τὴν
1097 2578 1223 2648 γῆν.
1253 2597 1281 2626 ››

405 2658 581 2734 Σοφία
639 2660 816 2729 Ἰησοῦ
874 2660 993 2713 υἱοῦ
1038 2662 1239 2736 Σιρὰχ,
1273 2662 1335 2716 οὗ
1367 2664 1402 2731 ἡ
1425 2662 1597 2738 ἀρχή·
1633 2687 1660 2715 ‹‹
1715 2668 1863 2717 Πᾶσα
1894 2684 1985 2718 σο-

330 2747 428 2825 φία
484 2748 630 2823 παρὰ
679 2747 895 2822 Κυρίου,
974 2750 1063 2803 καὶ
1142 2752 1255 2824 μετ’
1329 2752 1494 2807 αὑτοῦ
1571 2752 1711 2807 ἐστιν
1757 2753 1834 2815 εἷς
1891 2754 1982 2808 τὸν

331 2836 524 2892 αἰῶνα.
562 2859 590 2886 ‹‹

400 2926 623 2999 Ἐσθὴρ,
682 2923 744 2980 οὗ
800 2927 835 2996 ἡ
897 2926 1068 3003 ἀρχήο
1131 2953 1158 2980 ‹‹
1211 2930 1401 2992 Ἔτους
1434 2927 1682 3006 δευτέρου
1716 2934 1847 3002 (74),
1886 2933 1985 3007 βα-

336 3014 641 3077 σιλεύοντος
673 3016 1021 3091 Ἀρταξέρξου
1059 3022 1155 3072 τοῦ
1190 3018 1452 3095 μεγάλου,
1502 3023 1571 3094 τῇ
1606 3025 1705 3093 μιᾷ
1731 3025 1828 3075 τοῦ
1860 3028 1982 3076 Νει-

338 3108 425 3174 σᾷν
485 3103 730 3159 ἐνύπνιον
800 3102 910 3160 εἶδε
969 3104 1319 3183 Μαρδοχαῖος
1378 3110 1407 3164 ὁ
1462 3114 1560 3164 τοῦ
1606 3109 1828 3187 Ἰαείρου
1882 3114 1981 3165 τοῦ

333 3193 518 3265 Σεμεεὶ
547 3193 645 3248 τοῦ
677 3192 922 3263 Κισαίου,
952 3195 1012 3251 ἐκ
1040 3196 1217 3274 φυλῆς
1248 3197 1521 3271 Βενιαμίν.
1559 3222 1587 3251 ››

396 3278 632 3353 Ἰουδὴθ,
694 3281 755 3336 οὗ
810 3282 981 3358 ἀρχή·
1043 3310 1070 3337 ‹‹
1115 3286 1306 3348 Ἔτους
1360 3284 1668 3344 δωδεκάτου
1697 3291 1795 3358 τῆς
1830 3290 1976 3365 βασι-

326 3367 474 3432 λείας
528 3366 1052 3448 Ναϐουχοδονόσωρ,
1115 3373 1173 3436 ὅς
1218 3369 1560 3431 ἐϐασίλευσεν
1591 3377 1889 3455 Ἀσσυρίων
1922 3378 1975 3434 ἐν

325 3459 526 3524 Νινευὶ,
560 3463 629 3533 τῇ
662 3460 821 3515 πόλει
853 3466 921 3535 τῇ
960 3462 1255 3538 μεγαλῃ,ὲν
1284 3469 1401 3527 ταῖς
1432 3464 1974 3545 ἡμέραιςἈρφαξὰδ,

325 3546 385 3609 ὅς
416 3542 731 3603 ἐϐασίλευσε
761 3547 962 3620 Μήδων
995 3550 1046 3605 έν
1081 3548 1451 3616 Ἐκϐατάνοις,
1485 3578 1514 3606 ››

393 3632 597 3704 Τωϐὶτ,
656 3636 717 3692 οὗ
776 3640 811 3709 ἠ
846 3640 1015 3715 ἀρχήο
1077 3666 1104 3693 ‹‹
1154 3637 1355 3703 Βίϐλος
1405 3642 1582 3720 λόγων
1622 3641 1821 3713 Τωϐὶτ,
1878 3651 1976 3703 τοῦ

325 3720 580 3797 Τωϐιὴλ,
611 3730 709 3781 τοῦ
740 3727 1021 3796 Ἀνανιήλ.
1051 3735 1152 3784 τοῦ
1184 3728 1447 3801 Ἀδουήλ,
1476 3737 1574 3788 τοῦ
1613 3729 1858 3805 Γαϐαήλ,
1919 3736 1979 3792 ἐκ

317 3819 416 3869 τοῦ
448 3815 757 3890 σπέρματος
790 3816 988 3886 ’Δσεήλ
1023 3822 1155 3891 (75),
1192 3818 1253 3874 ἐκ
1278 3823 1377 3889 τῆς
1408 3820 1589 3900 φυλῆς
1640 3825 1976 3902 Νεφθαλεῖμ,

324 3904 382 3966 ὅς
440 3903 856 3979 ᾐχμαλωτεῦθη
919 3905 969 3961 ἐν
1016 3906 1249 3984 ἡμέραις
1280 3910 1667 3988 Ἐννεμεσάρου
1692 3917 1790 3968 τοῦ
1825 3915 1977 3988 βασι-

330 3992 470 4055 λέως
502 3993 819 4067 Ἀσσυρίων.
854 4018 884 4046 ››

398 4086 642 4138 Τοσαῦτα
670 4084 759 4138 καὶ
816 4083 884 4139 τὰ
917 4085 992 4158 μή
1025 4086 1435 4159 κανονιζόμενα.
1468 4090 1617 4151 Τινὲς
1654 4090 1838 4162 μέντοι
1866 4096 1977 4147 τῶν

326 4169 577 4226 παλαιῶν
639 4172 887 4249 εἰρήκασι
943 4172 1311 4243 κανονίζεσθαι
1369 4177 1496 4252 παρ’
1554 4172 1828 4250 Ἑϐραίοις
1886 4180 1978 4235 καὶ

324 4260 425 4328 τὴν
483 4262 704 4335 Ἐσθήρ·
768 4261 859 4315 καὶ
915 4263 1015 4332 τὴν
1052 4263 1148 4336 μὶν
1201 4262 1379 4334 Ῥοὺο,
1442 4264 1709 4338 μετὰτῶν
1762 4269 1975 4345 Κριτῶν

323 4349 643 4422 ἑνουμένην,
725 4350 803 4413 εἲς
886 4348 940 4406 ἓν
1022 4347 1236 4428 βιϐλίον
1321 4352 1686 4429 ἀριθμεῖσθαιο
1754 4359 1851 4426 τήν
1920 4355 1980 4413 δὲ

321 4436 519 4511 Ἐσθὴρ
578 4435 654 4499 εἷς
711 4432 893 4513 ἕτερον
948 4434 1024 4493 ἕν’
1058 4439 1149 4494 καὶ
1182 4440 1324 4495 οὕτω
1355 4440 1520 4497 πάλιν
1554 4441 1630 4505 εἷς
1681 4442 1849 4500 ε’ίκοσι
1882 4443 1977 4501 δύο

327 4522 792 4598 συμπληροῦσθαι
820 4527 911 4581 τὸν
941 4526 1170 4605 ἀριθμὸν
1203 4534 1311 4584 τῶν
1370 4532 1799 4607 κανονιζομένων
1850 4536 1977 4609 παρ’

326 4614 514 4676 αὐτοῖς
550 4609 806 4690 βιϐλίων.

396 4705 449 4758 3.
483 4703 584 4759 Καὶ
616 4704 681 4758 τὰ
730 4704 823 4776 μὲν
855 4712 953 4774 τῆς
986 4704 1226 4769 Παλαιᾶς
1257 4710 1531 4780 Διαθήκης
1583 4706 1774 4785 βιϐλία
1803 4713 1870 4767 τά
1920 4734 1979 4767 τε

321 4791 717 4865 κανονιζόμενα
770 4794 858 4848 καὶ
918 4796 983 4849 τὰ
1043 4798 1118 4868 μὴ
1170 4797 1584 4871 κανονιζόμενα,
1615 4806 1840 4857 τοιαῦτα
1886 4802 1977 4858 καὶ

320 4879 578 4938 τοσαῦτα.

389 4970 463 5023 Τὰ
494 4968 551 5025 δὲ
579 4978 679 5040 τῆς
712 4973 913 5041 Καινῆς
945 4975 1239 5045 Διαθήκης,
1285 4974 1449 5031 πάλιν
1485 4976 1759 5053 ὠρισμένα
1806 5001 1863 5036 τε
1888 4981 1976 5036 καὶ

323 5060 745 5134 κεκανονισμένα
783 5057 992 5136 βιϐλία,
1023 5067 1209 5118 ταῦτα·

396 5149 545 5205 Κατά
574 5151 875 5221 Ματθαῖον,
911 5150 971 5205 οὗ
1002 5153 1035 5221 ἠ
1069 5152 1239 5228 ἀρχή·
1276 5179 1303 5206 ‹‹
1357 5149 1549 5211 Βίϐλοι
1570 5158 1831 5232 γενέσεως
1864 5160 1980 5231 Ἰη-

321 5237 417 5292 σοῦ
450 5244 711 5315 Χριστοῦ,
744 5240 868 5295 υἱοῦ
900 5235 1172 5317 Ἁϐραάμ,
1206 5267 1236 5294 ››

391 5458 505 5533 (12)
537 5458 604 5513 In
653 5458 850 5533 Greece
912 5460 1228 5532 Scriptura
1277 5466 1461 5528 textu,
1523 5462 1802 5533 Ἰεζεκιήλ.
1853 5470 1980 5522 Mox

320 5528 385 5608 in
402 5528 609 5585 Graeco
645 5530 969 5608 §cripturae
1026 5528 1187 5590 textu
1236 5534 1469 5606 legitur,
1526 5528 1766 5608 τετάρτῳ
1819 5538 1975 5608 μηνὶ;

320 5596 906 5693 πίῇτξὶτηῃτοῦομηξνός.
944 5674 955 5686 θ
1194 5675 1206 5693 ς
1284 5596 1324 5693 ξ’
1371 5676 1410 5693 μ
1456 5596 1475 5688 ζ
1655 5596 1663 5605 ⁷
1738 5596 1765 5693 ”
1819 5596 1857 5693 ἰ

389 5673 505 5745 (73)
538 5673 654 5730 Nec
685 5674 746 5731 in
777 5674 1012 5745 Grecis,
1046 5691 1152 5731 nec
1191 5675 1253 5731 in
1284 5676 1512 5733 Latinis
1541 5679 1976 5745 exemplaribus

320 5744 631 5819 prophetia
661 5745 916 5803 Danielis
937 5746 1064 5816 jam
1096 5746 1307 5821 incipit
1337 5766 1372 5807 a
1399 5748 1684 5808 Susanna
1706 5744 1977 5825 historia,

1455 388 1832 456 SYNOPSIS
1879 393 2344 465 SCRIPTURIE
2385 406 2685 474 SACRE.

328 522 446 584 υίὸς
473 522 686 595 Ἀμὼς,
743 523 811 591 ἢν
843 519 950 576 εἶδε
1005 521 1141 577 κατὰ
1186 528 1286 591 τῆς
1319 519 1577 614 Ἰουδαίας
1604 523 1695 578 καὶ
1720 526 1857 580 κατὰ
1884 532 1980 597 τῆς

2118 533 2285 590 ῗεαίεε
2314 536 2471 594 ﬁlius
2502 542 2699 614 Amos,

3631 442 3751 504 290

2749 563 2928 643 quam
2960 553 3105 643 vidit
3146 560 3429 622 adversus
3457 569 3748 643 Judaeum,

2100 626 2158 676 et
2212 625 2491 683 adversus
2546 630 2896 710 Jerusalem,
2958 642 3014 696 in
3049 661 3226 717 regno
3283 652 3450 723 Ozias,
3500 663 3557 714 et
3609 625 3751 718 ,Ιοειἐ

2100 710 2287 810 tham,
2320 724 2374 770 et
2404 719 2613 785 Achaz,
2665 728 2722 778 et
2755 726 3028 801 Ezechiae,
3063 710 3162 805 qui
3213 710 3634 810 regnaruntvin'
3650 710 3750 808 lu-

2100 799 2241 856 daaa.
2276 806 2451 870 Audi,
2486 809 2722 880 coelum,
2756 820 2813 869 et
2846 820 3089 877 auribus
3111 828 3366 901 precipe,
3396 838 3572 902 terra,
3606 857 3751 912 quo~

2100 889 2254 912 ,μμ
2611 898 2624 912 .
2751 907 2759 912 .

2100 889 2257 944 niam
2292 892 2579 953 Dominus
2611 898 2841 959 locutus
2874 912 2982 962 est.
3021 933 3041 959 υ

2170 978 2477 1050 Jeremias,
2537 989 2708 1057 cujus
2769 992 3001 1051 initium
3062 1006 3188 1059 est:
3248 1028 3277 1056 «
3327 1009 3584 1072 Verbum
3629 1018 3755 1088 Dei,

2170 1069 2254 1088 .-.Ἰ
2293 1070 2332 1088 1,
2361 1076 2396 1088 κι
2612 1080 2621 1088 ‘
2714 1080 2726 1088 ’
2772 1080 2793 1088 “
2968 1086 2974 1088 Α

2102 1069 2257 1138 quod
2292 1070 2508 1128 factum
2540 1080 2630 1182 est
2659 1080 2729 1134 ad
2762 1080 3078 1144 Jeremiam
3121 1092 3310 1152 filium
3342 1069 3754 1182 Chelkiaarq'ui

2100 1162 2226 1210 erat
2257 1174 2323 1213 ex
2358 1165 2780 1225 sacerdotibus.
2816 1194 2844 1220 »

2173 1245 2455 1345 Ezechiel,
2486 1255 2657 1345 cujus
2690 1259 3045 1334 principium
3080 1273 3205 1325 est:
3252 1296 3279 1324 «
3313 1276 3384 1332 Et
3414 1280 3631 1340 factum
3665 1293 3755 1345 est

2114 1332 2168 1386 in
2203 1352 2355 1390 anno
2386 1340 2702 1412 tricesimo,
2739 1364 2938 1407 mense
2983 1364 3212 1430 quarto,
3249 1368 3305 1418 et
3342 1383 3447 1439 ego
3501 1389 3661 1429 eram
3696 1378 3753 1434 in

2102 1424 2294 1529 me‘dio
2318 1428 2667 1498 captivitatis
2691 1437 2763 1491 ad
2796 1424 3015 1498 ﬂumen
3045 1424 3298 1522 Chobar,
3321 1424 3755 1529 ειυαρρῖιῖξῖλέιῖ

2100 1511 2225 1566 οωιὶ
2255 1529 2266 1567 :
2301 1522 2357 1569 et
2389 1517 2502 1574 vidi
2540 1521 2792 1581 visiones
2824 1529 2943 1586 Dei.
2978 1556 3005 1584 »

2175 1603 2392 1671 Daniel,
2428 1610 2597 1678 cujus
2628 1617 2931 1674 exordium
2976 1628 3100 1679 est:
3138 1650 3163 1677 «
3201 1630 3269 1684 Et
3308 1640 3431 1690 erat
3460 1639 3548 1694 vir
3582 1642 3750 1701 habi-

2100 1691 2233 1745 tans
2264 1692 2320 1747 in
2356 1696 2666 1799 Babylone,
2700 1708 2756 1758 et
2787 1722 2998 1766 nomen
3034 1713 3130 1770 ille
3159 1717 3413 1792 Joakim,
3438 1734 3496 1782 et
3520 1691 3752 1806 accepit

2101 1795 2360 1852 uxorem,
2405 1789 2641 1846 nomine
2690 1793 3020 1856 Susannam
3072 1804 3251 1863 ﬁliam
3297 1789 3568 1889 Chelkiae,
3616 1789 3749 1894 pul-

2104 1871 2295 1894 AL”,
2656 1884 2689 1894 ..
2845 1892 2849 1894 .
2990 1891 3014 1894 μ

2100 1871 2303 1928 chram
2335 1876 2518 1946 valde,
2553 1897 2619 1936 ac
2650 1884 2954 1945 timentem
2988 1891 3322 1957 Dominum.
3362 1926 3389 1952 ››

2168 1962 2222 2015 2.
2258 1963 2633 2059 Sunt‘itaque
2657 1976 2920 2031 canonici
2975 1981 3193 2041 Veteris
3224 1989 3583 2055 Testamenti
3615 2001 3749 2059 libri

2101 2067 2344 2107 numero
2375 2054 2583 2127 viginti
2615 2061 2750 2131 duo,
2784 2063 2992 2123 litteris
3038 2074 3336 2135 Hebraicis
3370 2101 3612 2145 numero
3644 2109 3747 2163 pa-

2101 2155 2188 2163 -Αιι-
2246 2141 2477 2163 ΠῚΑΛὲΔ-νν
2622 2149 2634 2161 ο
2872 2158 2885 2163 -
2924 2157 2976 2163 .--

2099 2155 2211 2194 res.
2246 2141 2511 2199 Totidem
2544 2149 2699 2205 enim
2732 2158 2886 2223 apud
2922 2157 3051 2216 illos
3082 2170 3221 2220 sunt
3258 2141 3565 2233 elementa.

2174 2232 2384 2286 Praeter
2417 2233 2559 2290 istos
2590 2245 2786 2296 autem
2819 2252 2958 2301 sunt
2988 2251 3178 2308 adhuc
3208 2256 3306 2313 alii
3337 2263 3602 2331 ejusdem
3636 2270 3743 2328 Ve-

2097 2318 2239 2373 teris
2266 2319 2621 2379 Testamenti
2674 2328 2803 2385 libri
2857 2352 2967 2390 non
3006 2345 3290 2416 canonici,
3343 2318 3439 2422 qui
3473 2359 3745 2416 catechu-

2099 2407 2288 2462 menis
2318 2414 2550 2468 tantum
2586 2414 2879 2489 leguntur.
2914 2425 3165 2487 Scilicet.

2174 2947 2398 3017 Esther,
2434 2954 2603 3023 cujus
2633 2954 2869 3016 initium
2903 2969 3027 3021 est:
3062 2991 3091 3019 «
3123 2976 3293 3030 Anno
3337 2984 3615 3049 secundo,
3651 3004 3740 3043 re-

2090 3044 2306 3113 gnante
2338 3045 2652 3100 Artaxerxe
2699 3046 2931 3121 Magno,
2967 3071 3083 3112 una
3141 3060 3234 3117 die
3283 3069 3503 3125 mensis
3534 3071 3736 3142 Nisan,

2090 3131 2386 3186 somnium
2432 3131 2578 3188 vidit
2622 3138 3041 3215 Mardochaeus,
3094 3148 3251 3206 filius
3298 3153 3465 3228 Jairi,
3500 3158 3600 3216 filii
3635 3131 3734 3220 Se:

2092 3220 2227 3287 mei,
2260 3218 2365 3274 ﬁlii
2396 3219 2586 3293 Kiszei,
2620 3240 2687 3279 ex
2719 3227 2911 3286 tribus
2938 3235 3266 3305 Benjamin.
3302 3264 3330 3292 ››

2157 3308 2386 3375 Judith,
2409 3312 2578 3382 cujus
2601 3313 2952 3388 principium
2977 3328 3103 3380 est:
3144 3346 3166 3376 α
3196 3334 3363 3387 Anno
3387 3335 3735 3399 duodecimo

2087 3397 2249 3469 regni
2283 3398 2840 3477 Nabuch-3donosor,
2874 3411 2974 3481 qui
3005 3412 3064 3469 in
3089 3420 3325 3490 Assyria
3355 3429 3639 3499 regnavit,
3671 3429 3735 3487 in

2087 3486 2291 3542 Ninive
2335 3488 2566 3547 civitate
2615 3510 2848 3567 magna,
2900 3500 2958 3556 in
3016 3486 3221 3564 diebus
3265 3486 3734 3591 Arphaxad,qui

2086 3577 2384 3633 Medorum
2417 3596 2514 3635 rex
2546 3580 2654 3637 fuit
2682 3582 2739 3638 in
2774 3587 3107 3649 Ecbatanis.
3140 3617 3169 3645 »

2158 3666 2348 3733 Tobit,
2379 3669 2549 3739 cujus
2592 3674 2894 3732 exordium
2950 3685 3075 3737 est:
3111 3706 3139 3734 «
3196 3686 3367 3744 Liber
3393 3708 3735 3755 sermonum

2087 3753 2423 3852 Tobit,_filii
2470 3758 2692 3852 Tobiel.
2742 3764 2846 3818 ﬁlii
2902 3771 3165 3843 Ananiel,
3217 3776 3318 3832 ﬁlii
3374 3784 3582 3852 Aduel,
3628 3753 3734 3842 sui

2088 3842 2327 3915 Gabael,
2374 3860 2442 3900 ex
2489 3848 2714 3906 semine
2771 3855 2932 3910 Asiel
2979 3859 3048 3915 de
3097 3842 3255 3920 tribu
3315 3842 3733 3941 Nephthalim:

2090 3933 2187 4005 qui
2221 3932 2279 3988 in
2311 3934 2703 4007 captivitatem
2736 3943 3031 4004 adductus
3076 3951 3187 4008 fuit
3216 3954 3275 4010 in
3307 3932 3516 4018 diebus
3545 3963 3738 4021 Enno-

2089 4021 2300 4077 mesari
2327 4024 2481 4097 regis
2510 4029 2902 4100 Assyriorum.
2937 4059 2964 4087 ››

2157 4110 2264 4166 Tot
2295 4118 2433 4168 sunt
2462 4113 2594 4170 libri
2629 4118 2847 4176 Veteris
2876 4125 3259 4201 Testamenti,
3298 4153 3413 4193 non
3444 4141 3734 4199 canonici.

2087 4198 2332 4262 Quidam
2366 4218 2499 4257 vero
2530 4220 2598 4260 ex
2628 4208 2938 4283 veteribus,
2961 4218 3117 4287 apud
3147 4198 3418 4282 Hebraeos
3434 4245 3536 4300 pro
3569 4248 3737 4288 cano-

2088 4287 2238 4344 nicis
2269 4292 2525 4361 reputari
2569 4293 2860 4366 dixerunt,
2915 4301 3133 4362 librum
3187 4310 3393 4369 Esther
3416 4287 3519 4383 ;.et
3548 4287 3738 4377 histo-

2088 4377 2235 4432 riam
2271 4378 2420 4434 Ruth
2449 4396 2581 4437 cum
2625 4383 2888 4444 historiis
2916 4391 3192 4452 Judicum
3247 4417 3360 4457 uno
3390 4377 3538 4461 libro
3577 4425 3739 4464 com-

2088 4465 2370 4537 prehendi
2402 4473 2457 4524 et
2486 4477 2860 4531 annumerari
2889 4497 2902 4535 :
2935 4481 3142 4539 Esther
3161 4503 3293 4544 vero
3320 4508 3424 4563 pro
3453 4494 3568 4551 alio
3590 4497 3739 4555 libro

2088 4557 2412 4628 computari
2440 4575 2453 4613 :
2485 4565 2661 4649 atque
2691 4565 2771 4620 ita
2802 4583 3007 4625 rursus
3040 4590 3353 4635 numerum
3386 4582 3591 4655 viginti
3621 4587 3739 4643 duo

2007 4634 2056 4701 D
2088 4640 2842 4723 canonicorum‘librorum,
2870 4662 3021 4731 apud
3050 4662 3180 4720 illos
3205 4634 3484 4741 compleri
3515 4674 3736 4731 volunt.

2159 4734 2212 4788 3.
2249 4735 2318 4789 Et
2348 4740 2433 4793 tot
2465 4739 2699 4810 quidem
2734 4753 2875 4803 sunt
2905 4757 2961 4803 et
2990 4752 3280 4822 ejusmodi
3312 4734 3443 4816 cum
3478 4763 3536 4818 in
3571 4780 3741 4819 cano-

2091 4839 2182 4890 ne,
2218 4828 2340 4879 tum
2373 4832 2533 4884 extra
2562 4846 2868 4906 canonem,
2903 4838 3127 4899 Veteris
3156 4845 3516 4907 Testamenti
3547 4852 3701 4908 libri.

2160 5002 2301 5058 Novi
2334 5021 2490 5073 vero,
2524 5009 2897 5071 determinati
2929 5022 2986 5073 et
3016 5024 3283 5080 canonici
3316 5032 3461 5085 sunt
3491 5029 3588 5086 isti
3617 5049 3628 5087 :

2160 5183 2497 5269 Secundum
2520 5188 2889 5269 Mentissam,
2911 5199 3336 5269 cujusinitium
3361 5211 3486 5262 est:
3520 5232 3547 5260 κ
3574 5209 3743 5266 Liber

2088 5257 2481 5326 generationis
2509 5260 2647 5317 Jesu
2681 5257 2917 5334 Christi,
2951 5257 3053 5325 ﬂ'lii
3089 5257 3469 5333 Abraham;

2085 5466 2146 5522 in
2162 5468 2375 5551 [graeco
2407 5472 2621 5551 Script.
2644 5476 2770 5551 jam
2804 5477 3036 5551 legitur,
3063 5482 3334 5545 Σωσάννα.

2157 5539 2268 5623 (74)
2301 5542 2428 5623 llaec
2458 5539 2901 5623 nonbabentur
2929 5553 2986 5608 in
3008 5539 3494 5621 Hebraicoqtextu.
3518 5567 3579 5621 In
3598 5566 3737 5623 Vul-

2086 5615 2448 5691 gata_autem
2482 5617 2720 5691 legitur,
2750 5636 2875 5691 cap.
2917 5625 3004 5678 11.

2157 5682 2267 5756 (75)
2300 5685 2362 5741 In
2392 5682 2587 5745 Gracuo
2618 5682 2934 5762 Scriptura
2965 5698 3122 5752 textu
3153 5696 3387 5772 legitur.
3418 5704 3634 5778 Ἀσιήλ.
