4154 6364
378 425 494 488 291

1580 414 1645 476 s.
1694 408 2220 473 ATHANASIUS.
2243 439 2325 454 -
2351 408 2617 500 prima.

3675 423 3799 484 292

451 555 784 612 Secundum
815 553 1100 616 Marcum,
1131 549 1302 620 cujus
1322 547 1556 602 initium
1591 549 1682 602 est
1707 562 1719 600 :
1745 567 1773 594 «
1805 543 2026 599 Princi-

2215 538 2362 596 Κατᾶ
2389 539 2629 614 Μάρκον,
2662 538 2724 595 οῦ
2755 543 2789 611 ἠ
2824 543 2992 619 ἀρχή·
3031 567 3057 594 ‹‹
3100 545 3275 620 Ἀρχὴ
3307 549 3404 601 τοῦ
3455 546 3802 625 Εὖαγγελίου

381 645 544 718 pium
576 641 866 716 Evangelii
897 639 1034 696 Jesu
1084 637 1321 701 Christi,
1355 636 1483 692 Filii
1515 635 1617 691 Dei
1647 652 1660 690 :
1702 634 1856 689 sicut
1887 631 2029 687 scri-

382 740 549 807 ptum
581 731 758 789 estin
808 730 961 786 isaia
1011 727 1327 799 propheta:
1379 726 1522 781 Ecce
1569 739 1674 797 ego
1725 722 1893 776 mitto
1927 737 2030 774 an-

381 822 579 897 gelum
611 835 809 876 meum
861 823 996 874 ante
1051 817 1262 872 faciem
1290 819 1480 884 tuam,
1529 813 1628 886 qui
1677 809 2033 885 praeparabit

381 913 537 968 viam
567 915 758 966 tuam.
795 929 823 958 ι)
1654 951 1662 959 .

445 998 790 1058 Secundum
822 1002 1060 1062 Lucam,
1081 994 1251 1066 cujus
1272 993 1505 1048 initium
1531 996 1617 1048 est
1643 1007 1655 1044 :
1690 1013 1720 1041 «
1744 989 2031 1053 Quoniam

383 1089 553 1146 multi
587 1087 780 1144 conati
811 1091 950 1141 sunt
978 1089 1283 1140 contexere
1313 1081 1704 1138 narrationem
1736 1079 1808 1135 de
1838 1079 1911 1133 iis
1943 1093 2033 1132 re-

383 1183 520 1248 bus,
550 1195 674 1250 qua
703 1174 1045 1231 certissimae
1075 1177 1215 1228 sunt
1243 1172 1394 1227 inter
1429 1187 1536 1226 nos
1570 1170 1722 1225 fidei.
1764 1192 1784 1217 ι

457 1266 791 1324 Secundum
819 1263 1127 1328 Joannem,
1161 1261 1331 1331 cujus
1361 1258 1715 1331 principium
1745 1261 1870 1313 est:
1904 1278 1934 1306 «
1966 1258 2029 1311 In

386 1356 673 1430 principio
695 1357 818 1410 erat
835 1351 1116 1419 Verbum,
1135 1355 1192 1405 et
1216 1350 1472 1404 Verbum
1496 1352 1620 1404 erat
1643 1348 1796 1420 apud
1827 1347 2029 1412 Deum,

383 1452 441 1504 et
470 1447 624 1502 Deus
654 1447 776 1499 erat
805 1440 1085 1497 Verbum.
1136 1439 1253 1494 Hoc
1288 1444 1408 1494 erat
1463 1438 1520 1492 in
1556 1437 1842 1509 principio
1873 1435 2030 1508 apud

384 1536 591 1593 Deum.
619 1532 829 1590 Omnia
858 1547 960 1603 per
996 1530 1193 1600 ipsum
1250 1528 1399 1583 facta
1431 1531 1590 1595 sunt,
1641 1530 1700 1582 et
1729 1526 1857 1581 sine
1904 1525 2032 1594 ipso

384 1625 606 1681 factum
635 1625 726 1678 est
752 1619 899 1676 nihil
928 1617 1081 1690 quod
1114 1618 1335 1672 factum
1369 1619 1477 1672 est.
1517 1637 1545 1665 n

453 1715 558 1769 99
586 1715 728 1768 Acta
757 1707 1179 1780 apostolorum,
1212 1721 1464 1778 quorum
1513 1703 1868 1777 principium
1902 1708 2030 1759 est:

2143 629 2321 699 Ἰησοῦ
2380 633 2638 704 Χριστοῦ,
2698 632 2827 686 Υἱοῦ
2881 637 2978 686 τοῦ
3037 637 3190 688 Θεοῦ·
3251 636 3431 698 καθὼς
3497 637 3802 714 γέγραπται

2143 717 2194 773 ἐν
2227 723 2305 791 τῷ
2334 717 2529 789 Ἠσαίᾳ
2557 724 2636 792 τῷ
2669 723 2944 798 προφήτῃ
3000 719 3140 778 Ἰδοὸ
3189 722 3293 798 ἐγὼ
3336 724 3662 784 ἀποστέλλω
3710 732 3800 785 τὸν

2141 804 2368 882 ἄγγελόν
2401 829 2505 880 μου
2535 809 2642 884 πρὸ
2675 810 2972 885 προσώπου
3004 831 3121 881 σου,
3156 811 3215 874 ὅς
3265 813 3653 872 κατασλευάσει
3699 820 3798 889 τὴν

2141 893 2268 950 ὁδόν
2297 918 2413 954 σου.
2453 921 2480 948 n

2213 985 2357 1040 Κατᾶ
2414 992 2646 1056 Λουκᾶν,
2693 986 2755 1042 οῦ
2812 991 2846 1057 ἡ
2907 989 3076 1064 ἀρχή’
3132 1013 3158 1042 α
3214 991 3547 1070 Ἐπειδήπερ
3592 995 3801 1053 πολλοὶ

2143 1072 2501 1150 ἐπεχείρησαν
2533 1075 2885 1147 ἀνατάξασθαι
2919 1075 3176 1153 διήγησιν
3209 1081 3333 1155 περὶ
3375 1087 3481 1136 τῶν
3514 1084 3801 1159 πεπληρο-

2142 1163 2468 1238 φορημὲνων
2493 1165 2543 1220 ἐν
2577 1169 2711 1239 ἡμῖν
2746 1167 3101 1244 πραγμάτων.
3137 1193 3158 1220 s

2215 1255 2362 1310 Κατά
2413 1255 2690 1327 Ἰωάννην,
2724 1253 2785 1310 οῦ
2817 1258 2852 1325 ἡ
2884 1257 3053 1333 ἀρχή’
3093 1283 3122 1310 ‹‹
3155 1260 3240 1313 Ἐν
3274 1259 3420 1336 ἀρχῇ
3446 1264 3510 1330 ἦν
3540 1264 3568 1318 6
3602 1263 3798 1340 Λόγος,

2140 1343 2228 1396 καὶ
2261 1345 2288 1397 6
2324 1343 2500 1418 Λόγος
2531 1347 2594 1412 ἦν
2629 1347 2765 1420 πρὸς
2796 1347 2886 1400 τὸν
2910 1348 3060 1418 Θεὸν,
3092 1349 3181 1402 καὶ
3215 1350 3344 1411 Θεὸς
3397 1351 3462 1419 ἦν
3523 1353 3550 1406 ὁ
3600 1355 3798 1431 Λόγος.

2141 1431 2310 1494 Οὗτος
2341 1434 2406 1502 ἦν
2440 1432 2491 1488 ἐν
2520 1433 2668 1510 ἀρχῇ
2698 1436 2832 1510 πρὸς
2870 1435 2961 1490 τὸν
2994 1436 3147 1494 Θεόν.
3183 1439 3360 1492 Πάντα
3393 1436 3463 1492 δι’
3495 1440 3659 1496 αὐτοῦ
3690 1442 3802 1520 ἐγέ-

2140 1543 2282 1592 νετο,
2311 1522 2400 1576 καὶ
2433 1521 2608 1598 χωρὶς
2640 1523 2804 1579 αὐτοῦ
2838 1523 3046 1601 ἐγένετο
3074 1523 3252 1597 ούδὶν,
3281 1526 3312 1582 6'
3343 1530 3583 1605 γέγονεν.

2213 1701 2441 1776 Πράξεις
2471 1705 2578 1756 τῶν
2612 1701 3027 1774 ἀποστόλων,οῦ
3057 1705 3091 1774 ἡ
3121 1704 3292 1780 ἀρχή·
3329 1730 3356 1757 ‹‹
3387 1707 3487 1760 Τὸν
3523 1710 3617 1782 μὲν
3648 1715 3800 1786 πρῶ-

391 1822 418 1855 s
452 1803 714 1858 Primum
762 1798 1000 1871 quidem
1049 1812 1380 1852 sermonem
1415 1794 1521 1850 feci
1569 1794 1640 1849 de
1671 1793 1969 1858 omnibus,
1999 1808 2032 1847 ο

2179 1793 2248 1843 ὧν
2278 1789 2446 1864 λόγον
2503 1790 2853 1865 ἐποιησάμην
2902 1794 3025 1868 περὶ
3073 1795 3314 1867 πάντων,
3366 1796 3411 1850 ὧ
3441 1797 3689 1875 Θεόφιλε,
3722 1796 3794 1854 ὥν

383 1889 726 1964 The0phile,
757 1904 884 1960 quas
915 1887 1090 1958 ccepit
1115 1885 1289 1941 Jesus
1321 1885 1509 1940 facere
1539 1886 1596 1939 et
1625 1883 1850 1939 docere.
1897 1903 1923 1930 »

459 1979 763 2038 Catholica
784 1975 1060 2050 Epistolas
1075 1975 1441 2030 diversorum
1460 1972 1881 2045 apostolorum,
1905 1987 2036 2027 om-

391 2089 495 2131 nes
525 2084 771 2127 numero
800 2070 1047 2139 septem,
1080 2081 1197 2120 uno
1245 2061 1679 2135 comprehensa:
1718 2061 2034 2117 volumine.

458 2159 659 2219 Jacobi
691 2173 809 2213 una
838 2156 1008 2226 cujus
1039 2153 1394 2225 principium
1427 2156 1553 2207 est:
1588 2175 1615 2201 ‹‹
1649 2151 1906 2207 Jacobus
1942 2149 2038 2204 Dei

389 2268 457 2309 ac
491 2248 715 2307 Domini
748 2245 929 2301 nostri
988 2248 1128 2299 Jesu
1176 2241 1393 2298 Christi
1454 2257 1678 2310 servus,
1727 2239 2038 2295 duodecim

388 2340 663 2398 tribubus
696 2353 824 2408 quae
846 2338 986 2390 sunt
1016 2333 1074 2388 in
1107 2329 1492 2402 dispersione,
1525 2329 1798 2385 salutem.
1831 2350 1859 2378 »

462 2428 613 2486 Petri
635 2428 783 2493 duae,
808 2429 864 2480 et
886 2421 1096 2494 prioris
1117 2421 1355 2492 quidem
1378 2419 1612 2475 initium
1631 2423 1722 2473 est
1747 2435 1759 2472 :
1786 2440 1807 2466 ι
1835 2418 2040 2473 Petrus

390 2516 689 2592 apostolus
718 2515 858 2570 Jesu
887 2511 1125 2575 Christi,
1155 2509 1355 2564 electis
1384 2508 1624 2563 advenis
1654 2506 2041 2578 dispersionis

391 2608 585 2676 Ponti,
632 2602 889 2671 Galatia),
939 2598 1298 2672 Capadocics,
1331 2597 1478 2652 Asiae
1516 2601 1572 2652 et
1610 2597 1914 2668 Bithyniae,
1949 2612 2040 2651 se-

391 2697 653 2752 cundum
669 2689 1091 2764 praecientiam
1107 2687 1205 2743 Dei
1220 2686 1497 2753 Patris,in
1515 2685 2039 2741 sanctificationem

391 2783 668 2856 Spiritus,
700 2780 760 2834 in
791 2776 1182 2834 obedientiam
1213 2779 1271 2830 et
1299 2773 1698 2846 aspersionem
1732 2773 2041 2845 sanguinis

391 2873 532 2929 Jesu
563 2868 800 2936 Christi,
833 2866 1021 2939 gratia
1049 2864 1212 2920 vobis
1243 2868 1302 2918 et
1332 2879 1440 2934 pax
1463 2861 1899 2934 multiplicetur.
1939 2884 1967 2911 »

469 2957 808 3016 Posterioris
853 2970 990 3009 vero
1037 2952 1305 3008 initium:
1361 2972 1389 3000 «
1438 2951 1672 3006 Simeon
1735 2954 1936 3006 Petrus
1984 2955 2042 3006 et

395 3047 695 3123 apostolus
723 3049 864 3100 Jesu
894 3042 1134 3110 Christi,
1175 3040 1268 3097 his
1317 3039 1416 3112 qui
1461 3039 1813 3112 coaequalem
1863 3040 2039 3095 ﬁdem

396 3137 704 3194 nobiscum
753 3132 945 3190 sortiti
1001 3136 1161 3199 sunt,
1191 3129 1253 3186 in
1293 3129 1529 3200 justitia
1575 3129 1805 3185 Domini
1857 3129 2038 3184 nostri

392 3229 531 3284 Jesu
557 3224 795 3282 Christi.
834 3244 864 3273 η

466 3277 910 3379 Bouh—nisum,
965 3313 1025 3365 et
1079 3307 1281 3382 primas
1337 3307 1576 3380 quidem
1625 3307 1860 3363 initium
1911 3312 2036 3364 est:
2072 3277 2116 3344 α

403 3424 426 3454 ι
459 3404 620 3469 Quod
645 3406 768 3458 erat
797 3400 869 3455 ab
900 3399 1090 3469 initio,
1124 3398 1278 3469 quod
1311 3397 1670 3465 audivimus,
1707 3400 1860 3469 quod
1901 3396 2048 3451 vidi-

398 3510 534 3550 mus
561 3491 748 3549 ooulis
778 3489 1017 3559 nostris,
1065 3492 1124 3544 et
1157 3504 1370 3543 manus
1411 3491 1622 3542 nostris
1655 3491 2046 3542 contrectave-

397 3587 554 3650 runt,
584 3583 656 3637 de
686 3580 861 3636 verbo
891 3579 1040 3634 vitaa.
1075 3599 1104 3628 ››

466 3670 746 3728 Secundis
776 3683 911 3724 vero
935 3667 1174 3722 initium
1201 3683 1214 3720 :
1249 3688 1277 3716 ι(
1310 3666 1518 3722 Senior
1541 3664 1744 3721 Electae
1775 3664 2043 3737 dominis,

394 3765 454 3817 et
481 3759 622 3817 ﬁliis
652 3759 862 3831 ipsius,
894 3772 1042 3830 quos
1071 3771 1177 3828 ego
1209 3753 1391 3828 diligo
1422 3754 1482 3810 in
1515 3759 1774 3811 veritate.
1811 3777 1839 3804 ››

467 3937 672 3995 Tertia
701 3935 1043 3993 exordium:
1081 3957 1108 3984 ‹‹
1142 3933 1350 3989 Senior
1409 3933 1550 3989 Gaio
1603 3933 1835 4000 dilecto,
1869 3948 2043 4005 quem

393 4044 500 4102 ego
532 4027 712 4098 diligo
745 4027 802 4080 in
835 4025 1092 4080 veritate.
1124 4041 1151 4073 ιο

461 4118 626 4175 ,ἶιιᾶω
659 4134 798 4185 una,
828 4117 999 4188 cujus
1020 4115 1256 4171 initium
1280 4121 1405 4172 est:
1445 4139 1471 4167 «
1497 4116 1683 4172 Judas
1711 4115 1850 4171 Jesu
1878 4114 2044 4170 Chri-

393 4209 466 4264 sti
501 4223 724 4273 servus,
757 4207 936 4261 frater
983 4222 1117 4261 vero
1167 4205 1388 4274 Jacobi,
1437 4205 1665 4261 dilectis
1697 4205 1754 4259 in
1788 4204 1903 4260 Deo
1937 4209 2043 4260 Pa-

392 4302 501 4364 tre,
532 4301 591 4352 et
617 4295 756 4352 Jesu
788 4295 1019 4352 Christo
1049 4294 1316 4363 servatis,
1350 4294 1586 4350 vocatis.
1625 4317 1652 4343 »

463 4385 624 4442 Pauli
655 4383 904 4458 apostoli
935 4382 1192 4456 epistolae
1243 4383 1712 4455 quatuordecim,
1745 4381 1803 4436 in
1857 4398 2042 4437 unum

391 4475 666 4530 volumen
697 4477 1078 4530 enumerata.

464 4563 680 4630 Prima,
705 4563 774 4617 ad
799 4561 1292 4630 Romanos,cujus
1314 4559 1670 4632 principium
1695 4563 1782 4615 est
1809 4576 1820 4614 :
1846 4583 1871 4609 ‹‹
1902 4559 2046 4614 Pau-

2065 1917 2113 1982 Β
2142 1875 2343 1950 ἤρξατο
2375 1880 2404 1933 6
2436 1880 2646 1950 Ἰησοῦς
2679 1886 2853 1936 ποιεῖν
2882 1903 2938 1937 τε
2968 1882 3056 1936 καὶ
3086 1880 3378 1941 διδάσκειν.
3413 1909 3442 1936 ››

2220 1966 2514 2023 Καθολικαῖ
2549 1969 2862 2026 Ἐπιστολαὶ
2897 1968 3168 2049 διαφόρων
3203 1972 3606 2050 ἀποστόλων,αἱ
3637 1984 3800 2034 πᾶσαι

2147 2056 2301 2126 ἑπτὰ,
2337 2057 2413 2120 εἷς
2443 2057 2499 2112 ’ἐν
2527 2058 2920 2132 ἀριθμούμεναι
2959 2055 3195 2136 βιϐλίον.

2221 2142 2482 2202 Ἰακώϐου
2535 2148 2654 2220 μία,
2685 2152 2749 2217 ἧς
2782 2152 2816 2218 ἡ
2849 2149 3021 2225 ἀρχήε
3058 2177 3085 2203 ‹‹
3116 2147 3375 2216 Ἰάκωϐος
3409 2158 3544 2210 Θεοῦ
3573 2156 3660 2210 καὶ
3695 2163 3797 2212 Κυ-

2151 2234 2271 2311 ρίου
2323 2234 2500 2323 Ἰησοῦ
2549 2237 2783 2312 Χριστοῦ
2825 2235 3044 2313 δοῦλος,
3070 2245 3186 2302 ταῖς
3221 2239 3430 2298 δώδεκα
3459 2242 3653 2323 φυλαῖς
3683 2252 3799 2309 ταῖς

2150 2323 2202 2379 ἒν
2232 2325 2303 2396 τῇ
2333 2321 2623 2399 διασπορᾷ,
2655 2326 2888 2403 χαίρειν.
2923 2351 2951 2381 ››

2220 2412 2427 2490 Πίτρου
2459 2410 2575 2468 δύο·
2608 2413 2698 2469 καὶ
2729 2421 2827 2485 τῆς
2863 2416 2958 2488 μὶν
2991 2418 3217 2492 πρώτης
3247 2421 3281 2489 ἡ
3310 2419 3480 2497 ἀρχή·
3517 2446 3547 2474 ‹‹
3598 2422 3804 2499 Πέτρος

2149 2501 2458 2565 ἀπόστολος
2513 2505 2694 2574 Ἰησοῦ
2743 2505 2998 2580 Χριστοῦ,
3054 2505 3333 2571 ἐκλεκτοῖς
3397 2508 3804 2586 παρεπιδήμοις

2151 2587 2446 2666 διασπορᾶς
2497 2591 2725 2663 Πόντου,
2777 2592 3067 2664 Γαλατίας,
3126 2596 3533 2671 Καππαδοκίας,
3591 2601 3801 2674 Ἀσίας,

2149 2678 2239 2734 καί
2289 2679 2561 2750 Βιθυνίας,
2609 2683 2746 2736 κατὰ
2791 2683 3099 2760 πρόγνωσιν
3147 2691 3281 2742 Θεοῦ
3315 2689 3543 2765 Πατρὸς,
3573 2689 3624 2745 ἐν
3658 2693 3802 2767 ἁγια-

2150 2773 2274 2841 σμῷ
2321 2770 2658 2843 Πνεύματος,
2710 2772 2786 2834 είς
2838 2773 3080 2843 ὑπακοὴν
3130 2776 3219 2831 καὶ
3251 2776 3540 2853 ῥαντισμὸν
3569 2777 3798 2851 α’ίματος

2151 2859 2331 2929 Ἰησοῦ
2360 2861 2616 2934 Χριστοῦ,
2649 2861 2813 2936 χάρις
2846 2862 2972 2935 ὑμῖν
3005 2863 3096 2918 καὶ
3128 2865 3318 2941 εἰρήνη
3369 2865 3731 2936 πληθυνθείη.
3769 2891 3799 2920 ιι

2219 2950 2334 3017 Τῆς
2371 2945 2427 3002 δὶ
2459 2946 2706 3025 δευτέρας
2737 2951 2770 3019 ἡ
2795 2950 2964 3027 ἀργή·
3001 2977 3029 3004 ‹‹
3063 2953 3289 3027 Συμεών
3321 2955 3520 3030 Πέτρος
3548 2955 3638 3010 καὶ
3672 2956 3804 3011 ἁπό-

2148 3035 2343 3098 στολος
2376 3038 2555 3107 Ἰησοῦ
2585 3041 2819 3116 Χριστοῦ
2848 3047 2962 3102 τοῖς
2996 3041 3240 3117 ἰσότιμον
3272 3047 3405 3117 ἡμῖν
3440 3043 3676 3122 λαχοῦσι
3706 3043 3798 3100 πί-

2150 3146 2264 3180 στιν
2315 3125 2365 3180 ἐν
2435 3123 2746 3203 δικαιοσύνῃ
2800 3133 2897 3184 τοῦ
2956 3131 3153 3206 Κυρίου
3212 3134 3370 3205 ἡμῶν
3429 3137 3611 3204 Ἰησοῦ
3669 3139 3802 3209 Χρι-

2155 3235 2304 3271 στου.
2340 3239 2369 3266 ››

2224 3305 2473 3359 Ἰωάννου
2519 3312 2688 3381 τρεῖς·
2739 3307 2828 3361 καὶ
2876 3311 2973 3377 τῆς
3033 3309 3128 3382 μὶν
3155 3310 3379 3384 πρώτης
3407 3313 3442 3380 ἡ
3476 3310 3646 3388 ἀρχή.
3684 3336 3712 3365 ιι
3741 3319 3806 3368 Ὅ

2154 3395 2222 3464 ἦν
2257 3395 2346 3449 ἀπ’
2379 3396 2576 3470 ἀρχῆς,
2608 3395 2638 3450 6'
2666 3395 2996 3471 ἀκηκόαμεν,
3029 3398 3060 3453 6'
3100 3399 3414 3474 ἑωράκαμεν
3454 3406 3571 3463 τοῖς
3605 3401 3809 3480 ὀφθαλ-

2159 3489 2282 3558 μοῖς
2307 3486 2490 3557 ἡμῶν,
2521 3485 2609 3539 καὶ
2642 3486 2694 3540 αἱ
2732 3491 2914 3562 χεῖρες
2943 3489 3102 3561 ἡμῶν
3146 3487 3525 3566 ἐψηλάφησαν,
3556 3491 3678 3565 περὶ
3708 3494 3807 3546 τοῦ

2155 3572 2323 3650 λόγου
2351 3580 2452 3642 τῆς
2487 3579 2653 3645 ζωῆς.
2690 3600 2718 3626 ››

2224 3665 2340 3733 Τῆς
2400 3659 2457 3718 δὲ
2507 3661 2756 3739 δευτέρας
2805 3667 2840 3735 ἡ
2886 3665 3058 3742 ἀρχή’
3115 3691 3142 3718 ‹‹
3171 3668 3228 3722 '0
3258 3662 3618 3744 πρεσϐύτερος
3651 3666 3801 3724 ἔκλε-

2151 3754 2254 3825 κτῇ
2285 3751 2444 3828 κυρίᾳ
2489 3753 2579 3808 καὶ
2622 3758 2739 3817 τοῖς
2769 3754 2980 3816 τεκνοις
3013 3754 3203 3826 αὐτῆς,
3237 3756 3329 3820 οὕς
3384 3755 3489 3835 ἐγὼ
3519 3757 3714 3833 ἀγαπῶ
3745 3757 3796 3813 ιν

2153 3839 2402 3913 ἀληθείᾳ.
2439 3866 2467 3892 ››

2223 3932 2340 4001 Τῆς
2373 3928 2430 3985 δὲ
2471 3930 2659 4003 τρίτης
2713 3933 2748 4001 ἡ
2801 3931 2972 4008 ἀρχήο
3005 3958 3033 3985 ‹‹
3065 3934 3127 3991 Ὁ
3153 3929 3517 4010 πρεσϐύτερος
3549 3935 3694 4010 Γαίῳ
3725 3941 3804 4009 τῷ

2152 4017 2438 4096 ἀγαπητῷ,
2469 4016 2526 4074 ὅν
2561 4019 2670 4095 ἐγὼ
2701 4021 2894 4096 ἀγαπῶ
2927 4021 2978 4076 ἐν
3017 4021 3265 4096 ἀληθείᾳ.
3304 4048 3332 4075 ››

2226 4105 2404 4166 Ἰούδα
2437 4110 2556 4183 μία,
2605 4113 2670 4178 ἧς
2722 4111 2756 4179 ἡ
2808 4110 2979 4187 ἀρχή·
3036 4134 3063 4166 s
3125 4110 3328 4175 Ἰούδας
3363 4112 3543 4184 Ἰησοῦ
3572 4119 3808 4190 Χριστοῦ

2154 4194 2370 4269 δοῦλος,
2404 4195 2636 4264 ἀδελφὸς
2669 4195 2726 4252 δὲ
2753 4193 3043 4270 Ἰακώϐου,
3080 4205 3197 4263 τοῖς
3231 4201 3282 4256 ἐν
3316 4207 3432 4274 Θεῷ
3467 4202 3636 4280 Πατρὶ
3668 4204 3806 4280 ἠγα-

2153 4285 2444 4360 πημένοις,
2493 4285 2582 4342 καὶ
2611 4288 2792 4357 Ἰησοῦ
2825 4288 3042 4362 Χριστῷ
3068 4290 3458 4365 τετηρημένοις
3491 4289 3744 4362 κλητοῖς.
3781 4317 3803 4345 s

2225 4372 2445 4429 Παύλου
2493 4373 2803 4430 ἀποστόλου
2861 4374 3145 4432 ἐπιστολαὶ
3203 4375 3291 4450 δι’,
3346 4378 3421 4442 είς
3451 4375 3506 4436 ἓν
3541 4379 3812 4457 ἀριθμού-

2157 4483 2312 4536 μεναι
2347 4457 2585 4537 βιϐλίον.

2225 4555 2340 4626 (76)
2373 4553 2460 4608 Ἑν
2520 4551 2732 4628 πρώτῃ.
2782 4557 2817 4624 ἢ
2876 4555 3012 4630 πρὸς
3069 4554 3400 4628 Ῥωμαίους,
3449 4559 3577 4628 ήςὴ
3633 4557 3807 4634 ἀρχή·

394 4652 490 4708 lus
519 4667 722 4707 servus
750 4654 886 4706 Jesu
935 4649 1172 4718 Christi,
1207 4654 1443 4706 vocatus
1481 4647 1815 4720 Apostolus,
1851 4663 2039 4721 segre-

2179 4665 2190 4690 ‹
2220 4640 2434 4704 Παῦλος
2465 4639 2663 4705 δοῦλος
2697 4644 2873 4714 Ἰησοῦ
2907 4649 3160 4721 Χριστοῦ,
3192 4644 3398 4717 κλητὸς
3452 4647 3810 4718 Ἀπόστολος,

393 4744 568 4812 gatus
598 4740 657 4794 in
688 4737 1072 4810 Evangelium
1111 4737 1232 4793 Dei.
1266 4759 1294 4788 η

463 4829 548 4884 Ad
581 4827 912 4885 Corinthios
959 4829 1109 4894 duas,
1163 4825 1363 4899 primae
1391 4826 1626 4882 initium
1680 4832 1803 4882 est:
1838 4850 1865 4877 ‹‹
1903 4826 2046 4882 Pau-

391 4918 487 4974 lus
516 4921 757 4974 vocatus
785 4917 1101 4988 Apostolus
1122 4915 1260 4972 Jesu
1293 4916 1529 4984 Christi,
1557 4934 1659 4988 per
1688 4915 2045 4971 voluntatem

393 5007 518 5078 Dei,
558 5011 616 5064 et
672 5007 987 5063 Sosthenes
1035 5007 1235 5074 frater,
1289 5005 1558 5061 Ecclesiae
1613 5006 1730 5074 Dei,
1783 5022 1910 5077 quae
1958 5008 2049 5061 est

393 5095 676 5152 Corinthi.
717 5118 746 5147 »

463 5186 746 5242 Secunda
802 5183 1160 5257 principium
1220 5187 1344 5240 est:
1381 5207 1410 5235 ιι
1470 5182 1688 5240 Paulus
1744 5183 2046 5257 apostolus

392 5276 422 5331 J
430 5292 534 5332 esu
565 5275 804 5345 Christi,
830 5289 932 5347 per
949 5271 1306 5329 voluntatem
1333 5272 1454 5340 Dei,
1479 5277 1537 5329 et
1565 5273 1908 5332 Timotheus
1932 5275 2048 5331 fra-

395 5370 503 5432 ter,
536 5363 804 5420 Ecclesim
835 5363 961 5433 Dei,
993 5379 1120 5434 qua!
1152 5367 1243 5419 est
1272 5361 1556 5418 Corinthi.
1592 5385 1619 5413 ››

468 5452 706 5522 Quarta,
786 5453 858 5508 ad
932 5450 1194 5518 Galatas,
1270 5451 1441 5522 cujus
1498 5451 1852 5524 principium
1918 5457 2046 5510 est:

400 5562 428 5593 κ
459 5540 672 5598 Paulus
703 5540 1004 5615 spostolus
1055 5557 1170 5598 non
1204 5540 1276 5597 ab
1329 5539 1689 5611 hominibus,
1723 5557 1914 5615 neque
1945 5558 2050 5616 per

470 5765 579 5838 (76)
604 5761 786 5832 Forte,
818 5760 892 5816 ὧν
923 5759 1078 5836 πρώτ
1130 5803 1142 5818 .

2157 4731 2535 4810 ἀφωρισμένος
2568 4731 2642 4795 είς
2675 4731 3007 4809 Εὐαγγὲλιον
3036 4739 3189 4792 Θεοῦ.

2226 4822 2367 4896 Πρὸς
2417 4823 2728 4898 Κορινθίους
2772 4819 2889 4877 δύο·
2934 4824 3024 4877 καὶ
3062 4830 3161 4894 τῆς
3195 4825 3290 4898 μὲν
3321 4825 3545 4899 πρώτης
3569 4826 3604 4894 ἡ
3636 4823 3808 4901 ἀρχή·

2157 4908 2432 4973 «Παῦλος
2478 4910 2685 4982 κλητὸς
2734 4911 3071 4976 ’Δπόστολος
3115 4914 3299 4985 Ἰησοῦ
3342 4917 3576 4991 Χριστοῦ
3607 4910 3696 4968 διὰ
3726 4926 3812 4978 θε-

2158 4998 2404 5073 λήματος
2435 5004 2590 5069 Θεοῦ,
2623 4998 2714 5054 καῖ
2745 5001 3028 5072 Σωσθίνης
3061 5003 3088 5057 6
3118 4999 3374 5082 ἀδελφὸς,
3403 5007 3472 5078 τῇ
3515 5001 3814 5075 Ἐκκλησία

2153 5094 2250 5144 τοῦ
2284 5095 2418 5145 Θεοῦ
2447 5093 2516 5163 τῇ
2549 5089 2682 5165 οὑσῃ
2711 5089 2763 5144 ἐν
2798 5091 3062 5167 Κορίνθῳ.
3095 5117 3124 5145 ››

2225 5185 2330 5249 Τῆς
2374 5177 2431 5234 δὲ
2464 5177 2714 5256 δευτέρας
2745 5183 2779 5250 ἡ
2812 5179 2987 5256 ἀρχή·
3018 5204 3048 5233 ‹‹
3079 5179 3295 5245 Παῦλος
3345 5181 3652 5245 ἀπόστολος
3702 5182 3811 5250 Ἰη-

2155 5273 2250 5324 σοῦ
2274 5273 2508 5346 Χριστοῦ
2538 5267 2627 5325 διὰ
2657 5267 2968 5343 θελήματος
2993 5275 3147 5344 Θεοῦ,
3179 5271 3269 5326 καὶ
3299 5271 3564 5346 Τιμόθεος
3596 5273 3625 5328 6
3658 5268 3816 5328 ἁδελ-

2156 5359 2368 5438 φὸς,τῇ
2403 5357 2703 5432 Ἐκκλησία
2733 5363 2828 5414 τοῦ
2861 5364 2995 5416 Θεοῦ
3024 5363 3094 5435 τῇ
3127 5360 3261 5437 οὔσῃ
3295 5360 3348 5418 ἂν
3374 5360 3640 5438 Κορίνθῳ.
3674 5384 3704 5413 ››

2225 5447 2461 5526 Τετάρτη
2516 5448 2652 5522 πρὸς
2709 5447 2972 5522 Γαλάτας,
3031 5451 3098 5519 ἧς
3149 5452 3185 5521 ἠ
3263 5452 3437 5527 ἀρχή·
3500 5475 3529 5504 ‹‹
3589 5448 3812 5514 Παῦλος

2156 5535 2462 5600 ἀπόστολος
2519 5536 2619 5592 οὐκ
2672 5537 2764 5592 ἀπ’
2815 5539 3134 5614 ἀνθρώπων,
3193 5537 3320 5596 ούδὶ
3367 5536 3438 5595 δι’
3491 5540 3813 5615 ἀνθρώπων,
