4154 6436
285 477 405 540 393
1390 459 1768 524 SYNOPSIS
1816 457 2287 522 SCRIPTUPuE
2328 457 2629 520 SACRIE.
3593 467 3714 526 294

287 608 431 666 ἀλλά
462 604 551 661 διὰ
580 605 760 673 Ἰησοῦ
794 602 1032 677 Χριστοῦ
1062 599 1149 653 καὶ
1181 594 1314 652 Θεοῦ
1345 594 1432 650 ml
1467 593 1699 670 Πατρός.
1734 617 1761 646 ››

2072 591 2493 660 nomines;sed
2523 609 2625 664 per
2653 591 2856 647 Jcsum
2905 593 3202 650 Christum
3257 602 3312 652 et
3369 603 3548 652 Deum
3608 603 3712 654 Pa-

2057 685 2228 736 trem.
2263 702 2291 729 ν

361 786 592 859 Πέμπτη
628 780 764 857 πρὸς
796 777 1095 856 Ἐφεσίους,
1118 779 1185 845 ἧς
1212 777 1246 844 ἠ
1281 777 1450 851 ἀρχή·
1488 799 1513 827 «ι
1547 771 1762 834 Παῦλος
1812 770 1946 825 ἀπό-

2131 769 2366 837 Quinta,
2401 771 2469 824 ad
2501 769 2805 841 Ephesios,
2841 772 3011 843 cujus
3044 771 3276 829 initium
3308 779 3430 830 est:
3480 799 3508 825 (ι
3570 781 3713 832 Pau-

288 857 484 938 στολος
516 874 700 943 Ἰησοῦ
731 871 965 945 Χριστοῦ
998 863 1086 921 διὰ
1117 864 1428 938 θελήματος
1461 863 1744 934 Θεοῦ,τοῖς
1779 860 1928 937 ἁγίοιι

2069 859 2153 914 lus
2186 857 2486 930 apostolus
2511 858 2651 914 Jesu
2676 859 2888 916 Christi
2921 877 3023 931 per
3050 860 3404 919 voluntatem
3433 865 3551 936 Dei,
3577 883 3709 921 san-

287 971 402 1028 τοῖς
435 961 585 1019 οὖσιν
616 961 667 1016 ἐν
704 959 935 1036 Ἐφέσῳ,
965 956 1053 1011 καὶ
1084 960 1298 1016 πιστοῖς
1350 954 1400 1009 ἐν
1446 951 1661 1029 Χριστῷ
1692 954 1886 1018 Ἰησοῦ.
1920 974 1927 1000 ι

2073 948 2170 1004 itis
2193 947 2292 1018 qui
2323 954 2463 1003 sunt
2491 948 2790 1020 Ephesi,et
2820 949 3094 1006 fidelibus
3127 951 3184 1006 in
3218 951 3449 1008 Christo
3496 953 3657 1009 Jesu.
3689 976 3713 1004 ››

363 1077 534 1141 ’Έκτη
595 1068 732 1143 πρὸς
788 1061 1220 1133 Φιλιππησίους,
1253 1064 1318 1129 ἧς
1351 1064 1385 1130 ἡ
1429 1061 1598 1136 ἀρχήο
1647 1084 1674 1111 ‹‹
1735 1055 1950 1119 Παῦλος

2133 1057 2326 1125 Sexta,
2387 1057 2457 1110 ad
2515 1056 2946 1127 Philippenses,
2998 1058 3168 1128 cujus
3216 1059 3520 1117 exordium
3581 1067 3713 1119 est:

299 1165 388 1220 ml
414 1160 699 1234 Τιμόθεος,
733 1153 923 1210 δοῦλοι
957 1154 1137 1223 Ἰησοῦ
1170 1155 1422 1226 Χριστοῦ,
1456 1156 1584 1204 πᾶσι
1630 1154 1745 1211 τοῖς
1779 1148 1939 1223 ἁγίοις

2074 1167 2095 1199 ιι
2127 1144 2343 1202 Paulus
2376 1150 2433 1201 et
2461 1146 2979 1212 Timotheus,servi
3001 1147 3142 1202 Jesu
3174 1148 3412 1218 Christi,
3440 1154 3714 1209 omnibus

302 1258 417 1313 τοῖς
467 1247 611 1304 οῦσιν
659 1245 708 1301 ἐν
762 1242 1088 1310 Φιλίπποις,
1124 1240 1214 1294 σὺν
1271 1239 1586 1300 ἐπισκόποις
1636 1237 1724 1292 καὶ
1776 1234 1942 1290 διακό-

2072 1238 2306 1302 sanctis,
2340 1236 2439 1308 qui
2470 1242 2611 1292 sunt
2639 1236 2949 1308 Philippis,
2982 1254 3116 1293 cum
3150 1241 3441 1312 episcopis
3493 1249 3551 1298 et
3595 1245 3712 1300 dia-

307 1362 444 1402 νοις.
478 1363 506 1390 ﬁ

2065 1326 2248 1382 conis.
2279 1346 2305 1378 ιι

379 1423 617 1497 Ἑϐδόμη
675 1423 811 1498 πρὸς
872 1418 1226 1485 Κολασσαεῖς,
1258 1421 1386 1487 ἦςὴ
1422 1418 1596 1492 ἀρχή·
1660 1439 1686 1470 σ
1739 1414 1953 1476 Παῦλος

2137 1416 2498 1487 Septima,ad
2531 1415 2932 1484 Colossenses,
2988 1418 3160 1488 cujus
3219 1421 3523 1476 exordium
3581 1428 3715 1478 est:

304 1513 607 1576 ἀπόστολος
663 1516 900 1587 Χριστοῦ
958 1512 1137 1580 Ἰησοῦ
1197 1506 1286 1562 διὰ
1334 1506 1648 1580 θελήματος
1680 1509 1835 1574 Θεοῦ,
1865 1503 1944 1558 καῖ

2073 1529 2095 1554 ι(
2131 1503 2344 1560 Paulus
2379 1504 2679 1576 apostolus
2709 1505 2844 1560 Jesu
2887 1506 3122 1577 Christi,
3190 1525 3292 1579 per
3347 1511 3713 1569 voluntatem

302 1603 567 1680 Τιμόθεος
598 1603 627 1658 ὁ
657 1599 913 1678 ἀδελφὸς,
945 1603 1059 1661 τοῖς
1088 1597 1139 1652 ἐν
1173 1596 1479 1658 Κολασσαῖς
1507 1593 1679 1672 ἁγίοις
1720 1594 1810 1649 καὶ
1865 1615 1942 1648 πι-

2083 1594 2169 1650 Dei
2203 1599 2260 1649 et
2288 1593 2630 1648 Timotheus
2663 1595 2956 1661 frater,his
2979 1597 3076 1666 qui
3111 1603 3251 1652 sunt
3291 1599 3723 1672 Colossis,san-

307 1701 454 1758 στοῖς
486 1691 748 1769 ἀδελφοῖς
779 1690 831 1745 ἐν
863 1687 1102 1764 Χριστῷ.
1136 1714 1159 1742 ι

2071 1683 2182 1740 otis
2207 1698 2273 1737 ao
2304 1681 2579 1738 ﬁdelibus
2613 1683 2897 1739 fratribus
2928 1684 2987 1738 in
3017 1685 3271 1742 Christo.
3310 1711 3335 1737 η

378 1801 520 1876 Πρὸς
580 1794 994 1856 Θεσσαλονικεὶς
1054 1793 1169 1848 δύο·
1204 1791 1292 1847 καί
1346 1794 1445 1861 τῆς
1500 1791 1596 1863 μὶν
1646 1792 1870 1866 πρώτης
1923 1791 1959 1857 ἡ

2145 1792 2230 1847 Ad
2258 1791 2812 1847 Thessalonicenses
2873 1793 3022 1860 dum,
3073 1794 3273 1864 prima;
3318 1797 3550 1854 initium
3603 1807 3723 1859 est:

308 1890 484 1964 ἀρχήο
527 1911 554 1940 ι(
587 1885 804 1948 Παῦλος
843 1883 933 1939 καὶ
967 1882 1264 1942 Σιλουανὸς
1295 1879 1381 1935 καί
1426 1879 1712 1953 Τιμόθεος,
1743 1882 1811 1952 τῇ
1841 1880 1948 1932 Έκ-

2091 1905 2103 1933 ‹
2132 1883 2347 1939 Paulus
2371 1887 2428 1938 et
2457 1882 2729 1938 Silvanus
2760 1887 2817 1938 et
2847 1884 3214 1956 Timotheus,
3250 1888 3515 1945 Ecclesiae
3544 1893 3731 1948 Thes-

305 1976 511 2049 κλησίᾳ
542 1971 1001 2043 Θεσσαλονικέων,
1036 1971 1088 2027 ἐν
1123 1972 1239 2044 Θεῷ
1279 1970 1449 2044 Πατρὶ
1496 1969 1585 2025 καὶ
1636 1967 1823 2043 Κυρίῳ
1856 1969 1945 2036 Ἰη·

2079 1972 2552 2042 salonicensium,
2627 1973 2686 2026 in
2759 1972 2872 2028 Deo
2921 1973 3104 2043 Patre,
3168 1982 3227 2032 et
3284 1979 3526 2035 Domino
3577 1983 3719 2038 Jesu

315 2072 411 2123 σοῦ
443 2070 682 2143 Χριστῷ.
722 2089 744 2116 η

2081 2061 2333 2117 Christo.
2368 2087 2389 2114 ι

384 2163 492 2226 Τῆς
527 2153 585 2209 δὲ
633 2152 883 2228 δευτέρας
915 2154 950 2220 ἡ
983 2150 1153 2226 ἀρχή·
1188 2173 1217 2202 ‹‹
1250 2148 1466 2209 Παῦλος
1522 2148 1612 2201 καὶ
1672 2145 1970 2206 Σιλουανὸς

2153 2152 2428 2206 Secundae
2461 2150 2693 2206 initium
2723 2167 2734 2204 :
2772 2175 2799 2201 ‹‹
2832 2152 3046 2208 Paulus
3069 2158 3124 2209 et
3153 2155 3423 2212 Silvanus
3453 2163 3508 2213 et
3539 2160 3732 2217 Timo-

319 2246 407 2301 ml
465 2243 753 2317 Τιμόθεος,
810 2245 878 2316 τῇ
912 2237 1210 2310 Ἐκκλησία
1264 2237 1722 2310 Θεσσαλοκικέων,
1757 2235 1808 2291 ἐν
1859 2235 1959 2306 ea;

2095 2238 2282 2304 theus,
2342 2237 2608 2293 Ecclesiae
2666 2238 3305 2313 Thessalonicensium,
3347 2244 3404 2299 in
3433 2251 3542 2301 Deo
3571 2252 3735 2304 Patre

319 2334 486 2411 Πατρὶ
517 2337 681 2407 ἡμῶν
711 2331 801 2386 ml
836 2331 1015 2407 Κυρίω
1043 2332 1224 2398 Ἰησοῦ
1249 2331 1483 2400 Χριστῷ.
1518 2350 1546 2379 n

1537 2351 1546 2378 ι
2088 2334 2302 2393 nostro,
2335 2331 2393 2381 et
2426 2326 2669 2381 Domino
2699 2329 2836 2382 Jesu
2870 2328 3121 2384 Christo.
3153 2350 3177 2381 ιι

391 2442 594 2511 Δεκάτη
627 2442 662 2510 ἡ
696 2439 831 2514 πρὸς
887 2431 1192 2510 Ἐϐραίους,
1237 2438 1303 2504 ῆς
1357 2437 1392 2503 ἡ
1454 2433 1626 2510 ἀρχή*
1661 2457 1688 2485 ι(
1722 2431 1976 2505 Πολυμε-

2165 2435 2419 2504 Decima,
2455 2435 2526 2488 ad
2560 2434 3031 2505 Hebrzsos,cujus
3064 2439 3367 2496 exordium
3398 2447 3505 2498 est:
3540 2467 3566 2494 «
3595 2445 3741 2500 Mul-

322 2537 430 2609 ρῶς
462 2529 552 2586 καὶ
581 2527 946 2603 πολυτρόπως
976 2525 1146 2579 πάλαι
1179 2527 1206 2580 ὁ
1238 2526 1365 2586 Θεὸς
1395 2521 1646 2594 λαλήσας
1701 2527 1817 2583 τοῖς
1877 2541 1962 2574 πα·

2098 2524 2348 2580 tifariam
2380 2528 2438 2578 et
2467 2521 2676 2577 multis
2711 2523 2901 2579 modis
2930 2524 3069 2580 olim
3103 2531 3254 2583 Deus
3276 2527 3508 2586 locutus
3558 2535 3738 2604 patri-

317 2621 509 2695 τράσιν
542 2619 592 2672 ἐν
631 2622 746 2678 τοῖς
795 2617 1127 2692 προφήταις,
1160 2612 1243 2668 ἐπ’
1302 2612 1536 2688 ἐσχάτου
1589 2616 1698 2668 τῶν
1759 2614 1957 2687 ἡμερῶε

2105 2616 2204 2668 bus
2228 2628 2330 2684 per
2360 2612 3021 2683 prophetas,novissime
3037 2617 3313 2673 extremis
3347 2619 3557 2677 diebus
3590 2624 3745 2680 loeu-

327 2707 596 2779 ἐλάλησεν
626 2709 760 2779 ἡμῖν
794 2706 845 2760 ἐν
883 2705 1009 2776 Υἱῷ.
1046 2728 1074 2756 ››

2093 2705 2295 2757 tusest
2327 2699 2572 2755 nobisin
2611 2700 2772 2756 Filio.
2811 2722 2838 2750 ››

407 2798 546 2868 Πρὸς
595 2795 855 2867 Τιμόθεον
901 2792 1017 2848 δόθ’
1069 2793 1157 2847 καὶ
1205 2799 1302 2861 τῆς
1353 2791 1446 2865 μὲν
1488 2791 1715 2867 πρώτης
1744 2791 1780 2859 ἡ
1811 2788 1982 2864 ἀρχη·

2169 2789 2254 2844 Ad
2285 2789 2657 2845 Timotheum
2693 2790 3050 2862 duas,primae
3083 2793 3318 2852 initium
3347 2803 3498 2854 estzu
3535 2801 3749 2861 Paulus

329 2913 357 2940 «
386 2883 601 2947 Παῦλος
633 2881 936 2944 ἀπόστολος
965 2884 1143 2952 Ἰησοῦ
1163 2878 1828 2957 Χριστοῦ,κατ’ἐπιταγήν
1854 2880 1969 2933 Θεοῑ

2109 2879 2402 2951 apostolus
2434 2878 2573 2933 Jesu
2608 2878 2845 2946 Christi,
2886 2883 3210 2938 secundum
3246 2894 3597 2959 praeceptum
3651 2893 3749 2949 Dei

336 2982 595 3051 Σωτῆρος
625 2977 786 3046 ἡμῶν
816 2973 906 3026 καὶ
939 2973 1173 3048 Χριστοῦ
1203 2971 1378 3036 Ἰησοῦ
1407 2977 1509 3040 τῆς
1537 2967 1757 3030 ἐλπίδος
1803 2971 1976 3042 ἡμῶν,

2107 2967 2414 3023 Salvatoris
2445 2967 2629 3022 nostri
2653 2971 2709 3022 et
2729 2967 2942 3024 Christi
2976 2972 3135 3041 Jesu,
3168 2974 3270 3045 qui
3319 2982 3407 3032 est
3436 2995 3570 3050 spes
3613 2998 3747 3037 nos-

335 3065 583 3137 Τιμοθέῳ
609 3062 824 3137 γνησίῳ
854 3060 1024 3133 τέκνῳ
1055 3059 1106 3115 ἐν
1142 3059 1340 3116 πίστει.
1376 3083 1404 3111 ››

2101 3063 2210 3122 tra,
2234 3056 2534 3113 Timotheo
2565 3073 2844 3129 germano
2877 3058 2995 3114 filio
3026 3060 3084 3115 in
3119 3062 3250 3118 ﬁde.
3285 3085 3313 3114 η

412 3177 514 3239 Τῆς
548 3167 606 3223 δὶ
645 3166 894 3244 δευτέρας
942 3169 976 3236 ἡ
1021 3167 1190 3241 ἀρχή·
1230 3191 1257 3220 ι(
1288 3165 1504 3228 Παῦλος
1547 3163 1853 3227 ἀπόστολος
1885 3167 1991 3236 Ἰη-

2175 3164 2457 3220 Secunda-‘3
2486 3180 2618 3220 vero
2644 3164 2877 3220 initium
2932 3173 3020 3222 est
3053 3184 3120 3223 :«
3175 3169 3390 3228 Paulus
3447 3178 3748 3248 apostolus

344 3264 435 3313 σοῦ
491 3261 726 3334 Χριστοῦ
787 3255 875 3311 διὰ
935 3255 1246 3329 Θελήματος
1305 3260 1461 3330 Θεοῦ,
1488 3257 1604 3311 κατ’
1663 3253 1984 3330 ἐπαγγελίαν

2117 3254 2239 3310 Iesu
2264 3253 2480 3309 Christi
2505 3270 2605 3324 per
2634 3253 2994 3310 voluntatem
3025 3256 3146 3327 Dei,
3197 3261 3366 3330 juxta
3414 3266 3757 3334 promissio-

337 3354 483 3418 ζωῆς
541 3355 641 3418 τῆς
692 3346 743 3401 ἐν
797 3350 1013 3422 Χριστῷ
1052 3347 1253 3416 Ἰησοῦ,
1285 3345 1537 3419 Τιμοθέῳ
1593 3343 1857 3422 ἀγαπητῷ
1903 3345 1977 3399 τέ-

2118 3360 2242 3399 nem
2277 3344 2430 3413 vitae,
2464 3359 2590 3414 quae
2628 3347 2717 3398 est
2748 3343 2806 3398 in
2837 3343 3070 3401 Christo
3099 3347 3260 3416 Jesu,
3283 3351 3590 3411 Timotheo
3612 3357 3758 3414 dile-

335 3460 465 3510 κνῳ.
512 3461 540 3489 ››

2106 3437 2198 3488 cto
2231 3432 2370 3488 ﬁlio.
2407 3454 2432 3481 υ

404 3521 852 3602 Τρισκαιδεκάτη,
886 3526 920 3593 ἡ
966 3523 1102 3599 πρὸς
1159 3522 1338 3594 Τίτον,
1370 3525 1438 3592 ἧς
1488 3525 1659 3600 ἀρχή·
1697 3549 1725 3577 ‹‹
1779 3522 1996 3586 Παῦλος

2179 3521 2375 3578 Tertia
2406 3521 2734 3586 decima,ad
2753 3523 3148 3596 Titum,cujus
3177 3526 3411 3585 initium
3431 3538 3522 3590 est
3539 3551 3589 3590 τα
3613 3537 3763 3593 Pau.

338 3613 534 3677 δοῦλος
567 3618 724 3682 Θεοῦ,
758 3612 1062 3676 ἀπόστολος
1111 3611 1168 3668 δὲ
1215 3610 1396 3683 Ἰησοῦ
1445 3615 1704 3688 Χριστοῦ,
1735 3615 1872 3670 κατὰ
1903 3611 1978 3668 πί·

2136 3630 2203 3668 us
2233 3628 2436 3667 servus
2464 3613 2581 3679 Dei,
2606 3612 2909 3683 apostolus
2952 3631 3083 3670 vero
3113 3617 3248 3672 Jesu
3281 3619 3520 3693 Christi,
3553 3642 3764 3681 secun-

342 3725 455 3759 στιν
515 3701 782 3759 ἐκλεκτῶν
837 3707 991 3768 Θεοῦ,
1042 3702 1132 3755 καὶ
1209 3701 1499 3776 ἐπίγνωσιν
1570 3699 1846 3774 ἀληθείας,
1903 3704 1982 3771 τῆι

2129 3703 2249 3757 lum
2277 3701 2452 3756 ﬁdem
2484 3700 2640 3754 100
2671 3700 2990 3758 electorum
3029 3705 3210 3773 Dei,et
3238 3709 3598 3780 agnitionem
3621 3717 3769 3771 veri-

340 3794 456 3848 κατ’
487 3786 758 3848 εὐσέϐειαν
793 3790 844 3846 ἐν
880 3789 1062 3846 ἐλπίδι
1098 3796 1242 3860 ζωῆς
1271 3791 1518 3848 αἰωνίου.
1553 3815 1583 3844 ››

2126 3791 2253 3846 tatis
2284 3791 2434 3860 ejus,
2467 3805 2594 3860 quae
2617 3793 2706 3845 est
2737 3791 3060 3848 secundum
3091 3794 3365 3865 pietatem
3390 3799 3447 3854 in
3479 3818 3583 3872 sps
3639 3803 3766 3861 vita:

2117 3886 2365 3937 aeterna.
2405 3902 2426 3929 ι

414 3983 994 4061 Τεσσαρεσκαιδεκάτη,
1023 3987 1057 4055 ἡ
1090 3986 1225 4060 πρὸς
1285 3986 1605 4059 Φιλήμονα,
1652 3989 1718 4055 ἧς
1763 3988 1799 4057 ἧ
1833 3982 2005 4063 ἀργή⁶

2189 3990 2409 4054 Quarta
2438 3984 2684 4057 decima,
2710 3987 2780 4041 ad
2839 3985 3259 4057 Philemonem,
3313 3995 3483 4065 cujus
3532 3997 3769 4056 initium

349 4100 377 4129 ι(
409 4075 628 4139 Παῦλος
659 4071 880 4148 δέσμιος
915 4076 1096 4144 Ἰησοῦ
1126 4079 1360 4144 Χριστοῦ
1387 4076 1477 4129 καὶ
1497 4074 1766 4147 Τιμόθεος
1796 4077 1823 4130 ὁ
1855 4073 1984 4131 ἀδελ

2135 4083 2246 4134 3st:
2286 4095 2309 4124 ε
2357 4074 2570 4130 Paulus
2601 4075 2833 4131 vinctus
2880 4077 3020 4132 Jesu
3072 4080 3285 4137 Christi
3317 4087 3373 4138 et
3429 4086 3775 4146 Timotheus

348 4166 468 4244 φὺς,
501 4164 787 4238 Φιλήμονι
817 4168 897 4237 τῷ
930 4164 1193 4241 ἀγαπητῷ
1224 4164 1316 4217 καὶ
1349 4168 1593 4240 συνεργῷ
1624 4166 1810 4237 ἡμῶν.

2122 4169 2298 4223 frater
2328 4163 2654 4219 Philemoni
2685 4163 2899 4220 dilecto
2931 4171 2988 4220 et
3014 4168 3265 4238 adjutori
3299 4179 3518 4230 nostro.
3545 4198 3571 4227 υ

422 4273 543 4327 Ἐπὶ
575 4270 791 4334 τούτοις
825 4270 936 4326 ἐστὶ
988 4270 1078 4326 καὶ
1110 4273 1145 4340 ἡ
1179 4270 1553 4345 Ἀποκάλυψις
1606 4271 1860 4326 Ἰωάννου
1918 4276 2016 4328 τοῦ

2197 4273 2299 4328 Est
2335 4274 2614 4342 praeterea
2637 4273 2694 4324 et
2725 4270 3104 4342 Apocalypsis
3134 4275 3382 4335 Joannis
3415 4281 3690 4356 theologi,
3745 4303 3778 4343 α

350 4360 640 4436 θεολόγου,
699 4358 952 4437 δεχθεῖσα
1012 4361 1086 4422 ὡς
1140 4359 1343 4415 ἐκείνου
1402 4360 1491 4415 καὶ
1561 4360 1863 4438 ἐγκριθεῖσα
1915 4363 1986 4417 ὑπ

2138 4361 2338 4435 priscis
2369 4359 2676 4425 sanctis,et
2706 4357 2988 4428 Spiritum
3023 4361 3122 4416 Dei
3167 4369 3539 4436 gestantibus
3596 4373 3778 4431 Patri-

352 4449 524 4506 πάλαι
557 4449 726 4526 ἁγίων
786 4450 878 4504 καὶ
928 4450 1393 4528 πνευματυφόρων
1453 4452 1729 4526 Πατέρων,
1763 4451 1825 4506 οὗ
1855 4453 1890 4522 ἡ
1921 4451 1987 4527 ἀρ

2142 4459 2262 4519 bus,
2293 4449 2452 4504 velut
2481 4464 2608 4519 qua
2641 4446 2800 4502 illius
2823 4448 3163 4522 sit,accepta
3185 4458 3241 4508 et
3263 4459 3782 4534 spprobata,cujus

349 4542 451 4616 χή·
514 4562 543 4592 ‹‹
599 4537 976 4612 Ἀπολάλυψις
1029 4539 1210 4609 Ἰησοῦ
1251 4543 1509 4614 Χριστοῦ,
1558 4538 1624 4609 ἥν
1681 4537 1877 4595 ἔδωκεν
1925 4541 1989 4597 αὐ

2139 4539 2486 4613 principium
2519 4541 2642 4592 est:
2677 4556 2697 4583 ι
2733 4537 3114 4610 Apocalypsis
3157 4541 3298 4599 Jesu
3322 4545 3558 4617 Christi,
3602 4568 3779 4623 quam

348 4633 430 4701 τῷ
463 4630 491 4682 ὁ
541 4628 670 4690 Θεὸς
711 4625 879 4700 δεῖξαι
937 4633 1054 4690 τοῖς
1088 4625 1322 4690 δούλοις
1379 4629 1546 4683 αὐτοῦ
1577 4627 1611 4682 ’ὰ
1659 4625 1741 4684 δεῖ
1782 4629 1988 4704 γενέσθο

2138 4629 2293 4684 dedit
2320 4627 2404 4681 illi
2431 4626 2606 4691 Deus,
2642 4630 2707 4680 ut
2756 4628 3028 4682 ostendat
3083 4633 3265 4688 servis
3296 4636 3420 4691 suis
3452 4654 3578 4708 quae
3610 4659 3778 4714 opor-

354 4717 409 4772 ἐν
460 4717 640 4793 τάχει,
672 4716 761 4771 καὶ
795 4717 1081 4789 ἐσήμανεν,
1116 4716 1439 4779 ἀποστείλας
1501 4714 1589 4772 διὰ
1616 4723 1714 4772 τοῦ
1773 4717 1994 4794 ἀγγέλοι

2139 4722 2246 4774 teat
2277 4717 2400 4771 ﬁeri
2433 4716 2571 4786 cito,
2602 4720 2658 4770 et
2689 4715 3042 4786 significavit
3067 4721 3307 4780 mittens
3356 4743 3459 4797 per
3505 4731 3779 4803 angelum

361 4806 526 4862 αὐτοῦ
557 4811 635 4878 τῷ
671 4803 855 4879 δούλῳ
885 4806 1052 4860 αὐτοῦ
1092 4807 1331 4879 Ἰωάννῃ.
1372 4830 1400 4857 ››

1326 4850 1331 4861 .
1372 4830 1400 4857 ››
2131 4823 2306 4863 suum
2339 4821 2504 4860 servo
2537 4821 2642 4859 suo
2671 4804 2903 4860 Joanni.
2939 4829 2966 4856 ››

429 4915 482 4968 4.
515 4916 755 4967 Τοσαῦτα
784 4913 874 4966 καὶ
904 4913 970 4967 τὰ
996 4915 1095 4981 τῆς
1149 4916 1345 4981 Καινῆς
1395 4915 1670 4983 Διαθήκης
1720 4909 1908 4988 βιϐλία
1954 4915 2022 4970 τά

2205 4917 2256 4970 4.
2291 4915 2358 4968 Hi
2388 4917 2526 4968 sunt
2557 4918 2612 4968 et
2640 4917 2726 4967 tot
2753 4914 2895 4969 Novi
2927 4919 3280 4976 Testamentl
3313 4924 3442 4980 libri
3495 4931 3786 5000 canonici,

356 5021 419 5075 γε
447 5002 862 5074 κανονιζόμενα,
887 5003 974 5056 καὶ
1005 5008 1104 5070 τῆς
1136 5001 1371 5063 πίστεως
1420 5004 1581 5075 ἡμῶν
1635 5003 1805 5057 οἱονεὶ
1851 5003 1996 5076 ἀκρο·

2145 5009 2191 5060 at
2222 5003 2354 5058 ﬁdei
2383 5007 2596 5058 nostrae
2618 5002 2796 5057 veluti
2824 5004 3092 5074 primitiae
3116 5013 3498 5084 quasdam,vel
3519 5019 3785 5075 anchora

357 5086 818 5166 Θίνιαῆἄγκυραι
869 5091 956 5144 καὶ
1017 5090 1328 5166 ἐρείσματα”
1363 5091 1438 5153 ὡς
1497 5092 1624 5165 παρ’
1679 5090 1855 5146 αὐτῶν
1911 5096 1997 5147 τῶε

2147 5098 2189 5149 5t
2220 5091 2846 5180 sustentacula,utpote
2874 5094 2947 5148 ab
2969 5095 3113 5165 ipsis
3131 5104 3412 5171 apostolis
3439 5105 3787 5180 Christi,qui

358 5178 680 5236 ἀποστόλων
762 5184 861 5234 τοῦ
946 5182 1203 5254 Χριστοῦ,
1258 5185 1364 5235 τῶν
1444 5181 1534 5234 ml
1612 5183 1998 5255 συγγενομένω·

2145 5186 2190 5238 at
2223 5198 2354 5236 cum
2389 5179 2488 5236 illo
2520 5181 2871 5251 conversatl,
2905 5187 2962 5239 et
2992 5185 3062 5240 ab
3090 5204 3156 5243 eo
3180 5191 3368 5246 edocti
3429 5199 3590 5264 sunt,
3648 5178 3785 5253 con-

359 5268 547 5342 ἐκείνῳ
601 5269 692 5324 καὶ
754 5269 842 5325 ὑπ’
890 5268 1056 5324 αὐτοῦ
1116 5271 1580 5344 μθητευθέντων,
1611 5269 1879 5348 γραφὲντα
1931 5291 1999 5325 m

2148 5269 2334 5341 scripti
2364 5274 2422 5326 et
2452 5270 2611 5325 editi.
2642 5272 2990 5343 Quanquam
3033 5281 3233 5346 postea
3265 5280 3332 5334 ad
3369 5280 3621 5339 istorum
3655 5303 3788 5342 nor-

362 5358 656 5423 ἐκτεθὲντα.
711 5358 860 5414 Ἐπεί
917 5359 1002 5414 τοί
1058 5380 1118 5435 γε
1174 5359 1391 5435 ὕστερον
1451 5360 1588 5414 κατὰ
1643 5360 1743 5427 τὴν
1803 5357 2002 5414 ἐκείνω·

2149 5376 2294 5415 nam
2326 5365 2384 5414 et
2412 5359 2878 5430 consonantiam,
2913 5366 2969 5416 et
2987 5362 3084 5418 alii
3119 5365 3411 5424 innumeri
3447 5377 3588 5428 sunt
3610 5391 3644 5430 a
3665 5391 3789 5430 ma-

361 5445 692 5534 ἀκολουθίαν
743 5447 832 5502 καὶ
892 5448 1208 5525 συμφωνίαν
1268 5446 1413 5504 ἄλλα
1464 5446 1628 5522 μυρία
1684 5447 1772 5502 καὶ
1829 5447 2001 5523 ἀναρίι

2146 5447 2288 5521 guis,
2321 5447 2780 5519 sapientissimis
2838 5449 3071 5507 deiferis
3120 5455 3416 5527 Patribus,
3454 5464 3786 5534 temporum

363 5546 550 5608 θμητα
583 5531 774 5611 βιϐλία
824 5535 1222 5607 ἐξεπονήθησαν
1284 5537 1388 5592 ὑπὸ
1444 5541 1552 5592 τῶν
1610 5535 1746 5591 κατὰ
1800 5535 2003 5612 καιροί»

2149 5537 2512 5605 ιυοοοεευ,ιιι1
2543 5537 2982 5609 praemissorum
3015 5541 3421 5603 testimonium
3445 5553 3503 5604 et
3532 5531 3789 5608 illustra-

366 5624 620 5700 μεγάλων
654 5625 743 5680 καὶ
773 5624 1100 5704 σοφωτάτων
1135 5625 1410 5702 θεοφόρων
1449 5626 1701 5701 Πατὲρων
1753 5625 1828 5687 εἶς
1882 5644 2006 5700 μαρ-

2152 5626 2354 5682 .ionem
2392 5625 2714 5682 elaborati:
2749 5626 2821 5681 de
2851 5628 3066 5697 quibus
3099 5646 3255 5685 nunc
3285 5636 3458 5694 nobis
3526 5655 3643 5695 non
3702 5647 3792 5696 est

359 5713 548 5789 τυρίαν
603 5719 710 5770 τῶν
771 5709 1163 5790 προλαϐόντων
1211 5715 1303 5769 καὶ
1369 5712 1709 5793 διαφώτισιν*
1753 5713 1894 5789 -περὶ
1950 5714 1996 5767 ὦ

2153 5731 2488 5784 iermo,cum
2517 5714 2638 5769 sint
2669 5714 2992 5773 admodum
3025 5715 3195 5774 multi
3226 5725 3290 5776 et
3317 5723 3553 5795 infiniti,
3593 5727 3793 5784 simul-

365 5802 430 5859 οὐ
459 5807 552 5859 νῦν
587 5801 772 5882 λόγος,
807 5805 884 5867 ὡς
916 5800 1266 5877 παμπόλλων
1298 5804 1389 5861 καὶ
1437 5803 1735 5881 ἀορίστων,
1764 5802 1854 5861 καὶ
1912 5803 2005 5878 ἅμι

2159 5819 2250 5878 [ue
2281 5818 2488 5861 omnes
2517 5801 2785 5871 ejusdem
2836 5819 3075 5874 normae,
3125 5808 3355 5866 veteres
3412 5813 3544 5870 illos
3599 5814 3799 5868 subse-
