4154 6372
344 409 463 469 295

1536 389 1604 450 S.
1648 376 2173 444 ATHANASIUS.
2212 404 2280 419 —
2314 373 2575 439 DUBIA.

3646 378 3769 440 296

346 542 626 613 quantur,
683 533 1008 604 eademque
1066 528 1382 601 exponant,
1433 522 1609 592 atque
1667 511 1986 571 declarent.

2107 506 2317 613 πάντων
2347 512 2447 576 τῆς
2475 505 2645 576 αὐτῆς
2671 506 3001 572 ἀκολλυθίας
3056 512 3175 570 τοῖς
3230 505 3489 569 παλαιοῖς
3545 508 3766 573 τούτοις

423 812 486 868 In
519 807 650 864 istis
670 806 889 875 itaque,
949 797 1101 854 sicut
1156 794 1377 850 dictum
1427 792 1536 853 est,
1591 778 1996 855 comprehensi

349 903 489 958 sunt
516 912 724 954 omnes
753 907 886 948 cum
912 884 1302 952 Veteris,cum
1332 877 1473 935 Novi
1519 870 1879 931 Testamenti
1923 867 1995 922 1i-

346 956 462 1058 bri,
497 1003 644 1060 quos
674 976 1057 1055 paucis,quod
1104 974 1177 1029 ad
1218 983 1529 1027 numerum
1587 966 1818 1018 tantum
1869 956 2000 1014 atti-

348 1083 469 1145 net,
496 1079 617 1149 jam
651 1066 1103 1146 perstrinximus
1133 1081 1145 1117 :
1179 1060 1453 1129 deinceps
1500 1069 1632 1109 vero
1682 1051 1752 1105 de
1784 1048 1993 1104 iisdem

344 1138 517 1225 libris
546 1138 737 1219 fusi-us
769 1157 939 1214 nobis
968 1151 1261 1226 agcndum
1292 1150 1401 1213 est;
1435 1162 1467 1199 a
1495 1158 1608 1214 quo
1639 1138 1861 1196 scilicet
1883 1138 1999 1191 sin-

348 1257 469 1333 guli
491 1248 805 1322 conscripti
831 1246 984 1312 sint;
1017 1225 1073 1298 et
1104 1239 1258 1295 unde
1291 1234 1541 1308 quisque
1573 1230 1785 1285 habeat
1838 1225 1993 1297 quod

347 1319 590 1405 sortitus
620 1319 951 1397 est—nomen
988 1349 1003 1387 :
1029 1328 1291 1403 quidquc
1320 1325 1381 1379 in
1414 1338 1476 1378 se
1506 1319 1992 1382 contineat,sum-

345 1436 552 1494 matim
587 1434 644 1487 et
673 1422 1102 1499 compendiose,
1119 1419 1289 1489 juxta
1310 1410 1680 1486 pramissum
1703 1405 1995 1467 ordinem,

347 1521 599 1599 singulis
627 1536 698 1575 ex
727 1498 962 1572 nomine
982 1503 1320 1578 descriptis,
1342 1498 1752 1574 exponendum
1785 1500 1893 1550 est.

915 1653 1078 1710 Liber
1106 1652 1148 1707 1.
1180 1646 1420 1704 Genesis.

413 1793 467 1848 5.
504 1789 670 1845 Liber
698 1785 793 1842 hic
818 1781 1134 1842 Geneseos,
1180 1770 1399 1844 Moysis
1455 1771 1564 1835 est,
1598 1764 1699 1838 qui
1728 1781 1817 1832 ea,
1865 1778 1992 1833 quae

344 1884 406 1939 in
436 1880 536 1936 illo
569 1874 965 1939 continentur,
996 1881 1065 1922 ex
1089 1867 1263 1935 jussu
1304 1856 1530 1917 Domini
1562 1854 1797 1911 locutus
1821 1857 1911 1908 est
1939 1856 1995 1906 et

345 1968 603 2043 scripsit.
636 1963 892 2020 Vocatur
910 1960 1105 2013 autem
1135 1952 1245 2008 hoc
1275 1947 1532 2014 nomine,
1578 1943 1732 2017 quod
1766 1946 1826 1998 et
1856 1941 1992 1997 uni-

341 2034 670 2123 versorum,
703 2051 831 2109 coeli
864 2046 1077 2121 pariter
1104 2059 1172 2098 ac
1220 2044 1387 2096 terrae
1448 2034 1889 2103 hominumque
1941 2034 1998 2084 et

344 2147 610 2208 omnium
642 2155 846 2199 eorum
898 2151 1026 2208 qua
1077 2132 1353 2186 videntur
1407 2123 1863 2197 generationem,
1941 2124 1998 2174 et

344 2240 536 2313 ipsam
571 2229 825 2307 paradisi
849 2223 1270 2300 plantationem
1304 2232 1428 2272 com
1440 2211 1829 2286 plectatur.En
1839 2213 1998 2264 arrat

350 2299 755 2395 ahtemiquod
790 2299 980 2390 primo
1011 2311 1104 2368 die
1135 2310 1283 2364 facla
1314 2305 1391 2362 sit
1418 2303 1515 2358 lux
1548 2320 1561 2358 :
1594 2300 1776 2356 altero
1802 2299 1996 2353 ﬁrma-

346 2386 637 2478 mentum,
670 2386 826 2482 quod
884 2405 1039 2460 Deus
1100 2396 1310 2455 caalum
1363 2389 1806 2453 vocavitztertio,
1842 2386 1996 2459 quod

353 2477 715 2577 congregatae
745 2498 865 2554 sint
892 2509 1077 2563 aquas,
1109 2488 1351 2557 visaque
1394 2483 1578 2549 arida,
1609 2486 1667 2534 et
1713 2477 2001 2533 collectio-

353 2571 778 2665 nes'aquarum
798 2579 1087 2641 vocaverit
1116 2571 1550 2643 maria,aridam
1570 2585 1727 2635 vero,
1757 2571 1995 2622 terram:

349 2654 625 2754 terraque
646 2669 1060 2752 germinaverit
1106 2664 1349 2722 herbam
1408 2659 1546 2727 feni,
1599 2660 1658 2715 et
1711 2673 1883 2712 omne
1930 2654 1997 2710 li-

355 2745 582 2848 gnum:
615 2745 847 2840 quarto,
876 2759 1030 2833 quod
1091 2749 1442 2829 processerit
1498 2746 1586 2805 sol
1637 2755 1692 2803 el
1748 2745 1907 2815 luna,
1943 2748 2000 2800 et

356 2833 668 2919 universus
698 2858 985 2910 astrorum
1018 2846 1233 2902 chorus
1258 2839 1504 2911 :quinto,
1528 2836 1683 2908 quod
1716 2834 1866 2889 facta
1922 2833 2000 2889 sit

350 2944 699 3008 volucrium,
732 2937 1006 3013 piscium,
1037 2937 1094 2989 et
1174 2934 1437 2985 cetorum
1497 2941 1624 2996 quae
1680 2922 1741 2977 in
1824 2922 1996 2993 aquis

354 3041 515 3103 sunt,
556 3012 891 3106 generatio:
954 3026 1137 3091 sexto,
1171 3016 1324 3090 quod
1360 3016 1513 3071 facta
1562 3013 1682 3069 sint
1736 3012 1995 3083 quadru.

350 3097 606 3201 pedia,et
625 3116 843 3185 bestias,
864 3118 923 3170 et
949 3111 1271 3182 serpentes,
1303 3106 1361 3159 et
1380 3102 1675 3174 jumenta,
1703 3097 1998 3169 homoque

351 3190 423 3273 ad
456 3190 776 3284 imaginem
807 3208 867 3260 st
893 3195 1346 3258 similitudinem
1379 3191 1475 3247 Dei
1523 3190 1842 3244 formatus:
1895 3203 1989 3241 se-

2109 593 2415 669 ἐχομένων,
2444 596 2630 652 καὶτὰ
2678 596 2813 652 αὐτὰ
2863 595 3239 673 ἐξηγουμένων
3297 595 3386 651 καὶ
3442 595 3619 652 αὐτῶν
3672 598 3765 654 καὶ

2110 681 2509 761 διασαφούντων
2520 728 2531 741 .

2177 780 2264 835 Ὠς
2322 772 2413 827 οὖν
2474 772 2684 849 εἷ’ρηται
2728 773 2780 829 ἐν
2811 774 3026 836 τούτοις
3052 773 3242 843 πάντα,
3273 773 3339 829 τά
3393 796 3452 830 τε
3494 783 3594 845 τῆς
3657 782 3765 831 Πα-

2109 861 2266 924 λαιᾶς
2296 863 2382 917 καὶ
2411 864 2478 917 τὰ
2523 870 2623 933 τῆς
2670 862 2806 926 Νέας
2859 866 3133 933 Διαοήκης
3190 858 3398 938 βιϐλία,
3437 862 3588 934 Πλὴν
3639 864 3763 921 ὅσον

2106 952 2243 1027 πρὸς
2303 952 2533 1026 ἀριθμὸν
2595 952 2759 1026 μόνον
2817 952 3014 1007 οὕτωσὶ
3060 953 3198 1014 τέως
3239 958 3437 1016 στενῶς
3468 957 3760 1029 προαπήγ-

2104 1038 2312 1115 γελται.
2361 1040 2432 1093 Τὸ
2472 1037 2529 1094 δὲ
2577 1039 2811 1103 ἐντεῦθεν
2868 1038 3199 1109 διαληπτέον
3258 1041 3421 1096 πάλιν
3472 1044 3597 1118 περὶ
3654 1048 3760 1097 τῶν

2105 1128 2280 1183 αὐτῶν
2369 1123 2601 1203 βιϐλίων
2681 1128 3035 1205 πλατύτερον,
3089 1130 3235 1203 παρὰ
3297 1130 3447 1193 τίνος
3502 1152 3562 1187 τε
3637 1154 3764 1187 συν-

2106 1219 2310 1295 εγράιρη
2360 1215 2582 1273 ἕκαστον
2626 1217 2856 1287 τούτων,
2901 1218 2991 1273 καὶ
3040 1218 3225 1287 πόθεν,
3273 1220 3332 1289 ἣν
3386 1219 3606 1297 ἔλαχεν,
3639 1221 3755 1276 dvo-

2111 1306 2301 1377 μασίαν
2334 1304 2472 1382 ἔχει,
2506 1307 2594 1362 καὶ
2643 1308 2696 1362 τί
2740 1309 3007 1384 περιέχει,
3039 1306 3432 1386 κεφαλαιωδῶς
3492 1310 3580 1364 καὶ
3640 1332 3760 1365 συν-

2107 1399 2368 1463 οπτικῶς,
2401 1396 2536 1450 κατά
2591 1398 2689 1465 τὴν
2740 1403 3150 1470 προεκτιθεῖσαν
3199 1397 3344 1467 τάξιν
3396 1402 3494 1452 τοῦ
3550 1401 3667 1453 καθ’
3704 1399 3760 1454 ’ἐν

2110 1479 2329 1559 βιϐλίου
2360 1482 2796 1564 διαγραφομένου
2832 1487 2967 1559 μετὰ
2994 1493 3095 1556 τῆς
3127 1486 3327 1549 οἰκείας
3373 1486 3687 1560 ὀνομασίας.

2642 1623 2833 1683 Βιϐλίο
2846 1650 2862 1683 ι
2894 1636 2958 1686 α’.
2993 1630 3222 1691 Γένεσις.

2174 1751 2228 1806 5.
2260 1751 2333 1806 Τὸ
2397 1750 2492 1823 μὲν
2555 1746 2772 1825 βιϐλίον
2825 1756 2987 1806 τοῦτο
3041 1758 3140 1822 τῆς
3202 1753 3462 1815 Γενέσεως
3520 1758 3758 1824 Μωϋσῆς

2107 1839 2245 1894 ἐστιν
2292 1841 2320 1895 6
2368 1837 2612 1910 λαλήσας
2655 1841 2745 1895 καὶ
2789 1842 3002 1917 γράψας
3059 1841 3120 1896 ἐκ
3163 1844 3584 1917 προστάγματος
3658 1849 3758 1898 Κυ-

2106 1928 2245 2005 ρίου.
2280 1926 2534 1983 Καλεῖται
2568 1928 2625 1984 δὲ
2655 1929 2851 2002 οὕτως,
2885 1927 3070 1996 ἐπειδὴ
3104 1930 3193 1983 καὶ
3222 1930 3322 1998 τὴν
3373 1929 3574 2005 γένεσιν
3623 1933 3756 1985 πάν-

2103 2039 2211 2072 των
2267 2020 2532 2093 περιέχει,
2567 2017 2795 2093 ούρανοῦ
2849 2040 2908 2073 τε
2964 2019 3053 2073 καὶ
3105 2019 3349 2093 γῆς,καὶ
3406 2023 3515 2074 τῶν
3548 2020 3755 2097 ἀνθρώ-

2105 2125 2221 2160 πων
2249 2107 2335 2161 καὶ
2369 2112 2477 2161 τῶν
2510 2109 2849 2182 φαινομένων
2880 2106 3085 2161 τούτων
3119 2107 3287 2180 ὅλων,
3318 2108 3407 2163 καὶ
3447 2108 3613 2179 αὐτὴν
3656 2112 3756 2179 τὴν

2105 2201 2201 2250 τοῦ
2258 2194 2585 2271 παραδείσου
2643 2196 2882 2271 φυτείαν.
2928 2198 3231 2272 Ἐξηγεῖται
3292 2194 3368 2269 δὲ,
3402 2196 3483 2252 ὅτι
3541 2201 3611 2272 τῇ
3660 2199 3754 2272 μὲν

2106 2284 2296 2359 πρώτῃ
2324 2285 2506 2357 ἡμέρᾳ
2536 2286 2724 2360 γέγονε
2754 2287 2814 2341 τὸ
2862 2291 2997 2363 φῶς·
3031 2290 3098 2360 τῇ
3150 2283 3207 2341 δὲ
3258 2284 3481 2360 δευτέρᾳ
3531 2288 3593 2343 τὸ
3642 2309 3757 2343 στεοι

2109 2374 2318 2449 ρέωμα,
2350 2373 2481 2450 ὅπερ
2540 2374 2788 2430 ἐκάλεσεν
2841 2374 3065 2448 οὐρανὸν
3098 2376 3126 2429 ὁ
3152 2376 3305 2438 Θεόςο
3335 2380 3404 2449 τῇ
3461 2377 3617 2453 τρίτῃ
3648 2399 3762 2433 συν·

2108 2465 2257 2539 ήχθη
2289 2465 2356 2517 τά
2402 2461 2587 2532 ὕδατα,
2620 2464 2709 2518 καὶ
2759 2460 2914 2540 ὤφθη
2975 2467 3009 2533 ἡ
3070 2467 3224 2539 ξηρά
3255 2466 3346 2519 καὶ
3392 2466 3460 2521 τά
3514 2466 3609 2540 μὶν
3668 2488 3757 2522 συ-

2108 2555 2358 2626 στήματα
2403 2558 2511 2608 τῶν
2568 2550 2774 2609 ὑδάτων
2818 2552 3040 2609 ἐκάλεσε
3086 2554 3381 2627 θαλάσσας,
3410 2556 3510 2624 τήν
3562 2554 3621 2612 δὲ
3666 2558 3760 2627 ξη-

2109 2642 2203 2717 ράν
2284 2640 2503 2697 ἐκάλεσε
2552 2644 2676 2716 γῆν·
2737 2641 2826 2695 καὶ
2904 2637 3231 2712 ἐϐλάστησεν
3285 2645 3320 2713 ἡ
3380 2651 3451 2717 γῆ
3528 2645 3758 2719 βοτάνην

2107 2730 2334 2807 χόρτου,
2366 2731 2456 2785 καὶ
2512 2736 2614 2785 πᾶν
2663 2729 2945 2805 ξύλον·τῂ
2997 2733 3223 2805 τετάρτῃ
3274 2733 3546 2808 προῆλθεν
3594 2732 3757 2803 ἥλιος

2106 2820 2195 2875 καὶ
2257 2818 2483 2890 σελήνη,
2534 2819 2625 2874 καὶ
2683 2825 2787 2881 πᾶς
2849 2819 2877 2873 ὀ
2928 2823 3037 2875 τῶν
3108 2822 3345 2894 ἀστέρων
3433 2822 3625 2897 χορός·
3685 2828 3754 2896 τῇ

2105 2910 2327 2982 πέμπτῃ
2357 2913 2613 2963 πετεινῶν
2644 2908 2735 2963 καὶ
2769 2908 2974 2984 ἰχθύων
3020 2909 3111 2963 καὶ
3169 2914 3349 2980 κητῶν
3398 2915 3504 2964 τῶν
3557 2909 3609 2966 ἐν
3638 2916 3754 2973 τοῖς

2106 2996 2261 3052 ὕδασι
2308 2998 2532 3073 γένεσις’
2583 3001 2652 3071 τῇ
2697 2995 2826 3072 ἕκτῃ
2873 2994 3219 3070 τετραπόδων
3269 2998 3358 3052 καὶ
3402 2999 3605 3076 Θηρίων
3664 3001 3755 3054 καὶ

2106 3085 2343 3162 έρπετών
2388 3087 2479 3141 καὶ
2526 3090 2763 3157 κτηνῶν,
2796 3086 2885 3141 καὶ
2936 3084 3132 3149 πλάσις
3181 3088 3470 3161 ἀνθρώπου
3515 3089 3634 3144 κατ’
3680 3088 3757 3145 εί-

2103 3173 2237 3231 κόνα
2291 3179 2424 3230 Θεοῦ
2480 3175 2568 3230 καὶ
2624 3175 2905 3248 ὁμοίωσιν·
2932 3179 3001 3250 τῇ
3056 3174 3114 3231 δὲ
3161 3171 3370 3251 ἑϐδόμῃ
3427 3176 3756 3233 κατέπαυσεν

351 3249 423 3273 αυ
459 3249 575 3269 Iuli
623 3249 776 3265 lui-nu
809 3249 867 3260 ν-
894 3249 1226 3258 —-_-__-____,,
1265 3249 1274 3250 κ

345 3305 534 3378 ptimo
561 3249 720 3369 vaero,
753 3291 907 3367 quod
928 3290 1084 3346 Deus
1114 3285 1189 3341 ab
1219 3280 1495 3355 operibus
1527 3278 1652 3333 suis
1700 3274 1992 3347 requieve-

2107 3267 2132 3378 Ξ
2163 3265 2291 3326 Θεὸς
2323 3263 2430 3318 ἀπὸ
2480 3270 2587 3319 τῶν
2643 3262 2834 3341 ἔργων,
2867 3264 2956 3319 καὶ
3013 3264 3322 3341 ηὐλόγησεν
3346 3249 3354 3251 ἡ
3382 3265 3571 3337 αύτήν.
3604 3272 3758 3324 ’Ἐστι

2133 3358 2150 3378 κ
2192 3355 2205 3378 2
2275 3353 2390 3378 ,_!_
2473 3359 2536 3378 ,ξ-
2583 3355 2611 3378 o
2642 3348 2700 3378 En
2724 3353 2753 3378 ι.
2817 3359 2907 3378 --τ
2944 3351 3110 3378 “by,
3152 3350 3394 3378 _,,_-!P,,,
3436 3377 3446 3378 ,
3507 3357 3590 3378 ,,,\
3662 3357 3676 3378 ν
3734 3359 3749 3378 ς

346 3364 680 3466 rit,dieique
698 3364 948 3456 septimo
974 3373 1351 3434 benedixerit.
1398 3368 1618 3425 Deinde
1665 3369 1723 3421 et
1764 3364 1873 3420 hoc
1919 3364 1989 3419 1i-

343 3453 451 3538 bro
481 3453 974 3536 commemoratur
1000 3459 1388 3534 transgressio
1415 3458 1573 3524 Ade,
1623 3453 1902 3526 illiusque
1961 3467 1991 3507 e

342 3567 618 3643 paradiso
647 3561 874 3635 ejectio,
899 3554 1094 3613 Abelis
1116 3567 1220 3625 per
1251 3550 1486 3605 fratrem
1517 3544 1653 3600 Cain
1692 3543 1843 3597 facta
1890 3558 1991 3597 cae-

342 3630 467 3725 des,
502 3630 806 3711 translatio
864 3642 1107 3711 Enocbi,
1163 3636 1469 3694 fabricatio
1501 3649 1668 3699 areis,
1700 3630 1987 3686 diluvium

340 3719 710 3819 temporibus
736 3739 856 3794 Noe
880 3737 1119 3799 factum,
1171 3732 1470 3784 structura
1517 3722 1720 3788 turris,
1783 3719 1990 3775 divisio

341 3808 698 3909 linguarum,
730 3824 1018 3898 dispersio
1040 3818 1434 3881 nationum,et
1453 3827 1726 3885 egressus
1746 3808 1989 3865 Abrahae

341 3940 412 3982 ex
430 3898 726 3980 chaldaea.
759 3914 1029 3974 Continet
1058 3913 1255 3965 autem
1290 3905 1383 3959 hic
1415 3903 1561 3957 liber
1592 3905 1647 3955 et
1705 3898 1989 3954 Sodomo-

342 4030 475 4070 rum
508 4006 974 4070 subversionem,
1009 4004 1066 4056 et
1094 3997 1281 4069 legem
1312 3993 1385 4049 de
1417 3988 1860 4047 circumcisione
1908 3986 1989 4042 la-

340 4096 904 4174 tamjusjurandum
938 4082 1347 4163 promissionis
1380 4081 1474 4136 Dei
1505 4079 1751 4134 Abrahae
1808 4077 1990 4145 facta,

341 4164 777 4265 generationem
811 4184 974 4239 Isaac
1004 4181 1061 4234 et
1097 4174 1359 4239 Jacob,et
1388 4186 1593 4227 eorum
1649 4167 1750 4240 qui
1777 4184 1845 4221 ex
1893 4164 1992 4220 illo

341 4256 485 4337 sunt
513 4273 1001 4351 patriarcharum,
1032 4271 1089 4322 et
1121 4263 1273 4337 quod
1306 4260 1604 4316 Abraham
1633 4256 1837 4312 vixerit
1886 4271 1991 4311 an-

339 4386 448 4427 nos
475 4348 711 4426 centum
749 4360 1042 4431 octoginta
1088 4354 1202 4428 (77)
1247 4369 1261 4408 :
1295 4348 1501 4407 [smael
1532 4363 1664 4404 vero
1695 4362 1763 4401 ex
1817 4349 1993 4417 Agar,

342 4475 528 4516 annos
557 4458 736 4512 natus
766 4452 869 4507 137
922 4450 1194 4504 mortuus
1223 4443 1320 4498 sit.
1364 4442 1650 4493 Praeterea
1697 4433 1995 4506 quomodo

338 4545 557 4619 Joseph
580 4562 612 4600 a
642 4539 922 4598 fratribus
942 4537 1021 4592 sit
1048 4533 1319 4590 venditus
1340 4532 1399 4583 et
1428 4526 1723 4581 adductus
1745 4523 1806 4577 in
1827 4522 1995 4593 Egy-

2102 3352 2158 3411 δὲ
2187 3355 2239 3411 ἐν
2263 3353 2442 3428 τούτῳ
2471 3359 2549 3426 τῷ
2582 3348 2786 3431 βιϐλίῳ
2813 3359 2912 3409 τοῦ
2944 3351 3121 3428 Ἀδάμ
3146 3350 3471 3431 παράϐασις,
3503 3357 3592 3411 καὶ
3651 3357 3758 3413 ἀπὸ

2096 3443 2194 3500 τοῦ
2237 3441 2565 3521 παραδείσου
2614 3442 2895 3513 ἐξώθησις,
2928 3442 2963 3511 ἦ
2993 3463 3053 3498 τε
3100 3449 3198 3498 τοῦ
3244 3439 3413 3500 ’Ἅϐελ
3460 3446 3607 3517 παρὰ
3658 3450 3756 3502 τοῦ

2097 3532 2337 3612 ἀδελφοῦ
2369 3532 2496 3588 Κάϊν
2538 3532 2931 3608 ἀναίρεσις,καὶ
2960 3535 2995 3602 ἡ
3026 3537 3122 3587 τοῦ
3145 3534 3327 3609 Ἑνὼχ
3352 3533 3753 3608 μετάθεσις,καὶ

2096 3627 2132 3695 ἡ
2163 3624 2462 3693 κατασκευὴ
2511 3629 2614 3691 τῆς
2669 3617 2930 3692 κιϐωτοῦ,
2962 3622 3051 3677 καὶ
3084 3623 3113 3676 6
3144 3621 3232 3678 ἐπὶ
3292 3627 3413 3678 Νῶε
3466 3622 3751 3701 γενόμενος

2096 3711 2499 3786 κατακλυσμὸς,
2540 3711 2577 3781 ἥ
2633 3732 2690 3767 τε
2740 3711 3099 3787 πυργοποιία,
3129 3712 3280 3781 καὶὴ
3332 3709 3587 3789 διαίρεσις
3642 3716 3750 3767 τῶν

2097 3802 2389 3879 γλωσσῶν,
2417 3801 2505 3856 καὶ
2532 3804 2568 3871 ἡ
2602 3798 2870 3877 διασπορὰ
2912 3805 3018 3856 τῶν
3052 3800 3235 3869 έθνῶν,
3261 3801 3351 3856 καὶ
3381 3802 3416 3872 ἡ
3461 3802 3566 3856 ἀπὸ
3610 3800 3753 3860 Χαλ-

2101 3889 2265 3947 δαίων
2300 3888 2481 3962 ἔξοδος
2509 3894 2608 3945 τοῦ
2639 3884 2911 3964 Ἀϐραάμ.
2946 3889 3195 3966 Περιέχει
3228 3887 3286 3945 δὲ
3313 3890 3403 3947 καὶ
3450 3891 3552 3961 τὴν
3597 3911 3759 3946 καταο

2099 3981 2338 4059 στροφὴν
2396 3984 2503 4034 τῶν
2568 3976 2855 4051 Σοδόμων,
2885 3978 2977 4033 καὶ
3021 3980 3121 4048 τήν
3172 3978 3296 4055 περὶ
3326 3986 3427 4049 τῆς
3455 3987 3761 4055 περιτομῆς

2100 4068 2566 4144 νομοθεσίαν,καὶ
2599 4069 2690 4123 τὸν
2725 4067 2886 4144 ὅρκον
2936 4075 3040 4137 τῆς
3099 4066 3418 4145 ἐπαγγελίας
3473 4073 3571 4124 τοῦ
3631 4073 3768 4125 Θεοῦ

2102 4160 2238 4235 πρὸς
2295 4158 2387 4213 τὸν
2440 4152 2715 4232 Ἀϐραὰμ,
2746 4158 2846 4228 τήν
2901 4178 2959 4212 τε
3016 4156 3266 4231 γέννησιν
3314 4162 3412 4213 τοῦ
3442 4159 3644 4231 Ἰσαάκ,
3676 4157 3767 4213 καὶ

2101 4252 2202 4305 τοῦ
2253 4241 2473 4319 Ἰακὼϐ,
2499 4246 2589 4301 καὶ
2646 4250 2754 4301 τῶν
2809 4244 2861 4317 ἐξ
2922 4246 3084 4301 αὐτοῦ
3131 4251 3509 4323 πατριαρχῶψ
3549 4248 3640 4303 καὶ
3680 4246 3765 4303 ὅτι

2104 4338 2133 4393 6
2168 4338 2262 4406 μὲν
2292 4330 2547 4412 Ἀϐραὰμ
2577 4333 2762 4406 ἔζησεν
2796 4332 2888 4405 ἔτη
2940 4342 3044 4409 ρη’,
3077 4335 3105 4390 6
3138 4333 3196 4390 δὲ
3230 4335 3482 4409 Ἰσμαηλ,
3516 4337 3545 4391 ὁ
3577 4335 3637 4392 ἐκ
3661 4343 3763 4407 τῆς

2104 4427 2280 4501 ’Δγαρ
2330 4422 2633 4500 γεννηθεὶς,
2684 4423 2942 4489 ἀπέθανεν
2986 4421 3102 4501 ρλζ¹
3151 4423 3306 4480 έτῶν’
3359 4428 3476 4488 πῶς
3531 4446 3591 4480 τε
3641 4428 3761 4483 ⁷Ῑω-

2109 4516 2220 4592 σήφ
2277 4512 2481 4589 ἐπράθη
2540 4512 2685 4589 παρὰ
2735 4517 2842 4568 τῶν
2902 4510 3152 4592 ἀδελφῶν
3214 4512 3290 4576 εἷς
3346 4511 3642 4590 Αἴγυπτον,
3673 4515 3764 4571 καὶ

341 4597 557 4619 ---τῇ
583 4597 611 4600 ,ν
643 4597 680 4598 η
701 4597 724 4598 η

341 4641 532 4709 ptum,
563 4628 1042 4697 calumniamque
1075 4640 1108 4677 a
1138 4619 1377 4675 domina
1405 4631 1513 4671 sua
1545 4628 1779 4679 passus,
1823 4614 1880 4667 et
1936 4609 1994 4664 in

2107 4601 2532 4709 συκοφαντηθείς
2560 4604 2707 4709 παρῃᾶ
2734 4608 2834 4673 τῆς
2862 4601 3052 4676 κυρίας
3109 4601 3297 4675 αὐτοῦ,
3329 4597 3540 4673 ἐϐλήθη
3578 4602 3654 4665 εἰς
3702 4603 3766 4657 τὸ

344 4697 640 4781 carcerem
671 4714 1059 4787 conjectus,et
1077 4708 1318 4765 tandem
1341 4702 1525 4760 totius
1546 4699 1812 4772 {Egyppti
1840 4697 1998 4771 prin-

346 4827 485 4885 ceps
515 4786 897 4867 constitutus.
932 4799 1069 4857 Istis
1117 4792 1500 4867 subjungitur
1546 4789 1867 4846 descensus
1895 4786 1996 4842 Ja-

350 4876 458 4959 cob
490 4899 640 4955 ‘IDI
677 4895 737 4951 in
759 4893 1066 4965 [Egyptum
1100 4903 1232 4942 cum
1264 4882 1403 4939 ﬁliis
1434 4880 1579 4947 suis,
1614 4893 1859 4934 numero
1903 4876 1994 4946 75,

344 4996 402 5049 et
431 4986 726 5062 quomodo
748 4982 869 5038 illic
899 4977 1256 5034 constitutus
1285 4966 1992 5032 Jacob,benedictionem-

344 5055 465 5151 que
488 5070 844 5133 Patriarchis
866 5066 1006 5124 ﬁliis
1036 5064 1161 5122 suis
1207 5059 1570 5134 impartitus,
1603 5060 1872 5111 mortuus
1922 5055 1999 5110 sit

346 5143 532 5225 annos
562 5167 739 5221 natus
774 5158 896 5226 147,
961 5167 1288 5227 corpusque
1340 5148 1503 5205 illius
1542 5143 1895 5200 translatum
1931 5158 1997 5198 ac

346 5256 648 5331 sepultum
678 5254 739 5309 in
798 5254 954 5307 terra
998 5245 1296 5333 Chanaan.
1329 5239 1399 5333 E‘t
1428 5235 1584 5309 quod
1615 5231 1835 5306 Joseph
1867 5235 1999 5305 post

348 5323 564 5402 famem
596 5338 847 5414 Egypti,
880 5349 1069 5392 annos
1113 5328 1321 5386 vixerit
1346 5327 1439 5395 66,
1472 5326 1863 5414 mortuusque
1920 5323 1998 5377 sit

347 5449 505 5491 anno
536 5409 875 5487 astatis—sum
906 5423 1029 5491 110,
1054 5422 1438 5493 posteaquam
1476 5413 1547 5468 de
1577 5410 1815 5468 ossibus
1871 5409 1999 5466 suis

349 5522 750 5589 mandaverat,
782 5519 849 5573 ut
886 5518 947 5570 et
1000 5510 1134 5584 ipsa
1182 5508 1244 5564 in
1274 5505 1729 5562 monumentum
1762 5503 1997 5574 patrum

345 5610 840 5671 transferrentur.

418 5735 537 5811 (77)
569 5731 720 5790 Vixit
748 5730 978 5785 tantum
1015 5723 1118 5780 175
1148 5736 1355 5780 annos.

2108 4690 2505 4767 δεσμωτήριον,
2534 4690 2624 4746 καὶ
2654 4690 2808 4766 ὕστερ
2820 4711 2873 4746 ον
2907 4691 3097 4767 ἄρχων
3126 4689 3304 4761 πάσης
3334 4691 3614 4768 Αἰγύπτου
3643 4713 3769 4748 κατ-

2107 4780 2325 4851 εστάθη’
2356 4779 2446 4835 καὶ
2479 4779 2601 4850 ἑξῆς
2629 4780 2728 4848 τὴν
2764 4778 2838 4841 είς
2870 4777 3141 4856 Αἴγυπτον
3173 4778 3401 4836 κάθοδον
3442 4785 3539 4835 τοῦ
3572 4775 3765 4837 Ἰακὼϐ

2105 4871 2195 4926 καὶ
2241 4874 2350 4926 τῶν
2407 4869 2538 4923 υἱῶν
2599 4868 2764 4923 αὐτοῦ
2823 4867 2873 4924 ἐν
2929 4868 3147 4944 ἀριθμῷ
3206 4871 3297 4924 οε’·
3358 4869 3447 4925 καὶ
3508 4868 3591 4925 ὅτι
3654 4869 3767 4925 ἐκεῖ

2107 4959 2397 5036 γενόμενος
2428 4959 2456 5013 6
2488 4953 2703 5028 Ἰακὼϐ,
2735 4957 2824 5012 καὶ
2877 4956 3183 5033 εὐλογήσας
3232 4958 3361 5021 τοὺς
3418 4958 3761 5036 πατριάρχας

2104 5049 2231 5111 τοὺς
2283 5046 2432 5110 υἱοὺς
2483 5048 2694 5119 ἑαυτοῦ,
2727 5045 3071 5117 ἐτελεύτησεν
3125 5047 3255 5102 ἐτῶν
3319 5050 3463 5126 ρμζ,
3503 5047 3591 5103 καὶ
3638 5069 3765 5121 μετ-

2106 5138 2314 5214 ηνέχθη
2346 5137 2409 5192 τὸ
2462 5138 2621 5209 σῶμα
2677 5134 2863 5205 αὐτοῦ,
2894 5135 2984 5191 καὶ
3014 5135 3183 5215 ἐτάφη
3244 5136 3322 5200 εἷς
3373 5138 3473 5206 τήν
3533 5136 3764 5195 Χαναάν.

2105 5226 2205 5281 Καὶ
2236 5227 2437 5302 Ἰωσὴφ
2487 5222 2546 5280 δέ
2598 5224 2733 5298 μετὰ
2787 5225 2878 5280 τὸν
2938 5224 3232 5300 γενόμενον
3288 5224 3453 5300 λιμὸν
3500 5225 3551 5282 ἐν
3601 5224 3765 5303 Αῗγύ-

2105 5335 2249 5389 πτῳ,
2283 5314 2540 5385 ἐπιζήσας
2593 5311 2686 5385 ἔτη
2736 5316 2830 5384 ξς’,
2861 5313 3206 5385 ἐτελεύτησεν
3268 5314 3399 5371 ἐτῶν
3461 5321 3548 5392 ρι’,
3598 5313 3769 5370 ἐντει-

2106 5403 2346 5479 λάμενος
2394 5402 2659 5479 πρότερον
2708 5403 2833 5478 περὶ
2878 5407 2985 5458 τῶν
3038 5403 3238 5459 ὀστέων
3289 5404 3503 5474 ἑαυτοῦ,
3535 5401 3629 5460 ’ίνα
3678 5403 3771 5460 καὶ

2105 5493 2243 5551 αὐτὰ
2275 5495 2577 5569 μετενεχθῇ
2610 5491 2686 5555 εἷς
2714 5491 2778 5549 τὸ
2812 5499 3005 5567 μνῆμα
3031 5498 3141 5549 τῶν
3171 5491 3443 5571 πατέρων.
