4154 6388
801 567 1028 627 Βιϐλίον
1068 569 1133 643 β’,
1168 564 1411 637 Ἕξοδος.

346 689 399 752 6,
437 681 532 735 Καὶ
565 684 728 735 τοῦτο
783 678 844 731 τὸ
901 671 1117 751 βιϐλίον
1173 681 1272 742 τῆς
1304 669 1577 742 Ἐξόδουνὸ
1610 668 1944 748 προρῥηθεῖς

283 775 514 838 Μωυσῆς
595 765 984 842 συνεγράψατο.
1063 762 1315 817 Καλεῖται
1383 758 1439 814 δέ
1499 760 1689 831 οὕτως,
1753 755 1943 826 ἐπειδὴ

279 862 369 918 καὶ
423 863 522 928 τὴν
577 854 760 926 ἔξοδον
819 860 926 908 τῶν
980 854 1108 906 υἱῶν
1150 850 1369 926 Ἰσραὴλ
1401 850 1792 950 περιέχειὲτὴν
1855 847 1944 901 ἀπ’

290 951 582 1026 Δῗγύπτου,
615 948 714 1014 τήν
750 944 1049 1019 γενομένην
1110 941 1244 1013 μετά
1285 941 1378 1012 μέν
1409 937 1500 1008 ἔτη
1536 937 1614 992 υλ¹
1645 937 1744 1006 ττῆς
1777 937 1946 1013 ἐπαγ-

285 1025 467 1116 γελίας
494 1045 595 1105 τῆς
649 1033 947 1105 εἶ’ρημένης
998 1030 1077 1102 τῷ
1130 1025 1403 1103 Ἀϐραάμ,
1460 1028 1594 1100 μετὰ
1638 1025 1695 1081 δέ
1728 1025 1817 1096 ἔτη
1852 1030 1946 1080 σις’

287 1138 383 1198 τῆς
441 1129 492 1182 ἐν
548 1123 803 1200 Α’γύπτῳ
855 1119 1142 1196 παροικῖας
1197 1122 1444 1188 (τοσαῦτα
1475 1119 1578 1192 γὰρ
1611 1117 1940 1190 παρῴκησαν

294 1220 444 1288 ἐκεῖ),
476 1215 564 1270 καὶ
601 1213 728 1286 μετὰ
757 1213 854 1279 τήν
892 1208 1236 1282 δεκάπληγον
1264 1208 1363 1274 τὴν
1399 1206 1535 1260 κατὰ
1585 1210 1682 1260 τοῦ
1742 1203 1944 1272 Φαραὼ

294 1312 387 1362 τοῦ
438 1303 690 1378 τυράννου
748 1303 848 1368 τῆς
909 1298 1206 1373 Αἰγύπτου.
1273 1296 1406 1349 Δέκα
1464 1297 1567 1370 γὰρ
1595 1293 1815 1368 πληγὰς
1848 1294 1943 1347 ἐπ-

294 1400 515 1471 ήγαγεν,
545 1394 571 1446 ὁ
621 1391 747 1451 Θεὸς
790 1391 905 1443 καθ’
938 1388 1102 1443 αύτοῦ
1132 1385 1350 1446 ταύτας·
1384 1384 1631 1458 πρώτην,
1694 1383 1941 1455 ποταμὸν

293 1485 364 1544 εἰς
422 1484 556 1554 αἷμα
619 1472 904 1553 μετέϐαλε·
971 1473 1244 1551 δευτέραν,
1317 1474 1624 1550 βατράχους
1684 1473 1734 1526 ἐν
1795 1474 1939 1540 πάση

292 1572 549 1646 Αἰγύπτῳ
608 1570 869 1642 ἐπήγαγε·
925 1565 1138 1642 τρίτην,
1200 1569 1440 1640 σκήψας’
1500 1560 1783 1637 τετάρτην,
1849 1582 1943 1614 κυ-

289 1661 538 1733 νόμυιαν·
597 1656 876 1729 πέμπτην,
967 1654 1190 1707 θάνατον
1246 1655 1481 1721 κτηνῶνο
1538 1646 1722 1720 ἕκτην,
1781 1646 1942 1718 ἕλκη,

292 1745 588 1828 φλυκτίδας
646 1743 968 1814 ἁναζεούσας
1037 1741 1122 1796 ἐπὶ
1190 1740 1316 1802 τοὺς
1362 1740 1676 1816 ἀνθρώπους
1734 1739 1822 1792 καὶ
1880 1740 1947 1792 τά

292 1825 488 1908 κτήνη’
519 1831 792 1908 ἓϐδόμην,
819 1833 1063 1908 χάλαζαν
1097 1831 1185 1884 καὶ
1217 1835 1321 1905 πῦρ
1373 1828 1652 1907 φλογίζον·
1721 1825 1943 1905 ὀγδόην,

1379 432 1758 495 SYNOPSIS
1805 432 2276 511 SCHIPTUR/E
2322 433 2620 492 SACR/E.

1969 569 2024 631 Α

3589 437 3708 496 298

2609 565 2773 620 Liber
2805 567 2874 634 ll,
2905 567 3149 619 Euodus.

2124 671 2177 724 6.
2212 669 2449 724 Ethunc
2467 670 2648 725 Exodi
2669 669 2886 725 librum
2912 671 3158 742 Moyses,
3191 673 3260 726 de
3283 688 3398 742 quo
3420 673 3546 742 jam
3572 688 3702 728 me-

2055 759 2364 826 minimus,
2399 760 2771 832 conscripsit.
2803 759 3056 815 Vocatur
3087 765 3282 815 autem
3304 760 3412 814 hoc
3439 761 3698 827 nomine,

2056 849 2196 919 quia
2218 850 2480 905 Exodum
2515 865 2616 905 seu
2650 848 3045 920 egressionem
3093 847 3352 904 ﬁliorum
3405 849 3580 904 Israel
3640 867 3711 905 ex

2059 943 2293 1010 Egypto
2325 939 2606 1004 continet,
2659 955 2784 1010 qua:
2815 937 3064 1009 contigit
3092 941 3223 1008 post
3256 938 3710 1008 promissionem

2055 1029 2303 1083 Abrahae
2335 1028 2550 1083 factam
2583 1043 2737 1082 anno
2769 1027 3356 1098 quadringentesimo
3387 1026 3710 1091 tricesimo,

2056 1122 2190 1189 post
2221 1117 2543 1172 incolatum
2564 1134 2700 1172 vero
2731 1117 2792 1171 in
2826 1117 3071 1187 [Egypto
3103 1115 3511 1170 ducentesimo
3545 1115 3714 1187 quin-

2054 1207 2344 1262 todecimo
2363 1210 2473 1275 (tot
2490 1207 2648 1262 enim
2662 1223 2849 1262 annos
2881 1207 2940 1260 in
2975 1204 3074 1260 illa
3104 1204 3564 1275 exsularunt),et
3581 1207 3715 1275 post

2055 1297 2254 1352 decem
2313 1293 2515 1367 plagas
2567 1295 2860 1370 Pharagpi
2918 1294 3147 1365 {Egypti
3198 1299 3446 1363 tyranno
3493 1292 3709 1349 illatas.

2054 1385 2199 1441 Nam
2233 1385 2432 1440 decem
2452 1384 2629 1440 hasce
2659 1383 2864 1456 plagas
2886 1388 3090 1438 contra
3117 1381 3287 1437 illum
3311 1382 3597 1438 Dominus
3618 1381 3711 1435 in-

2054 1471 2250 1528 duxit:
2308 1473 2580 1545 primam,
2632 1489 2747 1544 qua
2799 1472 3065 1528 ﬂuminis
3119 1472 3339 1526 undam
3374 1463 3621 1526 mutavit
3649 1468 3710 1525 in

2055 1560 2444 1634 sanguinem;
2503 1561 2770 1632 alteram,
2807 1578 2925 1633 qua
2982 1578 3156 1616 ranas
3216 1561 3277 1615 in
3309 1564 3430 1616 tota
3463 1563 3706 1632 Egypto

2055 1651 2366 1725 produxit;
2401 1651 2656 1719 tertiam,
2716 1667 2830 1721 qua
2871 1649 3208 1721 sciniphes;
3267 1653 3558 1720 quartam,
3592 1662 3714 1717 qua

2056 1755 2322 1796 muscam
2352 1739 2666 1808 caninam;
2700 1739 2995 1810 quintam,
3050 1755 3168 1809 qua
3197 1742 3447 1793 mortem
3470 1738 3711 1808 jumen-

2053 1834 2289 1898 torum;
2323 1835 2570 1895 sextam,
2605 1846 2724 1901 qua
2781 1828 2978 1884 ulcera
3026 1827 3326 1900 turgentia
3382 1830 3440 1882 et
3482 1825 3714 1882 urentia

293 1924 504 1998 ἀκρίδαο
564 1925 779 1993 ἐνάτην,
836 1920 1025 1981 σκότος
1084 1920 1135 1973 ἐν
1196 1920 1338 1988 πάση
1415 1921 1483 1992 τῇ
1540 1916 1801 1992 Αίγύπτῳ
1860 1915 1947 1971 ἐπὶ

2072 1918 2398 1974 nominibus
2429 1923 2483 1974 et
2535 1917 2827 1990 jumentis
2885 1917 3173 1984 immisit;
3221 1916 3557 1988 septimam,
3593 1931 3714 1988 qua

251 2013 570 2088 ’διάστημα
596 2017 763 2087 τριῶν
860 2014 1035 2085 μερῶν
1070 2009 1243 2084 χωρὶς
1275 2014 1375 2076 τῆς
1404 2014 1505 2082 γῆς
1535 2007 1664 2060 υἱῶν
1700 2004 1941 2082 Ἰσραήλ⁸

295 2103 546 2173 δεκάτην,
597 2101 819 2165 θάνατον
871 2099 1085 2153 πάντων
1130 2102 1238 2151 τῶν
1269 2095 1632 2171 πρωτοτόκων
1671 2095 1945 2170 Αἰγύπτου

297 2195 401 2249 ἀπὸ
459 2192 750 2266 ἀνθρώπου
801 2177 910 2249 ἕως
958 2189 1188 2258 κτήνους
1254 2185 1352 2242 Καὶ
1386 2184 1498 2239 ἐπεὶ
1532 2183 1813 2257 ἐξελθόντα
1855 2185 1946 2238 τὸν

294 2282 422 2338 λαὸν
456 2277 773 2349 κατεδίωξεν
804 2279 832 2331 6
857 2277 1083 2353 Φαραὼ,
1115 2275 1258 2329 οὕτω
1292 2275 1484 2329 λοιπὸν
1519 2275 1547 2329 6
1581 2275 1672 2347 μέν
1727 2272 1946 2346 Ἰσραὴλ

294 2373 442 2448 ξηρῷ
495 2374 574 2442 τῷ
620 2365 747 2424 ποδὶ
783 2361 936 2436 διέϐη
969 2367 1067 2434 τὴν
1098 2364 1320 2440 ἐρυθρὰν
1366 2363 1634 2426 θάλασσαν
1670 2359 1953 2438 διαιρεθεῖ-

293 2481 384 2514 σαν
446 2457 589 2521 ἔνθεν
645 2456 734 2511 καὶ
800 2452 965 2518 ἔνθεν·
1024 2455 1076 2508 οἱ
1129 2451 1186 2508 δέ
1243 2451 1534 2527 Αἰγύπτιοι
1575 2452 1626 2506 οἱ
1660 2448 1949 2512 διώκοντες

293 2550 384 2604 τὸν
441 2547 572 2603 λαὸν
633 2547 723 2600 σὺν
785 2544 933 2615 αὐσῷ
982 2547 1061 2614 τῷ
1119 2543 1320 2618 Φαραὼ
1378 2541 1862 2610 κατεποντίσθησαν
1901 2539 1952 2594 ἐν

299 2637 438 2710 αὐτῇ
494 2639 564 2708 τῇ
625 2633 892 2704 θαλάσση.
956 2634 1042 2688 Ἐν
1086 2632 1370 2705 τούτῳτῷ
1405 2625 1609 2706 βιϐλίῳ
1639 2629 1951 2706 περιέχεται

299 2727 390 2781 καὶ
449 2725 566 2785 πῶς
627 2724 678 2778 οἱ
741 2722 897 2797 μάγοι
946 2725 1056 2776 τῶν
1091 2720 1396 2797 Αἰγυπτίων
1433 2722 1640 2789 Ἰαννῆς
1669 2719 1758 2773 καὶ
1793 2725 1951 2791 Μαμ-

306 2816 464 2891 βρῆς,
525 2813 659 2867 κατὰ
725 2795 816 2883 μέν
875 2812 972 2880 τήν
1035 2811 1210 2886 ἀρχὴν
1265 2810 1588 2880 ἀντέστησαν
1614 2813 1693 2880 τῷ
1725 2811 1955 2881 Μωυσῇ,

303 2903 522 2979 ὕστερον
585 2899 662 2972 δὲ,
724 2899 1120 2977 αἰσχυνθέντες,
1183 2900 1559 2975 ἀνεχώρησαν·
1619 2896 1707 2953 καί
1765 2899 1798 2966 ἡ
1831 2897 1956 2972 περὶ

306 2997 402 3046 τοῦ
461 2991 653 3065 Πάσχα
710 2989 1003 3063 νομοθεσία
1055 2990 1088 3058 ἢ
1149 3011 1207 3044 τε
1254 2993 1350 3043 τοῦ
1408 2992 1606 3062 πικροῦ
1656 2985 1847 3047 ὕδατος
1881 2986 1956 3048 εἰς

318 3078 488 3155 γλυκὺ
546 3073 852 3152 μεταϐολὴ,
910 3078 1000 3132 καὶ
1056 3085 1158 3147 τῆς
1216 3078 1633 3154 ὀρτογομήτρας
1667 3073 1837 3142 δύσις,
1871 3074 1959 3130 καὶ

319 3169 350 3238 ἡ
412 3169 461 3239 ἐξ
516 3168 748 3244 οὑρανοῦ
807 3166 1054 3243 χορηγία
1105 3171 1200 3221 τοῦ
1243 3167 1434 3240 μάννα,
1465 3165 1552 3220 καὶ
1583 3166 1646 3220 τὸ
1676 3166 1726 3220 ἐν
1763 3164 1961 3238 πέτρας

316 3254 567 3312 ἀναδοθὲν
625 3258 810 3319 αὑτοῖς
863 3254 1032 3332 ὕδωρ,
1091 3258 1151 3326 ἣν
1211 3257 1300 3311 καὶ
1354 3255 1675 3327 ἐπωνόμασε
1727 3261 1962 3324 Μωϋσῆς

313 3347 611 3422 πειρασμὸν
661 3347 751 3401 καὶ
810 3343 1152 3421 λοιδόρησιν·
1214 3345 1304 3399 ὅτε
1359 3344 1449 3400 καὶ
1503 3345 1678 3419 άσχὴν
1739 3341 1960 3420 ἕσχενὴ

309 3441 405 3490 τοῦ
469 3431 741 3491 σαϐϐάτου
810 3437 1209 3512 παρατήρησις,
1268 3435 1302 3503 ἢ
1356 3455 1414 3488 τε
1470 3435 1522 3488 ἐν
1579 3438 1658 3504 τῷ
1714 3429 1826 3509 ὄρει
1883 3437 1963 3505 τῷ

313 3531 445 3580 Σινᾶ
501 3524 680 3580 θεόθεν
731 3523 1028 3598 νομοθεσία
1056 3524 1322 3599 γενομένη
1357 3520 1446 3577 διὰ
1476 3521 1750 3584 Μωυσέως
1781 3522 1832 3575 ἐν
1867 3519 1964 3575 δύο

310 3613 470 3685 πλαξί
526 3613 782 3678 λιθίναις,
833 3613 923 3675 καὶ
971 3615 1005 3683 ἡ
1033 3620 1131 3683 τῆς
1165 3619 1364 3682 σκηνῆς
1396 3610 1483 3667 καί
1513 3616 1610 3666 τοῦ
1643 3608 1964 3683 ἐνδύματος,

310 3708 408 3760 τοῦ
465 3725 525 3758 τε
576 3703 878 3779 ἀρχιερέως
910 3703 999 3757 καὶ
1029 3707 1136 3757 τῶν
1167 3703 1352 3777 ἱερέων
1385 3702 1710 3770 κατασκευὴ,
1743 3701 1968 3755 ἐνταῦθα

307 3792 654 3865 σημαίνεται.
745 3792 812 3848 Οἱ
859 3792 982 3865 ,μὲν
1063 3789 1153 3845 οὖν
1215 3791 1573 3866 ἐργασάμενοι
1636 3789 1806 3844 πάντα
1865 3786 1968 3841 εἰσὶ

314 3880 588 3950 Βεσελεὴλ
622 3881 682 3936 ἐκ
711 3880 887 3958 φυλῆς
932 3878 1127 3948 Ἰούδα,
1187 3880 1277 3934 καὶ
1338 3874 1468 3934 Διὰϐ
1501 3880 1614 3952 (78)
1673 3879 1733 3933 ἐκ
1789 3875 1968 3955 φυλῆς

316 3970 438 4026 Δάν.
499 3969 576 4027 Τὸ
636 3967 694 4024 δὲ
751 3968 1026 4024 ἀναλωθὲν
1083 3969 1157 4030 εἷς
1213 3969 1280 4023 τὰ
1311 3965 1438 4044 ἔργα
1469 3967 1578 4022 ἐστί
1610 3966 1839 4042 χρυσίου
1874 3967 1970 4038 μέν

315 4058 555 4114 τάλαντα
611 4060 710 4132 κθ’,
771 4058 859 4113 καὶ
921 4057 1102 4114 σίκλοι
1299 4057 1533 4134 ἀργύρου
1585 4054 1642 4110 δέ
1671 4055 1970 4130 τάλανταρ

315 4148 428 4222 (καὶ
485 4147 664 4203 σίκλοι
725 4151 872 4222 ᾳψοέ
927 4150 1061 4220 (79)’
1122 4144 1339 4222 χαλκοῦ
1395 4144 1633 4200 τάλαντα
1673 4145 1736 4211 o',
1768 4145 1855 4198 κοὶ
1889 4142 1970 4197 σί-

318 4237 439 4292 κιὶοι
476 4238 580 4316 βφ’.
615 4238 865 4313 Περιέχει
899 4233 957 4290 δὲ
984 4240 1146 4292 τοῦτο
1172 4236 1234 4290 τὸ
1287 4230 1503 4310 βιϐλίον
1531 4236 1628 4304 τήν
1685 4255 1744 4288 τε
1798 4234 1973 4308 παρά-

321 4322 474 4381 ϐασιν
519 4330 616 4381 τοῦ
673 4325 834 4394 λαοῦ,
894 4325 982 4380 ὅτε
1041 4324 1456 4399 ἐμοσχοποίησε
1484 4322 1630 4378 κάτω
1661 4327 1759 4377 τοῦ
1789 4317 1974 4398 ὅρους,

317 4415 404 4470 καὶ
438 4421 554 4478 πῶς
601 4414 810 4492 ἐτρώθη
847 4416 874 4469 6
930 4414 1192 4488 Ἀμαλήκ
1240 4419 1306 4488 τῇ
1365 4413 1572 4468 ἐκτάσει
1619 4417 1726 4467 τῶν
1769 4415 1971 4489 χειρῶν

318 4503 614 4577 Μωΰσέως,
672 4505 762 4560 καὶ
826 4504 1017 4559 λοιπὸν
1077 4504 1287 4576 νόμιμα
1339 4507 1428 4558 καὶ
1460 4501 1824 4576 δικαιώματα,
1884 4501 1972 4556 καὶ

316 4595 424 4671 πρὸ
454 4595 628 4649 αὐτῶν
660 4594 754 4655 τὰς
787 4594 838 4647 ἐν
872 4592 1034 4663 πλαξὶ
1087 4591 1212 4648 δέκα
1271 4590 1490 4654 ἐντολὰς
1535 4591 1755 4654 ταύτας·
1823 4591 1975 4667 πρώ-

2056 2009 2404 2081 grandinem
2429 2011 2486 2063 et
2509 2010 2704 2079 ignem
2730 2008 3133 2063 ﬂammantem
3157 2005 3398 2076 deiecit;
3422 2009 3712 2070 octavam,

2057 2115 2175 2170 qua
2202 2097 2528 2154 locustam:
2590 2114 2828 2164 nonam,
2891 2113 3006 2166 qua
3062 2095 3368 2151 triduanas
3419 2093 3707 2150 universa

2056 2188 2299 2259 Egypto
2321 2187 2615 2255 tenebras,
2649 2187 2886 2258 dempta
2914 2192 3071 2241 terra
3092 2184 3349 2240 ﬁliorum
3389 2183 3586 2250 Israel,
3621 2183 3712 2237 in-

2058 2275 2229 2343 tulit;
2281 2275 2590 2347 decimam,
2639 2292 2756 2347 qua
2787 2292 2988 2331 omnes
3019 2275 3244 2346 [Egypti
3288 2273 3713 2345 primogenitos

2061 2367 2134 2422 ab
2163 2366 2402 2422 homine
2434 2383 2621 2438 usque
2650 2367 2722 2421 ad
2745 2367 3020 2436 jumenta
3051 2363 3280 2419 occidit.
3319 2363 3533 2418 Deinde
3555 2379 3713 2417 com-

2061 2459 2442 2527 memoratur,
2476 2456 2771 2527 quomodo
2801 2470 3103 2527 egressum
3135 2451 3418 2526 populum
3442 2466 3716 2524 persecu-

2063 2549 2160 2600 tus
2191 2544 2269 2599 sit
2297 2544 2540 2612 Pharao,
2573 2548 2631 2599 et
2663 2543 2838 2600 Israel
2879 2543 3113 2615 quidem
3161 2542 3316 2598 sicco
3369 2541 3512 2612 pede
3544 2555 3712 2595 mare

2064 2633 2330 2689 Rubrum
2363 2635 2471 2690 hac
2501 2638 2678 2704 atque
2707 2633 2840 2690 illac
2883 2633 3138 2688 divisum
3171 2630 3507 2688 transierit:
3542 2634 3713 2703 Egy-

2065 2723 2174 2795 ptii
2193 2739 2353 2790 vero,
2385 2723 2668 2796 populum
2702 2721 3135 2791 insectati,cum
3157 2722 3460 2778 Pharaone
3482 2720 3542 2775 in
3597 2719 3722 2791 ipso

2067 2813 2215 2868 mari
2239 2812 2533 2868 submersi
2567 2813 2707 2869 sint.
2742 2810 3274 2883 Comprehenditur
3304 2814 3360 2865 et
3389 2809 3501 2864 hoc
3543 2808 3715 2879 libro,

2067 2903 2360 2973 quomodo
2389 2902 2610 2958 Jannes
2664 2918 2730 2959 ac
2791 2901 3085 2957 Mambres
3127 2899 3532 2972 IEgyptiorum
3567 2896 3724 2969 magi

2069 2991 2356 3063 principio
2387 2992 2622 3064 quidem
2647 2991 2831 3064 Moysi
2857 2991 3444 3060 restiterint,tandem
3459 3005 3592 3044 vero
3617 3005 3724 3060 pu-

2071 3080 2282 3136 defacti
2328 3081 2729 3137 discesserint.
2781 3082 3062 3137 Praeterea
3084 3084 3390 3136 enarratur
3419 3079 3725 3134 Paschatis

2069 3169 2183 3236 lex,
2215 3187 2376 3242 aqua
2400 3171 2688 3226 acerbitas
2719 3170 2778 3226 in
2803 3169 3176 3226 dulcedinem
3207 3165 3723 3238 mutata,coturni-

2076 3276 2210 3316 cum
2241 3261 2377 3316 data
2406 3259 2574 3332 copia
2603 3278 2632 3316 e
2663 3259 3288 3332 caalo,suppeditatum
3323 3273 3559 3324 manna,
3588 3257 3728 3312 data

2074 3348 2190 3420 ipsi
2223 3367 2374 3420 aqua
2399 3365 2430 3405 e
2460 3354 2829 3420 petra,quam
2860 3353 2918 3404 et
2947 3348 3331 3404 tentationem
3363 3351 3420 3402 et
3458 3344 3726 3417 jurgium

2073 3441 2298 3510 Moyses
2348 3436 2681 3510 appellavit.
2732 3439 2895 3493 Tunc
2943 3442 3002 3493 et
3048 3436 3294 3493 Sabbati
3359 3434 3732 3492 observantia

2073 3527 2311 3582 initium
2346 3527 2624 3604 sumpsit,
2674 3533 2732 3584 et
2770 3526 3060 3598 legislatio
3101 3525 3388 3581 divinitus
3439 3525 3731 3581 inmonte

2077 3617 2217 3672 Sina
2256 3633 2360 3688 per
2388 3621 2603 3672 Mosem
2640 3617 2698 3671 in
2753 3617 2985 3672 duabus
3027 3615 3246 3672 tabulis
3279 3614 3527 3686 lapideis
3581 3614 3736 3668 facta

2078 3709 2186 3760 est.
2212 3705 2278 3760 Et
2300 3705 2370 3761 de
2385 3704 2762 3760 tabernaculo
2776 3705 3491 3777 dequeindumeuto,cum
3515 3701 3737 3758 summi

2079 3795 2533 3865 pontificis,tum
2595 3795 2957 3866 reliquorum
3019 3794 3390 3850 sacerdotum
3434 3791 3734 3863 parandis,

2079 3881 2139 3938 in
2172 3883 2282 3938 hoc
2325 3883 2478 3940 libro
2534 3884 2924 3956 signiﬁcatur.
2969 3889 3186 3939 Rerum
3237 3887 3433 3938 autem
3464 3880 3733 3938 omnium

2080 3973 2336 4030 artiﬁces
2367 3974 2548 4043 fuere,
2582 3973 2838 4030 Beseleel
2877 3990 2947 4029 ex
2979 3973 3134 4028 tribu
3191 3973 3222 4028 J
3232 3973 3368 4041 uda,
3403 3975 3459 4027 et
3491 3970 3627 4025 Liab
3668 3986 3738 4024 ex

2059 4062 2237 4117 ‘tribu
2274 4063 2417 4118 Dan.
2453 4062 2709 4134 Operum
2739 4078 2873 4119 vero
2905 4061 3337 4134 sumptus,auri
3365 4055 3590 4117 talenta
3645 4058 3735 4112 vi-

2083 4150 2232 4222 ginti
2260 4167 2492 4219 novem,
2527 4156 2582 4206 et
2613 4150 2740 4206 sicli
2775 4150 3165 4224 septingenti:
3200 4150 3425 4222 argenti
3457 4166 3591 4204 vero
3648 4153 3736 4202 ta-

2083 4239 2242 4294 lenta
2264 4245 2500 4294 centum
2526 4239 2606 4310 (et
2635 4239 2761 4295 sicli
2794 4239 3117 4310 l775),aeris
3145 4246 3338 4295 autem
3365 4237 3742 4312 septuaginta

2083 4327 2530 4398 talenta,etsicli
2548 4329 2640 4384 bis
2661 4327 2822 4384 mille
2854 4328 3466 4400 quingenti.Continet
3484 4327 3577 4382 hic
3595 4327 3743 4382 liber

2085 4421 2142 4471 et
2173 4415 2703 4488 transgressionem
2747 4416 3096 4489 populi,qua
3127 4417 3376 4473 vitulum
3410 4417 3522 4471 sub
3546 4424 3743 4471 monte

2085 4504 2379 4560 conflavit.
2411 4507 2484 4561 Et
2538 4507 2833 4577 quomodo
2893 4508 3125 4562 Amalec
3186 4523 3290 4578 per
3342 4506 3744 4562 extensionem

2086 4610 2374 4654 manuum
2407 4594 2588 4651 Mosis
2619 4612 2938 4668 percussus
2971 4595 3068 4665 sit,
3103 4612 3328 4651 necnon
3363 4595 3635 4666 deinceps
3663 4594 3747 4649 le-

316 4705 439 4754 την,
501 4684 638 4760 Ἐγὼ
699 4682 814 4754 εἶμι
876 4681 1072 4757 Κύριος
1127 4683 1155 4736 6
1212 4681 1342 4743 Θεός
1401 4700 1514 4735 σου·
1571 4679 1842 4757 δευτέραν,
1904 4682 1959 4734 Oi

2087 4702 2188 4758 ges
2220 4691 2278 4741 et
2299 4686 2779 4758 justiﬁcationes,
2803 4693 2859 4742 et
2889 4692 3026 4743 ante
3049 4687 3194 4743 istas
3226 4687 3428 4742 decem
3453 4690 3746 4758 praecepta

320 4777 568 4845 ποιήσεις
604 4777 810 4845 σεαυτῷ
844 4770 1096 4844 εἴδωλον,
1131 4771 1257 4827 οὑδέ
1287 4773 1482 4833 παντὸς
1531 4771 1809 4845 δμοίωμα·
1859 4773 1977 4846 τρί-

323 4884 447 4934 την,
500 4863 574 4917 06
631 4862 787 4936 λέψη
843 4862 905 4916 τὸ
964 4857 1139 4934 ὄνομα
1199 4861 1524 4937 Κυρίουτοῦ
1556 4859 1690 4916 Θεοῦ
1739 4883 1834 4916 σου
1892 4861 1979 4917 ἐπὶ

333 4951 565 5024 ματαίῳ’
624 4951 906 5025 τετάρτην,
969 4952 1254 5021 Μνήσθητι
1302 4951 1400 5018 τὴν
1452 4950 1663 5025 ἡμέραν
1707 4954 1817 5005 τῶν
1848 4946 1980 5005 σαϐ-

331 5035 530 5096 ϐάτων·
582 5042 862 5114 πέμπτην,
911 5039 1054 5112 Τίμα
1111 5041 1201 5094 τὸν
1255 5041 1464 5114 Πατέρα
1493 5061 1587 5094 σου
1619 5039 1708 5094 καὶ
1738 5041 1837 5109 τήν
1875 5061 1983 5114 μη-

327 5129 456 5207 τέρα
508 5151 625 5185 σου-
675 5127 861 5201 ἕκτην,
913 5130 985 5184 Οὑ
1018 5129 1309 5208 φονεύσεις·
1348 5124 1614 5202 ἐϐδόμην,
1645 5129 1718 5184 O6
1754 5127 1982 5205 μοιχεύ-

331 5240 456 5282 σεις·
504 5217 731 5296 ὀγδόην,
787 5219 858 5272 O6
912 5217 1151 5292 κλέψεις,
1179 5219 1392 5287 ἐνάτην,
1427 5220 1504 5275 Οὐ
1535 5216 1987 5294 ψευδομαρτυρή-

331 5330 440 5371 σεις
501 5309 640 5364 κατὰ
694 5313 790 5363 τοῦ
839 5306 1068 5374 πλησίον
1112 5331 1206 5363 σου
1243 5307 1535 5383 μαρτυρίαν
1570 5304 1764 5381 ψευδῆ
1826 5305 1986 5364 δεκά-

327 5420 448 5468 την,
481 5399 597 5455 Οὑκ
653 5399 1008 5470 ἐπιθυμήσεις
1064 5399 1164 5466 τήν
1213 5402 1438 5474 γυναῖκα
1475 5400 1570 5450 τοῦ
1601 5393 1838 5466 πλησίον
1865 5419 1984 5469 σου,

370 5488 383 5508 τ
432 5488 444 5508 9
522 5485 532 5504 Υ
698 5492 722 5501 η’
1157 5491 1185 5501 ~
1347 5486 1356 5506 Ι
1440 5492 1449 5508 ι
1534 5482 1556 5501 Ν
1796 5487 1810 5506 ς

331 5490 424 5542 ουθ
501 5488 603 5542 ὅσα
655 5510 735 5559 τῳ
795 5485 1030 5558 πλησίον
1094 5509 1188 5541 σου
1249 5488 1405 5542 ἐστιν.
1456 5493 1497 5540 Η
1531 5486 1587 5539 οὲ
1646 5507 1841 5557 σκηνη,
1898 5507 1988 5542 τε-

405 5686 518 5831 E78;
549 5686 807 5769 Legitur,
842 5679 1053 5756 Ἐλιάϐ,
1085 5686 1264 5741 Exod.
1296 5703 1449 5758 xxxi,
1481 5686 1536 5740 6.

425 5759 497 5814 79
549 5759 834 5815 Siclorum
866 5757 1090 5829 argenti
1122 5774 1417 5814 summam
1449 5775 1517 5813 ex

623 5887 890 5947 PATROL.
922 5886 1036 5946 Gn.
1077 5881 1350 5947 XXVIII.

2089 4775 2308 4830 tabulis
2340 4775 2910 4848 inscripta,quorum
2966 4777 3222 4848 primum
3286 4781 3413 4832 est:
3463 4775 3582 4848 Ego
3613 4791 3748 4830 sum

2091 4865 2376 4920 Dominus
2409 4851 2563 4921 Deus
2591 4870 2770 4922 tuus:
2806 4867 3079 4936 alterum,
3113 4867 3238 4922 Non
3271 4866 3449 4921 facies
3480 4865 3581 4919 tibi
3634 4863 3744 4933 ipsi

2093 4953 2500 5023 simulacrum,
2535 4971 2727 5026 neque
2758 4955 2935 5011 ullius
2977 4955 3060 5011 rei
3111 4955 3560 5012 similitudinem
3594 4972 3608 5022 ;
3639 4961 3750 5008 ter—
3789 5009 3792 5014 ,

2093 5043 2264 5111 tium,
2314 5045 2440 5100 Non
2482 5059 2753 5100 assumes
2788 5062 2997 5101 nomen
3032 5044 3266 5101 Domini
3293 5044 3395 5100 Dei
3428 5044 3508 5099 tui
3557 5043 3618 5096 in
3648 5058 3746 5096 va-

2096 5149 2237 5188 num
2265 5158 2278 5201 ;
2311 5133 2942 5205 quartpmﬁecordare
2989 5133 3104 5189 diei
3135 5133 3548 5198 Sabbatorum,
3583 5129 3752 5202 quin-

2096 5227 2245 5293 tum,
2271 5223 2503 5279 Honora
2532 5228 2758 5294 patrem
2805 5227 3070 5286 tuum.et
3100 5226 3353 5277 matrem
3385 5227 3546 5278 tuam
3575 5237 3588 5287 ;
3621 5235 3751 5274 sex-

2096 5316 2247 5379 tum,
2280 5313 2407 5367 Non
2441 5312 2708 5378 occides;
2769 5313 3112 5385 septimum,
3172 5309 3296 5364 Non
3323 5307 3751 5373 mmchaberis;

2099 5407 2390 5471 octavum,
2427 5401 2549 5457 Non
2584 5401 2910 5469 furaberis;
2949 5415 3191 5468 nonum,
3223 5397 3348 5452 Non
3375 5400 3533 5456 dices
3553 5400 3758 5452 contra

2098 5491 2427 5572 proximum
2462 5495 2632 5546 tuum
2665 5491 2881 5546 falsum
2944 5483 3358 5544 testimonium
3392 5485 3757 5555 (decimum,

551 5713 807 5756 μυιςιιιυιν,
860 5713 1053 5756 ωΛιαυ,
1087 5713 1264 5741 ωᾶυυ.
1296 5713 1449 5758 Alli,
1481 5713 1536 5740 υ.
2487 5713 2503 5736 τι

549 5757 834 5815 Siclorum
866 5757 1090 5829 argenti
1122 5774 1417 5814 summam
1449 5775 1517 5813 ex
1548 5756 1708 5830 LXX,
1741 5757 2147 5832 supplevimus
2177 5758 2352 5815 Exod.
2390 5773 2576 5814 ω.

3417 5831 3495 5938 ιο
