4154 6368
365 364 484 426 299

1561 367 1624 426 ὃ.
1675 361 2199 428 ATHANASIUS.
2224 395 2297 405 —
2335 363 2592 426 DUBIA.

3672 372 3793 436 300

363 495 490 549 Non
522 493 901 565 concupisces
934 509 1173 548 uxorem
1208 491 1450 564 proximi
1483 492 1591 562 tui,
1626 508 1817 563 neque
1849 492 2000 562 quid

2131 488 2438 559 λειωθεῖσα,
2489 493 2683 564 ἐστάθη
2733 499 2818 568 τῷ
2866 493 3100 573 δευτέρῳ
3152 494 3261 553 ἓτει
3304 506 3405 568 τῆς
3457 496 3645 571 ἐξόδου
3695 503 3789 557 αὖ·

363 600 539 653 quam
568 598 791 648 eorum,
818 599 946 653 qua:
979 587 1118 636 sunt
1147 581 1514 658 proximitui.
1550 580 2019 635 Tabernaculum

363 675 562 727 autem
594 687 747 726 anno
770 671 1031 726 secundo
1063 675 1196 742 post
1233 686 1539 742 egressum
1597 668 1844 741 Egypti,
1882 686 2014 724 neo-

364 761 562 816 menia
601 759 776 831 primi
809 759 1030 815 mensis
1052 759 1374 831 perfectum
1406 763 1515 815 est.
1547 759 1618 813 Et
1643 759 1702 813 in
1736 758 1864 814 istis
1897 764 2015 812 ter-

367 850 625 906 minatur
665 849 883 905 Exaudi
918 849 1086 904 liber.

790 977 946 1040 102
979 977 1137 1038 Liber
1165 978 1258 1044 Ill.
1293 977 1585 1039 ιενειίαιιδ.

435 1070 488 1124 7.
524 1067 591 1124 Et
620 1066 716 1122 hic
740 1065 886 1124 liber
905 1067 1194 1128 Leviticus
1224 1083 1258 1124 ι
1289 1066 1482 1137 Moyse
1513 1063 1882 1142 conscriptus
1903 1069 2011 1124 est.

366 1158 424 1214 Id
458 1161 653 1216 autem
688 1155 944 1211 nominis
1005 1156 1078 1212 ob
1136 1171 1264 1214 eam
1296 1171 1534 1214 causam
1577 1153 1823 1225 accepit,
1857 1153 2012 1224 quod

364 1244 737 1318 peculiariter
793 1245 1123 1300 universam
1185 1242 1420 1304 Levitici
1478 1241 1742 1304 muneris
1766 1241 2014 1302 formam

366 1335 684 1404 contineat,
717 1338 772 1389 et
801 1350 917 1404 quo
952 1337 1118 1405 pacto
1142 1349 1210 1395 ex
1239 1332 1396 1394 tribu
1433 1332 1560 1394 Levi
1594 1331 1651 1393 in
1684 1331 2016 1390 sacerdotes

363 1423 529 1482 electi
560 1423 679 1478 sint
707 1427 764 1478 et
795 1422 955 1478 uncti
990 1429 1182 1483 Aaron
1209 1427 1266 1480 et
1299 1419 1402 1482 ﬁlii
1426 1420 1584 1480 illius
1611 1436 1624 1480 ;
1648 1419 2012 1497 etquidquid

365 1511 726 1570 discriminis
782 1514 871 1566 est
919 1511 1071 1566 inter
1127 1509 1416 1572 sacrificia
1471 1513 1529 1572 et
1557 1508 1922 1570 oblationes:
1960 1513 2016 1570 et

366 1599 558 1674 qualis
576 1600 653 1658 sit
685 1600 991 1658 universus
1022 1595 1383 1660 tabernaculi
1407 1595 1600 1660 cultus
1625 1596 1850 1668 :qualis
1873 1595 2010 1656 item

364 1690 442 1746 sit
473 1689 706 1748 Levitici
737 1706 804 1744 ac
835 1687 1216 1750 sacerdotalis
1248 1686 1512 1748 muneris
1546 1685 2014 1750 functio.l.leinde

363 1784 421 1834 et
451 1780 738 1849 cujusque
755 1777 1027 1838 sacriﬁcii
1051 1776 1237 1852 legem
1269 1775 1665 1846 exponit,cum
1698 1772 2010 1852 ejusquod

2125 583 2234 632 τῶν
2262 581 2522 654 νεομηνία
2549 587 2646 636 τοῦ
2691 584 2914 659 πρώτου
2969 585 3161 657 μηνός.
3195 587 3297 642 Καὶ
3322 586 3373 642 ἐν
3401 588 3616 652 τούτοις
3648 612 3786 666 συμ-

2127 668 2431 748 περαίνεται
2463 671 2523 724 τὸ
2556 679 2653 739 τῆς
2685 671 2905 742 Ἐξόδου
2934 670 3172 752 βιϐλίον.

2627 971 2847 1032 Βιϐλίον
2879 983 2943 1053 τ,
2978 979 3281 1038 Λευϊτικόν.

2195 1065 2249 1120 7.
2285 1061 2386 1120 Καὶ
2416 1067 2576 1118 τοῦτο
2623 1066 2686 1120 τὸ
2731 1067 3009 1122 Λευϊτικὸν
3060 1063 3276 1143 βιϐλίον
3326 1071 3472 1145 παρά
3521 1075 3619 1130 τοῦ
3649 1093 3780 1146 προ-

2127 1147 2466 1220 δηλωθέντος
2554 1154 2825 1218 Μωυσέως
2897 1158 3225 1235 συνεγράφη.
3303 1159 3650 1232 Ὀνομάζεται
3726 1160 3784 1218 δὲ

2126 1235 2322 1311 οὕτως,
2382 1239 2568 1309 ἐπειδὴ
2617 1242 2707 1297 καὶ
2754 1241 2941 1306 ἶδικῶς
2992 1252 3164 1300 πᾶσαν
3211 1253 3310 1317 τῆς
3343 1250 3632 1320 Λευῖτικῆς
3665 1249 3777 1306 λει-

2122 1328 2372 1404 τουργίας
2428 1331 2528 1398 τὴν
2591 1328 2920 1390 διατύπωσιν
2979 1335 3248 1411 περιέχει,
3307 1337 3552 1400 καὶπῶς
3594 1341 3778 1400 ὁἈα-

2125 1416 2233 1490 ρὼν
2283 1418 2371 1472 καὶ
2400 1419 2451 1472 οἱ
2496 1419 2603 1474 υἱοὶ
2653 1421 2817 1477 αὐτοῦ
2857 1422 3168 1499 ἐκλέγονται
3203 1424 3263 1481 ἐκ
3289 1429 3387 1496 τῆς
3418 1426 3595 1504 φυλῆς
3625 1430 3780 1500 Λευῖ,

2122 1505 2211 1560 καὶ
2261 1507 2512 1582 χρίονται
2573 1508 2648 1571 είς
2707 1511 2899 1588 ἱερέας
2959 1513 3129 1569 πᾶσάν
3162 1535 3220 1569 τε
3246 1516 3345 1585 τὴν
3381 1513 3640 1594 διαφοράν
3670 1524 3779 1574 τῶν

2125 1601 2320 1658 θυσιῶν
2352 1597 2442 1654 καὶ
2493 1603 2602 1656 τῶν
2644 1605 2994 1679 προσφορῶν,
3025 1603 3114 1657 καὶ
3143 1604 3241 1672 τήν
3274 1605 3540 1678 ποιότητα
3598 1607 3776 1682 πάσης

2120 1690 2220 1752 τῆς
2264 1684 2313 1739 ἐν
2371 1691 2452 1757 τῷ
2509 1687 2641 1762 ἱερῷ
2695 1688 2967 1765 λατρείας,
3027 1691 3116 1746 καὶ
3173 1699 3273 1763 τῆς
3342 1701 3632 1768 Λευῖτικῆς
3688 1697 3775 1752 καί

2121 1773 2398 1848 ἱερατικῆς
2469 1775 2827 1856 λειτουργίας·
2888 1779 2977 1833 καὶ
3033 1781 3125 1835 τὸν
3183 1781 3378 1858 νόμον,
3439 1781 3497 1838 δὲ
3550 1785 3774 1856 δκάστης

362 1867 570 1927 salutis
631 1868 843 1940 gratia,
905 1873 1031 1927 tum
1092 1867 1220 1938 ejus
1280 1865 1436 1938 quod
1480 1879 1582 1944 pro
1614 1862 1847 1928 delicto,
1893 1861 2000 1924 sive

2122 1860 2325 1925 θτσίας·
2388 1866 2510 1940 περῖ
2557 1887 2615 1920 τε
2661 1871 2760 1922 τοῦ
2805 1868 3076 1942 σωτηρίου
3124 1870 3212 1925 καὶ
3257 1875 3354 1926 τοῦ
3403 1872 3650 1930 ἑκουσίου
3683 1875 3771 1930 καὶ

362 1965 707 2030 spontaneo,
768 1955 889 2011 sive
945 1953 1338 2016 involuntario
1396 1953 1473 2014 sit
1520 1952 2000 2020 03erendum;el

2123 1949 2378 2009 ἀκουσίου
2452 1953 2963 2029 πλημμελήματος,
3041 1958 3128 2013 καὶ
3204 1964 3320 2022 πῶς
3387 1957 3608 2022 ἕκαστον
3662 1969 3768 2019 τῶν

363 2047 658 2118 quomodo
717 2045 914 2100 oblata
973 2043 1208 2115 singula
1263 2042 1582 2103 dividenda
1631 2041 1752 2104 sint
1779 2042 2012 2104 βινεῖσ-

364 2136 565 2192 renda.
599 2135 918 2196 Enarratur
946 2133 1086 2194 item
1121 2133 1178 2195 in
1238 2132 1346 2194 hoc
1380 2129 1548 2200 libro,
1581 2147 1705 2202 qua:
1739 2130 1815 2190 sit
1845 2146 2014 2194 sum.

363 2225 443 2282 mi
474 2223 793 2286 sacerdotis
849 2227 907 2279 et
966 2221 1217 2284 aliorum
1245 2221 1616 2284 sacerdotum
1650 2219 1886 2282 unctio:
1939 2218 2011 2280 ad

365 2317 508 2388 haec,
533 2315 828 2387 judicium
857 2319 912 2370 et
943 2313 1197 2386 cognitio
1225 2312 1578 2376 indiciorum
1613 2310 1830 2390 quibus
1888 2315 2009 2372 tam

364 2404 695 2474 hominum,
727 2420 903 2478 quam
937 2403 1440 2472 indumentorum.
1475 2401 1886 2480 parietumque
1907 2400 2009 2462 ἀρε

363 2510 593 2554 morum
628 2493 791 2565 lepra
816 2493 1175 2566 deprehendi
1205 2491 1390 2570 possit
1423 2508 1436 2550 :
1483 2495 1541 2548 et
1575 2488 1674 2562 qui
1709 2489 1786 2550 sit
1806 2505 2007 2550 eorum

357 2583 782 2658 expiandorum
824 2581 995 2640 ritus.
1027 2581 1312 2644 Praeterea
1337 2597 1463 2658 quae
1496 2579 1572 2643 sit
1601 2579 1690 2642 lex
1716 2595 1781 2638 ac
1804 2578 2010 2642 distine

357 2673 471 2727 ctio
503 2673 933 2728 connubiorum
966 2669 1387 2743 legitimorum,
1421 2673 1477 2732 et
1508 2685 1636 2741 qua:
1668 2685 1771 2742 pro
1819 2667 2006 2739 illegi-

353 2761 516 2817 timis
548 2761 668 2818 sint
697 2760 984 2816 habenda.
1020 2759 1162 2819 Item
1196 2759 1334 2831 quid
1367 2757 1730 2820 discriminis
1750 2757 1828 2820 sit
1858 2758 2010 2819 inter

358 2851 581 2906 munda
609 2854 668 2906 et
715 2849 1022 2906 immunda
1055 2848 1400 2920 animantia,
1433 2846 1696 2904 volucres
1727 2863 1793 2908 eo
1816 2846 2006 2926 pisces

354 2958 626 3014 quoque;
662 2940 948 3010 videlicet,
1011 2940 1369 3014 quibusnam
1427 2955 1496 3000 ex
1525 2937 1654 3000 istis
1680 2937 1834 2994 vesci
1867 2954 2006 3014 pos—-

355 3031 474 3088 sint
524 3031 769 3100 Hebrai,
821 3030 1183 3102 quibusnam
1241 3045 1372 3087 vero
1405 3027 1700 3092 abstinere
1731 3027 2001 3090 debeant.

354 3120 620 3180 Declarat
656 3121 832 3176 etiam
893 3119 993 3190 qui
1024 3118 1103 3174 sit
1130 3119 1407 3180 tubarum
1449 3118 1574 3180 dies
1605 3117 1662 3179 in
1696 3115 2006 3180 neomenis

355 3210 576 3266 mensis
597 3209 858 3284 septimi,
891 3213 947 3264 et
977 3207 1174 3280 magni
1198 3206 1412 3282 jejunii
1444 3210 1822 3278 praeceptum,
1845 3205 2001 3275 quod

353 3299 555 3356 eodem
588 3298 838 3369 septimo
898 3313 1124 3362 mense,
1155 3296 1384 3356 decima
1414 3294 1636 3356 mensis
1665 3293 2001 3350 custodien-

354 3388 496 3444 dum
527 3388 626 3455 sit,
660 3403 838 3458 quam
865 3386 1185 3446 Sabbatum
1229 3385 1633 3460 sabbatorum,
1673 3387 1730 3439 et
1781 3381 2002 3454 peccati

353 3475 758 3532 remissionem
789 3478 973 3530 vocat.
1034 3473 1272 3528 Festum
1329 3476 1526 3530 autem
1570 3470 2000 3532 Tabernaculo-

351 3582 482 3622 rum
514 3564 741 3622 decima
772 3563 984 3636 quinta
1014 3561 1236 3624 mensis
1286 3561 1552 3639 ejusdem
1583 3558 2000 3625 celebrandum

350 3655 533 3726 ponit.
567 3653 704 3726 Agit
733 3668 966 3725 quoque
996 3652 1068 3708 de
1127 3650 1314 3720 festis,
1345 3654 1403 3711 et
1429 3666 1557 3722 qua:
1589 3649 1644 3711 in
1687 3647 1806 3711 illis
1861 3651 1998 3712 ρπβ.

347 3745 531 3802 renda
561 3744 682 3800 sint
711 3741 1012 3818 praecipit:
1073 3741 1213 3796 item
1261 3741 1333 3798 de
1364 3738 1854 3803 manumittendis
1887 3737 2000 3801 lie-

346 3832 540 3898 brsais,
575 3832 676 3905 qui
705 3833 766 3887 in
799 3830 1140 3888 servitutem
1197 3825 1517 3890 venundati
1574 3826 1713 3902 sint.
1745 3827 1816 3889 de
1846 3825 2003 3889 debi-

343 3927 538 3979 torum
573 3920 942 3989 remissione,
976 3919 1047 3975 de
1076 3918 1268 3990 quiete
1297 3916 1550 3996 septimo
1582 3932 1816 3996 quoque
1846 3932 2000 3980 anno

344 4017 512 4070 terrae
535 4010 929 4068 concedenda.
987 4008 1067 4064 Ad
1100 4006 1222 4064 haec
1255 4007 1325 4068 de
1354 4005 1663 4077 legalibus,
1697 4005 2000 4086 praeceptis

347 4119 414 4159 ac
444 4100 804 4156 testimoniis
835 4099 1130 4164 admonet,
1163 4097 1461 4172 simulque
1492 4095 1864 4158 servantibus
1898 4095 1998 4158 illa

346 4192 501 4246 bona
531 4188 860 4263 pollicetur,
891 4186 1461 4260 transgredientibus
1492 4201 1623 4247 vero
1645 4184 1997 4264 gravissima

345 4279 503 4336 male.
533 4280 808 4334 minatur.
843 4277 1174 4336 Intercibos
1205 4293 1338 4338 vero
1362 4275 1616 4338 mundos
1647 4278 1704 4338 ει
1733 4276 1963 4339 immun

341 4370 450 4426 dos
480 4370 552 4424 ad
588 4368 745 4425 hunc
779 4368 1018 4424 modum
1053 4365 1370 4428 discernit:
1401 4365 1768 4440 Injumentis
1791 4363 1992 4428 istius.-

343 4459 500 4514 modi
537 4460 758 4514 munda
779 4474 908 4515 esse
940 4457 1102 4512 dicit:
1126 4455 1558 4531 videlicet,qum
1592 4451 1874 4530 ungulam
1898 4452 1991 4516 di.-

2123 2042 2576 2131 προσφερομένων
2640 2042 2960 2121 διαιρεῖσθαι
3018 2047 3106 2102 καὶ
3153 2048 3506 2127 ἀναφέρεσθαι
3541 2051 3774 2131 ὀφείλει,

2123 2129 2416 2206 ἐξηγεῖται.
2471 2133 2792 2205 Διείληπται
2843 2131 2900 2189 δὲ
2942 2135 2995 2190 ἐν
3035 2136 3216 2212 τούτῳ
3245 2143 3323 2210 τῷ
3355 2134 3559 2214 βιϐλίῳ
3588 2129 3702 2204 καὶ
3735 2145 3771 2214 η

2122 2219 2304 2296 χρίσις
2361 2221 2663 2299 ἀρχιερέως
2707 2225 2795 2279 καὶ
2844 2222 2952 2279 τῶν
2999 2226 3212 2302 ἱερέων,
3270 2227 3360 2284 καὶ
3419 2230 3455 2299 ἡ
3507 2227 3773 2308 διάκρισις

2118 2309 2208 2366 κκὶ
2273 2315 2466 2386 γνῶσις
2542 2311 2784 2386 σημείων
2856 2313 2978 2389 περὶ
3057 2313 3258 2390 λέπρας
3325 2317 3627 2389 ἀνθρώπων
3686 2321 3777 2378 καὶ

2121 2395 2374 2470 ῒματίων,
2423 2402 2512 2455 καὶ
2559 2401 2765 2478 τοίχων
2809 2402 3006 2473 οἰκίας,
3048 2404 3138 2460 καὶ
3166 2407 3194 2461 6
3238 2405 3408 2479 νόμος
3448 2409 3476 2462 6
3505 2409 3632 2485 περὶ
3677 2415 3775 2466 τοῦ

2119 2495 2458 2565 καθαρισμοῦ
2511 2490 2708 2546 αὐτῶν⁸
2760 2492 2927 2566 νόμος
2954 2515 3013 2549 τε
3044 2495 3133 2549 καὶ
3167 2492 3430 2568 διαστολὴ
3464 2499 3587 2572 περὶ
3617 2500 3778 2572 νομί-

2124 2598 2238 2649 μων
2294 2577 2507 2655 γάμῶν,
2569 2580 2659 2636 καὶ
2707 2582 2847 2648 τίνες
2907 2582 3011 2638 εἶσὶ
3067 2585 3400 2659 παράνομοι·
3458 2587 3546 2643 καὶ
3607 2588 3773 2648 πάλιν

2119 2663 2382 2738 διαστολή
2442 2674 2690 2744 καθαρῶν
2746 2672 2835 2727 καὶ
2895 2671 3210 2746 ἀκαθάρτων
3278 2680 3492 2746 κτηνῶν
3568 2698 3629 2738 τε
3685 2679 3776 2734 καὶ

2115 2762 2373 2814 πετεινῶν
2422 2759 2511 2815 καὶ
2563 2757 2798 2835 ἴχθύωψ
2857 2757 3118 2830 δηλονότι
3147 2761 3311 2819 τίνων
3348 2765 3441 2837 μὲν
3474 2764 3535 2820 ἐκ
3562 2765 3770 2826 τούτων

2115 2845 2472 2922 ἀπογεύεσθαι
2531 2844 2769 2926 ὤφειλον
2821 2851 2872 2904 οἱ
2929 2846 3196 2927 Ἑϐραῖοι,
3255 2851 3415 2908 τίνων
3478 2851 3535 2908 ὃὶ
3565 2852 3768 2929 ἀπέχε-

2114 2947 2256 2999 σθαι.
2291 2936 2388 2990 Καὶ
2417 2937 2518 3006 τὴν
2555 2940 2649 3010 μὲν
2681 2940 2890 3015 ἡμέραν
2930 2941 3038 2996 τῶν
3087 2941 3404 3018 σαλπίγγων
3451 2947 3521 3018 τῇ
3571 2965 3773 3017 νεομη-

2111 3023 2199 3098 νίᾳ
2225 3029 2324 3079 τοῦ
2373 3020 2613 3098 ἑϐδόμου
2666 3029 2839 3100 μηνὸς
2879 3025 3066 3099 δηλοῖ,
3099 3029 3160 3086 τὸ
3191 3027 3249 3084 δὲ
3277 3030 3644 3107 παράγγελμα
3671 3035 3769 3102 τῆς

2117 3112 2364 3188 μεγάλης
2414 3115 2660 3183 νηστείας
2717 3116 2864 3191 αὐτῷ
2925 3113 3146 3194 ἐϐδόμῳ
3205 3119 3362 3196 μηνὶ,
3422 3119 3614 3195 δεκάτῃ
3670 3126 3770 3178 τοῦ

2121 3203 2292 3273 μηνὸς
2349 3208 2548 3260 ποιῶσι
2616 3204 2842 3276 ταύτην,
2924 3203 3110 3276 ἥντινα
3158 3202 3401 3264 σάϐϐατα
3458 3204 3770 3283 σαϐϐάτων,

2115 3291 2203 3346 καὶ
2254 3289 2435 3369 ἄφεσιν
2484 3293 2748 3368 ἁμαρτίας
2798 3295 2975 3353 καλεῖ.
3027 3296 3279 3373 Περιέχει
3337 3298 3436 3368 τὴν
3465 3294 3523 3353 δὲ
3554 3305 3764 3369 Σκηνο-

2113 3380 2316 3454 πηγίαν
2363 3385 2431 3456 τῇ
2486 3385 2540 3437 ιε’
2585 3389 2684 3437 τοῦ
2715 3383 2880 3439 αὐτοῦ
2915 3385 3110 3460 μηνός.
3145 3385 3244 3441 Καὶ
3272 3385 3395 3462 περὶ
3429 3385 3626 3463 ἐορτῶν
3689 3385 3767 3458 δὲ,

2111 3468 2199 3526 καὶ
2255 3474 2362 3525 τῶν
2423 3470 2474 3525 ἐν
2533 3472 2718 3538 αὐταῖς
2788 3472 3116 3551 ὀφειλόντων
3195 3475 3613 3552 προσφέρεσθαιο
3676 3476 3765 3531 καὶ

2111 3559 2235 3634 περὶ
2308 3559 2546 3637 ἀφέσεως
2616 3562 2726 3616 τῶν
2793 3561 3251 3638 πιπρασκομένων
3327 3559 3614 3640 Ἐϐραίων,
3672 3565 3761 3620 καὶ

2111 3651 2289 3723 χρεῶν
2348 3650 2652 3719 ἀποκοπῆς,
2710 3650 2799 3706 καὶ
2863 3651 3237 3725 ἀναπαύσεως,
3295 3659 3398 3723 τῆς
3454 3659 3573 3729 γῆς,
3628 3652 3763 3708 κατὰ

2110 3735 2245 3792 έπτά
2288 3734 2382 3808 ἔτη
2434 3737 2762 3815 ὀφειλούσης
2810 3738 3074 3816 γενέσθαι,
3126 3739 3419 3816 ἐξηγεῖται.
3481 3740 3649 3797 Πάλιν
3702 3761 3763 3796 τε

2112 3824 2416 3898 ὑπόμνησιν
2463 3827 2717 3901 νομίμων
2765 3829 2853 3882 καὶ
2903 3831 3359 3905 προσταγμάτων,
3408 3830 3496 3886 καὶ
3559 3850 3762 3906 μαρτυ-

2111 3912 2261 3990 ρίων.
2295 3912 2541 3992 περιὲχει
2570 3919 2658 3971 καὶ
2701 3916 3032 3992 ἐπαγγελίας
3086 3919 3179 3992 μὶν
3230 3923 3350 3982 τοῖς
3399 3916 3763 3996 φυλάσσουσιν

2107 4003 2261 4075 αὐτὰ,
2294 4003 2522 4067 ἀπειλὰς
2567 4003 2624 4060 δὲ
2669 4011 2785 4068 τοῖς
2835 4002 3226 4082 παραϐαίνουσι
3275 4004 3603 4071 δεινοτάτας.
3658 4010 3766 4079 Τὴν

2108 4089 2166 4156 δὲ
2215 4091 2510 4164 διαστολὴν
2570 4095 2660 4150 καὶ
2718 4095 2818 4166 τήν
2871 4095 3045 4150 αἰτίαν
3077 4101 3186 4152 τῶν
3219 4101 3468 4174 καθαρῶν
3497 4097 3586 4154 καὶ
3641 4097 3768 4154 ἀκα-

2107 4183 2315 4254 θάρτων
2353 4184 2659 4259 βρωμάτων
2707 4184 2852 4239 οὕτω
2900 4191 3158 4243 ποιεῖται.
3219 4185 3294 4240 Τὰ
3343 4187 3439 4260 μὲν
3501 4185 3606 4241 ἀπὸ
3652 4192 3762 4242 τῶν

2102 4277 2313 4344 κτηνῶν
2347 4273 2554 4346 καθαρά
2582 4277 2806 4332 τοιαῦτα
2835 4273 3004 4350 λέγει·
3049 4275 3117 4330 τὶ
3166 4272 3508 4350 διχηλοῦντα
3559 4275 3760 4347 ὁπλὴν,

2103 4361 2192 4419 καὶ
2225 4361 2588 4436 όνυχιστῆρας
2627 4362 2948 4439 όνυχίζοντα
2979 4361 3075 4419 δύο
3121 4361 3341 4440 χηλῶν,
3374 4363 3464 4419 καὶ
3496 4363 3764 4439 ἀνάγοντα

2107 4451 2474 4522 μηρυκισμόνο
2510 4451 2602 4506 οἶά
2644 4451 2776 4519 ἐστι,
2840 4451 3075 4528 μόσχος,
3135 4447 3431 4526 πρόϐατον,
3477 4449 3583 4524 α’ίξ,
3632 4450 3759 4508 ἕλα-

336 4548 564 4614 vidunt,
579 4551 636 4604 et
654 4547 921 4619 geminas
937 4544 1190 4618 ungulas
1202 4544 1515 4615 habent,ac
1531 4542 1992 4606 ruminationem

2112 4561 2221 4617 φος,
2257 4537 2476 4614 δορκάς,
2509 4536 2658 4616 ὄρυξ,
2695 4535 2994 4616 βούϐαλος,
3047 4539 3344 4618 πύγαργος,
3395 4541 3760 4618 τραγέλαφος,

338 4644 634 4708 regerunt.
656 4614 875 4701 bualia
907 4614 1068 4701 sunt,
1103 4633 1347 4698 vitulus,
1379 4614 1505 4694 pilis
1535 4648 1731 4704 capra,
1763 4648 1990 4702 cervus,

2112 4627 2625 4704 καμηλοπάρδαλις,
2681 4630 2770 4685 καὶ
2827 4631 2894 4685 τὰ
2944 4634 3188 4687 τοιαῦτα.
3241 4630 3305 4687 Εἰ
3367 4627 3424 4685 δέ
3492 4652 3598 4686 τινι
3655 4631 3760 4686 ἀπὸ

337 4741 567 4798 caprea,
601 4741 763 4796 oryx,
794 4723 1070 4792 bubalus,
1113 4737 1430 4796 pygargus,
1462 4719 1864 4798 tragelsphus,
1897 4738 1988 4778 ra,

338 4811 778 4886 melopardalis,
811 4815 868 4867 et
898 4828 1026 4884 qute
1050 4817 1191 4868 sunt
1221 4809 1583 4882 hujusmodi.
1617 4810 1678 4874 Si
1699 4827 1832 4872 vero
1861 4811 1988 4871 cui,

334 4904 492 4977 piam
526 4901 737 4958 horum
765 4900 994 4973 aliquid
1023 4901 1294 4966 defuerit,
1317 4917 1420 4980 pro
1446 4899 1586 4962 imm
1599 4901 1754 4962 undo
1776 4899 1992 4962 haben,

335 4994 475 5052 dum
507 4991 804 5060 decernit;
860 4995 926 5046 ut
981 4995 1121 5050 sunt
1151 4988 1434 5060 camelus.
1465 4988 1632 5066 lepus
1663 4993 1720 5052 et
1773 4989 1990 5054 chasma

331 5082 596 5156 gryllius.
654 5081 803 5137 Nam
860 5079 974 5136 ista
1029 5078 1353 5142 animantia
1391 5077 1984 5158 ruminentquidem.

330 5171 613 5245 ungulam
647 5187 778 5228 vero
798 5186 914 5226 non
937 5169 1207 5230 findunt:
1241 5173 1299 5231 et
1329 5185 1432 5231 sus
1464 5184 1731 5248 quoque;
1765 5168 1983 5233 etanim

329 5266 385 5317 et
413 5262 537 5334 ipse
569 5261 804 5333 quioem
863 5259 1115 5332 ungulas
1165 5258 1340 5322 habet
1389 5274 1456 5319 ac
1485 5257 1708 5328 dividit,
1741 5259 1843 5316 sed
1866 5275 1980 5323 non

328 5350 609 5406 ruminat.
641 5349 723 5405 De
753 5348 1089 5405 volatilibus
1147 5363 1301 5414 vero,
1334 5363 1460 5426 qua:
1519 5345 1608 5402 edi
1639 5349 1814 5420 vetat,
1859 5346 1981 5410 huic

325 5444 500 5496 sunt:
535 5437 768 5510 Aquila,
800 5437 1076 5512 gryphes,
1113 5435 1403 5506 haliaetus,
1465 5434 1684 5504 vultur,
1719 5436 1977 5507 milvius,

323 5533 380 5584 et
411 5528 503 5584 his
534 5525 789 5594 similia;
818 5543 1024 5582 corvus
1053 5526 1195 5581 item
1227 5533 1283 5580 et
1307 5542 1434 5598 quae
1458 5523 1540 5578 illi
1576 5524 1815 5592 similia,
1843 5541 1978 5597 pas-

322 5635 436 5688 ser,
468 5622 524 5674 et
555 5619 788 5686 noctua,
813 5620 870 5671 et
901 5615 1084 5682 larus,
1114 5619 1172 5670 et
1192 5614 1433 5682 similia,
1467 5614 1747 5686 accipiter
1773 5619 1832 5670 et
1850 5631 1977 5686 quin

2101 4718 2308 4773 τούτων
2368 4741 2420 4774 τι
2481 4718 2741 4788 ἐνέλειπε,
2799 4723 2962 4775 τοῦτο
3024 4717 3322 4795 ἀκάθαρτον
3363 4719 3451 4789 ἦν·
3513 4719 3601 4774 οἶά
3633 4719 3760 4795 εἱσι,

2099 4806 2380 4886 κάμηλος,
2431 4809 2520 4864 καὶ
2579 4805 2874 4878 δασύπους,
2919 4808 3008 4863 καὶ
3069 4806 3528 4885 χοιρογρύλλιοςο
3591 4813 3760 4864 ταῦτα

2099 4897 2202 4974 γάρ
2237 4904 2543 4975 μηρυκᾶται
2584 4898 2704 4971 μὶν,
2737 4897 2801 4954 ού
2834 4894 3064 4973 διχηλεῖ
3093 4895 3152 4954 δὶ
3191 4897 3391 4970 ὁπλήψ
3444 4897 3534 4954 καὶ
3589 4898 3618 4954 6
3672 4896 3755 4962 ὗς·

2097 4987 2186 5042 καὶ
2219 4985 2374 5048 οὗτος
2423 4985 2526 5062 γὰρ
2577 4983 2807 5062 διχηλεῖ
2838 4987 2934 5061 μὲν
2963 4985 3052 5042 καὶ
3088 4985 3355 5062 ὀνυχίζει,
3415 4982 3476 5041 οϐ
3511 4991 3757 5063 μηρυκᾶ-

2095 5097 2183 5136 ται
2239 5073 2318 5132 δέ.
2377 5076 2514 5132 Ἀπὸ
2566 5071 2623 5129 δὲ
2666 5075 2775 5131 τῶν
2826 5079 3082 5131 πετεινῶν
3127 5073 3315 5145 πάλιν,
3357 5074 3625 5133 ἃκελεύει
3678 5076 3755 5148 μή

2096 5163 2310 5234 ἐσθίειν,
2363 5165 2533 5220 ταῦτά
2580 5163 2739 5218 ἐστιν·
2793 5165 2822 5220 ὁ
2869 5165 3044 5236 ἀετὸς,
3076 5163 3105 5219 ὀ
3137 5162 3305 5241 γρὺψ,
3337 5165 3366 5218 6
3396 5163 3671 5234 ἀλιάετος,
3729 5165 3758 5221 6

2091 5251 2220 5330 γὺψ,
2274 5254 2302 5307 6
2353 5253 2574 5324 ἰκτῖνος,
2626 5251 2715 5308 καὶ
2746 5251 2813 5308 τὰ
2839 5251 3057 5314 τούτοις
3088 5251 3275 5326 όμοια’
3329 5252 3419 5307 καὶ
3451 5251 3634 5327 κόραξ,
3668 5253 3757 5308 καὶ

2089 5344 2157 5398 τὰ
2184 5342 2351 5418 ὅμοια
2379 5341 2582 5415 τούτῳ,
2615 5341 2703 5396 καὶ
2752 5343 3035 5418 στρουθὸς,
3066 5342 3156 5396 καὶ
3188 5340 3382 5416 γλαὺξ,
3413 5342 3502 5398 καὶ
3563 5341 3754 5419 λάρος,

2091 5433 2180 5487 καὶ
2209 5432 2276 5487 τά
2307 5431 2474 5506 ὅμοια
2504 5431 2707 5501 αὐτοῖς,
2739 5431 2830 5488 καὶ
2866 5431 3032 5507 ἱέραξ,
3092 5429 3183 5486 καὶ
3222 5430 3291 5486 τὰ
3335 5430 3516 5504 τούτῳ
3565 5430 3754 5505 ὅμοια,

2088 5521 2179 5575 καὶ
2230 5516 2570 5596 νυκτικόραζ.
2614 5519 2705 5574 καὶ
2749 5521 3105 5597 καταράκτης,
3154 5520 3244 5574 καὶ
3286 5513 3415 5593 ἴϐις,
3473 5520 3564 5575 καὶ
3614 5541 3758 5597 πορ-

2090 5610 2320 5689 φυρίων,
2381 5610 2472 5666 καὶ
2529 5608 2784 5683 πελεκάν,
2833 5609 2923 5664 καὶ
2971 5610 3189 5681 κύκνος,
3238 5608 3327 5664 καὶ
3360 5606 3609 5687 ἐρωδιὸς,
3667 5610 3756 5667 καὶ

321 5708 405 5763 illi
437 5704 779 5764 consimilia
807 5709 967 5774 sunt,
1037 5704 1390 5776 nycticorax,
1449 5707 1790 5778 cataractas,
1839 5703 1975 5784 ibis,

2112 5696 2412 5788 ιαραδριὸς,
2485 5697 2577 5762 καὶ
2647 5697 2716 5756 τὰ
2791 5699 2961 5776 ὃμοια
3015 5698 3228 5778 αὐτοῖς,
3298 5697 3392 5758 καὶ
3456 5695 3622 5774 ἔποψ,
3668 5696 3759 5756 καὶ
