4154 6398
334 405 449 469 301

1434 390 1817 456 SYNOPSIB
1864 390 2332 451 SCRIPTURE
2378 392 2676 455 SACBIE.

3644 396 3763 458 302

336 532 599 608 νυκτερίς.
650 534 769 584 Τῶν
818 526 876 583 δὲ
924 530 1161 604 ἑρπετῶν
1210 528 1464 579 πετεινῶν
1516 520 1787 594 ἀκάθαρτα
1834 520 2004 576 πάντα

2150 521 2453 593 .orphyrio,
2504 523 2827 594 pelicanus,
2879 539 3124 594 cygnus,
3174 527 3410 582 erudius
3460 532 3516 581 et
3561 527 3768 583 chara-

339 623 489 696 λέγει
552 620 685 675 εἶναι
740 618 805 672 τὰ
862 616 1207 693 πορευόμενα
1263 614 1351 667 ἐπὶ
1407 612 1710 687 τεσσάρων,
1766 608 2005 683 ἐχόντων

340 710 397 766 δὲ
448 711 716 783 ἀνώτερον
764 712 872 762 τῶν
923 703 1105 760 ποδῶν
1142 702 1333 773 σκέλη,
1368 702 1505 756 ὥστε
1554 700 1604 754 ἐν
1656 699 1838 760 αὐτοῖς
1902 706 2007 768 πηέ

341 799 433 871 δᾷν
463 800 570 855 ἀπὸ
594 805 694 867 τῆς
744 804 869 871 γῆς’
913 794 1000 849 οἷά
1057 793 1226 860 ἐστιν,
1258 793 1284 845 6
1325 789 1587 865 βροῦχος,
1623 790 1650 841 ὁ
1685 789 1937 861 ἀτταγᾶς,
1972 789 2006 854 ἠ

350 890 523 964 ἆκρὶς,
556 887 650 942 καὶ
707 887 775 940 τὰ
834 883 1004 957 ὅμοια
1060 882 1267 949 αὐτοῖς,
1298 880 1386 935 καὶ
1418 882 1445 934 6
1481 878 1813 956 ὀφιομάχος.
1841 877 1917 929 Τὰ
1956 872 2013 929 δὲ

346 979 397 1033 ἐν
425 984 543 1039 τοῖς
577 975 786 1042 ὕδασιν,
820 972 871 1027 ἔν
922 994 980 1027 τε
1007 976 1078 1046 τῇ
1120 971 1381 1043 θαλάσσῃ,
1412 970 1501 1023 καὶ
1548 973 1663 1028 τοῖς
1715 969 2008 1037 ποταμοῖς,

345 1068 437 1122 καὶ
498 1064 828 1142 χειμάρροις
891 1062 1225 1139 γεννώμενα,
1282 1062 1449 1113 ταῦτα
1505 1055 1649 1132 λέγει
1719 1054 1851 1111 εἶναι
1912 1073 2011 1111 κα-

349 1140 636 1231 θαρὰίὸσα
687 1151 803 1228 ἔχει
861 1150 1129 1225 πτερύγια
1184 1148 1272 1202 καὶ
1324 1143 1568 1207 λεπίδαςο
1604 1144 1691 1199 οἷά
1738 1142 1848 1198 ἐστι
1898 1140 2011 1215 τρί-

358 1229 486 1318 γλα,
537 1243 750 1316 σκάρος,
804 1240 1061 1316 γλαῦκος,
1109 1235 1379 1309 κεστρεὺς,
1425 1234 1515 1289 καὶ
1574 1234 1642 1288 τὰ
1695 1231 1861 1305 ὅμοια
1916 1229 2009 1283 αὐ-

348 1338 490 1393 τοῖς.
523 1333 595 1386 Τὰ
655 1328 709 1383 δὲ
742 1327 1041 1400 λειπόμενα
1091 1323 1147 1381 ἓν
1195 1347 1246 1379 τι
1276 1324 1483 1379 τούτων
1516 1322 1808 1397 ἀκάθαρτα,
1841 1321 1875 1388 ἢ
1920 1318 2009 1373 καὶ

350 1421 413 1475 οὐ
490 1420 721 1495 βρωτέα·
785 1417 872 1472 οἷά
934 1416 1044 1471 ἐστι
1125 1414 1337 1484 σηπίαν
1398 1412 1659 1488 πτερύγια
1739 1411 1833 1483 μὲν
1908 1408 2010 1484 γὰρ

349 1507 489 1584 ἔχει,
526 1508 626 1563 οὐκ
680 1506 796 1583 ἔχει
847 1504 904 1560 δὲ
947 1502 1191 1566 λεπίδας.
1222 1508 1335 1557 Τῶν
1382 1501 1437 1557 δὲ
1477 1503 1737 1578 ἑρπετῶν,
1768 1504 1873 1553 τῶν
1924 1497 2012 1552 ἐπὶ

348 1602 445 1667 τῆς
504 1605 626 1673 γῆς,
688 1597 962 1667 ἀκάθαρτα
1019 1598 1186 1649 ταῦτα
1259 1591 1430 1667 λέγει’
1488 1593 1587 1660 τὴν
1667 1588 1867 1666 γαλῆν,
1923 1588 2011 1641 τὸν

351 1693 612 1763 χερσαῖον
645 1683 1023 1763 κροκόδειλον,
1050 1685 1149 1752 τὴν
1187 1680 1461 1757 μυγαλῆν,
1493 1680 1584 1735 τὸν
1617 1677 2017 1756 χαμαιλέοντα,

348 1776 439 1831 τὸν
502 1771 926 1844 ἆσκαλαϐώτην,
987 1776 1086 1842 τήν
1143 1776 1363 1846 σαῦραν,
1412 1770 1501 1825 καὶ
1558 1772 1649 1825 τὸν
1710 1766 2014 1823 ἀσπάλακα.

352 1866 482 1944 Περὶ
515 1865 618 1940 γὰρ
656 1869 755 1919 τοῦ
803 1859 978 1941 ὄφεως
1026 1862 1116 1919 καὶ
1168 1866 1273 1915 τῶν
1317 1860 1523 1933 ὁμοίων
1565 1859 1730 1930 αὐτῷ,
1763 1856 2011 1932 περιττὸν

350 1956 417 2024 ἦν
456 1958 853 2029 μνημονεῦσαι·
888 1955 1127 2031 φανερῶς
1185 1951 1275 2022 μὶι
1313 1951 1416 2025 γάρ
1476 1970 1608 2026 φησι
1661 1952 1829 2002 ταῦτα
1883 1951 2012 2000 πᾶσι

359 2041 631 2120 βδελυκτᾶ
662 2041 795 2096 εἶναι
828 2040 917 2095 καὶ
953 2036 1173 2112 μισῖητά·
1211 2037 1362 2110 ὅμως
1400 2034 1455 2091 δὲ
1494 2035 1583 2090 καὶ
1615 2032 2011 2108 ἐμνημόνευσεν

354 2132 406 2188 ἐν
435 2137 515 2206 τῷ
547 2128 961 2213 Δευτερονομίῳ
993 2128 1119 2209 περὶ
1151 2127 1351 2183 αὐτῶν.

847 2427 1071 2487 Βιϐλίον
1114 2429 1177 2503 δ’,
1220 2427 1507 2505 Ἀριθμοί.

426 2582 478 2635 8.
512 2580 621 2636 Τοῦ
651 2575 816 2631 αὐτοῦ
846 2576 1125 2636 Μωυσέως
1176 2573 1266 2628 καὶ
1314 2576 1477 2628 τοῦτο
1526 2571 1587 2626 τὸ
1643 2565 1883 2646 βιϐλίον,
1911 2574 2018 2625 τῶν

360 2669 633 2742 Ἀριθμῶν
693 2667 995 2742 συγγραφή.
1058 2663 1285 2737 Λέγεται
1341 2659 1397 2716 δὲ
1458 2660 1600 2715 οὕτω
1654 2660 1716 2719 τὸ
1779 2654 2020 2735 βιϐλίον,

365 2752 550 2823 ἐπειδὴ
584 2753 671 2808 καὶ
701 2751 798 2807 τόὖ
840 2750 975 2807 λαοῦ
1006 2752 1203 2814 παντὸς
1239 2752 1266 2806 6
1315 2750 1545 2826 ἀριθμὸς
1587 2748 1638 2802 ἐν
1695 2747 1873 2821 τούτῳ
1926 2769 2024 2802 πε-

364 2845 627 2920 ριέχεται,
679 2843 909 2914 ἑκάστης
954 2841 1131 2917 φυλῆς
1175 2845 1282 2896 τῶν
1330 2837 1607 2897 Ἰουδαίων
1664 2838 1723 2893 ἐκ
1784 2837 2029 2914 προστά-·

364 2953 570 3010 γματος
632 2931 831 3007 Κυρίου
888 2929 1277 3005 μετρηθιίσης.
1325 2931 1640 3005 Ἠριθμήθη
1703 2925 1760 2983 δὲ
1808 2928 1836 2981 6
1891 2925 2023 2990 λαὸς

373 3023 472 3076 ἀπὸ
520 3022 863 3083 εἷκοσαετοῦς
916 3020 1006 3075 καὶ
1060 3019 1263 3089 ἐπάνω,
1315 3025 1419 3079 πᾶς
1467 3018 1602 3087 ἀνὴρ
1655 3016 2027 3092 ἐκπορευόμεφ

369 3130 455 3171 νος
486 3108 558 3171 είς
615 3107 892 3182 πόλεμον,
926 3107 1103 3184 χωρὶς
1160 3114 1261 3177 τῆς
1319 3106 1496 3183 φυλῆς
1555 3109 1651 3160 τοῦ
1697 3103 1845 3159 Λευί’
1892 3105 2024 3174 αὕτη

368 3199 467 3275 γὰρ
519 3200 635 3254 καθ’
695 3199 892 3268 ἑαυτὴν
963 3197 1261 3272 ἐμετρήθη·
1320 3195 1410 3251 καὶ
1468 3195 1659 3270 εὑρέθη
1722 3196 1749 3249 6
1800 3194 2031 3269 ἀριθμὸς

2121 608 2303 677 drius,
2337 626 2469 665 cum
2495 612 2788 669 similibus
2815 612 2967 680 aliis,
3000 617 3056 665 et
3079 631 3296 685 upupa,
3329 624 3385 670 et
3415 616 3769 686 vespertilio.

2120 698 2201 752 De
2230 698 2566 753 volatilibus
2600 700 2960 771 repentibus,
2986 718 3111 771 qua:
3136 710 3342 771 quator
3376 704 3623 774 pedibus
3646 722 3775 776 gra-

2121 786 2382 854 diuntur,
2411 789 2611 847 omnia
2659 789 2801 843 dicit
2850 806 2978 845 esse
3029 790 3356 845 immunda.
3379 797 3590 847 Contra
3640 810 3773 848 vero

2121 891 2247 945 quas
2280 893 2451 936 crura
2484 877 2731 947 pedibus
2781 879 3126 934 sublimiora
3175 880 3413 947 habent,
3450 881 3531 934 ita
3562 886 3627 936 ut
3654 881 3774 937 illis

2120 964 2179 1017 in
2211 970 2367 1019 terra
2416 965 2651 1033 saliant,
2684 966 2884 1038 qualia
2934 972 3073 1023 sunt
3122 968 3403 1035 bruchus,
3436 974 3655 1041 attago,
3686 970 3769 1025 lo-

2120 1058 2308 1124 custa,
2341 1059 2399 1111 et
2428 1072 2556 1126 quas
2588 1056 2681 1117 his
2712 1063 2850 1113 sunt
2880 1057 3119 1124 similia,
3154 1062 3212 1113 et
3239 1058 3474 1113 lacerta.
3506 1060 3567 1113 In
3602 1060 3773 1129 aquis

2119 1159 2255 1203 vero
2285 1144 2404 1203 sive
2442 1146 2501 1199 in
2536 1145 2705 1213 mari,
2740 1145 2856 1201 sive
2908 1147 3251 1202 fluminibus
3300 1164 3367 1202 ac
3416 1150 3772 1203 torrentibus

2121 1237 2279 1300 nata,
2344 1235 2568 1288 munda
2627 1234 2916 1303 habenda,
2964 1253 3327 1307 quaecunque
3381 1236 3668 1307 pennulas
3716 1240 3774 1291 et

2121 1338 2401 1393 squamas
2450 1324 2700 1391 habent;
2752 1330 2819 1381 ut
2868 1325 3062 1396 trigla,
3106 1342 3331 1392 scarus,
3383 1327 3652 1397 glaucus,
3684 1343 3773 1381 ce-

2123 1416 2318 1469 streus
2349 1416 2406 1469 et
2437 1429 2565 1482 quas
2618 1412 2711 1471 his
2761 1419 2901 1468 sunt
2944 1414 3183 1469 similia.
3212 1415 3349 1479 Quae
3396 1432 3530 1471 vero
3579 1415 3777 1487 aliquo

2124 1500 2333 1554 horum
2365 1506 2585 1571 carent,
2618 1501 2928 1558 immunda
2958 1520 3064 1557 nec
3096 1505 3323 1559 edenda
3351 1521 3479 1559 esse
3511 1504 3672 1571 dicit,
3696 1505 3782 1559 vi-

2127 1587 2331 1644 delicet
2360 1591 2578 1661 sepiae,
2603 1608 2730 1662 qua
2764 1593 3053 1663 pennulas
3076 1594 3314 1664 quidem
3350 1594 3781 1666 habent,squa-

2128 1694 2254 1733 mas
2283 1695 2416 1734 vero
2464 1696 2578 1735 non
2634 1682 2866 1736 habent.
2901 1683 2980 1737 Ex
3014 1682 3129 1737 illis
3180 1688 3554 1754 autem,quaa
3606 1702 3795 1755 supra,

2126 1772 2341 1827 terram
2375 1774 2607 1841 repunt,
2642 1771 2954 1831 immunda
2985 1789 3115 1828 esse
3158 1773 3363 1827 deﬁnit
3393 1772 3526 1840 ista,
3562 1778 3782 1828 muste-

2125 1854 2265 1925 lam,
2290 1858 2647 1919 crocodilum
2672 1865 3033 1931 terrestrem,
3060 1861 3327 1933 mygalen
3344 1904 3356 1928 ,
3400 1862 3785 1918 chamaeleon-

2124 1951 2204 2011 ta,
2234 1947 2589 2014 stellionem,
2618 1966 2855 2011 sauram
2890 1955 2946 2004 et
2976 1950 3220 2021 talpam.
3254 1951 3334 2006 De
3384 1952 3782 2022 serpentibus,

2128 2037 2282 2090 103
2314 2041 2370 2091 et
2402 2054 2528 2108 quae
2560 2038 2679 2093 illis
2729 2039 2948 2094 similia
3000 2045 3160 2103 sunt,
3203 2041 3569 2112 superfluum
3631 2046 3787 2097 esset

2127 2126 2444 2187 admonere
2474 2143 2486 2181 :
2521 2128 2628 2189 hoc
2660 2145 2916 2199 namque
2948 2129 3339 2183 animantium
3373 2148 3560 2202 genus
3596 2131 3783 2188 mani-

2127 2214 2275 2275 festo
2298 2215 2437 2275 dicit
2461 2216 2737 2277 omnibus
2768 2218 3231 2277 abominandum
3260 2235 3325 2273 ac
3349 2219 3785 2276 detestandum.

2129 2308 2400 2365 Attamen
2432 2305 2491 2359 in
2527 2306 2974 2365 Deutercnomio
3008 2306 3243 2363 illorum
3278 2307 3564 2363 meminit.

2674 2448 2839 2503 Liber
2869 2450 2954 2515 IV,
2988 2448 3238 2504 Numeri.

2202 2574 2255 2633 8,
2290 2572 2565 2641 Ejusdem
2600 2573 2817 2649 Mcysis
2856 2578 2944 2629 est
2987 2578 3044 2629 et
3075 2574 3170 2628 hic
3201 2575 3591 2631 Numerorum
3625 2577 3791 2632 liber.

2132 2660 2388 2719 Vocatur
2418 2665 2616 2717 autem
2640 2662 2748 2716 hoc
2783 2662 3193 2733 nomine,quia
3216 2663 3276 2718 in
3302 2681 3367 2718 eo
3394 2666 3571 2722 totius
3593 2666 3795 2738 populi

2136 2766 2421 2807 numerus
2454 2751 2809 2818 continetur,
2836 2751 3126 2806 recensita
3174 2754 3342 2822 jussu
3390 2754 3612 2808 Domini
3651 2773 3793 2810 una-

2137 2856 2370 2910 quaque
2416 2839 2749 2894 Judazorum
2794 2841 2969 2895 tribu.
3007 2841 3358 2896 Numeratus
3391 2850 3479 2897 est
3508 2861 3641 2899 vero
3693 2862 3795 2915 po-

2137 2928 2313 2999 pulus
2342 2945 2375 2982 a
2402 2928 2682 2985 vicesimo
2729 2946 2880 2984 anno
2927 2936 2983 2984 et
3025 2947 3226 3002 supra,
3249 2932 3496 3002 quisque
3526 2933 3616 2988 vir
3644 2933 3797 2988 bello

2140 3021 2332 3087 aptus,
2358 3016 2580 3088 absque
2630 3017 2785 3073 tribu
2821 3018 2955 3073 Levi
2989 3036 3000 3073 :
3037 3016 3138 3072 illa
3169 3036 3425 3090 namque
3474 3022 3794 3091 separatim

2142 3110 2451 3160 numerata
2481 3110 2588 3162 est.
2614 3106 2680 3161 Et
2710 3106 2982 3162 inventus
3014 3112 3102 3162 est
3132 3125 3414 3164 numerus
3445 3126 3669 3181 eorum,
3696 3111 3799 3182 qui

2143 3194 2417 3251 reoensiti
2472 3200 2631 3265 sunt,
2663 3202 2936 3251 sexcenta
2987 3197 3101 3252 tria
3149 3198 3336 3253 millia
3384 3199 3713 3271 quingenti,
3748 3204 3805 3255 et

366 3292 470 3342 τῶν
507 3288 889 3364 μετρηθέντων
935 3284 1186 3362 χιλιάδες
1246 3285 1516 3358 ἑξακόσιαι
1576 3285 1664 3339 καὶ
1722 3282 2021 3359 τρισχίλιοι

2150 3283 2593 3361 quinquaginta.
2626 3284 2735 3349 Qui
2784 3302 2917 3340 vero
2976 3285 3260 3356 populum
3321 3293 3801 3357 numeraverunt,

366 3376 706 3431 πεντακόσιοι
781 3378 1140 3446 πεντήκοντα.
1211 3375 1279 3431 Ol.
1359 3371 1417 3428 δὲ
1472 3373 1832 3448 ἀριθμοῦντες
1901 3374 2033 3440 ἦσαν

360 3464 449 3517 τὸν
502 3465 595 3537 μὲν
650 3462 781 3519 λαὸν
842 3470 1080 3533 Μωυσῆς
1143 3462 1237 3518 καὶ
1299 3462 1526 3537 Ἀαρὼν,
1560 3462 1648 3516 καὶ
1711 3460 1802 3515 σὺν
1853 3460 2035 3523 αὐτοῖς

362 3554 601 3624 ἑκάστης
661 3550 840 3630 φυλῆς
903 3554 1109 3629 ἄρχων.
1158 3551 1257 3606 Καὶ
1317 3550 1428 3606 ἔστι
1486 3556 1593 3607 τῶν
1644 3571 1703 3606 τε
1751 3549 2033 3627 ἀρχόντων

355 3642 421 3697 τὰ
452 3642 694 3716 ὀνόματα
722 3647 909 3715 ταῦτα,
940 3642 1030 3697 καὶ
1062 3644 1091 3698 6
1122 3642 1245 3720 ἀριε)
1265 3640 1375 3715 μὸς
1410 3642 1586 3702 οὗτος·

436 3823 547 3893 (80)
579 3823 700 3877 Τῶν
750 3816 988 3895 Ῥουϐὶμ
1035 3819 1314 3895 Ἐλισοὺρ,
1353 3820 1467 3881 υἱὸς
1522 3816 1769 3895 Σεδιοόρ·
1822 3818 1911 3872 καὶ
1967 3820 2033 3887 ἦν

367 3910 394 3964 6
433 3911 665 3985 ἀριθμὸς
703 3910 881 3965 αὐτῶν
909 3906 1161 3987 χιλιάδες
1198 3916 1283 3983 μς⁹
1320 3910 1411 3963 καὶ
1440 3908 1801 3965 πεντακόσιοι.

440 4004 558 4053 Τῶν
615 4000 843 4073 Συμεὼν
891 3997 1214 4072 Σαλαμιήλ,
1266 3999 1380 4060 υἱὸς
1443 3995 1787 4071 Σουρισαδαί’
1822 3998 1913 4053 καὶ
1967 4000 2031 4065 ἦν

373 4090 400 4142 6
432 4088 668 4164 ἀριθμὸς
703 4088 877 4143 αὐτῶν
911 4085 1164 4166 χιλιάδες
1197 4084 1273 4141 οδ¹
1304 4086 1392 4141 καὶ
1420 4086 1686 4158 ἑξακόσιοι
1718 4089 1852 4161 (81).

444 4269 563 4324 Τῶν
625 4265 849 4343 Ἰσάχαρ
907 4263 1224 4338 Ναθαναὴλ,
1284 4266 1400 4328 υἱὸς
1460 4265 1679 4342 Σωγάρ·
1750 4264 1839 4325 καὶ
1893 4268 1957 4335 ἧν
2006 4263 2035 4318 6'

372 4354 605 4432 ἀριθμὸς
640 4356 815 4410 αὐτῶν
845 4352 1096 4431 χιλιάδες
1127 4352 1202 4409 νδ¹
1232 4353 1321 4409 καὶ
1352 4353 1710 4427 τετρακόσιοι.

443 4534 565 4589 Τῶν
644 4527 934 4589 Ζαϐουλῶν
994 4529 1210 4607 Ἐλιάὅ,
1271 4534 1387 4597 υἱὸς
1462 4532 1676 4589 Χελών·
1736 4534 1823 4588 καὶ
1880 4534 1945 4601 ἦν
2007 4534 2035 4587 6

376 4621 602 4695 ἀριθμὸς
635 4620 811 4677 αὐτῶν
844 4620 1096 4698 χιλιάδες
1126 4624 1202 4692 νζ¹
1234 4622 1594 4699 τετρακόσιοι.

445 4801 566 4857 Τῶν
639 4801 771 4855 υἱῶν
832 4800 1058 4878 Ἰωσὴφ,
1104 4805 1211 4855 τῶν
1283 4801 1542 4879 Ἐφραὶμ,
1594 4798 1865 4877 Ἐλισαμὰ
1922 4800 2037 4867 υἱὸς

380 4886 625 4962 Ἐμιούδ·
660 4890 749 4943 καὶ
809 4892 875 4960 ἦν
932 4890 961 4945 6
1018 4889 1248 4966 ἀριθμὸς
1307 4888 1481 4943 αὐτῶν
1543 4886 1792 4965 χιλιάδες
1830 4884 1919 4963 μϐ¹
1949 4885 2039 4943 καὶ

382 4978 722 5034 πεντακόσιοι
755 4980 890 5053 (82).

454 5070 579 5125 Τῶν
630 5071 890 5138 Μανασσῆ
950 5067 1268 5141 Γαμαλιὴλ,
1302 5067 1416 5130 υἱὸς
1468 5064 1811 5142 Φαδασσούςγ
1845 5066 1933 5122 καὶ
1978 5068 2043 5134 ἦν

387 5157 414 5209 6
444 5157 683 5234 ἀριθμὸς
717 5156 892 5212 ὐατῶν
925 5155 1178 5234 χιλιάδες
1206 5151 1291 5211 λϐ¹
1320 5157 1408 5211 καὶ
1439 5155 1743 5234 τριακόσιοι
1772 5158 1907 5231 (83).

458 5338 581 5392 Τῶν
639 5335 895 5408 Βενιαμὶν
955 5331 1172 5408 Ἄδιδα,
1233 5337 1348 5399 υἱὸς
1407 5333 1612 5392 Γεδεών
1660 5337 1794 5406 (84)’
1829 5335 1918 5390 καὶ
1973 5334 2040 5403 ἦν

388 5424 415 5479 6
444 5426 675 5499 ἀριθμὸς
707 5424 881 5480 αὐτῶν
910 5423 1162 5501 χιλιάδες
1197 5423 1272 5480 λε’
1303 5424 1393 5480 καὶ
1422 5424 1785 5497 τετρακόσιοι.

457 5586 571 5660 (80)
602 5587 709 5642 Hic
737 5586 1114 5660 tribusiJuda
1143 5587 1459 5660 omittitur,
1482 5591 1823 5660 crateresque
1852 5586 2046 5643 tribus

387 5657 500 5731 alio
530 5657 823 5716 habentur
852 5659 1056 5715 ordine
1088 5675 1268 5729 quam
1300 5658 1404 5714 lib.
1437 5660 1610 5713 Num.
1644 5657 1770 5731 cap.
1807 5678 1869 5714 ιι.

456 5729 573 5803 (81)
600 5731 778 5790 Num.
811 5748 854 5789 ιι
880 5731 971 5801 13,
999 5731 1183 5790 59300
1209 5731 1520 5793 habentur.

2148 3378 2312 3431 erant
2340 3376 2562 3445 Moyses
2608 3378 2664 3429 et
2716 3378 2927 3442 Aaron,
2962 3380 3017 3430 et
3046 3392 3179 3430 cum
3232 3375 3348 3430 illis
3382 3378 3670 3448 cujusque
3702 3379 3805 3434 tri-

2149 3462 2261 3517 bus
2292 3464 2584 3535 princeps.
2621 3464 2688 3518 Et
2732 3465 2970 3519 nomine.
3021 3465 3355 3537 principum
3388 3471 3553 3523 erant
3586 3467 3718 3537 ista,
3751 3470 3811 3522 et

2151 3552 2242 3606 hic
2275 3551 2507 3611 illorum
2543 3569 2846 3611 numerus.

2219 3641 2298 3697 De
2328 3640 2464 3697 filiis
2488 3640 2662 3707 Juda,
2689 3646 2948 3698 Naasson
2974 3642 3130 3698 ﬁlius
3159 3643 3518 3710 Aminadab;
3550 3662 3805 3717 quorum

2149 3746 2436 3789 numerus
2464 3734 2588 3791 erat
2618 3732 2991 3807 septuaginta
3023 3739 3274 3804 quatuor
3304 3734 3489 3789 millia
3524 3734 3801 3791 sexcenti.

2221 3824 2297 3874 De
2328 3819 2463 3873 ﬁliis
2510 3820 2735 3885 Ruben,
2794 3820 2987 3875 Elisur
3046 3822 3203 3876 ﬁlius
3257 3822 3498 3889 Sediur;
3550 3841 3802 3896 quorum

2147 3924 2431 3962 numerus
2461 3913 2585 3962 erat
2614 3909 3006 3980 quadraginta
3035 3926 3135 3965 sex
3169 3910 3353 3966 millia
3384 3911 3707 3984 quingenti.

2216 3998 2297 4052 De
2330 3996 2467 4052 ﬁliis
2501 3998 2757 4065 Simeon,
2791 3998 3063 4053 Salamiel
3096 4000 3251 4055 ﬁlius
3287 4001 3623 4067 Surisadai;
3657 4019 3804 4073 quo-

2148 4104 2274 4141 rum
2336 4103 2620 4142 numerus
2678 4093 2801 4142 erat
2872 4089 3251 4161 septuaginta
3306 4095 3559 4162 quatuor
3616 4093 3806 4148 millia

2146 4177 2429 4231 sexcenti.

2216 4265 2297 4321 De
2330 4263 2466 4323 ﬁliis
2501 4265 2759 4332 Isachar,
2784 4265 3111 4322 Nathanael
3140 4267 3295 4323 ﬁlius
3317 4269 3528 4341 Sogar;
3554 4287 3805 4342 quorum

2146 4371 2431 4413 numerus
2471 4358 2595 4409 erat
2644 4355 3073 4427 quinquaginta
3124 4364 3381 4428 quatuor
3429 4358 3611 4414 millia
3662 4376 3807 4431 qua-

2145 4444 2462 4517 dringenti.

2218 4538 2295 4588 De
2327 4532 2463 4589 tiliis
2509 4533 2791 4603 Zabulon,
2842 4533 3004 4589 Eliab
3049 4533 3209 4590 ﬁlius
3256 4536 3505 4607 Chelon;
3558 4554 3811 4609 quorum

2065 4645 2114 4711 Ι)
2146 4638 2431 4678 numerus
2456 4628 2582 4685 erat
2606 4623 3040 4695 quinquaginta
3067 4629 3291 4697 septem
3326 4625 3513 4681 millia
3536 4628 3815 4699 quadrin-

2149 4712 2331 4784 genti.

2221 4801 2302 4856 De
2333 4800 2472 4857 ﬁliis
2498 4800 2739 4879 Joseph,
2766 4803 2837 4856 de
2861 4802 3017 4858 tribu
3044 4802 3344 4874 Ephraim,
3369 4804 3627 4860 Elisama
3658 4806 3813 4861 ﬁlius

2153 4890 2397 4959 Emiud;
2454 4907 2705 4969 quorum
2759 4908 3043 4947 numerus
3090 4898 3217 4949 erat
3261 4894 3648 4967 quadraginta
3697 4896 3814 4951 duo

2153 4978 2342 5035 millia
2373 4979 2703 5057 quingenti.

2225 5076 2302 5126 De
2352 5071 2491 5126 filiis
2553 5071 2847 5138 Manasse,
2881 5071 3166 5128 Gamaliel
3224 5072 3380 5128 ﬁlius
3441 5074 3810 5142 Phadassur;

2154 5177 2406 5232 quorum
2465 5177 2748 5217 numerus
2806 5168 2932 5217 erat
2987 5162 3229 5235 triginta
3286 5163 3400 5219 duo
3456 5162 3639 5217 millia
3695 5168 3810 5217 tre-

2154 5249 2331 5304 centi.

2224 5338 2305 5393 De
2338 5337 2473 5393 ﬁliis
2506 5337 2839 5409 Benjamin,
2862 5340 3048 5394 Abida
3080 5339 3237 5395 ﬁlius
3267 5339 3531 5407 Gedeon;
3562 5354 3813 5412 quorum

2156 5443 2444 5482 numerus
2465 5432 2592 5482 erat
2612 5427 2853 5501 triginta
2877 5428 3139 5500 quinque
3170 5427 3358 5484 millia
3377 5426 3812 5501 quadringenti.

2374 5586 2547 5661 lium.
2582 5604 2650 5653 II,
2689 5589 2774 5654 19,
2815 5586 3050 5661 legitur,
3084 5586 3498 5661 τεσσαράκοντα,
3532 5587 3743 5644 solum.

2231 5654 2345 5729 (83)
2385 5658 2557 5729 Num.
2594 5675 2656 5725 Il,
2688 5662 2780 5727 21,
2812 5654 3104 5729 διακόσιοι.

2230 5720 2343 5799 (84)
2374 5728 2549 5784 Num.
2582 5720 2652 5796 Il,
2682 5720 2777 5797 22;
2812 5720 3034 5782 ’Δϐιδᾶν
3064 5729 3177 5788 υἱὸς
3208 5725 3464 5784 Γαδεωνί.
