4154 6364
298 375 416 436 303

1485 370 1553 429 S.
1598 361 2123 426 ATHANASIUS.
2158 396 2229 408 ιο-
2262 364 2523 426 DUBIA.

3598 376 3723 434 304

370 509 453 564 De
497 506 635 562 ﬁliis
694 510 834 572 Dan,
887 502 1165 559 Acbiezer
1211 499 1370 556 ﬁlius
1420 495 1748 563 Amisadai;
1801 511 1943 567 quo-

2129 496 2251 549 Τῶν
2327 496 2427 549 Δᾶιν
2488 497 2760 572 Ἀχιέζερ,
2815 499 2931 560 υἱὸς
2992 498 3308 571 ’Δμισαδαί·
3387 502 3476 556 xui
3547 506 3614 572 ἦν
3690 506 3719 558 6

302 614 432 653 rum
465 611 745 652 numerus
793 596 918 650 erat
965 591 1268 663 sexaginta
1324 590 1439 645 duo
1487 586 1675 643 millia
1722 585 1950 657 septin-

342 687 489 743 enti.

301 704 642 832 893:.ﬁliis
698 775 862 838 Aser,
914 769 1158 843 Pbageel
1212 768 1367 824 ﬁlius
1416 767 1665 834 Ecbran,
1699 778 1950 837 quorum

300 881 585 922 numerus
627 867 751 919 erat
781 860 1171 934 quadraginta
1218 863 1276 913 et
1323 873 1508 913 unum
1562 853 1749 910 millia
1778 852 1949 924 quin-

212 996 218 1004 .
300 955 480 1030 genti.

370 1045 450 1101 De
478 1043 617 1100 ﬁliis
648 1042 793 1105 Gad,
820 1039 1053 1110 Elisepb
1087 1037 1242 1092 ﬁlius
1274 1035 1525 1110 Raguel;
1559 1049 1808 1106 quorum
1841 1048 1951 1086 nu-

300 1150 500 1190 merus
550 1136 674 1188 erat
720 1129 1113 1202 quadraginta
1152 1126 1415 1199 quinque
1464 1124 1643 1180 millia
1696 1120 1951 1179 sexcenti

298 1221 749 1298 quinquaginta.

371 1318 448 1369 De
477 1310 617 1366 ﬁliis
642 1307 998 1381 Nephtalim,
1034 1305 1242 1361 Acbire
1272 1304 1430 1359 ﬁlius
1461 1304 1666 1370 Euan,
1702 1317 1951 1373 quorum

299 1415 584 1457 numerus
630 1403 757 1455 erat
802 1394 1231 1469 quinquaginta
1278 1394 1393 1449 tria
1439 1391 1625 1447 millia
1673 1392 1953 1463 quadrin-

300 1489 483 1562 genti.

372 1578 489 1635 Iste
536 1582 627 1633 est
678 1575 876 1648 populi
926 1572 1120 1629 bellici
1173 1588 1476 1640 numerus,
1525 1574 1797 1626 sexcenta
1842 1568 1955 1624 tria

303 1666 492 1723 millia
520 1664 825 1737 quingenti
856 1664 1319 1735 quinquagenta.

371 1756 615 1812 Tribum
646 1770 780 1809 vero
822 1752 978 1817 Levi,
1014 1751 1242 1823 Moyses
1290 1754 1347 1805 et
1387 1751 1599 1816 Aaron,
1633 1747 1950 1802 secundum

300 1860 499 1903 vocem
558 1841 814 1912 Domini,
873 1841 1190 1913 separatim
1251 1838 1360 1894 soli
1419 1843 1859 1902 recensuerunt,
1919 1852 1953 1890 a

302 1949 506 1991 mense
535 1949 652 1988 uno
682 1935 741 1987 et
778 1946 981 2002 supra,
1014 1934 1251 2000 eratque
1289 1942 1571 1983 numerus
1605 1925 1839 1981 illorum
1872 1923 1954 1979 vi-

300 2023 449 2097 ginti
478 2024 593 2078 duo
624 2019 831 2077 millia.

373 2129 669 2186 Masculos
710 2132 904 2183 autem
957 2124 1381 2197 primogenitos
1412 2121 1678 2177 omnium
1714 2120 1961 2176 aliarum

299 2219 563 2277 tribuum
598 2216 761 2274 solus
813 2220 1037 2287 Moyses
1071 2211 1420 2277 numeravit,
1449 2216 1505 2266 et
1535 2211 1804 2265 inventus
1836 2208 1963 2263 illo-

299 2325 430 2365 rum
463 2323 749 2363 numerus
771 2310 861 2361 est
882 2303 1088 2376 viginti
1115 2303 1229 2358 duo
1260 2301 1443 2356 millia
1465 2299 1701 2355 ducenti
1733 2305 1944 2370 septua

300 2399 465 2472 ginta
501 2403 645 2452 tres.
677 2395 1013 2464 Horumque
1064 2391 1593 2464 primogenitorum
1643 2388 1770 2443 loco
1815 2386 1964 2443 assi-

302 2486 463 2559 gnati
495 2490 635 2541 sunt
668 2489 779 2539 Deo
824 2482 1046 2538 Levites.
1070 2480 1336 2536 Totidem
1382 2480 1539 2534 enim
1571 2483 1627 2532 et
1657 2477 1741 2532 illi
1775 2481 1963 2532 erant-

305 2576 370 2631 Et
391 2575 679 2647 jubentur
710 2578 767 2629 et
794 2571 893 2627 isti
944 2568 1297 2626 sanctiﬁcari
1331 2584 1435 2640 per
1474 2567 1709 2639 Moysen
1759 2571 1815 2621 et
1863 2566 1961 2620 de-

301 2668 587 2736 putantur
627 2678 730 2735 per
774 2668 1087 2729 Aaronem,
1122 2664 1188 2713 ut
1217 2658 1343 2712 loco
1396 2656 1618 2728 populi,
1650 2672 1961 2727 operaren-

300 2759 403 2809 tur
431 2769 608 2824 opera
660 2749 909 2819 Domini,
941 2754 997 2803 et
1036 2752 1336 2819 portarent
1382 2763 1520 2800 vasa
1569 2744 1957 2809 tabernaculi,

303 2841 705 2912 servirentque
733 2838 845 2909 ipsi
878 2837 1091 2892 Aaroni
1124 2841 1181 2892 et
1211 2835 1349 2889 ﬁliis
1380 2838 1527 2904 ejus.
1563 2832 1955 2905 Comprehen-

301 2930 463 2987 ditur
516 2930 656 2985 item
717 2928 826 2983 hoc
885 2926 1032 2982 libro
1083 2931 1141 2980 et
1197 2923 1725 2995 dispositio,juxta
1775 2936 1955 2992 quam

297 3019 553 3093 populus
603 3016 893 3090 proﬁcisci
934 3014 1273 3086 jubebatur,
1316 3017 1373 3068 et
1419 3009 1781 3067 tabernaculi
1829 3025 1954 3064 ere-

296 3110 439 3175 ctio,
502 3110 858 3179 praeceptum
918 3104 988 3159 de
1046 3101 1236 3163 tubis,
1293 3106 1356 3155 ut
1412 3099 1486 3155 iis
1538 3104 1956 3154 convocaretur

295 3195 572 3270 populus.
604 3194 725 3250 Hoc
754 3194 896 3249 item
927 3191 1075 3248 libro
1108 3196 1382 3245 narratur
1414 3187 1699 3244 dedicatio
1732 3185 1953 3250 altaris,

2067 582 2294 654 ἀριθμὸς
2323 585 2497 639 αὐτῶν
2532 584 2782 661 χιλιάδες
2816 585 2891 657 ξδ’
2921 589 3009 643 καὶ
3042 590 3376 646 ἑπτακόσιοι.

2133 760 2253 815 Τῶν
2278 763 2448 836 Ἀσὴρ
2493 765 2742 838 Φαγεὴλ,
2776 767 2890 826 υίὸς
2922 766 3141 842 Έχράν·
3171 768 3261 823 καὶ
3309 770 3373 838 ἦν
3425 770 3453 824 ὁ
3487 770 3719 845 ἀριθμὸς

2062 845 2235 902 αὐτῶν
2270 847 2521 924 χιλιάδες
2558 859 2644 924 μα’
2673 852 2762 906 καὶ
2794 855 3161 911 πεντακόσιοι.

2132 1024 2253 1081 Τῶν
2303 1026 2407 1081 Γὰδ
2457 1027 2705 1107 Ἐλισὰφ,
2761 1033 2877 1093 υἱὸς
2925 1033 3218 1109 Ῥαγουήλ·
3269 1037 3357 1091 καὶ
3402 1040 3466 1106 ἦν
3514 1039 3542 1093 6
3596 1039 3721 1115 ἀρι-

2065 1116 2201 1184 θμὸς
2232 1115 2405 1170 αὐτῶν
2439 1116 2690 1193 χιλιάδες
2721 1123 2801 1193 με’
2830 1122 2917 1177 καὶ
2953 1122 3218 1195 ἑξακόσιοι
3251 1127 3609 1197 πεντήκοντα.

2136 1294 2260 1347 Τῶν
2316 1294 2631 1371 Νεφθαλεὶμ
2687 1299 2927 1375 Ἀχειρὲ,
2987 1302 3104 1363 υἱὸς
3174 1302 3355 1360 Αἰνάν⁸
3418 1306 3507 1359 xui
3565 1309 3632 1375 ἦν
3693 1310 3722 1364 6

2066 1380 2295 1453 ἀριθμὸς
2325 1381 2500 1438 αὐτῶν
2534 1383 2784 1460 χιλιάδες
2816 1390 2892 1463 νγ⁹
2922 1390 3011 1443 xui
3042 1392 3406 1468 τετρακόσιοι.

2134 1558 2300 1621 Οὗτος
2359 1561 2387 1615 6
2446 1562 2676 1637 ἀριθμὸς
2726 1569 2823 1619 τοῦ
2874 1565 3213 1639 πολεμιποῦ
3272 1568 3429 1638 λαοῦ,
3472 1569 3722 1646 χιλιάδες

2063 1645 2332 1715 ἑξακόσιαι
2365 1651 2455 1704 καὶ
2487 1652 2794 1727 τρισχίλιοι
2825 1655 3172 1714 πεντακόσιοι
3203 1634 3559 1729 πεντήκοντα.

2134 1737 2247 1804 Τὴν
2300 1734 2357 1792 δὲ
2414 1739 2590 1814 φυλὴν
2646 1742 2775 1796 Λευὶ
2824 1745 2940 1797 καθ’
2982 1744 3202 1808 ἑαυτοὺς
3262 1748 3576 1822 ἠρίθμησαν
3636 1748 3724 1805 διὰ

2064 1832 2250 1902 φωνῆς
2298 1826 2496 1902 Κυρίου
2570 1830 2728 1901 μόνοι
2775 1838 3011 1903 Μωυσῆς
3059 1834 3147 1890 καὶ
3193 1836 3401 1911 Ἀαρὼν
3463 1838 3569 1893 ἀπὸ
3613 1861 3716 1912 μη-

2070 1914 2246 2004 νιαίου
2303 1917 2393 1970 καὶ
2436 1916 2635 1973 ἐπάνω·
2668 1919 2757 1974 καὶ
2814 1923 2880 1989 ἦν
2909 1923 2937 1977 6
2970 1921 3199 1997 ἀριθμὸς
3248 1924 3422 1980 αὐτῶν
3471 1925 3722 2004 χιλιάδες

2074 2001 2241 2058 είόιοσι
2271 2005 2359 2060 καὶ
2393 2005 2508 2063 δύο.

2144 2111 2445 2185 Ἠρίθμησε
2476 2112 2533 2168 δὲ
2587 2117 2675 2169 καὶ
2734 2117 2799 2170 τὰ
2856 2119 3103 2192 ἀρσενικὰ
3160 2121 3481 2193 πρωτότοκα
3537 2130 3723 2180 πασῶν

2071 2204 2179 2254 τῶν
2214 2200 2398 2256 ἄλλων
2433 2202 2617 2280 φυλῶν
2653 2206 2893 2275 Μωυσῆς
2930 2207 3113 2279 μόνος,
3147 2209 3235 2263 καὶ
3284 2212 3472 2287 εὑρέθη
3525 2215 3554 2268 6
3601 2214 3723 2290 ἀρι-

2075 2292 2212 2361 θμὸς
2245 2290 2415 2344 αὐτῶν
2448 2291 2695 2367 χιλιάδες
2742 2296 2828 2370 κβ’
2876 2297 2964 2350 καὶ
3024 2296 3288 2355 διακόσιοι
3348 2296 3728 2375 ἑϐδομήκοντα

2072 2384 2238 2450 τρεῖς.
2302 2381 2399 2434 Καὶ
2467 2382 2583 2436 ἀντὶ
2656 2388 2759 2435 νῶν
2837 2387 3201 2459 πρωτοτόκων
3276 2389 3482 2444 τούτων
3550 2391 3730 2468 ἐλογί-

2075 2468 2275 2536 σθησαν
2309 2470 2360 2522 oi
2394 2477 2607 2525 Λευῖται
2650 2477 2726 2542 τῷ
2757 2478 2891 2545 Θεῷ·
2927 2480 3175 2531 τοσοῦτοι
3224 2479 3324 2553 γὰρ
3374 2481 3507 2548 ἦσαν
3537 2481 3627 2535 xui
3678 2483 3729 2536 oi

2075 2561 2311 2645 animi.
2374 2557 2468 2612 Kui
2553 2560 2863 2616 κελεύονται
2947 2565 3034 2618 καὶ
3112 2564 3265 2620 αὐτοὶ
3332 2568 3728 2645 άφσιγνισθῆναι

2073 2642 2161 2699 διὰ
2206 2649 2503 2710 Μωυσέως,
2550 2650 2639 2703 xui
2701 2650 3047 2725 ἀφορίζονται
3119 2654 3312 2710 λοιπὸν
3378 2642 3473 2733 ξδιᾶ
3522 2659 3733 2734 Ἀαρὼν

2070 2733 2380 2809 ἐργάζεσθαι
2428 2738 2494 2791 τὰ
2545 2737 2672 2814 ἔργα
2725 2741 2923 2815 Κυρίου
2974 2741 3090 2797 ἀντὶ
3138 2749 3239 2798 τοῦ
3297 2744 3453 2816 λαοῦ,
3502 2748 3589 2801 xui
3623 2733 3724 2801 α’ί-

2069 2843 2177 2896 ρειν
2227 2826 2295 2879 τὰ
2338 2826 2498 2895 σκεύη
2548 2834 2648 2896 τῆς
2700 2837 2928 2899 σκηνῆς,
2968 2830 3057 2885 καὶ
3106 2829 3441 2909 λειτουργεῖν
3494 2836 3719 2908 Ἀαρὼν,

2065 2912 2154 2965 καὶ
2202 2919 2321 2975 τοῖς
2373 2915 2511 2977 υἱοῖς
2562 2916 2747 2973 αὐτοῦ.
2785 2924 2942 2972 ’Ἐστι
2992 2916 3049 2974 δὲ
3096 2919 3146 2975 ἐν
3193 2923 3339 2994 αὑτῷ
3383 2928 3460 2994 τῷ
3516 2919 3721 2999 βιϐλίῳ

2063 3001 2153 3054 καὶ
2211 3004 2246 3071 ἡ
2296 3000 2624 3067 διατύπωσις
2678 3012 2779 3075 τῆς
2830 3004 3146 3083 ὁδοιπορίας
3200 3014 3297 3065 τοῦ
3357 3010 3515 3078 λαοῦ,
3547 3012 3635 3066 καὶ

2065 3089 2348 3153 ἀνάστασις
2396 3100 2496 3161 τῆς
2546 3097 2772 3165 σκηνῆς,
2805 3094 2896 3149 καί
2941 3098 2977 3166 ἠ
3032 3097 3381 3174 πρόσταξιςὴ
3412 3101 3537 3173 περὶ
3586 3100 3717 3155 σαλ-

2062 3178 2297 3253 πίγγων,
2356 3180 2428 3241 εἰς
2484 3183 2546 3236 τὸ
2600 3181 2652 3237 ἐν
2711 3182 2896 3247 αὐταῖς
2964 3186 3348 3242 ἀνακαλεῖσθαι
3404 3191 3495 3244 τὸν
3564 3189 3716 3246 λαόν.

299 3250 401 3270 Γ,
494 3250 543 3251 η

299 3291 357 3342 et
404 3284 700 3357 quomodo
747 3280 1191 3338 tabernaculum
1244 3276 1495 3343 unxerit,
1538 3277 1854 3348 ipsumque
1902 3278 1951 3329 et

2074 3264 2199 3357 ᾮδε
2255 3269 2574 3341 σημαίνεται
2629 3273 2716 3326 καὶ
2776 3275 2803 3328 6
2861 3273 3206 3350 ἐγκαινισμὸς
3279 3282 3376 3331 τοῦ
3429 3281 3715 3349 θυσιαστη-

304 3388 669 3447 quascunque
700 3373 759 3428 in
811 3370 911 3425 illo
958 3373 1143 3435 erant,
1177 3364 1656 3433 sanctiﬁcaverit;
1690 3381 1803 3434 quo
1858 3379 1958 3418 or-

307 3465 444 3519 dine
473 3460 833 3518 oﬂ‘erendum
876 3457 1053 3513 fuerit
1083 3457 1142 3511 in
1177 3455 1542 3511 dedicatione
1581 3452 1807 3519 altaris;
1839 3469 1957 3524 quo

308 3557 571 3624 tempore
641 3549 1047 3604 ministrarent
1103 3545 1345 3612 Levites;
1416 3543 1569 3615 quod
1631 3543 1702 3596 ab
1770 3541 1957 3597 aetatis

305 3640 460 3697 anno
496 3639 776 3695 vicesimo
821 3636 1025 3709 quinto
1074 3633 1429 3707 principium
1476 3631 1595 3687 illis
1644 3635 1799 3687 esset
1845 3630 1955 3685 mi-

302 3728 633 3796 nistrandi;
667 3723 1160 3799 quinquagesimo
1189 3738 1320 3777 vere
1360 3721 1535 3778 ﬁnem
1572 3718 1956 3797 .ministrandi

305 3821 581 3885 facerent,
623 3816 728 3872 sed
780 3816 863 3870 ita
921 3819 987 3869 ut
1040 3817 1244 3886 postea
1296 3808 1663 3866 tabernaculi
1724 3814 1954 3864 tantum

303 3907 634 3963 custodiam
664 3904 969 3960 haberent.

366 4102 525 4157 104
551 4099 867 4171 Scriptum
895 4112 1128 4170 quoque
1157 4100 1246 4150 est
1275 4094 1346 4150 de
1376 4110 1528 4164 aqua
1572 4092 1952 4149 convictionis

298 4208 427 4264 quas
459 4188 776 4245 maledicta
802 4190 925 4243 erat
950 4204 962 4242 :
998 4187 1070 4241 de
1100 4184 1225 4257 lege
1254 4183 1629 4249 votariorum,
1658 4185 1951 4255 quomodo

294 4279 431 4333 vino
478 4276 792 4343 abstinere,
844 4291 950 4330 nec
1000 4279 1174 4343 caput
1220 4272 1458 4327 tondere
1505 4272 1772 4329 debeant.
1808 4273 1946 4328 Item

297 4367 592 4440 quomodo
623 4364 1019 4422 murmuranti
1070 4368 1305 4434 propter
1347 4361 1540 4417 carnis
1570 4361 1948 4432 cupiditatem

250 4450 257 4457 ’
297 4455 537 4529 populo,
561 4455 890 4511 coturnices
915 4453 1090 4520 Deus,
1116 4451 1325 4507 deinde
1351 4454 1408 4505 et
1437 4449 1680 4517 sitienti,
1701 4449 1949 4505 iterum-

298 4560 413 4618 que
461 4543 1116 4613 murmuranti,aquam
1169 4556 1239 4595 ex
1286 4543 1451 4611 petra
1493 4537 1739 4603 dederit,
1772 4554 1950 4609 quam

2068 3353 2211 3429 ρίου,
2240 3356 2329 3411 καὶ
2359 3362 2472 3419 πῶς
2504 3356 2688 3435 ἔχρισε
2740 3362 2839 3430 τήν
2874 3365 3100 3433 σκηνὴν,
3133 3365 3222 3419 καὶ
3280 3366 3500 3441 ἡγίασεν
3551 3367 3718 3437 αὐτήν

2064 3464 2123 3497 τε
2203 3445 2293 3499 xui
2368 3447 2540 3502 πάντα
2622 3450 2687 3504 τὰ
2743 3449 2794 3505 ἐν
2852 3451 3010 3526 αὐτῇ·
3072 3451 3106 3521 ἤ
3164 3474 3223 3509 τε
3298 3451 3534 3526 διάταξις
3613 3462 3720 3512 τῶν

2066 3541 2389 3614 προσφορῶν
2447 3537 2555 3593 τῶν
2614 3540 2690 3602 εἰς
2748 3542 2838 3595 τὸν
2886 3541 3235 3617 ιγκαινισμὸν
3280 3549 3377 3600 τοῦ
3428 3548 3712 3614 θυσιαστη-

2067 3624 2205 3698 ρίου,
2256 3626 2344 3681 xui
2404 3626 2531 3703 ὅρος
2574 3633 2682 3684 τῶν
2752 3630 2968 3705 χρόνων
3042 3639 3142 3701 τῆς
3209 3630 3549 3710 λειτουργίας
3606 3635 3713 3688 τῶν

2068 3720 2326 3769 Λευιτῶν
2380 3715 2517 3772 ὥστε
2560 3717 2668 3772 ἀπὸ
2714 3720 2807 3790 μὲν
2857 3715 3029 3774 εἷόιοσι
3086 3721 3176 3775 xui
3234 3722 3392 3778 πέντε
3449 3723 3581 3778 ἐτῶν
3629 3725 3718 3798 ἁρ-

2066 3803 2257 3877 χεσθαι
2343 3803 2538 3867 αὐτοὺς
2624 3805 2983 3883 λειτουργεῖν·
3042 3812 3380 3880 πεντήκοντα
3455 3809 3511 3866 δὲ
3587 3811 3716 3866 ἑτῶν

2066 3892 2410 3966 γενομένους,
2446 3894 2764 3972 ἀφίστασθαι
2818 3897 2911 3969 μὲν
2968 3905 3067 3967 τῆς
3125 3895 3492 3976 λειτουργίας,
3525 3899 3723 3979 φυλάτ-

2064 4002 2170 4036 τειν
2201 3979 2259 4037 δὲ
2291 3983 2456 4056 μόνον
2483 3985 2581 4053 τήν
2617 3989 2839 4057 σκηνήν.

2140 4087 2439 4165 Γέγραπται
2500 4087 2559 4146 δὲ
2615 4091 2703 4146 καὶ
2761 4091 2883 4164 περὶ
2940 4097 3038 4148 τοῦ
3088 4090 3281 4156 ὕδατος
3309 4100 3406 4149 τοῦ
3455 4094 3715 4171 ἔλεγμοῢ,

2058 4182 2157 4232 τοῦ
2209 4176 2708 4254 ἐπικαταρωμένου·
2743 4182 2832 4235 xui
2880 4182 2909 4235 6
2947 4181 3117 4255 νόμος
3148 4184 3176 4237 6
3205 4183 3327 4259 περὶ
3384 4188 3494 4238 τῶν
3550 4184 3719 4260 εὐχο-

2065 4266 2239 4339 μὲνων
2272 4266 2569 4342 ἀπέχεσθαι
2599 4266 2765 4338 οἷ’νου,
2796 4270 2884 4324 καὶ
2939 4272 3014 4344 μή
3072 4272 3336 4346 κείρεσθαι
3394 4274 3492 4341 τὴν
3551 4294 3715 4351 κεφα-

2063 4354 2185 4425 λήνο
2216 4355 2307 4411 xui
2363 4354 2447 4411 ὅτι
2496 4357 2819 4434 γογγῦσαντι
2879 4359 3046 4415 πάλαι
3107 4359 3196 4415 διὰ
3252 4362 3411 4436 κρέας
3461 4360 3541 4434 τῷ
3596 4360 3715 4435 λαῷ

2063 4441 2292 4501 δέδωκεν
2329 4445 2739 4523 ὀρτυγομήτραν
2799 4450 2827 4503 ὁ
2880 4450 3031 4520 Θεὸς,
3064 4449 3153 4505 καὶ
3212 4448 3439 4524 διψῶντι
3509 4450 3568 4507 δὲ
3624 4454 3716 4519 καὶ

2060 4533 2224 4589 πάλιν
2256 4534 2580 4612 γογγύσαντι
2618 4536 2699 4610 τῷ
2730 4537 2847 4609 λαῷ
2892 4536 3123 4595 δέδωκεν
3177 4540 3235 4595 ἐν
3289 4541 3486 4616 πέτρας
3545 4539 3715 4617 ὕδωρ,

298 4616 491 4690 Moses
520 4648 737 4704 aquam
779 4629 1260 4688 contradictionis
1298 4627 1539 4683 vocavit.
1575 4626 1735 4682 Misit
1765 4632 1820 4682 et
1850 4643 1951 4681 ex-

2074 4624 2119 4693 ἧν
2153 4623 2374 4680 ἐκάλεσε
2432 4628 2666 4695 Μωυσῆς
2727 4625 2874 4703 ὕδωρ
2931 4628 3265 4705 ἀντιλογίας.
3302 4628 3613 4686 Ἀπέστειλὲ
3659 4616 3719 4686 τε

192 4780 201 4789 _
297 4720 619 4793 ploratores
649 4736 720 4776 ex
762 4734 1114 4791 unaquaque
1156 4717 1314 4772 tribu
1367 4732 1574 4781 unum,
1606 4715 1759 4771 inter
1805 4732 1950 4787 quos

295 4815 465 4867 erant
489 4810 666 4867 Jesus
694 4809 850 4865 Nave
885 4812 943 4864 et
985 4805 1201 4863 Chaleb
1249 4802 1532 4875 Jepbone.
1557 4802 1661 4859 Hic
1690 4810 1747 4859 et
1777 4821 1947 4877 syna-

294 4916 445 4973 goga
468 4904 609 4956 Core
651 4903 855 4955 contra
904 4896 1122 4953 Mosam
1154 4892 1491 4960 insurrexit,
1517 4892 1747 4965 vivique
1796 4895 1950 4950 intra

293 4993 511 5045 terram
542 5005 676 5045 cum
707 4986 937 5043 Datban
968 4990 1024 5041 et
1055 4984 1276 5039 Abiron
1307 4982 1569 5054 absorpti
1600 4988 1742 5038 sunt
1773 4999 1786 5039 :
1818 4989 1944 5040 tum

295 5078 479 5135 Maria
506 5094 673 5135 soror
717 5075 960 5132 Aaronis
1012 5073 1173 5145 lepra
1203 5087 1481 5144 percussa
1528 5078 1637 5137 est,
1670 5073 1948 5144 virgaque

293 5167 537 5224 Aaronis
592 5164 944 5239 germinavit
1001 5178 1231 5217 nucem.
1281 5161 1491 5215 Postea
1538 5167 1811 5217 mortuus
1858 5170 1947 5217 est

290 5261 485 5311 Aaron
530 5256 589 5311 in
622 5258 821 5309 monte
872 5252 1008 5320 Hor,
1046 5252 1141 5306 cui
1192 5248 1478 5305 successit
1506 5249 1740 5305 Eleazar
1788 5250 1945 5306 ﬁlius

291 5346 442 5415 ejus.
473 5344 592 5399 Hoc
620 5343 772 5399 libro
801 5347 858 5397 et
885 5340 1133 5396 historia
1159 5337 1397 5393 Balaam
1442 5344 1497 5393 et
1545 5339 1724 5393 asinae
1756 5340 1944 5412 ipsius

292 5433 556 5488 humana
601 5448 740 5487 voce
787 5432 991 5486 locutae
1041 5427 1319 5484 scribitur
1352 5442 1365 5481 :
1398 5432 1456 5481 et
1504 5430 1796 5499 quomodo
1847 5448 1944 5485 rex

294 5521 529 5595 quidem
589 5521 976 5576 Moabitarum
1034 5517 1221 5587 Balac,
1272 5517 1554 5572 confusus
1602 5518 1681 5572 sit
1729 5520 1942 5592 populo

292 5615 489 5667 autem
522 5626 627 5683 per
658 5609 964 5666 consilium
998 5607 1228 5663 Balaam
1263 5603 1509 5678 polluto,
1540 5605 1787 5664 Phinees
1819 5626 1942 5664 mu-

287 5699 493 5755 lierem
512 5695 954 5755 Madianitidem
974 5711 1109 5751 cum
1128 5694 1373 5750 Zambre
1402 5693 1755 5764 lsraelita,ex
1784 5698 1938 5755 tribu

2057 4712 2434 4775 κατασκόπους
2489 4712 2583 4769 ἕνα
2639 4716 2774 4769 κατὰ
2850 4716 3050 4795 φυλὴν,
3107 4717 3157 4772 ἐν
3212 4720 3297 4781 οἷς
3355 4719 3444 4773 xui
3506 4721 3716 4789 Ἰησοῦν

2058 4802 2149 4858 τὸν
2189 4806 2287 4857 τοῦ
2318 4809 2492 4874 Ναυῆ,
2526 4803 2616 4858 καὶ
2674 4800 2854 4859 Χάλεϐ
2910 4807 3001 4861 τὸν
3059 4811 3156 4861 τοῦ
3188 4813 3415 4885 Ἰεφονῆ.
3453 4806 3577 4864 Ὧδε
3626 4809 3719 4864 καὶ

2057 4894 2092 4961 ἡ
2154 4894 2441 4968 συναγωγὴ
2520 4894 2657 4970 Κορὲ
2727 4893 2989 4966 ἐπανέστη
3067 4897 3205 4951 κατὰ
3278 4898 3551 4959 Μωυσέως
3627 4897 3716 4952 xui

2060 4986 2253 5051 ζῶντες
2310 4976 2683 5053 κατεπόθησαν
2740 4983 2815 5046 είς
2875 4985 2971 5052 τὴν
3025 4991 3128 5059 γῆν
3200 4986 3334 5058 μετὰ
3392 4987 3562 5051 Δαθᾶν
3626 4986 3715 5042 xui

2056 5065 2341 5147 Ἀϐειρώνο
2375 5069 2465 5125 ὅτε
2506 5070 2595 5126 καὶ
2628 5072 2809 5150 Μαρία
2838 5075 2871 5142 ἡ
2907 5070 3353 5151 ἁδελφήεἋαρὼν
3402 5074 3712 5149 ἐλεπρώθη·

2055 5159 2145 5215 xui
2202 5162 2236 5230 ἠ
2300 5155 2497 5235 ῥάϐδος
2530 5160 2741 5235 Ἀαρὼν
2802 5156 3103 5231 ἐϐλάστησε
3159 5162 3356 5238 κάρυον
3425 5165 3521 5218 Καὶ
3584 5166 3718 5236 μετὰ

2051 5253 2220 5304 ταῦτα
2275 5248 2604 5319 ἀποθνήσκει
2658 5250 2869 5325 ’Δαρὼν
2930 5249 2982 5305 ἐν
3031 5255 3110 5323 τῷ
3156 5246 3272 5328 ὄρει
3301 5260 3421 5328 ’Ὠρ,
3454 5253 3543 5308 καὶ
3599 5250 3713 5307 δια-

2055 5335 2270 5414 δέχεται
2300 5338 2459 5393 αὐτὸν
2494 5336 2754 5415 Ἐλεάζαρ
2789 5339 2816 5393 ὁ
2850 5341 2963 5401 υἱὸς
2996 5339 3182 5397 αὐτοῦ.
3214 5338 3341 5396 Ὧδε
3398 5341 3485 5396 xui
3535 5343 3562 5396 6
3616 5350 3716 5396 Bu-

2055 5425 2206 5500 λαὰμ
2261 5426 2351 5482 καὶ
2383 5430 2418 5497 ἡ
2455 5424 2742 5496 λαλήσασα
2798 5428 2962 5483 αὐτοῦ
3020 5424 3141 5491 ὄνος
3191 5430 3501 5505 ἀνθρωπίνῃ
3559 5435 3715 5508 φωνῇ

2053 5517 2368 5592 ἱστορεῖται·
2400 5515 2490 5571 xui
2522 5514 2605 5570 ὅτι
2640 5517 2667 5570 6
2704 5516 2799 5590 μὶν
2832 5515 3021 5572 Βαλὰκ
3056 5516 3312 5593 βασιλεὺς
3364 5515 3541 5575 Μιυὰϐ
3590 5541 3718 5574 κατ-

2055 5605 2305 5681 ῃσχύνθη
2382 5608 2480 5660 τοῦ
2538 5601 2596 5659 δὲ
2652 5602 2789 5661 λαοῦ
2852 5601 3264 5682 βεϐηλωθὲντος
3321 5608 3372 5678 ἐξ
3432 5603 3715 5677 ὑποϐολῆς

2050 5698 2151 5751 τοῦ
2177 5692 2432 5768 Βαλαὰμ,
2462 5694 2492 5749 6
2523 5693 2722 5764 Φινεῆς
2781 5693 3049 5771 ἀνέτρωσε
3096 5696 3197 5766 τήν
3250 5695 3570 5754 Μαδιανῖτιν
3628 5697 3717 5753 καὶ
