4154 6390
417 426 532 486 305

1522 424 1902 486 SYNOPSIS
1947 423 2411 484 SCRIPTUB/E
2454 423 2751 484 SACRE.

3729 418 3849 478 306

414 558 504 610 τὸν
560 551 911 629 ’[σραηλίτην
961 548 1188 629 Ζαμϐρῆ
1241 553 1301 608 ἐκ
1351 551 1532 628 ψυλῆς
1583 555 1806 625 Συμεὼν
1867 550 1955 608 διὰ
1984 553 2049 607 τὰ

2192 555 2428 610 Simeon
2463 559 2696 626 propter
2725 553 3139 609 scortationem
3171 553 3513 621 confoderit,
3547 557 3725 622 atque
3778 567 3848 606 ea

414 642 690 716 πορνείας,
725 641 813 696 καὶ
849 641 992 696 οὕτω
1040 643 1307 696 πέπαυται
1367 644 1400 710 ἡ
1455 641 1617 718 ὀργή.
1684 641 2077 712 Σαταλαλήσας

415 729 471 787 δέ
499 731 525 785 ό
587 731 716 792 λαὸς
765 729 900 804 πρὸς
946 730 1037 783 τὸν
1090 731 1215 784 Θεὸν
1261 731 1396 784 κατά
1444 731 1738 800 Μωυσέως,
1789 728 2076 786 ὲδάκνοντο

415 821 518 877 ὑπὸ
566 816 766 897 ὄφεων,
817 818 907 873 καὶ
971 819 1190 894 ὕστερον
1260 819 1601 889 ἀξιωσάντων
1657 821 1854 892 αὐτῶν,
1914 841 2077 893 προσ-

414 911 588 979 έταξεν
641 909 670 962 6
719 907 849 969 Θεὸς
892 906 1136 984 γενέσθαι
1167 903 1286 983 ὅφιν
1313 907 1584 982 χαλκοῦν,
1645 909 1732 962 καὶ
1765 917 2074 984 κρεμασθῆ-

413 1020 496 1052 ναι
530 997 716 1052 αὐτόν·
761 994 854 1049 ’ίνα
912 996 938 1048 6
987 983 1211 1071 aniﬂslq
1263 996 1480 1071 βλέπων
1531 997 1690 1051 αὐτὸν
1726 983 1886 1071 ζήσῃ.
1947 996 2073 1052 Ὧδε

415 1086 619 1143 κελεύει
655 1085 682 1139 ό
715 1085 844 1146 Θεὸς
875 1089 955 1155 τῷ
989 1089 1190 1158 Μωυσῇ
1224 1086 1312 1139 καὶ
1352 1083 1611 1158 Ἐλεάζαρ
1658 1092 1737 1158 τῷ
1788 1089 1922 1158 ἱερεῖ
1978 1109 2070 1160 με-

338 1245 340 1247 _
417 1183 609 1250 τρῆσαι
665 1173 826 1228 πάλιν
877 1173 968 1228 τὸν
1023 1171 1153 1226 λαὸν
1203 1173 1309 1227 ἀπὸ
1352 1173 1692 1237 εἰκοσαετοῦς
1748 1175 1837 1228 καὶ
1870 1174 2065 1246 ἐπάνω,

422 1267 508 1320 καὶ
566 1264 749 1338 εὑρέθη
813 1263 840 1315 6
900 1261 1132 1338 ἀριθμὸς
1210 1261 1384 1316 αὐτῶν
1473 1261 1722 1337 χιλιάδες
1800 1264 2066 1334 ἑξακόσιαι

421 1353 505 1407 καὶ
588 1350 764 1426 χίλιοι
852 1351 1161 1405 ἑπτακόσιοι
1239 1353 1548 1426 τριάκοντα.
1628 1352 1726 1408 Κατ
1795 1354 1845 1407 οἱ
1906 1355 2062 1407 Λευῖ-

413 1463 497 1495 ται
559 1437 614 1494 δὲ
672 1437 836 1493 πάλιν
895 1441 1014 1503 καθ’
1074 1440 1293 1502 ἑαυτοὺς
1333 1443 1742 1517 ἤριθμήθησαν,
1802 1442 1892 1496 καὶ
1973 1442 2063 1496 εὐ-

415 1529 639 1602 ρέοησαν
696 1525 946 1603 χιλιάδες
1003 1531 1106 1603 κγ’.
1163 1531 1224 1584 Ἡ
1288 1531 1381 1602 μέν
1443 1530 1533 1583 οὖν
1591 1529 1866 1604 ἐπίσκεψις
1924 1530 2058 1600 αὕτη

410 1617 594 1694 γέγονε
651 1617 700 1672 έν
767 1613 1013 1692 Ἀραϐὼθ
1072 1613 1262 1689 Μωᾶὅ,
1326 1619 1412 1673 ἐπὶ
1468 1623 1566 1674 τοῦ
1598 1617 1872 1696 Ἰορδάνου
1928 1621 2064 1674 κατά

409 1709 642 1782 Ἰεριχῶ.
679 1708 764 1760 Ἐν
797 1707 1011 1768 τούτοις
1043 1705 1099 1760 δὲ
1144 1705 1318 1768 οὐδεὶς
1349 1708 1415 1776 ἦν
1446 1713 1552 1762 τῶν
1587 1709 1852 1785 πρότερον
1904 1709 2062 1764 ἐπεσ-

408 1795 714 1868 κεμμένων·
749 1795 831 1850 ὅτι
867 1795 1152 1864 ἀπέθανον,
1187 1795 1332 1865 πλὴν
1368 1793 1548 1852 Χαλὲϐ
1605 1799 1696 1852 καὶ
1756 1801 1973 1870 Ἰησοῦς
2032 1799 2059 1852 ὁ

405 1890 500 1938 τοῦ
534 1891 706 1951 Ναυῆ.

475 1975 560 2028 Ἐν
592 1975 770 2047 τούτῳ
798 1979 877 2044 τῷ
940 1969 1140 2049 βιϐλίῳ
1188 1973 1388 2051 ἔγραψε
1433 1981 1671 2045 Μωϋσῆς
1729 1973 1818 2030 διὰ
1874 1976 2054 2052 ῥημά-

403 2085 510 2117 των
565 2063 761 2136 Κυρίου
820 2065 1075 2139 ἁπάρσεις
1137 2067 1310 2118 αὐτῶν
1351 2065 1600 2127 καὶτοὺς
1634 2065 1911 2138 σταθμοὺς
1965 2067 2056 2120 αύ-

404 2158 534 2220 τῶν,
593 2151 645 2206 ἐν
707 2152 786 2214 οἷς
847 2149 1118 2213 ὁδεύοντες
1175 2153 1282 2207 ἀπὸ
1324 2161 1424 2222 τῆς
1466 2153 1748 2229 Αἰγύπτου
1796 2155 2055 2210 κατέλυον

409 2240 827 2313 ἀναπαυόμενοι.
887 2242 982 2296 Καὶ
1041 2241 1172 2295 εἰσὶν
1234 2241 1408 2297 οὗτοι·
1453 2244 1590 2298 Ἀπὸ
1629 2250 1895 2316 Ῥαμεσσῆ
1955 2252 2055 2314 τῆς

406 2330 684 2404 Αἰγύπτου
762 2329 985 2400 ἐξῆλθον
1060 2335 1138 2401 τῷ
1201 2331 1388 2406 πρότῳ
1450 2332 1579 2404 μηνὶ
1641 2331 1896 2408 ἐπαύριον
1956 2338 2054 2388 τοῦ

409 2421 618 2495 Πάσχα,
651 2419 738 2473 καὶ
770 2417 942 2488 ἦλθον
978 2420 1052 2482 εῗς
1086 2421 1305 2495 Σοχὼθ,
1356 2421 1462 2474 ἀπὸ
1497 2417 1697 2496 Σοχὼϐ
1720 2422 1795 2484 είς
1833 2424 2051 2497 βουθὰν,

405 2508 509 2562 ἀπὸ
567 2509 763 2562 Βουθάν
827 2507 902 2570 είς
961 2507 1338 2584 Βεελσεπφὼν,
1399 2510 1654 2564 ἀπέναντι
1715 2509 2050 2584 Μαγδώλου·

405 2597 511 2650 ἀπὸ
591 2596 937 2674 Βεελσεπφὼν
1015 2593 1273 2668 διέϐησαν
1348 2599 1508 2671 μέσον
1592 2606 1690 2668 τῆς
1756 2598 2050 2670 θαλάσσης·

407 2686 512 2739 ἀπὸ
585 2684 853 2755 θαλάσσης
929 2686 1006 2748 εἷς
1068 2688 1317 2763 [Ιικρίας,
1375 2689 1462 2742 καὶ
1523 2688 1626 2742 άπὸ
1687 2695 1924 2764 [Ιικριῶν
1982 2691 2054 2751 εἰς

345 2813 350 2816 -
408 2773 602 2846 Ἐλεὶμ
653 2776 786 2848 (85),
846 2773 983 2828 ὅπου
1043 2777 1093 2829 οἱ
1152 2776 1420 2837 Φοίνικες·
1484 2776 1569 2830 καί
1606 2777 1939 2851 ἀπὸἘλεὶμ
1979 2779 2054 2840 εἰς

405 2862 532 2935 Σείρ
593 2864 706 2936 (86)
773 2864 871 2931 τὴν
925 2861 1155 2939 ἔρημον·
1216 2865 1322 2919 ἀπὸ
1368 2873 1466 2934 τῆς
1519 2865 1728 2941 ἐρήμου
1786 2869 1911 2943 Σεὶρ
1978 2868 2054 2929 εἰς

400 2950 658 3028 Ῥάφακαο
739 2951 846 3006 ἀπὸ
924 2953 1158 3030 Ῥάφακα
1235 2955 1310 3016 εἷς
1371 2953 1563 3026 Ἐλεῖμ
1621 2958 1749 3027 (87),
1808 2955 1896 3010 καὶ
1951 2957 2054 3010 ἀπὸ

407 3037 595 3112 Ἐλεὶμ
640 3039 716 3102 εἰς
777 3039 1079 3118 Ῥαφιδείμ·
1140 3042 1243 3098 ἀπὸ
1299 3041 1585 3119 Ῥαφιδεὶμ
1645 3044 1721 3106 εἷς
1772 3051 1906 3099 Σινᾶ
1958 3047 2057 3115 τὴν

407 3127 630 3201 ἔρημον·
693 3129 798 3184 ἀπὸ
849 3129 1059 3204 ἐρήμου
1111 3138 1243 3186 Σινᾶ
1290 3133 1364 3194 εἰς
1411 3135 1686 3205 Μνήματα
1729 3140 1828 3204 τῆς
1869 3134 2053 3199 ἐπιθυ-

407 3215 552 3288 μίας·
587 3217 692 3272 ἀπό
725 3218 1037 3291 Μνημάτων
1070 3227 1168 3291 τῆς
1201 3219 1489 3293 ἐπιθυμίας
1542 3221 1615 3284 εἷς
1666 3224 1897 3303 Ἀσιρώο
1943 3229 2055 3296 (88)

2192 644 2582 698 rationeiram
2618 643 2715 697 Dei
2749 641 3058 697 sedaverit.
3119 641 3200 693 Ad
3267 641 3385 695 hznc
3450 645 3839 712 posteaquam

2187 739 2387 787 contra
2414 733 2595 787 Deum
2621 738 2676 786 et
2694 737 2924 803 Moysen
2948 729 3180 784 locutus
3205 736 3358 783 esset
3381 731 3661 800 populus,
3715 745 3841 784 ser-

2187 827 2426 892 pentum
2465 820 2762 876 morsibus
2794 819 3203 874 cruciabatur:
3241 823 3297 871 at
3321 819 3555 872 demum
3579 817 3842 888 roganti-

2184 911 2296 964 bus
2329 910 2468 978 illis,
2503 914 2833 981 serpentem
2883 924 3110 962 asneum
3165 906 3284 961 ﬁeri
3332 907 3519 976 jussit
3571 907 3724 960 Deus
3773 921 3840 961 ac

2183 1000 2618 1070 suspendi,quo
2659 999 2781 1052 viso
2831 995 3640 1066 viveret,quiaserpentibus
3684 1001 3840 1049 esset

2183 1087 2540 1142 vulneratus.
2573 1087 2851 1157 Prmcepit
2893 1085 3068 1139 etiam
3101 1083 3208 1137 hoc
3249 1083 3397 1136 libro
3447 1083 3594 1136 Deus
3653 1083 3836 1154 Moysi

2181 1183 2235 1231 et
2262 1175 2529 1232 Eleazaro
2553 1176 2866 1238 sacerdoti,
2889 1175 3079 1228 denuo
3122 1187 3422 1227 recensere
3467 1171 3774 1242 populum,
3804 1190 3838 1228 a

2181 1265 2455 1320 vicesimo
2474 1281 2626 1319 anno
2643 1270 2697 1318 et
2724 1279 2924 1333 supra,
2950 1264 3120 1332 cujus
3144 1268 3268 1315 tum
3292 1261 3566 1315 inventus
3588 1266 3678 1314 est
3721 1277 3834 1314 nu-

2183 1371 2399 1418 merus,
2434 1361 2708 1409 sexcenta
2738 1351 2922 1406 millia
2955 1351 3112 1405 mille
3165 1350 3515 1421 septingenti
3566 1349 3829 1421 triginta.

2180 1448 2244 1496 Et
2269 1443 2471 1497 Levita;
2499 1459 2729 1512 quoque
2752 1443 2961 1495 iterum
2997 1443 3315 1510 separatim
3342 1439 3634 1492 numerati
3669 1442 3828 1504 sunt,

2176 1538 2232 1587 et
2254 1532 2527 1587 inventus
2553 1537 2641 1586 est
2662 1530 2897 1585 illorum
2927 1545 3208 1584 numerus
3231 1528 3431 1598 viginti
3465 1527 3578 1581 tria
3619 1526 3826 1581 millia.

2175 1621 2466 1677 Recensiti
2497 1625 2638 1675 sunt
2667 1625 2862 1674 autem
2896 1619 2955 1672 in
2987 1617 3241 1672 Araboth
3277 1616 3468 1678 Moab,
3517 1616 3584 1669 ad
3620 1615 3830 1669 Jorda~

2173 1727 2306 1766 nem
2340 1719 2541 1765 contra
2571 1707 2826 1763 Jericho.
2864 1709 2922 1761 In
2958 1708 3087 1762 istis
3116 1711 3326 1776 ‘autem
3388 1721 3557 1758 nemo
3621 1719 3825 1757 eorum

2171 1805 2315 1868 erat,
2348 1800 2449 1870 qui
2481 1803 2655 1854 antea
2685 1796 2980 1852 numerati
3041 1796 3291 1849 fuerant.
3348 1793 3559 1847 Mortui
3610 1792 3824 1863 quippe

2092 1921 2137 1986 Β
2170 1895 2356 1954 erant,
2392 1895 2599 1986 praeter
2627 1886 2837 1986 Chaleb
2868 1891 2924 1940 et
2952 1885 3124 1940 Jesus
3163 1884 3340 1986 Nouo.

2239 1977 2586 2044 Complexus
2632 1980 2722 2030 est
2779 1975 2888 2029 hoc
2944 1989 3178 2043 quoque
3236 1970 3530 2025 volumine
3591 1980 3812 2041 Moyses

2157 2068 2328 2137 juxta
2361 2064 2588 2120 Domini
2613 2064 2808 2131 verba,
2844 2061 3228 2133 profectiones
3280 2066 3335 2114 et
3367 2059 3704 2114 mansiones
3739 2059 3817 2113 ls-

2165 2155 2358 2224 raelis,
2393 2156 2608 2224 quibus
2631 2171 2699 2208 ex
2721 2157 2958 2224 Egypto
3005 2151 3241 2221 profecti
3289 2148 3538 2203 subinde
3581 2149 3818 2218 quieve-

2165 2249 2314 2300 rant.
2342 2245 2408 2298 Et
2428 2249 2570 2298 sunt
2591 2243 2747 2297 istas:
2792 2246 3089 2305 Ramesse,
3136 2238 3360 2311 {Egypti
3389 2239 3578 2309 primo
3615 2254 3815 2293 mense

2164 2333 2444 2405 postridie
2471 2331 2766 2387 Pascbatis
2793 2330 3058 2401 protecti,
3089 2333 3372 2382 venerunt
3414 2327 3472 2381 in
3517 2326 3765 2382 Socboth
3795 2346 3807 2395 ;

2166 2425 2235 2478 de
2266 2421 2518 2478 Sochotb
2553 2422 2609 2474 in
2647 2418 2908 2485 Rathan;
2941 2419 3014 2473 de
3046 2418 3277 2472 Rnthan
3312 2417 3367 2470 in
3425 2415 3822 2487 Beelsepbon-

2165 2519 2366 2568 contra
2397 2510 2742 2584 Magdolon;
2775 2510 2847 2565 de
2877 2509 3236 2579 Beelsephon
3271 2525 3371 2578 per
3405 2525 3564 2562 mare
3615 2513 3817 2561 trans-

2165 2604 2360 2658 ierunt
2394 2619 2408 2668 ;
2441 2603 2512 2656 de
2545 2601 2689 2656 mari
2721 2599 2782 2655 in
2808 2599 3248 2653 Amaritudines
3277 2595 3822 2664 ;deAmaritudini-

2167 2693 2273 2747 bus
2295 2692 2366 2746 ad
2390 2690 2555 2754 Elim,
2582 2689 2681 2744 ubi
2704 2694 2871 2745 erant
2897 2688 3140 2758 palmae;
3184 2688 3252 2740 de
3311 2686 3455 2739 Elim
3516 2685 3575 2739 in
3625 2686 3824 2740 deser-

2165 2780 2772 2846 tumSeir;edeserto
2792 2777 3000 2834 Seirin
3048 2776 3356 2846 llapbaca;
3419 2776 3490 2829 de
3542 2773 3816 2846 Rapbaca

2166 2871 2225 2924 in
2258 2869 2444 2935 Elim;
2477 2869 2548 2924 de
2603 2867 2753 2922 Elim
2797 2865 2858 2921 in
2888 2865 3238 2937 Raphidim;
3272 2865 3342 2919 ds
3375 2863 3690 2935 Raphidim
3754 2862 3814 2916 in

2167 2958 2544 3014 solitudinem
2578 2957 2756 3024 Sina;
2792 2955 3207 3036 desolitudine
3238 2953 3379 3009 Sina
3408 2953 3479 3008 ad
3539 2952 3822 3024 Sepulcra

2165 3047 2653 3119 concupiscentiae
2675 3063 2688 3112 ;
2715 3047 2784 3100 de
2798 3035 3592 3116 Sepulerisconcupiscentia
3615 3041 3672 3096 in
3686 3044 3723 3095 Α
3735 3041 3820 3096 si-

2167 3138 2294 3194 rotb
2323 3157 2335 3208 ;
2361 3139 2432 3193 de
2457 3135 2689 3192 Asiroth
2714 3135 2772 3189 in
2795 3134 3105 3189 Ratbama:
3140 3133 3211 3187 de
3232 3131 3520 3187 Bathama
3549 3130 3609 3185 in
3633 3131 3772 3185 Rem

2171 3244 2305 3283 mon
2339 3227 2588 3281 Phares:
2624 3226 2695 3280 de
2735 3229 3018 3279 Rsmmon
3070 3221 3284 3277 Phares
3325 3221 3383 3274 in
3427 3219 3714 3284 Lemona;
3749 3221 3822 3275 de

403 3305 770 3380 ἀπὸἈσιρὼθ
830 3306 906 3369 εἰς
966 3309 1225 3382 Ῥαθάμα·
1274 3309 1381 3363 ἀπὸ
1439 3293 1836 3383 Ῥαθαμὰςιενίς
1895 3293 2052 3387 Ῥ-εμέ

2169 3319 2423 3374 Lemona
2449 3316 2508 3370 in
2540 3320 2755 3370 Dessau
2789 3339 2803 3369 :
2835 3313 2907 3368 de
2967 3317 3183 3367 Dessau
3215 3309 3276 3365 in
3333 3308 3636 3365 Macellath
3664 3326 3679 3375 ;
3743 3310 3816 3364 do

402 3395 516 3465 μὼν
551 3395 748 3471 Φαρές
785 3395 873 3450 καὶ
922 3397 1026 3452 ἀπὸ
1058 3400 1308 3471 Ῥεμμὼν
1343 3400 1518 3474 Φαρὲς
1549 3400 1624 3462 εἰς
1658 3407 1887 3474 λκεμῶνα
1915 3404 2049 3476 (89)·

402 3482 509 3537 ἀπὸ
542 3488 772 3556 Λεμῶνα
804 3485 879 3546 εἷς
909 3487 1127 3540 Δεσσάν·
1187 3487 1292 3541 ἀπὸ
1352 3488 1546 3542 ΔεσσάΛ
1605 3485 1678 3550 εἷς
1737 3489 2054 3554 ΜακεΛλάθο

397 3572 504 3625 ἀπὸ
562 3571 855 3637 Μακελλὰθ
883 3573 956 3635 εἷς
991 3575 1196 3651 Σαφάρ·
1231 3575 1336 3630 ἀπὸ
1389 3577 1574 3654 Σαφὰρ
1643 3577 1718 3639 εἰς
1777 3576 2045 3654 Χαραδάθ·

398 3661 503 3714 ἀπὸ
537 3659 786 3734 Χαραδὰθ
818 3663 892 3724 εἰς
935 3664 1235 3734 Μακηλώθ.
1309 3666 1414 3720 ἀπὸ
1475 3666 1754 3737 Μακηλὼθ
1807 3667 1882 3730 εἷς
1940 3675 2049 3722 Κα-

394 3747 547 3801 ταάθ·
613 3750 716 3804 ἀπὸ
776 3753 984 3806 Καταᾶθ
1043 3753 1118 3815 εἷς
1166 3754 1362 3830 Ταράθ·
1413 3755 1519 3810 ἀπὸ
1543 3757 1718 3832 Ταρὰθ
1777 3757 1852 3818 εἰς
1903 3764 2046 3812 Ματ-

391 3843 538 3891 τεκᾶ’
599 3839 703 3894 ἀπὸ
768 3846 1017 3896 Ματτεκᾶ
1048 3842 1120 3904 είς
1156 3842 1444 3917 Σελμῶνα’
1504 3844 1610 3899 ἀπὸ
1644 3845 1939 3920 Σελμῶνος
1973 3847 2049 3909 εἰς

393 3928 716 4000 Μασουρώθ’
781 3929 885 3983 ἀπὸ
937 3934 1239 4006 Μασουρὼθ
1272 3933 1349 3994 εἷς
1410 3932 1627 3988 Βάναιαο
1687 3936 1776 3988 καὶ
1809 3935 1915 3989 άπὸ
1946 3937 2048 3989 Βά-

391 4035 513 4069 ναια
565 4016 641 4078 εἶς
695 4019 756 4072 τὸ
813 4014 938 4094 ὅρος
1005 4018 1236 4094 Γαδγάδ·
1294 4022 1384 4075 καὶ
1450 4022 1556 4078 ἀπὸ
1614 4018 1774 4098 ὅρους
1837 4022 2046 4098 Γαόγάδ

394 4103 468 4166 εἰς
530 4100 814 4161 Ἐταϐαθᾶ·
865 4109 954 4162 καὶ
1013 4109 1117 4163 ἀπὸ
1167 4105 1434 4174 Ἐταϐαθᾶ
1483 4112 1557 4174 εἰς
1607 4107 1864 4181 Σεϐρῶνα
1910 4117 2044 4184 (90)·

390 4193 479 4246 καὶ
540 4193 644 4248 ἀπὸ
708 4191 964 4272 Σεϐρῶνα
1029 4196 1105 4260 εἴς
1175 4195 1557 4278 Γεσιωνγαϐέρ·
1646 4203 1734 4256 καὶ
1794 4202 1899 4258 ἀπὸ
1960 4211 2048 4258 Γε-

391 4278 694 4358 σιωνγαϐέρ
757 4285 831 4346 εἰς
888 4289 988 4356 τὴν
1046 4285 1252 4362 ἔρημον
1325 4295 1469 4345 Σεῖν·
1529 4291 1618 4345 καὶ
1676 4291 1781 4345 ἀπὸ
1835 4291 2046 4368 ἐρήμυυ

393 4375 516 4424 Σεῖν
579 4371 622 4425 εἷ
680 4373 780 4442 τήν
811 4371 1015 4450 ἔρημον
1052 4379 1252 4453 Φαράν·
1316 4379 1450 4450 αὕτη
1515 4379 1626 4434 ἐστὶ
1686 4379 1877 4444 Κάδες·
1939 4381 2048 4436 ἐκεῖ

391 4458 649 4523 ἀπέθανεν
701 4464 926 4537 Μαριὰμ
975 4465 1034 4520 ἐκ
1080 4465 1242 4541 Κάδῃ·
1315 4469 1420 4523 ἀπὸ
1495 4467 1676 4540 Κάδης
1727 4471 1801 4532 εἷς
1862 4473 1962 4548 Ὥρ
1984 4473 2046 4526 τὸ

392 4547 519 4622 ὅρος
551 4549 786 4620 πλησίον
819 4560 920 4628 γῆς
949 4552 1162 4627 Ἐὂὼμ,
1197 4557 1270 4618 εἷς
1301 4552 1329 4608 ὅ
1380 4553 1575 4620 ἀναϐὰς
1609 4560 1820 4634 Ἀαρὼν
1854 4563 1881 4614 6
1913 4547 2046 4636 ἆρχ-

2165 3405 2466 3462 Macellath
2494 3405 2554 3459 in
2588 3403 2856 3475 Saphar;
2915 3402 2988 3456 de
3044 3400 3271 3472 Saphar
3327 3399 3386 3453 in
3435 3398 3810 3466 Charadath;

2161 3499 2234 3552 do
2264 3493 2601 3551 Cbaradath
2661 3493 2721 3547 in
2753 3490 3080 3556 Macelotb;
3113 3489 3186 3544 de
3241 3487 3527 3544 Maceloth
3585 3488 3645 3542 in
3703 3488 3812 3543 Ca-

2160 3585 2362 3651 taath;
2396 3584 2468 3638 de
2499 3581 2741 3638 Cataath
2775 3581 2834 3636 in
2865 3579 3083 3635 Tarath
3113 3596 3128 3645 ;
3162 3578 3233 3632 de
3289 3577 3506 3632 Tarath
3555 3577 3613 3631 in
3665 3575 3816 3631 Mat-

2159 3677 2286 3729 teca
2312 3698 2326 3740 ;
2357 3673 2428 3728 de
2462 3671 2706 3727 Matteca
2737 3671 2793 3724 in
2827 3669 3138 3733 Selmona;
3171 3669 3240 3722 de
3272 3666 3548 3722 Selmona
3577 3666 3634 3719 in
3696 3666 3819 3722 Ma-

2160 3760 2406 3829 suroth;
2438 3761 2509 3816 de
2541 3758 2842 3815 Mazuroth
2877 3758 2936 3813 in
2969 3759 3178 3812 Banaza
3201 3774 3214 3812 :
3240 3757 3312 3811 de
3333 3757 3540 3810 Banasa
3561 3756 3632 3810 ad
3656 3770 3820 3810 mon-

2157 3856 2276 3907 tem
2309 3850 2546 3923 Gadgad
2575 3866 2588 3916 ;
2623 3849 2692 3903 de
2727 3852 2923 3902 monte
2970 3846 3207 3918 Gadgad
3256 3845 3316 3898 in
3364 3844 3646 3898 Etabatha
3675 3861 3689 3910 ;
3743 3845 3817 3900 de

2158 3939 2445 3996 Etabatha
2475 3939 2534 3993 in
2565 3939 2862 4004 Sebrona;
2895 3937 2966 3990 de
2997 3936 3254 3990 Sebrona
3286 3935 3352 4005 in,
3378 3932 3812 4004 Gesiongaber;

2158 4031 2229 4084 de
2258 4027 2652 4099 Gesiongaber
2710 4027 2769 4080 in
2830 4025 3209 4081 solitudinem
3259 4023 3399 4089 Sin;
3435 4037 3464 4077 e
3494 4021 3812 4078 solitudine

2158 4118 2259 4174 Sin
2295 4116 2352 4170 in
2403 4114 2782 4172 solitudinem
2832 4114 3083 4179 Pharan,
3137 4129 3262 4184 quae
3316 4115 3406 4168 est
3451 4111 3671 4166 Gades:
3729 4111 3808 4166 ibi

2159 4211 2390 4262 mortua
2419 4205 2739 4260 estMaria.
2774 4208 2815 4257 Ε
2846 4203 3029 4258 Cades
3059 4202 3130 4256 ad
3165 4207 3423 4256 montem
3459 4201 3593 4267 Hor,
3628 4217 3813 4273 prope

2156 4298 2373 4350 terram
2408 4294 2612 4355 Edom.
2646 4309 2762 4364 quo
2792 4307 3114 4347 conscenso
3152 4293 3341 4345 Aaron
3392 4305 3666 4344 summus
3717 4306 3814 4345 sa-

2157 4383 2359 4438 cerdos
2383 4384 2560 4453 jussu
2592 4381 2826 4436 Domini
2860 4385 3127 4436 mortuus
3175 4384 3284 4442 est,
3326 4396 3478 4434 anno
3520 4379 3816 4450 egressio-

2157 4473 2250 4526 nis
2282 4472 2535 4527 ﬁliorum
2571 4469 2748 4526 Israel
2781 4469 3257 4541 quadragesimo,
3321 4483 3521 4522 mense
3581 4467 3815 4539 quinio,
3857 4499 3870 4507 η

2158 4563 2345 4634 prima
2377 4561 2636 4615 mensis:
2672 4576 2804 4614 cum
2836 4560 3074 4614 vixisset
3099 4574 3285 4612 annos
3318 4561 3553 4611 centum
3607 4558 3815 4628 viginti

394 4637 563 4711 ιερεὺς
641 4639 868 4696 ἀπέθανε
944 4640 1032 4696 διὰ
1096 4646 1526 4722 προσταγμάτων
1603 4648 1800 4724 Κυρίου
1857 4651 2043 4722 ἐν·τῴ

2168 4669 2292 4706 :res.
2331 4656 2402 4706 De
2437 4656 2634 4706 monte
2661 4655 2780 4706 Hor
2807 4649 2878 4704 ad
2935 4647 3243 4714 Selmona;
3305 4647 3377 4701 de
3425 4644 3702 4701 Selmone
3751 4648 3812 4703 in

389 4734 798 4814 τεσσαρακοστῷ
859 4726 962 4785 ἔτει
1021 4736 1117 4801 τῆς
1168 4731 1352 4804 ἐξόδου
1399 4739 1507 4790 τῶν
1554 4737 1685 4791 υἱῶν
1716 4737 1958 4814 Ἰσραὴλ,
1995 4740 2045 4793 ἐν

387 4837 467 4886 τῳ
502 4817 632 4886 μηνὶ
665 4822 744 4889 τῷ
775 4819 1029 4893 πέμπτῳ,
1068 4828 1164 4894 μιᾷ
1223 4828 1320 4877 τοῦ
1357 4826 1549 4897 μηνὸς,
1610 4825 1741 4880 ἐτῶν
1777 4831 1906 4904 ρκγ’·
1940 4828 2044 4883 ἀπὸ

388 4905 486 4978 ’Ὡρ
515 4910 614 4959 τοῦ
647 4905 806 4980 ὅρους
849 4909 923 4970 εἷς
987 4911 1274 4984 Σελμῶναο
1337 4913 1426 4968 καὶ
1481 4915 1586 4968 ἀπὸ
1646 4915 1940 4988 Σελμῶνος
1973 4918 2047 4979 εἰς

392 4992 586 5076 Φεινώ·
617 4995 705 5049 καὶ
768 4997 871 5051 άπὸ
904 5001 1082 5054 Φεινὼ
1116 5001 1189 5060 εἷς
1221 4999 1431 5066 Σωϐώθ
1463 5005 1593 5076 (9ιΙ)⁶
1655 5004 1744 5058 καὶ
1793 5006 1897 5059 ἀπὸ
1932 5013 2047 5060 Σω-

390 5075 503 5136 ϐὼθ
539 5081 589 5136 έν
624 5085 741 5156 Γαὶ,
773 5083 824 5140 ἐν
852 5092 930 5159 τῷ
958 5090 1123 5164 πέραν
1155 5089 1367 5145 ἐπὶτῶν
1403 5075 1565 5166 ὁρίων
1599 5087 1778 5146 Μοάϐ·
1815 5095 1918 5148 ἀπὸ
1951 5096 2044 5149 Γαὶ

391 5169 465 5231 εἰς
525 5166 862 5250 Δαιϐωνγάδ’
925 5178 1028 5231 ἀπὸ
1089 5174 1406 5254 Δαιϐωνγὰδ
1464 5180 1538 5241 εἰς
1588 5179 2044 5254 Γελμωνδαιϐλα-

393 5257 496 5332 θέμ
541 5264 676 5332 (92)·
731 5264 818 5318 καὶ
861 5266 964 5321 άπὸ
1017 5264 1557 5342 Γελμωνδαιϐλαθὶμ
1588 5269 1674 5324 ἰπὶ
1732 5273 1798 5326 τὰ
1848 5273 1948 5345 ὃρη
1980 5274 2046 5327 τὰ

2155 4741 2340 4796 Phino
2367 4759 2380 4804 ;
2415 4741 2487 4796 de
2520 4739 2700 4794 Phino
2730 4739 2792 4794 in
2824 4738 3044 4794 Soboth
3073 4755 3086 4806 ;
3119 4737 3190 4792 de
3219 4735 3438 4792 Soboth
3472 4735 3532 4790 in
3563 4735 3681 4804 Gai,
3743 4740 3808 4792 in

2157 4830 2417 4886 ulteriori
2451 4831 2598 4887 105
2636 4834 2801 4901 parte
2833 4829 2902 4884 ad
2936 4827 3221 4883 terminos
3253 4826 3461 4893 Moab;
3495 4825 3564 4880 de
3593 4824 3690 4880 Gae
3745 4827 3806 4880 in
3910 4829 3926 4839 '

2157 4919 2525 4991 Daebongad;
2560 4937 2592 4974 a
2622 4918 2951 4990 Dzsbongad
2986 4917 3056 4972 ad
3091 4913 3670 4972 Gelmondeblathem
3696 4931 3710 4982 ς
3733 4927 3802 4970 de

2156 5007 2739 5064 Gelmondeblathem
2798 5009 2870 5063 ad
2930 5010 3160 5062 montes
3207 5003 3442 5060 Abarim
3500 5018 3531 5058 e
3570 5003 3809 5075 regions

2159 5097 2314 5152 Abau
2343 5115 2356 5163 ;
2390 5098 2461 5152 de
2491 5097 2794 5153 montibus
2823 5095 3060 5152 Abarim
3095 5095 3166 5150 ad
3198 5093 3558 5150 occidentem
3616 5093 3805 5160 Moab,

2157 5203 2336 5258 prope
2363 5186 2681 5244 Jordanem
2704 5188 2877 5258 juxta
2932 5185 3189 5252 Jericl.o,
3247 5183 3348 5239 ubi
3407 5182 3808 5238 castramelati

2155 5281 2313 5334 sunt.
2349 5277 2686 5334 Mansiones
2716 5282 2858 5334 sunt
2887 5277 3280 5349 quadraginta
3308 5280 3448 5332 tres.

2153 5491 2224 5531 ex
2251 5473 2492 5546 proclivi
2513 5474 2870 5546 mutatione,
2901 5476 2999 5526 τοῦ
3029 5484 3060 5533 Ἴ
3091 5471 3176 5546 in_
3211 5485 3266 5532 τ.

2246 5538 2336 5616 90)
2483 5544 2567 5619 εἷς
2595 5538 2864 5619 ’.Εορωνάέ
2889 5561 2956 5598 ex
2991 5542 3266 5619 _repetito,
3299 5565 3348 5614 σ,
3385 5538 3655 5619 Σεόρωνά.

2247 5612 2337 5686 91)
2369 5612 2450 5680 0',
2485 5612 2698 5688 Ὠδώμζ
2728 5635 2793 5671 ex
2825 5612 3086 5687 repetito.
3121 5632 3151 5664 σ
3183 5612 3631 5688 praepositionis,
3693 5612 3793 5678 εἰς,

2152 5682 2370 5744 factum
2403 5694 2512 5750 est,
2552 5682 2782 5741 Σωϐώθ.

2222 5760 2334 5832 (92)
2365 5758 2438 5825 Ο’,
2473 5752 2809 5829 Δεϐλαθαὶμ·
