  <div class='ocr_page' id='page_1' title='image "/cluster/home/n/w/nwhite01/storage/ocr_20150623/28:no.4/coo.31924054873090/167.png"; bbox 0 0 4154 6410; ppageno 0'>
   <div class='ocr_carea' id='block_1_1' title="bbox 317 405 3744 477">
    <p class='ocr_par' dir='ltr' id='par_1_1' title="bbox 317 405 3744 477">
     <span class='ocr_line' id='line_1_1' title="bbox 317 405 3744 477; baseline -0.004 -2"><span class='ocrx_word' id='word_1_1' title='bbox 317 417 431 477; x_wconf 85' lang='grc'>307</span> <span class='ocrx_word' id='word_1_2' title='bbox 1523 414 1587 474; x_wconf 84' lang='grc'>8.</span> <span class='ocrx_word' id='word_1_3' title='bbox 1635 406 2249 473; x_wconf 81' lang='lat' dir='ltr'>ATHANASIUS.—-</span> <span class='ocrx_word' id='word_1_4' title='bbox 2286 405 2547 471; x_wconf 73' lang='lat' dir='ltr'>DUBIA.</span> <span class='ocrx_word' id='word_1_5' title='bbox 3207 446 3213 455; x_wconf 84' lang='grc'><strong>-</strong></span> <span class='ocrx_word' id='word_1_6' title='bbox 3623 408 3744 472; x_wconf 76' lang='lat'>308</span> 
     </span>
    </p>
   </div>
   <div class='ocr_carea' id='block_1_2' title="bbox 319 534 3734 623">
    <p class='ocr_par' dir='ltr' id='par_1_2' title="bbox 319 534 3734 623">
     <span class='ocr_line' id='line_1_2' title="bbox 319 534 3734 623; baseline -0.001 -21"><span class='ocrx_word' id='word_1_7' title='bbox 319 543 587 623; x_wconf 79' lang='grc' dir='ltr'>Ἀϐαρεὶμ</span> <span class='ocrx_word' id='word_1_8' title='bbox 615 547 868 602; x_wconf 88' lang='grc' dir='ltr'>ἀπέναντι</span> <span class='ocrx_word' id='word_1_9' title='bbox 901 542 1073 603; x_wconf 79' lang='grc' dir='ltr'>Ἀϐαὗ</span> <span class='ocrx_word' id='word_1_10' title='bbox 1104 549 1237 620; x_wconf 87' lang='grc'>(93)·</span> <span class='ocrx_word' id='word_1_11' title='bbox 1264 548 1368 602; x_wconf 86' lang='grc' dir='ltr'>ἀπὸ</span> <span class='ocrx_word' id='word_1_12' title='bbox 1402 547 1571 619; x_wconf 72' lang='grc' dir='ltr'>ὀρέων</span> <span class='ocrx_word' id='word_1_13' title='bbox 1605 541 1868 620; x_wconf 81' lang='grc' dir='ltr'>Ἀϐαρεὶμ</span> <span class='ocrx_word' id='word_1_14' title='bbox 1898 541 1974 605; x_wconf 65' lang='grc' dir='ltr'>εἲς</span> <span class='ocrx_word' id='word_1_15' title='bbox 2001 539 2210 615; x_wconf 71' lang='grc' dir='ltr'>δυσμὰς</span> <span class='ocrx_word' id='word_1_16' title='bbox 2244 534 2436 608; x_wconf 79' lang='grc' dir='ltr'>Μωάϐ,</span> <span class='ocrx_word' id='word_1_17' title='bbox 2469 540 2616 613; x_wconf 88' lang='grc' dir='ltr'>παρά</span> <span class='ocrx_word' id='word_1_18' title='bbox 2641 542 2739 593; x_wconf 71' lang='grc' dir='ltr'>τοῦ</span> <span class='ocrx_word' id='word_1_19' title='bbox 2779 537 3051 615; x_wconf 76' lang='grc' dir='ltr'>Ἰορδάνου</span> <span class='ocrx_word' id='word_1_20' title='bbox 3075 539 3213 595; x_wconf 85' lang='grc' dir='ltr'>κατά</span> <span class='ocrx_word' id='word_1_21' title='bbox 3240 541 3481 617; x_wconf 78' lang='grc' dir='ltr'>Ἱεριχὼ,</span> <span class='ocrx_word' id='word_1_22' title='bbox 3510 541 3602 597; x_wconf 76' lang='grc' dir='ltr'>καὶ</span> <span class='ocrx_word' id='word_1_23' title='bbox 3622 562 3734 598; x_wconf 89' lang='grc' dir='ltr'>πα-</span> 
     </span>
    </p>
   </div>
   <div class='ocr_carea' id='block_1_3' title="bbox 320 634 3051 715">
    <p class='ocr_par' dir='ltr' id='par_1_3' title="bbox 320 634 3051 715">
     <span class='ocr_line' id='line_1_3' title="bbox 320 634 3051 715; baseline 0 -21"><span class='ocrx_word' id='word_1_24' title='bbox 320 634 607 715; x_wconf 67' lang='grc' dir='ltr'>ρενέϐαλον</span> <span class='ocrx_word' id='word_1_25' title='bbox 641 639 786 714; x_wconf 77' lang='grc' dir='ltr'>παρὰ</span> <span class='ocrx_word' id='word_1_26' title='bbox 812 636 1114 713; x_wconf 82' lang='grc' dir='ltr'>Ἰορδάνην.</span> <span class='ocrx_word' id='word_1_27' title='bbox 1147 640 1211 695; x_wconf 72' lang='grc' dir='ltr'><strong>Οἱ</strong></span> <span class='ocrx_word' id='word_1_28' title='bbox 1247 640 1340 711; x_wconf 80' lang='grc' dir='ltr'>μὲν</span> <span class='ocrx_word' id='word_1_29' title='bbox 1375 639 1605 710; x_wconf 83' lang='grc' dir='ltr'>σταθμοὶ</span> <span class='ocrx_word' id='word_1_30' title='bbox 1642 644 1743 713; x_wconf 86' lang='grc' dir='ltr'>μγ’.</span> <span class='ocrx_word' id='word_1_31' title='bbox 3050 692 3051 695; x_wconf 45' lang='grc' dir='ltr'><strong>η</strong></span> 
     </span>
    </p>
   </div>
   <div class='ocr_carea' id='block_1_4' title="bbox 390 717 1984 797">
    <p class='ocr_par' dir='ltr' id='par_1_4' title="bbox 390 728 1969 786">
     <span class='ocr_line' id='line_1_4' title="bbox 390 728 1969 786; baseline -0.003 -1"><span class='ocrx_word' id='word_1_32' title='bbox 390 731 493 785; x_wconf 90' lang='lat' dir='ltr'>Hic</span> <span class='ocrx_word' id='word_1_33' title='bbox 524 746 659 785; x_wconf 88' lang='lat' dir='ltr'>vero</span> <span class='ocrx_word' id='word_1_34' title='bbox 689 730 925 786; x_wconf 84' lang='lat' dir='ltr'>tandem</span> <span class='ocrx_word' id='word_1_35' title='bbox 957 735 1123 785; x_wconf 88' lang='lat' dir='ltr'>trans</span> <span class='ocrx_word' id='word_1_36' title='bbox 1155 730 1473 786; x_wconf 85' lang='lat' dir='ltr'>Jordanem</span> <span class='ocrx_word' id='word_1_37' title='bbox 1510 730 1657 785; x_wconf 81' lang='lat' dir='ltr'>fusis</span> <span class='ocrx_word' id='word_1_38' title='bbox 1711 744 1778 783; x_wconf 93' lang='lat' dir='ltr'>ac</span> <span class='ocrx_word' id='word_1_39' title='bbox 1811 728 1969 783; x_wconf 86' lang='lat' dir='ltr'>devi-</span> 
     </span>
    </p>
   </div>
   <div class='ocr_carea' id='block_1_5' title="bbox 2096 717 3739 797">
    <p class='ocr_par' dir='ltr' id='par_1_5' title="bbox 2152 717 3739 797">
     <span class='ocr_line' id='line_1_5' title="bbox 2152 717 3739 797; baseline -0.004 -20"><span class='ocrx_word' id='word_1_40' title='bbox 2152 719 2282 777; x_wconf 80' lang='grc' dir='ltr'>Ὧδε</span> <span class='ocrx_word' id='word_1_41' title='bbox 2312 717 2370 776; x_wconf 77' lang='grc' dir='ltr'>δὲ</span> <span class='ocrx_word' id='word_1_42' title='bbox 2398 718 2687 797; x_wconf 80' lang='grc' dir='ltr'>τροπώσας</span> <span class='ocrx_word' id='word_1_43' title='bbox 2717 720 2806 775; x_wconf 81' lang='grc' dir='ltr'>καὶ</span> <span class='ocrx_word' id='word_1_44' title='bbox 2837 720 3109 796; x_wconf 80' lang='grc' dir='ltr'>κρατήσας</span> <span class='ocrx_word' id='word_1_45' title='bbox 3145 721 3336 790; x_wconf 73' lang='grc' dir='ltr'>ἐθνῶν,</span> <span class='ocrx_word' id='word_1_46' title='bbox 3397 724 3448 778; x_wconf 75' lang='grc' dir='ltr'>ἐν</span> <span class='ocrx_word' id='word_1_47' title='bbox 3507 730 3585 797; x_wconf 83' lang='grc' dir='ltr'>τῷ</span> <span class='ocrx_word' id='word_1_48' title='bbox 3642 724 3739 781; x_wconf 76' lang='grc' dir='ltr'>πέ-</span> 
     </span>
    </p>
   </div>
   <div class='ocr_carea' id='block_1_6' title="bbox 322 806 1984 891">
    <p class='ocr_par' dir='ltr' id='par_1_6' title="bbox 322 817 1973 891">
     <span class='ocr_line' id='line_1_6' title="bbox 322 817 1973 891; baseline -0.002 -17"><span class='ocrx_word' id='word_1_49' title='bbox 322 819 434 874; x_wconf 90' lang='lat' dir='ltr'>ctis</span> <span class='ocrx_word' id='word_1_50' title='bbox 459 817 737 891; x_wconf 82' lang='lat' dir='ltr'>gentibus</span> <span class='ocrx_word' id='word_1_51' title='bbox 767 817 1018 891; x_wconf 84' lang='lat' dir='ltr'>Moyses,</span> <span class='ocrx_word' id='word_1_52' title='bbox 1042 834 1107 873; x_wconf 84' lang='lat' dir='ltr'>ac</span> <span class='ocrx_word' id='word_1_53' title='bbox 1133 818 1345 873; x_wconf 87' lang='lat' dir='ltr'>occisis</span> <span class='ocrx_word' id='word_1_54' title='bbox 1375 817 1569 874; x_wconf 82' lang='lat' dir='ltr'>Sebon</span> <span class='ocrx_word' id='word_1_55' title='bbox 1601 833 1735 890; x_wconf 86' lang='lat' dir='ltr'>rege</span> <span class='ocrx_word' id='word_1_56' title='bbox 1765 822 1973 871; x_wconf 79' lang='lat' dir='ltr'>Amor-</span> 
     </span>
    </p>
   </div>
   <div class='ocr_carea' id='block_1_7' title="bbox 2096 806 3736 891">
    <p class='ocr_par' dir='ltr' id='par_1_7' title="bbox 2096 806 3736 887">
     <span class='ocr_line' id='line_1_7' title="bbox 2096 806 3736 887; baseline 0.003 -23"><span class='ocrx_word' id='word_1_57' title='bbox 2096 828 2178 864; x_wconf 63' lang='grc' dir='ltr'>σαν</span> <span class='ocrx_word' id='word_1_58' title='bbox 2257 813 2355 865; x_wconf 73' lang='grc' dir='ltr'>τοῦ</span> <span class='ocrx_word' id='word_1_59' title='bbox 2412 806 2693 885; x_wconf 87' lang='grc' dir='ltr'>Ἰορδάνου</span> <span class='ocrx_word' id='word_1_60' title='bbox 2749 816 3009 881; x_wconf 76' lang='grc' dir='ltr'>Μωυσῆς,</span> <span class='ocrx_word' id='word_1_61' title='bbox 3066 810 3157 865; x_wconf 84' lang='grc' dir='ltr'>καὶ</span> <span class='ocrx_word' id='word_1_62' title='bbox 3216 812 3585 887; x_wconf 65' lang='grc' dir='ltr'>ἀναιρεθέντος</span> <span class='ocrx_word' id='word_1_63' title='bbox 3638 820 3736 869; x_wconf 80' lang='grc' dir='ltr'>τοῦ</span> 
     </span>
    </p>
   </div>
   <div class='ocr_carea' id='block_1_8' title="bbox 319 897 1984 979">
    <p class='ocr_par' dir='ltr' id='par_1_8' title="bbox 319 905 1974 979">
     <span class='ocr_line' id='line_1_8' title="bbox 319 905 1974 979; baseline -0.002 -16"><span class='ocrx_word' id='word_1_64' title='bbox 319 908 633 976; x_wconf 71' lang='lat' dir='ltr'>rbaaorum,</span> <span class='ocrx_word' id='word_1_65' title='bbox 665 910 722 962; x_wconf 90' lang='lat' dir='ltr'>et</span> <span class='ocrx_word' id='word_1_66' title='bbox 753 906 840 979; x_wconf 88' lang='lat' dir='ltr'>0g</span> <span class='ocrx_word' id='word_1_67' title='bbox 890 923 1025 979; x_wconf 86' lang='lat' dir='ltr'>rege</span> <span class='ocrx_word' id='word_1_68' title='bbox 1083 905 1299 973; x_wconf 87' lang='lat' dir='ltr'>Basan,</span> <span class='ocrx_word' id='word_1_69' title='bbox 1355 906 1455 977; x_wconf 90' lang='lat' dir='ltr'>qui</span> <span class='ocrx_word' id='word_1_70' title='bbox 1514 921 1585 961; x_wconf 82' lang='lat' dir='ltr'>ex</span> <span class='ocrx_word' id='word_1_71' title='bbox 1635 905 1974 978; x_wconf 74' lang='lat' dir='ltr'>gigantibus</span> 
     </span>
    </p>
   </div>
   <div class='ocr_carea' id='block_1_9' title="bbox 2096 897 3736 979">
    <p class='ocr_par' dir='ltr' id='par_1_9' title="bbox 2096 897 3736 978">
     <span class='ocr_line' id='line_1_9' title="bbox 2096 897 3736 978; baseline 0.003 -24"><span class='ocrx_word' id='word_1_72' title='bbox 2096 901 2248 970; x_wconf 80' lang='grc' dir='ltr'>Σηὼν</span> <span class='ocrx_word' id='word_1_73' title='bbox 2284 897 2554 974; x_wconf 70' lang='grc' dir='ltr'>βασιλέως</span> <span class='ocrx_word' id='word_1_74' title='bbox 2584 903 2691 953; x_wconf 86' lang='grc' dir='ltr'>τῶν</span> <span class='ocrx_word' id='word_1_75' title='bbox 2726 898 3100 975; x_wconf 74' lang='grc' dir='ltr'>’Δμοῤῥαίων,</span> <span class='ocrx_word' id='word_1_76' title='bbox 3148 899 3239 954; x_wconf 82' lang='grc' dir='ltr'>καὶ</span> <span class='ocrx_word' id='word_1_77' title='bbox 3269 905 3369 955; x_wconf 78' lang='grc' dir='ltr'>τοῦ</span> <span class='ocrx_word' id='word_1_78' title='bbox 3425 904 3524 978; x_wconf 85' lang='grc' dir='ltr'>’Ὡγ</span> <span class='ocrx_word' id='word_1_79' title='bbox 3584 902 3736 978; x_wconf 89' lang='grc' dir='ltr'>βασι-</span> 
     </span>
    </p>
   </div>
   <div class='ocr_carea' id='block_1_10' title="bbox 320 984 1984 1068">
    <p class='ocr_par' dir='ltr' id='par_1_10' title="bbox 320 993 1974 1068">
     <span class='ocr_line' id='line_1_10' title="bbox 320 993 1974 1068; baseline -0.004 -15"><span class='ocrx_word' id='word_1_80' title='bbox 320 1000 467 1063; x_wconf 88' lang='lat' dir='ltr'>erat,</span> <span class='ocrx_word' id='word_1_81' title='bbox 495 1014 594 1053; x_wconf 90' lang='lat' dir='ltr'>eas</span> <span class='ocrx_word' id='word_1_82' title='bbox 638 996 905 1068; x_wconf 85' lang='lat' dir='ltr'>regiones</span> <span class='ocrx_word' id='word_1_83' title='bbox 956 996 1284 1066; x_wconf 86' lang='lat' dir='ltr'>Rubenitis,</span> <span class='ocrx_word' id='word_1_84' title='bbox 1338 994 1565 1051; x_wconf 85' lang='lat' dir='ltr'>Gaditis</span> <span class='ocrx_word' id='word_1_85' title='bbox 1612 1002 1671 1052; x_wconf 90' lang='lat' dir='ltr'>et</span> <span class='ocrx_word' id='word_1_86' title='bbox 1717 993 1974 1050; x_wconf 74' lang='lat' dir='ltr'>dimidiae</span> 
     </span>
    </p>
   </div>
   <div class='ocr_carea' id='block_1_11' title="bbox 2096 984 3741 1068">
    <p class='ocr_par' dir='ltr' id='par_1_11' title="bbox 2096 986 3741 1065">
     <span class='ocr_line' id='line_1_11' title="bbox 2096 986 3741 1065; baseline 0.003 -22"><span class='ocrx_word' id='word_1_87' title='bbox 2096 986 2227 1050; x_wconf 74' lang='grc' dir='ltr'>λὲως</span> <span class='ocrx_word' id='word_1_88' title='bbox 2283 992 2383 1058; x_wconf 86' lang='grc' dir='ltr'>τῆς</span> <span class='ocrx_word' id='word_1_89' title='bbox 2444 988 2641 1058; x_wconf 81' lang='grc' dir='ltr'>Βασάν,</span> <span class='ocrx_word' id='word_1_90' title='bbox 2690 986 2748 1049; x_wconf 80' lang='grc' dir='ltr'>ὅς</span> <span class='ocrx_word' id='word_1_91' title='bbox 2796 988 2862 1056; x_wconf 86' lang='grc' dir='ltr'>ἧν</span> <span class='ocrx_word' id='word_1_92' title='bbox 2895 987 2954 1042; x_wconf 73' lang='grc' dir='ltr'>ἐκ</span> <span class='ocrx_word' id='word_1_93' title='bbox 2976 992 3083 1042; x_wconf 88' lang='grc' dir='ltr'>τῶν</span> <span class='ocrx_word' id='word_1_94' title='bbox 3114 988 3404 1065; x_wconf 77' lang='grc' dir='ltr'>γιγάντων,</span> <span class='ocrx_word' id='word_1_95' title='bbox 3461 991 3741 1048; x_wconf 87' lang='grc' dir='ltr'>κελεύεται</span> 
     </span>
    </p>
   </div>
   <div class='ocr_carea' id='block_1_12' title="bbox 319 1072 1984 1157">
    <p class='ocr_par' dir='ltr' id='par_1_12' title="bbox 319 1082 1975 1157">
     <span class='ocr_line' id='line_1_12' title="bbox 319 1082 1975 1157; baseline -0.002 -16"><span class='ocrx_word' id='word_1_96' title='bbox 319 1087 478 1141; x_wconf 82' lang='lat' dir='ltr'>tribu</span> <span class='ocrx_word' id='word_1_97' title='bbox 502 1086 770 1141; x_wconf 88' lang='lat' dir='ltr'>Manasse</span> <span class='ocrx_word' id='word_1_98' title='bbox 800 1085 924 1140; x_wconf 88' lang='lat' dir='ltr'>dari</span> <span class='ocrx_word' id='word_1_99' title='bbox 966 1087 1233 1157; x_wconf 81' lang='lat' dir='ltr'>jubetur,</span> <span class='ocrx_word' id='word_1_100' title='bbox 1287 1082 1642 1157; x_wconf 89' lang='lat' dir='ltr'>disponique</span> <span class='ocrx_word' id='word_1_101' title='bbox 1666 1088 1733 1139; x_wconf 90' lang='lat' dir='ltr'>ut</span> <span class='ocrx_word' id='word_1_102' title='bbox 1764 1082 1975 1138; x_wconf 90' lang='lat' dir='ltr'>Levitis</span> 
     </span>
    </p>
   </div>
   <div class='ocr_carea' id='block_1_13' title="bbox 2096 1072 3742 1157">
    <p class='ocr_par' dir='ltr' id='par_1_13' title="bbox 2096 1072 3742 1153">
     <span class='ocr_line' id='line_1_13' title="bbox 2096 1072 3742 1153; baseline 0.004 -21"><span class='ocrx_word' id='word_1_103' title='bbox 2096 1075 2366 1133; x_wconf 70' lang='grc' dir='ltr'>διαδοῦναι</span> <span class='ocrx_word' id='word_1_104' title='bbox 2421 1077 2518 1139; x_wconf 79' lang='grc' dir='ltr'>τὰς</span> <span class='ocrx_word' id='word_1_105' title='bbox 2566 1078 2755 1153; x_wconf 63' lang='grc' dir='ltr'>χώρας</span> <span class='ocrx_word' id='word_1_106' title='bbox 2802 1081 2883 1148; x_wconf 79' lang='grc' dir='ltr'>τῷ</span> <span class='ocrx_word' id='word_1_107' title='bbox 2937 1072 3297 1150; x_wconf 78' lang='grc' dir='ltr'>Ῥουϐὶμ,καὶ</span> <span class='ocrx_word' id='word_1_108' title='bbox 3352 1083 3433 1152; x_wconf 84' lang='grc' dir='ltr'>τῷ</span> <span class='ocrx_word' id='word_1_109' title='bbox 3491 1078 3617 1151; x_wconf 78' lang='grc' dir='ltr'>Γὰδ,</span> <span class='ocrx_word' id='word_1_110' title='bbox 3650 1083 3742 1138; x_wconf 80' lang='grc' dir='ltr'>καὶ</span> 
     </span>
    </p>
   </div>
   <div class='ocr_carea' id='block_1_14' title="bbox 325 1164 1984 1245">
    <p class='ocr_par' dir='ltr' id='par_1_14' title="bbox 325 1172 1975 1245">
     <span class='ocr_line' id='line_1_14' title="bbox 325 1172 1975 1245; baseline -0.003 -14"><span class='ocrx_word' id='word_1_111' title='bbox 325 1175 430 1231; x_wconf 91' lang='lat' dir='ltr'>ﬁlii</span> <span class='ocrx_word' id='word_1_112' title='bbox 462 1173 636 1230; x_wconf 82' lang='lat' dir='ltr'>Israel</span> <span class='ocrx_word' id='word_1_113' title='bbox 669 1175 741 1230; x_wconf 91' lang='lat' dir='ltr'>de</span> <span class='ocrx_word' id='word_1_114' title='bbox 770 1173 1160 1245; x_wconf 84' lang='lat' dir='ltr'>possessionis</span> <span class='ocrx_word' id='word_1_115' title='bbox 1193 1191 1310 1229; x_wconf 67' lang='lat' dir='ltr'>suae</span> <span class='ocrx_word' id='word_1_116' title='bbox 1338 1173 1597 1230; x_wconf 79' lang='lat' dir='ltr'>sortibus</span> <span class='ocrx_word' id='word_1_117' title='bbox 1626 1172 1867 1229; x_wconf 83' lang='lat' dir='ltr'>darent&#39;</span> <span class='ocrx_word' id='word_1_118' title='bbox 1894 1173 1975 1227; x_wconf 89' lang='lat' dir='ltr'>ci-</span> 
     </span>
    </p>
   </div>
   <div class='ocr_carea' id='block_1_15' title="bbox 2096 1164 3740 1245">
    <p class='ocr_par' dir='ltr' id='par_1_15' title="bbox 2096 1164 3740 1244">
     <span class='ocr_line' id='line_1_15' title="bbox 2096 1164 3740 1244; baseline 0.003 -23"><span class='ocrx_word' id='word_1_119' title='bbox 2096 1172 2165 1239; x_wconf 78' lang='grc' dir='ltr'>τῷ</span> <span class='ocrx_word' id='word_1_120' title='bbox 2196 1166 2384 1240; x_wconf 74' lang='grc' dir='ltr'>ἡμίσει</span> <span class='ocrx_word' id='word_1_121' title='bbox 2439 1164 2620 1244; x_wconf 83' lang='grc' dir='ltr'>φυλῆς</span> <span class='ocrx_word' id='word_1_122' title='bbox 2680 1168 2957 1237; x_wconf 76' lang='grc' dir='ltr'>Μανασσῆ,</span> <span class='ocrx_word' id='word_1_123' title='bbox 3009 1166 3098 1221; x_wconf 82' lang='grc' dir='ltr'>καὶ</span> <span class='ocrx_word' id='word_1_124' title='bbox 3150 1168 3397 1239; x_wconf 76' lang='grc' dir='ltr'>συντάξαι</span> <span class='ocrx_word' id='word_1_125' title='bbox 3451 1175 3567 1233; x_wconf 82' lang='grc' dir='ltr'>τοῖς</span> <span class='ocrx_word' id='word_1_126' title='bbox 3599 1171 3740 1234; x_wconf 71' lang='grc' dir='ltr'>υἱοῖς</span> 
     </span>
    </p>
   </div>
   <div class='ocr_carea' id='block_1_16' title="bbox 321 1252 1984 1334">
    <p class='ocr_par' dir='ltr' id='par_1_16' title="bbox 321 1261 1973 1331">
     <span class='ocr_line' id='line_1_16' title="bbox 321 1261 1973 1331; baseline -0.001 -13"><span class='ocrx_word' id='word_1_127' title='bbox 321 1264 530 1319; x_wconf 76' lang='lat' dir='ltr'>vitatas</span> <span class='ocrx_word' id='word_1_128' title='bbox 576 1265 647 1319; x_wconf 88' lang='lat' dir='ltr'>ad</span> <span class='ocrx_word' id='word_1_129' title='bbox 704 1262 1115 1331; x_wconf 86' lang='lat' dir='ltr'>habitandum,</span> <span class='ocrx_word' id='word_1_130' title='bbox 1176 1268 1234 1319; x_wconf 90' lang='lat' dir='ltr'>et</span> <span class='ocrx_word' id='word_1_131' title='bbox 1289 1263 1591 1318; x_wconf 88' lang='lat' dir='ltr'>civitatum</span> <span class='ocrx_word' id='word_1_132' title='bbox 1649 1261 1973 1318; x_wconf 89' lang='lat' dir='ltr'>suburbia:</span> 
     </span>
    </p>
   </div>
   <div class='ocr_carea' id='block_1_17' title="bbox 2096 1252 3738 1334">
    <p class='ocr_par' dir='ltr' id='par_1_17' title="bbox 2096 1252 3738 1334">
     <span class='ocr_line' id='line_1_17' title="bbox 2096 1252 3738 1334; baseline 0.003 -24"><span class='ocrx_word' id='word_1_133' title='bbox 2096 1252 2309 1328; x_wconf 78' lang='grc' dir='ltr'>Ἰσραὴλ</span> <span class='ocrx_word' id='word_1_134' title='bbox 2370 1252 2557 1310; x_wconf 76' lang='grc' dir='ltr'>δοῦναι</span> <span class='ocrx_word' id='word_1_135' title='bbox 2599 1260 2718 1316; x_wconf 84' lang='grc' dir='ltr'>τοῖς</span> <span class='ocrx_word' id='word_1_136' title='bbox 2763 1256 3011 1317; x_wconf 75' lang='grc' dir='ltr'>Λευῖταις</span> <span class='ocrx_word' id='word_1_137' title='bbox 3067 1255 3172 1310; x_wconf 86' lang='grc' dir='ltr'>ἀπὸ</span> <span class='ocrx_word' id='word_1_138' title='bbox 3217 1261 3326 1311; x_wconf 88' lang='grc' dir='ltr'>τῶν</span> <span class='ocrx_word' id='word_1_139' title='bbox 3360 1256 3584 1334; x_wconf 71' lang='grc' dir='ltr'>κλήρων</span> <span class='ocrx_word' id='word_1_140' title='bbox 3640 1263 3738 1330; x_wconf 82' lang='grc' dir='ltr'>τῆς</span> 
     </span>
    </p>
   </div>
   <div class='ocr_carea' id='block_1_18' title="bbox 324 1343 1984 1425">
    <p class='ocr_par' dir='ltr' id='par_1_18' title="bbox 324 1351 1979 1422">
     <span class='ocr_line' id='line_1_18' title="bbox 324 1351 1979 1422; baseline -0.001 -15"><span class='ocrx_word' id='word_1_141' title='bbox 324 1352 536 1407; x_wconf 89' lang='lat' dir='ltr'>deinde</span> <span class='ocrx_word' id='word_1_142' title='bbox 566 1357 623 1407; x_wconf 90' lang='lat' dir='ltr'>et</span> <span class='ocrx_word' id='word_1_143' title='bbox 651 1352 911 1407; x_wconf 82' lang='lat' dir='ltr'>civitates</span> <span class='ocrx_word' id='word_1_144' title='bbox 944 1352 1175 1422; x_wconf 84' lang='lat' dir='ltr'>refugii,</span> <span class='ocrx_word' id='word_1_145' title='bbox 1208 1357 1329 1408; x_wconf 90' lang='lat' dir='ltr'>tres</span> <span class='ocrx_word' id='word_1_146' title='bbox 1355 1359 1517 1409; x_wconf 88' lang='lat' dir='ltr'>trans</span> <span class='ocrx_word' id='word_1_147' title='bbox 1546 1351 1888 1417; x_wconf 85' lang='lat' dir='ltr'>Jordanem,</span> <span class='ocrx_word' id='word_1_148' title='bbox 1922 1356 1979 1405; x_wconf 87' lang='lat' dir='ltr'>et</span> 
     </span>
    </p>
   </div>
   <div class='ocr_carea' id='block_1_19' title="bbox 2096 1343 3744 1425">
    <p class='ocr_par' dir='ltr' id='par_1_19' title="bbox 2096 1343 3744 1425">
     <span class='ocr_line' id='line_1_19' title="bbox 2096 1343 3744 1425; baseline 0.003 -26"><span class='ocrx_word' id='word_1_149' title='bbox 2096 1344 2465 1419; x_wconf 67' lang='grc' dir='ltr'>κατασχέσεως</span> <span class='ocrx_word' id='word_1_150' title='bbox 2541 1343 2716 1398; x_wconf 80' lang='grc' dir='ltr'>αὐτῶν</span> <span class='ocrx_word' id='word_1_151' title='bbox 2778 1343 2969 1399; x_wconf 81' lang='grc' dir='ltr'>πόλεις</span> <span class='ocrx_word' id='word_1_152' title='bbox 3029 1349 3302 1399; x_wconf 78' lang='grc' dir='ltr'>κατοικεῖν</span> <span class='ocrx_word' id='word_1_153' title='bbox 3351 1347 3438 1401; x_wconf 78' lang='grc' dir='ltr'>καὶ</span> <span class='ocrx_word' id='word_1_154' title='bbox 3498 1348 3563 1404; x_wconf 81' lang='grc' dir='ltr'>τά</span> <span class='ocrx_word' id='word_1_155' title='bbox 3610 1370 3744 1425; x_wconf 87' lang='grc' dir='ltr'>προ-</span> 
     </span>
    </p>
   </div>
   <div class='ocr_carea' id='block_1_20' title="bbox 325 1440 1979 1514">
    <p class='ocr_par' dir='ltr' id='par_1_20' title="bbox 325 1440 1979 1514">
     <span class='ocr_line' id='line_1_20' title="bbox 325 1440 1979 1514; baseline -0.001 -18"><span class='ocrx_word' id='word_1_156' title='bbox 325 1446 446 1497; x_wconf 90' lang='lat' dir='ltr'>tres</span> <span class='ocrx_word' id='word_1_157' title='bbox 503 1442 564 1496; x_wconf 92' lang='lat' dir='ltr'>in</span> <span class='ocrx_word' id='word_1_158' title='bbox 624 1447 781 1497; x_wconf 88' lang='lat' dir='ltr'>terra</span> <span class='ocrx_word' id='word_1_159' title='bbox 816 1442 1115 1509; x_wconf 82' lang='lat' dir='ltr'><strong>Chanaan,</strong></span> <span class='ocrx_word' id='word_1_160' title='bbox 1177 1458 1302 1514; x_wconf 61' lang='lat' dir='ltr'>quas</span> <span class='ocrx_word' id='word_1_161' title='bbox 1344 1441 1417 1497; x_wconf 89' lang='lat' dir='ltr'>ad</span> <span class='ocrx_word' id='word_1_162' title='bbox 1472 1440 1583 1497; x_wconf 86' lang='lat' dir='ltr'>hoc</span> <span class='ocrx_word' id='word_1_163' title='bbox 1639 1440 1843 1513; x_wconf 71' lang='lat' dir='ltr'>positas</span> <span class='ocrx_word' id='word_1_164' title='bbox 1893 1455 1979 1495; x_wconf 81' lang='lat' dir='ltr'>es-</span> 
     </span>
    </p>
   </div>
   <div class='ocr_carea' id='block_1_21' title="bbox 325 1529 1981 1603">
    <p class='ocr_par' dir='ltr' id='par_1_21' title="bbox 325 1529 1981 1603">
     <span class='ocr_line' id='line_1_21' title="bbox 325 1529 1981 1603; baseline -0.001 -18"><span class='ocrx_word' id='word_1_165' title='bbox 325 1534 476 1597; x_wconf 83' lang='lat' dir='ltr'>sent,</span> <span class='ocrx_word' id='word_1_166' title='bbox 509 1536 577 1585; x_wconf 90' lang='lat' dir='ltr'>ut</span> <span class='ocrx_word' id='word_1_167' title='bbox 605 1531 675 1585; x_wconf 87' lang='lat' dir='ltr'>ad</span> <span class='ocrx_word' id='word_1_168' title='bbox 709 1547 808 1586; x_wconf 90' lang='lat' dir='ltr'>eas</span> <span class='ocrx_word' id='word_1_169' title='bbox 840 1531 1087 1603; x_wconf 81' lang='lat' dir='ltr'>fugeret,</span> <span class='ocrx_word' id='word_1_170' title='bbox 1122 1531 1173 1586; x_wconf 92' lang='lat' dir='ltr'>si</span> <span class='ocrx_word' id='word_1_171' title='bbox 1205 1529 1501 1603; x_wconf 86' lang='lat' dir='ltr'>quispiam</span> <span class='ocrx_word' id='word_1_172' title='bbox 1526 1529 1824 1587; x_wconf 87' lang='lat' dir='ltr'>hominem</span> <span class='ocrx_word' id='word_1_173' title='bbox 1848 1543 1981 1585; x_wconf 92' lang='lat' dir='ltr'>con-</span> 
     </span>
    </p>
   </div>
   <div class='ocr_carea' id='block_1_22' title="bbox 322 1617 1979 1691">
    <p class='ocr_par' dir='ltr' id='par_1_22' title="bbox 322 1617 1979 1691">
     <span class='ocr_line' id='line_1_22' title="bbox 322 1617 1979 1691; baseline -0.001 -18"><span class='ocrx_word' id='word_1_174' title='bbox 322 1622 415 1673; x_wconf 85' lang='lat' dir='ltr'>tra</span> <span class='ocrx_word' id='word_1_175' title='bbox 446 1620 629 1674; x_wconf 88' lang='lat' dir='ltr'>animi</span> <span class='ocrx_word' id='word_1_176' title='bbox 661 1619 755 1674; x_wconf 90' lang='lat' dir='ltr'>sui</span> <span class='ocrx_word' id='word_1_177' title='bbox 779 1619 1132 1675; x_wconf 89' lang='lat' dir='ltr'>sententiam</span> <span class='ocrx_word' id='word_1_178' title='bbox 1161 1617 1490 1690; x_wconf 84' lang='lat' dir='ltr'>occidisset,</span> <span class='ocrx_word' id='word_1_179' title='bbox 1516 1634 1589 1675; x_wconf 88' lang='lat' dir='ltr'>ne</span> <span class='ocrx_word' id='word_1_180' title='bbox 1612 1618 1979 1691; x_wconf 64' lang='lat' dir='ltr'>preclpitan-</span> 
     </span>
    </p>
   </div>
   <div class='ocr_carea' id='block_1_23' title="bbox 326 1703 1978 1779">
    <p class='ocr_par' dir='ltr' id='par_1_23' title="bbox 326 1703 1978 1779">
     <span class='ocr_line' id='line_1_23' title="bbox 326 1703 1978 1779; baseline 0 -18"><span class='ocrx_word' id='word_1_181' title='bbox 326 1712 415 1762; x_wconf 90' lang='lat' dir='ltr'>ter</span> <span class='ocrx_word' id='word_1_182' title='bbox 442 1707 514 1762; x_wconf 91' lang='lat' dir='ltr'>ab</span> <span class='ocrx_word' id='word_1_183' title='bbox 547 1708 721 1763; x_wconf 87' lang='lat' dir='ltr'>occisi</span> <span class='ocrx_word' id='word_1_184' title='bbox 753 1711 1004 1779; x_wconf 85' lang='lat' dir='ltr'>cognato</span> <span class='ocrx_word' id='word_1_185' title='bbox 1064 1707 1464 1778; x_wconf 88' lang='lat' dir='ltr'>deprehensus</span> <span class='ocrx_word' id='word_1_186' title='bbox 1521 1703 1978 1775; x_wconf 71' lang='lat' dir='ltr'>interimeretu&#39;r,</span> 
     </span>
    </p>
   </div>
   <div class='ocr_carea' id='block_1_24' title="bbox 327 1784 1977 1869">
    <p class='ocr_par' dir='ltr' id='par_1_24' title="bbox 327 1784 1977 1869">
     <span class='ocr_line' id='line_1_24' title="bbox 327 1784 1977 1869; baseline 0.001 -17"><span class='ocrx_word' id='word_1_187' title='bbox 327 1800 509 1852; x_wconf 91' lang='lat' dir='ltr'>donec</span> <span class='ocrx_word' id='word_1_188' title='bbox 531 1784 756 1867; x_wconf 87' lang='lat' dir='ltr'>judicio</span> <span class='ocrx_word' id='word_1_189' title='bbox 787 1812 983 1851; x_wconf 88' lang='lat' dir='ltr'>coram</span> <span class='ocrx_word' id='word_1_190' title='bbox 1016 1796 1325 1869; x_wconf 87' lang='lat' dir='ltr'>Synagoga</span> <span class='ocrx_word' id='word_1_191' title='bbox 1349 1795 1477 1852; x_wconf 89' lang='lat' dir='ltr'>sisti</span> <span class='ocrx_word' id='word_1_192' title='bbox 1512 1802 1729 1868; x_wconf 80' lang='lat' dir='ltr'>posset.</span> <span class='ocrx_word' id='word_1_193' title='bbox 1790 1796 1977 1853; x_wconf 87' lang='lat' dir='ltr'>Jube—</span> 
     </span>
    </p>
   </div>
   <div class='ocr_carea' id='block_1_25' title="bbox 331 1882 1984 1957">
    <p class='ocr_par' dir='ltr' id='par_1_25' title="bbox 331 1882 1984 1957">
     <span class='ocr_line' id='line_1_25' title="bbox 331 1882 1984 1957; baseline -0.001 -16"><span class='ocrx_word' id='word_1_194' title='bbox 331 1891 430 1941; x_wconf 90' lang='lat' dir='ltr'>tur</span> <span class='ocrx_word' id='word_1_195' title='bbox 446 1886 554 1941; x_wconf 88' lang='lat' dir='ltr'>hoc</span> <span class='ocrx_word' id='word_1_196' title='bbox 574 1884 723 1940; x_wconf 91' lang='lat' dir='ltr'>libro</span> <span class='ocrx_word' id='word_1_197' title='bbox 745 1885 1000 1957; x_wconf 88' lang='lat' dir='ltr'>populus</span> <span class='ocrx_word' id='word_1_198' title='bbox 1030 1884 1293 1941; x_wconf 91' lang='lat' dir='ltr'>ﬁmbrias</span> <span class='ocrx_word' id='word_1_199' title='bbox 1345 1884 1403 1939; x_wconf 88' lang='lat' dir='ltr'>in</span> <span class='ocrx_word' id='word_1_200' title='bbox 1454 1882 1649 1957; x_wconf 78' lang='lat' dir='ltr'>palliis</span> <span class='ocrx_word' id='word_1_201' title='bbox 1687 1884 1894 1951; x_wconf 82' lang='lat' dir='ltr'>facere,</span> <span class='ocrx_word' id='word_1_202' title='bbox 1927 1890 1984 1941; x_wconf 89' lang='lat' dir='ltr'>et</span> 
     </span>
    </p>
   </div>
   <div class='ocr_carea' id='block_1_26' title="bbox 333 1972 1981 2045">
    <p class='ocr_par' dir='ltr' id='par_1_26' title="bbox 333 1972 1981 2045">
     <span class='ocr_line' id='line_1_26' title="bbox 333 1972 1981 2045; baseline 0.001 -17"><span class='ocrx_word' id='word_1_203' title='bbox 333 1973 584 2028; x_wconf 82' lang='lat' dir='ltr'>ﬁmbriis</span> <span class='ocrx_word' id='word_1_204' title='bbox 606 1974 915 2029; x_wconf 85' lang='lat' dir='ltr'>adnectere</span> <span class='ocrx_word' id='word_1_205' title='bbox 939 1973 1111 2029; x_wconf 89' lang='lat' dir='ltr'>vittas</span> <span class='ocrx_word' id='word_1_206' title='bbox 1133 1972 1569 2045; x_wconf 85' lang='lat' dir='ltr'>byacintbinas,</span> <span class='ocrx_word' id='word_1_207' title='bbox 1600 1977 1664 2028; x_wconf 89' lang='lat' dir='ltr'>ut</span> <span class='ocrx_word' id='word_1_208' title='bbox 1686 1973 1804 2029; x_wconf 81' lang='lat' dir='ltr'>illis</span> <span class='ocrx_word' id='word_1_209' title='bbox 1845 1990 1981 2029; x_wconf 91' lang='lat' dir='ltr'>con-</span> 
     </span>
    </p>
   </div>
   <div class='ocr_carea' id='block_1_27' title="bbox 327 2062 1976 2135">
    <p class='ocr_par' dir='ltr' id='par_1_27' title="bbox 327 2062 1976 2135">
     <span class='ocr_line' id='line_1_27' title="bbox 327 2062 1976 2135; baseline 0 -17"><span class='ocrx_word' id='word_1_210' title='bbox 327 2062 545 2135; x_wconf 88' lang='lat' dir='ltr'>spectis</span> <span class='ocrx_word' id='word_1_211' title='bbox 568 2062 982 2118; x_wconf 86' lang='lat' dir='ltr'>mandatorum</span> <span class='ocrx_word' id='word_1_212' title='bbox 1007 2063 1106 2119; x_wconf 89' lang='lat' dir='ltr'>Dei</span> <span class='ocrx_word' id='word_1_213' title='bbox 1133 2078 1204 2117; x_wconf 91' lang='lat' dir='ltr'>ne</span> <span class='ocrx_word' id='word_1_214' title='bbox 1225 2062 1730 2119; x_wconf 85' lang='lat' dir='ltr'>obliviscerentur.</span> <span class='ocrx_word' id='word_1_215' title='bbox 1759 2062 1863 2118; x_wconf 84' lang='lat' dir='ltr'>Hic</span> <span class='ocrx_word' id='word_1_216' title='bbox 1884 2078 1976 2118; x_wconf 88' lang='lat' dir='ltr'>ac-</span> 
     </span>
    </p>
   </div>
   <div class='ocr_carea' id='block_1_28' title="bbox 326 2149 1973 2224">
    <p class='ocr_par' dir='ltr' id='par_1_28' title="bbox 326 2149 1973 2224">
     <span class='ocr_line' id='line_1_28' title="bbox 326 2149 1973 2224; baseline 0.001 -18"><span class='ocrx_word' id='word_1_217' title='bbox 326 2151 556 2223; x_wconf 88' lang='lat' dir='ltr'>cipiunt</span> <span class='ocrx_word' id='word_1_218' title='bbox 585 2155 643 2206; x_wconf 91' lang='lat' dir='ltr'>et</span> <span class='ocrx_word' id='word_1_219' title='bbox 671 2149 804 2207; x_wconf 68' lang='lat' dir='ltr'>ﬁliae</span> <span class='ocrx_word' id='word_1_220' title='bbox 830 2149 1079 2223; x_wconf 85' lang='lat' dir='ltr'>Salpaad</span> <span class='ocrx_word' id='word_1_221' title='bbox 1113 2156 1328 2207; x_wconf 84' lang='lat' dir='ltr'>sortem</span> <span class='ocrx_word' id='word_1_222' title='bbox 1364 2152 1547 2224; x_wconf 87' lang='lat' dir='ltr'>patris</span> <span class='ocrx_word' id='word_1_223' title='bbox 1577 2152 1690 2217; x_wconf 80' lang='lat' dir='ltr'>sui,</span> <span class='ocrx_word' id='word_1_224' title='bbox 1742 2157 1799 2206; x_wconf 90' lang='lat' dir='ltr'>et</span> <span class='ocrx_word' id='word_1_225' title='bbox 1845 2150 1973 2207; x_wconf 86' lang='lat' dir='ltr'>illa-</span> 
     </span>
    </p>
   </div>
   <div class='ocr_carea' id='block_1_29' title="bbox 323 2239 1973 2313">
    <p class='ocr_par' dir='ltr' id='par_1_29' title="bbox 323 2239 1973 2313">
     <span class='ocr_line' id='line_1_29' title="bbox 323 2239 1973 2313; baseline 0.001 -18"><span class='ocrx_word' id='word_1_226' title='bbox 323 2256 457 2296; x_wconf 89' lang='lat' dir='ltr'>rum</span> <span class='ocrx_word' id='word_1_227' title='bbox 485 2239 790 2296; x_wconf 87' lang='lat' dir='ltr'>occasione</span> <span class='ocrx_word' id='word_1_228' title='bbox 811 2241 1155 2296; x_wconf 89' lang='lat' dir='ltr'>mandatum</span> <span class='ocrx_word' id='word_1_229' title='bbox 1178 2240 1414 2296; x_wconf 89' lang='lat' dir='ltr'>Domini</span> <span class='ocrx_word' id='word_1_230' title='bbox 1434 2242 1629 2310; x_wconf 88' lang='lat' dir='ltr'>datur,</span> <span class='ocrx_word' id='word_1_231' title='bbox 1656 2249 1713 2295; x_wconf 87' lang='lat' dir='ltr'>et</span> <span class='ocrx_word' id='word_1_232' title='bbox 1757 2242 1847 2296; x_wconf 86' lang='lat' dir='ltr'>lex</span> <span class='ocrx_word' id='word_1_233' title='bbox 1873 2257 1973 2313; x_wconf 86' lang='lat' dir='ltr'>po-</span> 
     </span>
    </p>
   </div>
   <div class='ocr_carea' id='block_1_30' title="bbox 323 2328 1974 2401">
    <p class='ocr_par' dir='ltr' id='par_1_30' title="bbox 323 2328 1974 2401">
     <span class='ocr_line' id='line_1_30' title="bbox 323 2328 1974 2401; baseline 0.001 -17"><span class='ocrx_word' id='word_1_234' title='bbox 323 2331 623 2400; x_wconf 90' lang='lat' dir='ltr'>nitur,qua</span> <span class='ocrx_word' id='word_1_235' title='bbox 645 2345 747 2401; x_wconf 90' lang='lat' dir='ltr'>pro</span> <span class='ocrx_word' id='word_1_236' title='bbox 767 2328 1050 2401; x_wconf 84' lang='lat' dir='ltr'>legitimis</span> <span class='ocrx_word' id='word_1_237' title='bbox 1072 2330 1470 2385; x_wconf 89' lang='lat' dir='ltr'>decernuntur</span> <span class='ocrx_word' id='word_1_238' title='bbox 1494 2344 1627 2385; x_wconf 89' lang='lat' dir='ltr'>cum</span> <span class='ocrx_word' id='word_1_239' title='bbox 1670 2329 1974 2385; x_wconf 89' lang='lat' dir='ltr'>consobri-</span> 
     </span>
    </p>
   </div>
   <div class='ocr_carea' id='block_1_31' title="bbox 319 2416 1977 2491">
    <p class='ocr_par' dir='ltr' id='par_1_31' title="bbox 319 2416 1977 2491">
     <span class='ocr_line' id='line_1_31' title="bbox 319 2416 1977 2491; baseline 0.001 -18"><span class='ocrx_word' id='word_1_240' title='bbox 319 2417 413 2473; x_wconf 86' lang='lat' dir='ltr'>nis</span> <span class='ocrx_word' id='word_1_241' title='bbox 434 2416 582 2474; x_wconf 89' lang='lat' dir='ltr'>inita</span> <span class='ocrx_word' id='word_1_242' title='bbox 602 2418 897 2490; x_wconf 91' lang='lat' dir='ltr'>conjugia.</span> <span class='ocrx_word' id='word_1_243' title='bbox 922 2418 1151 2490; x_wconf 80' lang='lat' dir='ltr'>Moyses</span> <span class='ocrx_word' id='word_1_244' title='bbox 1174 2434 1309 2473; x_wconf 87' lang='lat' dir='ltr'>vero</span> <span class='ocrx_word' id='word_1_245' title='bbox 1324 2422 1540 2474; x_wconf 86' lang='lat' dir='ltr'>terram</span> <span class='ocrx_word' id='word_1_246' title='bbox 1567 2418 1977 2491; x_wconf 86' lang='lat' dir='ltr'>promissionis</span> 
     </span>
    </p>
   </div>
   <div class='ocr_carea' id='block_1_32' title="bbox 315 2506 1975 2581">
    <p class='ocr_par' dir='ltr' id='par_1_32' title="bbox 315 2506 1975 2581">
     <span class='ocr_line' id='line_1_32' title="bbox 315 2506 1975 2581; baseline 0.001 -19"><span class='ocrx_word' id='word_1_247' title='bbox 315 2506 462 2562; x_wconf 85' lang='lat' dir='ltr'>vidit</span> <span class='ocrx_word' id='word_1_248' title='bbox 492 2508 563 2562; x_wconf 93' lang='lat' dir='ltr'>de</span> <span class='ocrx_word' id='word_1_249' title='bbox 595 2512 793 2562; x_wconf 79' lang='lat' dir='ltr'>monte</span> <span class='ocrx_word' id='word_1_250' title='bbox 822 2506 1083 2575; x_wconf 86' lang='lat' dir='ltr'>Abarim,</span> <span class='ocrx_word' id='word_1_251' title='bbox 1111 2506 1221 2562; x_wconf 89' lang='lat' dir='ltr'>hoc</span> <span class='ocrx_word' id='word_1_252' title='bbox 1251 2509 1341 2561; x_wconf 85' lang='lat' dir='ltr'>est</span> <span class='ocrx_word' id='word_1_253' title='bbox 1371 2506 1537 2581; x_wconf 71' lang='lat' dir='ltr'>Abau</span> <span class='ocrx_word' id='word_1_254' title='bbox 1565 2524 1578 2561; x_wconf 94' lang='lat'>:</span> <span class='ocrx_word' id='word_1_255' title='bbox 1629 2508 1975 2580; x_wconf 83' lang='lat' dir='ltr'>audivitque</span> 
     </span>
    </p>
   </div>
   <div class='ocr_carea' id='block_1_33' title="bbox 317 2594 1977 2670">
    <p class='ocr_par' dir='ltr' id='par_1_33' title="bbox 317 2594 1977 2670">
     <span class='ocr_line' id='line_1_33' title="bbox 317 2594 1977 2670; baseline 0 -19"><span class='ocrx_word' id='word_1_256' title='bbox 317 2613 351 2650; x_wconf 88' lang='lat' dir='ltr'><strong>a</strong></span> <span class='ocrx_word' id='word_1_257' title='bbox 399 2595 538 2661; x_wconf 87' lang='lat' dir='ltr'>Deo,</span> <span class='ocrx_word' id='word_1_258' title='bbox 572 2596 728 2666; x_wconf 91' lang='lat' dir='ltr'>quod</span> <span class='ocrx_word' id='word_1_259' title='bbox 752 2594 1318 2668; x_wconf 87' lang='lat' dir='ltr'>illamingressurus</span> <span class='ocrx_word' id='word_1_260' title='bbox 1346 2610 1459 2651; x_wconf 92' lang='lat' dir='ltr'>non</span> <span class='ocrx_word' id='word_1_261' title='bbox 1510 2600 1684 2659; x_wconf 86' lang='lat' dir='ltr'>esset,</span> <span class='ocrx_word' id='word_1_262' title='bbox 1738 2600 1977 2670; x_wconf 88' lang='lat' dir='ltr'>propter</span> 
     </span>
    </p>
   </div>
   <div class='ocr_carea' id='block_1_34' title="bbox 320 2670 1972 2756">
    <p class='ocr_par' dir='ltr' id='par_1_34' title="bbox 320 2670 1972 2756">
     <span class='ocr_line' id='line_1_34' title="bbox 320 2670 1972 2756; baseline 0.001 -16"><span class='ocrx_word' id='word_1_263' title='bbox 320 2684 824 2741; x_wconf 81' lang='lat' dir='ltr'>exacerbationem</span> <span class='ocrx_word' id='word_1_264' title='bbox 860 2684 932 2740; x_wconf 92' lang='lat' dir='ltr'>ad</span> <span class='ocrx_word' id='word_1_265' title='bbox 966 2701 1179 2756; x_wconf 90' lang='lat' dir='ltr'>aquam</span> <span class='ocrx_word' id='word_1_266' title='bbox 1212 2670 1701 2740; x_wconf 82' lang='lat' dir='ltr'>contradictionis</span> <span class='ocrx_word' id='word_1_267' title='bbox 1735 2686 1972 2741; x_wconf 84' lang='lat' dir='ltr'>factam.</span> 
     </span>
    </p>
   </div>
   <div class='ocr_carea' id='block_1_35' title="bbox 323 2770 1975 2845">
    <p class='ocr_par' dir='ltr' id='par_1_35' title="bbox 323 2770 1975 2845">
     <span class='ocr_line' id='line_1_35' title="bbox 323 2770 1975 2845; baseline 0 -17"><span class='ocrx_word' id='word_1_268' title='bbox 323 2773 593 2828; x_wconf 89' lang='lat' dir='ltr'>Mortuus</span> <span class='ocrx_word' id='word_1_269' title='bbox 620 2778 708 2828; x_wconf 88' lang='lat' dir='ltr'>est</span> <span class='ocrx_word' id='word_1_270' title='bbox 737 2778 933 2828; x_wconf 89' lang='lat' dir='ltr'>autem</span> <span class='ocrx_word' id='word_1_271' title='bbox 965 2775 1153 2828; x_wconf 83' lang='lat' dir='ltr'>Aaron</span> <span class='ocrx_word' id='word_1_272' title='bbox 1185 2788 1475 2828; x_wconf 83' lang='lat' dir='ltr'>annorum</span> <span class='ocrx_word' id='word_1_273' title='bbox 1507 2778 1739 2828; x_wconf 86' lang='lat' dir='ltr'>centum</span> <span class='ocrx_word' id='word_1_274' title='bbox 1770 2770 1975 2845; x_wconf 85' lang='lat' dir='ltr'>viginti</span> 
     </span>
    </p>
   </div>
   <div class='ocr_carea' id='block_1_36' title="bbox 321 2858 1974 2934">
    <p class='ocr_par' dir='ltr' id='par_1_36' title="bbox 321 2858 1974 2934">
     <span class='ocr_line' id='line_1_36' title="bbox 321 2858 1974 2934; baseline 0 -17"><span class='ocrx_word' id='word_1_275' title='bbox 321 2862 526 2929; x_wconf 87' lang='lat' dir='ltr'>trium,</span> <span class='ocrx_word' id='word_1_276' title='bbox 560 2876 715 2916; x_wconf 87' lang='lat' dir='ltr'>anno</span> <span class='ocrx_word' id='word_1_277' title='bbox 745 2867 880 2932; x_wconf 88' lang='lat' dir='ltr'>post</span> <span class='ocrx_word' id='word_1_278' title='bbox 934 2861 1155 2916; x_wconf 85' lang='lat' dir='ltr'>exitum</span> <span class='ocrx_word' id='word_1_279' title='bbox 1213 2862 1441 2934; x_wconf 68' lang='lat' dir='ltr'>Egypti</span> <span class='ocrx_word' id='word_1_280' title='bbox 1501 2858 1974 2933; x_wconf 86' lang='lat' dir='ltr'>quadragesimo,</span> 
     </span>
    </p>
   </div>
   <div class='ocr_carea' id='block_1_37' title="bbox 325 2949 1973 3023">
    <p class='ocr_par' dir='ltr' id='par_1_37' title="bbox 325 2949 1973 3023">
     <span class='ocr_line' id='line_1_37' title="bbox 325 2949 1973 3023; baseline 0.001 -16"><span class='ocrx_word' id='word_1_281' title='bbox 325 2966 529 3007; x_wconf 87' lang='lat' dir='ltr'>mense</span> <span class='ocrx_word' id='word_1_282' title='bbox 559 2950 784 3023; x_wconf 88' lang='lat' dir='ltr'>quinto.</span> <span class='ocrx_word' id='word_1_283' title='bbox 817 2949 925 3014; x_wconf 88' lang='lat' dir='ltr'>Qui</span> <span class='ocrx_word' id='word_1_284' title='bbox 957 2955 1153 3006; x_wconf 90' lang='lat' dir='ltr'>autem</span> <span class='ocrx_word' id='word_1_285' title='bbox 1180 2952 1251 3006; x_wconf 90' lang='lat' dir='ltr'>ad</span> <span class='ocrx_word' id='word_1_286' title='bbox 1282 2951 1698 3022; x_wconf 82' lang='lat' dir='ltr'>explorandam</span> <span class='ocrx_word' id='word_1_287' title='bbox 1755 2955 1973 3008; x_wconf 87' lang='lat' dir='ltr'>terram</span> 
     </span>
    </p>
   </div>
   <div class='ocr_carea' id='block_1_38' title="bbox 326 3038 1976 3113">
    <p class='ocr_par' dir='ltr' id='par_1_38' title="bbox 326 3038 1976 3113">
     <span class='ocr_line' id='line_1_38' title="bbox 326 3038 1976 3113; baseline 0.001 -18"><span class='ocrx_word' id='word_1_288' title='bbox 326 3038 492 3096; x_wconf 85' lang='lat' dir='ltr'>missi</span> <span class='ocrx_word' id='word_1_289' title='bbox 521 3043 682 3110; x_wconf 89' lang='lat' dir='ltr'>sunt,</span> <span class='ocrx_word' id='word_1_290' title='bbox 714 3039 966 3113; x_wconf 89' lang='lat' dir='ltr'>quisque</span> <span class='ocrx_word' id='word_1_291' title='bbox 1005 3040 1076 3095; x_wconf 89' lang='lat' dir='ltr'>de</span> <span class='ocrx_word' id='word_1_292' title='bbox 1108 3056 1216 3096; x_wconf 87' lang='lat' dir='ltr'>sua</span> <span class='ocrx_word' id='word_1_293' title='bbox 1246 3040 1425 3110; x_wconf 88' lang='lat' dir='ltr'>tribu,</span> <span class='ocrx_word' id='word_1_294' title='bbox 1443 3042 1614 3111; x_wconf 83' lang='lat' dir='ltr'>juxta</span> <span class='ocrx_word' id='word_1_295' title='bbox 1629 3041 1976 3096; x_wconf 86' lang='lat' dir='ltr'>mandatum</span> 
     </span>
    </p>
   </div>
   <div class='ocr_carea' id='block_1_39' title="bbox 326 3128 1973 3201">
    <p class='ocr_par' dir='ltr' id='par_1_39' title="bbox 326 3128 1973 3201">
     <span class='ocr_line' id='line_1_39' title="bbox 326 3128 1973 3201; baseline 0 -16"><span class='ocrx_word' id='word_1_296' title='bbox 326 3129 563 3185; x_wconf 90' lang='lat' dir='ltr'>Domini</span> <span class='ocrx_word' id='word_1_297' title='bbox 597 3128 893 3201; x_wconf 86' lang='lat' dir='ltr'>desumpti</span> <span class='ocrx_word' id='word_1_298' title='bbox 925 3133 1104 3197; x_wconf 87' lang='lat' dir='ltr'>sunt;</span> <span class='ocrx_word' id='word_1_299' title='bbox 1137 3129 1349 3185; x_wconf 89' lang='lat' dir='ltr'>borum</span> <span class='ocrx_word' id='word_1_300' title='bbox 1383 3130 1625 3185; x_wconf 88' lang='lat' dir='ltr'>nomina</span> <span class='ocrx_word' id='word_1_301' title='bbox 1654 3135 1795 3185; x_wconf 88' lang='lat' dir='ltr'>sunt</span> <span class='ocrx_word' id='word_1_302' title='bbox 1823 3131 1973 3185; x_wconf 87' lang='lat' dir='ltr'>ista:</span> 
     </span>
    </p>
   </div>
   <div class='ocr_carea' id='block_1_40' title="bbox 328 3217 1978 3286">
    <p class='ocr_par' dir='ltr' id='par_1_40' title="bbox 328 3217 1978 3286">
     <span class='ocr_line' id='line_1_40' title="bbox 328 3217 1978 3286; baseline -0.001 -11"><span class='ocrx_word' id='word_1_303' title='bbox 328 3221 406 3275; x_wconf 92' lang='lat' dir='ltr'>De</span> <span class='ocrx_word' id='word_1_304' title='bbox 428 3219 587 3275; x_wconf 89' lang='lat' dir='ltr'>tribu</span> <span class='ocrx_word' id='word_1_305' title='bbox 611 3218 838 3285; x_wconf 82' lang='lat' dir='ltr'>Ruben,</span> <span class='ocrx_word' id='word_1_306' title='bbox 863 3217 1135 3274; x_wconf 85' lang='lat' dir='ltr'>Salamiel</span> <span class='ocrx_word' id='word_1_307' title='bbox 1158 3218 1318 3273; x_wconf 88' lang='lat' dir='ltr'>ﬁlius</span> <span class='ocrx_word' id='word_1_308' title='bbox 1372 3218 1669 3286; x_wconf 87' lang='lat' dir='ltr'>Zaccbur;</span> <span class='ocrx_word' id='word_1_309' title='bbox 1705 3218 1776 3273; x_wconf 93' lang='lat' dir='ltr'>de</span> <span class='ocrx_word' id='word_1_310' title='bbox 1823 3219 1978 3273; x_wconf 81' lang='lat' dir='ltr'>tribu</span> 
     </span>
    </p>
   </div>
   <div class='ocr_carea' id='block_1_41' title="bbox 329 3305 1980 3379">
    <p class='ocr_par' dir='ltr' id='par_1_41' title="bbox 329 3305 1980 3379">
     <span class='ocr_line' id='line_1_41' title="bbox 329 3305 1980 3379; baseline -0.001 -16"><span class='ocrx_word' id='word_1_311' title='bbox 329 3307 593 3373; x_wconf 83' lang='lat' dir='ltr'>Simeon,</span> <span class='ocrx_word' id='word_1_312' title='bbox 625 3305 851 3379; x_wconf 88' lang='lat' dir='ltr'>Saphat</span> <span class='ocrx_word' id='word_1_313' title='bbox 869 3306 1029 3362; x_wconf 84' lang='lat' dir='ltr'>illius</span> <span class='ocrx_word' id='word_1_314' title='bbox 1058 3307 1189 3362; x_wconf 87' lang='lat' dir='ltr'>Suri</span> <span class='ocrx_word' id='word_1_315' title='bbox 1219 3325 1232 3362; x_wconf 90' lang='lat'><strong>:</strong></span> <span class='ocrx_word' id='word_1_316' title='bbox 1266 3308 1339 3363; x_wconf 90' lang='lat' dir='ltr'>de</span> <span class='ocrx_word' id='word_1_317' title='bbox 1367 3306 1526 3362; x_wconf 87' lang='lat' dir='ltr'>tribu</span> <span class='ocrx_word' id='word_1_318' title='bbox 1556 3305 1732 3375; x_wconf 86' lang='lat' dir='ltr'>Juda,</span> <span class='ocrx_word' id='word_1_319' title='bbox 1765 3306 1980 3363; x_wconf 88' lang='lat' dir='ltr'>Chaleb</span> 
     </span>
    </p>
   </div>
   <div class='ocr_carea' id='block_1_42' title="bbox 327 3392 1980 3466">
    <p class='ocr_par' dir='ltr' id='par_1_42' title="bbox 327 3392 1980 3466">
     <span class='ocr_line' id='line_1_42' title="bbox 327 3392 1980 3466; baseline 0 -17"><span class='ocrx_word' id='word_1_320' title='bbox 327 3393 489 3450; x_wconf 78' lang='lat' dir='ltr'>illius</span> <span class='ocrx_word' id='word_1_321' title='bbox 515 3394 775 3466; x_wconf 83' lang='lat' dir='ltr'>Jephone</span> <span class='ocrx_word' id='word_1_322' title='bbox 803 3419 817 3462; x_wconf 85' lang='lat'><strong>;</strong></span> <span class='ocrx_word' id='word_1_323' title='bbox 849 3393 920 3449; x_wconf 92' lang='lat' dir='ltr'>de</span> <span class='ocrx_word' id='word_1_324' title='bbox 938 3393 1096 3448; x_wconf 90' lang='lat' dir='ltr'>tribu</span> <span class='ocrx_word' id='word_1_325' title='bbox 1124 3394 1383 3449; x_wconf 83' lang='lat' dir='ltr'>Isachar&quot;</span> <span class='ocrx_word' id='word_1_326' title='bbox 1405 3392 1545 3450; x_wconf 89' lang='lat' dir='ltr'>Ilaal</span> <span class='ocrx_word' id='word_1_327' title='bbox 1566 3394 1723 3449; x_wconf 82' lang='lat' dir='ltr'>ﬁlius</span> <span class='ocrx_word' id='word_1_328' title='bbox 1742 3392 1980 3466; x_wconf 87' lang='lat' dir='ltr'>Joseph;</span> 
     </span>
    </p>
   </div>
   <div class='ocr_carea' id='block_1_43' title="bbox 2088 1429 3742 1512">
    <p class='ocr_par' dir='ltr' id='par_1_43' title="bbox 2088 1429 3742 1512">
     <span class='ocr_line' id='line_1_43' title="bbox 2088 1429 3742 1512; baseline -0.003 -25"><span class='ocrx_word' id='word_1_329' title='bbox 2088 1432 2271 1487; x_wconf 82' lang='grc' dir='ltr'>άστεια</span> <span class='ocrx_word' id='word_1_330' title='bbox 2296 1437 2404 1487; x_wconf 86' lang='grc' dir='ltr'>τῶν</span> <span class='ocrx_word' id='word_1_331' title='bbox 2438 1430 2676 1487; x_wconf 79' lang='grc' dir='ltr'>πόλεων·</span> <span class='ocrx_word' id='word_1_332' title='bbox 2709 1432 2798 1486; x_wconf 82' lang='grc' dir='ltr'>καὶ</span> <span class='ocrx_word' id='word_1_333' title='bbox 2825 1431 2989 1488; x_wconf 88' lang='grc' dir='ltr'>πάλιν</span> <span class='ocrx_word' id='word_1_334' title='bbox 3023 1429 3208 1487; x_wconf 81' lang='grc' dir='ltr'>δοῦναι</span> <span class='ocrx_word' id='word_1_335' title='bbox 3249 1431 3438 1497; x_wconf 84' lang='grc' dir='ltr'>πόδεις</span> <span class='ocrx_word' id='word_1_336' title='bbox 3472 1435 3742 1512; x_wconf 87' lang='grc' dir='ltr'>φυγαδευ-</span> 
     </span>
    </p>
   </div>
   <div class='ocr_carea' id='block_1_44' title="bbox 2085 1520 3737 1598">
    <p class='ocr_par' dir='ltr' id='par_1_44' title="bbox 2085 1520 3737 1598">
     <span class='ocr_line' id='line_1_44' title="bbox 2085 1520 3737 1598; baseline 0.004 -22"><span class='ocrx_word' id='word_1_337' title='bbox 2085 1521 2315 1597; x_wconf 80' lang='grc' dir='ltr'>τηρίων,</span> <span class='ocrx_word' id='word_1_338' title='bbox 2352 1524 2502 1598; x_wconf 80' lang='grc' dir='ltr'>τρεῖς</span> <span class='ocrx_word' id='word_1_339' title='bbox 2551 1521 2645 1593; x_wconf 69' lang='grc' dir='ltr'>μὲν</span> <span class='ocrx_word' id='word_1_340' title='bbox 2706 1520 2869 1596; x_wconf 73' lang='grc' dir='ltr'>πέραν</span> <span class='ocrx_word' id='word_1_341' title='bbox 2918 1526 3017 1575; x_wconf 76' lang='grc' dir='ltr'>τοῦ</span> <span class='ocrx_word' id='word_1_342' title='bbox 3076 1520 3371 1596; x_wconf 80' lang='grc' dir='ltr'>Ἰορδάνου,</span> <span class='ocrx_word' id='word_1_343' title='bbox 3403 1530 3547 1597; x_wconf 83' lang='grc' dir='ltr'>τρεῖς</span> <span class='ocrx_word' id='word_1_344' title='bbox 3579 1523 3637 1581; x_wconf 71' lang='grc' dir='ltr'>δὲ</span> <span class='ocrx_word' id='word_1_345' title='bbox 3684 1527 3737 1582; x_wconf 72' lang='grc' dir='ltr'>έν</span> 
     </span>
    </p>
   </div>
   <div class='ocr_carea' id='block_1_45' title="bbox 2088 1607 3745 1691">
    <p class='ocr_par' dir='ltr' id='par_1_45' title="bbox 2088 1607 3745 1691">
     <span class='ocr_line' id='line_1_45' title="bbox 2088 1607 3745 1691; baseline 0.002 -23"><span class='ocrx_word' id='word_1_346' title='bbox 2088 1615 2163 1686; x_wconf 75' lang='grc' dir='ltr'>γῇ</span> <span class='ocrx_word' id='word_1_347' title='bbox 2192 1612 2424 1681; x_wconf 76' lang='grc' dir='ltr'>Χαναὰν,</span> <span class='ocrx_word' id='word_1_348' title='bbox 2471 1611 2559 1666; x_wconf 81' lang='grc' dir='ltr'>καὶ</span> <span class='ocrx_word' id='word_1_349' title='bbox 2611 1611 2745 1665; x_wconf 78' lang='grc' dir='ltr'>εἶναι</span> <span class='ocrx_word' id='word_1_350' title='bbox 2794 1609 2993 1672; x_wconf 83' lang='grc' dir='ltr'>ταύτας</span> <span class='ocrx_word' id='word_1_351' title='bbox 3031 1607 3119 1665; x_wconf 71' lang='grc' dir='ltr'>ἰπί</span> <span class='ocrx_word' id='word_1_352' title='bbox 3148 1616 3225 1683; x_wconf 82' lang='grc' dir='ltr'>τῷ</span> <span class='ocrx_word' id='word_1_353' title='bbox 3253 1618 3580 1691; x_wconf 73' lang='grc' dir='ltr'>καταφυγεῖν</span> <span class='ocrx_word' id='word_1_354' title='bbox 3632 1615 3745 1671; x_wconf 76' lang='grc' dir='ltr'>ἐκεῖ</span> 
     </span>
    </p>
   </div>
   <div class='ocr_carea' id='block_1_46' title="bbox 2088 1699 3740 1779">
    <p class='ocr_par' dir='ltr' id='par_1_46' title="bbox 2088 1699 3740 1779">
     <span class='ocr_line' id='line_1_46' title="bbox 2088 1699 3740 1779; baseline 0.003 -24"><span class='ocrx_word' id='word_1_355' title='bbox 2088 1701 2182 1756; x_wconf 85' lang='grc' dir='ltr'>τὸν</span> <span class='ocrx_word' id='word_1_356' title='bbox 2256 1700 2518 1762; x_wconf 82' lang='grc' dir='ltr'>ἀκουσίως</span> <span class='ocrx_word' id='word_1_357' title='bbox 2564 1699 2915 1779; x_wconf 68' lang='grc' dir='ltr'>φονεύσαντα,</span> <span class='ocrx_word' id='word_1_358' title='bbox 2968 1701 3058 1755; x_wconf 76' lang='grc' dir='ltr'>καὶ</span> <span class='ocrx_word' id='word_1_359' title='bbox 3119 1703 3195 1773; x_wconf 79' lang='grc' dir='ltr'>μὴ</span> <span class='ocrx_word' id='word_1_360' title='bbox 3241 1708 3528 1776; x_wconf 82' lang='grc' dir='ltr'>προπετῶς</span> <span class='ocrx_word' id='word_1_361' title='bbox 3594 1706 3740 1760; x_wconf 81' lang='grc' dir='ltr'>ἀναι-</span> 
     </span>
    </p>
   </div>
   <div class='ocr_carea' id='block_1_47' title="bbox 2094 1788 3743 1868">
    <p class='ocr_par' dir='ltr' id='par_1_47' title="bbox 2094 1788 3743 1868">
     <span class='ocr_line' id='line_1_47' title="bbox 2094 1788 3743 1868; baseline 0.002 -24"><span class='ocrx_word' id='word_1_362' title='bbox 2094 1791 2299 1865; x_wconf 85' lang='grc' dir='ltr'>ρεῖσθαι</span> <span class='ocrx_word' id='word_1_363' title='bbox 2329 1788 2433 1845; x_wconf 76' lang='grc' dir='ltr'>ὕπὸ</span> <span class='ocrx_word' id='word_1_364' title='bbox 2459 1794 2558 1844; x_wconf 80' lang='grc' dir='ltr'>τοὺ</span> <span class='ocrx_word' id='word_1_365' title='bbox 2590 1793 2880 1865; x_wconf 80' lang='grc' dir='ltr'>συγγενοῦς</span> <span class='ocrx_word' id='word_1_366' title='bbox 2908 1794 3007 1845; x_wconf 79' lang='grc' dir='ltr'>τοῦ</span> <span class='ocrx_word' id='word_1_367' title='bbox 3052 1788 3423 1868; x_wconf 70' lang='grc' dir='ltr'>φονευθέντος,</span> <span class='ocrx_word' id='word_1_368' title='bbox 3482 1788 3585 1855; x_wconf 69' lang='grc' dir='ltr'>ἕως</span> 
     </span>
    </p>
   </div>
   <div class='ocr_carea' id='block_1_48' title="bbox 2092 1876 3735 1956">
    <p class='ocr_par' dir='ltr' id='par_1_48' title="bbox 2092 1876 3735 1956">
     <span class='ocr_line' id='line_1_48' title="bbox 2092 1876 3735 1956; baseline 0.002 -23"><span class='ocrx_word' id='word_1_369' title='bbox 2092 1876 2266 1933; x_wconf 79' lang='grc' dir='ltr'>ἔναντι</span> <span class='ocrx_word' id='word_1_370' title='bbox 2296 1886 2396 1948; x_wconf 90' lang='grc' dir='ltr'>τῆς</span> <span class='ocrx_word' id='word_1_371' title='bbox 2428 1885 2748 1954; x_wconf 81' lang='grc' dir='ltr'>συναγωγῆς</span> <span class='ocrx_word' id='word_1_372' title='bbox 2781 1879 2855 1941; x_wconf 69' lang='grc' dir='ltr'>εἷς</span> <span class='ocrx_word' id='word_1_373' title='bbox 2909 1877 3107 1954; x_wconf 89' lang='grc' dir='ltr'>κρίσιν.</span> <span class='ocrx_word' id='word_1_374' title='bbox 3161 1881 3246 1934; x_wconf 85' lang='grc' dir='ltr'>Ἐν</span> <span class='ocrx_word' id='word_1_375' title='bbox 3296 1879 3477 1953; x_wconf 81' lang='grc' dir='ltr'>τούτῳ</span> <span class='ocrx_word' id='word_1_376' title='bbox 3517 1885 3596 1954; x_wconf 82' lang='grc' dir='ltr'>τῷ</span> <span class='ocrx_word' id='word_1_377' title='bbox 3653 1882 3735 1956; x_wconf 89' lang='grc' dir='ltr'>βι-</span> 
     </span>
    </p>
   </div>
   <div class='ocr_carea' id='block_1_49' title="bbox 2093 1961 3739 2044">
    <p class='ocr_par' dir='ltr' id='par_1_49' title="bbox 2093 1961 3739 2044">
     <span class='ocr_line' id='line_1_49' title="bbox 2093 1961 3739 2044; baseline 0.002 -22"><span class='ocrx_word' id='word_1_378' title='bbox 2093 1961 2238 2041; x_wconf 83' lang='grc' dir='ltr'>ϐλίῳ</span> <span class='ocrx_word' id='word_1_379' title='bbox 2267 1966 2544 2037; x_wconf 81' lang='grc' dir='ltr'>κελεύεται</span> <span class='ocrx_word' id='word_1_380' title='bbox 2577 1966 2604 2021; x_wconf 86' lang='grc' dir='ltr'>ό</span> <span class='ocrx_word' id='word_1_381' title='bbox 2637 1964 2766 2029; x_wconf 89' lang='grc' dir='ltr'>λαὸς</span> <span class='ocrx_word' id='word_1_382' title='bbox 2799 1973 3047 2038; x_wconf 85' lang='grc' dir='ltr'>ποιῆσαι,</span> <span class='ocrx_word' id='word_1_383' title='bbox 3079 1966 3354 2044; x_wconf 78' lang='grc' dir='ltr'>κράσπεδα</span> <span class='ocrx_word' id='word_1_384' title='bbox 3382 1969 3432 2023; x_wconf 75' lang='grc' dir='ltr'>ἐν</span> <span class='ocrx_word' id='word_1_385' title='bbox 3463 1976 3580 2031; x_wconf 83' lang='grc' dir='ltr'>τοῖς</span> <span class='ocrx_word' id='word_1_386' title='bbox 3609 1970 3739 2044; x_wconf 68' lang='grc' dir='ltr'>ίμα-</span> 
     </span>
    </p>
   </div>
   <div class='ocr_carea' id='block_1_50' title="bbox 2090 2054 3747 2132">
    <p class='ocr_par' dir='ltr' id='par_1_50' title="bbox 2090 2054 3747 2132">
     <span class='ocr_line' id='line_1_50' title="bbox 2090 2054 3747 2132; baseline 0.002 -23"><span class='ocrx_word' id='word_1_387' title='bbox 2090 2054 2232 2116; x_wconf 81' lang='grc' dir='ltr'>τίοις</span> <span class='ocrx_word' id='word_1_388' title='bbox 2287 2056 2513 2126; x_wconf 61' lang='grc' dir='ltr'>ἑαυτῶν,</span> <span class='ocrx_word' id='word_1_389' title='bbox 2559 2055 2648 2110; x_wconf 75' lang='grc' dir='ltr'>καὶ</span> <span class='ocrx_word' id='word_1_390' title='bbox 2700 2054 2787 2109; x_wconf 74' lang='grc' dir='ltr'>ἐπὶ</span> <span class='ocrx_word' id='word_1_391' title='bbox 2832 2061 2937 2111; x_wconf 87' lang='grc' dir='ltr'>τῶν</span> <span class='ocrx_word' id='word_1_392' title='bbox 2989 2054 3306 2131; x_wconf 71' lang='grc' dir='ltr'>κρασπέδων</span> <span class='ocrx_word' id='word_1_393' title='bbox 3362 2056 3596 2132; x_wconf 82' lang='grc' dir='ltr'>κλῶσμα</span> <span class='ocrx_word' id='word_1_394' title='bbox 3645 2059 3747 2113; x_wconf 79' lang='grc' dir='ltr'>ὑα-</span> 
     </span>
    </p>
   </div>
   <div class='ocr_carea' id='block_1_51' title="bbox 2083 2144 3745 2220">
    <p class='ocr_par' dir='ltr' id='par_1_51' title="bbox 2083 2144 3745 2220">
     <span class='ocr_line' id='line_1_51' title="bbox 2083 2144 3745 2220; baseline 0.003 -21"><span class='ocrx_word' id='word_1_395' title='bbox 2083 2144 2344 2213; x_wconf 81' lang='grc' dir='ltr'>κίνθινον,</span> <span class='ocrx_word' id='word_1_396' title='bbox 2370 2144 2459 2199; x_wconf 72' lang='grc' dir='ltr'>’ίνα</span> <span class='ocrx_word' id='word_1_397' title='bbox 2492 2144 2788 2220; x_wconf 80' lang='grc' dir='ltr'>βλέποντες</span> <span class='ocrx_word' id='word_1_398' title='bbox 2818 2144 2953 2200; x_wconf 84' lang='grc' dir='ltr'>αὐτά</span> <span class='ocrx_word' id='word_1_399' title='bbox 3003 2146 3079 2218; x_wconf 74' lang='grc' dir='ltr'>μὴ</span> <span class='ocrx_word' id='word_1_400' title='bbox 3128 2144 3590 2203; x_wconf 68' lang='grc' dir='ltr'>ἐπιλανθάνωνται</span> <span class='ocrx_word' id='word_1_401' title='bbox 3639 2152 3745 2204; x_wconf 89' lang='grc' dir='ltr'>τῶν</span> 
     </span>
    </p>
   </div>
   <div class='ocr_carea' id='block_1_52' title="bbox 2086 2229 3745 2314">
    <p class='ocr_par' dir='ltr' id='par_1_52' title="bbox 2086 2229 3745 2314">
     <span class='ocr_line' id='line_1_52' title="bbox 2086 2229 3745 2314; baseline 0.002 -24"><span class='ocrx_word' id='word_1_402' title='bbox 2086 2233 2326 2290; x_wconf 70' lang='grc' dir='ltr'>ἂντολών</span> <span class='ocrx_word' id='word_1_403' title='bbox 2382 2238 2482 2289; x_wconf 76' lang='grc' dir='ltr'>τοῦ</span> <span class='ocrx_word' id='word_1_404' title='bbox 2527 2238 2682 2290; x_wconf 75' lang='grc' dir='ltr'>Θεοῦ.</span> <span class='ocrx_word' id='word_1_405' title='bbox 2716 2231 2844 2289; x_wconf 83' lang='grc' dir='ltr'>Ὧδε</span> <span class='ocrx_word' id='word_1_406' title='bbox 2876 2229 3217 2307; x_wconf 89' lang='grc' dir='ltr'>λαμϐάνουσι</span> <span class='ocrx_word' id='word_1_407' title='bbox 3247 2236 3457 2314; x_wconf 84' lang='grc' dir='ltr'>κλῆρον</span> <span class='ocrx_word' id='word_1_408' title='bbox 3491 2238 3544 2292; x_wconf 74' lang='grc' dir='ltr'>αἱ</span> <span class='ocrx_word' id='word_1_409' title='bbox 3578 2248 3745 2313; x_wconf 82' lang='grc' dir='ltr'>θυγα-</span> 
     </span>
    </p>
   </div>
   <div class='ocr_carea' id='block_1_53' title="bbox 2083 2320 3740 2399">
    <p class='ocr_par' dir='ltr' id='par_1_53' title="bbox 2083 2320 3740 2399">
     <span class='ocr_line' id='line_1_53' title="bbox 2083 2320 3740 2399; baseline 0.002 -22"><span class='ocrx_word' id='word_1_410' title='bbox 2083 2324 2234 2398; x_wconf 72' lang='grc' dir='ltr'>τέρες</span> <span class='ocrx_word' id='word_1_411' title='bbox 2284 2321 2567 2393; x_wconf 85' lang='grc' dir='ltr'>Σαλπαὰδ,</span> <span class='ocrx_word' id='word_1_412' title='bbox 2619 2320 2712 2378; x_wconf 85' lang='grc' dir='ltr'>τδν</span> <span class='ocrx_word' id='word_1_413' title='bbox 2760 2328 2858 2379; x_wconf 75' lang='grc' dir='ltr'>τοῦ</span> <span class='ocrx_word' id='word_1_414' title='bbox 2887 2323 3092 2399; x_wconf 84' lang='grc' dir='ltr'>πατρὸς</span> <span class='ocrx_word' id='word_1_415' title='bbox 3124 2324 3350 2379; x_wconf 70' lang='grc' dir='ltr'>ἑαυτῶν·</span> <span class='ocrx_word' id='word_1_416' title='bbox 3404 2326 3495 2382; x_wconf 85' lang='grc' dir='ltr'>καὶ</span> <span class='ocrx_word' id='word_1_417' title='bbox 3556 2325 3609 2382; x_wconf 71' lang='grc' dir='ltr'>ἐν</span> <span class='ocrx_word' id='word_1_418' title='bbox 3639 2332 3740 2397; x_wconf 86' lang='grc' dir='ltr'>τῆς</span> 
     </span>
    </p>
   </div>
   <div class='ocr_carea' id='block_1_54' title="bbox 2084 2411 3745 2491">
    <p class='ocr_par' dir='ltr' id='par_1_54' title="bbox 2084 2411 3745 2491">
     <span class='ocr_line' id='line_1_54' title="bbox 2084 2411 3745 2491; baseline 0.003 -25"><span class='ocrx_word' id='word_1_419' title='bbox 2084 2411 2406 2490; x_wconf 74' lang='grc' dir='ltr'>προφάσεως</span> <span class='ocrx_word' id='word_1_420' title='bbox 2453 2412 2628 2467; x_wconf 79' lang='grc' dir='ltr'>αὐτῶν</span> <span class='ocrx_word' id='word_1_421' title='bbox 2680 2412 2883 2487; x_wconf 87' lang='grc' dir='ltr'>γίνεται</span> <span class='ocrx_word' id='word_1_422' title='bbox 2932 2412 3255 2490; x_wconf 82' lang='grc' dir='ltr'>πρόσταγμα</span> <span class='ocrx_word' id='word_1_423' title='bbox 3304 2413 3505 2491; x_wconf 82' lang='grc' dir='ltr'>Κυρίου</span> <span class='ocrx_word' id='word_1_424' title='bbox 3535 2416 3626 2471; x_wconf 83' lang='grc' dir='ltr'>καὶ</span> <span class='ocrx_word' id='word_1_425' title='bbox 3653 2415 3745 2471; x_wconf 91' lang='grc' dir='ltr'>νό-</span> 
     </span>
    </p>
   </div>
   <div class='ocr_carea' id='block_1_55' title="bbox 2089 2501 3746 2579">
    <p class='ocr_par' dir='ltr' id='par_1_55' title="bbox 2089 2501 3746 2579">
     <span class='ocr_line' id='line_1_55' title="bbox 2089 2501 3746 2579; baseline 0.003 -24"><span class='ocrx_word' id='word_1_426' title='bbox 2089 2521 2213 2573; x_wconf 92' lang='grc' dir='ltr'>μος,</span> <span class='ocrx_word' id='word_1_427' title='bbox 2271 2501 2510 2573; x_wconf 90' lang='grc' dir='ltr'>νόμιμον</span> <span class='ocrx_word' id='word_1_428' title='bbox 2570 2501 2698 2555; x_wconf 78' lang='grc' dir='ltr'>εἶναι</span> <span class='ocrx_word' id='word_1_429' title='bbox 2755 2501 2929 2577; x_wconf 85' lang='grc' dir='ltr'>γάμον</span> <span class='ocrx_word' id='word_1_430' title='bbox 2985 2504 3086 2570; x_wconf 81' lang='grc' dir='ltr'>τήν</span> <span class='ocrx_word' id='word_1_431' title='bbox 3132 2503 3267 2579; x_wconf 80' lang='grc' dir='ltr'>πρὸς</span> <span class='ocrx_word' id='word_1_432' title='bbox 3301 2503 3555 2578; x_wconf 77' lang='grc' dir='ltr'>ἀνεψιοὺς</span> <span class='ocrx_word' id='word_1_433' title='bbox 3588 2510 3746 2575; x_wconf 86' lang='grc' dir='ltr'>συζυ-</span> 
     </span>
    </p>
   </div>
   <div class='ocr_carea' id='block_1_56' title="bbox 2082 2588 3746 2668">
    <p class='ocr_par' dir='ltr' id='par_1_56' title="bbox 2082 2588 3746 2668">
     <span class='ocr_line' id='line_1_56' title="bbox 2082 2588 3746 2668; baseline 0.004 -25"><span class='ocrx_word' id='word_1_434' title='bbox 2082 2589 2217 2666; x_wconf 90' lang='grc' dir='ltr'>γίαν.</span> <span class='ocrx_word' id='word_1_435' title='bbox 2253 2589 2359 2646; x_wconf 74' lang='grc' dir='ltr'>Καὶ</span> <span class='ocrx_word' id='word_1_436' title='bbox 2386 2596 2620 2659; x_wconf 83' lang='grc' dir='ltr'>Μωϋσῆς</span> <span class='ocrx_word' id='word_1_437' title='bbox 2654 2588 2761 2646; x_wconf 86' lang='grc' dir='ltr'>ὧδε</span> <span class='ocrx_word' id='word_1_438' title='bbox 2791 2588 2927 2646; x_wconf 78' lang='grc' dir='ltr'>εἶδεν</span> <span class='ocrx_word' id='word_1_439' title='bbox 2960 2591 3066 2646; x_wconf 85' lang='grc' dir='ltr'>ἀπὸ</span> <span class='ocrx_word' id='word_1_440' title='bbox 3093 2596 3192 2647; x_wconf 70' lang='grc' dir='ltr'>τοῦ</span> <span class='ocrx_word' id='word_1_441' title='bbox 3222 2591 3384 2668; x_wconf 78' lang='grc' dir='ltr'>ὅρους</span> <span class='ocrx_word' id='word_1_442' title='bbox 3414 2596 3510 2648; x_wconf 74' lang='grc' dir='ltr'>τοῦ</span> <span class='ocrx_word' id='word_1_443' title='bbox 3578 2589 3746 2650; x_wconf 85' lang='grc' dir='ltr'>’Δϐα-</span> 
     </span>
    </p>
   </div>
   <div class='ocr_carea' id='block_1_57' title="bbox 2085 2675 3739 2759">
    <p class='ocr_par' dir='ltr' id='par_1_57' title="bbox 2085 2675 3739 2759">
     <span class='ocr_line' id='line_1_57' title="bbox 2085 2675 3739 2759; baseline 0.004 -26"><span class='ocrx_word' id='word_1_444' title='bbox 2085 2680 2231 2755; x_wconf 82' lang='grc' dir='ltr'>ρεὶμ,</span> <span class='ocrx_word' id='word_1_445' title='bbox 2263 2678 2533 2734; x_wconf 77' lang='grc' dir='ltr'>τοντέστιν</span> <span class='ocrx_word' id='word_1_446' title='bbox 2583 2675 2773 2749; x_wconf 76' lang='grc' dir='ltr'>Ἀϐαὖ,</span> <span class='ocrx_word' id='word_1_447' title='bbox 2820 2681 2919 2749; x_wconf 81' lang='grc' dir='ltr'>τὴν</span> <span class='ocrx_word' id='word_1_448' title='bbox 2967 2686 3069 2756; x_wconf 82' lang='grc' dir='ltr'>γῆν</span> <span class='ocrx_word' id='word_1_449' title='bbox 3112 2687 3210 2751; x_wconf 90' lang='grc' dir='ltr'>τῆς</span> <span class='ocrx_word' id='word_1_450' title='bbox 3242 2680 3589 2759; x_wconf 79' lang='grc' dir='ltr'>ἐπαγγελίας·</span> <span class='ocrx_word' id='word_1_451' title='bbox 3649 2684 3739 2739; x_wconf 80' lang='grc' dir='ltr'>καὶ</span> 
     </span>
    </p>
   </div>
   <div class='ocr_carea' id='block_1_58' title="bbox 2082 2765 3738 2847">
    <p class='ocr_par' dir='ltr' id='par_1_58' title="bbox 2082 2765 3738 2847">
     <span class='ocr_line' id='line_1_58' title="bbox 2082 2765 3738 2847; baseline 0.003 -25"><span class='ocrx_word' id='word_1_452' title='bbox 2082 2765 2329 2837; x_wconf 74' lang='grc' dir='ltr'>ἤκουσεν·</span> <span class='ocrx_word' id='word_1_453' title='bbox 2381 2768 2453 2823; x_wconf 80' lang='grc' dir='ltr'>Οὐ</span> <span class='ocrx_word' id='word_1_454' title='bbox 2514 2770 2590 2842; x_wconf 75' lang='grc' dir='ltr'>μὴ</span> <span class='ocrx_word' id='word_1_455' title='bbox 2652 2768 2891 2843; x_wconf 73' lang='grc' dir='ltr'>εἰσέλθῃς</span> <span class='ocrx_word' id='word_1_456' title='bbox 2960 2769 3073 2824; x_wconf 83' lang='grc' dir='ltr'>ἐκεῖ</span> <span class='ocrx_word' id='word_1_457' title='bbox 3127 2767 3217 2825; x_wconf 66' lang='grc' dir='ltr'>διὰ</span> <span class='ocrx_word' id='word_1_458' title='bbox 3261 2772 3352 2825; x_wconf 89' lang='grc' dir='ltr'>τὸν</span> <span class='ocrx_word' id='word_1_459' title='bbox 3385 2771 3738 2847; x_wconf 77' lang='grc' dir='ltr'>παροξυσμὸν</span> 
     </span>
    </p>
   </div>
   <div class='ocr_carea' id='block_1_59' title="bbox 2080 2855 3745 2937">
    <p class='ocr_par' dir='ltr' id='par_1_59' title="bbox 2080 2855 3745 2937">
     <span class='ocr_line' id='line_1_59' title="bbox 2080 2855 3745 2937; baseline 0.001 -25"><span class='ocrx_word' id='word_1_460' title='bbox 2080 2857 2170 2912; x_wconf 80' lang='grc' dir='ltr'>τὸν</span> <span class='ocrx_word' id='word_1_461' title='bbox 2206 2855 2257 2911; x_wconf 79' lang='grc' dir='ltr'>ἐν</span> <span class='ocrx_word' id='word_1_462' title='bbox 2287 2862 2368 2930; x_wconf 81' lang='grc' dir='ltr'>τῷ</span> <span class='ocrx_word' id='word_1_463' title='bbox 2401 2855 2554 2913; x_wconf 77' lang='grc' dir='ltr'>ὕδατι</span> <span class='ocrx_word' id='word_1_464' title='bbox 2584 2865 2685 2927; x_wconf 83' lang='grc' dir='ltr'>τῆς</span> <span class='ocrx_word' id='word_1_465' title='bbox 2718 2857 3050 2933; x_wconf 81' lang='grc' dir='ltr'>ἀντιλογίας.</span> <span class='ocrx_word' id='word_1_466' title='bbox 3106 2859 3369 2916; x_wconf 81' lang='grc' dir='ltr'>Ἀπέθανε</span> <span class='ocrx_word' id='word_1_467' title='bbox 3420 2857 3476 2914; x_wconf 78' lang='grc' dir='ltr'>δὲ</span> <span class='ocrx_word' id='word_1_468' title='bbox 3536 2860 3745 2937; x_wconf 83' lang='grc' dir='ltr'>Ἀαρὼν</span> 
     </span>
    </p>
   </div>
   <div class='ocr_carea' id='block_1_60' title="bbox 2086 2945 3748 3024">
    <p class='ocr_par' dir='ltr' id='par_1_60' title="bbox 2086 2945 3748 3024">
     <span class='ocr_line' id='line_1_60' title="bbox 2086 2945 3748 3024; baseline 0.002 -24"><span class='ocrx_word' id='word_1_469' title='bbox 2086 2953 2216 3011; x_wconf 60' lang='grc' dir='ltr'>ἐτῶν</span> <span class='ocrx_word' id='word_1_470' title='bbox 2253 2949 2363 3024; x_wconf 88' lang='grc' dir='ltr'>ρκγ¹</span> <span class='ocrx_word' id='word_1_471' title='bbox 2409 2948 2490 3019; x_wconf 79' lang='grc' dir='ltr'>τῷ</span> <span class='ocrx_word' id='word_1_472' title='bbox 2537 2952 2952 3020; x_wconf 78' lang='grc' dir='ltr'>τεσσαρακοστῷ</span> <span class='ocrx_word' id='word_1_473' title='bbox 3006 2945 3109 3001; x_wconf 85' lang='grc' dir='ltr'>ἔτει</span> <span class='ocrx_word' id='word_1_474' title='bbox 3133 2954 3237 3016; x_wconf 86' lang='grc' dir='ltr'>τῆς</span> <span class='ocrx_word' id='word_1_475' title='bbox 3267 2946 3475 3019; x_wconf 75' lang='grc' dir='ltr'>ἐξόδου,</span> <span class='ocrx_word' id='word_1_476' title='bbox 3502 2952 3584 3022; x_wconf 80' lang='grc' dir='ltr'>τῷ</span> <span class='ocrx_word' id='word_1_477' title='bbox 3614 2949 3748 3022; x_wconf 84' lang='grc' dir='ltr'>μηνὶ</span> 
     </span>
    </p>
   </div>
   <div class='ocr_carea' id='block_1_61' title="bbox 2082 3033 3744 3112">
    <p class='ocr_par' dir='ltr' id='par_1_61' title="bbox 2082 3033 3744 3112">
     <span class='ocr_line' id='line_1_61' title="bbox 2082 3033 3744 3112; baseline 0 -19"><span class='ocrx_word' id='word_1_478' title='bbox 2082 3043 2165 3111; x_wconf 76' lang='grc' dir='ltr'>τῷ</span> <span class='ocrx_word' id='word_1_479' title='bbox 2214 3037 2471 3110; x_wconf 76' lang='grc' dir='ltr'>πέμπτῳ.</span> <span class='ocrx_word' id='word_1_480' title='bbox 2522 3036 2587 3094; x_wconf 84' lang='lat' dir='ltr'>Ol</span> <span class='ocrx_word' id='word_1_481' title='bbox 2631 3033 2689 3090; x_wconf 71' lang='grc' dir='ltr'>δὲ</span> <span class='ocrx_word' id='word_1_482' title='bbox 2739 3035 3131 3099; x_wconf 72' lang='grc' dir='ltr'>ἀποσταλέντες</span> <span class='ocrx_word' id='word_1_483' title='bbox 3175 3039 3609 3112; x_wconf 69' lang='grc' dir='ltr'>κατασκέψασθαι</span> <span class='ocrx_word' id='word_1_484' title='bbox 3640 3038 3744 3108; x_wconf 78' lang='grc' dir='ltr'>τὴν</span> 
     </span>
    </p>
   </div>
   <div class='ocr_carea' id='block_1_62' title="bbox 2086 3124 3741 3205">
    <p class='ocr_par' dir='ltr' id='par_1_62' title="bbox 2086 3124 3741 3205">
     <span class='ocr_line' id='line_1_62' title="bbox 2086 3124 3741 3205; baseline 0.013 -40"><span class='ocrx_word' id='word_1_485' title='bbox 2086 3132 2218 3204; x_wconf 62' lang='grc' dir='ltr'>γῆν,</span> <span class='ocrx_word' id='word_1_486' title='bbox 2271 3125 2332 3180; x_wconf 63' lang='grc' dir='ltr'>ἐκ</span> <span class='ocrx_word' id='word_1_487' title='bbox 2373 3126 2468 3199; x_wconf 76' lang='grc' dir='ltr'>μὶν</span> <span class='ocrx_word' id='word_1_488' title='bbox 2527 3124 2944 3201; x_wconf 75' lang='grc' dir='ltr'>προστάγματος</span> <span class='ocrx_word' id='word_1_489' title='bbox 3005 3124 3205 3203; x_wconf 81' lang='grc' dir='ltr'>Κυρίου</span> <span class='ocrx_word' id='word_1_490' title='bbox 3264 3126 3538 3197; x_wconf 78' lang='grc' dir='ltr'>ἀπεστάλη</span> <span class='ocrx_word' id='word_1_491' title='bbox 3604 3129 3741 3205; x_wconf 79' lang='grc' dir='ltr'>ἀνὴρ</span> 
     </span>
    </p>
   </div>
   <div class='ocr_carea' id='block_1_63' title="bbox 2084 3210 3750 3292">
    <p class='ocr_par' dir='ltr' id='par_1_63' title="bbox 2084 3210 3750 3292">
     <span class='ocr_line' id='line_1_63' title="bbox 2084 3210 3750 3292; baseline 0.002 -23"><span class='ocrx_word' id='word_1_492' title='bbox 2084 3213 2315 3276; x_wconf 71' lang='grc' dir='ltr'>ἰκαστος</span> <span class='ocrx_word' id='word_1_493' title='bbox 2371 3215 2507 3268; x_wconf 80' lang='grc' dir='ltr'>κατά</span> <span class='ocrx_word' id='word_1_494' title='bbox 2562 3210 2763 3292; x_wconf 76' lang='grc' dir='ltr'>φυλήν·</span> <span class='ocrx_word' id='word_1_495' title='bbox 2819 3215 2888 3269; x_wconf 70' lang='grc' dir='ltr'>τὰ</span> <span class='ocrx_word' id='word_1_496' title='bbox 2945 3211 3002 3269; x_wconf 74' lang='grc' dir='ltr'>δὶ</span> <span class='ocrx_word' id='word_1_497' title='bbox 3070 3214 3313 3287; x_wconf 80' lang='grc' dir='ltr'>ὀνόματα</span> <span class='ocrx_word' id='word_1_498' title='bbox 3389 3215 3564 3271; x_wconf 73' lang='grc' dir='ltr'>αὐτῶν</span> <span class='ocrx_word' id='word_1_499' title='bbox 3635 3215 3750 3272; x_wconf 76' lang='grc' dir='ltr'>ἐστι</span> 
     </span>
    </p>
   </div>
   <div class='ocr_carea' id='block_1_64' title="bbox 2089 3298 3751 3381">
    <p class='ocr_par' dir='ltr' id='par_1_64' title="bbox 2089 3298 3751 3381">
     <span class='ocr_line' id='line_1_64' title="bbox 2089 3298 3751 3381; baseline 0.001 -22"><span class='ocrx_word' id='word_1_500' title='bbox 2089 3306 2276 3360; x_wconf 73' lang='grc' dir='ltr'>ταῦτα·</span> <span class='ocrx_word' id='word_1_501' title='bbox 2335 3311 2437 3373; x_wconf 79' lang='grc' dir='ltr'>τῆς</span> <span class='ocrx_word' id='word_1_502' title='bbox 2486 3301 2667 3381; x_wconf 87' lang='grc' dir='ltr'>φυλῆς</span> <span class='ocrx_word' id='word_1_503' title='bbox 2714 3307 2812 3359; x_wconf 77' lang='grc' dir='ltr'>τοῦ</span> <span class='ocrx_word' id='word_1_504' title='bbox 2866 3298 3098 3378; x_wconf 79' lang='grc' dir='ltr'>Ῥουϐὶμ</span> <span class='ocrx_word' id='word_1_505' title='bbox 3145 3303 3443 3378; x_wconf 72' lang='grc' dir='ltr'>Σαλαμιῆλ</span> <span class='ocrx_word' id='word_1_506' title='bbox 3488 3307 3603 3379; x_wconf 79' lang='grc'>(94)</span> <span class='ocrx_word' id='word_1_507' title='bbox 3635 3306 3751 3370; x_wconf 75' lang='grc' dir='ltr'>υἱὸς</span> 
     </span>
    </p>
   </div>
   <div class='ocr_carea' id='block_1_65' title="bbox 2093 3391 3775 3471">
    <p class='ocr_par' dir='ltr' id='par_1_65' title="bbox 2093 3391 3775 3471">
     <span class='ocr_line' id='line_1_65' title="bbox 2093 3391 3775 3471; baseline 0.001 -23"><span class='ocrx_word' id='word_1_508' title='bbox 2093 3392 2363 3469; x_wconf 84' lang='grc' dir='ltr'>Ζακχούρ·</span> <span class='ocrx_word' id='word_1_509' title='bbox 2420 3399 2521 3461; x_wconf 88' lang='grc' dir='ltr'>τῆς</span> <span class='ocrx_word' id='word_1_510' title='bbox 2584 3391 2761 3469; x_wconf 85' lang='grc' dir='ltr'>φυλῆς</span> <span class='ocrx_word' id='word_1_511' title='bbox 2818 3392 3047 3465; x_wconf 78' lang='grc' dir='ltr'>Συμεὼν</span> <span class='ocrx_word' id='word_1_512' title='bbox 3116 3394 3296 3471; x_wconf 82' lang='grc' dir='ltr'>Σαφάτ</span> <span class='ocrx_word' id='word_1_513' title='bbox 3374 3392 3491 3457; x_wconf 71' lang='grc' dir='ltr'>υἱὸς</span> <span class='ocrx_word' id='word_1_514' title='bbox 3543 3395 3775 3470; x_wconf 86' lang='grc' dir='ltr'>Σουρεί·.</span> 
     </span>
    </p>
   </div>
   <div class='ocr_carea' id='block_1_66' title="bbox 328 3468 1984 3562">
    <p class='ocr_par' dir='ltr' id='par_1_66' title="bbox 328 3480 1979 3554">
     <span class='ocr_line' id='line_1_66' title="bbox 328 3480 1979 3554; baseline 0 -17"><span class='ocrx_word' id='word_1_515' title='bbox 328 3483 400 3538; x_wconf 86' lang='lat' dir='ltr'>de</span> <span class='ocrx_word' id='word_1_516' title='bbox 430 3481 586 3538; x_wconf 87' lang='lat' dir='ltr'>tribu</span> <span class='ocrx_word' id='word_1_517' title='bbox 619 3480 917 3554; x_wconf 88' lang='lat' dir='ltr'>Ephraim,</span> <span class='ocrx_word' id='word_1_518' title='bbox 952 3482 1178 3538; x_wconf 89' lang='lat' dir='ltr'>Nauses</span> <span class='ocrx_word' id='word_1_519' title='bbox 1227 3483 1387 3537; x_wconf 88' lang='lat' dir='ltr'>ﬁlius</span> <span class='ocrx_word' id='word_1_520' title='bbox 1442 3482 1634 3551; x_wconf 80' lang='lat' dir='ltr'>Nave;</span> <span class='ocrx_word' id='word_1_521' title='bbox 1696 3483 1769 3537; x_wconf 86' lang='lat' dir='ltr'>de</span> <span class='ocrx_word' id='word_1_522' title='bbox 1824 3483 1979 3538; x_wconf 83' lang='lat' dir='ltr'>tribu</span> 
     </span>
    </p>
   </div>
   <div class='ocr_carea' id='block_1_67' title="bbox 2096 3468 3752 3562">
    <p class='ocr_par' dir='ltr' id='par_1_67' title="bbox 2096 3468 3752 3562">
     <span class='ocr_line' id='line_1_67' title="bbox 2096 3468 3752 3562; baseline 0.004 -29"><span class='ocrx_word' id='word_1_523' title='bbox 2096 3485 2192 3562; x_wconf 82' lang='grc' dir='ltr'>τῆς</span> <span class='ocrx_word' id='word_1_524' title='bbox 2243 3480 2419 3560; x_wconf 79' lang='grc' dir='ltr'>φυλῆς</span> <span class='ocrx_word' id='word_1_525' title='bbox 2480 3468 2657 3537; x_wconf 89' lang='grc' dir='ltr'>Ἰούδα</span> <span class='ocrx_word' id='word_1_526' title='bbox 2710 3476 2890 3538; x_wconf 76' lang='grc' dir='ltr'>Χαλὶϐ</span> <span class='ocrx_word' id='word_1_527' title='bbox 2948 3483 3062 3545; x_wconf 77' lang='grc' dir='ltr'>υίὸς</span> <span class='ocrx_word' id='word_1_528' title='bbox 3122 3468 3357 3562; x_wconf 83' lang='grc' dir='ltr'>Ἰεφονῆ’</span> <span class='ocrx_word' id='word_1_529' title='bbox 3414 3487 3513 3553; x_wconf 81' lang='grc' dir='ltr'>τῆς</span> <span class='ocrx_word' id='word_1_530' title='bbox 3573 3468 3752 3560; x_wconf 78' lang='grc' dir='ltr'>φυλῆς</span> 
     </span>
    </p>
   </div>
   <div class='ocr_carea' id='block_1_68' title="bbox 328 3569 1982 3643">
    <p class='ocr_par' dir='ltr' id='par_1_68' title="bbox 328 3569 1982 3643">
     <span class='ocr_line' id='line_1_68' title="bbox 328 3569 1982 3643; baseline 0 -17"><span class='ocrx_word' id='word_1_531' title='bbox 328 3570 660 3642; x_wconf 82' lang='lat' dir='ltr'>Benjamin,</span> <span class='ocrx_word' id='word_1_532' title='bbox 696 3569 919 3627; x_wconf 85' lang='lat' dir='ltr'>Phaltin</span> <span class='ocrx_word' id='word_1_533' title='bbox 955 3570 1115 3626; x_wconf 89' lang='lat' dir='ltr'>ﬁlius</span> <span class='ocrx_word' id='word_1_534' title='bbox 1147 3570 1354 3643; x_wconf 83' lang='lat' dir='ltr'>Rapbu</span> <span class='ocrx_word' id='word_1_535' title='bbox 1385 3587 1399 3639; x_wconf 88' lang='lat'><strong>;</strong></span> <span class='ocrx_word' id='word_1_536' title='bbox 1430 3572 1500 3626; x_wconf 84' lang='lat' dir='ltr'>de</span> <span class='ocrx_word' id='word_1_537' title='bbox 1523 3569 1679 3627; x_wconf 88' lang='lat' dir='ltr'>tribu</span> <span class='ocrx_word' id='word_1_538' title='bbox 1701 3571 1982 3643; x_wconf 88' lang='lat' dir='ltr'>Zabulon,</span> 
     </span>
    </p>
   </div>
   <div class='ocr_carea' id='block_1_69' title="bbox 331 3657 1988 3732">
    <p class='ocr_par' dir='ltr' id='par_1_69' title="bbox 331 3657 1988 3732">
     <span class='ocr_line' id='line_1_69' title="bbox 331 3657 1988 3732; baseline 0.001 -17"><span class='ocrx_word' id='word_1_539' title='bbox 331 3658 537 3715; x_wconf 85' lang='lat' dir='ltr'>Gudiel</span> <span class='ocrx_word' id='word_1_540' title='bbox 572 3660 730 3714; x_wconf 87' lang='lat' dir='ltr'>ﬁlius</span> <span class='ocrx_word' id='word_1_541' title='bbox 763 3661 904 3716; x_wconf 91' lang='lat' dir='ltr'>Sudi</span> <span class='ocrx_word' id='word_1_542' title='bbox 933 3678 947 3727; x_wconf 90' lang='lat'><strong>;</strong></span> <span class='ocrx_word' id='word_1_543' title='bbox 985 3660 1056 3715; x_wconf 89' lang='lat' dir='ltr'>de</span> <span class='ocrx_word' id='word_1_544' title='bbox 1084 3661 1239 3715; x_wconf 90' lang='lat' dir='ltr'>tribu</span> <span class='ocrx_word' id='word_1_545' title='bbox 1271 3658 1517 3732; x_wconf 87' lang='lat' dir='ltr'>Josepb,</span> <span class='ocrx_word' id='word_1_546' title='bbox 1550 3657 1809 3716; x_wconf 89' lang='lat' dir='ltr'>ﬁliorum</span> <span class='ocrx_word' id='word_1_547' title='bbox 1873 3660 1988 3716; x_wconf 81' lang='lat' dir='ltr'>Ma-</span> 
     </span>
    </p>
   </div>
   <div class='ocr_carea' id='block_1_70' title="bbox 337 3748 1987 3816">
    <p class='ocr_par' dir='ltr' id='par_1_70' title="bbox 337 3748 1987 3816">
     <span class='ocr_line' id='line_1_70' title="bbox 337 3748 1987 3816; baseline 0.002 -13"><span class='ocrx_word' id='word_1_548' title='bbox 337 3764 563 3815; x_wconf 89' lang='lat' dir='ltr'>nasses,</span> <span class='ocrx_word' id='word_1_549' title='bbox 597 3748 785 3804; x_wconf 86' lang='lat' dir='ltr'>Gaddi</span> <span class='ocrx_word' id='word_1_550' title='bbox 818 3749 975 3805; x_wconf 88' lang='lat' dir='ltr'>ﬁlius</span> <span class='ocrx_word' id='word_1_551' title='bbox 1008 3749 1174 3804; x_wconf 84' lang='lat' dir='ltr'>Sussi</span> <span class='ocrx_word' id='word_1_552' title='bbox 1203 3767 1216 3816; x_wconf 90' lang='lat'><strong>;</strong></span> <span class='ocrx_word' id='word_1_553' title='bbox 1249 3751 1318 3804; x_wconf 92' lang='lat' dir='ltr'>de</span> <span class='ocrx_word' id='word_1_554' title='bbox 1375 3750 1532 3805; x_wconf 89' lang='lat' dir='ltr'>tribu</span> <span class='ocrx_word' id='word_1_555' title='bbox 1585 3750 1731 3816; x_wconf 87' lang='lat' dir='ltr'>Dan,</span> <span class='ocrx_word' id='word_1_556' title='bbox 1792 3750 1987 3806; x_wconf 75' lang='lat' dir='ltr'>Amica</span> 
     </span>
    </p>
   </div>
   <div class='ocr_carea' id='block_1_71' title="bbox 336 3837 1987 3907">
    <p class='ocr_par' dir='ltr' id='par_1_71' title="bbox 336 3837 1987 3907">
     <span class='ocr_line' id='line_1_71' title="bbox 336 3837 1987 3907; baseline 0 -14"><span class='ocrx_word' id='word_1_557' title='bbox 336 3837 497 3893; x_wconf 87' lang='lat' dir='ltr'>ﬁlius</span> <span class='ocrx_word' id='word_1_558' title='bbox 530 3837 758 3906; x_wconf 65' lang='lat' dir='ltr'>Games;</span> <span class='ocrx_word' id='word_1_559' title='bbox 790 3839 860 3894; x_wconf 89' lang='lat' dir='ltr'>de</span> <span class='ocrx_word' id='word_1_560' title='bbox 889 3838 1047 3893; x_wconf 91' lang='lat' dir='ltr'>tribu</span> <span class='ocrx_word' id='word_1_561' title='bbox 1079 3841 1245 3906; x_wconf 86' lang='lat' dir='ltr'>Aser,</span> <span class='ocrx_word' id='word_1_562' title='bbox 1278 3837 1496 3894; x_wconf 87' lang='lat' dir='ltr'>Sathur</span> <span class='ocrx_word' id='word_1_563' title='bbox 1526 3838 1684 3894; x_wconf 89' lang='lat' dir='ltr'>ﬁlius</span> <span class='ocrx_word' id='word_1_564' title='bbox 1704 3838 1987 3907; x_wconf 86' lang='lat' dir='ltr'>Michael;</span> 
     </span>
    </p>
   </div>
   <div class='ocr_carea' id='block_1_72' title="bbox 338 3926 1988 3998">
    <p class='ocr_par' dir='ltr' id='par_1_72' title="bbox 338 3926 1988 3998">
     <span class='ocr_line' id='line_1_72' title="bbox 338 3926 1988 3998; baseline 0.001 -16"><span class='ocrx_word' id='word_1_565' title='bbox 338 3927 411 3982; x_wconf 91' lang='lat' dir='ltr'>de</span> <span class='ocrx_word' id='word_1_566' title='bbox 440 3927 595 3982; x_wconf 89' lang='lat' dir='ltr'>tribu</span> <span class='ocrx_word' id='word_1_567' title='bbox 629 3926 1028 3998; x_wconf 74' lang='lat' dir='ltr'>Nepbtlialim,</span> <span class='ocrx_word' id='word_1_568' title='bbox 1064 3926 1208 3983; x_wconf 88' lang='lat' dir='ltr'>Nabi</span> <span class='ocrx_word' id='word_1_569' title='bbox 1242 3927 1401 3982; x_wconf 87' lang='lat' dir='ltr'>ﬁlius</span> <span class='ocrx_word' id='word_1_570' title='bbox 1459 3926 1642 3995; x_wconf 83' lang='lat' dir='ltr'>Nabi;</span> <span class='ocrx_word' id='word_1_571' title='bbox 1701 3927 1772 3983; x_wconf 87' lang='lat' dir='ltr'>de</span> <span class='ocrx_word' id='word_1_572' title='bbox 1830 3928 1988 3983; x_wconf 88' lang='lat' dir='ltr'>tribu</span> 
     </span>
    </p>
   </div>
   <div class='ocr_carea' id='block_1_73' title="bbox 338 4015 1991 4084">
    <p class='ocr_par' dir='ltr' id='par_1_73' title="bbox 338 4015 1991 4084">
     <span class='ocr_line' id='line_1_73' title="bbox 338 4015 1991 4084; baseline -0.001 -13"><span class='ocrx_word' id='word_1_573' title='bbox 338 4015 484 4084; x_wconf 89' lang='lat' dir='ltr'>Gad,</span> <span class='ocrx_word' id='word_1_574' title='bbox 517 4015 912 4071; x_wconf 88' lang='lat' dir='ltr'>Gaddidudiel</span> <span class='ocrx_word' id='word_1_575' title='bbox 945 4015 1103 4071; x_wconf 88' lang='lat' dir='ltr'>ﬁlius</span> <span class='ocrx_word' id='word_1_576' title='bbox 1136 4015 1345 4071; x_wconf 87' lang='lat' dir='ltr'>Machi.</span> <span class='ocrx_word' id='word_1_577' title='bbox 1387 4022 1566 4071; x_wconf 86' lang='lat' dir='ltr'>Locus</span> <span class='ocrx_word' id='word_1_578' title='bbox 1625 4030 1778 4083; x_wconf 84' lang='lat' dir='ltr'>vero,</span> <span class='ocrx_word' id='word_1_579' title='bbox 1839 4016 1991 4071; x_wconf 86' lang='lat' dir='ltr'>unde</span> 
     </span>
    </p>
   </div>
   <div class='ocr_carea' id='block_1_74' title="bbox 337 4104 1990 4170">
    <p class='ocr_par' dir='ltr' id='par_1_74' title="bbox 337 4104 1990 4170">
     <span class='ocr_line' id='line_1_74' title="bbox 337 4104 1990 4170; baseline 0.001 -11"><span class='ocrx_word' id='word_1_580' title='bbox 337 4104 503 4160; x_wconf 87' lang='lat' dir='ltr'>missi</span> <span class='ocrx_word' id='word_1_581' title='bbox 531 4108 689 4170; x_wconf 84' lang='lat' dir='ltr'>sunt,</span> <span class='ocrx_word' id='word_1_582' title='bbox 715 4109 803 4159; x_wconf 87' lang='lat' dir='ltr'>est</span> <span class='ocrx_word' id='word_1_583' title='bbox 824 4104 1050 4159; x_wconf 87' lang='lat' dir='ltr'>Pbaran</span> <span class='ocrx_word' id='word_1_584' title='bbox 1075 4110 1132 4161; x_wconf 88' lang='lat' dir='ltr'>et</span> <span class='ocrx_word' id='word_1_585' title='bbox 1157 4105 1341 4161; x_wconf 84' lang='lat' dir='ltr'>Gades</span> <span class='ocrx_word' id='word_1_586' title='bbox 1363 4106 1569 4161; x_wconf 87' lang='lat' dir='ltr'>Barne.</span> <span class='ocrx_word' id='word_1_587' title='bbox 1600 4105 1764 4161; x_wconf 91' lang='lat' dir='ltr'>Tunc</span> <span class='ocrx_word' id='word_1_588' title='bbox 1797 4110 1990 4161; x_wconf 84' lang='lat' dir='ltr'>Nause</span> 
     </span>
    </p>
   </div>
   <div class='ocr_carea' id='block_1_75' title="bbox 335 4191 1992 4266">
    <p class='ocr_par' dir='ltr' id='par_1_75' title="bbox 335 4191 1992 4266">
     <span class='ocr_line' id='line_1_75' title="bbox 335 4191 1992 4266; baseline 0.002 -19"><span class='ocrx_word' id='word_1_589' title='bbox 335 4191 523 4248; x_wconf 89' lang='lat' dir='ltr'>ﬁlium</span> <span class='ocrx_word' id='word_1_590' title='bbox 555 4192 710 4249; x_wconf 85' lang='lat' dir='ltr'>Nave</span> <span class='ocrx_word' id='word_1_591' title='bbox 742 4192 965 4265; x_wconf 85' lang='lat' dir='ltr'>Moyses</span> <span class='ocrx_word' id='word_1_592' title='bbox 993 4193 1193 4249; x_wconf 90' lang='lat' dir='ltr'>Jesum</span> <span class='ocrx_word' id='word_1_593' title='bbox 1227 4195 1571 4251; x_wconf 88' lang='lat' dir='ltr'>nominavit.</span> <span class='ocrx_word' id='word_1_594' title='bbox 1607 4193 1866 4266; x_wconf 85' lang='lat' dir='ltr'>Tempus</span> <span class='ocrx_word' id='word_1_595' title='bbox 1888 4210 1992 4250; x_wconf 88' lang='lat' dir='ltr'>au-</span> 
     </span>
    </p>
   </div>
   <div class='ocr_carea' id='block_1_76' title="bbox 336 4281 1992 4356">
    <p class='ocr_par' dir='ltr' id='par_1_76' title="bbox 336 4281 1992 4356">
     <span class='ocr_line' id='line_1_76' title="bbox 336 4281 1992 4356; baseline 0.003 -21"><span class='ocrx_word' id='word_1_596' title='bbox 336 4286 479 4348; x_wconf 85' lang='lat' dir='ltr'>tem,</span> <span class='ocrx_word' id='word_1_597' title='bbox 511 4296 627 4353; x_wconf 92' lang='lat' dir='ltr'>quo</span> <span class='ocrx_word' id='word_1_598' title='bbox 660 4281 824 4337; x_wconf 88' lang='lat' dir='ltr'>missi</span> <span class='ocrx_word' id='word_1_599' title='bbox 856 4288 1016 4354; x_wconf 86' lang='lat' dir='ltr'>sunt,</span> <span class='ocrx_word' id='word_1_600' title='bbox 1050 4288 1175 4339; x_wconf 88' lang='lat' dir='ltr'>erat</span> <span class='ocrx_word' id='word_1_601' title='bbox 1204 4284 1353 4339; x_wconf 86' lang='lat' dir='ltr'>veris</span> <span class='ocrx_word' id='word_1_602' title='bbox 1414 4284 1701 4352; x_wconf 90' lang='lat' dir='ltr'>medium,</span> <span class='ocrx_word' id='word_1_603' title='bbox 1759 4284 1821 4339; x_wconf 91' lang='lat' dir='ltr'>in</span> <span class='ocrx_word' id='word_1_604' title='bbox 1876 4300 1992 4356; x_wconf 91' lang='lat' dir='ltr'>quo</span> 
     </span>
    </p>
   </div>
   <div class='ocr_carea' id='block_1_77' title="bbox 329 4370 1995 4444">
    <p class='ocr_par' dir='ltr' id='par_1_77' title="bbox 329 4370 1995 4444">
     <span class='ocr_line' id='line_1_77' title="bbox 329 4370 1995 4444; baseline 0.002 -20"><span class='ocrx_word' id='word_1_605' title='bbox 329 4370 457 4441; x_wconf 91' lang='lat' dir='ltr'>jam</span> <span class='ocrx_word' id='word_1_606' title='bbox 489 4372 825 4441; x_wconf 84' lang='lat' dir='ltr'>praematuri</span> <span class='ocrx_word' id='word_1_607' title='bbox 858 4371 1007 4427; x_wconf 87' lang='lat' dir='ltr'>botri</span> <span class='ocrx_word' id='word_1_608' title='bbox 1039 4387 1247 4440; x_wconf 81' lang='lat' dir='ltr'>erant;</span> <span class='ocrx_word' id='word_1_609' title='bbox 1282 4378 1341 4429; x_wconf 89' lang='lat' dir='ltr'>et</span> <span class='ocrx_word' id='word_1_610' title='bbox 1398 4374 1546 4438; x_wconf 81' lang='lat' dir='ltr'>dies,</span> <span class='ocrx_word' id='word_1_611' title='bbox 1608 4372 1826 4444; x_wconf 84' lang='lat' dir='ltr'>quibus</span> <span class='ocrx_word' id='word_1_612' title='bbox 1881 4376 1995 4429; x_wconf 89' lang='lat' dir='ltr'>ter-</span> 
     </span>
    </p>
   </div>
   <div class='ocr_carea' id='block_1_78' title="bbox 338 4458 1610 4535">
    <p class='ocr_par' dir='ltr' id='par_1_78' title="bbox 338 4458 1610 4535">
     <span class='ocr_line' id='line_1_78' title="bbox 338 4458 1610 4535; baseline 0.002 -21"><span class='ocrx_word' id='word_1_613' title='bbox 338 4475 467 4514; x_wconf 88' lang='lat' dir='ltr'>ram</span> <span class='ocrx_word' id='word_1_614' title='bbox 497 4458 896 4532; x_wconf 81' lang='lat' dir='ltr'>explorarunt,</span> <span class='ocrx_word' id='word_1_615' title='bbox 928 4461 1167 4516; x_wconf 83' lang='lat' dir='ltr'>fuerunt</span> <span class='ocrx_word' id='word_1_616' title='bbox 1197 4463 1610 4535; x_wconf 88' lang='lat' dir='ltr'>quadraginta.</span> 
     </span>
    </p>
   </div>
   <div class='ocr_carea' id='block_1_79' title="bbox 2097 3560 3754 3651">
    <p class='ocr_par' dir='ltr' id='par_1_79' title="bbox 2097 3560 3754 3651">
     <span class='ocr_line' id='line_1_79' title="bbox 2097 3560 3754 3651; baseline 0 -25"><span class='ocrx_word' id='word_1_617' title='bbox 2097 3560 2317 3647; x_wconf 80' lang='grc' dir='ltr'>Ἰσαχάρ</span> <span class='ocrx_word' id='word_1_618' title='bbox 2377 3569 2561 3626; x_wconf 75' lang='grc' dir='ltr'>Ἰλαάλ</span> <span class='ocrx_word' id='word_1_619' title='bbox 2621 3572 2736 3633; x_wconf 72' lang='grc' dir='ltr'>υἱὸς</span> <span class='ocrx_word' id='word_1_620' title='bbox 2783 3572 3006 3650; x_wconf 70' lang='grc' dir='ltr'>Ἰωσήφ·</span> <span class='ocrx_word' id='word_1_621' title='bbox 3085 3560 3216 3642; x_wconf 14' lang='grc' dir='ltr'>τῆςή</span> <span class='ocrx_word' id='word_1_622' title='bbox 3264 3570 3444 3651; x_wconf 85' lang='grc' dir='ltr'>φυλῆς</span> <span class='ocrx_word' id='word_1_623' title='bbox 3520 3573 3754 3651; x_wconf 75' lang='grc' dir='ltr'>Ἐφραῒμ</span> 
     </span>
    </p>
   </div>
   <div class='ocr_carea' id='block_1_80' title="bbox 2098 3657 3753 3738">
    <p class='ocr_par' dir='ltr' id='par_1_80' title="bbox 2098 3657 3753 3738">
     <span class='ocr_line' id='line_1_80' title="bbox 2098 3657 3753 3738; baseline 0.001 -22"><span class='ocrx_word' id='word_1_624' title='bbox 2098 3666 2317 3730; x_wconf 81' lang='grc' dir='ltr'>Ναυσῆς</span> <span class='ocrx_word' id='word_1_625' title='bbox 2376 3661 2486 3730; x_wconf 84' lang='grc'>(95)</span> <span class='ocrx_word' id='word_1_626' title='bbox 2546 3658 2661 3722; x_wconf 77' lang='grc' dir='ltr'>υἱὸς</span> <span class='ocrx_word' id='word_1_627' title='bbox 2720 3661 2897 3728; x_wconf 85' lang='grc' dir='ltr'>Ναυῆ·</span> <span class='ocrx_word' id='word_1_628' title='bbox 2960 3666 3058 3729; x_wconf 86' lang='grc' dir='ltr'>τῆς</span> <span class='ocrx_word' id='word_1_629' title='bbox 3101 3657 3280 3738; x_wconf 81' lang='grc' dir='ltr'>φυλῆς</span> <span class='ocrx_word' id='word_1_630' title='bbox 3316 3659 3573 3734; x_wconf 74' lang='grc' dir='ltr'>Βενιαμίν</span> <span class='ocrx_word' id='word_1_631' title='bbox 3601 3660 3753 3717; x_wconf 79' lang='grc' dir='ltr'>Φαλ-</span> 
     </span>
    </p>
   </div>
   <div class='ocr_carea' id='block_1_81' title="bbox 2096 3745 3755 3828">
    <p class='ocr_par' dir='ltr' id='par_1_81' title="bbox 2096 3745 3755 3828">
     <span class='ocr_line' id='line_1_81' title="bbox 2096 3745 3755 3828; baseline -0.001 -23"><span class='ocrx_word' id='word_1_632' title='bbox 2096 3750 2205 3805; x_wconf 67' lang='grc' dir='ltr'>τείν</span> <span class='ocrx_word' id='word_1_633' title='bbox 2240 3749 2354 3810; x_wconf 67' lang='grc' dir='ltr'>υἱὸς</span> <span class='ocrx_word' id='word_1_634' title='bbox 2383 3753 2598 3826; x_wconf 73' lang='grc' dir='ltr'>“Ραφοῦ·</span> <span class='ocrx_word' id='word_1_635' title='bbox 2655 3754 2756 3818; x_wconf 88' lang='grc' dir='ltr'>τῆς</span> <span class='ocrx_word' id='word_1_636' title='bbox 2786 3747 2967 3828; x_wconf 85' lang='grc' dir='ltr'>φυλῆς</span> <span class='ocrx_word' id='word_1_637' title='bbox 3028 3745 3320 3805; x_wconf 88' lang='grc' dir='ltr'>Ζαϐουλὼν</span> <span class='ocrx_word' id='word_1_638' title='bbox 3353 3747 3591 3819; x_wconf 77' lang='grc' dir='ltr'>Γουδιήλ</span> <span class='ocrx_word' id='word_1_639' title='bbox 3642 3749 3755 3812; x_wconf 74' lang='grc' dir='ltr'>υἱὸς</span> 
     </span>
    </p>
   </div>
   <div class='ocr_carea' id='block_1_82' title="bbox 2099 3835 3756 3915">
    <p class='ocr_par' dir='ltr' id='par_1_82' title="bbox 2099 3835 3756 3915">
     <span class='ocr_line' id='line_1_82' title="bbox 2099 3835 3756 3915; baseline 0 -22"><span class='ocrx_word' id='word_1_640' title='bbox 2099 3835 2288 3893; x_wconf 88' lang='grc' dir='ltr'>Σουδί·</span> <span class='ocrx_word' id='word_1_641' title='bbox 2344 3843 2446 3906; x_wconf 85' lang='grc' dir='ltr'>τῆς</span> <span class='ocrx_word' id='word_1_642' title='bbox 2477 3836 2656 3915; x_wconf 86' lang='grc' dir='ltr'>φυλῆς</span> <span class='ocrx_word' id='word_1_643' title='bbox 2690 3838 2917 3915; x_wconf 73' lang='grc' dir='ltr'>Ἰωσὴφ,</span> <span class='ocrx_word' id='word_1_644' title='bbox 2949 3841 3058 3893; x_wconf 86' lang='grc' dir='ltr'>τῶν</span> <span class='ocrx_word' id='word_1_645' title='bbox 3091 3839 3222 3893; x_wconf 76' lang='grc' dir='ltr'>υἱῶν</span> <span class='ocrx_word' id='word_1_646' title='bbox 3263 3845 3541 3909; x_wconf 82' lang='grc' dir='ltr'>Μανασσῆ,</span> <span class='ocrx_word' id='word_1_647' title='bbox 3593 3836 3756 3895; x_wconf 82' lang='grc' dir='ltr'>Γαδδὶ</span> 
     </span>
    </p>
   </div>
   <div class='ocr_carea' id='block_1_83' title="bbox 2100 3925 3758 4004">
    <p class='ocr_par' dir='ltr' id='par_1_83' title="bbox 2100 3925 3758 4004">
     <span class='ocr_line' id='line_1_83' title="bbox 2100 3925 3758 4004; baseline 0.001 -23"><span class='ocrx_word' id='word_1_648' title='bbox 2100 3926 2217 3988; x_wconf 76' lang='grc' dir='ltr'>υἱὸς</span> <span class='ocrx_word' id='word_1_649' title='bbox 2250 3926 2465 3981; x_wconf 88' lang='grc' dir='ltr'>Σουσσί·</span> <span class='ocrx_word' id='word_1_650' title='bbox 2523 3932 2626 3995; x_wconf 86' lang='grc' dir='ltr'>τῆς</span> <span class='ocrx_word' id='word_1_651' title='bbox 2659 3926 2841 4004; x_wconf 80' lang='grc' dir='ltr'>φυλῆς</span> <span class='ocrx_word' id='word_1_652' title='bbox 2872 3928 2972 3981; x_wconf 76' lang='grc' dir='ltr'>Δάν</span> <span class='ocrx_word' id='word_1_653' title='bbox 3016 3925 3217 4001; x_wconf 87' lang='grc' dir='ltr'>Ἀμίης</span> <span class='ocrx_word' id='word_1_654' title='bbox 3249 3930 3361 4001; x_wconf 84' lang='grc'>(96)</span> <span class='ocrx_word' id='word_1_655' title='bbox 3394 3928 3509 3991; x_wconf 71' lang='grc' dir='ltr'>υίὸς</span> <span class='ocrx_word' id='word_1_656' title='bbox 3561 3930 3758 4002; x_wconf 87' lang='grc' dir='ltr'>Γαμαί·</span> 
     </span>
    </p>
   </div>
   <div class='ocr_carea' id='block_1_84' title="bbox 2099 4015 3768 4097">
    <p class='ocr_par' dir='ltr' id='par_1_84' title="bbox 2099 4015 3768 4097">
     <span class='ocr_line' id='line_1_84' title="bbox 2099 4015 3768 4097; baseline 0.001 -25"><span class='ocrx_word' id='word_1_657' title='bbox 2099 4022 2200 4087; x_wconf 86' lang='grc' dir='ltr'>τῆς</span> <span class='ocrx_word' id='word_1_658' title='bbox 2232 4015 2411 4095; x_wconf 86' lang='grc' dir='ltr'>φυλῆς</span> <span class='ocrx_word' id='word_1_659' title='bbox 2464 4016 2631 4092; x_wconf 78' lang='grc' dir='ltr'>Ἀσὴρ</span> <span class='ocrx_word' id='word_1_660' title='bbox 2684 4016 2898 4093; x_wconf 83' lang='grc' dir='ltr'>Σαθοὺρ</span> <span class='ocrx_word' id='word_1_661' title='bbox 2949 4018 3065 4079; x_wconf 74' lang='grc' dir='ltr'>υίὸς</span> <span class='ocrx_word' id='word_1_662' title='bbox 3119 4017 3372 4093; x_wconf 80' lang='grc' dir='ltr'>Μιχαήλ·</span> <span class='ocrx_word' id='word_1_663' title='bbox 3432 4026 3535 4087; x_wconf 78' lang='grc' dir='ltr'>τῆς</span> <span class='ocrx_word' id='word_1_664' title='bbox 3588 4024 3768 4097; x_wconf 73' lang='grc' dir='ltr'>φυλῆς</span> 
     </span>
    </p>
   </div>
   <div class='ocr_carea' id='block_1_85' title="bbox 2100 4099 3762 4183">
    <p class='ocr_par' dir='ltr' id='par_1_85' title="bbox 2100 4099 3762 4183">
     <span class='ocr_line' id='line_1_85' title="bbox 2100 4099 3762 4183; baseline 0.001 -23"><span class='ocrx_word' id='word_1_665' title='bbox 2100 4104 2418 4183; x_wconf 70' lang='grc' dir='ltr'>Νεφθαλείμ</span> <span class='ocrx_word' id='word_1_666' title='bbox 2473 4099 2613 4159; x_wconf 81' lang='grc' dir='ltr'>Ναϐὶ</span> <span class='ocrx_word' id='word_1_667' title='bbox 2684 4103 2800 4167; x_wconf 74' lang='grc' dir='ltr'>υἱὸς</span> <span class='ocrx_word' id='word_1_668' title='bbox 2882 4100 3019 4160; x_wconf 85' lang='grc' dir='ltr'>Ναϐί</span> <span class='ocrx_word' id='word_1_669' title='bbox 3258 4113 3360 4176; x_wconf 88' lang='grc' dir='ltr'>τῆς</span> <span class='ocrx_word' id='word_1_670' title='bbox 3417 4105 3594 4183; x_wconf 84' lang='grc' dir='ltr'>φυλῆς</span> <span class='ocrx_word' id='word_1_671' title='bbox 3657 4103 3762 4161; x_wconf 80' lang='grc' dir='ltr'>Γὰδ</span> 
     </span>
    </p>
   </div>
   <div class='ocr_carea' id='block_1_86' title="bbox 2101 4191 3759 4272">
    <p class='ocr_par' dir='ltr' id='par_1_86' title="bbox 2101 4191 3759 4272">
     <span class='ocr_line' id='line_1_86' title="bbox 2101 4191 3759 4272; baseline 0.002 -25"><span class='ocrx_word' id='word_1_672' title='bbox 2101 4191 2498 4262; x_wconf 80' lang='grc' dir='ltr'>Γαδδιδουδιήλ</span> <span class='ocrx_word' id='word_1_673' title='bbox 2530 4194 2645 4255; x_wconf 78' lang='grc' dir='ltr'>υἱὸς</span> <span class='ocrx_word' id='word_1_674' title='bbox 2677 4193 2853 4269; x_wconf 83' lang='grc' dir='ltr'>Μαχέ.</span> <span class='ocrx_word' id='word_1_675' title='bbox 2887 4195 2948 4251; x_wconf 73' lang='grc' dir='ltr'>Ὀ</span> <span class='ocrx_word' id='word_1_676' title='bbox 2980 4191 3037 4250; x_wconf 73' lang='grc' dir='ltr'>δὲ</span> <span class='ocrx_word' id='word_1_677' title='bbox 3066 4194 3256 4263; x_wconf 83' lang='grc' dir='ltr'>τύπος,</span> <span class='ocrx_word' id='word_1_678' title='bbox 3290 4196 3378 4272; x_wconf 86' lang='grc' dir='ltr'>ἀφ’</span> <span class='ocrx_word' id='word_1_679' title='bbox 3408 4196 3470 4250; x_wconf 81' lang='grc' dir='ltr'>οὗ</span> <span class='ocrx_word' id='word_1_680' title='bbox 3522 4195 3759 4250; x_wconf 86' lang='grc' dir='ltr'>ἀπεστά-</span> 
     </span>
    </p>
   </div>
   <div class='ocr_carea' id='block_1_87' title="bbox 2102 4280 3761 4360">
    <p class='ocr_par' dir='ltr' id='par_1_87' title="bbox 2102 4280 3761 4360">
     <span class='ocr_line' id='line_1_87' title="bbox 2102 4280 3761 4360; baseline 0 -21"><span class='ocrx_word' id='word_1_681' title='bbox 2102 4283 2275 4355; x_wconf 81' lang='grc' dir='ltr'>λησάν</span> <span class='ocrx_word' id='word_1_682' title='bbox 2332 4282 2442 4338; x_wconf 67' lang='grc' dir='ltr'>ἐστι</span> <span class='ocrx_word' id='word_1_683' title='bbox 2503 4283 2685 4358; x_wconf 84' lang='grc' dir='ltr'>Φαράν</span> <span class='ocrx_word' id='word_1_684' title='bbox 2736 4281 2826 4337; x_wconf 75' lang='grc' dir='ltr'>καέ</span> <span class='ocrx_word' id='word_1_685' title='bbox 2887 4280 3073 4354; x_wconf 79' lang='grc' dir='ltr'>Κάδης</span> <span class='ocrx_word' id='word_1_686' title='bbox 3128 4284 3323 4360; x_wconf 83' lang='grc' dir='ltr'>Βάρνη.</span> <span class='ocrx_word' id='word_1_687' title='bbox 3370 4285 3501 4340; x_wconf 84' lang='grc' dir='ltr'>Τότε</span> <span class='ocrx_word' id='word_1_688' title='bbox 3552 4280 3761 4340; x_wconf 78' lang='grc' dir='ltr'>ἐπωνό-</span> 
     </span>
    </p>
   </div>
   <div class='ocr_carea' id='block_1_88' title="bbox 2107 4371 3764 4445">
    <p class='ocr_par' dir='ltr' id='par_1_88' title="bbox 2107 4371 3764 4445">
     <span class='ocr_line' id='line_1_88' title="bbox 2107 4371 3764 4445; baseline 0.002 -20"><span class='ocrx_word' id='word_1_689' title='bbox 2107 4391 2242 4445; x_wconf 89' lang='grc' dir='ltr'>μασε</span> <span class='ocrx_word' id='word_1_690' title='bbox 2298 4377 2534 4439; x_wconf 80' lang='grc' dir='ltr'>Μωϋσῆς</span> <span class='ocrx_word' id='word_1_691' title='bbox 2585 4372 2676 4426; x_wconf 85' lang='grc' dir='ltr'>τὸν</span> <span class='ocrx_word' id='word_1_692' title='bbox 2729 4377 2911 4441; x_wconf 84' lang='grc' dir='ltr'>Ναυσῆ</span> <span class='ocrx_word' id='word_1_693' title='bbox 2957 4371 3049 4427; x_wconf 85' lang='grc' dir='ltr'>τὸν</span> <span class='ocrx_word' id='word_1_694' title='bbox 3095 4371 3211 4426; x_wconf 70' lang='grc' dir='ltr'>υἱὸν</span> <span class='ocrx_word' id='word_1_695' title='bbox 3256 4379 3406 4442; x_wconf 84' lang='grc' dir='ltr'>Ναυῆ</span> <span class='ocrx_word' id='word_1_696' title='bbox 3441 4373 3673 4444; x_wconf 78' lang='grc' dir='ltr'>Ἰησοῦν,</span> <span class='ocrx_word' id='word_1_697' title='bbox 3707 4375 3764 4428; x_wconf 79' lang='grc' dir='ltr'>Ὀ</span> 
     </span>
    </p>
   </div>
   <div class='ocr_carea' id='block_1_89' title="bbox 2106 4458 3769 4539">
    <p class='ocr_par' dir='ltr' id='par_1_89' title="bbox 2106 4458 3769 4539">
     <span class='ocr_line' id='line_1_89' title="bbox 2106 4458 3769 4539; baseline 0.001 -24"><span class='ocrx_word' id='word_1_698' title='bbox 2106 4458 2167 4515; x_wconf 67' lang='grc' dir='ltr'>δὲ</span> <span class='ocrx_word' id='word_1_699' title='bbox 2197 4460 2408 4536; x_wconf 82' lang='grc' dir='ltr'>καιρὸς,</span> <span class='ocrx_word' id='word_1_700' title='bbox 2443 4459 2494 4515; x_wconf 75' lang='grc' dir='ltr'>ἰν</span> <span class='ocrx_word' id='word_1_701' title='bbox 2526 4461 2573 4533; x_wconf 80' lang='grc' dir='ltr'>ᾧ</span> <span class='ocrx_word' id='word_1_702' title='bbox 2603 4459 2977 4539; x_wconf 77' lang='grc' dir='ltr'>έπεμφθησαν,</span> <span class='ocrx_word' id='word_1_703' title='bbox 3010 4461 3073 4515; x_wconf 85' lang='grc' dir='ltr'>τὸ</span> <span class='ocrx_word' id='word_1_704' title='bbox 3138 4462 3298 4535; x_wconf 76' lang='grc' dir='ltr'>μέσον</span> <span class='ocrx_word' id='word_1_705' title='bbox 3350 4466 3446 4516; x_wconf 71' lang='grc' dir='ltr'>τοῦ</span> <span class='ocrx_word' id='word_1_706' title='bbox 3491 4460 3649 4539; x_wconf 79' lang='grc' dir='ltr'>ἔαρος</span> <span class='ocrx_word' id='word_1_707' title='bbox 3679 4464 3769 4531; x_wconf 75' lang='grc' dir='ltr'>ῆν,</span> 
     </span>
    </p>
   </div>
   <div class='ocr_carea' id='block_1_90' title="bbox 341 4544 3767 4626">
    <p class='ocr_par' dir='ltr' id='par_1_90' title="bbox 341 4544 3767 4626">
     <span class='ocr_line' id='line_1_90' title="bbox 341 4544 3767 4626; baseline 0.001 -27"><span class='ocrx_word' id='word_1_708' title='bbox 341 4545 394 4600; x_wconf 75' lang='grc' dir='ltr'>ἐν</span> <span class='ocrx_word' id='word_1_709' title='bbox 455 4546 501 4617; x_wconf 81' lang='grc' dir='ltr'>ᾧ</span> <span class='ocrx_word' id='word_1_710' title='bbox 556 4544 866 4623; x_wconf 84' lang='grc' dir='ltr'>πρόδρομοι</span> <span class='ocrx_word' id='word_1_711' title='bbox 923 4549 1205 4625; x_wconf 80' lang='grc' dir='ltr'>σταφυλῆς</span> <span class='ocrx_word' id='word_1_712' title='bbox 1264 4549 1417 4603; x_wconf 77' lang='grc' dir='ltr'>εἰσιν·</span> <span class='ocrx_word' id='word_1_713' title='bbox 1482 4549 1510 4603; x_wconf 88' lang='grc' dir='ltr'>ὁ</span> <span class='ocrx_word' id='word_1_714' title='bbox 1568 4545 1627 4602; x_wconf 71' lang='grc' dir='ltr'>δὲ</span> <span class='ocrx_word' id='word_1_715' title='bbox 1685 4547 1909 4624; x_wconf 82' lang='grc' dir='ltr'>χρόνος.</span> <span class='ocrx_word' id='word_1_716' title='bbox 1969 4547 2027 4603; x_wconf 77' lang='grc' dir='ltr'>δν</span> <span class='ocrx_word' id='word_1_717' title='bbox 2104 4548 2363 4620; x_wconf 67' lang='grc' dir='ltr'>ὖποίησαν</span> <span class='ocrx_word' id='word_1_718' title='bbox 2429 4554 2919 4621; x_wconf 63' lang='grc' dir='ltr'>κατασκοπῶντες,</span> <span class='ocrx_word' id='word_1_719' title='bbox 2981 4549 3033 4604; x_wconf 81' lang='grc' dir='ltr'>έν</span> <span class='ocrx_word' id='word_1_720' title='bbox 3082 4551 3478 4626; x_wconf 88' lang='grc' dir='ltr'>τεσσαράκοντα</span> <span class='ocrx_word' id='word_1_721' title='bbox 3531 4551 3767 4626; x_wconf 73' lang='grc' dir='ltr'>ἡμέραις</span> 
     </span>
    </p>
   </div>
   <div class='ocr_carea' id='block_1_91' title="bbox 284 4635 583 4711">
    <p class='ocr_par' dir='ltr' id='par_1_91' title="bbox 284 4635 583 4711">
     <span class='ocr_line' id='line_1_91' title="bbox 284 4635 583 4711; baseline -0.007 -20"><span class='ocrx_word' id='word_1_722' title='bbox 284 4680 288 4691; x_wconf 95' lang='grc'>.</span> <span class='ocrx_word' id='word_1_723' title='bbox 341 4635 583 4711; x_wconf 79' lang='grc' dir='ltr'>γέγονεν,</span> 
     </span>
    </p>
   </div>
   <div class='ocr_carea' id='block_1_92' title="bbox 771 4729 1566 4798">
    <p class='ocr_par' dir='ltr' id='par_1_92' title="bbox 771 4729 1566 4798">
     <span class='ocr_line' id='line_1_92' title="bbox 771 4729 1566 4798; baseline -0.001 -14"><span class='ocrx_word' id='word_1_724' title='bbox 771 4729 933 4784; x_wconf 79' lang='lat' dir='ltr'>Liber</span> <span class='ocrx_word' id='word_1_725' title='bbox 968 4734 1030 4798; x_wconf 81' lang='grc' dir='ltr'>ν,</span> <span class='ocrx_word' id='word_1_726' title='bbox 1064 4730 1566 4785; x_wconf 77' lang='lat' dir='ltr'>Deutemnomium.</span> 
     </span>
    </p>
   </div>
   <div class='ocr_carea' id='block_1_93' title="bbox 416 4814 2000 4891">
    <p class='ocr_par' dir='ltr' id='par_1_93' title="bbox 416 4814 2000 4891">
     <span class='ocr_line' id='line_1_93' title="bbox 416 4814 2000 4891; baseline 0.003 -21"><span class='ocrx_word' id='word_1_727' title='bbox 416 4816 471 4870; x_wconf 86' lang='lat'>9.</span> <span class='ocrx_word' id='word_1_728' title='bbox 499 4814 570 4871; x_wconf 88' lang='lat' dir='ltr'>Et</span> <span class='ocrx_word' id='word_1_729' title='bbox 599 4833 757 4872; x_wconf 89' lang='lat' dir='ltr'>nunc</span> <span class='ocrx_word' id='word_1_730' title='bbox 790 4816 1007 4872; x_wconf 88' lang='lat' dir='ltr'>librum</span> <span class='ocrx_word' id='word_1_731' title='bbox 1042 4818 1268 4891; x_wconf 88' lang='lat' dir='ltr'>Moyses</span> <span class='ocrx_word' id='word_1_732' title='bbox 1319 4818 1691 4891; x_wconf 84' lang='lat' dir='ltr'>conscripsit,</span> <span class='ocrx_word' id='word_1_733' title='bbox 1752 4822 1811 4873; x_wconf 86' lang='lat' dir='ltr'>et</span> <span class='ocrx_word' id='word_1_734' title='bbox 1869 4832 2000 4890; x_wconf 68' lang='lat' dir='ltr'>quae</span> 
     </span>
    </p>
   </div>
   <div class='ocr_carea' id='block_1_94' title="bbox 342 4903 1999 4963">
    <p class='ocr_par' dir='ltr' id='par_1_94' title="bbox 342 4903 1999 4963">
     <span class='ocr_line' id='line_1_94' title="bbox 342 4903 1999 4963; baseline 0.002 -4"><span class='ocrx_word' id='word_1_735' title='bbox 342 4905 404 4960; x_wconf 92' lang='lat' dir='ltr'>in</span> <span class='ocrx_word' id='word_1_736' title='bbox 437 4903 538 4959; x_wconf 90' lang='lat' dir='ltr'>illo</span> <span class='ocrx_word' id='word_1_737' title='bbox 571 4911 712 4960; x_wconf 90' lang='lat' dir='ltr'>sunt</span> <span class='ocrx_word' id='word_1_738' title='bbox 741 4905 971 4963; x_wconf 90' lang='lat' dir='ltr'>locutus</span> <span class='ocrx_word' id='word_1_739' title='bbox 998 4912 1105 4963; x_wconf 88' lang='lat' dir='ltr'>est.</span> <span class='ocrx_word' id='word_1_740' title='bbox 1140 4907 1396 4963; x_wconf 89' lang='lat' dir='ltr'>Vocatur</span> <span class='ocrx_word' id='word_1_741' title='bbox 1438 4914 1632 4963; x_wconf 87' lang='lat' dir='ltr'>autem</span> <span class='ocrx_word' id='word_1_742' title='bbox 1665 4907 1775 4963; x_wconf 86' lang='lat' dir='ltr'>hoc</span> <span class='ocrx_word' id='word_1_743' title='bbox 1811 4906 1999 4963; x_wconf 90' lang='lat' dir='ltr'>nomi-</span> 
     </span>
    </p>
   </div>
   <div class='ocr_carea' id='block_1_95' title="bbox 341 4993 1998 5069">
    <p class='ocr_par' dir='ltr' id='par_1_95' title="bbox 341 4993 1998 5069">
     <span class='ocr_line' id='line_1_95' title="bbox 341 4993 1998 5069; baseline 0.001 -21"><span class='ocrx_word' id='word_1_744' title='bbox 341 5010 438 5064; x_wconf 89' lang='lat' dir='ltr'>ne,</span> <span class='ocrx_word' id='word_1_745' title='bbox 472 4993 628 5066; x_wconf 86' lang='lat' dir='ltr'>quod</span> <span class='ocrx_word' id='word_1_746' title='bbox 663 4998 795 5065; x_wconf 86' lang='lat' dir='ltr'>post</span> <span class='ocrx_word' id='word_1_747' title='bbox 826 5002 1120 5068; x_wconf 81' lang='lat' dir='ltr'>acceptam</span> <span class='ocrx_word' id='word_1_748' title='bbox 1151 4995 1211 5051; x_wconf 90' lang='lat' dir='ltr'>in</span> <span class='ocrx_word' id='word_1_749' title='bbox 1243 4996 1461 5053; x_wconf 88' lang='lat' dir='ltr'>tabulis</span> <span class='ocrx_word' id='word_1_750' title='bbox 1484 4996 1762 5065; x_wconf 86' lang='lat' dir='ltr'>scriptam</span> <span class='ocrx_word' id='word_1_751' title='bbox 1786 4997 1998 5069; x_wconf 79' lang='lat' dir='ltr'>legem,</span> 
     </span>
    </p>
   </div>
   <div class='ocr_carea' id='block_1_96' title="bbox 341 5083 2000 5156">
    <p class='ocr_par' dir='ltr' id='par_1_96' title="bbox 341 5083 2000 5156">
     <span class='ocr_line' id='line_1_96' title="bbox 341 5083 2000 5156; baseline -0.001 -14"><span class='ocrx_word' id='word_1_752' title='bbox 341 5084 523 5143; x_wconf 84' lang='lat' dir='ltr'>veluti</span> <span class='ocrx_word' id='word_1_753' title='bbox 558 5083 881 5139; x_wconf 86' lang='lat' dir='ltr'>secundam</span> <span class='ocrx_word' id='word_1_754' title='bbox 916 5083 1128 5156; x_wconf 87' lang='lat' dir='ltr'>legem,</span> <span class='ocrx_word' id='word_1_755' title='bbox 1164 5085 1337 5139; x_wconf 90' lang='lat' dir='ltr'>hosce</span> <span class='ocrx_word' id='word_1_756' title='bbox 1370 5085 1496 5139; x_wconf 86' lang='lat' dir='ltr'>libri</span> <span class='ocrx_word' id='word_1_757' title='bbox 1532 5086 1834 5156; x_wconf 72' lang='lat' dir='ltr'>praesentis</span> <span class='ocrx_word' id='word_1_758' title='bbox 1878 5100 2000 5141; x_wconf 85' lang='lat' dir='ltr'>ser-</span> 
     </span>
    </p>
   </div>
   <div class='ocr_carea' id='block_1_97' title="bbox 343 5171 1999 5245">
    <p class='ocr_par' dir='ltr' id='par_1_97' title="bbox 343 5171 1999 5245">
     <span class='ocr_line' id='line_1_97' title="bbox 343 5171 1999 5245; baseline -0.001 -16"><span class='ocrx_word' id='word_1_759' title='bbox 343 5189 569 5239; x_wconf 86' lang='lat' dir='ltr'>mones,</span> <span class='ocrx_word' id='word_1_760' title='bbox 601 5188 670 5229; x_wconf 84' lang='lat' dir='ltr'>ex</span> <span class='ocrx_word' id='word_1_761' title='bbox 701 5180 989 5244; x_wconf 83' lang='lat' dir='ltr'>praecepto</span> <span class='ocrx_word' id='word_1_762' title='bbox 1020 5171 1251 5227; x_wconf 87' lang='lat' dir='ltr'>Domini</span> <span class='ocrx_word' id='word_1_763' title='bbox 1288 5171 1519 5245; x_wconf 81' lang='lat' dir='ltr'>Moyses</span> <span class='ocrx_word' id='word_1_764' title='bbox 1578 5171 1775 5229; x_wconf 83' lang='lat' dir='ltr'>lsraoli</span> <span class='ocrx_word' id='word_1_765' title='bbox 1835 5173 1999 5228; x_wconf 89' lang='lat' dir='ltr'>locu-</span> 
     </span>
    </p>
   </div>
   <div class='ocr_carea' id='block_1_98' title="bbox 341 5261 2000 5335">
    <p class='ocr_par' dir='ltr' id='par_1_98' title="bbox 341 5261 2000 5335">
     <span class='ocr_line' id='line_1_98' title="bbox 341 5261 2000 5335; baseline 0 -17"><span class='ocrx_word' id='word_1_766' title='bbox 341 5268 438 5318; x_wconf 86' lang='lat' dir='ltr'>tus</span> <span class='ocrx_word' id='word_1_767' title='bbox 470 5264 567 5318; x_wconf 89' lang='lat' dir='ltr'>sit.</span> <span class='ocrx_word' id='word_1_768' title='bbox 598 5262 744 5317; x_wconf 85' lang='lat' dir='ltr'>Nam</span> <span class='ocrx_word' id='word_1_769' title='bbox 780 5266 1163 5334; x_wconf 88' lang='lat' dir='ltr'>posteaquam</span> <span class='ocrx_word' id='word_1_770' title='bbox 1225 5263 1452 5335; x_wconf 83' lang='lat' dir='ltr'>Moyses</span> <span class='ocrx_word' id='word_1_771' title='bbox 1509 5276 1636 5333; x_wconf 68' lang='lat' dir='ltr'>qum</span> <span class='ocrx_word' id='word_1_772' title='bbox 1693 5263 1801 5317; x_wconf 87' lang='lat' dir='ltr'>hoc</span> <span class='ocrx_word' id='word_1_773' title='bbox 1849 5261 2000 5318; x_wconf 89' lang='lat' dir='ltr'>libro</span> 
     </span>
    </p>
   </div>
   <div class='ocr_carea' id='block_1_99' title="bbox 344 5350 1999 5414">
    <p class='ocr_par' dir='ltr' id='par_1_99' title="bbox 344 5350 1999 5414">
     <span class='ocr_line' id='line_1_99' title="bbox 344 5350 1999 5414; baseline -0.001 -8"><span class='ocrx_word' id='word_1_774' title='bbox 344 5352 717 5407; x_wconf 89' lang='lat' dir='ltr'>continentur</span> <span class='ocrx_word' id='word_1_775' title='bbox 758 5350 991 5406; x_wconf 89' lang='lat' dir='ltr'>locutus</span> <span class='ocrx_word' id='word_1_776' title='bbox 1036 5356 1214 5414; x_wconf 90' lang='lat' dir='ltr'>esset,</span> <span class='ocrx_word' id='word_1_777' title='bbox 1248 5352 1318 5406; x_wconf 88' lang='lat' dir='ltr'>ad</span> <span class='ocrx_word' id='word_1_778' title='bbox 1345 5350 1501 5407; x_wconf 86' lang='lat' dir='ltr'>hunc</span> <span class='ocrx_word' id='word_1_779' title='bbox 1524 5351 1763 5406; x_wconf 90' lang='lat' dir='ltr'>modum</span> <span class='ocrx_word' id='word_1_780' title='bbox 1794 5351 1853 5405; x_wconf 92' lang='lat' dir='ltr'>in</span> <span class='ocrx_word' id='word_1_781' title='bbox 1886 5350 1999 5406; x_wconf 91' lang='lat' dir='ltr'>isto</span> 
     </span>
    </p>
   </div>
   <div class='ocr_carea' id='block_1_100' title="bbox 348 5439 2001 5510">
    <p class='ocr_par' dir='ltr' id='par_1_100' title="bbox 348 5439 2001 5510">
     <span class='ocr_line' id='line_1_100' title="bbox 348 5439 2001 5510; baseline 0.001 -16"><span class='ocrx_word' id='word_1_782' title='bbox 348 5440 791 5495; x_wconf 88' lang='lat' dir='ltr'>Deuteronomio</span> <span class='ocrx_word' id='word_1_783' title='bbox 809 5455 875 5495; x_wconf 87' lang='lat' dir='ltr'>ea</span> <span class='ocrx_word' id='word_1_784' title='bbox 892 5440 1225 5510; x_wconf 89' lang='lat' dir='ltr'>conscripta</span> <span class='ocrx_word' id='word_1_785' title='bbox 1243 5445 1384 5497; x_wconf 87' lang='lat' dir='ltr'>sunt</span> <span class='ocrx_word' id='word_1_786' title='bbox 1415 5454 1427 5495; x_wconf 90' lang='lat'>:</span> <span class='ocrx_word' id='word_1_787' title='bbox 1463 5461 1491 5490; x_wconf 82' lang='lat'><strong>«</strong></span> <span class='ocrx_word' id='word_1_788' title='bbox 1522 5439 1651 5495; x_wconf 69' lang='lat' dir='ltr'>Hec</span> <span class='ocrx_word' id='word_1_789' title='bbox 1667 5444 1807 5496; x_wconf 86' lang='lat' dir='ltr'>sunt</span> <span class='ocrx_word' id='word_1_790' title='bbox 1823 5439 2001 5495; x_wconf 87' lang='lat' dir='ltr'>verba</span> 
     </span>
    </p>
   </div>
   <div class='ocr_carea' id='block_1_101' title="bbox 419 5591 878 5671">
    <p class='ocr_par' dir='ltr' id='par_1_101' title="bbox 419 5591 878 5671">
     <span class='ocr_line' id='line_1_101' title="bbox 419 5591 878 5671; baseline -0.002 -17"><span class='ocrx_word' id='word_1_791' title='bbox 419 5599 533 5671; x_wconf 78' lang='lat'>(93)</span> <span class='ocrx_word' id='word_1_792' title='bbox 565 5598 642 5671; x_wconf 61' lang='lat' dir='ltr'>of,</span> <span class='ocrx_word' id='word_1_793' title='bbox 676 5591 878 5653; x_wconf 76' lang='grc' dir='ltr'>Νάϐαύ.</span> 
     </span>
    </p>
   </div>
   <div class='ocr_carea' id='block_1_102' title="bbox 424 5667 968 5743">
    <p class='ocr_par' dir='ltr' id='par_1_102' title="bbox 424 5667 968 5743">
     <span class='ocr_line' id='line_1_102' title="bbox 424 5667 968 5743; baseline -0.011 0"><span class='ocrx_word' id='word_1_794' title='bbox 424 5667 539 5743; x_wconf 78' lang='grc'>(94)</span> <span class='ocrx_word' id='word_1_795' title='bbox 567 5669 646 5743; x_wconf 70' lang='grc' dir='ltr'>Οἷς</span> <span class='ocrx_word' id='word_1_796' title='bbox 680 5667 968 5743; x_wconf 62' lang='grc' dir='ltr'>Σᾳμφυήλ-</span> 
     </span>
    </p>
   </div>
   <div class='ocr_carea' id='block_1_103' title="bbox 423 5737 1356 5813">
    <p class='ocr_par' dir='ltr' id='par_1_103' title="bbox 423 5737 1356 5813">
     <span class='ocr_line' id='line_1_103' title="bbox 423 5737 1356 5813; baseline 0.005 -23"><span class='ocrx_word' id='word_1_797' title='bbox 423 5737 534 5813; x_wconf 86' lang='grc'>(95)</span> <span class='ocrx_word' id='word_1_798' title='bbox 567 5740 645 5813; x_wconf 82' lang='grc'>0’,</span> <span class='ocrx_word' id='word_1_799' title='bbox 680 5737 852 5807; x_wconf 70' lang='grc' dir='ltr'>Αὐστς.</span> <span class='ocrx_word' id='word_1_800' title='bbox 888 5746 1015 5796; x_wconf 83' lang='lat' dir='ltr'>Mox</span> <span class='ocrx_word' id='word_1_801' title='bbox 1045 5739 1124 5799; x_wconf 83' lang='grc'>0’,</span> <span class='ocrx_word' id='word_1_802' title='bbox 1158 5738 1356 5795; x_wconf 84' lang='grc' dir='ltr'>Φαλεί.</span> 
     </span>
    </p>
   </div>
   <div class='ocr_carea' id='block_1_104' title="bbox 2027 4733 2076 4798">
    <p class='ocr_par' dir='ltr' id='par_1_104' title="bbox 2027 4733 2076 4798">
     <span class='ocr_line' id='line_1_104' title="bbox 2027 4733 2076 4798; baseline 0 0"><span class='ocrx_word' id='word_1_803' title='bbox 2027 4733 2076 4798; x_wconf 92' lang='lat' dir='ltr'>D</span> 
     </span>
    </p>
   </div>
   <div class='ocr_carea' id='block_1_105' title="bbox 2535 4723 3335 4805">
    <p class='ocr_par' dir='ltr' id='par_1_105' title="bbox 2535 4723 3335 4805">
     <span class='ocr_line' id='line_1_105' title="bbox 2535 4723 3335 4805; baseline 0.001 -19"><span class='ocrx_word' id='word_1_804' title='bbox 2535 4723 2762 4786; x_wconf 87' lang='grc' dir='ltr'>Βιϐλίου</span> <span class='ocrx_word' id='word_1_805' title='bbox 2795 4728 2853 4801; x_wconf 85' lang='grc' dir='ltr'>ε’,</span> <span class='ocrx_word' id='word_1_806' title='bbox 2887 4731 3335 4805; x_wconf 89' lang='grc' dir='ltr'>Δευτερονόμιον.</span> 
     </span>
    </p>
   </div>
   <div class='ocr_carea' id='block_1_106' title="bbox 2178 4812 3765 4894">
    <p class='ocr_par' dir='ltr' id='par_1_106' title="bbox 2178 4812 3765 4894">
     <span class='ocr_line' id='line_1_106' title="bbox 2178 4812 3765 4894; baseline 0 -20"><span class='ocrx_word' id='word_1_807' title='bbox 2178 4820 2233 4874; x_wconf 86' lang='grc'>9.</span> <span class='ocrx_word' id='word_1_808' title='bbox 2266 4816 2365 4871; x_wconf 78' lang='grc' dir='ltr'>Καὶ</span> <span class='ocrx_word' id='word_1_809' title='bbox 2394 4821 2555 4872; x_wconf 79' lang='grc' dir='ltr'>τοῦτο</span> <span class='ocrx_word' id='word_1_810' title='bbox 2610 4812 2827 4891; x_wconf 86' lang='grc' dir='ltr'>βιϐλίον</span> <span class='ocrx_word' id='word_1_811' title='bbox 2878 4819 3120 4887; x_wconf 75' lang='grc' dir='ltr'>Μωυσῆς</span> <span class='ocrx_word' id='word_1_812' title='bbox 3160 4817 3400 4888; x_wconf 82' lang='grc' dir='ltr'>έλάλησε</span> <span class='ocrx_word' id='word_1_813' title='bbox 3424 4817 3514 4873; x_wconf 79' lang='grc' dir='ltr'>καὶ</span> <span class='ocrx_word' id='word_1_814' title='bbox 3546 4816 3765 4894; x_wconf 77' lang='grc' dir='ltr'>ἔγραψε.</span> 
     </span>
    </p>
   </div>
   <div class='ocr_carea' id='block_1_107' title="bbox 2110 4903 3770 4983">
    <p class='ocr_par' dir='ltr' id='par_1_107' title="bbox 2110 4903 3770 4983">
     <span class='ocr_line' id='line_1_107' title="bbox 2110 4903 3770 4983; baseline -0.001 -22"><span class='ocrx_word' id='word_1_815' title='bbox 2110 4906 2363 4961; x_wconf 80' lang='grc' dir='ltr'>Καλεῖται</span> <span class='ocrx_word' id='word_1_816' title='bbox 2415 4904 2472 4961; x_wconf 79' lang='grc' dir='ltr'>δὲ</span> <span class='ocrx_word' id='word_1_817' title='bbox 2521 4906 2718 4976; x_wconf 78' lang='grc' dir='ltr'>οὕτως,</span> <span class='ocrx_word' id='word_1_818' title='bbox 2770 4903 2957 4974; x_wconf 67' lang='grc' dir='ltr'>ἐπειδὴ</span> <span class='ocrx_word' id='word_1_819' title='bbox 3014 4908 3147 4980; x_wconf 89' lang='grc' dir='ltr'>μετά</span> <span class='ocrx_word' id='word_1_820' title='bbox 3198 4908 3265 4961; x_wconf 71' lang='grc' dir='ltr'>τὰ</span> <span class='ocrx_word' id='word_1_821' title='bbox 3308 4904 3661 4983; x_wconf 81' lang='grc' dir='ltr'>γεγραμμένα</span> <span class='ocrx_word' id='word_1_822' title='bbox 3718 4906 3770 4961; x_wconf 83' lang='grc' dir='ltr'>ἐν</span> 
     </span>
    </p>
   </div>
   <div class='ocr_carea' id='block_1_108' title="bbox 2106 4992 3770 5072">
    <p class='ocr_par' dir='ltr' id='par_1_108' title="bbox 2106 4992 3770 5072">
     <span class='ocr_line' id='line_1_108' title="bbox 2106 4992 3770 5072; baseline -0.002 -21"><span class='ocrx_word' id='word_1_823' title='bbox 2106 5000 2227 5057; x_wconf 83' lang='grc' dir='ltr'>ταῖς</span> <span class='ocrx_word' id='word_1_824' title='bbox 2278 4995 2464 5069; x_wconf 78' lang='grc' dir='ltr'>πλαξὶ,</span> <span class='ocrx_word' id='word_1_825' title='bbox 2536 4992 2784 5071; x_wconf 82' lang='grc' dir='ltr'>δεύτερον</span> <span class='ocrx_word' id='word_1_826' title='bbox 2843 4994 3023 5072; x_wconf 86' lang='grc' dir='ltr'>ὥσπερ</span> <span class='ocrx_word' id='word_1_827' title='bbox 3064 4996 3234 5069; x_wconf 92' lang='grc' dir='ltr'>νόμον</span> <span class='ocrx_word' id='word_1_828' title='bbox 3287 4995 3414 5058; x_wconf 75' lang='grc' dir='ltr'>τοὺς</span> <span class='ocrx_word' id='word_1_829' title='bbox 3444 4994 3644 5071; x_wconf 87' lang='grc' dir='ltr'>λόγους</span> <span class='ocrx_word' id='word_1_830' title='bbox 3671 5000 3770 5049; x_wconf 80' lang='grc' dir='ltr'>τοῦ</span> 
     </span>
    </p>
   </div>
   <div class='ocr_carea' id='block_1_109' title="bbox 2115 5078 3773 5161">
    <p class='ocr_par' dir='ltr' id='par_1_109' title="bbox 2115 5078 3773 5161">
     <span class='ocr_line' id='line_1_109' title="bbox 2115 5078 3773 5161; baseline 0.001 -24"><span class='ocrx_word' id='word_1_831' title='bbox 2115 5078 2333 5159; x_wconf 86' lang='grc' dir='ltr'>βιϐλίου</span> <span class='ocrx_word' id='word_1_832' title='bbox 2398 5083 2597 5139; x_wconf 88' lang='grc' dir='ltr'>τούτου</span> <span class='ocrx_word' id='word_1_833' title='bbox 2673 5082 2912 5153; x_wconf 70' lang='grc' dir='ltr'>ἐλάλησε</span> <span class='ocrx_word' id='word_1_834' title='bbox 2988 5089 3229 5154; x_wconf 74' lang='grc' dir='ltr'>Μωυσῆς</span> <span class='ocrx_word' id='word_1_835' title='bbox 3300 5085 3379 5157; x_wconf 83' lang='grc' dir='ltr'>τῷ</span> <span class='ocrx_word' id='word_1_836' title='bbox 3440 5082 3662 5161; x_wconf 71' lang='grc' dir='ltr'>Ἰσραὴλ</span> <span class='ocrx_word' id='word_1_837' title='bbox 3714 5082 3773 5139; x_wconf 77' lang='grc' dir='ltr'>ἐκ</span> 
     </span>
    </p>
   </div>
   <div class='ocr_carea' id='block_1_110' title="bbox 2107 5171 3768 5249">
    <p class='ocr_par' dir='ltr' id='par_1_110' title="bbox 2107 5171 3768 5249">
     <span class='ocr_line' id='line_1_110' title="bbox 2107 5171 3768 5249; baseline -0.002 -20"><span class='ocrx_word' id='word_1_838' title='bbox 2107 5172 2532 5249; x_wconf 85' lang='grc' dir='ltr'>προστάγματος</span> <span class='ocrx_word' id='word_1_839' title='bbox 2592 5171 2817 5248; x_wconf 81' lang='grc' dir='ltr'>Κυρίου.</span> <span class='ocrx_word' id='word_1_840' title='bbox 2868 5173 3015 5228; x_wconf 78' lang='grc' dir='ltr'>Μετά</span> <span class='ocrx_word' id='word_1_841' title='bbox 3042 5174 3143 5249; x_wconf 73' lang='grc' dir='ltr'>γὰρ</span> <span class='ocrx_word' id='word_1_842' title='bbox 3164 5175 3226 5228; x_wconf 87' lang='grc' dir='ltr'>τὸ</span> <span class='ocrx_word' id='word_1_843' title='bbox 3259 5172 3498 5242; x_wconf 84' lang='grc' dir='ltr'>λαλῆσαι</span> <span class='ocrx_word' id='word_1_844' title='bbox 3532 5177 3768 5240; x_wconf 81' lang='grc' dir='ltr'>Μωϋσῆν</span> 
     </span>
    </p>
   </div>
   <div class='ocr_carea' id='block_1_111' title="bbox 2105 5256 3768 5338">
    <p class='ocr_par' dir='ltr' id='par_1_111' title="bbox 2105 5256 3768 5338">
     <span class='ocr_line' id='line_1_111' title="bbox 2105 5256 3768 5338; baseline -0.001 -22"><span class='ocrx_word' id='word_1_845' title='bbox 2105 5262 2172 5316; x_wconf 69' lang='grc' dir='ltr'>τὰ</span> <span class='ocrx_word' id='word_1_846' title='bbox 2202 5260 2254 5316; x_wconf 81' lang='grc' dir='ltr'>ἐν</span> <span class='ocrx_word' id='word_1_847' title='bbox 2324 5266 2404 5334; x_wconf 79' lang='grc' dir='ltr'>τῷ</span> <span class='ocrx_word' id='word_1_848' title='bbox 2464 5256 2668 5338; x_wconf 88' lang='grc' dir='ltr'>βιϐλίῳ</span> <span class='ocrx_word' id='word_1_849' title='bbox 2717 5260 2914 5334; x_wconf 85' lang='grc' dir='ltr'>τούτῳ,</span> <span class='ocrx_word' id='word_1_850' title='bbox 2967 5261 3267 5337; x_wconf 79' lang='grc' dir='ltr'>γέγραπται</span> <span class='ocrx_word' id='word_1_851' title='bbox 3311 5261 3485 5324; x_wconf 79' lang='grc' dir='ltr'>οὓτως</span> <span class='ocrx_word' id='word_1_852' title='bbox 3516 5260 3569 5317; x_wconf 77' lang='grc' dir='ltr'>ὲν</span> <span class='ocrx_word' id='word_1_853' title='bbox 3620 5260 3768 5332; x_wconf 82' lang='grc' dir='ltr'>αὖτῷ</span> 
     </span>
    </p>
   </div>
   <div class='ocr_carea' id='block_1_112' title="bbox 2105 5348 3768 5427">
    <p class='ocr_par' dir='ltr' id='par_1_112' title="bbox 2105 5348 3768 5427">
     <span class='ocr_line' id='line_1_112' title="bbox 2105 5348 3768 5427; baseline 0 -24"><span class='ocrx_word' id='word_1_854' title='bbox 2105 5349 2285 5423; x_wconf 80' lang='grc' dir='ltr'>τούτῳ</span> <span class='ocrx_word' id='word_1_855' title='bbox 2332 5356 2411 5405; x_wconf 85' lang='grc' dir='ltr'>τῶ</span> <span class='ocrx_word' id='word_1_856' title='bbox 2463 5350 2894 5423; x_wconf 87' lang='grc' dir='ltr'>Δευτερονομίῳ·</span> <span class='ocrx_word' id='word_1_857' title='bbox 2943 5375 2969 5402; x_wconf 88' lang='grc'>‹‹</span> <span class='ocrx_word' id='word_1_858' title='bbox 3029 5350 3189 5405; x_wconf 76' lang='grc' dir='ltr'>Οὗτοι</span> <span class='ocrx_word' id='word_1_859' title='bbox 3222 5352 3276 5405; x_wconf 84' lang='grc' dir='ltr'>οἱ</span> <span class='ocrx_word' id='word_1_860' title='bbox 3309 5350 3464 5427; x_wconf 89' lang='grc' dir='ltr'>λόγοι</span> <span class='ocrx_word' id='word_1_861' title='bbox 3495 5357 3597 5419; x_wconf 88' lang='grc' dir='ltr'>τῆς</span> <span class='ocrx_word' id='word_1_862' title='bbox 3652 5348 3768 5404; x_wconf 84' lang='grc' dir='ltr'>δια-</span> 
     </span>
    </p>
   </div>
   <div class='ocr_carea' id='block_1_113' title="bbox 2109 5437 3770 5514">
    <p class='ocr_par' dir='ltr' id='par_1_113' title="bbox 2109 5437 3770 5514">
     <span class='ocr_line' id='line_1_113' title="bbox 2109 5437 3770 5514; baseline -0.001 -20"><span class='ocrx_word' id='word_1_863' title='bbox 2109 5442 2306 5513; x_wconf 75' lang='grc' dir='ltr'>θήκης,</span> <span class='ocrx_word' id='word_1_864' title='bbox 2355 5439 2453 5495; x_wconf 85' lang='grc' dir='ltr'>ὅσα</span> <span class='ocrx_word' id='word_1_865' title='bbox 2498 5437 2803 5494; x_wconf 70' lang='grc' dir='ltr'>ἐνετείλατο</span> <span class='ocrx_word' id='word_1_866' title='bbox 2855 5439 3054 5513; x_wconf 84' lang='grc' dir='ltr'>Κύριος</span> <span class='ocrx_word' id='word_1_867' title='bbox 3123 5442 3330 5514; x_wconf 69' lang='grc' dir='ltr'>Μωυσῇ</span> <span class='ocrx_word' id='word_1_868' title='bbox 3401 5445 3594 5509; x_wconf 78' lang='grc' dir='ltr'>στῆσαι</span> <span class='ocrx_word' id='word_1_869' title='bbox 3652 5443 3770 5500; x_wconf 85' lang='grc' dir='ltr'>τοῖς</span> 
     </span>
    </p>
   </div>
   <div class='ocr_carea' id='block_1_114' title="bbox 2190 5598 2674 5672">
    <p class='ocr_par' dir='ltr' id='par_1_114' title="bbox 2190 5598 2674 5672">
     <span class='ocr_line' id='line_1_114' title="bbox 2190 5598 2674 5672; baseline 0 -17"><span class='ocrx_word' id='word_1_870' title='bbox 2190 5602 2301 5669; x_wconf 87' lang='grc'>(96)</span> <span class='ocrx_word' id='word_1_871' title='bbox 2333 5602 2405 5664; x_wconf 84' lang='lat'>0&#39;,</span> <span class='ocrx_word' id='word_1_872' title='bbox 2442 5598 2674 5672; x_wconf 66' lang='grc' dir='ltr'>Ἀμιῇλ.</span> 
     </span>
    </p>
   </div>
   <div class='ocr_carea' id='block_1_115' title="bbox 2188 5666 3379 5745">
    <p class='ocr_par' dir='ltr' id='par_1_115' title="bbox 2188 5666 3379 5745">
     <span class='ocr_line' id='line_1_115' title="bbox 2188 5666 3379 5745; baseline 0 -19"><span class='ocrx_word' id='word_1_873' title='bbox 2188 5666 2300 5745; x_wconf 85' lang='grc'>(97)</span> <span class='ocrx_word' id='word_1_874' title='bbox 2332 5672 2411 5742; x_wconf 88' lang='grc'>0’,</span> <span class='ocrx_word' id='word_1_875' title='bbox 2448 5666 2609 5725; x_wconf 63' lang='grc' dir='ltr'>Σαϐίέ</span> <span class='ocrx_word' id='word_1_876' title='bbox 2637 5677 2737 5738; x_wconf 77' lang='grc' dir='ltr'>τῆς</span> <span class='ocrx_word' id='word_1_877' title='bbox 2773 5668 2951 5740; x_wconf 79' lang='grc' dir='ltr'>φυλῆς</span> <span class='ocrx_word' id='word_1_878' title='bbox 2983 5667 3088 5726; x_wconf 79' lang='grc' dir='ltr'>Γὰδ</span> <span class='ocrx_word' id='word_1_879' title='bbox 3120 5668 3379 5741; x_wconf 77' lang='grc' dir='ltr'>Γονδιήλ.</span> 
     </span>
    </p>
   </div>
  </div>
