4154 6388
399 420 518 483 309

1504 417 1883 477 SYNUPSIS
1930 417 2395 479 SClilP'l‘Uli/E
2441 424 2738 482 SAClt/E.

3707 425 3827 484 310

399 554 544 613 υἱοῖς
578 549 802 625 Ἰσραήλ
863 548 912 602 ἐν
964 552 1037 624 γῇ
1089 543 1287 616 Μωᾶϐ,
1321 546 1468 615 πλὴν
1522 553 1624 615 τῆς
1680 545 2042 617 διαθήκης,

2175 551 2430 621 fcederis,
2465 571 2591 626 qua:
2649 556 2935 611 Dominus
2963 556 3143 628 Moysi
3177 557 3446 627 praecepit
3507 572 3827 627 proponere

400 638 606 704 διέθετο
666 638 852 701 αὐτοῖς
914 637 964 692 ἐν
1022 632 1247 711 Χωρήϐ.
1284 637 1441 691 »Διὰ
1497 641 1655 690 τοῦτο
1714 639 1817 712 γάρ
1872 638 1926 690 αἱ
1964 637 2057 709 μὲν

397 728 607 791 πλάκες
652 726 703 782 ἐν
752 722 956 799 Χωρὴϐ
990 724 1253 800 εἴρηνται,
1282 725 1368 781 καὶ
1420 724 1469 780 ὲν
1525 726 1673 797 μέσῳ
1729 733 1828 795 τῆς
1886 720 2063 780 κιϐω-

396 824 493 875 τοῦ
540 816 818 887 ἐτέθησαν·
852 814 913 869 τὸ
964 812 1021 869 δὲ
1068 811 1283 890 βιϐλίον
1333 818 1495 869 ταῦτο
1544 812 1844 868 ἐνετείλατο
1894 820 2059 867 Μωϋ-

400 916 499 978 σῆς
545 912 663 968 τοῖς
715 908 915 982 ἱερεῦσι
965 910 1082 966 τοῖς
1134 900 1349 978 αἶ’ρουσι
1396 904 1492 972 τήν
1527 898 1757 957 κιϐωτὸν
1786 905 1950 957 θεῖναι
2002 901 2061 958 ix

398 996 647 1072 πλαγίων
695 1002 793 1064 τῆς
845 987 1085 1049 κιϐωτοῦ
1137 992 1212 1055 είς
1262 992 1577 1069 μαρτύριον·
1610 991 1742 1067 ὅπερ
1789 988 1876 1046 καί
1926 994 2059 1046 κατὰ

400 1087 535 1142 ἔπτὰ
564 1081 657 1156 ἔτη
691 1081 993 1140 ἐνετείλατο
1024 1083 1479 1157 ἀναγινώσκεσθαι
1512 1080 1562 1135 ἐν
1614 1084 1681 1153 τῇ
1731 1081 1913 1155 ἡμέρᾳ
1956 1088 2056 1150 τῆς

404 1175 663 1255 ἀφέσεως,
723 1172 812 1229 ὅτε
867 1172 957 1227 καὶ
1013 1174 1048 1242 ἡ
1109 1169 1449 1242 Σκηνοποιία
1502 1170 1728 1245 ἐγένετο.
1762 1168 1908 1239 Αὕτη
1960 1170 2054 1242 μὲν

404 1267 595 1340 πρώτη
644 1263 785 1319 αίτία
829 1264 926 1331 τῆς
976 1260 1270 1334 ὀνομασίας
1300 1264 1397 1314 τοῦ
1452 1254 1692 1335 βιϐλίου·
1738 1256 1956 1333 δευτέρα
2001 1257 2059 1314 δὲ

403 1354 566 1410 πάλιν
620 1353 792 1428 ἑτέρα,
842 1348 1029 1420 ἐπειδὴ
1092 1348 1144 1405 ἐν
1205 1347 1352 1422 αὐτῷ
1411 1346 1673 1417 δευτεροῖ,
1732 1348 1820 1403 καὶ
1880 1346 2057 1403 διεσά-

400 1466 537 1523 φησε
565 1444 739 1500 πάντα
784 1444 851 1498 τὰ
894 1442 1269 1519 προειρημένα
1300 1439 1352 1495 ἔν
1386 1462 1444 1496 τε
1471 1445 1540 1514 τῇ
1573 1436 1779 1512 Ἐξόδῳ
1836 1440 1926 1495 καὶ
1978 1444 2056 1513 τῷ

397 1538 687 1605 Αευϊτικῷ,
720 1533 808 1587 καὶ
840 1537 959 1594 τοῖς
994 1532 1303 1607 ’Δριθμοῖς,
1335 1527 1548 1603 νόμιμά
1590 1551 1649 1584 τε
1690 1530 1778 1583 καὶ
1828 1526 2057 1584 δικαιώ-

399 1645 543 1698 ματα
600 1624 693 1677 καὶ
767 1621 1177 1697 προστάγματα’
1237 1619 1325 1675 καὶ
1406 1619 1814 1691 ὑπομιμνήσκει
1890 1616 2053 1673 πάλιν

393 1712 489 1768 τὸν
519 1708 792 1785 λαὸν,⁹ίνα
820 1709 1027 1788 φυλάξῃ
1078 1706 1231 1766 αὐτά.
1268 1708 1365 1764 Καὶ
1414 1703 1848 1781 ἐπαναλαμϐάνει
1897 1704 1953 1762 δὲ
2002 1706 2052 1762 ἐν

394 1802 541 1874 αὗτῷ
569 1803 669 1872 τήν
696 1822 757 1855 τε
788 1801 877 1855 ἀπ’
909 1799 1184 1876 Αἰγύπτου
1237 1794 1441 1869 ἔξοδον,
1475 1796 1563 1852 καὶ
1612 1797 1785 1859 πάσας
1833 1797 1927 1859 τὰς
1971 1819 2057 1872 γε·

392 1890 694 1967 γενημένας
750 1889 934 1952 αὐτοῖς
991 1886 1314 1964 εὐεργεσίας,
1349 1889 1439 1942 καὶ
1485 1889 1553 1941 τὰ
1604 1891 1828 1959 σημεῖα,
1858 1884 1947 1940 καί
1988 1888 2057 1941 τὰ

394 1981 611 2056 τέρατα’
658 1978 749 2035 ’ίνα
809 1981 887 2054 μὴ
947 1977 1308 2041 ἐπιλάθωνται
1379 1981 1477 2031 τοῦ
1534 1979 1867 2047 ποιήσαντος
1924 1976 2059 2030 αὐτὰ

394 2075 549 2126 Θεοῦ.
581 2068 782 2144 Ὁρίζει
842 2066 900 2123 δὲ
958 2068 1009 2123 ἐν
1062 2067 1208 2138 αὖτῷ
1266 2066 1389 2142 περί
1419 2089 1478 2121 τε
1501 2069 1600 2135 τῆς
1636 2064 1885 2142 εὐλογίας
1938 2072 2054 2128 τυῖς

394 2157 726 2239 φυλάσσουσι
786 2158 880 2213 τὸν
920 2156 1115 2230 νόμον,
1156 2156 1244 2211 καὶ
1292 2163 1392 2225 τῆς
1434 2156 1667 2232 κατάρας
1710 2160 1826 2217 τοῖς
1883 2175 2054 2230 παρα-

392 2237 688 2303 ϐαίνουσιν·
718 2245 809 2302 ’ἕνα
833 2249 868 2316 ἠ
906 2247 999 2320 μὲν
1034 2244 1261 2320 εὐλογία
1301 2243 1532 2319 λέγηται
1564 2244 1614 2300 ἐν
1674 2249 1753 2316 τῷ
1810 2237 1923 2320 ὅρει
1977 2249 2056 2316 τῷ

391 2337 633 2411 Γαριζεὶν
689 2334 779 2391 διὰ
824 2336 1055 2392 τούτων·
1093 2331 1181 2389 διὰ
1214 2333 1465 2407 Συμεὼν,
1504 2332 1651 2401 Aeni,
1686 2330 1886 2403 Ἰούδα,
1918 2334 2054 2390 Ἰσα-

389 2427 519 2503 χὰρ,
555 2426 781 2502 Ἰωσὴφ,
812 2424 903 2481 καὶ
964 2423 1233 2497 Βενιαμίνο
1267 2426 1303 2493 ἡ
1360 2419 1417 2476 δὲ
1465 2421 1671 2497 κατάρα
1719 2421 1769 2477 ἐν
1818 2427 1897 2495 τῷ
1936 2417 2053 2497 ὄρει

390 2511 597 2571 Γαιϐἅλ
656 2515 763 2570 ἀπὸ
817 2507 1068 2587 Ῥουϐὶμ,
1121 2510 1248 2585 Γὰδ,
1300 2513 1489 2587 Ἀσήρ,
1546 2509 1864 2581 Ζαϐουλὼν,
1925 2512 2050 2585 Δάν,

389 2605 480 2661 καὶ
514 2602 847 2683 Νεφθαλείμ.
876 2605 1017 2677 Πρὸς
1050 2602 1353 2677 ὑπόμνησιν
1390 2600 1445 2657 δὲ
1495 2602 1586 2657 καὶ
1634 2603 1733 2671 τήν
1782 2600 1870 2657 διὰ
1916 2624 2051 2657 παν-

387 2695 483 2756 τὸς
528 2691 786 2767 μελέτην,
815 2690 1041 2770 ἔγραψεν
1103 2692 1163 2747 ἐκ
1220 2692 1638 2767 προστάγματος
1695 2690 1893 2765 Κυρίου
1950 2694 2050 2761 τὴν

391 2784 641 2858 μεγάλην
699 2781 875 2853 Ὠδήν’
922 2781 1033 2855 ἵνα,
1082 2780 1282 2852 ταύτην
1345 2781 1667 2855 ἐκμαθόντες
1722 2781 1802 2836 ἀεί
1850 2802 1908 2835 τε
1960 2804 2048 2855 με-

387 2869 653 2934 λετῶντες
683 2871 873 2942 αὐτὴν,
908 2873 985 2945 μὴ
1027 2870 1390 2926 ἐπιλάθωνται
1449 2875 1544 2925 τοῦ
1605 2875 1758 2925 Θεοῦ.
1792 2870 2043 2945 Εὐλογη-

388 2982 480 3023 σας
546 2983 607 3016 τε
668 2962 894 3031 ἑκάστην
954 2959 1132 3038 φυλήν
1162 2960 1276 3015 εκαὶ
1335 2959 1546 3036 γράψας
1604 2960 1702 3029 τὴν
1766 2958 2041 3035 εὐλογίαν,

391 3051 476 3105 καὶ
532 3050 737 3114 ἐπιθεὶς
795 3051 888 3113 τὰς
947 3056 1136 3127 χεῖρας
1192 3050 1356 3105 αὐτοῦ
1402 3050 1488 3104 ἐπὶ
1536 3050 1627 3104 τὸν
1677 3051 1887 3120 Ἰησοῦν
1944 3057 2042 3132 τοῦ

390 3145 560 3210 Ναυῆ,
594 3139 672 3202 εἷς
728 3140 790 3194 τὸ
852 3136 1095 3210 δέξασθαι
1156 3139 1313 3194 αὐτὸν
1370 3139 1504 3193 κατὰ
1534 3138 1855 3215 πρόσταγμα
1885 3144 2039 3213 Θεοῦ,

390 3221 550 3299 ἀνέϐη
614 3228 806 3284 λοιπὸν
870 3228 945 3291 είς
1003 3229 1065 3283 τὸ
1123 3223 1247 3304 ὅρος
1304 3230 1365 3282 τὸ
1424 3223 1711 3304 Ἀϐαρεὶμ,
1768 3228 2040 3284 τουτέστιν

2172 640 2310 696 ﬁliis
2346 642 2524 697 Israel
2570 644 2627 697 in
2660 651 2817 699 terra
2847 645 3037 713 Moab,
3072 650 3277 715 praeter
3309 646 3496 699 foedus
3526 646 3679 715 quod
3730 660 3825 714 pe-

2171 728 2318 801 pigit
2340 747 2471 786 cum
2492 731 2575 787 eis
2607 733 2665 787 in
2696 733 2904 788 Horeb.
2931 755 2960 782 »
2985 734 3348 805 Quapropter
3370 738 3425 787 et
3455 733 3668 789 tabulae
3692 733 3824 802 qui-

2170 817 2303 873 dem
2336 817 2394 875 in
2426 819 2614 876 Horeb
2647 822 2919 887 recitatae,
2954 828 3011 877 et
3040 823 3099 877 in
3133 823 3323 877 medio
3355 838 3499 877 arere
3532 822 3822 878 collocatae

2170 912 2346 964 sunt:
2376 908 2533 965 hunc
2561 927 2695 966 vero
2744 910 2961 966 librum
3010 911 3415 968 sacerdotibus
3447 910 3694 982 Moyses,
3727 927 3819 965 ar-

2168 1012 2299 1052 cam
2339 1000 2730 1071 portantibus,
2765 1002 2834 1055 ad
2891 1001 3073 1056 latera
3106 1018 3250 1056 arcae
3298 1000 3359 1054 in
3414 1000 3819 1055 testimonium

2169 1088 2599 1159 ponerejussit,
2624 1096 2679 1144 et
2709 1090 2958 1161 septimo
2980 1107 3211 1162 quoque
3231 1106 3385 1145 anno
3405 1088 3465 1144 in
3497 1088 3591 1143 die
3612 1089 3821 1143 remis-

2169 1174 2369 1242 sionis,
2392 1179 2624 1247 quando
2657 1184 2715 1233 et
2738 1179 2955 1234 festum
2989 1178 3532 1235 Tabernaculorum
3565 1176 3823 1233 celebra-

2167 1264 2362 1336 batur,
2395 1265 2504 1337 legi
2540 1269 2833 1340 praecepit.
2868 1269 2996 1323 Haac
3029 1269 3219 1340 prima
3249 1268 3487 1339 quidem
3519 1272 3609 1322 est
3647 1267 3817 1335 ratio,

2168 1354 2241 1408 ob
2272 1372 2447 1426 quam
2491 1356 2584 1410 hic
2636 1356 2784 1413 liber
2838 1358 3361 1413 Deuteronomium
3421 1361 3659 1412 vocatus
3714 1362 3823 1411 est.

2166 1441 2362 1498 Altera
2390 1461 2524 1500 vero
2556 1448 2825 1518 cst,quod
2845 1447 2905 1502 in
2928 1446 3373 1519 ipso,quidquid
3400 1451 3533 1502 ante
3553 1447 3708 1500 106
3735 1445 3822 1500 di-

2167 1537 2328 1587 ctum
2361 1534 2549 1590 fuerat
2577 1535 2697 1591 sive
2726 1537 2783 1590 in
2852 1537 3062 1605 Exodo,
3097 1537 3218 1592 sive
3275 1537 3332 1590 in
3396 1536 3665 1603 Levitico,
3700 1536 3821 1593 sive

2167 1622 2227 1677 in
2260 1623 2533 1680 Numeris
2558 1644 2570 1692 ;
2596 1627 2794 1681 omnia
2825 1624 3106 1697 legitima,
3125 1625 3575 1696 justiﬁcationes
3598 1630 3653 1679 et
3674 1642 3817 1696 prae-

2167 1719 2355 1783 cepta,
2387 1715 2595 1785 repetit
2623 1719 2679 1770 et
2726 1714 3009 1781 declarat,
3041 1720 3097 1770 et
3127 1714 3412 1786 populum
3443 1714 3655 1769 iterum
3716 1716 3820 1768 ad-

2167 1807 2367 1857 monet
2395 1809 2461 1858 ut
2509 1820 2578 1859 ea
2610 1804 2919 1859 custodiat.
2961 1804 3231 1859 Resumit
3259 1806 3431 1859 etiam
3466 1802 3642 1858 isthic
3700 1803 3817 1857 exi-

2166 1895 2290 1947 tum
2326 1893 2526 1965 populi
2557 1911 2626 1949 ex
2655 1896 2921 1966 Egypto,
2955 1899 3013 1948 et
3041 1899 3250 1949 cuncta
3279 1893 3396 1949 illis
3428 1893 3689 1964 prastita
3720 1894 3817 1948 be-

2166 1982 2394 2049 neficia,
2428 1983 2597 2056 signa
2625 2000 2856 2054 quoque
2890 1988 2947 2038 et
2992 1987 3281 2055 portenta,
3314 2000 3383 2037 ne
3413 1983 3535 2049 Dei,
3571 1983 3667 2053 qui
3718 1982 3820 2037 illa

2164 2074 2509 2140 patraverat,
2543 2071 3045 2127 obliviscerentur.
3079 2072 3349 2127 Decernit
3369 2071 3546 2126 etiam
3580 2070 3817 2126 benedi-

2162 2159 2416 2215 ctionem
2450 2161 2543 2227 iis,
2579 2161 2677 2231 qui
2722 2160 2906 2233 legem
2958 2160 3313 2226 custodiunt,
3349 2160 3818 2215 maledictionem

2162 2264 2295 2303 vero
2325 2248 2420 2313 iis,
2454 2250 2549 2320 qui
2582 2249 2743 2304 illam
2776 2250 3317 2321 transgrediuntur,
3350 2254 3406 2304 et
3456 2248 3818 2304 benedictio-

2163 2354 2298 2392 nem
2329 2337 2386 2392 in
2421 2344 2616 2394 monte
2648 2338 2875 2394 Garizin
2910 2338 3268 2409 promulgari
3304 2339 3545 2393 mandat
3578 2356 3680 2409 per
3726 2338 3817 2393 Si-

2162 2444 2356 2497 meon,
2391 2428 2546 2495 Levi,
2579 2428 2752 2499 Juda,
2799 2428 3053 2495 lsachar,
3087 2428 3306 2500 Joseph
3352 2432 3405 2482 et
3460 2427 3763 2498 Benjamin
3800 2444 3813 2482 :

2161 2517 2630 2573 maledictionem
2663 2534 2794 2574 vero
2825 2517 2883 2572 in
2946 2523 3141 2572 monte
3186 2516 3401 2583 Gaebal,
3438 2533 3538 2587 per
3584 2517 3814 2583 Ruben,

2158 2606 2302 2675 Gad,
2356 2613 2516 2673 Azer,
2566 2606 2848 2672 Zabulon,
2884 2611 3004 2661 Dan
3054 2612 3110 2661 et
3157 2604 3552 2678 Nephtbalim.
3594 2607 3679 2660 Ad
3730 2622 3815 2660 re-

2156 2696 2551 2752 cordationem
2577 2714 2708 2752 vero
2731 2698 3003 2768 etjugem
3028 2695 3491 2763 meditationem,
3518 2694 3811 2766 prolixam

2155 2787 2340 2843 Odam
2386 2804 2454 2842 ex
2494 2789 2668 2857 jussu
2721 2781 2949 2842 Domini
2985 2785 3350 2856 conscripsit,
3384 2789 3449 2839 ut
3487 2783 3651 2839 illam
3683 2800 3812 2856 per-

2155 2876 2449 2932 discentes
2476 2892 2541 2930 ac
2574 2891 2807 2946 semper
2839 2875 3211 2942 meditantes,
3246 2891 3318 2929 ne
3359 2873 3460 2928 Dei
3509 2871 3812 2929 oblivisce-

2154 2970 2377 3022 rentur.
2412 2964 2728 3035 Postquam
2756 2981 2890 3020 vero
2912 2963 3165 3036 singulis
3188 2963 3463 3018 tribubus
3494 2961 3813 3030 benedixit,

2151 3054 2734 3125 benedictionemque
2755 3052 2987 3109 illarum
3011 3051 3221 3107 litteris
3253 3050 3574 3117 mandavit,
3600 3067 3664 3105 ac
3688 3067 3813 3106 ma-

2152 3161 2264 3199 nus
2307 3161 2446 3199 suas
2499 3160 2676 3214 super
2732 3143 2930 3198 Jesum
2988 3141 3162 3213 Nave,
3190 3146 3255 3196 ut
3315 3141 3424 3196 sibi
3485 3140 3813 3195 secundum

2156 3234 2499 3290 mandatum
2560 3233 2660 3289 Dei
2719 3233 3078 3297 succederet,
3123 3230 3371 3303 posuit;
3431 3229 3489 3284 in
3550 3234 3811 3285 montem

382 3294 572 3387 ’Λϐαῦ,
632 3318 723 3373 καὶ
797 3294 1165 3388 ἰτελεύτησιεν¹
1215 3316 1327 3372 ἐκεῖ
1394 3314 1484 3371 διὰ
1541 3294 1786 3394 βήματος
1844 3320 2041 3395 Κυρίου

2154 3324 2415 3393 Abarim,
2449 3323 2549 3394 qui
2606 3325 2696 3378 est
2744 3322 2908 3376 Abau
2968 3294 3310 3376 conscendit
3342 3294 3366 3372 :V
3389 3318 3589 3390 ibique
3640 3319 3814 3388 juxta

386 3404 513 3460 ἐτῶν
576 3407 784 3482 ρκ’,μή
845 3406 1274 3482 ἆμαυρωθέντων
1330 3406 1494 3460 αὑτοῦ
1548 3411 1657 3460 τῶν
1718 3406 2042 3483 ὀφθαλμῶν,

383 3497 417 3564 ἢ
448 3498 545 3550 τοῦ
579 3497 879 3572 προσώπου
927 3495 1091 3551 αὐτοῦ
1122 3496 1431 3574 φθαρέντος·
1464 3495 1552 3549 καὶ
1610 3495 1709 3550 οὐκ
1756 3494 1897 3551 οἶδεν
1949 3498 2039 3552 οὐ·

386 3582 494 3647 δεῖς
524 3586 625 3653 τήν
656 3586 832 3662 ταφὴν
866 3582 1031 3639 αὐτοῦ
1060 3580 1163 3646 ἕως
1191 3591 1291 3654 τῆς
1321 3585 1533 3660 ἡμέρας
1563 3584 1783 3655 ταύτης.

716 3792 945 3853 Βιϐλίον
978 3798 1042 3869 ς’,
1076 3799 1286 3867 Ἰησοῦς
1319 3799 1346 3852 ὁ
1374 3803 1472 3852 τοῦ
1504 3805 1677 3868 Ναυῆ.

447 3887 533 3943 10.
566 3884 652 3943 Τὰ
709 3881 768 3939 δὶ
824 3884 1059 3940 ἐντεῦθεν
1122 3880 1312 3961 βιϐλία
1372 3886 1535 3961 μέχρι
1582 3890 1680 3941 τοῦ
1718 3886 1939 3964 Ἔσδρα,
1974 3887 2035 3943 οὗ

371 3972 545 4029 πάντα
602 3973 815 4028 ἐκείνων
876 3974 979 4029 eiei
1030 3974 1354 4050 συγγραφαὶ,
1408 3976 1480 4028 ὧν
1531 3976 1619 4029 καὶ
1665 3976 1761 4037 τὰς
1810 3976 2034 4053 ἐπιγρα-

374 4066 474 4142 φὰς
525 4062 771 4141 φέρουσι,
798 4064 889 4118 καὶ
945 4063 1070 4137 περὶ
1122 4063 1194 4116 ὦν
1234 4059 1715 4136 διαλαμϐάνουσι.
1750 4065 1928 4140 Λόγος
1976 4063 2034 4120 δὲ

374 4154 610 4231 φέρεται,
644 4153 791 4228 παρά
827 4156 936 4207 τῶν
968 4153 1104 4206 κατὰ
1130 4152 1257 4206 τοῦε
1318 4153 1571 4215 ἑκάστους
1624 4154 1847 4228 καιροὺς
1896 4176 2030 4231 προ-

372 4246 556 4320 φητῶν
618 4242 1016 4318 συγγεγράφθαι
1071 4240 1223 4296 αὐτά.
1278 4239 1409 4315 Περὶ
1464 4246 1594 4317 γοῦν
1647 4246 1753 4296 τῶν
1806 4241 2028 4319 ἐπιγρα-

374 4336 486 4405 φῶν
516 4329 690 4385 αὐτῶν
721 4330 856 4392 τὲως
888 4326 1237 4399 διαληπτέον.
1278 4331 1355 4387 Τὸ
1386 4332 1555 4385 παοὸν
1582 4331 1760 4386 τοίνυν
1816 4328 2031 4408 βιϐλίον

371 4419 755 4496 ἐπιγέγραπται
825 4420 1034 4489 Ἰησοῦς
1111 4420 1138 4472 ὁ
1212 4424 1310 4473 τοῦ
1386 4427 1557 4489 Ναυῆ
1613 4418 1800 4490 ἐπειδὴ
1868 4422 2027 4485 αὐτὸς

369 4511 580 4579 Ἰησοῦς
632 4510 659 4562 ὁ
702 4513 800 4562 τοῦ
854 4509 1031 4579 Ναυῆ,
1094 4506 1471 4581 διαδεξάμενος
1534 4517 1793 4582 Μωυσῆν,
1845 4511 2029 4588 ἐστρα-

369 4601 583 4673 τήγησε
612 4602 710 4652 τοῦ
746 4596 903 4666 λαοῦ,
935 4598 1025 4651 καὶ
1054 4599 1153 4666 τὴν
1177 4600 1292 4652 κατ’
1323 4598 1481 4653 αὐτὸν
1514 4600 1751 4676 ἱστορίαν
1803 4601 1892 4655 καὶ
1930 4603 2024 4663 τὰς

2152 3412 2394 3466 verbum
2424 3407 2657 3467 Domini
2691 3416 2958 3465 mortUus
2989 3414 3101 3475 est,
3135 3425 3426 3464 annorum
3459 3412 3698 3462 centum
3722 3406 3808 3461 vi-

2150 3500 2320 3573 ginti,
2354 3517 2488 3555 cum
2541 3500 2789 3555 necdum
2842 3498 2993 3554 oculi
3051 3497 3239 3569 ipsius
3299 3495 3671 3569 caligassent,
3702 3511 3808 3551 nec

2150 3588 2328 3645 facies
2358 3589 2486 3660 ejus
2518 3590 2834 3660 quidquam
2860 3587 3016 3642 tabis
3049 3586 3338 3641 sensisset
3382 3585 3564 3640 Nemo
3606 3588 3804 3638 autem

2149 3676 2487 3749 sepulcrum
2517 3676 2679 3732 illius
2711 3673 2869 3732 novit
2897 3677 2957 3731 in
3003 3675 3350 3730 hodiernum
3387 3690 3573 3744 usque
3623 3673 3801 3727 diem.

2540 3801 2706 3856 Liber
2739 3802 2825 3867 VI,
2853 3801 3013 3857 Iesu:
3042 3799 3192 3868 ﬁlius
3223 3797 3389 3852 Nave.

2219 3892 2306 3945 10.
2338 3890 2446 3954 Qui
2478 3890 2755 3961 deinceps
2781 3888 2853 3944 ad
2886 3888 3132 3944 Eedram
3164 3902 3353 3959 usque
3384 3889 3715 3957 sequuntur
3738 3884 3805 3940 li-

2144 3979 2256 4048 bri,
2290 3996 2404 4034 non
2455 3996 2697 4051 prorsus
2729 3979 2802 4034 ab
2844 3977 2961 4033 illis
3010 3982 3152 4032 sunt
3177 3974 3517 4047 conscripti,
3550 3970 3802 4043 quorum

2142 4067 2557 4140 inscriptiones
2588 4065 2921 4140 prmferunt,
2955 4071 3012 4122 et
3040 4067 3111 4121 de
3142 4064 3360 4137 quibus
3388 4066 3664 4119 tractant.
3700 4064 3803 4119 Fe-

2141 4161 2355 4211 runtur
2386 4162 2578 4211 autem
2614 4173 2647 4211 a
2678 4155 2999 4228 prophetis,
3030 4154 3131 4225 qui
3153 4152 3403 4225 singulis
3433 4153 3801 4225 temporibus

2140 4246 2430 4309 vixerunt,
2462 4262 2592 4300 esse
2642 4244 2867 4315 scripti.
2905 4243 3323 4299 Disserendum
3365 4242 3565 4313 itaque
3595 4246 3684 4297 est
3729 4244 3801 4298 de

2140 4334 2377 4389 illorum
2427 4333 2936 4405 inscriptionibus.
2971 4333 3232 4387 Praesens
3266 4330 3415 4386 liber
3464 4331 3796 4403 inscriptio-

2142 4439 2273 4477 nem
2310 4420 2484 4475 habet
2512 4421 2687 4476 Jesus
2718 4420 2911 4475 Nave:
2949 4426 3250 4491 prepterea
3281 4419 3438 4489 quod
3471 4419 3596 4490 ipse
3624 4418 3799 4475 Jesus

2138 4509 2291 4565 Nave
2322 4510 2538 4582 Moysis
2580 4524 2910 4574 successor,
2943 4507 3263 4579 populique
3295 4508 3411 4562 dux
3460 4508 3591 4575 fuit,
3623 4509 3797 4578 cujus

2140 4599 2247 4654 hoc
2278 4599 2426 4654 libro
2459 4599 2705 4654 historia
2725 4605 2782 4654 et
2807 4616 2900 4653 res
2921 4602 3095 4669 gestae
3126 4596 3522 4652 continentur.
3549 4598 3798 4655 Enarra-

372 4669 590 4763 πράξεις
623 4685 788 4741 αὐτοῦ
817 4686 1085 4762 περιέχει.
1117 4687 1265 4740 ’Ἐστι
1298 4684 1355 4741 δὲ
1387 4687 1437 4740 ἐν
1469 4669 1648 4760 τούτω
1680 4687 1758 4761 τῷ
1804 4685 2027 4764 βιϐλίῳ,

2154 4706 2237 4743 '.ur
2266 4689 2362 4744 hic
2392 4689 2687 4761 quomodo
2723 4688 2967 4743 Jordani
3018 4686 3176 4742 ﬂuvii
3227 4702 3359 4757 pars
3411 4686 3679 4759 superior
3732 4704 3801 4743 ex

374 4781 491 4839 πῶς
547 4781 646 4830 τοῦ
679 4773 950 4850 Ἰορδάνου
1005 4780 1255 4847 ποταμοῦ
1309 4777 1371 4830 τὸ
1436 4777 1527 4848 μὲν
1584 4779 1782 4832 ἄνωθεν
1834 4779 1893 4833 ἐκ
1928 4787 2027 4848 τῆς

375 4867 559 4941 πηγῆς
593 4860 719 4934 ἔστη
756 4863 949 4939 ῥεῦμα,
979 4864 1043 4918 τὸ
1074 4862 1131 4919 δὲ
1160 4864 1359 4943 φθάσαν
1396 4864 1708 4935 ἐξεκενώθη,
1740 4867 1829 4921 καὶ
1879 4869 2028 4942 ξηρῴ

367 4959 449 5027 τῷ
480 4951 609 5009 ποδὶ
643 4948 897 5020 διέϐησαν
946 4953 1126 5007 αὐτόν·
1162 4954 1251 5008 καὶ
1300 4953 1381 5008 ὅτι
1426 4954 1476 5008 ἐν
1522 4954 1828 5031 Γαλγάλοις
1874 4978 2025 5031 περιο

372 5043 527 5117 ἑτεμε
569 5042 698 5105 τοὺς
748 5043 798 5097 ἐν
850 5046 920 5117 τῇ
970 5041 1164 5119 ἐρήμῳ
1200 5045 1551 5119 γεννηθέντας
1584 5044 1785 5108 πάντας
1832 5045 1883 5101 ἐν
1932 5067 2026 5101 πε-

368 5133 580 5208 τρίναις
637 5131 956 5208 μαχαίραις,
1016 5133 1105 5187 καὶ
1163 5131 1384 5188 ἐκάλεσε
1430 5135 1521 5189 τὸν
1571 5133 1735 5189 τόπον
1785 5134 2023 5211 Γαλγάλ·

370 5222 459 5278 καὶ
492 5221 598 5291 ὅτι,
630 5220 965 5295 περάσαντος
993 5224 1090 5274 τοῦ
1128 5219 1286 5291 λαοῦ,
1319 5222 1407 5277 καὶ
1455 5223 1717 5300 φαγόντος
1766 5224 1872 5278 ἀπὸ
1918 5229 2024 5279 τῶν

371 5314 593 5388 καρπῶν
652 5316 753 5378 τῆς
803 5316 933 5385 γῆς,
966 5308 1177 5380 ἐξέλιπε
1226 5309 1417 5365 λοιπὸν
1469 5313 1532 5366 τὸ
1563 5312 1749 5385 μάννα·
1784 5314 1873 5368 καὶ
1925 5322 2025 5384 τῆς

377 5403 471 5474 μὲν
514 5402 781 5475 Ἱεριγοῦς
843 5398 1121 5471 αὐτόματα
1176 5401 1243 5454 τὰ
1298 5400 1456 5475 τείχη
1516 5402 1818 5457 πέπτωκεν
1879 5405 1914 5472 ἡ
1971 5400 2028 5457 δὲ

367 5484 527 5545 Ῥαὰϐ
558 5491 593 5558 ἡ
642 5486 817 5562 πόρνη
878 5486 1078 5561 ἐσώθη,
1112 5487 1389 5567 φυλάξασα
1443 5490 1571 5557 τοὺς
1630 5491 2024 5554 κατασκόπους·

371 5579 459 5635 καὶ
490 5577 573 5633 ὅτι
607 5574 821 5646 ὁῆλιος
878 5575 931 5631 ἐν
976 5582 1058 5649 τῷ
1111 5580 1554 5651 μεσουρανήματι
1604 5576 1700 5651 ὢν,
1734 5580 2026 5654 εὐξαμένου

368 5672 551 5739 Ἰησοῦ
608 5670 706 5721 τοῦ
764 5665 885 5719 υἱοῦ
938 5670 1036 5720 τοῦ
1087 5673 1260 5736 Ναυῆ,
1292 5666 1417 5738 ἔστη
1470 5669 1605 5722 κατὰ
1632 5664 1853 5724 Γαϐαὼν
1887 5669 2027 5741 ἡμὲ-

371 5778 465 5835 ρας
517 5754 835 5830 ὁλοκλήρου
881 5750 1175 5829 διάστημα,
1206 5752 1309 5819 ἕως
1360 5756 1708 5831 τροπώσηται
1750 5756 1879 5819 τοὺς
1929 5756 2026 5832 ἐχ-

2142 4783 2305 4849 parte
2336 4778 2513 4832 fontis
2547 4776 2810 4834 deﬂuens
2844 4776 3093 4831 immota
3122 4775 3369 4844 steterit,
3398 4774 3639 4831 inferior
3666 4793 3798 4832 vero

2140 4867 2457 4922 decurrens
2508 4871 2787 4922 evacuate.
2842 4868 2942 4933 sit,
2993 4870 3050 4920 et
3105 4864 3360 4937 p0pulus
3420 4864 3574 4921 sicco
3653 4866 3801 4937 pede

2137 4954 2478 5023 transierit;
2504 4960 2562 5010 et
2591 4955 2964 5026 quomodoin
2994 4954 3250 5026 Galgalis
3272 4971 3479 5010 omnes
3498 4954 3557 5008 in
3590 4952 3797 5009 solitu-

2139 5046 2273 5100 dine
2306 5052 2472 5100 natos
2503 5044 2708 5100 cultris
2757 5044 2947 5100 saxeis
2993 5044 3453 5111 circumciderit,
3486 5042 3797 5113 locumque

2138 5136 2306 5191 illum
2334 5136 2536 5209 Galgal
2560 5138 2849 5192 vocaverit
2874 5156 2887 5204 ;
2913 5138 3068 5208 quod
3102 5154 3235 5192 cum
3260 5143 3515 5208 primum
3542 5134 3797 5206 populus

2136 5227 2391 5281 Jordane
2410 5227 2765 5282 transmisso
2787 5227 2858 5281 de
2879 5231 3048 5282 terra
3070 5226 3232 5281 illius
3256 5224 3526 5296 frugibus
3556 5224 3796 5293 edisset,

2142 5332 2355 5369 manna
2386 5316 2657 5386 deinceps
2687 5315 2927 5371 desierit
2954 5332 2965 5382 ;
3001 5316 3154 5386 quod
3191 5314 3352 5369 urbis
3395 5311 3629 5368 Jericho
3660 5331 3799 5368 mua-

2140 5404 2238 5458 nia
2267 5404 2422 5458 ultro
2455 5405 2818 5470 corruerint;
2845 5404 3002 5459 ltaab
3027 5402 3302 5458 meretrix
3332 5411 3565 5473 propter
3594 5402 3798 5474 hospi-

2137 5493 2218 5547 tio
2275 5498 2581 5564 susceptos
2640 5498 2697 5548 et
2743 5491 3062 5548 occultatos
3117 5490 3510 5560 exploratores
3569 5497 3798 5547 servata

2139 5580 2254 5647 sit;
2286 5579 2373 5635 sol
2404 5579 2463 5634 in
2522 5579 2717 5634 medio
2747 5576 2875 5643 ccnli
2926 5580 3176 5634 decursu
3205 5579 3376 5647 juxta
3432 5578 3792 5649 Gabaonem,

2137 5674 2337 5725 orante
2364 5668 2505 5723 Jesu
2563 5668 2738 5739 Nave,
2774 5668 2987 5740 integri
3040 5664 3152 5721 diei
3211 5666 3425 5738 spatio,
3457 5667 3639 5724 donec
3696 5664 3796 5722 ille

2140 5759 2339 5814 hostes
2386 5758 2715 5826 devicisset,
2749 5760 2991 5815 steterit.
3048 5756 3369 5825 Postquam
3399 5774 3534 5811 vero
3585 5759 3790 5811 Amor-
