4154 6400
327 354 440 413 311

1518 352 1582 411 S.
1631 351 2161 413 ATHANASIUS.
2191 384 2269 396 —
2298 351 2562 413 DUBIA.

3638 355 3759 415 312

328 482 520 540 rhaeos
548 486 604 540 et
632 497 837 538 omnes
864 480 1106 538 illorum
1138 495 1309 554 reges
1327 486 1985 555 expugnasset,omnem

2112 482 2278 557 δρούς.
2354 483 2826 557 Καταπολεμήσας
2901 482 2958 540 δὲ
3032 482 3159 546 τοὺς
3238 484 3603 561 ’Δμορξαίους
3669 486 3756 541 καὶ
3816 518 3839 537 ο,

327 589 463 630 eam
493 576 708 628 terram
740 587 947 628 novem
980 571 1409 626 tribubnscum
1442 570 1688 627 dimidia
1717 572 1987 629 Manasse

2112 573 2296 635 πάντας
2324 572 2450 635 τοὺς
2495 574 2737 649 βασιλεῖς
2791 574 2989 640 αὐτῶν,
3021 574 3110 628 καὶ
3164 572 3385 647 μερίσας
3439 580 3559 638 ταῖς
3613 573 3761 631 έννέα

328 661 756 733 distribuisset,
790 666 849 717 et
876 659 1163 732 populum
1192 676 1379 715 annos
1409 676 1543 715 xxv:
1576 662 1984 731 gubernasset,

327 756 598 807 mortuus
628 754 719 807 est
767 764 1058 805 annorum
1090 765 1177 804 cx.
1213 749 1320 813 Qui
1350 765 1488 804 vero
1521 753 1738 805 terram
1772 749 1988 822 popqu

326 841 677 911 diviserunt,
700 842 869 895 erant
898 837 1212 894 Eleazarus
1242 838 1545 904 sacerdos,
1577 843 1635 893 et
1663 839 1789 910 ipse
1813 839 1990 895 Jesus

327 930 503 1000 Nave,
537 945 604 984 ac
647 929 718 984 de
758 943 1115 999 unaquaque
1161 925 1313 981 tribu
1362 927 1452 981 vir
1493 943 1670 982 unus.
1708 931 1785 982 De
1830 927 1988 983 tribu

326 1019 499 1085 Juda,
531 1016 781 1085 Chaleb;
814 1017 887 1072 de
909 1017 1065 1071 tribu
1095 1015 1353 1083 Simeon,
1387 1014 1700 1083 Salamiel;
1732 1018 1804 1072 de
1832 1017 1990 1073 tribu

329 1107 656 1178 Benjamin,
678 1105 865 1162 Eldad
893 1131 906 1163 :
934 1106 1005 1161 de
1033 1104 1191 1161 tribu
1227 1106 1368 1172 Dan,
1396 1103 1708 1173 Baccheir;
1741 1106 1814 1161 de
1831 1106 1990 1162 tribu

327 1182 617 1266 Manasse,
662 1194 865 1264 Aniel;
898 1194 970 1249 de
1023 1193 1183 1249 tribu
1241 1192 1545 1264 Ephraim,
1604 1194 1841 1250 Camuel
1874 1219 1888 1263 ;
1919 1195 1992 1251 de

327 1285 486 1342 tribu
546 1282 827 1351 Zabulon,
860 1281 1214 1355 Elizaphan;
1248 1281 1320 1338 de
1350 1281 1508 1337 tribu
1567 1282 1822 1351 Isachar,
1859 1283 1991 1355 Phi-_

2098 658 2318 738 φυλαῖς,
2351 661 2442 716 καὶ
2488 668 2568 735 τῷ
2623 662 2809 736 ἡμίσει
2867 661 3046 741 φυλῆς
3086 669 3343 732 Μανασσῆ
3375 665 3474 731 τὴν
3507 671 3609 739 γῆν
3660 670 3759 719 πᾶ-

2097 770 2211 821 σαν,
2281 750 2409 825 ἦρξε
2479 753 2572 825 μὲν
2640 757 2737 806 τοῦ
2807 750 2967 821 λαοῦ,
3018 748 3110 822 ἔτη
3172 753 3267 819 κς’,
3320 751 3637 824 ἐτελεύτησε
3700 751 3758 808 δὲ

2099 837 2230 893 ἐτῶν
2289 846 2374 913 ρι’.
2429 841 2497 898 Οἱ
2555 839 2611 895 δέ
2669 838 2937 903 διελόντες
2996 842 3095 908 τήν
3142 849 3245 915 γῆν
3307 846 3384 913 τῷ
3445 841 3563 914 λαῷ
3620 845 3754 910 ἦσαν

2100 927 2360 999 Ἑλεαζᾶρ
2411 929 2439 983 ὁ
2485 929 2682 1002 ἱερεὺς,
2737 928 2825 984 καί
2885 929 3045 991 αὐτὸς
3099 930 3310 1000 Ἰησοῦς
3356 931 3384 984 ὁ
3432 928 3529 985 τοῦ
3582 938 3758 1001 Ναυῆ,

2098 1014 2185 1071 καί
2234 1018 2370 1072 κατὰ
2417 1018 2594 1095 φυλὴν
2647 1019 2746 1080 εἷς·
2781 1018 2957 1097 φυλῆς
3010 1016 3190 1075 Ἰούδα
3240 1014 3449 1075 Χαλέϐ·
3492 1027 3593 1089 τῆς
3654 1027 3759 1075 Συ-

2106 1106 2248 1178 μεὼν
2289 1105 2607 1179 Σαλαμιήλ·
2640 1114 2740 1177 τῆς
2794 1107 3051 1180 Βενιαμὶν
3082 1105 3300 1163 Ἐλδάδ·
3342 1116 3441 1178 τῆς
3476 1109 3578 1164 Δᾶν
3634 1116 3764 1164 Βακ-

2103 1194 2246 1270 χείρ·
2279 1202 2378 1264 τῆς
2438 1202 2694 1266 Μανασσῆ
2751 1196 2966 1266 Ἀνιήλ·
3015 1204 3116 1267 τῆς
3168 1199 3409 1276 Ἐφραὶμ
3469 1197 3759 1271 Καμουήλ·

2102 1290 2199 1351 τῆς
2260 1279 2550 1339 Ζαϐουλὼν
2585 1283 2896 1363 Ἐλισαφαν·
2929 1294 3027 1356 τῆς
3077 1287 3296 1363 Ἱσάχαρ
3355 1287 3611 1358 Φειτιήλ·
3662 1295 3762 1357 τῆς

328 1374 470 1442 tiel;
503 1375 576 1429 de
603 1372 760 1429 tribu
792 1375 956 1440 Azer,
988 1352 1242 1440 achior;
1275 1371 1347 1427 de
1378 1372 1537 1427 tribu
1586 1352 1997 1445 Nephthalim:

2112 1374 2268 1444 Ἀσήρ
2328 1374 2560 1449 ’ᾼχιώρ⁸
2620 1381 2719 1443 τῆς
2777 1352 3095 1453 ίεῐεφθαλεὶμ
3150 1352 3406 1446 deﬁt.
3468 1352 3564 1431 Καὶ
3631 1352 3760 1439 τους

328 1462 825 1535 Phathael.Reges
846 1466 1049 1517 autem
1080 1459 1242 1516 illius
1272 1464 1462 1528 terrea,
1489 1478 1640 1533 quos
1673 1462 1904 1534 Moyses
1934 1466 1994 1518 et

332 1553 435 1608 ﬁlii
473 1551 650 1608 Israel
706 1556 871 1607 trans
920 1551 1237 1622 jordanem
1283 1550 1357 1605 ab
1388 1554 1523 1606 ortu
1555 1549 1721 1618 solis,
1754 1555 1813 1607 et
1843 1551 1992 1608 valle

331 1645 526 1699 Arnon
559 1658 748 1714 usque
777 1641 848 1696 ad
881 1645 1144 1696 montem
1178 1644 1457 1710 Harmon,
1491 1640 1653 1696 omni
1680 1644 1835 1696 terra
1894 1641 1993 1695 Ar-

334 1731 519 1786 rhaba
539 1731 611 1786 ab
643 1729 876 1785 Oriente
895 1730 1216 1801 subjugata
1236 1729 1792 1801 percusserunt,hos
1811 1729 1992 1785 fuisse

336 1821 515 1876 dicit:
539 1820 733 1875 Sebon
766 1834 961 1891 regem
992 1818 1490 1889 Amorrbaaorum,
1523 1819 1625 1891 qui
1658 1819 1716 1874 in
1768 1819 1992 1875 Esebon

338 1908 625 1965 habitavit
655 1924 721 1963 ac
767 1908 1065 1979 regnavit.
1097 1912 1154 1962 et
1183 1907 1268 1979 0g
1314 1924 1510 1980 regem
1552 1912 1764 1978 Basan,
1798 1909 1900 1981 qui
1929 1925 1999 1964 ex

325 1999 666 2071 gigantibus
693 1996 886 2052 adhuc
933 2001 1263 2067 supererat,
1293 2002 1352 2052 et
1399 1997 1687 2053 habitavit
1716 1998 1776 2053 in
1828 2002 1994 2053 Asta-

327 2086 481 2157 roth,
503 2092 561 2142 et
590 2086 650 2141 in
681 2085 941 2153 Edraim,
976 2085 1358 2158 regnavitque
1388 2103 1422 2142 a
1468 2091 1665 2143 monte
1717 2086 1995 2152 Harmon,

328 2192 517 2249 usque
547 2176 620 2231 ad
670 2175 949 2231 terminos
998 2175 1254 2246 Gergesi,
1288 2179 1348 2231 et
1394 2176 1709 2232 dimidium
1754 2174 1993 2232 Galaad.

326 2266 428 2322 His
459 2264 690 2337 occisis,
718 2264 880 2321 dedit
909 2264 1139 2339 Moyses
1169 2264 1440 2337 ipsorum
1486 2269 1705 2321 terram
1737 2266 1997 2322 Rubeni-

327 2353 427 2421 tis,
458 2350 708 2419 Gaditis,
762 2366 830 2406 ac
863 2350 1121 2407 dimidiae
1171 2351 1355 2407 tribui
1402 2352 1863 2408 ManasseJlH
1890 2356 1999 2409 Re-

329 2459 433 2516 ges
467 2458 604 2498 vero
627 2439 1106 2497 Amorrhaeorum
1122 2485 1136 2509 ,
1157 2457 1307 2513 quos
1338 2440 1633 2498 sustulere
1654 2440 1828 2497 Jesus
1847 2441 2005 2498 Nave

327 2547 463 2588 cum
495 2529 634 2587 ﬁliis
694 2528 861 2601 Isrel,
886 2534 1202 2602 postquam
1251 2530 1568 2586 hrdanem
1624 2531 2005 2588 transiissent

325 2622 496 2690 juxta
555 2635 718 2674 mare
748 2618 809 2673 in
844 2617 1100 2690 planitie
1148 2619 1370 2691 Libani,
1403 2636 1592 2693 usque
1615 2620 1688 2675 ad
1738 2625 1999 2676 montem

330 2707 561 2778 Chelca,
595 2708 1052 2763 ascendentibus
1097 2708 1154 2762 in
1185 2708 1338 2764 Seir:
1373 2724 1625 2780 quorum
1652 2712 1870 2767 terram
1902 2709 2002 2766 Je-

335 2815 438 2856 sus
470 2796 718 2868 reliquis
746 2796 1039 2856 tribubus,
1062 2797 1235 2868 juxta
1254 2797 1544 2869 cujusque
1560 2803 1779 2854 sortem
1811 2799 2000 2873 possi-

334 2887 588 2944 dendam
636 2885 818 2954 dedit,
853 2884 961 2941 hos
1020 2901 1151 2942 esse
1209 2885 1390 2942 dicit:
1424 2887 1738 2955 Chetzsum,
1789 2889 2001 2944 Amor-

336 2976 582 3041 rhaaum,
613 2974 1035 3043 Chananmum,
1096 2974 1483 3043 Pherezaeum,
1515 2976 1769 3047 Evasum,
1819 2977 2000 3039 Jebn-

336 3083 538 3127 smum.
571 3081 767 3139 regem
798 3065 1055 3137 Jericho,
1088 3082 1284 3139 regem
1315 3066 1443 3135 Hai,
1471 3083 1599 3139 quae
1638 3068 2002 3126 contermina

334 3161 425 3213 est
452 3154 674 3224 Bethel,
708 3170 906 3228 regem
947 3154 1298 3223 Jerusalem,
1331 3170 1529 3228 regem
1583 3155 1876 3225 Chebron,
1907 3175 2000 3215 re-

2107 1461 2201 1533 μὶν
2241 1460 2483 1536 βασιλεῖς
2510 1470 2610 1533 τῆς
2639 1471 2765 1540 γῆς,
2800 1464 2892 1526 οὓς
2933 1464 3192 1536 ἐπάταξαν
3226 1471 3463 1535 Μωυσῆς
3512 1466 3601 1520 καὶ
3654 1466 3762 1520 υἷοῖ

2105 1548 2324 1625 Ἰσραὴλ
2358 1549 2523 1626 πέραν
2555 1556 2651 1607 τοῦ
2684 1550 2953 1628 Ἰορδάνου
2986 1553 3075 1632 ἀφ’
3105 1553 3272 1623 ἡλίου
3320 1555 3623 1620 ἀνατολῶν,
3658 1555 3763 1610 ἀπὸ

2104 1637 2375 1717 φάραγγος
2436 1639 2797 1718 Ἀρνῶιῖειῧως
2843 1647 2941 1698 τοῦ
2988 1639 3148 1719 ὅρους
3195 1643 3466 1719 ’Δερμὼν,
3514 1643 3606 1698 καὶ
3663 1650 3762 1698 πᾶ-

2104 1750 2197 1782 σαν
2245 1730 2344 1798 τήν
2395 1738 2500 1805 γῆν
2545 1727 2795 1807 ’Ἃρραϐα
2842 1732 2948 1787 ἀπὸ
2982 1723 3296 1801 ἀνατολῶν,
3346 1733 3574 1795 τούτους
3626 1732 3757 1787 εἶναι

2104 1814 2270 1894 λέγει’
2326 1820 2485 1888 Σηὼν
2558 1819 2784 1894 βασιλέα
2851 1826 2959 1875 τῶν
2999 1820 3370 1898 ’Δμορῥαίων,
3420 1821 3480 1883 ’ὸς
3528 1822 3759 1894 κατῴκει

2107 1905 2158 1960 έν
2220 1903 2452 1964 Ἐσεϐὼν
2512 1909 2797 1983 κυριεῦων·
2829 1909 2918 1963 καὶ
3124 1909 3349 1985 βασιλέα
3406 1917 3506 1980 τῆς
3563 1909 3760 1978 Βάσαν,

2106 1997 2164 2058 ’ὀς
2195 1996 2492 2075 ὑπελείφθη
2526 1998 2727 2053 ἐκτῶν
2774 1998 3063 2074 γιγάντων,
3095 1999 3154 2061 ’ὀς
3201 1999 3430 2071 κατῴκει
3478 1999 3529 2053 ἐν
3575 2000 3763 2055 ’Δατα-

2109 2087 2243 2161 ρὼθ,
2276 2086 2364 2141 καὶ
2414 2086 2467 2140 έν
2527 2083 2787 2163 Ἐδραεὶμ
2834 2091 2967 2162 (99),
3000 2087 3187 2164 ἄρχων
3248 2088 3356 2143 ἀπὸ
3404 2084 3565 2162 ὅρους
3615 2090 3764 2165 Ἀερ-

2113 2175 2229 2247 μὼν
2270 2172 2375 2236 ἕως
2408 2174 2571 2250 ὁρίων
2606 2175 2824 2251 Γέργεσι
2856 2177 2945 2230 καὶ
2974 2178 3038 2232 τὸ
3070 2176 3241 2250 ἥμισυ
3284 2174 3517 2233 Γαλαὰδ.
3551 2177 3763 2231 Τούτων

2110 2264 2515 2340 ἀναιρεθέντων,
2577 2261 2779 2319 δέδωκε
2836 2270 3073 2335 Μωυσῆς
3130 2266 3230 2334 τήν
3286 2273 3388 2342 γῆν
3457 2265 3633 2321 αὐτῶν
3689 2271 3769 2338 τῷ

2107 2343 2357 2426 ιΡουὸἶμ,
2403 2353 2493 2407 καὶ
2550 2357 2628 2425 τῷ
2692 2351 2817 2421 Γὰδ,
2864 2354 2955 2409 καὶ
3013 2359 3093 2426 τῷ
3152 2354 3340 2427 ἡμίσει
3401 2356 3582 2432 φυλῆς
3652 2361 3766 2410 Μα-

2108 2449 2301 2511 νασσῆ.
2335 2441 2473 2503 Τοὺς
2520 2439 2579 2496 δὶ
2631 2441 2871 2515 βασιλεῖς
2924 2441 3087 2498 πάλιν
3133 2448 3240 2498 τῶν
3274 2443 3643 2519 ’Δμορῥαίων,
3675 2444 3767 2511 οὓς

2112 2528 2322 2586 ἀνεῖλεν
2357 2531 2566 2602 Ἰησοῦς
2599 2533 2627 2585 ὁ
2656 2536 2753 2586 τοῦ
2796 2538 2943 2601 Ναυῆ
2975 2532 3065 2586 καὶ
3110 2532 3219 2587 υἱοὶ
3265 2532 3487 2606 Ἰσραὴλ
3522 2534 3658 2605 μετὰ
3704 2533 3769 2587 τὸ

2110 2619 2335 2696 περάσαι
2384 2621 2475 2675 τὸν
2532 2618 2804 2696 Ἰορδάνην
2855 2621 3000 2695 παρᾶ
3055 2620 3322 2677 θάλασσαν
3372 2620 3423 2675 ἐν
3472 2626 3552 2694 τῷ
3598 2619 3770 2695 πεδίῳ

2108 2715 2206 2765 τοῦ
2238 2705 2471 2764 Λιϐάνου
2501 2708 2604 2772 ἕως
2652 2715 2749 2764 τοῦ
2803 2705 2962 2786 ὅρους
3012 2709 3212 2779 Χελκᾶ,
3245 2707 3639 2766 ἀναϐαινόντων
3691 2711 3767 2772 είς

2113 2804 2152 2852 Σ
2196 2797 2236 2829 ,ι
2407 2798 2419 2818 ι
2631 2799 2663 2835 τὶ
2787 2798 2818 2854 λ
3004 2800 3026 2819 γ
3182 2799 3196 2819 ι
3274 2800 3288 2817 ι
3426 2807 3451 2817 ...

2159 2818 2297 2873 κειρ,
2327 2820 2553 2861 τουτους
2606 2820 2737 2853 ειιαι
2825 2801 2958 2873 έγει,
2991 2820 3063 2853 ων
3107 2819 3198 2853 και
3229 2820 3329 2869 την
3380 2821 3483 2874 γην
3536 2796 3765 2853 δέδωκεν

2111 2888 2322 2957 Ἰησοῦς
2352 2893 2468 2949 ταῖς
2503 2887 2830 2950 ὑπολοίποις
2865 2886 3063 2964 φυλαῖς
3100 2888 3175 2950 εἰς
3207 2885 3577 2960 κληρονομίαν
3634 2887 3771 2941 κατᾶ

2108 2976 2317 3052 κλῆρον
2352 2976 2548 3031 αὐτῶν·
2578 2978 2669 3031 τὸν
2731 2982 2980 3046 Χεταῖον,
3012 2977 3101 3031 καὶ
3153 2978 3243 3032 τὸν
3295 2975 3648 3052 Ἀμοῤῥαῖον,
3680 2976 3772 3031 καὶ

2108 3066 2200 3122 τὸν
2234 3066 2676 3135 Χαναναῖον,καὶ
2733 3067 2823 3121 τὸν
2884 3071 3201 3142 Φερεζαῖον,
3232 3065 3323 3120 καὶ
3378 3067 3473 3120 τὸσι
3531 3065 3772 3137 Ἐὑαῖον,

2109 3154 2199 3210 καὶ
2254 3155 2346 3211 τὸν
2406 3149 2754 3228 Ἰεϐουσαῖον,
2805 3155 2894 3209 καὶ
2950 3156 3040 3210 τὸν
3106 3153 3331 3230 βασιλέα
3383 3155 3625 3230 Ἱεριχὼ,
3681 3153 3773 3208 καὶ

336 3261 470 3317 gem
500 3227 822 3311 Jerimuth,
855 3258 1051 3316 regem
1076 3242 1309 3312 Lachis,
1344 3227 1541 3317 regem
1572 3244 1764 3313 Elam,
1798 3261 1994 3318 regem

2112 3244 2197 3299 τὸν
2231 3243 2455 3320 βασιλέα
2483 3246 2582 3313 τῆς
2616 3243 2733 3311 Γαὶ,
2764 3243 2798 3312 ἥ
2835 3243 2945 3299 ἐστι
2984 3227 3222 3314 πλησίον
3274 3227 3773 3317 Βαιθὴλξβασιλέα

336 3335 537 3401 Gazer,
572 3349 769 3406 regem
799 3332 1002 3403 Dabir,
1034 3349 1231 3405 regem
1258 3332 1414 3412 Gise,
1449 3349 1647 3406 regem
1688 3335 1994 3405 Aermath,

336 3439 531 3495 regem
560 3421 785 3491 Erath,
819 3438 1013 3494 regem
1062 3422 1264 3490 Arath,
1299 3438 1497 3495 regem
1533 3422 1745 3494 Lobna,
1801 3440 1997 3497 regem

335 3509 604 3577 Odolam,
658 3526 852 3581 regem
916 3510 1066 3577 Elat,
1124 3526 1323 3582 regem
1382 3509 1746 3583 Athaphuth,
1799 3528 1998 3585 regem

337 3601 552 3673 Opher,
584 3615 782 3673 regem
812 3599 1009 3672 Ophec
1037 3599 1298 3672 Arothe,
1330 3615 1528 3673 regem
1561 3607 1758 3669 Asom,
1800 3618 1997 3676 regem

336 3694 612 3757 Somoon,
673 3705 867 3761 regem
931 3689 1282 3757 Mambroth,
1334 3705 1532 3763 regem
1587 3690 1755 3762 Ziph,
1801 3708 1999 3765 regem

337 3780 541 3847 Gades,
561 3794 758 3851 regem
790 3779 957 3845 Zaac,
987 3795 1180 3851 regem
1214 3779 1547 3847 Manedoth,
1572 3787 1767 3852 regem
1796 3781 1999 3837 Jocom

338 3865 574 3939 (monti)
606 3866 876 3933 Carmeli,
911 3882 1108 3939 regem
1165 3868 1362 3923 Eddor
1392 3868 1450 3922 in
1488 3867 1846 3936 Pbenedaor,
1909 3885 2001 3925 re-

338 3972 468 4028 gem
501 3956 607 4010 Gid
640 3954 909 4025 Galilaeaa,
939 3971 1135 4027 regem
1162 3956 1398 4012 Thersa.

337 4038 619 4111 Μανεδὼθ,
657 4040 883 4117 βασιλέα
943 4043 1162 4116 Ἰωκὼμ
1218 4047 1316 4098 τοῦ
1372 4043 1600 4119 Χαρμὶλ
1637 4045 1735 4119 (2),
1771 4044 1997 4121 βασιλέα

342 4130 572 4207 βασιλέα
611 4137 803 4205 Θερσᾶ.

879 4218 1041 4275 Liber
1072 4220 1178 4291 VII,
1208 4218 1447 4278 Iudices.

411 4325 498 4380 11.
539 4328 791 4381 Vocatur
818 4325 913 4381 hic
934 4325 1082 4382 liber
1100 4325 1399 4398 Judicum,
1432 4327 1572 4398 quia
1599 4331 1732 4400 post
1752 4333 2021 4385 mortem-

334 4415 472 4470 Jesu
496 4414 955 4507 Nave__populum
974 4432 1150 4471 suum
1176 4419 1329 4472 Deus
1342 4433 1384 4507 α
1410 4416 1628 4507 relictis
1648 4417 2002 4474 Chananaao-
2034 4441 2082 4507 Β

338 4518 467 4557 rum
498 4504 773 4576 gentibus
803 4520 1097 4577 pressum,
1131 4521 1233 4577 per
1252 4504 1486 4576 judices
1516 4504 1795 4562 liberavit
1820 4522 1832 4560 :
1853 4522 1998 4578 quo-

339 4608 469 4647 rum
493 4593 604 4647 hoc
624 4592 922 4650 volumine
943 4594 1311 4666 singulorum
1340 4594 1488 4649 facta
1534 4599 1591 4650 et
1615 4594 1743 4650 vitae
1763 4599 1999 4666 tempus

341 4680 740 4736 continentur.
772 4681 923 4736 Sunt
951 4686 1147 4737 autem
1204 4681 1325 4737 isti.
1361 4681 1594 4738 Primus
1636 4682 1942 4738 Gothoniel
1981 4668 2013 4736 :-

341 4768 438 4823 hic
466 4768 679 4824 occidit
706 4768 1188 4825 Chusarsathaim
1214 4786 1409 4843 regem
1445 4770 1554 4843 (98)
1587 4771 1763 4841 Syriaa
1797 4771 1998 4828 ﬂuvio-

341 4873 498 4925 rum,
532 4857 631 4929 qui
664 4857 948 4930 populum
983 4859 1158 4914 lsrael
1195 4859 1484 4916 afﬂixerat
1514 4877 1701 4917 annos
1746 4862 1999 4932 quadra-

340 4946 526 5018 ginta.
551 4947 683 5003 Post
714 4948 869 5002 hunc
898 4949 1054 5004 Ανοά
1098 4949 1483 5021 ambidexter.
1519 4949 1622 5006 Hic
1649 4949 1875 5023 Eglom
1905 4966 2001 5006 re-

340 5051 471 5107 gem
504 5035 896 5092 Moabitarum
926 5035 1122 5108 gladio
1156 5037 1393 5109 ancipiti
1428 5037 1636 5110 palmas
1685 5038 2003 5111 longitudi-

340 5139 475 5179 nem
506 5124 759 5181 habente
780 5124 1152 5192 interemit,a
1182 5141 1298 5196 quo
1323 5126 1513 5182 fuerat
1542 5126 1797 5183 afﬂictus
1823 5127 1999 5194 Israel

339 5226 525 5268 annos
556 5214 758 5269 decem
784 5218 844 5283 et
869 5218 1034 5270 octo:
1069 5218 1126 5269 et
1182 5214 1308 5285 ipse
1339 5214 1693 5286 gubernavit
1724 5214 1999 5271 lsraelem

1356 5364 1443 5397 *L,“

436 5407 530 5485 ἓξ)
558 5407 623 5485 id
653 5414 744 5485 est
771 5410 1259 5485 Mesopotamiae._
1308 5480 1321 5485 Δ
1375 5480 1384 5485 _
1556 5432 1613 5459 κ

438 5478 753 5559 ῼῼῌῐα-ΟἌ
784 5478 1142 5559 _E_diti:_ver_o,
1175 5481 1265 5559 καί
1304 5480 1510 5559 ἐγένετο
1537 5480 1799 5559 *Δραείμζ
1827 5482 1999 5559 male.

656 5550 881 5628 βασιλέα
935 5550 1164 5630 Ἑρμὰθ,
1236 5550 1460 5629 βασιλέα
1536 5550 1739 5630 ’Δδὲρί
1777 5552 2003 5630 βασιλέα

348 5626 545 5678 Λεὸνά.
658 5626 665 5628 ἡ
998 5626 1007 5630 ⁷
1038 5626 1045 5628 ﬁ

421 5694 439 5765 (
447 5694 523 5766 1*)
545 5694 623 5761 Ο’,
654 5694 819 5772 Ὀφὶκ
846 5701 944 5765 τῆς
971 5695 1172 5770 ’Λρώκ.

2106 3330 2490 3407 Ἰερουσαλὴμ,
2554 3332 2778 3407 βασιλέα
2854 3328 3096 3409 Χεϐρὼν,
3169 3328 3395 3407 βασιλέα
3469 3329 3770 3406 Ἱεριμοὺθ,

2109 3420 2335 3498 βασιλέα
2390 3421 2612 3496 .ὶαχεῖς,
2654 3419 2881 3496 βασιλέα
2930 3422 3129 3493 Ἐλαμ,
3167 3419 3393 3496 βασιλέα
3440 3420 3629 3497 Γαζὶρ,
3667 3420 3770 3495 βα-

2106 3508 2261 3565 σιλέα
2306 3504 2523 3585 Δαϐεὶρ,
2577 3508 2804 3585 βασιλέα
2853 3511 3000 3577 Γισὶ,
3044 3507 3270 3585 βασιλέα
3314 3509 3573 3584 Ἀερμὰθ,
3624 3510 3773 3583 βασι-

2108 3597 2206 3655 λέα
2261 3599 2451 3675 Αἱρᾶθ,
2507 3599 2733 3675 βασιλέα
2792 3601 2958 3673 Ἀρὰθ
2992 3602 3088 3672 (1),
3154 3596 3380 3673 βασιλέα
3440 3592 3639 3666 Λοϐνᾶ,
3672 3598 3767 3671 βα-

2110 3689 2265 3744 σιλέα
2297 3685 2605 3761 Ὀδολλὰμ,
2664 3687 2892 3763 βασιλέα
2940 3688 3133 3754 Ἠλὰτ,
3196 3686 3425 3763 βασιλέα
3478 3685 3768 3763 Ἀθαφοὺθ.

2115 3776 2339 3854 βασιλέα
2372 3777 2557 3855 Ὀφὲρ,
2613 3777 2839 3852 βασιλέα
2870 3777 3038 3855 ¹Ὀφὶικ
3091 3783 3191 3845 τῆς
3244 3775 3426 3850 ’Δρὼθ
3457 3776 3582 3849 (ι’),
3619 3775 3770 3849 βασι-

2113 3867 2211 3924 λέα
2239 3868 2450 3939 Ἀσὼμ,
2487 3865 2711 3941 βασιλέα
2758 3866 3014 3938 Σομοὼν,
3069 3862 3298 3941 βασιλέα
3345 3859 3636 3940 Μαμϐρὸθ,
3675 3861 3769 3938 βα-

2113 3955 2267 4012 σιλέα
2327 3956 2474 4033 Ζεὶφ,
2532 3955 2758 4031 βασιλέα
2816 3953 3024 4026 Κάδης,
3063 3953 3291 4030 βασιλέα
3348 3955 3511 4021 Ζαᾶκ,
3548 3949 3776 4027 βασιλέα

2051 4043 2256 4123 Έδδὼρ
2312 4050 2409 4101 τοῦ
2468 4043 2779 4122 Φενεόαὼρ,
2843 4043 3069 4120 βασιλέα
3126 4040 3248 4098 Γεὶδ
3295 4050 3397 4113 τῆς
3452 4038 3775 4101 Γαλιλαίας,

2649 4215 2869 4274 Βιϐλίον
2905 4220 2967 4289 ζ’,
2997 4217 3207 4293 Κριταί.

2186 4330 2273 4384 11.
2307 4325 2563 4381 Καλεῖται
2610 4326 2672 4379 τὸ
2727 4319 2943 4399 βιϐλίον
2999 4322 3211 4398 Κριταὶ,
3263 4320 3451 4391 ἐπειδη
3504 4322 3638 4394 μετὰ
3680 4319 3774 4376 τὸν

2116 4415 2335 4479 θάνατον
2383 4411 2561 4484 Ἰησοῦ
2610 4414 2729 4467 υἱοῦ
2777 4417 2873 4467 τοῦ
2921 4419 3094 4482 Navi,
3128 4409 3218 4467 διὰ
3264 4416 3369 4465 τῶν
3419 4414 3619 4486 κριτῶν
3669 4407 3776 4463 ἔσω

2114 4510 2197 4573 ζεν
2231 4507 2258 4558 ὁ
2291 4502 2419 4564 Θεὸς
2447 4502 2539 4557 τὸν
2573 4500 2700 4556 λαὸν
2735 4496 3062 4574 θλιϐόμενον
3111 4501 3215 4556 ὑπὸ
3260 4504 3370 4554 τῶν
3412 4496 3772 4576 ἀλλοφύλων,

2110 4598 2216 4647 τῶν
2284 4589 2736 4669 περιλειφθέντων
2819 4590 3156 4647 Χαναναίων·
3216 4589 3307 4644 καὶ
3382 4587 3590 4642 τούτων
3667 4590 3777 4640 τῶν

2111 4686 2310 4757 κριτῶν
2371 4680 2597 4736 ἑκάστου
2638 4680 2727 4734 καὶ
2775 4680 2870 4741 τὰς
2918 4679 3136 4755 πράξεις
3166 4678 3258 4733 καὶ
3300 4678 3393 4732 τὸν
3426 4675 3627 4752 ’χρόνον
3678 4678 3776 4743 τῆς

2116 4776 2258 4840 ζωῆς
2286 4771 2320 4839 ἡ
2356 4764 2550 4845 βίϐλος
2609 4768 2743 4839 αὕτη
2776 4769 3046 4844 περιέχει.
3080 4766 3336 4841 Γεγόνασι
3369 4763 3427 4820 δὲ
3456 4764 3635 4840 κριταὶ
3685 4762 3776 4816 οὗ·

2107 4878 2214 4913 τοι·
2251 4863 2467 4935 πρῶτος
2528 4858 2820 4927 Γοθονιήλ·
2857 4857 3015 4919 οὗτος
3068 4849 3250 4911 ἀνεῖλε
3307 4855 3397 4909 τὸν
3457 4856 3774 4927 Χουσαρσα-

2110 4948 2266 5021 θαῗμ,
2323 4945 2548 5023 βασιλέα
2599 4946 2796 5020 Συρίας
2845 4949 3133 5018 ποταμῶν,
3186 4942 3452 5017 θλίψαντα
3498 4941 3588 4995 τὸν
3642 4938 3774 4994 λαὸν

2111 5033 2203 5107 ἔτη
2241 5038 2423 5111 μ’
2498 5035 2634 5108 μετά
2683 5039 2873 5089 τοῦτον
2925 5030 3111 5103 Αὖὼδ,
3162 5028 3639 5111 ἀμφοτεροδέξιος’
3691 5026 3778 5081 οὗ·

2108 5145 2203 5187 τος
2235 5124 2416 5181 ἀνεῖλε
2461 5123 2551 5178 τὸν
2608 5123 2849 5198 Δίγλὼμ
2909 5121 3137 5199 βασιλέα
3194 5116 3474 5188 Μωὰ6,έν
3532 5116 3777 5193 μαχαίρᾳ

2111 5212 2377 5288 διστόμῳ,
2414 5212 2611 5290 δρακὸς
2643 5211 2847 5288 ἐχούσῃ
2866 5211 2929 5267 τὸ
2959 5218 3154 5285 μῆκος,
3186 5209 3455 5284 θλίψαντα
3494 5209 3584 5262 τὸν
3641 5205 3772 5260 λαὸν

2186 5415 2263 5485 (2)
2293 5414 2372 5482 Ο’,
2424 5415 2680 5485 Σ-υμοῶν,
2748 5409 2974 5485 βασιλέα
3032 5403 3339 5485 Μα-μϐρώθ,
3405 5407 3551 5485 βιξσ-Δ
3592 5402 3775 5485 Ἀξίῳ,

2152 5474 2369 5540 ασιλέα’
2403 5474 2603 5554 Κάδἠς,
2639 5474 2782 5556 Δβαθεῖ
2838 5482 3058 5556 Ζαχὰρι,Δ
3085 5474 3237 5556 ﬁam.-
3292 5474 3577 5556 Μαρεδὼθ,
3598 5546 3615 5556 ι
3641 5475 3773 5556 βασι

2135 5557 2295 5629 ιεκὸμ
2337 5561 2433 5611 τοῦ
2482 5546 2722 5629 Χέρμὲλ,
2761 5555 2882 5628 βασ-
2912 5546 3202 5625 Ὀδολλὰμ
3245 5555 3343 5607 τοῦ
3384 5546 3772 5621 Φεννιαλδὼρ,

2116 5629 2251 5703 βασέ
2284 5633 2374 5703 [ei
2401 5630 2522 5703 τῆς,
2539 5634 2665 5703 _etc,

2184 5701 2259 5773 (3)
2290 5702 2368 5765 ου,
2403 5691 2696 5769 schema.
2732 5697 2883 5767 Mox,
2917 5696 2997 5768 0',
3027 5691 3193 5752 Ἀώδ.
