  <div class='ocr_page' id='page_1' title='image "/cluster/home/n/w/nwhite01/storage/ocr_20150623/28:no.4/coo.31924054873090/170.png"; bbox 0 0 4154 6376; ppageno 0'>
   <div class='ocr_carea' id='block_1_1' title="bbox 325 390 3756 459">
    <p class='ocr_par' dir='ltr' id='par_1_1' title="bbox 325 390 3756 459">
     <span class='ocr_line' id='line_1_1' title="bbox 325 390 3756 459; baseline 0.001 -8"><span class='ocrx_word' id='word_1_1' title='bbox 325 393 449 452; x_wconf 83' lang='grc'><strong>313</strong></span> <span class='ocrx_word' id='word_1_2' title='bbox 1428 390 1803 452; x_wconf 85' lang='lat' dir='ltr'><strong>SYNOPSIS</strong></span> <span class='ocrx_word' id='word_1_3' title='bbox 1847 390 2314 451; x_wconf 67' lang='lat' dir='ltr'><strong>SCRIPTUR/E</strong></span> <span class='ocrx_word' id='word_1_4' title='bbox 2359 392 2658 451; x_wconf 71' lang='lat' dir='ltr'><strong>SACPuE.</strong></span> <span class='ocrx_word' id='word_1_5' title='bbox 3637 402 3756 459; x_wconf 76' lang='lat'><strong>314</strong></span> 
     </span>
    </p>
   </div>
   <div class='ocr_carea' id='block_1_2' title="bbox 328 518 1992 599">
    <p class='ocr_par' dir='ltr' id='par_1_2' title="bbox 328 518 1984 594">
     <span class='ocr_line' id='line_1_2' title="bbox 328 518 1984 594; baseline -0.002 -17"><span class='ocrx_word' id='word_1_6' title='bbox 328 521 422 592; x_wconf 83' lang='grc' dir='ltr'><strong>ἔτη</strong></span> <span class='ocrx_word' id='word_1_7' title='bbox 459 524 549 592; x_wconf 88' lang='grc' dir='ltr'><strong>ιη’·</strong></span> <span class='ocrx_word' id='word_1_8' title='bbox 582 521 673 576; x_wconf 84' lang='grc' dir='ltr'><strong>καὶ</strong></span> <span class='ocrx_word' id='word_1_9' title='bbox 731 520 892 584; x_wconf 80' lang='grc' dir='ltr'>αὐτὸς</span> <span class='ocrx_word' id='word_1_10' title='bbox 951 518 1126 594; x_wconf 76' lang='grc' dir='ltr'>ἔκρινε</span> <span class='ocrx_word' id='word_1_11' title='bbox 1179 520 1272 575; x_wconf 87' lang='grc' dir='ltr'><strong>τὸν</strong></span> <span class='ocrx_word' id='word_1_12' title='bbox 1331 518 1555 593; x_wconf 78' lang='grc' dir='ltr'>Ἰσραὴλ</span> <span class='ocrx_word' id='word_1_13' title='bbox 1587 518 1680 590; x_wconf 79' lang='grc' dir='ltr'>ἔτη</span> <span class='ocrx_word' id='word_1_14' title='bbox 1712 527 1784 574; x_wconf 84' lang='grc' dir='ltr'>π’·</span> <span class='ocrx_word' id='word_1_15' title='bbox 1849 519 1984 593; x_wconf 84' lang='grc' dir='ltr'><strong>μετὰ</strong></span> 
     </span>
    </p>
   </div>
   <div class='ocr_carea' id='block_1_3' title="bbox 2107 518 3759 599">
    <p class='ocr_par' dir='ltr' id='par_1_3' title="bbox 2107 523 3759 599">
     <span class='ocr_line' id='line_1_3' title="bbox 2107 523 3759 599; baseline 0.005 -23"><span class='ocrx_word' id='word_1_16' title='bbox 2107 537 2286 577; x_wconf 76' lang='lat' dir='ltr'><strong>annos</strong></span> <span class='ocrx_word' id='word_1_17' title='bbox 2339 523 2655 594; x_wconf 78' lang='lat' dir='ltr'><strong>octoginta.</strong></span> <span class='ocrx_word' id='word_1_18' title='bbox 2705 523 2915 582; x_wconf 77' lang='lat' dir='ltr'><strong>Postea</strong></span> <span class='ocrx_word' id='word_1_19' title='bbox 2966 528 3255 599; x_wconf 88' lang='lat' dir='ltr'><strong>Tamegar</strong></span> <span class='ocrx_word' id='word_1_20' title='bbox 3303 530 3461 587; x_wconf 81' lang='lat' dir='ltr'><strong>ﬁlius</strong></span> <span class='ocrx_word' id='word_1_21' title='bbox 3510 531 3759 598; x_wconf 88' lang='lat' dir='ltr'><strong>Dinach,</strong></span> 
     </span>
    </p>
   </div>
   <div class='ocr_carea' id='block_1_4' title="bbox 127 607 1992 689">
    <p class='ocr_par' dir='ltr' id='par_1_4' title="bbox 127 607 1992 684">
     <span class='ocr_line' id='line_1_4' title="bbox 127 607 1992 684; baseline -0.002 -20"><span class='ocrx_word' id='word_1_22' title='bbox 127 654 176 664; x_wconf 77' lang='lat'><strong>...</strong></span> <span class='ocrx_word' id='word_1_23' title='bbox 215 616 526 666; x_wconf 69' lang='lat' dir='ltr'><strong>---&quot;tO‘3‘tOV</strong></span> <span class='ocrx_word' id='word_1_24' title='bbox 586 610 839 684; x_wconf 80' lang='grc' dir='ltr'>Ταμεγάρ</span> <span class='ocrx_word' id='word_1_25' title='bbox 905 613 999 681; x_wconf 74' lang='grc'><strong>(5),</strong></span> <span class='ocrx_word' id='word_1_26' title='bbox 1079 610 1191 670; x_wconf 70' lang='grc' dir='ltr'>υἱὸς</span> <span class='ocrx_word' id='word_1_27' title='bbox 1272 610 1460 683; x_wconf 79' lang='grc' dir='ltr'>Δινάχ·</span> <span class='ocrx_word' id='word_1_28' title='bbox 1523 607 1680 670; x_wconf 81' lang='grc' dir='ltr'>οὗτος</span> <span class='ocrx_word' id='word_1_29' title='bbox 1740 608 1992 680; x_wconf 78' lang='grc' dir='ltr'><strong>ἐπάταξεν</strong></span> 
     </span>
    </p>
   </div>
   <div class='ocr_carea' id='block_1_5' title="bbox 2107 607 3757 689">
    <p class='ocr_par' dir='ltr' id='par_1_5' title="bbox 2108 611 3757 689">
     <span class='ocr_line' id='line_1_5' title="bbox 2108 611 3757 689; baseline 0.005 -23"><span class='ocrx_word' id='word_1_30' title='bbox 2108 612 2210 684; x_wconf 88' lang='lat' dir='ltr'><strong>qui</strong></span> <span class='ocrx_word' id='word_1_31' title='bbox 2240 615 2546 667; x_wconf 84' lang='lat' dir='ltr'><strong>sexcentos</strong></span> <span class='ocrx_word' id='word_1_32' title='bbox 2570 611 2640 666; x_wconf 91' lang='lat' dir='ltr'><strong>de</strong></span> <span class='ocrx_word' id='word_1_33' title='bbox 2667 611 3025 668; x_wconf 89' lang='lat' dir='ltr'><strong>Philisthiim</strong></span> <span class='ocrx_word' id='word_1_34' title='bbox 3058 633 3288 672; x_wconf 83' lang='lat' dir='ltr'><strong>vomere</strong></span> <span class='ocrx_word' id='word_1_35' title='bbox 3320 620 3630 689; x_wconf 83' lang='lat' dir='ltr'><strong>percussit,</strong></span> <span class='ocrx_word' id='word_1_36' title='bbox 3655 636 3757 674; x_wconf 88' lang='lat' dir='ltr'><strong>an-</strong></span> 
     </span>
    </p>
   </div>
   <div class='ocr_carea' id='block_1_6' title="bbox 333 696 1992 780">
    <p class='ocr_par' dir='ltr' id='par_1_6' title="bbox 333 696 1990 775">
     <span class='ocr_line' id='line_1_6' title="bbox 333 696 1990 775; baseline -0.003 -20"><span class='ocrx_word' id='word_1_37' title='bbox 333 700 644 770; x_wconf 76' lang='grc' dir='ltr'>ἒξακοσίους</span> <span class='ocrx_word' id='word_1_38' title='bbox 697 704 804 752; x_wconf 80' lang='grc' dir='ltr'><strong>τῶν</strong></span> <span class='ocrx_word' id='word_1_39' title='bbox 857 697 1188 775; x_wconf 73' lang='grc' dir='ltr'>ἀλλοφύλων</span> <span class='ocrx_word' id='word_1_40' title='bbox 1251 697 1300 751; x_wconf 81' lang='grc' dir='ltr'><strong>έν</strong></span> <span class='ocrx_word' id='word_1_41' title='bbox 1360 703 1440 769; x_wconf 78' lang='grc' dir='ltr'>τῷ</span> <span class='ocrx_word' id='word_1_42' title='bbox 1497 696 1827 774; x_wconf 83' lang='grc' dir='ltr'>ἀροτρὸποδι</span> <span class='ocrx_word' id='word_1_43' title='bbox 1883 703 1990 752; x_wconf 82' lang='grc' dir='ltr'><strong>τῶν</strong></span> 
     </span>
    </p>
   </div>
   <div class='ocr_carea' id='block_1_7' title="bbox 2107 696 3761 780">
    <p class='ocr_par' dir='ltr' id='par_1_7' title="bbox 2110 702 3761 780">
     <span class='ocr_line' id='line_1_7' title="bbox 2110 702 3761 780; baseline 0.002 -22"><span class='ocrx_word' id='word_1_44' title='bbox 2110 717 2371 774; x_wconf 92' lang='lat' dir='ltr'><strong>numque</strong></span> <span class='ocrx_word' id='word_1_45' title='bbox 2412 718 2622 772; x_wconf 88' lang='lat' dir='ltr'><strong>unum,</strong></span> <span class='ocrx_word' id='word_1_46' title='bbox 2656 702 2939 774; x_wconf 88' lang='lat' dir='ltr'><strong>populum</strong></span> <span class='ocrx_word' id='word_1_47' title='bbox 2989 705 3290 776; x_wconf 82' lang='lat' dir='ltr'><strong>judicavit.</strong></span> <span class='ocrx_word' id='word_1_48' title='bbox 3324 708 3486 764; x_wconf 90' lang='lat' dir='ltr'><strong>Hunc</strong></span> <span class='ocrx_word' id='word_1_49' title='bbox 3535 707 3761 780; x_wconf 83' lang='lat' dir='ltr'><strong>excepit</strong></span> 
     </span>
    </p>
   </div>
   <div class='ocr_carea' id='block_1_8' title="bbox 273 785 1992 867">
    <p class='ocr_par' dir='ltr' id='par_1_8' title="bbox 273 785 1992 864">
     <span class='ocr_line' id='line_1_8' title="bbox 273 785 1992 864; baseline -0.002 -21"><span class='ocrx_word' id='word_1_50' title='bbox 273 822 279 831; x_wconf 85' lang='lat'><strong>-</strong></span> <span class='ocrx_word' id='word_1_51' title='bbox 338 791 506 864; x_wconf 74' lang='grc' dir='ltr'>βοῶν·</span> <span class='ocrx_word' id='word_1_52' title='bbox 541 789 631 842; x_wconf 82' lang='grc' dir='ltr'><strong>καὶ</strong></span> <span class='ocrx_word' id='word_1_53' title='bbox 682 788 844 848; x_wconf 76' lang='grc' dir='ltr'>αὐτὸς</span> <span class='ocrx_word' id='word_1_54' title='bbox 892 785 1066 841; x_wconf 67' lang='grc' dir='ltr'>ἔκρινε</span> <span class='ocrx_word' id='word_1_55' title='bbox 1112 787 1202 840; x_wconf 82' lang='grc' dir='ltr'>τὸν</span> <span class='ocrx_word' id='word_1_56' title='bbox 1239 785 1368 840; x_wconf 89' lang='grc' dir='ltr'>λαὸν</span> <span class='ocrx_word' id='word_1_57' title='bbox 1396 785 1516 849; x_wconf 75' lang='grc' dir='ltr'>ἓτος</span> <span class='ocrx_word' id='word_1_58' title='bbox 1546 787 1589 840; x_wconf 84' lang='grc' dir='ltr'><strong>α’</strong></span> <span class='ocrx_word' id='word_1_59' title='bbox 1647 789 1777 843; x_wconf 85' lang='grc' dir='ltr'><strong>Μετ’</strong></span> <span class='ocrx_word' id='word_1_60' title='bbox 1833 786 1992 840; x_wconf 81' lang='grc' dir='ltr'>αὐτὸν</span> 
     </span>
    </p>
   </div>
   <div class='ocr_carea' id='block_1_9' title="bbox 2107 785 3763 867">
    <p class='ocr_par' dir='ltr' id='par_1_9' title="bbox 2109 791 3763 867">
     <span class='ocr_line' id='line_1_9' title="bbox 2109 791 3763 867; baseline 0.002 -21"><span class='ocrx_word' id='word_1_61' title='bbox 2109 793 2330 847; x_wconf 89' lang='lat' dir='ltr'><strong>Barach</strong></span> <span class='ocrx_word' id='word_1_62' title='bbox 2365 791 2522 847; x_wconf 80' lang='lat' dir='ltr'><strong>filius</strong></span> <span class='ocrx_word' id='word_1_63' title='bbox 2546 792 2824 862; x_wconf 84' lang='lat' dir='ltr'><strong>Abineem</strong></span> <span class='ocrx_word' id='word_1_64' title='bbox 2852 810 2865 848; x_wconf 90' lang='lat'>:</span> <span class='ocrx_word' id='word_1_65' title='bbox 2891 793 2986 849; x_wconf 92' lang='lat' dir='ltr'><strong>hic</strong></span> <span class='ocrx_word' id='word_1_66' title='bbox 3017 797 3373 867; x_wconf 81' lang='lat' dir='ltr'><strong>expugnavit</strong></span> <span class='ocrx_word' id='word_1_67' title='bbox 3401 797 3569 852; x_wconf 89' lang='lat' dir='ltr'><strong>Jabin</strong></span> <span class='ocrx_word' id='word_1_68' title='bbox 3601 803 3659 852; x_wconf 89' lang='lat' dir='ltr'><strong>et</strong></span> <span class='ocrx_word' id='word_1_69' title='bbox 3679 796 3763 852; x_wconf 91' lang='lat' dir='ltr'><strong>Si-</strong></span> 
     </span>
    </p>
   </div>
   <div class='ocr_carea' id='block_1_10' title="bbox 340 870 1992 956">
    <p class='ocr_par' dir='ltr' id='par_1_10' title="bbox 340 870 1992 954">
     <span class='ocr_line' id='line_1_10' title="bbox 340 870 1992 954; baseline -0.01 -11"><span class='ocrx_word' id='word_1_70' title='bbox 340 879 546 954; x_wconf 77' lang='grc' dir='ltr'>βαρᾶχ,</span> <span class='ocrx_word' id='word_1_71' title='bbox 597 878 714 938; x_wconf 67' lang='grc' dir='ltr'><strong>υἱὸς</strong></span> <span class='ocrx_word' id='word_1_72' title='bbox 776 871 1000 950; x_wconf 70' lang='grc' dir='ltr'>Ἀδινὲχ</span> <span class='ocrx_word' id='word_1_73' title='bbox 1208 876 1374 938; x_wconf 76' lang='grc' dir='ltr'>Οὗτος</span> <span class='ocrx_word' id='word_1_74' title='bbox 1425 874 1767 948; x_wconf 80' lang='grc' dir='ltr'>ἐπολέμησεν</span> <span class='ocrx_word' id='word_1_75' title='bbox 1832 870 1992 930; x_wconf 75' lang='grc' dir='ltr'>Ἰαϐὶν</span> 
     </span>
    </p>
   </div>
   <div class='ocr_carea' id='block_1_11' title="bbox 2107 870 3761 956">
    <p class='ocr_par' dir='ltr' id='par_1_11' title="bbox 2109 882 3761 956">
     <span class='ocr_line' id='line_1_11' title="bbox 2109 882 3761 956; baseline 0.003 -19"><span class='ocrx_word' id='word_1_76' title='bbox 2109 899 2329 947; x_wconf 81' lang='lat' dir='ltr'><strong>sarem,</strong></span> <span class='ocrx_word' id='word_1_77' title='bbox 2353 882 2454 953; x_wconf 91' lang='lat' dir='ltr'><strong>qui</strong></span> <span class='ocrx_word' id='word_1_78' title='bbox 2485 882 2764 938; x_wconf 85' lang='lat' dir='ltr'><strong>Israelem</strong></span> <span class='ocrx_word' id='word_1_79' title='bbox 2796 901 2983 938; x_wconf 89' lang='lat' dir='ltr'><strong>annos</strong></span> <span class='ocrx_word' id='word_1_80' title='bbox 3011 884 3213 956; x_wconf 82' lang='lat' dir='ltr'>viginti</span> <span class='ocrx_word' id='word_1_81' title='bbox 3247 887 3576 941; x_wconf 82' lang='lat' dir='ltr'><strong>afﬁxerunt.</strong></span> <span class='ocrx_word' id='word_1_82' title='bbox 3603 887 3761 942; x_wconf 90' lang='lat' dir='ltr'><strong>Sisa-</strong></span> 
     </span>
    </p>
   </div>
   <div class='ocr_carea' id='block_1_12' title="bbox 337 962 1992 1040">
    <p class='ocr_par' dir='ltr' id='par_1_12' title="bbox 337 962 1992 1040">
     <span class='ocr_line' id='line_1_12' title="bbox 337 962 1992 1040; baseline -0.004 -17"><span class='ocrx_word' id='word_1_83' title='bbox 337 968 429 1023; x_wconf 81' lang='grc' dir='ltr'><strong>καὶ</strong></span> <span class='ocrx_word' id='word_1_84' title='bbox 486 967 576 1022; x_wconf 88' lang='grc' dir='ltr'>τὸν</span> <span class='ocrx_word' id='word_1_85' title='bbox 635 965 859 1040; x_wconf 87' lang='grc' dir='ltr'>Σισάρα,</span> <span class='ocrx_word' id='word_1_86' title='bbox 916 963 1210 1038; x_wconf 75' lang='grc' dir='ltr'>θλίψαντας</span> <span class='ocrx_word' id='word_1_87' title='bbox 1258 965 1350 1018; x_wconf 83' lang='grc' dir='ltr'>τὸν</span> <span class='ocrx_word' id='word_1_88' title='bbox 1403 963 1622 1040; x_wconf 74' lang='grc' dir='ltr'>Ἰσραήλ</span> <span class='ocrx_word' id='word_1_89' title='bbox 1674 962 1765 1035; x_wconf 82' lang='grc' dir='ltr'>ἔτη</span> <span class='ocrx_word' id='word_1_90' title='bbox 1798 966 1864 1020; x_wconf 86' lang='grc' dir='ltr'>κ’.</span> <span class='ocrx_word' id='word_1_91' title='bbox 1897 965 1992 1018; x_wconf 85' lang='grc' dir='ltr'>Τὸν</span> 
     </span>
    </p>
   </div>
   <div class='ocr_carea' id='block_1_13' title="bbox 2107 962 3762 1040">
    <p class='ocr_par' dir='ltr' id='par_1_13' title="bbox 2109 971 3762 1040">
     <span class='ocr_line' id='line_1_13' title="bbox 2109 971 3762 1040; baseline 0.004 -14"><span class='ocrx_word' id='word_1_92' title='bbox 2109 988 2236 1027; x_wconf 89' lang='lat' dir='ltr'><strong>ram</strong></span> <span class='ocrx_word' id='word_1_93' title='bbox 2269 977 2464 1027; x_wconf 90' lang='lat' dir='ltr'><strong>autem</strong></span> <span class='ocrx_word' id='word_1_94' title='bbox 2513 971 2665 1040; x_wconf 88' lang='lat' dir='ltr'><strong>Jael,</strong></span> <span class='ocrx_word' id='word_1_95' title='bbox 2699 990 2845 1028; x_wconf 89' lang='lat' dir='ltr'><strong>uxor</strong></span> <span class='ocrx_word' id='word_1_96' title='bbox 2873 972 3086 1029; x_wconf 90' lang='lat' dir='ltr'><strong>Cather</strong></span> <span class='ocrx_word' id='word_1_97' title='bbox 3115 975 3287 1028; x_wconf 70' lang='lat' dir='ltr'><strong>Cinaei</strong></span> <span class='ocrx_word' id='word_1_98' title='bbox 3337 975 3497 1030; x_wconf 92' lang='lat' dir='ltr'><strong>clavo</strong></span> <span class='ocrx_word' id='word_1_99' title='bbox 3529 977 3762 1032; x_wconf 89' lang='lat' dir='ltr'><strong>occidit.</strong></span> 
     </span>
    </p>
   </div>
   <div class='ocr_carea' id='block_1_14' title="bbox 2107 1060 3766 1135">
    <p class='ocr_par' dir='ltr' id='par_1_14' title="bbox 2107 1060 3766 1135">
     <span class='ocr_line' id='line_1_14' title="bbox 2107 1060 3766 1135; baseline 0.001 -19"><span class='ocrx_word' id='word_1_100' title='bbox 2107 1060 2403 1116; x_wconf 90' lang='lat' dir='ltr'><strong>Judicavit</strong></span> <span class='ocrx_word' id='word_1_101' title='bbox 2422 1061 2530 1116; x_wconf 87' lang='lat' dir='ltr'><strong>iste</strong></span> <span class='ocrx_word' id='word_1_102' title='bbox 2547 1062 2820 1117; x_wconf 91' lang='lat' dir='ltr'><strong>Israelem</strong></span> <span class='ocrx_word' id='word_1_103' title='bbox 2836 1079 3022 1118; x_wconf 89' lang='lat' dir='ltr'><strong>annos</strong></span> <span class='ocrx_word' id='word_1_104' title='bbox 3037 1063 3447 1135; x_wconf 82' lang='lat' dir='ltr'><strong>quadraginta.</strong></span> <span class='ocrx_word' id='word_1_105' title='bbox 3467 1065 3766 1119; x_wconf 90' lang='lat' dir='ltr'><strong>Posthunc</strong></span> 
     </span>
    </p>
   </div>
   <div class='ocr_carea' id='block_1_15' title="bbox 2111 1149 3767 1220">
    <p class='ocr_par' dir='ltr' id='par_1_15' title="bbox 2111 1149 3767 1220">
     <span class='ocr_line' id='line_1_15' title="bbox 2111 1149 3767 1220; baseline 0.002 -15"><span class='ocrx_word' id='word_1_106' title='bbox 2111 1149 2469 1220; x_wconf 87' lang='lat' dir='ltr'><strong>Gedeon,qui</strong></span> <span class='ocrx_word' id='word_1_107' title='bbox 2491 1155 2548 1205; x_wconf 90' lang='lat' dir='ltr'><strong>et</strong></span> <span class='ocrx_word' id='word_1_108' title='bbox 2568 1151 2841 1206; x_wconf 89' lang='lat' dir='ltr'><strong>Jerobaal</strong></span> <span class='ocrx_word' id='word_1_109' title='bbox 2862 1153 3052 1208; x_wconf 91' lang='lat' dir='ltr'><strong>dictus</strong></span> <span class='ocrx_word' id='word_1_110' title='bbox 3073 1157 3183 1208; x_wconf 90' lang='lat' dir='ltr'><strong>est.</strong></span> <span class='ocrx_word' id='word_1_111' title='bbox 3208 1153 3502 1208; x_wconf 82' lang='lat' dir='ltr'><strong>Percussit</strong></span> <span class='ocrx_word' id='word_1_112' title='bbox 3523 1155 3632 1208; x_wconf 88' lang='lat' dir='ltr'><strong>iste</strong></span> <span class='ocrx_word' id='word_1_113' title='bbox 3648 1153 3767 1208; x_wconf 86' lang='lat' dir='ltr'><strong>Ma-</strong></span> 
     </span>
    </p>
   </div>
   <div class='ocr_carea' id='block_1_16' title="bbox 2111 1238 3762 1314">
    <p class='ocr_par' dir='ltr' id='par_1_16' title="bbox 2111 1238 3762 1314">
     <span class='ocr_line' id='line_1_16' title="bbox 2111 1238 3762 1314; baseline 0.003 -21"><span class='ocrx_word' id='word_1_114' title='bbox 2111 1238 2270 1308; x_wconf 91' lang='lat' dir='ltr'><strong>dian,</strong></span> <span class='ocrx_word' id='word_1_115' title='bbox 2295 1244 2352 1294; x_wconf 88' lang='lat' dir='ltr'><strong>et</strong></span> <span class='ocrx_word' id='word_1_116' title='bbox 2375 1239 2544 1307; x_wconf 91' lang='lat' dir='ltr'><strong>Oreb,</strong></span> <span class='ocrx_word' id='word_1_117' title='bbox 2566 1245 2623 1294; x_wconf 91' lang='lat' dir='ltr'><strong>et</strong></span> <span class='ocrx_word' id='word_1_118' title='bbox 2647 1241 2758 1295; x_wconf 89' lang='lat' dir='ltr'><strong>Zeb</strong></span> <span class='ocrx_word' id='word_1_119' title='bbox 2793 1245 2848 1295; x_wconf 89' lang='lat' dir='ltr'><strong>et</strong></span> <span class='ocrx_word' id='word_1_120' title='bbox 2877 1241 3079 1308; x_wconf 89' lang='lat' dir='ltr'><strong>Zebee,</strong></span> <span class='ocrx_word' id='word_1_121' title='bbox 3107 1247 3163 1296; x_wconf 86' lang='lat' dir='ltr'><strong>et</strong></span> <span class='ocrx_word' id='word_1_122' title='bbox 3191 1242 3466 1298; x_wconf 89' lang='lat' dir='ltr'><strong>Salmana</strong></span> <span class='ocrx_word' id='word_1_123' title='bbox 3498 1243 3762 1314; x_wconf 89' lang='lat' dir='ltr'><strong>ipsorum</strong></span> 
     </span>
    </p>
   </div>
   <div class='ocr_carea' id='block_1_17' title="bbox 2110 1325 3764 1402">
    <p class='ocr_par' dir='ltr' id='par_1_17' title="bbox 2110 1325 3764 1402">
     <span class='ocr_line' id='line_1_17' title="bbox 2110 1325 3764 1402; baseline 0.004 -23"><span class='ocrx_word' id='word_1_124' title='bbox 2110 1325 2406 1398; x_wconf 83' lang='lat' dir='ltr'><strong>principes</strong></span> <span class='ocrx_word' id='word_1_125' title='bbox 2428 1342 2495 1380; x_wconf 91' lang='lat' dir='ltr'><strong>ac</strong></span> <span class='ocrx_word' id='word_1_126' title='bbox 2515 1327 2726 1381; x_wconf 89' lang='lat' dir='ltr'><strong>turrim</strong></span> <span class='ocrx_word' id='word_1_127' title='bbox 2750 1327 3007 1383; x_wconf 91' lang='lat' dir='ltr'><strong>Phanuel</strong></span> <span class='ocrx_word' id='word_1_128' title='bbox 3029 1330 3336 1400; x_wconf 82' lang='lat' dir='ltr'><strong>subvertit,</strong></span> <span class='ocrx_word' id='word_1_129' title='bbox 3353 1331 3764 1402; x_wconf 83' lang='lat' dir='ltr'><strong>principesque</strong></span> 
     </span>
    </p>
   </div>
   <div class='ocr_carea' id='block_1_18' title="bbox 2109 1413 3766 1489">
    <p class='ocr_par' dir='ltr' id='par_1_18' title="bbox 2109 1413 3766 1489">
     <span class='ocr_line' id='line_1_18' title="bbox 2109 1413 3766 1489; baseline 0.004 -21"><span class='ocrx_word' id='word_1_130' title='bbox 2109 1413 2344 1469; x_wconf 90' lang='lat' dir='ltr'><strong>illorum</strong></span> <span class='ocrx_word' id='word_1_131' title='bbox 2378 1431 2511 1469; x_wconf 93' lang='lat' dir='ltr'><strong>cum</strong></span> <span class='ocrx_word' id='word_1_132' title='bbox 2546 1415 2733 1486; x_wconf 85' lang='lat' dir='ltr'><strong>spinis</strong></span> <span class='ocrx_word' id='word_1_133' title='bbox 2764 1416 3059 1472; x_wconf 89' lang='lat' dir='ltr'><strong>trituravit</strong></span> <span class='ocrx_word' id='word_1_134' title='bbox 3091 1434 3156 1472; x_wconf 90' lang='lat' dir='ltr'><strong>ac</strong></span> <span class='ocrx_word' id='word_1_135' title='bbox 3187 1419 3458 1473; x_wconf 84' lang='lat' dir='ltr'><strong>contrivit</strong></span> <span class='ocrx_word' id='word_1_136' title='bbox 3489 1437 3522 1474; x_wconf 85' lang='lat' dir='ltr'><strong>a</strong></span> <span class='ocrx_word' id='word_1_137' title='bbox 3553 1419 3766 1489; x_wconf 90' lang='lat' dir='ltr'><strong>quibus</strong></span> 
     </span>
    </p>
   </div>
   <div class='ocr_carea' id='block_1_19' title="bbox 2111 1503 3762 1580">
    <p class='ocr_par' dir='ltr' id='par_1_19' title="bbox 2111 1503 3762 1580">
     <span class='ocr_line' id='line_1_19' title="bbox 2111 1503 3762 1580; baseline 0.004 -23"><span class='ocrx_word' id='word_1_138' title='bbox 2111 1503 2364 1558; x_wconf 87' lang='lat' dir='ltr'><strong>afﬂictus</strong></span> <span class='ocrx_word' id='word_1_139' title='bbox 2381 1504 2571 1559; x_wconf 81' lang='lat' dir='ltr'><strong>fuerat</strong></span> <span class='ocrx_word' id='word_1_140' title='bbox 2589 1505 2764 1560; x_wconf 86' lang='lat' dir='ltr'><strong>Israel</strong></span> <span class='ocrx_word' id='word_1_141' title='bbox 2784 1522 2970 1562; x_wconf 91' lang='lat' dir='ltr'><strong>annos</strong></span> <span class='ocrx_word' id='word_1_142' title='bbox 2987 1511 3234 1580; x_wconf 79' lang='lat' dir='ltr'><strong>septem.</strong></span> <span class='ocrx_word' id='word_1_143' title='bbox 3247 1507 3545 1563; x_wconf 85' lang='lat' dir='ltr'><strong>Judicavit</strong></span> <span class='ocrx_word' id='word_1_144' title='bbox 3564 1514 3762 1563; x_wconf 90' lang='lat' dir='ltr'><strong>autem</strong></span> 
     </span>
    </p>
   </div>
   <div class='ocr_carea' id='block_1_20' title="bbox 2109 1590 3762 1668">
    <p class='ocr_par' dir='ltr' id='par_1_20' title="bbox 2109 1590 3762 1668">
     <span class='ocr_line' id='line_1_20' title="bbox 2109 1590 3762 1668; baseline 0.004 -23"><span class='ocrx_word' id='word_1_145' title='bbox 2109 1590 2236 1663; x_wconf 89' lang='lat' dir='ltr'><strong>ipse</strong></span> <span class='ocrx_word' id='word_1_146' title='bbox 2270 1590 2543 1647; x_wconf 86' lang='lat' dir='ltr'><strong>Israelem</strong></span> <span class='ocrx_word' id='word_1_147' title='bbox 2588 1609 2773 1649; x_wconf 88' lang='lat' dir='ltr'><strong>annos</strong></span> <span class='ocrx_word' id='word_1_148' title='bbox 2816 1596 3230 1668; x_wconf 85' lang='lat' dir='ltr'><strong>quadraginta.</strong></span> <span class='ocrx_word' id='word_1_149' title='bbox 3260 1597 3400 1652; x_wconf 87' lang='lat' dir='ltr'><strong>Post</strong></span> <span class='ocrx_word' id='word_1_150' title='bbox 3431 1597 3594 1652; x_wconf 90' lang='lat' dir='ltr'><strong>illum</strong></span> <span class='ocrx_word' id='word_1_151' title='bbox 3632 1598 3762 1651; x_wconf 84' lang='lat' dir='ltr'><strong>Abi-</strong></span> 
     </span>
    </p>
   </div>
   <div class='ocr_carea' id='block_1_21' title="bbox 2111 1679 3764 1756">
    <p class='ocr_par' dir='ltr' id='par_1_21' title="bbox 2111 1679 3764 1756">
     <span class='ocr_line' id='line_1_21' title="bbox 2111 1679 3764 1756; baseline 0.004 -22"><span class='ocrx_word' id='word_1_152' title='bbox 2111 1679 2356 1747; x_wconf 91' lang='lat' dir='ltr'><strong>melech,</strong></span> <span class='ocrx_word' id='word_1_153' title='bbox 2386 1680 2542 1736; x_wconf 82' lang='lat' dir='ltr'><strong>filius</strong></span> <span class='ocrx_word' id='word_1_154' title='bbox 2592 1682 2878 1739; x_wconf 89' lang='lat' dir='ltr'><strong>Gedeonis</strong></span> <span class='ocrx_word' id='word_1_155' title='bbox 2917 1701 2986 1740; x_wconf 84' lang='lat' dir='ltr'><strong>ex</strong></span> <span class='ocrx_word' id='word_1_156' title='bbox 3023 1684 3371 1756; x_wconf 90' lang='lat' dir='ltr'><strong>concubina,</strong></span> <span class='ocrx_word' id='word_1_157' title='bbox 3404 1685 3503 1756; x_wconf 90' lang='lat' dir='ltr'><strong>qui</strong></span> <span class='ocrx_word' id='word_1_158' title='bbox 3557 1687 3764 1740; x_wconf 78' lang='lat' dir='ltr'><strong>fratres</strong></span> 
     </span>
    </p>
   </div>
   <div class='ocr_carea' id='block_1_22' title="bbox 2111 1769 3758 1847">
    <p class='ocr_par' dir='ltr' id='par_1_22' title="bbox 2111 1769 3758 1847">
     <span class='ocr_line' id='line_1_22' title="bbox 2111 1769 3758 1847; baseline 0.002 -23"><span class='ocrx_word' id='word_1_159' title='bbox 2111 1785 2252 1826; x_wconf 87' lang='lat' dir='ltr'><strong>suos</strong></span> <span class='ocrx_word' id='word_1_160' title='bbox 2272 1787 2342 1826; x_wconf 85' lang='lat' dir='ltr'><strong>ex</strong></span> <span class='ocrx_word' id='word_1_161' title='bbox 2370 1769 2570 1828; x_wconf 89' lang='lat' dir='ltr'><strong>liberis</strong></span> <span class='ocrx_word' id='word_1_162' title='bbox 2603 1777 2792 1839; x_wconf 89' lang='lat' dir='ltr'><strong>natos,</strong></span> <span class='ocrx_word' id='word_1_163' title='bbox 2820 1777 3194 1847; x_wconf 81' lang='lat' dir='ltr'><strong>septuaginta</strong></span> <span class='ocrx_word' id='word_1_164' title='bbox 3211 1774 3388 1843; x_wconf 89' lang='lat' dir='ltr'><strong>viros,</strong></span> <span class='ocrx_word' id='word_1_165' title='bbox 3414 1790 3592 1846; x_wconf 88' lang='lat' dir='ltr'><strong>super</strong></span> <span class='ocrx_word' id='word_1_166' title='bbox 3619 1775 3758 1846; x_wconf 87' lang='lat' dir='ltr'><strong>lapi-</strong></span> 
     </span>
    </p>
   </div>
   <div class='ocr_carea' id='block_1_23' title="bbox 2112 1860 3762 1937">
    <p class='ocr_par' dir='ltr' id='par_1_23' title="bbox 2112 1860 3762 1937">
     <span class='ocr_line' id='line_1_23' title="bbox 2112 1860 3762 1937; baseline 0.003 -22"><span class='ocrx_word' id='word_1_167' title='bbox 2112 1860 2245 1915; x_wconf 91' lang='lat' dir='ltr'><strong>dem</strong></span> <span class='ocrx_word' id='word_1_168' title='bbox 2267 1877 2451 1916; x_wconf 91' lang='lat' dir='ltr'><strong>unum</strong></span> <span class='ocrx_word' id='word_1_169' title='bbox 2474 1862 2706 1917; x_wconf 91' lang='lat' dir='ltr'><strong>occidit.</strong></span> <span class='ocrx_word' id='word_1_170' title='bbox 2733 1863 2894 1937; x_wconf 88' lang='lat' dir='ltr'><strong>Fuga</strong></span> <span class='ocrx_word' id='word_1_171' title='bbox 2918 1869 3112 1919; x_wconf 89' lang='lat' dir='ltr'><strong>autem</strong></span> <span class='ocrx_word' id='word_1_172' title='bbox 3137 1881 3294 1920; x_wconf 90' lang='lat' dir='ltr'><strong>unus</strong></span> <span class='ocrx_word' id='word_1_173' title='bbox 3325 1882 3392 1918; x_wconf 85' lang='lat' dir='ltr'><strong>ex</strong></span> <span class='ocrx_word' id='word_1_174' title='bbox 3423 1864 3561 1935; x_wconf 89' lang='lat' dir='ltr'><strong>illis,</strong></span> <span class='ocrx_word' id='word_1_175' title='bbox 3584 1865 3762 1920; x_wconf 86' lang='lat' dir='ltr'><strong>Jona-</strong></span> 
     </span>
    </p>
   </div>
   <div class='ocr_carea' id='block_1_24' title="bbox 2110 1949 3762 2022">
    <p class='ocr_par' dir='ltr' id='par_1_24' title="bbox 2110 1949 3762 2022">
     <span class='ocr_line' id='line_1_24' title="bbox 2110 1949 3762 2022; baseline 0.002 -18"><span class='ocrx_word' id='word_1_176' title='bbox 2110 1949 2274 2004; x_wconf 87' lang='lat' dir='ltr'><strong>tham</strong></span> <span class='ocrx_word' id='word_1_177' title='bbox 2305 1950 2541 2022; x_wconf 88' lang='lat' dir='ltr'><strong>elapsus</strong></span> <span class='ocrx_word' id='word_1_178' title='bbox 2571 1955 2680 2006; x_wconf 87' lang='lat' dir='ltr'><strong>est.</strong></span> <span class='ocrx_word' id='word_1_179' title='bbox 2706 1951 2834 2022; x_wconf 90' lang='lat' dir='ltr'><strong>Ipse</strong></span> <span class='ocrx_word' id='word_1_180' title='bbox 2861 1969 2996 2008; x_wconf 86' lang='lat' dir='ltr'><strong>vero</strong></span> <span class='ocrx_word' id='word_1_181' title='bbox 3025 1953 3383 2020; x_wconf 89' lang='lat' dir='ltr'><strong>Abimelech,</strong></span> <span class='ocrx_word' id='word_1_182' title='bbox 3411 1954 3588 2009; x_wconf 87' lang='lat' dir='ltr'><strong>etiam</strong></span> <span class='ocrx_word' id='word_1_183' title='bbox 3623 1954 3762 2009; x_wconf 89' lang='lat' dir='ltr'><strong>illis.</strong></span> 
     </span>
    </p>
   </div>
   <div class='ocr_carea' id='block_1_25' title="bbox 2112 2038 3763 2114">
    <p class='ocr_par' dir='ltr' id='par_1_25' title="bbox 2112 2038 3763 2114">
     <span class='ocr_line' id='line_1_25' title="bbox 2112 2038 3763 2114; baseline 0.004 -23"><span class='ocrx_word' id='word_1_184' title='bbox 2112 2038 2210 2109; x_wconf 91' lang='lat' dir='ltr'><strong>qui</strong></span> <span class='ocrx_word' id='word_1_185' title='bbox 2241 2055 2375 2092; x_wconf 92' lang='lat' dir='ltr'><strong>cum</strong></span> <span class='ocrx_word' id='word_1_186' title='bbox 2407 2038 2536 2110; x_wconf 91' lang='lat' dir='ltr'><strong>ipso</strong></span> <span class='ocrx_word' id='word_1_187' title='bbox 2559 2041 3056 2112; x_wconf 87' lang='lat' dir='ltr'><strong>conspiraverant,</strong></span> <span class='ocrx_word' id='word_1_188' title='bbox 3083 2043 3269 2098; x_wconf 87' lang='lat' dir='ltr'><strong>factus</strong></span> <span class='ocrx_word' id='word_1_189' title='bbox 3290 2048 3381 2098; x_wconf 89' lang='lat' dir='ltr'><strong>est</strong></span> <span class='ocrx_word' id='word_1_190' title='bbox 3400 2043 3588 2098; x_wconf 88' lang='lat' dir='ltr'><strong>instar</strong></span> <span class='ocrx_word' id='word_1_191' title='bbox 3609 2043 3763 2114; x_wconf 86' lang='lat' dir='ltr'><strong>ignis</strong></span> 
     </span>
    </p>
   </div>
   <div class='ocr_carea' id='block_1_26' title="bbox 2111 2126 3761 2200">
    <p class='ocr_par' dir='ltr' id='par_1_26' title="bbox 2111 2126 3761 2200">
     <span class='ocr_line' id='line_1_26' title="bbox 2111 2126 3761 2200; baseline 0.004 -19"><span class='ocrx_word' id='word_1_192' title='bbox 2111 2143 2140 2181; x_wconf 94' lang='lat' dir='ltr'><strong>e</strong></span> <span class='ocrx_word' id='word_1_193' title='bbox 2172 2126 2440 2182; x_wconf 89' lang='lat' dir='ltr'><strong>rhamno.</strong></span> <span class='ocrx_word' id='word_1_194' title='bbox 2475 2129 2793 2200; x_wconf 84' lang='lat' dir='ltr'><strong>Postquam</strong></span> <span class='ocrx_word' id='word_1_195' title='bbox 2839 2134 3034 2186; x_wconf 89' lang='lat' dir='ltr'><strong>autem</strong></span> <span class='ocrx_word' id='word_1_196' title='bbox 3077 2131 3295 2187; x_wconf 89' lang='lat' dir='ltr'><strong>multos</strong></span> <span class='ocrx_word' id='word_1_197' title='bbox 3343 2131 3576 2200; x_wconf 90' lang='lat' dir='ltr'><strong>occidit,</strong></span> <span class='ocrx_word' id='word_1_198' title='bbox 3607 2149 3761 2187; x_wconf 87' lang='lat' dir='ltr'><strong>mor-</strong></span> 
     </span>
    </p>
   </div>
   <div class='ocr_carea' id='block_1_27' title="bbox 2107 2217 3760 2293">
    <p class='ocr_par' dir='ltr' id='par_1_27' title="bbox 2107 2217 3760 2293">
     <span class='ocr_line' id='line_1_27' title="bbox 2107 2217 3760 2293; baseline 0.003 -22"><span class='ocrx_word' id='word_1_199' title='bbox 2107 2222 2249 2271; x_wconf 89' lang='lat' dir='ltr'><strong>tuus</strong></span> <span class='ocrx_word' id='word_1_200' title='bbox 2280 2221 2369 2272; x_wconf 89' lang='lat' dir='ltr'><strong>est</strong></span> <span class='ocrx_word' id='word_1_201' title='bbox 2398 2221 2455 2272; x_wconf 90' lang='lat' dir='ltr'><strong>et</strong></span> <span class='ocrx_word' id='word_1_202' title='bbox 2489 2217 2634 2290; x_wconf 90' lang='lat' dir='ltr'><strong>ipse,</strong></span> <span class='ocrx_word' id='word_1_203' title='bbox 2672 2218 2837 2274; x_wconf 68' lang='lat' dir='ltr'><strong>molae</strong></span> <span class='ocrx_word' id='word_1_204' title='bbox 2879 2220 3164 2292; x_wconf 85' lang='lat' dir='ltr'><strong>fragmine</strong></span> <span class='ocrx_word' id='word_1_205' title='bbox 3195 2221 3266 2275; x_wconf 91' lang='lat' dir='ltr'><strong>de</strong></span> <span class='ocrx_word' id='word_1_206' title='bbox 3297 2237 3466 2276; x_wconf 87' lang='lat' dir='ltr'><strong>muro</strong></span> <span class='ocrx_word' id='word_1_207' title='bbox 3497 2238 3600 2293; x_wconf 91' lang='lat' dir='ltr'><strong>per</strong></span> <span class='ocrx_word' id='word_1_208' title='bbox 3630 2238 3760 2276; x_wconf 83' lang='lat' dir='ltr'><strong>mu—</strong></span> 
     </span>
    </p>
   </div>
   <div class='ocr_carea' id='block_1_28' title="bbox 2108 2303 3763 2381">
    <p class='ocr_par' dir='ltr' id='par_1_28' title="bbox 2108 2303 3763 2381">
     <span class='ocr_line' id='line_1_28' title="bbox 2108 2303 3763 2381; baseline 0.004 -22"><span class='ocrx_word' id='word_1_209' title='bbox 2108 2303 2312 2360; x_wconf 91' lang='lat' dir='ltr'><strong>lierem</strong></span> <span class='ocrx_word' id='word_1_210' title='bbox 2371 2307 2630 2361; x_wconf 89' lang='lat' dir='ltr'><strong>demisso</strong></span> <span class='ocrx_word' id='word_1_211' title='bbox 2692 2312 3044 2378; x_wconf 87' lang='lat' dir='ltr'><strong>prostratus,</strong></span> <span class='ocrx_word' id='word_1_212' title='bbox 3093 2309 3522 2381; x_wconf 87' lang='lat' dir='ltr'><strong>imperiumque</strong></span> <span class='ocrx_word' id='word_1_213' title='bbox 3570 2312 3763 2366; x_wconf 87' lang='lat' dir='ltr'><strong>tenuit</strong></span> 
     </span>
    </p>
   </div>
   <div class='ocr_carea' id='block_1_29' title="bbox 2109 2395 3764 2469">
    <p class='ocr_par' dir='ltr' id='par_1_29' title="bbox 2109 2395 3764 2469">
     <span class='ocr_line' id='line_1_29' title="bbox 2109 2395 3764 2469; baseline 0.004 -20"><span class='ocrx_word' id='word_1_214' title='bbox 2109 2410 2296 2450; x_wconf 85' lang='lat' dir='ltr'><strong>annos</strong></span> <span class='ocrx_word' id='word_1_215' title='bbox 2324 2399 2464 2450; x_wconf 89' lang='lat' dir='ltr'><strong>tres.</strong></span> <span class='ocrx_word' id='word_1_216' title='bbox 2489 2395 2710 2451; x_wconf 89' lang='lat' dir='ltr'><strong>Deinde</strong></span> <span class='ocrx_word' id='word_1_217' title='bbox 2732 2397 2916 2452; x_wconf 90' lang='lat' dir='ltr'><strong>Thola</strong></span> <span class='ocrx_word' id='word_1_218' title='bbox 2937 2397 3092 2453; x_wconf 83' lang='lat' dir='ltr'><strong>ﬁlius</strong></span> <span class='ocrx_word' id='word_1_219' title='bbox 3116 2399 3298 2469; x_wconf 88' lang='lat' dir='ltr'><strong>Phua,</strong></span> <span class='ocrx_word' id='word_1_220' title='bbox 3323 2398 3515 2469; x_wconf 87' lang='lat' dir='ltr'><strong>patrui</strong></span> <span class='ocrx_word' id='word_1_221' title='bbox 3539 2399 3764 2455; x_wconf 84' lang='lat' dir='ltr'><strong>Abime-</strong></span> 
     </span>
    </p>
   </div>
   <div class='ocr_carea' id='block_1_30' title="bbox 2107 2483 3764 2558">
    <p class='ocr_par' dir='ltr' id='par_1_30' title="bbox 2107 2483 3764 2558">
     <span class='ocr_line' id='line_1_30' title="bbox 2107 2483 3764 2558; baseline 0.002 -20"><span class='ocrx_word' id='word_1_222' title='bbox 2107 2483 2258 2552; x_wconf 91' lang='lat' dir='ltr'><strong>lech,</strong></span> <span class='ocrx_word' id='word_1_223' title='bbox 2291 2485 2392 2554; x_wconf 88' lang='lat' dir='ltr'><strong>qui</strong></span> <span class='ocrx_word' id='word_1_224' title='bbox 2446 2483 2754 2556; x_wconf 87' lang='lat' dir='ltr'><strong>imperavit</strong></span> <span class='ocrx_word' id='word_1_225' title='bbox 2797 2502 2982 2542; x_wconf 89' lang='lat' dir='ltr'><strong>annos</strong></span> <span class='ocrx_word' id='word_1_226' title='bbox 3029 2488 3118 2541; x_wconf 90' lang='lat'><strong>23.</strong></span> <span class='ocrx_word' id='word_1_227' title='bbox 3156 2489 3317 2542; x_wconf 89' lang='lat' dir='ltr'><strong>Hunc</strong></span> <span class='ocrx_word' id='word_1_228' title='bbox 3366 2488 3593 2558; x_wconf 83' lang='lat' dir='ltr'><strong>excepit</strong></span> <span class='ocrx_word' id='word_1_229' title='bbox 3638 2489 3764 2542; x_wconf 87' lang='lat' dir='ltr'><strong>Jair</strong></span> 
     </span>
    </p>
   </div>
   <div class='ocr_carea' id='block_1_31' title="bbox 2107 2572 3762 2648">
    <p class='ocr_par' dir='ltr' id='par_1_31' title="bbox 2107 2572 3762 2648">
     <span class='ocr_line' id='line_1_31' title="bbox 2107 2572 3762 2648; baseline 0.002 -19"><span class='ocrx_word' id='word_1_230' title='bbox 2107 2572 2463 2641; x_wconf 89' lang='lat' dir='ltr'><strong>Galaadites,</strong></span> <span class='ocrx_word' id='word_1_231' title='bbox 2499 2573 2601 2644; x_wconf 91' lang='lat' dir='ltr'><strong>qui</strong></span> <span class='ocrx_word' id='word_1_232' title='bbox 2643 2573 2933 2645; x_wconf 90' lang='lat' dir='ltr'><strong>judicavit</strong></span> <span class='ocrx_word' id='word_1_233' title='bbox 2962 2593 3150 2630; x_wconf 89' lang='lat' dir='ltr'><strong>annos</strong></span> <span class='ocrx_word' id='word_1_234' title='bbox 3177 2577 3268 2630; x_wconf 77' lang='lat'><strong>‘22.</strong></span> <span class='ocrx_word' id='word_1_235' title='bbox 3301 2577 3508 2632; x_wconf 86' lang='lat' dir='ltr'><strong>Postea</strong></span> <span class='ocrx_word' id='word_1_236' title='bbox 3553 2578 3762 2648; x_wconf 89' lang='lat' dir='ltr'><strong>Jepbte</strong></span> 
     </span>
    </p>
   </div>
   <div class='ocr_carea' id='block_1_32' title="bbox 2107 2660 3757 2734">
    <p class='ocr_par' dir='ltr' id='par_1_32' title="bbox 2107 2660 3757 2734">
     <span class='ocr_line' id='line_1_32' title="bbox 2107 2660 3757 2734; baseline 0.003 -18"><span class='ocrx_word' id='word_1_237' title='bbox 2107 2660 2459 2717; x_wconf 85' lang='lat' dir='ltr'><strong>Galaadites.</strong></span> <span class='ocrx_word' id='word_1_238' title='bbox 2483 2666 2598 2718; x_wconf 91' lang='lat' dir='ltr'><strong>Iste</strong></span> <span class='ocrx_word' id='word_1_239' title='bbox 2629 2665 2920 2734; x_wconf 87' lang='lat' dir='ltr'><strong>percussit</strong></span> <span class='ocrx_word' id='word_1_240' title='bbox 2939 2667 3307 2720; x_wconf 89' lang='lat' dir='ltr'><strong>Ammonitas</strong></span> <span class='ocrx_word' id='word_1_241' title='bbox 3329 2671 3386 2720; x_wconf 89' lang='lat' dir='ltr'><strong>et</strong></span> <span class='ocrx_word' id='word_1_242' title='bbox 3409 2665 3757 2734; x_wconf 62' lang='lat' dir='ltr'><strong>Philistmos,</strong></span> 
     </span>
    </p>
   </div>
   <div class='ocr_carea' id='block_1_33' title="bbox 2105 2749 3756 2820">
    <p class='ocr_par' dir='ltr' id='par_1_33' title="bbox 2105 2749 3756 2820">
     <span class='ocr_line' id='line_1_33' title="bbox 2105 2749 3756 2820; baseline 0.004 -17"><span class='ocrx_word' id='word_1_243' title='bbox 2105 2749 2207 2820; x_wconf 88' lang='lat' dir='ltr'><strong>qui</strong></span> <span class='ocrx_word' id='word_1_244' title='bbox 2239 2750 2510 2806; x_wconf 88' lang='lat' dir='ltr'><strong>Israelem</strong></span> <span class='ocrx_word' id='word_1_245' title='bbox 2557 2752 2864 2807; x_wconf 61' lang='lat' dir='ltr'><strong>affixeran‘t</strong></span> <span class='ocrx_word' id='word_1_246' title='bbox 2893 2770 3079 2808; x_wconf 90' lang='lat' dir='ltr'><strong>annos</strong></span> <span class='ocrx_word' id='word_1_247' title='bbox 3109 2755 3307 2810; x_wconf 89' lang='lat' dir='ltr'><strong>decem</strong></span> <span class='ocrx_word' id='word_1_248' title='bbox 3341 2760 3399 2809; x_wconf 86' lang='lat' dir='ltr'><strong>et</strong></span> <span class='ocrx_word' id='word_1_249' title='bbox 3430 2760 3578 2810; x_wconf 81' lang='lat' dir='ltr'><strong>octo.</strong></span> <span class='ocrx_word' id='word_1_250' title='bbox 3613 2755 3756 2810; x_wconf 82' lang='lat' dir='ltr'><strong>Cum</strong></span> 
     </span>
    </p>
   </div>
   <div class='ocr_carea' id='block_1_34' title="bbox 2104 2839 3758 2912">
    <p class='ocr_par' dir='ltr' id='par_1_34' title="bbox 2104 2839 3758 2912">
     <span class='ocr_line' id='line_1_34' title="bbox 2104 2839 3758 2912; baseline 0.002 -17"><span class='ocrx_word' id='word_1_251' title='bbox 2104 2844 2300 2895; x_wconf 84' lang='lat' dir='ltr'><strong>autem</strong></span> <span class='ocrx_word' id='word_1_252' title='bbox 2334 2840 2391 2893; x_wconf 93' lang='lat' dir='ltr'><strong>in</strong></span> <span class='ocrx_word' id='word_1_253' title='bbox 2424 2839 2574 2895; x_wconf 91' lang='lat' dir='ltr'><strong>bello</strong></span> <span class='ocrx_word' id='word_1_254' title='bbox 2604 2845 2807 2895; x_wconf 89' lang='lat' dir='ltr'><strong>votum</strong></span> <span class='ocrx_word' id='word_1_255' title='bbox 2838 2840 3093 2912; x_wconf 84' lang='lat' dir='ltr'><strong>fecisset,</strong></span> <span class='ocrx_word' id='word_1_256' title='bbox 3120 2842 3455 2898; x_wconf 88' lang='lat' dir='ltr'><strong>oblaturum</strong></span> <span class='ocrx_word' id='word_1_257' title='bbox 3487 2859 3550 2898; x_wconf 90' lang='lat' dir='ltr'><strong>se</strong></span> <span class='ocrx_word' id='word_1_258' title='bbox 3579 2843 3637 2897; x_wconf 90' lang='lat' dir='ltr'><strong>in</strong></span> <span class='ocrx_word' id='word_1_259' title='bbox 3673 2862 3758 2898; x_wconf 84' lang='lat' dir='ltr'><strong>sa-</strong></span> 
     </span>
    </p>
   </div>
   <div class='ocr_carea' id='block_1_35' title="bbox 2103 2927 3754 3001">
    <p class='ocr_par' dir='ltr' id='par_1_35' title="bbox 2103 2927 3754 3001">
     <span class='ocr_line' id='line_1_35' title="bbox 2103 2927 3754 3001; baseline 0.001 -18"><span class='ocrx_word' id='word_1_260' title='bbox 2103 2927 2414 2994; x_wconf 89' lang='lat' dir='ltr'><strong>criﬁcium,</strong></span> <span class='ocrx_word' id='word_1_261' title='bbox 2447 2928 2734 3001; x_wconf 89' lang='lat' dir='ltr'><strong>quidquid</strong></span> <span class='ocrx_word' id='word_1_262' title='bbox 2772 2934 2904 3000; x_wconf 85' lang='lat' dir='ltr'><strong>post</strong></span> <span class='ocrx_word' id='word_1_263' title='bbox 2936 2930 3239 2986; x_wconf 87' lang='lat' dir='ltr'><strong>victoriam</strong></span> <span class='ocrx_word' id='word_1_264' title='bbox 3274 2932 3515 2998; x_wconf 81' lang='lat' dir='ltr'><strong>domum</strong></span> <span class='ocrx_word' id='word_1_265' title='bbox 3565 2949 3754 2986; x_wconf 74' lang='lat' dir='ltr'><strong>rever-</strong></span> 
     </span>
    </p>
   </div>
   <div class='ocr_carea' id='block_1_36' title="bbox 2100 3017 3756 3092">
    <p class='ocr_par' dir='ltr' id='par_1_36' title="bbox 2100 3017 3756 3092">
     <span class='ocr_line' id='line_1_36' title="bbox 2100 3017 3756 3092; baseline 0.001 -20"><span class='ocrx_word' id='word_1_266' title='bbox 2100 3017 2245 3072; x_wconf 89' lang='lat' dir='ltr'><strong>tenti</strong></span> <span class='ocrx_word' id='word_1_267' title='bbox 2278 3017 2538 3088; x_wconf 89' lang='lat' dir='ltr'><strong>primum</strong></span> <span class='ocrx_word' id='word_1_268' title='bbox 2562 3022 2911 3088; x_wconf 87' lang='lat' dir='ltr'><strong>occurreret,</strong></span> <span class='ocrx_word' id='word_1_269' title='bbox 2942 3018 3121 3073; x_wconf 88' lang='lat' dir='ltr'><strong>ﬁliam</strong></span> <span class='ocrx_word' id='word_1_270' title='bbox 3172 3019 3233 3072; x_wconf 92' lang='lat' dir='ltr'><strong>in</strong></span> <span class='ocrx_word' id='word_1_271' title='bbox 3283 3035 3593 3074; x_wconf 88' lang='lat' dir='ltr'><strong>occursum</strong></span> <span class='ocrx_word' id='word_1_272' title='bbox 3627 3038 3756 3092; x_wconf 87' lang='lat' dir='ltr'><strong>pro-</strong></span> 
     </span>
    </p>
   </div>
   <div class='ocr_carea' id='block_1_37' title="bbox 2103 3107 3754 3180">
    <p class='ocr_par' dir='ltr' id='par_1_37' title="bbox 2103 3107 3754 3180">
     <span class='ocr_line' id='line_1_37' title="bbox 2103 3107 3754 3180; baseline 0.001 -20"><span class='ocrx_word' id='word_1_273' title='bbox 2103 3121 2390 3179; x_wconf 85' lang='lat' dir='ltr'><strong>gressam,</strong></span> <span class='ocrx_word' id='word_1_274' title='bbox 2415 3107 2724 3178; x_wconf 89' lang='lat' dir='ltr'><strong>impetrato</strong></span> <span class='ocrx_word' id='word_1_275' title='bbox 2771 3108 3027 3178; x_wconf 89' lang='lat' dir='ltr'><strong>primum</strong></span> <span class='ocrx_word' id='word_1_276' title='bbox 3060 3109 3131 3164; x_wconf 87' lang='lat' dir='ltr'><strong>ad</strong></span> <span class='ocrx_word' id='word_1_277' title='bbox 3163 3109 3480 3180; x_wconf 88' lang='lat' dir='ltr'><strong>lugendam</strong></span> <span class='ocrx_word' id='word_1_278' title='bbox 3516 3109 3754 3180; x_wconf 86' lang='lat' dir='ltr'><strong>virgini-</strong></span> 
     </span>
    </p>
   </div>
   <div class='ocr_carea' id='block_1_38' title="bbox 2102 3195 3725 3267">
    <p class='ocr_par' dir='ltr' id='par_1_38' title="bbox 2102 3195 3725 3267">
     <span class='ocr_line' id='line_1_38' title="bbox 2102 3195 3725 3267; baseline 0.001 -18"><span class='ocrx_word' id='word_1_279' title='bbox 2102 3199 2283 3250; x_wconf 87' lang='lat' dir='ltr'><strong>tatem</strong></span> <span class='ocrx_word' id='word_1_280' title='bbox 2317 3195 2580 3250; x_wconf 89' lang='lat' dir='ltr'><strong>bimestri</strong></span> <span class='ocrx_word' id='word_1_281' title='bbox 2625 3196 2836 3267; x_wconf 88' lang='lat' dir='ltr'><strong>spatio,</strong></span> <span class='ocrx_word' id='word_1_282' title='bbox 2869 3195 3290 3252; x_wconf 89' lang='lat' dir='ltr'><strong>immolandam</strong></span> <span class='ocrx_word' id='word_1_283' title='bbox 3332 3197 3725 3253; x_wconf 87' lang='lat' dir='ltr'><strong>obtulit.Jurli</strong></span> 
     </span>
    </p>
   </div>
   <div class='ocr_carea' id='block_1_39' title="bbox 349 1053 2000 1131">
    <p class='ocr_par' dir='ltr' id='par_1_39' title="bbox 349 1053 2000 1131">
     <span class='ocr_line' id='line_1_39' title="bbox 349 1053 2000 1131; baseline -0.003 -19"><span class='ocrx_word' id='word_1_284' title='bbox 349 1059 441 1131; x_wconf 72' lang='grc' dir='ltr'><strong>μὲν</strong></span> <span class='ocrx_word' id='word_1_285' title='bbox 495 1056 584 1111; x_wconf 68' lang='grc' dir='ltr'><strong>οὖν</strong></span> <span class='ocrx_word' id='word_1_286' title='bbox 648 1057 853 1130; x_wconf 87' lang='grc' dir='ltr'>Σισάρα</span> <span class='ocrx_word' id='word_1_287' title='bbox 911 1053 1213 1108; x_wconf 80' lang='grc' dir='ltr'>ἀπέκτεινεν</span> <span class='ocrx_word' id='word_1_288' title='bbox 1276 1053 1448 1124; x_wconf 72' lang='grc' dir='ltr'>’1αὴλ,</span> <span class='ocrx_word' id='word_1_289' title='bbox 1506 1055 1636 1130; x_wconf 87' lang='grc' dir='ltr'>γυνή</span> <span class='ocrx_word' id='word_1_290' title='bbox 1672 1055 1845 1128; x_wconf 76' lang='grc' dir='ltr'>Χαθέρ</span> <span class='ocrx_word' id='word_1_291' title='bbox 1902 1059 2000 1108; x_wconf 79' lang='grc' dir='ltr'>τοῦ</span> 
     </span>
    </p>
   </div>
   <div class='ocr_carea' id='block_1_40' title="bbox 348 1140 1998 1218">
    <p class='ocr_par' dir='ltr' id='par_1_40' title="bbox 348 1140 1998 1218">
     <span class='ocr_line' id='line_1_40' title="bbox 348 1140 1998 1218; baseline -0.004 -15"><span class='ocrx_word' id='word_1_292' title='bbox 348 1147 569 1203; x_wconf 85' lang='grc' dir='ltr'>Κιναίου</span> <span class='ocrx_word' id='word_1_293' title='bbox 613 1144 662 1198; x_wconf 83' lang='grc' dir='ltr'><strong>έν</strong></span> <span class='ocrx_word' id='word_1_294' title='bbox 719 1143 1000 1216; x_wconf 81' lang='grc' dir='ltr'><strong>πασσάλῳ·</strong></span> <span class='ocrx_word' id='word_1_295' title='bbox 1063 1143 1222 1205; x_wconf 81' lang='grc' dir='ltr'>αὐτὸς</span> <span class='ocrx_word' id='word_1_296' title='bbox 1283 1141 1340 1197; x_wconf 77' lang='grc' dir='ltr'><strong>δὲ</strong></span> <span class='ocrx_word' id='word_1_297' title='bbox 1400 1140 1601 1218; x_wconf 77' lang='grc' dir='ltr'>ἔκρινεν</span> <span class='ocrx_word' id='word_1_298' title='bbox 1662 1143 1752 1197; x_wconf 85' lang='grc' dir='ltr'>τὸν</span> <span class='ocrx_word' id='word_1_299' title='bbox 1778 1141 1998 1218; x_wconf 78' lang='grc' dir='ltr'>Ἰσραὴλ</span> 
     </span>
    </p>
   </div>
   <div class='ocr_carea' id='block_1_41' title="bbox 349 1227 1996 1308">
    <p class='ocr_par' dir='ltr' id='par_1_41' title="bbox 349 1227 1996 1308">
     <span class='ocr_line' id='line_1_41' title="bbox 349 1227 1996 1308; baseline -0.002 -18"><span class='ocrx_word' id='word_1_300' title='bbox 349 1235 445 1306; x_wconf 79' lang='grc' dir='ltr'><strong>ἔτη</strong></span> <span class='ocrx_word' id='word_1_301' title='bbox 507 1237 576 1308; x_wconf 87' lang='grc' dir='ltr'>μ’.</span> <span class='ocrx_word' id='word_1_302' title='bbox 637 1235 756 1288; x_wconf 91' lang='grc' dir='ltr'>Μετ’</span> <span class='ocrx_word' id='word_1_303' title='bbox 816 1232 974 1287; x_wconf 78' lang='grc' dir='ltr'>αὐτὸν</span> <span class='ocrx_word' id='word_1_304' title='bbox 1017 1230 1238 1287; x_wconf 83' lang='grc' dir='ltr'>Γεδεών·</span> <span class='ocrx_word' id='word_1_305' title='bbox 1299 1232 1459 1294; x_wconf 73' lang='grc' dir='ltr'>αὐτός</span> <span class='ocrx_word' id='word_1_306' title='bbox 1518 1231 1656 1287; x_wconf 84' lang='grc' dir='ltr'>ἐστιν</span> <span class='ocrx_word' id='word_1_307' title='bbox 1694 1227 1996 1306; x_wconf 79' lang='grc' dir='ltr'>’1εροϐαάλ.</span> 
     </span>
    </p>
   </div>
   <div class='ocr_carea' id='block_1_42' title="bbox 353 1315 1994 1395">
    <p class='ocr_par' dir='ltr' id='par_1_42' title="bbox 353 1315 1994 1395">
     <span class='ocr_line' id='line_1_42' title="bbox 353 1315 1994 1395; baseline -0.003 -16"><span class='ocrx_word' id='word_1_308' title='bbox 353 1325 518 1385; x_wconf 80' lang='grc' dir='ltr'><strong>Αὐτὸς</strong></span> <span class='ocrx_word' id='word_1_309' title='bbox 577 1322 794 1393; x_wconf 81' lang='grc' dir='ltr'>ἐπάταξε</span> <span class='ocrx_word' id='word_1_310' title='bbox 848 1319 1080 1388; x_wconf 79' lang='grc' dir='ltr'>Μαδιάν,</span> <span class='ocrx_word' id='word_1_311' title='bbox 1137 1323 1226 1375; x_wconf 76' lang='grc' dir='ltr'><strong>καὶ</strong></span> <span class='ocrx_word' id='word_1_312' title='bbox 1281 1321 1372 1376; x_wconf 86' lang='grc' dir='ltr'>τὸν</span> <span class='ocrx_word' id='word_1_313' title='bbox 1432 1315 1623 1395; x_wconf 73' lang='grc' dir='ltr'>Ὠρήϐ,</span> <span class='ocrx_word' id='word_1_314' title='bbox 1668 1321 1758 1375; x_wconf 81' lang='grc' dir='ltr'><strong>καί</strong></span> <span class='ocrx_word' id='word_1_315' title='bbox 1819 1315 1994 1390; x_wconf 75' lang='grc' dir='ltr'>Ζεϐεὲ,</span> 
     </span>
    </p>
   </div>
   <div class='ocr_carea' id='block_1_43' title="bbox 344 1408 1997 1486">
    <p class='ocr_par' dir='ltr' id='par_1_43' title="bbox 344 1408 1997 1486">
     <span class='ocr_line' id='line_1_43' title="bbox 344 1408 1997 1486; baseline -0.003 -19"><span class='ocrx_word' id='word_1_316' title='bbox 344 1414 429 1467; x_wconf 74' lang='grc' dir='ltr'>καὶ</span> <span class='ocrx_word' id='word_1_317' title='bbox 482 1411 744 1483; x_wconf 81' lang='grc' dir='ltr'>Σαλμανά</span> <span class='ocrx_word' id='word_1_318' title='bbox 797 1410 925 1472; x_wconf 82' lang='grc' dir='ltr'>τοὺς</span> <span class='ocrx_word' id='word_1_319' title='bbox 971 1408 1240 1486; x_wconf 70' lang='grc' dir='ltr'>ἄρχοντας</span> <span class='ocrx_word' id='word_1_320' title='bbox 1301 1410 1499 1482; x_wconf 77' lang='grc' dir='ltr'>αὐτῶν,</span> <span class='ocrx_word' id='word_1_321' title='bbox 1557 1409 1647 1464; x_wconf 82' lang='grc' dir='ltr'>τόν</span> <span class='ocrx_word' id='word_1_322' title='bbox 1687 1432 1747 1464; x_wconf 87' lang='grc' dir='ltr'><strong>τε</strong></span> <span class='ocrx_word' id='word_1_323' title='bbox 1793 1409 1997 1486; x_wconf 85' lang='grc' dir='ltr'>πύργον</span> 
     </span>
    </p>
   </div>
   <div class='ocr_carea' id='block_1_44' title="bbox 345 1497 2001 1574">
    <p class='ocr_par' dir='ltr' id='par_1_44' title="bbox 345 1497 2001 1574">
     <span class='ocr_line' id='line_1_44' title="bbox 345 1497 2001 1574; baseline -0.001 -21"><span class='ocrx_word' id='word_1_324' title='bbox 345 1498 602 1568; x_wconf 74' lang='grc' dir='ltr'>Φανουὴλ</span> <span class='ocrx_word' id='word_1_325' title='bbox 633 1500 982 1573; x_wconf 74' lang='grc' dir='ltr'>κατέστρεψε,</span> <span class='ocrx_word' id='word_1_326' title='bbox 1010 1498 1098 1552; x_wconf 81' lang='grc' dir='ltr'><strong>καὶ</strong></span> <span class='ocrx_word' id='word_1_327' title='bbox 1140 1498 1266 1560; x_wconf 76' lang='grc' dir='ltr'>τοὺς</span> <span class='ocrx_word' id='word_1_328' title='bbox 1317 1497 1586 1574; x_wconf 79' lang='grc' dir='ltr'>ἄρχοντας</span> <span class='ocrx_word' id='word_1_329' title='bbox 1639 1499 1814 1552; x_wconf 84' lang='grc' dir='ltr'>αὐτῶν</span> <span class='ocrx_word' id='word_1_330' title='bbox 1868 1497 2001 1567; x_wconf 74' lang='grc' dir='ltr'><strong>ἠλό-</strong></span> 
     </span>
    </p>
   </div>
   <div class='ocr_carea' id='block_1_45' title="bbox 342 1585 1998 1663">
    <p class='ocr_par' dir='ltr' id='par_1_45' title="bbox 342 1585 1998 1663">
     <span class='ocr_line' id='line_1_45' title="bbox 342 1585 1998 1663; baseline 0.001 -21"><span class='ocrx_word' id='word_1_331' title='bbox 342 1609 472 1658; x_wconf 82' lang='grc' dir='ltr'>ησεν</span> <span class='ocrx_word' id='word_1_332' title='bbox 507 1588 557 1642; x_wconf 80' lang='grc' dir='ltr'>ἐν</span> <span class='ocrx_word' id='word_1_333' title='bbox 590 1593 709 1649; x_wconf 84' lang='grc' dir='ltr'>ταῖς</span> <span class='ocrx_word' id='word_1_334' title='bbox 738 1587 1016 1657; x_wconf 73' lang='grc' dir='ltr'>ἀκάνθαις,</span> <span class='ocrx_word' id='word_1_335' title='bbox 1049 1586 1338 1661; x_wconf 80' lang='grc' dir='ltr'>θλίψαντας</span> <span class='ocrx_word' id='word_1_336' title='bbox 1386 1588 1475 1641; x_wconf 87' lang='grc' dir='ltr'><strong>τὸν</strong></span> <span class='ocrx_word' id='word_1_337' title='bbox 1536 1587 1757 1663; x_wconf 71' lang='grc' dir='ltr'>Ἰσραὴλ</span> <span class='ocrx_word' id='word_1_338' title='bbox 1808 1585 1900 1657; x_wconf 79' lang='grc' dir='ltr'>ἔτη</span> <span class='ocrx_word' id='word_1_339' title='bbox 1937 1589 1998 1656; x_wconf 81' lang='grc' dir='ltr'><strong>ζ’.</strong></span> 
     </span>
    </p>
   </div>
   <div class='ocr_carea' id='block_1_46' title="bbox 353 1674 1997 1752">
    <p class='ocr_par' dir='ltr' id='par_1_46' title="bbox 353 1674 1997 1752">
     <span class='ocr_line' id='line_1_46' title="bbox 353 1674 1997 1752; baseline -0.001 -19"><span class='ocrx_word' id='word_1_340' title='bbox 353 1677 522 1738; x_wconf 80' lang='grc' dir='ltr'>Αὐτὸς</span> <span class='ocrx_word' id='word_1_341' title='bbox 575 1674 630 1730; x_wconf 76' lang='grc' dir='ltr'><strong>δὲ</strong></span> <span class='ocrx_word' id='word_1_342' title='bbox 691 1675 865 1750; x_wconf 80' lang='grc' dir='ltr'>ἔκρινε</span> <span class='ocrx_word' id='word_1_343' title='bbox 919 1677 1009 1730; x_wconf 88' lang='grc' dir='ltr'><strong>τὸν</strong></span> <span class='ocrx_word' id='word_1_344' title='bbox 1045 1676 1264 1752; x_wconf 77' lang='grc' dir='ltr'>Ἰσραὴλ</span> <span class='ocrx_word' id='word_1_345' title='bbox 1319 1675 1409 1747; x_wconf 81' lang='grc' dir='ltr'><strong>ἔτη</strong></span> <span class='ocrx_word' id='word_1_346' title='bbox 1476 1685 1546 1750; x_wconf 89' lang='grc' dir='ltr'>μ’.</span> <span class='ocrx_word' id='word_1_347' title='bbox 1609 1677 1754 1732; x_wconf 83' lang='grc' dir='ltr'>Μετὰ</span> <span class='ocrx_word' id='word_1_348' title='bbox 1806 1682 1997 1733; x_wconf 80' lang='grc' dir='ltr'>τοῦτον</span> 
     </span>
    </p>
   </div>
   <div class='ocr_carea' id='block_1_47' title="bbox 340 1761 2004 1841">
    <p class='ocr_par' dir='ltr' id='par_1_47' title="bbox 340 1761 2004 1841">
     <span class='ocr_line' id='line_1_47' title="bbox 340 1761 2004 1841; baseline 0.001 -21"><span class='ocrx_word' id='word_1_349' title='bbox 340 1769 350 1788; x_wconf 84' lang='grc'><strong>’</strong></span> <span class='ocrx_word' id='word_1_350' title='bbox 372 1761 682 1841; x_wconf 73' lang='grc' dir='ltr'>Ᾱϐιμελὲχ,</span> <span class='ocrx_word' id='word_1_351' title='bbox 716 1767 831 1828; x_wconf 73' lang='grc' dir='ltr'><strong>υἱὸς</strong></span> <span class='ocrx_word' id='word_1_352' title='bbox 861 1763 1063 1821; x_wconf 83' lang='grc' dir='ltr'>Γεδεών</span> <span class='ocrx_word' id='word_1_353' title='bbox 1099 1766 1156 1820; x_wconf 79' lang='grc' dir='ltr'><strong>ἐκ</strong></span> <span class='ocrx_word' id='word_1_354' title='bbox 1183 1765 1494 1835; x_wconf 71' lang='grc' dir='ltr'>παλλακῆςο</span> <span class='ocrx_word' id='word_1_355' title='bbox 1530 1767 1685 1828; x_wconf 79' lang='grc' dir='ltr'>οὗτος</span> <span class='ocrx_word' id='word_1_356' title='bbox 1729 1766 2004 1821; x_wconf 83' lang='grc' dir='ltr'>ἀπέκτεινε</span> 
     </span>
    </p>
   </div>
   <div class='ocr_carea' id='block_1_48' title="bbox 342 1852 2080 1962">
    <p class='ocr_par' dir='ltr' id='par_1_48' title="bbox 342 1852 2080 1962">
     <span class='ocr_line' id='line_1_48' title="bbox 342 1852 2080 1962; baseline 0 -52"><span class='ocrx_word' id='word_1_357' title='bbox 342 1855 474 1917; x_wconf 74' lang='grc' dir='ltr'>τοὺς</span> <span class='ocrx_word' id='word_1_358' title='bbox 538 1852 805 1933; x_wconf 62' lang='grc' dir='ltr'>ἀδελφοὺς</span> <span class='ocrx_word' id='word_1_359' title='bbox 867 1855 1077 1926; x_wconf 72' lang='grc' dir='ltr'>ἑαυτοῦ,</span> <span class='ocrx_word' id='word_1_360' title='bbox 1126 1856 1251 1917; x_wconf 72' lang='grc' dir='ltr'>τοὺς</span> <span class='ocrx_word' id='word_1_361' title='bbox 1306 1854 1364 1908; x_wconf 83' lang='grc' dir='ltr'><strong>ἐκ</strong></span> <span class='ocrx_word' id='word_1_362' title='bbox 1419 1860 1526 1909; x_wconf 78' lang='grc' dir='ltr'><strong>τῶν</strong></span> <span class='ocrx_word' id='word_1_363' title='bbox 1579 1855 1900 1929; x_wconf 78' lang='grc' dir='ltr'>ἐλευθέρων,</span> <span class='ocrx_word' id='word_1_364' title='bbox 1959 1874 2080 1962; x_wconf 84' lang='lat' dir='ltr'><strong>o&#39;B</strong></span> 
     </span>
     <span class='ocr_line' id='line_1_49' title="bbox 359 1941 1917 1962; baseline 0 0"><span class='ocrx_word' id='word_1_365' title='bbox 359 1947 380 1962; x_wconf 72' lang='grc' dir='ltr'><strong><em>ν</em></strong></span> <span class='ocrx_word' id='word_1_366' title='bbox 426 1942 448 1962; x_wconf 54' lang='grc' dir='ltr'>Ἀ</span> <span class='ocrx_word' id='word_1_367' title='bbox 609 1945 622 1962; x_wconf 67' lang='grc'><strong>9</strong></span> <span class='ocrx_word' id='word_1_368' title='bbox 678 1944 690 1961; x_wconf 80' lang='lat'><strong><em>\</em></strong></span> <span class='ocrx_word' id='word_1_369' title='bbox 746 1944 827 1962; x_wconf 65' lang='lat' dir='ltr'><strong>\I-</strong></span> <span class='ocrx_word' id='word_1_370' title='bbox 954 1942 976 1962; x_wconf 70' lang='grc' dir='ltr'><strong><em>υ</em></strong></span> <span class='ocrx_word' id='word_1_371' title='bbox 1129 1947 1192 1962; x_wconf 71' lang='lat' dir='ltr'><strong>un</strong></span> <span class='ocrx_word' id='word_1_372' title='bbox 1370 1941 1410 1962; x_wconf 50' lang='grc' dir='ltr'><strong>ἦς</strong></span> <span class='ocrx_word' id='word_1_373' title='bbox 1484 1947 1498 1962; x_wconf 60' lang='grc' dir='ltr'><strong>ν</strong></span> <span class='ocrx_word' id='word_1_374' title='bbox 1594 1943 1641 1962; x_wconf 65' lang='lat' dir='ltr'><strong>‘b</strong></span> <span class='ocrx_word' id='word_1_375' title='bbox 1718 1944 1729 1962; x_wconf 66' lang='grc' dir='ltr'><strong>ν</strong></span> <span class='ocrx_word' id='word_1_376' title='bbox 1785 1946 1810 1962; x_wconf 68' lang='grc' dir='ltr'>ν·</span> <span class='ocrx_word' id='word_1_377' title='bbox 1879 1947 1917 1962; x_wconf 68' lang='grc'><strong>9-</strong></span> 
     </span>
    </p>
   </div>
   <div class='ocr_carea' id='block_1_49' title="bbox 354 1941 2000 2022">
    <p class='ocr_par' dir='ltr' id='par_1_49' title="bbox 354 1941 2000 2022">
     <span class='ocr_line' id='line_1_50' title="bbox 354 1941 2000 2022; baseline 0.001 -23"><span class='ocrx_word' id='word_1_378' title='bbox 354 1942 552 2021; x_wconf 80' lang='grc' dir='ltr'>ἂνδρας</span> <span class='ocrx_word' id='word_1_379' title='bbox 605 1944 693 1999; x_wconf 74' lang='grc' dir='ltr'><strong>ἐπὶ</strong></span> <span class='ocrx_word' id='word_1_380' title='bbox 746 1944 895 2008; x_wconf 91' lang='grc' dir='ltr'>λίθον</span> <span class='ocrx_word' id='word_1_381' title='bbox 954 1942 1064 1999; x_wconf 70' lang='grc' dir='ltr'>ἕνα.</span> <span class='ocrx_word' id='word_1_382' title='bbox 1129 1947 1334 2022; x_wconf 60' lang='lat' dir='ltr'><strong>&quot;Eque</strong></span> <span class='ocrx_word' id='word_1_383' title='bbox 1367 1941 1423 1998; x_wconf 74' lang='grc' dir='ltr'><strong>δὲ</strong></span> <span class='ocrx_word' id='word_1_384' title='bbox 1455 1947 1530 2006; x_wconf 82' lang='grc' dir='ltr'><strong>εἷς</strong></span> <span class='ocrx_word' id='word_1_385' title='bbox 1591 1943 1641 2015; x_wconf 83' lang='grc' dir='ltr'><strong>ἐξ</strong></span> <span class='ocrx_word' id='word_1_386' title='bbox 1674 1944 1846 1999; x_wconf 65' lang='grc' dir='ltr'>αὐτῶν</span> <span class='ocrx_word' id='word_1_387' title='bbox 1879 1947 2000 2000; x_wconf 89' lang='grc' dir='ltr'><strong>Ἰω-</strong></span> 
     </span>
    </p>
   </div>
   <div class='ocr_carea' id='block_1_50' title="bbox 344 2029 2003 2109">
    <p class='ocr_par' dir='ltr' id='par_1_50' title="bbox 344 2029 2003 2109">
     <span class='ocr_line' id='line_1_51' title="bbox 344 2029 2003 2109; baseline 0.001 -21"><span class='ocrx_word' id='word_1_388' title='bbox 344 2035 520 2106; x_wconf 85' lang='grc' dir='ltr'>άθαμ.</span> <span class='ocrx_word' id='word_1_389' title='bbox 560 2032 734 2091; x_wconf 80' lang='grc' dir='ltr'>Ἀλλὰ</span> <span class='ocrx_word' id='word_1_390' title='bbox 775 2034 862 2088; x_wconf 81' lang='grc' dir='ltr'><strong>καὶ</strong></span> <span class='ocrx_word' id='word_1_391' title='bbox 918 2029 1211 2109; x_wconf 69' lang='grc' dir='ltr'>Ἀϐιρελὲχ</span> <span class='ocrx_word' id='word_1_392' title='bbox 1267 2035 1456 2108; x_wconf 80' lang='grc' dir='ltr'>γέγονε</span> <span class='ocrx_word' id='word_1_393' title='bbox 1515 2035 1649 2106; x_wconf 77' lang='grc' dir='ltr'>μετὰ</span> <span class='ocrx_word' id='word_1_394' title='bbox 1702 2039 1810 2088; x_wconf 84' lang='grc' dir='ltr'><strong>τῶν</strong></span> <span class='ocrx_word' id='word_1_395' title='bbox 1857 2035 2003 2107; x_wconf 87' lang='grc' dir='ltr'>αύτῷ</span> 
     </span>
    </p>
   </div>
   <div class='ocr_carea' id='block_1_51' title="bbox 339 2122 2003 2200">
    <p class='ocr_par' dir='ltr' id='par_1_51' title="bbox 339 2122 2003 2200">
     <span class='ocr_line' id='line_1_52' title="bbox 339 2122 2003 2200; baseline 0.001 -23"><span class='ocrx_word' id='word_1_396' title='bbox 339 2123 716 2187; x_wconf 81' lang='grc' dir='ltr'>συνελθόντων</span> <span class='ocrx_word' id='word_1_397' title='bbox 761 2125 834 2184; x_wconf 84' lang='grc' dir='ltr'><strong>ὡς</strong></span> <span class='ocrx_word' id='word_1_398' title='bbox 883 2128 986 2195; x_wconf 77' lang='grc' dir='ltr'><strong>πῦρ</strong></span> <span class='ocrx_word' id='word_1_399' title='bbox 1043 2123 1146 2177; x_wconf 81' lang='grc' dir='ltr'><strong>ἀπὸ</strong></span> <span class='ocrx_word' id='word_1_400' title='bbox 1204 2122 1427 2200; x_wconf 81' lang='grc' dir='ltr'>ράμνου·</span> <span class='ocrx_word' id='word_1_401' title='bbox 1488 2122 1734 2185; x_wconf 81' lang='grc' dir='ltr'>πολλούς</span> <span class='ocrx_word' id='word_1_402' title='bbox 1787 2145 1845 2178; x_wconf 89' lang='grc' dir='ltr'><strong>τε</strong></span> <span class='ocrx_word' id='word_1_403' title='bbox 1873 2124 2003 2178; x_wconf 86' lang='grc' dir='ltr'>ἁπο-</span> 
     </span>
    </p>
   </div>
   <div class='ocr_carea' id='block_1_52' title="bbox 335 2211 2000 2288">
    <p class='ocr_par' dir='ltr' id='par_1_52' title="bbox 335 2211 2000 2288">
     <span class='ocr_line' id='line_1_53' title="bbox 335 2211 2000 2288; baseline 0.001 -21"><span class='ocrx_word' id='word_1_404' title='bbox 335 2214 583 2280; x_wconf 85' lang='grc' dir='ltr'>κτείνας,</span> <span class='ocrx_word' id='word_1_405' title='bbox 645 2211 873 2275; x_wconf 80' lang='grc' dir='ltr'>ἀπέθανε</span> <span class='ocrx_word' id='word_1_406' title='bbox 930 2213 1018 2267; x_wconf 78' lang='grc' dir='ltr'><strong>καὶ</strong></span> <span class='ocrx_word' id='word_1_407' title='bbox 1077 2213 1235 2274; x_wconf 79' lang='grc' dir='ltr'>αὐτὸς</span> <span class='ocrx_word' id='word_1_408' title='bbox 1297 2212 1527 2288; x_wconf 74' lang='grc' dir='ltr'>ῥιψάσης</span> <span class='ocrx_word' id='word_1_409' title='bbox 1588 2213 1840 2286; x_wconf 79' lang='grc' dir='ltr'>γυναικὸς</span> <span class='ocrx_word' id='word_1_410' title='bbox 1896 2215 2000 2268; x_wconf 84' lang='grc' dir='ltr'><strong>ἀπὸ</strong></span> 
     </span>
    </p>
   </div>
   <div class='ocr_carea' id='block_1_53' title="bbox 342 2301 2000 2377">
    <p class='ocr_par' dir='ltr' id='par_1_53' title="bbox 342 2301 2000 2377">
     <span class='ocr_line' id='line_1_54' title="bbox 342 2301 2000 2377; baseline 0.001 -20"><span class='ocrx_word' id='word_1_411' title='bbox 342 2307 441 2357; x_wconf 80' lang='grc' dir='ltr'>τοῦ</span> <span class='ocrx_word' id='word_1_412' title='bbox 470 2301 691 2377; x_wconf 78' lang='grc' dir='ltr'>τείχους</span> <span class='ocrx_word' id='word_1_413' title='bbox 752 2302 835 2356; x_wconf 79' lang='grc' dir='ltr'><strong>ἐπ’</strong></span> <span class='ocrx_word' id='word_1_414' title='bbox 866 2301 1024 2357; x_wconf 78' lang='grc' dir='ltr'>αὐτὸν</span> <span class='ocrx_word' id='word_1_415' title='bbox 1056 2302 1276 2375; x_wconf 79' lang='grc' dir='ltr'>κλάσμα</span> <span class='ocrx_word' id='word_1_416' title='bbox 1336 2301 1533 2374; x_wconf 86' lang='grc' dir='ltr'>μύλου.</span> <span class='ocrx_word' id='word_1_417' title='bbox 1596 2303 1691 2357; x_wconf 83' lang='grc' dir='ltr'>Καὶ</span> <span class='ocrx_word' id='word_1_418' title='bbox 1751 2303 1909 2366; x_wconf 81' lang='grc' dir='ltr'>αὐτὸς</span> <span class='ocrx_word' id='word_1_419' title='bbox 1944 2301 2000 2358; x_wconf 81' lang='grc' dir='ltr'><strong>δὲ</strong></span> 
     </span>
    </p>
   </div>
   <div class='ocr_carea' id='block_1_54' title="bbox 339 2389 2000 2467">
    <p class='ocr_par' dir='ltr' id='par_1_54' title="bbox 339 2389 2000 2467">
     <span class='ocr_line' id='line_1_55' title="bbox 339 2389 2000 2467; baseline 0.002 -23"><span class='ocrx_word' id='word_1_420' title='bbox 339 2391 497 2467; x_wconf 76' lang='grc' dir='ltr'>ἧρξεν</span> <span class='ocrx_word' id='word_1_421' title='bbox 535 2389 626 2462; x_wconf 80' lang='grc' dir='ltr'><strong>ἔτη</strong></span> <span class='ocrx_word' id='word_1_422' title='bbox 661 2391 804 2467; x_wconf 89' lang='grc' dir='ltr'>τρία.</span> <span class='ocrx_word' id='word_1_423' title='bbox 866 2393 991 2445; x_wconf 84' lang='grc' dir='ltr'>Μετ’</span> <span class='ocrx_word' id='word_1_424' title='bbox 1045 2391 1202 2446; x_wconf 82' lang='grc' dir='ltr'>αὐτὸν</span> <span class='ocrx_word' id='word_1_425' title='bbox 1263 2391 1426 2446; x_wconf 78' lang='grc' dir='ltr'>Θωλὰ</span> <span class='ocrx_word' id='word_1_426' title='bbox 1479 2391 1594 2454; x_wconf 76' lang='grc' dir='ltr'>υἱὸς</span> <span class='ocrx_word' id='word_1_427' title='bbox 1654 2392 1824 2463; x_wconf 82' lang='grc' dir='ltr'>Φούα,</span> <span class='ocrx_word' id='word_1_428' title='bbox 1886 2393 2000 2455; x_wconf 75' lang='grc' dir='ltr'><strong>υἱὸς</strong></span> 
     </span>
    </p>
   </div>
   <div class='ocr_carea' id='block_1_55' title="bbox 337 2475 1997 2558">
    <p class='ocr_par' dir='ltr' id='par_1_55' title="bbox 337 2475 1997 2558">
     <span class='ocr_line' id='line_1_56' title="bbox 337 2475 1997 2558; baseline 0.002 -24"><span class='ocrx_word' id='word_1_429' title='bbox 337 2477 720 2558; x_wconf 64' lang='grc' dir='ltr'>πατραδέλφου</span> <span class='ocrx_word' id='word_1_430' title='bbox 781 2475 1103 2556; x_wconf 79' lang='grc' dir='ltr'>Ἀϐιμελέχ.</span> <span class='ocrx_word' id='word_1_431' title='bbox 1160 2481 1258 2534; x_wconf 77' lang='grc' dir='ltr'><strong>Καὶ</strong></span> <span class='ocrx_word' id='word_1_432' title='bbox 1321 2480 1480 2541; x_wconf 80' lang='grc' dir='ltr'>αὐτὸς</span> <span class='ocrx_word' id='word_1_433' title='bbox 1528 2481 1686 2556; x_wconf 80' lang='grc' dir='ltr'>ἧρξεν</span> <span class='ocrx_word' id='word_1_434' title='bbox 1743 2480 1834 2553; x_wconf 82' lang='grc' dir='ltr'><strong>ἔτη</strong></span> <span class='ocrx_word' id='word_1_435' title='bbox 1893 2484 1997 2558; x_wconf 86' lang='grc' dir='ltr'>κγ’.</span> 
     </span>
    </p>
   </div>
   <div class='ocr_carea' id='block_1_56' title="bbox 341 2565 1994 2645">
    <p class='ocr_par' dir='ltr' id='par_1_56' title="bbox 341 2565 1994 2645">
     <span class='ocr_line' id='line_1_57' title="bbox 341 2565 1994 2645; baseline 0 -21"><span class='ocrx_word' id='word_1_436' title='bbox 341 2571 468 2624; x_wconf 85' lang='grc' dir='ltr'>Μετ’</span> <span class='ocrx_word' id='word_1_437' title='bbox 499 2569 655 2623; x_wconf 80' lang='grc' dir='ltr'>αύνὸν</span> <span class='ocrx_word' id='word_1_438' title='bbox 693 2569 850 2645; x_wconf 79' lang='grc' dir='ltr'>Ἰαεὶρ</span> <span class='ocrx_word' id='word_1_439' title='bbox 885 2570 911 2622; x_wconf 86' lang='grc' dir='ltr'>ὁ</span> <span class='ocrx_word' id='word_1_440' title='bbox 954 2566 1294 2640; x_wconf 83' lang='grc' dir='ltr'>Γαλααδίτης</span> <span class='ocrx_word' id='word_1_441' title='bbox 1352 2565 1444 2639; x_wconf 78' lang='grc' dir='ltr'><strong>ἔτη</strong></span> <span class='ocrx_word' id='word_1_442' title='bbox 1495 2565 1597 2624; x_wconf 69' lang='grc' dir='ltr'>κδ’.</span> <span class='ocrx_word' id='word_1_443' title='bbox 1659 2573 1785 2625; x_wconf 86' lang='grc' dir='ltr'>Μετ’</span> <span class='ocrx_word' id='word_1_444' title='bbox 1837 2571 1994 2626; x_wconf 79' lang='grc' dir='ltr'>αὐτὸν</span> 
     </span>
    </p>
   </div>
   <div class='ocr_carea' id='block_1_57' title="bbox 338 2655 1996 2734">
    <p class='ocr_par' dir='ltr' id='par_1_57' title="bbox 338 2655 1996 2734">
     <span class='ocr_line' id='line_1_58' title="bbox 338 2655 1996 2734; baseline -0.005 -22"><span class='ocrx_word' id='word_1_445' title='bbox 338 2657 548 2734; x_wconf 66' lang='grc' dir='ltr'>Ἰεφθάε</span> <span class='ocrx_word' id='word_1_446' title='bbox 600 2657 626 2712; x_wconf 86' lang='grc' dir='ltr'>ὀ</span> <span class='ocrx_word' id='word_1_447' title='bbox 693 2655 1049 2726; x_wconf 64' lang='grc' dir='ltr'><strong>Γαλααδίτιης⁹</strong></span> <span class='ocrx_word' id='word_1_448' title='bbox 1108 2657 1263 2718; x_wconf 83' lang='grc' dir='ltr'>οὗτος</span> <span class='ocrx_word' id='word_1_449' title='bbox 1313 2657 1591 2713; x_wconf 83' lang='grc' dir='ltr'>ἀπέκτεινε</span> <span class='ocrx_word' id='word_1_450' title='bbox 1641 2659 1767 2722; x_wconf 80' lang='grc' dir='ltr'>τοὺς</span> <span class='ocrx_word' id='word_1_451' title='bbox 1829 2661 1996 2732; x_wconf 80' lang='grc' dir='ltr'>Ἅμα-</span> 
     </span>
    </p>
   </div>
   <div class='ocr_carea' id='block_1_58' title="bbox 341 2746 1994 2824">
    <p class='ocr_par' dir='ltr' id='par_1_58' title="bbox 341 2746 1994 2824">
     <span class='ocr_line' id='line_1_59' title="bbox 341 2746 1994 2824; baseline 0.003 -25"><span class='ocrx_word' id='word_1_452' title='bbox 341 2746 490 2807; x_wconf 80' lang='grc' dir='ltr'>νίτας</span> <span class='ocrx_word' id='word_1_453' title='bbox 541 2746 628 2800; x_wconf 79' lang='grc' dir='ltr'><strong>καὶ</strong></span> <span class='ocrx_word' id='word_1_454' title='bbox 683 2746 808 2808; x_wconf 80' lang='grc' dir='ltr'>τοὺς</span> <span class='ocrx_word' id='word_1_455' title='bbox 872 2746 1225 2819; x_wconf 77' lang='grc' dir='ltr'>Φλλιστιεῖμ,</span> <span class='ocrx_word' id='word_1_456' title='bbox 1289 2746 1580 2820; x_wconf 78' lang='grc' dir='ltr'>θλίψαντας</span> <span class='ocrx_word' id='word_1_457' title='bbox 1627 2749 1717 2802; x_wconf 84' lang='grc' dir='ltr'>τὸν</span> <span class='ocrx_word' id='word_1_458' title='bbox 1775 2748 1994 2824; x_wconf 72' lang='grc' dir='ltr'>Ἰσραὴλ</span> 
     </span>
    </p>
   </div>
   <div class='ocr_carea' id='block_1_59' title="bbox 344 2833 1994 2909">
    <p class='ocr_par' dir='ltr' id='par_1_59' title="bbox 344 2833 1994 2909">
     <span class='ocr_line' id='line_1_60' title="bbox 344 2833 1994 2909; baseline 0.002 -20"><span class='ocrx_word' id='word_1_459' title='bbox 344 2833 436 2904; x_wconf 75' lang='grc' dir='ltr'><strong>ἔτη</strong></span> <span class='ocrx_word' id='word_1_460' title='bbox 476 2837 567 2905; x_wconf 83' lang='grc' dir='ltr'>ιη’.</span> <span class='ocrx_word' id='word_1_461' title='bbox 603 2834 908 2907; x_wconf 78' lang='grc' dir='ltr'>Εὐξάμενος</span> <span class='ocrx_word' id='word_1_462' title='bbox 943 2834 998 2890; x_wconf 74' lang='grc' dir='ltr'><strong>δὲ</strong></span> <span class='ocrx_word' id='word_1_463' title='bbox 1031 2835 1080 2890; x_wconf 79' lang='grc' dir='ltr'><strong>ἐν</strong></span> <span class='ocrx_word' id='word_1_464' title='bbox 1114 2841 1191 2908; x_wconf 78' lang='grc' dir='ltr'>τῷ</span> <span class='ocrx_word' id='word_1_465' title='bbox 1249 2835 1482 2909; x_wconf 88' lang='grc' dir='ltr'>πολέμῳ</span> <span class='ocrx_word' id='word_1_466' title='bbox 1540 2837 1628 2891; x_wconf 84' lang='grc' dir='ltr'>τὸν</span> <span class='ocrx_word' id='word_1_467' title='bbox 1676 2837 1994 2892; x_wconf 80' lang='grc' dir='ltr'>ἀπαντῶντα</span> 
     </span>
    </p>
   </div>
   <div class='ocr_carea' id='block_1_60' title="bbox 342 2924 1991 3004">
    <p class='ocr_par' dir='ltr' id='par_1_60' title="bbox 342 2924 1991 3004">
     <span class='ocr_line' id='line_1_61' title="bbox 342 2924 1991 3004; baseline 0.002 -27"><span class='ocrx_word' id='word_1_468' title='bbox 342 2929 556 2999; x_wconf 79' lang='grc' dir='ltr'>πρῶτον</span> <span class='ocrx_word' id='word_1_469' title='bbox 603 2924 736 2997; x_wconf 80' lang='grc' dir='ltr'>μετὰ</span> <span class='ocrx_word' id='word_1_470' title='bbox 772 2926 872 2993; x_wconf 74' lang='grc' dir='ltr'>τήν</span> <span class='ocrx_word' id='word_1_471' title='bbox 931 2926 1086 2995; x_wconf 72' lang='grc' dir='ltr'>νίκην</span> <span class='ocrx_word' id='word_1_472' title='bbox 1121 2925 1399 3004; x_wconf 73' lang='grc' dir='ltr'>ἀναφέρειν</span> <span class='ocrx_word' id='word_1_473' title='bbox 1434 2925 1509 2988; x_wconf 78' lang='grc' dir='ltr'><strong>εἰς</strong></span> <span class='ocrx_word' id='word_1_474' title='bbox 1557 2925 1763 2994; x_wconf 90' lang='grc' dir='ltr'>θυσίαν,</span> <span class='ocrx_word' id='word_1_475' title='bbox 1819 2927 1991 2980; x_wconf 85' lang='grc' dir='ltr'>ἀπαν-</span> 
     </span>
    </p>
   </div>
   <div class='ocr_carea' id='block_1_61' title="bbox 343 3014 1994 3092">
    <p class='ocr_par' dir='ltr' id='par_1_61' title="bbox 343 3014 1994 3092">
     <span class='ocr_line' id='line_1_62' title="bbox 343 3014 1994 3092; baseline 0.002 -26"><span class='ocrx_word' id='word_1_476' title='bbox 343 3015 572 3083; x_wconf 72' lang='grc' dir='ltr'>τήσασαν</span> <span class='ocrx_word' id='word_1_477' title='bbox 625 3015 722 3082; x_wconf 72' lang='grc' dir='ltr'>τήν</span> <span class='ocrx_word' id='word_1_478' title='bbox 778 3014 1058 3090; x_wconf 81' lang='grc' dir='ltr'>Θυγατέρα,</span> <span class='ocrx_word' id='word_1_479' title='bbox 1105 3015 1330 3084; x_wconf 69' lang='grc' dir='ltr'>ἠξίωσεν</span> <span class='ocrx_word' id='word_1_480' title='bbox 1389 3015 1651 3091; x_wconf 80' lang='grc' dir='ltr'>πρότερον</span> <span class='ocrx_word' id='word_1_481' title='bbox 1702 3036 1994 3092; x_wconf 81' lang='grc' dir='ltr'>συγχωρη-</span> 
     </span>
    </p>
   </div>
   <div class='ocr_carea' id='block_1_62' title="bbox 347 3099 1991 3178">
    <p class='ocr_par' dir='ltr' id='par_1_62' title="bbox 347 3099 1991 3178">
     <span class='ocr_line' id='line_1_63' title="bbox 347 3099 1991 3178; baseline 0.003 -24"><span class='ocrx_word' id='word_1_482' title='bbox 347 3109 495 3170; x_wconf 80' lang='grc' dir='ltr'>θῆναι</span> <span class='ocrx_word' id='word_1_483' title='bbox 526 3101 660 3176; x_wconf 79' lang='grc' dir='ltr'>αύτῃ</span> <span class='ocrx_word' id='word_1_484' title='bbox 694 3099 923 3176; x_wconf 82' lang='grc' dir='ltr'>δίμηνον</span> <span class='ocrx_word' id='word_1_485' title='bbox 966 3101 1198 3158; x_wconf 77' lang='grc' dir='ltr'>κλαῦσαι</span> <span class='ocrx_word' id='word_1_486' title='bbox 1226 3103 1293 3158; x_wconf 76' lang='grc' dir='ltr'>τὰ</span> <span class='ocrx_word' id='word_1_487' title='bbox 1340 3105 1600 3178; x_wconf 75' lang='grc' dir='ltr'>παρθένια</span> <span class='ocrx_word' id='word_1_488' title='bbox 1657 3104 1844 3174; x_wconf 72' lang='grc' dir='ltr'>αύτῆςο</span> <span class='ocrx_word' id='word_1_489' title='bbox 1900 3105 1991 3159; x_wconf 78' lang='grc' dir='ltr'>οὕ-</span> 
     </span>
    </p>
   </div>
   <div class='ocr_carea' id='block_1_63' title="bbox 340 3189 1992 3268">
    <p class='ocr_par' dir='ltr' id='par_1_63' title="bbox 340 3189 1992 3268">
     <span class='ocr_line' id='line_1_64' title="bbox 340 3189 1992 3268; baseline 0.001 -24"><span class='ocrx_word' id='word_1_490' title='bbox 340 3211 445 3251; x_wconf 80' lang='grc' dir='ltr'>τως</span> <span class='ocrx_word' id='word_1_491' title='bbox 493 3189 661 3261; x_wconf 70' lang='grc' dir='ltr'>αὐτὴν</span> <span class='ocrx_word' id='word_1_492' title='bbox 713 3193 1003 3266; x_wconf 84' lang='grc' dir='ltr'>ἀνενεγκὼν</span> <span class='ocrx_word' id='word_1_493' title='bbox 1060 3192 1086 3245; x_wconf 84' lang='grc' dir='ltr'>ὁ</span> <span class='ocrx_word' id='word_1_494' title='bbox 1135 3193 1315 3268; x_wconf 69' lang='grc' dir='ltr'>πατὴρ</span> <span class='ocrx_word' id='word_1_495' title='bbox 1349 3192 1422 3254; x_wconf 81' lang='grc' dir='ltr'><strong>εἷς</strong></span> <span class='ocrx_word' id='word_1_496' title='bbox 1462 3192 1664 3266; x_wconf 80' lang='grc' dir='ltr'>Θυσίαν,</span> <span class='ocrx_word' id='word_1_497' title='bbox 1697 3190 1872 3267; x_wconf 76' lang='grc' dir='ltr'>ἔκρινε</span> <span class='ocrx_word' id='word_1_498' title='bbox 1900 3195 1992 3248; x_wconf 90' lang='grc' dir='ltr'><strong>τὸν</strong></span> 
     </span>
    </p>
   </div>
   <div class='ocr_carea' id='block_1_64' title="bbox 341 3269 1992 3357">
    <p class='ocr_par' dir='ltr' id='par_1_64' title="bbox 341 3277 1988 3356">
     <span class='ocr_line' id='line_1_65' title="bbox 341 3277 1988 3356; baseline 0.002 -22"><span class='ocrx_word' id='word_1_499' title='bbox 341 3277 469 3334; x_wconf 89' lang='grc' dir='ltr'>λαὸν</span> <span class='ocrx_word' id='word_1_500' title='bbox 537 3279 627 3351; x_wconf 80' lang='grc' dir='ltr'>ἔτη</span> <span class='ocrx_word' id='word_1_501' title='bbox 817 3283 944 3336; x_wconf 85' lang='grc' dir='ltr'>Μετ’</span> <span class='ocrx_word' id='word_1_502' title='bbox 991 3280 1149 3336; x_wconf 81' lang='grc' dir='ltr'>αὐτὸν</span> <span class='ocrx_word' id='word_1_503' title='bbox 1189 3277 1441 3337; x_wconf 77' lang='grc' dir='ltr'>Ἀϐαισὰν</span> <span class='ocrx_word' id='word_1_504' title='bbox 1476 3283 1580 3336; x_wconf 83' lang='grc' dir='ltr'>άπὸ</span> <span class='ocrx_word' id='word_1_505' title='bbox 1612 3282 1870 3356; x_wconf 76' lang='grc' dir='ltr'>Βηθλεὲμ</span> <span class='ocrx_word' id='word_1_506' title='bbox 1898 3280 1988 3354; x_wconf 81' lang='grc' dir='ltr'><strong>ἔτη</strong></span> 
     </span>
    </p>
   </div>
   <div class='ocr_carea' id='block_1_65' title="bbox 2107 3269 3758 3357">
    <p class='ocr_par' dir='ltr' id='par_1_65' title="bbox 2108 3284 3758 3357">
     <span class='ocr_line' id='line_1_66' title="bbox 2108 3284 3758 3357; baseline 0.002 -19"><span class='ocrx_word' id='word_1_507' title='bbox 2108 3285 2258 3339; x_wconf 86' lang='lat' dir='ltr'><strong>cavit</strong></span> <span class='ocrx_word' id='word_1_508' title='bbox 2307 3290 2502 3340; x_wconf 89' lang='lat' dir='ltr'><strong>autem</strong></span> <span class='ocrx_word' id='word_1_509' title='bbox 2555 3284 2838 3357; x_wconf 90' lang='lat' dir='ltr'><strong>populum</strong></span> <span class='ocrx_word' id='word_1_510' title='bbox 2885 3302 3071 3340; x_wconf 85' lang='lat' dir='ltr'><strong>annos</strong></span> <span class='ocrx_word' id='word_1_511' title='bbox 3103 3302 3222 3340; x_wconf 87' lang='lat' dir='ltr'><strong>sex.</strong></span> <span class='ocrx_word' id='word_1_512' title='bbox 3256 3290 3465 3341; x_wconf 88' lang='lat' dir='ltr'><strong>Postea</strong></span> <span class='ocrx_word' id='word_1_513' title='bbox 3513 3287 3758 3341; x_wconf 76' lang='lat' dir='ltr'><strong>Abzssan</strong></span> 
     </span>
    </p>
   </div>
   <div class='ocr_carea' id='block_1_66' title="bbox 341 3363 1997 3440">
    <p class='ocr_par' dir='ltr' id='par_1_66' title="bbox 341 3363 1997 3440">
     <span class='ocr_line' id='line_1_67' title="bbox 341 3363 1997 3440; baseline 0.004 -20"><span class='ocrx_word' id='word_1_514' title='bbox 341 3366 490 3423; x_wconf 75' lang='grc' dir='ltr'>ἑπτά.</span> <span class='ocrx_word' id='word_1_515' title='bbox 525 3369 655 3422; x_wconf 86' lang='grc' dir='ltr'>Μετ’</span> <span class='ocrx_word' id='word_1_516' title='bbox 689 3367 846 3422; x_wconf 84' lang='grc' dir='ltr'>αὐτὸν</span> <span class='ocrx_word' id='word_1_517' title='bbox 881 3366 1086 3423; x_wconf 82' lang='grc' dir='ltr'>Ἀϊλὼν</span> <span class='ocrx_word' id='word_1_518' title='bbox 1118 3369 1146 3421; x_wconf 83' lang='grc' dir='ltr'>ὁ</span> <span class='ocrx_word' id='word_1_519' title='bbox 1179 3363 1592 3440; x_wconf 74' lang='grc' dir='ltr'>Ζαϐουλωνίτης</span> <span class='ocrx_word' id='word_1_520' title='bbox 1624 3368 1715 3440; x_wconf 77' lang='grc' dir='ltr'>ἔτη</span> <span class='ocrx_word' id='word_1_521' title='bbox 1765 3378 1810 3427; x_wconf 88' lang='grc' dir='ltr'>ι’.</span> <span class='ocrx_word' id='word_1_522' title='bbox 1868 3371 1997 3426; x_wconf 86' lang='grc' dir='ltr'>Μετ’</span> 
     </span>
    </p>
   </div>
   <div class='ocr_carea' id='block_1_67' title="bbox 340 3452 1992 3534">
    <p class='ocr_par' dir='ltr' id='par_1_67' title="bbox 340 3452 1992 3534">
     <span class='ocr_line' id='line_1_68' title="bbox 340 3452 1992 3534; baseline 0.004 -26"><span class='ocrx_word' id='word_1_523' title='bbox 340 3456 500 3511; x_wconf 77' lang='grc' dir='ltr'>αὐτὸν</span> <span class='ocrx_word' id='word_1_524' title='bbox 536 3452 762 3511; x_wconf 80' lang='grc' dir='ltr'>Λαϐδὼν</span> <span class='ocrx_word' id='word_1_525' title='bbox 798 3460 896 3530; x_wconf 88' lang='grc'><strong>(7),</strong></span> <span class='ocrx_word' id='word_1_526' title='bbox 933 3459 960 3511; x_wconf 86' lang='grc' dir='ltr'>ὁ</span> <span class='ocrx_word' id='word_1_527' title='bbox 993 3457 1379 3534; x_wconf 81' lang='grc' dir='ltr'>Φαραθωνίτης</span> <span class='ocrx_word' id='word_1_528' title='bbox 1410 3456 1502 3528; x_wconf 77' lang='grc' dir='ltr'><strong>ἔτη</strong></span> <span class='ocrx_word' id='word_1_529' title='bbox 1544 3461 1614 3529; x_wconf 84' lang='grc' dir='ltr'><strong>η’.</strong></span> <span class='ocrx_word' id='word_1_530' title='bbox 1677 3462 1803 3515; x_wconf 84' lang='grc' dir='ltr'>Μετ’</span> <span class='ocrx_word' id='word_1_531' title='bbox 1834 3461 1992 3515; x_wconf 79' lang='grc' dir='ltr'>αὐτὸν</span> 
     </span>
    </p>
   </div>
   <div class='ocr_carea' id='block_1_68' title="bbox 343 3545 1995 3623">
    <p class='ocr_par' dir='ltr' id='par_1_68' title="bbox 343 3545 1995 3623">
     <span class='ocr_line' id='line_1_69' title="bbox 343 3545 1995 3623; baseline 0.004 -25"><span class='ocrx_word' id='word_1_532' title='bbox 343 3546 584 3619; x_wconf 82' lang='grc' dir='ltr'>Σαμψὼν</span> <span class='ocrx_word' id='word_1_533' title='bbox 638 3547 745 3601; x_wconf 78' lang='grc' dir='ltr'><strong>ἀπὸ</strong></span> <span class='ocrx_word' id='word_1_534' title='bbox 813 3546 954 3601; x_wconf 80' lang='grc' dir='ltr'>Δάν·</span> <span class='ocrx_word' id='word_1_535' title='bbox 1019 3545 1176 3609; x_wconf 75' lang='grc' dir='ltr'>οὗτος</span> <span class='ocrx_word' id='word_1_536' title='bbox 1227 3549 1451 3618; x_wconf 77' lang='grc' dir='ltr'>ἐπάταξε</span> <span class='ocrx_word' id='word_1_537' title='bbox 1496 3547 1623 3611; x_wconf 83' lang='grc' dir='ltr'>τοὺς</span> <span class='ocrx_word' id='word_1_538' title='bbox 1665 3549 1995 3623; x_wconf 81' lang='grc' dir='ltr'>Φυλιστιεὶμ</span> 
     </span>
    </p>
   </div>
   <div class='ocr_carea' id='block_1_69' title="bbox 343 3629 1992 3712">
    <p class='ocr_par' dir='ltr' id='par_1_69' title="bbox 343 3629 1992 3712">
     <span class='ocr_line' id='line_1_70' title="bbox 343 3629 1992 3712; baseline 0.003 -25"><span class='ocrx_word' id='word_1_539' title='bbox 343 3632 393 3688; x_wconf 80' lang='grc' dir='ltr'>ἐν</span> <span class='ocrx_word' id='word_1_540' title='bbox 427 3633 640 3709; x_wconf 84' lang='grc' dir='ltr'>σιαγόνι</span> <span class='ocrx_word' id='word_1_541' title='bbox 699 3629 847 3708; x_wconf 70' lang='grc' dir='ltr'>ὄνου,</span> <span class='ocrx_word' id='word_1_542' title='bbox 898 3636 989 3690; x_wconf 84' lang='grc' dir='ltr'><strong>καὶ</strong></span> <span class='ocrx_word' id='word_1_543' title='bbox 1042 3634 1245 3691; x_wconf 83' lang='grc' dir='ltr'>ἄλλοτε</span> <span class='ocrx_word' id='word_1_544' title='bbox 1275 3631 1483 3712; x_wconf 74' lang='grc' dir='ltr'>ῥάϐδῳ,</span> <span class='ocrx_word' id='word_1_545' title='bbox 1515 3638 1604 3691; x_wconf 78' lang='grc' dir='ltr'><strong>καὶ</strong></span> <span class='ocrx_word' id='word_1_546' title='bbox 1635 3635 1790 3702; x_wconf 73' lang='grc' dir='ltr'>αὖθις</span> <span class='ocrx_word' id='word_1_547' title='bbox 1845 3637 1992 3694; x_wconf 85' lang='grc' dir='ltr'>ἀλώ-</span> 
     </span>
    </p>
   </div>
   <div class='ocr_carea' id='block_1_70' title="bbox 341 3723 1991 3802">
    <p class='ocr_par' dir='ltr' id='par_1_70' title="bbox 341 3723 1991 3802">
     <span class='ocr_line' id='line_1_71' title="bbox 341 3723 1991 3802; baseline 0.003 -25"><span class='ocrx_word' id='word_1_548' title='bbox 341 3723 478 3793; x_wconf 79' lang='grc' dir='ltr'>πεξι,</span> <span class='ocrx_word' id='word_1_549' title='bbox 538 3724 627 3778; x_wconf 83' lang='grc' dir='ltr'><strong>καὶ</strong></span> <span class='ocrx_word' id='word_1_550' title='bbox 675 3723 896 3800; x_wconf 76' lang='grc' dir='ltr'>ὕστερον</span> <span class='ocrx_word' id='word_1_551' title='bbox 947 3724 1312 3799; x_wconf 85' lang='grc' dir='ltr'>συμπτώματι</span> <span class='ocrx_word' id='word_1_552' title='bbox 1361 3731 1457 3781; x_wconf 78' lang='grc' dir='ltr'>τοῦ</span> <span class='ocrx_word' id='word_1_553' title='bbox 1489 3723 1663 3797; x_wconf 60' lang='grc' dir='ltr'>οἴκου,</span> <span class='ocrx_word' id='word_1_554' title='bbox 1697 3726 1991 3802; x_wconf 83' lang='grc' dir='ltr'>θλίψαντας</span> 
     </span>
    </p>
   </div>
   <div class='ocr_carea' id='block_1_71' title="bbox 340 3809 1988 3892">
    <p class='ocr_par' dir='ltr' id='par_1_71' title="bbox 340 3809 1988 3892">
     <span class='ocr_line' id='line_1_72' title="bbox 340 3809 1988 3892; baseline 0.004 -26"><span class='ocrx_word' id='word_1_555' title='bbox 340 3811 430 3866; x_wconf 84' lang='grc' dir='ltr'>τὸν</span> <span class='ocrx_word' id='word_1_556' title='bbox 463 3811 688 3889; x_wconf 80' lang='grc' dir='ltr'>Ἰσραὴλ</span> <span class='ocrx_word' id='word_1_557' title='bbox 720 3809 810 3885; x_wconf 82' lang='grc' dir='ltr'>ἔτη</span> <span class='ocrx_word' id='word_1_558' title='bbox 853 3820 923 3886; x_wconf 86' lang='grc' dir='ltr'>μ’.</span> <span class='ocrx_word' id='word_1_559' title='bbox 958 3814 1058 3868; x_wconf 82' lang='grc' dir='ltr'><strong>Καὶ</strong></span> <span class='ocrx_word' id='word_1_560' title='bbox 1087 3814 1247 3876; x_wconf 76' lang='grc' dir='ltr'>αὐτὸς</span> <span class='ocrx_word' id='word_1_561' title='bbox 1279 3809 1454 3892; x_wconf 72' lang='grc' dir='ltr'>ἔκρινε</span> <span class='ocrx_word' id='word_1_562' title='bbox 1495 3816 1584 3870; x_wconf 88' lang='grc' dir='ltr'>τὸν</span> <span class='ocrx_word' id='word_1_563' title='bbox 1646 3815 1863 3892; x_wconf 74' lang='grc' dir='ltr'>Ἰσραὴλ</span> <span class='ocrx_word' id='word_1_564' title='bbox 1896 3815 1988 3887; x_wconf 80' lang='grc' dir='ltr'>ἔτη</span> 
     </span>
    </p>
   </div>
   <div class='ocr_carea' id='block_1_72' title="bbox 341 3901 1987 3982">
    <p class='ocr_par' dir='ltr' id='par_1_72' title="bbox 341 3901 1987 3982">
     <span class='ocr_line' id='line_1_73' title="bbox 341 3901 1987 3982; baseline 0.004 -28"><span class='ocrx_word' id='word_1_565' title='bbox 341 3901 405 3957; x_wconf 88' lang='grc' dir='ltr'>κ’.</span> <span class='ocrx_word' id='word_1_566' title='bbox 464 3906 735 3957; x_wconf 77' lang='grc' dir='ltr'>Ποσοῦται</span> <span class='ocrx_word' id='word_1_567' title='bbox 783 3901 874 3957; x_wconf 76' lang='grc' dir='ltr'><strong>οὖν</strong></span> <span class='ocrx_word' id='word_1_568' title='bbox 925 3904 976 3958; x_wconf 78' lang='grc' dir='ltr'>οἱ</span> <span class='ocrx_word' id='word_1_569' title='bbox 1023 3902 1218 3967; x_wconf 81' lang='grc' dir='ltr'>πάντες</span> <span class='ocrx_word' id='word_1_570' title='bbox 1264 3905 1444 3980; x_wconf 82' lang='grc' dir='ltr'>κριταὶ</span> <span class='ocrx_word' id='word_1_571' title='bbox 1485 3904 1560 3967; x_wconf 74' lang='grc' dir='ltr'><strong>εἷς</strong></span> <span class='ocrx_word' id='word_1_572' title='bbox 1595 3907 1679 3982; x_wconf 84' lang='grc' dir='ltr'>ιγ’·</span> <span class='ocrx_word' id='word_1_573' title='bbox 1711 3905 1778 3960; x_wconf 76' lang='grc' dir='ltr'>τὰ</span> <span class='ocrx_word' id='word_1_574' title='bbox 1807 3903 1864 3961; x_wconf 74' lang='grc' dir='ltr'>δὲ</span> <span class='ocrx_word' id='word_1_575' title='bbox 1891 3903 1987 3976; x_wconf 72' lang='grc' dir='ltr'><strong>ἓτη</strong></span> 
     </span>
    </p>
   </div>
   <div class='ocr_carea' id='block_1_73' title="bbox 339 3989 678 4049">
    <p class='ocr_par' dir='ltr' id='par_1_73' title="bbox 339 3989 678 4049">
     <span class='ocr_line' id='line_1_74' title="bbox 339 3989 678 4049; baseline 0.015 -5"><span class='ocrx_word' id='word_1_576' title='bbox 339 3989 513 4045; x_wconf 76' lang='grc' dir='ltr'>αὐτῶν</span> <span class='ocrx_word' id='word_1_577' title='bbox 554 3995 678 4049; x_wconf 80' lang='grc' dir='ltr'>υια’.</span> 
     </span>
    </p>
   </div>
   <div class='ocr_carea' id='block_1_74' title="bbox 891 4165 1426 4246">
    <p class='ocr_par' dir='ltr' id='par_1_74' title="bbox 891 4165 1426 4246">
     <span class='ocr_line' id='line_1_75' title="bbox 891 4165 1426 4246; baseline 0.007 -20"><span class='ocrx_word' id='word_1_578' title='bbox 891 4165 1112 4228; x_wconf 80' lang='grc' dir='ltr'>Βιϐλίον</span> <span class='ocrx_word' id='word_1_579' title='bbox 1145 4179 1216 4246; x_wconf 82' lang='grc' dir='ltr'><strong>η’,</strong></span> <span class='ocrx_word' id='word_1_580' title='bbox 1247 4170 1426 4236; x_wconf 89' lang='grc' dir='ltr'>Ῥούθ.</span> 
     </span>
    </p>
   </div>
   <div class='ocr_carea' id='block_1_75' title="bbox 410 4257 1986 4340">
    <p class='ocr_par' dir='ltr' id='par_1_75' title="bbox 410 4257 1986 4340">
     <span class='ocr_line' id='line_1_76' title="bbox 410 4257 1986 4340; baseline 0.001 -23"><span class='ocrx_word' id='word_1_581' title='bbox 410 4261 496 4317; x_wconf 84' lang='grc'><strong>12.</strong></span> <span class='ocrx_word' id='word_1_582' title='bbox 529 4257 689 4317; x_wconf 76' lang='grc' dir='ltr'>Οὕτω</span> <span class='ocrx_word' id='word_1_583' title='bbox 737 4258 947 4337; x_wconf 82' lang='grc' dir='ltr'>λέγεται</span> <span class='ocrx_word' id='word_1_584' title='bbox 996 4261 1060 4316; x_wconf 89' lang='grc' dir='ltr'>τὸ</span> <span class='ocrx_word' id='word_1_585' title='bbox 1111 4257 1349 4339; x_wconf 77' lang='grc' dir='ltr'>βιϐλίον,</span> <span class='ocrx_word' id='word_1_586' title='bbox 1379 4259 1569 4332; x_wconf 79' lang='grc' dir='ltr'>ἐπειδὴ</span> <span class='ocrx_word' id='word_1_587' title='bbox 1610 4262 1700 4317; x_wconf 81' lang='grc' dir='ltr'><strong>καὶ</strong></span> <span class='ocrx_word' id='word_1_588' title='bbox 1729 4263 1829 4332; x_wconf 81' lang='grc' dir='ltr'>τὴν</span> <span class='ocrx_word' id='word_1_589' title='bbox 1862 4262 1986 4340; x_wconf 84' lang='grc' dir='ltr'>περὶ</span> 
     </span>
    </p>
   </div>
   <div class='ocr_carea' id='block_1_76' title="bbox 334 4347 1983 4428">
    <p class='ocr_par' dir='ltr' id='par_1_76' title="bbox 334 4347 1983 4428">
     <span class='ocr_line' id='line_1_77' title="bbox 334 4347 1983 4428; baseline 0.002 -26"><span class='ocrx_word' id='word_1_590' title='bbox 334 4355 434 4417; x_wconf 82' lang='grc' dir='ltr'><strong>τῆς</strong></span> <span class='ocrx_word' id='word_1_591' title='bbox 465 4347 622 4414; x_wconf 77' lang='grc' dir='ltr'>Ῥοὺθ</span> <span class='ocrx_word' id='word_1_592' title='bbox 644 4348 882 4425; x_wconf 68' lang='grc' dir='ltr'>ἱστορίαν</span> <span class='ocrx_word' id='word_1_593' title='bbox 920 4350 1093 4424; x_wconf 86' lang='grc' dir='ltr'>μόνην</span> <span class='ocrx_word' id='word_1_594' title='bbox 1125 4352 1390 4428; x_wconf 81' lang='grc' dir='ltr'>περιέχει.</span> <span class='ocrx_word' id='word_1_595' title='bbox 1452 4353 1601 4406; x_wconf 88' lang='grc' dir='ltr'>Ἔστι</span> <span class='ocrx_word' id='word_1_596' title='bbox 1652 4349 1710 4406; x_wconf 74' lang='grc' dir='ltr'>δὲ</span> <span class='ocrx_word' id='word_1_597' title='bbox 1760 4350 1892 4424; x_wconf 77' lang='grc' dir='ltr'>αὕτη</span> <span class='ocrx_word' id='word_1_598' title='bbox 1948 4355 1983 4423; x_wconf 82' lang='grc' dir='ltr'>ἡ</span> 
     </span>
    </p>
   </div>
   <div class='ocr_carea' id='block_1_77' title="bbox 335 4434 1985 4518">
    <p class='ocr_par' dir='ltr' id='par_1_77' title="bbox 335 4434 1985 4518">
     <span class='ocr_line' id='line_1_78' title="bbox 335 4434 1985 4518; baseline 0.001 -26"><span class='ocrx_word' id='word_1_599' title='bbox 335 4434 493 4492; x_wconf 81' lang='grc' dir='ltr'><strong>Ῥοὺο</strong></span> <span class='ocrx_word' id='word_1_600' title='bbox 552 4438 614 4492; x_wconf 84' lang='grc' dir='ltr'>τὸ</span> <span class='ocrx_word' id='word_1_601' title='bbox 678 4437 772 4511; x_wconf 71' lang='grc' dir='ltr'><strong>μὲν</strong></span> <span class='ocrx_word' id='word_1_602' title='bbox 830 4438 982 4514; x_wconf 83' lang='grc' dir='ltr'>γένος</span> <span class='ocrx_word' id='word_1_603' title='bbox 1038 4435 1338 4512; x_wconf 60' lang='grc' dir='ltr'>Μωαϐῖτις,</span> <span class='ocrx_word' id='word_1_604' title='bbox 1398 4439 1487 4494; x_wconf 78' lang='grc' dir='ltr'><strong>καὶ</strong></span> <span class='ocrx_word' id='word_1_605' title='bbox 1561 4439 1613 4494; x_wconf 83' lang='grc' dir='ltr'>ἐν</span> <span class='ocrx_word' id='word_1_606' title='bbox 1667 4439 1985 4518; x_wconf 73' lang='grc' dir='ltr'>σωφροσύνῃ</span> 
     </span>
    </p>
   </div>
   <div class='ocr_carea' id='block_1_78' title="bbox 337 4522 1982 4606">
    <p class='ocr_par' dir='ltr' id='par_1_78' title="bbox 337 4522 1982 4606">
     <span class='ocr_line' id='line_1_79' title="bbox 337 4522 1982 4606; baseline 0.003 -27"><span class='ocrx_word' id='word_1_607' title='bbox 337 4522 690 4601; x_wconf 55' lang='grc' dir='ltr'>διαπρέψασα.</span> <span class='ocrx_word' id='word_1_608' title='bbox 761 4528 1156 4602; x_wconf 83' lang='grc' dir='ltr'>Ἀπιταξαμένη</span> <span class='ocrx_word' id='word_1_609' title='bbox 1220 4527 1276 4584; x_wconf 75' lang='grc' dir='ltr'>δὲ</span> <span class='ocrx_word' id='word_1_610' title='bbox 1333 4532 1402 4600; x_wconf 82' lang='grc' dir='ltr'>τῇ</span> <span class='ocrx_word' id='word_1_611' title='bbox 1449 4531 1720 4606; x_wconf 81' lang='grc' dir='ltr'>συγγενεία</span> <span class='ocrx_word' id='word_1_612' title='bbox 1776 4532 1865 4584; x_wconf 79' lang='grc' dir='ltr'><strong>καὶ</strong></span> <span class='ocrx_word' id='word_1_613' title='bbox 1915 4534 1982 4604; x_wconf 79' lang='grc' dir='ltr'>τῇ</span> 
     </span>
    </p>
   </div>
   <div class='ocr_carea' id='block_1_79' title="bbox 2107 3373 3756 3446">
    <p class='ocr_par' dir='ltr' id='par_1_79' title="bbox 2107 3373 3756 3446">
     <span class='ocr_line' id='line_1_80' title="bbox 2107 3373 3756 3446; baseline 0.001 -18"><span class='ocrx_word' id='word_1_614' title='bbox 2107 3373 2504 3445; x_wconf 87' lang='lat' dir='ltr'><strong>Bethleemita,</strong></span> <span class='ocrx_word' id='word_1_615' title='bbox 2526 3374 2818 3445; x_wconf 75' lang='lat' dir='ltr'><strong>judicavit</strong></span> <span class='ocrx_word' id='word_1_616' title='bbox 2847 3391 3034 3431; x_wconf 90' lang='lat' dir='ltr'><strong>annos</strong></span> <span class='ocrx_word' id='word_1_617' title='bbox 3061 3380 3306 3446; x_wconf 90' lang='lat' dir='ltr'><strong>septem.</strong></span> <span class='ocrx_word' id='word_1_618' title='bbox 3342 3374 3562 3430; x_wconf 89' lang='lat' dir='ltr'><strong>Deinde</strong></span> <span class='ocrx_word' id='word_1_619' title='bbox 3595 3375 3756 3430; x_wconf 84' lang='lat' dir='ltr'><strong>Ailon</strong></span> 
     </span>
    </p>
   </div>
   <div class='ocr_carea' id='block_1_80' title="bbox 2104 3463 3758 3520">
    <p class='ocr_par' dir='ltr' id='par_1_80' title="bbox 2104 3463 3758 3520">
     <span class='ocr_line' id='line_1_81' title="bbox 2104 3463 3758 3520; baseline 0.001 -4"><span class='ocrx_word' id='word_1_620' title='bbox 2104 3463 2480 3518; x_wconf 88' lang='lat' dir='ltr'><strong>Zabulonites</strong></span> <span class='ocrx_word' id='word_1_621' title='bbox 2511 3479 2698 3519; x_wconf 86' lang='lat' dir='ltr'><strong>annos</strong></span> <span class='ocrx_word' id='word_1_622' title='bbox 2728 3465 2952 3519; x_wconf 86' lang='lat' dir='ltr'><strong>decem.</strong></span> <span class='ocrx_word' id='word_1_623' title='bbox 2978 3464 3114 3518; x_wconf 89' lang='lat' dir='ltr'><strong>Post</strong></span> <span class='ocrx_word' id='word_1_624' title='bbox 3143 3463 3311 3518; x_wconf 89' lang='lat' dir='ltr'><strong>illum</strong></span> <span class='ocrx_word' id='word_1_625' title='bbox 3349 3464 3579 3518; x_wconf 87' lang='lat' dir='ltr'><strong>Lahdon</strong></span> <span class='ocrx_word' id='word_1_626' title='bbox 3613 3466 3758 3520; x_wconf 87' lang='lat' dir='ltr'><strong>Pha-</strong></span> 
     </span>
    </p>
   </div>
   <div class='ocr_carea' id='block_1_81' title="bbox 2105 3550 3757 3621">
    <p class='ocr_par' dir='ltr' id='par_1_81' title="bbox 2105 3550 3757 3621">
     <span class='ocr_line' id='line_1_82' title="bbox 2105 3550 3757 3621; baseline 0.001 -15"><span class='ocrx_word' id='word_1_627' title='bbox 2105 3550 2426 3607; x_wconf 87' lang='lat' dir='ltr'><strong>rathonites</strong></span> <span class='ocrx_word' id='word_1_628' title='bbox 2482 3551 2635 3607; x_wconf 77' lang='lat'><strong>108</strong></span> <span class='ocrx_word' id='word_1_629' title='bbox 2687 3569 2872 3607; x_wconf 87' lang='lat' dir='ltr'><strong>annos</strong></span> <span class='ocrx_word' id='word_1_630' title='bbox 2919 3556 3068 3606; x_wconf 91' lang='lat' dir='ltr'><strong>octo.</strong></span> <span class='ocrx_word' id='word_1_631' title='bbox 3124 3553 3326 3608; x_wconf 88' lang='lat' dir='ltr'><strong>Postea</strong></span> <span class='ocrx_word' id='word_1_632' title='bbox 3373 3553 3644 3621; x_wconf 81' lang='lat' dir='ltr'><strong>Samson,</strong></span> <span class='ocrx_word' id='word_1_633' title='bbox 3686 3555 3757 3608; x_wconf 90' lang='lat' dir='ltr'><strong>de</strong></span> 
     </span>
    </p>
   </div>
   <div class='ocr_carea' id='block_1_82' title="bbox 2103 3639 3758 3713">
    <p class='ocr_par' dir='ltr' id='par_1_82' title="bbox 2103 3639 3758 3713">
     <span class='ocr_line' id='line_1_83' title="bbox 2103 3639 3758 3713; baseline 0 -18"><span class='ocrx_word' id='word_1_634' title='bbox 2103 3640 2286 3713; x_wconf 86' lang='lat' dir='ltr'><strong>stirpe</strong></span> <span class='ocrx_word' id='word_1_635' title='bbox 2324 3641 2470 3696; x_wconf 88' lang='lat' dir='ltr'><strong>Dan.</strong></span> <span class='ocrx_word' id='word_1_636' title='bbox 2502 3641 2607 3696; x_wconf 90' lang='lat' dir='ltr'><strong>Hic</strong></span> <span class='ocrx_word' id='word_1_637' title='bbox 2655 3641 2714 3694; x_wconf 90' lang='lat' dir='ltr'><strong>in</strong></span> <span class='ocrx_word' id='word_1_638' title='bbox 2765 3639 3111 3696; x_wconf 89' lang='lat' dir='ltr'><strong>mandibula</strong></span> <span class='ocrx_word' id='word_1_639' title='bbox 3157 3641 3332 3709; x_wconf 87' lang='lat' dir='ltr'><strong>asini,</strong></span> <span class='ocrx_word' id='word_1_640' title='bbox 3366 3641 3664 3696; x_wconf 88' lang='lat' dir='ltr'><strong>interdum</strong></span> <span class='ocrx_word' id='word_1_641' title='bbox 3698 3647 3758 3695; x_wconf 84' lang='lat' dir='ltr'><strong>et</strong></span> 
     </span>
    </p>
   </div>
   <div class='ocr_carea' id='block_1_83' title="bbox 2103 3729 3756 3802">
    <p class='ocr_par' dir='ltr' id='par_1_83' title="bbox 2103 3729 3756 3802">
     <span class='ocr_line' id='line_1_84' title="bbox 2103 3729 3756 3802; baseline 0 -19"><span class='ocrx_word' id='word_1_642' title='bbox 2103 3730 2284 3802; x_wconf 90' lang='lat' dir='ltr'><strong>virga,</strong></span> <span class='ocrx_word' id='word_1_643' title='bbox 2308 3729 2626 3801; x_wconf 88' lang='lat' dir='ltr'><strong>aliquando</strong></span> <span class='ocrx_word' id='word_1_644' title='bbox 2658 3731 2833 3785; x_wconf 88' lang='lat' dir='ltr'><strong>etiam</strong></span> <span class='ocrx_word' id='word_1_645' title='bbox 2858 3729 3144 3786; x_wconf 87' lang='lat' dir='ltr'><strong>immissis</strong></span> <span class='ocrx_word' id='word_1_646' title='bbox 3167 3729 3463 3802; x_wconf 91' lang='lat' dir='ltr'><strong>vulpibus,</strong></span> <span class='ocrx_word' id='word_1_647' title='bbox 3489 3735 3544 3785; x_wconf 90' lang='lat' dir='ltr'><strong>et</strong></span> <span class='ocrx_word' id='word_1_648' title='bbox 3567 3731 3756 3786; x_wconf 86' lang='lat' dir='ltr'><strong>novis-</strong></span> 
     </span>
    </p>
   </div>
   <div class='ocr_carea' id='block_1_84' title="bbox 2102 3818 3755 3891">
    <p class='ocr_par' dir='ltr' id='par_1_84' title="bbox 2102 3818 3755 3891">
     <span class='ocr_line' id='line_1_85' title="bbox 2102 3818 3755 3891; baseline 0.001 -17"><span class='ocrx_word' id='word_1_649' title='bbox 2102 3819 2251 3874; x_wconf 87' lang='lat' dir='ltr'><strong>sime</strong></span> <span class='ocrx_word' id='word_1_650' title='bbox 2300 3835 2403 3891; x_wconf 90' lang='lat' dir='ltr'><strong>per</strong></span> <span class='ocrx_word' id='word_1_651' title='bbox 2451 3820 2683 3875; x_wconf 90' lang='lat' dir='ltr'><strong>ruinam</strong></span> <span class='ocrx_word' id='word_1_652' title='bbox 2732 3820 2964 3888; x_wconf 90' lang='lat' dir='ltr'><strong>domus,</strong></span> <span class='ocrx_word' id='word_1_653' title='bbox 2998 3818 3324 3874; x_wconf 71' lang='lat' dir='ltr'><strong>Philistzeos</strong></span> <span class='ocrx_word' id='word_1_654' title='bbox 3369 3820 3678 3891; x_wconf 86' lang='lat' dir='ltr'><strong>percussit,</strong></span> <span class='ocrx_word' id='word_1_655' title='bbox 3721 3837 3755 3875; x_wconf 90' lang='lat' dir='ltr'><strong>a</strong></span> 
     </span>
    </p>
   </div>
   <div class='ocr_carea' id='block_1_85' title="bbox 2100 3907 3754 3981">
    <p class='ocr_par' dir='ltr' id='par_1_85' title="bbox 2100 3907 3754 3981">
     <span class='ocr_line' id='line_1_86' title="bbox 2100 3907 3754 3981; baseline -0.001 -17"><span class='ocrx_word' id='word_1_656' title='bbox 2100 3910 2317 3981; x_wconf 91' lang='lat' dir='ltr'><strong>quibus</strong></span> <span class='ocrx_word' id='word_1_657' title='bbox 2357 3908 2536 3963; x_wconf 90' lang='lat' dir='ltr'><strong>Israel</strong></span> <span class='ocrx_word' id='word_1_658' title='bbox 2580 3908 2835 3964; x_wconf 85' lang='lat' dir='ltr'><strong>afﬂictus</strong></span> <span class='ocrx_word' id='word_1_659' title='bbox 2884 3909 3075 3963; x_wconf 87' lang='lat' dir='ltr'><strong>fuerat</strong></span> <span class='ocrx_word' id='word_1_660' title='bbox 3120 3925 3305 3963; x_wconf 85' lang='lat' dir='ltr'><strong>annos</strong></span> <span class='ocrx_word' id='word_1_661' title='bbox 3338 3907 3426 3962; x_wconf 80' lang='grc'><strong>40.</strong></span> <span class='ocrx_word' id='word_1_662' title='bbox 3458 3907 3754 3962; x_wconf 78' lang='lat' dir='ltr'><strong>Judicavit</strong></span> 
     </span>
    </p>
   </div>
   <div class='ocr_carea' id='block_1_86' title="bbox 2098 3996 3753 4068">
    <p class='ocr_par' dir='ltr' id='par_1_86' title="bbox 2098 3996 3753 4068">
     <span class='ocr_line' id='line_1_87' title="bbox 2098 3996 3753 4068; baseline 0.001 -16"><span class='ocrx_word' id='word_1_663' title='bbox 2098 4004 2294 4053; x_wconf 90' lang='lat' dir='ltr'><strong>autem</strong></span> <span class='ocrx_word' id='word_1_664' title='bbox 2329 3997 2602 4053; x_wconf 86' lang='lat' dir='ltr'><strong>Israelem</strong></span> <span class='ocrx_word' id='word_1_665' title='bbox 2643 4014 2828 4052; x_wconf 87' lang='lat' dir='ltr'><strong>annos</strong></span> <span class='ocrx_word' id='word_1_666' title='bbox 2856 3999 2944 4052; x_wconf 86' lang='lat'><strong>20.</strong></span> <span class='ocrx_word' id='word_1_667' title='bbox 2981 3997 3238 4053; x_wconf 88' lang='lat' dir='ltr'><strong>Fuerunt</strong></span> <span class='ocrx_word' id='word_1_668' title='bbox 3287 3998 3481 4068; x_wconf 89' lang='lat' dir='ltr'><strong>itaque</strong></span> <span class='ocrx_word' id='word_1_669' title='bbox 3518 3996 3753 4066; x_wconf 87' lang='lat' dir='ltr'><strong>judices</strong></span> 
     </span>
    </p>
   </div>
   <div class='ocr_carea' id='block_1_87' title="bbox 2101 4085 3750 4155">
    <p class='ocr_par' dir='ltr' id='par_1_87' title="bbox 2101 4085 3750 4155">
     <span class='ocr_line' id='line_1_88' title="bbox 2101 4085 3750 4155; baseline -0.001 -14"><span class='ocrx_word' id='word_1_670' title='bbox 2101 4085 2332 4142; x_wconf 89' lang='lat' dir='ltr'><strong>Israelis</strong></span> <span class='ocrx_word' id='word_1_671' title='bbox 2362 4102 2607 4140; x_wconf 89' lang='lat' dir='ltr'><strong>numero</strong></span> <span class='ocrx_word' id='word_1_672' title='bbox 2640 4087 2728 4153; x_wconf 93' lang='lat'><strong>13,</strong></span> <span class='ocrx_word' id='word_1_673' title='bbox 2756 4087 2895 4142; x_wconf 90' lang='lat' dir='ltr'><strong>anni</strong></span> <span class='ocrx_word' id='word_1_674' title='bbox 2926 4103 3058 4143; x_wconf 90' lang='lat' dir='ltr'><strong>vero</strong></span> <span class='ocrx_word' id='word_1_675' title='bbox 3088 4086 3330 4155; x_wconf 70' lang='lat' dir='ltr'><strong>illorum</strong></span> <span class='ocrx_word' id='word_1_676' title='bbox 3362 4086 3594 4140; x_wconf 89' lang='lat' dir='ltr'><strong>fuerunt</strong></span> <span class='ocrx_word' id='word_1_677' title='bbox 3624 4085 3750 4140; x_wconf 82' lang='grc'><strong>411.</strong></span> 
     </span>
    </p>
   </div>
   <div class='ocr_carea' id='block_1_88' title="bbox 2313 4192 3187 4276">
    <p class='ocr_par' dir='ltr' id='par_1_88' title="bbox 2313 4192 3187 4276">
     <span class='ocr_line' id='line_1_89' title="bbox 2313 4192 3187 4276; baseline -0.002 -27"><span class='ocrx_word' id='word_1_678' title='bbox 2313 4234 2326 4276; x_wconf 80' lang='grc'><strong>,</strong></span> <span class='ocrx_word' id='word_1_679' title='bbox 2663 4193 2825 4248; x_wconf 72' lang='lat' dir='ltr'><strong>Liber</strong></span> <span class='ocrx_word' id='word_1_680' title='bbox 2861 4194 2988 4260; x_wconf 87' lang='lat' dir='ltr'><strong>VIII,</strong></span> <span class='ocrx_word' id='word_1_681' title='bbox 3022 4192 3187 4248; x_wconf 79' lang='lat' dir='ltr'><strong>Ruth.</strong></span> 
     </span>
    </p>
   </div>
   <div class='ocr_carea' id='block_1_89' title="bbox 2168 4279 3750 4352">
    <p class='ocr_par' dir='ltr' id='par_1_89' title="bbox 2168 4279 3750 4352">
     <span class='ocr_line' id='line_1_90' title="bbox 2168 4279 3750 4352; baseline -0.001 -14"><span class='ocrx_word' id='word_1_682' title='bbox 2168 4283 2254 4338; x_wconf 87' lang='lat'><strong>12.</strong></span> <span class='ocrx_word' id='word_1_683' title='bbox 2291 4283 2376 4338; x_wconf 88' lang='lat' dir='ltr'><strong>Ita</strong></span> <span class='ocrx_word' id='word_1_684' title='bbox 2421 4284 2661 4336; x_wconf 87' lang='lat' dir='ltr'><strong>vocatur</strong></span> <span class='ocrx_word' id='word_1_685' title='bbox 2708 4279 2802 4336; x_wconf 93' lang='lat' dir='ltr'><strong>hic</strong></span> <span class='ocrx_word' id='word_1_686' title='bbox 2848 4281 3018 4350; x_wconf 90' lang='lat' dir='ltr'><strong>liber,</strong></span> <span class='ocrx_word' id='word_1_687' title='bbox 3051 4281 3207 4352; x_wconf 91' lang='lat' dir='ltr'><strong>quod</strong></span> <span class='ocrx_word' id='word_1_688' title='bbox 3239 4279 3547 4336; x_wconf 89' lang='lat' dir='ltr'><strong>historiam</strong></span> <span class='ocrx_word' id='word_1_689' title='bbox 3598 4280 3750 4336; x_wconf 81' lang='lat' dir='ltr'><strong>Ruth</strong></span> 
     </span>
    </p>
   </div>
   <div class='ocr_carea' id='block_1_90' title="bbox 2092 4369 3750 4443">
    <p class='ocr_par' dir='ltr' id='par_1_90' title="bbox 2092 4369 3750 4443">
     <span class='ocr_line' id='line_1_91' title="bbox 2092 4369 3750 4443; baseline -0.002 -15"><span class='ocrx_word' id='word_1_690' title='bbox 2092 4377 2325 4428; x_wconf 89' lang='lat' dir='ltr'><strong>tantum</strong></span> <span class='ocrx_word' id='word_1_691' title='bbox 2393 4370 2839 4443; x_wconf 88' lang='lat' dir='ltr'><strong>complectatur.</strong></span> <span class='ocrx_word' id='word_1_692' title='bbox 2900 4369 3002 4425; x_wconf 87' lang='lat' dir='ltr'><strong>Est</strong></span> <span class='ocrx_word' id='word_1_693' title='bbox 3058 4373 3252 4425; x_wconf 89' lang='lat' dir='ltr'><strong>autem</strong></span> <span class='ocrx_word' id='word_1_694' title='bbox 3322 4369 3478 4425; x_wconf 87' lang='lat' dir='ltr'><strong>Ruth</strong></span> <span class='ocrx_word' id='word_1_695' title='bbox 3537 4385 3750 4441; x_wconf 88' lang='lat' dir='ltr'><strong>genere</strong></span> 
     </span>
    </p>
   </div>
   <div class='ocr_carea' id='block_1_91' title="bbox 2095 4457 3750 4530">
    <p class='ocr_par' dir='ltr' id='par_1_91' title="bbox 2095 4457 3750 4530">
     <span class='ocr_line' id='line_1_92' title="bbox 2095 4457 3750 4530; baseline -0.002 -13"><span class='ocrx_word' id='word_1_696' title='bbox 2095 4461 2387 4530; x_wconf 87' lang='lat' dir='ltr'><strong>Moabitis,</strong></span> <span class='ocrx_word' id='word_1_697' title='bbox 2429 4459 2694 4516; x_wconf 87' lang='lat' dir='ltr'><strong>castitate</strong></span> <span class='ocrx_word' id='word_1_698' title='bbox 2743 4475 2874 4514; x_wconf 78' lang='lat' dir='ltr'><strong>vero</strong></span> <span class='ocrx_word' id='word_1_699' title='bbox 2925 4458 3101 4516; x_wconf 87' lang='lat' dir='ltr'><strong>clara.</strong></span> <span class='ocrx_word' id='word_1_700' title='bbox 3135 4457 3356 4514; x_wconf 86' lang='lat' dir='ltr'><strong>Relicta</strong></span> <span class='ocrx_word' id='word_1_701' title='bbox 3402 4459 3750 4530; x_wconf 87' lang='lat' dir='ltr'><strong>cognatione</strong></span> 
     </span>
    </p>
   </div>
   <div class='ocr_carea' id='block_1_92' title="bbox 2093 4547 3746 4622">
    <p class='ocr_par' dir='ltr' id='par_1_92' title="bbox 2093 4547 3746 4622">
     <span class='ocr_line' id='line_1_93' title="bbox 2093 4547 3746 4622; baseline -0.002 -16"><span class='ocrx_word' id='word_1_702' title='bbox 2093 4558 2448 4622; x_wconf 89' lang='lat' dir='ltr'><strong>paternaque</strong></span> <span class='ocrx_word' id='word_1_703' title='bbox 2494 4548 2934 4621; x_wconf 86' lang='lat' dir='ltr'><strong>superstitione,</strong></span> <span class='ocrx_word' id='word_1_704' title='bbox 2986 4547 3058 4602; x_wconf 88' lang='lat' dir='ltr'><strong>ad</strong></span> <span class='ocrx_word' id='word_1_705' title='bbox 3113 4562 3318 4602; x_wconf 88' lang='lat' dir='ltr'><strong>verum</strong></span> <span class='ocrx_word' id='word_1_706' title='bbox 3367 4547 3468 4602; x_wconf 91' lang='lat' dir='ltr'><strong>Dei</strong></span> <span class='ocrx_word' id='word_1_707' title='bbox 3517 4547 3746 4603; x_wconf 90' lang='lat' dir='ltr'><strong>cultum</strong></span> 
     </span>
    </p>
   </div>
   <div class='ocr_carea' id='block_1_93' title="bbox 335 4613 1992 4710">
    <p class='ocr_par' dir='ltr' id='par_1_93' title="bbox 335 4613 1984 4690">
     <span class='ocr_line' id='line_1_94' title="bbox 335 4613 1984 4690; baseline 0.003 -22"><span class='ocrx_word' id='word_1_708' title='bbox 335 4619 568 4688; x_wconf 75' lang='grc' dir='ltr'>πατρικῇ</span> <span class='ocrx_word' id='word_1_709' title='bbox 604 4613 1018 4688; x_wconf 78' lang='grc' dir='ltr'>δεισιδαιμονίᾳ,</span> <span class='ocrx_word' id='word_1_710' title='bbox 1057 4613 1348 4690; x_wconf 74' lang='grc' dir='ltr'>μετέϐαλεν</span> <span class='ocrx_word' id='word_1_711' title='bbox 1391 4618 1465 4680; x_wconf 84' lang='grc' dir='ltr'><strong>εἷς</strong></span> <span class='ocrx_word' id='word_1_712' title='bbox 1517 4614 1842 4687; x_wconf 78' lang='grc' dir='ltr'>θεοσέϐειαν,</span> <span class='ocrx_word' id='word_1_713' title='bbox 1894 4620 1984 4673; x_wconf 88' lang='grc' dir='ltr'><strong>καὶ</strong></span> 
     </span>
    </p>
   </div>
   <div class='ocr_carea' id='block_1_94' title="bbox 2107 4613 3747 4710">
    <p class='ocr_par' dir='ltr' id='par_1_94' title="bbox 2107 4637 3747 4710">
     <span class='ocr_line' id='line_1_95' title="bbox 2107 4637 3747 4710; baseline -0.001 -16"><span class='ocrx_word' id='word_1_714' title='bbox 2107 4655 2390 4710; x_wconf 74' lang='lat' dir='ltr'><strong>:onversa,</strong></span> <span class='ocrx_word' id='word_1_715' title='bbox 2424 4638 2762 4694; x_wconf 90' lang='lat' dir='ltr'><strong>Bethlehem</strong></span> <span class='ocrx_word' id='word_1_716' title='bbox 2791 4639 3000 4694; x_wconf 74' lang='lat' dir='ltr'><strong>Judaeaa</strong></span> <span class='ocrx_word' id='word_1_717' title='bbox 3032 4653 3164 4692; x_wconf 91' lang='lat' dir='ltr'><strong>cum</strong></span> <span class='ocrx_word' id='word_1_718' title='bbox 3210 4653 3381 4692; x_wconf 90' lang='lat' dir='ltr'><strong>socru</strong></span> <span class='ocrx_word' id='word_1_719' title='bbox 3414 4653 3522 4692; x_wconf 90' lang='lat' dir='ltr'><strong>sua</strong></span> <span class='ocrx_word' id='word_1_720' title='bbox 3551 4637 3747 4692; x_wconf 92' lang='lat' dir='ltr'><strong>subito</strong></span> 
     </span>
    </p>
   </div>
   <div class='ocr_carea' id='block_1_95' title="bbox 339 4703 1985 4780">
    <p class='ocr_par' dir='ltr' id='par_1_95' title="bbox 339 4703 1985 4780">
     <span class='ocr_line' id='line_1_96' title="bbox 339 4703 1985 4780; baseline 0.003 -23"><span class='ocrx_word' id='word_1_721' title='bbox 339 4703 604 4775; x_wconf 76' lang='grc' dir='ltr'>μετῆλθεν</span> <span class='ocrx_word' id='word_1_722' title='bbox 658 4703 813 4768; x_wconf 71' lang='grc' dir='ltr'>εὐθὺς</span> <span class='ocrx_word' id='word_1_723' title='bbox 866 4705 943 4767; x_wconf 80' lang='grc' dir='ltr'><strong>εἰς</strong></span> <span class='ocrx_word' id='word_1_724' title='bbox 996 4704 1248 4780; x_wconf 71' lang='grc' dir='ltr'>Βηθλεὲμ</span> <span class='ocrx_word' id='word_1_725' title='bbox 1294 4714 1392 4776; x_wconf 81' lang='grc' dir='ltr'><strong>τῆς</strong></span> <span class='ocrx_word' id='word_1_726' title='bbox 1453 4705 1734 4778; x_wconf 79' lang='grc' dir='ltr'>Ἰουδαίας,</span> <span class='ocrx_word' id='word_1_727' title='bbox 1790 4707 1900 4764; x_wconf 83' lang='grc' dir='ltr'>ἐκεῖ</span> <span class='ocrx_word' id='word_1_728' title='bbox 1927 4730 1985 4762; x_wconf 89' lang='grc' dir='ltr'><strong>τε</strong></span> 
     </span>
    </p>
   </div>
   <div class='ocr_carea' id='block_1_96' title="bbox 334 4790 1985 4871">
    <p class='ocr_par' dir='ltr' id='par_1_96' title="bbox 334 4790 1985 4871">
     <span class='ocr_line' id='line_1_97' title="bbox 334 4790 1985 4871; baseline 0.02 -53"><span class='ocrx_word' id='word_1_729' title='bbox 334 4790 562 4867; x_wconf 55' lang='grc' dir='ltr'>ἐζεύχθη</span> <span class='ocrx_word' id='word_1_730' title='bbox 597 4798 676 4865; x_wconf 73' lang='grc' dir='ltr'><strong>τῷ</strong></span> <span class='ocrx_word' id='word_1_731' title='bbox 701 4794 836 4862; x_wconf 71' lang='grc' dir='ltr'><strong>Βοὸζ</strong></span> <span class='ocrx_word' id='word_1_732' title='bbox 866 4792 925 4847; x_wconf 79' lang='grc' dir='ltr'>ἐκ</span> <span class='ocrx_word' id='word_1_733' title='bbox 955 4793 1131 4868; x_wconf 68' lang='grc' dir='ltr'>φυλῆς</span> <span class='ocrx_word' id='word_1_734' title='bbox 1167 4792 1344 4850; x_wconf 84' lang='grc' dir='ltr'>Ἰούδα</span> <span class='ocrx_word' id='word_1_735' title='bbox 1370 4796 1718 4871; x_wconf 82' lang='grc' dir='ltr'>τυγχάνοντι,</span> <span class='ocrx_word' id='word_1_736' title='bbox 1751 4798 1838 4851; x_wconf 89' lang='grc' dir='ltr'><strong>καὶ</strong></span> <span class='ocrx_word' id='word_1_737' title='bbox 1870 4796 1985 4852; x_wconf 85' lang='grc' dir='ltr'>λοι-</span> 
     </span>
    </p>
   </div>
   <div class='ocr_carea' id='block_1_97' title="bbox 333 4879 1984 4957">
    <p class='ocr_par' dir='ltr' id='par_1_97' title="bbox 333 4879 1984 4957">
     <span class='ocr_line' id='line_1_98' title="bbox 333 4879 1984 4957; baseline 0.003 -23"><span class='ocrx_word' id='word_1_738' title='bbox 333 4881 431 4935; x_wconf 82' lang='grc' dir='ltr'>πὸν</span> <span class='ocrx_word' id='word_1_739' title='bbox 465 4881 516 4951; x_wconf 79' lang='grc' dir='ltr'>ἐξ</span> <span class='ocrx_word' id='word_1_740' title='bbox 546 4881 714 4952; x_wconf 79' lang='grc' dir='ltr'>αὐτῆς</span> <span class='ocrx_word' id='word_1_741' title='bbox 737 4881 1152 4957; x_wconf 79' lang='grc' dir='ltr'>γενεαλογεῖται</span> <span class='ocrx_word' id='word_1_742' title='bbox 1187 4885 1214 4938; x_wconf 85' lang='grc' dir='ltr'>ὁ</span> <span class='ocrx_word' id='word_1_743' title='bbox 1246 4879 1410 4938; x_wconf 76' lang='grc' dir='ltr'>Δαϐἲδ</span> <span class='ocrx_word' id='word_1_744' title='bbox 1443 4885 1605 4938; x_wconf 75' lang='grc' dir='ltr'>οὕτω·</span> <span class='ocrx_word' id='word_1_745' title='bbox 1639 4886 1778 4954; x_wconf 84' lang='grc' dir='ltr'><strong>Βοὸζ</strong></span> <span class='ocrx_word' id='word_1_746' title='bbox 1806 4885 1864 4939; x_wconf 79' lang='grc' dir='ltr'><strong>ἐκ</strong></span> <span class='ocrx_word' id='word_1_747' title='bbox 1885 4892 1984 4956; x_wconf 77' lang='grc' dir='ltr'><strong>τῆς</strong></span> 
     </span>
    </p>
   </div>
   <div class='ocr_carea' id='block_1_98' title="bbox 333 4967 1983 5046">
    <p class='ocr_par' dir='ltr' id='par_1_98' title="bbox 333 4967 1983 5046">
     <span class='ocr_line' id='line_1_99' title="bbox 333 4967 1983 5046; baseline 0.004 -24"><span class='ocrx_word' id='word_1_748' title='bbox 333 4969 485 5024; x_wconf 75' lang='grc' dir='ltr'>Ῥοὺθ</span> <span class='ocrx_word' id='word_1_749' title='bbox 515 4976 669 5046; x_wconf 78' lang='grc' dir='ltr'>γεννᾷ</span> <span class='ocrx_word' id='word_1_750' title='bbox 698 4973 788 5026; x_wconf 87' lang='grc' dir='ltr'><strong>τὸν</strong></span> <span class='ocrx_word' id='word_1_751' title='bbox 825 4967 1013 5042; x_wconf 73' lang='grc' dir='ltr'><em>Ὠϐήδ·</em></span> <span class='ocrx_word' id='word_1_752' title='bbox 1043 4968 1212 5042; x_wconf 77' lang='grc' dir='ltr'>Ὠϐἡδ</span> <span class='ocrx_word' id='word_1_753' title='bbox 1245 4971 1302 5027; x_wconf 70' lang='grc' dir='ltr'>δὲ</span> <span class='ocrx_word' id='word_1_754' title='bbox 1330 4973 1421 5028; x_wconf 87' lang='grc' dir='ltr'><strong>τὸν</strong></span> <span class='ocrx_word' id='word_1_755' title='bbox 1456 4973 1667 5037; x_wconf 83' lang='grc' dir='ltr'>Ἰεσσαί,</span> <span class='ocrx_word' id='word_1_756' title='bbox 1702 4975 1892 5029; x_wconf 86' lang='grc' dir='ltr'>Ἰεσσαὶ</span> <span class='ocrx_word' id='word_1_757' title='bbox 1926 4973 1983 5029; x_wconf 71' lang='grc' dir='ltr'><strong>δὲ</strong></span> 
     </span>
    </p>
   </div>
   <div class='ocr_carea' id='block_1_99' title="bbox 330 5055 640 5123">
    <p class='ocr_par' dir='ltr' id='par_1_99' title="bbox 330 5055 640 5123">
     <span class='ocr_line' id='line_1_100' title="bbox 330 5055 640 5123; baseline 0.013 -12"><span class='ocrx_word' id='word_1_758' title='bbox 330 5057 420 5112; x_wconf 87' lang='grc' dir='ltr'>τὸν</span> <span class='ocrx_word' id='word_1_759' title='bbox 455 5055 640 5123; x_wconf 72' lang='grc' dir='ltr'>Δαϐίδ,</span> 
     </span>
    </p>
   </div>
   <div class='ocr_carea' id='block_1_100' title="bbox 528 5162 1782 5245">
    <p class='ocr_par' dir='ltr' id='par_1_100' title="bbox 528 5162 1782 5245">
     <span class='ocr_line' id='line_1_101' title="bbox 528 5162 1782 5245; baseline 0.003 -23"><span class='ocrx_word' id='word_1_760' title='bbox 528 5162 755 5222; x_wconf 79' lang='grc' dir='ltr'>Βιϐλίον</span> <span class='ocrx_word' id='word_1_761' title='bbox 791 5175 852 5237; x_wconf 87' lang='grc' dir='ltr'>θ’,</span> <span class='ocrx_word' id='word_1_762' title='bbox 887 5167 1165 5222; x_wconf 86' lang='grc' dir='ltr'>Βασιλεῖαι</span> <span class='ocrx_word' id='word_1_763' title='bbox 1196 5169 1386 5244; x_wconf 85' lang='grc' dir='ltr'>πρώτη</span> <span class='ocrx_word' id='word_1_764' title='bbox 1421 5169 1510 5224; x_wconf 81' lang='grc' dir='ltr'><strong>καὶ</strong></span> <span class='ocrx_word' id='word_1_765' title='bbox 1543 5167 1782 5245; x_wconf 83' lang='grc' dir='ltr'>δευτέρα.</span> 
     </span>
    </p>
   </div>
   <div class='ocr_carea' id='block_1_101' title="bbox 403 5253 1980 5334">
    <p class='ocr_par' dir='ltr' id='par_1_101' title="bbox 403 5253 1980 5334">
     <span class='ocr_line' id='line_1_102' title="bbox 403 5253 1980 5334; baseline 0.004 -25"><span class='ocrx_word' id='word_1_766' title='bbox 403 5255 490 5310; x_wconf 86' lang='grc'><strong>13.</strong></span> <span class='ocrx_word' id='word_1_767' title='bbox 552 5253 826 5309; x_wconf 85' lang='grc' dir='ltr'>Βασιλεῖαι</span> <span class='ocrx_word' id='word_1_768' title='bbox 887 5255 1209 5328; x_wconf 86' lang='grc' dir='ltr'>ὀνομάζεται</span> <span class='ocrx_word' id='word_1_769' title='bbox 1267 5259 1332 5312; x_wconf 74' lang='grc' dir='ltr'><strong>τά</strong></span> <span class='ocrx_word' id='word_1_770' title='bbox 1404 5254 1614 5334; x_wconf 71' lang='grc' dir='ltr'>βιϐλία,</span> <span class='ocrx_word' id='word_1_771' title='bbox 1673 5257 1859 5328; x_wconf 82' lang='grc' dir='ltr'>ἐπειδή</span> <span class='ocrx_word' id='word_1_772' title='bbox 1891 5261 1980 5315; x_wconf 79' lang='grc' dir='ltr'><strong>καὶ</strong></span> 
     </span>
    </p>
   </div>
   <div class='ocr_carea' id='block_1_102' title="bbox 329 5340 1982 5421">
    <p class='ocr_par' dir='ltr' id='par_1_102' title="bbox 329 5340 1982 5421">
     <span class='ocr_line' id='line_1_103' title="bbox 329 5340 1982 5421; baseline 0.007 -28"><span class='ocrx_word' id='word_1_773' title='bbox 329 5340 422 5403; x_wconf 79' lang='grc' dir='ltr'><strong>τὰς</strong></span> <span class='ocrx_word' id='word_1_774' title='bbox 449 5342 664 5415; x_wconf 63' lang='grc' dir='ltr'>πράξεις</span> <span class='ocrx_word' id='word_1_775' title='bbox 697 5348 804 5398; x_wconf 82' lang='grc' dir='ltr'><strong>τῶν</strong></span> <span class='ocrx_word' id='word_1_776' title='bbox 837 5345 1143 5418; x_wconf 81' lang='grc' dir='ltr'>γενομένων</span> <span class='ocrx_word' id='word_1_777' title='bbox 1177 5344 1444 5421; x_wconf 83' lang='grc' dir='ltr'>βασιλέων</span> <span class='ocrx_word' id='word_1_778' title='bbox 1474 5345 1527 5401; x_wconf 74' lang='grc' dir='ltr'>ἓν</span> <span class='ocrx_word' id='word_1_779' title='bbox 1561 5368 1618 5400; x_wconf 89' lang='grc' dir='ltr'><strong>τε</strong></span> <span class='ocrx_word' id='word_1_780' title='bbox 1675 5352 1754 5419; x_wconf 82' lang='grc' dir='ltr'>τῷ</span> <span class='ocrx_word' id='word_1_781' title='bbox 1805 5347 1982 5405; x_wconf 87' lang='grc' dir='ltr'>Ἰούδα</span> 
     </span>
    </p>
   </div>
   <div class='ocr_carea' id='block_1_103' title="bbox 328 5431 1979 5510">
    <p class='ocr_par' dir='ltr' id='par_1_103' title="bbox 328 5431 1979 5510">
     <span class='ocr_line' id='line_1_104' title="bbox 328 5431 1979 5510; baseline 0.005 -28"><span class='ocrx_word' id='word_1_782' title='bbox 328 5431 415 5483; x_wconf 82' lang='grc' dir='ltr'><strong>καὶ</strong></span> <span class='ocrx_word' id='word_1_783' title='bbox 447 5436 525 5502; x_wconf 85' lang='grc' dir='ltr'>τῷ</span> <span class='ocrx_word' id='word_1_784' title='bbox 583 5431 828 5507; x_wconf 71' lang='grc' dir='ltr'>Ἰσραὴλ,</span> <span class='ocrx_word' id='word_1_785' title='bbox 877 5433 964 5486; x_wconf 86' lang='grc' dir='ltr'><strong>καὶ</strong></span> <span class='ocrx_word' id='word_1_786' title='bbox 1013 5434 1078 5486; x_wconf 78' lang='grc' dir='ltr'>τὰ</span> <span class='ocrx_word' id='word_1_787' title='bbox 1128 5431 1218 5504; x_wconf 83' lang='grc' dir='ltr'>ἔτη</span> <span class='ocrx_word' id='word_1_788' title='bbox 1255 5434 1428 5488; x_wconf 81' lang='grc' dir='ltr'>αὐτῶν</span> <span class='ocrx_word' id='word_1_789' title='bbox 1463 5435 1726 5510; x_wconf 81' lang='grc' dir='ltr'>περιέχει.</span> <span class='ocrx_word' id='word_1_790' title='bbox 1762 5435 1979 5508; x_wconf 79' lang='grc' dir='ltr'>Διείλη-</span> 
     </span>
    </p>
   </div>
   <div class='ocr_carea' id='block_1_104' title="bbox 401 5575 1975 5650">
    <p class='ocr_par' dir='ltr' id='par_1_104' title="bbox 401 5575 1975 5650">
     <span class='ocr_line' id='line_1_105' title="bbox 401 5575 1975 5650; baseline 0.004 -23"><span class='ocrx_word' id='word_1_791' title='bbox 401 5575 479 5650; x_wconf 57' lang='grc' dir='ltr'><strong>(ᾗ)</strong></span> <span class='ocrx_word' id='word_1_792' title='bbox 511 5575 591 5641; x_wconf 86' lang='lat'><strong>0&#39;,</strong></span> <span class='ocrx_word' id='word_1_793' title='bbox 626 5575 902 5650; x_wconf 78' lang='grc' dir='ltr'>Σαμεγάρ.</span> <span class='ocrx_word' id='word_1_794' title='bbox 955 5576 1079 5630; x_wconf 82' lang='grc' dir='ltr'><strong>Νοη</strong></span> <span class='ocrx_word' id='word_1_795' title='bbox 1119 5577 1334 5649; x_wconf 87' lang='lat' dir='ltr'><strong>legitur</strong></span> <span class='ocrx_word' id='word_1_796' title='bbox 1377 5580 1434 5633; x_wconf 91' lang='lat' dir='ltr'><strong>in</strong></span> <span class='ocrx_word' id='word_1_797' title='bbox 1468 5579 1771 5650; x_wconf 77' lang='lat' dir='ltr'><strong>Scriptura</strong></span> <span class='ocrx_word' id='word_1_798' title='bbox 1819 5582 1975 5648; x_wconf 83' lang='lat' dir='ltr'><strong>quod</strong></span> 
     </span>
    </p>
   </div>
   <div class='ocr_carea' id='block_1_105' title="bbox 327 5644 1794 5714">
    <p class='ocr_par' dir='ltr' id='par_1_105' title="bbox 327 5644 1794 5714">
     <span class='ocr_line' id='line_1_106' title="bbox 327 5644 1794 5714; baseline 0.002 -15"><span class='ocrx_word' id='word_1_799' title='bbox 327 5644 976 5714; x_wconf 76' lang='lat' dir='ltr'><strong>judicaveritjsraelem</strong></span> <span class='ocrx_word' id='word_1_800' title='bbox 1011 5644 1337 5713; x_wconf 56' lang='lat' dir='ltr'><strong>anno&#39;uno,</strong></span> <span class='ocrx_word' id='word_1_801' title='bbox 1371 5657 1438 5706; x_wconf 89' lang='lat' dir='ltr'><strong>ut</strong></span> <span class='ocrx_word' id='word_1_802' title='bbox 1471 5651 1564 5705; x_wconf 91' lang='lat' dir='ltr'><strong>hic</strong></span> <span class='ocrx_word' id='word_1_803' title='bbox 1591 5644 1794 5706; x_wconf 79' lang='lat' dir='ltr'><strong>fertur.</strong></span> 
     </span>
    </p>
   </div>
   <div class='ocr_carea' id='block_1_106' title="bbox 402 5711 886 5788">
    <p class='ocr_par' dir='ltr' id='par_1_106' title="bbox 402 5711 886 5788">
     <span class='ocr_line' id='line_1_107' title="bbox 402 5711 886 5788; baseline 0.006 -18"><span class='ocrx_word' id='word_1_804' title='bbox 402 5717 478 5786; x_wconf 79' lang='lat'><strong>(6)</strong></span> <span class='ocrx_word' id='word_1_805' title='bbox 510 5720 582 5788; x_wconf 80' lang='lat'><strong>0&#39;,</strong></span> <span class='ocrx_word' id='word_1_806' title='bbox 613 5711 820 5773; x_wconf 76' lang='grc' dir='ltr'>Ἀϐινεέ</span> <span class='ocrx_word' id='word_1_807' title='bbox 827 5737 886 5788; x_wconf 83' lang='grc' dir='ltr'>μ.</span> 
     </span>
    </p>
   </div>
   <div class='ocr_carea' id='block_1_107' title="bbox 2094 4725 3748 4796">
    <p class='ocr_par' dir='ltr' id='par_1_107' title="bbox 2094 4725 3748 4796">
     <span class='ocr_line' id='line_1_108' title="bbox 2094 4725 3748 4796; baseline -0.002 -11"><span class='ocrx_word' id='word_1_808' title='bbox 2094 4729 2405 4796; x_wconf 89' lang='lat' dir='ltr'><strong>concessit,</strong></span> <span class='ocrx_word' id='word_1_809' title='bbox 2439 4727 2538 4784; x_wconf 92' lang='lat' dir='ltr'><strong>ubi</strong></span> <span class='ocrx_word' id='word_1_810' title='bbox 2569 4733 2626 4783; x_wconf 92' lang='lat' dir='ltr'><strong>et</strong></span> <span class='ocrx_word' id='word_1_811' title='bbox 2657 4727 2800 4782; x_wconf 93' lang='lat' dir='ltr'><strong>Booz</strong></span> <span class='ocrx_word' id='word_1_812' title='bbox 2849 4743 2919 4782; x_wconf 86' lang='lat' dir='ltr'><strong>ex</strong></span> <span class='ocrx_word' id='word_1_813' title='bbox 2964 4727 3124 4782; x_wconf 86' lang='lat' dir='ltr'><strong>tribu</strong></span> <span class='ocrx_word' id='word_1_814' title='bbox 3165 4727 3336 4791; x_wconf 89' lang='lat' dir='ltr'><strong>Juda,</strong></span> <span class='ocrx_word' id='word_1_815' title='bbox 3370 4725 3748 4782; x_wconf 88' lang='lat' dir='ltr'><strong>matrimonio</strong></span> 
     </span>
    </p>
   </div>
   <div class='ocr_carea' id='block_1_108' title="bbox 2094 4815 3749 4887">
    <p class='ocr_par' dir='ltr' id='par_1_108' title="bbox 2094 4815 3749 4887">
     <span class='ocr_line' id='line_1_109' title="bbox 2094 4815 3749 4887; baseline -0.001 -15"><span class='ocrx_word' id='word_1_816' title='bbox 2094 4819 2409 4886; x_wconf 86' lang='lat' dir='ltr'><strong>conjuncta</strong></span> <span class='ocrx_word' id='word_1_817' title='bbox 2437 4822 2544 4886; x_wconf 85' lang='lat' dir='ltr'><strong>est,</strong></span> <span class='ocrx_word' id='word_1_818' title='bbox 2577 4833 2645 4872; x_wconf 85' lang='lat' dir='ltr'><strong>ex</strong></span> <span class='ocrx_word' id='word_1_819' title='bbox 2676 4834 2791 4887; x_wconf 88' lang='lat' dir='ltr'><strong>qua</strong></span> <span class='ocrx_word' id='word_1_820' title='bbox 2823 4821 3024 4887; x_wconf 87' lang='lat' dir='ltr'><strong>postea</strong></span> <span class='ocrx_word' id='word_1_821' title='bbox 3069 4815 3242 4871; x_wconf 89' lang='lat' dir='ltr'><strong>David</strong></span> <span class='ocrx_word' id='word_1_822' title='bbox 3297 4815 3459 4887; x_wconf 88' lang='lat' dir='ltr'><strong>origo</strong></span> <span class='ocrx_word' id='word_1_823' title='bbox 3490 4816 3574 4870; x_wconf 90' lang='lat' dir='ltr'><strong>sic</strong></span> <span class='ocrx_word' id='word_1_824' title='bbox 3605 4833 3749 4870; x_wconf 92' lang='lat' dir='ltr'><strong>con-</strong></span> 
     </span>
    </p>
   </div>
   <div class='ocr_carea' id='block_1_109' title="bbox 2093 4904 3744 4977">
    <p class='ocr_par' dir='ltr' id='par_1_109' title="bbox 2093 4904 3744 4977">
     <span class='ocr_line' id='line_1_110' title="bbox 2093 4904 3744 4977; baseline -0.002 -15"><span class='ocrx_word' id='word_1_825' title='bbox 2093 4907 2310 4962; x_wconf 83' lang='lat' dir='ltr'><strong>texitur</strong></span> <span class='ocrx_word' id='word_1_826' title='bbox 2339 4925 2352 4962; x_wconf 91' lang='lat'>:</span> <span class='ocrx_word' id='word_1_827' title='bbox 2389 4907 2536 4962; x_wconf 88' lang='lat' dir='ltr'><strong>Booz</strong></span> <span class='ocrx_word' id='word_1_828' title='bbox 2566 4924 2634 4961; x_wconf 85' lang='lat' dir='ltr'><strong>ex</strong></span> <span class='ocrx_word' id='word_1_829' title='bbox 2679 4904 2833 4960; x_wconf 85' lang='lat' dir='ltr'><strong>Ruth</strong></span> <span class='ocrx_word' id='word_1_830' title='bbox 2864 4905 3069 4977; x_wconf 89' lang='lat' dir='ltr'><strong>genuit</strong></span> <span class='ocrx_word' id='word_1_831' title='bbox 3114 4905 3301 4960; x_wconf 84' lang='lat' dir='ltr'><strong>ﬁlium</strong></span> <span class='ocrx_word' id='word_1_832' title='bbox 3351 4904 3509 4960; x_wconf 92' lang='lat' dir='ltr'><strong>Obed</strong></span> <span class='ocrx_word' id='word_1_833' title='bbox 3540 4921 3553 4959; x_wconf 90' lang='lat'><strong>:</strong></span> <span class='ocrx_word' id='word_1_834' title='bbox 3588 4904 3744 4959; x_wconf 89' lang='lat' dir='ltr'><strong>Obed</strong></span> 
     </span>
    </p>
   </div>
   <div class='ocr_carea' id='block_1_110' title="bbox 2091 4994 3229 5068">
    <p class='ocr_par' dir='ltr' id='par_1_110' title="bbox 2091 4994 3229 5068">
     <span class='ocr_line' id='line_1_111' title="bbox 2091 4994 3229 5068; baseline 0 -18"><span class='ocrx_word' id='word_1_835' title='bbox 2091 5012 2227 5050; x_wconf 90' lang='lat' dir='ltr'><strong>vero</strong></span> <span class='ocrx_word' id='word_1_836' title='bbox 2256 4997 2462 5068; x_wconf 91' lang='lat' dir='ltr'><strong>genuit</strong></span> <span class='ocrx_word' id='word_1_837' title='bbox 2490 4995 2656 5051; x_wconf 87' lang='lat' dir='ltr'><strong>Jesse</strong></span> <span class='ocrx_word' id='word_1_838' title='bbox 2693 5012 2705 5048; x_wconf 91' lang='lat'><strong>:</strong></span> <span class='ocrx_word' id='word_1_839' title='bbox 2737 4994 2904 5050; x_wconf 89' lang='lat' dir='ltr'><strong>Jesse</strong></span> <span class='ocrx_word' id='word_1_840' title='bbox 2934 4995 3229 5050; x_wconf 89' lang='lat' dir='ltr'><strong>Davidem.</strong></span> 
     </span>
    </p>
   </div>
   <div class='ocr_carea' id='block_1_111' title="bbox 2282 5173 3547 5244">
    <p class='ocr_par' dir='ltr' id='par_1_111' title="bbox 2282 5173 3547 5244">
     <span class='ocr_line' id='line_1_112' title="bbox 2282 5173 3547 5244; baseline -0.002 -16"><span class='ocrx_word' id='word_1_841' title='bbox 2282 5174 2445 5230; x_wconf 78' lang='lat' dir='ltr'><strong>Liber</strong></span> <span class='ocrx_word' id='word_1_842' title='bbox 2471 5174 2554 5241; x_wconf 90' lang='lat' dir='ltr'><strong>IX,</strong></span> <span class='ocrx_word' id='word_1_843' title='bbox 2590 5175 2901 5242; x_wconf 75' lang='lat' dir='ltr'><strong>Regnorum</strong></span> <span class='ocrx_word' id='word_1_844' title='bbox 2926 5175 3144 5244; x_wconf 75' lang='lat' dir='ltr'><strong>primus</strong></span> <span class='ocrx_word' id='word_1_845' title='bbox 3174 5176 3227 5228; x_wconf 80' lang='lat' dir='ltr'><strong>et</strong></span> <span class='ocrx_word' id='word_1_846' title='bbox 3253 5173 3547 5228; x_wconf 80' lang='lat' dir='ltr'><strong>secundus.</strong></span> 
     </span>
    </p>
   </div>
   <div class='ocr_carea' id='block_1_112' title="bbox 2167 5252 3745 5335">
    <p class='ocr_par' dir='ltr' id='par_1_112' title="bbox 2167 5252 3745 5335">
     <span class='ocr_line' id='line_1_113' title="bbox 2167 5252 3745 5335; baseline -0.001 -19"><span class='ocrx_word' id='word_1_847' title='bbox 2167 5263 2251 5318; x_wconf 89' lang='lat'><strong>13.</strong></span> <span class='ocrx_word' id='word_1_848' title='bbox 2283 5262 2619 5335; x_wconf 87' lang='lat' dir='ltr'><strong>Regnorum</strong></span> <span class='ocrx_word' id='word_1_849' title='bbox 2665 5261 3049 5318; x_wconf 89' lang='lat' dir='ltr'><strong>nominantur</strong></span> <span class='ocrx_word' id='word_1_850' title='bbox 3079 5252 3142 5316; x_wconf 89' lang='lat' dir='ltr'><strong>hi</strong></span> <span class='ocrx_word' id='word_1_851' title='bbox 3170 5260 3325 5329; x_wconf 85' lang='lat' dir='ltr'><strong>libri,</strong></span> <span class='ocrx_word' id='word_1_852' title='bbox 3351 5261 3490 5333; x_wconf 86' lang='lat' dir='ltr'><strong>quia</strong></span> <span class='ocrx_word' id='word_1_853' title='bbox 3521 5260 3745 5331; x_wconf 84' lang='lat' dir='ltr'><strong>Regum</strong></span> 
     </span>
    </p>
   </div>
   <div class='ocr_carea' id='block_1_113' title="bbox 2091 5349 3747 5408">
    <p class='ocr_par' dir='ltr' id='par_1_113' title="bbox 2091 5349 3747 5408">
     <span class='ocr_line' id='line_1_114' title="bbox 2091 5349 3747 5408; baseline -0.002 -2"><span class='ocrx_word' id='word_1_854' title='bbox 2091 5367 2226 5406; x_wconf 89' lang='lat' dir='ltr'><strong>cum</strong></span> <span class='ocrx_word' id='word_1_855' title='bbox 2249 5352 2404 5408; x_wconf 88' lang='lat' dir='ltr'><strong>Juda</strong></span> <span class='ocrx_word' id='word_1_856' title='bbox 2422 5357 2548 5407; x_wconf 87' lang='lat' dir='ltr'><strong>tum</strong></span> <span class='ocrx_word' id='word_1_857' title='bbox 2573 5351 2751 5407; x_wconf 88' lang='lat' dir='ltr'><strong>Israel</strong></span> <span class='ocrx_word' id='word_1_858' title='bbox 2776 5352 2929 5406; x_wconf 88' lang='lat' dir='ltr'><strong>facta</strong></span> <span class='ocrx_word' id='word_1_859' title='bbox 2945 5355 3001 5407; x_wconf 90' lang='lat' dir='ltr'><strong>et</strong></span> <span class='ocrx_word' id='word_1_860' title='bbox 3024 5367 3208 5405; x_wconf 88' lang='lat' dir='ltr'><strong>annos</strong></span> <span class='ocrx_word' id='word_1_861' title='bbox 3229 5349 3551 5405; x_wconf 86' lang='lat' dir='ltr'><strong>continent.</strong></span> <span class='ocrx_word' id='word_1_862' title='bbox 3570 5349 3747 5403; x_wconf 90' lang='lat' dir='ltr'><strong>Enar-</strong></span> 
     </span>
    </p>
   </div>
   <div class='ocr_carea' id='block_1_114' title="bbox 2090 5435 3743 5512">
    <p class='ocr_par' dir='ltr' id='par_1_114' title="bbox 2090 5435 3743 5512">
     <span class='ocr_line' id='line_1_115' title="bbox 2090 5435 3743 5512; baseline -0.001 -18"><span class='ocrx_word' id='word_1_863' title='bbox 2090 5446 2299 5494; x_wconf 86' lang='lat' dir='ltr'><strong>rantur</strong></span> <span class='ocrx_word' id='word_1_864' title='bbox 2318 5446 2516 5497; x_wconf 90' lang='lat' dir='ltr'><strong>autem</strong></span> <span class='ocrx_word' id='word_1_865' title='bbox 2549 5440 2738 5512; x_wconf 90' lang='lat' dir='ltr'><strong>primo</strong></span> <span class='ocrx_word' id='word_1_866' title='bbox 2766 5439 2915 5494; x_wconf 91' lang='lat' dir='ltr'><strong>libro</strong></span> <span class='ocrx_word' id='word_1_867' title='bbox 2947 5439 3096 5495; x_wconf 86' lang='lat' dir='ltr'><strong>ista:</strong></span> <span class='ocrx_word' id='word_1_868' title='bbox 3123 5438 3278 5493; x_wconf 86' lang='lat' dir='ltr'><strong>Mors</strong></span> <span class='ocrx_word' id='word_1_869' title='bbox 3300 5435 3386 5492; x_wconf 90' lang='lat' dir='ltr'><strong>Eli</strong></span> <span class='ocrx_word' id='word_1_870' title='bbox 3421 5438 3743 5494; x_wconf 88' lang='lat' dir='ltr'><strong>sacerdotis</strong></span> 
     </span>
    </p>
   </div>
   <div class='ocr_carea' id='block_1_115' title="bbox 2160 5575 3738 5653">
    <p class='ocr_par' dir='ltr' id='par_1_115' title="bbox 2160 5575 3738 5653">
     <span class='ocr_line' id='line_1_116' title="bbox 2160 5575 3738 5653; baseline -0.002 -19"><span class='ocrx_word' id='word_1_871' title='bbox 2160 5583 2237 5653; x_wconf 87' lang='lat'><strong>(7)</strong></span> <span class='ocrx_word' id='word_1_872' title='bbox 2269 5583 2334 5653; x_wconf 85' lang='grc' dir='ltr'>Ο,</span> <span class='ocrx_word' id='word_1_873' title='bbox 2368 5575 2604 5648; x_wconf 81' lang='grc' dir='ltr'>Ἀϐὃών,</span> <span class='ocrx_word' id='word_1_874' title='bbox 2633 5581 2734 5653; x_wconf 86' lang='lat' dir='ltr'><strong>sed</strong></span> <span class='ocrx_word' id='word_1_875' title='bbox 2793 5596 2928 5635; x_wconf 89' lang='lat' dir='ltr'><strong>cum</strong></span> <span class='ocrx_word' id='word_1_876' title='bbox 2981 5580 3397 5653; x_wconf 89' lang='lat' dir='ltr'><strong>hanc__vocem_</strong></span> <span class='ocrx_word' id='word_1_877' title='bbox 3429 5579 3738 5649; x_wconf 69' lang='lat' dir='ltr'><strong>praecedat,</strong></span> 
     </span>
    </p>
   </div>
   <div class='ocr_carea' id='block_1_116' title="bbox 2086 5649 3741 5778">
    <p class='ocr_par' dir='ltr' id='par_1_116' title="bbox 2086 5649 3741 5778">
     <span class='ocr_line' id='line_1_117' title="bbox 2086 5649 3741 5778; baseline -0.002 -72"><span class='ocrx_word' id='word_1_878' title='bbox 2086 5649 2332 5778; x_wconf 50' lang='grc' dir='ltr'>Ἇσζέοὲτὶλ,</span> <span class='ocrx_word' id='word_1_879' title='bbox 2384 5671 2452 5710; x_wconf 80' lang='lat' dir='ltr'><strong>ex</strong></span> <span class='ocrx_word' id='word_1_880' title='bbox 2501 5651 2746 5724; x_wconf 86' lang='lat' dir='ltr'><strong>repetita</strong></span> <span class='ocrx_word' id='word_1_881' title='bbox 2791 5656 3090 5722; x_wconf 89' lang='lat' dir='ltr'><strong>postrema</strong></span> <span class='ocrx_word' id='word_1_882' title='bbox 3130 5649 3323 5704; x_wconf 87' lang='lat' dir='ltr'><strong>littera</strong></span> <span class='ocrx_word' id='word_1_883' title='bbox 3371 5650 3592 5704; x_wconf 86' lang='lat' dir='ltr'><strong>factum</strong></span> <span class='ocrx_word' id='word_1_884' title='bbox 3651 5652 3741 5703; x_wconf 85' lang='lat' dir='ltr'><strong>est</strong></span> 
     </span>
     <span class='ocr_line' id='line_1_118' title="bbox 2135 5743 2340 5778; baseline 0.005 -1"><span class='ocrx_word' id='word_1_885' title='bbox 2135 5743 2168 5777; x_wconf 88' lang='grc' dir='ltr'><strong>α</strong></span> <span class='ocrx_word' id='word_1_886' title='bbox 2243 5745 2340 5778; x_wconf 88' lang='grc' dir='ltr'>ων.</span> 
     </span>
    </p>
   </div>
   <div class='ocr_carea' id='block_1_117' title="bbox 2135 5743 2340 5780">
    <p class='ocr_par' dir='ltr' id='par_1_117' title="bbox 2135 5743 2340 5780">
     <span class='ocr_line' id='line_1_119' title="bbox 2135 5743 2340 5780; baseline 0.015 -3"><span class='ocrx_word' id='word_1_887' title='bbox 2135 5743 2340 5780; x_wconf 83' lang='grc' dir='ltr'>αοοων.</span> 
     </span>
    </p>
   </div>
  </div>
