4154 6382
379 412 496 473 315

1584 411 1650 472 S.
1699 401 2225 467 ATHANASIUS.
2259 440 2336 452 —
2365 402 2629 471 DUBIA.

3686 410 3808 472 316

380 561 449 601 ao
481 543 733 600 ﬁliorum
765 543 975 617 ipsius.
997 545 1172 603 Ortus
1196 543 1512 608 Samuelis,
1535 544 1592 598 et
1609 533 1903 612 quomodo
1933 549 2035 608 po-

2153 551 2278 590 πται
2312 534 2369 592 δὲ
2401 537 2453 593 ἐν
2489 541 2582 612 μὶν
2614 543 2682 615 τῇ
2715 541 2905 615 πρώτῃ
2939 534 3117 616 βίϐλῳ
3144 543 3252 595 τῶν
3291 539 3580 613 βασιλειῶν
3613 541 3801 598 ταῦτα·

388 636 587 708 pulus,
637 631 926 690 hactenus
976 653 1009 689 a
1059 635 1172 691 Deo
1221 631 1608 707 gubernatus,
1640 625 1739 702 qui
1790 623 2041 698 singulis

379 723 750 796 temporibus
806 723 1178 780 liberatorem
1239 723 1387 795 ipsis
1435 717 1806 786 excitaverat,
1841 727 2037 787 regem

384 813 497 870 sibi
527 813 852 868 secundum
883 828 1107 868 morem
1132 814 1395 885 gentium
1430 807 1661 883 petierit
1688 820 1722 860 a
1750 797 2036 870 Samuele,

386 918 486 974 qui
519 900 753 957 Saulem
807 899 924 956 illis
955 901 1026 956 de
1074 900 1230 956 tribu
1275 895 1578 971 Benjamin
1609 891 1854 959 dederit,
1887 895 1945 947 et
1972 907 2039 947 ex

383 990 482 1046 illo
544 989 818 1061 deinceps
868 995 927 1046 et
973 991 1031 1044 in
1090 990 1268 1045 Israel
1331 1000 1496 1061 reges
1549 997 1678 1042 esse
1735 981 2034 1052 coeperint-

380 1079 722 1136 Continetur
778 1078 954 1134 etiam
1021 1077 1128 1134 hoc
1183 1077 1501 1141 volumine,
1561 1068 1877 1148 quomodo,
1938 1066 2039 1125 ubi

383 1169 730 1223 mandatum
785 1166 887 1223 Dei
928 1173 1338 1238 transgressus
1388 1169 1542 1222 esset
1584 1159 1743 1231 Saul,
1777 1156 2037 1216 ablatum

383 1259 462 1313 sit
491 1274 523 1312 a
554 1257 736 1329 stirpe
780 1257 968 1328 ipsius
1009 1273 1280 1329 regnum,
1312 1261 1369 1312 et
1401 1253 1574 1311 David
1627 1249 1685 1306 in
1733 1250 1922 1323 ipsius
1953 1243 2036 1303 lo-

381 1363 516 1402 cum
557 1350 770 1401 unctus
802 1346 899 1412 sit,
933 1350 1109 1417 atque
1157 1343 1215 1400 in
1265 1343 1446 1416 hujus
1495 1340 1736 1414 stirpem
1783 1333 2039 1394 transla-

381 1443 508 1492 tum
541 1451 814 1506 regnum.
849 1435 1132 1490 Praeterea
1171 1439 1668 1491 commemoratur
1700 1447 1712 1485 :
1747 1424 1899 1500 quod
1941 1441 2042 1498 per

381 1525 657 1581 Davidem
689 1523 911 1579 Goliath
969 1524 1370 1580 minutissima)
1409 1521 1634 1578 occisus
1666 1517 1743 1575 sit
1788 1512 1988 1589 lapillo
2022 1534 2036 1574 :

379 1613 518 1670 Saul
557 1630 712 1679 vero,
743 1618 1056 1685 postquam
1106 1611 1501 1686 tripudiantes
1549 1605 1827 1667 mulieres
1857 1603 2036 1663 David

380 1703 583 1758 decem
623 1702 830 1771 millia,
863 1709 922 1758 et
952 1701 1063 1758 sibi
1116 1702 1276 1758 mille
1307 1703 1609 1770 dederant,
1641 1691 1859 1754 invidia
1905 1710 2037 1769 per-

378 1791 530 1847 citus
559 1790 836 1846 Davidem
891 1796 1235 1864 persecutus
1289 1795 1397 1857 est,
1435 1784 1614 1845 David
1668 1792 1867 1842 tamen
1917 1798 2038 1841 ser-

2153 625 2376 689 Θάνατος
2439 629 2533 700 μὲν
2585 629 2737 687 Ἥλεῖ
2785 636 2880 686 τοῦ
2933 629 3123 703 ἱερέως
3173 628 3262 684 καὶ
3309 633 3416 684 τῶν
3451 631 3582 684 ulth
3615 629 3800 687 αὐτοῦ·

2149 716 2351 789 γένεσις
2384 711 2440 772 δὲ
2470 722 2566 772 τοῦ
2600 719 2887 793 Σαμουήλο
2942 720 3058 780 πῶς
3086 739 3147 774 τε
3178 721 3206 773 6
3247 714 3401 790 λαὸς,
3445 716 3509 775 τὸ
3538 719 3803 797 πρότερον

2151 801 2459 879 ἀρχόμενος
2511 809 2614 863 ὑπὸ
2661 813 2757 863 τοῦ
2790 813 2942 876 Θεοῦ,
2979 807 3275 883 ἐγείροντος
3306 807 3489 870 αὐτοῖς
3520 807 3655 864 κατά
3682 831 3802 865 και-

2151 892 2243 968 ρὸν
2275 895 2366 948 τὸν
2404 895 2623 971 βοηθὸν,
2659 897 2812 971 ὅμως
2840 894 3010 972 ᾔτησε
3039 896 3185 971 παρά
3227 901 3324 952 τοῦ
3357 895 3649 970 Σαμουὴλ,
3703 921 3800 955 κα-

2148 977 2215 1035 τὰ
2247 979 2309 1037 τὸ
2366 977 2485 1048 ἔθος
2538 989 2646 1040 τῶν
2699 986 2886 1058 ἐθνῶν,
2938 983 3185 1062 βασιλέα,
3231 984 3322 1040 καὶ
3372 983 3568 1041 ἔδωκεν
3617 987 3802 1051 αὐτοῖς

2147 1065 2238 1124 τὸν
2292 1072 2496 1141 Σαοὺλ,
2550 1072 2608 1128 ἐκ
2653 1073 2832 1152 φυλῆς
2879 1075 3147 1147 Βενιαμίν·
3184 1074 3272 1129 καὶ
3301 1073 3490 1150 γέγονε
3521 1069 3716 1131 λοιπὸν
3749 1077 3801 1150 ἐξ

2151 1153 2353 1214 ἐκείννυ
2411 1163 2499 1216 καὶ
2550 1161 2600 1216 ἐν
2643 1166 2723 1235 τῷ
2773 1164 2990 1236 Ἰσραὴλ
3027 1162 3174 1238 ἀρχῆ
3211 1157 3510 1238 βασιλείας.
3545 1165 3801 1242 Περιέχε-

2147 1265 2234 1302 ται
2287 1245 2345 1304 δὲ
2401 1249 2641 1321 ἐνταῦθα,
2688 1252 2806 1314 πῶς
2849 1253 2878 1306 6
2931 1252 3024 1325 μὲν
3061 1249 3242 1308 Σαοὺλ
3275 1246 3487 1328 παρέϐη
3516 1255 3618 1323 τὴν
3651 1255 3803 1311 ἐντο-

2149 1329 2253 1404 λὴν
2309 1341 2407 1393 τοῦ
2458 1343 2610 1412 Θεοῦ,
2660 1341 2749 1394 καὶ
2782 1341 3018 1418 ἀφῃρέθη
3057 1341 3163 1396 ἀπὸ
3222 1347 3318 1396 τοῦ
3347 1342 3537 1418 γένους
3569 1343 3736 1400 αὐτοῦ
3764 1348 3800 1415 ἡ

2151 1423 2419 1501 βασιλεία’
2486 1428 2514 1483 ὁ
2563 1427 2620 1484 δὲ
2670 1425 2834 1484 Δαϐὶδ
2884 1431 2996 1485 ἀντ’
3028 1428 3191 1485 αὐτοῦ
3223 1429 3472 1508 ἐχρίσθη,
3528 1434 3618 1488 καὶ
3682 1456 3802 1507 μετ-

2146 1513 2356 1592 ηνέχθη
2386 1517 2459 1579 είς
2489 1519 2551 1573 τὸ
2580 1517 2731 1594 γένος
2781 1519 2944 1574 αὐτοῦ
2991 1522 3027 1588 ὴ
3076 1517 3340 1593 βασιλὲία.
3402 1521 3500 1576 Καὶ
3529 1520 3622 1577 τὸν
3705 1520 3798 1597 μὶν

2150 1603 2349 1670 Γολιάθ
2381 1606 2590 1663 ἀνεῖλεν
2631 1608 2658 1662 6
2691 1603 2856 1663 Δαϐὶδ
2889 1607 3121 1685 λιθαρίῳ
3154 1610 3487 1687 μικροτάτην
3522 1605 3710 1681 ἐπειδὴ
3744 1609 3803 1668 δί

2147 1691 2201 1748 ul
2235 1694 2584 1769 χορεύουσαι,
2615 1701 2708 1759 τὰς
2745 1695 3008 1774 μυριάδας
3043 1695 3279 1753 δέδωκαν
3327 1701 3408 1771 τῷ
3457 1695 3648 1771 Δαϐὶδ,
3703 1698 3799 1765 τάς

2149 1778 2206 1838 δὲ
2238 1783 2496 1859 χιλιάδας
2526 1790 2605 1858 τῷ
2638 1786 2840 1854 Σαοὺλ,
2875 1790 3143 1865 φθονήσας
3176 1788 3203 1842 6
3237 1787 3443 1857 Σαοὺλ,
3486 1786 3677 1845 ἐδίωκε
3703 1791 3796 1846 τὸν

378 1885 573 1948 vatus,
619 1883 675 1935 et
721 1880 860 1936 Saui
918 1881 1156 1936 tandem
1221 1879 1370 1936 bello
1432 1881 1711 1943 arctatus,
1753 1872 2039 1932 consultis

2153 1866 2335 1928 Δαϐίδο
2366 1874 2455 1929 καὶ
2489 1876 2517 1930 6
2552 1876 2644 1948 μὲν
2676 1871 2840 1931 Δαϐἶδ
2873 1877 3130 1947 διεσώθη,
3165 1878 3192 1932 6
3225 1873 3282 1931 δὲ
3313 1875 3494 1934 Σαοὺλ
3526 1879 3797 1952 πολεμού-

380 1967 764 2041 pythonissis,
820 1969 1211 2042 interemptus
1267 1969 1625 2025 occubuerit.
1686 1965 1757 2021 Et
1811 1964 1922 2019 hac
1978 1976 2040 2018 re

380 2057 736 2114 terminatur
765 2059 995 2131 primus
1027 2059 1361 2131 Regnorum
1395 2056 1562 2113 liber.

449 2254 536 2308 14.
571 2253 636 2309 In
675 2254 936 2310 secundo
983 2259 1180 2311 autem
1229 2253 1402 2319 libro,
1439 2251 1598 2308 Sauli
1653 2247 1830 2306 David
1863 2245 1921 2304 in
1952 2264 2041 2304 re-

377 2359 563 2416 gnum
597 2343 876 2399 succedit.
916 2343 1387 2416 Memphiboseth
1428 2347 1624 2398 autem
1657 2339 1816 2396 ﬁlius
1848 2331 2042 2400 Saulis

380 2431 550 2488 initio
571 2447 815 2505 regnare
837 2450 971 2488 cum
995 2432 1189 2500 vellet,
1204 2431 1622 2489 contendebat:
1649 2427 1884 2486 tandem
1908 2445 2042 2485 vero

381 2521 667 2578 universae
697 2523 892 2578 tribus
922 2523 1122 2578 Davidi
1166 2525 1526 2595 junguntur.
1559 2519 1813 2576 Cunctos
1845 2519 2042 2577 hostes

377 2609 534 2667 bello
584 2615 824 2683 superat
878 2611 1082 2679 David,
1118 2612 1400 2668 Bersabee
1459 2623 1697 2666 uxorem
1735 2605 1880 2665 Urius
1928 2607 2041 2667 sibi

380 2699 587 2754 sumit.
610 2699 921 2755 Abesalom
950 2706 1170 2773 patrem
1194 2719 1368 2757 suum
1397 2699 1671 2755 Davidem
1697 2705 2041 2769 persecutus

381 2793 471 2843 est
498 2806 511 2842 :
547 2787 720 2860 paulo
755 2795 886 2860 post
915 2787 974 2844 in
1008 2788 1160 2845 bello
1193 2788 1484 2845 occiditur
1505 2787 1835 2843 Abesalom.
1866 2785 2039 2843 David

380 2882 690 2932 numerato
721 2877 935 2949 populo
967 2875 1115 2934 iram
1149 2879 1204 2933 in
1231 2895 1294 2934 se
1320 2878 1577 2933 divinam
1611 2882 2040 2950 provocat,quas

382 2973 583 3037 postea
612 2965 840 3037 placato
870 2966 985 3023 Deo
1015 2974 1226 3024 cessat.
1260 2968 1328 3023 Et
1357 2968 1450 3022 hic
1481 2967 1774 3024 secundus
1806 2965 2039 3038 Regno-

380 3074 511 3112 rum
555 3056 720 3125 liber,
753 3059 916 3114 senio
970 3060 1230 3115 confecto
1287 3059 1519 3125 Davide,
1552 3059 1774 3113 finitur.
1825 3053 2042 3114 Habuit

380 3151 574 3201 autem
607 3147 717 3203 sub
752 3164 812 3202 se
842 3147 1023 3202 David
1061 3149 1350 3220 quosdam
1382 3148 1538 3202 viros
1572 3148 1770 3218 fortes,
1795 3158 2041 3219 magnes

378 3251 444 3291 ac
475 3235 713 3302 multos,
747 3253 998 3308 quorum
1051 3237 1311 3292 minores
1359 3235 1751 3303 centuriones,
1787 3237 2036 3308 majores

373 3341 508 3380 vero
537 3323 890 3380 chiliarchas
934 3326 1262 3381 constituit.
1308 3325 1611 3380 Habentur
1641 3327 2034 3397 quorumdam

375 3413 641 3486 ipsorum
674 3415 914 3468 nomina
943 3419 1001 3469 et
1032 3431 1124 3469 res
1154 3420 1351 3486 gestae.
1387 3412 1660 3469 Sebochas
1693 3414 2034 3484 Astotheus,

378 3501 478 3571 qui
503 3500 653 3572 Seph
682 3499 867 3556 filium
895 3501 1099 3573 Rapha
1119 3519 1187 3558 ex
1211 3501 1554 3574 gigantibus
1575 3503 1695 3556 nati
1727 3504 2034 3574 percussit.

376 3589 654 3643 Eleanam
689 3587 845 3644 filius
883 3589 1108 3662 Ariorgi
1148 3589 1588 3657 Bethleemites;
1621 3590 1716 3646 hic
1748 3592 2040 3662 percussit

378 3677 609 3732 Goliath
641 3675 957 3744 Chetaeum,
986 3678 1156 3749 cujus
1186 3678 1368 3734 hastae
1403 3678 1628 3748 lignum
1660 3679 1846 3734 instar
1876 3677 2039 3734 licia-

376 3764 510 3820 torii
531 3765 849 3820 texentium
874 3772 1002 3821 erat
1023 3784 1037 3823 :
1060 3767 1169 3821 fuit
1189 3771 1384 3822 autem
1409 3772 1464 3820 et
1486 3766 1611 3837 ipse
1638 3765 1790 3822 filius
1813 3767 2038 3840 Rapba.

373 3853 691 3910 Jonatbam
717 3854 874 3910 [ilius
898 3855 1121 3911 Semesi
1149 3857 1348 3911 fratris
1376 3855 1582 3921 David;
1615 3851 1727 3911 iste
1755 3858 2042 3924 percussit

372 3943 562 3998 virum
597 3945 913 4014 quemdam
939 3945 1009 3998 de
1044 3944 1364 4011 Ramedon,
1385 3943 1486 4014 qui
1523 3939 1722 3999 lsraeli
1754 3946 2039 4000 convicia-

373 4037 474 4087 tus
507 4033 712 4098 fuerat,
738 4038 796 4087 et
844 4049 1020 4088 senos
1050 4033 1267 4103 digitos
1299 4034 1356 4087 in
1392 4034 1667 4088 manibus
1701 4051 1766 4088 ac
1800 4033 2038 4090 totidem

377 4119 633 4176 habebat
659 4122 716 4174 in
755 4119 1020 4192 pedibus,
1043 4127 1101 4177 et
1136 4119 1259 4192 ipse
1295 4121 1451 4176 filius
1486 4122 1711 4193 Rapha,
1738 4140 1806 4178 ex
1835 4123 2041 4195 gigan-

379 4208 539 4264 tibus
563 4211 703 4263 nati.
731 4211 955 4265 Adinon
980 4210 1292 4277 Asonams;
1329 4209 1422 4265 hic
1447 4211 1922 4270 frameamisuam
1948 4213 2038 4267 ad-

378 4313 587 4352 versus
617 4298 983 4371 octingentos
1016 4299 1231 4356 milites
1273 4300 1451 4355 simul
1486 4304 1870 4372 congregatos
1901 4302 2044 4355 edu-

381 4387 497 4454 xit;
528 4387 882 4458 Jessaabada,
931 4388 1088 4444 filius
1137 4387 1506 4455 thamane;
1562 4394 1618 4444 et
1671 4384 1782 4444 iste
1843 4401 2041 4444 ensem

379 4493 553 4532 suum
617 4482 821 4532 contra
868 4483 1162 4532 trecentos
1211 4477 1548 4532 vulneratos
1615 4491 1728 4532 uno
1779 4483 2042 4548 tempore

380 4565 607 4633 eduxit;
645 4563 914 4620 Eleanam
966 4565 1128 4622 ﬁlius
1160 4567 1336 4632 Sose;
1370 4564 1465 4620 hic
1497 4581 1630 4621 cum
1673 4571 1870 4621 essent
1901 4579 2034 4620 con-

2155 1983 2313 2036 μενος
2339 1961 2594 2034 ἐζήτησεν
2624 1965 3111 2042 ἐγγαστριμύθους,
3141 1965 3230 2021 καὶ
3263 1969 3330 2041 τῇ
3359 1966 3617 2044 ἐπαύριον
3648 1965 3800 2024 ἀναι-

2152 2052 2321 2128 ρεθεὶς
2357 2051 2602 2118 ἀπέθανε,
2639 2055 2734 2109 Καὶ
2768 2055 2818 2109 ἐν
2849 2055 3027 2128 τούτῳ
3053 2053 3473 2130 συμπληροῦται
3521 2059 3556 2127 ἡ
3607 2057 3798 2131 πρώτη

2156 2133 2346 2217 βίϐλος
2379 2147 2488 2196 τῶν
2524 2143 2845 2201 Βασιλειῶν.

2226 2247 2310 2304 14.
2343 2249 2433 2306 Ἐν
2491 2247 2548 2304 δὲ
2595 2255 2662 2324 τῇ
2717 2248 2938 2326 δευτέρᾳ
2986 2251 3151 2307 πάλιν
3176 2247 3341 2308 Δαϐὶδ
3373 2249 3645 2326 διεδέξατο
3701 2256 3798 2323 τὴν

2156 2336 2454 2423 βασιλείαν
2491 2341 2586 2394 Καὶ
2618 2343 2732 2397 κατ’
2759 2341 2933 2418 ἀρχὰς
2970 2341 3064 2414 μὶν
3111 2342 3140 2396 6
3189 2343 3304 2403 υἱὸς
3352 2342 3534 2400 Σαοὺλ
3584 2351 3801 2423 Μεμφι-

2152 2419 2310 2481 ϐοσέθ
2340 2431 2416 2501 (8)
2460 2429 2803 2508 ἐφιλονείκει,
2869 2428 3040 2485 θέλων
3097 2429 3420 2504 βασιλεύειν·
3482 2419 3805 2508 ὕστερον-δέ

2152 2516 2346 2580 πάντες
2395 2518 2794 2594 προσετέθησαν
2839 2525 2918 2590 τῷ
2971 2515 3155 2576 Δαείδ.
3210 2521 3417 2582 Πάντας
3451 2519 3508 2576 δξ
3537 2521 3664 2584 τοὺς
3697 2545 3800 2578 πο·-

2152 2601 2356 2679 λέμους
2407 2609 2740 2683 περιεγένετο
2792 2604 2978 2665 Δαόὶδ.
3037 2609 3143 2678 Τήν
3206 2610 3302 2682 μὶν
3350 2615 3448 2664 τοῦ
3478 2610 3676 2686 Οὐρίου
3709 2634 3802 2688 γυ-

2151 2700 2307 2750 ναῖκα
2361 2697 2460 2765 τὴν
2520 2691 2797 2768 Βηρσαϐεὶ
2857 2693 3068 2752 ἔλαϐεψ
3125 2699 3155 2752 6
3205 2695 3262 2753 δὲ
3303 2700 3419 2760 υἱὸς
3449 2699 3614 2755 αὐτοῦ
3646 2693 3802 2756 Ἀϐε-

2150 2781 2349 2859 σαλὼμ
2405 2781 2615 2858 ἐδίωξεν
2675 2786 2854 2860 αὑτὸν,
2913 2786 3003 2841 καὶ
3064 2788 3179 2860 μετ’
3223 2787 3284 2842 οὗ
3329 2786 3472 2843 πολὺ
3505 2789 3800 2850 συστάντος

2148 2871 2421 2947 πολέμου,
2453 2875 2686 2952 ἀνῃρέθη
2721 2877 2748 2930 ὁ
2782 2871 3130 2950 Ἀϐεσαλώμ.
3165 2875 3295 2932 Εἶτα
3349 2875 3440 2932 τὸν
3504 2875 3632 2932 λαὸν
3683 2877 3798 2951 ἀρι-

2151 2967 2387 3038 θμήσας,
2449 2964 2720 3034 κεκίνηκεν
2776 2964 2942 3041 ὀργὴν
3001 2966 3142 3029 θείαν
3195 2967 3309 3020 καθ’
3361 2966 3574 3022 ἑαυτοῦ.
3628 2963 3804 3023 Ἀλλά

2155 3055 2288 3128 μετά
2314 3049 2502 3124 ταῦτα,
2552 3053 2996 3128 παρακληθέντος
3044 3059 3142 3110 τοῦ
3190 3059 3344 3123 Θεοῦ,
3395 3057 3431 3124 ἡ
3465 3055 3601 3132 ὀργὴ
3635 3054 3798 3110 ἐπαύ-

2151 3154 2241 3213 θη.
2276 3141 2375 3196 Καὶ
2425 3141 2501 3205 εἰς
2543 3146 2704 3198 τοῦτο
2736 3140 2920 3218 λήγει,
2952 3143 3041 3199 καὶ
3075 3144 3135 3198 τὸ
3163 3140 3409 3220 δεύτερον
3449 3137 3666 3218 βιϐλίον
3695 3148 3804 3200 τῶν

2148 3227 2468 3299 Βασιλειῶν,
2527 3231 2866 3307 γηράσαντος
2918 3239 3014 3287 τοῦ
3071 3227 3255 3287 Δαϐίδ.
3317 3232 3583 3295 Δυνατοὺς
3628 3231 3688 3287 δὶ
3719 3234 3808 3312 ὑφ’

2148 3319 2335 3375 ἑαυτὸν
2391 3317 2544 3396 ἔσχεν
2605 3323 2633 3376 ὁ
2694 3317 2880 3393 Δαϐἰδ,
2940 3321 3209 3396 μεγάλους
3264 3321 3357 3394 μὶν
3408 3320 3497 3376 καὶ
3529 3320 3803 3394 πολλοὺς,

2147 3403 2284 3464 ὣστε
2313 3411 2403 3463 τὸν
2441 3411 2534 3481 μὶν
2595 3410 2915 3484 μικρότερον
2967 3410 3143 3465 αὐτῶν
3202 3411 3338 3481 πρὸς
3383 3411 3569 3466 ἑκατὸν
3601 3417 3800 3479 ποιεῖν,

2144 3495 2236 3552 τὸν
2271 3495 2327 3552 δῖε
2370 3498 2530 3574 μέγαν
2592 3499 2763 3553 αὐτῶν
2808 3499 2944 3571 πρὸς
2997 3498 3244 3573 χιλίους.
3311 3501 3465 3556 Ἐστι
3523 3497 3582 3555 δέ
3636 3521 3798 3554 τινων

2148 3587 2321 3643 αὐτῶν
2379 3589 2445 3643 τά
2505 3588 2748 3661 ὀνόματα
2803 3589 2891 3642 καὶ
2923 3591 2956 3657 ἡ
2992 3589 3202 3664 πρᾶξις.
3236 3583 3475 3665 Σεϐοχαὶ
3509 3587 3536 3642 6
3594 3590 3798 3645 Ἀστω-

2151 3678 2201 3753 ρί
2233 3682 2327 3752 (9)·
2372 3678 2530 3740 οὗτος
2575 3678 2827 3747 ἐπάταξεν
2876 3680 2966 3732 τὸν
3022 3679 3145 3753 Σὲρ,
3188 3678 3279 3732 τὸν
3339 3683 3436 3732 τοῦ
3484 3679 3670 3756 Ῥαφᾶ,
3700 3680 3798 3732 τοῦ

2150 3767 2425 3842 ἀπογόνου
2481 3772 2585 3821 τῶν
2637 3767 2933 3842 γιγάντων.
2989 3765 3265 3835 Ἐλεανᾶν,
3318 3767 3434 3828 υἱὸς
3483 3766 3738 3842 Ἀριωργί
3769 3765 3797 3819 6

2152 3855 2548 3928 Βηθλεεμίτης·
2606 3855 2763 3918 οὗτος
2811 3856 3035 3926 ἐπάταξε
3084 3854 3287 3919 Γολιάθ
3333 3855 3425 3910 τὸν
3457 3852 3711 3922 Χεταῖον,
3746 3853 3809 3910 οὗ

2151 3945 2216 4013 ἦν
2249 3945 2312 3998 τὸ
2343 3943 2500 4014 ξύλον
2534 3949 2630 3999 τοῦ
2689 3941 2935 4019 δόρατος,
2981 3945 3055 4006 ὡς
3101 3945 3280 3999 ἀντίον
3335 3945 3816 4023 ὑφαινόντων.ἹΙν

2152 4031 2208 4088 δὲ
2258 4034 2346 4088 καὶ
2379 4031 2536 4095 οὗτος
2570 4034 2685 4094 υἱὸς
2713 4038 2809 4087 τοῦ
2842 4035 3026 4109 Ῥαφᾶ.
3079 4034 3327 4087 Ἰωνάθαν
3378 4034 3496 4094 υἱὸς
3553 4033 3803 4105 Σεμεσεὶ,

2153 4121 2390 4199 ἀδελφοῦ
2443 4117 2629 4176 Δαϐἲδδ
2695 4122 2852 4182 οὗτος
2902 4121 3153 4191 ἐπάταξεν
3219 4119 3552 4176 ὀνειδίσαντα
3598 4127 3679 4194 τῷ
3711 4124 3808 4179 Ἰσ-

2154 4210 2296 4288 ραὴλ
2351 4209 2517 4276 ἄνδρα
2566 4210 2626 4265 ἐκ
2670 4205 2964 4281 Ῥαμεδῶν,
3016 4207 3214 4286 ἔχοντα
3247 4210 3297 4264 ἐν
3328 4217 3449 4273 ταῖς
3500 4211 3658 4287 χερσὶ
3718 4211 3811 4265 καὶ

2151 4306 2266 4361 τοῖς
2297 4300 2453 4353 ποσὶν
2487 4300 2584 4353 ἀνά
2615 4295 2918 4361 δακτύλους
2947 4299 3022 4370 ἓξ,
3057 4300 3171 4352 υἱὸν
3207 4293 3332 4354 ὄντα
3365 4300 3453 4354 καὶ
3504 4300 3663 4355 αὐτὸν
3713 4304 3813 4355 τοῦ

2154 4389 2341 4466 Ῥαφᾶ,
2372 4393 2468 4442 τοῦ
2491 4388 2762 4463 ἀπογόνου
2793 4389 2899 4441 τῶν
2931 4388 3216 4464 γιγάντων.
3280 4385 3506 4444 Ἀδίνων
3549 4388 3576 4443 6
3634 4391 3810 4445 Ἀσω-

2155 4482 2323 4538 ναῖος·
2381 4475 2536 4538 οὗτος
2584 4476 2781 4531 ἐσπᾶτο
2825 4477 2923 4544 τὴν
2973 4476 3242 4554 ῥομφαίαν
3293 4477 3459 4532 αὐτοῦ
3508 4477 3594 4532 ἐπὶ
3654 4477 3812 4532 ὀκτα-

2155 4566 2372 4627 κοσίους
2431 4565 2760 4640 στρατιώτας
2813 4562 3054 4635 εἰσάπαξ.
3111 4559 3446 4621 Ἰεσσαιῦαδά
3495 4567 3608 4629 υίὸς
3645 4568 3814 4642 Ἀχα-

382 4655 606 4728 gregati
638 4652 1026 4725 Philisthiim,
1057 4653 1219 4711 solus
1253 4654 1312 4709 in
1353 4669 1453 4710 eos
1486 4653 1677 4721 irruit,
1713 4657 1888 4727 atque
1917 4657 2040 4710 tan-

2159 4661 2323 4727 μανῆ
2385 4653 2473 4708 καὶ
2544 4653 2698 4716 οὗτος
2767 4653 2964 4709 ἐσπᾶτο
3025 4656 3123 4723 τήν
3177 4655 3446 4732 ῥομφαίαν
3501 4653 3666 4710 αὐτοῦ
3726 4655 3815 4710 ἐπὶ

383 4749 504 4798 tam
538 4741 772 4797 illorum
804 4747 1061 4815 stragem
1094 4741 1298 4812 edidit,
1326 4748 1391 4799 ut
1421 4745 1622 4799 manui
1663 4741 1854 4815 ipsius
1880 4744 2054 4800 basta

382 4831 947 4905 agglutinaretur,et
969 4831 1226 4903 populus
1251 4837 1382 4905 post
1406 4831 1594 4903 ipsius
1616 4835 1842 4905 tergum
1869 4846 2052 4890 cases

383 4921 537 4977 109
584 4918 895 4992 spoliabat.
929 4920 1095 4976 Mara
1143 4920 1302 4976 ﬁlius
1349 4925 1464 4977 Asa
1511 4922 1895 4992 Saruchaeus;
1939 4918 2050 4980 iste

379 5011 746 5067 irruentibus
787 5009 1101 5066 Philistaeis
1132 5027 1196 5066 ac
1229 5017 1454 5083 partem
1510 5012 1633 5084 agri
1671 5007 1838 5068 lente
1866 5009 2047 5068 refer-

378 5107 500 5156 tam
534 5099 878 5172 depopulari
921 5097 1274 5164 volentibus,
1313 5101 1570 5172 fugiente
1613 5100 1851 5173 populo,
1886 5100 2046 5158 solus

381 5190 628 5254 obstitit,
645 5194 702 5243 et
724 5188 1054 5245 Philistasos
1079 5194 1441 5259 persecutus,
1458 5191 1579 5261 agri
1606 5193 1831 5261 partem
1856 5207 2045 5246 serva-

379 5278 479 5332 vit.
541 5278 773 5333 Eleazar
826 5275 980 5332 iilius
1048 5274 1553 5344 Dodetharchoni;
1605 5277 1735 5345 iste,
1783 5280 2044 5350 tempore

383 5367 595 5422 messis
624 5364 979 5433 hordeaceae,
1015 5381 1148 5422 cum
1191 5364 1585 5438 irrumperent
1615 5365 1961 5438 Philisthaei,
1986 5375 2042 5425 et

382 5454 636 5527 populus
665 5455 910 5528 fugeret,
947 5454 1110 5511 solus
1143 5455 1377 5521 restitit,
1417 5464 1474 5511 et
1509 5453 1874 5512 Philisthseos
1906 5471 2038 5529 per-

456 5669 536 5741 (8)
572 5673 635 5723 In
668 5671 720 5720 0'
751 5667 984 5741 legitur,
1019 5657 1275 5741 ’Is6ocoé.

459 5738 537 5812 (9)
568 5744 698 5798 Haec
727 5738 978 5796 nomina
997 5738 1250 5795 multum
1280 5741 1510 5796 variant
1539 5741 1599 5796 in
1628 5741 1677 5798 II
1710 5741 1850 5815 Reg.
1873 5759 2036 5812 nm,

2160 4743 2500 4819 τριακοσίους
2544 4743 2875 4819 τραυματίας
2920 4743 2972 4798 ἐν
3025 4748 3198 4819 καιρῷ
3248 4741 3345 4799 ἐνί.
3405 4742 3657 4800 Ἐλεανᾶν
3697 4745 3816 4805 υἱὸς

2164 4840 2343 4902 Σωσῆ·
2404 4832 2583 4898 οὗτος,
2642 4832 3015 4908 συναχθέντων
3066 4836 3172 4886 τῶν
3228 4829 3583 4910 ἀλλοφύλων,
3648 4832 3815 4905 μόνος

2159 4920 2332 4991 ἥλατο
2385 4923 2466 4976 ἐπ’
2512 4921 2728 4991 αὐτοὺς,
2788 4922 2876 4975 καὶ
2931 4920 3127 4982 αὐτοὺς
3163 4921 3256 4992 μὲν
3291 4921 3502 4996 ἀνῄρει,
3565 4918 3703 4975 ὥστε
3749 4921 3810 4974 τὸ

2161 5005 2312 5085 δόρυ,
2373 5011 2679 5086 ἐμπαγῆναι
2738 5014 2806 5083 τῇ
2853 5011 2999 5085 χειρὶ
3043 5010 3227 5064 αὐτοῦ’
3285 5009 3312 5064 6
3372 5008 3430 5064 δέ
3470 5009 3602 5072 λαὸς
3637 5010 3813 5064 ὀπίσω

2157 5100 2320 5155 αὐτοῦ
2369 5098 2640 5154 ἐσκύλευε.
2688 5105 2844 5174 Μαρᾶ
2900 5099 3015 5160 υἱὸς
3064 5099 3221 5166 Ἀσᾶ,
3255 5099 3282 5152 ὁ
3319 5104 3681 5175 Σαρουχαῖοςο
3717 5097 3811 5152 οὗ·

2154 5211 2245 5251 τος
2280 5186 2617 5244 ἐπελθόντων
2651 5193 2756 5242 τῶν
2788 5183 3147 5264 ἀλλοφύλων,
3178 5188 3266 5240 καὶ
3318 5186 3671 5263 βουλομένων
3722 5187 3811 5262 ἀρ-

2154 5278 2316 5333 πάσαι
2372 5278 2470 5344 τήν
2536 5273 2727 5351 μερίδα
2783 5280 2881 5331 τοῦ
2939 5274 3129 5349 ἀγροῦ,
3183 5274 3374 5350 πλήρη
3423 5274 3582 5330 οὖσαν
3617 5283 3818 5353 φακῆς,

2151 5369 2249 5421 τοῦ
2279 5385 2338 5420 τε
2371 5362 2508 5421 λαοῦ
2540 5364 2824 5440 φυγόντος,
2867 5364 3030 5434 μόνος
3053 5361 3202 5434 ἔστη·
3261 5363 3350 5418 καὶ
3402 5363 3528 5426 τοὺς
3589 5366 3682 5438 μὶν
3716 5363 3814 5419 ἀλ-

2150 5453 2426 5533 λοφύλους
2475 5451 2677 5524 ἐδίωξε,
2728 5454 2816 5506 τὸν
2876 5451 2930 5506 δέ
2985 5450 3176 5527 μερίδα
3200 5459 3298 5508 τοῦ
3328 5455 3496 5530 ἀγροῦ
3527 5453 3815 5532 ἐφύλαξεν,

2148 5678 2208 5728 et
2245 5673 2304 5727 in
2338 5676 2356 5725 Ι
2396 5669 2643 5741 Paralip.
2678 5685 2852 5723 xxvn.
