4154 6388
303 442 419 504 317

1412 419 1788 500 SYNOPSIS
1836 431 2303 495 SGRIP’I‘URE
2348 435 2642 496 εΑοιιΑι.

3608 440 3731 500 318

302 575 588 650 Ἐλεάζαρ,
621 571 738 634 υἱὸς
773 568 1193 648 Δωδεθαρχωνί’
1227 569 1317 624 καὶ
1349 567 1529 637 οὗτος,
1582 564 1819 642 μερίδος,
1876 563 1952 621 οὕς

2082 571 2341 639 secutus,
2372 566 2655 624 hordeum
2709 570 2970 625 defendit
2997 585 3064 626 ac
3103 573 3374 629 servavit.
3405 575 3550 630 Tres
3595 589 3730 629 vero

303 681 404 734 σης
452 661 680 739 aptam,
731 659 822 714 καὶ
873 660 1211 722 ἐπελθόντων
1256 662 1362 713 τῶν
1396 657 1753 736 ἀλλοφύλων,
1786 659 1882 711 τοῦ
1910 676 1968 710 τε

302 749 439 809 λαοῦ
471 750 763 830 φυγόντος,
803 749 968 822 μόνος
996 746 1304 818 ἐπηλιὸθη·
1335 747 1425 802 καί
1475 747 1601 809 τοὺς
1650 747 1742 819 μὲν
1794 743 1961 802 ἀλλο-

301 838 505 920 φύλους
537 836 746 910 ἐδίωξε,
803 840 903 906 τὴν
953 835 1009 892 δὲ
1058 838 1250 914 κριθὴν
1303 831 1494 892 ἔσῶσε.
1541 841 1695 913 Τρεῖς
1727 834 1783 890 δὲ
1814 831 1965 890 δυνα-

298 932 384 986 τοὶ
415 929 524 985 ἀπὸ
553 931 662 984 τῶν
693 926 984 1003 τριάκοντα
1022 929 1154 995 ἦσαν
1192 928 1325 999 μετὰ
1353 929 1450 980 τοῦ
1483 921 1669 993 Δαϐἱδ,
1713 923 1801 979 καὶ
1853 925 1959 978 τῶν

300 1018 634 1098 ἀλλοφύλων
661 1013 1061 1072 κυκλωσάντων
1095 1017 1192 1084 τήν
1227 1013 1506 1088 Βηθλεὲμ,
1539 1019 1636 1069 τοῦ
1685 1011 1742 1068 δὲ
1797 1008 1960 1068 Δαϐὶδ

303 1107 740 1182 ἐπιθυμήσαντος
774 1109 917 1160 πιεῖν
947 1105 1008 1160 ἐκ
1035 1108 1132 1159 τοῦ
1181 1106 1382 1159 λάκκου
1430 1107 1524 1158 τοῦ
1588 1105 1637 1158 ἐν
1683 1100 1958 1175 Βηθλεέμ,

305 1193 562 1266 διέϐησαν
597 1197 647 1250 οἱ
687 1198 857 1272 τρεῖς,
886 1193 979 1249 καὶ
1014 1191 1400 1270 διαρρήξαντες
1447 1194 1545 1261 τήν
1598 1187 1957 1268 παρεμϐολήν

305 1288 412 1340 τῶν
462 1283 811 1362 ἀλλοφύλων,
865 1280 1190 1356 ὑδρεύσαντο
1243 1283 1300 1337 ἐκ
1341 1285 1437 1336 τοῦ
1471 1280 1696 1347 λάκκου,
1731 1280 1820 1336 καὶ
1847 1278 1960 1350 ﬁve-

305 1393 436 1450 γκαν
491 1370 632 1447 ὕδωρ
675 1376 755 1445 τῷ
807 1368 994 1428 Δαδίδ.
1050 1373 1334 1444 Θαυμάσας
1383 1369 1440 1426 δέ
1471 1375 1498 1427 ὁ
1529 1367 1693 1426 Δαϐὶδ
1723 1372 1821 1439 τὴν
1870 1367 1959 1424 δύ-

304 1480 464 1534 ναμιν
505 1460 704 1530 αὐτῶν,
739 1464 802 1516 τὸ
839 1462 932 1533 μὲν
965 1457 1110 1536 ὓδωρ
1145 1459 1382 1531 ἐδέξατο,
1417 1467 1556 1515 πιεῖν
1592 1457 1648 1514 δὲ
1702 1457 1799 1513 οὐκ
1848 1459 1958 1522 ἐθέ-

305 1549 490 1621 λησεν·
527 1549 654 1606 ἀλλ’
687 1549 926 1604 ἔσπεισεν
962 1548 1091 1603 αὐτὸ
1119 1555 1199 1622 τῷ
1236 1550 1413 1626 Κυρίῳ
1443 1547 1639 1624 λέγων·
1691 1573 1717 1600 ‹‹
1769 1545 1958 1608 Ἵλεώς

306 1661 423 1713 μοι,
469 1637 656 1715 Κύριε,
700 1643 860 1694 τοῦτο
910 1637 1158 1708 ποιῆσαι·
1220 1640 1265 1694 εἱ
1326 1640 1460 1711 αἷμα
1507 1639 1614 1692 τῶν
1658 1637 1956 1714 ἀνθρώπων

299 1729 408 1783 τῶν
456 1729 828 1804 πορευθέντων
885 1732 1002 1789 ταῖς
1053 1727 1256 1803 ψυχαῖς
1307 1727 1481 1782 αὐτῶν
1521 1728 1760 1799 πίομαι;
1797 1747 1824 1777 ››
1858 1731 1957 1780 Βα-

297 1816 444 1889 νέας,
497 1817 612 1880 υίὸς
662 1813 871 1886 Ἰωδαὶ,
922 1815 1107 1872 πολλὰ
1161 1818 1254 1889 μὲν
1297 1815 1545 1887 ἐποίησεν
1581 1815 1707 1892 ἔργα
1739 1813 1954 1870 δυνατάι

300 1904 526 1977 ἐπάταξε
575 1904 633 1960 δὲ
674 1904 766 1960 καὶ
823 1905 950 1968 τοὺς
1000 1904 1150 1966 υἱοὺς
1203 1903 1400 1982 Ἀριὴλ
1471 1910 1568 1959 τοῦ
1619 1896 1810 1972 Μωὶϐ,
1870 1903 1958 1956 καὶ

301 1990 540 2057 καταϐὰς
598 1992 650 2049 ἐν
705 1993 887 2068 ἡμέρᾳ
945 1994 1135 2069 χιόνος
1185 1994 1260 2056 εἰς
1307 1993 1530 2062 λάκκον,
1583 1991 1807 2062 ἐπάταξε
1863 1993 1953 2046 τὸν

301 2081 510 2140 λέοντα.
560 2082 729 2146 Οὗτος
781 2082 1006 2154 ἐπάταξε
1063 2084 1152 2137 καὶ
1204 2080 1370 2157 ἄνδρα
1402 2081 1622 2136 δυνατὸν
1657 2081 1952 2156 Αίγύπτιον

296 2171 647 2248 πεντάπηχυν
700 2168 846 2244 ὄντα,
898 2171 987 2226 καί
1046 2170 1246 2248 ἔχοντα
1295 2170 1424 2246 δόρυ
1464 2170 1537 2234 ὡς
1571 2169 1729 2242 ξύλον
1764 2165 1950 2224 διαϐά-

299 2273 450 2338 θρας·
497 2260 740 2338 ἀρπάσας
787 2261 886 2337 γάρ
936 2257 1026 2315 ἀπ’
1089 2261 1254 2315 αὐτοῦ
1306 2262 1370 2315 τὸ
1424 2257 1553 2336 δόρυ
1616 2257 1728 2332 μετ’
1787 2257 1950 2313 αὐτοῦ

295 2353 488 2408 τοῦτον
547 2347 872 2405 ἀπέκτεινεν.
938 2345 1130 2404 Ἀεισᾶ
1185 2346 1418 2427 ἀδελφὸς
1451 2344 1633 2419 Ἰωὰῧ,
1667 2347 1782 2407 υίὸς
1845 2351 1947 2400 Σα-

299 2439 484 2517 ρουίας
520 2445 620 2510 τῆς
651 2436 894 2508 ἀδελφῆς
923 2433 1110 2494 Δαϐὶδ.
1143 2440 1368 2514 ’Λρχων
1407 2438 1500 2512 μὲν
1551 2441 1616 2507 ἦν
1667 2439 1757 2492 καὶ
1788 2434 1949 2498 οὗτος

296 2528 348 2585 ἐν
380 2531 498 2592 τοῖς
549 2529 971 2606 προειρημένοις
1022 2527 1212 2581 τθισίνο
1241 2527 1400 2589 αὐτὸς
1447 2525 1504 2582 δὲ
1535 2525 1758 2596 ἐπάταξε
1785 2545 1948 2600 τραυ-

303 2619 496 2694 ματίας
550 2617 837 2691 τριάκοντα
895 2613 1080 2691 δόρατι
1113 2615 1163 2671 ἐν
1197 2620 1371 2691 καιρῷ
1399 2637 1528 2685 τινι,
1585 2614 1676 2669 καὶ
1730 2613 1950 2690 ἔτρεχεν

301 2708 378 2770 ὡς
435 2705 631 2780 δορκὰς
690 2704 741 2761 ἐν
788 2711 903 2767 τοῖς
947 2701 1115 2781 ὄρεσι.
1164 2706 1262 2759 Καὶ
1308 2705 1471 2760 πάλιν
1521 2702 1682 2766 αὐτὸς
1726 2701 1949 2773 ἐπάταξε

297 2798 391 2852 καὶ
453 2793 756 2860 ἐθανάτωσε
805 2795 892 2850 τὸν
945 2790 1175 2865 Ἐσϐιὲν,
1238 2793 1463 2858 θέλοντα
1522 2795 1803 2867 ἁναιρῆσαι
1856 2790 1946 2846 τὸν

302 2881 487 2942 Δαϐίδ.
540 2887 636 2939 Ἢν
690 2882 746 2938 δὲ
790 2883 817 2938 6
850 2881 1056 2941 Ἐσϐιὶν
1087 2880 1310 2958 ἔκγονος
1363 2888 1461 2938 τοῦ
1490 2883 1674 2961 Ῥαφᾶο
1731 2879 1859 2958 δόρυ
1891 2879 1949 2935 δὲ

303 2973 419 3050 εἶχε
469 2974 710 3046 σταθμοῦ
771 2971 943 3044 ὁλκῆς
994 2972 1208 3049 χαλκοῦ
1256 2973 1544 3049 τριάκοντα
1575 2971 1800 3040 σίκλων,
1856 2971 1946 3025 καὶ

2078 657 2256 713 fortes
2286 675 2353 712 ex
2387 656 2630 730 triginta
2659 664 2825 713 erant
2872 675 3005 714 cum
3057 661 3287 716 Davide.
3321 661 3392 717 Et
3419 679 3552 718 cum
3585 663 3729 718 Phi-

2074 744 2285 802 listhaei
2319 746 2656 802 Bethlehem
2707 748 3013 803 obsidione
3061 749 3404 812 cinxissent,
3437 757 3612 823 atque
3661 766 3730 807 ex

2075 834 2331 890 cisterna
2359 834 2697 890 Bethlebem
2753 835 2949 891 bibere
2999 844 3236 908 cuperet
3280 838 3484 909 David,
3517 841 3579 893 hi
3609 844 3728 896 tres

2073 928 2263 980 castra
2283 923 2770 979 Philisthinorum
2803 931 3214 996 perruperunt,
3238 925 3631 999 haustumque
3660 943 3728 984 ex

2071 1012 2326 1068 cisterna
2356 1027 2569 1084 aquam
2594 1011 2796 1067 Davidi
2821 1011 3165 1069 attulerunt.
3185 1015 3525 1070 Admiratus
3547 1015 3725 1072 David

2072 1101 2333 1175 ipsorum
2367 1101 2639 1156 virtutem
2691 1117 2904 1172 aquam
2964 1102 3202 1173 quidem
3252 1104 3496 1175 accepit,
3529 1103 3728 1161 bibere

2073 1207 2204 1246 vero
2264 1190 2474 1255 noluit,
2534 1191 2633 1245 sed
2693 1190 2893 1244 libavit
2955 1206 3082 1245 earn
3144 1193 3409 1260 Domino,
3460 1193 3662 1249 dicens
3711 1213 3726 1250 :

2074 1300 2100 1330 υ
2135 1280 2427 1351 Pr0pitius
2461 1278 2537 1334 sit
2577 1279 2721 1334 mihi
2771 1278 3076 1350 Dominus,
3113 1297 3184 1335 ne
3216 1281 3324 1336 hoc
3376 1282 3606 1338 faciam.
3637 1285 3724 1340 An

2071 1369 2420 1440 sanguinem
2450 1369 2696 1422 istorum
2732 1367 3065 1434 hominum,
3093 1367 3189 1439 qui
3221 1385 3354 1425 cum
3389 1371 3723 1427 animarum

2070 1471 2314 1512 suarum
2346 1457 2602 1528 periculo
2635 1456 2875 1527 profecti
2920 1462 3060 1511 sunt
3103 1457 3301 1513 bibam
3323 1458 3368 1493 ³⁵
3391 1459 3418 1513 ?
3440 1481 3465 1508 ››
3501 1459 3725 1516 Baneas

2071 1546 2231 1601 filius
2263 1545 2442 1612 Jodee,
2479 1545 2576 1617 qui
2610 1544 2797 1600 multa
2827 1545 2999 1600 fortia
3028 1546 3178 1602 facta
3209 1547 3556 1619 designavit,
3580 1554 3634 1604 et
3662 1549 3726 1604 ﬁ-

2070 1633 2178 1690 lios
2211 1634 2358 1689 Ariel
2398 1633 2566 1690 Moab
2601 1634 2910 1706 percussit,
2945 1639 3003 1688 et
3032 1651 3166 1690 cum
3217 1634 3273 1690 in
3326 1637 3420 1692 die
3469 1638 3620 1693 nivis
3651 1639 3720 1694 ad

2069 1725 2382 1780 cisternam
2434 1723 2855 1787 descendisset,
2898 1723 3123 1779 leonem
3175 1726 3481 1795 percussit.
3518 1725 3622 1782 Hic
3668 1732 3727 1784 et

2071 1814 2276 1868 fortem
2312 1812 2629 1884 quemdam
2655 1813 2844 1867 virum
2867 1812 3201 1884 [Egyptium
3226 1814 3487 1886 quinque
3507 1815 3728 1873 cubito-

2071 1915 2201 1957 rum
2241 1905 2530 1957 statura'ni
2581 1900 2918 1966 habentem,
2952 1907 3009 1956 et
3039 1901 3268 1958 hastam
3318 1902 3508 1960 instar
3553 1904 3722 1960 scalis

2069 1991 2312 2046 nauticae
2368 1995 2722 2063 gestantem,
2763 1991 3054 2062 percussit
3088 2008 3101 2046 :
3135 1990 3365 2046 hastam
3423 1993 3580 2048 enim
3638 1993 3724 2050 illi

2067 2080 2307 2147 ademit,
2333 2094 2398 2135 ac
2429 2079 2530 2134 illa
2560 2095 2694 2134 eum
2728 2079 2961 2135 occidit.
2990 2079 3169 2135 Abisa
3197 2081 3377 2136 frater
3394 2081 3540 2137 Joab
3563 2082 3723 2140 illius

2065 2168 2274 2226 Servis)
2305 2168 2522 2224 sororis
2552 2167 2810 2238 Davidis,
2843 2168 3116 2240 princeps
3160 2174 3284 2224 erat
3330 2175 3387 2225 et
3428 2170 3538 2226 iste
3569 2170 3724 2228 inter

2061 2261 2200 2329 tres,
2225 2257 2296 2314 de
2328 2257 2543 2329 quibus
2579 2256 2804 2312 dictum
2853 2261 2960 2311 est.
2997 2257 3291 2312 Percussit
3321 2263 3514 2315 autem
3567 2263 3722 2316 tem-

2061 2361 2199 2420 pore
2229 2348 2483 2419 quodam
2514 2346 2757 2418 triginta
2787 2345 3123 2402 vulneratos
3155 2346 3353 2402 lancea
3381 2364 3508 2416 sua,
3535 2353 3592 2404 et
3623 2365 3720 2406 ca-

2060 2450 2210 2510 preae
2263 2436 2451 2490 instar
2497 2436 2767 2490 currebat
2815 2434 2874 2489 in
2937 2434 3240 2490 montibus
3277 2454 3290 2491 :
3325 2441 3382 2491 ct
3443 2443 3722 2508 praeterea

2062 2525 2350 2598 percussit
2379 2528 2437 2580 et
2463 2522 2676 2580 occidit
2724 2523 2957 2593 Esbien,
2982 2524 3080 2595 qui
3127 2525 3399 2580 Davidem
3449 2525 3718 2584 occidere

2058 2613 2306 2671 volebat.
2336 2613 2473 2668 Erat
2515 2616 2711 2668 autem
2755 2612 2962 2668 Esbien
3017 2613 3089 2668 de
3138 2628 3350 2684 genere
3399 2613 3622 2687 Rapha,
3656 2622 3716 2672 et

2060 2703 2228 2760 hasta
2257 2703 2445 2775 ipsius
2481 2706 2773 2757 trecentos
2821 2701 2950 2756 ieris
3008 2701 3180 2756 siclos
3239 2702 3618 2774 ponderabat,
3655 2709 3717 2760 et

2058 2791 2278 2848 clavam
2310 2791 2595 2863 gestabat.
2630 2795 2834 2862 Itaque
2862 2790 2960 2846 isti
2991 2794 3157 2845 erant
3186 2789 3384 2863 magni
3413 2795 3470 2846 et
3501 2795 3718 2863 poten—

2057 2883 2164 2936 tes.
2199 2878 2556 2936 Bellatorum
2598 2882 2794 2934 autem
2823 2878 2882 2933 in
2917 2879 3255 2934 universum
3289 2878 3497 2935 habuit
3529 2881 3716 2938 David

2062 2969 2353 3043 myriades
2383 2968 2628 3040 triginta
2655 2971 2908 3039 quatuor
2937 2973 2993 3024 et
3019 2969 3321 3023 ducentos.

308 3061 732 3139 περιεζωσμένος
780 3059 846 3130 ἦν
905 3063 1160 3138 κορύνην.
1222 3058 1382 3116 Οὗτοι
1435 3062 1528 3134 μὶν
1577 3058 1667 3115 οὖν
1723 3058 1951 3136 μεγάλοι
2027 3057 2118 3112 καὶ
2185 3053 2400 3111 δυνατοὶ
2455 3057 2612 3125 ἦσαν·
2670 3053 2801 3116 τοὺς
2858 3051 2916 3108 δὲ
2957 3054 3295 3129 πολεμιστὰς
3345 3055 3548 3119 πάντας
3603 3055 3722 3134 εἶχε

310 3147 470 3205 Δαϐὶδ
503 3147 766 3227 μυριάδας
797 3153 1086 3225 τριάκοντα
1114 3150 1369 3227 τέσσαρας
1398 3149 1487 3205 καὶ
1520 3148 1850 3212 διακοσίους.

534 3234 760 3296 Βιϐλίον
797 3242 846 3305 ι’,
883 3239 1137 3296 Βασιλιῖα
1163 3240 1317 3316 τρίτη
1353 3239 1443 3294 καὶ
1472 3240 1727 3315 τετάρτη.

375 3327 460 3386 15.
495 3328 583 3385 Ἐν
648 3328 742 3402 μὶν
805 3327 894 3384 οὖν
954 3333 1022 3402 τῇ
1071 3321 1228 3406 τρίτῃ
1258 3329 1420 3385 πάλιν
1453 3330 1787 3404 περιέχεται,
1847 3326 1952 3401 ὅτι,

298 3417 635 3492 γηράσαντος
692 3420 791 3472 τοῦ
851 3412 1039 3489 Δαὸὶδ,
1099 3417 1306 3493 ἐπαίρει
1360 3417 1544 3472 ἑαυτὸν
1611 3415 1876 3478 Ἀδωνίας
1926 3418 1954 3471 6

296 3503 410 3568 υίὸς
441 3505 630 3575 αὐτοῦ,
682 3506 772 3560 καὶ
824 3507 1000 3582 χωρὶς
1047 3511 1145 3561 τοῦ
1196 3507 1403 3581 πατρὸς
1451 3506 1762 3583 ἀναγορεύει
1829 3506 1953 3560 ἑαυ-

292 3596 382 3650 τὸν
437 3594 683 3670 βασιλέα.
745 3595 841 3649 Καὶ
897 3600 1058 3650 τοὸτο
1097 3597 1282 3668 μαθὼν
1319 3597 1346 3650 6
1379 3591 1567 3661 Δαϐὶδ,
1627 3593 1953 3650 ἀποστέλλει

294 3684 466 3738 Ναθὰν
498 3684 589 3737 τὸν
618 3686 932 3761 προφήτην,
981 3685 1070 3738 καὶ
1132 3681 1326 3738 Σαδὼκ
1354 3685 1444 3738 τὸν
1479 3683 1644 3760 ἱερέα,
1700 3684 1789 3738 καὶ
1846 3685 1947 3738 Βα-

293 3773 412 3827 νέαν
469 3772 585 3826 υἱὸν
615 3769 818 3842 Ἰωδαέ,
847 3773 936 3826 καὶ
985 3771 1290 3828 ἐντέλλεται
1342 3772 1545 3841 αὐτοῖς,
1594 3773 1684 3827 καὶ
1733 3772 1954 3848 χρίουσι

295 3861 389 3916 τὸν
444 3859 758 3933 Σαλομῶνα
809 3861 883 3922 εἷς
939 3860 1164 3936 βασιλέα
1214 3859 1291 3916 ἔτι
1343 3866 1542 3930 ζῶντος
1618 3866 1715 3916 τοῦ
1764 3856 1949 3915 Δαϐὶδ.

295 3950 356 4006 Ὁ
389 3951 483 4022 μὶν
534 3949 627 4004 οὖν
677 3947 936 4012 Ἀδωνίας
987 3949 1141 4014 εὐθὺς
1188 3949 1529 4006 κατολύεται·
1570 3951 1598 4005 6
1657 3948 1716 4005 δὲ
1775 3949 1950 4005 Σαλο-

301 4040 440 4112 μὼν,
500 4034 900 4111 διαδεξάμενος,
953 4037 1238 4111 οἰκοδομεῖ
1293 4039 1382 4093 τὸν
1435 4039 1580 4094 οἶκον
1626 4043 1724 4094 τοῦ
1748 4037 1951 4113 Κυρίου

294 4127 382 4182 καὶ
439 4151 502 4182 τι)
549 4132 736 4202 τεῖχος
799 4126 1164 4202 Ἰερουσαλήμ
1195 4129 1246 4182 έν
1279 4129 1413 4182 ἔπτὰ
1469 4125 1660 4184 ἐτεσιν.
1694 4130 1859 4181 Ἦσαν
1895 4125 1952 4182 δὲ

295 4216 442 4288 αὐτῷ
481 4215 587 4270 ἀπὸ
615 4220 723 4270 τῶν
756 4215 1118 4289 προσηλύτων
1150 4215 1393 4292 αἴροντες
1450 4217 1542 4288 μὲν
1595 4213 1746 4292 ἄρσιν
1794 4210 1948 4271 ἑϐδο-

297 4307 543 4378 μήκοντα
573 4302 843 4380 χιλιάδες·
882 4305 1117 4377 λατόμοι
1151 4303 1208 4360 δὲ
1237 4305 1401 4361 πάλιν
1461 4305 1567 4360 ἀπὸ
1595 4309 1704 4359 τῶν
1736 4321 1951 4381 προση-

292 4392 470 4450 λύτων
509 4392 766 4468 μυριάδες
801 4395 965 4478 ρκτώ.
1001 4397 1447 4456 Ἐπιστατοῦντας
1490 4391 1548 4448 δὲ
1592 4400 1709 4456 τοῖς
1769 4393 1950 4470 ἔργοις

289 4483 406 4559 εἶχε
432 4483 780 4560 τρισχιλίους
813 4486 925 4556 (10)
962 4484 1152 4538 εἴκοσι.
1187 4484 1290 4540 Καὶ
1346 4484 1418 4545 εἰς
1450 4484 1545 4556 μὶν
1591 4485 1689 4551 τὴν
1738 4485 1946 4562 τροφὴν

289 4573 466 4628 αὐτῶν
517 4571 606 4628 καί
663 4574 730 4628 τὰ
784 4570 972 4627 δέοντα
1025 4569 1233 4626 δώδεκα
1289 4575 1421 4642 ἦσαν
1475 4574 1525 4627 οὶ
1575 4577 1948 4648 χορηγοῦντες
1984 4612 2030 4676 D

289 4657 312 4676 ρ.
632 4662 645 4676 .
798 4665 839 4676 ..
883 4662 896 4676 ι
959 4663 982 4676 ν
1113 4662 1126 4676 .
1256 4663 1298 4676 Α.
1343 4664 1355 4676 .
1436 4661 1445 4676 ,
1624 4661 1635 4676 ,
1689 4666 1712 4676 -
1855 4666 1880 4676 -

288 4657 514 4717 ἕκαστον
578 4662 739 4735 μὴνα.
798 4662 899 4718 Καὶ
954 4663 1015 4730 ἦν
1074 4662 1136 4716 τὸ
1182 4663 1298 4716 καθ’
1332 4661 1543 4736 ἡμέραν
1579 4661 1755 4716 αὐτῶν
1789 4666 1950 4716 τοῦτο

295 4751 340 4808 λ’
377 4749 535 4826 κόροι
592 4747 958 4822 σεμιδάλεως,
1151 4750 1306 4826 κόροι
1337 4749 1571 4824 ἀλεύρου
1621 4771 1950 4805 κεκουπανι-

295 4839 517 4913 σμένον,
581 4839 784 4915 μόσχοι
842 4839 1087 4895 ἐκλεκτοὶ
1141 4837 1286 4907 δέκα,
1340 4838 1462 4915 βόες
1503 4836 1561 4894 δὲ
1589 4837 1823 4912 νομάδες
1877 4837 1951 4894 εἴ·

295 4949 438 4987 κοσι.
496 4923 744 5002 πρόϐατα
802 4932 867 5004 ρ’,
927 4930 1079 4991 ἐκτὸς
1127 4928 1341 5007 ἐλάφων
1373 4929 1462 4982 καὶ
1495 4925 1798 5001 δορκάδων,
1861 4927 1951 4982 καὶ

297 5017 524 5092 ὀρνίθων
581 5017 850 5073 ἐκλεκτῶν
899 5023 1178 5074 σιτευτῶν.
1214 5016 1444 5093 Ἀγέλην
1479 5015 1537 5071 δέ
1569 5018 1687 5092 εἶχε
1717 5015 1952 5086 θηλειῶν

299 5109 391 5179 μὶν
445 5104 632 5161 ἵππων
683 5104 926 5161 τοκάδων
981 5105 1247 5182 μυριάδας
1305 5109 1591 5180 τέσσαρας,
1649 5105 1831 5160 ἳππων
1894 5102 1954 5161 δὲ

293 5196 369 5258 εἰς
400 5193 616 5268 ἅρματα
640 5192 899 5270 χιλιάδας
935 5197 1026 5271 ιβ’.
1082 5194 1324 5250 Πλοῦτον
1376 5192 1435 5249 δὲ
1494 5195 1610 5270 εἶχε
1664 5192 1860 5250 πολύν·
1897 5195 1948 5249 δν

293 5286 394 5359 γὰρ
453 5289 533 5356 τῷ
594 5284 666 5338 ivi
713 5285 941 5356 ἐνιαυτῷ
994 5289 1091 5338 τοῦ
1147 5285 1502 5357 κομισθέντος
1540 5283 1688 5356 αὐτῷ
1721 5283 1952 5359 χρυσίου

293 5374 360 5442 ἦν
395 5373 424 5426 ὀ
457 5374 720 5445 σταθμὸς,
751 5372 987 5428 τάλαντα
1019 5375 1160 5447 χξς“,
1221 5372 1399 5447 χωρίς
1447 5374 1556 5427 τῶν
1613 5371 1793 5450 φόρων
1841 5376 1950 5426 τῶν

298 5462 763 5537 ὑποτεταγμένων.
815 5461 910 5516 Καί
970 5464 1004 5530 ἡ
1069 5461 1355 5537 βασίλισσα
1403 5459 1460 5515 δέ
1515 5457 1665 5515 Σαϐὰ
1721 5459 1954 5515 ἐλθοῦσα

297 5551 432 5628 πρὸς
464 5549 648 5619 αὐτόν,
702 5547 932 5605 δέδωκεν
983 5551 1132 5622 αὐτῳ
1161 5550 1391 5627 χρυσίου
1417 5549 1656 5605 τάλαντα
1705 5556 1803 5625 ρκ’,
1862 5548 1952 5602 καὶ

369 5694 416 5731 ⁸⁸
445 5691 492 5750 ΙΙ
524 5693 664 5762 Reg.
698 5708 860 5762 xxm,
896 5691 982 5747 17.

373 5765 482 5835 (10)
513 5764 575 5820 Ο’
605 5761 938 5832 ῖξακοσίους.

2308 3234 2466 3293 Liber
2492 3235 2550 3300 X,
2587 3236 2893 3304 Regnorum
2922 3237 3116 3290 tertius
3143 3251 3207 3289 ac
3235 3240 3482 3306 quartus.

2140 3328 2226 3383 i5.
2263 3325 2325 3382 In
2354 3325 2525 3382 tertio
2570 3323 2904 3396 Regnorum
2955 3323 3330 3379 continentur
3374 3326 3488 3380 ista
3521 3341 3534 3380 :
3568 3324 3723 3381 Ado-

2065 3415 2216 3485 nias,
2236 3414 2398 3471 senio
2423 3417 2548 3485 jam
2582 3417 2818 3486 gravato
2849 3411 3068 3468 Davide
3112 3416 3294 3484 patre,
3328 3413 3588 3484 seipsum
3623 3429 3721 3468 ex-

2065 3505 2238 3576 tollit,
2269 3509 2328 3559 et
2357 3504 2480 3558 sine
2513 3502 2694 3574 patris
2735 3501 3094 3557 conscientia
3123 3517 3318 3574 regem
3353 3519 3414 3557 se
3441 3500 3722 3558 declarat.

2064 3596 2185 3659 Quo
2234 3592 2469 3666 cognito
2517 3592 2723 3660 David,
2777 3591 2962 3645 mittit
3005 3590 3236 3645 Natban
3292 3590 3635 3662 prophetam
3666 3597 3726 3648 et

2065 3683 2290 3740 Sadoch
2325 3682 2710 3748 sacerdotem,
2743 3697 2810 3734 ac
2840 3679 3094 3734 Baneam
3146 3680 3304 3734 filius
3333 3679 3493 3736 Jodaa
3527 3696 3542 3734 :
3572 3697 3722 3751 prae-

2063 3774 2324 3846 oipitque
2353 3773 2463 3836 eis,
2497 3775 2561 3824 ut
2589 3769 2956 3825 Salomonem
2995 3773 3222 3841 ungunt
3252 3769 3308 3824 in
3342 3773 3725 3841 regem,quod

2063 3869 2120 3918 et
2169 3862 2413 3926 faciunt,
2449 3859 2641 3915 adhuc
2687 3859 2916 3913 vivente
2970 3858 3205 3912 Davide.
3239 3857 3476 3912 Adonis
3525 3859 3726 3929 itaque

2063 3967 2156 4006 res
2186 3949 2509 4006 'confestim
2563 3947 3044 4019 pessumdantur.
3075 3946 3346 4002 Salomon
3400 3963 3554 4014 vero,
3587 3963 3724 4002 cum

2063 4038 2448 4095 successisset
2471 4037 2642 4108 patri,
2659 4035 2964 4107 septennio
2988 4036 3228 4089 domum
3262 4035 3581 4104 Uomini,et
3598 4052 3728 4090 mu-

2063 4146 2159 4184 ros
2188 4125 2515 4184 Jerusalem
2562 4124 2889 4179 aediﬁcavit.
2917 4124 3092 4178 Erant
3133 4129 3332 4180 autem
3365 4123 3450 4178 illi
3486 4129 3725 4196 septua-

2061 4218 2224 4290 ginta
2255 4214 2440 4270 millia
2469 4211 2923 4285 proselytorum,
2957 4214 3056 4283 qui
3091 4228 3271 4268 onera
3303 4214 3635 4284 portabant,
3667 4219 3728 4270 et

2061 4305 2361 4376 octoginta
2413 4302 2596 4357 millia
2653 4300 3025 4369 latomorum,
3080 4303 3218 4354 item
3275 4301 3722 4374 proselytorum.

2062 4395 2168 4458 Qui
2209 4399 2404 4449 autem
2461 4391 2738 4462 operibus
2788 4395 3091 4460 praeerant,
3126 4407 3370 4445 numero
3423 4395 3589 4446 erant
3636 4396 3728 4447 ter

2064 4485 2224 4539 mille
2245 4481 2471 4555 viginti.
2493 4478 2842 4535 Alimoniam
2869 4495 3003 4533 vero
3034 4478 3268 4533 illorum
3289 4478 3543 4551 singulis
3566 4495 3729 4536 men-

2061 4574 2228 4630 sibus
2260 4571 2567 4627 duodecim
2600 4567 2707 4622 viri
2744 4567 3264 4622 administrabant.
3301 4569 3725 4639 Impendeban-

2063 4667 2160 4718 tur
2189 4665 2387 4716 autem
2421 4658 2676 4730 singulis
2698 4657 2908 4712 diebus
2930 4656 3046 4712 cori
3071 4655 3428 4725 similaginis
3460 4657 3725 4729 triginta,

2063 4750 2262 4805 farinae
2295 4753 2552 4805 contusae
2583 4746 2704 4801 cori
2735 4746 3062 4818 sexaginta,
3091 4745 3255 4800 vituli
3281 4744 3476 4801 selecti
3500 4746 3724 4819 decem,

2062 4839 2237 4893 boves
2282 4837 2483 4910 pascui
2518 4834 2751 4908 viginti,
2781 4851 2916 4890 oves
2959 4839 3220 4902 centum,
3254 4835 3510 4906 exceptis
3540 4837 3724 4893 cervis

2061 4933 2120 4982 et
2150 4927 2398 4998 capreis,
2431 4931 2607 4996 atque
2653 4923 2920 4979 altilibus
2951 4923 3263 4995 saginatis.
3295 4923 3539 4994 Gregem
3589 4941 3724 4982 vero

2063 5016 2273 5070 habuit
2319 5031 2628 5086 equarum.
2661 5030 2810 5085 quas
2861 5014 3063 5068 fetura
3094 5013 3282 5084 gratia
3330 5013 3545 5082 alebat,
3579 5030 3723 5084 qua-

2063 5105 2336 5176 draginta
2359 5102 2564 5166 millia.
2583 5119 2866 5172 equorum
2894 5119 3026 5156 vero
3057 5101 3381 5156 currulium
3407 5102 3721 5157 duodecim

2065 5193 2270 5249 millia.
2305 5192 2524 5246 Divitiis
2574 5190 2734 5246 illius
2789 5196 2957 5246 erant
3007 5191 3222 5244 multa.
3254 5188 3514 5258 Singulis
3563 5190 3720 5247 enim

2062 5283 2236 5337 ennis
2280 5281 2676 5335 efferebantur
2706 5279 2785 5333 illi
2821 5281 2947 5333 auri
2997 5277 3212 5332 talenta
3245 5283 3521 5331 sexcenta
3553 5294 3724 5334 sexa-

2063 5371 2226 5442 ginta
2253 5386 2372 5436 sex,
2397 5369 2618 5438 absque
2644 5366 2902 5434 tributis,
2931 5382 3057 5437 qua
3089 5363 3498 5435 pendebantur
3525 5382 3559 5419 a
3589 5367 3724 5421 sub-

2062 5461 2222 5514 ditis.
2245 5459 2354 5513 Sed
2388 5462 2444 5511 et
2476 5458 2677 5528 regina
2724 5455 2894 5516 Saba,
2920 5469 3051 5508 cum
3086 5453 3154 5507 ad
3191 5450 3384 5518 ipsum
3441 5455 3720 5520 venisset,

2062 5547 2224 5604 dedit
2254 5546 2307 5602 ei
2339 5545 2466 5599 auri
2519 5543 2737 5598 talenta
2768 5547 2998 5596 centum
3049 5535 3279 5610 viginti,
3312 5533 3540 5604 lapides
3595 5555 3725 5609 με-
