4154 6400
422 405 542 465 319

1622 409 1690 468 S.
1732 402 2249 467 ATHANASIUS.
2286 434 2363 447 —
2399 403 2662 464 DUBIA.

3732 409 3853 471 320

425 533 631 605 tiosos,
653 539 710 590 et
739 539 1004 592 aromata
1032 535 1283 594 inﬁnita.
1309 538 1448 594 Post
1476 541 1727 594 mortem
1753 535 2081 592 Salomonis

2201 530 2349 596 λίθον
2379 532 2589 606 τίμιον,
2619 531 3016 607 καὶ-ἡδύσματα
3059 534 3331 608 ἀμύθητα.
3381 536 3529 591 Μετά
3585 534 3643 592 δὲ
3683 539 3843 593 θάνα-

430 622 492 678 in
523 640 771 696 regnum
802 626 1065 681 succedit
1102 628 1357 682 Roboam
1411 628 1568 682 ﬁlius
1620 627 1749 696 ejus
1778 642 1790 680 :
1825 625 1937 680 sub
1967 641 2081 696 quo

429 712 684 769 scissum
740 717 828 769 est
878 716 1251 787 regnum,ita
1302 721 1367 771 ut
1413 718 1612 772 decem
1645 716 1835 770 tribus
1881 722 2082 769 Sama-

431 801 581 857 riam
612 802 1026 873 abscesserint,
1060 806 1187 859 duae
1226 823 1358 861 vero
1400 806 1635 878 reliquae
1666 804 1724 858 in
1754 803 2082 859 Jerusalem

430 890 788 956 manserint;
821 891 974 947 Juda
1016 894 1285 949 videlicet
1334 899 1391 950 et
1439 891 2083 963 Bcniamin,Gomplec-

427 979 576 1033 titur
608 979 805 1051 itaque
849 982 1057 1035 tertius
1107 982 1199 1036 hic
1249 982 1396 1039 liber
1427 1000 1518 1037 res
1549 986 1744 1053 gestas
1793 987 1850 1036 et
1898 996 2085 1035 annos

431 1082 637 1137 regum
688 1068 985 1123 istorum:
1029 1070 1383 1136 Salomonis,
1435 1070 1533 1142 qui
1585 1070 1761 1125 simul
1817 1070 2083 1124 omnium

430 1151 694 1210 tribuum
756 1172 854 1210 rex
912 1162 1052 1212 erat.
1088 1158 1345 1230 Postqua
1392 1180 1401 1210 ι
1465 1164 1658 1213 autem
1710 1159 1965 1212 divisum
1998 1162 2087 1212 est

435 1259 707 1315 regnum,
741 1251 803 1299 ut
847 1245 1128 1312 diximus,
1159 1247 1218 1301 in
1266 1249 1469 1303 Judasa
1518 1249 1769 1302 duarum
1820 1248 2082 1301 tribuum

435 1332 833 1404 principatum
886 1340 1197 1405 gesserunt
1238 1337 1518 1403 Roboam,
1551 1337 1716 1401 Abia,
1749 1340 1863 1390 Asa
1892 1342 1949 1390 et
1988 1335 2085 1390 Jo-

434 1421 648 1493 saphat
680 1439 692 1476 :
728 1422 925 1477 decem
959 1441 1091 1479 vero
1126 1425 1486 1496 reliquarum
1519 1425 1575 1479 in
1608 1425 1889 1491 Samaria,
1918 1424 2087 1479 Jero-

434 1508 631 1572 boatu.
692 1512 846 1565 no
912 1512 1174 1584 Nabath,
1238 1515 1437 1583 Bassa,
1500 1514 1687 1577 Elan,-
1729 1514 1974 1568 Zambre
2030 1516 2089 1567 et

436 1598 694 1653 Achaab.
729 1600 968 1654 Tractat
1014 1608 1073 1656 et
1119 1602 1191 1657 de
1240 1603 1557 1674 prophetis,
1592 1603 1859 1657 videlicet
1898 1590 2037 1656 istis
2072 1618 2085 1655 :

439 1687 511 1742 de
541 1686 793 1755 Nathan,
826 1690 944 1743 Gad
994 1694 1052 1745 et
1092 1691 1274 1746 Achia
1320 1692 1600 1759 Selonita,
1634 1708 1856 1746 necnon
1907 1691 1978 1745 de
2023 1706 2088 1745 eo

439 1775 541 1847 qui
582 1783 785 1832 contra
841 1777 1022 1835 altare
1077 1781 1352 1835 Samaritae
1409 1781 1710 1847 clamavit;
1759 1782 1830 1835 de
1881 1780 2006 1834 Elia
2034 1784 2092 1834 et

438 1862 651 1930 Eliseo,
675 1870 733 1920 et
761 1882 849 1937 eo,
882 1868 980 1938 qui
1009 1869 1176 1941 (regi)
1208 1870 1442 1933 Achaab
1474 1870 1840 1942 prOphetavit
1868 1870 1938 1924 de
1972 1867 2089 1922 ﬁlio

388 1950 393 1955 ’
438 1952 610 2023 Ader,
637 1959 695 2009 et
726 1953 886 2010 illius
918 1973 1280 2026 percussore,
1304 1959 1402 2030 qui
1434 1964 1492 2014 et
1521 1958 1752 2013 Achaab
1786 1958 2093 2028 reprehen-

442 2040 561 2109 dit;
595 2042 752 2114 quod
797 2044 896 2097 ﬁlii
946 2046 1361 2117 prophetarum
1408 2063 1674 2103 seorsum
1706 2045 1881 2101 vitam
1912 2047 2086 2102 duce-

440 2134 590 2184 rent.
625 2129 886 2186 Habetur
932 2133 1107 2189 etiam
1156 2134 1265 2189 hoc
1296 2134 1465 2205 libro,
1494 2137 1787 2201 quomodo
1838 2134 2087 2207 prophe-

439 2219 651 2273 taverit
699 2219 877 2287 Elias,
921 2226 980 2276 et
1026 2238 1142 2277 non
1192 2223 1407 2293 pluerit
1460 2240 1562 2295 per
1619 2229 1736 2278 tres
1792 2240 1999 2288 annos,
2031 2228 2091 2278 et

437 2305 593 2362 corvi
621 2313 858 2380 propter
889 2309 1124 2365 verbum
1165 2311 1390 2366 Domini
1424 2328 1597 2367 mane
1627 2327 1827 2383 panes,
1861 2312 2088 2384 vesperi

438 2411 645 2451 carnes
694 2397 808 2468 ipsi
855 2398 1190 2454 detulerint.
1224 2400 1425 2456 Effecit
1465 2404 1642 2456 etiam
1682 2400 1754 2463 ,in
1803 2400 2089 2472 Serephta

436 2483 687 2540 Sidonias
717 2502 820 2556 per
859 2488 1101 2543 verbum
1148 2488 1399 2560 Domini,
1433 2495 1498 2545 ut
1528 2489 1734 2561 hydria
1776 2489 1973 2545 farinae
2004 2489 2086 2544 vi-

435 2570 564 2627 duae
596 2589 712 2629 non
755 2575 1049 2645 defecerit,
1080 2582 1141 2632 et
1168 2577 1382 2633 oleario
1424 2578 1659 2634 vasculo
1707 2578 1852 2633 nihil
1883 2580 2086 2634 deces-

439 2661 598 2716 serit.
641 2661 921 2719 Praaterea
972 2675 1024 2720 el
1082 2665 1269 2721 tilium
1326 2669 1454 2737 ejus
1508 2672 1808 2723 mortuum
1866 2668 2087 2724 orando

436 2749 567 2804 vitae
616 2751 892 2820 restituit,
935 2759 992 2809 et
1042 2754 1355 2827 prOphelas
1402 2755 1537 2811 Baal
1597 2757 1780 2813 occidi
1839 2757 2085 2827 curavit,

438 2854 688 2909 quorum
732 2857 1013 2897 numerus
1057 2848 1181 2899 erat
1210 2846 1609 2917 quadringinti
1639 2846 2086 2918 quinquaginta.

435 2922 752 2983 Jordanem
787 2946 1019 3001 quoque
1049 2930 1257 2987 melote
1289 2934 1597 3005 percussit,
1625 2935 1899 3007 undaque
1934 2934 2089 2991 illius

436 3016 715 3088 utrinque
762 3018 970 3087 divisa,
1028 3021 1206 3091 pedes
1254 3021 1495 3077 ﬂuvium
1545 3023 1831 3079 transivit.
1862 3025 2087 3079 Termi-

436 3110 614 3160 natur
656 3111 853 3162 autem
906 3110 1114 3165 tertius
1162 3110 1255 3166 hic
1306 3111 1452 3168 liber
1500 3119 1688 3168 morte
1735 3112 1966 3168 Achaab
2000 3130 2088 3168 re-

436 3193 527 3266 gis
578 3194 772 3262 Israel,
824 3201 881 3251 et
929 3205 1114 3254 morte
1169 3200 1455 3271 Josaphat
1513 3202 1665 3274 regis
1717 3201 1891 3270 Juda,
1935 3202 2087 3256 desi-

2190 640 2283 675 τον
2336 619 2696 695 Σαλομῶνος,
2760 620 3028 694 διεδέξατο
3082 625 3109 677 ὁ
3140 624 3255 685 υἱὸς
3286 623 3450 679 αὐτοῦ
3481 620 3723 700 Ῥοϐοαμ
3746 628 3847 696 τὴν

2197 706 2497 784 βασιλείαν
2529 712 2616 764 xui
2651 710 2732 766 ἐπ’
2758 712 2924 767 αὐτοῦ
2953 711 3179 788 ἐσχίσθη
3202 716 3237 783 ἡ
3270 713 3441 790 ἀρχή
3475 715 3563 769 καὶ
3597 712 3723 771 δέκα
3749 717 3844 790 μὲν

2194 798 2356 875 φυκαὶ
2388 798 2633 868 ἀπῆλθον
2668 801 2742 863 εἰς
2776 802 3105 877 Σαμάρειαν·
3141 799 3236 856 δύο
3267 799 3324 857 δὶ
3370 800 3582 874 ἔμειναν
3635 803 3688 860 ἐν
3743 806 3845 862 Ἰε-

2196 889 2488 964 ρουσαλὴμ
2533 891 2567 958 ἡ
2621 886 2800 945 Ἰούδα
2850 891 2940 945 καὶ
2988 893 3023 961 ἦ
3076 891 3350 965 Βενιαμίν.
3412 892 3558 946 Εἰσὶν
3629 891 3721 948 οὖν
3778 895 3844 949 τὰ

2195 975 2635 1052 ἐμπεριεχόμενα
2685 977 2865 1050 τούτῳ
2912 983 2992 1036 τῶ
3046 979 3217 1054 τρίτῳ
3270 975 3473 1055 βιϐλίῳ
3503 982 3723 1056 πράξεις
3752 983 3843 1037 καὶ

2194 1063 2287 1137 ἔτη
2353 1064 2619 1142 βασιλέῶν
2676 1067 2902 1123 τούτων·
2966 1060 3301 1141 Σαλομῶνος
3380 1068 3650 1145 βασιλέως
3710 1071 3843 1126 πάν-

2195 1174 2302 1208 των
2355 1154 2517 1225 ὁμοῦ.
2569 1155 2716 1209 Μετὰ
2765 1152 2821 1209 δὲ
2848 1157 2947 1224 τήν
2982 1153 3236 1230 διαίρεσιν
3267 1163 3369 1225 τῆς
3404 1156 3706 1232 βασιλείας,
3773 1159 3847 1220 ὡς

2198 1242 2431 1316 εἶ’ρητκι,
2462 1246 2569 1297 τῶν
2633 1244 2729 1315 μὶν
2774 1244 2826 1298 ὲν
2877 1242 3113 1316 Ἰουδαίᾳ
3167 1244 3435 1322 βασιλέων
3485 1250 3592 1301 τῶν
3627 1244 3722 1301 δύο
3748 1269 3846 1325 φυ-

2197 1328 2327 1402 λῶν,
2385 1326 2646 1404 Ῥοϐοάμ,
2699 1328 2907 1401 ’Δϐιοῦ,
2955 1335 3108 1404 Ἀσᾶ,
3166 1334 3255 1388 καὶ
3307 1333 3592 1410 Ἰωσαφάθ·
3651 1341 3757 1390 τῶν
3792 1333 3849 1390 δὲ

2198 1419 2249 1473 έν
2313 1421 2589 1492 Σαμαρείᾳ
2648 1419 2915 1496 βασιλέων
2972 1426 3077 1476 τῶν
3139 1421 3266 1477 δέκα
3295 1421 3503 1501 φυλῶν.
3539 1424 3846 1497 Ἰεροοοάμ,

2198 1502 2409 1573 Ναϐὰθ,
2477 1516 2671 1579 Βαασᾶ,
2746 1510 2937 1581 Ἠλάν,
2999 1506 3250 1587 Ζαμϐρῆ,
3307 1511 3397 1567 καὶ
3453 1507 3685 1587 Ἀχαάϐ.
3748 1512 3846 1567 Καὶ

2198 1596 2321 1666 περὶ
2381 1603 2676 1675 φροφητῶν
2725 1595 2783 1653 δὲ
2831 1594 3192 1672 διαλαμϐάνει
3238 1600 3468 1656 τούτων.
3522 1602 3723 1670 Ναθάν,
3757 1601 3846 1656 καὶ

2200 1683 2328 1759 Γὰδ,
2378 1687 2469 1740 καὶ
2520 1688 2682 1762 Ἀχιᾶ
2723 1687 2820 1742 τοῦ
2873 1687 3212 1758 Σηλωνίτου,
3258 1688 3348 1742 καὶ
3396 1692 3495 1743 τοῦ
3526 1686 3847 1745 ἐπικαλεσα-

2203 1773 2367 1848 μένου
2400 1773 2487 1829 ἐπὶ
2516 1775 2579 1830 τὸ
2611 1778 2990 1850 θυσιαστήριον
3042 1784 3142 1846 τῆς
3195 1776 3523 1853 Σαμαρείας·
3576 1778 3667 1831 καὶ
3727 1779 3850 1854 περί

2203 1862 2391 1919 Ἠλίου
2439 1863 2528 1918 καὶ
2578 1862 2908 1933 Ἐλισσαίου,
2957 1864 3046 1919 καὶ
3093 1870 3191 1920 τοῦ
3237 1865 3713 1943 προφητεύσαντος
3768 1870 3848 1938 τῷ

2199 1952 2214 1972 9
2349 1952 2363 1971 \
2543 1952 2559 1973 λ
2666 1957 2691 1968 θ’
2817 1958 2843 1969 ’⁸
2878 1954 2890 1974 ³
3164 1954 3177 1971 \
3302 1958 3329 1968 ~
3500 1953 3510 1971 '
3798 1954 3812 1974 ν

2218 1946 2406 2027 Αχααϐ
2436 1972 2560 2023 περι
2597 1973 2695 2008 του
2726 1954 2847 2008 υἱου
2892 1950 3059 2029 Αδὲρ,
3090 1975 3179 2008 και
3236 1974 3333 2009 του
3376 1957 3705 2027 παταξαντος
3754 1976 3851 2009 αυ-

2195 2038 2312 2111 τὸν,
2369 2044 2457 2095 καί
2502 2039 2817 2116 ἐλέγξαντος
2865 2043 2956 2098 τὸν
3007 2038 3234 2118 Ἀχαάϐο
3285 2042 3374 2097 καὶ
3425 2043 3509 2098 δτι
3558 2043 3695 2112 ἦσαν
3740 2042 3847 2098 uioi

2196 2134 2302 2187 τῶν
2353 2131 2650 2208 προφητῶν
2703 2132 2821 2195 καθ’
2863 2131 3084 2193 ἑαυτοὺς
3119 2132 3547 2209 ἀναχωροῦντες.
3606 2133 3759 2188 Ἐστι
3792 2130 3850 2188 δὲ

2198 2216 2250 2273 ἐν
2278 2218 2462 2292 τούτῳ
2507 2224 2586 2292 τῷ
2637 2215 2864 2295 βιϐλίῳ,
2914 2225 3033 2283 πῶς
3081 2219 3269 2282 Ἠλίας
3310 2223 3701 2298 προεφήτευσε,
3759 2220 3847 2276 xui

2197 2307 2297 2362 οὐκ
2342 2303 2549 2381 ἔϐρεξεν
2600 2308 2687 2364 ἐπὶ
2744 2304 2836 2379 ἔτη
2885 2309 3030 2384 τρία,
3081 2310 3169 2364 καὶ
3201 2308 3284 2364 ὅτι
3317 2311 3370 2364 oi
3398 2309 3623 2385 κόρακες
3657 2307 3847 2388 ἔφερον

2197 2396 2343 2470 αὐτῷ
2385 2395 2474 2452 διὰ
2504 2397 2722 2473 ῥήματα
2756 2397 2955 2473 Κυρίου
2984 2396 3196 2474 πρωίας
3259 2398 3353 2470 μὲν
3414 2396 3632 2475 ἄρτους,
3662 2396 3850 2469 δείλης

2197 2483 2257 2541 δὲ
2283 2486 2433 2561 κρέα.
2480 2486 2575 2543 Ἔν
2619 2507 2678 2541 τε
2723 2490 2791 2560 τῇ
2846 2487 3095 2562 Σαρεφθὰ
3142 2493 3240 2556 τῆς
3275 2483 3543 2549 Σιδωνίας
3580 2486 3849 2554 πεποίηκε

2197 2571 2287 2629 διὰ
2319 2574 2538 2651 ῥήματα
2568 2574 2767 2650 Κυρίου
2799 2575 2875 2648 μὴ
2908 2574 3153 2659 ἐκλεῖψάι
3185 2582 3282 2644 τῆς
3324 2577 3505 2650 χήρας
3536 2576 3631 2644 τὴν
3663 2572 3845 2651 ὑδρίαν

2193 2668 2292 2718 τοῦ
2320 2663 2574 2734 ἀλεύρου,
2619 2664 2709 2717 xui
2746 2664 2837 2719 τὸν
2879 2663 3172 2738 καμψάκην
3216 2668 3314 2718 τοῦ
3347 2662 3535 2719 ἐλαίου
3569 2665 3645 2737 μή
3691 2662 3846 2720 ἐλατ-

2194 2760 2485 2822 τονηθῆναι
2557 2753 2657 2810 Καὶ
2706 2754 2797 2807 τὸν
2845 2753 2939 2825 μὲν
2986 2754 3100 2807 υἱὸν
3134 2752 3301 2820 αὐτῆς
3335 2753 3670 2807 ἀποθανόντα
3701 2753 3851 2826 ἤγει-

2199 2865 2284 2920 ρεν
2335 2844 2638 2918 εὐξάμενος·
2695 2844 2822 2905 τοὺς
2873 2841 2930 2898 δὲ
2970 2846 3256 2920 προφήτας
3285 2848 3384 2896 τοῦ
3418 2841 3566 2897 Βάαλ
3597 2841 3849 2911 ἐποίησεν

2200 2935 2566 3009 ἀναιρεθῆναι,
2622 2932 2778 2993 ὄντας
2810 2933 2899 2986 τὸν
2934 2932 3162 3006 ἀριθμὸν
3197 2931 3291 2985 υν“.
3355 2930 3451 2984 Καὶ
3506 2933 3574 3003 τῇ
3612 2928 3850 3003 μηλωτῇ

2198 3019 2256 3077 δὲ
2287 3021 2508 3093 ἐπάταξε
2563 3021 2652 3073 τὸν
2701 3016 2998 3091 Ἰορδάνην,
3050 3019 3139 3071 καὶ
3192 3015 3409 3093 διῃρέθη
3460 3016 3583 3083 ἔνθα
3612 3019 3702 3072 καὶ
3733 3014 3855 3082 ἔνθα

2194 3112 2257 3164 τὸ
2308 3108 2475 3182 ὔδωρ,
2508 3108 2595 3165 καὶ
2631 3102 2785 3176 διέϐη
2817 3112 2895 3179 τῷ
2928 3104 3055 3161 ποδὶ
3086 3107 3186 3162 τὸν
3221 3106 3492 3181 παταμόν.
3526 3110 3697 3183 Λήγει
3730 3104 3788 3161 δὲ
3817 3108 3853 3176 ἡ

2203 3192 2392 3272 βίϐλος
2440 3197 2574 3264 αύτὴ
2636 3196 2709 3258 εἷς
2764 3196 2857 3251 τὸν
2911 3195 3134 3251 Θάνατον
3182 3201 3279 3251 τοῦ
3330 3193 3545 3273 Ἀχαάϐ
3582 3195 3853 3273 βασιλέως

435 3298 585 3337 nens
629 3283 686 3337 in
738 3279 1091 3358 principium
1155 3289 1312 3358 regni
1355 3288 1610 3344 Ochoziae
1668 3289 1770 3344 ﬁlii
1827 3289 2083 3354 Achaab,

2201 3284 2440 3359 Ἰσραὴλ,
2490 3285 2579 3339 καὶ
2640 3285 2715 3347 εἰς
2771 3286 2862 3339 τὸν
2934 3287 3158 3348 θάνατον
3239 3286 3501 3364 Ἰωσαφὰτ
3583 3284 3853 3361 βασιλέως

435 3376 494 3514 3t
524 3370 582 3425 in
617 3372 971 3451 principium
1023 3377 1185 3449 regni
1235 3377 1435 3433 Joram
1473 3378 1574 3432 filii
1605 3378 1890 3449 Josaphat
1937 3379 2089 3449 regis

476 3459 609 3514 uda.

476 3476 609 3515 una.

936 3678 1101 3732 Liber
1134 3680 1219 3743 IV,
1258 3679 1587 3745 Regnorum.

514 3763 600 3817 16.
636 3763 699 3819 In
735 3771 943 3836 quarto
975 3766 1123 3820 libro
1152 3773 1479 3835 enarratur,
1510 3768 1806 3837 quomodo
1835 3768 1951 3822 duo
1984 3772 2092 3822 du-

441 3868 537 3908 ces
565 3853 1056 3926 quinquagenarii
1098 3854 1251 3924 regis
1281 3855 1540 3910 Ochoziaa
1570 3857 1703 3927 igne
1732 3855 1960 3912 coalitus
1993 3873 2094 3928 per

439 3943 682 3997 verbum
715 3942 844 3996 Elis:
882 3942 1178 4014 prophetae
1205 3944 1564 4016 consumpti,
1586 3951 1643 3999 et
1674 3945 1827 4001 Elias
1857 3947 2093 4002 tandem

442 4031 714 4086 sublatus
762 4031 856 4097 sit,
889 4031 1251 4102 spiritusque
1303 4033 1435 4087 Eliaa
1485 4033 1674 4090 Eliseo
1726 4036 2091 4107 requieverit,

438 4118 522 4174 ita
554 4124 620 4173 ut
639 4125 836 4173 essent
856 4120 903 4175 ei
928 4119 1187 4190 duplicia
1211 4122 1267 4176 in
1291 4122 1521 4193 spiritu.
1542 4126 1842 4190 Quomodo
1867 4124 2093 4181 Eliseus

438 4206 829 4262 Sunamitidis
860 4207 1044 4263 tilium
1077 4217 1375 4266 mortuum
1409 4214 1697 4284 precando
1736 4214 2092 4283 excitaverit,

306 4299 311 4304 ’
360 4322 363 4325 λ
441 4299 499 4351 et
517 4293 785 4351 Neeman
809 4297 1017 4369 Syrum
1043 4315 1077 4353 a
1098 4300 1260 4370 lepra
1286 4296 1678 4373 mundaverit,
1701 4305 1935 4358 vascula
1963 4321 2096 4360 uxo-

444 4382 528 4437 ris
559 4382 857 4455 prophetae
907 4387 1123 4442 mortui
1155 4388 1214 4443 in
1248 4392 1417 4445 verbo
1451 4390 1683 4446 Domini
1735 4391 1861 4446 oleo
1910 4391 2095 4462 reple-

441 4471 594 4527 verit
624 4489 639 4527 :
673 4475 812 4529 item
845 4478 996 4546 quod
1041 4493 1219 4548 super
1268 4494 1403 4533 ossa
1432 4478 1619 4549 ipsius
1652 4481 1864 4534 mortui
1897 4483 2096 4549 cujus-

445 4561 583 4616 dam
616 4562 860 4619 accincti
902 4565 1155 4641 hominis
1186 4567 1434 4621 cadaver
1470 4568 1818 4636 conjectum,
1847 4584 1977 4622 mox
2009 4572 2094 4621 at-

2199 3372 2396 3440 Ἰούδα,
2449 3376 2537 3429 καὶ
2597 3375 2672 3436 εἰς
2730 3377 2828 3443 τὴν
2880 3374 3057 3451 ἀρχὴν
3117 3373 3393 3451 βασιλείας
3439 3376 3699 3452 Ὀχοζίου
3732 3375 3852 3430 υἱοῦ

2199 3459 2435 3539 Ἀχαάϐ,
2469 3464 2556 3518 καὶ
2589 3464 2663 3526 εἷς
2694 3464 2792 3532 τὴν
2825 3464 3003 3539 ἀρχὴν
3038 3464 3245 3540 Ἰωρὰμ
3273 3465 3393 3519 υἱοῦ
3443 3465 3707 3542 Ἰωσαφᾶτ
3755 3464 3852 3539 βα·

2201 3550 2395 3613 σιλέως
2427 3550 2621 3609 Ἰούδα.

2704 3668 2902 3733 Βίϐλος
2934 3670 2995 3739 δ’,
3032 3671 3351 3727 Βασιλειῶν.

2276 3767 2358 3820 16.
2386 3769 2469 3816 Ἐν
2507 3760 2562 3817 δὲ
2592 3767 2660 3835 τῇ
2690 3762 2914 3837 τετάρτῃ
2949 3759 3128 3837 βίϐλῳ
3169 3761 3299 3830 ἐστὶ,
3334 3767 3450 3824 πῶς
3483 3763 3534 3816 oi
3583 3761 3678 3817 δύο
3726 3782 3854 3817 πιν-

2198 3852 2572 3928 τηκόνταρχοι
2613 3855 2711 3905 τοῦ
2762 3850 3020 3926 Ὀχοζίου
3070 3851 3199 3926 πυρὶ
3233 3848 3596 3921 ἀνηλώθησαν
3632 3848 3721 3906 διὰ
3753 3850 3855 3927 ῥή-

2206 3962 2346 4015 ματα
2376 3940 2566 3996 Ἠλίου
2596 3944 2693 3995 τοῦ
2723 3942 3036 4017 προφήτου,
3069 3939 3158 3994 καὶ
3192 3938 3274 3993 ὅτι
3314 3937 3596 4018 ἀνελήφθη
3645 3938 3856 4009 Ἠλίας,

2200 4032 2290 4086 καὶ
2348 4029 2750 4085 ὲπανεπαύσατο
2808 4028 2895 4083 ἐπὶ
2954 4026 3228 4084 Ἐλισσαιέ
3282 4029 3345 4084 τὸ
3392 4026 3602 4102 πνεῦμα
3645 4028 3854 4091 Ἠλίου,

2201 4121 2291 4175 καὶ
2347 4119 2560 4196 γέγονεν
2619 4118 2767 4191 αὐτῷ
2825 4115 2997 4174 διπλᾶ
3054 4119 3106 4174 ἐν
3162 4117 3450 4191 πνεύματι·
3502 4117 3592 4172 καὶ
3652 4121 3769 4178 πῶς
3827 4116 3855 4169 ὁ

2206 4207 2521 4271 Ἠλισσαῖος
2576 4208 2669 4263 τὸν
2725 4208 2819 4280 μὲν
2881 4207 2994 4262 υἱὸν
3053 4214 3152 4276 τῆς
3204 4204 3597 4279 Σουναμίτιδος
3652 4205 3856 4260 ἀποθα-

2201 4298 2364 4353 νόντα
2419 4295 2633 4373 ἤγειρεν
2691 4296 2998 4368 εὐξάμενος,
3045 4296 3137 4349 τὸν
3185 4292 3244 4349 δὲ
3284 4295 3524 4366 Νεαιμὰν
3554 4295 3645 4348 τὸν
3682 4294 3855 4369 Σύρον

2205 4386 2513 4458 ἐκαθάρισεν
2573 4385 2679 4439 ἀπὸ
2733 4391 2834 4453 τῆς
2893 4383 3118 4458 λέπρας,
3176 4389 3277 4451 τῆς
3330 4403 3391 4436 τε
3446 4382 3702 4457 γυναικὸς
3760 4387 3858 4435 τοῦ

2204 4475 2491 4550 προφήτου
2520 4472 2856 4548 πεπλήρωκε
2881 4472 2949 4526 τά
2975 4471 3167 4545 ἀγγεῖα
3206 4468 3393 4524 ἐλαίου
3438 4468 3489 4524 ἐν
3551 4468 3704 4543 λόγῳ
3750 4475 3857 4523 Κυ-

2209 4561 2351 4637 ρίου,
2409 4562 2499 4615 καὶ
2560 4560 2647 4616 ἐπὶ
2701 4560 2768 4615 τὰ
2824 4559 2956 4614 ὂστᾶ
3012 4557 3069 4614 δὲ
3120 4558 3285 4613 αὐτοῦ
3332 4558 3467 4631 μετὰ
3495 4557 3719 4622 θάνατον
3779 4557 3861 4634 έρ-

444 4664 559 4720 que
590 4651 881 4721 pmphetae
912 4640 1055 4708 "ossa
1103 4654 1394 4725 tetigerat,
1426 4655 1695 4710 revixerit
1726 4674 1739 4711 :
1773 4656 1925 4727 quod
1961 4671 2089 4709 cum

2209 4651 2337 4729 ρίφη
2397 4651 2585 4723 νεκρὸς
2645 4650 2977 4722 μονόζωνος,
3037 4649 3126 4703 xui
3179 4649 3253 4709 ὡς
3295 4646 3475 4720 ἥψατο
3518 4651 3626 4702 τῶν
3658 4646 3856 4702 ὀστέων

444 4737 654 4793 melote
718 4739 846 4793 Elim
902 4742 1212 4795 Jordanem
1268 4744 1641 4812 percusserit,
1694 4744 2097 4816 diremptaque

445 4826 553 4881 hac
574 4832 752 4898 atque
775 4826 909 4882 illac
934 4831 1111 4897 unda,
1137 4830 1383 4901 pedibus
1405 4838 1463 4886 et
1492 4833 1616 4902 ipse
1642 4833 1884 4887 ﬂuvium
1909 4839 2097 4888 trans-

444 4915 630 4970 iverit.
684 4910 1029 4971 Continetur
1075 4919 1250 4973 etiam
1300 4920 1411 4974 isto
1460 4920 1754 4976 volumine
1801 4923 2095 4993 quomodo

443 5005 815 5087 Senacherim
850 5011 909 5060 et
947 5006 1245 5078 Rapsakes
1290 5014 1418 5079 post
1448 5009 1666 5066 multas
1699 5010 2096 5082 blasphemiae

444 5092 733 5165 proﬂigati
766 5099 927 5159 sunt,
960 5096 1148 5166 deque
1187 5098 1441 5151 exercitu
1483 5099 1747 5169 ipsorum
1785 5117 1899 5154 una
1928 5105 2094 5155 nocte

442 5182 636 5238 occisa
695 5188 835 5237 sunt
891 5189 1126 5239 centum
1181 5186 1479 5257 octoginta
1528 5187 1789 5259 quinque
1835 5189 2090 5243 virorum

442 5269 629 5325 millia
658 5287 672 5326 :
708 5277 765 5325 et
794 5277 1086 5342 quomodo
1115 5273 1307 5329 Josias
1342 5291 1438 5329 rex
1470 5277 1744 5332 universa
1778 5277 2095 5333 simulacra

442 5358 775 5426 sustulerit,
810 5360 974 5417 lucos
1018 5363 1351 5433 succiderit,
1386 5371 1443 5419 et
1490 5363 1728 5430 Pascha,
1764 5368 1915 5421 sicut
1945 5368 2093 5422 scri-

440 5450 609 5517 ptum
649 5454 758 5514 est,
793 5455 900 5505 rite
949 5453 1282 5507 servaverit.
1322 5450 1501 5508 Habet
1548 5452 1643 5509 hic
1693 5454 1838 5510 liber
1869 5457 2091 5527 Regum

446 5549 680 5605 quoque
710 5542 872 5606 gesta
903 5545 958 5593 et
986 5556 1173 5595 annos
1195 5556 1419 5617 eorum,
1444 5541 1544 5612 qui
1572 5543 1627 5596 in
1660 5542 1865 5598 Judiea
1896 5560 2095 5617 regna-

446 5626 604 5687 runt,
653 5622 849 5678 Joram
902 5626 1182 5695 Ochozizs,
1231 5614 1392 5696 Joa's,
1440 5632 1709 5701 Amasiaa,
1744 5632 1912 5694 Osize,
1964 5614 2095 5688 ica-

446 5708 635 5776 tham,
658 5710 867 5783 Achaz,
901 5714 1176 5784 Ezechiae,
1209 5716 1500 5787 Mauasse,
1531 5721 1727 5788 Amos,
1750 5721 1940 5790 Josiae,
1964 5722 2097 5778 Joa-

2012 5811 2025 5853 ἐ

2204 4739 2299 4794 τοῦ
2329 4742 2639 4817 προφήτου,
2676 4739 2918 4808 ἀνέζησε·
2947 4738 3036 4793 xui
3085 4741 3152 4810 τῇ
3208 4735 3443 4810 μηλωτῇ
3495 4735 3684 4794 Ἠλίου
3729 4735 3857 4791 ἐπά-

2203 4827 2325 4899 ταξε
2372 4829 2461 4882 τὸν
2523 4825 2820 4903 Ἰορδάνην,
2878 4827 2968 4881 καὶ
3002 4823 3222 4900 διῃρέθη
3259 4823 3403 4880 ἔνθεν
3453 4824 3544 4879 καὶ
3594 4822 3736 4880 ἔνθεν
3798 4823 3858 4879 τὸ

2207 4916 2374 4992 ῧδωρ,
2405 4918 2495 4972 καὶ
2529 4912 2681 4987 διέϐη
2717 4922 2851 4991 πεζῃ
2880 4916 2970 4971 καὶ
3001 4915 3180 4977 αὐτός.
3214 4917 3365 4970 ’Ἐστι
3399 4912 3456 4969 δὲ
3488 4914 3539 4969 ἐν
3569 4914 3751 4985 τούτῳ
3779 4918 3859 4985 τῷ

2209 5001 2413 5082 βιϐλίῳ
2443 5006 2531 5060 καὶ
2563 5011 2681 5068 πῶς
2713 5006 2741 5059 ὁ
2779 5006 2873 5079 μὲν
2904 5006 3258 5079 Σεναχηρεὶμ
3290 5002 3378 5059 καὶ
3404 5003 3695 5076 Ῥαψάκης,
3722 5000 3859 5056 πολ-

2206 5094 2276 5151 λὰ
2312 5094 2830 5173 βλασφημήσαντες,
2864 5090 3212 5168 ἐδιώχθησαν
3240 5090 3332 5146 καὶ
3365 5087 3618 5166 χιλιάδες
3651 5088 3858 5165 ἀνδρῶν

2205 5184 2380 5238 αὐτῶν
2411 5190 2521 5259 pm’
2551 5183 2603 5238 έν
2642 5187 2739 5254 υ.ιᾷ
2767 5181 2937 5239 νυκτί.
2970 5182 3031 5238 Ὁ
3062 5178 3120 5235 δὲ
3155 5178 3408 5255 βασιλεὺς
3461 5180 3671 5241 Ἰωσιας
3727 5190 3856 5242 καθ-

2203 5270 2321 5327 εῖλε
2364 5273 2540 5327 πάντα
2583 5273 2651 5327 τὰ
2703 5269 2927 5343 εἴδωλα,
2958 5270 3048 5324 καὶ
3077 5269 3145 5324 τὰ
3175 5268 3315 5339 ἄλση
3350 5266 3587 5342 ἐξέκοψε,
3646 5268 3736 5323 καὶ
3767 5288 3859 5322 πε-

2203 5360 2401 5432 ποίηκε
2452 5362 2515 5416 τὸ
2574 5362 2787 5437 Ηάσχα,
2847 5361 2921 5422 ὡς
2952 5358 3251 5435 γέγραπται
3292 5356 3568 5430 νομίμως.
3605 5357 3857 5433 Περιέχει

2206 5448 2263 5505 δὲ
2291 5454 2326 5520 ἡ
2390 5444 2583 5525 βίϐλος
2640 5451 2729 5506 καὶ
2760 5449 2976 5525 πράξεις
3021 5445 3287 5523 βασιλέων
3322 5445 3412 5500 καὶ
3443 5444 3558 5516 ἔτη·
3590 5451 3697 5501 τῶν
3762 5446 3856 5520 μὲν

2206 5539 2256 5595 ὲν
2334 5537 2567 5611 Ἰουδαίᾳ
2638 5539 2863 5615 Ἰωρὰμ,
2939 5536 3027 5593 καὶ
3106 5534 3361 5611 Ὀχοσίου
3416 5536 3506 5590 καὶ
3565 5537 3721 5597 Ἰωᾶς
3768 5534 3857 5589 xui

2205 5630 2489 5702 Ἀμεσσία,
2533 5629 2623 5684 καὶ
2675 5628 2881 5698 Ὀζίου,
2930 5626 3019 5683 xui
3066 5626 3308 5695 Ἰωάθαν,
3369 5625 3458 5679 καί
3517 5626 3713 5699 Ἀχάζ,
3767 5624 3857 5678 καὶ

2207 5719 2466 5790 Ἐζεκίου,
2517 5722 2606 5774 καὶ
2656 5724 2937 5788 Μανασσῆ,
2986 5717 3075 5772 καὶ
3124 5715 3330 5789 Ἀμὼς,
3389 5715 3477 5769 καὶ
3509 5714 3708 5786 Ἰωσία,
3766 5711 3858 5767 καὶ
