4154 6456
210 469 318 527 321

212 597 462 670 Ἰωάχαζ,
495 591 584 646 καὶ
635 585 941 658 Ἐλιακείμ,
972 583 1062 637 καὶ
1110 578 1388 650 Ἱωακεὶμ,
1419 573 1508 630 καί
1560 569 1860 670 Ματθανδιν3
1896 570 1948 633 Α
1981 569 2442 670 ςξὶδὶῖνιξῖίίῗίίξω›
2465 569 2698 670 Jnoaklm
2731 569 2790 644 et:
2811 569 3195 670 Μθῖῐδβξιθξξλν
3221 569 3335 661 qm.

1949 652 2107 722 .kias
2129 652 2454 707 dicebatur.
2480 651 2692 704 Eorum
2719 665 2876 716 vero,
2902 651 3004 721 qui
3028 651 3085 704 in
3111 651 3377 706 Samaria
3403 669 3416 706 :
3453 652 3641 708 Ocho-

210 690 301 740 τοῦ
338 659 437 737 ’λαὶ
491 677 730 734 Σεδεκία·
783 681 890 730 τῶν
944 671 1001 728 δὲ
1050 672 1100 726 ἐν
1151 665 1431 743 Σαμαρείᾳ
1461 662 1743 738 Ὀχοζίου,
1773 659 1862 714 καὶ

214 773 436 848 Ἰωρὰμ,
497 768 587 823 καὶ
631 769 760 832 Ἰοῦ,
808 764 898 818 καὶ
958 761 1211 835 Ἰωάχαζ,
1268 756 1356 812 καὶ
1416 757 1586 823 Ἰωᾶς,
1621 752 1711 806 καὶ
1769 751 1862 805 Ἱε-

217 841 447 937 ροϐοαμ,
494 858 582 912 καὶ
644 853 935 929 Ζαχαρίου,
987 853 1075 905 καὶ
1124 847 1402 918 Σελλοὺμ,
1454 843 1543 898 καὶ
1605 841 1864 910 Μαναὴμ,

216 930 302 1007 icui
336 930 658 1015 Φακεσσίου,
688 943 775 998 καὶ
824 941 1024 1007 Φακὶῦ,
1057 938 1146 992 καὶ
1187 935 1361 1005 Ὠσηὲ·
1424 932 1513 988 καὶ
1561 930 1683 1005 περὶ
1733 948 1866 1004 προ-

222 1044 426 1115 φητῶν,
475 1034 654 1100 Ἠλία,
702 1033 791 1086 καὶ
842 1029 1134 1096 Ἐλισσαιε,
1166 1026 1254 1080 καὶ
1305 1021 1544 1115 Ἠσαίου,
1577 1020 1663 1115 xui
1713 1020 1870 1092 Ἱερε-

227 1109 496 1203 μίοο,>ιαὶ
558 1122 640 1177 ὅτι
686 1125 721 1189 ἡ
778 1121 869 1192 μὲν
934 1115 1183 1192 βασιλεία
1245 1112 1546 1187 Σαμαρείας
1605 1109 1870 1163 πέπαυται

227 1196 313 1271 ini
345 1213 524 1285 Ὀσηὶ,
558 1210 660 1282 υἱῷ
690 1209 830 1265 Ἣλᾶ
856 1211 934 1278 τῷ
963 1205 1052 1260 καὶ
1088 1203 1338 1281 σφάξαντι
1388 1202 1477 1254 τὸν
1535 1199 1706 1252 (buxeis
1758 1196 1871 1250 υἱὸν

227 1303 537 1377 Ῥομελίου⁸
573 1303 606 1369 ἡ
642 1298 698 1352 δὲ
745 1305 843 1366 τῆς
892 1291 1258 1369 Ἰερουσαλὴμ
1308 1287 1556 1366 βασιλεία
1612 1288 1875 1341 πέπαυται

232 1371 334 1448 ἐπὶ*
363 1388 604 1459 Σεδεκίᾳ.
639 1386 742 1443 Καὶ
792 1384 950 1446 αὐτὸς
999 1385 1099 1458 γὰρ
1150 1383 1376 1456 ἀπήχθη
1431 1378 1505 1439 εἷς
1558 1371 1878 1438 Βαϐυλῶνα,

229 1482 318 1535 καὶ
352 1479 741 1558 ἀφαιρεθέντων
795 1475 958 1528 αὐτοῦ
1006 1476 1112 1525 τῶν
1166 1469 1484 1545 ὀφθαλμῶν,
1529 1464 1604 1526 εἷς
1659 1460 1884 1535 μύλωνα

231 1552 443 1640 ἐϐλήθη
480 1552 572 1637 ἔτη
606 1567 704 1628 κζ’.
746 1562 892 1618 Μετὰ
920 1565 1107 1631 ταῦτα,
1141 1559 1349 1632 ὕψωσεν
1409 1552 1567 1609 αὐτὸν
1613 1553 1703 1607 τὸν
1739 1553 1886 1608 Ἰωα-

231 1659 362 1732 κεὶμ
395 1653 648 1732 βασιλεὺς
684 1647 1029 1720 Βαϐυλῶνος,
1060 1648 1147 1703 καὶ
1181 1644 1351 1701 ἔδωκε
1379 1645 1527 1714 αὐτῷ
1558 1642 1647 1696 τὸν
1701 1638 1888 1712 θρόνον

235 1729 414 1802 ἐπάνω
445 1749 550 1798 τῶν
586 1744 697 1797 ἐκεῖ
746 1739 1037 1816 βασιλέων,
1071 1737 1160 1791 καὶ
1210 1737 1462 1805 συνήσθιε
1509 1732 1597 1786 καὶ
1649 1729 1895 1784 συνέπινε

241 1836 353 1908 μετ’
389 1833 550 1887 αὐτοῦ
608 1827 714 1891 ἕως
768 1828 977 1904 ἡμέρας
1040 1832 1184 1895 ζωῆς
1243 1825 1427 1878 αὐτοῦ.
1481 1821 1576 1875 Καὶ
1626 1819 1712 1874 ἐπὶ
1769 1815 1893 1871 τοῦ-

1306 440 1685 508 SYNOPSIS
1730 432 2194 498 SCRIPTURE
2237 428 2538 491 SACRxE.

3519 435 3640 492 322

1981 563 2144 630 chaz,
2171 562 2442 627 Eliakim,
2465 561 2698 616 Joakim
2731 565 2787 614 et
2809 560 3195 631 Matthanam,
3221 563 3320 631 qui
3363 568 3421 617 et
3461 565 3640 620 Sede-

1976 741 2098 806 ziaz,
2123 742 2346 807 Joram,
2379 740 2554 807 Jehu,
2581 739 2856 803 Joacbaz,
2886 739 3050 802 Joas,
3071 740 3402 807 .Ieroboam,
3425 742 3640 797 Zacha-

1978 831 2098 894 riae,
2133 829 2380 893 Selium,
2416 828 2705 894 Manaem,
2741 827 3096 892 Phakessia,
3149 827 3402 895 Phakes,
3457 829 3641 902 Osee;

1979 925 2036 974 et
2068 920 2139 972 de
2184 917 2504 990 prophetis,
2565 916 2710 986 Elia,
2773 916 2984 984 Eliseo,
3045 915 3197 971 Isaia
3253 922 3308 971 et
3365 917 3642 974 Jeremia.

1981 1009 2263 1063 Praeterea
2296 1007 2588 1077 quomodo
2619 1021 2866 1076 regnum
2900 1005 3176 1060 Samaria
3207 1005 3475 1072 desierit,
3533 1006 3645 1062 sub

1984 1096 2128 1150 Osee
2154 1096 2270 1152 ﬁlio
2301 1094 2460 1162 Hela,
2488 1094 2590 1165 qui
2610 1094 2834 1148 Phakee
2862 1093 3047 1148 lilium
3091 1093 3369 1149 Romeliae
3412 1095 3644 1164 occidit,

1986 1203 2230 1259 regnum
2259 1202 2392 1241 vero
2429 1184 2986 1256 Jerosolymitanum
3030 1186 3139 1242 sub
3169 1185 3419 1240 Sedekia
3450 1201 3646 1242 cessa-

1985 1277 2086 1331 vit.
2115 1276 2256 1330 Nam
2289 1281 2344 1330 et
2370 1278 2494 1346 ipse
2517 1276 2574 1330 in
2597 1274 2948 1346 Babylonem
2983 1275 3294 1339 abductus,
3326 1279 3384 1329 et
3417 1274 3648 1332 effossis

1991 1365 2255 1420 oculisin
2282 1365 2598 1435 pristinum
2623 1379 2811 1418 annos
2850 1363 3055 1433 viginti
3097 1380 3196 1418 sex
3237 1364 3503 1435 abjectus
3534 1369 3643 1420 est.

1980 1456 2203 1511 Postea
2224 1473 2356 1511 vero
2380 1472 2479 1510 rex
2503 1454 2816 1527 Babylonis
2840 1471 3035 1527 regem
3077 1455 3306 1511 Joakim
3351 1455 3645 1526 exaltavit,

1998 1543 2396 1614 thronumque
2425 1543 2584 1598 illius
2616 1560 2796 1615 supra
2844 1532 3086 1599 cunctos
3145 1543 3244 1615 qui
3303 1543 3428 1599 illic
3486 1548 3658 1600 erant

2002 1649 2168 1703 reges
2199 1633 2413 1688 extulit
2439 1637 2497 1688 et
2526 1649 2659 1688 cum
2691 1649 2758 1689 eo
2789 1633 2910 1689 edit
2942 1641 2994 1688 el
3028 1633 3174 1688 bibit
3205 1633 3482 1688 omnibus
3540 1633 3660 1689 die-

2002 1721 2112 1774 bus
2133 1721 2256 1775 vitae
2281 1721 2560 1790 ipsius.In
2587 1721 2795 1794 hisque
2817 1721 3034 1777 desinit
3076 1721 3222 1776 liber
3263 1722 3392 1792 iste,
3435 1722 3494 1777 in
3528 1738 3656 1778 ser-

2007 1813 2248 1862 vitutem
2286 1809 2539 1865 abducto
2563 1811 2689 1880 jam
2723 1814 2959 1883 papulo,
2992 1815 3048 1866 et
3076 1813 3200 1865 tota
3232 1810 3374 1866 urbe
3402 1815 3585 1886 capta.

235 1905 350 1983 τοις
392 1919 554 1995 λήγει
601 1919 664 1972 τὸ
717 1913 955 1993 βιϐλίον,
989 1912 1526 1990 αἰχμαλωτισθέντος
1584 1913 1678 1963 τοῦ
1737 1905 1896 1976 λαοῦ,
1933 1933 1980 1998 Β

239 2011 328 2065 καὶ
359 2015 459 2078 τῆς
494 2006 709 2068 πόλεως
741 2007 918 2074 πάσης
949 2003 1210 2072 ἀλούσης.

445 2101 554 2170 (11)
584 2095 863 2170 Ἐπιτομὴ
889 2093 1130 2170 πράξεων
1151 2096 1268 2170 ⁸τῶν
1309 2088 1570 2170 βασιλέων
1603 2095 1703 2156 τῆς

734 2162 996 2226 Ἰουδαίας
1016 2162 1116 2218 καὶ
1151 2162 1394 2235 Ἰσραήλ.

322 2263 404 2315 17.
439 2261 707 2332 Ἀρχῆθεν
744 2253 835 2309 οὖν
864 2253 1029 2308 πάλιν
1082 2250 1418 2320 ἀναληπτέον
1469 2249 1558 2303 τὸν
1595 2247 1780 2321 λόγον,
1815 2244 1903 2298 καὶ

247 2351 360 2404 κατ’
395 2347 668 2418 ἐπιτομὴν
704 2343 945 2408 ἐκθετέον
977 2347 1083 2396 τῶν
1117 2341 1329 2395 πάντων
1369 2334 1764 2415 βασιλέο›ν,καὶ
1796 2338 1902 2388 τῶν

249 2434 545 2503 Ἰουδαίων,
580 2434 668 2489 καὶ
727 2439 833 2487 τῶν
887 2439 987 2500 τῆς
1043 2429 1370 2505 Σαμαρείας,
1401 2429 1468 2482 τὰ
1521 2426 1762 2500 ὀνόματα
1817 2419 1909 2478 καὶ

246 2526 340 2587 τὰς
374 2524 614 2599 πράξεις,
647 2522 737 2576 καὶ
795 2522 862 2575 τὰ
914 2524 1011 2589 τῆς
1074 2519 1296 2574 ἑκάστου
1361 2517 1636 2594 βασιλείας
1670 2515 1784 2585 ἔτη’
1818 2515 1908 2568 καὶ

251 2619 468 2690 πρῶτον
516 2613 637 2686 περὶ
688 2616 792 2665 τῶν
850 2609 1116 2685 βασιλέων
1149 2607 1529 2682 Ἰερουσαλήμ.
1581 2605 1730 2662 Μετὰ
1762 2602 1818 2657 δέ
1849 2604 1911 2657 τὸ

251 2689 550 2764 ἀπολέσθαι
604 2701 695 2754 τὸν
751 2697 954 2766 Σαοὺλ,
1005 2696 1422 2772 βασιλεύσαντος
1472 2692 1564 2765 ἔτη
1621 2701 1691 2768 μ’,
1748 2689 1911 2747 Δαὸὶδ

255 2789 531 2869 βασιλεύει
586 2789 673 2844 ἐπὶ
728 2788 900 2842 πάντα
949 2787 1038 2841 τὸν
1096 2783 1452 2860 Ἰσραὴλ,καῖ
1502 2784 1659 2846 αὐτὸς
1713 2779 1804 2854 ἔτη
1842 2782 1912 2856 pf-

253 2881 429 2942 οὕτως
493 2879 542 2932 ἓν
610 2879 701 2950 μέν
765 2871 986 2950 Χεϐρὼν
1020 2871 1111 2945 ἔτη
1149 2877 1208 2943 ζ’,
1269 2876 1319 2929 έν
1375 2872 1431 2928 δὲ
1478 2874 1636 2927 παντὶ
1697 2874 1917 2949 Ἰσραὴλ

253 2970 343 3023 καὶ
405 2965 580 3022 Ἰούδα
641 2964 731 3035 ἔτη
800 2964 907 3039 λγ’·
942 2965 1031 3018 καὶ
1065 2963 1287 3033 ἐποίησε
1338 2963 1399 3017 τὸ
1450 2962 1598 3025 εὐθὲς
1631 2961 1681 3016 ἐν
1740 2962 1921 3033 τελεία

257 3055 471 3132 καρδίᾳ.
507 3056 630 3111 Ἐπὶ
661 3053 857 3109 τούτου
897 3055 1028 3121 ἦσαν
1065 3059 1342 3129 προφῆται
1396 3054 1686 3124 ΣαμουῆΛ,
1720 3053 1922 3120 Ναθὰν,

268 3142 393 3201 Γάδ.
431 3143 700 3215 Σαλομῶν
753 3144 780 3196 ὁ
827 3142 940 3202 υἱὸς
992 3136 1158 3195 Δαϐὶδ
1206 3135 1544 3196 ἐϐασίλευσεν
1607 3141 1691 3195 ἐπὶ
1752 3141 1924 3196 πάντα

267 3234 358 3288 τὸν
396 3231 525 3287 λαὸν
560 3230 650 3300 ἔτη
688 3233 739 3303 μ’
778 3231 865 3284 καὶ
918 3229 1097 3292 αὐτός·
1131 3230 1221 3284 καὶ
1275 3228 1496 3300 ἐποίησε
1541 3231 1604 3284 τὸ
1658 3231 1920 3305 πονηρόν.

2214 2092 2462 2161 Epitome
2489 2104 2764 2162 gestorum
2797 2112 2989 2165 regum
3017 2095 3174 2151 Judar:
3203 2106 3252 2150 et
3279 2095 3469 2151 Israel.

2093 2251 2269 2306 17.Ab
2292 2249 2463 2305 initio
2477 2254 2795 2324 repetenda
2807 2255 2976 2309 nobis
2993 2254 3114 2309 haec
3132 2261 3473 2326 sunt,etper
3493 2254 3678 2327 epito-

2021 2356 2152 2395 men
2170 2340 2515 2410 exponenda
2528 2341 2793 2398 omnium
2813 2359 3016 2413 regum
3038 2360 3171 2398 cum
3204 2343 3389 2414 Judaa,
3422 2359 3556 2399 cum
3572 2347 3678 2399 Sa-

2022 2430 2219 2483 maria:
2233 2426 2593 2497 nomina,res
2609 2435 2787 2500 gestae
2800 2433 2905 2485 etI
2921 2433 2962 2485 l
2975 2433 3013 2486 Ι
3036 2433 3197 2504 regni
3213 2433 3501 2504 cujusque
3514 2432 3675 2487 anni.

2021 2518 2090 2572 Et
2109 2517 2366 2588 primum
2383 2517 2454 2571 de
2467 2519 2703 2589 regibus
2718 2518 3679 2577 Jerusalem.PostinteritumSau-

2021 2605 2096 2660 lis
2113 2605 2208 2675 qui
2230 2621 2418 2660 annos
2435 2612 2777 2677 regnaverat
2798 2609 2952 2679 quad
2963 2609 3480 2682 raginta,regnavit
3498 2610 3680 2666 David

2026 2711 2204 2766 super
2219 2694 2561 2750 universum
2583 2695 2782 2763 Israel,
2807 2703 2863 2751 et
2895 2698 3018 2768 ipse
3041 2716 3228 2754 annos
3252 2700 3684 2780 quadraginta;

2028 2785 2087 2837 in
2109 2782 2395 2850 Chebron,
2415 2789 2636 2854 septem
2663 2784 2872 2839 deinde
2885 2803 3061 2856 super
3077 2803 3311 2842 omnem
3332 2787 3601 2844 Israelem
3626 2794 3690 2844 et

2030 2871 2240 2926 Judam
2267 2870 2508 2942 triginta
2529 2875 2736 2938 tres,et
2760 2872 2892 2927 fecit
2913 2876 3067 2944 quod
3093 2880 3316 2930 rectum
3338 2881 3481 2943 erat,
3505 2879 3679 2933 corde

2032 2959 2315 3031 perfecto;
2342 2960 2452 3014 sub
2475 2959 2583 3014 hoc
2604 2967 2770 3015 erant
2792 2961 3086 3032 prephetaa
3114 2979 3126 3016 :
3149 2963 3403 3031 Samuel,
3427 2965 3682 3033 Nathan,

2033 3050 2174 3105 Gad.
2207 3048 2478 3103 Salomon
2514 3049 2670 3103 ﬁlius
2701 3049 2903 3112 David,
2936 3055 2994 3106 et
3049 3050 3175 3122 ipse
3223 3067 3402 3124 super
3449 3069 3682 3109 omnem

2033 3138 2320 3208 populum
2352 3137 2616 3208 regnavit
2647 3154 2832 3193 annos
2865 3139 3277 3211 quadraginta,
3299 3145 3354 3195 et
3374 3140 3507 3195 fecit
3527 3142 3684 3212 quod

2037 3225 2255 3280 malum
2289 3230 2433 3280 erat.
2468 3225 2588 3280 Sub
2622 3225 2735 3280 isto
2766 3232 2934 3281 erant
2981 3227 3298 3298 prophetae,
3348 3227 3580 3285 Natban
3631 3235 3690 3285 et

271 3322 369 3376 Καὶ
402 3319 490 3374 ἐπὶ
543 3319 704 3374 αὐτοῦ
754 3321 887 3388 ἦσαν
946 3325 1221 3396 προφῆται
1274 3319 1449 3382 Ναθὰν
1502 3318 1591 3374 καὶ
1653 3316 1776 3373 Γὰδ.
1810 3325 1914 3373 Ῥο-

2037 3315 2179 3370 Gad.
2216 3313 2477 3368 Roboam
2512 3314 2672 3370 ﬁlius
2707 3314 3038 3371 Salomonis
3069 3315 3334 3388 regnavit
3363 3334 3550 3374 annos
3599 3335 3691 3375 se-
3769 3305 3772 3308 ”

266 3406 415 3482 ϐοὰμ
447 3411 474 3462 ὁ
527 3409 642 3470 υἱὸς
691 3408 854 3462 αὐτοῦ
906 3403 1242 3462 ἐϐασίλευσεν
1291 3405 1382 3478 ἔτη
1439 3415 1517 3477 ιζ’·
1569 3408 1657 3463 καὶ
1708 3408 1930 3479 ἐποίησε

258 3500 322 3554 τὸ
380 3498 645 3574 πονηρόν.
686 3497 806 3553 ’[ίλπὶ
865 3496 1060 3551 τούτου
1122 3496 1348 3572 ἐσχίσθη
1410 3501 1444 3566 ἡ
1509 3498 1782 3574 βασιΛεία,
1840 3519 1926 3574 καξ

260 3587 476 3660 ἔμεινα)
529 3588 644 3660 μετ’
677 3586 842 3641 αὐτοῦ
907 3587 999 3658 μὲν
1054 3585 1104 3640 ἐν
1161 3585 1527 3662 Ἰερουσαλὴμ
1585 3586 1750 3664 φυλαὶ
1811 3568 1930 3641 δύοι

259 3680 294 3744 ἡ
330 3673 503 3732 Ἰούδα
563 3675 714 3743 καὶὴ
751 3674 1021 3746 Βενιαμίν·
1078 3674 1128 3729 ἐν
1184 3671 1240 3728 δὲ
1296 3680 1363 3748 τῇ
1426 3677 1704 3751 Σαμαρείᾳ
1761 3662 1929 3754 φυλαί

265 3762 411 3819 δέκα.
447 3765 567 3820 Ἐπὶ
612 3763 811 3818 τούτου
865 3766 998 3832 ἦσαν
1052 3771 1328 3842 προφῆται
1365 3764 1556 3838 Ἀχιὰς
1600 3766 1626 3818 ὁ
1680 3764 1930 3834 Σηλωνί-

264 3875 385 3924 της,
417 3851 506 3907 καὶ
541 3853 806 3925 Σαμαίας,
841 3853 928 3907 καὶ
980 3850 1181 3909 Ἀδὸώ.
1229 3848 1415 3907 Ἀϐιοῢ
1457 3853 1574 3914 υἱὸς
1625 3859 1788 3908 αὐτοῦ
1837 3851 1928 3923 ἔτη

263 3942 407 4017 τρία.
446 3942 543 3995 Καὶ
606 3943 706 3996 οὐκ
734 3943 798 4009 ἦν
834 3945 868 4010 ἡ
901 3940 1093 4017 καρδία
1150 3941 1314 3996 αὐτοῦ
1372 3940 1573 4013 τελεία,
1609 3943 1682 4003 ὡς
1744 3937 1930 4010 Δαϐὶό,

268 4028 416 4085 ἀλλὰ
447 4029 712 4104 ἐπορεύθη
742 4029 792 4082 ἐν
825 4035 944 4090 ταῖς
980 4029 1266 4104 ἁμαρτίαις
1326 4035 1423 4083 τοῦ
1479 4031 1682 4105 πατρὸς
1747 4030 1931 4086 αὐτοῦ.

272 4117 372 4173 Καὶ
433 4118 518 4173 tarri
576 4118 773 4172 τούτου
831 4121 897 4187 ἧν
952 4115 1127 4174 Ἀδὸιῦ
1180 4120 1207 4172 ὁ
1248 4121 1559 4195 προφήτης.
1596 4121 1761 4173 Ἀσσᾶ
1818 4119 1932 4182 υἱὸς

317 4207 329 4222 ι
407 4212 433 4221 -ν
472 4202 494 4224 ν
697 4213 705 4228 ,
835 4206 845 4222 ι
904 4205 917 4222 s
1011 4206 1020 4222 1
1210 4206 1222 4223 \
1318 4206 1329 4225 ν
1385 4207 1394 4226 ν
1602 4209 1614 4227 υ
1647 4205 1670 4224 νι
1913 4209 1925 4223 ς

271 4228 437 4262 αυτου
470 4228 562 4276 ετη
620 4227 725 4278 μα’
760 4227 849 4260 και
901 4227 1122 4274 εποιησε
1169 4228 1231 4261 το
1271 4219 1451 4270 ευθες·
1486 4207 1593 4264 ἀλλ
1645 4229 1723 4262 ετι
1773 4209 1838 4277 ἦν
1869 4229 1938 4263 τα

275 4295 464 4370 ὗψτλά
548 4295 665 4349 Ἐπἲ
723 4294 919 4349 τούτου
977 4298 1110 4349 ’ἴσαν
1171 4317 1211 4349 τ-
1284 4299 1442 4338 ν·”η-ο
1509 4301 1602 4352 Ἂν
1645 4297 1692 4340 ρ(
1852 4297 1894 4351 Γ

375 4331 385 4366 λ
472 4340 483 4352 ,
656 4339 667 4348 .
1003 4337 1011 4364 ,
1196 4316 1446 4374 κρομμα.
1524 4318 1755 4371 ,δαίδας
1820 4319 1934 4359 υος

277 4381 463 4452 Ὠδηδ,
510 4385 600 4438 καὶ
660 4385 894 4457 Ἀναμῆ.
953 4384 1217 4462 Ἰωσαφὰτ
1292 4385 1406 4446 υίὸς
1466 4384 1631 4439 αὐτ-οὖ
1694 4384 1786 4456 ἔτη
1844 4393 1934 4442 κε’.

273 4473 365 4527 καὶ
427 4472 647 4542 ἐποίησε
701 4472 763 4526 τὸ
824 4470 989 4535 εὐθές·
1025 4471 1171 4527 ἀλλὰ
1222 4473 1286 4526 τὰ
1347 4472 1533 4546 ὑψηλὰ
1580 4468 1655 4528 ἔτι
1697 4475 1934 4550 ὓπῆρχε.

277 4561 376 4615 Καὶ
413 4561 546 4634 μετᾶ
584 4566 749 4615 ταῦτα
811 4560 1012 4634 μέμψιν
1073 4559 1228 4636 ἔσχεν
1280 4562 1530 4634 ἀνομίας,
1565 4561 1646 4616 ὅτι
1697 4561 1939 4641 ἐφιλίασε

2041 3403 2484 3475 ptemdecim,et
2512 3404 2648 3459 fecit
2677 3405 2832 3476 quod
2858 3406 3081 3461 malum
3109 3412 3262 3474 erat;
3290 3407 3401 3462 sub
3426 3407 3534 3464 hoc
3556 3409 3698 3464 scis-

2040 3508 2176 3547 sum
2197 3497 2287 3548 est
2306 3509 2576 3564 regnum,
2605 3499 2664 3547 et
2699 3500 3044 3550 manserunt
3065 3511 3200 3550 cum
3218 3496 3346 3568 ipso
3370 3496 3429 3551 in
3459 3497 3698 3554 Jerusa-

2042 3580 2157 3636 lem
2178 3581 2368 3635 tribus
2391 3583 2542 3648 dure,
2562 3581 2716 3636 Juda
2737 3587 2793 3637 et
2815 3582 3118 3654 Benjamin
3148 3609 3162 3652 ;
3185 3584 3243 3639 in
3271 3584 3538 3642 Samaria
3562 3603 3694 3642 vero

2043 3670 2283 3742 reliquas
2334 3671 2556 3726 decem.
2616 3671 2801 3742 Hujus
2857 3678 3121 3745 tempore
3177 3679 3344 3729 erant
3400 3675 3696 3746 prophetae

2040 3759 2253 3814 Achias
2285 3759 2591 3830 Selonites,
2627 3765 2684 3816 et
2714 3760 2992 3830 Samaaas,
3025 3767 3083 3818 et
3112 3763 3298 3819 Addo.
3335 3763 3507 3819 Abias
3540 3765 3698 3819 ﬁlius

2043 3849 2172 3919 ejus
2203 3848 2465 3919 regnavit
2490 3865 2674 3904 annos
2706 3855 2843 3905 tres.
2877 3852 2986 3906 Cor
3016 3850 3196 3922 hujus
3229 3867 3345 3908 non
3401 3857 3526 3908 erat
3565 3869 3699 3924 per-

2046 3939 2286 4006 fectum,
2320 3938 2475 3992 sicut
2504 3938 2761 4004 Davidis,
2814 3940 2915 3994 sed
2965 3938 3292 3995 ambulavit
3334 3940 3393 3996 in
3445 3940 3700 4012 peccatis

2048 4027 2231 4098 patris
2258 4027 2349 4081 sui
2379 4044 2392 4094 ;
2423 4028 2532 4082 sub
2555 4027 2665 4083 hoc
2686 4028 2827 4081 vivit
2843 4029 3004 4084 Addo
3029 4030 3329 4101 propheta.
3357 4036 3508 4084 Assa
3538 4029 3699 4085 ﬁlius

2045 4119 2173 4187 ejus
2203 4118 2468 4189 regnavit
2499 4135 2683 4174 annos
2715 4120 3108 4192 quadraginta
3136 4125 3193 4176 et
3223 4137 3430 4191 unum,
3464 4125 3522 4177 et
3570 4120 3704 4176 fecit

2046 4206 2199 4276 quod
2226 4210 2448 4260 rectum
2473 4211 3028 4276 erat,verumtamen
3054 4209 3246 4264 adhuc
3266 4214 3435 4265 erant
3447 4209 3698 4277 excelsa;

2048 4294 2160 4349 sub
2189 4296 2304 4350 isto
2337 4295 2631 4366 prophetae
2672 4302 2839 4352 erant
2897 4297 3136 4352 Azarias
3188 4296 3348 4353 ﬁlius
3404 4299 3586 4367 Oded,
3647 4304 3706 4355 et

2046 4383 2277 4439 Anami.
2312 4384 2601 4455 Josaphat
2629 4384 2788 4440 ﬁlius
2819 4386 2947 4456 ejus
2979 4385 3239 4458 regnavlt
3264 4403 3451 4443 annos
3495 4387 3704 4458 viginti

2050 4473 2332 4546 quinque,
2356 4477 2415 4528 et
2438 4474 2574 4530 fecit
2595 4475 2746 4544 quod
2775 4480 2995 4530 rectum
3019 4479 3165 4544 erat,
3203 4480 3463 4531 attamen
3513 4475 3708 4531 adhuc

2049 4568 2218 4620 erant
2244 4563 2491 4620 excelsa.
2528 4568 2738 4619 Postea
2767 4566 3112 4635 objurgatus
3159 4582 3224 4620 eo
3286 4565 3521 4621 nomine
3575 4567 3706 4632 fuit,

276 4655 356 4722 τῷ
407 4649 634 4725 Ὀχοζίᾳ
691 4648 902 4724 βασιλεῖ
966 4649 1206 4726 Ἰσραὴλ,
1239 4651 1327 4704 καὶ
1385 4651 1739 4723 ἐκοινώνησεν
1800 4653 1914 4707 αὐτὶ

2054 4653 2209 4725 quod
2242 4653 2565 4708 amicitiam
2591 4653 2872 4724 junxerat
2899 4669 3032 4708 cum
3061 4653 3312 4710 Ochozia
3343 4671 3478 4727 rege
3504 4645 3703 4725 Israel,

281 4739 356 4800 εἷς
417 4737 623 4793 πλοίων
680 4737 1068 4813 πραγματείαν.
1109 4739 1229 4794 Ἐπὶ
1289 4739 1484 4793 τούτου
1542 4741 1678 4808 ἦσαν
1727 4749 1941 4820 προφῆ⁴

278 4849 370 4882 ται
443 4826 652 4894 Ἠλίας,
730 4826 1021 4895 ⁷Ελλισσαιὲ,
1099 4827 1360 4902 Μιχαίας,
1436 4829 1525 4882 καὶ
1589 4830 1695 4883 Ἰοῦ
1763 4832 1790 4883 ὁ
1847 4834 1942 4885 τοῦ

286 4918 521 4989 ’Δναμῆ,
554 4914 642 4969 καὶ
694 4914 888 4983 Ὀζιήλ
936 4915 962 4969 ὁ
1016 4920 1112 4970 τοῦ
1169 4916 1468 4991 Ζαχαρίου⁹
1500 4917 1588 4970 καὶ
1641 4914 1868 4972 Ἐλιαδᾶ
1915 4919 1943 4971 ὁ

350 5003 376 5014 ~
409 5010 421 5029 ,
476 5002 498 5020 ἢ
531 5010 554 5019 ..-
703 5004 714 5019 ι
816 5021 818 5026 τ
917 5004 927 5022 ν
1087 5005 1100 5024 ν
1226 5004 1236 5020 \
1327 5011 1334 5018 .
1408 5005 1420 5020 κ
1563 5004 1575 5022 ς
1657 5010 1679 5019 ν
1745 5002 1768 5022 )v
1909 5009 1939 5036 .-

283 5027 379 5060 του
427 5013 562 5058 ﬂetu
620 5003 724 5058 ἀπο
785 5010 1052 5078 Μαρισης.
1111 5008 1294 5079 [ωραμ
1345 5005 1460 5066 uio:
1519 5026 1684 5059 αυτου
1744 5026 1836 5076 ετη
1871 5027 1902 5075 η

285 5093 374 5147 καὶ
411 5091 632 5163 ἐποίησε
659 5093 720 5146 τὸ
752 5092 1014 5169 πονηρόν.
1050 5093 1185 5168 Εἶχε
1239 5093 1339 5168 γὰρ
1398 5099 1626 5168 γυναῖκα
1685 5094 1945 5170 θυγατέρα

289 5177 522 5256 Ἀχαάϐ.
561 5181 659 5236 Καὶ
686 5181 772 5236 ἐπὶ
818 5181 1014 5236 τούτου
1071 5183 1206 5250 ἦσαν
1244 5181 1427 5244 Ἠλίας
1487 5183 1575 5236 καὶ
1611 5182 1943 5246 Ἐλισσαῖος.

288 5271 544 5345 Ὀχοζίας
579 5271 693 5332 υἱὸς
727 5269 890 5324 αὐτοῦ
923 5268 1039 5332 ἔτος
1071 5272 1135 5324 α”
1169 5270 1258 5325 καί
1298 5271 1522 5342 ἐποίησε
1567 5272 1630 5326 τὸ
1679 5273 1940 5349 πονηρόν.

291 5361 418 5413 Μετ’
451 5359 606 5413 αὐτὸν
660 5358 895 5423 Γοθολία
924 5363 958 5428 ἡ
997 5362 1180 5436 μήτηρ
1238 5347 1550 5432 αὐτοῦ’θνέτη
1604 5361 1755 5419 ἑπτά.
1793 5363 1944 5425 Ἰωᾶς

293 5447 410 5510 υίὸς
445 5449 702 5524 Ὀχοζίου
736 5446 826 5518 ἔτη
865 5450 936 5521 μ’.
998 5449 1165 5511 Οὗτος
1225 5449 1474 5507 ἐφὸνευσε
1532 5451 1822 5526 Ζαχαρίαν,
1855 5453 1944 5506 καὶ

289 5536 510 5608 ἐποίησε
537 5540 600 5594 τὸ
628 5539 775 5602 εὐθὶς
806 5536 910 5600 ἕως
941 5538 1127 5595 Ἰωδαὲ
1176 5541 1203 5594 ὁ
1254 5541 1468 5604 συνετὸς
1520 5537 1637 5611 ἔζη,
1667 5543 1756 5595 καὶ
1805 5541 1945 5620 ἐφώ-

287 5645 434 5679 τισεν
467 5626 648 5683 αὐτόν.
683 5633 880 5682 Τοῦτον
942 5627 1252 5684 ἀπέκτειναν
1315 5631 1392 5684 οἱ·
1427 5627 1617 5684 δοῦλοι
1677 5630 1841 5685 αὐτοῦ
1892 5633 1944 5686 ἐν

2053 4749 2110 4798 et
2140 4743 2199 4797 in
2235 4742 2470 4797 nautica
2501 4743 2891 4812 negotiatione
2922 4743 3118 4799 socius
3153 4743 3235 4798 illi
3270 4744 3480 4800 fuerat.
3515 4745 3708 4817 Hujus

2053 4836 2315 4902 tempore
2344 4834 2510 4885 erant
2541 4831 2836 4902 prophetae
2895 4831 3073 4902 Elias,
3131 4833 3355 4906 Elissae,
3411 4834 3711 4900 Michaas,

2052 4920 2165 4975 Hiu
2199 4919 2356 4975 ﬁlius
2384 4920 2615 4986 Anami,
2648 4919 2804 4976 Oziel
2834 4921 2992 4976 ﬁlius
3049 4923 3373 4992 Zachariae,
3415 4928 3471 4978 et
3514 4923 3716 4980 Eliada

2054 5008 2209 5065 Odia:
2242 5010 2313 5064 de
2345 5009 2579 5064 Marisa.
2611 5009 2811 5065 Joram
2846 5009 3003 5066 ﬁlius
3023 5010 3306 5084 Josaphat
3328 5013 3590 5085 regnavit
3615 5030 3717 5068 an-

2055 5115 2162 5154 nos
2193 5101 2344 5164 octo,
2371 5102 2430 5152 et.
2459 5098 2596 5153 fecit
2623 5098 2774 5168 quod
2810 5098 3034 5154 malum
3082 5105 3225 5155 erat.
3281 5100 3495 5156 Habuit
3550 5100 3708 5156 enim

2055 5203 2291 5242 uxorem
2324 5185 2504 5241 ﬁliam
2539 5186 2807 5242 Achaab:
2841 5187 3020 5259 hujus
3067 5205 3185 5245 aevo
3235 5195 3359 5244 erat
3414 5189 3708 5260 prophetae

2056 5276 2211 5332 Elias
2241 5279 2298 5332 et
2325 5275 2573 5330 Eliseus.
2605 5275 2886 5332 Ochozias
2918 5277 3074 5332 ﬁlius
3106 5279 3234 5348 ejus
3292 5277 3555 5349 regnavit
3603 5294 3707 5332 an-

2056 5383 2197 5421 num
2233 5381 2437 5434 unum,
2469 5369 2528 5419 et
2559 5365 2693 5419 fecit
2723 5365 2880 5435 quod
2915 5364 3137 5420 malum
3172 5369 3316 5420 erat.
3367 5366 3506 5421 Post
3548 5365 3706 5418 hunc

2055 5454 2321 5526 regnavit
2343 5457 2529 5507 mater
2550 5453 2737 5524 ipsius
2765 5452 3038 5507 Gotholia
3076 5469 3262 5508 annos
3297 5459 3541 5526 septem.
3573 5452 3711 5506 Joas

2056 5543 2216 5598 ﬁlius
2237 5541 2496 5596 Ochozias
2520 5543 2785 5612 regnavit
2803 5556 2988 5601 annos
3009 5541 3425 5614 quadraginta.
3458 5542 3574 5596 Iste
3613 5553 3710 5591 oc-

2057 5631 2197 5686 cidit
2219 5627 2581 5695 Zachariam,
2606 5633 2662 5685 et
2682 5629 2866 5684 donec
2885 5626 3044 5680 Jodw
3067 5627 3157 5680 vir
3174 5631 3437 5700 prudens
3474 5624 3710 5686 viveret,

351 5736 458 5808 (11)
490 5737 723 5794 Titulus
755 5738 1024 5808 adjectus
1058 5739 1168 5793 fuit
1193 5723 1628 5811 abiuditoribus
1657 5739 2105 5796 Parisiensibus.
2173 5806 2180 5810 η

3334 5843 3377 5886 ς.
