4154 6364
427 370 547 448 393

1627 377 1693 438 Β.
1737 374 2264 440 A'l‘HANASlUS.
2298 407 2376 432 ε·-
2406 375 2671 439 DUBIA.

3727 385 3848 446 324

430 530 462 568 a
495 529 610 584 quo
643 512 1080 578 instituebatur,
1117 513 1251 567 fecit
1271 513 1426 584 quod
1474 521 1698 568 rectum
1733 517 1876 568 erat.
1909 511 2074 567 Hune

2190 507 2327 581 οἴκῳ
2395 509 2656 574 Μαελώθ.
2719 509 2838 564 Ἐπὶ
2914 509 3110 564 τούτου
3170 509 3532 589 ἐπροφητευεν
3595 514 3846 588 Ἀζαρίας

429 602 844 658 interfecerunt
872 600 1064 673 ipsius
1100 601 1248 656 servi
1278 601 1339 656 in
1371 602 1545 656 domo
1577 602 1864 668 Maeloth;
1899 601 2077 671 hujus

427 696 688 762 tempore
723 687 1088 760 prophetavit
1115 689 1349 744 Azarias
1382 689 1541 744 filius
1569 691 1749 746 Jodm.
1811 691 2078 746 Amesias

427 779 584 844 filius
617 779 747 848 ejus
778 777 1040 850 regnavit
1069 794 1258 833 annos
1289 779 1498 850 viginti
1559 795 1784 844 novem,
1836 785 1894 835 et
1945 780 2079 834 fecit

425 867 596 927 initio
627 868 786 939 regni
821 868 977 938 quod
1010 872 1234 924 rectum
1265 874 1408 934 erat,
1444 869 1546 922 sed
1597 885 1712 924 non
1771 868 1926 929 sicut
1973 872 2078 922 Da-

427 960 550 1014 vid:
576 975 712 1015 nam
735 957 928 1013 adhuc
951 957 1204 1029 populus
1225 957 1570 1014 immolabat
1616 959 1673 1012 in
1725 958 1991 1028 excelsis,
2023 963 2080 1014 et

425 1047 589 1106 lucos
611 1063 724 1105 non
749 1047 990 1104 excidit:
1017 1047 1128 1102 sub
1182 1046 1292 1102 hoc
1327 1047 1751 1119 prophetarunt
1783 1047 2076 1119 prophetae

426 1136 688 1207 quidam,
712 1152 958 1205 quorum
1015 1142 1212 1191 tamen
1252 1137 1494 1196 nomine
1519 1137 1737 1208 scripta
1769 1153 1881 1191 non
1915 1142 2074 1192 sunt.

424 1225 744 1296 Postquam
765 1241 899 1279 vero
920 1241 1021 1280 eos
1037 1225 1136 1296 qui
1160 1227 1219 1280 in
1246 1225 1374 1280 Seir
1405 1226 1752 1281 habitabant
1766 1226 2075 1296 percussit,

425 1314 481 1367 in
497 1313 834 1386 superbiam
849 1313 1036 1369 elatus
1054 1318 1163 1379 est,
1189 1314 1342 1369 idola
1361 1314 1755 1369 habitantium
1773 1316 1829 1369 in
1842 1315 1966 1370 Seir
1981 1331 2077 1370 co-

422 1401 618 1469 luit,et
633 1403 688 1458 in
705 1419 916 1463 manus
931 1402 1189 1459 hostium
1205 1404 1805 1475 traditus,pencussus
1821 1409 2075 1474 est,Aza-

424 1491 672 1562 rias,qui
689 1496 747 1546 et
761 1491 1141 1562 Ozias,annos
1159 1491 1802 1564 quinquagintaduo;et
1816 1493 2073 1564 primum

425 1580 579 1651 quod
602 1585 826 1640 rectum
845 1588 972 1637 erat
990 1580 1143 1647 fecit,
1169 1582 1325 1637 sicut
1347 1587 1403 1636 et
1427 1587 1589 1653 pater
1610 1581 1820 1654 ipsius,
1847 1582 2077 1637 excelsa

425 1676 619 1728 tamen
644 1685 758 1724 non
781 1668 1195 1725 abstulit.Cum
1217 1675 1410 1726 autem
1427 1687 1702 1743 prospere
1718 1687 1842 1732 rem
1862 1677 2075 1742 ageret,

425 1757 614 1818 elatus
637 1751 726 1816 est
754 1758 972 1829 animo,
1005 1758 1306 1830 voluitque
1338 1775 1440 1830 per
1468 1760 1733 1830 seipsum
1761 1760 1993 1815 adolere
2014 1761 2073 1814 in

2155 598 2503 673 ,[Ζαχαρίας]
2562 599 2677 661 υἱὸς
2737 597 2944 655 Ἰωδαέ.
3009 599 3260 672 Ἀμεσέας
3321 602 3436 662 υἱὸς
3526 602 3692 657 αὐτοῦ
3752 602 3844 676 ἔτη

2186 689 2286 749 κθ’.
2319 687 2408 740 καὶ
2466 686 2716 757 ἐποίησεν
2778 687 2827 740 ἐν
2890 690 3038 763 ἀρχῇ
3093 689 3153 742 τὸ
3212 688 3388 760 εὐθὶς,
3422 688 3548 745 ἀλλ’
3602 691 3710 768 οὐχ
3771 695 3845 756 ὡς

2189 770 2373 830 Δαϐίδ·
2407 772 2484 830 ἔτι
2515 776 2617 851 γὰρ
2650 777 2678 830 ὁ
2712 775 2864 838 λαὸς·
2893 776 3160 845 ἐθυσίαζεν
3215 776 3266 831 ἐν
3312 783 3428 839 τοῖς
3463 778 3724 852 ὑψηλοῖς,
3756 782 3846 836 καὶ

2184 865 2252 918 τὰ
2310 863 2449 934 ἄλση
2510 865 2609 919 οὐκ
2659 865 2834 940 ἐξῆρε.
2877 866 2975 919 Καὶ
3036 865 3122 920 ἐπὶ
3186 865 3383 920 τούτου
3439 867 3843 946 ἐπροφήτευσαν

2185 961 2482 1031 προφῆται·
2519 952 2644 1008 ἀλλ’
2697 953 2795 1007 οὐκ
2853 953 3158 1031 ἐγράφησαν
3218 956 3286 1009 τά
3346 955 3585 1028 ὀνόματα
3642 959 3842 1016 αὐτῶν.

2188 1043 2339 1097 Μετά
2417 1047 2584 1097 ταῦτα
2662 1042 2867 1115 μέντοι,
2927 1043 3208 1115 Ἀμεσίας,
3277 1046 3510 1115 πατάξας
3585 1048 3711 1109 τοὺς
3789 1049 3841 1103 ἐν

2189 1131 2730 1206 Σηεὶρ,ὲπήρθη,καὶ
2764 1131 3050 1205 ἐλάτρευσε
3080 1139 3194 1195 τοῖς
3231 1131 3482 1198 εἰδώλοις
3512 1141 3620 1190 τῶν
3656 1137 3846 1211 Σηεὶρ,

2185 1220 2274 1273 καὶ
2333 1220 2613 1295 ἐπατάχθη
2677 1219 3002 1297 παραδοθεὶς
3082 1229 3200 1284 τοῖς
3281 1223 3523 1299 ἐχθροῖς.
3578 1225 3847 1301 Ἀζαρίας,

2186 1308 2346 1370 αὐτός
2405 1308 2543 1363 ἐστιν
2578 1310 2783 1381 Ὀζίας,
2826 1308 2917 1380 ἔτη
2977 1312 3078 1386 νβ’⁶
3140 1312 3230 1366 καὶ
3289 1311 3509 1382 ἐποίησε
3560 1315 3697 1368 κατά
3745 1316 3845 1382 τὴν

2185 1397 2364 1473 ἀρχὴν
2397 1399 2459 1452 τὸ
2508 1398 2679 1466 ειόθές,
2713 1399 2786 1461 ὡς
2821 1400 2849 1453 6
2885 1400 3072 1473 Πατὴρ
3134 1401 3318 1455 αὐτοῦ·
3355 1401 3501 1469 πλὴν
3551 1404 3618 1457 τὰ
3665 1403 3851 1478 ὑψηλά

2187 1487 2286 1540 οὐκ
2342 1486 2547 1562 ἐξῆρεν.
2604 1485 2982 1560 Εὐοδούμενος
3044 1485 3102 1544 δὲ
3157 1489 3392 1565 ἐπήρθη,
3433 1491 3523 1546 καὶ
3581 1491 3846 1562 ἠθέλησεν

2186 1576 2358 1647 ἑαυτῷ
2387 1577 2644 1648 Θυμιάσαι
2677 1577 2728 1632 ἐν
2760 1583 2839 1650 τῷ
2866 1578 3002 1649 ναῷ,
3035 1577 3164 1640 ὅπες
3201 1579 3389 1651 μόνοις
3447 1585 3564 1641 τοῖς
3619 1582 3846 1653 ἱερεῦσιν

2186 1663 2374 1734 ἔξεστι,
2407 1666 2502 1719 Διὸ
2549 1665 2640 1719 καὶ
2696 1665 3005 1742 ἐλεπρώθη,
3044 1666 3295 1728 ἀκούσας·
3340 1691 3365 1722 s
3405 1668 3482 1724 Οὐ
3532 1668 3639 1738 σοὶ,
3677 1671 3849 1744 Ὀζία,

2186 1754 2443 1825 θυμιάσαι
2502 1759 2582 1825 τῷ
2638 1754 2841 1828 Κυρίῳ,
2891 1754 3037 1812 ἀλλά
3105 1762 3220 1817 τοῖς
3281 1758 3476 1832 ἱερεῦσι
3531 1763 3647 1819 τοῖς
3708 1761 3849 1820 υἱοῖς

423 1845 666 1918 templo,
689 1849 842 1918 quod
872 1847 1013 1903 solis
1039 1849 1446 1903 sacerdotibus
1470 1847 2074 1920 licebat.Quapropter

2188 1843 2422 1917 ’Δαρὼν,
2480 1849 2598 1904 τοῖς
2657 1844 3038 1918 ἡγιασμένοις.
3078 1869 3104 1896 ›)
3149 1845 3269 1902 Ἐπὶ
3324 1845 3542 1913 τούτου,
3602 1849 3845 1923 προεφή-

2425 1933 2487 1948 ..-
2567 1931 2579 1948 ι
2725 1935 2760 1948 ,-
2831 1932 2875 1948 ,Α
3078 1934 3120 1948 ..
3265 1933 3276 1948 .
3353 1939 3378 1948 _
3459 1931 3482 1948 ,ι
3666 1938 3675 1948 ,
3831 1936 3842 1948 .

422 1941 476 1992 et
507 1934 665 2006 lepra
697 1952 1013 2007 percussus
1043 1941 1151 2004 est,
1186 1942 1496 2008 postquam
1529 1939 1828 1993 audisset:
1895 1960 1923 1987 «
1947 1938 2072 1994 Non

420 2028 591 2078 tuum
623 2028 733 2092 est,
766 2024 925 2094 Ozis,
959 2024 1188 2080 adolere
1213 2025 1487 2092 Domino,
1543 2027 1643 2082 sed
1705 2027 2075 2086 sacerdotum

423 2111 679 2168 ﬁliorum
710 2116 922 2181 Aaron,
957 2113 1059 2185 qui
1089 2115 1438 2170 sanctiﬁcati
1470 2121 1611 2170 sunt
1637 2115 1714 2170 ’σε
1755 2139 1776 2164 ι
1811 2116 1921 2171 sub
1969 2115 2078 2170 hoc

424 2202 791 2274 prophetavit
821 2202 1026 2258 Isaias.
1056 2203 1311 2259 Joathan
1343 2202 1504 2258 ﬁlius
1534 2205 1662 2274 ejus
1693 2220 1879 2259 annos
1911 2204 2076 2260 sede-

429 2291 567 2361 cim,
599 2295 656 2349 et
687 2290 822 2348 iecit
876 2292 1029 2362 quod
1089 2298 1312 2348 rectum
1368 2297 1513 2358 erat,
1571 2293 2074 2363 quemadmodum

427 2385 592 2453 pater
618 2381 768 2450 ejus,
801 2385 1204 2436 verumtamen
1233 2381 1460 2437 excelsa
1478 2398 1594 2446 non
1620 2385 1712 2438 est
1731 2382 2072 2450 demolitus,

427 2474 485 2525 et
508 2470 618 2528 sub
656 2469 764 2525 hoc
792 2473 915 2525 erat
946 2470 1146 2525 Isaias.
1180 2470 1372 2525 Achaz
1421 2469 1580 2530 filius
1633 2471 1762 2540 ejus
1816 2472 2078 2542 regnavit

427 2574 614 2614 annos
637 2557 915 2629 sedecim,
938 2563 996 2613 et
1019 2559 1154 2616 fecit
1179 2559 1337 2630 quod
1362 2559 1582 2614 malum
1606 2566 1763 2626 erat;
1789 2561 1847 2614 in
1866 2561 2076 2616 diebus

427 2649 557 2724 ejus
577 2653 748 2706 erant
768 2647 1064 2719 prophetis
1096 2647 1273 2703 Isaias
1305 2652 1362 2703 et
1391 2648 1574 2704 Oded.
1608 2648 1884 2705 zechias
1917 2649 2074 2704 illius

428 2739 558 2809 ejus
589 2753 778 2794 annos
809 2735 1013 2808 viginti
1043 2753 1270 2804 novem,
1330 2741 1388 2792 et
1441 2736 1577 2794 fecit
1633 2740 1788 2810 quod
1849 2743 2071 2794 rectum

426 2830 549 2882 erat
578 2824 731 2882 sicut
786 2824 965 2880 David
1018 2825 1302 2896 perfecte;
1363 2826 1476 2881 iste
1532 2826 1779 2882 abstulit
1834 2842 2072 2897 serpen-

426 2919 544 2971 tem
575 2930 823 2980 aaneum,
856 2929 1028 2985 quem
1061 2915 1454 2986 suspenderat
1484 2914 1750 2986 Moyses;
1793 2914 1905 2970 sub
1964 2915 2073 2971 hoc

425 3019 661 3074 quoque
689 3007 815 3059 erat
841 3001 1042 3058 lsaiss.
1075 3004 1194 3058 isto
1253 3008 1531 3076 regnante
1585 3004 1959 3059 Senacherim
2016 3009 2074 3061 et

419 3093 719 3166 Rapsakes
747 3090 970 3162 Assyrii
1025 3091 1342 3148 Dominum
1400 3091 1910 3164 blasphemarunt,
1971 3093 2071 3166 qui

417 3183 653 3254 quidem
684 3186 884 3254 postea
906 3181 1172 3253 percussi
1195 3187 1358 3248 sunt,
1388 3186 1515 3237 tum
1539 3187 1735 3238 autem
1756 3199 1874 3239 una
1904 3167 2073 3239 nocte

3458 1956 3550 2002 ιτη
3613 1956 3694 1999 ις·
3757 1957 3847 1990 και

2191 2021 2414 2090 ἐποίησε
2441 2022 2505 2076 τὸ
2546 2022 2717 2089 εὐθὶς,
2741 2023 2814 2084 ὼς
2849 2023 2878 2077 6
2906 2024 3087 2098 πατὴρ
3137 2023 3320 2078 αὐτοῦ’
3350 2023 3497 2093 πλὴν
3545 2025 3611 2079 τά
3661 2024 3848 2098 ὑψηλά

2188 2111 2287 2165 οὐκ
2344 2110 2517 2187 ἐξῆρε.
2570 2111 2667 2165 Καὶ
2727 2111 2814 2166 ἐπὶ
2872 2112 3068 2166 τούτου
3127 2114 3192 2181 ἦν
3226 2111 3466 2175 Ἡσαΐας.
3505 2115 3698 2188 ’Δχάζ,
3735 2115 3848 2176 υἱὸς

2185 2199 2372 2272 αὐτοῦ,
2433 2196 2523 2272 ἔτη
2592 2202 2675 2264 ις”
2728 2201 2818 2254 καὶ
2870 2201 3091 2272 ἐποίησε
3146 2202 3208 2256 τὸ
3267 2202 3529 2287 πονηρόν.
3591 2205 3687 2256 Καὶ
3758 2203 3843 2257 ἐπὶ

2183 2289 2380 2345 τούτου
2436 2293 2502 2360 ἦν
2562 2288 2783 2352 Ἡσαΐας
2855 2290 2946 2344 καὶ
3001 2288 3164 2360 Ὠδὴδ
3245 2294 3542 2367 προφῆται.
3607 2292 3843 2367 Ἐζεκίας

2185 2381 2302 2442 υἱὸς
2334 2380 2500 2435 αὐτοῦ
2547 2378 2640 2450 ἔτη
2687 2381 2781 2433 κθ’·
2815 2379 2904 2434 καὶ
2957 2377 3182 2450 ἐποίησε
3226 2363 3298 2434 τὸ.
3339 2363 3508 2449 εὖθὲς,
3543 2382 3616 2443 ὡς
3678 2363 3843 2435 Δαϐὶδ

2183 2469 2428 2530 τελείως.
2491 2469 2663 2530 Οὗτος
2720 2467 2939 2532 καθεῖλε
2999 2469 3088 2523 τὸν
3150 2464 3270 2533 ὅφιν
3329 2470 3420 2523 τὸν
3483 2470 3749 2545 χαλκοῦν,
3784 2472 3840 2525 ’ὸν

2187 2560 2210 2613 ἐ
2285 2558 2304 2600 ἐ
2588 2570 2611 2576 ι·
2659 2565 2685 2576 ~
2795 2565 2808 2580 ν
2855 2557 2869 2578 \
2993 2558 3007 2577 ‘
3135 2558 3157 2590 .I
3322 2581 3332 2589 .

2213 2580 2447 2634 xp-pacs
2481 2561 2737 2627 Μωυσης.
2774 2565 2870 2612 lui
2922 2557 3008 2612 ἐπι
3065 2579 3262 2613 τοδτου
3329 2562 3386 2627 ἦν

2183 2649 2378 2703 τούτου
2453 2647 2805 2722 Σεναχηρεῖμ
2884 2649 2973 2702 καὶ
3051 2647 3345 2721 Ῥαψάκης,
3407 2649 3459 2702 οἱ
3545 2649 3842 2724 Ἀσσύριοι,

2189 2737 2665 2815 βλασφημοῦντες,
2699 2735 3082 2812 ἐπατάχθησαν
3115 2739 3209 2810 μὲν
3253 2737 3407 2792 αὐτοὶ
3466 2739 3600 2810 μετά
3655 2742 3844 2812 ταῦτα,

2184 2827 2234 2882 ἐν
2300 2832 2398 2900 μιᾷ
2451 2823 2509 2880 δὲ
2565 2827 2715 2880 νυκτὶ
2775 2823 3026 2900 χιλιάδες
3087 2827 3220 2900 ρπέ.
3283 2823 3549 2896 Ἐξελθὼν
3607 2823 3839 2900 ἄγγελος

2185 2915 2384 2972 ἀνεῖλε.
2444 2917 2692 2984 Νοσήσας
2774 2912 2832 2968 δὲ
2915 2914 3174 2982 Ἑζεκίας,
3221 2912 3310 2968 καί
3391 2913 3613 2986 μέλλων
3703 2915 3836 2967 ἀπο-

2184 3008 2457 3076 θνήσκειν,
2491 2998 2656 3059 ἔλαϐε
2712 3005 3030 3077 προσθῇκην
3090 3000 3181 3070 ἔτη
3246 3003 3322 3057 ιε’.
3385 3003 3681 3071 Μανασσῆς
3722 3002 3840 3064 υἱὸς

2182 3095 2347 3150 αὐτοῦ
2378 3090 2470 3164 ἔτη
2504 3094 2593 3147 νε’·
2627 3091 2716 3146 καὶ
2749 3089 2968 3160 ἐποίησε
2996 3091 3058 3144 τὸ
3090 3089 3353 3165 πονηρόν.
3387 3092 3490 3148 Οἷα
3546 3091 3650 3167 γὰρ
3707 3111 3833 3144 κατ-

2182 3182 2404 3256 έσκαψεν
2462 3181 2722 3251 Ἐζεκίας,
2782 3185 2947 3235 ταῦτα
3016 3180 3173 3242 οὗτος
3251 3181 3523 3259 ἀνήγειρε·
3585 3180 3674 3234 καὶ
3746 3179 3834 3255 γέ-

2185 1953 2366 1986 τευσεν
2425 1931 2665 1994 Ἠσαῖας.
2724 1932 2962 2006 Ἰωάθαμ
3046 1934 3161 1996 υἱὸς
3221 1933 3382 1989 αὐτοῦ

3448 2560 3686 2622 ’Πσαῖας.
3727 2559 3846 2615 Ἐπὶ

415 3273 546 3329 (ιωεί
570 3277 711 3327 sunt
741 3271 813 3326 ab
845 3270 1050 3342 angelo
1101 3271 1353 3336 185,000.
1410 3271 1685 3327 Ezechias
1744 3288 1876 3327 vero
1935 3289 2068 3327 cum

2183 3255 2337 3348 γονεν
2368 3269 2537 3333 ἄλλος
2568 3265 2854 3344 Ἱεροϐοάμ
2897 3274 2976 3341 τῷ
3026 3268 3220 3338 Ἰούδα,
3253 3255 3390 3325 ὥστε
3434 3255 3524 3324 καὶ
3579 3267 3647 3323 δι’
3678 3269 3834 3324 αὐτὸν

422 3364 752 3432 aegrotaret,
785 3364 841 3414 et
862 3359 991 3430 jam
1021 3360 1345 3414 moriturus
1375 3366 1550 3428 esset,
1583 3361 1654 3416 ad
1713 3362 2070 3433 prorogatio-

420 3465 554 3504 nem
585 3449 715 3504 vita
746 3464 932 3504 annos
965 3448 1032 3502 15
1061 3448 1306 3519 accepit.
1360 3449 1662 3506 Manassae
1719 3449 1877 3506 ﬁlius
1935 3451 2071 3506 Eze-

421 3537 586 3606 chim,
615 3553 802 3592 annos
822 3538 912 3604 55,
942 3540 1001 3593 et
1029 3536 1246 3593 malum
1285 3537 1438 3593 fecit.
1471 3540 1608 3603 Qus
1646 3556 1902 3610 namque
1940 3541 2073 3595 Eze-

418 3626 581 3683 chias
603 3631 768 3696 pater
787 3629 915 3696 ejus
935 3625 1254 3682 demolitus
1278 3627 1485 3694 fuerat,
1519 3628 1644 3699 ipse
1666 3629 1958 3695 restituit;
1992 3629 2073 3684 al-

419 3719 507 3770 ter
528 3714 838 3771 Jerohoam
871 3714 1062 3770 factus
1081 3714 1268 3786 Jude,
1293 3715 1374 3770 ita
1397 3720 1462 3770 ut
1481 3715 1660 3786 hujus
1709 3732 1886 3771 causa
1915 3717 2072 3771 idem

419 3803 698 3860 acciderit
723 3802 1079 3869 Jerusalem,
1113 3805 1268 3875 quod
1304 3806 1458 3860 112
1491 3805 1792 3861 Samarias.
1843 3805 1923 3862 De
1971 3803 2074 3861 illo

415 3909 673 3964 namque
691 3893 911 3949 dictum
929 3897 1052 3948 est:
1078 3915 1106 3942 «
1133 3893 1240 3959 Qui
1264 3909 1504 3965 peccare
1553 3894 1685 3949 fecit
1713 3895 1922 3949 ludam
1954 3895 2018 3950 ⁸⁷.
2044 3917 2072 3944 ››

412 3983 603 4046 Quare
622 3982 760 4038 etin
812 3982 1164 4052 Babylonem
1219 3983 1489 4054 captivus
1534 3984 1827 4038 adductus
1861 3989 1969 4038 est.
2005 3989 2069 4038 in

413 4073 749 4144 captivitate
777 4078 973 4129 tamen
1004 4074 1386 4140 constitutus,
1438 4075 1580 4130 utin
1607 4075 2074 4147 Paralipomenis

413 4162 702 4234 scriptum
731 4168 839 4232 est,
875 4162 1281 4234 paenitentiam
1303 4163 1422 4236 egit
1449 4181 1463 4219 :
1497 4181 1625 4236 qua
1661 4180 1841 4219 eausa
1869 4164 1979 4218 fuit
2009 4168 2074 4218 ut

415 4251 587 4307 illum
622 4257 768 4308 Deus
799 4251 859 4307 in
890 4251 1221 4308 Jerusalem
1255 4253 1572 4320 reduxerit,
1606 4254 1706 4310 ubi
1737 4258 1794 4309 et
1824 4270 2071 4326 regnum

415 4342 797 4413 recuperavit.
832 4342 1148 4413 Postquam
1195 4357 1328 4398 vero
1373 4343 1780 4414 paenitentiam
1829 4343 2071 4414 egisset,

415 4435 472 4485 et
504 4429 808 4502 populum,
843 4436 908 4485 ut
955 4435 1068 4486 Deo
1126 4431 1391 4501 serviret,
1451 4431 1773 4497 docuisset,
1833 4433 2073 4488 tandem

417 4524 687 4575 mortuus
713 4525 821 4576 est.
849 4521 906 4574 in
937 4520 1174 4575 civitate
1197 4525 1395 4575 tamen
1419 4521 1598 4576 David
1623 4538 1738 4576 non
1767 4525 1858 4576 est
1880 4522 2071 4593 sepul-

2179 3367 2366 3426 παθεῖν
2397 3362 2495 3429 τὴν
2531 3359 2912 3437 Ἰερουσαλὴμ,
2948 3360 3022 3421 ὡς
3073 3360 3172 3427 τήν
3219 3359 3548 3433 Σαμάρειαν.
3585 3359 3683 3413 Καὶ
3735 3359 3838 3434 γὰρ

2181 3451 2264 3506 ἐπ’
2296 3452 2463 3506 αὐτοῦ
2496 3448 2726 3524 ἐλέχθη·
2763 3474 2790 3501 ‹‹
2823 3451 2919 3510 "Oc
2953 3447 3227 3523 ἐξήμαρτε
3280 3448 3373 3501 τὸν
3433 3446 3661 3501 Ἰούδαν
3697 3474 3724 3499 ››
3757 3445 3842 3502 διὸ

2180 3540 2269 3595 καὶ
2322 3539 2682 3616 αἰχμάλωτος
2715 3537 2944 3612 ἀπήχθη
3001 3537 3078 3598 εἷς
3138 3532 3454 3594 Βαϐυλῶνα.
3490 3535 3646 3593 Ἀλλ’
3677 3536 3727 3591 ἐν
3773 3536 3842 3610 τῇ

2182 3627 2564 3705 αἰχμαλωσίᾳ,
2600 3627 2675 3689 ὡς
2707 3625 2758 3680 ἐν
2809 3631 2926 3687 ταῖς
2985 3623 3462 3700 Παραλιπομέναις
3521 3624 3840 3701 γέγραπται,

2187 3720 2593 3792 μετανοήσαντα
2652 3715 2812 3770 αὐτὸν
2867 3714 3183 3791 ἐπέστρεψεν
3218 3717 3246 3770 6
3295 3715 3423 3776 Θεὸς
3484 3714 3558 3776 εἷς
3616 3716 3714 3783 τὴν
3746 3721 3837 3770 Ἱε-

2184 3805 2609 3884 ρουσαλήμ,καὶ
2661 3803 2826 3859 πάλιν
2880 3799 3203 3858 ἀντελάϐετο
3250 3811 3350 3873 τῆς
3413 3803 3708 3880 βασιλείας·
3748 3826 3840 3878 με-

2179 3901 2388 3950 τανοῶν
2419 3915 2478 3950 τε
2507 3895 2597 3949 καὶ
2627 3891 2893 3948 διδάσκων
2924 3895 3014 3948 τὸν
3077 3893 3208 3949 λαὸν
3269 3891 3546 3949 δουλεύειν
3600 3898 3680 3966 τῷ
3727 3899 3844 3966 Θεῷ

2180 3983 2553 4055 ἐτελεύτησεν.
2588 3982 2701 4040 Οὐκ
2760 3982 2927 4060 ἐτάφη
2989 3979 3046 4036 δὲ
3094 3982 3145 4060 ἐν
3205 3981 3362 4037 πόλιι
3414 3979 3598 4038 Δαϐίδ·
3633 3982 3759 4039 ἀλλ’
3787 3983 3838 4036 ἐν

2180 4078 2260 4146 τῷ
2288 4077 2452 4146 κήπῳ
2484 4073 2668 4141 αὐτοῦ,
2702 4071 2753 4126 ἐν
2786 4056 2950 4145 κήπῳ
3011 4056 3158 4140 Ὀζά.
3212 4074 3267 4125 Ἀ
3281 4071 3398 4144 μὼς
3435 4072 3462 4126 ὀ
3493 4073 3616 4132 υἱὸς
3674 4070 3836 4123 αὐτοῦ

2183 4159 2520 4219 ἐϐασίλευσεν
2580 4161 2674 4232 ἐτη
2859 4162 2948 4216 καὶ
3009 4160 3231 4230 ἐποίησε
3277 4162 3340 4216 τὸ
3399 4161 3660 4238 πονηρὸν,
3693 4160 3765 4220 ὡς
3809 4158 3836 4212 6

2182 4255 2362 4328 πατὴρ
2396 4253 2558 4307 αὐτοῦ
2590 4255 2901 4319 Μανασσῆς⁸
2928 4251 3017 4305 καὶ
3077 4251 3292 4306 ἀνεῖλον
3355 4249 3512 4304 αὐτὸν
3567 4249 3618 4303 οἱ
3649 4246 3837 4310 παῖδες

2182 4341 2368 4410 αὐτοῦ,
2401 4341 2489 4396 καὶ
2517 4340 2684 4418 ἐτάφη
2718 4339 2769 4394 ἐν
2828 4344 2907 4412 τῷ
2951 4341 3114 4412 κήπῳ
3145 4341 3289 4409 Ὀζᾶ,
3323 4336 3448 4402 ἔνθα
3504 4337 3594 4392 καὶ
3657 4336 3685 4391 ὀ
3742 4357 3841 4391 πα-

2179 4431 2284 4501 τὴρ
2316 4429 2500 4486 αὐτοῦ.
2537 4429 2743 4490 Ἰωσίας
2777 4429 2893 4491 υἱὸς
2926 4428 3090 4483 αὐτοῦ
3119 4427 3209 4500 ἔτη
3262 4427 3364 4484 λα’.
3396 4432 3596 4481 Τοῦτον
3629 4427 3656 4480 6
3709 4425 3838 4487 λαὸς

2181 4516 2367 4594 ἤγειρε
2401 4518 2646 4594 βασιλέα,
2682 4519 2813 4573 ἐτῶν
2845 4513 2973 4573 ὄντα
3023 4518 3185 4572 ὀκτώ’
3219 4519 3307 4571 καὶ
3358 4516 3579 4587 ἐποίησε
3632 4517 3695 4570 τὸ
3756 4515 3838 4570 εὖ·

417 4614 536 4675 tus,
569 4610 670 4666 sed
702 4609 762 4664 in
795 4609 963 4664 horto
995 4626 1126 4677 suo,
1160 4609 1220 4664 in
1249 4609 1418 4664 horto
1450 4609 1621 4666 Hoza.
1683 4613 1860 4666 Amos
1916 4609 2074 4666 ﬁlius

2183 4608 2267 4668 Θὲς
2297 4607 2348 4662 ἐν
2383 4609 2525 4682 πάσῃ
2573 4605 2684 4679 ὁδῷ
2743 4603 2933 4674 Δαϐὶδ,
2963 4607 3051 4661 καὶ
3114 4606 3212 4660 οὐκ
3266 4605 3468 4676 ἀπέστη
3527 4603 3693 4676 δεξιᾷ,
3719 4601 3845 4660 οὐδὲ

415 4699 542 4767 ejus
561 4697 824 4770 regnavit
844 4714 1029 4753 annos
1057 4699 1227 4776 duos,
1246 4704 1303 4754 et
1322 4698 1455 4752 fecit
1495 4699 1650 4770 quod
1679 4699 1901 4754 malum
1924 4704 2070 4770 erat,

416 4786 572 4842 sicut
593 4791 750 4858 pater
771 4786 901 4857 ejus
921 4791 1219 4842 Mannsses
1243 4792 1300 4842 et
1321 4787 1664 4846 occiderunt
1686 4786 1856 4842 illum
1905 4788 2072 4860 pueri

414 4874 624 4947 ipsius,
648 4875 1039 4946 sepultusque
1062 4879 1153 4930 est
1196 4875 1257 4930 in
1311 4875 1484 4931 horto
1518 4877 1691 4943 Hoza,
1726 4876 1784 4931 in
1816 4892 1935 4947 quo
1981 4893 2072 4933 se-

417 4964 620 5036 pultus
650 4969 741 5021 est
770 4969 827 5020 et
859 4970 1022 5035 pater
1051 4964 1264 5035 ipsius.
1297 4964 1494 5020 Josias
1527 4964 1686 5020 illius
1717 4965 1842 5034 ejus
1871 4982 2075 5039 regna-

416 5054 501 5110 vit
532 5070 720 5110 annos
749 5055 837 5109 3i.
873 5057 1042 5108 Hunc
1089 5053 1345 5125 p0pulus
1396 5070 1591 5126 regem
1646 5054 1880 5120 creavit,
1939 5070 2074 5109 cum

418 5160 606 5200 annos
637 5148 766 5200 octo
796 5148 970 5199 natus
1001 5146 1176 5210 esset,
1211 5147 1270 5199 et
1301 5143 1435 5198 iecit
1466 5143 1622 5215 quod
1657 5148 1878 5199 rectum
1929 5149 2074 5211 erat,

419 5232 855 5304 ambulavitque
878 5233 938 5286 in
961 5231 1124 5287 omni
1147 5231 1240 5286 via
1265 5231 1464 5300 David,
1489 5248 1596 5287 nec
1644 5231 1958 5288 declinavit
2002 5234 2074 5288 ad

421 5321 739 5391 dexteram,
766 5321 856 5376 vel
886 5321 958 5376 ad
992 5320 1324 5375 sinistram.
1357 5320 1584 5376 Etenim
1621 5320 1781 5377 lucos
1805 5321 2076 5388 succidit,

420 5415 477 5464 et
505 5411 706 5466 omnia
734 5409 1054 5466 simulacra
1083 5409 1348 5480 sustulit,
1382 5425 1516 5464 cum
1573 5427 1863 5466 annorum
1922 5414 2079 5468 esset

423 5499 680 5555 sedecim
707 5517 720 5559 :
751 5499 940 5571 legem
971 5515 1107 5554 vero
1133 5498 1234 5554 Dei
1263 5499 1551 5569 quaesivit,
1583 5503 1641 5554 et
1695 5515 1830 5555 cum
1879 5499 2079 5572 negle-

497 5711 542 5746 ⁸⁸
576 5709 622 5766 Il
656 5709 843 5767 Paral.
877 5729 1068 5781 xnv1,
1104 5714 1189 5768 18.
1267 5714 1310 5747 ⁸⁷
1345 5714 1388 5768 ΙΙ
1423 5713 1608 5770 Paral.
1642 5730 1829 5781 xxxix,
1859 5715 1912 5768 9.

2180 4697 2453 4772 ἀριστερᾷ.
2489 4695 2587 4750 Καὶ
2643 4696 2742 4773 γὰρ
2800 4696 2889 4750 καὶ
2946 4696 3013 4750 τά
3069 4695 3209 4766 ἄλση
3257 4693 3495 4768 ἐξέκοψε,
3531 4695 3620 4749 καὶ
3669 4696 3736 4749 τά
3769 4691 3844 4748 εἴ·

2183 4783 2336 4840 δωλα
2364 4785 2537 4840 πάντα
2567 4784 2804 4856 καθεῖλε,
2835 4785 3128 4859 γενόμενος
3171 4783 3302 4838 ἐτῶν
3357 4784 3441 4847 ις’.
3500 4784 3591 4838 τόν
3637 4805 3694 4839 τε
3750 4783 3844 4836 νό-

2186 4897 2285 4948 μον
2349 4877 2610 4945 ζητήσας,
2640 4873 2729 4928 καὶ
2779 4875 2949 4950 εὑρὼν
3010 4873 3370 4947 ἀμεληθέντα,
3426 4875 3840 4950 ἀναγνωσθῆναι

2181 4963 2469 5034 πεποίηκε.
2502 4963 2600 5018 Κυὶ
2627 4963 2691 5018 τὸ
2725 4965 2917 5038 Πάσχα
2947 4962 3190 5038 ἐκήρυξε,
3221 4961 3310 5016 καὶ
3371 4961 3626 5033 ἐποίησεν
3689 4963 3842 5028 αὐτο,

2183 5053 2258 5114 ὡς
2290 5053 2611 5128 γέγραπται.
2644 5057 2842 5106 Τοῦτον
2876 5049 2934 5106 δὲ
2991 5051 3171 5116 ἀνεῖλε
3231 5050 3434 5126 Φαραὼ
3494 5052 3692 5126 Νεχαὼ
3752 5048 3841 5104 ἐπὶ

2180 5147 2278 5196 τοῦ
2353 5141 2658 5218 Εὐφράτου,
2737 5139 3193 5219 φιλονεικήσαντα
3269 5139 3406 5216 πρὸς
3474 5140 3655 5196 αὐτόν.
3718 5137 3842 5195 Ἐπί

2182 5229 2377 5286 τούτου
2408 5229 2668 5306 Ἱερεμίας
2703 5229 2793 5285 καὶ
2840 5230 3105 5307 Σοφονίας
3136 5233 3269 5298 ἦσαν
3327 5230 3380 5283 oi
3427 5231 3725 5307 προφῆται,
3753 5227 3843 5283 καὶ

2185 5317 2351 5376 Ὠλδά
2381 5322 2414 5388 ἡ
2448 5327 2746 5397 προφῆτις,
2779 5321 2914 5394 γυνὴ
2972 5318 3180 5388 Σελλῆ.
3216 5317 3454 5394 Ἰωάχαζ
3502 5319 3618 5380 υἱὸς
3678 5318 3843 5372 αὐτοῦ

2189 5417 2362 5484 μῆνας
2419 5415 2586 5486 τρεῖςο
2620 5409 2708 5462 καὶ
2768 5408 2990 5479 ἐποίησε
3035 5407 3098 5462 τὸ
3130 5409 3396 5482 πονηρὸν,
3427 5406 3517 5462 καὶ
3581 5405 3842 5481 μετέστη-

2186 5519 2272 5554 σεν
2332 5497 2493 5553 αὐτὸν
2548 5497 2750 5573 Φαραὼ
2783 5498 3002 5572 Νεχαώ⁶
3038 5496 3135 5552 Καὶ
3170 5495 3258 5552 ἐπὶ
3304 5495 3502 5552 τούτου
3559 5499 3625 5566 ἦν
3679 5497 3843 5571 Ἱερε-
