4154 6412
276 413 399 483 325

1367 404 1750 477 SYNOPSIS
1797 404 2266 477 SCRIPTURIE
2307 398 2609 465 SACRIE.

3580 404 3702 481 326

285 542 433 615 μίας.
467 536 962 611 Ἐλιακεὶμὲτερος
997 538 1114 609 υίὸς
1163 535 1399 607 Ἰωσίου,
1446 535 1503 598 ὅς
1550 536 1639 603 xui
1694 557 1929 619 μετωνο-

2075 538 2223 605 ιιίειη
2246 536 2706 610 invenisset,legi
2740 537 2984 605 curavit,
3010 555 3076 593 ac
3097 538 3323 597 Pascha
3362 543 3705 613 praedicavit

283 632 460 704 μάσθη
524 628 801 707 'lwuxsip,
858 626 950 698 ἔτη
1016 628 1100 689 ια’·
1159 627 1250 684 xui
1309 625 1534 697 ἐποίησε
1563 626 1625 679 τὸ
1672 625 1936 706 πονηρόν,

278 718 538 801 »Ιωακεέρτ
594 718 622 770 6
679 716 768 771 xui
830 716 1094 792 Ἰεχονίας
1154 716 1269 781 υἱὸς
1316 714 1480 769 αὐτοῦ
1516 721 1692 788 μῆνας
1724 715 1789 791 γ’.
1848 713 1937 780 καὶ

284 798 506 879 ἐποίησε
534 807 596 860 τὸ
626 805 889 882 πονηρὸν,
922 805 1011 867 xui
1044 804 1273 880 ἀπήχθη
1309 802 1383 859 εἷς
1418 798 1747 869 Βαϐυλῶνα,
1792 809 1940 861 Μαν-

284 896 442 951 Θανὰν
500 897 614 961 υἱὸς
675 890 860 961 αὐτοῦ.
915 898 1113 955 Τοῦτον
1168 887 1670 969 Ναϐουχοδονόσιορ
1718 890 1941 961 ἐποίησε

290 984 536 1062 βασιλέα,
588 984 676 1051 xui
739 984 1092 1056 μετωνόμασε
1150 982 1307 1035 αὐτὸν
1369 978 1644 1066 Σεδεκίαν,
1684 980 1780 1036 Καὶ
1812 975 1941 1039 ἐϐα-

288 1072 528 1141 σίλευσεν
591 1069 686 1142 ἔτη
1042 1070 1264 1139 ἐποίησε
1317 1070 1378 1123 τὸ
1425 1068 1941 1142 πονηρόν.Καὶέπῖ

287 1162 485 1222 τούτου
534 1164 597 1230 ἦν
656 1159 942 1241 Ἱερεμίας.
991 1162 1134 1221 Ἓως
1188 1158 1385 1214 τούτου
1448 1160 1483 1227 ἡ
1543 1156 1791 1232 βασιλεία
1845 1162 1943 1223 τοῦ

291 1249 468 1306 Ἰούδα
517 1250 747 1329 ἐκράτει,
809 1250 900 1303 xui
957 1246 1251 1314 κατελύθη,
1315 1245 1496 1320 ὥσπερ
1553 1247 1641 1300 καὶ
1699 1253 1798 1314 τῆς
1835 1253 1944 1311 Σατ-

297 1339 538 1416 μαρείας,
590 1340 679 1392 καὶ
736 1341 838 1413 γὰρ
900 1338 988 1392 καὶ
1048 1340 1082 1406 ἡ
1141 1334 1305 1397 πόλις
1367 1333 1536 1403 ἑάλω,
1604 1333 1692 1388 xui
1759 1334 1946 1405 πάντες

292 1430 618 1503 ἀπήχθησαν
687 1426 1040 1502 αἰχμάλωτοι
1119 1424 1196 1486 εἷς
1276 1417 1577 1481 Βαϐυλῶνα
1650 1422 1786 1497 μετὰ
1838 1426 1945 1491 τῶν

290 1539 491 1572 σκευων
503 1562 513 1572 .

2050 626 2501 697 celebravitque,
2536 627 2691 681 sicut
2749 626 3035 696 scriptum
3096 633 3204 683 est.
3266 629 3431 685 Hunc
3490 632 3705 687 occidit

2050 714 2273 781 Pharao
2299 715 2529 779 Necbao
2561 716 2632 769 ad
2668 715 3047 787 Euphratem,
3082 733 3215 771 cum
3240 720 3533 774 contentio
3556 721 3710 776 inter

2049 820 2149 870 eqs
2180 808 2309 867 ιιι-ιθ.
2337 808 2513 865 esset.
2548 804 2739 874 Hujus
2799 809 3058 876 tempore
3116 805 3356 865 fuerunt
3409 809 3708 881 prophetas

2047 892 2355 957 Jeremias.
2382 893 2712 967 Sophonias
2724 897 2782 948 et
2797 893 2942 949 Olda
2955 894 3349 966 prophetissa,
3370 914 3514 957 uxor
3534 897 3707 955 Selle.

2049 982 2266 1045 Joakaz
2298 980 2455 1047 ﬁlius
2488 983 2616 1052 ejus
2648 983 2914 1054 regnavit
2971 999 3207 1039 menses
3266 990 3405 1051 tres,
3468 991 3524 1041 et
3577 986 3713 1043 fecit

2051 1070 2203 1141 quod
2239 1070 2458 1133 malum
2487 1077 2628 1138 erat,
2665 1071 3086 1142 transtulitque
3117 1072 3280 1128 illum
3328 1074 3549 1131 Pharao
3605 1076 3712 1133 Ne-

2054 1158 2198 1225 chao
2226 1175 2239 1213 :
2273 1160 2384 1222 sub
2417 1159 2524 1215 hoc
2555 1176 2789 1231 quoque
2824 1160 2968 1214 vixit
2998 1161 3304 1217 Jeromias.
3330 1162 3582 1219 Eliakim
3637 1163 3716 1221 al-

2057 1254 2141 1302 ter
2189 1246 2347 1311 ﬁlius
2372 1246 2676 1320 Josiae,qui
2700 1254 2756 1302 et
2775 1249 3004 1304 Joakim
3026 1254 3249 1304 mutato
3266 1253 3501 1308 nomine
3523 1254 3718 1313 dictus

2057 1343 2163 1403 est,
2201 1337 2467 1416 regnavit
2496 1354 2683 1392 annos
2716 1339 2801 1406 11,
2835 1342 2890 1392 et
2922 1339 3059 1393 fecit
3090 1340 3243 1409 quod
3288 1340 3510 1397 malum
3568 1347 3711 1405 erat.

2057 1424 2311 1505 Joakim,
2344 1427 2447 1497 qui
2471 1432 2529 1481 et
2555 1427 2871 1483 Jechonias
2905 1428 3061 1484 ﬁlius
3093 1428 3242 1498 ejus,
3274 1431 3539 1501 regnavit
3562 1447 3718 1485 men-

2062 1531 2155 1577 ses
2190 1521 2328 1589 tres,
2360 1521 2416 1570 et
2476 1516 2612 1571 fecit
2668 1518 2825 1589 quod
2888 1517 3110 1572 malum
3169 1524 3294 1573 erat
3357 1519 3717 1577 translatus-

295 1634 408 1690 que
439 1622 527 1672 est
557 1616 614 1678 in
649 1614 1026 1688 Babylonem.
1060 1614 1376 1671 Mathanan
1412 1614 1568 1668 ﬁlius
1613 1613 1762 1683 ejus.
1823 1611 1988 1680 Nunc
2044 1611 2583 1681 Nabuchodonosor
2638 1615 2945 1670 constituit
3006 1633 3225 1689 regem,
3280 1618 3713 1690 Sedekiamque

295 1710 518 1761 mutato
551 1690 789 1771 nomine
819 1703 1080 1773 vocavit;
1116 1705 1382 1774 regnavit
1408 1720 1593 1758 annos
1628 1704 1715 1771 11,
1747 1705 1804 1765 et
1837 1699 1969 1768 fecit
2000 1701 2155 1772 quod
2191 1699 2411 1767 malum
2446 1708 2589 1765 erat.
2625 1704 2743 1759 Sub
2775 1703 2889 1759 isto
2946 1721 3180 1777 quoque
3230 1711 3356 1762 erat
3402 1707 3711 1763 Jeremias.

297 1796 413 1848 Huc
444 1811 631 1868 usque
661 1792 895 1849 duravit
927 1809 1171 1865 regnum
1202 1793 1373 1858 Juda,
1409 1797 1666 1869 tuncque
1698 1790 2049 1859 subversum
2083 1793 2191 1859 est,
2255 1790 2407 1855 sicut
2463 1798 2520 1853 et
2580 1809 2825 1864 regnum
2887 1794 3166 1853 Samaria:
3196 1813 3209 1863 ;
3268 1797 3410 1851 urbs
3463 1812 3719 1868 namque

288 1882 661 1955 (Jerusalem)
695 1886 865 1954 capta
894 1886 952 1936 et
984 1881 1237 1937 universi
1271 1883 1328 1935 in
1362 1881 1717 1954 Babylonem
1749 1879 1984 1952 captivi,
2019 1896 2153 1939 cum
2184 1879 2363 1945 vasis,
2396 1880 2630 1947 abducti
2665 1888 2824 1940 sunt.

362 1974 529 2043 Ὁμοῦ
562 1970 613 2024 oi
664 1964 947 2047 γεγονότες
1000 1968 1243 2045 βασιλεῖς
1291 1966 1657 2045 Ἰερουσαλὴμ
1697 1967 1801 2033 ἀπὸ
1858 1970 1955 2020 τοῦ

2138 1967 2323 2047 Reges.
2355 1969 2553 2052 itaque
2585 1971 2642 2029 in
2672 1972 2998 2028 Jerusalem
3023 1992 3056 2029 a
3081 1974 3291 2030 Davide
3316 1991 3503 2048 usque
3531 1975 3603 2033 ad
3627 1991 3720 2030 ca-

295 2055 460 2114 Δαϐὶδ
490 2059 579 2113 xui
617 2050 781 2143 μέχρι
812 2065 910 2129 τῆς
954 2057 1028 2119 είς
1083 2052 1388 2125 Βαϐυλῶνα
1431 2056 1817 2133 αἰχμαλωσίας
1878 2054 1951 2108 si.-

293 2170 412 2203 κοσι
444 2149 533 2211 xui
566 2138 668 2223 είς,
700 2138 822 2209 ἄνευ
856 2145 1116 2217 δηλονότι
1170 2154 1271 2217 τῆς
1303 2146 1585 2213 Γοθολίας,
1632 2144 1954 2231 βασιλευσάπ

295 2260 393 2309 σης
443 2238 531 2293 καὶ
562 2237 753 2309 αὐτῆς,
816 2238 892 2309 ὡς
938 2234 1173 2313 εἷ’ρηται,
1230 2236 1364 2309 μετὰ
1409 2234 1669 2304 τελευτὴν
1703 2238 1801 2289 τοῦ
1832 2233 1953 2301 υἱοῦ

293 2327 460 2397 αὐτῆς
496 2326 749 2407 Ὀχοζίου
780 2324 871 2398 ἔτη
906 2327 1060 2381 ὲπτάυ

858 2432 1112 2495 Βασιλεῖς
1143 2431 1386 2507 Ἰσραήλ.

372 2528 457 2591 18,
489 2525 648 2602 Ἑξῆς
681 2521 747 2579 δὰ
778 2521 969 2599 ῥητὲον
1000 2523 1090 2578 καὶ
1120 2522 1245 2598 περὶ
1273 2527 1382 2578 τῶν
1427 2520 1479 2575 ἐν
1534 2519 1815 2597 Σαμαρείᾳ
1867 2539 1955 2595 γετ

298 2614 542 2691 νομένῳν
607 2610 874 2690 βασιλέων
932 2616 1029 2667 τοῦ
1092 2610 1334 2687 Ἰσραήλ·
1401 2614 1520 2671 πῶς
1577 2630 1636 2664 τε
1708 2608 1958 2677 ἐκαλεῖτε

300 2698 516 2769 ἕκαστος
564 2700 800 2776 τούτων²
850 2700 939 2754 καὶ
969 2698 1112 2763 πόσα
1141 2694 1481 2757 ἐϐασίλευσεν
1513 2693 1631 2769 ἔτη,
1686 2698 1774 2752 καὶ
1807 2697 1956 2765 ὅπῳς

298 2786 544 2855 ἐϐίωσεν.

370 2884 598 2955 Πρῶτος
638 2873 929 2955 Ἰεροϐοὰμ
958 2878 1073 2949 υἱὸς
1105 2871 1289 2947 Ναϐἀθ
1338 2872 1680 2935 ἐϐασίλευσεν
1740 2874 1791 2935 ἐν
1854 2881 1960 2941 Eua

304 2968 521 3045 μαρείᾳ,
596 2966 914 3045 σχισθείσης
1001 2968 1101 3035 τῆς
1188 2965 1495 3041 βασιλείας,
1569 2963 1811 3022 ἀνελθὼν
1867 2963 1960 3025 ἀπ’

301 3058 601 3132 Αἰγύπτου.
664 3056 759 3112 Καὶ
806 3056 1031 3126 ἐποίησε
1085 3055 1148 3109 τὸ
1206 3052 1451 3130 πονηρὰν
1512 3054 1587 3117 ὡς
1638 3050 1817 3123 οὐδεὶς
1845 3048 1963 3119 ἕτεπ

304 3166 420 3223 ρος.
455 3141 817 3219 Φοϐούμενος
848 3145 948 3221 γὰρ
985 3146 1060 3219 μή
1092 3140 1393 3216 καταλυθῇ,
1425 3140 1648 3213 ἐποίησε
1696 3139 1962 3213 δαμάλεις

301 3240 508 3311 χρυσᾶς
543 3231 666 3302 δύο,
697 3234 787 3288 xui
818 3233 1066 3301 ἡπάτησε
1091 3233 1185 3287 τὸν
1215 3231 1345 3287 λαὸν
1394 3229 1593 3306 λέγων·
1632 3256 1658 3281 ‹‹
1717 3229 1878 3285 Οὗτυι
1911 3232 1963 3284 oi

2065 2056 2389 2128 ptivitatem
2420 2059 2827 2131 Babylonicam
2855 2064 3090 2119 fuerunt
3108 2063 3313 2136 viginti
3341 2081 3494 2129 unus
3523 2081 3537 2119 :
3572 2080 3718 2137 prav-

2063 2150 2151 2215 ter
2183 2145 2537 2217 Gothpliam,
2571 2166 2699 2220 quae
2732 2155 2788 2215 et
2817 2150 2947 2222 ipsa
2977 2151 3130 2208 sicut
3159 2153 3386 2209 dictum
3420 2157 3531 2225 est,
3590 2157 3724 2225 post

2066 2233 2327 2307 eresig
2356 2234 2462 2303 ﬁlii
2497 2243 2747 2305 mortem
2779 2244 3003 2312 septem
3038 2259 3223 2299 annos
3259 2243 3546 2315 regnavit.

2696 2437 2861 2506 Rege:
2889 2437 3083 2495 Israel.

2140 2524 2226 2587 18.
2261 2526 2701 2595 Gonsequenter
2730 2531 2788 2582 et
2817 2527 2888 2581 de
2918 2528 3155 2600 regibus
3186 2530 3388 2599 Israel,
3407 2530 3508 2601 qui
3530 2530 3590 2585 in
3613 2530 3720 2585 Sa-

2068 2613 2256 2679 maria
2286 2619 2625 2686 regnarunt,
2660 2615 2974 2674 dicendum
3006 2622 3131 2673 est:
3163 2635 3394 2690 nempe,
3418 2636 3533 2690 quo
3560 2619 3721 2689 quia-

2070 2718 2182 2772 qua
2212 2706 2452 2767 vocatus
2482 2701 2561 2758 sit
2590 2702 2849 2770 nomine,
2882 2711 3028 2775 quot
3056 2723 3243 2762 annos
3285 2706 3633 2779 regnaverit,
3667 2711 3725 2775 et

2069 2791 2363 2861 quomodo
2392 2790 2620 2854 vixerit.

2140 2879 2450 2945 Jeroboam
2474 2880 2630 2941 filius
2654 2880 2879 2937 Nabatb
2908 2900 3059 2947 ,cum
3081 2884 3331 2940 redisset
3352 2901 3421 2939 ex
3458 2887 3721 2958 Egypto,

2071 2967 2256 3035 diviso
2290 2984 2466 3041 regno
2497 2969 2727 3040 primus
2758 2971 3026 3041 regnavit
3054 2972 3114 3027 in
3142 2973 3429 3029 Samaria.
3481 2979 3567 3030 Ita
3615 2990 3724 3029 au-

2072 3060 2189 3123 tem
2222 3057 2378 3127 quod
2413 3056 2637 3113 malum
2669 3062 2793 3114 erat
2822 3058 2976 3125 fecit,
3010 3064 3071 3114 ut
3103 3059 3317 3116 similis
3349 3060 3434 3116 illi
3466 3079 3582 3121 non
3602 3064 3726 3120 fue-

2074 3145 2169 3209 rit.
2201 3145 2437 3206 Veritus
2466 3146 2622 3203 enim
2656 3163 2728 3202 ne
2776 3163 3023 3219 regnum
3083 3149 3211 3219 ejus
3268 3149 3724 3222 dissolveretur;

2074 3235 2223 3290 duos
2253 3250 2461 3290 aureos
2489 3234 2703 3291 vitulos
2736 3236 2889 3306 fecit,
2920 3242 2976 3292 et
3010 3237 3289 3308 populum
3323 3240 3578 3307 seduxit,
3636 3242 3726 3297 di-

300 3322 413 3387 θεοί
445 3324 579 3387 εἰσιν
616 3323 668 3377 oi
695 3321 1049 3399 ἀναγαγόντες
1081 3323 1228 3393 ἡμᾶς
1260 3320 1312 3391 ἐξ
1351 3319 1649 3397 Αἰγύπτου.
1700 3343 1728 3382 ››
1758 3318 1959 3385 Ἐπλά-

2075 3339 2252 3387 cens:
2284 3343 2311 3375 ι
2348 3323 2417 3389 Hi
2449 3328 2590 3380 sunt
2618 3323 2697 3378 dii
2731 3324 2830 3396 qui
2879 3325 3207 3382 eduxerunt
3265 3345 3372 3387 nos
3428 3346 3497 3385 ex
3552 3331 3721 3403 lEgy-

299 3432 428 3468 σατο
462 3410 519 3466 δὲ
566 3411 657 3468 καὶ
716 3412 891 3489 ίερὲας
942 3410 1151 3480 αὐταῖς,
1182 3409 1272 3464 xui
1306 3408 1478 3472 οὕτως
1508 3408 1666 3471 αὐτὸς
1695 3408 1965 3485 ἐξήμαρτε

299 3502 391 3556 τὸν
422 3499 667 3583 Ἰσραήλ.
718 3500 885 3573 Αὐτῷ
934 3499 1035 3576 γὰρ
1086 3498 1281 3571 πάντες
1314 3499 1365 3553 οἱ
1400 3504 1512 3571 μετ’
1541 3498 1702 3553 αὐτὸν
1732 3519 1973 3569 κατηκο-

305 3584 601 3671 Λούθησαν.
628 3585 841 3644 Ἐϐασί)
858 3610 977 3643 ευσε
1008 3586 1063 3643 δὲ
1094 3584 1186 3658 ἔτη
1215 3586 1313 3644 κδ’.
1349 3588 1468 3642 Ἐπὶ
1498 3592 1688 3643 τοῦτον
1730 3588 1795 3658 ἧν
1829 3608 1964 3664 προ-

306 3682 482 3758 φήτης
514 3682 678 3755 Ἀχιᾶ
707 3680 735 3733 6
772 3677 1121 3749 Σηλωνίτης,
1152 3678 1241 3733 xui
1293 3679 1321 3731 6
1372 3676 1830 3752 ἐπικαλεσάμενος
1878 3676 1966 3733 ἐπὶ

308 3770 369 3824 τὸ
393 3770 773 3843 θυσιαστήριον
807 3770 923 3822 κατ’
956 3767 1142 3835 αὐτοῦ,

380 3853 564 3933 Ναϐὰθ
595 3859 710 3920 υἱὸς
742 3857 907 3912 αὐτοῦ
934 3852 1028 3928 ἔτη
1067 3857 1134 3932 β’·
1168 3856 1258 3910 xui
1309 3855 1531 3926 ἐποίησε
1585 3856 1648 3910 τὸ
1698 3857 1964 3939 πονηρόν.

310 3947 406 4003 Καὶ
439 3947 539 4001 οὐκ
587 3942 665 4013 ἔτι
720 3950 818 4002 τοῦ
847 3947 1035 4022 γένους
1067 3945 1233 4007 αὐτοῦ
1264 3939 1596 4000 ἐϐασίλευσε.
1660 3947 1843 4005 Βαασᾶ
1873 3944 1968 4000 ἂλ-

310 4034 413 4090 λου
466 4036 656 4121 γένους
714 4033 807 4104 ἔτη
868 4031 969 4088 κδ”
1029 4034 1119 4088 καὶ
1164 4032 1389 4103 ἐποίησε
1435 4034 1498 4087 τὸ
1541 4034 1797 4109 πονθρόν.
1834 4035 1971 4099 ’11Λᾷ

312 4125 426 4189 υἱὸς
475 4123 640 4189 αὐτοῦ
684 4121 779 4195 ἔτη
829 4123 894 4199 β’”
952 4122 1041 4176 καὶ
1101 4121 1326 4192 ἐποίησε
1352 4123 1414 4176 τὸ
1445 4122 1708 4198 πονηρόν.
1744 4121 1841 4185 Καὶ
1873 4123 1972 4181 οὐκ

314 4212 390 4269 ἔτι
421 4217 521 4268 τοῦ
577 4215 765 4289 γένους
817 4211 981 4266 αὐτοῦ
1040 4206 1378 4267 ἐϐασίλευσε,
1440 4206 1665 4285 Ζαμϐρῆ
1726 4214 1839 4286 (12)
1866 4211 1973 4277 ἑτέ-

316 4324 412 4379 pou
470 4303 660 4379 γένους
719 4300 810 4372 ἔτη
861 4302 950 4379 ιβ’·
991 4300 1081 4357 καὶ
1116 4299 1342 4370 ἐποίησε
1371 4299 1434 4355 τὸ
1465 4299 1723 4376 πονηρόν.
1756 4296 1970 4377 Ἀχαὰϐ

315 4394 429 4461 υἱὸς
474 4391 639 4457 αὐτοῦ
683 4389 776 4465 ἔτη
837 4391 942 4464 κβ’·
1006 4390 1095 4445 καὶ
1154 4388 1380 4463 ἐποίησε
1418 4390 1481 4444 τὸ
1512 4390 1751 4465 πονηρὸν
1800 4389 1969 4450 πλέον

312 4482 421 4538 τῶν
481 4480 690 4536 ἄλλων.
748 4480 871 4534 Ἐπὶ
923 4479 1120 4534 τούτου
1169 4481 1447 4556 προφῆται
1495 4479 1632 4547 ἦσαν
1658 4479 1850 4543 Ἠλίας
1880 4479 1969 4541 xui

316 4571 625 4639 Ἐλισσαῖος
698 4570 789 4624 καὶ
866 4569 1128 4645 Μιχαίας,
1201 4569 1291 4623 καὶ
1369 4569 1397 4622 ὁ
1458 4568 1837 4639 προφητεύσας
1892 4574 1971 4641 τῷ

316 4655 528 4743 Ἀχαὰϐ
586 4659 710 4736 περὶ
766 4666 867 4729 τῆς
913 4658 1111 4734 Συρίας
1158 4658 1249 4713 xui
1298 4655 1394 4712 τοῦ
1426 4658 1545 4723 υἱοῦ
1591 4654 1770 4734 ’Δδέρ,
1801 4658 1891 4713 καὶ
1934 4661 1969 4743 ,ὃ

596 4717 789 4811 Ἴαιίτὸνβ
824 4717 1118 4823 ζτγραύεέατι-⁹
1168 4747 1258 4800 xui
1320 4717 1539 4821 ἐλέγξας
1570 4747 1661 4801 τὸν
1719 4717 1967 4827 ι’Ᾰχαὰϐ,
2004 4717 2048 4782 D

316 4838 405 4897 xui
436 4838 641 4894 πολλοὶ
673 4839 791 4901 καθ’
821 4835 1043 4897 ἑαυτοὺς
1070 4834 1185 4895 υἱοὶ
1215 4839 1321 4897 τῶν
1351 4839 1668 4911 προθητῶν,
1719 4836 1969 4913 Ὀχοζίας

318 4928 433 4992 υίὸς
464 4926 628 4991 αὐτοῦ
689 4923 781 4996 ἔτη
836 4926 907 5003 β’·
966 4925 1058 4982 xui
1089 4922 1313 4995 ἐποίησε
1340 4923 1405 4979 τὸ
1433 4923 1698 4999 πονηρόν.
1731 4924 1829 4979 Καὶ
1882 4924 1970 4980 ἐπὶ

314 5014 515 5070 τούτου
563 5016 699 5085 ἦσαν
747 5013 937 5074 Ἠλίας
984 5012 1073 5068 xui
1125 5010 1454 5074 Ἐλισσαῖος.
1491 5012 1668 5066 Αὐτοῦ
1696 5011 1796 5088 γὰρ
1844 5014 1972 5075 τοὺς

320 5104 831 5179 πεντηκοντᾴρχους
866 5102 1117 5183 ἐπάταξεν
1154 5099 1204 5155 ἐν
1237 5100 1365 5177 πυρὶ
1398 5099 1590 5164 Ἠλίας
1645 5100 1697 5156 ἐν
1762 5101 1973 5177 ρήματε

322 5192 535 5263 Κυρίου.
597 5191 855 5269 Ἰωαράμ,
913 5192 1031 5255 υἱὸς
1087 5188 1269 5267 ἔτερος
1320 5184 1557 5266 Ἀχαὰ6,
1605 5188 1696 5261 ἔτη
1732 5192 1818 5265 ιβ’·
1880 5191 1970 5246 xui

320 5280 539 5352 ἐποίησε
588 5281 651 5350 τὸ
699 5279 953 5357 πονηρόν,
1014 5279 1111 5335 Καὶ
1166 5277 1265 5339 οὐκ
1312 5273 1391 5333 ἔτι
1431 5283 1528 5333 τοῦ
1559 5277 1749 5355 γένους
1806 5279 1971 5335 αὐτοῦ

320 5365 655 5435 ἐϐασίλευσε.
690 5372 786 5425 Καὶ
819 5370 847 5425 6
882 5389 975 5446 trav
1010 5366 1200 5432 Ἠλίας
1260 5368 1349 5423 ἐπὶ
1404 5367 1602 5423 τούτου
1660 5365 1967 5445 ἀνελήφθη.

389 5524 436 5560 ⁸³
467 5525 541 5581 ΙΙΙ
575 5524 714 5597 Reg.
748 5539 848 5589 xu,
879 5522 971 5577 28.

2078 3417 2175 3485 pte
2207 3413 2272 3467 ⁸⁸.
2300 3433 2328 3475 ι)
2351 3413 2618 3473 Instituit
2636 3414 2812 3469 etiam
2843 3414 2990 3486 ipsis
3021 3417 3375 3488 sacerdotes,
3408 3422 3584 3490 atque
3644 3420 3727 3476 ita

2077 3518 2315 3575 peccare
2345 3502 2479 3567 fecit
2513 3501 2807 3559 lsraelem.
2840 3507 3041 3575 Ipsum
3093 3505 3253 3563 enim
3285 3522 3491 3563 omnes
3522 3513 3728 3580 postea

2077 3606 2243 3663 reges
2273 3590 2488 3647 imitati
2517 3596 2657 3651 sunt
2685 3609 2699 3661 ;
2734 3592 2996 3663 regnavit
3025 3599 3221 3650 autem
3254 3611 3441 3652 annos
3468 3597 3559 3669 24,
3610 3597 3723 3653 sub

2075 3680 2185 3735 hoc
2206 3683 2332 3736 erat
2360 3679 2645 3753 propheta
2673 3680 2857 3736 Acbia
2913 3682 3194 3749 Selonita,
3250 3689 3309 3741 et
3366 3686 3467 3757 qui
3522 3690 3729 3743 contra

2075 3768 2272 3851 ipsum
2304 3786 2481 3851 super
2511 3769 2693 3827 altare
2722 3770 3073 3831 vociferatus
3114 3777 3223 3829 est.

2148 3857 2375 3925 Nahath
2408 3859 2567 3923 filius
2596 3860 2724 3929 ejus
2756 3860 3018 3932 regnavit
3046 3877 3232 3917 annos
3266 3862 3436 3933 duos,
3477 3868 3534 3919 et
3595 3864 3732 3923 fecit

2078 3947 2234 4018 quod
2269 3946 2488 4015 malum
2521 3953 2663 4011 erat.
2697 3948 2814 4004 Neo
2844 3948 3102 4023 amplius
3137 3955 3266 4021 post
3296 3950 3467 4007 illum
3502 3953 3573 4008 de
3629 3969 3729 4025 ge-

2080 4052 2215 4103 nere
2240 4037 2425 4120 ipsius
2447 4037 2740 4117 quiSpiam
2767 4038 3050 4111 regnavit.
3076 4039 3263 4097 Baasa
3286 4040 3355 4095 de
3386 4041 3502 4099 alia
3525 4041 3729 4113 stirpe,

2080 4124 2343 4197 regnavit
2372 4143 2557 4193 annos
2583 4127 2673 4201 24,
2698 4133 2755 4184 et
2786 4129 2919 4191 fecit
2946 4129 3098 4199 quod
3150 4129 3370 4185 malum
3429 4135 3571 4187 erat.
3632 4130 3735 4193 Ela

2083 4213 2240 4279 filius
2272 4216 2401 4295 ejus
2432 4232 2618 4275 annos
2647 4217 2702 4285 2,
2735 4220 2791 4271 et
2822 4216 2955 4271 fecit
2987 4218 3141 4287 quod
3177 4219 3399 4281 malum
3434 4226 3576 4288 erat,
3627 4238 3733 4276 nec

2081 4301 2151 4367 de
2183 4304 2311 4377 ejus
2341 4304 2522 4376 stirpe
2555 4309 2755 4375 postea
2786 4306 3096 4375 quisquam
3159 4309 3440 4380 regnavit.
3490 4310 3737 4375 Zambre

2080 4390 2319 4459 alterius
2353 4393 2584 4469 generis
2617 4394 2879 4466 regnavit
2912 4411 3097 4459 annos
3145 4397 3234 4461 12,
3287 4401 3342 4451 et
3392 4398 3527 4453 fecit
3576 4399 3733 4470 quod

2080 4480 2305 4536 malum
2336 4470 2479 4537 erat.
2514 4482 2751 4538 Achaab
2784 4483 2943 4538 ﬁlius
2974 4486 3104 4554 ejus
3140 4486 3400 4556 regnavit
3432 4505 3617 4547 annos
3644 4490 3735 4557 22,

2080 4576 2158 4641 et,
2196 4570 2513 4651 plusquam
2546 4572 2759 4640 ceteri,
2791 4572 2929 4628 fecit
2953 4574 3107 4645 quod
3144 4574 3366 4637 malum
3401 4582 3566 4637 erat:
3626 4578 3739 4634 sub

2078 4661 2188 4715 hoc
2220 4661 2515 4742 prophetae
2546 4665 2712 4717 erant
2771 4661 2945 4732 Elias,
3008 4663 3257 4732 Eliseus,
3326 4665 3619 4735 Michasas,
3680 4673 3740 4735 et

2082 4750 2180 4822 qui
2214 4749 2334 4827 regi
2365 4750 2606 4815 Achaab
2638 4751 2709 4807 de
2739 4751 2908 4823 Syria
2950 4756 3007 4807 et
3038 4753 3155 4808 filio
3214 4756 3368 4810 Ader
3425 4756 3738 4829 propheta-

2082 4838 2181 4909 vit,
2216 4838 2317 4911 qui
2350 4839 2583 4911 proprio
2634 4841 2812 4915 jussu
2873 4858 3192 4913 percussus
3248 4860 3315 4899 ac
3373 4845 3739 4915 vulneratus,

2082 4943 2277 4999 regem
2310 4927 2544 4993 Aehaab
2575 4928 2895 5000 redarguit.
2931 4930 2997 4989 Et
3027 4938 3306 5003 praeterea
3340 4950 3607 4992 seorsum
3630 4934 3740 4989 ha-

2081 5015 2338 5087 bitantes
2371 5016 2546 5071 multi
2577 5018 2998 5089 prophetarum
3061 5019 3185 5075 ﬁlii.
3250 5024 3404 5085 118
3458 5022 3741 5085 Ochozias

2082 5104 2241 5160 ﬁlius
2269 5109 2419 5175 ejus,
2446 5105 2709 5178 regnavit
2735 5124 2922 5164 annos
2954 5108 3125 5175 duos,
3160 5116 3217 5164 et
3249 5110 3381 5165 fecit
3410 5112 3562 5183 quod
3610 5128 3739 5166 ma-

2081 5191 2205 5249 lum
2238 5199 2381 5249 erat.
2415 5193 2607 5265 Hujus
2637 5212 2870 5268 quoque
2898 5201 3160 5268 tempore
3189 5205 3355 5253 erant
3379 5200 3534 5256 Filias
3554 5203 3611 5254 et
3629 5199 3744 5254 Eli-

2082 5299 2256 5341 seus:
2293 5283 2832 5360 quinquagenarias
2865 5285 3022 5342 enim
3054 5286 3206 5345 alios
3255 5287 3389 5358 igne
3450 5290 3744 5360 percussit

2083 5371 2236 5437 Elias
2266 5373 2326 5428 in
2352 5358 2527 5437 verbi)
2562 5374 2813 5429 Domini.
2844 5376 3065 5441 Joram,
3097 5374 3243 5431 alter
3272 5375 3431 5433 ﬁlius
3452 5358 3462 5360 ἓ
3481 5375 3742 5445 Aobaab,

393 5670 506 5742 (12)
539 5669 603 5733 In
634 5666 785 5731 libro
818 5668 895 5725 ΙΙΙ
926 5668 1067 5739 Reg.
1100 5667 1327 5724 dicitur
1356 5665 1585 5723 Zambri
1618 5683 1897 5740 regnasse
1927 5673 2150 5742 septem
2186 5674 2414 5726 tantum
2448 5668 2595 5739 dies,
2628 5673 2685 5724 et
2714 5673 2849 5739 post
2902 5684 3033 5725 eum
3083 5668 3248 5724 Amai
3298 5675 3463 5740 pater
3508 5665 3752 5725 Achsab

326 5742 634 5798 duodecim
669 5756 876 5796 annos.
