4154 6364
384 405 502 465 29³7

1571 403 1637 463 S.
1685 401 2206 462 ATHANASIUS.
2233 432 2311 444 —
2340 400 2605 463 DUBIA.

3684 406 3805 467 228

384 530 651 607 regnavit
667 547 853 587 annos
871 530 1205 598 duodecim,
1233 536 1290 587 et
1309 531 1445 589 fecit
1465 532 1622 604 quod
1645 530 1868 587 malum
1890 534 2032 587 erat.

2156 530 2178 584 ὁ
2210 526 2268 584 δὲ
2299 527 2606 591 Ἐλισσαῖος
2633 525 2903 601 διάμεινεν
2933 525 3038 591 ἓως
3069 525 3380 605 Ἰεροϐοᾶμ,
3439 532 3562 586 υἱοῦ
3622 535 3799 607 Ἰωᾶς,

384 625 521 680 Post
552 624 706 677 hunc
737 636 909 675 nemo
942 618 1199 692 amplius
1239 621 1309 676 de
1340 620 1451 676 hac
1489 622 1668 693 stirpe
1725 618 1988 693 regnavit
2015 635 2028 675 :

377 713 495 780 pub
528 711 639 766 isto
672 714 1012 779 assumptus
1046 712 1136 763 est
1162 708 1337 764 Elias.
1369 708 1599 765 Eliseus
1628 726 1760 765 vero
1819 709 2034 779 perdu-

385 801 533 857 ravit
564 815 752 870 usque
783 798 854 853 ad
883 798 1194 853 Jeroboam
1226 796 1415 853 ﬁlium
1446 798 1587 854 Joas
1613 814 1806 870 regem
1829 797 2031 854 lsrael.

384 890 564 945 Erant
593 893 789 943 autem
822 886 934 941 sub
964 885 1094 941 istis
1126 885 1301 941 etiam
1335 885 1436 941 ﬁlii
1469 886 1911 959 prophetarum.
1940 887 2032 941 Je-

384 978 461 1034 hu
497 975 712 1035 dealia
742 974 925 1047 stirpe
979 973 1138 1029 ﬁlius
1183 975 1486 1043 Namesse,
1534 975 1801 1047 regnavit
1848 991 2035 1030 annos

382 1066 589 1139 viginti
619 1070 770 1120 octo.
794 1063 898 1118 Hic
920 1078 1107 1135 genus
1130 1063 1365 1118 Achaab
1388 1063 1651 1132 sustulit,
1696 1069 1752 1118 et
1782 1064 2034 1135 prophe-

383 1161 476 1212 tas
496 1154 630 1210 Baal
658 1169 759 1226 per
786 1152 1032 1207 insidias
1055 1152 1289 1219 occidit,
1317 1158 1696 1224 statuamque
1719 1153 1877 1207 illius
1898 1170 2033 1208 con—

385 1244 566 1300 trivit.
600 1244 667 1299 Et
697 1258 828 1298 cum
860 1240 918 1295 in
953 1241 1115 1297 hisce
1150 1240 1380 1297 fecisset
1409 1242 1562 1313 quod
1616 1247 1833 1297 rectum
1889 1247 2033 1309 erat,

388 1333 840 1407 promissionem
872 1332 1096 1402 acoepit
1126 1331 1281 1403 quod
1314 1330 1502 1402 ipsius
1535 1329 1635 1385 filii
1669 1331 1738 1385 ad
1765 1336 2035 1402 quartam

2146 615 2417 692 βασιλέως
2449 617 2688 692 Ἰσραήλ.
2722 620 2891 674 Ἦσαν
2924 616 2982 673 δὲ
3024 617 3110 673 ἐπὶ
3139 619 3356 682 τούτοις
3388 620 3480 674 καὶ
3532 623 3643 676 υἱοὶ
3691 628 3802 679 τῶν

2142 710 2460 783 προφητῶν.
2524 707 2629 762 Ἰοῦ
2688 706 2872 781 ἑτέρου
2931 707 3140 784 γένους,
3203 708 3317 770 υίὸς
3368 716 3651 783 Ναμεσσῆ,
3703 710 3795 784 ἔτη

2142 802 2247 865 κη’.
2280 795 2447 858 Οὗτος
2479 794 2661 850 ἀνεῖλε
2688 796 2749 850 τὸ
2775 796 2931 871 γένος
2963 792 3198 873 Ἀχαὰϐ,
3244 798 3336 853 καὶ
3391 798 3523 862 τοὺς
3581 805 3795 879 προφή-

2141 905 2236 947 τας
2265 888 2363 939 τοῦ
2424 884 2570 940 Βάαλ
2621 884 2671 939 ἐν
2720 889 3057 961 πτερνισμῷ,
3117 886 3205 940 καὶ
3257 887 3357 955 τήν
3388 887 3598 959 στήλην
3633 889 3795 945 αὐτοῦ

2143 972 2441 1048 συνέτριψε.
2499 974 2594 1028 Καὶ
2652 973 2704 1028 ἐν
2764 973 2942 1047 τούτῳ
2999 977 3236 1045 ποιήσας
3292 976 3356 1030 τὸ
3416 976 3586 1047 staec,
3636 977 3791 1055 ἔσχεν

2145 1061 2491 1138 ἐπαγγελίαν,
2554 1062 2638 1116 ὅτι
2709 1062 2827 1117 Υἱοὶ
2900 1065 3146 1137 τέταρτοι
3202 1063 3511 1128 καθίσονταί
3563 1088 3646 1121 σοι
3706 1067 3792 1122 ἐπὶ

2146 1150 2340 1224 θρόνου
2387 1148 2629 1227 Ἰσραήλ.
2672 1148 2826 1220 Πλὴν
2860 1150 2960 1207 οὐκ
2988 1150 3244 1229 ἐφύλαξεν
3273 1151 3324 1207 ἐν
3353 1151 3457 1228 ὅλῃ
3486 1152 3679 1231 καρδίᾳ
3705 1156 3797 1211 τὸν

2144 1239 2335 1312 νόμον’
2370 1239 2470 1294 οὐκ
2499 1240 2701 1310 ἀπέστη
2733 1240 2833 1316 γὰρ
2884 1244 2992 1295 τῶν
3038 1242 3317 1317 ἁμαρτιῶν
3362 1239 3652 1318 Ἰεροϐοὰμ
3709 1242 3799 1299 διὰ

2144 1329 2240 1390 τὰς
2273 1325 2559 1401 δαμάλεις.

387 1439 577 1495 usque
612 1420 1045 1494 generationem
1078 1420 1297 1474 sessuri
1332 1426 1527 1474 essent
1558 1436 1736 1491 super
1760 1419 2039 1475 thronum
2067 1417 2267 1475 Israel.
2297 1418 2716 1475 Verumtamen
2770 1420 2956 1493 legem
2988 1420 3218 1476 Domini
3254 1437 3367 1477 non
3400 1423 3646 1478 servavit
3677 1429 3798 1480 toto

384 1514 557 1570 corde
584 1528 598 1568 :
634 1526 823 1582 neque
852 1510 1008 1564 enim
1042 1525 1075 1563 a
1097 1508 1348 1580 peccatis
1377 1508 1688 1564 Jeroboam
1719 1508 2022 1575 abstinuit,
2059 1507 2217 1564 circa
2253 1506 2475 1563 vitulos
2505 1507 2658 1563 illos.

454 1617 704 1675 JOachaz
730 1615 891 1671 ﬁlius
920 1616 1069 1687 ejus,
1105 1615 1365 1687 regnavit
1395 1633 1580 1671 annos
1624 1616 1725 1683 47;
1779 1615 2046 1688 fecitque

383 1708 536 1781 quod
566 1706 790 1763 malum
823 1709 963 1761 erat.
996 1704 1130 1760 Joas
1162 1704 1317 1760 ﬁlius
1348 1706 1475 1775 ejus
1535 1705 1798 1777 regnavit
1844 1721 2030 1761 annos

384 1796 661 1863 sedecim,
684 1799 743 1851 et
774 1794 906 1850 fecit
935 1794 1090 1866 quod
1123 1793 1343 1849 malum
1377 1798 1517 1849 erat.
1550 1793 1875 1849 Jerusalem
1934 1810 2030 1848 ex-

383 1885 685 1959 pugnavit,
711 1899 920 1941 aurum
951 1888 1006 1938 et
1026 1899 1165 1941 vasa
1194 1882 1453 1944 abstulit.
1514 1882 1822 1938 Jeroboam
1875 1882 2032 1939 ﬁlius

2212 1611 2437 1689 Ἰοάχαζ
2484 1613 2596 1675 υἱὸς
2647 1611 2809 1667 αύτοῦ
2864 1608 2954 1683 ἔτη
2994 1614 3075 1682 ιζ’·
3108 1614 3197 1668 καὶ
3258 1612 3479 1685 ἐποίησε
3504 1615 3563 1670 τὸ
3622 1637 3795 1689 πονη-

2142 1700 2253 1777 ρόν.
2290 1702 2444 1763 Ἰωᾶς
2476 1702 2592 1762 υἱὸς
2648 1701 2810 1756 αὐτοῦ
2867 1698 2958 1768 ἔτη
3015 1703 3097 1764 ις’·
3148 1702 3236 1756 καὶ
3266 1701 3491 1771 ἐποίησε
3519 1703 3580 1757 τὸ
3623 1725 3795 1774 πονη-

2144 1790 2258 1864 ρόν.
2309 1790 2408 1845 Καὶ
2466 1789 2723 1862 ἐπολέμει
2783 1791 2882 1860 τήν
2933 1788 3316 1863 Ἰερουσαλήμ,
3374 1791 3462 1846 καὶ
3525 1787 3688 1846 ἔλαϐε
3735 1792 3796 1846 τὸ

2144 1878 2371 1954 χρυσίον
2428 1879 2516 1934 καὶ
2562 1879 2628 1933 τὰ
2662 1878 2863 1949 σκεύη.
2898 1874 3185 1955 Ἰεροϐοάμ
3215 1879 3330 1941 υἱὸς
3359 1879 3525 1934 αὐτοῦ
3557 1879 3648 1951 ἔτη
3686 1882 3791 1954 μα’·

380 1953 515 2046 eju's
536 1953 800 2047 regnavit
830 1989 1016 2028 annos
1047 1973 1135 2038 41,
1168 1976 1225 2027 et
1257 1971 1388 2026 fecit
1414 1971 1570 2043 quod
1604 1970 1825 2027 malum
1886 1974 2029 2027 erat.

2156 1953 2231 2022 ιαὶ
2262 1966 2489 2039 ἐποίησε
2529 1968 2592 2021 τὸ
2635 1967 2894 2044 πονηρόν,
2954 1953 3227 2043 Ζαχαρίας
3272 1970 3386 2032 υἱὸς
3420 1969 3585 2024 αύτυῦ
3621 1972 3794 2043 μῆνας

385 2063 699 2120 Zacharius
720 2061 877 2117 ﬁlius
897 2060 1206 2117 Jeroboam
1239 2061 1499 2133 regnavit
1531 2076 1765 2115 menses
1795 2077 1915 2131 sex,
1975 2064 2035 2117 et

386 2156 659 2226 operatus
679 2154 769 2207 est
790 2149 1031 2205 malum.
1062 2149 1354 2205 Hactenus
1371 2164 1557 2221 genus
1576 2148 1724 2205 Jehu
1771 2148 1830 2203 in
1864 2164 2035 2220 quar-

380 2249 504 2300 tam
534 2239 969 2314 generationem
992 2238 1241 2294 duravit.
1266 2236 1487 2294 Selium
1512 2254 1580 2292 ex
1603 2236 1719 2292 alia
1753 2238 2034 2309 progenie

382 2331 542 2386 ﬁlius
570 2329 752 2394 labis,
786 2326 1052 2398 regnavit
1079 2324 1202 2381 dies
1258 2324 1523 2397 triginta,
1569 2330 1627 2379 et
1683 2323 1818 2379 fecit
1875 2324 2030 2395 quod

384 2419 608 2475 malum
633 2422 777 2472 erat.
810 2416 1077 2471 Manaem
1108 2429 1177 2468 ex
1206 2412 1321 2468 alio
1351 2428 1564 2485 genere
1610 2411 1768 2467 ﬁlius
1812 2412 2032 2481 Gadde,

385 2507 647 2579 regnavit
676 2521 865 2560 annos
892 2504 984 2571 20,
1017 2508 1075 2559 et
1107 2502 1241 2558 fecit
1268 2502 1425 2573 quod
1459 2503 1676 2556 malum
1710 2505 1855 2557 erat.
1883 2501 2033 2556 Pha-

382 2595 567 2666 keias,
597 2594 756 2649 ﬁlius
784 2596 1071 2658 Manaem,
1105 2590 1366 2662 regnavit
1421 2607 1607 2669 annqs
1656 2591 1741 2658 10,
1794 2594 1851 2645 et
1898 2589 2036 2645 fecit

383 2685 538 2756 quod
572 2688 696 2738 erat
731 2681 974 2737 malum.
1037 2680 1226 2753 Hujus
1282 2676 1565 2750 tempore
1604 2678 2034 2750 prophetarunt

382 2773 561 2829 Isaias
584 2777 641 2828 et
669 2771 833 2827 Osee.
867 2770 1116 2836 Phakee,
1150 2771 1221 2826 de
1250 2770 1366 2824 alia
1394 2769 1595 2840 stirpe,
1623 2768 1783 2824 ﬁlius
1818 2768 2034 2825 Rome-

383 2861 498 2928 liaa,
525 2861 784 2933 regnavit
806 2874 992 2915 annos
1010 2860 1082 2913 20
1109 2876 1125 2927 ;
1149 2858 1242 2914 hic
1272 2857 1485 2914 occidit
1516 2857 1853 2923 Phakeiam,
1874 2865 1931 2913 et
1952 2857 2034 2914 fe-

385 2950 465 3006 cit
494 2950 647 3023 quod
680 2948 900 3004 malum
936 2954 1081 3003 erat.
1115 2947 1235 3004 Sub
1266 2947 1376 3003 hoc
1405 2962 1637 3019 quoque
1654 2952 1822 3003 erant
1852 2948 2035 3004 Isaias

385 3045 443 3095 et
471 3038 616 3095 Osee
647 3037 961 3111 prophetas.
994 3036 1139 3093 Osee
1178 3035 1414 3092 aliunde
1465 3041 1641 3091 natus
1696 3034 1857 3091 ﬁlius
1915 3035 2033 3103 Ela,

2139 2055 2217 2128 ἓξ,
2276 2056 2366 2113 καὶ
2420 2055 2643 2127 ἐποίησε
2699 2057 2761 2112 τὸ
2809 2056 3073 2132 πονηρόν.
3132 2059 3279 2119 Ἕως
3324 2058 3521 2114 τούτου
3548 2059 3610 2113 τὸ
3640 2059 3797 2134 γένος

2144 2146 2251 2203 Ἰοῦ
2297 2144 2579 2222 γεγόνασιν
2633 2146 2739 2199 υἱοὶ
2786 2144 3053 2221 τέταρτοι.
3100 2144 3362 2220 Σελλοὺμ
3390 2147 3575 2223 ἑτέρου
3606 2148 3797 2223 γένους

2143 2233 2260 2295 υἱὸς
2321 2229 2485 2295 Ἰαϐὶς
2545 2235 2755 2308 ἡμέρας
2815 2230 2882 2289 λ”
2940 2235 3030 2289 καὶ
3104 2235 3327 2302 ἐποίησε
3399 2237 3461 2291 τὸ
3533 2236 3795 2312 πονηρόν.

2143 2323 2383 2394 Maria-iw.
2411 2321 2583 2378 ἄλλου
2616 2324 2804 2397 γένους
2835 2324 2949 2386 υἱὸς
2984 2320 3183 2393 Γαδδή,
3237 2321 3329 2395 ἔτη
3357 2327 3423 2379 κ’·
3456 2325 3543 2380 καὶ
3577 2325 3801 2396 ἐποίησε

2141 2412 2205 2466 τὸ
2259 2411 2519 2482 πονηρόν.
2586 2410 2819 2474 ψακείας
2879 2413 2994 2474 υἱὸς
3026 2413 3210 2485 αὐτοῦ,
3242 2411 3337 2483 ’ἐτη
3372 2416 3422 2467 ι’⁶
3456 2415 3545 2469 καὶ
3575 2414 3802 2485 ἐποίησε

2141 2501 2204 2555 τὸ
2280 2500 2543 2575 πονηρόν.
2624 2502 2746 2556 Ἑπί
2800 2501 2996 2556 τούτου
3028 2502 3250 2563 Ἡσαΐας
3306 2501 3395 2556 καὶ
3450 2503 3610 2573 Ὠσηὲ
3663 2506 3821 2572 ἦσαν·

2144 2588 2597 2667 προφητεύοντες.
2661 2591 2833 2645 Φακεὶ
2890 2590 3065 2647 ἄλλου
3091 2589 3302 2665 γένους,
3337 2592 3453 2654 υἱὸς
3483 2592 3800 2666 Ῥομελίου,

2140 2674 2237 2749 ἓτη
2296 2685 2361 2734 κ’.
2417 2677 2583 2740 Οὗτος
2614 2677 2803 2756 ἔσφαξε
2847 2679 2937 2734 τὸν
2997 2680 3253 2750 Φακείαν,
3312 2681 3400 2735 καὶ
3460 2680 3682 2752 ἐποίησε
3739 2681 3801 2736 τὸ

2143 2767 2409 2844 πονηρὸν,
2463 2768 2552 2823 καὶ
2602 2767 2690 2823 ἐπὶ
2747 2768 2945 2824 τούτου
3000 2769 3380 2838 ἧσανἮσαῒας
3434 2770 3522 2824 καὶ
3554 2770 3715 2839 Ὠσηὲ
3745 2772 3797 2824 οἱ

2144 2864 2442 2936 προφῆται.
2479 2857 2640 2927 Ὠσηὲ
2669 2856 2854 2933 ἐτέρου
2884 2859 3099 2931 γένους,
3131 2856 3247 2917 υἱὸς
3279 2853 3438 2927 Ἠλᾶ,
3468 2852 3560 2926 ἔτη
3598 2863 3659 2919 θ’.
3693 2854 3798 2910 Οὗ-

2143 2967 2237 3008 τος
2271 2943 2461 3023 ἔσφαξε
2487 2949 2580 3000 τὸν
2613 2946 2807 3014 Φακεὲ,
2840 2945 2929 2999 καὶ
2961 2943 3184 3015 ἐποίησε
3210 2945 3272 3000 τὸ
3328 2944 3591 3020 πονηρὸν,
3650 2942 3798 3013 πλὴν

2146 3034 2255 3109 οὐχ
2284 3034 2360 3095 ὡς
2391 3035 2443 3087 οἱ
2475 3032 2582 3109 πρὸ
2612 3032 2796 3087 αὐτοῦ.

385 3127 652 3201 regnavit
682 3143 867 3183 annos
894 3126 950 3180 9.
983 3129 1101 3182 Iste
1130 3125 1344 3182 occidit
1372 3140 1569 3198 regem
1617 3124 1867 3192 Phakee,
1899 3130 1956 3180 et
1987 3124 2121 3180 fecit
2164 3123 2317 3197 quod
2379 3123 2604 3178 malum
2664 3126 2808 3191 erat,
2870 3127 3273 3179 verumtamen
3333 3139 3448 3179 non
3505 3126 3660 3181 sicut
3703 3126 3806 3197 qui

384 3221 519 3273 ante
546 3216 741 3288 ipsum
765 3219 1105 3289 regnarunt.

460 3328 519 3379 In
556 3324 668 3379 isto
698 3324 843 3378 Osee
872 3321 1102 3378 ﬁnitum
1138 3325 1227 3378 est
1256 3336 1501 3393 regnum
1529 3319 1826 3375 Samaria.
1878 3318 2042 3374 Tunc
2071 3322 2115 3389 (ι

391 3412 547 3468 enim
583 3412 830 3467 cessavit
858 3427 925 3467 ac
955 3410 1126 3483 periit
1179 3410 1466 3475 Samaria,
1526 3425 1705 3482 quam
1766 3407 2044 3479 deinceps

391 3500 615 3573 Assyrii
647 3499 1070 3567 inhabitarunt,
1102 3516 1171 3554 ex
1199 3499 1415 3571 quibus
1442 3497 1550 3554 orti
1583 3501 1726 3553 sunt
1785 3495 2045 3552 haeretici

395 3590 716 3657 Samaritae,
753 3589 851 3659 qui
890 3593 950 3645 et
975 3588 1281 3646 Sadducaai
1308 3592 1611 3644 vocantur.

467 3766 718 3824 Collecta
747 3767 944 3838 itaque
967 3770 1488 3836 eorum-tempora,
1523 3762 1623 3836 qui
1667 3762 2048 3835 Jerosolymis

400 3873 432 3912 a
463 3856 678 3912 Davide
710 3871 896 3927 usque
927 3855 1000 3910 ad
1044 3852 1353 3910 Sedekiam
1402 3857 1813 3924 regnaverunt,
1862 3867 2049 3908 annos

399 3945 773 4001 constituunt
800 3943 1281 4017 quadringentos.
1308 3941 1496 4014 Reges
1526 3940 1782 3998 universi
1815 3940 2052 3997 fuerunt

396 4034 599 4106 viginti
631 4050 808 4097 unus.
841 4033 1082 4104 dempta
1110 4028 1400 4098 Gotholia,
1433 4035 1491 4086 et
1537 4029 1732 4086 cuncti
1781 4031 2050 4101 ejusdem

400 4123 602 4195 stirpis
635 4121 870 4177 Davidis
895 4120 1188 4188 videlicet,
1222 4123 1288 4175 ut
1318 4119 1390 4175 ab
1421 4118 1590 4175 initio
1621 4120 1694 4175 ad
1726 4119 1902 4176 ﬁnem
1947 4135 2051 4175 us-

2222 3317 2367 3377 Ἕως
2417 3312 2611 3370 τούτου
2668 3319 2763 3369 τοῦ
2795 3315 2955 3386 Ὠσηὶ
3002 3313 3262 3387 κατέληξε
3318 3317 3408 3371 καί
3469 3318 3502 3387 ἠ
3559 3318 3810 3394 βασιλεία

2156 3403 2485 3480 Σαμαρείας,
2545 3406 2768 3459 Ἔκτοτε
2825 3404 2928 3480 γὰρ
2977 3406 3266 3477 πέπαυται,
3297 3407 3386 3461 καὶ
3417 3406 3670 3462 ἀπώλετο
3704 3414 3808 3462 Σα-

2159 3494 2371 3569 μαρεία,
2429 3493 2518 3548 καὶ
2576 3492 2767 3549 λοιπὸν
2826 3493 3101 3571 Ἀσσύριοι
3131 3496 3453 3567 κατῴκησαν
3486 3494 3538 3550 ἐν
3567 3495 3727 3571 αὐτῇ,
3762 3496 3814 3567 ἐξ

2157 3585 2230 3638 ὧν
2260 3585 2311 3638 οἱ
2342 3583 2603 3658 αἱρετικοὶ
2638 3588 2970 3658 Σαμαρεῖται
3022 3584 3292 3660 γεγόνασι,
3351 3582 3686 3656 καλούμενοι
3724 3584 3815 3639 καὶ

2160 3669 2520 3727 Σαδδουκαῖοι
2556 3675 2617 3747 [ι.
2650 3674 2955 3746 Χουθαῖοι].

2232 3763 2561 3837 Συνάγονται
2618 3759 2710 3816 οὖν
2773 3762 2824 3816 οἱ
2879 3761 3071 3838 χρόνοι
3126 3766 3235 3816 τῶν
3301 3762 3395 3834 μέν
3450 3758 3815 3835 Ἰερουσαλὴμ

2164 3850 2598 3924 βασιλευσάντων
2659 3850 2763 3905 ἀπὸ
2820 3854 2917 3905 τοῦ
2971 3844 3136 3910 Δαϐὶδ
3194 3850 3282 3903 καὶ
3326 3850 3618 3925 μέχριτοῦ
3652 3846 3814 3904 Σεδεσ

2159 3938 2270 4007 κία,
2327 3936 2417 3994 καὶ
2484 3938 2676 4009 αὐτοῦ,
2732 3938 2799 3993 τὰ
2841 3938 3013 3994 πάντα
3070 3934 3161 4007 ἔτη
3223 3938 3291 4010 υ’,
3355 3936 3599 4014 βασιλεῖς
3650 3959 3705 3993 τε
3762 3938 3815 3992 οἱ

2160 4030 2353 4090 πάντες
2382 4022 2681 4103 νκα¹θδίχα
2719 4033 2820 4096 τῆς
2874 4025 3159 4099 Γοθολίας,
3220 4027 3308 4082 καὶ
3357 4026 3549 4103 γένους
3590 4027 3816 4089 ἅπαντες

2162 4118 2280 4180 ένὸς
2332 4121 2429 4172 τοῦ
2480 4111 2667 4185 Δαϐὶδ,
2726 4120 2854 4178 παῖς
2901 4117 3048 4192 παρὰ
3111 4117 3314 4191 πατρὸς
3342 4113 3814 4192 κατᾶ.διαὸοχῆν,

401 4228 515 4284 que
540 4210 700 4267 ﬁlius
731 4228 765 4266 a
797 4215 959 4281 patre
1008 4225 1254 4281 regnum
1303 4208 1672 4265 hereditario
1707 4210 1845 4281 jure
1895 4225 2039 4265 acce-

2164 4206 2216 4279 ἐξ
2272 4206 2453 4282 ἀρχῆς
2513 4205 2643 4280 ἄχρι
2699 4202 2893 4266 τέλους
2937 4205 3036 4273 τὴν
3100 4202 3378 4280 βασιλείαν
3409 4204 3809 4279 κληρούμενοι.

400 4301 570 4373 perit.
603 4300 687 4356 Ex
715 4300 809 4355 his
839 4303 1036 4354 autem
1085 4314 1294 4354 novem
1348 4300 1501 4368 quod
1552 4303 1799 4368 rectum,
1833 4298 2039 4354 duode-

2166 4296 2261 4352 Ἐκ
2306 4294 2514 4348 τούτων
2574 4290 2631 4346 δὲ
2686 4290 2852 4347 πάλιν
2911 4293 2964 4345 οἱ
3025 4293 3120 4364 μὲν
3181 4296 3508 4362 ποιήσαντες
3559 4293 3623 4347 τὸ
3667 4292 3817 4357 εὐθὶς

404 4390 517 4445 cim
552 4405 687 4445 vero
745 4388 900 4460 quod
935 4388 1156 4444 malum
1189 4392 1332 4459 erat,
1371 4387 1595 4460 operati
1628 4395 1787 4455 sunt,
1820 4388 2039 4459 dempti

2168 4383 2299 4438 εἰσὶν
2346 4383 2411 4454 θ’,
2464 4381 2517 4435 οἱ
2560 4377 2619 4434 δὲ
2665 4382 2990 4451 ποιήσαντες
3037 4380 3100 4435 τὸ
3131 4380 3372 4457 πονηρὸν
3409 4381 3479 4456 ιβ’
3510 4380 3689 4456 χωρὶς
3716 4387 3818 4449 τῆς
3864 4401 3868 4404 ‘

401 4477 690 4536 Gotholia.

2170 4468 2456 4531 Γοθολίας.
3026 4480 3031 4481 ⁷

472 4568 686 4622 Eorum
719 4583 852 4622 vero
911 4569 1196 4638 tempora,
1249 4564 1351 4636 qui
1421 4564 1481 4620 in
1541 4563 2039 4621 Samarianero'

2172 4526 2179 4527 ἰ
2244 4563 2367 4616 Τῶν
2422 4526 2483 4612 ἑὲ
2535 4556 2585 4610 ἐν
2648 4555 2926 4631 Σαμαρείᾳ
2980 4555 3167 4613 πάλιν.
3228 4555 3660 4632 βασιλευσάντων
3722 4526 3825 4610 circa

402 4657 574 4712 boam
610 4670 798 4726 usque
824 4654 893 4708 ad
928 4654 1072 4710 Osee
1103 4656 1444 4726 regnarunt,
1477 4653 1617 4708 anni
1649 4658 1788 4708 sunt
1820 4651 2037 4707 ducent

2174 4642 2461 4723 Ἰεροϐοὰμ
2516 4646 2607 4700 καὶ
2670 4644 2849 4721 μέχρι
2896 4644 3056 4716 Ὠσηὲ
3108 4644 3175 4699 τὰ
3232 4646 3405 4700 πάντα
3463 4642 3555 4716 ἔτη
3593 4644 3681 4715 ei"
3737 4643 3867 4723 ML:

2176 4738 2202 4749 ..
2302 4735 2319 4749 .
2367 4740 2389 4749 _
2516 4736 2531 4749 .
2650 4736 2664 4749 .
2784 4736 2795 4749 .
3034 4736 3046 4749 .
3104 4733 3118 4748 ς
3215 4732 3238 4749 ει
3356 4734 3367 4749 .
3535 4732 3576 4749 ες.
3733 4739 3761 4749 ..

400 4746 704 4815 sexaginta
733 4759 746 4798 :
772 4759 939 4815 reges
961 4748 1160 4798 autem
1202 4740 1461 4797 universi
1491 4742 1691 4796 decem
1741 4746 1799 4797 et
1832 4745 1963 4796 octo
1991 4758 2039 4797 ε]

2175 4735 2415 4812 βασιλεῖς
2476 4736 2570 4809 μὲν
2619 4736 2670 4790 οἱ
2724 4736 2919 4797 πάντες
2976 4736 3067 4807 ιη’,
3100 4733 3160 4789 ἐκ
3210 4732 3483 4813 διαφόρων
3531 4732 3589 4789 δὲ
3634 4739 3825 4811 γενῶν.

403 4831 648 4889 diversis
670 4831 978 4903 stirpibus.
1004 4831 1226 4887 Horum
1257 4835 1386 4887 octo
1418 4846 1663 4904 regnum
1694 4829 2037 4886 invaserunt

2170 4824 2406 4881 K"
2592 4822 3157 4879 ’“έ““”
3402 4818 3825 4879 ἀϐϐό’

2216 4848 2269 4881 αι
2314 4847 2520 4881 τοδτων
2585 4846 2727 4880 οκτω
2834 4844 2895 4878 πι
2978 4844 3042 4879 το
3128 4843 3317 4900 αρχειν
3436 4845 3499 4880 να
3540 4846 3564 4879 ε
3604 4844 3684 4893 ηκ
3718 4844 3804 4886 τες

404 4937 606 4979 omnes
632 4937 766 4976 vero
798 4921 954 4992 quod
987 4920 1213 4977 malum
1242 4923 1367 4977 erat
1393 4919 1679 4991 fecerunt,
1711 4920 1873 4991 juxta
1919 4935 2039 4991 pec-

2166 4913 2256 4969 καὶ
2288 4914 2483 4976 πάντες
2543 4912 2795 4980 ἐποίησαν
2852 4912 2915 4968 τὸ
2944 4911 3213 4990 πονηρὸν,
3268 4912 3405 4968 κατά
3433 4913 3532 4984 τὴν
3562 4911 3827 4987 ἁμαρτίαν

404 5016 604 5069 catum
633 5009 966 5067 Jeroboam.

2170 4998 2473 5081 Ἱεροϐοάμ.

2434 5086 2655 5147 Βιϐλίον
2692 5091 2777 5162 ια’,
2811 5088 3261 5164 Πασαλιπόμεναι
3294 5091 3339 5144 α’
3369 5089 3459 5145 καὶ
3495 5089 3561 5165 β’.

2246 5184 2329 5238 19.
2361 5180 2520 5239 Οὕτω
2550 5180 2798 5236 καλεῖται
2825 5180 2894 5236 τὰ
2926 5175 3117 5257 βιϐλία
3162 5184 3349 5248 ταῦτα,
3409 5175 3595 5248 ἐπειδή
3654 5198 3828 5255 παρα·
3882 5186 3890 5192 ’

480 5280 567 5333 19.
601 5278 720 5334 Hoc
752 5279 989 5334 nomine
1028 5279 1319 5331 vocantur
1356 5274 1452 5331 isti
1500 5273 1656 5345 libri,
1690 5276 1842 5347 quod
1874 5275 2039 5333 multi

2173 5270 2453 5350 λειφθέντα
2483 5267 2669 5325 πολλὰ
2697 5268 2747 5323 ἐν
2780 5274 2898 5332 ταῖς
2928 5267 3236 5331 Βασιλείαις
3273 5268 3585 5344 περιέχεται
3617 5267 3668 5324 ἰν
3699 5267 3827 5323 τού-

407 5366 466 5420 in
530 5367 696 5423 libris
726 5369 1055 5439 Regnorum
1105 5365 1501 5436 pretermissa
1556 5362 1614 5418 in
1672 5363 1818 5435 ipsis
1875 5365 2039 5420 conti'

2171 5380 2308 5422 τοις.
2359 5361 2511 5414 Ἐστι
2562 5357 2620 5413 δὲ
2668 5357 2719 5413 έν
2776 5360 2871 5432 μὲν
2919 5363 3000 5431 τῷ
3031 5358 3237 5433 πρώτῳ
3274 5353 3478 5433 βιϐλίῳ
3505 5355 3831 5433 γενεαλογία

409 5457 675 5509 neantur.
709 5455 966 5510 Habetur
997 5458 1193 5509 autem
1253 5453 1312 5507 in
1360 5452 1548 5524 primo
1598 5451 1748 5507 libro
1795 5453 2039 5509 omniun

2172 5454 2357 5504 πασῶν
2408 5454 2515 5502 τῶν
2559 5446 2746 5526 φυλῶν
2779 5447 2885 5502 ἀπὸ
2915 5444 3095 5520 Ἀδὰμ
3111 5443 3215 5509 ἓως
3246 5450 3355 5502 τῶν
3394 5445 3664 5521 βασιλέων
3695 5445 3833 5502 κατᾶ

407 5540 673 5596 tribuum
703 5542 1043 5615 genealogia
1075 5543 1146 5597 ab
1174 5542 1362 5597 Adam
1397 5557 1581 5611 usque
1631 5541 1702 5595 ad
1758 5557 1922 5613 reges
1973 5558 2034 5597 se

2176 5536 2369 5617 φυλὰς,
2401 5538 2489 5592 καὶ
2522 5536 2658 5592 κατὰ
2690 5535 2923 5610 δήμους,
2958 5536 3048 5591 καὶ
3096 5536 3233 5591 κατὰ
3276 5537 3531 5614 πατριὰς,
3579 5537 3669 5591 καὶ
3716 5549 3837 5591 κατ’

409 5630 672 5687 eundum
702 5630 918 5696 tribus,
948 5634 1006 5686 et
1036 5630 1304 5702 populos,
1335 5634 1395 5685 et
1426 5628 1699 5698 familias,
1731 5634 1790 5684 et
1831 5629 2039 5686 domos

2176 5628 2346 5683 οἶκον·
2380 5626 2432 5680 ἐν
2468 5623 2526 5681 δὲ
2553 5631 2633 5699 τῷ
2660 5623 2896 5701 δευτέρῳ
2923 5620 3407 5701 διαλαμϐάνονται,
3456 5625 3675 5699 πράξεις
3723 5628 3833 5681 τῶν

409 5722 475 5773 In
505 5716 768 5773 secunda
794 5732 928 5773 vero
958 5723 1330 5788 exponuntur
1357 5721 1526 5790 gesta
1552 5732 1777 5789 regum.

2179 5712 2473 5794 βασιλέων.

729 5152 889 5209 Liber
918 5153 1004 5218 XI,
1035 5151 1499 5223 Paralipomenon
1525 5151 1548 5206 ι
1574 5157 1627 5206 et
1663 5151 1734 5207 11.
