4154 6388
284 426 406 486 329

288 643 627 717 γραψάμενοι
686 641 782 704 τάς
835 663 891 696 τε
941 642 1156 715 πράξείς
1217 641 1303 695 xui
1362 639 1488 701 τοὺς
1558 639 1790 714 ’χρόνους
1844 644 1950 694 τῶν

293 732 563 805 βασιλέων
617 731 749 785 εἰσὶν
799 733 849 785 οἱ
881 732 1015 784 κατᾶ
1045 730 1265 805 καιροὺς
1307 726 1455 790 ὄντες
1486 737 1781 805 προφῆται·
1819 730 1950 804 ὑπὲρ

290 818 343 874 δὲ
392 826 488 874 τοῦ
540 821 868 893 γιγνώσκειν
923 819 971 872 ἐν
1029 821 1175 892 μέρει
1229 819 1447 884 αὐτοὺς,
1498 818 1953 889 ἐσημειωσάμεθα

281 916 450 963 ταῦτα
509 908 568 963 ἐκ
624 913 731 962 τῶν
799 907 1288 984 Παράλιπομένων·
1347 909 1415 962 τὰ
1478 907 1600 979 περὶ
1647 911 1743 960 τοῦ
1785 901 1949 960 Δαϐἱδ

284 1003 485 1077 Ξγραψε
550 998 842 1070 Σαμουὴλ,
895 999 983 1050 xui
1039 998 1230 1064 Ναθᾰν,
1277 996 1364 1050 xui
1413 997 1534 1061 Γαν,
1568 997 1619 1048 oi
1649 1003 1948 1071 προφῆται·

279 1091 344 1142 τα
368 1089 492 1162 περὶ
527 1086 1002 1159 Σοιιολομῶντος,
1030 1085 1205 1140 Ναθάν
1235 1086 1322 1139 καὶ
1356 1087 1537 1159 Ἀχιᾶ,
1565 1085 1618 1138 οἱ
1650 1092 1946 1160 προφῆται·

291 1178 358 1231 τὰ
386 1179 507 1252 περὶ
543 1171 852 1250 Ἰεροϐοὰμ,
894 1176 1140 1247 Σαμαίας
1172 1173 1260 1228 κκί
1294 1171 1491 1239 Ἀδδὼ,
1542 1175 1591 1226 oi
1649 1180 1946 1248 προφῆται·

286 1267 352 1319 τὰ
380 1265 500 1340 περὶ
536 1261 710 1331 Ἀϐιᾶ,
747 1261 924 1319 Ἀδδὼ
959 1265 985 1318 6
1035 1266 1348 1341 προφήτης·
1398 1263 1464 1316 τὰ
1523 1263 1645 1336 περὶ
1706 1264 1837 1317 Ἀσᾶ
1895 1261 1947 1316 ἐν

290 1359 370 1426 τῷ
405 1354 496 1428 βιλ
512 1349 614 1424 ϐίῳ
646 1353 834 1427 Λόγων
867 1353 991 1425 περὶ
1024 1357 1132 1407 τῶν
1169 1353 1446 1408 Βασιλέων
1482 1349 1676 1406 Ἰούδα·
1710 1354 1776 1405 τὰ
1826 1349 1948 1426 περί

293 1445 579 1520 Ἰωσαφὰτ,
625 1443 775 1511 Ἰηοῦ
828 1443 854 1496 6
905 1443 1218 1518 προφήτης,
1279 1441 1307 1494 6
1334 1445 1431 1494 τοῦ
1465 1441 1701 1512 Ἀναμῆ,
1736 1440 1792 1501 ὅς
1824 1460 1949 1494 κατ-

292 1533 491 1606 ἑγραψε
565 1526 777 1606 βιϐλίον
814 1530 1043 1604 ’Λόγων
1111 1529 1369 1584 Βασιλέον
1452 1527 1648 1584 Ἰούδα·
1701 1530 1768 1582 τὰ
1825 1530 1948 1605 περὶ

285 1622 442 1681 Ἰωᾶς
487 1619 574 1674 ἐπὶ
604 1622 702 1688 τήν
736 1621 946 1697 γραφὴν
977 1623 1084 1674 τῶν
1123 1618 1438 1674 Βασιλειῶν·
1489 1620 1558 1673 τὰ
1603 1618 1726 1694 περὶ
1783 1620 1948 1690 ’Δμε-

288 1707 376 1763 σία
408 1707 494 1762 ἐπὶ
531 1703 747 1782 βιϐλίον
779 1707 1050 1763 Βασιλέων
1089 1707 1271 1763 Ἰούλα
1304 1707 1392 1762 καὶ
1426 1707 1665 1782 Ἰσραήλ·
1711 1709 1777 1762 τὰ
1824 1706 1948 1783 περὶ

287 1798 483 1867 Ὀζίου,
535 1798 758 1860 ’[εσσίας
811 1800 838 1852 ὁ
899 1801 1210 1874 προφήτης·
1272 1800 1340 1853 τὰ
1403 1799 1526 1873 περὶ
1575 1799 1816 1870 Ἰωάθαμ
1862 1797 1949 1852 ἐπὶ

291 1883 506 1963 βιϐλίον
529 1892 636 1942 τῶν
661 1887 940 1944 Βασιλέων
965 1888 1141 1945 Ἰούδα
1164 1889 1252 1942 καὶ
1275 1887 1517 1962 Ἰσραὴλ·
1543 1887 1610 1942 τα
1629 1888 1752 1962 περὶ
1777 1887 1951 1961 Ἀχδιζ
1977 1926 2027 1990 Β

293 1971 564 1990 ,κροκι
660 1979 698 1990 τ.
801 1975 855 1990 κ,
974 1974 1113 1990 ...τι
1254 1976 1335 1990 ..ι
1466 1975 1507 1990 ,ς
1608 1978 1618 1990 .
1763 1977 1890 1990 ...η

290 1977 376 2032 ἐπὶ
411 1971 625 2052 βιϐλίον
660 1975 938 2032 Βασιλέων
974 1974 1149 2031 Ἰούδα
1180 1976 1268 2030 καὶ
1298 1975 1541 2048 Ἰσραήλ·
1565 1978 1629 2029 τα
1655 1977 1777 2048 περὶ
1802 1977 1944 2044 Ἐζε-

291 2066 434 2136 κίου,
482 2063 708 2126 Ἠσαίας
757 2065 875 2126 υἱὸς
929 2066 1117 2136 Ἀμώς
1168 2067 1195 2119 6
1238 2067 1545 2142 προφήτης·
1577 2067 1645 2119 τὰ
1673 2065 1796 2138 περὶ
1827 2072 1947 2118 Μα-

289 2162 456 2224 νασσῆ
503 2153 590 2208 ἐπὶ
641 2153 818 2229 Λόγον
872 2159 978 2207 τῶν
1025 2153 1297 2229 ὁρώντων·
1350 2155 1417 2208 τὰ
1463 2154 1584 2227 περῖ
1619 2154 1825 2210 Ἰωσίου
1859 2152 1947 2208 ἐπὶ

297 2239 512 2319 βιϐλίον
539 2243 816 2300 Βασιλέων
847 2241 1042 2300 Ἰούδα·
1071 2245 1136 2297 τά
1157 2249 1280 2318 περὶ
1316 2244 1571 2316 Ἰωακεὶμ
1601 2243 1688 2298 ἐπὶ
1725 2242 1944 2317 βιϐλίον

293 2333 568 2390 Βασιλέων
604 2330 780 2387 Ἰούδα
809 2332 898 2386 καὶ
935 2333 1173 2403 Ἰσραήλ.

655 2416 881 2478 Βιϐλίον
919 2422 1009 2495 ιβ’,
1045 2420 1273 2498 Ἔσδρας
1309 2424 1353 2477 α’
1383 2422 1472 2476 καὶ
1510 2423 1575 2496 β’.

360 2514 448 2567 20.
503 2516 676 2565 Ταῦτα
733 2511 800 2565 τα
859 2508 953 2564 δύο
991 2506 1182 2586 βιϐλία
1228 2513 1356 2586 παρ’
1387 2511 1552 2566 αὐτοῦ
1583 2510 1788 2566 ἐκείνου
1821 2532 1944 2565 συν·-

295 2601 623 2676 εγράφησαν,
700 2599 762 2654 οὗ
845 2600 935 2654 καὶ
1012 2602 1110 2668 τήν
1189 2600 1496 2678 ἐπιγραφὴν
1579 2600 1942 2678 ἐπιφέρονται.

291 2689 462 2750 Οὗτος
522 2689 620 2764 γὰρ
666 2687 916 2764 Ἔσδρας,
968 2689 1140 2762 ἱερεὺς
1190 2689 1262 2743 ὥν
1315 2690 1404 2744 καὶ
1439 2690 1814 2762 ἀναγνώστης,
1863 2688 1944 2758 ἐξ·

289 2783 503 2852 ηγεῖται
536 2778 634 2845 τὴν
670 2775 925 2832 ἐπάνοδον
956 2782 1064 2832 τῶν
1098 2779 1228 2831 υἱῶν
1263 2777 1504 2853 Ἰσραὴλ,
1535 2779 1633 2846 τὴν
1676 2778 1781 2832 ἀπὸ
1815 2783 1946 2853 Περ·

293 2864 439 2926 σίδος
489 2866 565 2926 εἰς
613 2867 711 2934 την
765 2865 1127 2942 Ἰερουσαλὴμ.
1171 2866 1489 2941 γενομένην.
1526 2868 1622 2921 Καὶ
1656 2867 1706 2921 ἐν
1741 2868 1834 2939 μὲν
1865 2871 1944 2938 τῷ

297 2956 500 3030 πρώτῳ
560 2951 764 3030 βιϐλίῳ
829 2951 1213 3027 διαλαμϐάνει,
1275 2956 1424 3017 ὅπως
1481 2957 1671 3030 γέγονε
1724 2956 1790 3010 τὰ
1845 2962 1944 3025 τῆς

300 3042 558 3099 ἱπανόδου
609 3044 660 3099 ἐν
707 3044 855 3120 χειρὶ
907 3045 1087 3114 Ἰησοῦ
1131 3050 1227 3099 τοῦ
1278 3043 1539 3118 Ἰωσεδὲκ,
1595 3049 1685 3100 καὶ
1717 3043 1941 3120 Ἔσδρα,

300 3132 385 3187 καὶ
431 3127 762 3207 Ζοροϐάϐελ,
811 3133 902 3187 καὶ
955 3133 1156 3205 Νεεμία
1209 3132 1476 3209 εὐνούχου
1529 3132 1817 3191 Ἰουδαίου.
1876 3135 1941 3190 Ἡ

300 3219 354 3275 δὲ
410 3222 677 3300 πρόφασις
728 3229 828 3291 τῆς
876 3220 1140 3276 ἐπανόδου
1190 3221 1348 3291 αὕτη·
1400 3226 1560 3298 Τρεῖς
1618 3227 1941 3298 στρατιῶται

1397 420 1773 482 SYNOPSIS
1818 421 1904 480 SC
1917 423 2198 482 Rll’TUtt
2214 423 2286 482 1E
2329 424 2626 482 SACRE.

358 555 591 631 Εἴρηται
645 555 739 626 μὲν
795 554 886 607 οὖν
936 553 986 608 έν
1028 558 1142 615 τοῖς
1195 549 1521 627 ἔμπροσθεν,
1574 550 1656 604 ὅτι
1708 552 1758 604 oi.
1821 572 1944 625 συγ·
1981 557 2029 618 Α

3598 429 3717 483 330

2135 555 2322 626 Supra
2351 557 2585 626 qundam
2623 556 2844 610 dictum
2880 565 2984 625 ret,
3013 559 3161 627 quod
3199 557 3296 628 qui
3331 575 3531 628 rgum
3567 558 3720 612 facta

2063 647 2119 697 et
2149 648 2413 713 tempora
2460 645 2958 714 conscripserunt,
3001 645 3295 715 prophetae
3345 645 3582 713 fuerint,
3617 643 3720 714 qui

2064 731 2316 802 singulis
2348 733 2714 802 temporibus
2744 734 3032 788 vixerunt.
3067 734 3140 788 Ut
3174 739 3372 788 autem
3409 734 3719 802 speciatim

2063 821 2200 892 quid
2238 822 2491 893 quisque
2529 823 2850 893 scripserit,
2884 829 3292 894 cognoscatur,
3326 838 3394 876 ex
3423 821 3718 893 Paralipo-

2064 911 2253 965 menis
2283 911 2395 966 ista
2425 913 2836 966 annotavimus
2861 927 2874 966 :
2905 911 3135 966 Davidis
3168 910 3442 966 historias
3466 911 3718 981 scripse-

2062 1005 2201 1053 runt
2248 999 2500 1064 Samuel,
2543 1000 2770 1055 Nathan
2813 1009 2868 1055 et
2901 1001 3022 1056 Gad
3074 1000 3404 1071 prophetae;
3453 998 3717 1054 Salomo-

2063 1087 2173 1157 nis,
2223 1087 2452 1143 Nathan
2500 1098 2553 1144 et
2602 1089 2786 1144 Achia
2835 1089 3164 1160 prophetae;
3226 1087 3559 1155 Jeroboam,
3611 1087 3713 1144 Sa-

2062 1194 2240 1232 maeas
2281 1183 2338 1232 et
2385 1177 2550 1232 Addo
2602 1177 2924 1248 prophetae;
2954 1177 3129 1245 Abite,
3163 1179 3318 1231 114
3364 1177 3526 1230 Addo
3577 1192 3712 1245 pro-

2063 1268 2254 1338 pheta.
2284 1271 2414 1323 Asm
2462 1269 2613 1323 facta
2658 1268 2952 1323 habentur
2987 1269 3048 1322 in
3093 1267 3238 1322 libro
3269 1268 3603 1323 Servianum
3649 1266 3713 1322 de

2059 1359 2280 1426 regibus
2307 1358 2474 1414 Juda.
2508 1358 2815 1429 Josaphat,
2849 1358 3000 1413 Jehu
3034 1357 3339 1428 propheta,
3371 1356 3531 1412 ﬁlius
3560 1359 3710 1410 Ana-

2062 1463 2189 1514 ωδε,
2214 1447 2314 1518 qui
2342 1447 2556 1501 librum
2588 1446 2912 1502 Sermonum
2941 1446 3006 1500 de
3033 1447 3251 1516 regibus
3275 1445 3420 1501 Juda
3451 1445 3711 1516 scripsit.

2060 1535 2197 1598 Quae
2231 1536 2363 1591 Joas
2393 1536 2596 1607 gessit,
2630 1536 2811 1591 relata
2839 1540 2979 1591 sunt
3010 1535 3067 1589 in
3100 1535 3452 1605 scripturam
3488 1538 3712 1605 Regno-

2061 1641 2226 1688 rum;
2279 1641 2404 1696 quaa
2437 1625 2728 1691 Amasias,
2763 1625 2823 1679 in
2858 1623 3004 1679 libro
3055 1630 3194 1678 sunt
3239 1640 3443 1695 regum
3473 1623 3629 1678 Juda
3659 1626 3716 1677 et

2062 1713 2274 1781 Israel;
2309 1730 2440 1785 quae
2478 1714 2668 1781 Ozias,
2715 1714 2954 1786 scripsit
3008 1714 3186 1769 Isaias
3236 1711 3551 1783 propheta;
3585 1728 3714 1783 quae

2058 1802 2353 1869 Joatham,
2388 1808 2528 1858 sunt
2567 1805 2624 1856 in
2673 1803 2822 1858 libro
2855 1803 3077 1874 Regum
3111 1807 3170 1856 et
3199 1802 3353 1857 Juda
3401 1806 3458 1856 et
3500 1799 3712 1868 Israel;

2062 1908 2186 1962 quae
2247 1891 2457 1957 Achaz,
2511 1892 2567 1946 in
2627 1891 2776 1946 libro
2825 1891 3117 1946 habentur
3171 1895 3395 1962 Regum
3450 1891 3604 1947 Juda
3659 1894 3718 1946 et

2058 1979 2273 2049 Israel;
2309 1997 2435 2052 quas
2479 1979 2718 2035 Ezekias
2749 1981 2902 2049 fecit,
2937 1980 3175 2052 scripsit
3215 1980 3398 2035 Isaias
3431 1979 3717 2051 propheta

2057 2068 2214 2123 ﬁlius
2239 2073 2446 2136 Amos;
2475 2086 2601 2140 qua
2630 2073 2918 2135 Manasse,
2944 2068 3124 2124 relata
3155 2076 3296 2123 sunt
3321 2069 3378 2122 in
3402 2084 3714 2123 sermonem

2056 2158 2401 2220 videntium;
2432 2174 2560 2229 qua
2587 2158 2808 2226 Josias,
2839 2158 2898 2212 in
2929 2158 3078 2212 libro
3101 2163 3243 2212 sunt
3274 2159 3495 2228 Regum
3525 2157 3709 2224 Juda;

2057 2263 2182 2316 quae
2229 2247 2484 2315 Joakim,
2527 2248 2587 2302 in
2641 2246 2789 2302 libro
2839 2247 3132 2302 habentur
3180 2247 3404 2318 Regum
3452 2246 3606 2300 Juda
3653 2249 3712 2300 et

2059 2335 2254 2391 Israel.

2229 2427 2386 2480 Liber
2414 2427 2527 2492 XII,
2561 2425 2750 2483 Esdrz
2776 2427 2993 2497 primus
3021 2433 3072 2480 et
3100 2425 3371 2480 secundus
3399 2424 3533 2496 (13).

2125 2515 2214 2567 20.
2250 2514 2317 2568 Hi
2350 2515 2466 2569 duo
2500 2515 2632 2569 libri
2673 2516 2745 2569 ab
2778 2531 2843 2569 eo
2895 2514 3209 2586 conscripti
3259 2520 3418 2582 su'ht,
3450 2515 3620 2584 cujus
3651 2515 3711 2568 et

2054 2603 2498 2672 inscriptionem
2540 2604 2874 2674 praeferunt.
2908 2604 3126 2659 Esdras
3153 2604 3310 2658 enim
3360 2603 3470 2658 iste
3517 2619 3708 2658 sacer-

2055 2692 2162 2746 dos
2191 2697 2247 2746 et
2275 2691 2460 2747 lector
2487 2709 2622 2746 cum
2655 2697 2831 2757 esset,
2858 2692 3109 2747 reditum
3142 2691 3397 2747 ﬁliorum
3432 2692 3609 2748 Israel
3641 2709 3711 2747 ex

2053 2779 2290 2835 Perside
2339 2781 2410 2835 ad
2461 2781 2812 2847 Jerusalem,
2841 2781 3152 2836 enarravit.
3213 2783 3272 2835 In
3325 2783 3514 2853 primo
3561 2781 3708 2838 libro

2052 2869 2250 2937 tradit,
2286 2870 2581 2940 quomodo
2613 2887 2751 2925 cura
2800 2870 3024 2925 reditus
3060 2870 3234 2925 fuerit
3265 2870 3324 2924 in
3361 2887 3534 2925 manu
3567 2871 3708 2926 Jesu

2056 2956 2156 3011 ﬁlii
2214 2958 2478 3026 Josedec,
2513 2963 2571 3012 et
2614 2959 2832 3023 Esdrae,
2865 2963 2921 3013 et
2965 2959 3305 3025 Zorobabel,
3356 2967 3412 3014 et
3459 2959 3708 3014 Neemiae

2053 3047 2306 3102 eunuchi
2328 3047 2535 3102 Judati.
2566 3047 2804 3103 Occasio
2834 3063 2969 3102 vero
2996 3048 3219 3102 reditus
3245 3047 3366 3104 haec
3396 3048 3509 3102 fuit
3533 3049 3708 3103 :Tres

2053 3136 2273 3192 milites
2305 3153 2499 3208 regem
2533 3136 2952 3206 custodientes,
2975 3153 3225 3208 quorum
3260 3154 3415 3192 unus
3447 3141 3570 3192 erat
3599 3137 3704 3192 Ζο-

2053 3225 2309 3294 robabel,
2332 3225 2484 3280 circa
2506 3226 2886 3297 quaestionem
2914 3227 3227 3296 quamdam
3251 3227 3700 3293 contendebant,

294 3311 654 3387 φυλάσσοντες
713 3312 804 3365 τὸν
868 3310 1112 3386 βασιλέα,
1173 3313 1245 3364 ὧν
1299 3312 1374 3372 εἰς
1424 3315 1488 3380 ’ἦν
1539 3314 1566 3366 6
1606 3307 1939 3386 Ζοροϐάϐελ,

2064 3313 2208 3368 Facta
2255 3314 2662 3384 promissione,
2697 3318 2761 3368 ut
2809 3315 2908 3384 qui
2957 3315 3233 3381 vinceret,
3265 3332 3300 3369 a
3348 3331 3481 3386 rege
3530 3315 3700 3385 quid-

290 3397 484 3473 ἤρισαν
541 3400 591 3454 ἀν
632 3395 1013 3476 προϐλήματι,
1061 3400 1306 3468 τεθείσης
1355 3399 1677 3476 ἐπαγγελίας
1723 3402 1941 3470 αἰτῆσαι

293 3489 383 3542 τὸν
435 3493 688 3556 νικῶντα,
750 3488 882 3562 ’ὀπερ
941 3489 1001 3542 ἂν
1057 3488 1286 3562 ἐθελήσῃ
1343 3490 1488 3566 παρά
1520 3495 1616 3543 τοῦ
1653 3490 1940 3565 βασιλέως.

296 3583 398 3632 Τοῦ
443 3577 624 3632 τοίνυν
681 3576 801 3639 ένὸς
855 3577 1103 3640 εἰπόντος
1162 3583 1308 3648 νικᾷν
1366 3580 1457 3633 τὸν
1516 3579 1677 3650 οἶνον,
1734 3585 1831 3633 τοῦ
1889 3577 1946 3636 δὲ

299 3667 484 3742 ἑτέρου
547 3667 831 3740 εἰρηκότος
895 3673 1046 3738 νικᾷν
1091 3667 1181 3721 τὸν
1239 3666 1481 3741 βασιλέα,
1543 3669 1571 3721 6
1630 3663 1945 3743 Ζοροϐάϐελ

292 3754 585 3810 διετείνατο
631 3760 781 3825 νικᾷν
831 3755 926 3816 τὰς
981 3761 1258 3830 γυναῖκας,
1303 3757 1392 3809 καὶ
1445 3756 1576 3832 ὑπὲρ
1628 3757 1798 3811 πάντα
1847 3759 1947 3826 τὴν

293 3843 575 3915 ἀλήθειαν.
623 3844 727 3901 Καὶ
778 3841 964 3912 ἐπειδή
1017 3849 1183 3898 ταῦτα
1243 3843 1479 3919 εἰρηκὼς
1544 3844 1811 3915 νενίκηκε.
1861 3846 1952 3900 καὶ

297 3931 528 4003 ἤκουσεν
585 3933 905 4004 αἰτήσασθαι
954 3932 983 3987 ὅ
1037 3931 1315 4008 βούλεται,
1363 3932 1590 4003 ἠξίωσεν
1638 3933 1795 3995 αὐτὸς
1830 3935 1954 4010 ἀφε-

302 4029 459 4090 θῆναι
511 4023 611 4090 τὴν
659 4020 1073 4097 αἰχμαλωσίαν,
1118 4021 1207 4075 καὶ
1255 4019 1690 4094 οἰκοδομηθῆναι
1720 4025 1818 4089 τὴν
1851 4024 1951 4079 Ἰε-

304 4111 614 4187 ρουσαλήμ.
671 4111 766 4165 Καὶ
826 4112 1043 4186 γέγονεν
1105 4111 1177 4170 ὡς
1236 4109 1456 4179 ἠξίωσε·
1515 4111 1603 4165 καὶ
1663 4111 1851 4188 ἀφείθη
1913 4114 1948 4182 ἡ

299 4198 674 4276 αἰχμαλωσία.
737 4199 866 4254 Τότε
905 4200 1004 4276 γὰρ
1055 4197 1355 4275 ἐπληρώθη
1406 4200 1493 4254 καὶ
1562 4200 1627 4253 τὰ
1695 4200 1955 4270 ἐξήκοντα

299 4287 392 4360 ἔτη
441 4296 542 4358 τῆς
590 4288 780 4363 ὀργῆς.
816 4289 936 4342 Εἰσὶ
969 4286 1026 4342 δὲ
1057 4288 1107 4341 οἱ
1141 4283 1432 4350 ἀναϐάντες
1463 4288 1568 4342 ἀπὸ
1596 4297 1695 4359 τῆς
1746 4289 1953 4364 αἰχμα-

302 4378 535 4445 λωσίας,
565 4378 671 4433 ἀπὸ
702 4375 880 4433 Ἰούδα
909 4377 995 4431 xui
1032 4377 1306 4449 Βενιαμὶν,
1350 4377 1436 4431 καὶ
1470 4379 1520 4431 οἱ
1554 4384 1772 4433 Λευῖται
1820 4378 1952 4432 πάν-

298 4489 385 4529 τες
435 4469 578 4541 ὁμοῦ
623 4468 715 4521 τὸν
762 4467 994 4542 ἀριθμὸν
1047 4464 1306 4542 μυριάδες
1355 4469 1606 4542 τέσσαρες
1635 4468 1724 4522 καὶ
1775 4465 1956 4543 δισχί-

301 4559 420 4614 λιοι
469 4558 556 4612 καὶ
613 4557 915 4630 τριακόσιοι
976 4556 1064 4610 xui
1128 4557 1403 4627 ἑξήκοντα·
1438 4555 1626 4618 παῖδες
1687 4555 1746 4612 δὲ
1778 4558 1952 4612 αὐτῶν

2053 3404 2194 3472 quid
2234 3402 2406 3458 vellet
2454 3408 2694 3473 peteret.
2727 3404 2873 3459 Cum
2935 3403 3159 3474 primus
3206 3403 3449 3459 dixisset
3495 3404 3704 3459 fortius

2054 3509 2182 3548 esse
2213 3493 2435 3557 vinum,
2469 3492 2622 3548 alter
2653 3493 2947 3548 fortiorem
2981 3510 3111 3548 esse
3141 3509 3358 3563 regem,
3392 3492 3710 3548 Zorobabel

2057 3582 2359 3637 contendit
2389 3582 2654 3637 fortiores
2681 3597 2808 3636 esse
2841 3581 3138 3648 mulieres,
3162 3584 3587 3653 veritatemque
3615 3599 3715 3636 su-

2059 3688 2161 3743 per
2195 3672 2392 3726 omnia
2435 3671 2734 3726 excellere.
2768 3671 2900 3726 Haec
2947 3673 3047 3741 qui
3101 3673 3329 3726 locutus
3376 3671 3714 3739 Zorobabel,

2056 3761 2243 3815 victor
2271 3761 2494 3816 evasit:
2528 3775 2661 3814 cum
2688 3762 2897 3829 jussus
2927 3766 3081 3814 esset
3111 3765 3304 3830 petere
3335 3761 3490 3832 quod
3523 3759 3714 3828 vellet,

2062 3849 2246 3918 petiit,
2279 3853 2343 3902 ut
2373 3848 2680 3918 captivitas
2719 3847 3058 3913 solveretur,
3087 3851 3144 3902 et
3169 3847 3496 3902 Jerusalem
3527 3848 3714 3904 aedili-

2062 3941 2310 3992 caretur.
2345 3941 2536 4006 Atque
2583 3936 2666 3990 ita
2698 3941 2762 3990 ut
2806 3935 2991 4006 petiit,
3023 3936 3241 3990 factum
3273 3941 3402 3991 est:
3435 3935 3710 3991 dimissa-

2062 4041 2177 4096 que
2207 4029 2296 4080 est
2325 4024 2649 4095 captivitas.
2684 4025 2849 4079 Tunc
2891 4025 3049 4080 enim
3097 4025 3378 4096 temporis
3408 4024 3711 4098 adimpleti

2063 4121 2230 4172 erant
2259 4115 2560 4186 sexaginta
2592 4115 2691 4169 iraa
2713 4115 2874 4168 anni.
2897 4114 3004 4179 Qui
3026 4131 3157 4169 vero
3191 4114 3651 4186 Hierosolymam
3685 4132 3716 4171 e

2065 4203 2402 4275 captivitate
2433 4204 2824 4257 ascenderunt
2846 4203 2916 4257 de
2947 4202 3218 4258 tribubus
3240 4205 3394 4259 Juda
3423 4211 3480 4260 et
3508 4204 3713 4275 Benja-

2067 4292 2214 4356 min,
2241 4307 2373 4346 cum
2424 4290 2659 4356 Levitis,
2693 4289 2751 4343 in
2808 4290 3148 4344 universum
3186 4308 3432 4346 numero
3482 4292 3722 4348 fuerunt

2067 4380 2460 4452 quadraginta
2489 4380 2606 4434 duo
2635 4377 2821 4433 millia
2847 4379 3088 4432 trecenti
3121 4383 3178 4433 et
3208 4381 3532 4450 sexaginta.
3558 4381 3719 4435 Servi

2066 4485 2199 4524 vero
2231 4468 2464 4524 illorum
2496 4472 2553 4522 et
2585 4466 2828 4536 ancillas,
2862 4474 3085 4538 septem
3122 4467 3310 4522 millia
3335 4470 3580 4524 trecenti
3611 4469 3719 4524 tri-

2067 4557 2232 4630 ginta
2262 4562 2535 4628 quatuor.
2559 4556 2833 4611 Cantores
2864 4556 3099 4611 ducenti
3133 4557 3525 4628 quadraginta
3549 4558 3716 4629 quin-

302 4647 390 4701 xui
439 4644 742 4717 παιδίσκαι,
795 4643 956 4714 ζτλδ’·
1011 4646 1060 4699 οἱ
1095 4641 1310 4714 ᾅδοντες
1375 4647 1515 4718 σμέ·
1545 4645 1792 4718 κάμηλοι
1824 4646 1950 4701 υλε’·

2069 4663 2202 4718 que,
2222 4646 2440 4702 Cameli
2465 4645 2837 4717 quadraginti
2861 4645 3102 4716 triginta
3125 4646 3403 4716 quinque.
3430 4646 3596 4701 Asini
3621 4664 3721 4702 sex

305 4729 418 4790 ϐνοι
454 4737 593 4808 ςψκ“.
629 4737 726 4789 Καὶ
776 4736 826 4788 οἱ
884 4735 976 4807 μὲν
1011 4731 1431 4805 οἰκοδομοῦντες
1461 4737 1592 4802 ἦσαν
1624 4730 1956 4808 Ζοροϐάϐελ,

307 4824 395 4879 καὶ
429 4823 640 4894 Ἰησοῦς
673 4823 700 4876 ὀ
727 4827 824 4878 τοῦ
854 4821 1120 4894 Ἰωσεδὲκ,
1154 4823 1241 4876 xui
1272 4823 1526 4894 Νεεμίας·
1561 4824 1588 4878 6
1621 4821 1677 4878 δὲ
1707 4822 1958 4899 Ἔσδρας,

311 4912 512 4986 εὐφυὴς
559 4910 631 4966 ὢν
681 4911 731 4965 έν
777 4916 858 4983 τῷ
901 4912 1078 4984 νόμῳ,
1120 4911 1278 4972 αὑτὸς
1309 4911 1642 4986 προεκόμισε
1669 4913 1760 4966 τὸν
1788 4912 1957 4984 νόμον

307 5001 398 5055 καὶ
451 5000 680 5076 ἀνέγνω,
735 4999 824 5054 xui
875 4997 1175 5054 διετύπωσε
1231 5000 1403 5054 πάντα
1445 5001 1512 5055 τὰ
1540 5002 1674 5054 κατὰ
1700 5002 1763 5055 τὸ
1789 5001 1958 5076 ἱερόν,

309 5089 397 5144 xui
455 5089 583 5152 τοὺς
634 5089 858 5150 Λευῖτας
911 5088 1068 5149 αὐτὸς
1128 5086 1319 5158 ἔδειξεν
1380 5089 1438 5143 έκ
1483 5094 1580 5143 τοῦ
1609 5087 1802 5163 νόμου,
1868 5089 1959 5145 xui

311 5178 558 5248 ἐποίησεν
611 5173 945 5248 ἐκϐληθῆναι
1001 5178 1096 5238 τὰς
1168 5175 1481 5254 ἀλλογενεῖς
1540 5185 1796 5252 γυναῖκας
1853 5178 1960 5235 ἀπὸ

310 5270 412 5320 τῶν
474 5263 753 5322 λαϐόντων
809 5265 970 5327 αὐτὰς
1030 5264 1080 5319 ἐν
1141 5271 1316 5342 καιρῴ
1370 5275 1469 5336 τῆς
1549 5266 1958 5342 αἰχμαλωσίας.

313 5350 593 5424 Ἑξέϐαλον
683 5355 784 5431 γὰρ
872 5355 1067 5416 πάντες
1163 5355 1252 5408 καὶ
1337 5354 1786 5431 ἐκαθαρίσθησαν,
1870 5358 1961 5412 xui

312 5442 568 5514 ἐποίησαν
619 5444 681 5498 τὸ
731 5447 924 5518 Πάσχα
970 5442 1242 5517 νομίμως,
1285 5444 1358 5506 ὡς
1389 5445 1708 5521 γέγραπται,
1739 5444 1830 5500 καὶ
1861 5446 1960 5514 τὴν

310 5532 578 5601 νηστείαν.

2070 4736 2258 4790 millia
2288 4734 2643 4807 septingenti
2664 4734 2890 4806 viginti.
2913 4733 3310 4790 zEdiﬁcatores
3339 4740 3535 4791 autem
3557 4741 3725 4791 erant

2068 4823 2382 4880 Zorobabel
2423 4829 2478 4879 et
2507 4823 2682 4879 Jesus
2730 4823 2888 4878 ﬁlius
2935 4823 3180 4879 Josedec
3209 4829 3266 4879 et
3295 4825 3585 4881 Neemias.
3621 4829 3723 4880 Es-

2071 4915 2208 4969 dras
2249 4930 2402 4982 vero,
2428 4929 2563 4967 cum
2613 4916 2770 4968 esset
2818 4913 3018 4966 dexter
3065 4913 3124 4968 in
3175 4915 3506 4985 cognitione
3555 4913 3722 4984 legis,

2071 5002 2260 5074 legem
2297 5001 2537 5072 protulit
2567 5005 2743 5072 atque
2772 5001 2934 5073 legit.
2955 5003 3378 5074 constituitque
3410 5007 3619 5058 cuncta
3650 5001 3723 5056 ad

2070 5091 2356 5162 templum
2406 5091 2776 5162 pertinentia,
2822 5095 2878 5144 et
2921 5091 3150 5145 Levitas
3199 5107 3432 5162 quoque
3483 5089 3609 5161 ipse
3655 5107 3724 5145 ex

2073 5180 2197 5252 lege
2244 5180 2609 5251 designabat.
2657 5179 2938 5233 Praeterea
2987 5184 3043 5234 et
3099 5179 3460 5250 alienigenas
3516 5195 3725 5234 uxores

2071 5269 2243 5340 abjici
2278 5268 2501 5323 curavit
2533 5268 2605 5321 ab
2635 5266 2774 5338 illis,
2809 5267 2904 5338 qui
2948 5283 3047 5322 eas
3078 5274 3340 5337 tempore
3370 5265 3726 5337 captivitatis

2072 5359 2377 5414 duxerant.
2405 5357 2757 5426 Abjecerunt
2779 5358 2933 5411 enim
2968 5354 3102 5410 illas
3120 5371 3346 5422 omnes,
3371 5359 3429 5410 et
3459 5353 3728 5410 mundati

2072 5451 2233 5517 sunt,
2267 5451 2324 5501 et
2371 5444 2614 5515 Pascha,
2649 5444 2802 5500 sicut
2850 5442 3142 5511 scriptum
3189 5449 3298 5509 est,
3331 5448 3390 5498 et
3428 5443 3725 5512 jejunium

2071 5536 2334 5608 legitime
2366 5537 2762 5590 servaverunt.

388 5679 499 5750 (13)
530 5680 636 5745 Qui
671 5678 899 5751 primus
932 5679 1127 5734 Esdrae
1157 5678 1250 5734 hic
1281 5679 1514 5747 dicitur,
1548 5683 1637 5736 est
1665 5679 1726 5736 in
1757 5680 2009 5753 Vulgata
2036 5680 2264 5746 tertius,
2297 5684 2351 5736 et
2382 5678 2454 5734 ad
2495 5674 2715 5732 calcem
2747 5669 3076 5728 Bibliorum
3111 5672 3340 5746 positus
3369 5677 3531 5730 extra
3560 5687 3730 5728 cano-

318 5749 501 5806 nicos’.

638 5879 903 5941 PATROL.
951 5878 1062 5938 Gn.
1112 5875 1387 5939 XXVIII.

3352 5870 3422 5926 H
