4154 6366
411 396 518 454 331

480 523 746 579 Secundo
790 524 983 577 autem
1037 517 1184 573 libro
1231 517 1434 572 eadem
1469 515 1707 586 quidem
1756 514 1828 568 de
1872 512 2060 568 reditu
2090 514 2146 578 Α

410 613 698 685 Babylone
756 611 858 675 ait,
917 613 1123 681 praeter
1172 605 1555 678 problemata.
1590 603 1765 657 Plura
1813 618 1948 656 vero
1996 602 2068 654 de

407 702 649 757 Noemia
695 698 965 755 eunucho
1006 695 1264 768 exponit,
1295 693 1589 765 quomodo
1620 697 1677 746 et
1705 691 1832 762 ipse
1862 688 2067 759 templi

407 789 855 847 adiﬁcationem
881 785 1165 859 petiverit.
1184 785 1252 838 Et
1273 782 1566 853 quomodo
1589 781 1807 835 Esdras
1824 778 2064 851 quidem

406 878 645 935 lectoris
679 880 1017 949 fungeretur
1046 873 1260 939 ofﬁcio,
1285 870 1459 926 Jesus
1486 886 1620 925 vero
1652 873 1709 924 et
1737 869 1977 924 Banaeas
2010 883 2068 934 ei,

406 969 590 1023 Abias
622 967 904 1040 populum
943 963 1264 1019 erudirent.
1299 961 1463 1026 Quod
1498 958 1714 1013 Esdras
1755 955 2060 1011 scientiam

407 1056 635 1113 Domini
661 1055 908 1127 legendo
936 1050 1301 1124 explicuerit,
1325 1047 1598 1119 populus,
1624 1062 1726 1117 per
1755 1044 2062 1100 lectionem

411 1146 594 1214 illius,
619 1161 747 1217 quae
770 1143 1038 1200 iacienda
1059 1144 1225 1196 erant
1252 1137 1622 1206 intellexerit,
1644 1142 1703 1191 et
1722 1135 1948 1193 Pascha
1978 1151 2066 1188 ee-

405 1234 736 1292 lebraverit.
769 1234 1088 1289 Servarunt
1116 1229 1292 1283 etiam
1318 1226 1616 1297 jejunium
1653 1240 1854 1279 mense
1884 1221 2060 1293 septi-

406 1342 525 1391 mo,
574 1331 631 1380 et
684 1323 901 1378 festum
956 1315 1517 1381 Tabernaculorum,
1565 1314 1717 1369 sicut
1774 1313 2060 1384 scriptum

404 1423 512 1470 est.
534 1436 561 1463 «
596 1413 721 1468 Non
753 1411 1028 1477 fecerant,
1064 1406 1278 1477 inquit,
1310 1404 1382 1460 ad
1415 1401 1573 1457 hunc
1599 1402 1841 1457 modum
1874 1418 1907 1456 a
1939 1400 2060 1454 die-

402 1503 517 1558 bus
545 1502 685 1557 Jesu
718 1499 821 1555 ﬁlii
852 1499 1026 1554 Nave.
1053 1519 1081 1545 »
1108 1494 1320 1550 Esdras
1341 1510 1473 1549 vero
1505 1507 1640 1546 cum
1663 1490 1905 1545 vidisset
1940 1506 2063 1542 niu-

401 1592 576 1648 lieres
607 1590 842 1645 Azotias
873 1584 1131 1642 Hebraeis
1158 1581 1431 1652 conjugio
1456 1581 1697 1652 junctae
1722 1596 1736 1633 ε
1762 1577 1973 1649 lugens
1997 1593 2061 1630 ac

401 1680 661 1752 plorans,
704 1677 914 1743 eﬁ‘ecit,
959 1680 1025 1729 ut
1071 1687 1276 1728 omnes
1309 1670 1717 1742 promitterent
1763 1682 1824 1721 se
1875 1666 2059 1737 legem

402 1768 503 1823 Dei
550 1772 908 1830 servaturos,
940 1769 999 1818 et
1045 1761 1218 1833 ejecit
1268 1758 1545 1814 mulieres
1591 1755 1746 1824 illas,
1776 1759 2060 1825 tanquam

402 1856 708 1928 illegitimo
739 1852 1009 1925 conjugio
1030 1853 1298 1923 junctae,
1323 1854 1381 1904 et
1405 1850 1680 1917 jurarunt
1711 1844 1966 1899 universi
1998 1860 2061 1899 se

400 1945 589 2017 legem
623 1949 977 2001 servaturos.
1001 1944 1191 2011 Atque
1222 1939 1305 1993 ita
1327 1935 1672 1993 sanctiﬁcati
1702 1940 1759 1989 et
1790 1933 2056 1987 mundati

404 2034 710 2090 exhilarati
745 2036 906 2101 sunt,
938 2036 996 2086 et
1023 2029 1169 2086 abiit
1198 2028 1453 2099 quisque
1484 2027 1543 2080 in
1572 2025 1815 2079 domum
1862 2038 2054 2078 suam.

400 2123 684 2178 Narratur
716 2127 914 2177 autem
953 2126 1009 2175 et
1052 2119 1157 2173 hoc
1189 2116 1261 2171 de
1290 2116 1498 2180 Esdra,
1530 2113 1685 2185 quod
1737 2127 1873 2167 cum
1922 2110 2057 2165 libri

399 2229 503 2284 per
549 2211 838 2266 incuriam
898 2206 1099 2280 populi
1148 2222 1216 2260 ac
1264 2205 1607 2259 diuturnam
1661 2199 2056 2272 captivitatem

397 2299 730 2371 periissent,
761 2299 886 2369 ipsa
917 2296 1070 2362 illos,
1104 2310 1237 2349 cum
1268 2294 1356 2346 vir
1385 2295 1540 2347 esset
1570 2290 1797 2345 honesti
1832 2289 2055 2344 studio-

396 2405 521 2455 sus,
552 2388 905 2455 industrius,
937 2390 995 2440 et
1033 2383 1240 2449 lector,
1270 2381 1424 2453 apud
1458 2397 1521 2436 se
1558 2395 1767 2435 omnes
1795 2376 2053 2434 custodi-

394 2477 560 2541 verit,
584 2476 736 2531 “5
768 2481 829 2530 et
867 2474 1105 2530 tandem
1147 2469 1474 2543 protulerit,
1507 2466 1903 2537 omnibusque
1932 2470 2050 2521 tra-

397 2565 630 2634 diderit,
664 2570 840 2637 atque
870 2562 954 2619 ita
981 2560 1169 2619 Biblia
1199 2558 1538 2616 servaverit.

740 2709 903 2764 Liber
932 2708 1065 2774 XIII,
1098 2702 1434 2761 Psalterium
1463 2701 1706 2757 Davidis.

464 2843 556 2896 21.
588 2839 847 2896 Tametsi
877 2838 974 2894 hic
1021 2836 1391 2893 Psalmorum
1441 2831 1592 2887 liber
1638 2829 1826 2886 solius
1873 2828 2052 2884 habet

395 2930 631 2985 Davidis
678 2927 1149 2999 inscriptionem,
1182 2924 1501 2979 multorum
1552 2925 1747 2976 tamen
1794 2918 2047 2974 aliorum

395 3033 630 3090 quoque
680 3015 739 3071 in
794 3014 892 3070 illo
923 3019 1065 3070 sunt
1106 3011 1349 3084 psalmi;
1399 3009 1622 3065 scilicet
1666 3007 1883 3079 Asaph,
1932 3005 2045 3061 Idi-

389 3104 584 3172 thum,
620 3104 876 3160 ﬁliorum
907 3105 1069 3171 Core,
1118 3099 1333 3172 Aggasi,
1385 3096 1698 3167 Zacharias,
1729 3100 1788 3150 et
1816 3095 2044 3149 i‘Emam

1599 389 1662 442 5.
1708 381 2231 443 ATHANASIUS.
2263 415 2339 426 —
2367 383 2632 445 DUBIA.

3711 397 3833 457 832

2249 513 2333 567 ’Ev
2363 510 2419 567 δὲ
2474 518 2553 584 τῷ
2603 511 2835 601 δευτέρῳ
2884 515 3032 593 λόγῳ
3074 519 3142 572 τὰ
3188 519 3324 574 αύτά
3357 522 3453 594 μὲν
3484 522 3651 579 πάλιν
3679 522 3832 601 λέγει

2175 601 2298 676 περῖ
2330 608 2429 670 τῆς
2452 600 2736 675 ἐπανόδου,
2770 606 2945 680 χωρὶς
2972 611 3081 661 τῶν
3112 604 3625 682 προϐλημάτωνοτά
3654 600 3832 672 πλείω

2177 687 2234 743 δὲ
2283 689 2552 765 ἐξηγεῖται
2600 693 2723 764 περὶ
2772 694 3003 767 Νεεμίου
3055 701 3153 751 τοῦ
3185 697 3475 775 εὐνούχου,
3508 701 3592 756 δτι
3622 704 3712 758 καὶ
3743 705 3835 760 αὖ·

2175 780 2264 840 τὸς
2310 779 2508 849 ἠξίωσε
2556 782 2677 854 περὶ
2725 789 2823 852 τῆς
2873 783 3176 858 οἰκοδομῆς
3224 792 3323 842 τοῦ
3362 789 3533 863 ἱεροῦ,
3564 792 3654 846 καὶ
3686 792 3770 848 ὅτι
3802 796 3830 850 6

2179 867 2273 941 μὶν
2334 866 2561 944 Ἔσδρας
2621 869 2997 945 ἀνεγίνωσκεν·
3051 876 3265 945 Ἰησοῦς
3321 875 3379 933 δὲ
3435 881 3523 933 καὶ
3601 882 3829 946 Βαναίας

2174 956 2264 1011 καὶ
2318 953 2500 1020 Ἀϐίας
2545 959 2680 1028 ἦσαν
2736 962 3088 1031 συνενίζοντες
3134 966 3227 1020 τὸν
3279 965 3436 1024 λαόν.
3488 971 3585 1024 Καὶ
3641 972 3670 1025 ὁ
3726 974 3821 1045 μὲν

2174 1044 2408 1135 Ἔσδρας
2451 1047 2832 1123 ἀναγινώσκων
2880 1049 3187 1108 διέστεΛλεν
3238 1054 3514 1131 ἐπιστήμῃ
3545 1044 3762 1135 Κυρίού’
3797 1063 3825 1117 ὁ

2172 1131 2233 1189 δὲ
2276 1134 2409 1198 λαὸς
2464 1144 2686 1205 συνῆκεν
2739 1137 2790 1193 ἐν
2838 1144 2908 1214 τῇ
2961 1141 3283 1217 ἀναγνώσει,
3341 1146 3430 1200 καὶ
3491 1131 3715 1218 ἐποίησε
3763 1152 3826 1205 τὸ

2172 1224 2389 1299 Πάσχα.
2433 1227 2529 1280 Καὶ
2560 1230 2637 1297 τῷ
2669 1223 2891 1302 ἐϐδόμῳ
2925 1231 3059 1302 μηνὶ
3109 1230 3368 1303 ἐποίησαν
3417 1238 3516 1305 τήν
3550 1238 3825 1310 νηστείαν,

2172 1311 2390 1405 καί-τήν
2426 1317 2830 1391 Σκηνοπηγίαν,
2864 1319 2940 1381 ὡς
2967 1318 3289 1394 γέγραπται·
3324 1347 3353 1375 ‹‹
3384 1325 3526 1395 Ὃτι,
3564 1350 3591 1377 υ
3635 1335 3823 1405 φησὶν,

2175 1427 2202 1454 ‹‹
2236 1401 2334 1457 οὐκ
2382 1403 2640 1473 ἐποίησαν
2687 1406 2863 1470 οὕτως
2912 1408 3017 1463 ἀπὸ
3058 1414 3164 1464 τῶν
3214 1413 3437 1486 ἡμερῶν
3495 1401 3676 1486 Ἰησοῧ
3706 1417 3826 1472 υἱοῦ

2172 1498 2345 1561 Ναυῆ.
2384 1517 2406 1543 ι
2469 1491 2705 1570 Ἔσδρας
2759 1493 2838 1562 Si,
2894 1497 3153 1573 ἑωρακὼς
3193 1499 3535 1577 έπιμιγείσας
3567 1511 3824 1578 γυναῖκας

2174 1581 2471 1644 Ἀσωτίους
2543 1588 2662 1646 τοῖς
2734 1580 3038 1660 Ἑϐραίοις,
3094 1590 3361 1659 πενθήσας
3414 1592 3504 1646 καὶ
3560 1592 3822 1666 κλαύσας,

2170 1668 2395 1739 ἐποίησε
2449 1673 2647 1734 πάντας
2691 1672 3114 1750 ἐπαγγείλασθαι
3174 1677 3462 1756 φυλάττειν
3508 1682 3600 1737 τὸν
3649 1684 3822 1757 νόμον

2170 1762 2265 1812 τοῦ
2315 1764 2470 1814 Θεοῖν
2525 1760 2613 1815 καὶ
2663 1758 2881 1831 ἐξέϐαλε
2925 1764 3020 1827 τὰς
3078 1772 3330 1841 γυναῖκας
3381 1768 3458 1832 ὡς
3503 1773 3820 1845 παράνομον

2168 1847 2367 1920 γάμον·
2418 1850 2509 1904 καὶ
2555 1847 2777 1922 ὣμοσαν
2826 1853 3021 1916 πάντες
3070 1855 3301 1932 φυλάξαι
3349 1858 3439 1913 τὸν
3492 1859 3682 1933 νόμον.
3718 1861 3817 1916 Καὶ

2168 1936 2340 2000 οὕτως
2399 1938 2738 2026 ἀγιασθέντες
2796 1941 2886 1996 καὶ
2937 1945 3368 2019 ωθαρισθέντες,
3411 1948 3818 2026 ηὐφράνθησαν,

2165 2026 2255 2081 καὶ
2303 2026 2543 2096 ἀπῆλθεν
2591 2025 2815 2092 ἕκαστος
2846 2030 2921 2093 εἷς
2949 2032 3040 2086 τὸν
3074 2032 3220 2088 οἶκον
3255 2033 3467 2093 ἑαυτοῦ.
3500 2025 3817 2111 Ἱστορεῖται

2167 2110 2224 2169 δὲ
2280 2115 2371 2170 καὶ
2402 2114 2563 2171 τοῦτο
2590 2117 2713 2193 περὶ
2745 2124 2841 2174 τοῦ
2872 2119 3096 2197 Ἔσδρα,
3135 2121 3240 2195 ὅτι,
3295 2110 3658 2199 ἀπολομένων
3705 2132 3818 2182 τῶν

2170 2199 2400 2279 βιϐλίων
2431 2205 2482 2278 ἐξ
2516 2205 2774 2279 ἀμελείας
2801 2213 2911 2264 τῶν
2943 2209 3116 2281 λαῶν,
3144 2212 3234 2267 καὶ
3267 2210 3358 2267 διὰ
3383 2215 3483 2284 τήν
3533 2214 3823 2292 πολυχρό-

2164 2314 2277 2348 νιον
2328 2293 2740 2370 αἰχμαλωσίαν,
2786 2297 2948 2361 αὐτὸς
2997 2298 3254 2376 ’Ἐσδρας,
3286 2300 3587 2379 φιλόκαλος
3622 2303 3695 2358 ὥν
3725 2303 3816 2359 καὶ

2165 2382 2389 2453 εὐφυὴς,
2438 2383 2526 2439 καὶ
2577 2384 2953 2461 ἀναγνώστης,
3004 2388 3234 2467 ἐφύλαξε
3280 2390 3454 2446 πάντα
3484 2393 3599 2448 καθ’
3630 2394 3816 2449 ἑαυτὸν

2163 2471 2250 2526 καὶ
2281 2472 2476 2527 λοιπὸν
2533 2477 2859 2549 προήνεγκε,
2891 2477 2981 2533 καὶ
3014 2485 3180 2549 πῆσιν
3213 2477 3497 2554 ἐκδέδωκε,
3528 2483 3618 2538 καὶ
3646 2482 3820 2545 οὕτως

2163 2559 2481 2630 διασώζεται
2510 2563 2577 2617 τά
2611 2557 2825 2638 βιϐλία.

2518 2645 2741 2708 Βιϐλίον
2791 2660 2877 2727 ιγ’,
2906 2655 3231 2732 Ψαλτήριον
3260 2653 3453 2713 Λαϐίδ.

2227 2741 2317 2795 21.
2352 2737 2415 2795 Εἰ
2467 2738 2557 2794 καὶ
2602 2743 2701 2793 τοῦ
2753 2735 2921 2795 Δαϐὶδ
2969 2740 3271 2820 ἐπιγραφὴν
3303 2741 3423 2818 ἔχει
3456 2744 3626 2816 μόνου
3653 2751 3816 2802 τοῦτο

2156 2826 2220 2881 τὸ
2254 2820 2470 2903 βιϐλίον
2502 2832 2612 2883 τῶν
2642 2827 2915 2901 Ψαλμῶν,
2968 2828 3113 2883 ἀλλὰ
3141 2828 3367 2885 πολλῶν
3401 2830 3491 2885 καὶ
3522 2830 3709 2886 ἄλλων
3737 2832 3814 2887 εἷ’·

2159 2916 2239 2971 σὶν
2272 2914 2324 2971 ἐν
2351 2916 2531 2988 τούτῳ
2561 2916 2797 2990 ψαλμοὶ,
2826 2920 2924 2970 τοῦ
2952 2936 3013 2971 τε
3043 2917 3215 2993 Ἀσάφ
3246 2914 3531 2986 δηλονότι,
3561 2919 3650 2973 καὶ
3696 2925 3806 2975 τῶν

2157 3002 2420 3077 Ἰδιθοὺμ,
2479 3004 2570 3058 καὶ
2616 3006 2725 3056 τῶν
2778 3003 2905 3058 υἱῶν
2958 3003 3121 3078 Κορὲ,
3154 3004 3244 3058 καὶ
3276 3005 3552 3081 Ἀγγαίου,
3583 3008 3673 3062 καὶ
3704 3016 3809 3064 Ζα-

2156 3091 2377 3167 χαρίου,
2428 3091 2519 3146 καὶ
2564 3089 2742 3163 Αἰμὰν
2791 3093 2889 3144 τοῦ
2940 3089 3303 3167 Ἰσραηλίτου.
3337 3093 3459 3149 Εἰσὶ
3490 3091 3550 3149 δὶ
3577 3096 3669 3150 καὶ
3698 3118 3813 3152 κοι-

389 3193 688 3251 Israelita.
709 3193 860 3248 Sunt
879 3191 1056 3247 etiam
1088 3186 1379 3252 nonnulli,
1399 3185 1501 3257 qui
1524 3202 1641 3239 una
1664 3185 1738 3239 ab
1767 3183 2046 3240 omnibus

2157 3185 2263 3242 νῶς
2313 3180 2459 3255 παρά
2510 3178 2723 3233 πάντων
2771 3179 2913 3251 ὁμοῦ
2945 3180 3222 3256 εἰρημένοι
3251 3183 3415 3251 τινὲς,
3451 3182 3811 3255 ὅσοιδηλαδή

388 3244 741 3347 sunt—dicti:
760 3244 1072 3353 quotquot
1116 3244 1387 3332 videlicet
1408 3244 1436 3325 (ἱ
1469 3272 1721 3330 Alleluia
1744 3295 1773 3323 »
1806 3272 2045 3327 habent.

2160 3262 2350 3341 ἔχουσι
2380 3244 2442 3321 τὸ
2481 3289 2506 3321 ι
2536 3244 2904 3337 Ἀλληλοιὶϊα.
2931 3293 2953 3322 ι
2990 3244 3194 3345 ἔθ’γοῦν
3213 3244 3471 3347 Ἔσδρας,
3493 3244 3811 3347 συναγαγὼν

388 3373 592 3442 Itaque
622 3370 841 3426 Esdras
872 3384 1076 3425 omnes
1120 3366 1293 3422 hosce
1321 3363 1584 3437 psalmos
1615 3379 1651 3417 a
1681 3359 2049 3431 quibuscun-

389 3476 503 3532 que
546 3458 733 3515 dictos
783 3475 901 3513 uno
950 3455 1292 3528 complexus
1344 3458 1436 3508 est
1479 3450 1649 3517 libro,
1679 3449 1781 3520 qui
1812 3446 2049 3519 quidem

390 3548 559 3619 quasi
592 3563 937 3603 communes
968 3546 1088 3602 sint
1113 3542 1331 3617 psalmi
1361 3556 1567 3597 omnes
1588 3555 1738 3610 quos
1768 3535 2047 3601 continet,

389 3637 759 3694 Psalmorum
798 3636 948 3692 liber
988 3639 1262 3699 vocatur;
1294 3629 1404 3686 soli
1435 3645 1567 3684 vero
1609 3626 1813 3683 Davidi
1845 3624 2049 3679 inscri-

386 3726 569 3793 bitur,
594 3725 732 3796 quia
762 3724 858 3780 ille
879 3725 1108 3796 primus
1135 3721 1415 3793 spiritum
1437 3715 1726 3788 psallendi
1757 3733 1791 3770 a
1820 3720 1932 3768 Deo
1955 3730 2050 3769 ac.

387 3815 560 3887 cepit,
594 3815 942 3886 primusque
972 3810 1233 3883 psalmos
1261 3805 1592 3878 composuit
1620 3809 1679 3859 et
1708 3802 1966 3874 scripsit,
1989 3809 2046 3857 et

385 3905 694 3976 pmdietos
741 3901 1084 3974 psalmistas
1126 3898 1253 3968 ipse
1282 3913 1352 3951 ex
1381 3894 1787 3950 sacerdotibus
1835 3890 2045 3964 selegit

384 4010 451 4049 ac
481 3991 760 4057 instituit,
784 3990 1217 4059 stationemque
1246 3985 1509 4041 locorum
1540 3981 1680 4051 illis,
1697 3986 1755 4037 et
1774 3981 2039 4037 ordinem

384 4081 671 4143 melodiaa,
716 4097 782 4135 ac
828 4083 1067 4149 tempus
1099 4073 1388 4147 psallendi
1438 4071 1792 4127 matutinum
1841 4076 1898 4126 et
1944 4088 2036 4125 ve-

380 4173 709 4244 spertinum
763 4166 1177 4225 determinavit
1208 4182 1222 4221 :
1256 4169 1313 4221 et
1349 4164 1431 4219 ita
1482 4162 1775 4218 ordinavit
1825 4165 1891 4217 ut
1937 4160 2037 4216 alii

379 4266 600 4333 aperto,
635 4260 735 4316 alii
784 4257 985 4314 clauso
1043 4254 1288 4327 templo,
1336 4252 1434 4309 alii
1484 4269 1517 4307 a
1567 4252 1809 4317 dextris,
1852 4250 1951 4306 alii
2003 4268 2037 4305 a

378 4350 636 4407 sinistris
665 4351 929 4405 starent:
964 4352 1140 4418 atque
1168 4345 1250 4400 ita
1278 4343 1520 4416 quidam
1554 4346 1666 4396 Deo
1699 4339 2032 4410 psallerent,

375 4441 729 4510 laudemque
786 4454 851 4493 ac
908 4438 1189 4509 hymnum
1247 4448 1385 4489 voce
1440 4434 1742 4497 canerent;
1789 4427 2031 4499 quidam

375 4541 509 4583 vero
540 4527 1064 4594 confessionemac
1105 4524 1339 4581 laudem
1384 4519 1710 4593 pulsarent,
1738 4516 1821 4571 illi
1857 4516 1917 4570 in
1947 4516 2031 4572 ei-

2157 3355 2379 3417 τοότους
2434 3356 2633 3417 πάντας
2680 3355 2806 3418 τοὺς
2857 3359 2983 3434 παρ’
3041 3358 3266 3414 ἑκάστου
3315 3359 3639 3436 εἰρημένους
3672 3362 3813 3436 ψαλ-

2162 3444 2321 3517 μοὺς,
2372 3444 2447 3507 εἰς
2505 3444 2626 3518 μίαν
2678 3446 2939 3516 συνέθηκε
2989 3442 3201 3523 βίϐλον·
3256 3447 3346 3503 καὶ
3377 3450 3454 3511 ὡς
3489 3449 3583 3522 μὲν
3614 3456 3812 3506 κοινῶν

2156 3528 2322 3588 ὄντων
2354 3533 2568 3589 πάντων
2599 3538 2704 3588 τῶν
2738 3533 2789 3588 ἐν
2821 3535 2958 3609 αὐτῇ
2984 3537 3422 3610 περιεχομένων,
3470 3533 3663 3612 βίϐλος
3710 3561 3812 3594 κα-

2157 3621 2333 3677 λεῖται
2392 3621 2661 3696 Ψαλμῶν*
2722 3623 3075 3700 ἐπιγράφεται
3134 3622 3192 3679 δὲ
3251 3625 3416 3697 μόνον
3470 3627 3561 3681 τὸν
3618 3623 3807 3699 Δαϐὶδ,

2155 3708 2341 3781 ἐπειδὴ
2394 3710 2555 3773 αὐτὸς
2612 3712 2831 3786 πρῶτος
2876 3707 3063 3767 λαϐὼν
3110 3713 3174 3767 τὸ
3203 3717 3416 3785 πνεῦμα
3442 3718 3542 3768 τοῦ
3572 3713 3804 3788 ψάλλειν

2152 3802 2297 3877 παρά
2324 3805 2421 3856 τοῦ
2453 3804 2605 3869 Θεοῦ,
2639 3800 2858 3876 πρῶτός
2886 3822 2945 3856 τε
2992 3800 3249 3872 συνέθηκε
3290 3802 3380 3857 καὶ
3422 3800 3622 3879 ἔγραψε
3662 3802 3805 3878 ψαλ-

2155 3890 2310 3963 μοός·
2350 3891 2477 3953 τούς
2526 3910 2585 3944 τε
2614 3887 3015 3966 προλεχθέντας
3069 3889 3297 3953 λοιποὺς
3330 3889 3677 3966 ψαλτῳδοὺς,
3712 3894 3806 3948 αὐ-

2148 3980 2240 4042 τὸς
2290 3981 2395 4034 ἀπὸ
2441 3984 2549 4034 τῶν
2595 3980 2785 4052 ἱερέων
2836 3976 3189 4052 ἐκλεξάμενος
3233 3977 3552 4051 διετύπωσε,
3585 3984 3675 4037 καὶ
3706 3986 3805 4054 τήν

2144 4088 2203 4123 τε
2232 4068 2411 4124 στάσιν
2442 4068 2625 4131 αὐτοῖς
2656 4073 2763 4123 τῶν
2792 4066 2999 4140 τὸπων,
3029 4068 3119 4123 καὶ
3149 4070 3248 4137 τήν
3279 4068 3426 4140 τάξιν
3458 4077 3559 4140 τῆς
3619 4072 3809 4144 μελῳ-

2147 4155 2288 4228 δίας,
2337 4158 2428 4213 καὶ
2476 4159 2566 4212 τὸν
2615 4158 2803 4231 καιρὸν
2854 4158 2947 4213 τὸν
2978 4157 3244 4232 πρωϊνὸν,
3279 4158 3368 4213 καὶ
3398 4160 3490 4214 τὸν
3524 4158 3803 4235 ἐσπερινὸν

2146 4247 2308 4323 ὥρισε
2354 4247 2444 4301 καὶ
2495 4245 2747 4316 διέταξεν·
2802 4246 2942 4302 ὥστε
2994 4246 3122 4309 τοὺς
3159 4248 3252 4319 μὲν
3297 4246 3663 4324 ἀνοιγομένου
3707 4254 3807 4304 τοῦ

2142 4338 2313 4412 ἱεροῦ,
2372 4336 2499 4397 τοὺς
2557 4334 2614 4390 δὲ
2660 4334 3005 4408 κλειομένου,
3058 4336 3148 4390 καὶ
3196 4335 3322 4399 τοὺς
3377 4338 3471 4409 μὲν
3503 4336 3562 4393 ἐκ
3593 4337 3803 4410 δεξιῶν,

2141 4426 2269 4487 τοὺς
2328 4422 2386 4479 δέ
2435 4424 2484 4496 ἐξ
2536 4425 2830 4500 ἀριστερῶν
2882 4424 3114 4479 ἱστάναι·
3170 4424 3261 4480 καὶ
3311 4424 3509 4498 οὕτως,
3542 4426 3671 4489 τοὺς
3702 4428 3799 4500 μὲν

2082 4510 2087 4521 ’
2142 4512 2395 4587 ψάλλειν,
2439 4513 2528 4567 καὶ
2579 4511 2767 4583 αἰνεῖν,
2812 4512 2901 4567 καὶ
2948 4508 3116 4583 ᾅδειν,
3171 4514 3261 4569 καὶ
3306 4514 3492 4588 ὑμνεῖν
3523 4516 3614 4570 τὸν
3647 4515 3797 4570 Θεόν·

377 4616 560 4687 nyris,
593 4615 856 4684 citharis,
906 4614 1100 4669 nablis
1144 4629 1209 4668 ac
1262 4607 1571 4681 cymbalis,
1614 4606 1714 4661 isti
1760 4604 1919 4661 tubis
1968 4603 2032 4659 in

2157 4599 2262 4663 :ob;
2315 4598 2372 4655 δε
2418 4598 2733 4673 ἀνακρούειν
2779 4599 3180 4675 ἐξομολογησιν
3208 4602 3298 4657 καὶ
3331 4602 3498 4659 οἶνον·
3531 4604 3623 4658 καὶ
3668 4602 3800 4665 τοὺς

375 4702 685 4758 exaltando
714 4704 1116 4772 personarent.
1138 4697 1479 4753 Sacerdotes
1509 4694 1690 4766 igitur
1710 4692 1811 4765 qui
1832 4708 2029 4748 arcam

371 4790 475 4846 Dei
506 4790 620 4845 sub
650 4788 866 4845 Davide
914 4789 1249 4859 portabant,
1277 4790 1446 4841 erant
1492 4798 1738 4839 numero
1786 4780 1946 4838 mille
1974 4790 2033 4837 et

370 4878 490 4934 duo
523 4893 536 4932 :
570 4891 800 4947 nempe,
835 4891 903 4931 ex
933 4874 1070 4929 ﬁliis
1101 4873 1306 4943 Caatb,
1336 4871 1494 4929 Uriel
1524 4871 1799 4943 princeps
1824 4875 1883 4925 et
1912 4870 2029 4926 fra-

368 4974 492 5025 tres
536 4966 665 5038 ejus
712 4970 948 5021 centum
979 4970 1038 5020 et
1063 4965 1298 5031 decem;
1345 4979 1416 5018 ex
1466 4960 1604 5016 ﬁliis
1654 4958 1884 5027 Morari,
1915 4961 2028 5016 Aee

367 5059 642 5130 princeps
672 5059 731 5112 et
761 5055 966 5110 fratres
1014 5054 1145 5125 ejus
1184 5053 1318 5120 250;
1352 5068 1422 5107 ex
1452 5049 1590 5106 ﬁliis
1622 5049 1881 5116 Gedeon,
1903 5048 2025 5104 Joel

366 5148 640 5219 princeps
671 5154 727 5201 et
756 5144 965 5200 fratres
987 5144 1118 5214 ejus
1148 5143 1287 5209 150;
1317 5157 1388 5196 ex
1416 5139 1556 5195 ﬁliis
1580 5137 1902 5208 Elisaphat,
1926 5137 2024 5192 Sa-

365 5252 544 5292 maeas
585 5236 859 5307 princeps
907 5238 964 5288 et
1017 5234 1228 5288 fratres
1261 5231 1389 5302 ejus
1417 5230 1557 5296 200;
1590 5243 1660 5283 ex
1688 5225 1829 5283 ﬁliis
1878 5227 2021 5283 Che-

365 5323 535 5391 bron,
582 5324 731 5379 Ener
781 5322 1052 5393 princeps
1092 5325 1149 5375 et
1196 5320 1407 5374 fratres
1452 5318 1581 5388 ejus
1627 5318 1729 5384 80;
1765 5332 1835 5371 ex
1882 5314 2021 5370 ﬁliis

364 5412 539 5480 Eziel,
586 5413 936 5469 Aminadam
996 5411 1268 5483 princeps
1326 5412 1384 5464 et
1442 5409 1652 5463 fratres
1706 5407 1835 5477 ejus
1895 5406 2016 5461 112.

362 5501 571 5556 Ρειιιιαε
600 5518 733 5557 vero
763 5499 967 5556 selecti
996 5517 1066 5555 ex
1095 5499 1241 5572 ipsis
1270 5502 1460 5563 erant,
1487 5497 1559 5552 de
1587 5496 1808 5566 quibus
1840 5512 2021 5567 supra

364 5591 587 5646 dictum
634 5594 742 5645 est.
776 5588 846 5643 Hi
892 5590 962 5643 ad
1019 5589 1177 5644 hunc
1224 5587 1465 5642 modum
1514 5583 1770 5639 instituti
1801 5589 2013 5639 erant:

360 5678 558 5749 Asaph
590 5682 647 5733 et
673 5676 900 5732 [Etham
934 5675 1040 5732 ﬁlii
1062 5676 1213 5732 Core
1233 5673 1517 5749 cymbalis
1540 5673 1713 5728 aeneis
1744 5688 2016 5744 persona:

360 5769 525 5838 bant,
556 5771 622 5823 ut
650 5767 723 5823 ab
780 5766 1058 5821 omnibus
1108 5766 1479 5832 audirentur;
1528 5761 1837 5819 Zacharias
1884 5776 2016 5818 vero

2145 4690 2239 4762 μὶν
2292 4688 2719 4767 ἀποφθέγγεσθαι
2768 4687 2821 4743 ἐν
2868 4688 3107 4762 κινύραις
3165 4689 3255 4746 καὶ
3308 4685 3563 4762 νάϐλαις,
3624 4692 3714 4747 καὶ
3748 4693 3801 4747 έν

2139 4762 2467 4852 κυμϐάλοις·
2517 4762 2645 4840 τοὺς
2696 4775 2754 4832 δὲ
2802 4777 2879 4840 εἱς
2923 4777 2986 4833 τὸ
3019 4779 3229 4853 ὑψῶσαι
3262 4779 3314 4835 ἐν
3366 4778 3674 4858 σάλπιγξιν.
3732 4762 3830 4840 Οἱι

2143 4869 2237 4941 μὲν
2285 4866 2375 4923 οὖν
2426 4868 2609 4941 ἱερεῖς,
2663 4867 2716 4921 οἱ
2745 4865 3102 4945 ἀναφέροντες
3152 4870 3253 4938 τὴν
3282 4864 3518 4925 κιϐωτὸν
3553 4870 3642 4925 ἐπὶ
3697 4876 3801 4927 τοῦ

2138 4951 2328 5026 Δαϐὶδ,
2383 4959 2514 5026 ἦσαν
2566 4954 2748 5031 χίλιοι
2796 4957 2886 5010 καὶ
2946 4954 3067 5025 δύο,
3120 4957 3314 5020 οὕτως’
3351 4959 3481 5013 υἱῶν
3516 4959 3665 5015 Καάθ
3689 4959 3801 5017 Οὐ-

2136 5048 2266 5123 ριὴλ
2300 5047 2327 5100 ὁ
2374 5049 2559 5121 ἅρχων
2610 5043 2701 5098 καὶ
2751 5045 2804 5099 οἱ
2833 5041 3066 5123 ἀδελφοὶ
3099 5046 3285 5119 αὐτοῦ,
3315 5048 3403 5121 ρι’·
3457 5047 3588 5101 υἱῶν
3623 5054 3800 5121 Μερα·

2137 5141 2221 5212 ρεῐ
2278 5135 2401 5190 Ἀσὲ
2448 5135 2479 5189 6
2522 5132 2709 5209 ἄρχων
2758 5134 2849 5188 καὶ
2899 5135 2954 5189 οἱ
3006 5134 3235 5214 ἀοελιροὶ
3290 5134 3480 5209 αὐτοῦ,
3515 5142 3607 5190 σν’·
3661 5137 3794 5192 υἱῶν

2134 5223 2338 5280 Γεδεὼν
2374 5222 2539 5290 Ἰωήλ
2571 5224 2598 5277 ὁ
2628 5223 2823 5298 ἆρχωγ
2852 5223 2943 5277 καὶ
2975 5225 3027 5278 οἱ
3058 5221 3289 5301 ἀδελφοὶ
3320 5223 3509 5294 αὐτοῦ,
3559 5232 3652 5301 ρν’·
3684 5231 3795 5282 τῶν

2133 5315 2262 5368 υἱῶν
2294 5310 2587 5389 Ἐλισάφατ
2623 5309 2868 5382 Σαμαίας
2900 5313 2928 5366 6
2959 5313 3147 5388 ἄρχων
3198 5312 3289 5367 καὶ
3323 5312 3374 5367 οἶ
3424 5310 3651 5392 ἀδελφοὶ
3704 5315 3795 5369 αό-

2128 5408 2251 5474 τοῦ,
2299 5408 2359 5456 cr"
2401 5406 2509 5456 τῶν
2538 5401 2668 5454 υἱῶν
2698 5393 2924 5475 Χεϐρὼν
2960 5401 3122 5470 Ἐνήρ
3155 5401 3183 5456 ὁ
3208 5398 3395 5476 ἄρχων
3429 5402 3519 5457 καὶ
3548 5403 3600 5458 οἱ
3630 5400 3792 5459 ἀδελ-

2129 5492 2220 5566 φοὶ
2267 5491 2430 5546 αὐτοῦ
2486 5497 2555 5544 π’·
2606 5492 2713 5543 τῶν
2767 5488 2899 5542 υἱῶν
2948 5487 3166 5562 Ἐζιὴλ,
3201 5488 3513 5564 Ἀμιναδὰμ
3544 5492 3573 5546 ὁ
3605 5492 3793 5568 ἄρχων

2127 5581 2217 5636 καὶ
2250 5582 2303 5634 οἱ
2357 5577 2584 5656 ἀδελφοὶ
2630 5576 2817 5645 αὐτοῦ,
2867 5578 2995 5653 ριβ’·
3039 5579 3092 5633 οἱ
3125 5576 3182 5634 δὲ
3214 5577 3499 5654 ψαλτῳδοὶ
3532 5582 3584 5651 ἐξ
3613 5580 3790 5635 αὐτῶν

2125 5670 2263 5739 ἦσαν
2316 5665 2665 5742 ἐκλεχθέντες
2715 5664 2768 5719 οἱ
2835 5670 3252 5742 προειρημένοι,
3314 5669 3405 5725 καὶ
3450 5670 3587 5739 ἦσαν
3648 5667 3791 5724 οὕτω

2129 5757 2488 5821 τυπωθέντες·
2556 5755 2584 5808 ὁ
2649 5753 2744 5828 μὶν
2803 5753 2967 5833 ’Δσὰρ
3024 5757 3116 5814 καὶ
3170 5757 3356 5833 Atedii.
3413 5757 3525 5814 υἱοὶ
3555 5752 3697 5835 Κορὲ
3742 5756 3795 5813 ἐν
