4154 6376
302 378 420 437 337

1401 377 1781 438 SYNOPSIS
1826 376 2293 440 SCRIPTURAE
2337 382 2638 441 SACRE.

3614 387 3733 447 338

306 516 396 585 ps’,
444 490 545 583 ρς’,
600 509 691 581 ρι’,
728 514 851 583 ρια’,
910 507 1037 582 ριβ’,
1102 509 1222 583 ριγ“,
1294 504 1413 583 ριδ¹,
1476 510 1597 583 ρις’,
1661 514 1780 583 ριζ’,
1841 516 1966 582 ριη’,
2004 513 2055 577 Α
2084 512 2137 576 5,
2174 514 2227 579 6,
2279 513 2333 583 8,
2374 515 2428 581 9,
2474 516 2796 586 10,11,12,
2838 518 2927 583 13,
2970 518 3179 585 17,18,
3225 518 3312 581 19,
3353 518 3442 585 20,
3500 521 3591 585 21,
3642 522 3735 587 22,

306 597 441 674 ρλδ¹ν
496 596 627 671 ρλέ,
684 599 820 670 ρμε’›
877 597 1020 670 sed,
1077 598 1219 672 PPC',
1273 604 1422 669 ρμη’,
1476 599 1619 672 ρμθ’,
1677 600 1765 669 ρν’-
1831 623 1849 647 ι
1885 602 1970 669 Τῷ

305 681 493 747 Δαϐἱδ,
536 711 553 734 η
595 683 808 752 ἁπλὼς,
844 682 953 759 λβ’,
987 682 1088 750 λδ’,
1124 684 1217 753 λε’,
1253 685 1355 761 ιβ’,
1394 686 1498 761 ρβ¹,
1533 688 1634 760 ργ’,
1666 684 1803 760 ρλς’,
1830 684 1964 761 ρλζ’·

302 776 459 831 ’Ὁσοι
491 773 548 828 δὲ
580 776 729 848 παρά
756 778 852 828 τοῦ
887 768 1053 827 Δαϐἲδ
1085 773 1175 827 καὶ
1207 779 1313 827 τῶν
1348 772 1532 828 ἄλλων
1584 776 1800 828 πάντων
1852 773 1968 829 ἐλέ-

302 876 538 939 χθησαν,
573 865 663 917 καὶ
696 859 937 937 ἔχουσιν,
973 886 999 913 ‹‹
1035 862 1129 923 Εἰς
1158 863 1221 916 τὸ
1250 861 1430 932 τέλος,
1468 888 1493 913 ››

301 956 357 1021 εἰ
394 960 455 1023 ς’,
490 954 562 1022 η’,
587 954 649 1019 θ’,
690 953 742 1019 ι’,
780 958 865 1020 ια’,
904 951 994 1025 ιβ’)
1030 956 1115 1024 ιγ’»
1165 952 1245 1021 ιζ’,
1283 958 1372 1021 nl"
1409 957 1491 1019 to"
1526 953 1590 1021 κ’,
1624 960 1724 1021 καθ
1757 953 1861 1025 κβ*
1898 951 1965 1024 λ’)

300 1042 395 1105 λε’,
450 1040 563 1111 λη’,
613 1039 691 1095 λθ’
746 1046 816 1112 μ’,
856 1040 966 1111 μα’,
1016 1046 1126 1111 μγ’,
1164 1036 1270 1111 μδ’,
1309 1047 1408 1111 με’,
1447 1041 1555 1111 μς’,
1619 1042 1733 1112 μη’,
1773 1042 1836 1109 ν’,
1868 1062 1965 1107 να,

302 1133 403 1203 νβ’,
458 1136 558 1204 νγ’,
608 1126 705 1197 νδί
755 1130 845 1197 νε’,
901 1148 986 1198 νς,
1034 1133 1123 1197 νζ»
1175 1135 1279 1198 νη’›
1330 1130 1424 1197 νθΙς
1478 1128 1535 1199 ξ’)
1586 1129 1680 1201 ξεί,
1732 1129 1822 1204 ξγ’›
1871 1126 1962 1199 ξδ’,

306 1220 390 1289 EE]!
428 1220 517 1289 Eg”
545 1220 632 1289 EC”
667 1220 763 1288 E11,,
797 1217 889 1287 ἔθ’,
927 1214 1026 1285 08”
1060 1224 1149 1287 08’,
1185 1219 1283 1285 0;”
1313 1224 1408 1286 00’!
1441 1225 1514 1289 π’)
1548 1224 1659 1293 π’(ν
1690 1216 1794 1286 πδΙ³
1858 1219 1962 1291 1071"

312 1307 453 1384 ρλη’,
487 1307 621 1383 ρλθ’.
653 1311 756 1361 Τοῦ
788 1301 953 1361 Δαϐὶδ
1001 1306 1171 1379 μόνου
1207 1303 1348 1359 ἰδίου
1382 1307 1566 1376 αὐτοῦ,
1604 1308 1698 1377 κε’,
1733 1328 1831 1377 κς,
1864 1313 1961 1376 κζ’,

313 1396 402 1460 λς,
458 1395 546 1450 καὶ
598 1396 723 1469 ρνα’,
776 1396 919 1449 Μετὰ
958 1392 1015 1449 δὲ
1059 1396 1159 1464 τήν
1207 1393 1465 1470 διαίρεσιν
1513 1400 1686 1450 πᾶσαν
1734 1395 1961 1466 ταύτην,

1528 863 1661 918 εἰσὶν
1696 861 1865 917 οὗτοι·
1902 862 1964 930 δ’,

307 1486 602 1559 ἀναγκαῖον
647 1485 837 1540 λοιπὸν
888 1485 974 1538 καὶ
1023 1484 1117 1545 τὰς
1164 1483 1460 1563 ἐπιγραφὰς
1494 1483 1700 1557 ἷδικῶς,
1730 1485 1826 1546 τὰς
1876 1484 1963 1538 ἐπί

301 1605 469 1637 τινων
521 1581 758 1656 ψαλμῶν
825 1582 1099 1654 κειμένας,
1150 1580 1365 1640 εἰδέναι.
1425 1584 1481 1637 Ὀ
1516 1584 1609 1657 μὲν
1640 1591 1704 1639 α’.
1766 1581 1855 1637 καὶ
1893 1584 1958 1657 β’,

300 1669 658 1746 ἀνεπίγραφοί
726 1670 879 1724 εἰσιν·
962 1671 989 1724 6
1046 1668 1103 1724 δὲ
1159 1672 1363 1744 τρίτος,
1424 1696 1452 1724 ι(
1511 1671 1708 1729 Ὁπότε
1768 1667 1957 1726 ἀπεδί-

298 1756 520 1829 δρασκεν
570 1759 677 1813 ἀπὸ
734 1760 1033 1833 προσώπου
1093 1755 1420 1833 Ἀϐεσαλὼμ
1470 1766 1567 1815 τοῦ
1619 1761 1738 1815 υἱοῦ
1769 1759 1955 1814 αὐτοῦ·

2080 599 2168 667 30,
2204 600 2293 663 35,
2336 602 2426 666 38,
2478 604 2565 667 39,
2600 604 2691 669 40,
2731 604 2819 667 41,
2863 605 2950 670 43,
3005 606 3093 671 44,
3130 606 3217 670 45,
3252 606 3340 673 46,
3384 608 3470 673 48,
3514 609 3605 678 50,
3644 610 3736 675 51,

2078 687 2169 754 52,
2211 688 2300 757 53,
2341 690 2429 757 54,
2474 691 2562 754 55,
2598 692 2686 756 56,
2733 692 2824 758 57,
2859 694 2948 759 58,
2989 694 3079 759 59,
3119 693 3211 757 60,
3257 695 3346 763 61,
3391 696 3479 755 63.
3515 695 3604 761 64,
3642 697 3737 768 65,

2077 774 2166 840 66,
2200 777 2289 845 67,
2309 778 2401 844 68,
2434 778 2521 847 69,
2557 779 2648 847 74,
2683 779 2775 846 75,
2834 781 2925 845 76,
2948 782 3146 850 79,80,
3190 782 3279 848 83,
3305 783 3393 845 84,
3445 784 3564 850 108,
3608 786 3732 852 138,

2080 865 2199 918 139.
2234 865 2338 929 Qui
2373 865 2610 920 Davidis
2643 871 2873 922 tantum
2909 870 3301 941 suntproprii,
3339 870 3394 924 hi
3428 877 3604 935 sunt;
3646 875 3733 943 25,

2076 955 2167 1015 26,
2198 955 2287 1017 27,
2345 956 2415 1007 36
2447 960 2504 1009 et
2547 956 2667 1011 151.
2724 956 2856 1011 Post
2914 958 3247 1013 universam
3293 958 3444 1013 hanc
3494 959 3733 1017 divisio-

2078 1059 2233 1108 nczn,
2269 1043 2541 1114 deinceps
2602 1047 3001 1101 necessarium
3043 1052 3131 1101 est
3185 1049 3502 1118 separatim
3560 1050 3733 1104 etiam

2074 1133 2460 1201 quorumdam
2498 1132 2860 1203 psalmorum
2909 1134 3327 1206 inscriptiones
3358 1152 3728 1205 cognoscere.

2078 1220 2304 1274 Primus
2338 1220 2575 1290 quidem
2616 1226 2673 1276 et
2720 1224 3016 1278 secundus
3056 1224 3439 1295 inscriptione
3494 1231 3732 1298 carent;

2074 1308 2282 1361 tertius
2313 1324 2443 1362 vere
2475 1309 2796 1381 inscriptus
2819 1318 2939 1365 est:
2964 1334 2989 1360 «
3025 1312 3267 1374 Quando
3299 1330 3333 1366 a
3392 1313 3534 1367 facie
3586 1314 3732 1368 Abe-

2075 1396 2257 1449 salom
2300 1395 2403 1449 ﬁlii
2432 1398 2808 1469 suiaufugit;
2846 1399 2968 1466 142,
3025 1400 3266 1462 Quando
3319 1400 3477 1455 ﬁlius
3540 1403 3731 1473 ipsum

2078 1490 2419 1554 persecutus
2450 1491 2540 1540 est
2570 1504 2581 1553 ;
2610 1487 2666 1551 5,
2693 1488 2801 1542 Pro
2830 1504 2898 1542 ea
2914 1505 3034 1558 qua
3073 1489 3465 1544 hazreditatem
3490 1491 3731 1562 accipit;

2071 1572 2105 1624 6
2127 1576 2181 1625 et
2215 1572 2301 1638 11,
2330 1572 2438 1628 Pro
2465 1579 2700 1641 octava;
2730 1575 2786 1643 7,
2812 1575 2999 1646 Super
3028 1578 3401 1632 sermonibus
3425 1577 3602 1632 Chusi
3632 1578 3735 1633 ﬁlii

2069 1662 2293 1717 Jemeni
2320 1682 2331 1730 ;
2358 1666 2412 1731 8,
2445 1664 2515 1718 80
2545 1670 2601 1719 et
2633 1666 2729 1730 83,
2756 1669 2863 1720 Pro
2896 1666 3326 1733 torcularibus;
3357 1668 3410 1726 9,
3465 1668 3571 1723 Pro
3599 1670 3731 1724 abs-

2070 1754 2324 1809 conditis
2374 1754 2514 1819 ﬁlii;
2573 1756 2662 1821 45,
2723 1755 2828 1811 Pro
2888 1757 3286 1825 absconditis;
3322 1760 3408 1823 15,
3461 1760 3520 1813 In
3580 1752 3732 1813 tituli

298 1848 324 1902 ὀ
361 1849 507 1923 ρμβ’,
564 1850 690 1903 "01s
747 1849 775 1903 6
836 1849 951 1910 υἱὸς
1003 1848 1160 1903 αὐτὸν
1202 1848 1550 1904 καταδιώκει·
1603 1851 1630 1903 6
1676 1852 1735 1919 ε’,
1794 1850 1950 1925 ’Υπὲρ

2077 1842 2515 1913 inscriptionem
2549 1859 2563 1908 ;
2605 1844 2664 1895 l6
2695 1848 2751 1898 et
2776 1844 3111 1911 85,0ratio;
3153 1846 3235 1912 l7,
3261 1847 3501 1910 Quando
3519 1848 3737 1917 eripuit

295 1945 394 2007 τῆς
443 1936 922 2012 κληρονομούσης·
974 1939 1001 1991 6
1052 1944 1117 2006 ς’,
1164 1937 1251 1993 καὶ
1286 1941 1374 2006 ια’,
1401 1940 1559 2012 ’Υπὲρ
1592 1946 1690 2009 τῆς
1726 1936 1949 2015 ὀγδόης·

300 2026 327 2080 6
361 2027 421 2094 ζ’,
454 2027 611 2099 ’Υπὲρ
659 2030 766 2080 τῶν
821 2025 999 2102 λόγων
1048 2027 1219 2083 Χουσῖ
1254 2027 1372 2081 υἱοῦ
1400 2029 1631 2101 ’[εμενῆ·
1669 2029 1719 2082 οἱ
1774 2035 1847 2084 π’.
1880 2034 1957 2099 π’,

299 2117 404 2190 πγ’,
453 2115 610 2190 Ὑπὲρ
658 2119 765 2169 τῶν
818 2114 1023 2185 ληνῶν·
1076 2117 1103 2170 6
1155 2117 1217 2181 θ’,
1265 2116 1423 2192 Ὑπὲρ
1454 2122 1560 2171 τῶν
1590 2116 1829 2192 κρυφίων
1860 2121 1957 2171 τοῦ

301 2205 439 2257 υἱοῦ·
493 2204 521 2257 6
575 2206 677 2277 με’,
720 2204 878 2279 Ὑπὲρ
927 2208 1031 2258 τῶν
1062 2205 1324 2283 κρυφίων·
1352 2207 1380 2260 6
1414 2207 1493 2275 ιε’,
1526 2205 1618 2267 Εἰς
1651 2203 1961 2281 στηλογρα-

301 2294 445 2370 φίαι·
484 2293 533 2347 οἱ
572 2295 656 2359 ις’,
688 2295 769 2347 πε¹
804 2296 1117 2369 Προσευχή·
1152 2295 1179 2348 6
1217 2296 1298 2366 ιζ’,
1338 2293 1748 2370 "015666600110
1799 2294 1957 2349 αὐτὸν

302 2383 501 2456 Κύριος
556 2381 615 2435 ἐκ
665 2382 853 2457 χειρὸς
900 2384 1115 2437 πάντων
1164 2388 1272 2437 τῶν
1308 2383 1519 2458 ἐχθρῶν
1550 2384 1735 2437 αὐτοῦ·
1801 2386 1829 2438 6
1858 2385 1962 2452 κα’,

296 2472 455 2547 ’Υπὲρ
532 2474 630 2540 τῆς
699 2470 1045 2545 ἀντιλήψεως
1121 2480 1221 2540 τῆς
1297 2472 1542 2540 ἑωθινῆς·
1607 2474 1634 2527 6
1688 2474 1793 2547 κγ’,
1855 2475 1961 2541 Τῆς

305 2566 432 2633 μιᾶς
488 2554 808 2615 Σαϐϐἀτων·
863 2561 889 2614 6
951 2563 1049 2629 κς’,
1104 2561 1216 2636 Πρὸ
1262 2567 1359 2615 τοῦ
1391 2562 1706 2636 χρισθῆναι·
1771 2562 1798 2615 6
1852 2562 1960 2631 κη’,

300 2647 545 2718 Ἐξοδίου
598 2656 823 2717 σκηνῆς·
887 2650 915 2703 6
963 2651 1064 2718 κθ’,
1108 2654 1213 2704 Τοῦ
1250 2649 1602 2724 ἐγκαινισμοῦ
1658 2654 1755 2703 τοῦ
1788 2647 1960 2703 ο’ίκου·

303 2740 331 2792 6
365 2736 435 2803 λ’,
488 2736 847 2798 Ἐκστασεως·
911 2739 938 2792 6
982 2737 1067 2793 λα’
1124 2739 1417 2799 Συνέσεως·
1452 2740 1478 2791 6
1503 2738 1609 2812 λγ’,
1641 2737 1832 2792 Ὁπότε
1860 2739 1964 2807 ἠλ-

305 2826 510 2884 λοίωσε
540 2828 602 2881 τὸ
634 2826 929 2903 πρόσωπον
964 2826 1128 2881 αὐτοῦ
1161 2827 1396 2881 ἐναντίον
1444 2822 1772 2902 Ἀϐιμέλεχ·
1809 2828 1836 2881 6
1869 2825 1967 2891 λε’,

305 2921 395 2988 Τῷ
446 2913 632 2988 δούλῳ
681 2915 882 2991 Κυρίου
929 2920 1008 2987 τῷ
1058 2911 1243 2970 Δαϐὶδ·
1300 2916 1327 2969 6
1361 2914 1461 2986 λζ’,
1522 2914 1616 2977 Εἷς
1674 2914 1965 2988 ἀνέμνησιν

309 3005 431 3077 περὶ
466 2998 770 3059 Σαϐϐάτου·
810 3006 836 3058 6
893 3002 1002 3077 μδ’.
1055 3006 1211 3080 Ὑπὲρ
1268 3008 1376 3059 τῶν
1427 3002 1964 3076 ἀλλοιωθησομένων

313 3098 431 3155 τοῖς
459 3094 598 3155 υἱοῖς
650 3095 788 3168 Κορὲ
838 3093 913 3155 εἰς
966 3094 1172 3148 σύνεσιν
1226 3091 1353 3170 ’ῼὸη
1392 3095 1521 3169 ὑπὲρ
1554 3098 1651 3148 τοῦ
1683 3095 1962 3170 ἀγαπητοῦ

309 3184 336 3237 6
367 3183 465 3254 ξη’,
500 3182 671 3255 ,Ὑπὲρ
715 3186 823 3236 τῶν
875 3180 1431 3255 ἀλλοιωθησομὲνων·
1484 3183 1511 3237 6
1545 3184 1641 3252 οϐ’,
1672 3183 1827 3259 Ὑπὶρ
1858 3187 1964 3236 τῶν

301 3242 840 3345 ἀλλι>ιωθησομένων
894 3242 1191 3346 μαρτύριόν
1239 3242 1376 3347 ¹ἓιττεῖερ
1435 3276 1532 3325 τοῦ
1566 3242 1873 3346 Ἀσσυρίόυ·
1937 3272 1964 3326 6
1997 3242 2041 3309 Ο

297 3363 357 3430 ν’,
392 3363 475 3415 Ἐν
507 3365 587 3432 τῷ
634 3359 810 3415 ἐλθεῖν
874 3361 1009 3434 πρὸς
1066 3360 1225 3415 αὐτὸν
1281 3362 1454 3415 Ναϐὰν
1511 3361 1604 3415 τὸν
1652 3363 1964 3438 προφήτην,

302 3449 464 3520 ἡνίκι
509 3448 729 3519 εἲσῆλϐε
777 3450 913 3526 πρὸς
966 3445 1250 3526 Βερσαϐεέ·
1298 3451 1325 3503 6
1357 3451 1453 3521 να’,
1510 3451 1596 3504 Ἐν
1653 3454 1733 3521 τῷ
1792 3449 1966 3504 ἐλθεῖν

299 3541 464 3608 Δωήκ
511 3540 601 3594 τὸν
637 3537 964 3612 Ἰδουμαῖον,
997 3540 1085 3593 καί
1146 3538 1462 3614 ἀναγγεῖλαι
1501 3544 1580 3611 τῷ
1639 3539 1843 3607 Σαοὺλ,
1876 3538 1964 3594 καὶ

301 3629 472 3683 εἰπεῖν
536 3628 702 3700 αὐτῷ,
754 3628 928 3692 Ἦλθε
980 3624 1146 3683 Δαϐὶδ
1194 3630 1268 3691 εἰς
1317 3630 1407 3683 τὸν
1456 3630 1601 3683 οἶκον
1635 3625 1963 3703 ’Δϐιμελέχο

303 3728 333 3782 6
368 3727 475 3801 νβ’,
525 3727 685 3800 Ὑπὲρ
737 3726 969 3790 Μαελέθ·
1027 3727 1054 3780 6
1100 3729 1202 3800 νγ’,
1251 3730 1338 3783 Ἑν
1380 3731 1459 3798 τῷ
1516 3725 1691 3790 ἐλθεῖν
1723 3726 1849 3788 τοὺς
1883 3733 1967 3780 Ζι-

307 3816 499 3893 φαίους
558 3815 645 3869 καὶ
696 3818 867 3870 εἰπεῖν
920 3820 998 3887 τῷ
1055 3814 1259 3885 Σαοὺλ,
1319 3815 1396 3873 Οὐ
1448 3811 1615 3870 Δαϐὶδ
1673 3815 1969 3892 κέκρυπται

304 3906 433 3979 παρ’
466 3907 639 3977 ἡμῖν;
693 3906 720 3958 6
769 3906 862 3976 νε’,
915 3904 1109 3959 Ὀπόνε
1160 3904 1459 3978 ἐκράτησαν
1493 3905 1651 3959 αὐτὸν
1713 3906 1764 3959 οἱ
1799 3903 1969 3961 ἁλλό-

305 3990 473 4070 φυλοι
522 3992 572 4047 ἐν
632 3993 749 4055 Γέθ·
804 3995 830 4048 6
870 3994 968 4063 νς’,
1004 3995 1089 4047 Ἐν
1118 3998 1195 4064 τῷ
1226 3993 1385 4047 αὐτὸν
1420 3991 1832 4067 ἀποδιδράσκειν
1867 3995 1971 4048 ἀπὸ

305 4084 603 4158 προσώπου
674 4081 824 4138 Σαὺλ
893 4084 966 4144 εἷς
1045 4085 1107 4137 τὸ
1173 4082 1465 4153 σπήλαιον·
1538 4083 1566 4135 6
1622 4086 1724 4152 νη’,
1781 4082 1973 4139 Ὁπότε

304 4170 591 4227 ἀπέστειλε
645 4170 827 4227 Σαοὺλ
876 4172 965 4226 καὶ
1030 4170 1259 4249 ἐφύλαξε
1315 4171 1405 4225 τὸν
1457 4171 1606 4226 οἶκον
1660 4171 1845 4240 αὐτοῦ,
1876 4177 1972 4226 τοῦ

309 4265 612 4325 θανατῶσαι
665 4257 862 4315 αὐτόν·
926 4263 954 4316 6
1004 4263 1100 4329 νϐ’,
1153 4260 1342 4315 Ὁπότε
1392 4259 1667 4336 ἐνεπύρισε
1712 4262 1811 4329 τήν
1870 4268 1973 4316 Με-

308 4350 649 4423 σοποταμίαν
722 4350 940 4425 Συρίας,
1022 4351 1111 4405 καὶ
1183 4351 1282 4418 τὴν
1340 4349 1537 4422 Συρίαν
1601 4345 1824 4419 Σωϐὰλ,
1883 4352 1971 4405 καὶ

312 4439 644 4515 ἀπέστρεψεν
698 4434 882 4507 Ἰωάϐ,
933 4440 1023 4494 καὶ
1076 4439 1308 4510 ἐπάτπξε
1361 4439 1413 4495 ἐν
1457 4442 1525 4513 τῇ
1573 4441 1806 4516 φάραγγι
1862 4445 1970 4494 τῶν

309 4528 514 4597 Ἀλῶν,
571 4529 639 4603 ιβ’
699 4526 979 4604 χιλιάδας·
1034 4531 1061 4583 6
1247 4530 1333 4583 Ἐν
1363 4534 1443 4600 τῷ
1474 4529 1607 4583 εἶναι
1633 4527 1790 4584 αὐτὸν
1825 4530 1876 4583 ἐν
1908 4529 1975 4605 τῇ

2067 1948 2199 1985 eum
2236 1931 2568 1987 Dominuse
2592 1948 2767 1986 manu
2802 1932 3063 1987 omnium
3101 1934 3471 1988 inimicorum
3502 1936 3729 2009 ipsius;

2067 2028 2158 2091 21,
2184 2027 2290 2083 Pro
2323 2029 2695 2099 susceptione
2734 2031 3059 2097 matutina;
3092 2032 3181 2097 23,
3218 2031 3411 2086 Prima
3457 2033 3733 2087 Sabbato-

2072 2118 2350 2182 rum;26,
2394 2119 2720 2187 Antequam
2762 2120 3236 2187 ungeretur;28,
3295 2119 3494 2173 Exitus
3538 2121 3731 2174 taber-

2072 2205 2297 2271 naculi;
2330 2206 2419 2272 29,
2442 2210 2502 2258 In
2537 2205 2904 2260 dedicatione
2936 2207 3143 2261 domus
3167 2225 3179 2273 ;
3206 2207 3296 2273 30,
3323 2209 3582 2263 Exstasis
3605 2226 3616 2275 ;
3641 2209 3734 2276 31,

2072 2293 2442 2360 Intellectus;
2475 2293 2565 2363 33,
2589 2294 2832 2357 Quando
2857 2294 3103 2349 mutavit
3135 2294 3341 2349 faciem
3390 2312 3557 2350 suam
3599 2301 3735 2351 ante

2073 2382 2443 2449 Abimelech;
2476 2383 2565 2449 35,
2608 2384 2777 2436 Servo
2832 2382 3062 2437 Domini
3100 2384 3294 2437 Davidi
3327 2384 3452 2447 ;37,
3508 2385 3592 2438 Ad
3641 2401 3729 2439 re-

2076 2471 2555 2527 memorationem
2588 2470 2700 2525 diei
2736 2471 3006 2537 Sabbati;
3034 2472 3121 2537 44,
3155 2472 3255 2525 Pro
3272 2472 3731 2543 commutandis,

2075 2560 2147 2614 ad
2174 2559 2532 2613 intellectum
2562 2559 2700 2614 ﬁliis
2729 2559 2871 2614 Core
2914 2559 3216 2615 Canticum
3269 2577 3446 2631 super
3486 2560 3726 2623 dilecto;

2072 2659 2278 2723 68,Pro
2295 2658 2730 2713 commutandis
2752 2684 2765 2725 ;
2787 2659 2991 2724 79,Pro
3010 2660 3446 2714 commutandis
3460 2660 3725 2714 testimo-

2079 2749 2432 2818 niumsuper
2459 2747 2732 2819 Assyrio;
2765 2749 2854 2815 59,
2888 2749 3031 2803 Cum
3068 2750 3322 2803 venisset
3351 2749 3422 2803 ad
3463 2764 3596 2803 eum
3615 2749 3734 2803 Na-

2078 2837 2218 2893 than
2251 2836 2553 2908 propheta,
2579 2841 2891 2908 postquam
2913 2841 3067 2892 esset
3096 2838 3167 2891 ad
3190 2837 3474 2892 Bersabee
3506 2837 3733 2909 ingres-

2078 2943 2218 2993 sus;
2249 2926 2339 2992 51,
2374 2925 2519 2979 Cum
2551 2925 2807 2980 venisset
2847 2926 2993 2980 Doec
3027 2926 3321 2981 Idumaeas
3354 2926 3424 2979 ad
3475 2925 3736 2990 Saulem,

2078 3016 2525 3087 nuntiassetque
2557 3015 2639 3069 illi
2670 3032 2738 3070 ac
2783 3014 3062 3070 dixisset:
3097 3014 3268 3069 Venit
3296 3015 3476 3069 David
3522 3016 3594 3069 ad
3640 3016 3740 3069 do-

2077 3122 2242 3160 mum
2276 3103 2655 3171 Abimelech;
2684 3103 2773 3163 52.
2815 3108 3002 3175 Super
3024 3102 3270 3158 Maeleth
3298 3121 3311 3169 ;
3341 3103 3431 3169 53,
3466 3103 3609 3157 Cum
3640 3120 3740 3157 ve-

2080 3195 2309 3249 nissent
2340 3194 2411 3247 ad
2446 3192 2682 3248 Saulem
2712 3192 2949 3264 Ziphaai,
2972 3192 3176 3264 illique
3198 3194 3505 3258 dixissent,
3530 3197 3737 3247 Annon

2078 3292 2168 3343 est
2196 3285 2579 3342 absconditus
2602 3284 2757 3355 apud
2782 3301 2888 3339 nos
2920 3284 3096 3339 David
3129 3285 3156 3338 Τ
3184 3285 3273 3347 55,
3317 3288 3459 3337 Cum
3507 3283 3738 3338 tenuis-

2076 3382 2207 3433 sent
2236 3393 2369 3430 eum
2405 3374 2681 3430 Philistaei
2711 3374 2772 3428 in
2806 3373 2983 3437 Geth;
3014 3375 3106 3443 56,
3137 3378 3277 3428 Cum
3344 3378 3477 3428 ante
3531 3374 3736 3428 faciem

2076 3466 2267 3521 Saulis
2299 3466 2355 3519 in
2408 3464 2752 3536 speluncam
2814 3464 3221 3535 fugisset;58,
3283 3468 3425 3518 Cum
3478 3464 3741 3519 misisset

2076 3556 2237 3626 Saul,
2271 3556 2369 3627 qui
2402 3556 2644 3609 domum
2666 3555 2797 3625 ejus
2828 3555 3226 3623 observarent,
3261 3562 3323 3607 ut
3351 3570 3486 3609 eum
3518 3553 3739 3608 occide-

2077 3653 2192 3712 ret;
2222 3644 2314 3711 59,
2347 3646 2489 3699 Cum
2524 3642 2880 3698 incendisset
2924 3643 3402 3714 Mesopotamiam
3455 3643 3652 3714 Syriae,
3685 3648 3742 3697 et

2077 3735 2300 3807 Syriam
2359 3732 2553 3800 Sobal,
2586 3739 2643 3786 et
2702 3748 2969 3787 reversus
3032 3732 3178 3787 Joab
3231 3731 3621 3802 percussisset
3680 3732 3738 3785 in

2078 3823 2225 3879 valle
2253 3822 2585 3876 Salinarum
2605 3821 2913 3876 duodecim
2951 3820 3167 3887 millia;
3204 3821 3296 3884 62,
3329 3821 3473 3875 Cum
3497 3825 3652 3875 esset
3679 3819 3740 3873 in

2080 3911 2396 3969 solitudine
2441 3912 2879 3977 Idumaea;65,
2940 3909 3440 3974 Resurrectionis;
3504 3910 3595 3973 69,
3653 3911 3742 3964 Ad

2082 4000 2659 4066 rememorationem,
2692 4000 2847 4070 quod
2902 4014 2994 4053 me
3053 3997 3370 4052 servaverit
3419 3996 3747 4064 Dominus;

2077 4091 2169 4155 70,
2207 4088 2487 4144 Filiorum
2531 4088 2688 4156 Adae,
2746 4088 3014 4158 priorum
3077 4087 3476 4159 captivorum;
3531 4086 3621 4155 71,
3687 4086 3749 4139 In

2079 4177 2492 4242 Salomonem;
2526 4176 2617 4242 75,
2657 4176 2716 4229 In
2754 4175 3059 4247 Assyrium
3089 4200 3102 4241 ;
3134 4176 3226 4239 87,
3260 4175 3447 4245 Super
3471 4174 3745 4244 Maeleth,

2083 4268 2155 4322 ad
2188 4266 2694 4337 respondendum;
2729 4264 2821 4334 91,
2853 4265 2961 4319 Pro
2994 4265 3086 4319 die
3120 4264 3394 4331 Sabbati;
3428 4266 3519 4328 23,
3553 4264 3749 4319 Prima

2085 4356 2474 4413 Sabbatorum
2516 4372 2529 4421 ;
2561 4354 2652 4416 92,
2692 4356 2749 4408 [n
2785 4354 2940 4409 diem
2972 4360 3106 4408 ante
3136 4353 3483 4415 Sahbatum.
3510 4354 3747 4423 quando

2086 4443 2349 4499 habitata
2377 4446 2466 4497 est
2496 4446 2685 4508 terra;
2719 4441 2809 4500 93.
2846 4442 2908 4495 In
2933 4444 3144 4512 quarta
3161 4440 3439 4509 Sabbati;
3473 4440 3565 4505 65,
3599 4440 3744 4496 Cum

2084 4535 2294 4588 domus
2327 4530 2715 4584 aadiﬁcaratur
2745 4533 2878 4598 post
2903 4528 3342 4599 captivitatem;
3378 4529 3470 4594 96,
3502 4530 3746 4593 Quando

311 4618 509 4693 ἐρήμῳ
565 4624 664 4685 τῆς
724 4614 1054 4689 Ἰδουμαίας·
1112 4618 1139 4670 6
1199 4619 1286 4689 ξε’,
1349 4617 1737 4679 Ἀναστάσὲως·
1813 4619 1840 4672 6
1894 4620 1965 4691 ξθ¹

2086 4619 2403 4677 constituta
2459 4624 2549 4673 est
2587 4620 2716 4688 ejus
2770 4622 2961 4685 terra;
2992 4618 3085 4683 99,
3147 4616 3234 4671 Ad
3283 4617 3744 4685 confessionem;

315 4706 382 4764 Ei
433 4706 760 4778 ἀνάμνησιν,
815 4706 889 4768 εἷς
939 4708 1000 4761 τὸ
1050 4707 1217 4760 σῶσαί
1266 4727 1334 4779 με
1382 4706 1595 4781 Κύριον·
1654 4707 1681 4760 6
1741 4708 1803 4774 0',
1860 4711 1973 4761 Τῶν

314 4796 447 4849 υἱῶν
520 4791 701 4867 Ἀδὰμ
767 4790 1071 4869 Flam/1666]
1146 4800 1252 4849 τῶν
1320 4796 1552 4869 πρώτων
1612 4794 1962 4869 αἰχμαλωτι-

318 4883 572 4939 σθέντων·
627 4884 654 4937 6
696 4886 793 4953 οα’,
846 4884 937 4945 Εἰς
992 4883 1318 4957 Σολομῶνα·
1374 4884 1401 4937 6
1433 4886 1524 4955 σε’,
1558 4885 1700 4959 Πρὸς
1732 4886 1821 4939 τὸν
1853 4889 1975 4942 Ἀσ-

319 4971 527 5048 σύριον·
582 4973 611 5026 6
662 4974 768 5043 πζ’,
840 4973 997 5048 Ὑπὲρ
1074 4971 1284 5027 Μαελὲθ
1355 4976 1451 5026 τοῦ
1503 4973 1886 5047 ἀποκριθῆναι·
1950 4975 1978 5027 6

321 5060 425 5137 ια’,
478 5060 572 5123 Εἷς
617 5062 716 5130 τὴν
769 5060 977 5136 ἡμέραν
1026 5065 1124 5116 τοῦ
1159 5055 1462 5115 Σαϐϐἀτου·
1499 5062 1653 5137 ὁκγ’,
1711 5067 1819 5131 Τῆς
1856 5068 1981 5134 μιᾶς

316 5154 423 5203 τῶν
475 5143 793 5204 Σαϐϐάτων·
854 5152 881 5204 6
931 5150 1039 5227 ιβ’,
1093 5149 1186 5211 Εἰς
1230 5151 1330 5218 τήν
1363 5150 1571 5224 ἡμέραν
1602 5156 1698 5205 τοῦ
1730 5148 1977 5226 προσαϐ-

2088 4711 2211 4779 101,
2248 4708 2507 4763 Precatio
2541 4706 2786 4779 pauperi
2825 4723 2958 4761 cum
3019 4707 3077 4760 in
3120 4705 3411 4777 angustiis
3459 4714 3634 4773 esset,
3693 4712 3750 4761 et

2087 4798 2407 4854 orationem
2442 4813 2610 4851 suam
2652 4800 2786 4850 ante
2839 4796 3146 4851 Dominum
3197 4796 3559 4862 eﬁ‘underet;
3623 4796 3751 4855 141,

2088 4884 2344 4941 Precatio
2375 4900 2508 4939 cum
2541 4890 2697 4940 esset
2725 4883 2784 4938 in
2828 4883 3147 4955 spelunca;
3196 4883 3320 4949 143,
3373 4885 3583 4938 Contra
3633 4883 3747 4937 Go-

2088 4973 2233 5029 liath
2259 4994 2273 5042 ;
2314 4973 2437 5039 151,
2468 4971 2740 5027 Psalmus
2771 4970 2864 5027 hic
2894 4970 3269 5044 peculiariter
3310 4970 3534 5035 Davidi,
3566 4973 3623 5024 et
3652 4987 3750 5025 ex-

2090 5068 2181 5118 tra
2207 5077 2517 5117 numerum
2551 5061 2938 5131 reliquorum,
2986 5061 3222 5132 quando
3254 5059 3544 5132 singulari
3576 5063 3758 5113 certa-

2096 5152 2253 5207 mine
2290 5168 2425 5206 cum
2452 5149 2679 5205 Goliath
2707 5165 3063 5220 congressus
3089 5152 3196 5204 est.
3231 5171 3257 5199 ››

322 5238 509 5313 βάτου,
543 5238 633 5295 ὅτε
661 5240 987 5311 κατῴκισται
1020 5242 1054 5309 ἡ
1088 5246 1179 5314 γῆ·
1218 5238 1327 5315 ιγ’·
1362 5236 1584 5314 Τετράδι
1611 5235 1933 5295 Σαϐϐἀτων·
1968 5244 1995 5297 6
2063 5242 2156 5319 he’,
2215 5239 2345 5295 ’Ότε
2391 5239 2541 5299 οἶκος
2591 5237 2932 5309 ᾠκοδομεῖτο
2990 5237 3127 5312 πρὸς
3183 5236 3282 5302 τὴν
3333 5231 3747 5308 αἰχμαλωσίαν·

321 5327 349 5380 6
382 5326 471 5403 L5,
501 5330 634 5385 ’Ὀτε
658 5331 692 5399 ἠ
726 5336 797 5404 γῆ
831 5330 995 5384 αὐτοῦ
1028 5328 1333 5392 καθίστατο·
1381 5329 1408 5383 6
1432 5328 1532 5405 ιϐ’,
1568 5330 1707 5403 Πρὸς
1741 5331 2159 5406 ἐξομολόγησιν·
2196 5329 2224 5382 6
2256 5334 2354 5404 ρα’,
2404 5328 2693 5403 Προσευχὴ
2739 5348 2821 5399 τῳ
2859 5347 3072 5402 πτωχῳ
3143 5323 3267 5377 ὅταν
3327 5319 3617 5397 ἀκηδιάσῃ,
3666 5323 3757 5377 καὶ

327 5414 564 5470 ἐνώπιον
622 5419 819 5493 Κυρίου
848 5418 1141 5495 ἐκχὲῃτήν
1175 5415 1356 5487 δέησιν
1390 5416 1577 5473 αὐτοῦ·
1639 5420 1666 5473 6
1722 5428 1864 5496 ρμα¹,
1923 5423 2008 5477 Ἐν
2061 5441 2140 5491 τῳ
2194 5417 2327 5472 εἶναι
2388 5416 2545 5472 αὑτὸν
2600 5416 2651 5470 ἐν
2710 5438 2791 5488 τῳ
2835 5415 3091 5485 σπηλαίῳ
3142 5414 3454 5487 προσευχή·
3515 5413 3544 5465 ὁ
3605 5419 3755 5488 ρμγ’,

326 5504 471 5579 Πρὸς
500 5507 590 5560 τὸν
627 5507 846 5562 Γολιάθ·
881 5509 910 5561 6
942 5508 1068 5581 ρνα’,
1103 5503 1449 5584 ’[ὃιόγραφος
1477 5505 1634 5570 οὗτος
1667 5506 1696 5563 ὅ
1754 5507 1974 5581 ψαλμὸς
2029 5513 2126 5565 τοῦ
2186 5501 2374 5572 Δαϐἶδ,
2434 5505 2521 5560 καὶ
2575 5502 2767 5574 ἔξωθεν
2826 5509 2923 5557 τοῦ
2954 5498 3207 5577 ἀριθμοῦ,
3242 5498 3331 5553 ὅτε
3362 5500 3756 5575 ἐμονομάχησε

328 5593 420 5646 τὸν
458 5591 675 5651 Γολιάθ.
714 5619 742 5646 ››

409 5698 779 5770 Ἀναληπτέον
811 5703 901 5758 καὶ
934 5700 1056 5778 περὶ
1107 5703 1204 5754 τοῦ
1247 5696 1648 5774 διαψάλματος,
1706 5704 1756 5757 ἐν
1811 5705 1957 5758 ποίοι

2104 5707 2183 5760 De
2217 5699 2602 5773 diapsalmate
2654 5712 2889 5769 quoque
2944 5695 3317 5751 tractandum
3358 5697 3473 5760 est,
3521 5700 3581 5749 1n
3622 5709 3752 5765 qui-
