4154 6398
333 404 447 464 341

1434 401 1812 461 SYNOPSlS
1863 403 2189 463 SCRIPTU
2205 404 2326 462 11Λέ
2371 405 2666 464 ΞΑΟΗίΕ.

3632 403 3752 459 342

329 528 910 610 μεταλαμϐανόμενον.
957 533 1136 586 Ἔστιν
1187 529 1276 584 οῦν
1328 529 1378 584 ἐν
1423 530 1502 602 τῷ
1555 526 1758 606 βιϐλίῳ
1806 531 1968 604 τούτᾳ

2099 538 2303 593 rentur
2333 537 2624 592 homines.
2649 536 2962 591 Paroemias
2995 536 3191 606 itaque
3223 536 3290 590 ad
3328 534 3482 588 hunc
3507 534 3748 589 modum

327 630 529 699 γνῶσις
591 622 780 700 σοφίας
837 621 928 676 καὶ
984 618 1251 691 παιδείας,
1298 619 1484 690 νόησις
1549 619 1727 695 λόγων
1785 623 1984 696 φρονή-

327 735 482 780 σεως,
533 710 762 788 στροφαὶ
832 711 1033 784 λόγων,
1086 708 1428 778 οικαιοσῦνης
1487 708 1725 778 ἀληθοῦς
1775 710 1982 780 νόησις,

329 801 568 879 κρίματα
622 799 987 868 κατευθύνειν,
1042 798 1130 853 καὶ
1189 797 1480 874 ἐπαγγελία
1538 803 1635 852 -ιοῦ
1701 800 1980 873 γινώσκειν

330 893 390 947 ἐκ
458 890 669 946 τούτων
747 885 1086 964 παραϐολὰς,
1147 885 1331 962 ῥήσεις
1407 891 1609 964 σοφῶν,
1671 887 1978 963 αἰνίγματα,

329 983 634 1041 σκοτεινοὺς
665 977 893 1052 λόγους.
929 977 1027 1030 Καὶ
1076 976 1175 1030 εἶσὶ
1217 976 1444 1050 γνώσεις
1494 977 1683 1054 σοφίας
1725 976 1813 1030 καὶ
1864 999 1984 1031 παι-

328 1069 490 1131 δείας·
536 1064 724 1136 ἐπειδὴ
773 1065 863 1121 καὶ
913 1063 1186 1134 Ἕλληνες
1233 1065 1326 1136 μὲν
1380 1065 1566 1142 σοφίαν
1615 1063 1757 1140 ἔχειν
1811 1065 1977 1140 ἐπαγ-

327 1156 640 1234 γᾶλλονται,
689 1155 953 1230 αἱρετικοὶ
1023 1151 1079 1207 δὲ
1138 1152 1422 1225 νομίζουσι
1492 1151 1734 1208 παιδείαν
1806 1150 1975 1229 ἔχειν.

333 1249 428 1300 Διά
472 1251 631 1301 τοῦτο
681 1246 836 1306 οὗτος
881 1245 981 1311 τήν
1017 1241 1196 1312 ἀληθῆ
1230 1242 1416 1320 σοφίαν
1463 1243 1551 1296 καὶ
1598 1241 1842 1297 παιδείαν
1896 1240 1975 1297 δι-

334 1333 653 1404 δάσκει,⁹ίνα
688 1335 762 1402 μὴ
791 1337 860 1408 τῇ
891 1332 1119 1405 ὁμονοίᾳ
1169 1335 1268 1399 τῆς
1317 1331 1506 1410 σοφίας
1562 1331 1638 1394 εἰς
1693 1333 1760 1386 τὰ
1817 1333 1977 1411 σοφί-

329 1446 508 1498 σματα
536 1429 643 1479 τῶν
677 1422 955 1493 Ἑλλήνων
1003 1421 1093 1476 καὶ
1141 1425 1247 1474 τῶν
1281 1423 1564 1494 αἱρετικῶν
1615 1443 1697 1482 τις
1746 1420 1973 1496 ἐμπέσῃ.

326 1514 427 1567 Καὶ
493 1513 596 1588 γὰρ
657 1511 921 1581 ’Έλληνες
997 1511 1091 1583 μὲν
1170 1509 1410 1583 οἰόμενοι
1466 1532 1607 1572 τινες
1669 1511 1822 1577 εἶναι,
1887 1511 1974 1565 καὶ

331 1627 351 1651 ι
391 1603 686 1678 φάσκοντες
753 1599 885 1654 εἶναι
933 1599 1117 1676 σοφοὶ,
1170 1597 1575 1674 ἐμωράνθησαν.
1626 1623 1652 1648 ››
1702 1600 1974 1676 Alpe-rimi

325 1688 402 1759 δὶ,
436 1687 778 1744 παιδεύεσθαι
827 1688 1166 1761 νομίζοντες,
1215 1688 1625 1766 ἐξεπράφησαν,
1664 1689 1751 1742 καὶ
1807 1691 1977 1763 ἁμαρ-

319 1780 590 1848 τάνουσιν,
677 1772 824 1839 ὅντες
911 1776 1397 1851 αὖτοκατάκριτοι.
1477 1781 1588 1831 Τῶν
1675 1775 1733 1832 δὲ
1816 1777 1972 1832 θείων

323 1865 502 1943 λόγων
541 1866 568 1920 6
613 1865 846 1928 ἀκούσας
896 1868 1082 1942 σοφὸς,
1132 1868 1439 1944 σοφώτερος
1492 1863 1657 1924 ἔσται.
1709 1872 1823 1920 Τῶν
1871 1870 1973 1943 γὰρ
2005 1905 2052 1969 Β

318 1956 572 2030 νομίμων
615 1959 714 2010 τοῦ
763 1959 898 2010 Θεοῦ
948 1956 1198 2026 ἀκούσας,
1247 1956 1335 2010 καὶ
1379 1961 1546 2010 ταῦτα
1593 1955 1850 2033 φυλάξας,
1886 1957 1972 2012 ἐπί

319 2067 375 2100 τε
403 2045 472 2120 τῇ
505 2043 723 2116 παιδείᾳ
773 2045 970 2120 Κυρίου
1005 2047 1079 2117 μή
1132 2044 1504 2120 ὀλιγωρήσας⁴
1543 2044 1682 2119 μηδέ
1732 2045 1972 2109 ἐκλυθεὶς

318 2135 398 2190 ἐπ’
452 2135 609 2208 αὐτῇ,
653 2135 768 2195 υἱὸς
827 2135 990 2212 σοφὸς
1045 2137 1349 2209 γενήσεται,
1395 2135 1483 2189 καὶ
1541 2132 1969 2208 πεπαιδευμένος

315 2223 632 2300 γενόμενος,
665 2223 879 2299 ταχέως
911 2223 998 2277 καὶ
1030 2226 1127 2292 τὴν
1158 2224 1279 2296 περὶ
1316 2228 1449 2278 Θεοῦ
1492 2229 1690 2298 γνῶσιν
1742 2223 1966 2298 δέξεται.

313 2312 521 2384 Ταύτην
564 2315 669 2390 γάρ
729 2314 778 2366 οἱ
831 2313 988 2390 σοφοὶ
1039 2312 1404 2368 παιδεύονται.
1437 2313 1641 2383 Νόησις
1692 2311 1750 2368 δὲ
1790 2314 1966 2390 λόγων

317 2404 629 2480 φρονήσεως
659 2405 694 2471 ἡ
726 2402 848 2476 περὶ
897 2407 993 2456 τοῦ
1044 2402 1210 2475 μόνου
1258 2402 1346 2456 καί
1397 2402 1662 2472 ἀληθινοῦ
1705 2409 1839 2459 Θεοῦ
1887 2403 1965 2459 δι-

316 2490 600 2548 δασκαλία.
635 2492 756 2545 Ἐπὶ
805 2494 907 2567 γὰρ
961 2491 1243 2562 Ἑλλήνων
1278 2494 1328 2546 οἱ
1367 2494 1459 2564 μὲν
1509 2497 1667 2566 σῶμα
1718 2495 1808 2549 τὸν
1837 2495 1965 2550 Θεὸν

318 2581 488 2637 εἶπον·
523 2581 574 2636 o't
606 2577 664 2635 δὲ
688 2581 776 2635 καὶ
828 2577 1081 2643 εἰδώλοις
1128 2581 1288 2636 αὐτὸν
1340 2583 1652 2654 ὡμοίωσαν.
1687 2585 1966 2659 Αἱρετικοί

319 2669 396 2742 δὲ,
454 2669 542 2726 καὶ
604 2669 761 2724 αὐτοὶ
839 2671 962 2744 περὶ
1036 2675 1133 2725 τοῦ
1182 2666 1333 2734 ὄντος
1383 2672 1810 2750 παρεφρόνησαν.
1871 2675 1969 2729 Διᾶ

314 2764 475 2815 τοῦτο
508 2759 665 2820 οὗτος
693 2760 790 2826 τὴν
839 2759 1019 2828 ἀληθῆ
1072 2760 1193 2835 περὶ
1248 2766 1378 2815 Θεοῦ
1422 2766 1618 2836 γνῶσιν
1672 2761 1963 2837 ἐξηγεῖται,

312 2848 372 2903 τὸ
401 2849 494 2920 μὲν
547 2847 907 2925 ἀνεκφραστον
957 2849 1140 2903 αὐτοῦ·
1177 2875 1203 2900 ‹‹
1238 2849 1372 2920 Δόξα
1421 2856 1553 2905 Θεοῦ
1601 2851 1824 2928 κρύπτει
1870 2852 1964 2907 λό-

313 2959 475 3010 γον.»
493 2937 565 2992 Τὸ
597 2934 656 2991 δὲ
684 2938 1045 3013 προνοητικὸν
1073 2937 1235 2992 αὐτοῦ
1268 2961 1450 3016 φησιν·
1470 2966 1494 2991 ((
1523 2941 1608 2994 Ἐν
1629 2942 1788 2995 παντὶ
1808 2942 1964 3015 τόπῳ

319 3025 588 3102 ὀφθαλμοὶ
624 3025 831 3100 Κυρίου
863 3026 1183 3081 σκοπεύουσι
1215 3028 1411 3090 κακούς
1442 3051 1500 3084 τε
1532 3030 1620 3083 καὶ
1653 3030 1902 3105 ἀγαθοῦςο
1935 3056 1961 3083 ››

315 3115 399 3168 καὶ
438 3113 624 3169 πάλιν·
659 3140 685 3167 (ι
723 3113 993 3177 Πλούσιος
1048 3116 1135 3170 καὶ
1193 3117 1418 3194 πτωχός
1477 3122 1809 3190 συνήντησαν
1861 3119 1960 3176 ἀλ·-

314 3202 528 3274 λήλοις’
589 3205 932 3283 ἀμφοτέρους
980 3203 1037 3259 δὲ
1084 3205 1332 3277 ἐποίησεν
1389 3209 1416 3261 ὁ
1472 3207 1692 3284 Κύριος⁸
1762 3235 1782 3260 n
1843 3210 1953 3283 καὶ,

311 3319 335 3346 ι(
369 3273 653 3349 Δανειστοῦ
683 3273 771 3349 καὶ
806 3273 1516 3373 χρεωρειλέτουνάλλήλοις
1556 3273 1953 3370 ¹συνελθόντων,
1989 3273 2030 3338 C

310 3383 608 3450 ἐπισκοπὴν
687 3389 922 3438 ποιεῖται
995 3384 1022 3436 ὁ
1093 3383 1286 3460 Κύριος
1362 3385 1704 3464 ἀμφοτέρων*
1761 3413 1787 3439 ››
1845 3389 1958 3458 καὶ,

312 3494 339 3523 ‹‹
371 3472 639 3527 Ἐνώπιον
668 3472 769 3547 γάρ
798 3471 899 3526 εἰσι
927 3477 1034 3527 τῶν
1084 3478 1181 3527 τοῦ
1222 3473 1354 3529 Θεοῦ
1390 3475 1688 3553 ὀφθαλμῶν
1722 3475 1843 3532 ὁδοὶ
1875 3478 1959 3532 ἀν-

311 3558 458 3634 δρός’
489 3559 566 3622 εἷ⁷ς
600 3558 657 3614 δὲ
686 3562 859 3623 πάσας
889 3562 1118 3638 τροχιὰς
1171 3563 1335 3618 αὐτοῦ
1385 3565 1653 3622 σκοπεόει.
1691 3590 1716 3616 ››
1754 3567 1847 3620 Καὶ
1895 3569 1957 3622 τὸ

312 3651 404 3722 μὲν
437 3650 678 3724 κριτικὸν
719 3649 882 3705 αὐτοῦ
933 3671 1086 3728 φησι·
1127 3677 1147 3702 α
1184 3652 1368 3707 Θυσίαι
1417 3651 1623 3708 ἀσεϐῶν
1675 3652 1960 3730 βδέλυγμα

305 3738 535 3814 Κυρίου·
578 3737 736 3813 εὐχαὶ
770 3736 826 3792 δὲ
855 3740 1305 3811 κατευθυνόντων,
1340 3739 1518 3797 δεκταῖ
1570 3746 1694 3818 παρ’
1726 3745 1892 3816 αὐτῷ’
1929 3769 1956 3796 υ

299 3827 388 3882 καὶ
460 3825 649 3882 πάλιν·
716 3849 744 3880 α
808 3825 998 3890 Οἶὸιους
1073 3825 1338 3906 ὑϐριστῶν
1418 3837 1662 3902 κατασπᾷ
1737 3833 1956 3909 Κόριος,

303 3913 496 3983 ἔστησε
550 3913 607 3970 δὲ
666 3916 815 3992 ὅριον
864 3919 1066 3992 χήρας.
1102 3942 1128 3969 ››
1161 3918 1231 3972 Τὸ
1264 3917 1320 3973 δὲ
1350 3917 1745 3996 δημιουργικὸν
1795 3921 1957 3976 αὐτοῦ

303 4004 412 4080 οὐχ
441 4002 650 4075 ἁπλῶς,
683 4003 810 4060 ἀλλ’
841 4005 922 4060 δτι
958 4004 1046 4061 διὰ
1080 4011 1178 4062 τοῦ
1224 4005 1364 4062 ἰδίου
1417 4008 1591 4083 Λόγου
1634 4009 1723 4064 καὶ
1769 4010 1957 4081 σοφίας

302 4094 473 4148 πάντα
511 4099 678 4148 ποιεῖ·
731 4094 762 4149 ’ὸ
817 4091 1052 4168 μάλιστα
1098 4094 1187 4150 καί
1234 4097 1628 4171 χαρακτηοίζει
1670 4099 1761 4152 τὸν
1813 4097 1956 4169 ἀλη-

301 4183 442 4246 θινὸν
502 4184 656 4253 Θεὸν,
691 4180 773 4236 ὅτι
834 4183 962 4237 Υἱοῦ
1021 4186 1209 4257 Πατήρ
1264 4183 1394 4256 ἐστι,
1449 4185 1591 4261 λέγει
1650 4192 1800 4262 γοῦν⁸
1836 4212 1862 4238 ‹‹
1897 4188 1958 4244 Ὀ

302 4271 432 4332 Θεὸς
488 4275 558 4344 τῇ
613 4270 775 4348 σοφίᾳ
831 4269 1162 4344 ἐθεμελίωσε
1211 4275 1310 4340 τήν
1367 4281 1486 4350 γῆν·
1546 4299 1571 4324 ››
1619 4275 1708 4328 καὶ
1768 4274 1954 4330 πάλινο

307 4385 333 4411 α
367 4359 564 4436 Κύριος
592 4359 815 4428 εποίησε
844 4361 1054 4436 χώρας,
1088 4362 1175 4417 καὶ
1208 4362 1520 4433 ἀοικήτους,
1554 4363 1642 4418 καὶ
1695 4361 1828 4441 ἄκρα
1877 4364 1956 4420 οἰ-

301 4447 541 4521 κούμενα
583 4452 682 4517 τῆς
729 4449 816 4503 ὑπ’
859 4450 1107 4525 οὐρανόν.
1137 4451 1325 4509 Ἡνίκα
1374 4452 1641 4527 ἡτοίμαζε
1683 4455 1773 4508 τὸν
1805 4454 1960 4531 οὖρα-

300 4539 407 4608 νὸν,
463 4538 838 4613 συμπαρήμην
891 4539 1057 4612 αὐτῷ,
1087 4541 1176 4595 καὶ
1227 4541 1311 4603 ὅςε
1360 4543 1599 4619 ἀφώριζε
1645 4546 1734 4599 τὸν
1769 4546 1959 4599 ἑαυτοῦ

2096 625 2361 681 nonuulli
2413 627 2723 692 definiunt,
2759 627 2981 679 dictum
3036 623 3339 694 parodium
3379 625 3502 694 (seu
3554 623 3610 676 in
3656 622 3749 676 via

2095 716 2398 786 positum),
2433 716 2505 770 ab
2539 733 2652 771 uno
2703 715 2959 786 quodam
3014 714 3083 767 ad
3137 713 3321 766 multa
3368 711 3744 766 translatum.

2095 807 2156 860 In
2188 805 2298 860 hoc
2329 805 2511 878 igitur
2541 804 2691 859 libro
2719 804 2966 858 scientia
2991 801 3292 873 sapientia:
3322 806 3376 855 et
3397 800 3744 872 disciplinis,

2091 893 2425 949 intellectus
2472 909 2810 949 sermonum
2864 891 3208 963 prudentiae,
3238 888 3488 960 strophae
3537 889 3745 943 verbo-

2092 1001 2245 1053 rum,
2274 983 2520 1054 justitiaa
2549 999 2688 1037 verae
2739 981 3090 1046 intellectus,
3126 979 3194 1033 ad
3249 977 3622 1048 dirigentium
3647 980 3744 1047 ju-

2091 1072 2244 1128 dicia
2276 1079 2331 1128 et
2364 1072 2702 1144 pollicitatio
2735 1069 3275 1142 cognoscendarum
3310 1083 3378 1121 ex
3405 1066 3538 1121 istis
3571 1083 3742 1137 para-

2089 1163 2381 1228 holarum,
2406 1163 2695 1216 dictorum
2731 1159 3109 1230 sapientium,
3135 1157 3536 1228 aenigmatum,
3560 1159 3616 1210 et
3648 1156 3746 1210 0b-

2089 1268 2395 1306 scurorum
2429 1265 2790 1305 sermonum.
2826 1247 2892 1302 Et
2932 1251 3070 1301 sunt
3102 1244 3356 1300 scientiae
3389 1242 3742 1314 sapientiam

2088 1357 2154 1396 ac
2177 1340 2544 1412 disciplinam
2579 1339 2895 1392 tradentes.
2925 1336 3067 1391 Cum
3095 1339 3150 1389 et
3179 1333 3359 1388 Graeci
3391 1331 3740 1404 sapientiam

2087 1447 2150 1485 se
2180 1430 2392 1484 habere
2427 1428 2832 1499 polliceantur,
2857 1430 2914 1481 et
2943 1424 3195 1479 haretici
3227 1421 3443 1477 habere
3474 1437 3536 1475 se
3568 1421 3741 1476 disci-

2085 1518 2306 1591 plinam
2345 1518 2704 1574 arbitrentur
2734 1533 2745 1570 :
2778 1516 2906 1570 ideo
2938 1513 3031 1568 hic
3060 1529 3254 1568 veram
3287 1509 3640 1582 sapientiam
3672 1527 3739 1565 ac

2087 1607 2456 1679 disciplinam
2501 1607 2686 1674 docet,
2719 1622 2789 1659 ne
2845 1603 3037 1674 specie
3087 1619 3154 1657 ac
3201 1599 3590 1656 similitudine
3640 1615 3737 1654 sa-

2085 1696 2315 1768 pientiae
2347 1697 2662 1769 quisquam
2698 1693 2755 1748 in
2783 1692 3151 1764 sophismata
3177 1689 3508 1744 Graacorum
3540 1695 3597 1742 et
3625 1687 3736 1742 has-

2085 1785 2396 1840 reticorum
2427 1783 2666 1840 incidat.
2699 1783 2878 1837 Graeci
2931 1795 3184 1850 namque
3226 1781 3501 1849 putantes
3534 1793 3595 1831 se
3627 1776 3733 1829 ali-

2085 1891 2232 1948 quos
2279 1891 2426 1939 esse,
2479 1881 2536 1929 et
2573 1893 2593 1920 α
2628 1873 2888 1926 dicentes
2929 1887 2992 1924 se
3030 1868 3326 1940 sapientes
3382 1882 3511 1921 esse
3568 1854 3736 1919 stulti

2081 1964 2216 2020 facti
2248 1969 2388 2019 sunt
2407 1965 2478 2029 θος
2509 1987 2528 2011 ο
2567 1961 2819 2017 ᾕδειτοὶἰοὶ
2855 1977 2986 2014 vero
3031 1958 3292 2012 eruditos
3323 1973 3470 2022 esse,
3507 1971 3568 2010 se
3602 1955 3732 2019 rati,

2082 2055 2267 2110 aversi
2300 2057 2458 2123 sunt,
2490 2057 2546 2107 et
2578 2056 2819 2125 peccant
2858 2047 3090 2120 proprio
3121 2045 3346 2116 judicio
3380 2044 3732 2099 condemna-

2080 2145 2121 2198 ti
2146 2146 2211 2198 9'.
2246 2145 2489 2215 Sapiens
2534 2159 2668 2196 vero
2711 2140 2758 2195 si
2810 2139 3006 2192 divina
3055 2135 3288 2207 eloquia
3336 2134 3603 2199 audierit,
3639 2151 3729 2188 sa-

2080 2234 2334 2305 pientior
2373 2232 2501 2290 erit.
2537 2229 2762 2286 Etenim
2820 2229 2866 2283 si
2919 2226 3180 2299 legitima
3227 2224 3342 2277 Diei
3395 2223 3644 2278 audierit
3677 2228 3735 2277 et

2080 2322 2442 2392 custodierit,
2475 2327 2530 2375 et
2572 2320 2630 2374 in
2674 2317 2986 2390 disciplina
3016 2314 3241 2370 Domini
3278 2311 3581 2383 negligens
3615 2328 3729 2365 non

2079 2413 2272 2482 fuerit,
2306 2429 2411 2467 nec
2445 2412 2499 2464 in
2533 2427 2599 2465 ea
2631 2407 2924 2472 defecerit,
2963 2406 3118 2460 filius
3149 2403 3384 2475 sapiens
3415 2401 3639 2468 evadet,
3673 2405 3728 2455 et

2076 2503 2344 2559 eruditus
2393 2503 2580 2556 factus
2629 2498 3019 2570 cognitionem
3073 2494 3165 2547 Dei
3221 2491 3526 2547 confestim
3576 2490 3725 2544 acci-

2078 2593 2216 2664 piet.
2249 2592 2368 2646 Hac
2398 2589 2554 2645 enim
2593 2590 2888 2659 sapientes
2929 2583 3338 2639 instituuntur.
3374 2581 3725 2635 Sermonum

2076 2699 2207 2737 vero
2250 2681 2606 2754 prudentum
2658 2675 3007 2741 intellectus,
3039 2672 3307 2726 doctrina
3355 2675 3444 2725 est
3485 2669 3556 2724 de
3603 2667 3724 2723 solo

2074 2788 2207 2826 vero
2239 2771 2370 2826 Deo.
2397 2773 2726 2824 Graecorum
2763 2780 3016 2834 namque
3046 2761 3140 2817 alii
3173 2777 3386 2831 corpus
3411 2775 3540 2814 esse
3571 2758 3728 2813 dixe-

2074 2865 2215 2920 runt
2252 2865 2453 2926 Deum,
2488 2856 2583 2912 alii
2617 2853 2947 2911 simulacris
2979 2851 3153 2907 etiam
3205 2850 3400 2921 ipsum
3434 2848 3724 2903 assimila-

2075 2955 2234 3005 runt.
2305 2945 2570 3003 Hzeretici
2639 2961 2771 2999 vero
2839 2948 2896 2996 et
2961 2941 3071 3012 ipsi
3136 2940 3195 2993 in
3260 2937 3382 2992 veri
3442 2937 3725 3007 cognitio-

2075 3055 2148 3093 ne
2202 3036 2604 3105 desipuerunt.
2646 3035 2958 3102 Propterea
3017 3028 3111 3082 hic
3159 3028 3229 3080 de
3265 3042 3397 3080 vera
3442 3024 3723 3094 cognitio-

2074 3145 2146 3183 ne
2212 3126 2312 3181 Dei
2382 3124 2504 3179 hzec
2569 3125 2822 3177 enarrat.
2883 3118 3044 3183 Quod
3105 3116 3342 3187 quidem
3410 3111 3724 3167 ineﬂ‘abilis

2073 3218 2151 3272 sit
2183 3235 2195 3272 :
2223 3239 2249 3265 ‹‹
2281 3215 2479 3271 Gloria
2528 3213 2627 3266 Dei
2677 3209 2983 3265 abscondit
3029 3208 3268 3260 verbum
3291 3205 3357 3258 θ’.
3388 3226 3415 3252 ››
3460 3203 3542 3257 De
3590 3218 3721 3273 pro-

2067 3303 2328 3358 videntia
2359 3317 2492 3355 vero
2541 3298 2700 3353 illius
2745 3297 2828 3352 sic
2875 3295 3137 3365 loquitur
3170 3310 3235 3346 :«
3276 3294 3336 3346 In
3387 3291 3547 3346 omni
3594 3291 3722 3344 loco

2069 3394 2224 3447 119
2258 3389 2410 3446 oculi
2454 3386 2683 3444 Domini
2734 3382 3210 3454 contemplantur
3258 3383 3444 3437 bonos
3493 3385 3549 3434 et
3597 3395 3720 3434 ma-

2069 3482 2156 3537 los
2179 3483 2242 3536 93.
2272 3503 2298 3528 »
2333 3481 2400 3534 Et
2438 3479 2647 3533 iterum
2685 3493 2696 3529 :
2728 3497 2751 3527 «
2789 3473 2958 3528 Dives
2987 3476 3043 3526 et
3091 3488 3313 3542 pauper
3359 3469 3508 3524 alter
3552 3467 3720 3523 alteri

2068 3573 2472 3636 occurrerunt,
2512 3571 2788 3637 utrosque
2821 3579 2954 3617 vero
3007 3559 3142 3616 fecit
3172 3560 3457 3614 Dominus
3483 3558 3583 3612 9‘.»
3613 3557 3715 3611 Et:

2070 3685 2097 3711 «
2135 3662 2280 3716 Dum
2327 3655 2683 3712 conveniunt
2725 3658 3033 3707 temerator
3061 3667 3125 3704 ac
3157 3649 3402 3711 debitor,
3440 3653 3718 3716 utrosque

2069 3747 2410 3822 speculatur
2479 3743 2764 3798 Dominus
2803 3741 2866 3794 95.
2917 3762 2944 3788 »
2995 3740 3058 3793 Et
3110 3754 3124 3792 :
3173 3762 3192 3786 ει
3241 3739 3387 3790 Sunt
3443 3735 3601 3790 enim
3658 3734 3718 3789 in

2068 3841 2382 3912 conspectu
2437 3833 2739 3889 oculorum
2796 3829 2893 3884 Dei
2945 3829 3047 3882 viae
3093 3826 3224 3890 viri,
3265 3829 3322 3880 et
3370 3841 3574 3879 omnes
3626 3840 3720 3878 or-

2068 3911 2229 3984 bitas
2273 3926 2400 3996 ejus
2449 3921 2786 3997 speculatur
2805 3921 2866 3972 “.
2903 3941 2931 3967 »
2961 3915 3256 3971 Judicium
3313 3928 3545 3984 quoque
3592 3911 3720 3983 ejus

2069 4015 2508 4078 commemorat,
2542 4011 2742 4064 dicens
2777 4026 2789 4062 :
2828 4028 2856 4057 ‹‹
2890 4004 3188 4062 Sacrificia
3211 4002 3548 4074 impiorum,
3583 4000 3720 4055 abo-

2070 4101 2427 4156 minationes
2475 4103 2614 4153 sunt
2667 4095 2891 4151 Domini
2929 4113 2942 4150 :
2976 4097 3109 4149 vota
3152 4096 3344 4146 autem
3395 4092 3548 4145 recte
3597 4104 3720 4143 am-

2070 4190 2424 4258 bulantium,
2449 4189 2687 4257 accepta
2717 4189 2858 4240 sunt
2887 4183 3040 4254 apud
3064 4198 3196 4236 eum
3225 4181 3289 4234 97.
3317 4202 3344 4230 »
3373 4183 3439 4233 Et
3466 4177 3675 4233 iterum
3705 4193 3719 4230 :

2071 4304 2097 4329 ‹‹
2135 4285 2344 4336 Domos
2384 4274 2841 4332 conviciatorum
2895 4271 3148 4341 dissipat
3185 4269 3493 4335 Dominus,
3527 4266 3726 4322 ﬁrmat

2071 4373 2266 4424 autem
2320 4365 2641 4420 terminum
2676 4361 2860 4416 viduae
2882 4361 2944 4414 νθ.
2977 4383 3003 4409 ››
3039 4358 3347 4430 Opificium
3381 4373 3512 4411 vero
3560 4355 3721 4411 illius

2073 4476 2184 4513 non
2216 4454 2582 4528 simpliciter,
2617 4453 2716 4507 sed
2764 4468 2829 4505 eo
2879 4450 3031 4522 quod
3084 4464 3188 4519 per
3211 4447 3494 4510 Verbum,
3529 4461 3596 4500 ac
3629 4462 3721 4501 sa-

2073 4546 2351 4619 pientiam
2387 4559 2552 4598 suam
2590 4545 2800 4596 cuncta
2842 4539 3015 4594 faciat
3048 4555 3060 4592 :
3096 4536 3194 4609 qui
3230 4535 3576 4608 potissimus
3604 4535 3723 4590 veri

309 4625 498 4700 θρόνον
528 4625 611 4680 ἐπ’
641 4626 874 4700 ἀνέμων,
907 4629 1068 4697 ἡνίκα
1100 4630 1297 4707 ἰσχυρά
1330 4631 1500 4687 ἐποίει
1547 4633 1612 4687 τὰ
1657 4631 1766 4688 ἅνω
1805 4632 1961 4712 νέφη,

2079 4637 2174 4693 Dei
2208 4634 2510 4691 character
2539 4637 2647 4698 est,
2684 4630 2837 4701 quod
2877 4629 2951 4682 sit
2984 4627 3110 4683 Filii
3145 4629 3334 4681 Pater.
3368 4623 3462 4678 Ait
3493 4622 3679 4696 igitur
3710 4641 3722 4679 :

309 4713 461 4788 ἤμην
521 4717 646 4790 παρ’
703 4717 850 4788 αὐτῷ
909 4719 1240 4791 ἁρμόζουσα.
1297 4723 1438 4796 Ἐγὼ
1496 4720 1648 4793 ἤμην
1793 4746 1963 4802 προσ-

310 4805 516 4879 ἐχαιρε,
550 4805 667 4858 καθ’
695 4805 902 4880 ἡμέραν
941 4803 997 4861 δὲ
1042 4808 1410 4884 εὐφραινόμην
1462 4809 1512 4863 ἐν
1560 4813 1840 4888 προσώπῳ
1874 4814 1963 4868 αὐ-

308 4898 422 4950 τοῦ.
460 4918 488 4943 ››
523 4894 760 4972 Στροφαὶ
820 4895 997 4973 λόγων
1052 4895 1313 4973 εἴρηνταγ
1363 4897 1548 4966 ἐπειδὴ
1602 4901 1843 4978 στρέφων
1885 4923 1968 4964 τις

316 4980 509 5044 αὐτοὺς
539 4985 609 5058 τῇ
651 4980 880 5054 διανοίᾳ,
913 4985 1113 5060 ἀνοίγει
1146 4986 1233 5040 καὶ
1269 4987 1497 5062 εὑρίσκει
1544 4991 1634 5043 τὸν
1685 4989 1737 5045 ἐν
1784 4990 1967 5053 αὐτοῖς

319 5070 623 5145 ἐγκείμενον
668 5077 816 5126 νοῦν·
865 5076 952 5128 οἷα
1007 5074 1130 5128 εἰσιο
1165 5100 1190 5126 ‹‹
1245 5077 1485 5146 Διεσώθη
1540 5078 1646 5133 ἀπὸ
1695 5084 1792 5133 τοῦ
1841 5080 1970 5134 καύ-

327 5181 489 5231 ματος
520 5159 638 5221 υἳὸς
669 5163 918 5236 νοήμων,
953 5163 1328 5243 ἀνεμόφθορος
1363 5163 1420 5220 δὲ
1450 5166 1653 5241 γίνεται
1688 5167 1739 5223 ἐν
1774 5169 1972 5243 ἀμητῷ

319 5249 428 5312 υίὸς
476 5250 812 5324 παράνομος·
867 5276 894 5303 ››
947 5254 1036 5307 καὶ
1095 5252 1281 5309 πάλιν’
1334 5280 1362 5306 ‹‹
1409 5256 1708 5330 Ἐπιμελοῦ
1759 5263 1866 5312 τῶν
1919 5258 1970 5313 ἐν

317 5341 394 5409 τῷ
449 5337 622 5410 πεδίῳ
677 5339 942 5416 χλωρῶν,
973 5341 1062 5397 καί
1120 5349 1294 5414 κερεῖς
1351 5345 1510 5413 πόαν,
1569 5348 1657 5401 καὶ
1719 5347 1976 5425 συνάγαγε

323 5426 524 5502 χόρτον
583 5427 929 5505 όρεινὸν,⁹ίνα
988 5428 1120 5507 ἔχῃς
1179 5428 1427 5508 πρόϐατα
1475 5434 1549 5496 εἷς
1600 5435 1974 5510 ἱματισμόν.»

395 5641 442 5713 Ψ
473 5641 639 5698 Rom.
672 5661 714 5713 1,
748 5646 837 5701 12.

931 5647 974 5680 ⁹¹
1008 5645 1120 5700 Tit.
1153 5663 1236 5713 ιιι,
1273 5647 1357 5701 11.

327 5711 371 5747 ⁸⁵
404 5712 568 5768 Prov.
604 5733 656 5784 v,
690 5711 782 5771 21.

861 5716 902 5752 ’7
934 5716 1100 5772 Prov.
1134 5734 1228 5788 xv,
1260 5718 1314 5772 8.

1453 5649 1497 5682 ⁰²
1531 5649 1693 5704 Prov.
1728 5668 1859 5717 xxv,
1891 5655 1945 5705 2.

1469 5652 1500 5730 [ι
1531 5652 1707 5730 arex;
1883 5655 1945 5730 ε
2043 5652 2088 5687 νε
2117 5652 2281 5730 Ρι-ριο
2438 5652 2494 5730 .3.-

1392 5719 1434 5753 ⁸⁸
1465 5719 1609 5777 ibid.
1641 5723 1730 5775 25.
1809 5723 1854 5758 ⁸ο
1882 5723 2050 5780 Prov.
2078 5740 2162 5794 In,
2199 5723 2282 5778 19.

2078 4749 2105 4776 ‹‹
2138 4723 2432 4798 Sapientia
2462 4723 2617 4776 Deus
2669 4719 2932 4774 fundavit
2979 4721 3192 4772 terram
3218 4717 3280 4769 9°.
3309 4737 3336 4764 ››
3368 4715 3434 4769 Et
3462 4714 3673 4770 iterum
3711 4728 3724 4768 :

2077 4839 2104 4865 «
2141 4813 2426 4869 Dominus
2455 4811 2590 4866 fecit
2613 4809 2881 4881 regiones
2911 4812 2966 4862 et
2997 4808 3247 4872 deserta,
3273 4809 3330 4861 et
3352 4804 3728 4860 summitates

2077 4903 2369 4959 habitatas
2401 4902 2527 4974 ejus
2559 4917 2686 4971 quae
2719 4898 2829 4953 sub
2861 4895 3001 4951 cmlo
3033 4901 3140 4952 est.
3164 4895 3407 4961 Quando
3440 4908 3728 4966 prsepara-

2081 4997 2180 5049 bat
2207 4991 2438 5053 malum,
2469 4989 2701 5044 aderam
2752 4986 2861 5058 ipsi
2901 5003 2913 5040 :
2949 4986 3182 5056 quando
3228 4983 3539 5055 separahat
3567 4980 3728 5034 thro-

2083 5099 2222 5138 num
2255 5097 2428 5134 suum
2464 5095 2643 5151 supra
2685 5080 2912 5142 ventos,
2948 5074 3182 5146 quando
3213 5072 3438 5128 validas
3484 5069 3732 5123 faciebat

2084 5174 2335 5242 desuper
2362 5169 2573 5234 nubes,
2607 5184 2735 5222 cum
2788 5182 2854 5220 eo
2901 5180 3058 5220 eram
3095 5166 3304 5217 cuncta
3351 5173 3730 5228 componens.

2088 5262 2200 5329 E'bo
2229 5276 2387 5315 eram
2420 5259 2478 5312 in
2504 5274 2618 5329 qua
2639 5251 3234 5323 lmtabatur,singulis
3257 5249 3461 5302 riiebus
3494 5245 3738 5300 lmtabar

2084 5332 2150 5402 in?
2174 5351 2487 5418 conspectu
2540 5345 2696 5400 illius
2723 5347 2761 5397 ί.
2794 5366 2818 5390 η
2849 5342 3110 5412 Stropbze
3149 5352 3379 5410 quoque
3425 5332 3734 5388 verborum

2089 5439 2294 5492 insunt
2323 5437 2418 5491 isti
2452 5435 2601 5490 libro
2637 5449 2648 5486 :
2686 5448 2819 5487 nam
2853 5431 2900 5486 si
2935 5431 3067 5499 quis
3096 5445 3160 5482 ea
3194 5429 3385 5479 mente
3412 5427 3626 5486 verset,
3656 5440 3739 5478 re-

2589 5649 2634 5682 οι
2661 5651 2826 5700 Ριιον,
2855 5657 2998 5708 χχιι,
3028 5644 3086 5696 2,
3177 5639 3222 5673 9⁸
3251 5639 3414 5692 Prov.
3461 5652 3625 5704 xxxx,
3657 5637 3745 5694 13.

2363 5717 2556 5777 ι’ίδίά.
2588 5717 2776 5772 26-31.
2853 5779 2859 5785 ,
