4154 6362
366 345 484 408 343

1556 344 1621 405 S.
1670 342 2198 405 ATHANASIUS.
2230 378 2302 387 —
2341 344 2603 407 DUBIA.

3672 359 3791 416 344

362 478 583 535 serabit
638 494 704 533 ac
760 476 1015 534 inveniet
1069 477 1423 533 sententiam
1493 476 1554 530 in
1609 475 1760 547 ipsis
1815 474 2011 529 sitam.

2141 472 2217 526 ιαὶ
2275 471 2462 530 πάλιν·
2531 501 2551 528 ε
2612 478 2731 531 Ἐὰν
2787 479 3007 553 καθίσῃς
3066 478 3300 536 δειπνεῖν
3374 483 3461 538 ἐπὶ
3518 490 3792 558 τραπέζης

363 567 570 633 Qualia
596 573 738 622 sunt
766 566 887 621 haec
921 584 933 621 :
961 589 989 615 ‹‹
1021 566 1339 621 lncolumis
1368 564 1549 621 evasit
1578 564 1651 633 ab
1682 568 1824 619 metu
1860 561 2017 617 filius

365 656 719 728 intelligens,
753 656 1153 726 corrumpitur
1198 660 1393 709 autem
1427 670 1461 709 a
1498 659 1665 708 vento
1715 650 1775 705 in
1830 667 2019 706 messe

365 744 523 800 ﬁlius
570 743 809 813 iniquus
831 744 872 796 ³.
903 767 931 793 ››
966 745 1034 798 Et
1083 745 1296 799 iterum
1333 761 1344 796 :
1372 766 1398 792 «
1433 740 1690 798 Sollicita
1720 757 1861 795 cura
1892 756 2018 810 quae

363 834 425 889 in
457 850 594 904 agro
625 836 764 888 sunt
792 832 1022 901 viridia,
1046 837 1103 887 et
1132 832 1376 887 herbam
1406 831 1686 894 demetes,
1722 845 1789 883 ac
1820 829 2019 882 fenum

369 927 717 978 montanum
750 918 981 992 collige,
1012 926 1077 974 ut
1105 936 1240 975 oves
1272 919 1492 974 habeas
1523 918 1594 973 ad
1628 916 1901 972 vestitum
1924 916 1965 969 ⁸.
1991 940 2013 967 ι

367 1011 437 1067 Et
465 1027 674 1067 rursus
708 1028 757 1065 εκ
779 1010 837 1063 Si
858 1010 1101 1065 conviva
1123 1008 1347 1065 sederis
1368 1007 1441 1063 ad
1464 1022 1691 1062 ccenam
1725 1005 1784 1060 in
1816 1021 2023 1061 mensa

369 1104 939 1171 magnatum,mente
965 1097 1259 1169 intelligas
1276 1113 1403 1168 quae
1422 1099 1803 1167 apponuntur
1816 1094 1925 1148 tibi
1943 1095 2022 1147 ‘.»

367 1190 439 1245 Et
469 1187 585 1244 alia
613 1188 967 1244 consimilia.
992 1187 1149 1242 Verte
1180 1186 1429 1257 justitim
1454 1184 1647 1239 dictus
1671 1189 1761 1239 est
1791 1181 2023 1237 intelle-

370 1282 501 1334 ctus
526 1295 540 1333 :
573 1277 851 1348 quoniam
881 1276 1217 1333 diﬂ‘erenter
1244 1275 1481 1346 quidam
1505 1273 1751 1345 justitia
1774 1272 2023 1328 vocabu-

369 1367 494 1423 lum
543 1366 858 1438 accipiunt,
894 1366 1028 1421 aliis
1073 1364 1408 1420 dicentibus
1448 1362 1743 1433 justitiam
1792 1377 1943 1427 esse,
1973 1361 2023 1415 si

372 1457 578 1511 reddat
607 1456 741 1526 quis
762 1456 913 1525 quod
939 1454 1392 1510 custodiendum
1425 1452 1647 1523 accepit
1673 1468 1685 1505 :
1716 1450 1847 1506 aliis
1869 1466 2023 1515 vero,

372 1544 420 1601 si
453 1544 676 1599 malum
711 1545 993 1599 reddatur
1022 1558 1124 1614 pro
1170 1541 1344 1609 malo,
1375 1546 1433 1596 et
1462 1540 1681 1597 bonum
1716 1555 1819 1611 pro
1850 1538 2024 1593 bono.

373 1634 724 1704 Hujusmodi
759 1638 957 1688 autem
981 1632 1353 1687 deﬁnitiones
1373 1634 1583 1685 exactae
1610 1645 1678 1685 ac
1700 1630 1878 1699 justw
1911 1643 2025 1682 non

374 1729 531 1778 sunt.
564 1723 646 1778 Ne
677 1721 892 1778 dixeris
940 1721 1121 1788 enim,
1154 1721 1280 1784 Quo
1310 1718 1410 1775 ille
1440 1736 1578 1791 erga
1627 1734 1719 1773 me
1766 1733 1912 1772 usus
1941 1720 2030 1771 est

376 1816 571 1879 modo,
604 1813 807 1867 eodem
849 1817 982 1866 utar
1022 1826 1148 1881 ego,
1175 1827 1375 1880 poenas
1406 1808 1475 1863 de
1506 1807 1607 1863 illo
1637 1823 1891 1874 sumam,
1928 1822 2029 1877 pro

374 1902 596 1972 injuria
624 1918 738 1970 qua
777 1916 871 1955 me
918 1900 1135 1955 affecit.
1160 1898 1551 1963 Quamobrem
1601 1896 1714 1963 hic,
1739 1912 1866 1967 qua
1899 1911 2034 1950 vera

378 1991 456 2047 sit
483 1990 741 2061 justitia,
765 1991 932 2044 docet
954 2006 968 2045 :
993 2005 1123 2044 eam
1153 1988 1422 2043 videlicet
1450 2002 1648 2042 veram
1697 2001 1826 2041 esse
1848 1983 2033 2054 justi-

381 2081 548 2150 tiam,
572 2080 624 2135 si
652 2078 975 2150 unicuique
1004 2079 1160 2150 quod
1183 2093 1360 2131 suum
1392 2079 1482 2131 est
1510 2075 1807 2130 reddatur.
1837 2096 1863 2122 «
1888 2076 2031 2127 Cum

381 2169 590 2241 primis
641 2168 884 2235 honora,
934 2167 1146 2238 inquit,
1193 2165 1511 2221 Dominum
1561 2164 1632 2218 de
1675 2162 1861 2235 justis
1914 2162 2032 2216 tuis

379 2258 701 2327 laboribus,
732 2260 791 2312 et
822 2255 1113 2328 primitias
1143 2254 1228 2309 illi
1256 2255 1353 2323 da,
1384 2252 1456 2308 de
1484 2253 1603 2307 tuis
1625 2251 1876 2323 justitiie
1908 2252 2030 2305 fru-

377 2348 569 2403 ctibus
586 2347 665 2402 ⁶.››
690 2345 907 2401 Deinde
926 2361 977 2400 ;‹‹
1000 2348 1233 2400 Honora
1253 2359 1472 2415 regem,
1495 2346 1552 2397 et
1571 2341 1917 2413 parentibus
1938 2341 2033 2395 de-

380 2436 574 2491 bitum
606 2434 814 2490 exhibe
845 2433 1128 2499 ofﬁcium,
1147 2432 1423 2488 omnibus
1444 2446 1597 2501 vero,
1617 2429 1773 2501 quod
1796 2444 2031 2500 aequum

376 2530 469 2580 est
487 2526 529 2578 θ.
556 2545 585 2574 ››
619 2525 688 2579 Et
716 2523 811 2578 hic
844 2523 1082 2594 quidem
1136 2538 1290 2576 unus
1342 2525 1433 2576 est
1479 2523 1675 2591 typus.
1714 2517 1871 2573 Alter
1900 2534 2033 2573 vero

377 2620 468 2667 est
498 2615 564 2666 ut
584 2610 850 2665 animum
874 2626 1053 2665 suum
1082 2608 1332 2679 quisque
1353 2606 1660 2677 justiﬁcet,
1681 2603 2036 2675 aequabilita-

378 2703 495 2755 tem
546 2698 959 2763 custodiendo,
996 2698 1074 2752 ita
1107 2702 1170 2751 ut
1217 2712 1519 2767 nunquam
1569 2695 1627 2749 in
1680 2693 2033 2750 contrariam

378 2786 898 2860 inaequabilitatem
931 2784 1220 2841 declinet:
1255 2786 1357 2841 sed
1389 2784 1602 2840 rationi
1634 2784 2028 2854 obtemperet:

380 2876 464 2932 Ne
495 2876 649 2932 malo
679 2875 921 2933 consilio
952 2892 1068 2947 quo
1091 2876 1418 2947 juventutis
1449 2873 1713 2929 doctrina
1760 2872 2032 2944 repudia-

380 2969 497 3034 tur,
525 2965 771 3038 capiaris
795 2983 808 3020 :
836 2966 936 3021 sed
969 2981 1104 3021 cum
1135 2964 1379 3020 consilio
1408 2962 1604 3019 omnia
1631 2961 1830 3025 facias,
1854 2965 1912 3016 et
1942 2976 2033 3016 co-

378 3055 694 3126 gitationes
725 3060 837 3109 tuae
869 3054 989 3110 sint
1013 3054 1257 3124 judicia,
1279 3053 1363 3108 ita
1392 3058 1457 3108 ut
1485 3052 1748 3124 seipsum
1778 3051 2034 3122 quisque

371 3145 621 3215 judicet,
643 3151 701 3199 et
729 3160 904 3200 omne
924 3144 1282 3199 desiderium
1308 3143 1553 3213 probum
1587 3141 1800 3197 habeat
1823 3155 1836 3195 :
1860 3154 2031 3195 omne

2129 560 2416 635 δυναστῶν,
2468 572 2678 634 νοητῶς
2726 568 2837 622 νόει
2883 570 2950 624 τά
2998 570 3401 645 παρατιθέμενά
3449 594 3554 629 σοι.
3615 600 3635 625 ι
3693 578 3791 631 Καὶ

2126 652 2193 705 τὰ
2222 653 2389 723 ὅμοια
2416 652 2631 717 τούτοις
2660 652 3008 728 δικαιοσύνης
3039 659 3279 728 ἀληθοῦς
3318 661 3505 731 νόησις
3549 662 3789 738 εἴρηται·

2130 737 2316 810 ἐπειδή
2350 762 2492 805 τινες
2524 740 2798 821 διαφόρως
2831 745 3144 823 ἐξειλῆφασι
3175 746 3237 802 τι)
3289 747 3519 821 δίκαιον,
3549 737 3657 807 τῶν
3695 756 3787 827 μὲν

2131 828 2424 903 λεγόντων,
2458 830 2666 888 δίκαιόν
2697 834 2897 890 ἔστιτὸ
2939 835 3257 893 ἀποδιδόναι
3309 840 3444 915 ἅπερ
3496 837 3659 897 ἔλαϐὲ
3703 865 3787 906 τις

2131 917 2383 995 φυλάξαι·
2425 926 2534 975 τῶν
2582 920 2660 990 δὲ,
2708 925 2770 978 τὸ
2819 922 3026 979 διδόναι
3078 928 3240 982 κακὸν
3292 928 3410 983 ἀντὶ
3458 936 3646 1003 κακοῦ,
3698 930 3788 987 καὶ

2134 1007 2329 1081 ἀγαθὸν
2363 1008 2480 1063 ἀντὶ
2522 1010 2748 1085 ἀγαθοῦ.
2785 1007 3080 1084 Συμϐαίνει
3130 1011 3188 1068 δὲ
3238 1017 3312 1087 μὴ
3365 1011 3607 1092 ἀκριϐεῖς
3656 1019 3787 1075 εἶναι

2131 1094 2257 1157 τοὺς
2311 1095 2594 1161 τοιούτους
2651 1098 2829 1174 ὅρους.
2892 1102 2985 1170 Mr,
3058 1100 3209 1175 ε’ίπῃς
3267 1104 3393 1179 γὰρ,
3442 1106 3533 1158 Ὃν
3590 1106 3788 1181 τρόπον

2134 1182 2408 1258 ἐχρήσατὸ
2462 1207 2577 1258 μοι,
2629 1190 2913 1263 χρήσομαι
2962 1189 3128 1262 αὐτῷ,
3169 1190 3391 1263 τίσομαι
3441 1190 3500 1247 δὲ
3555 1192 3714 1248 αὐτὸν
3766 1196 3798 1248 ἅ

2140 1292 2204 1343 με
2236 1270 2485 1343 ἠδίκησε.
2522 1274 2624 1329 Λιᾶ
2652 1280 2813 1330 τοῦτο
2865 1277 3023 1339 οὗτος
3070 1280 3171 1347 τὴν
3221 1278 3401 1350 ἀληθῆ
3450 1278 3797 1348 δικαιοσύνην

2137 1357 2399 1432 διδάσκει,
2447 1361 2528 1416 ὅτι
2575 1364 2737 1418 τοῦτό
2787 1363 2900 1418 ἐστι
2946 1365 3009 1420 τὸ
3059 1365 3278 1440 άληθῶς
3327 1366 3551 1424 δίκαιον.
3607 1367 3800 1425 ἀποδι-

2137 1446 2287 1503 δόναι
2321 1448 2529 1523 ἑκάστῳ
2556 1452 2622 1505 τὸ
2647 1449 2815 1509 ῗδιον.
2849 1477 2876 1504 ‹‹
2910 1454 3349 1531 Προηγουμένως
3385 1457 3479 1529 μὶν
3525 1459 3660 1530 τίμα
3706 1460 3797 1514 τὸν

2138 1537 2331 1614 Κύριον
2385 1541 2490 1593 ἀπὸ
2538 1544 2644 1593 σῶν
2695 1537 2919 1597 δικαίων
2969 1542 3170 1613 πόνων,
3201 1545 3291 1599 καὶ
3341 1545 3596 1622 ἀπάρχου
3649 1547 3797 1620 αὐτῷ

2137 1627 2243 1681 ἀπὸ
2274 1632 2379 1681 σῶν
2410 1633 2630 1703 καρπῶν
2665 1626 3034 1701 δικαιοσύνης.
3066 1656 3093 1683 ››
3126 1634 3368 1688 Ἔπειτα·
3404 1659 3431 1686 ‹‹
3463 1634 3606 1707 Τίμα
3640 1638 3798 1711 βασι-

2139 1716 2257 1784 λέα,
2291 1717 2379 1771 καὶ
2400 1723 2518 1779 τοῖς
2555 1719 2649 1789 μὲν
2674 1718 2891 1794 γονεῦσι
2916 1721 2979 1775 τὸ
3009 1729 3247 1790 καθῆκον
3281 1720 3565 1791 ἀποδίδου,
3595 1730 3712 1787 τοῖς
3742 1724 3801 1781 δὲ

2140 1812 2269 1860 πᾶσι
2317 1807 2379 1860 τὸ
2431 1805 2570 1864 ἴσον.
2609 1830 2637 1859 »
2685 1808 2785 1864 Καὶ
2836 1809 2991 1871 οὗτος
3042 1812 3135 1882 μὶν
3186 1813 3261 1872 εἷς
3307 1813 3498 1874 τύπος·
3552 1810 3799 1890 δεύτερος

2145 1892 2202 1950 δὲ
2235 1892 2475 1949 δικαιοῦν
2508 1897 2605 1963 τῆν
2634 1898 2818 1972 ψυχὴν
2854 1898 3068 1969 ἑαυτοῦ,
3098 1899 3196 1968 τήν
3233 1899 3455 1969 ἰσότητα
3483 1900 3796 1979 φυλάττειν,

2144 1984 2283 2039 ὥστε
2318 1987 2391 2058 μὴ
2426 1984 2627 2040 κλίνειν
2662 1986 2738 2048 εἰς
2773 1988 3083 2057 ἀνισότητα·
3121 1989 3267 2045 ἀλλὰ
3295 1996 3374 2061 τῷ
3425 1992 3519 2063 μὲν
3572 1991 3799 2068 λογικῷ·

2146 2077 2233 2143 Μή
2289 2095 2345 2128 σε
2386 2070 2667 2150 καταλάϐῃ
2746 2076 2921 2151 βουλή
2987 2080 3148 2145 κακὴ,
3203 2082 3237 2148 ἡ
3287 2078 3663 2135 ἀπολείπουσα
3723 2079 3802 2136 δι-

2144 2160 2436 2219 δασκαλίαν
2469 2164 2748 2236 νεότητος,
2783 2164 2927 2222 ἀλλὰ
2981 2168 3115 2239 μετά
3167 2168 3374 2242 βουλῆς
3413 2168 3586 2224 πάντα
3633 2170 3800 2239 ποίει,

2141 2254 2232 2306 καὶ
2276 2253 2328 2307 οἱ
2377 2251 2635 2328 λογισμοί
2686 2275 2780 2308 σου
2828 2252 3060 2310 ἔστωσαν
3113 2255 3368 2329 κρίματα·
3420 2256 3556 2313 ὥστε
3601 2258 3798 2335 κρίνειν

2145 2342 2330 2397 ἑαυτὸν
2371 2338 2618 2415 ἕκαστον,
2662 2343 2752 2398 καὶ
2800 2345 2899 2412 τὴν
2946 2346 3040 2417 μὲν
3090 2344 3379 2418 ἐπιθομίαν
3431 2352 3597 2401 πᾶσαν
3651 2342 3796 2423 ἔχειν

2144 2432 2391 2507 ἀγαθήν·
2452 2430 2712 2505 ἐπιθυμία
2786 2434 2889 2506 γάρ
2948 2431 3169 2489 δικαίων
3236 2436 3379 2489 πὰσα
3434 2435 3650 2510 ἀγαθή,
3709 2436 3799 2491 καὶ

2143 2519 2403 2592 ἐπιθυμία
2452 2518 2664 2575 δικαίου
2713 2518 2894 2592 δεκτή.
2940 2523 3083 2578 Κατὰ
3131 2522 3187 2578 δὲ
3227 2525 3289 2578 τὸ
3336 2525 3585 2596 θυμικόν·
3626 2551 3652 2577 ‹‹
3709 2526 3797 2594 Μὴ

2148 2611 2248 2663 ισθι
2281 2609 2489 2684 ἑταῖρος
2518 2606 2672 2686 ἀνδρὶ
2717 2609 2979 2683 θυμὼδει,
3015 2612 3162 2690 φίλῳ
3194 2610 3251 2667 δὲ
3298 2612 3508 2688 ὀργίλῳ
3555 2615 3630 2687 μὴ
3684 2636 3804 2669 συν-

2143 2697 2391 2767 αυλίζου.
2423 2698 2593 2755 ’Ὀλον
2623 2700 2726 2774 γὰρ
2758 2700 2847 2755 τὸν
2898 2701 3067 2773 θυμὸν
3115 2701 3278 2756 αὐτοῦ
3332 2701 3540 2778 ἐκφέρει
3592 2700 3796 2777 ἄφρων·

2144 2789 2172 2842 6
2204 2785 2261 2841 δὲ
2290 2788 2455 2863 σοφὸς
2481 2787 2796 2860 ταμιεύεται
2840 2790 2976 2842 κατά
3021 2789 3207 2863 μέρος.
3243 2817 3270 2839 ιο
3297 2790 3451 2842 Οὕτω
3503 2787 3560 2843 δὲ
3609 2791 3796 2845 ἑαυτὸν

2146 2876 2420 2951 ῥυθμίζων
2476 2875 2777 2950 ἅνθρωπος,
2827 2877 2916 2929 καὶ
2963 2878 3061 2943 τὴν
3117 2873 3259 2929 ἰδίαν
3319 2876 3543 2930 ἑκάστου
3597 2876 3794 2949 μέρους

2140 2970 2239 3034 τῆς
2300 2967 2486 3039 ψυχῆς
2536 2964 2725 3037 πρᾶξιν
2778 2963 2896 3038 δγιῆ
2947 2964 3037 3017 καὶ
3084 2964 3244 3032 ἀσινῆ
3295 2962 3604 3041 φυλάττων,
3655 2964 3796 3020 ἔσται

2141 3054 2423 3128 γινώσκων
2452 3052 2549 3120 τὴν
2583 3048 2762 3120 ἀληθῆ
2797 3048 3167 3121 δικαιοσύνην.
3202 3052 3451 3127 Κρίματα
3503 3052 3558 3107 δὲ
3608 3075 3796 3108 κατευ-

2140 3141 2309 3195 θύνειν
2358 3140 2467 3195 ἐστὶ
2516 3140 2950 3214 προηγουμένως
2999 3145 3093 3213 μὲν
3140 3141 3338 3215 κρίνειν
3390 3139 3615 3204 δικαίως
3665 3144 3798 3197 κατά

380 3234 596 3306 quippe
617 3234 917 3304 justorum
951 3231 1307 3289 desiderium
1340 3234 1560 3287 bonum
1592 3236 1700 3298 est,
1723 3235 1780 3285 et
1810 3244 2028 3285 concu-

2141 3230 2231 3285 τὸν
2283 3227 2379 3284 τοῦ
2428 3233 2561 3283 Θεοῦ
2608 3228 2800 3300 νόμον,
2834 3229 2907 3290 ὥς
2955 3250 3107 3308 φησι·
3145 3253 3171 3279 ‹‹
3203 3232 3433 3305 Ἀνοιγε
3481 3231 3571 3285 σὸν
3624 3231 3801 3304 στόμα

376 3322 665 3393 piscentia
687 3319 834 3392 justi
856 3324 1092 3393 accepta
1112 3327 1220 3376 est.
1241 3322 1403 3386 Quod
1431 3324 1629 3376 autem
1660 3317 2026 3374 iracundiam

376 3415 602 3481 spectat
650 3425 720 3465 τα
772 3408 855 3465 Νο
905 3410 989 3466 sis
1046 3408 1293 3478 amicus,
1344 3410 1555 3481 inquit,
1604 3407 1727 3462 viro
1782 3406 2025 3473 furioso,

374 3504 433 3553 et
460 3498 647 3553 amico
674 3498 951 3554 iracundo
976 3516 1048 3554 ne
1072 3498 1395 3555 cohabites.
1418 3501 1664 3553 Omnem
1688 3495 1846 3551 enim
1879 3495 2028 3548 iram

377 3603 547 3642 suam
607 3587 825 3643 emittit
874 3586 1163 3659 insipiens
1202 3605 1215 3642 :
1260 3586 1497 3658 sapiens
1548 3600 1681 3640 vero
1740 3583 1903 3638 illam
1963 3598 2031 3637 ex

380 3681 542 3748 parte
578 3676 842 3733 recondit
864 3677 904 3730 ⁷.
926 3695 953 3727 ι
990 3675 1095 3740 Qui
1147 3676 1408 3748 seipsum
1442 3675 1513 3730 ad
1545 3674 1703 3728 hunc
1734 3672 2034 3743 componit

381 3766 645 3832 modum,
661 3771 720 3819 et
739 3765 1006 3837 singulas
1023 3766 1311 3835 cujusque
1335 3763 1519 3833 partis
1540 3761 1749 3815 animae
1771 3761 2033 3816 actiones

382 3870 556 3909 sanas
586 3858 641 3909 et
671 3853 955 3908 innocuas
986 3853 1267 3917 custodit,
1292 3851 1342 3906 is
1372 3852 1610 3905 demum
1640 3866 1830 3904 veram
1865 3848 2031 3921 agni-

381 3948 552 3998 turus
585 3947 676 3998 est
707 3942 1025 4013 justitiam.
1057 3940 1286 3996 Judicia
1315 3957 1446 3994 vero
1492 3939 1743 4011 dirigere
1791 3938 2032 4010 potissi-

383 4048 545 4086 mum
579 4030 818 4103 quidem
848 4034 956 4095 est,
983 4031 1147 4101 juste
1176 4029 1499 4085 secundum
1552 4027 1736 4099 legem
1788 4026 1887 4083 Dei
1929 4028 2029 4097 juo

383 4121 599 4190 dicare,
634 4125 698 4174 ut
729 4123 809 4174 ait
842 4137 854 4174 :
880 4142 908 4169 «
939 4118 1114 4192 Aperi
1153 4134 1219 4174 os
1256 4123 1426 4173 tuum
1456 4118 1630 4173 verbo
1665 4117 1782 4184 Dei,
1809 4123 1865 4172 et
1893 4131 2035 4171 sane

383 4209 456 4264 de
482 4208 757 4264 omnibus
789 4209 1014 4277 judica.
1049 4209 1370 4280 Pauperem
1400 4224 1533 4263 vero
1574 4211 1632 4262 et
1680 4205 2033 4261 imbecillem

381 4297 660 4367 dijudica.
695 4297 800 4361 Qui
835 4313 1088 4369 namque
1118 4296 1258 4352 dicit
1287 4298 1357 4352 de
1388 4295 1568 4368 impio
1603 4312 1615 4351 :
1649 4295 1856 4351 Justus
1911 4298 2032 4364 est;

380 4384 757 4442 exsecrabilis
786 4390 875 4441 est
925 4384 1197 4457 populus,
1231 4390 1289 4439 et
1317 4384 1557 4441 odiosus
1609 4382 1759 4437 inter
1810 4387 2030 4451 gentes.

383 4476 696 4531 Personam
755 4474 911 4529 enim
970 4473 1028 4528 in
1072 4473 1298 4545 judicio
1347 4471 1595 4528 revereri
1646 4472 1867 4527 bonum
1916 4489 2034 4527 non

2136 3316 2292 3393 λόγῳ
2324 3322 2478 3385 Θεοῦ,
2511 3316 2600 3371 καὶ
2631 3318 2775 3390 κρίνε
2824 3317 3024 3379 πάντας
3076 3318 3262 3393 ὑγιῶς.
3298 3317 3546 3391 Διάκρινε
3590 3317 3647 3374 δί
3697 3318 3789 3374 πὲ-

2134 3428 2273 3477 νητα
2325 3407 2415 3461 καὶ
2463 3406 2681 3475 ἀσθενῆ.
2735 3408 2791 3460 Ὀ
2840 3407 2944 3481 γὰρ
2994 3407 3159 3461 εἰπὼν
3207 3408 3301 3462 τὸν
3352 3405 3543 3477 ἀσεϐῆ,
3578 3408 3794 3471 Δίκαιός

2139 3496 2304 3561 ἐστιν,
2336 3494 2725 3570 ἐπικατάρατος
2759 3494 2933 3566 λαοῖς,
2966 3496 3055 3549 καὶ
3110 3496 3337 3567 μισητὸς
3388 3496 3463 3558 εἷς
3512 3496 3660 3566 ἔθνη.
3699 3498 3793 3553 Δί-

2141 3583 2345 3649 δεῖσθαι
2393 3585 2493 3660 γὰρ
2543 3584 2835 3657 πρόσωπον
2889 3584 2941 3638 ἐν
2987 3585 3159 3659 κρίσει
3212 3585 3273 3639 οὐ
3322 3585 3509 3642 καλόν.
3547 3610 3574 3637 ››
3622 3592 3792 3642 Τοῦτο

2145 3675 2242 3748 μὲν
2296 3674 2355 3729 ἐκ
2400 3678 2496 3728 τοῦ
2546 3678 2778 3750 φανεροῦ
2828 3672 3042 3748 ῥητέον·
3086 3669 3268 3728 ἔπειτα
3309 3672 3482 3729 δὲτίνα
3512 3675 3645 3751 ὅπερ
3691 3677 3801 3731 ἒτὲ-

2143 3783 2269 3837 ρους
2319 3761 2489 3838 κρίνει
2541 3784 2646 3832 τις,
2676 3768 2840 3817 τοῦτο
2886 3763 2973 3816 καὶ
3024 3763 3100 3824 εἰς
3133 3763 3317 3817 ἑαυτὸν
3364 3765 3426 3816 τὸ
3472 3769 3643 3839 κρῖμα
3686 3785 3806 3819 κατ-

2144 3850 2350 3924 ευθύνῃ,
2403 3850 2494 3905 καὶ
2552 3850 2739 3905 ἑαυτὸν
2809 3847 3099 3925 δοκιμάζῃ,
3149 3850 3415 3923 ἐπιτιμῶν
3474 3854 3565 3924 μὶν
3610 3853 3804 3923 ἑαυτῷ,

2143 3940 2229 3995 ἐὰν
2278 3938 2579 4010 πλεονεκτῇ
2636 3941 2662 3994 6
2714 3940 2903 4011 θυμός·
2941 3938 3153 4015 ἐπέχων
3208 3938 3285 4006 δὲ,
3317 3939 3406 3994 ἐὰν
3456 3942 3800 4015 περισσεύῃὴ

2143 4028 2421 4101 ἐπιθυμία·
2459 4027 2740 4104 διεγείρων
2802 4027 2879 4097 δὲ,
2913 4028 3000 4083 ἐὰν
3062 4030 3298 4107 ἀφυπνοῖ
3349 4031 3412 4084 τὸ
3466 4028 3802 4104 λογιστικὸν,

2143 4117 2343 4192 λέγων·
2404 4142 2432 4169 (ι
2480 4118 2626 4179 "Ecca;
2685 4117 2836 4187 πότε,
2895 4116 3115 4193 ὀκνηρὶ,
3164 4116 3514 4185 κατάκεισαι;
3572 4142 3598 4168 ››
3643 4118 3801 4175 Οὕτω

2140 4208 2242 4283 γὰρ
2275 4206 2461 4261 ἑαυτὸν
2514 4203 2739 4265 δικαίως
2789 4206 2957 4280 ἄγων,
2993 4207 3078 4259 καί
3131 4207 3437 4281 κατήγορος
3487 4205 3679 4259 ἑαυτοῦ
3728 4228 3807 4281 γι-

2144 4296 2392 4369 νόμενος,
2423 4301 2595 4370 κρῖμα
2626 4295 2960 4349 κατευθύνειν
3000 4296 3321 4366 μαθήσεται,
3351 4296 3440 4350 καὶ
3493 4296 3592 4351 οὐκ
3640 4297 3805 4351 ἀκού-

2142 4406 2287 4440 σεται
2326 4386 2451 4460 παρ’
2484 4384 2686 4458 ὲτὲρου·
2724 4408 2750 4434 ‹‹
2790 4388 2844 4435 Ὀ
2896 4380 3161 4438 διδάσκων
3206 4380 3412 4453 ἕτερον,
3467 4386 3686 4440 σεαυτὸν
3738 4385 3803 4439 οὐ

2144 4471 2453 4542 διδάσκεις;
2505 4473 2560 4527 Ὀ
2605 4470 2806 4545 λέγων,
2857 4473 2951 4539 Μὴ
3007 4470 3329 4547 μοιχεύσῃς,
3390 4474 3721 4549 μοιχεύεις;
3779 4502 3798 4523 ι

381 4564 581 4619 εειθ.»
630 4564 743 4618 Hoc
802 4561 1038 4635 quidem
1096 4561 1289 4633 palam
1348 4565 1406 4615 et
1462 4564 1659 4631 aperte
1716 4558 2029 4615 dicendum

2144 4562 2324 4638 ὥσπέρ
2354 4562 2453 4637 γὰρ
2497 4564 2524 4616 6
2573 4557 2775 4615 ὁδεύων
2821 4560 2910 4614 καὶ
2961 4559 3295 4616 κατευθύνων
3344 4563 3440 4630 τὴν
3496 4560 3640 4629 ὁδὸν,
3670 4562 3796 4640 φθά-

382 4658 472 4707 est
504 4669 516 4705 :
551 4650 781 4720 deinde,
808 4657 876 4704 ut
914 4650 1069 4720 quod
1107 4648 1403 4720 judicium
1453 4648 1511 4702 in
1561 4646 1705 4703 alios
1738 4648 2034 4719 quispiam

386 4740 626 4811 profert,
652 4737 911 4809 idipsum
943 4737 1001 4791 in
1034 4754 1158 4793 sese
1188 4736 1422 4808 dirigat,
1456 4752 1637 4808 seque
1668 4737 1791 4808 ipse
1822 4738 2036 4793 exami-

387 4834 531 4884 net:
565 4826 983 4898 corripiatque,
1015 4825 1064 4881 si
1112 4825 1426 4881 excesserit
1475 4826 1564 4881 ira
1596 4842 1608 4880 :
1652 4826 1938 4895 cohibeat,
1984 4826 2035 4883 si

385 4914 790 4973 vehementior
818 4915 992 4970 fuerit
1019 4915 1493 4986 concupiscentia
1527 4932 1539 4970 :
1572 4917 1801 4983 excitet,
1829 4917 1875 4971 si
1910 4917 2039 4971 dor-

389 5005 586 5061 mierit
641 5005 726 5059 vis
784 5003 1072 5060 ratiocinii
1128 5022 1194 5060 ;ι‹
1228 5007 1565 5077 Quousque,
1614 5005 1797 5075 aiens,
1852 5007 2034 5078 piger,

380 5095 546 5166 jaces
566 5095 625 5150 "?
644 5117 671 5144 ››
697 5094 778 5150 Ita
801 5095 957 5150 enim
980 5111 1041 5150 se
1062 5096 1224 5167 juste
1243 5110 1473 5165 gerens,
1497 5101 1923 5166 accusatorque
1945 5094 2038 5149 sui

387 5184 596 5252 factus,
622 5189 844 5240 rectum
875 5185 1169 5255 judicium
1213 5184 1367 5239 I20
1407 5184 1660 5254 proferre
1690 5185 1897 5250 discet,
1933 5199 2037 5239 nec

386 5272 586 5328 audiet
601 5273 673 5329 ab
692 5272 808 5329 alio
823 5290 870 5328 :«
890 5273 997 5338 Qui
1017 5272 1198 5329 alium
1218 5273 1412 5343 doces,
1428 5273 1683 5343 teipsum
1703 5289 1814 5327 non
1835 5271 2038 5327 doces?

384 5361 494 5426 Qui
535 5361 644 5430 ais,
676 5363 800 5418 Non
850 5362 1260 5431 mmchaberis,
1310 5361 1621 5418 mcecharis
1648 5363 1733 5417 ‘0?
1763 5385 1790 5411 »
1824 5361 2036 5425 Quem-

454 5578 477 5652 3
504 5578 668 5634 Prov.
700 5596 757 5646 ι,
786 5581 843 5635 5.
938 5582 961 5617 ³
988 5582 1153 5638 Prov.
1188 5599 1362 5652 xxvn,
1393 5585 1483 5640 25.

381 5647 403 5683 ⁸
434 5648 598 5705 Prov.
632 5666 785 5719 xxxv,
815 5654 1005 5707 23-25.
1085 5656 1106 5688 ⁹
1136 5653 1300 5710 Prov.
1334 5647 1409 5723 vi,
1441 5655 1494 5709 9.

1560 5585 1583 5618 ⁴
1612 5584 1778 5641 Prov.
1809 5600 1970 5650 ιιιιιιι,
2004 5585 2056 5638 1.

1575 5655 1620 5691 ¹⁰
1650 5655 1818 5711 Rom.
1853 5673 1915 5721 ιι,
1947 5657 2038 5717 21,
2070 5653 2159 5708 22.

2144 4672 2217 4705 νει
2269 4651 2343 4714 εἰς
2396 4650 2459 4704 τὸ
2507 4648 2684 4710 τέλος·
2740 4647 2910 4710 οὕτως
2963 4650 2991 4703 6
3038 4649 3374 4704 κατευθύνων
3427 4651 3667 4723 κρίματα
3725 4649 3807 4704 δί-

2143 4760 2296 4802 καιος
2328 4740 2693 4815 γνωσθήσετχε
2730 4737 2818 4792 καὶ
2850 4733 3038 4815 σοφός.
3073 4733 3391 4811 Παραϐολαὶ
3443 4736 3501 4794 δὲ
3551 4738 3805 4815 λέγονται

2147 4827 2332 4904 Λόγοι,
2365 4827 2543 4901 ὥσπερ
2577 4825 2778 4888 εἰκόνες
2821 4831 2926 4881 τῶν
2977 4827 3313 4902 λεγομὲνων.
3347 4829 3431 4900 Ἐξ
3481 4827 3655 4882 αὐτῶν
3704 4829 3805 4903 γὰρ

2148 4914 2235 4971 διὰ
2264 4918 2361 4984 τήν
2395 4915 2699 4987 ὁμοιότητα
2719 4915 2782 4968 τὸ
2808 4914 3105 4989 λεγόμενον
3134 4910 3627 4987 καταλαμϐάνεται.
3646 4916 3805 4972 Οὕτω

2147 5006 2250 5081 γὰρ
2310 5006 2337 5060 ὁ
2398 5003 2594 5077 Κύριος
2650 5001 2857 5077 ἔλεγεν,
2900 5004 2973 5063 ὡς
3030 5004 3057 5057 6
3115 5003 3336 5077 Μάρκος
3392 5002 3545 5078 φησί·
3601 5028 3627 5053 (ι
3684 5004 3803 5058 Τίνι

2148 5094 2409 5166 ὁμοιώσω
2439 5093 2536 5160 τὴν
2574 5091 2850 5168 βασιλεῗαν
2882 5096 2978 5146 τοῦ
3010 5095 3182 5159 Θεοῦ;
3215 5090 3250 5159 ἢ
3284 5089 3335 5144 ἐν
3383 5090 3513 5161 ποίᾳ
3560 5086 3799 5165 παραϐο-

2148 5181 2221 5255 λῇ
2282 5177 2687 5254 παραϐάλωμαι
2741 5178 2936 5249 οὖτηνς
2984 5204 3010 5231 ››
3069 5179 3141 5239 ὡς
3186 5181 3294 5233 τῶν
3347 5178 3483 5232 κατὶ
3531 5179 3793 5252 ὁμοίωσιν

2149 5270 2464 5346 λεγομένων
2514 5264 2838 5344 παραϐολῆς
2886 5263 3073 5337 οὔσης.
3111 5266 3206 5319 Καὶ
3251 5266 3355 5341 γὰρ
3403 5264 3601 5341 λέγων·
3636 5290 3657 5317 ο
3708 5271 3801 5327 Ὁ-

2152 5360 2282 5434 μοία
2339 5358 2478 5413 ἐστὶν
2510 5360 2545 5427 ἡ
2581 5354 2835 5432 βασιλεία
2864 5359 2959 5409 τοῦ
3009 5358 3166 5425 Θεοῦ,
3198 5377 3226 5406 ›)
3277 5353 3500 5431 ὕστερον
3550 5354 3794 5435 ἐπέφερε·

2669 5577 2690 5611 ⁸
2719 5575 2880 5631 Prov.
2916 5592 3067 5641 xxnv,
3097 5576 3187 5630 21.

2150 5582 2172 5617 ⁵
2202 5582 2366 5637 Prov.
2402 5596 2486 5647 ιιι,
2518 5579 2572 5633 9.
2669 5577 2690 5611 ⁸
2719 5576 2880 5631 Prov.
2916 5592 3067 5641 xxnv,
3097 5576 3187 5630 21.
3282 5576 3303 5610 ’³
3333 5576 3499 5631 Prov.
3531 5593 3673 5647 xxn,
3704 5577 3797 5632 24.
