4154 6380
331 400 448 458 345

1429 398 1807 459 SYNOPSIS
1855 396 2324 457 SCRIPTURE
2369 395 2662 457 SACiUE.

3631 397 3748 456 346

335 553 356 578 ι
395 530 492 582 Διὰ
521 531 685 580 τοῦτο
717 525 768 580 ἐν
805 520 1148 600 παραϐολαῖς
1177 525 1380 598 αὐτοῖς,
1413 523 1589 582 λαλῶ.
1625 548 1654 577 ››
1688 524 1835 582 Εῗσὶν
1896 523 1986 577 οὗν

2104 525 2422 580 admodum
2466 527 2623 582 enim
2656 529 2754 599 qui
2804 527 2916 582 iter
2962 527 3118 595 facit,
3163 528 3211 582 si
3245 537 3396 582 recta
3446 527 3750 601 gradiatur

326 621 571 670 τοιαῦται
633 616 686 668 αἱ
747 609 1080 689 παραϐολαί·
1115 639 1142 665 α
1185 615 1386 688 ⁹Ώσπερ
1446 611 1626 683 ἔξοδος
1687 612 1873 688 χιόνος
1935 610 1985 665 ἐν

329 708 527 778 ἀμητῷ
593 705 916 775 κατάκαυμα
975 701 1198 780 ὠφελεῖ,
1257 699 1432 764 οὕτως
1513 701 1744 777 ἄγγελος
1803 701 1988 760 πιστὸς

326 794 454 855 τοὺς
516 791 948 852 ἀποστείλαντας
1009 791 1189 846 αὐτόν·
1255 817 1281 843 ‹‹
1345 793 1432 846 καὶ
1491 791 1674 846 πάλιν·
1707 817 1733 842 ι(
1786 794 1987 862 Ὥσπερ

327 884 516 956 ἄνεμοι
545 881 633 936 καὶ
667 882 801 958 νέφη
833 882 923 935 καὶ
975 881 1138 951 ὑετοὶ,
1173 880 1345 942 οὕτως
1396 882 1445 934 οἳ
1494 881 1849 956 καυχώμενοι
1901 878 1992 933 ἐπὶ

327 970 471 1027 δόσει
501 969 708 1044 ψευδεῖ·
749 996 768 1024 ι
806 969 896 1024 καὶ
927 972 992 1024 τά
1023 970 1192 1041 ὅμοια
1247 970 1484 1031 τούτοις.
1516 972 1726 1040 Ῥήσεις
1787 967 1842 1023 δὲ
1900 990 1988 1022 σο-

327 1066 438 1139 φῶν
473 1061 574 1114 εἷ’σι
610 1058 768 1133 λόγοι
803 1057 864 1112 οὐ
918 1057 1321 1136 σεσοφισμένοι,
1357 1056 1481 1112 οὐδὲ
1539 1057 1590 1112 ἐν
1651 1063 1729 1130 τῷ
1781 1059 1990 1130 πιθανῷ

328 1151 660 1217 ἀπατῶντες,
693 1146 839 1203 ἀλλὰ
869 1142 1272 1221 ἡκριϐωμένοι·
1310 1147 1418 1222 οὐχ
1470 1149 1542 1209 ὡς
1582 1150 1716 1201 κατά
1756 1146 1990 1221 πρόστα-

340 1239 414 1308 ξιν
477 1236 532 1292 δὲ
581 1237 892 1313 λεγόμενοι,
926 1234 1052 1290 ἀλλ’
1085 1237 1157 1297 ὡς
1217 1238 1341 1311 παρ’
1400 1235 1574 1291 αὐτῶν
1636 1236 1986 1311 γνωσθέντες·

343 1329 430 1382 καὶ
492 1327 564 1387 ὡς
609 1325 900 1404 ἀποφάσεις
958 1325 1132 1378 αὐτῶν
1195 1325 1652 1402 προσφερόμενοι.
1687 1326 1809 1382 Οἴοί
1869 1325 1989 1394 εἰσι,

339 1441 364 1465 ‹‹
431 1413 664 1489 Καρδίας
729 1413 1180 1491 εὐφραινομὲντ,ς,
1230 1413 1521 1489 πρόσωπον
1584 1412 1796 1478 θάλλει·
1832 1414 1883 1469 ἐν
1935 1412 1993 1468 δὲ

340 1504 538 1564 λύπαις
598 1501 782 1572 οὔσης,
839 1504 1232 1577 σκυθρωπάζει·
1302 1527 1328 1554 ››
1386 1503 1497 1570 καὶ,
1533 1529 1559 1556 ››
1594 1501 1801 1578 Καρδία
1857 1503 1989 1579 ὀρθή

337 1597 492 1661 ζητεῖ
519 1591 789 1661 αἴσθησιν·
849 1590 1023 1663 στόμα
1086 1589 1142 1644 δὲ
1200 1589 1532 1645 ἀπαιδεύτων
1588 1597 1847 1666 γνώσεται
1895 1613 1989 1647 κα-

330 1681 417 1735 κά·
456 1707 483 1730 ›ο
514 1682 627 1746 καί,
661 1708 687 1731 ‹‹
751 1687 921 1742 Μῖσος
982 1680 1172 1756 ἐγείρει
1229 1687 1430 1743 νεῖκος·
1492 1683 1692 1743 πάντας
1750 1680 1805 1737 δὲ
1863 1683 1991 1745 τοὺς

336 1772 411 1843 μή
473 1769 918 1848 φιλονεικοῦντας
987 1769 1252 1824 καλύπτει
1315 1769 1489 1847 φιλία·
1559 1795 1579 1820 ι
1640 1771 1752 1842 καὶ,
1813 1796 1838 1823 ‹‹
1899 1774 1989 1833 Ὃς

2100 614 2210 684 via,
2245 615 2314 668 ad
2346 614 2523 670 ﬁnem
2566 616 2672 671 vita
2718 615 3015 688 pervenit;
3049 615 3155 684 sic,
3209 617 3307 686 qui
3344 621 3501 671 recta
3531 618 3749 687 profert

2092 701 2337 772 judicia,
2379 705 2582 774 justus
2629 708 2984 777 agnoscatur
3035 707 3091 759 et
3139 704 3396 776 sapiens,
3456 705 3746 760 Parabole

2100 799 2293 849 autem
2329 794 2609 850 dicuntur
2652 811 2974 865 sermones,
3008 795 3177 866 quasi
3209 794 3495 865 imagines
3543 811 3746 850 eorum

2102 899 2228 954 quaa
2260 883 2559 954 dicuntur,
2607 899 2673 938 ex
2731 883 2878 955 ipsis
2908 883 3064 938 enim
3123 898 3224 954 per
3270 883 3746 949 similitudinem,

2102 973 2257 1044 quod
2291 972 2524 1039 dicitur,
2547 971 2917 1044 intelligitur.
2954 972 3039 1027 Ita
3063 988 3317 1043 namque
3350 972 3656 1038 Dominus,
3688 977 3751 1027 ut

2102 1061 2184 1116 ait
2215 1061 2475 1131 Marcus,
2519 1061 2702 1116 dixit:
2737 1085 2756 1109 ιι
2794 1061 2893 1115 Cui
2947 1060 3287 1116 assimilabo
3321 1077 3562 1132 regnum
3598 1061 3751 1116 Dei?

2103 1155 2204 1204 aut
2233 1167 2350 1221 qua
2381 1149 2658 1221 parabola
2708 1151 3072 1204 adumbrabo
3098 1148 3242 1204 illud
3286 1153 3325 1185 “
3351 1149 3376 1202 ‘l
3410 1171 3437 1197 ››
3474 1149 3546 1204 Ut
3577 1151 3751 1204 nimi-

2103 1254 2235 1293 rum
2269 1238 2544 1310 parabola
2567 1240 2646 1293 sit
2668 1239 2737 1293 de
2760 1240 2936 1294 rebus
2966 1255 3066 1310 per
3089 1239 3536 1293 similitudinem
3559 1239 3750 1293 dictis.

2101 1332 2244 1382 Cum
2275 1327 2520 1382 dixisset
2566 1328 2722 1382 enim
2753 1347 2764 1382 :
2802 1349 2831 1376 «
2884 1328 3090 1383 Simile
3121 1333 3210 1382 est
3263 1344 3503 1399 regnum
3555 1328 3688 1383 Dei:
3723 1352 3750 1377 ››

2103 1417 2313 1472 deinde
2349 1417 2590 1472 intulit:
2627 1440 2654 1466 «
2689 1418 2822 1471 Ideo
2857 1419 2913 1471 in
2945 1416 3474 1488 parabolisloquor
3495 1416 3611 1471 illis
3634 1418 3698 1470 ¹².
3728 1440 3748 1466 ο

2103 1507 2453 1576 Hujusmodi
2485 1505 2684 1576 itaque
2729 1511 2869 1561 sunt
2898 1504 3225 1578 parabolis:
3258 1527 3286 1556 ‹‹
3327 1505 3490 1560 Sicut
3514 1506 3753 1561 emissio

2105 1595 2256 1650 nivis
2287 1595 2346 1650 in
2375 1611 2565 1650 messe
2606 1594 2814 1650 allevat
2861 1600 3094 1663 aestum,
3129 1594 3210 1649 sic
3265 1594 3514 1649 nuntius
3566 1593 3754 1649 ﬁdelis

2103 1685 2174 1738 iis
2206 1684 2306 1755 qui
2357 1683 2650 1738 miserunt
2698 1683 2863 1738 illum
2899 1684 2962 1738 ¹³.
3016 1704 3044 1732 ››
3102 1684 3168 1738 Et
3202 1699 3474 1739 rursum:
3511 1705 3540 1733 ‹‹
3592 1683 3755 1738 Sicut

2102 1774 2256 1827 venti
2278 1777 2335 1827 et
2367 1773 2553 1827 nubes
2574 1777 2632 1827 et
2652 1771 2879 1843 pluvia,
2915 1771 2998 1826 sic
3022 1772 3123 1843 qui
3154 1771 3482 1844 gloriantur
3511 1770 3570 1825 in
3603 1772 3754 1826 dono

325 1865 653 1936 καταφρονεῖ
682 1860 1028 1932 πράγματος,
1063 1862 1600 1936 καταφρονηθήσεται
1664 1861 1749 1914 ὑπ’
1803 1860 1987 1915 αὐτοῦ·

335 1949 346 1963 ο
405 1945 444 1963 ’κε
578 1942 607 1963 ρ
659 1947 670 1963 Ι
897 1947 910 1963 9
1019 1947 1036 1963 κ
1068 1949 1078 1963 ι
1215 1948 1236 1963 1·
1394 1949 1406 1963 σ
1520 1948 1531 1963 1
1729 1954 1800 1963 ...υ
1934 1950 1946 1963 I

2107 1860 2369 1916 mendaci
2396 1863 2459 1931 1⁸,
2497 1884 2516 1909 -
2571 1865 2628 1916 et
2661 1861 2754 1916 his
2803 1861 3041 1916 similia.
3096 1861 3258 1915 Dicta
3299 1877 3470 1933 porro
3519 1861 3750 1931 sapien-

328 1949 355 2001 6
402 1945 457 2001 δὲ
502 1942 844 2025 φοϐούμενος
893 1947 1142 2015 ἐντολὴν,
1177 1948 1334 2010 οὗτος
1389 1948 1633 2024 ὑγιαίνει,
1672 1974 1696 1997 ››
1729 1954 1841 2002 Τῶν
1893 1950 1986 2022 μὲν

330 2039 431 2112 γὰρ
465 2035 650 2091 ἄλλων
687 2036 988 2112 ἀνθρώπων
1032 2038 1082 2091 οἱ
1133 2036 1291 2111 λόγοι
1326 2038 1460 2092 κατά
1509 2038 1763 2092 πλεῖστον
1820 2038 1987 2116 ἀμφί-

331 2125 491 2180 ϐολοι
525 2127 890 2200 τυγχάνουσιν
923 2120 1089 2187 ὄντες·
1126 2128 1177 2180 οἱ
1211 2124 1267 2180 δὲ
1299 2131 1403 2180 τῶν
1461 2131 1665 2202 σοφῶν,
1699 2127 1808 2180 οἶοί
1857 2127 1986 2181 εἶσιν

332 2215 503 2283 οὗτοι,
537 2213 765 2284 ἀληθεῖς
798 2214 924 2284 εἰσι,
955 2215 1042 2269 καὶ
1074 2215 1410 2289 πανταχόθεν
1473 2211 1821 2291 ἧκρίϐωνται,
1854 2216 1992 2270 ὥστε

336 2301 474 2376 μηδὲ
505 2303 874 2379 ἀντιλέγεσθαι
932 2304 1148 2366 αὐτούς.
1185 2305 1281 2359 Καὶ
1317 2305 1368 2358 οἱ
1431 2305 1523 2376 μὲν
1576 2303 1741 2360 ἄλλοι
1792 2304 1993 2381 ἅνθρω-

331 2413 423 2446 ποι
458 2392 563 2446 ἀπὸ
594 2397 689 2446 τοῦ
719 2390 914 2454 τὲλους
939 2395 1035 2460 τῆς
1078 2393 1320 2469 πράξεως
1355 2393 1683 2469 γνωρίζουσι
1739 2395 1801 2448 τὸ
1849 2401 1986 2468 πρᾶ-

332 2503 467 2556 γμα,
501 2483 638 2536 οἷον·
675 2481 754 2536 ὅτι
805 2483 861 2533 Ὃ
914 2479 1096 2543 ἄδικος
1155 2481 1360 2557 φαῦλόν
1405 2482 1536 2553 ἔστι,
1569 2485 1659 2537 καὶ
1710 2485 1737 2536 6
1789 2485 1991 2559 μοιχὸς

331 2569 516 2624 κακόν·
549 2575 711 2624 τοῦτο
746 2567 802 2623 δὲ
833 2571 920 2624 καὶ
954 2571 1112 2624 παντί
1142 2593 1221 2644 τῳ
1254 2569 1425 2640 δῆλον
1462 2570 1519 2626 ἃν
1572 2570 1677 2642 εἶ¹η·
1715 2574 1766 2627 οἱ
1797 2570 1855 2626 δὲ
1903 2595 1991 2627 σο-

335 2660 425 2737 φοὶ
455 2661 550 2720 τὰς
602 2659 776 2734 ἀρχὰς
831 2664 939 2713 τῶν
995 2659 1235 2735 πράξεων
1292 2659 1642 2736 προλέγουσι,
1672 2662 1762 2716 καὶ
1813 2662 1993 2736 ὥσπερ

338 2743 590 2820 σύμϐολα
620 2753 726 2800 τῶν
757 2755 857 2817 τῆς
901 2753 1086 2824 ψυχῆς
1136 2749 1446 2822 κινημάτων
1494 2751 1989 2826 προαπαγγέλλου-

334 2857 435 2890 σιν·
482 2837 556 2890 'iv’
613 2833 857 2908 ἕκαστος,
909 2841 1189 2914 γινώσκων
1249 2839 1343 2901 τὰς
1403 2839 1576 2914 ἀρχὰς
1622 2844 1730 2893 τῶν
1791 2846 1993 2911 κακῶν,

337 2924 696 3003 φυλάττηται,
728 2926 816 2980 οἶά
858 2926 967 2981 ἐστι
1018 2927 1083 2982 τὰ
1126 2927 1519 3004 προειρημένα·
1556 2953 1583 2980 ‹‹
1635 2931 1808 2991 Μῖσος
1860 2929 1994 3006 ἐγεί-

346 3035 422 3090 ρει
478 3021 675 3077 νεῖκος·
731 3017 928 3077 πάντας
958 3014 1014 3070 δὲ
1041 3016 1167 3079 τοὺς
1221 3018 1296 3089 μὴ
1345 3017 1785 3094 φιλονεικοῦντας
1833 3018 1997 3074 καλύ-

346 3125 460 3158 πτει
517 3103 688 3182 φιλία.
731 3130 753 3156 ν
789 3107 843 3158 Ὁ
876 3107 979 3182 γὰρ
1039 3105 1251 3183 φίλερις
1309 3106 1414 3161 ἀπὸ
1477 3106 1665 3179 μίσους
1723 3104 1838 3182 ἔχει
1895 3110 1993 3177 τήν

341 3192 517 3268 ἀρχὴν
548 3200 646 3261 τῆς
674 3194 930 3264 τοιαύτης
961 3194 1165 3265 κακίας,
1197 3195 1286 3250 καὶ
1319 3196 1418 3249 οὐκ
1449 3193 1506 3249 ἄν
1568 3218 1648 3258 τις
1683 3194 1825 3251 εἷ’ποι
1867 3197 1994 3273 ἀγα-

2102 1952 2246 2007 tium
2283 1956 2441 2019 sunt,
2475 1967 2590 2005 non
2621 1951 2990 2021 sophismata
3038 1951 3370 2016 verborum,
3408 1965 3594 2020 neque
3627 1965 3750 2004 ser-

2100 2056 2304 2095 mones
2351 2039 2784 2112 probabilitatis
2835 2039 3025 2110 specie
3074 2038 3455 2111 decipientes,
3489 2039 3590 2092 sed
3633 2039 3754 2092 veri

2099 2135 2155 2184 et
2181 2129 2434 2184 accurati
2462 2146 2474 2182 :
2507 2145 2622 2183 non
2673 2127 2838 2198 quasi
2884 2128 3194 2198 cujusdam
3242 2126 3512 2197 jussione
3541 2125 3748 2195 habiti,

2101 2218 2201 2273 sed
2236 2233 2336 2290 per
2361 2234 2423 2272 se
2448 2216 2590 2287 noti,
2624 2221 2682 2271 et
2722 2216 2890 2286 quasi
2932 2215 3234 2272 sententiis
3284 2232 3484 2270 eorum
3519 2214 3748 2286 prolati.

2101 2308 2314 2374 Quales
2345 2315 2518 2361 sunt:
2560 2327 2587 2358 (ι
2615 2306 2798 2361 Corde
2851 2305 3104 2368 latante,
3136 2305 3304 2360 ﬂoret
3352 2304 3581 2359 vultus:
3614 2321 3747 2359 cum

2103 2403 2297 2452 autem
2331 2395 2390 2450 in
2442 2394 2681 2450 tristitia
2705 2400 2812 2462 est,
2864 2394 3215 2466 deprimitur
3248 2395 3308 2446 ιδ.
3348 2415 3374 2442 ››
3423 2393 3528 2448 Et:
3584 2414 3608 2445 α
3642 2395 3753 2449 Cor

2104 2489 2329 2542 rectum
2353 2485 2814 2557 quaeritsensum
2833 2502 2847 2551 ;
2863 2501 2928 2540 os
2941 2490 3136 2540 autem
3154 2483 3750 2554 indisciplinatorum,

2105 2579 2414 2647 cognoscet
2441 2573 2597 2629 mala
2620 2573 2682 2628 1°.
2719 2598 2740 2626 ι
2796 2574 2899 2628 Et:
2939 2595 2966 2623 ‹‹
3011 2573 3225 2628 Odium
3274 2573 3484 2628 excitat
3515 2577 3751 2627 conten-

2106 2663 2328 2719 tionem
2356 2679 2370 2718 :
2403 2679 2606 2718 omnes
2624 2666 2820 2718 autem
2843 2678 2941 2717 eos
2973 2661 3069 2732 qui
3099 2662 3444 2716 contentiosi
3475 2677 3588 2716 non
3613 2666 3754 2715 sunt

2106 2753 2362 2824 contegit
2387 2751 2647 2806 amicitia
2676 2753 2737 2804 ιτ.
2790 2751 2894 2806 Et:
2930 2774 2956 2799 ‹‹
3005 2750 3110 2814 Qui
3163 2751 3462 2824 negotium
3495 2754 3751 2805 contem-

2106 2841 2214 2908 nit,
2247 2844 2654 2895 contemnetur
2693 2840 2764 2895 ab
2798 2840 2924 2911 ipso
2951 2858 2963 2907 ;
2998 2838 3097 2910 qui
3125 2855 3259 2894 vero
3289 2840 3631 2894 mandatum
3661 2855 3751 2893 ve-

2107 2938 2290 2996 retur,
2319 2928 2416 2984 ille
2447 2946 2631 2984 sanus
2679 2933 2768 2984 est
2793 2930 2855 2982 ι.
2892 2951 2920 2977 ››
2972 2927 3227 2984 Aliorum
3274 2944 3530 3000 namque
3561 2927 3752 2982 hornis

2110 3038 2252 3076 num
2324 3036 2646 3088 sermones,
2709 3027 2771 3074 ut
2848 3019 3170 3092 plurimum
3251 3019 3512 3089 ambigui
3577 3025 3756 3083 sunt;

2108 3109 2464 3182 sapientium
2521 3125 2679 3176 vero,
2739 3110 2944 3180 quales
3002 3114 3140 3164 sunt
3189 3107 3308 3174 isti,
3369 3108 3485 3162 veri
3537 3113 3677 3162 sunt
3707 3112 3764 3161 ct

2110 3201 2266 3253 omni
2297 3215 2366 3253 ex
2396 3203 2559 3269 parte
2580 3198 2861 3264 accurati,
2887 3197 2967 3252 ita
2998 3202 3062 3252 ut
3083 3197 3326 3251 minime
3357 3196 3502 3267 ipsis
3529 3201 3759 3250 contra-

336 3285 436 3350 πᾷν
496 3281 586 3334 τὸν
657 3280 1091 3358 φιλονεικοῦντα.
1131 3281 1298 3338 Πάλιν
1330 3282 1386 3337 δὲ
1418 3283 1478 3336 ἐκ
1530 3288 1626 3338 τοῦ
1674 3284 1935 3354 ἐναντίου,
1970 3286 1992 3340 ὁ

2109 3290 2356 3343 ⁴Ιὶοειωικ
2390 3266 2456 3342 Et
2485 3286 2582 3342 alii
2614 3287 2854 3358 quidem
2880 3286 3150 3342 homines
3197 3303 3266 3340 ex
3287 3266 3401 3340 fine
3427 3285 3620 3356 operis
3642 3301 3762 3339 rem

342 3371 416 3441 μή
452 3370 777 3447 φιλονεικῶν
809 3371 1095 3447 γνώρισμα
1126 3372 1342 3446 ἀγάπης
1378 3370 1512 3448 ἔχει·
1549 3375 1636 3428 καὶ
1686 3374 1790 3428 οὐκ
1831 3374 1888 3428 ἄν
1916 3397 1998 3437 τις

339 3456 480 3513 εἷ’ποι
528 3459 838 3536 φιλόνεικον
888 3461 980 3514 τὸν
1031 3460 1343 3535 ἀγαπῶντα,
1396 3461 1470 3520 ὠς
1517 3461 1678 3516 πάλιν
1727 3462 1810 3517 τό·
1847 3489 1874 3515 ιι
1909 3465 1996 3520 Ἐν

347 3546 664 3620 ἐπιθυμίαις
724 3548 835 3602 ἐστὶ
892 3554 994 3611 πᾶς
1047 3549 1261 3624 ἀεργὸς,
1291 3551 1380 3604 καὶ
1449 3550 1714 3624 ὀξύθυμος
1774 3551 1997 3628 πράσσει

351 3638 486 3709 μετά
515 3631 804 3698 ἀϐουλίας.
846 3664 866 3689 ι
901 3643 1006 3692 Τοῦ
1039 3639 1140 3715 γὰρ
1172 3640 1370 3714 ἀεργοῦ
1403 3639 1637 3714 ἐσήμανε
1664 3642 1764 3710 τήν
1815 3644 1998 3718 ψυχὴν

348 3725 402 3780 ἐν
448 3726 643 3787 πάσαις
693 3725 1002 3796 ἐπιθυμίαις
1057 3723 1387 3803 βεϐυθίσθαι,
1439 3730 1528 3784 καὶ
1579 3731 1669 3784 τὸν
1734 3730 1996 3804 ὀξύθυμον

353 3815 496 3888 μηδὲ
530 3817 652 3890 μίαν
685 3814 886 3893 ἔχοντα
921 3817 1128 3894 βουλὴν
1183 3819 1348 3894 ὀρθὴν
1401 3817 1669 3890 ἐδήλωσε.
1703 3822 1802 3874 Καὶ
1851 3821 1997 3884 ὅλως

345 3905 496 3960 οὗτοι
525 3907 593 3960 τὰ
617 3907 780 3975 ἠθικά
816 3905 1029 3980 μᾶλλον
1061 3906 1488 3984 ἀπαγγέλλουσι,
1516 3911 1616 3979 τήν
1671 3910 1850 3985 ἀρχὴν
1897 3919 1997 3979 τῆς

342 3995 586 4066 πράξεως
638 3994 757 4059 ὅθεν
810 3996 1138 4069 συνίσταται,
1173 3997 1442 4073 Λὲγοντες,
1476 3997 1560 4053 ὅτι
1609 4006 1707 4067 τῆς
1767 4000 1861 4071 μὲν
1912 4021 1998 4077 φι-

345 4081 614 4145 λονεικίας
667 4090 992 4160 προηγεῖται
1059 4091 1238 4158 μῖσος·
1269 4091 1366 4141 τοῦ
1425 4084 1482 4141 δὲ
1543 4089 1619 4160 μή
1671 4085 1996 4162 φιλονεικεῖν

339 4178 669 4248 προηγεῖται
728 4174 935 4248 ἀγάπη·
971 4175 1058 4229 καὶ
1118 4178 1213 4243 τῆς
1277 4176 1370 4247 μὲν
1427 4175 1642 4252 ἀεργίας
1671 4182 2000 4250 προηγεῖται

339 4257 515 4330 ἡδονὴ
547 4268 710 4333 κακή·
771 4268 869 4318 τοῦ
929 4260 985 4318 δὲ
1045 4263 1316 4336 ὀξυθύμου
1366 4269 1685 4339 προηγεῖται
1745 4260 1994 4321 ἀϐουλία·

335 4350 553 4405 καὶτοῦ
588 4352 681 4424 μὲν
711 4351 1135 4425 ἐξουθενημένου
1175 4353 1322 4428 ἀρχή
1376 4353 1488 4408 ἐστι
1533 4355 1595 4409 τὸ
1646 4360 1995 4433 καταφρονεῖν

336 4439 498 4493 αὐτὸν
547 4445 646 4494 τοῦ
689 4440 881 4512 νόμου·
918 4450 1015 4510 τῆς
1064 4439 1120 4496 δὲ
1167 4441 1347 4517 ὑγείας
1396 4450 1716 4519 προηγεῖται
1748 4445 1776 4498 ὁ
1827 4439 1995 4522 φόϐος

338 4533 436 4582 τοῦ
494 4535 645 4583 Θεοῦ·
682 4529 771 4584 καὶ
832 4537 930 4599 τῆς
994 4531 1087 4603 μὲν
1150 4531 1421 4592 ἀπωλείας
1473 4540 1572 4601 τῆς
1619 4537 1802 4608 φυγῆς
1853 4534 1991 4588 ἐστιν

2111 3378 2428 3442 declarant,
2449 3375 2621 3447 quale
2650 3382 2738 3432 est
2764 3393 2777 3430 :
2817 3376 3058 3448 iniquus
3090 3392 3182 3430 res
3213 3380 3306 3430 εει
3329 3373 3502 3442 mala,
3540 3379 3594 3428 et
3620 3390 3764 3428 mce-

2110 3465 2257 3522 chus
2290 3483 2532 3538 pravum
2556 3465 2695 3536 quid
2720 3471 2831 3529 est,
2857 3465 3012 3536 quod
3045 3465 3228 3520 cuivis
3250 3463 3628 3518 manifestum
3653 3469 3759 3518 est.

2111 3557 2415 3627 Sapientes
2471 3561 2668 3610 autem
2730 3554 2966 3609 initium
3019 3569 3264 3624 operum
3326 3553 3674 3625 praedicunt,
3706 3557 3764 3607 et

2111 3645 2280 3716 quasi
2332 3643 2599 3716 symbols
2655 3643 2835 3698 animi
2887 3649 3157 3697 motuum
3221 3643 3648 3713 praenuntiant;
3698 3646 3762 3696 ut

2111 3733 2385 3805 quisque,
2416 3732 2632 3804 agnitis
2681 3731 2972 3786 malorum
3018 3731 3346 3802 principiis,
3398 3730 3510 3785 sibi
3543 3735 3762 3796 caveat,

2111 3822 2308 3894 qualia
2362 3826 2505 3876 sunt
2559 3822 2833 3892 superius
2892 3820 3088 3875 dicta:
3151 3843 3178 3870 ‹‹
3238 3819 3451 3874 Odium
3516 3820 3765 3874 suscitat

2111 3911 2563 3978 contentionem,
2603 3926 2808 3965 omnes
2839 3916 3037 3964 autem
3087 3909 3183 3979 qui
3217 3925 3332 3963 non
3377 3909 3762 3977 contendunt,

2059 4021 2066 4028 ·
2111 4004 2368 4075 contegit
2416 4002 2676 4056 amicitia
2703 4003 2760 4056 ’9.
2797 4025 2824 4051 ‹‹
2878 4000 3291 4056 Contentiosus
3340 3998 3496 4054 enim
3530 4014 3598 4052 ex
3627 3998 3760 4053 odio

2111 4089 2348 4145 malitiae
2401 4090 2580 4160 hujus
2638 4089 2993 4160 principium
3055 4088 3249 4152 habet,
3301 4103 3404 4142 nec
3461 4086 3757 4157 quispiam

2109 4178 2320 4235 dixerit
2349 4178 2776 4233 contentiosum
2822 4195 2882 4232 se
2929 4177 3188 4248 diligere.
3223 4178 3460 4243 Contra,
3492 4175 3593 4246 qui
3624 4191 3760 4229 con-

2107 4268 2395 4324 tentiosus
2448 4283 2563 4321 non
2621 4271 2731 4332 est,
2806 4266 3136 4320 dilectionis
3199 4264 3481 4320 indicium
3539 4263 3760 4320 habet:

2108 4374 2213 4413 nec
2245 4354 2672 4413 contentiosum
2701 4353 2997 4426 quispiam
3021 4353 3232 4407 dixerit
3251 4369 3387 4407 eum
3416 4353 3514 4423 qui
3545 4350 3762 4424 diligit,

2109 4455 2174 4502 ut
2211 4462 2445 4501 rursum
2477 4444 2729 4499 dicitur:
2765 4466 2792 4493 «
2828 4446 2891 4497 In
2923 4441 3416 4514 concupiscentiis
3448 4445 3537 4496 est
3568 4443 3762 4498 omnis

2106 4535 2416 4602 otiosus,et
2444 4534 2765 4589 iracundus
2787 4533 3012 4603 absque
3041 4529 3284 4586 consilio
3311 4530 3432 4602 agit
3449 4531 3513 4584 ³ο.
3549 4552 3578 4579 »
3609 4531 3757 4587 Nam

339 4617 487 4692 ἀρχὴ
520 4618 583 4671 τὸ
614 4618 923 4695 ἀφύλακτον
977 4619 1123 4693 ἔχειν
1172 4621 1234 4674 τὸ
1277 4619 1468 4694 στόμα·
1502 4627 1598 4675 τοῦ
1630 4621 1686 4676 δὲ
1716 4623 1992 4677 πτοεῖσθαί

2106 4623 2276 4680 otiosi
2327 4623 2584 4678 animam
2647 4623 2942 4694 signiﬁcat
2997 4619 3056 4674 in
3116 4618 3392 4675 omnibus
3453 4620 3758 4690 concupis-

333 4727 454 4760 τινα
483 4713 805 4781 προηγεῖται
839 4711 871 4778 ἡ
911 4708 1220 4782 προπὲτεια.
1256 4709 1410 4763 Οὕτω
1461 4709 1517 4764 δὲ
1568 4710 1795 4780 ἑκάστην
1839 4711 1991 4788 ῥῆσιν

335 4793 608 4866 ἀναλύων,
641 4797 889 4869 εὑρήσεις
953 4796 1246 4872 εἰρημένην
1301 4797 1387 4852 καί
1446 4799 1833 4874 γεγραμμένην
1864 4801 1995 4876 ὑπὲρ

333 4889 431 4937 τοῦ
460 4884 587 4946 τοὺς
621 4885 915 4947 ἀκούοντας
973 4887 1060 4940 καὶ
1111 4888 1472 4958 μανθάνοντας
1515 4888 1609 4949 τάς
1670 4889 1842 4964 ἀρχάς
1887 4894 1993 4943 τῶν

337 4978 514 5026 κακῶν
548 4974 636 5026 καί
665 4979 773 5028 τῶν
803 4975 1036 5050 ἀγαθῶν,
1071 4974 1279 5052 φεύγειν
1327 4977 1420 5046 μὲν
1469 4977 1535 5030 τὰ
1593 4976 1796 5053 φαῦλα,
1827 4976 1993 5045 πράτ-

337 5082 445 5115 τειν
481 5059 536 5116 δὲ
567 5063 634 5116 τὰ
665 5063 854 5138 ἀγαθά.
894 5063 1198 5138 Αἰνίγματα
1246 5061 1304 5118 δὲ
1350 5065 1439 5118 καὶ
1498 5065 1766 5120 σκοτεινοὶ
1809 5065 1994 5141 λόγοι,

340 5147 532 5211 οἵτινες
565 5149 822 5228 ἀσφαλεῖς
856 5153 950 5222 μὲν
985 5151 1156 5214 οὕτως
1204 5152 1356 5216 εἰσὶν,
1393 5152 1530 5207 ὥστε
1581 5155 1729 5224 ἀνιᾷν
1779 5154 1869 5208 τὸν
1915 5153 1994 5209 ἐν-

337 5240 676 5314 τυγχάνοντα
704 5245 784 5311 τῷ
819 5238 984 5311 μηδὲν
1046 5239 1342 5316 ἐμφαίνειν,
1381 5239 1522 5313 μηδέ
1571 5263 1690 5296 τινα
1740 5242 1992 5298 ὑπόνοιαν

338 5326 617 5402 παρεχειν·
683 5327 1039 5400 ἐρευνώμενοι
1103 5329 1157 5382 οὲ
1217 5329 1368 5401 ὅμως
1449 5327 1750 5384 δεικνύουσι
1802 5333 1891 5386 τὸν
1943 5331 1994 5386 ἐν

334 5413 520 5476 αὐτοῖς
552 5421 698 5472 νοῦν.
733 5416 854 5473 Oiei
897 5416 1020 5470 εἰσι·
1062 5439 1083 5467 ι
1119 5421 1192 5490 Τῇ
1255 5416 1458 5492 βδέλλῃ
1513 5425 1658 5494 τρεῖς
1718 5421 1998 5497 θυνατὲρες

418 5631 456 5666 ¹¹
490 5631 665 5687 Marc.
700 5648 776 5698 Iv,
835 5633 925 5687 30.

1005 5635 1058 5705 ε’,
1105 5633 1314 5690 Matth.
1347 5654 1470 5705 xm,
1531 5639 1620 5693 13.

339 5702 387 5737 ¹⁷
423 5700 584 5757 Prov.
615 5721 672 5773 κ,
706 5705 790 5758 12.

871 5704 912 5738 ³⁸
945 5703 1088 5758 ibid.
1125 5706 1210 5760 13.
1291 5709 1331 5741 ¹⁹
1361 5703 1503 5764 ibid.
1546 5712 1626 5764 12.

1700 5638 1745 5672 ¹⁸
1777 5641 1941 5692 Prov.
1995 5654 2123 5705 xxv,
2186 5636 2273 5691 13.

1706 5709 1752 5743 ²⁰
1781 5709 1946 5763 Prov.
1978 5725 2095 5776 xxv,
2135 5709 2222 5762 17.

2107 4713 2316 4769 centiis
2378 4729 2507 4768 esse
2565 4711 2932 4779 demersam;
2993 4716 3050 4765 et
3107 4710 3480 4776 iracundum,
3528 4708 3758 4764 nullum

2107 4809 2332 4858 rectum
2363 4801 2580 4856 habere
2613 4800 2922 4855 consilium
2957 4797 3234 4854 ostendit.
3270 4798 3338 4853 Hi
3360 4797 3559 4868 itaque
3590 4796 3761 4868 plane

2108 4907 2300 4946 mores
2331 4889 2651 4954 declarant,
2685 4893 2742 4943 et
2784 4888 3032 4943 actionis
3084 4886 3441 4958 principium
3480 4887 3635 4941 unde
3666 4903 3760 4940 or-

2107 4979 2320 5043 diatur,
2399 4979 2536 5032 dum
2617 4977 2805 5044 aiunt,
2884 4976 3082 5031 odium
3165 4977 3488 5047 praecedere
3560 4974 3755 5029 rixas:

2107 5068 2452 5123 charitatem
2479 5083 2606 5122 esse
2630 5064 2986 5136 principium
3011 5073 3068 5120 et
3097 5081 3338 5119 causam
3365 5080 3484 5134 qua
3502 5061 3762 5116 vitantur

2108 5156 2546 5212 contentiones:
2607 5155 2722 5209 otio
2797 5153 3000 5223 praeire
3066 5169 3306 5223 pravam
3383 5150 3760 5221 voluptatem,

2109 5245 2390 5302 iracundo
2424 5243 2625 5315 praeire
2645 5242 2873 5298 consilii
2900 5241 3161 5313 inopiam
3195 5257 3208 5294 :
3235 5244 3294 5293 et
3321 5255 3559 5293 causam
3583 5254 3762 5309 quare

2108 5335 2243 5406 quis
2272 5333 2649 5403 despiciatur,
2675 5347 2804 5386 esse
2836 5333 3235 5399 contemptum
3267 5327 3412 5397 legis
3439 5342 3452 5382 :
3487 5329 3638 5398 quod
3672 5344 3762 5381 sa~

2107 5423 2350 5478 nitatem
2376 5421 2665 5492 praecedat
2687 5420 2866 5474 timor
2886 5418 2986 5472 Dei
3012 5435 3026 5471 :
3053 5418 3192 5471 item
3223 5415 3378 5486 quod
3407 5415 3756 5488 principium

3395 5633 3438 5668 ιθ
3492 5629 3637 5686 ibid.
3670 5625 3756 5678 14.

2354 5635 2399 5669 ¹⁴
2428 5633 2573 5689 ibid.
2629 5633 2714 5686 14.
2798 5629 2842 5664 1⁸
2900 5628 3066 5682 Prov.
3100 5648 3194 5700 xv,
3228 5633 3315 5688 13.
