4154 6396
349 356 465 417 347

1532 366 1595 428 S.
1646 369 2174 434 ATHANASIUS.
2192 402 2271 416 ο·-
2307 371 2567 434 DUBIA.

3642 378 3764 439 348

350 490 693 561 perditionis
750 495 956 553 anime
1013 497 1114 566 sit,
1174 513 1289 555 non
1346 500 1642 559 custodire
1692 519 1759 558 os
1789 518 1988 569 suum,

2114 502 2237 571 ἦσαν
2270 503 2534 578 ἀγαπήσει
2593 503 2970 579 ἆγαπώμεναι·
3002 503 3095 561 καὶ
3147 507 3203 561 αἱ
3259 511 3407 584 τρεῖς
3459 527 3639 577 αυται,
3669 508 3760 564 καὶ

350 579 506 649 quod
537 582 741 637 terrori
774 590 987 655 praeest
1036 588 1352 644 temeritas.
1377 589 1435 644 Si
1458 606 1525 646 eo
1558 591 1729 647 modo
1761 591 1996 664 singula

350 665 505 723 dicta
533 672 900 742 expenderis,
935 675 1337 747 deprehendes
1367 694 1436 735 ea
1461 678 1589 735 ideo
1619 696 1749 737 esse
1778 681 1997 752 scripta

349 759 525 828 atque
585 759 828 831 prolata,
862 768 926 817 ut
982 763 1082 835 qui
1117 765 1408 822 audierint
1465 767 1757 825 malorum
1807 770 1997 825 bono-

349 862 600 917 rumque
658 850 948 922 principia
1016 854 1228 921 edocti,
1304 874 1479 927 prava
1539 857 1783 930 fugiant,
1845 860 1996 917 bona

348 940 682 1007 operentur.
715 938 1047 1012 zEnigmata
1097 959 1268 1014 porro
1298 949 1357 1001 et
1405 946 1639 1002 obscuri
1670 962 1994 1016 sermones,

349 1024 434 1079 ita
463 1032 628 1082 caute
658 1031 797 1083 sunt
839 1030 1053 1100 posita,
1088 1036 1151 1089 ut
1200 1049 1332 1089 eum
1366 1034 1465 1105 qui
1515 1034 1721 1107 legerit
1748 1053 1997 1094 marors

350 1113 629 1182 afficiant,
690 1117 845 1188 quod
904 1118 1049 1174 nihil
1108 1122 1310 1177 statim
1368 1122 1699 1190 exhibeant,
1764 1124 1994 1182 nullum

351 1218 590 1259 sensum
621 1205 1028 1264 subindicent:
1052 1214 1309 1266 attamen
1332 1212 1471 1267 dum
1500 1219 1767 1269 accurate
1790 1231 2001 1287 expen-

352 1291 590 1363 duntur,
622 1310 789 1350 suam
842 1299 1195 1355 sententiam
1248 1300 1529 1357 indicant.
1578 1302 1785 1367 Qualia
1812 1309 1994 1361 sunt:

352 1402 381 1430 «
413 1380 792 1455 Sanguisugss
820 1389 939 1442 tres
980 1392 1149 1445 erant
1193 1388 1324 1445 ﬁliae
1368 1391 1686 1450 admodum
1734 1392 1994 1450 dilectu:

2106 593 2139 659 ἡ
2170 592 2398 667 τετάρτη
2462 590 2560 646 οὐκ
2611 592 2846 669 ἠρκέσθη
2905 594 3098 659 εἰπεῖν,
3130 595 3355 651 Ἱκανόν.
3417 593 3614 669 ’ᾼδης,
3665 595 3759 651 καὶ

2107 677 2244 755 ἔρως
2287 681 2563 755 γυναικὸς,
2595 682 2683 736 καὶ
2731 684 3016 759 τάρταρος,
3047 684 3136 739 καὶ
3196 691 3267 759 γῆ
3329 683 3430 739 οὐκ
3476 684 3755 757 ἐμπιπλα-

2109 766 2241 841 μένη
2278 766 2493 841 ὕδατος,
2525 771 2615 825 καὶ
2647 768 2815 847 ὕδωρ,
2845 772 2934 826 καὶ
2966 770 3094 849 πῦρ,
3130 772 3192 827 ού
3226 775 3302 845 μή
3354 770 3600 844 εἷ’πωσιν,
3635 775 3759 851 Ἀρ-

2104 862 2207 912 κεῖ’
2248 882 2276 909 ››
2315 859 2403 913 καὶ
2460 858 2648 914 πάλιν·
2688 885 2709 911 s
2745 862 2875 936 Τρία
2931 858 2987 916 δέ
3036 860 3175 915 ἐστιν
3210 859 3443 916 ἀδύνατά
3475 883 3567 936 μοι
3623 866 3755 932 νοῆ-

2106 968 2215 1011 σαι,
2272 948 2361 1002 καὶ
2417 948 2481 1003 τὸ
2536 948 2786 1024 τέταρτον
2841 949 2943 1004 οὐκ
2996 949 3353 1026 ἐπιγινώσκω⁸
3409 948 3537 1027 ἴχνη
3598 953 3757 1007 ἀετοῦ

2104 1035 2427 1109 πετομένου,
2459 1038 2548 1091 καὶ
2580 1036 2740 1100 ὁδοὺς
2781 1034 2956 1117 ὄφεως
3004 1037 3091 1094 ἐπὶ
3141 1039 3361 1114 πέτρας,
3392 1041 3481 1095 καὶ
3536 1034 3756 1116 τρίϐους

2105 1126 2237 1197 νηὸς
2268 1126 2737 1203 ποντοπορούσης,
2769 1129 2858 1183 καὶ
2889 1126 3048 1183 ὁδοὺς
3092 1125 3287 1205 ἀνδρὸς
3345 1129 3398 1184 ἐν
3452 1129 3691 1199 νεότητι.
3726 1153 3754 1181 ιε
3832 1134 3842 1142 ’

2105 1214 2195 1270 καὶ
2227 1212 2324 1269 Sci
2345 1217 2571 1270 τοιαῦτά
2599 1215 2737 1271 ἐστιν
2779 1216 3088 1292 αἰνίγματα’
3123 1214 3278 1293 ἕτερα
3333 1217 3435 1293 γάρ
3485 1238 3605 1273 τινα
3655 1215 3754 1287 δη-

2108 1302 2219 1373 λοῖ,
2251 1304 2341 1358 καὶ
2402 1304 2597 1381 ὶτὲρων
2652 1301 2855 1361 ἔννοιαν
2916 1306 3230 1379 παρίστησιυ
3271 1306 3360 1361 καὶ
3420 1308 3599 1384 ἀσαφῆ
3660 1307 3756 1380 μὶν

2108 1391 2241 1461 ἔστι,
2272 1396 2652 1468 κεκρυμμένον
2682 1392 2739 1450 δὲ
2768 1393 2885 1471 ἔχει
2914 1398 3006 1451 τὸν
3046 1400 3198 1453 νοῦν.

350 1473 407 1524 et
436 1469 523 1525 bas
573 1474 714 1543 tres,
746 1477 803 1528 et
860 1481 1071 1545 quarta
1100 1494 1212 1534 non
1272 1478 1496 1548 dicunt,
1532 1481 1685 1537 Satis
1742 1487 1851 1538 est.
1902 1484 2193 1555 Infernus,
2251 1490 2309 1540 et
2338 1502 2505 1542 amor
2562 1469 2849 1551 mulieris,
2908 1494 2966 1542 et
3018 1492 3297 1558 tartarus,
3330 1491 3389 1542 et
3442 1491 3600 1542 terra
3626 1502 3758 1557 quae

351 1575 468 1613 non
499 1566 794 1618 saturatur
849 1580 1023 1636 aqua,
1056 1568 1113 1623 et
1166 1584 1344 1639 aqua,
1375 1572 1434 1624 et
1462 1568 1637 1639 ignis,
1694 1588 1997 1643 nunquam
2054 1573 2278 1641 dicunt,
2310 1575 2464 1631 Satis
2519 1581 2609 1631 est
2635 1578 2701 1630 ¹¹.
2736 1597 2764 1626 »
2818 1577 2887 1631 Et
2934 1577 3187 1632 iterum:
3249 1576 3384 1631 Tria
3439 1579 3599 1641 sunt,
3631 1591 3759 1646 qua:

352 1646 647 1705 intellectu
704 1651 853 1708 mihi
883 1662 1019 1709 sunt
1075 1655 1484 1727 impossibilia,
1541 1663 1601 1716 et
1655 1664 1932 1732 quartum
1959 1678 2074 1717 non
2122 1679 2449 1735 cognosco:
2496 1665 2739 1737 vestigia
2797 1665 3005 1737 aquilas
3040 1663 3331 1732 volantis,
3391 1668 3448 1719 et
3478 1664 3602 1719 vias
3633 1679 3758 1718 ser-

348 1737 544 1807 pentis
600 1756 782 1811 supra
836 1746 1086 1813 petram,
1144 1750 1203 1802 et
1258 1747 1381 1803 vias
1435 1747 1495 1802 in
1554 1749 1700 1804 mari
1759 1748 1978 1820 euntis,
2036 1754 2094 1805 et
2150 1751 2273 1806 vias
2331 1753 2477 1809 l2]
2543 1753 2651 1807 viri
2707 1753 2764 1808 in
2823 1752 3216 1808 adolescentia
3263 1753 3328 1821 “,
3389 1772 3419 1801 υ
3480 1754 3539 1807 et
3596 1766 3753 1822 qua-

348 1842 580 1898 cunque
610 1828 900 1899 ejusmodi
955 1836 1096 1889 sunt
1149 1834 1498 1908 enigmata:
1538 1836 1654 1892 alia
1708 1853 1964 1909 namque
1989 1839 2191 1894 statim
2252 1839 2533 1911 indicant,
2566 1839 2745 1897 aliam
2798 1845 2995 1896 tamen
3027 1841 3379 1897 sententiam
3438 1838 3748 1895 exhibent:

348 1919 406 1970 et
434 1915 684 1974 obscura
712 1918 951 1989 quidem
983 1926 1144 1987 sunt,
1175 1924 1587 1982 absconditum
1617 1943 1752 1983 vero
1783 1943 2023 1983 sensum
2056 1926 2276 1983 habent

845 2010 1007 2066 Liber
1031 2012 1133 2083 XV,
1163 2012 1523 2071 Ecclesiastes.

420 2095 511 2151 23.
545 2096 613 2152 Et
643 2095 802 2155 hunc
848 2098 1064 2156 librum
1108 2102 1347 2175 scripsit
1395 2103 1693 2175 Salomon,
1721 2108 1785 2161 ut
1815 2121 1995 2176 supra

353 2183 576 2242 dictum
607 2190 719 2243 est.
752 2187 977 2245 Dicitur
1026 2196 1222 2247 autem
1272 2192 1670 2261 Ecclesiastes,
1715 2195 1994 2266 quoniam

351 2273 435 2330 ita
460 2274 619 2331 hunc
640 2277 964 2334 nominavit
985 2285 1189 2336 auctor
1206 2282 1352 2353 ipse,
1372 2282 1473 2354 qui
1495 2283 1732 2355 scripsit
1752 2284 1809 2338 in
1835 2285 1996 2356 prin-

352 2363 503 2436 cipio
525 2364 713 2437 ipsius
743 2367 944 2424 dicens
970 2384 983 2424 :
1018 2391 1046 2419 «
1082 2369 1264 2426 Verba
1292 2371 1652 2428 Ecclesiastes
1683 2371 1787 2427 filii
1824 2373 1994 2430 Davi-

352 2451 444 2509 dis
475 2454 629 2527 regis
660 2454 837 2511 Israel
866 2456 925 2512 in
971 2457 1299 2515 Jerusalem
1326 2476 1339 2515 :
1371 2461 1612 2517 Vanitas
1643 2462 1994 2528 vanitatum,

354 2541 501 2597 dixit
531 2543 928 2604 Ecclesiastes.
967 2569 995 2597 »
1039 2547 1232 2605 Variis
1276 2564 1413 2606 vero
1460 2551 1800 2607 nominibus
1828 2568 1997 2607 voca-

352 2634 450 2687 tus
480 2635 572 2687 est
600 2631 873 2691 Salomon
900 2651 913 2690 :
947 2636 1359 2709 Sapisns,quia
1388 2640 1686 2712 sapientiai
1709 2645 1999 2712 particeps

355 2718 501 2787 fuit;
534 2720 817 2787 Prudens,
844 2737 911 2780 eo
959 2726 1110 2794 quod
1140 2727 1404 2783 veritatis
1453 2729 1509 2784 in
1561 2729 1689 2801 ipso
1720 2730 1831 2786 fuit
1860 2747 1998 2802 pru-

351 2807 587 2876 dentia;
616 2810 851 2883 Doctus,
893 2814 1170 2885 quoniam
1215 2833 1408 2873 veram
1442 2836 1476 2874 a
1506 2820 1747 2875 Domino
1777 2820 1998 2876 doctri-

354 2913 490 2954 nam
551 2900 777 2958 habuit.
831 2901 1207 2960 Ecclesiastes
1260 2922 1392 2963 vero
1423 2912 1663 2964 vocatus
1717 2912 1826 2979 est,
1857 2910 2000 2981 quia

351 2988 423 3047 ad
456 2990 738 3062 populum
774 2992 897 3065 ipse
928 2995 1329 3065 concinnatus,
1354 3001 1411 3053 et
1432 3015 1561 3070 quas
1593 2996 1837 3070 spiritus
1859 3007 1999 3058 sunt

351 3077 583 3138 locutus
613 3085 796 3139 est.ln
830 3083 939 3140 hoc
970 3089 1165 3141 autem
1196 3086 1345 3144 libro
1377 3088 1447 3143 de
1478 3089 1735 3145 naturali
1768 3090 1996 3147 theoria

351 3172 818 3246 philosophatur.
853 3175 1139 3240 Quoniam
1173 3178 1327 3233 enim
1346 3178 1595 3251 Egyptii
1626 3181 1698 3236 de
1727 3180 1829 3237 illa
1858 3198 1996 3239 suas

345 3263 469 3333 jam
500 3261 798 3319 habebant
820 3263 1289 3335 imaginationes,
1321 3271 1380 3322 et
1402 3267 1581 3323 Graeci
1613 3267 1773 3324 hisce
1803 3271 1874 3324 de
1905 3287 1996 3326 re-

352 3350 465 3405 bus
497 3350 816 3406 fabulaturi
838 3357 1043 3408 erant:
1079 3356 1153 3409 ob
1173 3370 1301 3410 eam
1329 3356 1454 3427 ipse
1474 3373 1711 3414 causam
1735 3357 1996 3430 impulsu

351 3438 603 3510 Spiritus
625 3440 812 3495 sancti
845 3457 965 3508 eos,
999 3442 1095 3512 qui
1121 3443 1190 3499 de
1221 3444 1354 3500 istis
1378 3444 1674 3516 inquirere
1699 3448 1996 3502 conaban-

357 3531 473 3593 tur,
506 3528 842 3598 compescit,
892 3530 1132 3599 dicens;
1169 3554 1196 3582 ‹‹
1226 3549 1341 3588 non
1375 3535 1585 3604 poterit
1630 3537 1805 3591 homo
1844 3537 2002 3593 inve-

359 3616 482 3672 nire
503 3618 835 3688 opus,quod
865 3620 975 3674 sub
1008 3619 1128 3675 sole
1151 3621 1364 3677 factum
1393 3628 1483 3678 est
1508 3639 1520 3676 :
1555 3624 1822 3693 quamvis
1852 3641 2002 3692 quan-

359 3706 540 3761 rendo
581 3706 877 3777 fatigetur,
927 3725 1042 3764 non
1093 3708 1345 3765 inveniet
1366 3712 1432 3765 9'.
1470 3737 1490 3763 ιι
1546 3712 1797 3768 Damnat
1827 3714 2002 3769 etiam

358 3794 757 3867 Egyptiorum
837 3797 1178 3870 religionem
1248 3800 1403 3856 circa
1457 3801 1876 3858 divinationem
1935 3818 2001 3857 ex

360 3883 619 3939 hominis
649 3886 971 3955 nativitate,
996 3887 1232 3944 dicens:
1269 3911 1297 3939 ‹‹
1329 3890 1436 3953 Qui
1466 3892 1735 3947 observat
1764 3896 2004 3947 ventum

359 3988 473 4029 non
507 3977 681 4043 seret,
731 3978 790 4029 et
820 3976 921 4046 qui
971 3975 1181 4047 aspicit
1210 3978 1277 4032 ad
1331 3979 1518 4035 nubes
1567 3997 1679 4035 non
1714 3984 1912 4045 metet,
1950 3981 2005 4035 in

360 4063 576 4134 quibus
606 4066 844 4135 agnosci
893 4080 1007 4120 non
1066 4070 1280 4137 potest,
1311 4085 1437 4140 quis
1491 4069 1570 4125 sit
1618 4070 1709 4125 vis
1740 4070 2003 4142 spiritus.

360 4151 526 4207 Sicut
555 4168 690 4207 ossa
710 4151 767 4207 in
801 4164 996 4209 ventre
1029 4159 1258 4211 uterum
1292 4159 1601 4230 gestantis,
1636 4159 1716 4214 ita
1766 4174 1879 4214 non
1911 4176 2007 4214 co-

360 4246 602 4313 gnoscet
632 4257 807 4313 opera
827 4242 949 4310 Dei,
985 4260 1370 4316 quacumque
1396 4247 1566 4302 faciet
1594 4248 1867 4303 universa
1886 4249 1954 4303 ³⁸.
1978 4268 2006 4299 ιι

362 4330 581 4386 Deinde
613 4336 670 4387 et
699 4332 768 4386 de
800 4332 1166 4404 singulorum
1197 4335 1425 4391 theoria
1454 4342 1734 4401 tractans,
1771 4338 2010 4399 fatetur.

363 4422 517 4494 quod
549 4422 619 4477 de
651 4421 870 4478 talibus
889 4440 1035 4480 vane
1055 4430 1413 4495 quaerantur,
1447 4431 1504 4480 et
1532 4428 1684 4495 quod
1718 4427 2009 4495 ejusmodi

364 4511 510 4566 nihil
542 4512 771 4584 pariant
816 4512 1000 4579 aliud,
1046 4530 1223 4586 quam
1284 4514 1564 4569 laborem.
1599 4515 1724 4569 Non
1756 4531 1911 4570 enim
1945 4529 2013 4569 ex

364 4598 598 4656 illorum
633 4601 985 4672 cognitione,
1019 4602 1118 4657 sed
1166 4619 1235 4657 ex
1264 4602 1381 4656 vita
1427 4609 1482 4656 et
1517 4603 1747 4657 actibus
1776 4604 2014 4674 sapiens

364 4693 422 4745 et
442 4690 645 4760 justus
667 4689 858 4760 quivis
879 4691 1313 4762 comprobatur.
1351 4690 1499 4746 Dicit
1524 4690 1807 4762 namquid
1832 4708 1845 4743 :
1874 4712 1901 4741 «
1924 4692 2016 4745 Et-

2028 2018 2076 2083 B

2516 2012 2736 2072 Βιϐλίον
2772 2019 2850 2085 ιε’,
2885 2016 3334 2088 Ἐκκλησιαστής.

2176 2107 2264 2163 23.
2297 2106 2399 2162 Καὶ
2444 2111 2608 2162 τοῦτο
2641 2104 2912 2180 Σολομὼν
2965 2103 3168 2181 ἔγραψε
3210 2106 3275 2161 τὸ
3311 2100 3551 2181 βιϐλίον,
3579 2104 3748 2159 καθά-

2104 2215 2205 2270 περ
2262 2194 2605 2268 προείρηται.
2657 2195 2882 2269 Λέγεται
2941 2193 3000 2250 δὲ
3055 2195 3510 2265 Ἐκκλησιαστής,
3562 2190 3749 2261 ἐπειδή

2106 2286 2277 2346 οὕτως
2333 2285 2612 2358 ὠνόμασεν
2684 2285 2841 2348 αὐτὸς
2901 2286 2929 2340 ὁ
2980 2286 3211 2361 γράψας,
3265 2286 3432 2340 εἰπὼν
3480 2283 3532 2340 ἐν
3580 2284 3751 2360 ἀρχῇδ

2107 2399 2135 2427 ‹‹
2161 2377 2404 2447 Ῥήματα
2429 2374 2856 2445 Ἐκκλησιαστοῦ
2886 2376 3006 2430 υἱοῦ
3037 2370 3202 2430 Δαϐὶδ
3237 2373 3504 2451 βασιλέως
3536 2371 3758 2450 Ἰσραὴλ

2106 2464 2158 2520 ἐν
2233 2462 2613 2539 Ἰερουσαλήμ’
2672 2464 2984 2533 Ματαιότης
3066 2466 3468 2537 ματαιοτήτων,
3529 2462 3675 2518 εἶπεν
3728 2462 3758 2516 ὁ

2106 2554 2556 2625 Ἐκκλησιαστής.
2592 2577 2620 2607 ››
2652 2553 2926 2616 Ποικίλως
2960 2551 3008 2608 δ’
3056 2556 3114 2608 ἂν
3163 2551 3371 2624 ἐκλήθη
3404 2554 3432 2607 ὁ
3466 2551 3759 2625 Σολομὼν.

2108 2644 2271 2721 σοφὸς
2335 2643 2449 2717 μὲν,
2508 2641 2590 2698 ὅτι
2648 2642 2834 2721 σοφίας
2916 2641 3163 2719 μετέσχε·
3225 2642 3489 2719 φρόνιμος
3551 2639 3628 2712 δὶ,
3678 2639 3763 2695 ὅτι

2107 2731 2368 2810 φρόνησις
2428 2732 2682 2802 ἀληθείας
2739 2735 2803 2801 ἦν
2860 2730 2912 2786 ἰν
2968 2730 3136 2804 αὐτῷ·
3193 2730 3624 2803 πεπαιδευμένος
3674 2728 3755 2799 δὶ,

2107 2820 2189 2877 ὅτι
2259 2822 2357 2889 τήν
2439 2820 2702 2891 ἀληθινὴν
2783 2818 3028 2876 παιδείαν
3096 2820 3243 2896 παρὰ
3319 2820 3514 2894 Κυρίου
3585 2818 3759 2894 εἶχεν.

2108 2910 2351 2981 Ἐκλήθη
2412 2909 2503 2965 οὖν
2558 2910 3014 2981 Ἐκκλησιαστὴς,
3067 2909 3149 2964 ὅτι
3206 2908 3366 2972 αὐτὸς
3414 2907 3759 2979 ἐξεκλησίαζε

2104 2999 2232 3062 τοὺς
2264 2999 2422 3069 λαοῦ,
2452 3001 2540 3054 καὶ
2586 2997 2772 3055 ἐλάλει
2814 2999 2880 3053 τὰ
2925 3003 3024 3053 τοῦ
3072 2998 3398 3071 πνεύματος.
3442 2999 3528 3054 Ἐν
3576 2995 3758 3069 τούτῳ

2108 3087 2164 3147 δὲ
2191 3094 2270 3160 τῷ
2300 3083 2502 3164 βιϐλίῳ
2550 3089 2673 3163 περὶ
2721 3094 2820 3157 τῆς
2868 3095 3100 3165 φυσικῆς
3156 3087 3382 3161 θεωρίας
3442 3084 3758 3165 φιλοσοφῶν

2107 3177 2369 3255 φαίνεται.
2431 3174 2652 3244 Ἐπειδὴ
2716 3176 2819 3251 γὰρ
2880 3175 3168 3253 Αἰγύπτιοι
3226 3177 3324 3248 μὲν
3380 3176 3759 3254 ἐφαντάζοντο,

2107 3264 2377 3336 Ἕλληνες
2431 3263 2488 3320 δὲ
2545 3261 2781 3338 ἔμελλον
2837 3265 2959 3341 περὶ
3012 3264 3220 3321 τούτων
3284 3265 3631 3341 μυθολογεῖν·
3677 3261 3767 3319 διὰ

2109 3359 2271 3411 τοῦτο
2325 3354 2502 3423 οὗτος,
2536 3353 2810 3428 Πνεύματι
2861 3355 2999 3431 ἁγίῳ
3056 3354 3403 3429 κινούμενος,
3452 3354 3610 3409 παύει
3672 3354 3767 3426 μὲν

2110 3444 2236 3505 τοὺς
2312 3442 2724 3519 ἐπιχειροῦντας
2805 3443 2929 3519 περὶ
2996 3443 3205 3499 τούτων
3263 3448 3469 3514 ζητεῖν,
3528 3441 3769 3521 φάσκων·

2120 3554 2139 3585 ιι
2175 3532 2248 3587 Ού
2280 3529 2563 3603 δυνήσεται
2625 3528 2907 3608 ἅνθρωπος
2963 3536 3060 3586 τοῦ
3118 3532 3291 3607 εὑρεῖν
3339 3531 3403 3586 τὸ
3450 3530 3666 3603 ποίημα
3708 3531 3770 3586 τὸ

2113 3620 2484 3694 πεποιημένον
2522 3621 2623 3675 ὑπὸ
2653 3620 2743 3675 τὸν
2771 3620 2952 3689 ἤΛιον·
2990 3619 3087 3674 ὅσα
3138 3619 3197 3675 ἂν
3251 3621 3510 3695 μοχθήσῃ
3567 3620 3771 3695 ἄνθρωα-

2113 3731 2214 3774 πος
2262 3713 2361 3764 τοῦ
2424 3716 2674 3780 ζητῆσαι,
2734 3709 2825 3763 καὶ
2883 3709 2990 3784 οὐχ
3048 3710 3283 3783 εὑρήσειν
3316 3730 3342 3761 s
3380 3703 3666 3762 διαϐάλλει
3712 3705 3769 3763 δὲ

2113 3801 2203 3856 καὶ
2246 3800 2345 3867 τήν
2392 3798 2700 3873 Αἰγυπτίων
2753 3799 2875 3874 περὶ
2935 3797 3378 3874 γενεθλιαλογίας
3429 3796 3638 3867 νόησιν,
3680 3796 3766 3852 λέ-

2113 3907 2245 3963 γων·
2287 3910 2313 3947 s
2341 3892 2530 3963 Τηρῶν
2569 3888 2764 3959 ἄνεμον
2813 3885 2875 3941 ού
2925 3892 3129 3962 σπερεῖ,
3174 3886 3265 3941 καὶ
3307 3883 3526 3962 βλέπων
3570 3884 3622 3939 ἐν
3650 3889 3768 3946 ταῖς

2115 3975 2366 4054 νεφέλαις
2412 3976 2473 4030 ού
2522 3976 2742 4052 θερίσει,
2773 3974 2825 4030 ἐν
2875 3978 2958 4037 οἷς
3010 3976 3110 4030 οὐκ
3156 3972 3265 4030 ἔστι
3312 3975 3618 4051 γινώσκων,
3650 3974 3701 4028 τί
3731 3976 3766 4043 ἡ

2119 4063 2243 4126 ὁδὸς
2270 4070 2367 4121 τοῦ
2395 4065 2724 4137 πνεύματος.
2757 4067 2845 4127 Ὡς
2882 4065 3012 4119 ὀστᾶ
3041 4064 3092 4119 ἐν
3125 4064 3316 4141 γαστρὶ
3364 4062 3768 4141 κυοφορούσης,

2120 4153 2292 4216 οὕτως
2325 4153 2387 4208 ού
2417 4154 2602 4228 γνώσῃ
2628 4153 2694 4208 τὰ
2722 4155 3011 4226 ποιήματα
3058 4157 3153 4208 τοῦ
3211 4157 3366 4225 Θεοῦ,
3400 4151 3499 4206 ὅσα
3552 4153 3771 4220 ποιήσει

2118 4242 2185 4297 τὰ
2230 4243 2533 4315 σύμπαντα.
2573 4265 2600 4292 υ
2634 4242 2761 4297 Εἶτα
2809 4242 2899 4297 καὶ
2948 4240 3071 4315 περὶ
3115 4242 3212 4308 τήν
3266 4241 3493 4317 Θεωρίαν
3548 4242 3773 4297 ἱκάοτου

2120 4331 2441 4406 γιγνόμενος
2502 4327 2758 4397 συνεῖδεν,
2794 4329 2875 4385 ὅτι
2939 4333 3113 4403 μάτην
3159 4329 3273 4384 ἐστι
3330 4329 3454 4405 περὶ
3510 4329 3773 4384 τοιούτων

2124 4424 2326 4490 ζητεῖν,
2353 4419 2443 4475 καὶ
2505 4418 2667 4491 μόνον
2717 4420 2785 4473 τὰ
2823 4423 3047 4473 τοιαῦτα
3098 4418 3305 4493 μόχθον
3353 4421 3529 4494 γεννᾷ.
3562 4417 3634 4470 Οὐ
3673 4415 3772 4491 γὰρ

2120 4507 2228 4562 ἀπὸ
2256 4511 2352 4561 τοῦ
2381 4507 2663 4582 γινώσκειν
2707 4507 2775 4561 τὰ
2819 4511 3064 4575 τοιαῦτα,
3098 4506 3224 4562 ἀλλ’
3253 4507 3358 4561 ἀπὸ
3403 4510 3502 4562 τοῦ
3547 4524 3773 4577 πρακτι-

2123 4600 2220 4651 κοῦ
2252 4595 2371 4671 βίου
2405 4597 2431 4649 ὁ
2464 4596 2627 4673 σοφὸς
2676 4595 2767 4649 καὶ
2817 4593 3025 4658 δίκαιος
3075 4596 3403 4652 συνίσταται.
3438 4596 3594 4669 Λάγει
3645 4595 3770 4669 γάρ’

2130 4710 2150 4735 s
2190 4692 2285 4741 Και
2318 4706 2381 4759 γε
2411 4683 2509 4739 ὅσα
2539 4684 2624 4739 ἐὰν
2659 4681 2782 4759 εἴπῃ
2814 4685 2978 4758 σοφὸς
3025 4689 3123 4740 τοῦ
3170 4689 3396 4759 γνῶναι,
3431 4684 3492 4738 ού
3546 4681 3768 4754 δυνήσε-

365 4777 520 4832 enim
552 4793 937 4850 quaecumque
967 4778 1117 4835 scire
1166 4795 1229 4834 se
1260 4779 1470 4834 dixerit
1510 4779 1769 4851 sapiens,
1798 4796 1867 4835 ea
1897 4796 2002 4835 non

2122 4794 2208 4828 ται
2263 4778 2360 4828 τοῦ
2419 4774 2611 4850 εὑρεῖν·
2646 4777 2763 4827 Ὅτι
2825 4774 3040 4847 σύμπαν
3098 4778 3259 4828 τοῦτο
3310 4770 3487 4829 ἔδωκα
3536 4774 3607 4835 εἷς
3642 4791 3773 4847 καρ-

366 4866 578 4937 pcterit
609 4866 886 4922 invenire.
919 4867 1203 4931 Quoniam
1237 4873 1425 4923 totum
1466 4867 1819 4947 hoc‘tradidi
1852 4868 2012 4924 cordi

368 4958 577 5024 meo,et
609 4959 800 5010 totum
832 4954 941 5011 hoc
989 4956 1132 5011 vidit
1162 4957 1359 5011 anima
1409 4973 1557 5021 mea,
1597 4959 1749 5028 quod
1777 4956 1924 5027 justi
1956 4960 2014 5012 et

363 5044 684 5115 sapientes,
716 5049 773 5100 et
802 5059 979 5116 Opera
1007 5061 1209 5100 eorum
1268 5051 1403 5100 sunt
1435 5046 1494 5099 in
1546 5061 1725 5101 manu
1763 5046 1856 5100 Dei
1880 5045 1945 5100 ³⁸.
1983 5066 2011 5095 »

363 5132 534 5189 Recte
564 5132 745 5207 igitur
770 5132 975 5188 talium
1035 5150 1230 5189 rerum
1284 5133 1725 5205 inquisitionem
1777 5139 2013 5206 praeter-

361 5237 622 5292 gressus,
656 5222 789 5278 etin
814 5222 1265 5295 contemplanda
1288 5223 1623 5278 mortalium
1649 5222 1850 5295 politia
1873 5238 2011 5277 con-

363 5310 627 5380 stitutus,
660 5328 793 5367 cum
826 5311 1045 5368 multos
1089 5317 1147 5367 et
1198 5312 1388 5366 varios
1434 5312 1655 5367 videret
1700 5312 2012 5369 hominum

363 5415 557 5462 casus,
589 5400 906 5469 concludit,
940 5401 1095 5471 quod
1136 5400 1498 5471 providentia
1527 5402 2016 5455 administrentur

363 5488 583 5554 omnia,
632 5488 871 5545 dicens:
933 5489 1209 5544 «Cursus
1270 5506 1383 5544 non
1433 5495 1523 5544 est
1566 5491 1874 5560 velocium,
1908 5505 2014 5543 nec

363 5700 452 5756 17.

2125 4860 2241 4917 δίαν
2296 4884 2422 4931 μου,
2455 4864 2543 4919 καὶ
2592 4866 2745 4939 ψυχή
2799 4885 2902 4935 μου
2953 4862 3167 4936 σύμπαν
3228 4860 3335 4917 εἶδε
3387 4867 3572 4931 τοῦτο,
3605 4863 3678 4923 ὡς
3722 4862 3773 4915 οἱ

2123 4950 2320 5007 δίκαιοι
2377 4953 2466 5007 καὶ
2521 4954 2572 5006 οἱ
2632 4953 2790 5030 σοφοὶ
2839 4954 2929 5006 καὶ
2976 4953 3030 5007 αἱ
3062 4951 3301 5027 ἐργασίαι
3336 4951 3510 5005 αὐτῶν
3543 4950 3595 5004 ἐν
3628 4968 3775 5024 χειρι

2123 5045 2275 5097 Θεοῦ.
2313 5066 2339 5094 ››
2373 5041 2615 5103 Είκότως
2657 5042 2834 5095 τοίνυν
2897 5040 3011 5115 αερὶ
3058 5044 3164 5095 τῶν
3225 5040 3487 5094 τοιούτων
3552 5040 3775 5107 ζήτησιν

2124 5124 2332 5197 διαϐὰς,
2364 5130 2454 5184 καὶ
2513 5131 2636 5205 περὶ
2694 5130 2794 5198 κήν
2852 5128 3189 5204 ἀνθρωπίνην
3245 5126 3523 5183 πολιτείαν
3556 5146 3776 5202 καταγιο

2120 5218 2404 5294 γνόμενος,
2437 5221 2576 5293 ὁρῶν
2608 5240 2667 5273 τε
2693 5215 2880 5273 πολλὰ
2913 5216 3004 5271 καὶ
3053 5215 3279 5271 ποικίλα
3323 5218 3389 5269 τὰ
3436 5220 3543 5269 τῶν
3577 5216 3780 5291 ἀνθρώ-

2122 5329 2238 5362 πων
2273 5308 2674 5379 συμπτώματα,
2715 5307 3041 5375 συνίστησιν,
3074 5303 3157 5359 ὅτι
3207 5306 3437 5379 προνοίᾳ
3485 5305 3552 5359 τὰ
3608 5306 3783 5360 πάντα

2125 5394 2431 5463 διοικεῖται,
2465 5395 2661 5469 λέγων·
2702 5420 2720 5445 ι
2759 5395 2836 5453 Οὐ
2867 5400 2983 5457 τοῖς
3014 5393 3239 5471 κούφοις
3272 5396 3299 5449 ὁ
3332 5391 3559 5468 δρόμος,
3588 5395 3677 5449 καὶ
3719 5394 3780 5449 ού

2121 5490 2235 5545 τοῖς
2264 5490 2503 5545 συνετοῖς
2534 5482 2826 5558 [δυνατοῖς]
2857 5486 2885 5539 ὁ
2917 5483 3184 5557 πόλεμος,
3215 5483 3303 5537 καί
3332 5505 3395 5558 γε
3424 5484 3486 5538 οὐ
3517 5490 3596 5556 τῷ
3628 5487 3779 5561 σοφῷ

431 5629 476 5664 υ
533 5629 698 5684 Prov.
754 5646 884 5698 xxx,
942 5633 1031 5700 15,
1093 5633 1180 5686 16.
1258 5631 1305 5665 ²²
1361 5630 1504 5688 ibid.
1565 5634 1654 5700 18,
1714 5632 1801 5688 19.
1878 5631 1926 5668 ³³
1979 5630 2002 5686 Ε

2117 5645 2167 5685 e.
2227 5644 2349 5696 vm,
2410 5630 2496 5686 17.
2573 5630 2619 5665 ²⁴
2680 5627 2861 5685 Eccle.
2922 5644 3002 5702 χι,
3061 5629 3113 5701 4,
3172 5630 3225 5684 5.
3303 5630 3350 5665 ³⁸
3406 5627 3591 5685 Eccle.
3642 5647 3768 5702 vni,
