4154 6394
360 412 479 474 349

1463 421 1839 483 SYNOPSIS
1887 417 2356 483 SCRIPTUIME
2401 416 2698 477 SACRIE.

3670 405 3790 467 350

357 545 386 598 ὁ
416 545 600 618 ἄρτος,
634 545 724 598 καί
754 566 818 620 γε
849 546 911 600 οὐ
940 552 1055 609 τοῖς
1083 554 1320 611 συνετοῖς
1351 552 1378 605 6
1409 549 1670 625 πλοῦτος,
1702 551 1790 607 καί
1838 573 1900 628 γε
1953 550 2014 604 οὖ

2136 549 2347 606 bellum
2381 546 2782 622 prudentium,
2817 560 2923 599 nec
2953 542 3236 614 sapientis
3267 541 3456 613 panis,
3489 557 3597 595 nec
3646 557 3786 611 pru-

355 639 470 695 τοῖς
520 634 879 708 γινώσκουσιν
911 637 945 705 ἡ
985 639 1168 712 χάρις’
1201 638 1282 692 ὅτι
1329 641 1514 714 καιρὸς
1573 663 1660 696 και
1721 642 2015 712 ἀπάντημα

357 724 738 792 συναντήσεται
791 728 907 785 τοῖς
958 730 1118 778 πᾶσιν
1168 727 1374 789 αὐτοῖς,
1408 731 1492 783 Ἐν
1547 731 1704 784 παντὶ
1763 732 1862 805 γάρ
1904 729 2012 782 ἐστι

361 810 615 886 βασιλεὺς
645 816 743 866 τοῦ
774 813 942 888 ἀγροῦ
975 815 1354 890 εἰργασμένου.
1391 819 1486 872 Καὶ
1537 820 1638 893 γὰρ
1692 817 1867 880 οὐδεὶς
1917 817 2014 872 κύ-

358 900 470 975 ριός
519 921 684 978 φησιν
737 900 787 955 ἐν
840 903 1054 964 τούτοις
1101 908 1200 973 τῆς
1255 907 1444 961 ἑαυτοῦ
1498 907 1723 982 βουλῆς.
1761 910 1885 965 ’Ότι
1935 906 2013 968 τίς

356 988 662 1064 ἅνθρωπος,
694 991 753 1050 ὃς
788 989 1132 1046 ἐπελεύσεται
1194 993 1368 1048 ὀπίσω
1410 1003 1510 1064 τῆς
1554 995 1760 1070 βουλῆς
1807 995 1873 1050 τά
1922 995 2018 1049 ὅσα

356 1076 604 1147 ἐποίησεν
666 1078 875 1149 adﬂixi;
925 1080 1015 1133 καὶ
1061 1081 1141 1135 δτι
1193 1081 1346 1137 οὐδὲν
1416 1083 1582 1139 πλέον
1635 1084 1917 1160 ἅνθρωπος
1968 1084 2018 1138 ἐν

358 1171 434 1238 τῷ
492 1167 597 1242 βίῳ
641 1167 823 1240 τούτῳ
875 1168 1267 1238 ἑξουσιάσαιτο,
1321 1173 1356 1240 ἢ
1406 1179 1503 1227 τοῦ
1561 1180 1735 1228 ποιεῖν
1780 1175 2016 1249 πονηρὸν

362 1254 451 1307 καὶ
481 1255 690 1330 ἀγαθὸν,
721 1257 807 1311 καὶ
861 1258 1171 1328 ἑτοιμάζειν
1233 1259 1308 1321 εἰς
1366 1262 1464 1329 τήν
1520 1259 1704 1332 ἔξοδον
1764 1265 1832 1317 τὰ
1890 1260 2021 1336 ἔργα

367 1341 549 1400 αὐτοῦ.
583 1345 678 1398 Καὶ
705 1347 804 1420 γὰρ
840 1347 925 1399 καὶ
959 1347 987 1400 ὃ
1019 1348 1244 1422 φάγεται
1289 1352 1378 1403 καὶ
1429 1351 1630 1419 πίεται,
1664 1356 1823 1406 τοῦτο
1877 1348 2022 1422 δόμα

365 1436 503 1485 Θεοῦ
559 1431 901 1490 ἐστιν.“Οθεν
963 1431 1068 1489 εἴτε
1130 1438 1353 1507 ζήτησίς
1406 1439 1516 1492 ἐστι
1573 1442 1696 1513 περῖ
1752 1445 1868 1508 τοῦ,
1904 1445 2018 1501 πῶς

359 1521 545 1594 γέγονε
600 1522 667 1575 τὰ
723 1523 1038 1600 φαινόμενα,
1100 1524 1206 1579 εἶ’τε
1262 1528 1452 1596 κτῆσίς
1515 1529 1625 1582 ἐστι
1687 1531 2017 1605 χρημάτων,

358 1607 465 1662 εἴτε
509 1611 686 1686 τρυφὴ
732 1612 1066 1686 περιουσίας,
1119 1614 1292 1670 πάντα
1334 1622 1499 1671 ταῦτα
1561 1618 1858 1690 ματαιότης
1921 1640 2021 1690 μα-

352 1700 656 1768 ταιοτήτων
698 1699 829 1768 tati,
862 1702 951 1755 καὶ
1003 1702 1168 1758 πλέον
1219 1701 1371 1760 οὐδὲν
1416 1708 1449 1776 ἢ
1483 1707 1760 1783 περισσεία
1813 1707 2024 1782 βουλῆς

357 1787 448 1840 καὶ
506 1788 877 1862 προαιρέσεως
954 1791 1309 1869 ἑπιχήρησις.
1372 1821 1399 1846 ›ι
1461 1798 1543 1851 Ἐν
1601 1794 1658 1850 δὲ
1715 1802 1791 1868 τῷ
1846 1796 2022 1870 λέγειν

355 1880 522 1931 ταῦτα
565 1878 924 1949 ματαιότητα,
959 1881 1205 1959 ἐμφαίνει
1254 1889 1360 1937 τῶν
1411 1883 1728 1956 μελλόντων
1777 1887 1838 1940 τὸ
1884 1885 2020 1940 αἰώ-

359 1986 494 2022 νιον.
522 1967 615 2020 Διὸ
645 1967 735 2021 καὶ
796 1969 965 2022 πάντα
1026 1967 1284 2047 ὑπερϐὰς,
1316 1980 1570 2048 παραινεῖ
1625 1980 1730 2029 τῶν
1787 1975 2019 2029 αἰωνίων

369 2055 757 2126 μνημονεύειν,
784 2057 874 2110 καὶ
927 2055 1120 2113 εἶδεναι
1175 2059 1332 2122 τέλος
1394 2061 1601 2116 ἔσεσθαι
1660 2069 1756 2118 τοῦ
1812 2064 2024 2136 κόσμοα

356 2142 574 2216 τούτου,
620 2143 670 2197 ἐν
722 2149 802 2216 τῷ
857 2145 1058 2221 λέγειν,
1112 2149 1298 2226 ἀργεῖν
1353 2152 1449 2214 τὰς
1506 2151 1840 2223 ἀληθούσας,
1889 2181 1914 2203 α
1967 2152 2018 2211 ἐν

358 2229 538 2308 ἡμέρᾳ
691 2233 750 2288 ἂν
808 2233 1106 2299 σαλευθῶσι
1186 2237 1422 2315 φύλακες
1499 2247 1599 2309 τῆς
1676 2242 1872 2314 οἰκίας,
1929 2236 2018 2296 καὶ

359 2317 757 2397 διαστραφῶσιν
808 2321 998 2399 ἄνδρες
1044 2333 1146 2395 τῆς
1211 2324 1515 2400 δυνάμεως,
1549 2331 1636 2384 καὶ
1684 2329 1931 2406 ἤργησαν
1966 2332 2019 2385 αἱ

356 2407 680 2479 ἀλήθουσαι.
729 2434 757 2462 υ
817 2413 919 2467 Καὶ
976 2415 1042 2467 τὰ
1102 2415 1237 2488 μετὰ
1283 2417 1345 2471 τὸ
1402 2417 1562 2480 τέλος
1619 2417 1675 2473 δὲ
1732 2419 2016 2497 ἐξηγεῖται·

360 2519 387 2546 (ι
417 2500 534 2553 Ὅτι
594 2498 808 2572 σύμπαν
855 2501 918 2554 τὸ
967 2502 1183 2576 ποίημα
1234 2506 1261 2559 6
1311 2508 1440 2568 Θεὸς
1487 2507 1595 2578 ἄξει
1648 2508 1699 2562 ἐν
1744 2510 1918 2585 κρίσει
1966 2509 2015 2563 ἐν

357 2588 517 2642 παντὶ
569 2589 997 2665 παρεωραμένῳ,
1033 2593 1120 2646 ἐὰν
1173 2595 1388 2669 ἀγαθὸν,
1424 2596 1515 2650 καὶ
1568 2597 1653 2652 ἐὰν
1700 2599 1958 2668 πονηρόν.
1988 2624 2015 2651 ››

359 2683 452 2731 Ἐκ
501 2675 568 2746 δὴ
611 2679 817 2734 τούτων
871 2679 1158 2752 δείκνυσιν,
1193 2682 1273 2737 ὅτι
1318 2685 1452 2760 ἅπερ
1504 2682 1677 2761 ἔλεγε,
1711 2713 1739 2740 ‹‹
1781 2689 2020 2744 Ματαιό-

519 2771 920 2856 ματαιοτήτων,
977 2795 1002 2820 ››
1053 2771 1113 2824 οὐ
1159 2775 1258 2841 τήν
1315 2773 1486 2827 κτίσιν
1546 2771 1859 2831 διαϐάλλων
1892 2775 2019 2856 ἔφη,

361 2853 486 2910 ἀλλ’
517 2854 620 2930 ὅτι,
652 2858 720 2910 τὰ
749 2857 938 2911 αἰώνια
976 2863 1215 2935 θεωρῶν,
1250 2856 1402 2938 ἔλεγε
1451 2864 1550 2932 τὴν
1599 2868 1704 2917 τῶν
1757 2853 2020 2940 προσκαί-

365 2963 470 3018 ρων
500 2943 786 3021 ἐπιθυμίαν
842 2947 974 3001 εἶναι
1028 2949 1382 3020 ματαιότητα.
1419 2951 1519 3005 Καὶ
1564 2951 1740 3028 κρίσιν
1798 2952 1855 3008 δὲ
1905 2952 2022 3009 δια-

368 3029 652 3105 διδάσκων,
702 3034 951 3108 σημαίνει
1002 3038 1101 3106 τὴν
1151 3037 1432 3094 ἀνάστασιν
1493 3046 1598 3096 τῶν
1657 3048 1880 3118 νεκρῶν,
1931 3042 2022 3099 καί

367 3125 473 3176 τῶν
517 3123 760 3197 πράξεων
814 3124 1190 3184 ἀνταπόδοσιν.
1240 3135 1465 3185 Ἔπειτα
1523 3129 1721 3208 λέγων,
1757 3159 1783 3185 ‹‹
1815 3136 2024 3210 ’Ἡργη-

368 3231 458 3265 σαν
493 3213 548 3266 αἱ
577 3211 900 3285 ἀλήθουσαι,
942 3242 960 3264 ιι
1000 3213 1234 3271 δείκνυσι
1266 3218 1430 3273 πάλιν
1483 3222 1557 3291 μὴ
1609 3221 1742 3276 εἶναι
1795 3225 2023 3295 ματαίαν

364 3300 531 3368 αὐτὴν
561 3302 659 3369 τὴν
692 3301 887 3373 κτίσιν,
929 3302 1074 3359 ἀλλὰ
1101 3305 1193 3360 καὶ
1229 3306 1440 3378 μᾶλλον
1494 3306 1819 3366 διδάσκαλον
1865 3318 2025 3367 πᾶσιν

364 3389 529 3456 αὐτὴν
585 3387 744 3444 οὖσαν
805 3391 881 3452 εἰς
931 3389 1223 3450 εὐσέϐειαν.
1257 3395 1318 3449 Ἡ
1365 3398 1465 3472 γὰρ
1517 3399 1664 3468 τάξις
1713 3401 1881 3470 αὐτῆς
1935 3401 2024 3456 καὶ

366 3479 400 3544 ἡ
443 3474 800 3551 διακόσμησις
847 3478 1104 3554 διήγησίς
1157 3482 1268 3538 ἐστι
1328 3485 1448 3559 περὶ
1508 3492 1603 3540 τοῦ
1657 3489 2025 3558 πεποιηκότος

366 3565 453 3620 καί
507 3566 788 3629 κτίσαντος
844 3567 1033 3637 αὐτὴν,
1077 3569 1128 3624 ἐν
1259 3573 1349 3626 καὶ
1400 3575 1450 3627 οἱ
1499 3583 1776 3652 προφῆται
1832 3579 1920 3632 καὶ
1975 3579 2027 3632 οἱ

366 3654 764 3731 εὖαγγελισταὶ,
799 3658 888 3712 καὶ
921 3659 971 3712 οἱ
1000 3656 1317 3714 διδάσκαλοί
1367 3661 1520 3731 εἶσιν,
1554 3663 1736 3741 ὥσπερ
1787 3665 2026 3738 ἀλήθον-

366 3764 452 3804 τες
483 3745 693 3819 ἑκάστῳ
720 3748 929 3824 τροφὴν
981 3747 1068 3802 διὰ
1118 3756 1218 3818 τῆς
1262 3747 1610 3814 διδασκαλίας
1657 3756 1756 3823 τὴν
1817 3756 1892 3819 εἷς
1942 3757 2026 3810 εὐ-

369 3829 576 3888 σέϐειαν
626 3839 847 3909 γνῶσιψ
886 3834 1076 3898 θ’ίτινες
1123 3837 1418 3909 ἀλήθοντες
1481 3841 1780 3916 ἀργήσουσι
1831 3845 2024 3901 λοιπὸν

368 3921 420 3975 ἐν
450 3922 519 3996 τῇ
550 3923 846 3996 συντελείᾳ.
881 3924 994 3982 Οὐκ
1025 3924 1100 3980 ἔτι
1155 3928 1257 4003 γὰρ
1307 3929 1382 3990 ὡς
1432 3928 1730 4000 ἀλήθοντες
1782 3931 2026 4004 διδάξου-

373 4031 454 4100 σιν
513 4010 843 4082 αὖτοῖ,ὰλλ’
901 4013 959 4068 ἐκ
1016 4020 1122 4068 τῶν
1183 4017 1425 4092 πράξεων
1489 4018 1716 4074 ἑκάστου
1851 4026 2027 4100 κρίσις

373 4097 602 4172 γίνεται.
1417 4106 1419 4108 ’

766 4186 992 4246 Βιϐλίον
1025 4198 1102 4254 ις¹⁴
1141 4195 1326 4266 ’ᾼσμα
1358 4194 1636 4267 ᾀσμάτων.

438 4279 528 4333 24.
560 4274 664 4332 Τοῦ
699 4277 1065 4352 Σολομῶντός
1098 4282 1211 4337 ἐστι
1241 4283 1328 4337 καὶ
1360 4289 1520 4338 τοῦτο
1559 4285 1620 4339 τὸ
1655 4280 1870 4362 βιϐλίον
1907 4308 2032 4362 συγ-

366 4369 569 4446 γραφὴ,
601 4369 740 4432 καθὰ
792 4369 1242 4444 προδεδήλωται.
1303 4372 1474 4429 “Ὀλον
1535 4370 1593 4428 δὲ
1648 4374 1794 4446 αὐτῷ
1843 4377 2035 4453 γεγρα-

367 4477 494 4510 πται
528 4458 620 4511 ἀπ’
650 4459 827 4534 ἀρχῆς
862 4460 1028 4535 μέχρι
1069 4462 1260 4521 τέλους
1327 4467 1601 4534 μυστικῶς
1663 4466 1798 4536 μετὰ
1855 4463 2032 4536 ἀλλη-

373 4547 560 4621 γορίας
614 4545 1077 4622 αἰνιγματώδους.
1114 4549 1185 4603 Οὐ
1235 4551 1335 4625 γὰρ
1387 4550 1438 4605 ἐν
1477 4556 1556 4622 τῷ
1587 4558 1872 4630 προφανεῖ,
1906 4551 2033 4609 ἀλλ’

2124 640 2390 694 dentium
2455 635 2775 708 opulentia,
2837 649 2941 687 nec
3000 631 3475 703 cognoscentium
3552 628 3783 701 gratia:

2125 727 2404 798 quoniam
2430 730 2664 796 tempus
2695 728 2750 777 et
2781 721 3006 776 occasio
3031 718 3207 774 simul
3241 719 3515 772 omnibus
3540 717 3672 772 istis
3696 732 3789 771 oc-

2125 819 2361 872 current
2391 816 2457 868 ³⁸.
2495 816 2554 868 ln
2605 812 2878 868 omnibus
2912 812 3070 865 enim
3120 813 3229 873 est,
3281 824 3380 862 rex
3440 807 3561 879 agri
3618 807 3784 861 culti.

2126 908 2320 977 Neque
2350 905 2500 961 enim
2536 904 2851 974 quisquam
2881 903 2936 954 in
2970 900 3102 954 istis
3132 897 3360 954 consilii
3385 898 3476 952 sui
3508 897 3786 952 dominus

2126 1000 2233 1051 est.
2257 993 2398 1058 Quis
2430 996 2519 1048 est
2540 991 2695 1046 enim
2718 990 2914 1058 homo,
2948 987 3047 1060 qui
3097 987 3284 1058 possit
3311 985 3396 1040 ire
3445 990 3598 1039 retro
3647 1000 3786 1038 con-

2129 1083 2348 1142 silium.
2377 1094 2739 1152 quaecunque
2774 1078 3036 1132 fecerunt
3062 1075 3254 1146 ipsum
3279 1075 3306 1127 ‘?
3338 1074 3403 1128 Et
3434 1073 3586 1144 quod
3640 1070 3787 1124 nihil

2130 1170 2437 1244 potestatis
2471 1167 2728 1239 amplius
2757 1166 2817 1220 in
2850 1166 2958 1220 hac
2989 1165 3107 1218 vita
3137 1163 3347 1217 habeat
3392 1163 3587 1227 homo,
3610 1175 3787 1229 quam

2131 1259 2378 1316 faciendi
2413 1258 2629 1313 bonum
2663 1263 2721 1310 et
2738 1254 3047 1319 malum,et
3078 1250 3443 1324 praeparandi
3476 1264 3653 1320 opera
3682 1264 3790 1302 sua

2131 1352 2202 1405 ad
2235 1347 2639 1404 exitum.Nam
2672 1350 2729 1399 et
2760 1344 2912 1414 quod
2947 1342 3067 1396 edit
3095 1346 3150 1396 et
3181 1340 3350 1404 bibit,
3410 1338 3519 1392 hoc
3567 1339 3787 1392 donum

2132 1439 2232 1494 Dei
2256 1444 2366 1494 est.
2400 1436 2562 1492 Unde
2594 1433 2712 1489 sive
2743 1437 3056 1504 quaeratur,
3090 1429 3383 1500 quomodo
3441 1429 3592 1482 facta
3649 1426 3788 1490 sint,

2133 1544 2261 1600 quae
2289 1525 2583 1591 videntur,
2617 1523 2736 1577 sive
2768 1521 2965 1576 adsint
2996 1518 3276 1590 pecunias,
3338 1516 3458 1572 sive
3515 1514 3788 1584 voluptas

2134 1614 2507 1671 abundantiae
2533 1631 2545 1668 :
2581 1611 2780 1666 omnia
2811 1609 2931 1664 haec
2957 1609 3186 1662 vanitas
3215 1606 3566 1672 vanitatum,
3599 1608 3657 1659 et
3699 1603 3791 1658 ni-

2134 1705 2216 1760 hil
2249 1703 2504 1776 amplius
2536 1717 2713 1773 quam
2746 1698 3122 1770 superﬂuitas
3143 1694 3373 1751 consilii
3394 1699 3452 1749 et
3470 1692 3792 1748 voluntatis

2135 1799 2379 1849 conatus
2409 1793 2472 1846 ".
2511 1812 2533 1842 ι
2571 1791 2718 1845 Cum
2751 1789 2832 1844 ait
2856 1793 3077 1855 autem,
3111 1786 3230 1840 haec
3263 1799 3391 1839 esse
3448 1782 3788 1849 vanitatem,

2139 1883 2465 1938 futurorum
2524 1879 2907 1935 aeternitatem
2957 1875 3269 1946 significat.
3321 1875 3686 1944 Quapropter
3736 1874 3793 1925 et

2133 1975 2405 2028 universa
2458 1967 2903 2033 transcendens,
2955 1966 3221 2020 hortatur
3304 1967 3367 2017 ut
3440 1966 3789 2016 mternorum

2135 2061 2477 2116 memoriam
2538 2073 2860 2122 servemus,
2921 2059 2978 2109 et
3027 2053 3285 2108 sciamus
3346 2051 3615 2105 futurum
3686 2047 3791 2103 ali-

2132 2151 2386 2225 quando,
2424 2153 2486 2204 ut
2515 2148 2775 2202 mundus
2808 2145 2898 2200 hic
2933 2143 3186 2210 ﬁniatur,
3222 2159 3355 2196 cum
3379 2142 3541 2211 dicit,
3575 2141 3695 2196 fore
3727 2144 3792 2194 ut

2133 2241 2417 2296 molentes
2449 2240 2700 2303 cessent,
2753 2257 2781 2285 ‹‹
2834 2235 2891 2288 in
2939 2233 3032 2288 die
3085 2249 3201 2304 qua
3259 2229 3792 2288 commovebuntur

2131 2329 2403 2385 custodes
2433 2329 2647 2382 domus
2670 2328 2726 2380 et
2755 2325 3048 2379 nutabant
3089 2322 3196 2376 viri
3227 2325 3514 2393 potentes,
3548 2322 3606 2373 et
3664 2331 3793 2373 mo-

2130 2419 2316 2474 lentes
2339 2418 2716 2472 cessaverunt
2744 2413 2810 2467 93.
2842 2433 2872 2463 »
2907 2411 2974 2465 Et
3004 2427 3131 2482 quas
3165 2411 3340 2464 finem
3385 2407 3590 2462 mundi
3647 2407 3789 2461 sub-

2129 2514 2455 2579 sequuntur
2493 2503 2751 2577 exponit,
2810 2501 3055 2556 dicens:
3112 2522 3140 2550 ‹‹
3192 2498 3477 2562 Quoniam
3548 2499 3781 2562 cuncta,

2128 2614 2255 2670 quae
2289 2596 2457 2659 fiunt,
2479 2596 2653 2649 ducet
2685 2597 2833 2647 Deus
2863 2590 2922 2645 in
2963 2587 3297 2660 judicium;
3361 2588 3418 2641 in
3478 2584 3638 2640 omni
3689 2600 3784 2639 er-

2129 2693 2274 2754 rato,
2309 2686 2431 2740 sive
2463 2685 2705 2745 bonum,
2751 2682 2870 2736 sive
2929 2677 3151 2734 malum
3174 2678 3240 2730 9°.
3290 2699 3317 2726 »
3381 2675 3482 2731 His
3533 2673 3792 2729 ostendit

2130 2777 2281 2848 quod
2319 2775 2464 2830 illud
2499 2791 2511 2828 :
2551 2796 2571 2822 α
2604 2771 2850 2826 Vanitas
2896 2770 3245 2833 vanitatum,
3284 2789 3304 2815 ιι
3370 2783 3488 2821 non
3547 2765 3621 2818 ad
3674 2763 3787 2818 hoc

2129 2863 2359 2930 dixerit,
2429 2866 2494 2916 ut
2543 2865 2870 2916 creaturam
2925 2856 3371 2919 criminaretur;
3441 2853 3544 2908 sed
3632 2851 3791 2923 quod

2131 2957 2346 3008 aeterna
2378 2947 2834 3020 contemplatus,
2869 2960 3062 3000 rerum
3092 2940 3500 3013 temporalium
3559 2938 3790 2995 deside-

2131 3041 2280 3096 rium
2317 3039 2656 3094 admoneret
2685 3052 2814 3091 esse
2844 3034 3184 3089 vanitatem.
3235 3035 3303 3084 Et
3360 3030 3458 3084 ubi
3497 3029 3796 3100 judicium

2133 3133 2395 3186 futurum
2447 3143 2574 3183 esse
2633 3127 2822 3194 docet,
2876 3123 3072 3177 innuit
3129 3121 3251 3175 fore
3308 3117 3796 3176 resurrectionem

2134 3223 2523 3286 mortuorum,
2557 3220 2613 3270 et
2644 3218 2902 3269 actorum
2936 3206 3632 3266 retributionem.Deinde
3663 3221 3798 3260 cum

2056 3294 2099 3360 C
2138 3308 2315 3364 dicit:
2349 3330 2378 3358 «
2411 3308 2797 3362 Cessaverunt
2823 3301 3130 3367 molentes,
3165 3298 3362 3368 »122
3395 3296 3652 3352 ostendit
3682 3310 3797 3348 non

2135 3413 2344 3452 vanam
2377 3411 2506 3450 esse
2537 3395 2729 3465 ipsam
2763 3395 3112 3458 creaturam,
3152 3387 3254 3442 sed
3288 3386 3484 3457 potius
3516 3383 3795 3438 omnibus

2137 3500 2265 3540 esse
2298 3483 2527 3556 pietatis
2563 3481 2930 3552 magistram.
2963 3477 3266 3548 Siquidem
3300 3475 3489 3546 ipsius
3540 3472 3682 3527 ordo
3740 3475 3800 3526 et

2137 3579 2402 3639 ornatus,
2462 3574 2533 3627 de
2582 3573 2797 3627 factore
2853 3570 2979 3640 ipso
3033 3584 3098 3621 ac
3157 3569 3417 3620 creatore
3450 3559 3799 3634 'prtsdicatio

2137 3667 2262 3717 est:
2297 3662 2356 3715 in
2389 3678 2502 3732 qua
2534 3664 2674 3715 sunt
2722 3662 2778 3712 et
2834 3656 3128 3728 prophetae
3189 3660 3245 3708 et
3302 3651 3693 3723 evangelista},
3745 3653 3804 3704 et

2138 3754 2718 3821 doctores,tanquam
2754 3745 3038 3801 molentes
3082 3743 3400 3814 unicuique
3431 3740 3796 3805 alimoniam,

2137 3856 2242 3912 per
2301 3839 2652 3906 doctrinam,
2711 3835 2982 3890 videlicet
3014 3831 3244 3903 pietatis
3277 3831 3637 3886 scientiam:
3699 3828 3801 3898 qui

2140 3930 2429 3985 molentes
2462 3929 2696 3981 tandem
2756 3925 2814 3978 in
2873 3921 3382 3978 consummatione
3436 3918 3800 3972 otiabuntur.

2139 4023 2284 4077 Tum
2319 4019 2477 4074 enim
2509 4034 2622 4071 non
2657 4015 2953 4070 docebunt
2997 4011 3272 4084 amplius,
3332 4010 3521 4064 instar
3579 4007 3801 4061 molen-

2138 4111 2308 4177 tium,
2343 4109 2445 4165 sed
2475 4108 2723 4180 quisque
2755 4105 3080 4161 secundum
3112 4109 3238 4158 acta
3259 4097 3648 4172 judicabitur.

2473 4197 2633 4252 Liber
2660 4195 2786 4258 XVI,
2811 4194 3093 4248 Canticum
3123 4192 3486 4246 canticorum.

2210 4291 2300 4344 24.
2352 4288 2456 4341 Hic
2509 4299 2740 4356 quoque
2790 4282 2938 4336 liber
2990 4279 3319 4335 Salomonis
3369 4283 3457 4334 est
3506 4291 3677 4348 opus,
3738 4277 3806 4328 ut

2144 4377 2416 4450 superius
2448 4373 2806 4429 declaratum
2838 4371 3287 4438 est.Totumque
3319 4369 3390 4421 ab
3413 4364 3580 4420 initio
3616 4378 3804 4434 usque

2144 4471 2213 4525 ad
2251 4469 2424 4523 ﬁnem
2459 4462 2704 4536 mystice
2735 4466 2791 4516 et
2822 4476 2955 4515 cum
2989 4457 3263 4530 allegoria
3280 4455 3650 4527 aenigmatica
3673 4468 3806 4507 con-

2147 4555 2403 4630 scripsit.
2460 4549 2758 4608 Sententia
2818 4548 3034 4620 quippe
3090 4547 3431 4616 dogmatum
3478 4543 3626 4610 ejus,
3690 4556 3806 4594 non

375 4634 426 4688 ἐν
478 4633 774 4712 ἀπορῥήτῳ
828 4635 1123 4711 κέκρυπται
1174 4643 1281 4692 τῶν
1341 4637 1391 4692 ἐν
1453 4640 1600 4712 αὐτῷ
1659 4638 1948 4716 δογμάτων
2001 4643 2023 4696 ὁ

2144 4643 2472 4718 aperta,sed
2515 4639 2745 4696 occulta
2777 4643 2885 4693 est.
2919 4639 3189 4690 Attamen
3233 4635 3279 4689 si
3322 4636 3622 4688 accurrate
3680 4645 3807 4701 per-

372 4727 519 4784 νοῦς.
562 4725 964 4798 Ἐρευνώμενος
1017 4723 1073 4780 δὲ
1123 4725 1444 4802 εὑρίσκεται,
1474 4727 1614 4783 διότι
1667 4733 1800 4802 μετά
1847 4730 2031 4802 άλλη-

371 4812 558 4888 γορίας
611 4812 954 4889 ἐντυγχάνειν
1007 4814 1125 4888 ὅλῳ
1179 4817 1360 4890 τούτῳ
1409 4821 1675 4892 προσήκει
1731 4819 1859 4882 τοὺς
1911 4842 2033 4874 συν-

375 4897 670 4962 ετούς·’ίνα
721 4904 795 4975 μὴ
849 4899 918 4955 δι’
961 4901 1182 4978 ἄγνοιαν
1236 4911 1342 4960 τῶν
1401 4907 1620 4979 ἀμαθῶν
1685 4907 1758 4969 εἷς
1814 4909 2031 4983 ἀτιμίαν

375 4988 581 5064 ἐμπέσῃ
633 4990 699 5045 τὰ
754 4990 1037 5067 εἰρημένα.
1072 4995 1256 5067 ᾊσμα
1311 4993 1366 5050 δὲ
1421 4995 1674 5068 ᾀσμάτων
1734 4995 1822 5052 διὰ
1871 5003 2034 5053 τοῦτο

375 5077 642 5151 καλεῖται,
699 5077 886 5149 ἐπειδή
951 5083 1085 5152 μετὰ
1145 5085 1240 5154 μὲν
1295 5085 1362 5139 τά
1409 5083 1553 5139 ἄλλα
1609 5084 1824 5159 ᾅσματα
1849 5092 2032 5161 τοῦτο,

381 5166 512 5239 μετὰ
539 5165 597 5222 δὲ
624 5172 786 5223 τοῦτο
835 5168 935 5224 οὐκ
993 5168 1068 5224 ἔτι
1129 5168 1268 5227 ἄλλο
1327 5170 1633 5249 προσδοκᾷν
1696 5171 1857 5228 ἔστιν·
1892 5172 2034 5231 ἄλλο

377 5251 431 5309 δὲ
463 5255 610 5331 λέγω
637 5256 699 5310 οὐ
736 5252 974 5331 βιϐλίον,
1009 5258 1155 5315 ἀλλὰ
1183 5262 1244 5314 τὸ
1277 5261 1336 5316 ἐκ
1358 5266 1455 5316 τοῦ
1500 5257 1720 5338 βιϐλίου
1770 5263 2032 5336 σημαινό-

377 5363 556 5416 μενον’
582 5347 648 5402 Ὃ
680 5343 737 5400 δὲ
766 5344 912 5421 λέγω
961 5349 1208 5402 τοιοῦτόν
1267 5350 1398 5404 ἐστι’
1434 5357 1584 5405 Πᾶσα
1613 5354 1646 5420 ἡ
1682 5351 1796 5415 θεία
1849 5354 2033 5427 Γραφή

374 5434 628 5508 περὶτῆς
658 5433 733 5496 εἷς
765 5437 912 5507 ἡμᾶς
962 5435 1194 5491 καθόδου
1243 5445 1340 5492 τοῦ
1394 5439 1568 5515 Λόγου
1629 5440 1718 5493 καὶ
1777 5419 2036 5514 ἐνσάρκου

376 5523 668 5596 παρουσίας
699 5523 861 5578 αὐτοῦ
894 5526 1248 5602 προφητεύει.
1281 5533 1449 5582 Τοῦτο
1503 5528 1605 5604 γὰρ
1654 5530 1715 5583 τὸ
1777 5529 2038 5604 βούλημα

2145 4736 2434 4808 quiratur,
2467 4731 2814 4785 invenietur.
2853 4729 3226 4796 Quapropter
3281 4721 3532 4794 expedit,
3577 4725 3640 4774 ut
3705 4718 3806 4790 qui

2143 4824 2462 4896 prudentes
2492 4823 2654 4882 sunt,
2687 4816 2746 4870 in
2782 4821 2900 4870 toto
2934 4815 3041 4870 hoc
3069 4814 3216 4868 libro
3242 4812 3551 4882 allegorice
3586 4821 3810 4863 versen-

2145 4895 2341 4978 tur,ne
2374 4914 2610 4979 propter
2641 4903 3044 4975 imperitorum
3078 4901 3493 4973 ignorantiam,
3531 4913 3656 4968 quae
3714 4895 3809 4949 hic

2145 5001 2443 5060 dicuntur,
2477 4992 2856 5064 comtemptui
2886 4992 3239 5046 habeantur.
3273 4988 3576 5043 Canticum
3611 4987 3806 5038 autem

2145 5088 2500 5144 canticorum
2535 5084 2663 5138 ideo
2702 5087 2961 5146 vocatur,
3015 5081 3160 5150 quod
3225 5083 3355 5149 post
3411 5075 3522 5129 alia
3583 5071 3810 5126 cantica

2145 5177 2629 5248 subsequatur,et
2659 5172 2813 5242 quod
2865 5187 2978 5226 non
3043 5169 3197 5223 aliud
3251 5170 3452 5236 postea
3501 5160 3806 5214 Canticum

2146 5267 2222 5321 sit
2252 5262 2744 5336 exspectandum:
2780 5260 2936 5313 aliud
2961 5263 3158 5313 autem
3201 5256 3347 5318 dico,
3384 5268 3496 5304 non
3547 5249 3806 5312 librum;

2146 5353 2245 5408 sed
2269 5352 2420 5424 quod
2447 5349 2676 5404 inlibro
2695 5347 3083 5418 signiﬁcatur.
3129 5341 3287 5406 Quod
3332 5338 3482 5405 dico,
3517 5337 3630 5389 tale
3682 5339 3806 5387 est:

2145 5443 2346 5497 Omnis
2372 5442 2570 5496 divina
2589 5439 2912 5508 Scriptura,
2951 5436 3020 5488 de
3054 5432 3219 5486 Verlli
3257 5431 3541 5482 descensu
3573 5425 3642 5478 ad
3679 5440 3806 5486 nos,

2146 5537 2203 5587 et
2233 5531 2302 5586 de
2336 5531 2587 5585 adventu
2621 5529 2749 5596 ejus
2781 5525 2839 5576 in
2872 5538 3046 5578 carne
3080 5517 3442 5593 pr0phetiam
3477 5511 3808 5568 habet.Haac

452 5721 498 5755 ²⁶
526 5721 710 5778 Eccle.
742 5739 819 5790 1x,
857 5725 942 5778 11.
975 5725 1040 5779 ’⁷.
1073 5725 1257 5782 Eccle.
1291 5744 1345 5793 v,
1378 5728 1432 5797 9,
1470 5729 1558 5794 10,
1591 5728 1784 5782 16-18.
1819 5729 1864 5763 ³⁸
1887 5729 2012 5784 Eccl

2136 5744 2203 5794 ῑιῐ,
2241 5729 2293 5783 3.
2328 5731 2370 5763 ²⁹
2405 5726 2543 5780 ibid.
2585 5724 2667 5776 14.
