  <div class='ocr_page' id='page_1' title='image "/cluster/home/n/w/nwhite01/storage/ocr_20150623/28:no.4/coo.31924054873090/189.png"; bbox 0 0 4154 6396; ppageno 0'>
   <div class='ocr_carea' id='block_1_1' title="bbox 337 371 453 433">
    <p class='ocr_par' dir='ltr' id='par_1_1' title="bbox 337 371 453 433">
     <span class='ocr_line' id='line_1_1' title="bbox 337 371 453 433; baseline -0.034 -1"><span class='ocrx_word' id='word_1_1' title='bbox 337 371 453 433; x_wconf 72' lang='grc'><strong>851</strong></span> 
     </span>
    </p>
   </div>
   <div class='ocr_carea' id='block_1_2' title="bbox 1518 367 2572 434">
    <p class='ocr_par' dir='ltr' id='par_1_2' title="bbox 1518 367 2572 434">
     <span class='ocr_line' id='line_1_2' title="bbox 1518 367 2572 434; baseline 0 -2"><span class='ocrx_word' id='word_1_2' title='bbox 1518 374 1585 433; x_wconf 82' lang='lat' dir='ltr'><strong>S.</strong></span> <span class='ocrx_word' id='word_1_3' title='bbox 1634 367 2166 430; x_wconf 81' lang='lat' dir='ltr'><strong>ATHANASIUS.</strong></span> <span class='ocrx_word' id='word_1_4' title='bbox 2203 401 2278 413; x_wconf 94' lang='lat'><strong>—</strong></span> <span class='ocrx_word' id='word_1_5' title='bbox 2307 371 2572 434; x_wconf 79' lang='lat' dir='ltr'><strong>DUBIA.</strong></span> 
     </span>
    </p>
   </div>
   <div class='ocr_carea' id='block_1_3' title="bbox 3639 387 3760 448">
    <p class='ocr_par' dir='ltr' id='par_1_3' title="bbox 3639 387 3760 448">
     <span class='ocr_line' id='line_1_3' title="bbox 3639 387 3760 448; baseline -0.008 -1"><span class='ocrx_word' id='word_1_6' title='bbox 3639 387 3760 448; x_wconf 77' lang='lat'><strong>352</strong></span> 
     </span>
    </p>
   </div>
   <div class='ocr_carea' id='block_1_4' title="bbox 338 500 1990 592">
    <p class='ocr_par' dir='ltr' id='par_1_4' title="bbox 338 502 1990 579">
     <span class='ocr_line' id='line_1_4' title="bbox 338 502 1990 579; baseline -0.001 -20"><span class='ocrx_word' id='word_1_7' title='bbox 338 520 595 576; x_wconf 78' lang='lat' dir='ltr'><strong>namque</strong></span> <span class='ocrx_word' id='word_1_8' title='bbox 615 505 885 562; x_wconf 77' lang='lat' dir='ltr'><strong>voluntas</strong></span> <span class='ocrx_word' id='word_1_9' title='bbox 918 505 1021 563; x_wconf 87' lang='lat' dir='ltr'><strong>Dei</strong></span> <span class='ocrx_word' id='word_1_10' title='bbox 1068 511 1184 575; x_wconf 87' lang='lat' dir='ltr'><strong>est;</strong></span> <span class='ocrx_word' id='word_1_11' title='bbox 1247 506 1546 579; x_wconf 90' lang='lat' dir='ltr'><strong>prophetis</strong></span> <span class='ocrx_word' id='word_1_12' title='bbox 1599 509 1656 561; x_wconf 90' lang='lat' dir='ltr'><strong>et</strong></span> <span class='ocrx_word' id='word_1_13' title='bbox 1713 502 1990 560; x_wconf 74' lang='lat' dir='ltr'><strong>universae</strong></span> 
     </span>
    </p>
   </div>
   <div class='ocr_carea' id='block_1_5' title="bbox 2102 500 3762 592">
    <p class='ocr_par' dir='ltr' id='par_1_5' title="bbox 2105 500 3762 592">
     <span class='ocr_line' id='line_1_5' title="bbox 2105 500 3762 592; baseline 0.013 -38"><span class='ocrx_word' id='word_1_14' title='bbox 2105 503 2203 555; x_wconf 80' lang='grc' dir='ltr'><strong>τοῦ</strong></span> <span class='ocrx_word' id='word_1_15' title='bbox 2235 505 2368 557; x_wconf 77' lang='grc' dir='ltr'>Θεοῦ</span> <span class='ocrx_word' id='word_1_16' title='bbox 2398 500 2530 558; x_wconf 70' lang='grc' dir='ltr'>ἐστι·</span> <span class='ocrx_word' id='word_1_17' title='bbox 2564 511 2681 569; x_wconf 85' lang='grc' dir='ltr'>τοῖς</span> <span class='ocrx_word' id='word_1_18' title='bbox 2729 529 2784 563; x_wconf 89' lang='grc' dir='ltr'><strong>τε</strong></span> <span class='ocrx_word' id='word_1_19' title='bbox 2832 513 3139 588; x_wconf 76' lang='grc' dir='ltr'><strong>προφήταις</strong></span> <span class='ocrx_word' id='word_1_20' title='bbox 3187 513 3276 567; x_wconf 76' lang='grc' dir='ltr'><strong>καὶ</strong></span> <span class='ocrx_word' id='word_1_21' title='bbox 3324 516 3468 589; x_wconf 77' lang='grc' dir='ltr'>πάσῃ</span> <span class='ocrx_word' id='word_1_22' title='bbox 3512 520 3583 590; x_wconf 77' lang='grc' dir='ltr'><strong>τῇ</strong></span> <span class='ocrx_word' id='word_1_23' title='bbox 3643 520 3762 592; x_wconf 74' lang='grc' dir='ltr'>θείᾳ</span> 
     </span>
    </p>
   </div>
   <div class='ocr_carea' id='block_1_6' title="bbox 332 594 1988 669">
    <p class='ocr_par' dir='ltr' id='par_1_6' title="bbox 332 594 1988 669">
     <span class='ocr_line' id='line_1_6' title="bbox 332 594 1988 669; baseline -0.001 -21"><span class='ocrx_word' id='word_1_24' title='bbox 332 594 542 649; x_wconf 67' lang='lat' dir='ltr'><strong>divina:</strong></span> <span class='ocrx_word' id='word_1_25' title='bbox 572 594 911 667; x_wconf 64' lang='lat' dir='ltr'><strong>Scriptura,</strong></span> <span class='ocrx_word' id='word_1_26' title='bbox 946 594 1089 652; x_wconf 90' lang='lat' dir='ltr'><strong>illud</strong></span> <span class='ocrx_word' id='word_1_27' title='bbox 1149 597 1525 669; x_wconf 90' lang='lat' dir='ltr'><strong>potissimum</strong></span> <span class='ocrx_word' id='word_1_28' title='bbox 1578 599 1704 650; x_wconf 87' lang='lat' dir='ltr'><strong>erat</strong></span> <span class='ocrx_word' id='word_1_29' title='bbox 1755 610 1988 648; x_wconf 89' lang='lat' dir='ltr'><strong>annun-</strong></span> 
     </span>
    </p>
   </div>
   <div class='ocr_carea' id='block_1_7' title="bbox 325 684 1990 757">
    <p class='ocr_par' dir='ltr' id='par_1_7' title="bbox 325 684 1990 757">
     <span class='ocr_line' id='line_1_7' title="bbox 325 684 1990 757; baseline -0.001 -18"><span class='ocrx_word' id='word_1_30' title='bbox 325 684 617 740; x_wconf 85' lang='lat' dir='ltr'><strong>tiandum.</strong></span> <span class='ocrx_word' id='word_1_31' title='bbox 654 686 795 740; x_wconf 83' lang='lat' dir='ltr'><strong>Huic</strong></span> <span class='ocrx_word' id='word_1_32' title='bbox 817 688 1012 741; x_wconf 86' lang='lat' dir='ltr'><strong>autem</strong></span> <span class='ocrx_word' id='word_1_33' title='bbox 1047 686 1254 742; x_wconf 69' lang='lat' dir='ltr'><strong>divinae</strong></span> <span class='ocrx_word' id='word_1_34' title='bbox 1283 685 1990 757; x_wconf 85' lang='lat' dir='ltr'><strong>narrationi,consequen-</strong></span> 
     </span>
    </p>
   </div>
   <div class='ocr_carea' id='block_1_8' title="bbox 327 772 1986 848">
    <p class='ocr_par' dir='ltr' id='par_1_8' title="bbox 327 772 1986 848">
     <span class='ocr_line' id='line_1_8' title="bbox 327 772 1986 848; baseline -0.001 -20"><span class='ocrx_word' id='word_1_35' title='bbox 327 777 416 829; x_wconf 86' lang='lat' dir='ltr'><strong>ter</strong></span> <span class='ocrx_word' id='word_1_36' title='bbox 446 774 721 830; x_wconf 78' lang='lat' dir='ltr'><strong>addidere</strong></span> <span class='ocrx_word' id='word_1_37' title='bbox 761 791 1062 830; x_wconf 82' lang='lat' dir='ltr'><strong>sermones</strong></span> <span class='ocrx_word' id='word_1_38' title='bbox 1093 776 1164 831; x_wconf 75' lang='lat' dir='ltr'><strong>de</strong></span> <span class='ocrx_word' id='word_1_39' title='bbox 1196 776 1472 848; x_wconf 84' lang='lat' dir='ltr'><strong>gentibus</strong></span> <span class='ocrx_word' id='word_1_40' title='bbox 1512 774 1842 847; x_wconf 80' lang='lat' dir='ltr'><strong>Babylonis,</strong></span> <span class='ocrx_word' id='word_1_41' title='bbox 1876 772 1986 827; x_wconf 87' lang='lat' dir='ltr'><strong>Da-</strong></span> 
     </span>
    </p>
   </div>
   <div class='ocr_carea' id='block_1_9' title="bbox 323 862 1985 936">
    <p class='ocr_par' dir='ltr' id='par_1_9' title="bbox 323 862 1985 936">
     <span class='ocr_line' id='line_1_9' title="bbox 323 862 1985 936; baseline -0.002 -18"><span class='ocrx_word' id='word_1_42' title='bbox 323 864 730 932; x_wconf 82' lang='lat' dir='ltr'><strong>masci,Moab,</strong></span> <span class='ocrx_word' id='word_1_43' title='bbox 765 864 1155 936; x_wconf 89' lang='lat' dir='ltr'><strong>aliorumque.</strong></span> <span class='ocrx_word' id='word_1_44' title='bbox 1192 870 1382 935; x_wconf 84' lang='lat' dir='ltr'><strong>Atque</strong></span> <span class='ocrx_word' id='word_1_45' title='bbox 1417 866 1474 919; x_wconf 88' lang='lat' dir='ltr'><strong>in</strong></span> <span class='ocrx_word' id='word_1_46' title='bbox 1526 862 1777 936; x_wconf 79' lang='lat' dir='ltr'><strong>singulis</strong></span> <span class='ocrx_word' id='word_1_47' title='bbox 1829 862 1985 916; x_wconf 86' lang='lat' dir='ltr'><strong>Scri-</strong></span> 
     </span>
    </p>
   </div>
   <div class='ocr_carea' id='block_1_10' title="bbox 322 952 2051 1025">
    <p class='ocr_par' dir='ltr' id='par_1_10' title="bbox 322 952 2051 1025">
     <span class='ocr_line' id='line_1_10' title="bbox 322 952 2051 1025; baseline -0.002 -18"><span class='ocrx_word' id='word_1_48' title='bbox 322 952 513 1023; x_wconf 88' lang='lat' dir='ltr'><strong>pturis</strong></span> <span class='ocrx_word' id='word_1_49' title='bbox 545 957 852 1023; x_wconf 86' lang='lat' dir='ltr'><strong>peccantes</strong></span> <span class='ocrx_word' id='word_1_50' title='bbox 903 953 1230 1022; x_wconf 84' lang='lat' dir='ltr'><strong>increpant,</strong></span> <span class='ocrx_word' id='word_1_51' title='bbox 1286 960 1619 1025; x_wconf 86' lang='lat' dir='ltr'><strong>peccatores</strong></span> <span class='ocrx_word' id='word_1_52' title='bbox 1678 952 1989 1006; x_wconf 87' lang='lat' dir='ltr'><strong>hortantur</strong></span> <span class='ocrx_word' id='word_1_53' title='bbox 2018 962 2051 971; x_wconf 62' lang='lat'><strong><em>&quot;</em></strong></span> 
     </span>
    </p>
   </div>
   <div class='ocr_carea' id='block_1_11' title="bbox 324 1038 1982 1113">
    <p class='ocr_par' dir='ltr' id='par_1_11' title="bbox 324 1038 1982 1113">
     <span class='ocr_line' id='line_1_11' title="bbox 324 1038 1982 1113; baseline -0.002 -17"><span class='ocrx_word' id='word_1_54' title='bbox 324 1042 394 1097; x_wconf 88' lang='lat' dir='ltr'><strong>ad</strong></span> <span class='ocrx_word' id='word_1_55' title='bbox 428 1040 854 1113; x_wconf 64' lang='lat' dir='ltr'><strong>penitentiam,</strong></span> <span class='ocrx_word' id='word_1_56' title='bbox 886 1041 1319 1097; x_wconf 82' lang='lat' dir='ltr'><strong>comminantes</strong></span> <span class='ocrx_word' id='word_1_57' title='bbox 1353 1042 1613 1097; x_wconf 81' lang='lat' dir='ltr'><strong>futurum</strong></span> <span class='ocrx_word' id='word_1_58' title='bbox 1648 1041 1801 1111; x_wconf 82' lang='lat' dir='ltr'><strong>ignis</strong></span> <span class='ocrx_word' id='word_1_59' title='bbox 1823 1038 1982 1108; x_wconf 90' lang='lat' dir='ltr'><strong>judi-</strong></span> 
     </span>
    </p>
   </div>
   <div class='ocr_carea' id='block_1_12' title="bbox 322 1130 1987 1202">
    <p class='ocr_par' dir='ltr' id='par_1_12' title="bbox 322 1130 1987 1202">
     <span class='ocr_line' id='line_1_12' title="bbox 322 1130 1987 1202; baseline -0.001 -16"><span class='ocrx_word' id='word_1_60' title='bbox 322 1130 649 1186; x_wconf 79' lang='lat' dir='ltr'><strong>cium.Aliae</strong></span> <span class='ocrx_word' id='word_1_61' title='bbox 681 1131 860 1202; x_wconf 80' lang='lat' dir='ltr'><strong>igitur</strong></span> <span class='ocrx_word' id='word_1_62' title='bbox 893 1130 1207 1201; x_wconf 60' lang='lat' dir='ltr'><strong>Scriptura:</strong></span> <span class='ocrx_word' id='word_1_63' title='bbox 1234 1131 1647 1202; x_wconf 66' lang='lat' dir='ltr'><strong>praenuntiant,</strong></span> <span class='ocrx_word' id='word_1_64' title='bbox 1675 1136 1735 1185; x_wconf 85' lang='lat' dir='ltr'><strong>ut</strong></span> <span class='ocrx_word' id='word_1_65' title='bbox 1759 1130 1987 1198; x_wconf 82' lang='lat' dir='ltr'><strong>Moyses</strong></span> 
     </span>
    </p>
   </div>
   <div class='ocr_carea' id='block_1_13' title="bbox 321 1218 1984 1290">
    <p class='ocr_par' dir='ltr' id='par_1_13' title="bbox 321 1218 1984 1290">
     <span class='ocr_line' id='line_1_13' title="bbox 321 1218 1984 1290; baseline -0.001 -15"><span class='ocrx_word' id='word_1_66' title='bbox 321 1235 458 1275; x_wconf 88' lang='lat' dir='ltr'><strong>eum</strong></span> <span class='ocrx_word' id='word_1_67' title='bbox 489 1220 609 1275; x_wconf 88' lang='lat' dir='ltr'><strong>ait:</strong></span> <span class='ocrx_word' id='word_1_68' title='bbox 647 1241 673 1269; x_wconf 77' lang='grc' dir='ltr'><strong>α</strong></span> <span class='ocrx_word' id='word_1_69' title='bbox 723 1219 1073 1290; x_wconf 88' lang='lat' dir='ltr'><strong>Prophetam</strong></span> <span class='ocrx_word' id='word_1_70' title='bbox 1145 1220 1313 1276; x_wconf 82' lang='lat' dir='ltr'><strong>vobis</strong></span> <span class='ocrx_word' id='word_1_71' title='bbox 1371 1220 1644 1275; x_wconf 82' lang='lat' dir='ltr'><strong>excitabit</strong></span> <span class='ocrx_word' id='word_1_72' title='bbox 1699 1218 1984 1275; x_wconf 86' lang='lat' dir='ltr'><strong>Dominus</strong></span> 
     </span>
    </p>
   </div>
   <div class='ocr_carea' id='block_1_14' title="bbox 326 1308 1979 1377">
    <p class='ocr_par' dir='ltr' id='par_1_14' title="bbox 326 1308 1979 1377">
     <span class='ocr_line' id='line_1_14' title="bbox 326 1308 1979 1377; baseline -0.001 -14"><span class='ocrx_word' id='word_1_73' title='bbox 326 1310 474 1363; x_wconf 86' lang='lat' dir='ltr'><strong>Deus</strong></span> <span class='ocrx_word' id='word_1_74' title='bbox 508 1312 707 1363; x_wconf 90' lang='lat' dir='ltr'><strong>noster</strong></span> <span class='ocrx_word' id='word_1_75' title='bbox 759 1325 826 1363; x_wconf 81' lang='lat' dir='ltr'><strong>ex</strong></span> <span class='ocrx_word' id='word_1_76' title='bbox 887 1308 1167 1362; x_wconf 83' lang='lat' dir='ltr'><strong>fratribus</strong></span> <span class='ocrx_word' id='word_1_77' title='bbox 1228 1308 1466 1377; x_wconf 91' lang='lat' dir='ltr'><strong>nostris,</strong></span> <span class='ocrx_word' id='word_1_78' title='bbox 1529 1309 1681 1363; x_wconf 86' lang='lat' dir='ltr'><strong>sicut</strong></span> <span class='ocrx_word' id='word_1_79' title='bbox 1738 1324 1828 1363; x_wconf 91' lang='lat' dir='ltr'><strong>me</strong></span> <span class='ocrx_word' id='word_1_80' title='bbox 1856 1308 1920 1361; x_wconf 82' lang='grc' dir='ltr'><strong>⁸ο.</strong></span> <span class='ocrx_word' id='word_1_81' title='bbox 1960 1330 1979 1355; x_wconf 75' lang='grc' dir='ltr'><strong>ι</strong></span> 
     </span>
    </p>
   </div>
   <div class='ocr_carea' id='block_1_15' title="bbox 320 1396 1980 1467">
    <p class='ocr_par' dir='ltr' id='par_1_15' title="bbox 320 1396 1980 1467">
     <span class='ocr_line' id='line_1_15' title="bbox 320 1396 1980 1467; baseline -0.002 -14"><span class='ocrx_word' id='word_1_82' title='bbox 320 1397 502 1453; x_wconf 85' lang='lat' dir='ltr'><strong>Isaias</strong></span> <span class='ocrx_word' id='word_1_83' title='bbox 522 1414 696 1453; x_wconf 85' lang='lat' dir='ltr'><strong>vero:</strong></span> <span class='ocrx_word' id='word_1_84' title='bbox 734 1418 761 1448; x_wconf 90' lang='grc' dir='ltr'>ι‹</span> <span class='ocrx_word' id='word_1_85' title='bbox 795 1397 936 1452; x_wconf 84' lang='lat' dir='ltr'><strong>Ecce</strong></span> <span class='ocrx_word' id='word_1_86' title='bbox 968 1396 1146 1467; x_wconf 83' lang='lat' dir='ltr'><strong>Virgo</strong></span> <span class='ocrx_word' id='word_1_87' title='bbox 1178 1398 1233 1452; x_wconf 92' lang='lat' dir='ltr'><strong>in</strong></span> <span class='ocrx_word' id='word_1_88' title='bbox 1270 1403 1433 1453; x_wconf 85' lang='lat' dir='ltr'><strong>utero</strong></span> <span class='ocrx_word' id='word_1_89' title='bbox 1484 1397 1724 1452; x_wconf 89' lang='lat' dir='ltr'><strong>habebit</strong></span> <span class='ocrx_word' id='word_1_90' title='bbox 1779 1401 1835 1459; x_wconf 79' lang='lat' dir='ltr'><strong>et</strong></span> <span class='ocrx_word' id='word_1_91' title='bbox 1881 1413 1980 1467; x_wconf 87' lang='lat' dir='ltr'><strong>pa-</strong></span> 
     </span>
    </p>
   </div>
   <div class='ocr_carea' id='block_1_16' title="bbox 319 1485 1983 1542">
    <p class='ocr_par' dir='ltr' id='par_1_16' title="bbox 319 1485 1983 1542">
     <span class='ocr_line' id='line_1_16' title="bbox 319 1485 1983 1542; baseline -0.001 -1"><span class='ocrx_word' id='word_1_92' title='bbox 319 1486 429 1541; x_wconf 87' lang='lat' dir='ltr'><strong>riet</strong></span> <span class='ocrx_word' id='word_1_93' title='bbox 455 1486 639 1542; x_wconf 81' lang='lat' dir='ltr'><strong>tilium</strong></span> <span class='ocrx_word' id='word_1_94' title='bbox 671 1488 739 1541; x_wconf 70' lang='lat'><strong>3‘.</strong></span> <span class='ocrx_word' id='word_1_95' title='bbox 779 1510 806 1535; x_wconf 77' lang='grc' dir='ltr'><strong>υ</strong></span> <span class='ocrx_word' id='word_1_96' title='bbox 844 1486 1117 1542; x_wconf 67' lang='lat' dir='ltr'><strong>Micbazas</strong></span> <span class='ocrx_word' id='word_1_97' title='bbox 1149 1492 1380 1542; x_wconf 86' lang='lat' dir='ltr'><strong>autem:</strong></span> <span class='ocrx_word' id='word_1_98' title='bbox 1424 1506 1449 1537; x_wconf 77' lang='grc' dir='ltr'>ι</span> <span class='ocrx_word' id='word_1_99' title='bbox 1482 1487 1601 1541; x_wconf 83' lang='lat' dir='ltr'><strong>Erit</strong></span> <span class='ocrx_word' id='word_1_100' title='bbox 1633 1485 1687 1539; x_wconf 90' lang='lat' dir='ltr'><strong>in</strong></span> <span class='ocrx_word' id='word_1_101' title='bbox 1739 1485 1983 1540; x_wconf 87' lang='lat' dir='ltr'><strong>novissi-</strong></span> 
     </span>
    </p>
   </div>
   <div class='ocr_carea' id='block_1_17' title="bbox 321 1573 1983 1630">
    <p class='ocr_par' dir='ltr' id='par_1_17' title="bbox 321 1573 1983 1630">
     <span class='ocr_line' id='line_1_17' title="bbox 321 1573 1983 1630; baseline -0.001 0"><span class='ocrx_word' id='word_1_102' title='bbox 321 1575 434 1630; x_wconf 89' lang='lat' dir='ltr'><strong>mis</strong></span> <span class='ocrx_word' id='word_1_103' title='bbox 465 1575 673 1630; x_wconf 89' lang='lat' dir='ltr'><strong>diehus</strong></span> <span class='ocrx_word' id='word_1_104' title='bbox 702 1574 952 1629; x_wconf 85' lang='lat' dir='ltr'><strong>illustris</strong></span> <span class='ocrx_word' id='word_1_105' title='bbox 986 1590 1154 1628; x_wconf 89' lang='lat' dir='ltr'><strong>mons</strong></span> <span class='ocrx_word' id='word_1_106' title='bbox 1188 1574 1417 1630; x_wconf 90' lang='lat' dir='ltr'><strong>Domini</strong></span> <span class='ocrx_word' id='word_1_107' title='bbox 1442 1575 1505 1629; x_wconf 70' lang='lat'><strong>3&#39;.</strong></span> <span class='ocrx_word' id='word_1_108' title='bbox 1535 1597 1560 1624; x_wconf 84' lang='grc'><strong>››</strong></span> <span class='ocrx_word' id='word_1_109' title='bbox 1587 1574 1658 1629; x_wconf 84' lang='grc' dir='ltr'>Ει</span> <span class='ocrx_word' id='word_1_110' title='bbox 1688 1573 1839 1629; x_wconf 85' lang='lat' dir='ltr'><strong>alius</strong></span> <span class='ocrx_word' id='word_1_111' title='bbox 1871 1573 1983 1629; x_wconf 89' lang='lat' dir='ltr'><strong>alio</strong></span> 
     </span>
    </p>
   </div>
   <div class='ocr_carea' id='block_1_18' title="bbox 322 1663 1984 1737">
    <p class='ocr_par' dir='ltr' id='par_1_18' title="bbox 322 1663 1984 1737">
     <span class='ocr_line' id='line_1_18' title="bbox 322 1663 1984 1737; baseline -0.001 -17"><span class='ocrx_word' id='word_1_112' title='bbox 322 1664 517 1733; x_wconf 90' lang='lat' dir='ltr'><strong>modo,</strong></span> <span class='ocrx_word' id='word_1_113' title='bbox 551 1664 876 1719; x_wconf 88' lang='lat' dir='ltr'><strong>secundum</strong></span> <span class='ocrx_word' id='word_1_114' title='bbox 907 1663 1163 1735; x_wconf 87' lang='lat' dir='ltr'><strong>Spiritus</strong></span> <span class='ocrx_word' id='word_1_115' title='bbox 1207 1664 1481 1737; x_wconf 82' lang='lat' dir='ltr'><strong>gratiam.</strong></span> <span class='ocrx_word' id='word_1_116' title='bbox 1543 1663 1821 1735; x_wconf 66' lang='lat' dir='ltr'><strong>praedicit.</strong></span> <span class='ocrx_word' id='word_1_117' title='bbox 1882 1663 1984 1719; x_wconf 87' lang='lat' dir='ltr'><strong>His</strong></span> 
     </span>
    </p>
   </div>
   <div class='ocr_carea' id='block_1_19' title="bbox 321 1751 1985 1825">
    <p class='ocr_par' dir='ltr' id='par_1_19' title="bbox 321 1751 1985 1825">
     <span class='ocr_line' id='line_1_19' title="bbox 321 1751 1985 1825; baseline -0.001 -17"><span class='ocrx_word' id='word_1_118' title='bbox 321 1757 515 1808; x_wconf 88' lang='lat' dir='ltr'><strong>autem</strong></span> <span class='ocrx_word' id='word_1_119' title='bbox 548 1752 825 1807; x_wconf 90' lang='lat' dir='ltr'><strong>omnibus</strong></span> <span class='ocrx_word' id='word_1_120' title='bbox 855 1751 1257 1823; x_wconf 75' lang='lat' dir='ltr'><strong>loquentibus,</strong></span> <span class='ocrx_word' id='word_1_121' title='bbox 1292 1752 1737 1825; x_wconf 87' lang='lat' dir='ltr'><strong>exspectabatur</strong></span> <span class='ocrx_word' id='word_1_122' title='bbox 1792 1751 1985 1807; x_wconf 89' lang='lat' dir='ltr'><strong>adhuc</strong></span> 
     </span>
    </p>
   </div>
   <div class='ocr_carea' id='block_1_20' title="bbox 322 1839 1983 1913">
    <p class='ocr_par' dir='ltr' id='par_1_20' title="bbox 322 1839 1983 1913">
     <span class='ocr_line' id='line_1_20' title="bbox 322 1839 1983 1913; baseline -0.001 -18"><span class='ocrx_word' id='word_1_123' title='bbox 322 1840 422 1913; x_wconf 88' lang='lat' dir='ltr'><strong>qui</strong></span> <span class='ocrx_word' id='word_1_124' title='bbox 454 1839 882 1913; x_wconf 67' lang='lat' dir='ltr'><strong>prmnuntiatus</strong></span> <span class='ocrx_word' id='word_1_125' title='bbox 907 1840 1015 1895; x_wconf 87' lang='lat' dir='ltr'><strong>fuit</strong></span> <span class='ocrx_word' id='word_1_126' title='bbox 1060 1841 1362 1897; x_wconf 86' lang='lat' dir='ltr'><strong>Dominus.</strong></span> <span class='ocrx_word' id='word_1_127' title='bbox 1397 1842 1760 1912; x_wconf 87' lang='lat' dir='ltr'><strong>Quapropter</strong></span> <span class='ocrx_word' id='word_1_128' title='bbox 1813 1839 1983 1894; x_wconf 90' lang='lat' dir='ltr'><strong>multi</strong></span> 
     </span>
    </p>
   </div>
   <div class='ocr_carea' id='block_1_21' title="bbox 321 1928 1987 2000">
    <p class='ocr_par' dir='ltr' id='par_1_21' title="bbox 321 1928 1987 2000">
     <span class='ocr_line' id='line_1_21' title="bbox 321 1928 1987 2000; baseline -0.001 -15"><span class='ocrx_word' id='word_1_129' title='bbox 321 1945 457 1985; x_wconf 84' lang='lat' dir='ltr'><strong>eum</strong></span> <span class='ocrx_word' id='word_1_130' title='bbox 491 1928 1003 2000; x_wconf 64' lang='lat' dir='ltr'><strong>praenuntiabant:</strong></span> <span class='ocrx_word' id='word_1_131' title='bbox 1038 1935 1097 1985; x_wconf 88' lang='lat' dir='ltr'><strong>et</strong></span> <span class='ocrx_word' id='word_1_132' title='bbox 1125 1930 1309 1986; x_wconf 90' lang='lat' dir='ltr'><strong>donec</strong></span> <span class='ocrx_word' id='word_1_133' title='bbox 1339 1929 1515 1993; x_wconf 90' lang='lat' dir='ltr'><strong>venit,</strong></span> <span class='ocrx_word' id='word_1_134' title='bbox 1571 1928 1987 1999; x_wconf 87' lang='lat' dir='ltr'><strong>prophetantes</strong></span> 
     </span>
    </p>
   </div>
   <div class='ocr_carea' id='block_1_22' title="bbox 323 2014 1987 2073">
    <p class='ocr_par' dir='ltr' id='par_1_22' title="bbox 323 2014 1987 2073">
     <span class='ocr_line' id='line_1_22' title="bbox 323 2014 1987 2073; baseline -0.002 -2"><span class='ocrx_word' id='word_1_135' title='bbox 323 2032 440 2072; x_wconf 90' lang='lat' dir='ltr'><strong>non</strong></span> <span class='ocrx_word' id='word_1_136' title='bbox 470 2015 863 2073; x_wconf 84' lang='lat' dir='ltr'><strong>cessavcre.Et</strong></span> <span class='ocrx_word' id='word_1_137' title='bbox 894 2016 1015 2072; x_wconf 76' lang='lat' dir='ltr'><strong>haec</strong></span> <span class='ocrx_word' id='word_1_138' title='bbox 1045 2016 1243 2073; x_wconf 83' lang='lat' dir='ltr'><strong>omnia</strong></span> <span class='ocrx_word' id='word_1_139' title='bbox 1293 2020 1433 2071; x_wconf 87' lang='lat' dir='ltr'><strong>sunt</strong></span> <span class='ocrx_word' id='word_1_140' title='bbox 1490 2015 1737 2070; x_wconf 82' lang='lat' dir='ltr'><strong>cantica.</strong></span> <span class='ocrx_word' id='word_1_141' title='bbox 1796 2014 1987 2069; x_wconf 87' lang='lat' dir='ltr'><strong>Canti-</strong></span> 
     </span>
    </p>
   </div>
   <div class='ocr_carea' id='block_1_23' title="bbox 323 2105 1987 2178">
    <p class='ocr_par' dir='ltr' id='par_1_23' title="bbox 323 2105 1987 2178">
     <span class='ocr_line' id='line_1_23' title="bbox 323 2105 1987 2178; baseline -0.001 -16"><span class='ocrx_word' id='word_1_142' title='bbox 323 2122 459 2162; x_wconf 88' lang='lat' dir='ltr'><strong>cum</strong></span> <span class='ocrx_word' id='word_1_143' title='bbox 492 2123 623 2161; x_wconf 90' lang='lat' dir='ltr'><strong>vero</strong></span> <span class='ocrx_word' id='word_1_144' title='bbox 654 2107 1038 2171; x_wconf 85' lang='lat' dir='ltr'><strong>canticorum,</strong></span> <span class='ocrx_word' id='word_1_145' title='bbox 1094 2123 1286 2178; x_wconf 90' lang='lat' dir='ltr'><strong>neque</strong></span> <span class='ocrx_word' id='word_1_146' title='bbox 1338 2105 1746 2177; x_wconf 89' lang='lat' dir='ltr'><strong>prophetandi,</strong></span> <span class='ocrx_word' id='word_1_147' title='bbox 1800 2120 1987 2175; x_wconf 88' lang='lat' dir='ltr'><strong>neque</strong></span> 
     </span>
    </p>
   </div>
   <div class='ocr_carea' id='block_1_24' title="bbox 324 2192 1985 2268">
    <p class='ocr_par' dir='ltr' id='par_1_24' title="bbox 324 2192 1985 2268">
     <span class='ocr_line' id='line_1_24' title="bbox 324 2192 1985 2268; baseline -0.002 -18"><span class='ocrx_word' id='word_1_148' title='bbox 324 2195 755 2268; x_wconf 78' lang='lat' dir='ltr'><strong>pramuntiandi</strong></span> <span class='ocrx_word' id='word_1_149' title='bbox 790 2197 962 2252; x_wconf 90' lang='lat' dir='ltr'><strong>modo</strong></span> <span class='ocrx_word' id='word_1_150' title='bbox 993 2195 1280 2268; x_wconf 89' lang='lat' dir='ltr'><strong>scriptum</strong></span> <span class='ocrx_word' id='word_1_151' title='bbox 1312 2199 1402 2250; x_wconf 87' lang='lat' dir='ltr'><strong>est</strong></span> <span class='ocrx_word' id='word_1_152' title='bbox 1436 2212 1447 2249; x_wconf 91' lang='lat'>:</span> <span class='ocrx_word' id='word_1_153' title='bbox 1509 2194 1607 2249; x_wconf 86' lang='lat' dir='ltr'><strong>sed</strong></span> <span class='ocrx_word' id='word_1_154' title='bbox 1668 2209 1843 2264; x_wconf 86' lang='lat' dir='ltr'><strong>quem</strong></span> <span class='ocrx_word' id='word_1_155' title='bbox 1888 2192 1985 2246; x_wconf 87' lang='lat' dir='ltr'><strong>alii</strong></span> 
     </span>
    </p>
   </div>
   <div class='ocr_carea' id='block_1_25' title="bbox 323 2282 1985 2356">
    <p class='ocr_par' dir='ltr' id='par_1_25' title="bbox 323 2282 1985 2356">
     <span class='ocr_line' id='line_1_25' title="bbox 323 2282 1985 2356; baseline -0.002 -17"><span class='ocrx_word' id='word_1_156' title='bbox 323 2284 814 2356; x_wconf 69' lang='lat' dir='ltr'><strong>prenuntiarunt,</strong></span> <span class='ocrx_word' id='word_1_157' title='bbox 862 2301 994 2340; x_wconf 90' lang='lat' dir='ltr'><strong>eum</strong></span> <span class='ocrx_word' id='word_1_158' title='bbox 1052 2284 1219 2356; x_wconf 90' lang='lat' dir='ltr'><strong>quasi</strong></span> <span class='ocrx_word' id='word_1_159' title='bbox 1269 2285 1395 2356; x_wconf 90' lang='lat' dir='ltr'><strong>jam</strong></span> <span class='ocrx_word' id='word_1_160' title='bbox 1454 2283 1694 2353; x_wconf 82' lang='lat' dir='ltr'><strong>venerit,</strong></span> <span class='ocrx_word' id='word_1_161' title='bbox 1754 2287 1812 2337; x_wconf 85' lang='lat' dir='ltr'><strong>et</strong></span> <span class='ocrx_word' id='word_1_162' title='bbox 1862 2282 1985 2353; x_wconf 87' lang='lat' dir='ltr'><strong>jam</strong></span> 
     </span>
    </p>
   </div>
   <div class='ocr_carea' id='block_1_26' title="bbox 324 2370 1983 2446">
    <p class='ocr_par' dir='ltr' id='par_1_26' title="bbox 324 2370 1983 2446">
     <span class='ocr_line' id='line_1_26' title="bbox 324 2370 1983 2446; baseline -0.002 -17"><span class='ocrx_word' id='word_1_163' title='bbox 324 2390 562 2429; x_wconf 87' lang='lat' dir='ltr'><strong>carnem</strong></span> <span class='ocrx_word' id='word_1_164' title='bbox 600 2375 1012 2446; x_wconf 85' lang='lat' dir='ltr'><strong>assumpserit,</strong></span> <span class='ocrx_word' id='word_1_165' title='bbox 1038 2373 1314 2430; x_wconf 86' lang='lat' dir='ltr'><strong>ostendit.</strong></span> <span class='ocrx_word' id='word_1_166' title='bbox 1347 2373 1536 2437; x_wconf 85' lang='lat' dir='ltr'><strong>Quare</strong></span> <span class='ocrx_word' id='word_1_167' title='bbox 1559 2371 1726 2443; x_wconf 83' lang='lat' dir='ltr'><strong>quasi</strong></span> <span class='ocrx_word' id='word_1_168' title='bbox 1757 2370 1817 2425; x_wconf 91' lang='lat' dir='ltr'><strong>in</strong></span> <span class='ocrx_word' id='word_1_169' title='bbox 1848 2386 1983 2426; x_wconf 86' lang='lat' dir='ltr'><strong>con-</strong></span> 
     </span>
    </p>
   </div>
   <div class='ocr_carea' id='block_1_27' title="bbox 314 2459 1984 2534">
    <p class='ocr_par' dir='ltr' id='par_1_27' title="bbox 314 2459 1984 2534">
     <span class='ocr_line' id='line_1_27' title="bbox 314 2459 1984 2534; baseline -0.002 -16"><span class='ocrx_word' id='word_1_170' title='bbox 314 2462 483 2534; x_wconf 87' lang='lat' dir='ltr'><strong>jugio</strong></span> <span class='ocrx_word' id='word_1_171' title='bbox 512 2461 689 2518; x_wconf 89' lang='lat' dir='ltr'><strong>Verbi</strong></span> <span class='ocrx_word' id='word_1_172' title='bbox 738 2467 792 2519; x_wconf 79' lang='lat' dir='ltr'><strong>et</strong></span> <span class='ocrx_word' id='word_1_173' title='bbox 851 2462 1047 2518; x_wconf 83' lang='lat' dir='ltr'><strong>carnis</strong></span> <span class='ocrx_word' id='word_1_174' title='bbox 1122 2461 1568 2534; x_wconf 88' lang='lat' dir='ltr'><strong>epithalamium</strong></span> <span class='ocrx_word' id='word_1_175' title='bbox 1631 2459 1788 2516; x_wconf 88' lang='lat' dir='ltr'><strong>canit</strong></span> <span class='ocrx_word' id='word_1_176' title='bbox 1838 2459 1984 2514; x_wconf 90' lang='lat' dir='ltr'><strong>Can-</strong></span> 
     </span>
    </p>
   </div>
   <div class='ocr_carea' id='block_1_28' title="bbox 321 2548 1987 2621">
    <p class='ocr_par' dir='ltr' id='par_1_28' title="bbox 321 2548 1987 2621">
     <span class='ocr_line' id='line_1_28' title="bbox 321 2548 1987 2621; baseline -0.001 -16"><span class='ocrx_word' id='word_1_177' title='bbox 321 2550 503 2606; x_wconf 90' lang='lat' dir='ltr'><strong>ticum</strong></span> <span class='ocrx_word' id='word_1_178' title='bbox 538 2550 925 2606; x_wconf 88' lang='lat' dir='ltr'><strong>canticorum.</strong></span> <span class='ocrx_word' id='word_1_179' title='bbox 962 2550 1028 2605; x_wconf 88' lang='lat' dir='ltr'><strong>Et</strong></span> <span class='ocrx_word' id='word_1_180' title='bbox 1076 2550 1202 2606; x_wconf 60' lang='lat' dir='ltr'><strong>alia:</strong></span> <span class='ocrx_word' id='word_1_181' title='bbox 1261 2550 1498 2621; x_wconf 88' lang='lat' dir='ltr'><strong>quidem</strong></span> <span class='ocrx_word' id='word_1_182' title='bbox 1550 2549 1858 2618; x_wconf 70' lang='lat' dir='ltr'><strong>Scripturae</strong></span> <span class='ocrx_word' id='word_1_183' title='bbox 1916 2548 1987 2603; x_wconf 92' lang='lat' dir='ltr'><strong>de</strong></span> 
     </span>
    </p>
   </div>
   <div class='ocr_carea' id='block_1_29' title="bbox 323 2637 1982 2711">
    <p class='ocr_par' dir='ltr' id='par_1_29' title="bbox 323 2637 1982 2711">
     <span class='ocr_line' id='line_1_29' title="bbox 323 2637 1982 2711; baseline -0.001 -17"><span class='ocrx_word' id='word_1_184' title='bbox 323 2637 618 2694; x_wconf 86' lang='lat' dir='ltr'><strong>Salvatore</strong></span> <span class='ocrx_word' id='word_1_185' title='bbox 670 2638 1017 2711; x_wconf 88' lang='lat' dir='ltr'><strong>loquuntur,</strong></span> <span class='ocrx_word' id='word_1_186' title='bbox 1075 2644 1132 2695; x_wconf 92' lang='lat' dir='ltr'><strong>et</strong></span> <span class='ocrx_word' id='word_1_187' title='bbox 1207 2638 1432 2694; x_wconf 88' lang='lat' dir='ltr'><strong>interea</strong></span> <span class='ocrx_word' id='word_1_188' title='bbox 1518 2638 1632 2693; x_wconf 88' lang='lat' dir='ltr'><strong>alia</strong></span> <span class='ocrx_word' id='word_1_189' title='bbox 1718 2637 1982 2709; x_wconf 79' lang='lat' dir='ltr'><strong>quaedam</strong></span> 
     </span>
    </p>
   </div>
   <div class='ocr_carea' id='block_1_30' title="bbox 321 2726 1983 2799">
    <p class='ocr_par' dir='ltr' id='par_1_30' title="bbox 321 2726 1983 2799">
     <span class='ocr_line' id='line_1_30' title="bbox 321 2726 1983 2799; baseline -0.001 -17"><span class='ocrx_word' id='word_1_190' title='bbox 321 2727 726 2783; x_wconf 82' lang='lat' dir='ltr'><strong>annuntiant:</strong></span> <span class='ocrx_word' id='word_1_191' title='bbox 789 2727 883 2783; x_wconf 89' lang='lat' dir='ltr'><strong>hic</strong></span> <span class='ocrx_word' id='word_1_192' title='bbox 938 2744 1072 2784; x_wconf 86' lang='lat' dir='ltr'><strong>vero</strong></span> <span class='ocrx_word' id='word_1_193' title='bbox 1131 2726 1278 2783; x_wconf 90' lang='lat' dir='ltr'><strong>liber</strong></span> <span class='ocrx_word' id='word_1_194' title='bbox 1335 2726 1674 2799; x_wconf 91' lang='lat' dir='ltr'><strong>conjugium</strong></span> <span class='ocrx_word' id='word_1_195' title='bbox 1753 2730 1983 2781; x_wconf 89' lang='lat' dir='ltr'><strong>tantum</strong></span> 
     </span>
    </p>
   </div>
   <div class='ocr_carea' id='block_1_31' title="bbox 323 2815 1983 2887">
    <p class='ocr_par' dir='ltr' id='par_1_31' title="bbox 323 2815 1983 2887">
     <span class='ocr_line' id='line_1_31' title="bbox 323 2815 1983 2887; baseline 0 -17"><span class='ocrx_word' id='word_1_196' title='bbox 323 2816 499 2871; x_wconf 81' lang='lat' dir='ltr'><strong>Verbi</strong></span> <span class='ocrx_word' id='word_1_197' title='bbox 531 2820 590 2872; x_wconf 87' lang='lat' dir='ltr'><strong>et</strong></span> <span class='ocrx_word' id='word_1_198' title='bbox 620 2817 812 2872; x_wconf 90' lang='lat' dir='ltr'><strong>carnis</strong></span> <span class='ocrx_word' id='word_1_199' title='bbox 858 2817 1035 2873; x_wconf 88' lang='lat' dir='ltr'><strong>canit.</strong></span> <span class='ocrx_word' id='word_1_200' title='bbox 1096 2817 1485 2882; x_wconf 87' lang='lat' dir='ltr'><strong>Quamobrem</strong></span> <span class='ocrx_word' id='word_1_201' title='bbox 1546 2816 1604 2871; x_wconf 91' lang='lat' dir='ltr'><strong>in</strong></span> <span class='ocrx_word' id='word_1_202' title='bbox 1664 2815 1794 2870; x_wconf 88' lang='lat' dir='ltr'><strong>aliis</strong></span> <span class='ocrx_word' id='word_1_203' title='bbox 1852 2815 1983 2887; x_wconf 91' lang='lat' dir='ltr'><strong>qui-</strong></span> 
     </span>
    </p>
   </div>
   <div class='ocr_carea' id='block_1_32' title="bbox 320 2906 1983 2980">
    <p class='ocr_par' dir='ltr' id='par_1_32' title="bbox 320 2906 1983 2980">
     <span class='ocr_line' id='line_1_32' title="bbox 320 2906 1983 2980; baseline 0.001 -18"><span class='ocrx_word' id='word_1_204' title='bbox 320 2906 452 2962; x_wconf 89' lang='lat' dir='ltr'><strong>dem</strong></span> <span class='ocrx_word' id='word_1_205' title='bbox 486 2908 823 2980; x_wconf 80' lang='lat' dir='ltr'><strong>Scripturis,</strong></span> <span class='ocrx_word' id='word_1_206' title='bbox 853 2908 992 2979; x_wconf 90' lang='lat' dir='ltr'><strong>quia</strong></span> <span class='ocrx_word' id='word_1_207' title='bbox 1055 2908 1171 2963; x_wconf 90' lang='lat' dir='ltr'><strong>alia</strong></span> <span class='ocrx_word' id='word_1_208' title='bbox 1226 2908 1495 2979; x_wconf 68' lang='lat' dir='ltr'><strong>quaedam</strong></span> <span class='ocrx_word' id='word_1_209' title='bbox 1556 2906 1983 2980; x_wconf 85' lang='lat' dir='ltr'><strong>signiﬁcantur,</strong></span> 
     </span>
    </p>
   </div>
   <div class='ocr_carea' id='block_1_33' title="bbox 321 2995 1984 3068">
    <p class='ocr_par' dir='ltr' id='par_1_33' title="bbox 321 2995 1984 3068">
     <span class='ocr_line' id='line_1_33' title="bbox 321 2995 1984 3068; baseline 0.001 -17"><span class='ocrx_word' id='word_1_210' title='bbox 321 2995 744 3068; x_wconf 81' lang='lat' dir='ltr'><strong>indignationis</strong></span> <span class='ocrx_word' id='word_1_211' title='bbox 768 3002 826 3052; x_wconf 89' lang='lat' dir='ltr'><strong>et</strong></span> <span class='ocrx_word' id='word_1_212' title='bbox 849 2997 948 3051; x_wconf 64' lang='lat' dir='ltr'><strong>ira:</strong></span> <span class='ocrx_word' id='word_1_213' title='bbox 970 3012 1277 3052; x_wconf 89' lang='lat' dir='ltr'><strong>sermones</strong></span> <span class='ocrx_word' id='word_1_214' title='bbox 1298 3013 1365 3052; x_wconf 89' lang='lat' dir='ltr'><strong>ac</strong></span> <span class='ocrx_word' id='word_1_215' title='bbox 1388 2997 1790 3053; x_wconf 82' lang='lat' dir='ltr'><strong>formidabiles</strong></span> <span class='ocrx_word' id='word_1_216' title='bbox 1813 2997 1984 3052; x_wconf 61' lang='lat' dir='ltr'><strong>minae</strong></span> 
     </span>
    </p>
   </div>
   <div class='ocr_carea' id='block_1_34' title="bbox 321 3085 1982 3159">
    <p class='ocr_par' dir='ltr' id='par_1_34' title="bbox 321 3085 1982 3159">
     <span class='ocr_line' id='line_1_34' title="bbox 321 3085 1982 3159; baseline 0.002 -20"><span class='ocrx_word' id='word_1_217' title='bbox 321 3085 566 3141; x_wconf 87' lang='lat' dir='ltr'><strong>insunt:</strong></span> <span class='ocrx_word' id='word_1_218' title='bbox 600 3103 857 3158; x_wconf 55' lang='lat' dir='ltr'><strong>praesens</strong></span> <span class='ocrx_word' id='word_1_219' title='bbox 889 3103 1022 3142; x_wconf 90' lang='lat' dir='ltr'><strong>vero</strong></span> <span class='ocrx_word' id='word_1_220' title='bbox 1053 3085 1222 3151; x_wconf 88' lang='lat' dir='ltr'><strong>liber,</strong></span> <span class='ocrx_word' id='word_1_221' title='bbox 1277 3086 1555 3159; x_wconf 88' lang='lat' dir='ltr'><strong>quoniam</strong></span> <span class='ocrx_word' id='word_1_222' title='bbox 1592 3086 1738 3141; x_wconf 90' lang='lat' dir='ltr'><strong>nihil</strong></span> <span class='ocrx_word' id='word_1_223' title='bbox 1798 3087 1982 3153; x_wconf 90' lang='lat' dir='ltr'><strong>aliud,</strong></span> 
     </span>
    </p>
   </div>
   <div class='ocr_carea' id='block_1_35' title="bbox 322 3173 1983 3247">
    <p class='ocr_par' dir='ltr' id='par_1_35' title="bbox 322 3173 1983 3247">
     <span class='ocr_line' id='line_1_35' title="bbox 322 3173 1983 3247; baseline 0.002 -19"><span class='ocrx_word' id='word_1_224' title='bbox 322 3190 500 3245; x_wconf 90' lang='lat' dir='ltr'><strong>quam</strong></span> <span class='ocrx_word' id='word_1_225' title='bbox 563 3173 729 3230; x_wconf 87' lang='lat' dir='ltr'><strong>Verbi</strong></span> <span class='ocrx_word' id='word_1_226' title='bbox 797 3175 1168 3247; x_wconf 70' lang='lat' dir='ltr'><strong>praesentiam</strong></span> <span class='ocrx_word' id='word_1_227' title='bbox 1245 3174 1538 3246; x_wconf 83' lang='lat' dir='ltr'><strong>signiﬁcat</strong></span> <span class='ocrx_word' id='word_1_228' title='bbox 1592 3176 1983 3245; x_wconf 88' lang='lat' dir='ltr'><strong>jucunditatis</strong></span> 
     </span>
    </p>
   </div>
   <div class='ocr_carea' id='block_1_36' title="bbox 323 3262 1982 3336">
    <p class='ocr_par' dir='ltr' id='par_1_36' title="bbox 323 3262 1982 3336">
     <span class='ocr_line' id='line_1_36' title="bbox 323 3262 1982 3336; baseline 0.002 -19"><span class='ocrx_word' id='word_1_229' title='bbox 323 3266 577 3328; x_wconf 86' lang='lat' dir='ltr'><strong>tantum,</strong></span> <span class='ocrx_word' id='word_1_230' title='bbox 609 3263 806 3334; x_wconf 89' lang='lat' dir='ltr'><strong>gaudii</strong></span> <span class='ocrx_word' id='word_1_231' title='bbox 845 3280 910 3318; x_wconf 90' lang='lat' dir='ltr'><strong>ac</strong></span> <span class='ocrx_word' id='word_1_232' title='bbox 944 3262 1153 3319; x_wconf 69' lang='lat' dir='ltr'><strong>laetitiae</strong></span> <span class='ocrx_word' id='word_1_233' title='bbox 1187 3280 1488 3320; x_wconf 87' lang='lat' dir='ltr'><strong>sermones</strong></span> <span class='ocrx_word' id='word_1_234' title='bbox 1535 3262 1729 3318; x_wconf 82' lang='lat' dir='ltr'><strong>habet.</strong></span> <span class='ocrx_word' id='word_1_235' title='bbox 1755 3265 1982 3336; x_wconf 88' lang='lat' dir='ltr'><strong>Sponso</strong></span> 
     </span>
    </p>
   </div>
   <div class='ocr_carea' id='block_1_37' title="bbox 324 3349 1988 3425">
    <p class='ocr_par' dir='ltr' id='par_1_37' title="bbox 324 3349 1988 3425">
     <span class='ocr_line' id='line_1_37' title="bbox 324 3349 1988 3425; baseline 0.003 -20"><span class='ocrx_word' id='word_1_236' title='bbox 324 3349 617 3422; x_wconf 84' lang='lat' dir='ltr'><strong>siquidem</strong></span> <span class='ocrx_word' id='word_1_237' title='bbox 651 3358 1137 3425; x_wconf 58' lang='lat' dir='ltr'><strong>praesentemmne</strong></span> <span class='ocrx_word' id='word_1_238' title='bbox 1172 3352 1355 3409; x_wconf 63' lang='lat' dir='ltr'><strong>laetari</strong></span> <span class='ocrx_word' id='word_1_239' title='bbox 1404 3353 1695 3420; x_wconf 89' lang='lat' dir='ltr'><strong>convenit,</strong></span> <span class='ocrx_word' id='word_1_240' title='bbox 1731 3371 1835 3409; x_wconf 84' lang='lat' dir='ltr'><strong>nec</strong></span> <span class='ocrx_word' id='word_1_241' title='bbox 1864 3353 1988 3410; x_wconf 90' lang='lat' dir='ltr'><strong>cui-</strong></span> 
     </span>
    </p>
   </div>
   <div class='ocr_carea' id='block_1_38' title="bbox 323 3437 1986 3513">
    <p class='ocr_par' dir='ltr' id='par_1_38' title="bbox 323 3437 1986 3513">
     <span class='ocr_line' id='line_1_38' title="bbox 323 3437 1986 3513; baseline 0.003 -19"><span class='ocrx_word' id='word_1_242' title='bbox 323 3455 499 3511; x_wconf 89' lang='lat' dir='ltr'><strong>quem</strong></span> <span class='ocrx_word' id='word_1_243' title='bbox 529 3437 851 3511; x_wconf 89' lang='lat' dir='ltr'><strong>lugendum</strong></span> <span class='ocrx_word' id='word_1_244' title='bbox 885 3446 975 3496; x_wconf 89' lang='lat' dir='ltr'><strong>est</strong></span> <span class='ocrx_word' id='word_1_245' title='bbox 998 3440 1183 3497; x_wconf 88' lang='lat' dir='ltr'><strong>:sicut</strong></span> <span class='ocrx_word' id='word_1_246' title='bbox 1212 3446 1268 3497; x_wconf 88' lang='lat' dir='ltr'><strong>et</strong></span> <span class='ocrx_word' id='word_1_247' title='bbox 1305 3442 1431 3513; x_wconf 90' lang='lat' dir='ltr'><strong>ipse</strong></span> <span class='ocrx_word' id='word_1_248' title='bbox 1493 3440 1774 3496; x_wconf 91' lang='lat' dir='ltr'><strong>Dominus</strong></span> <span class='ocrx_word' id='word_1_249' title='bbox 1822 3442 1986 3499; x_wconf 86' lang='lat' dir='ltr'><strong>dixit.</strong></span> 
     </span>
    </p>
   </div>
   <div class='ocr_carea' id='block_1_39' title="bbox 324 3526 1988 3601">
    <p class='ocr_par' dir='ltr' id='par_1_39' title="bbox 324 3526 1988 3601">
     <span class='ocr_line' id='line_1_39' title="bbox 324 3526 1988 3601; baseline 0 -18"><span class='ocrx_word' id='word_1_250' title='bbox 324 3526 551 3583; x_wconf 88' lang='lat' dir='ltr'><strong>Etenim</strong></span> <span class='ocrx_word' id='word_1_251' title='bbox 574 3527 699 3599; x_wconf 87' lang='lat' dir='ltr'><strong>ipse</strong></span> <span class='ocrx_word' id='word_1_252' title='bbox 730 3544 985 3600; x_wconf 77' lang='lat' dir='ltr'><strong>praesens</strong></span> <span class='ocrx_word' id='word_1_253' title='bbox 1016 3528 1391 3584; x_wconf 86' lang='lat' dir='ltr'><strong>infirmitates</strong></span> <span class='ocrx_word' id='word_1_254' title='bbox 1422 3532 1655 3584; x_wconf 90' lang='lat' dir='ltr'><strong>nostras</strong></span> <span class='ocrx_word' id='word_1_255' title='bbox 1718 3530 1988 3601; x_wconf 89' lang='lat' dir='ltr'><strong>portavit,</strong></span> 
     </span>
    </p>
   </div>
   <div class='ocr_carea' id='block_1_40' title="bbox 325 3614 1990 3689">
    <p class='ocr_par' dir='ltr' id='par_1_40' title="bbox 325 3614 1990 3689">
     <span class='ocr_line' id='line_1_40' title="bbox 325 3614 1990 3689; baseline 0 -17"><span class='ocrx_word' id='word_1_256' title='bbox 325 3620 383 3672; x_wconf 87' lang='lat' dir='ltr'><strong>et</strong></span> <span class='ocrx_word' id='word_1_257' title='bbox 428 3614 735 3671; x_wconf 75' lang='lat' dir='ltr'><strong>mmstitias</strong></span> <span class='ocrx_word' id='word_1_258' title='bbox 791 3617 963 3672; x_wconf 87' lang='lat' dir='ltr'><strong>vertit</strong></span> <span class='ocrx_word' id='word_1_259' title='bbox 996 3617 1052 3671; x_wconf 90' lang='lat' dir='ltr'><strong>in</strong></span> <span class='ocrx_word' id='word_1_260' title='bbox 1112 3616 1417 3689; x_wconf 84' lang='lat' dir='ltr'><strong>gaudium.</strong></span> <span class='ocrx_word' id='word_1_261' title='bbox 1483 3617 1990 3680; x_wconf 89' lang='lat' dir='ltr'><strong>Quemadmodum</strong></span> 
     </span>
    </p>
   </div>
   <div class='ocr_carea' id='block_1_41' title="bbox 329 3703 1992 3776">
    <p class='ocr_par' dir='ltr' id='par_1_41' title="bbox 329 3703 1992 3776">
     <span class='ocr_line' id='line_1_41' title="bbox 329 3703 1992 3776; baseline 0.002 -18"><span class='ocrx_word' id='word_1_262' title='bbox 329 3703 510 3776; x_wconf 78' lang='lat' dir='ltr'><strong>igitur</strong></span> <span class='ocrx_word' id='word_1_263' title='bbox 540 3709 672 3775; x_wconf 89' lang='lat' dir='ltr'><strong>post</strong></span> <span class='ocrx_word' id='word_1_264' title='bbox 700 3703 1020 3759; x_wconf 83' lang='lat' dir='ltr'><strong>Salvatoris</strong></span> <span class='ocrx_word' id='word_1_265' title='bbox 1045 3705 1565 3776; x_wconf 76' lang='lat' dir='ltr'><strong>dispensationem,</strong></span> <span class='ocrx_word' id='word_1_266' title='bbox 1602 3706 1830 3761; x_wconf 91' lang='lat' dir='ltr'><strong>nullum</strong></span> <span class='ocrx_word' id='word_1_267' title='bbox 1865 3723 1992 3762; x_wconf 89' lang='lat' dir='ltr'><strong>am-</strong></span> 
     </span>
    </p>
   </div>
   <div class='ocr_carea' id='block_1_42' title="bbox 334 3790 1992 3865">
    <p class='ocr_par' dir='ltr' id='par_1_42' title="bbox 334 3790 1992 3865">
     <span class='ocr_line' id='line_1_42' title="bbox 334 3790 1992 3865; baseline 0.002 -19"><span class='ocrx_word' id='word_1_268' title='bbox 334 3790 491 3864; x_wconf 88' lang='lat' dir='ltr'><strong>plius</strong></span> <span class='ocrx_word' id='word_1_269' title='bbox 518 3792 862 3864; x_wconf 86' lang='lat' dir='ltr'><strong>prephetam</strong></span> <span class='ocrx_word' id='word_1_270' title='bbox 897 3794 1415 3864; x_wconf 85' lang='lat' dir='ltr'><strong>exspectamus,ita</strong></span> <span class='ocrx_word' id='word_1_271' title='bbox 1446 3799 1578 3864; x_wconf 88' lang='lat' dir='ltr'><strong>post</strong></span> <span class='ocrx_word' id='word_1_272' title='bbox 1606 3793 1727 3860; x_wconf 91' lang='lat' dir='ltr'><strong>illa,</strong></span> <span class='ocrx_word' id='word_1_273' title='bbox 1760 3811 1887 3865; x_wconf 75' lang='lat' dir='ltr'><strong>quas</strong></span> <span class='ocrx_word' id='word_1_274' title='bbox 1933 3794 1992 3849; x_wconf 90' lang='lat' dir='ltr'><strong>in</strong></span> 
     </span>
    </p>
   </div>
   <div class='ocr_carea' id='block_1_43' title="bbox 335 3879 1998 3951">
    <p class='ocr_par' dir='ltr' id='par_1_43' title="bbox 335 3879 1998 3951">
     <span class='ocr_line' id='line_1_43' title="bbox 335 3879 1998 3951; baseline 0.002 -17"><span class='ocrx_word' id='word_1_275' title='bbox 335 3880 444 3935; x_wconf 89' lang='lat' dir='ltr'><strong>hoc</strong></span> <span class='ocrx_word' id='word_1_276' title='bbox 475 3879 840 3937; x_wconf 89' lang='lat' dir='ltr'><strong>canticorum</strong></span> <span class='ocrx_word' id='word_1_277' title='bbox 884 3881 1121 3936; x_wconf 70' lang='lat' dir='ltr'><strong>Cantica</strong></span> <span class='ocrx_word' id='word_1_278' title='bbox 1166 3881 1493 3951; x_wconf 81' lang='lat' dir='ltr'><strong>signiﬁcata</strong></span> <span class='ocrx_word' id='word_1_279' title='bbox 1524 3887 1683 3948; x_wconf 89' lang='lat' dir='ltr'><strong>sunt,</strong></span> <span class='ocrx_word' id='word_1_280' title='bbox 1744 3899 1859 3937; x_wconf 92' lang='lat' dir='ltr'><strong>non</strong></span> <span class='ocrx_word' id='word_1_281' title='bbox 1908 3889 1998 3938; x_wconf 87' lang='lat' dir='ltr'><strong>est</strong></span> 
     </span>
    </p>
   </div>
   <div class='ocr_carea' id='block_1_44' title="bbox 333 3966 1994 4041">
    <p class='ocr_par' dir='ltr' id='par_1_44' title="bbox 333 3966 1994 4041">
     <span class='ocr_line' id='line_1_44' title="bbox 333 3966 1994 4041; baseline 0.002 -20"><span class='ocrx_word' id='word_1_282' title='bbox 333 3966 518 4033; x_wconf 86' lang='lat' dir='ltr'><strong>aliud,</strong></span> <span class='ocrx_word' id='word_1_283' title='bbox 550 3970 705 4039; x_wconf 89' lang='lat' dir='ltr'><strong>quod</strong></span> <span class='ocrx_word' id='word_1_284' title='bbox 736 3968 1027 4024; x_wconf 87' lang='lat' dir='ltr'><strong>recentius</strong></span> <span class='ocrx_word' id='word_1_285' title='bbox 1059 3968 1276 4038; x_wconf 85' lang='lat' dir='ltr'><strong>aliquid</strong></span> <span class='ocrx_word' id='word_1_286' title='bbox 1312 3969 1623 4040; x_wconf 84' lang='lat' dir='ltr'><strong>signiticet,</strong></span> <span class='ocrx_word' id='word_1_287' title='bbox 1654 3977 1994 4041; x_wconf 82' lang='lat' dir='ltr'><strong>exspectan-</strong></span> 
     </span>
    </p>
   </div>
   <div class='ocr_carea' id='block_1_45' title="bbox 332 4056 1995 4129">
    <p class='ocr_par' dir='ltr' id='par_1_45' title="bbox 332 4056 1995 4129">
     <span class='ocr_line' id='line_1_45' title="bbox 332 4056 1995 4129; baseline 0.002 -19"><span class='ocrx_word' id='word_1_288' title='bbox 332 4056 495 4112; x_wconf 91' lang='lat' dir='ltr'><strong>dum.</strong></span> <span class='ocrx_word' id='word_1_289' title='bbox 559 4056 785 4111; x_wconf 85' lang='lat' dir='ltr'><strong>Etenim</strong></span> <span class='ocrx_word' id='word_1_290' title='bbox 848 4073 973 4128; x_wconf 68' lang='lat' dir='ltr'><strong>qua:</strong></span> <span class='ocrx_word' id='word_1_291' title='bbox 1034 4057 1089 4112; x_wconf 92' lang='lat' dir='ltr'><strong>in</strong></span> <span class='ocrx_word' id='word_1_292' title='bbox 1138 4059 1243 4111; x_wconf 88' lang='lat' dir='ltr'><strong>hoc</strong></span> <span class='ocrx_word' id='word_1_293' title='bbox 1274 4058 1509 4113; x_wconf 89' lang='lat' dir='ltr'><strong>Cantico</strong></span> <span class='ocrx_word' id='word_1_294' title='bbox 1568 4058 1995 4129; x_wconf 76' lang='lat' dir='ltr'><strong>significantur,</strong></span> 
     </span>
    </p>
   </div>
   <div class='ocr_carea' id='block_1_46' title="bbox 331 4145 1995 4218">
    <p class='ocr_par' dir='ltr' id='par_1_46' title="bbox 331 4145 1995 4218">
     <span class='ocr_line' id='line_1_46' title="bbox 331 4145 1995 4218; baseline 0.002 -19"><span class='ocrx_word' id='word_1_295' title='bbox 331 4145 535 4201; x_wconf 84' lang='lat' dir='ltr'><strong>eadem</strong></span> <span class='ocrx_word' id='word_1_296' title='bbox 567 4150 625 4199; x_wconf 90' lang='lat' dir='ltr'><strong>et</strong></span> <span class='ocrx_word' id='word_1_297' title='bbox 656 4146 712 4199; x_wconf 90' lang='lat' dir='ltr'><strong>in</strong></span> <span class='ocrx_word' id='word_1_298' title='bbox 750 4145 1050 4216; x_wconf 85' lang='lat' dir='ltr'><strong>prophetis</strong></span> <span class='ocrx_word' id='word_1_299' title='bbox 1082 4150 1138 4200; x_wconf 87' lang='lat' dir='ltr'><strong>et</strong></span> <span class='ocrx_word' id='word_1_300' title='bbox 1170 4146 1303 4201; x_wconf 86' lang='lat' dir='ltr'><strong>aliis</strong></span> <span class='ocrx_word' id='word_1_301' title='bbox 1336 4146 1652 4217; x_wconf 86' lang='lat' dir='ltr'><strong>Scripturis</strong></span> <span class='ocrx_word' id='word_1_302' title='bbox 1686 4164 1786 4218; x_wconf 88' lang='lat' dir='ltr'><strong>per</strong></span> <span class='ocrx_word' id='word_1_303' title='bbox 1819 4148 1995 4203; x_wconf 86' lang='lat' dir='ltr'><strong>inter-</strong></span> 
     </span>
    </p>
   </div>
   <div class='ocr_carea' id='block_1_47' title="bbox 333 4233 1997 4306">
    <p class='ocr_par' dir='ltr' id='par_1_47' title="bbox 333 4233 1997 4306">
     <span class='ocr_line' id='line_1_47' title="bbox 333 4233 1997 4306; baseline 0.004 -19"><span class='ocrx_word' id='word_1_304' title='bbox 333 4233 483 4288; x_wconf 85' lang='lat' dir='ltr'><strong>valla</strong></span> <span class='ocrx_word' id='word_1_305' title='bbox 513 4234 667 4288; x_wconf 89' lang='lat' dir='ltr'><strong>dicta</strong></span> <span class='ocrx_word' id='word_1_306' title='bbox 699 4235 1474 4304; x_wconf 78' lang='lat' dir='ltr'><strong>deprehenduntur.Bursus</strong></span> <span class='ocrx_word' id='word_1_307' title='bbox 1499 4237 1997 4306; x_wconf 89' lang='lat' dir='ltr'><strong>quemadmodum</strong></span> 
     </span>
    </p>
   </div>
   <div class='ocr_carea' id='block_1_48' title="bbox 336 4323 2000 4396">
    <p class='ocr_par' dir='ltr' id='par_1_48' title="bbox 336 4323 2000 4396">
     <span class='ocr_line' id='line_1_48' title="bbox 336 4323 2000 4396; baseline 0.003 -18"><span class='ocrx_word' id='word_1_308' title='bbox 336 4326 566 4396; x_wconf 91' lang='lat' dir='ltr'><strong>Agnum</strong></span> <span class='ocrx_word' id='word_1_309' title='bbox 600 4323 698 4379; x_wconf 90' lang='lat' dir='ltr'><strong>Dei</strong></span> <span class='ocrx_word' id='word_1_310' title='bbox 730 4325 984 4379; x_wconf 86' lang='lat' dir='ltr'><strong>Joannes</strong></span> <span class='ocrx_word' id='word_1_311' title='bbox 1014 4324 1296 4390; x_wconf 88' lang='lat' dir='ltr'><strong>ostendit,</strong></span> <span class='ocrx_word' id='word_1_312' title='bbox 1325 4329 1501 4396; x_wconf 83' lang='lat' dir='ltr'><strong>atque</strong></span> <span class='ocrx_word' id='word_1_313' title='bbox 1535 4327 1603 4380; x_wconf 89' lang='lat' dir='ltr'><strong>ad</strong></span> <span class='ocrx_word' id='word_1_314' title='bbox 1627 4325 1870 4381; x_wconf 88' lang='lat' dir='ltr'><strong>Joanem</strong></span> <span class='ocrx_word' id='word_1_315' title='bbox 1902 4345 2000 4383; x_wconf 92' lang='lat' dir='ltr'><strong>us-</strong></span> 
     </span>
    </p>
   </div>
   <div class='ocr_carea' id='block_1_49' title="bbox 338 4410 2001 4483">
    <p class='ocr_par' dir='ltr' id='par_1_49' title="bbox 338 4410 2001 4483">
     <span class='ocr_line' id='line_1_49' title="bbox 338 4410 2001 4483; baseline 0.003 -18"><span class='ocrx_word' id='word_1_316' title='bbox 338 4426 452 4483; x_wconf 90' lang='lat' dir='ltr'><strong>que</strong></span> <span class='ocrx_word' id='word_1_317' title='bbox 480 4410 569 4467; x_wconf 82' lang='lat' dir='ltr'><strong>lex</strong></span> <span class='ocrx_word' id='word_1_318' title='bbox 603 4417 692 4468; x_wconf 89' lang='lat' dir='ltr'><strong>est</strong></span> <span class='ocrx_word' id='word_1_319' title='bbox 722 4418 778 4466; x_wconf 86' lang='lat' dir='ltr'><strong>et</strong></span> <span class='ocrx_word' id='word_1_320' title='bbox 806 4411 1138 4482; x_wconf 64' lang='lat' dir='ltr'><strong>prepheta:</strong></span> <span class='ocrx_word' id='word_1_321' title='bbox 1176 4413 1258 4467; x_wconf 87' lang='lat' dir='ltr'><strong>ita</strong></span> <span class='ocrx_word' id='word_1_322' title='bbox 1288 4430 1415 4483; x_wconf 78' lang='lat' dir='ltr'><strong>quae</strong></span> <span class='ocrx_word' id='word_1_323' title='bbox 1446 4414 1503 4467; x_wconf 88' lang='lat' dir='ltr'><strong>in</strong></span> <span class='ocrx_word' id='word_1_324' title='bbox 1558 4413 1798 4468; x_wconf 90' lang='lat' dir='ltr'><strong>Cantico</strong></span> <span class='ocrx_word' id='word_1_325' title='bbox 1864 4431 2001 4470; x_wconf 87' lang='lat' dir='ltr'><strong>can-</strong></span> 
     </span>
    </p>
   </div>
   <div class='ocr_carea' id='block_1_50' title="bbox 339 4500 2000 4573">
    <p class='ocr_par' dir='ltr' id='par_1_50' title="bbox 339 4500 2000 4573">
     <span class='ocr_line' id='line_1_50' title="bbox 339 4500 2000 4573; baseline 0.002 -17"><span class='ocrx_word' id='word_1_326' title='bbox 339 4501 585 4557; x_wconf 89' lang='lat' dir='ltr'><strong>ticorum</strong></span> <span class='ocrx_word' id='word_1_327' title='bbox 619 4500 1211 4573; x_wconf 72' lang='lat' dir='ltr'><strong>I23signiﬁcantur,</strong></span> <span class='ocrx_word' id='word_1_328' title='bbox 1248 4501 1382 4555; x_wconf 83' lang='lat' dir='ltr'><strong>finis</strong></span> <span class='ocrx_word' id='word_1_329' title='bbox 1419 4506 1560 4556; x_wconf 88' lang='lat' dir='ltr'><strong>sunt</strong></span> <span class='ocrx_word' id='word_1_330' title='bbox 1589 4502 1855 4558; x_wconf 88' lang='lat' dir='ltr'><strong>omnium</strong></span> <span class='ocrx_word' id='word_1_331' title='bbox 1910 4522 2000 4560; x_wconf 85' lang='lat' dir='ltr'><strong>eo—</strong></span> 
     </span>
    </p>
   </div>
   <div class='ocr_carea' id='block_1_51' title="bbox 2100 592 3756 682">
    <p class='ocr_par' dir='ltr' id='par_1_51' title="bbox 2100 592 3756 682">
     <span class='ocr_line' id='line_1_51' title="bbox 2100 592 3756 682; baseline 0.012 -39"><span class='ocrx_word' id='word_1_332' title='bbox 2100 592 2288 682; x_wconf 71' lang='grc' dir='ltr'>Γραφῇ</span> <span class='ocrx_word' id='word_1_333' title='bbox 2329 596 2491 647; x_wconf 78' lang='grc' dir='ltr'>τοῦτο</span> <span class='ocrx_word' id='word_1_334' title='bbox 2525 597 2953 682; x_wconf 58' lang='grc' dir='ltr'><strong>Δπροηγούμενον</strong></span> <span class='ocrx_word' id='word_1_335' title='bbox 3003 602 3068 669; x_wconf 76' lang='grc' dir='ltr'><strong>ἦν</strong></span> <span class='ocrx_word' id='word_1_336' title='bbox 3129 601 3519 677; x_wconf 62' lang='grc' dir='ltr'>ἀπαγγέλλειν.</span> <span class='ocrx_word' id='word_1_337' title='bbox 3572 612 3756 682; x_wconf 84' lang='grc' dir='ltr'>Παρα-</span> 
     </span>
    </p>
   </div>
   <div class='ocr_carea' id='block_1_52' title="bbox 2096 677 3754 765">
    <p class='ocr_par' dir='ltr' id='par_1_52' title="bbox 2096 677 3754 765">
     <span class='ocr_line' id='line_1_52' title="bbox 2096 677 3754 765; baseline 0.012 -33"><span class='ocrx_word' id='word_1_338' title='bbox 2096 677 2490 765; x_wconf 76' lang='grc' dir='ltr'>κολουθήματα</span> <span class='ocrx_word' id='word_1_339' title='bbox 2520 679 2578 737; x_wconf 77' lang='grc' dir='ltr'><strong>δὲ</strong></span> <span class='ocrx_word' id='word_1_340' title='bbox 2605 688 2683 755; x_wconf 76' lang='grc' dir='ltr'>τῷ</span> <span class='ocrx_word' id='word_1_341' title='bbox 2714 685 2844 758; x_wconf 85' lang='grc' dir='ltr'>θείῳ</span> <span class='ocrx_word' id='word_1_342' title='bbox 2876 685 3043 763; x_wconf 83' lang='grc' dir='ltr'>διηγή</span> <span class='ocrx_word' id='word_1_343' title='bbox 3057 710 3184 761; x_wconf 90' lang='grc' dir='ltr'>ματι</span> <span class='ocrx_word' id='word_1_344' title='bbox 3231 691 3412 765; x_wconf 80' lang='grc' dir='ltr'>τούτῳ</span> <span class='ocrx_word' id='word_1_345' title='bbox 3472 677 3754 753; x_wconf 68' lang='grc' dir='ltr'>ποιοῦνται</span> 
     </span>
    </p>
   </div>
   <div class='ocr_carea' id='block_1_53' title="bbox 2100 762 3752 859">
    <p class='ocr_par' dir='ltr' id='par_1_53' title="bbox 2100 762 3752 859">
     <span class='ocr_line' id='line_1_53' title="bbox 2100 762 3752 859; baseline 0.012 -37"><span class='ocrx_word' id='word_1_346' title='bbox 2100 762 2298 859; x_wconf 58' lang='grc' dir='ltr'>λόγους</span> <span class='ocrx_word' id='word_1_347' title='bbox 2352 771 2476 846; x_wconf 85' lang='grc' dir='ltr'>περὶ</span> <span class='ocrx_word' id='word_1_348' title='bbox 2532 776 2641 826; x_wconf 88' lang='grc' dir='ltr'><strong>τῶν</strong></span> <span class='ocrx_word' id='word_1_349' title='bbox 2704 773 2867 838; x_wconf 83' lang='grc' dir='ltr'>ἐθνῶν</span> <span class='ocrx_word' id='word_1_350' title='bbox 2914 762 3396 850; x_wconf 73' lang='grc' dir='ltr'>Βαϐυλῶνος,</span> <span class='ocrx_word' id='word_1_351' title='bbox 3442 790 3752 859; x_wconf 73' lang='grc' dir='ltr'><strong>Δαμασκοῦ,</strong></span> 
     </span>
    </p>
   </div>
   <div class='ocr_carea' id='block_1_54' title="bbox 2096 851 3755 948">
    <p class='ocr_par' dir='ltr' id='par_1_54' title="bbox 2096 851 3755 948">
     <span class='ocr_line' id='line_1_54' title="bbox 2096 851 3755 948; baseline 0.013 -40"><span class='ocrx_word' id='word_1_352' title='bbox 2096 851 2290 948; x_wconf 55' lang='grc' dir='ltr'>ῌωᾶϐ,</span> <span class='ocrx_word' id='word_1_353' title='bbox 2324 859 2550 913; x_wconf 79' lang='grc' dir='ltr'>καὶτῶν</span> <span class='ocrx_word' id='word_1_354' title='bbox 2583 859 2790 917; x_wconf 70' lang='grc' dir='ltr'>ἄλλων.</span> <span class='ocrx_word' id='word_1_355' title='bbox 2825 864 2923 918; x_wconf 78' lang='grc' dir='ltr'>Καὶ</span> <span class='ocrx_word' id='word_1_356' title='bbox 2972 861 3042 919; x_wconf 82' lang='grc' dir='ltr'><strong>δι’</strong></span> <span class='ocrx_word' id='word_1_357' title='bbox 3085 865 3314 938; x_wconf 71' lang='grc' dir='ltr'>ἑκάστης</span> <span class='ocrx_word' id='word_1_358' title='bbox 3371 851 3583 948; x_wconf 56' lang='grc' dir='ltr'>Γραφίῆς</span> <span class='ocrx_word' id='word_1_359' title='bbox 3637 851 3755 938; x_wconf 78' lang='grc' dir='ltr'>τοῖς</span> 
     </span>
    </p>
   </div>
   <div class='ocr_carea' id='block_1_55' title="bbox 2100 944 3753 1039">
    <p class='ocr_par' dir='ltr' id='par_1_55' title="bbox 2100 944 3753 1039">
     <span class='ocr_line' id='line_1_55' title="bbox 2100 944 3753 1039; baseline 0.012 -41"><span class='ocrx_word' id='word_1_360' title='bbox 2100 944 2194 1017; x_wconf 74' lang='grc' dir='ltr'>μὲν</span> <span class='ocrx_word' id='word_1_361' title='bbox 2249 947 2645 1039; x_wconf 77' lang='grc' dir='ltr'>ἁμαρτάνουσιν</span> <span class='ocrx_word' id='word_1_362' title='bbox 2697 950 3011 1025; x_wconf 75' lang='grc' dir='ltr'>ἐπιτιμῶσι’</span> <span class='ocrx_word' id='word_1_363' title='bbox 3043 954 3171 1016; x_wconf 78' lang='grc' dir='ltr'>τοὺς</span> <span class='ocrx_word' id='word_1_364' title='bbox 3228 953 3287 1011; x_wconf 66' lang='grc' dir='ltr'><strong>δὲ</strong></span> <span class='ocrx_word' id='word_1_365' title='bbox 3340 944 3753 1039; x_wconf 71' lang='grc' dir='ltr'>προληφθέντας</span> 
     </span>
    </p>
   </div>
   <div class='ocr_carea' id='block_1_56' title="bbox 2096 1033 3750 1120">
    <p class='ocr_par' dir='ltr' id='par_1_56' title="bbox 2096 1033 3750 1120">
     <span class='ocr_line' id='line_1_56' title="bbox 2096 1033 3750 1120; baseline 0.011 -32"><span class='ocrx_word' id='word_1_366' title='bbox 2096 1033 2488 1109; x_wconf 71' lang='grc' dir='ltr'>προτρέπονται</span> <span class='ocrx_word' id='word_1_367' title='bbox 2544 1045 2845 1111; x_wconf 89' lang='grc' dir='ltr'>μετανοεῖν,</span> <span class='ocrx_word' id='word_1_368' title='bbox 2878 1040 3228 1107; x_wconf 78' lang='grc' dir='ltr'>ἀπειλοῦντες</span> <span class='ocrx_word' id='word_1_369' title='bbox 3282 1033 3391 1116; x_wconf 12' lang='grc' dir='ltr'>τὴν*</span> <span class='ocrx_word' id='word_1_370' title='bbox 3447 1033 3750 1120; x_wconf 72' lang='grc' dir='ltr'>μέλλουσαν</span> 
     </span>
    </p>
   </div>
   <div class='ocr_carea' id='block_1_57' title="bbox 2093 1126 3758 1213">
    <p class='ocr_par' dir='ltr' id='par_1_57' title="bbox 2093 1126 3758 1213">
     <span class='ocr_line' id='line_1_57' title="bbox 2093 1126 3758 1213; baseline 0.011 -36"><span class='ocrx_word' id='word_1_371' title='bbox 2093 1127 2191 1177; x_wconf 75' lang='grc' dir='ltr'><strong>τοῦ</strong></span> <span class='ocrx_word' id='word_1_372' title='bbox 2222 1126 2391 1198; x_wconf 87' lang='grc' dir='ltr'>πυρὸς</span> <span class='ocrx_word' id='word_1_373' title='bbox 2421 1126 2617 1202; x_wconf 88' lang='grc' dir='ltr'>κρίσιν.</span> <span class='ocrx_word' id='word_1_374' title='bbox 2651 1129 2718 1182; x_wconf 78' lang='grc' dir='ltr'><strong>Αἱ</strong></span> <span class='ocrx_word' id='word_1_375' title='bbox 2779 1132 2875 1202; x_wconf 77' lang='grc' dir='ltr'>μὲν</span> <span class='ocrx_word' id='word_1_376' title='bbox 2934 1129 3025 1185; x_wconf 77' lang='grc' dir='ltr'><strong>οὖν</strong></span> <span class='ocrx_word' id='word_1_377' title='bbox 3086 1130 3251 1189; x_wconf 83' lang='grc' dir='ltr'>ἄλλαι</span> <span class='ocrx_word' id='word_1_378' title='bbox 3288 1137 3491 1213; x_wconf 78' lang='grc' dir='ltr'>Γραφαὶ</span> <span class='ocrx_word' id='word_1_379' title='bbox 3552 1139 3758 1213; x_wconf 84' lang='grc' dir='ltr'>προλέ-</span> 
     </span>
    </p>
   </div>
   <div class='ocr_carea' id='block_1_58' title="bbox 2094 1215 3748 1299">
    <p class='ocr_par' dir='ltr' id='par_1_58' title="bbox 2094 1215 3748 1299">
     <span class='ocr_line' id='line_1_58' title="bbox 2094 1215 3748 1299; baseline 0.011 -35"><span class='ocrx_word' id='word_1_380' title='bbox 2094 1232 2305 1285; x_wconf 88' lang='grc' dir='ltr'>γουσιν,</span> <span class='ocrx_word' id='word_1_381' title='bbox 2339 1215 2452 1268; x_wconf 79' lang='grc' dir='ltr'>οἷον</span> <span class='ocrx_word' id='word_1_382' title='bbox 2509 1222 2710 1285; x_wconf 79' lang='grc' dir='ltr'>Μωσῆς</span> <span class='ocrx_word' id='word_1_383' title='bbox 2763 1219 2881 1290; x_wconf 83' lang='grc' dir='ltr'><strong>μὲν·</strong></span> <span class='ocrx_word' id='word_1_384' title='bbox 2918 1244 2945 1270; x_wconf 76' lang='grc' dir='ltr'><strong>ιι</strong></span> <span class='ocrx_word' id='word_1_385' title='bbox 2980 1225 3276 1299; x_wconf 71' lang='grc' dir='ltr'>Προφήτην</span> <span class='ocrx_word' id='word_1_386' title='bbox 3338 1224 3465 1298; x_wconf 83' lang='grc' dir='ltr'>ὑμῖν</span> <span class='ocrx_word' id='word_1_387' title='bbox 3519 1226 3748 1299; x_wconf 78' lang='grc' dir='ltr'>ἀναστή-</span> 
     </span>
    </p>
   </div>
   <div class='ocr_carea' id='block_1_59' title="bbox 2097 1301 3750 1395">
    <p class='ocr_par' dir='ltr' id='par_1_59' title="bbox 2097 1301 3750 1395">
     <span class='ocr_line' id='line_1_59' title="bbox 2097 1301 3750 1395; baseline 0.013 -42"><span class='ocrx_word' id='word_1_388' title='bbox 2097 1321 2213 1395; x_wconf 73' lang='grc' dir='ltr'>σει,</span> <span class='ocrx_word' id='word_1_389' title='bbox 2234 1325 2261 1352; x_wconf 84' lang='grc'><strong>››</strong></span> <span class='ocrx_word' id='word_1_390' title='bbox 2294 1301 2494 1395; x_wconf 44' lang='grc' dir='ltr'>λέγων,</span> <span class='ocrx_word' id='word_1_391' title='bbox 2529 1330 2555 1395; x_wconf 66' lang='grc' dir='ltr'>ι(</span> <span class='ocrx_word' id='word_1_392' title='bbox 2589 1305 2784 1381; x_wconf 81' lang='grc' dir='ltr'>Κύριος</span> <span class='ocrx_word' id='word_1_393' title='bbox 2808 1309 2843 1395; x_wconf 17' lang='grc' dir='ltr'>,ὁ</span> <span class='ocrx_word' id='word_1_394' title='bbox 2873 1308 3000 1395; x_wconf 69' lang='grc' dir='ltr'>Θεός</span> <span class='ocrx_word' id='word_1_395' title='bbox 3031 1311 3193 1382; x_wconf 76' lang='grc' dir='ltr'>ἡμῶν</span> <span class='ocrx_word' id='word_1_396' title='bbox 3248 1310 3309 1367; x_wconf 79' lang='grc' dir='ltr'>ἐκ</span> <span class='ocrx_word' id='word_1_397' title='bbox 3358 1319 3465 1368; x_wconf 88' lang='grc' dir='ltr'><strong>τῶν</strong></span> <span class='ocrx_word' id='word_1_398' title='bbox 3497 1313 3750 1395; x_wconf 72' lang='grc' dir='ltr'>ἀδελφῶν</span> 
     </span>
    </p>
   </div>
   <div class='ocr_carea' id='block_1_60' title="bbox 2093 1391 3758 1480">
    <p class='ocr_par' dir='ltr' id='par_1_60' title="bbox 2093 1391 3758 1480">
     <span class='ocr_line' id='line_1_60' title="bbox 2093 1391 3758 1480; baseline 0.011 -38"><span class='ocrx_word' id='word_1_399' title='bbox 2093 1391 2279 1461; x_wconf 75' lang='grc' dir='ltr'>ἡμῶν,</span> <span class='ocrx_word' id='word_1_400' title='bbox 2326 1391 2403 1480; x_wconf 72' lang='grc' dir='ltr'>ᾡς</span> <span class='ocrx_word' id='word_1_401' title='bbox 2446 1391 2563 1465; x_wconf 51' lang='grc' dir='ltr'><strong>ἐμὲ</strong></span> <span class='ocrx_word' id='word_1_402' title='bbox 2596 1414 2624 1446; x_wconf 71' lang='grc' dir='ltr'>ι</span> <span class='ocrx_word' id='word_1_403' title='bbox 2662 1393 2882 1458; x_wconf 80' lang='grc' dir='ltr'>Ἠσαίας</span> <span class='ocrx_word' id='word_1_404' title='bbox 2932 1394 3008 1452; x_wconf 71' lang='grc' dir='ltr'><strong>δέ·</strong></span> <span class='ocrx_word' id='word_1_405' title='bbox 3051 1422 3073 1450; x_wconf 78' lang='grc' dir='ltr'><strong>ι</strong></span> <span class='ocrx_word' id='word_1_406' title='bbox 3109 1396 3248 1455; x_wconf 77' lang='grc' dir='ltr'><strong>Ἰδοὺ</strong></span> <span class='ocrx_word' id='word_1_407' title='bbox 3297 1403 3332 1470; x_wconf 77' lang='grc' dir='ltr'><strong>ἡ</strong></span> <span class='ocrx_word' id='word_1_408' title='bbox 3382 1391 3658 1480; x_wconf 77' lang='grc' dir='ltr'>Παρθένος</span> <span class='ocrx_word' id='word_1_409' title='bbox 3706 1404 3758 1460; x_wconf 79' lang='grc' dir='ltr'>ἐν</span> 
     </span>
    </p>
   </div>
   <div class='ocr_carea' id='block_1_61' title="bbox 2095 1478 3752 1567">
    <p class='ocr_par' dir='ltr' id='par_1_61' title="bbox 2095 1478 3752 1567">
     <span class='ocr_line' id='line_1_61' title="bbox 2095 1478 3752 1567; baseline 0.01 -35"><span class='ocrx_word' id='word_1_410' title='bbox 2095 1480 2287 1554; x_wconf 84' lang='grc' dir='ltr'>γαστρὶ</span> <span class='ocrx_word' id='word_1_411' title='bbox 2341 1478 2467 1554; x_wconf 73' lang='grc' dir='ltr'>ἕξει,</span> <span class='ocrx_word' id='word_1_412' title='bbox 2500 1482 2589 1537; x_wconf 81' lang='grc' dir='ltr'><strong>καὶ</strong></span> <span class='ocrx_word' id='word_1_413' title='bbox 2644 1484 2850 1555; x_wconf 75' lang='grc' dir='ltr'>τέξεται</span> <span class='ocrx_word' id='word_1_414' title='bbox 2907 1487 3044 1542; x_wconf 74' lang='grc' dir='ltr'>υἱόψ</span> <span class='ocrx_word' id='word_1_415' title='bbox 3080 1512 3108 1539; x_wconf 91' lang='grc'><strong>››</strong></span> <span class='ocrx_word' id='word_1_416' title='bbox 3142 1489 3170 1544; x_wconf 82' lang='grc' dir='ltr'>ὁ</span> <span class='ocrx_word' id='word_1_417' title='bbox 3192 1486 3256 1544; x_wconf 74' lang='grc' dir='ltr'><strong>δὲ</strong></span> <span class='ocrx_word' id='word_1_418' title='bbox 3304 1478 3572 1567; x_wconf 84' lang='grc' dir='ltr'>Μιχαίας·</span> <span class='ocrx_word' id='word_1_419' title='bbox 3604 1521 3629 1546; x_wconf 85' lang='grc'><strong>‹‹</strong></span> <span class='ocrx_word' id='word_1_420' title='bbox 3664 1496 3752 1551; x_wconf 84' lang='lat' dir='ltr'><strong>&#39;Ev</strong></span> 
     </span>
    </p>
   </div>
   <div class='ocr_carea' id='block_1_62' title="bbox 2092 1568 3756 1657">
    <p class='ocr_par' dir='ltr' id='par_1_62' title="bbox 2092 1568 3756 1657">
     <span class='ocr_line' id='line_1_62' title="bbox 2092 1568 3756 1657; baseline 0.01 -36"><span class='ocrx_word' id='word_1_421' title='bbox 2092 1574 2211 1657; x_wconf 81' lang='grc' dir='ltr'>ταῖς</span> <span class='ocrx_word' id='word_1_422' title='bbox 2267 1568 2518 1644; x_wconf 82' lang='grc' dir='ltr'>ἐσχάταις</span> <span class='ocrx_word' id='word_1_423' title='bbox 2576 1574 2811 1648; x_wconf 71' lang='grc' dir='ltr'>ἡμέραις</span> <span class='ocrx_word' id='word_1_424' title='bbox 2859 1573 3089 1653; x_wconf 72' lang='grc' dir='ltr'>ἐμφανὲς</span> <span class='ocrx_word' id='word_1_425' title='bbox 3148 1576 3293 1633; x_wconf 80' lang='grc' dir='ltr'>ἔσται</span> <span class='ocrx_word' id='word_1_426' title='bbox 3349 1580 3413 1635; x_wconf 87' lang='grc' dir='ltr'>τὸ</span> <span class='ocrx_word' id='word_1_427' title='bbox 3471 1577 3599 1657; x_wconf 72' lang='grc' dir='ltr'>ὅρος</span> <span class='ocrx_word' id='word_1_428' title='bbox 3654 1590 3756 1638; x_wconf 80' lang='lat' dir='ltr'><strong>Ko-</strong></span> 
     </span>
    </p>
   </div>
   <div class='ocr_carea' id='block_1_63' title="bbox 2096 1656 3753 1741">
    <p class='ocr_par' dir='ltr' id='par_1_63' title="bbox 2096 1656 3753 1741">
     <span class='ocr_line' id='line_1_63' title="bbox 2096 1656 3753 1741; baseline 0.01 -31"><span class='ocrx_word' id='word_1_429' title='bbox 2096 1656 2238 1731; x_wconf 89' lang='grc' dir='ltr'>ρίου.</span> <span class='ocrx_word' id='word_1_430' title='bbox 2274 1682 2300 1707; x_wconf 90' lang='grc'><strong>››</strong></span> <span class='ocrx_word' id='word_1_431' title='bbox 2356 1659 2445 1713; x_wconf 84' lang='grc' dir='ltr'><strong>καὶ</strong></span> <span class='ocrx_word' id='word_1_432' title='bbox 2504 1658 2675 1724; x_wconf 80' lang='grc' dir='ltr'>ἄλλος</span> <span class='ocrx_word' id='word_1_433' title='bbox 2735 1659 2920 1726; x_wconf 76' lang='grc' dir='ltr'>ἄλλως</span> <span class='ocrx_word' id='word_1_434' title='bbox 2971 1661 3255 1741; x_wconf 82' lang='grc' dir='ltr'>προλέγει,</span> <span class='ocrx_word' id='word_1_435' title='bbox 3312 1668 3449 1723; x_wconf 82' lang='grc' dir='ltr'>κατὰ</span> <span class='ocrx_word' id='word_1_436' title='bbox 3498 1672 3597 1739; x_wconf 82' lang='grc' dir='ltr'>τήν</span> <span class='ocrx_word' id='word_1_437' title='bbox 3655 1677 3753 1726; x_wconf 78' lang='grc' dir='ltr'><strong>τοῦ</strong></span> 
     </span>
    </p>
   </div>
   <div class='ocr_carea' id='block_1_64' title="bbox 2096 1746 3747 1835">
    <p class='ocr_par' dir='ltr' id='par_1_64' title="bbox 2096 1746 3747 1835">
     <span class='ocr_line' id='line_1_64' title="bbox 2096 1746 3747 1835; baseline 0.01 -36"><span class='ocrx_word' id='word_1_438' title='bbox 2096 1746 2407 1817; x_wconf 71' lang='grc' dir='ltr'>Πνεῦματος</span> <span class='ocrx_word' id='word_1_439' title='bbox 2439 1749 2622 1825; x_wconf 81' lang='grc' dir='ltr'>χάριν.</span> <span class='ocrx_word' id='word_1_440' title='bbox 2656 1750 2879 1807; x_wconf 80' lang='grc' dir='ltr'>Τούτων</span> <span class='ocrx_word' id='word_1_441' title='bbox 2910 1751 2968 1808; x_wconf 78' lang='grc' dir='ltr'><strong>δὲ</strong></span> <span class='ocrx_word' id='word_1_442' title='bbox 3004 1754 3220 1809; x_wconf 88' lang='grc' dir='ltr'>πάντων</span> <span class='ocrx_word' id='word_1_443' title='bbox 3280 1754 3547 1831; x_wconf 86' lang='grc' dir='ltr'>λεγόντων</span> <span class='ocrx_word' id='word_1_444' title='bbox 3579 1780 3747 1835; x_wconf 88' lang='grc' dir='ltr'>προσ-</span> 
     </span>
    </p>
   </div>
   <div class='ocr_carea' id='block_1_65' title="bbox 2018 1831 3751 1934">
    <p class='ocr_par' dir='ltr' id='par_1_65' title="bbox 2018 1831 3751 1934">
     <span class='ocr_line' id='line_1_65' title="bbox 2018 1831 3751 1934; baseline 0.01 -47"><span class='ocrx_word' id='word_1_445' title='bbox 2018 1869 2065 1934; x_wconf 77' lang='lat' dir='ltr'><strong>B</strong></span> <span class='ocrx_word' id='word_1_446' title='bbox 2096 1831 2319 1934; x_wconf 65' lang='grc' dir='ltr'>εδοκᾶτο</span> <span class='ocrx_word' id='word_1_447' title='bbox 2346 1837 2381 1934; x_wconf 74' lang='grc' dir='ltr'><strong>¹ὁ</strong></span> <span class='ocrx_word' id='word_1_448' title='bbox 2413 1835 2895 1934; x_wconf 65' lang='grc' dir='ltr'>ἀπαγγελλόμενος</span> <span class='ocrx_word' id='word_1_449' title='bbox 2926 1841 3142 1915; x_wconf 70' lang='grc' dir='ltr'>Κύριος.</span> <span class='ocrx_word' id='word_1_450' title='bbox 3177 1844 3275 1898; x_wconf 83' lang='grc' dir='ltr'>Διὰ</span> <span class='ocrx_word' id='word_1_451' title='bbox 3303 1850 3464 1900; x_wconf 78' lang='grc' dir='ltr'>τοῦτο</span> <span class='ocrx_word' id='word_1_452' title='bbox 3493 1847 3585 1902; x_wconf 84' lang='grc' dir='ltr'><strong>καὶ</strong></span> <span class='ocrx_word' id='word_1_453' title='bbox 3614 1831 3751 1903; x_wconf 80' lang='grc' dir='ltr'>πολ-</span> 
     </span>
    </p>
   </div>
   <div class='ocr_carea' id='block_1_66' title="bbox 2099 1923 3755 2001">
    <p class='ocr_par' dir='ltr' id='par_1_66' title="bbox 2099 1923 3755 2001">
     <span class='ocr_line' id='line_1_66' title="bbox 2099 1923 3755 2001; baseline 0.008 -22"><span class='ocrx_word' id='word_1_454' title='bbox 2099 1923 2187 1979; x_wconf 80' lang='grc' dir='ltr'><strong>λοὶ</strong></span> <span class='ocrx_word' id='word_1_455' title='bbox 2247 1924 2620 2001; x_wconf 77' lang='grc' dir='ltr'>ἀπήγγελλον·</span> <span class='ocrx_word' id='word_1_456' title='bbox 2680 1929 2768 1983; x_wconf 82' lang='grc' dir='ltr'><strong>καὶ</strong></span> <span class='ocrx_word' id='word_1_457' title='bbox 2826 1926 2935 1993; x_wconf 76' lang='grc' dir='ltr'>ἓως</span> <span class='ocrx_word' id='word_1_458' title='bbox 3000 1930 3187 2001; x_wconf 72' lang='grc' dir='ltr'>ἦλθεν,</span> <span class='ocrx_word' id='word_1_459' title='bbox 3239 1933 3338 1989; x_wconf 80' lang='grc' dir='ltr'>οὐκ</span> <span class='ocrx_word' id='word_1_460' title='bbox 3392 1934 3657 1991; x_wconf 71' lang='grc' dir='ltr'>ὶπαύοντο</span> <span class='ocrx_word' id='word_1_461' title='bbox 3701 1938 3755 1992; x_wconf 79' lang='grc' dir='ltr'>οἱ</span> 
     </span>
    </p>
   </div>
   <div class='ocr_carea' id='block_1_67' title="bbox 2096 2013 3754 2096">
    <p class='ocr_par' dir='ltr' id='par_1_67' title="bbox 2096 2013 3754 2096">
     <span class='ocr_line' id='line_1_67' title="bbox 2096 2013 3754 2096; baseline 0.008 -28"><span class='ocrx_word' id='word_1_462' title='bbox 2096 2013 2545 2093; x_wconf 75' lang='grc' dir='ltr'>προφητεύοντες.</span> <span class='ocrx_word' id='word_1_463' title='bbox 2607 2016 2704 2072; x_wconf 85' lang='grc' dir='ltr'>Καὶ</span> <span class='ocrx_word' id='word_1_464' title='bbox 2762 2016 2873 2074; x_wconf 84' lang='grc' dir='ltr'>ἔστι</span> <span class='ocrx_word' id='word_1_465' title='bbox 2930 2024 3098 2076; x_wconf 77' lang='grc' dir='ltr'>ταῦτα</span> <span class='ocrx_word' id='word_1_466' title='bbox 3154 2021 3328 2078; x_wconf 87' lang='grc' dir='ltr'>πάντα</span> <span class='ocrx_word' id='word_1_467' title='bbox 3387 2021 3620 2096; x_wconf 75' lang='grc' dir='ltr'>ᾅσματα.</span> <span class='ocrx_word' id='word_1_468' title='bbox 3681 2026 3754 2082; x_wconf 82' lang='grc' dir='ltr'><strong>Τὸ</strong></span> 
     </span>
    </p>
   </div>
   <div class='ocr_carea' id='block_1_68' title="bbox 2098 2098 3750 2192">
    <p class='ocr_par' dir='ltr' id='par_1_68' title="bbox 2098 2098 3750 2192">
     <span class='ocr_line' id='line_1_68' title="bbox 2098 2098 3750 2192; baseline 0.008 -36"><span class='ocrx_word' id='word_1_469' title='bbox 2098 2098 2388 2192; x_wconf 40' lang='grc' dir='ltr'>δε-έᾼσμα</span> <span class='ocrx_word' id='word_1_470' title='bbox 2431 2107 2539 2158; x_wconf 88' lang='grc' dir='ltr'><strong>τῶν</strong></span> <span class='ocrx_word' id='word_1_471' title='bbox 2596 2104 2850 2177; x_wconf 79' lang='grc' dir='ltr'>ᾀσμάτων</span> <span class='ocrx_word' id='word_1_472' title='bbox 2899 2108 3013 2183; x_wconf 78' lang='grc' dir='ltr'><strong>οὐχ</strong></span> <span class='ocrx_word' id='word_1_473' title='bbox 3056 2110 3129 2172; x_wconf 82' lang='grc' dir='ltr'>ὡς</span> <span class='ocrx_word' id='word_1_474' title='bbox 3182 2113 3525 2188; x_wconf 79' lang='grc' dir='ltr'>προφητεῦόν</span> <span class='ocrx_word' id='word_1_475' title='bbox 3588 2113 3750 2192; x_wconf 62' lang='grc' dir='ltr'>ἐστιν,</span> 
     </span>
    </p>
   </div>
   <div class='ocr_carea' id='block_1_69' title="bbox 2097 2188 3751 2277">
    <p class='ocr_par' dir='ltr' id='par_1_69' title="bbox 2097 2188 3751 2277">
     <span class='ocr_line' id='line_1_69' title="bbox 2097 2188 3751 2277; baseline 0.008 -33"><span class='ocrx_word' id='word_1_476' title='bbox 2097 2188 2223 2277; x_wconf 77' lang='grc' dir='ltr'>οὐδὲ</span> <span class='ocrx_word' id='word_1_477' title='bbox 2278 2191 2351 2252; x_wconf 83' lang='grc' dir='ltr'>ὡς</span> <span class='ocrx_word' id='word_1_478' title='bbox 2406 2199 2807 2266; x_wconf 86' lang='grc' dir='ltr'>προσημαῖνον·</span> <span class='ocrx_word' id='word_1_479' title='bbox 2842 2193 2988 2251; x_wconf 79' lang='grc' dir='ltr'><strong>ἀλλᾶ</strong></span> <span class='ocrx_word' id='word_1_480' title='bbox 3037 2198 3095 2253; x_wconf 76' lang='grc' dir='ltr'><strong>’ὸν</strong></span> <span class='ocrx_word' id='word_1_481' title='bbox 3148 2196 3314 2255; x_wconf 80' lang='grc' dir='ltr'>ἄλλοι</span> <span class='ocrx_word' id='word_1_482' title='bbox 3362 2188 3751 2277; x_wconf 57' lang='grc' dir='ltr'>προαπήγγελλ</span> 
     </span>
    </p>
   </div>
   <div class='ocr_carea' id='block_1_70' title="bbox 2096 2276 3751 2359">
    <p class='ocr_par' dir='ltr' id='par_1_70' title="bbox 2096 2276 3751 2359">
     <span class='ocr_line' id='line_1_70' title="bbox 2096 2276 3751 2359; baseline 0.008 -26"><span class='ocrx_word' id='word_1_483' title='bbox 2096 2276 2217 2348; x_wconf 91' lang='grc' dir='ltr'>λον,</span> <span class='ocrx_word' id='word_1_484' title='bbox 2246 2277 2437 2334; x_wconf 78' lang='grc' dir='ltr'>τοῦτον</span> <span class='ocrx_word' id='word_1_485' title='bbox 2471 2281 2546 2343; x_wconf 84' lang='grc' dir='ltr'><strong>ὡς</strong></span> <span class='ocrx_word' id='word_1_486' title='bbox 2577 2279 2687 2353; x_wconf 76' lang='grc' dir='ltr'><strong>ἤδη</strong></span> <span class='ocrx_word' id='word_1_487' title='bbox 2746 2282 2974 2348; x_wconf 81' lang='grc' dir='ltr'>ἐλθόντα</span> <span class='ocrx_word' id='word_1_488' title='bbox 3031 2283 3288 2357; x_wconf 86' lang='grc' dir='ltr'>δείκνυσι,</span> <span class='ocrx_word' id='word_1_489' title='bbox 3320 2288 3409 2343; x_wconf 80' lang='grc' dir='ltr'><strong>καὶ</strong></span> <span class='ocrx_word' id='word_1_490' title='bbox 3458 2287 3568 2359; x_wconf 68' lang='grc' dir='ltr'><strong>ἤδη</strong></span> <span class='ocrx_word' id='word_1_491' title='bbox 3624 2276 3751 2345; x_wconf 80' lang='grc' dir='ltr'>άνα-</span> 
     </span>
    </p>
   </div>
   <div class='ocr_carea' id='block_1_71' title="bbox 2095 2362 3752 2451">
    <p class='ocr_par' dir='ltr' id='par_1_71' title="bbox 2095 2362 3752 2451">
     <span class='ocr_line' id='line_1_71' title="bbox 2095 2362 3752 2451; baseline 0.007 -28"><span class='ocrx_word' id='word_1_492' title='bbox 2095 2362 2332 2423; x_wconf 79' lang='grc' dir='ltr'>λαϐόντα</span> <span class='ocrx_word' id='word_1_493' title='bbox 2361 2370 2462 2438; x_wconf 80' lang='grc' dir='ltr'>τὴν</span> <span class='ocrx_word' id='word_1_494' title='bbox 2498 2369 2685 2446; x_wconf 84' lang='grc' dir='ltr'>σάρκα·</span> <span class='ocrx_word' id='word_1_495' title='bbox 2729 2369 2814 2427; x_wconf 83' lang='grc' dir='ltr'>διὸ</span> <span class='ocrx_word' id='word_1_496' title='bbox 2852 2373 2942 2428; x_wconf 83' lang='grc' dir='ltr'><strong>καὶ</strong></span> <span class='ocrx_word' id='word_1_497' title='bbox 2983 2375 3058 2437; x_wconf 86' lang='grc' dir='ltr'><strong>ὡς</strong></span> <span class='ocrx_word' id='word_1_498' title='bbox 3106 2374 3194 2430; x_wconf 76' lang='grc' dir='ltr'>ἐπὶ</span> <span class='ocrx_word' id='word_1_499' title='bbox 3241 2377 3467 2451; x_wconf 81' lang='grc' dir='ltr'>συζυγίᾳ</span> <span class='ocrx_word' id='word_1_500' title='bbox 3511 2382 3608 2433; x_wconf 79' lang='grc' dir='ltr'>τοῦ</span> <span class='ocrx_word' id='word_1_501' title='bbox 3641 2379 3752 2434; x_wconf 75' lang='lat' dir='ltr'><strong>A6-</strong></span> 
     </span>
    </p>
   </div>
   <div class='ocr_carea' id='block_1_72' title="bbox 2092 2457 3748 2540">
    <p class='ocr_par' dir='ltr' id='par_1_72' title="bbox 2092 2457 3748 2540">
     <span class='ocr_line' id='line_1_72' title="bbox 2092 2457 3748 2540; baseline 0.007 -30"><span class='ocrx_word' id='word_1_502' title='bbox 2092 2478 2192 2532; x_wconf 92' lang='grc' dir='ltr'><strong>γου</strong></span> <span class='ocrx_word' id='word_1_503' title='bbox 2224 2457 2314 2511; x_wconf 87' lang='grc' dir='ltr'><strong>καὶ</strong></span> <span class='ocrx_word' id='word_1_504' title='bbox 2345 2464 2444 2528; x_wconf 81' lang='grc' dir='ltr'><strong>τῆς</strong></span> <span class='ocrx_word' id='word_1_505' title='bbox 2501 2460 2695 2535; x_wconf 84' lang='grc' dir='ltr'>σαρκὸς</span> <span class='ocrx_word' id='word_1_506' title='bbox 2752 2460 3116 2536; x_wconf 83' lang='grc' dir='ltr'>ἐπιθαλάμιον</span> <span class='ocrx_word' id='word_1_507' title='bbox 3163 2461 3278 2536; x_wconf 75' lang='grc' dir='ltr'>ᾅδει</span> <span class='ocrx_word' id='word_1_508' title='bbox 3308 2467 3371 2521; x_wconf 89' lang='grc' dir='ltr'>τὸ</span> <span class='ocrx_word' id='word_1_509' title='bbox 3402 2472 3584 2540; x_wconf 77' lang='grc' dir='ltr'>’ᾼσμα</span> <span class='ocrx_word' id='word_1_510' title='bbox 3638 2472 3748 2523; x_wconf 88' lang='grc' dir='ltr'><strong>τῶν</strong></span> 
     </span>
    </p>
   </div>
   <div class='ocr_carea' id='block_1_73' title="bbox 2094 2543 3748 2631">
    <p class='ocr_par' dir='ltr' id='par_1_73' title="bbox 2094 2543 3748 2631">
     <span class='ocr_line' id='line_1_73' title="bbox 2094 2543 3748 2631; baseline 0.007 -33"><span class='ocrx_word' id='word_1_511' title='bbox 2094 2543 2370 2618; x_wconf 80' lang='grc' dir='ltr'>ᾀσμάτων.</span> <span class='ocrx_word' id='word_1_512' title='bbox 2406 2545 2503 2601; x_wconf 82' lang='grc' dir='ltr'>Καὶ</span> <span class='ocrx_word' id='word_1_513' title='bbox 2536 2548 2589 2602; x_wconf 74' lang='grc' dir='ltr'>αἱ</span> <span class='ocrx_word' id='word_1_514' title='bbox 2625 2548 2720 2621; x_wconf 76' lang='grc' dir='ltr'>μὶν</span> <span class='ocrx_word' id='word_1_515' title='bbox 2753 2548 2919 2605; x_wconf 77' lang='grc' dir='ltr'>ἄλλαι</span> <span class='ocrx_word' id='word_1_516' title='bbox 2951 2553 3157 2630; x_wconf 81' lang='grc' dir='ltr'>Γραφαὶ</span> <span class='ocrx_word' id='word_1_517' title='bbox 3187 2552 3411 2629; x_wconf 75' lang='grc' dir='ltr'>λέγουσι</span> <span class='ocrx_word' id='word_1_518' title='bbox 3472 2555 3596 2631; x_wconf 82' lang='grc' dir='ltr'>περὶ</span> <span class='ocrx_word' id='word_1_519' title='bbox 3651 2559 3748 2611; x_wconf 86' lang='grc' dir='ltr'>τοῦ</span> 
     </span>
    </p>
   </div>
   <div class='ocr_carea' id='block_1_74' title="bbox 2096 2634 3747 2720">
    <p class='ocr_par' dir='ltr' id='par_1_74' title="bbox 2096 2634 3747 2720">
     <span class='ocr_line' id='line_1_74' title="bbox 2096 2634 3747 2720; baseline 0.007 -32"><span class='ocrx_word' id='word_1_520' title='bbox 2096 2639 2379 2709; x_wconf 80' lang='grc' dir='ltr'>Σωτῆρος,</span> <span class='ocrx_word' id='word_1_521' title='bbox 2417 2636 2610 2709; x_wconf 78' lang='grc' dir='ltr'>μεταξὺ</span> <span class='ocrx_word' id='word_1_522' title='bbox 2644 2634 2700 2693; x_wconf 74' lang='grc' dir='ltr'><strong>δὲ</strong></span> <span class='ocrx_word' id='word_1_523' title='bbox 2727 2638 2817 2693; x_wconf 81' lang='grc' dir='ltr'><strong>καὶ</strong></span> <span class='ocrx_word' id='word_1_524' title='bbox 2848 2641 2972 2715; x_wconf 88' lang='grc' dir='ltr'><strong>περὶ</strong></span> <span class='ocrx_word' id='word_1_525' title='bbox 3006 2640 3192 2696; x_wconf 78' lang='grc' dir='ltr'>ἄλλων</span> <span class='ocrx_word' id='word_1_526' title='bbox 3249 2648 3411 2697; x_wconf 89' lang='grc' dir='ltr'>τινῶν</span> <span class='ocrx_word' id='word_1_527' title='bbox 3466 2641 3747 2720; x_wconf 78' lang='grc' dir='ltr'>ἀπαγγέλ-</span> 
     </span>
    </p>
   </div>
   <div class='ocr_carea' id='block_1_75' title="bbox 2095 2720 3753 2807">
    <p class='ocr_par' dir='ltr' id='par_1_75' title="bbox 2095 2720 3753 2807">
     <span class='ocr_line' id='line_1_75' title="bbox 2095 2720 3753 2807; baseline 0.006 -31"><span class='ocrx_word' id='word_1_528' title='bbox 2095 2720 2272 2777; x_wconf 81' lang='grc' dir='ltr'>λουσι·</span> <span class='ocrx_word' id='word_1_529' title='bbox 2305 2726 2367 2779; x_wconf 82' lang='grc' dir='ltr'><strong>τὸ</strong></span> <span class='ocrx_word' id='word_1_530' title='bbox 2400 2722 2455 2779; x_wconf 74' lang='grc' dir='ltr'><strong>δὲ</strong></span> <span class='ocrx_word' id='word_1_531' title='bbox 2491 2721 2705 2800; x_wconf 78' lang='grc' dir='ltr'>βιϐλίον</span> <span class='ocrx_word' id='word_1_532' title='bbox 2729 2731 2890 2782; x_wconf 69' lang='grc' dir='ltr'>τοῦτο</span> <span class='ocrx_word' id='word_1_533' title='bbox 2924 2727 3095 2801; x_wconf 71' lang='grc' dir='ltr'>μόνηι</span> <span class='ocrx_word' id='word_1_534' title='bbox 3128 2731 3225 2797; x_wconf 79' lang='grc' dir='ltr'>τὴν</span> <span class='ocrx_word' id='word_1_535' title='bbox 3257 2735 3355 2785; x_wconf 84' lang='grc' dir='ltr'>τοῦ</span> <span class='ocrx_word' id='word_1_536' title='bbox 3386 2732 3563 2807; x_wconf 86' lang='grc' dir='ltr'>Λόγου</span> <span class='ocrx_word' id='word_1_537' title='bbox 3618 2732 3753 2807; x_wconf 85' lang='grc' dir='ltr'>πρὸς</span> 
     </span>
    </p>
   </div>
   <div class='ocr_carea' id='block_1_76' title="bbox 2091 2812 3750 2889">
    <p class='ocr_par' dir='ltr' id='par_1_76' title="bbox 2091 2812 3750 2889">
     <span class='ocr_line' id='line_1_76' title="bbox 2091 2812 3750 2889; baseline 0.003 -23"><span class='ocrx_word' id='word_1_538' title='bbox 2091 2812 2154 2867; x_wconf 89' lang='grc' dir='ltr'>τὸ</span> <span class='ocrx_word' id='word_1_539' title='bbox 2184 2818 2343 2886; x_wconf 90' lang='grc' dir='ltr'>σῶμα</span> <span class='ocrx_word' id='word_1_540' title='bbox 2374 2814 2624 2889; x_wconf 85' lang='grc' dir='ltr'>συζυγίαν</span> <span class='ocrx_word' id='word_1_541' title='bbox 2654 2813 2788 2885; x_wconf 69' lang='grc' dir='ltr'>ᾅδει.</span> <span class='ocrx_word' id='word_1_542' title='bbox 2825 2816 2918 2871; x_wconf 81' lang='grc' dir='ltr'><strong>Διὸ</strong></span> <span class='ocrx_word' id='word_1_543' title='bbox 2968 2817 3057 2871; x_wconf 85' lang='grc' dir='ltr'><strong>καὶ</strong></span> <span class='ocrx_word' id='word_1_544' title='bbox 3117 2817 3169 2871; x_wconf 82' lang='grc' dir='ltr'>ἐν</span> <span class='ocrx_word' id='word_1_545' title='bbox 3221 2819 3317 2889; x_wconf 75' lang='grc' dir='ltr'>μὲν</span> <span class='ocrx_word' id='word_1_546' title='bbox 3374 2824 3495 2881; x_wconf 86' lang='grc' dir='ltr'>ταῖς</span> <span class='ocrx_word' id='word_1_547' title='bbox 3550 2816 3750 2879; x_wconf 68' lang='grc' dir='ltr'>ἄλλαις</span> 
     </span>
    </p>
   </div>
   <div class='ocr_carea' id='block_1_77' title="bbox 2094 2899 3753 2979">
    <p class='ocr_par' dir='ltr' id='par_1_77' title="bbox 2094 2899 3753 2979">
     <span class='ocr_line' id='line_1_77' title="bbox 2094 2899 3753 2979; baseline 0.003 -24"><span class='ocrx_word' id='word_1_548' title='bbox 2094 2907 2331 2979; x_wconf 76' lang='grc' dir='ltr'>Γραφαῖς</span> <span class='ocrx_word' id='word_1_549' title='bbox 2386 2899 2474 2956; x_wconf 75' lang='grc' dir='ltr'>διὰ</span> <span class='ocrx_word' id='word_1_550' title='bbox 2526 2904 2593 2957; x_wconf 73' lang='grc' dir='ltr'><strong>τὰ</strong></span> <span class='ocrx_word' id='word_1_551' title='bbox 2654 2904 2847 2977; x_wconf 77' lang='grc' dir='ltr'>μεταξὺ</span> <span class='ocrx_word' id='word_1_552' title='bbox 2899 2902 3215 2977; x_wconf 71' lang='grc' dir='ltr'>δηλούμενα</span> <span class='ocrx_word' id='word_1_553' title='bbox 3271 2906 3375 2960; x_wconf 86' lang='grc' dir='ltr'>εἰσὶ</span> <span class='ocrx_word' id='word_1_554' title='bbox 3431 2906 3522 2961; x_wconf 83' lang='grc' dir='ltr'><strong>καὶ</strong></span> <span class='ocrx_word' id='word_1_555' title='bbox 3578 2908 3753 2979; x_wconf 76' lang='grc' dir='ltr'>θυμοῦ</span> 
     </span>
    </p>
   </div>
   <div class='ocr_carea' id='block_1_78' title="bbox 2092 2987 3752 3070">
    <p class='ocr_par' dir='ltr' id='par_1_78' title="bbox 2092 2987 3752 3070">
     <span class='ocr_line' id='line_1_78' title="bbox 2092 2987 3752 3070; baseline 0.002 -25"><span class='ocrx_word' id='word_1_556' title='bbox 2092 2996 2181 3045; x_wconf 80' lang='grc' dir='ltr'><strong>καί</strong></span> <span class='ocrx_word' id='word_1_557' title='bbox 2218 2990 2385 3066; x_wconf 60' lang='grc' dir='ltr'>ὀργῆς</span> <span class='ocrx_word' id='word_1_558' title='bbox 2445 2990 2621 3066; x_wconf 84' lang='grc' dir='ltr'>λόγοι,</span> <span class='ocrx_word' id='word_1_559' title='bbox 2652 2992 2740 3046; x_wconf 78' lang='grc' dir='ltr'>καὶ</span> <span class='ocrx_word' id='word_1_560' title='bbox 2803 2987 2986 3068; x_wconf 74' lang='grc' dir='ltr'>φόϐων</span> <span class='ocrx_word' id='word_1_561' title='bbox 3044 2991 3284 3049; x_wconf 84' lang='grc' dir='ltr'>ἀπειλαί·</span> <span class='ocrx_word' id='word_1_562' title='bbox 3346 2997 3379 3063; x_wconf 77' lang='grc' dir='ltr'><strong>ἡ</strong></span> <span class='ocrx_word' id='word_1_563' title='bbox 3438 2990 3495 3049; x_wconf 75' lang='grc' dir='ltr'><strong>δὲ</strong></span> <span class='ocrx_word' id='word_1_564' title='bbox 3558 2989 3752 3070; x_wconf 74' lang='grc' dir='ltr'>βίϐλος</span> 
     </span>
    </p>
   </div>
   <div class='ocr_carea' id='block_1_79' title="bbox 2095 3076 3748 3156">
    <p class='ocr_par' dir='ltr' id='par_1_79' title="bbox 2095 3076 3748 3156">
     <span class='ocr_line' id='line_1_79' title="bbox 2095 3076 3748 3156; baseline 0.002 -23"><span class='ocrx_word' id='word_1_565' title='bbox 2095 3078 2253 3149; x_wconf 74' lang='grc' dir='ltr'>αὕτη,</span> <span class='ocrx_word' id='word_1_566' title='bbox 2287 3077 2472 3148; x_wconf 77' lang='grc' dir='ltr'>ἐπειδὴ</span> <span class='ocrx_word' id='word_1_567' title='bbox 2535 3076 2688 3134; x_wconf 72' lang='grc' dir='ltr'>οὐδὲν</span> <span class='ocrx_word' id='word_1_568' title='bbox 2742 3076 2923 3154; x_wconf 70' lang='grc' dir='ltr'>ἕτερον</span> <span class='ocrx_word' id='word_1_569' title='bbox 2975 3081 3011 3149; x_wconf 73' lang='grc' dir='ltr'><strong>ἢ</strong></span> <span class='ocrx_word' id='word_1_570' title='bbox 3059 3082 3159 3150; x_wconf 79' lang='grc' dir='ltr'>τὴν</span> <span class='ocrx_word' id='word_1_571' title='bbox 3215 3082 3512 3156; x_wconf 77' lang='grc' dir='ltr'>παρουσίαν</span> <span class='ocrx_word' id='word_1_572' title='bbox 3575 3082 3748 3156; x_wconf 87' lang='grc' dir='ltr'>μόνην</span> 
     </span>
    </p>
   </div>
   <div class='ocr_carea' id='block_1_80' title="bbox 2091 3166 3752 3248">
    <p class='ocr_par' dir='ltr' id='par_1_80' title="bbox 2091 3166 3752 3248">
     <span class='ocr_line' id='line_1_80' title="bbox 2091 3166 3752 3248; baseline 0.002 -26"><span class='ocrx_word' id='word_1_573' title='bbox 2091 3173 2189 3223; x_wconf 80' lang='grc' dir='ltr'>τοῦ</span> <span class='ocrx_word' id='word_1_574' title='bbox 2250 3167 2425 3243; x_wconf 83' lang='grc' dir='ltr'>Λόγου</span> <span class='ocrx_word' id='word_1_575' title='bbox 2483 3168 2756 3241; x_wconf 80' lang='grc' dir='ltr'>σημαίνει,</span> <span class='ocrx_word' id='word_1_576' title='bbox 2793 3166 3062 3242; x_wconf 82' lang='grc' dir='ltr'>θυμηδίας</span> <span class='ocrx_word' id='word_1_577' title='bbox 3116 3171 3207 3226; x_wconf 85' lang='grc' dir='ltr'><strong>καὶ</strong></span> <span class='ocrx_word' id='word_1_578' title='bbox 3268 3177 3467 3248; x_wconf 76' lang='grc' dir='ltr'>χαρᾶς,</span> <span class='ocrx_word' id='word_1_579' title='bbox 3516 3172 3605 3228; x_wconf 81' lang='grc' dir='ltr'><strong>καὶ</strong></span> <span class='ocrx_word' id='word_1_580' title='bbox 3666 3171 3752 3226; x_wconf 78' lang='grc' dir='ltr'><strong>εὖ·</strong></span> 
     </span>
    </p>
   </div>
   <div class='ocr_carea' id='block_1_81' title="bbox 2096 3253 3753 3338">
    <p class='ocr_par' dir='ltr' id='par_1_81' title="bbox 2096 3253 3753 3338">
     <span class='ocr_line' id='line_1_81' title="bbox 2096 3253 3753 3338; baseline 0.002 -28"><span class='ocrx_word' id='word_1_581' title='bbox 2096 3256 2367 3335; x_wconf 75' lang='grc' dir='ltr'>φροσύνης</span> <span class='ocrx_word' id='word_1_582' title='bbox 2404 3255 2575 3329; x_wconf 89' lang='grc' dir='ltr'>μόνης</span> <span class='ocrx_word' id='word_1_583' title='bbox 2607 3253 2722 3333; x_wconf 67' lang='grc' dir='ltr'>ἔχει</span> <span class='ocrx_word' id='word_1_584' title='bbox 2758 3256 2981 3333; x_wconf 88' lang='grc' dir='ltr'>λόγους.</span> <span class='ocrx_word' id='word_1_585' title='bbox 3017 3258 3269 3337; x_wconf 84' lang='grc' dir='ltr'>Νυμφίου</span> <span class='ocrx_word' id='word_1_586' title='bbox 3330 3259 3431 3336; x_wconf 82' lang='grc' dir='ltr'><strong>γὰρ</strong></span> <span class='ocrx_word' id='word_1_587' title='bbox 3462 3259 3753 3338; x_wconf 87' lang='grc' dir='ltr'>παρόντος,</span> 
     </span>
    </p>
   </div>
   <div class='ocr_carea' id='block_1_82' title="bbox 2097 3345 3751 3421">
    <p class='ocr_par' dir='ltr' id='par_1_82' title="bbox 2097 3345 3751 3421">
     <span class='ocr_line' id='line_1_82' title="bbox 2097 3345 3751 3421; baseline 0.002 -21"><span class='ocrx_word' id='word_1_588' title='bbox 2097 3345 2297 3407; x_wconf 86' lang='grc' dir='ltr'>πάντας</span> <span class='ocrx_word' id='word_1_589' title='bbox 2353 3345 2562 3421; x_wconf 77' lang='grc' dir='ltr'>χαίρειν</span> <span class='ocrx_word' id='word_1_590' title='bbox 2622 3349 2909 3421; x_wconf 69' lang='grc' dir='ltr'>προσήκει,</span> <span class='ocrx_word' id='word_1_591' title='bbox 2967 3347 3059 3403; x_wconf 87' lang='grc' dir='ltr'><strong>καὶ</strong></span> <span class='ocrx_word' id='word_1_592' title='bbox 3115 3345 3325 3421; x_wconf 82' lang='grc' dir='ltr'>μηδὲνα</span> <span class='ocrx_word' id='word_1_593' title='bbox 3382 3351 3615 3421; x_wconf 79' lang='grc' dir='ltr'>πενθεῖν,</span> <span class='ocrx_word' id='word_1_594' title='bbox 3675 3349 3751 3411; x_wconf 79' lang='grc' dir='ltr'>ὡς</span> 
     </span>
    </p>
   </div>
   <div class='ocr_carea' id='block_1_83' title="bbox 2098 3434 3755 3512">
    <p class='ocr_par' dir='ltr' id='par_1_83' title="bbox 2098 3434 3755 3512">
     <span class='ocr_line' id='line_1_83' title="bbox 2098 3434 3755 3512; baseline 0.002 -23"><span class='ocrx_word' id='word_1_595' title='bbox 2098 3435 2260 3497; x_wconf 80' lang='grc' dir='ltr'>αὐτὸς</span> <span class='ocrx_word' id='word_1_596' title='bbox 2292 3436 2319 3488; x_wconf 81' lang='grc' dir='ltr'><strong>ὁ</strong></span> <span class='ocrx_word' id='word_1_597' title='bbox 2355 3434 2549 3510; x_wconf 71' lang='grc' dir='ltr'>Κύριος</span> <span class='ocrx_word' id='word_1_598' title='bbox 2582 3434 2817 3510; x_wconf 52' lang='grc' dir='ltr'>εἶ’ρηκεν.</span> <span class='ocrx_word' id='word_1_599' title='bbox 2852 3436 3024 3498; x_wconf 78' lang='grc' dir='ltr'>Αὐτὸς</span> <span class='ocrx_word' id='word_1_600' title='bbox 3066 3437 3166 3512; x_wconf 77' lang='grc' dir='ltr'><strong>γὰρ</strong></span> <span class='ocrx_word' id='word_1_601' title='bbox 3217 3438 3404 3504; x_wconf 84' lang='grc' dir='ltr'>παρὼν</span> <span class='ocrx_word' id='word_1_602' title='bbox 3462 3437 3557 3501; x_wconf 78' lang='grc' dir='ltr'>τὰς</span> <span class='ocrx_word' id='word_1_603' title='bbox 3604 3437 3755 3493; x_wconf 81' lang='grc' dir='ltr'>ἀσθε-</span> 
     </span>
    </p>
   </div>
   <div class='ocr_carea' id='block_1_84' title="bbox 2099 3517 3756 3599">
    <p class='ocr_par' dir='ltr' id='par_1_84' title="bbox 2099 3517 3756 3599">
     <span class='ocr_line' id='line_1_84' title="bbox 2099 3517 3756 3599; baseline 0.002 -24"><span class='ocrx_word' id='word_1_604' title='bbox 2099 3522 2241 3583; x_wconf 79' lang='grc' dir='ltr'>νείας</span> <span class='ocrx_word' id='word_1_605' title='bbox 2298 3523 2459 3593; x_wconf 75' lang='grc' dir='ltr'>ἡμῶν</span> <span class='ocrx_word' id='word_1_606' title='bbox 2522 3517 2797 3587; x_wconf 79' lang='grc' dir='ltr'>ἐϐάστασε,</span> <span class='ocrx_word' id='word_1_607' title='bbox 2845 3524 2934 3577; x_wconf 86' lang='grc' dir='ltr'>καὶ</span> <span class='ocrx_word' id='word_1_608' title='bbox 2991 3522 3086 3586; x_wconf 78' lang='grc' dir='ltr'><strong>τὰς</strong></span> <span class='ocrx_word' id='word_1_609' title='bbox 3146 3521 3321 3586; x_wconf 81' lang='grc' dir='ltr'>λύπας</span> <span class='ocrx_word' id='word_1_610' title='bbox 3375 3521 3623 3599; x_wconf 82' lang='grc' dir='ltr'>ἔστρεψεν</span> <span class='ocrx_word' id='word_1_611' title='bbox 3680 3525 3756 3586; x_wconf 80' lang='grc' dir='ltr'><strong>εἷς</strong></span> 
     </span>
    </p>
   </div>
   <div class='ocr_carea' id='block_1_85' title="bbox 2103 3610 3761 3685">
    <p class='ocr_par' dir='ltr' id='par_1_85' title="bbox 2103 3610 3761 3685">
     <span class='ocr_line' id='line_1_85' title="bbox 2103 3610 3761 3685; baseline 0 -22"><span class='ocrx_word' id='word_1_612' title='bbox 2103 3610 2298 3685; x_wconf 76' lang='grc' dir='ltr'>χαράν.</span> <span class='ocrx_word' id='word_1_613' title='bbox 2334 3613 2534 3684; x_wconf 74' lang='grc' dir='ltr'>Ὥσπερ</span> <span class='ocrx_word' id='word_1_614' title='bbox 2568 3610 2658 3664; x_wconf 73' lang='grc' dir='ltr'>οὖν</span> <span class='ocrx_word' id='word_1_615' title='bbox 2698 3611 2830 3682; x_wconf 80' lang='grc' dir='ltr'>μετὰ</span> <span class='ocrx_word' id='word_1_616' title='bbox 2859 3612 2955 3680; x_wconf 73' lang='grc' dir='ltr'><strong>τὴν</strong></span> <span class='ocrx_word' id='word_1_617' title='bbox 2991 3612 3307 3683; x_wconf 78' lang='grc' dir='ltr'>οἰκονομίαν</span> <span class='ocrx_word' id='word_1_618' title='bbox 3349 3613 3447 3681; x_wconf 77' lang='grc' dir='ltr'>τὴν</span> <span class='ocrx_word' id='word_1_619' title='bbox 3495 3616 3592 3667; x_wconf 81' lang='grc' dir='ltr'><strong>τοῦ</strong></span> <span class='ocrx_word' id='word_1_620' title='bbox 3646 3619 3761 3667; x_wconf 90' lang='grc' dir='ltr'>Σω.</span> 
     </span>
    </p>
   </div>
   <div class='ocr_carea' id='block_1_86' title="bbox 2100 3697 3760 3777">
    <p class='ocr_par' dir='ltr' id='par_1_86' title="bbox 2100 3697 3760 3777">
     <span class='ocr_line' id='line_1_86' title="bbox 2100 3697 3760 3777; baseline 0.001 -24"><span class='ocrx_word' id='word_1_621' title='bbox 2100 3706 2270 3773; x_wconf 67' lang='grc' dir='ltr'>τῆρος</span> <span class='ocrx_word' id='word_1_622' title='bbox 2303 3699 2402 3753; x_wconf 75' lang='grc' dir='ltr'><strong>οὐκ</strong></span> <span class='ocrx_word' id='word_1_623' title='bbox 2458 3697 2535 3752; x_wconf 82' lang='grc' dir='ltr'>ἔτι</span> <span class='ocrx_word' id='word_1_624' title='bbox 2592 3702 2877 3777; x_wconf 73' lang='grc' dir='ltr'>προφήτην</span> <span class='ocrx_word' id='word_1_625' title='bbox 2939 3699 3356 3775; x_wconf 67' lang='grc' dir='ltr'>προσδοκῶμεν,</span> <span class='ocrx_word' id='word_1_626' title='bbox 3391 3702 3562 3763; x_wconf 64' lang='grc' dir='ltr'>οὕτως</span> <span class='ocrx_word' id='word_1_627' title='bbox 3627 3701 3760 3773; x_wconf 86' lang='grc' dir='ltr'>μετὰ</span> 
     </span>
    </p>
   </div>
   <div class='ocr_carea' id='block_1_87' title="bbox 2101 3784 3763 3861">
    <p class='ocr_par' dir='ltr' id='par_1_87' title="bbox 2101 3784 3763 3861">
     <span class='ocr_line' id='line_1_87' title="bbox 2101 3784 3763 3861; baseline 0.001 -21"><span class='ocrx_word' id='word_1_628' title='bbox 2101 3785 2169 3840; x_wconf 79' lang='grc' dir='ltr'><strong>τὰ</strong></span> <span class='ocrx_word' id='word_1_629' title='bbox 2227 3785 2280 3840; x_wconf 74' lang='grc' dir='ltr'>ἐν</span> <span class='ocrx_word' id='word_1_630' title='bbox 2337 3784 2418 3858; x_wconf 75' lang='grc' dir='ltr'><strong>τῷ</strong></span> <span class='ocrx_word' id='word_1_631' title='bbox 2455 3786 2692 3858; x_wconf 80' lang='grc' dir='ltr'>’ᾼσματι</span> <span class='ocrx_word' id='word_1_632' title='bbox 2745 3790 2850 3840; x_wconf 90' lang='grc' dir='ltr'><strong>τῶν</strong></span> <span class='ocrx_word' id='word_1_633' title='bbox 2911 3786 3166 3860; x_wconf 84' lang='grc' dir='ltr'>ᾀσμάτων</span> <span class='ocrx_word' id='word_1_634' title='bbox 3228 3787 3606 3861; x_wconf 79' lang='grc' dir='ltr'>σημαινόμενα</span> <span class='ocrx_word' id='word_1_635' title='bbox 3663 3787 3763 3842; x_wconf 81' lang='grc' dir='ltr'><strong>οὐκ</strong></span> 
     </span>
    </p>
   </div>
   <div class='ocr_carea' id='block_1_88' title="bbox 2104 3874 3760 3954">
    <p class='ocr_par' dir='ltr' id='par_1_88' title="bbox 2104 3874 3760 3954">
     <span class='ocr_line' id='line_1_88' title="bbox 2104 3874 3760 3954; baseline 0.002 -22"><span class='ocrx_word' id='word_1_636' title='bbox 2104 3874 2245 3933; x_wconf 77' lang='grc' dir='ltr'>ἔστιν</span> <span class='ocrx_word' id='word_1_637' title='bbox 2302 3874 2444 3932; x_wconf 79' lang='grc' dir='ltr'>ἄλλο</span> <span class='ocrx_word' id='word_1_638' title='bbox 2486 3898 2541 3931; x_wconf 92' lang='grc' dir='ltr'><strong>τι</strong></span> <span class='ocrx_word' id='word_1_639' title='bbox 2596 3876 2907 3952; x_wconf 83' lang='grc' dir='ltr'>καινότερον</span> <span class='ocrx_word' id='word_1_640' title='bbox 2966 3876 3271 3954; x_wconf 78' lang='grc' dir='ltr'>προσδοκᾷν</span> <span class='ocrx_word' id='word_1_641' title='bbox 3329 3878 3760 3952; x_wconf 87' lang='grc' dir='ltr'>σημαινόμενον.</span> 
     </span>
    </p>
   </div>
   <div class='ocr_carea' id='block_1_89' title="bbox 2106 3963 3764 4041">
    <p class='ocr_par' dir='ltr' id='par_1_89' title="bbox 2106 3963 3764 4041">
     <span class='ocr_line' id='line_1_89' title="bbox 2106 3963 3764 4041; baseline 0.001 -22"><span class='ocrx_word' id='word_1_642' title='bbox 2106 3966 2205 4019; x_wconf 83' lang='grc' dir='ltr'><strong>Καὶ</strong></span> <span class='ocrx_word' id='word_1_643' title='bbox 2261 3966 2365 4041; x_wconf 80' lang='grc' dir='ltr'><strong>γὰρ</strong></span> <span class='ocrx_word' id='word_1_644' title='bbox 2412 3965 2480 4019; x_wconf 80' lang='grc' dir='ltr'><strong>τὰ</strong></span> <span class='ocrx_word' id='word_1_645' title='bbox 2525 3963 2575 4019; x_wconf 77' lang='grc' dir='ltr'>ἐν</span> <span class='ocrx_word' id='word_1_646' title='bbox 2623 3969 2704 4036; x_wconf 82' lang='grc' dir='ltr'>τῷ</span> <span class='ocrx_word' id='word_1_647' title='bbox 2733 3971 2973 4039; x_wconf 81' lang='grc' dir='ltr'>“’ᾼσματι</span> <span class='ocrx_word' id='word_1_648' title='bbox 3030 3968 3428 4041; x_wconf 86' lang='grc' dir='ltr'>σημαινόμενα,</span> <span class='ocrx_word' id='word_1_649' title='bbox 3457 3972 3628 4023; x_wconf 79' lang='grc' dir='ltr'>ταῦτα</span> <span class='ocrx_word' id='word_1_650' title='bbox 3672 3968 3764 4023; x_wconf 82' lang='grc' dir='ltr'><strong>καὶ</strong></span> 
     </span>
    </p>
   </div>
   <div class='ocr_carea' id='block_1_90' title="bbox 2106 4054 3764 4136">
    <p class='ocr_par' dir='ltr' id='par_1_90' title="bbox 2106 4054 3764 4136">
     <span class='ocr_line' id='line_1_90' title="bbox 2106 4054 3764 4136; baseline 0 -24"><span class='ocrx_word' id='word_1_651' title='bbox 2106 4054 2158 4112; x_wconf 76' lang='grc' dir='ltr'>ἒν</span> <span class='ocrx_word' id='word_1_652' title='bbox 2191 4060 2308 4118; x_wconf 84' lang='grc' dir='ltr'>τοῖς</span> <span class='ocrx_word' id='word_1_653' title='bbox 2340 4057 2647 4134; x_wconf 71' lang='grc' dir='ltr'>προφήταις</span> <span class='ocrx_word' id='word_1_654' title='bbox 2676 4056 2766 4110; x_wconf 86' lang='grc' dir='ltr'>καὶ</span> <span class='ocrx_word' id='word_1_655' title='bbox 2798 4055 2849 4110; x_wconf 75' lang='grc' dir='ltr'>ἐν</span> <span class='ocrx_word' id='word_1_656' title='bbox 2880 4061 2998 4119; x_wconf 84' lang='grc' dir='ltr'>ταῖς</span> <span class='ocrx_word' id='word_1_657' title='bbox 3031 4054 3229 4119; x_wconf 81' lang='grc' dir='ltr'>ἄλλαις</span> <span class='ocrx_word' id='word_1_658' title='bbox 3261 4062 3498 4136; x_wconf 84' lang='grc' dir='ltr'>Γραφαῖς</span> <span class='ocrx_word' id='word_1_659' title='bbox 3549 4057 3609 4115; x_wconf 75' lang='grc' dir='ltr'>ἐκ</span> <span class='ocrx_word' id='word_1_660' title='bbox 3647 4055 3764 4113; x_wconf 84' lang='grc' dir='ltr'>δια-</span> 
     </span>
    </p>
   </div>
   <div class='ocr_carea' id='block_1_91' title="bbox 2108 4143 3766 4222">
    <p class='ocr_par' dir='ltr' id='par_1_91' title="bbox 2108 4143 3766 4222">
     <span class='ocr_line' id='line_1_91' title="bbox 2108 4143 3766 4222; baseline 0 -22"><span class='ocrx_word' id='word_1_661' title='bbox 2108 4146 2399 4218; x_wconf 86' lang='grc' dir='ltr'>στημάτων</span> <span class='ocrx_word' id='word_1_662' title='bbox 2433 4143 2711 4219; x_wconf 86' lang='grc' dir='ltr'>λεγόμενα</span> <span class='ocrx_word' id='word_1_663' title='bbox 2740 4144 3059 4220; x_wconf 80' lang='grc' dir='ltr'>εὑρίσκεται.</span> <span class='ocrx_word' id='word_1_664' title='bbox 3087 4144 3258 4202; x_wconf 85' lang='grc' dir='ltr'>Πάλιν</span> <span class='ocrx_word' id='word_1_665' title='bbox 3313 4167 3370 4201; x_wconf 85' lang='grc' dir='ltr'><strong>τε</strong></span> <span class='ocrx_word' id='word_1_666' title='bbox 3421 4145 3599 4222; x_wconf 79' lang='grc' dir='ltr'>ὥσπερ</span> <span class='ocrx_word' id='word_1_667' title='bbox 3659 4143 3766 4201; x_wconf 87' lang='grc' dir='ltr'>δει-</span> 
     </span>
    </p>
   </div>
   <div class='ocr_carea' id='block_1_92' title="bbox 2108 4230 3765 4308">
    <p class='ocr_par' dir='ltr' id='par_1_92' title="bbox 2108 4230 3765 4308">
     <span class='ocr_line' id='line_1_92' title="bbox 2108 4230 3765 4308; baseline 0.001 -20"><span class='ocrx_word' id='word_1_668' title='bbox 2108 4232 2330 4295; x_wconf 75' lang='grc' dir='ltr'>κνύντος</span> <span class='ocrx_word' id='word_1_669' title='bbox 2357 4237 2455 4287; x_wconf 78' lang='grc' dir='ltr'><strong>τοῦ</strong></span> <span class='ocrx_word' id='word_1_670' title='bbox 2486 4233 2734 4287; x_wconf 85' lang='grc' dir='ltr'>Ἰωάννου</span> <span class='ocrx_word' id='word_1_671' title='bbox 2762 4233 2853 4287; x_wconf 86' lang='grc' dir='ltr'><strong>τὸν</strong></span> <span class='ocrx_word' id='word_1_672' title='bbox 2888 4230 3231 4306; x_wconf 67' lang='grc' dir='ltr'>Ἀμνὸν,ἵως</span> <span class='ocrx_word' id='word_1_673' title='bbox 3257 4234 3508 4292; x_wconf 85' lang='grc' dir='ltr'>Ἰωάννου</span> <span class='ocrx_word' id='word_1_674' title='bbox 3538 4236 3567 4290; x_wconf 85' lang='grc' dir='ltr'>ὁ</span> <span class='ocrx_word' id='word_1_675' title='bbox 3595 4236 3765 4308; x_wconf 86' lang='grc' dir='ltr'>νόμος</span> 
     </span>
    </p>
   </div>
   <div class='ocr_carea' id='block_1_93' title="bbox 2109 4321 3764 4399">
    <p class='ocr_par' dir='ltr' id='par_1_93' title="bbox 2109 4321 3764 4399">
     <span class='ocr_line' id='line_1_93' title="bbox 2109 4321 3764 4399; baseline -0.002 -21"><span class='ocrx_word' id='word_1_676' title='bbox 2109 4322 2197 4378; x_wconf 85' lang='grc' dir='ltr'><strong>καὶ</strong></span> <span class='ocrx_word' id='word_1_677' title='bbox 2229 4323 2280 4377; x_wconf 74' lang='grc' dir='ltr'>οἱ</span> <span class='ocrx_word' id='word_1_678' title='bbox 2311 4327 2587 4399; x_wconf 78' lang='grc' dir='ltr'>προφῆται</span> <span class='ocrx_word' id='word_1_679' title='bbox 2638 4321 2787 4376; x_wconf 85' lang='grc' dir='ltr'>εἰσίν·</span> <span class='ocrx_word' id='word_1_680' title='bbox 2822 4321 2995 4384; x_wconf 79' lang='grc' dir='ltr'>οὕτως</span> <span class='ocrx_word' id='word_1_681' title='bbox 3040 4323 3105 4377; x_wconf 76' lang='grc' dir='ltr'>τὰ</span> <span class='ocrx_word' id='word_1_682' title='bbox 3150 4321 3203 4377; x_wconf 78' lang='grc' dir='ltr'>ἐν</span> <span class='ocrx_word' id='word_1_683' title='bbox 3252 4327 3331 4394; x_wconf 79' lang='grc' dir='ltr'>τῷ</span> <span class='ocrx_word' id='word_1_684' title='bbox 3358 4325 3597 4395; x_wconf 70' lang='grc' dir='ltr'><strong>νᾼσματι</strong></span> <span class='ocrx_word' id='word_1_685' title='bbox 3656 4328 3764 4378; x_wconf 90' lang='grc' dir='ltr'><strong>τῶν</strong></span> 
     </span>
    </p>
   </div>
   <div class='ocr_carea' id='block_1_94' title="bbox 2112 4409 3766 4484">
    <p class='ocr_par' dir='ltr' id='par_1_94' title="bbox 2112 4409 3766 4484">
     <span class='ocr_line' id='line_1_94' title="bbox 2112 4409 3766 4484; baseline 0 -19"><span class='ocrx_word' id='word_1_686' title='bbox 2112 4410 2365 4483; x_wconf 78' lang='grc' dir='ltr'>ᾀσμάτων</span> <span class='ocrx_word' id='word_1_687' title='bbox 2398 4409 2775 4483; x_wconf 88' lang='grc' dir='ltr'>σημαινόμενα</span> <span class='ocrx_word' id='word_1_688' title='bbox 2800 4409 2959 4472; x_wconf 72' lang='grc' dir='ltr'>τέλος</span> <span class='ocrx_word' id='word_1_689' title='bbox 2986 4411 3097 4465; x_wconf 77' lang='grc' dir='ltr'>ἐστὶ</span> <span class='ocrx_word' id='word_1_690' title='bbox 3138 4410 3353 4466; x_wconf 89' lang='grc' dir='ltr'>πάντων</span> <span class='ocrx_word' id='word_1_691' title='bbox 3407 4409 3459 4466; x_wconf 82' lang='grc' dir='ltr'>ἐν</span> <span class='ocrx_word' id='word_1_692' title='bbox 3509 4410 3652 4484; x_wconf 73' lang='grc' dir='ltr'>πάσῃ</span> <span class='ocrx_word' id='word_1_693' title='bbox 3698 4413 3766 4483; x_wconf 86' lang='grc' dir='ltr'><strong>τῇ</strong></span> 
     </span>
    </p>
   </div>
   <div class='ocr_carea' id='block_1_95' title="bbox 2112 4496 3770 4577">
    <p class='ocr_par' dir='ltr' id='par_1_95' title="bbox 2112 4496 3770 4577">
     <span class='ocr_line' id='line_1_95' title="bbox 2112 4496 3770 4577; baseline -0.001 -23"><span class='ocrx_word' id='word_1_694' title='bbox 2112 4499 2228 4571; x_wconf 78' lang='grc' dir='ltr'>θείᾳ</span> <span class='ocrx_word' id='word_1_695' title='bbox 2258 4502 2442 4577; x_wconf 79' lang='grc' dir='ltr'>Γραφῇ</span> <span class='ocrx_word' id='word_1_696' title='bbox 2475 4499 2913 4571; x_wconf 75' lang='grc' dir='ltr'>σημαινομένων.</span> <span class='ocrx_word' id='word_1_697' title='bbox 2946 4500 3012 4557; x_wconf 91' lang='grc' dir='ltr'>Τί</span> <span class='ocrx_word' id='word_1_698' title='bbox 3039 4501 3141 4575; x_wconf 74' lang='grc' dir='ltr'>γὰρ</span> <span class='ocrx_word' id='word_1_699' title='bbox 3173 4496 3315 4555; x_wconf 70' lang='grc' dir='ltr'>ἄλλο</span> <span class='ocrx_word' id='word_1_700' title='bbox 3353 4499 3486 4572; x_wconf 80' lang='grc' dir='ltr'>μετὰ</span> <span class='ocrx_word' id='word_1_701' title='bbox 3518 4500 3619 4568; x_wconf 77' lang='grc' dir='ltr'>τὴν</span> <span class='ocrx_word' id='word_1_702' title='bbox 3670 4502 3770 4553; x_wconf 81' lang='grc' dir='ltr'><strong>τοῦ</strong></span> 
     </span>
    </p>
   </div>
   <div class='ocr_carea' id='block_1_96' title="bbox 338 4585 1990 4664">
    <p class='ocr_par' dir='ltr' id='par_1_96' title="bbox 338 4588 1990 4661">
     <span class='ocr_line' id='line_1_96' title="bbox 338 4588 1990 4661; baseline 0.002 -17"><span class='ocrx_word' id='word_1_703' title='bbox 338 4605 624 4660; x_wconf 67' lang='lat' dir='ltr'><strong>rum,qu&amp;n</strong></span> <span class='ocrx_word' id='word_1_704' title='bbox 658 4589 717 4644; x_wconf 92' lang='lat' dir='ltr'><strong>in</strong></span> <span class='ocrx_word' id='word_1_705' title='bbox 748 4588 1021 4644; x_wconf 88' lang='lat' dir='ltr'><strong>universa</strong></span> <span class='ocrx_word' id='word_1_706' title='bbox 1051 4589 1355 4660; x_wconf 86' lang='lat' dir='ltr'><strong>Scriptura</strong></span> <span class='ocrx_word' id='word_1_707' title='bbox 1386 4588 1815 4661; x_wconf 85' lang='lat' dir='ltr'><strong>significantur.</strong></span> <span class='ocrx_word' id='word_1_708' title='bbox 1847 4591 1990 4656; x_wconf 91' lang='lat' dir='ltr'><strong>Quid</strong></span> 
     </span>
    </p>
   </div>
   <div class='ocr_carea' id='block_1_97' title="bbox 2102 4585 3768 4664">
    <p class='ocr_par' dir='ltr' id='par_1_97' title="bbox 2108 4585 3768 4662">
     <span class='ocr_line' id='line_1_97' title="bbox 2108 4585 3768 4662; baseline -0.002 -18"><span class='ocrx_word' id='word_1_709' title='bbox 2108 4590 2341 4662; x_wconf 81' lang='grc' dir='ltr'>Χριστοῦ</span> <span class='ocrx_word' id='word_1_710' title='bbox 2391 4586 2684 4661; x_wconf 83' lang='grc' dir='ltr'>παρουσίαν</span> <span class='ocrx_word' id='word_1_711' title='bbox 2747 4585 3054 4661; x_wconf 81' lang='grc' dir='ltr'>προσδοκᾳν</span> <span class='ocrx_word' id='word_1_712' title='bbox 3118 4585 3262 4657; x_wconf 58' lang='lat' dir='ltr'><strong>Selii</strong></span> <span class='ocrx_word' id='word_1_713' title='bbox 3296 4587 3468 4662; x_wconf 78' lang='grc' dir='ltr'>κρίσιν</span> <span class='ocrx_word' id='word_1_714' title='bbox 3523 4588 3615 4644; x_wconf 88' lang='grc' dir='ltr'><strong>καὶ</strong></span> <span class='ocrx_word' id='word_1_715' title='bbox 3676 4589 3768 4642; x_wconf 78' lang='grc' dir='ltr'><strong>ἀν-</strong></span> 
     </span>
    </p>
   </div>
   <div class='ocr_carea' id='block_1_98' title="bbox 336 4674 2000 4748">
    <p class='ocr_par' dir='ltr' id='par_1_98' title="bbox 336 4674 2000 4748">
     <span class='ocr_line' id='line_1_98' title="bbox 336 4674 2000 4748; baseline 0.004 -19"><span class='ocrx_word' id='word_1_716' title='bbox 336 4676 494 4730; x_wconf 79' lang='lat' dir='ltr'><strong>enim</strong></span> <span class='ocrx_word' id='word_1_717' title='bbox 532 4674 689 4730; x_wconf 89' lang='lat' dir='ltr'><strong>aliud</strong></span> <span class='ocrx_word' id='word_1_718' title='bbox 725 4679 857 4746; x_wconf 89' lang='lat' dir='ltr'><strong>post</strong></span> <span class='ocrx_word' id='word_1_719' title='bbox 887 4674 1100 4730; x_wconf 87' lang='lat' dir='ltr'><strong>Christi</strong></span> <span class='ocrx_word' id='word_1_720' title='bbox 1159 4676 1480 4731; x_wconf 84' lang='lat' dir='ltr'><strong>adventum</strong></span> <span class='ocrx_word' id='word_1_721' title='bbox 1536 4679 2000 4748; x_wconf 79' lang='lat' dir='ltr'><strong>exspectandum</strong></span> 
     </span>
    </p>
   </div>
   <div class='ocr_carea' id='block_1_99' title="bbox 335 4765 2003 4840">
    <p class='ocr_par' dir='ltr' id='par_1_99' title="bbox 335 4765 2003 4840">
     <span class='ocr_line' id='line_1_99' title="bbox 335 4765 2003 4840; baseline 0.003 -18"><span class='ocrx_word' id='word_1_722' title='bbox 335 4771 447 4836; x_wconf 85' lang='lat' dir='ltr'><strong>cst,</strong></span> <span class='ocrx_word' id='word_1_723' title='bbox 480 4782 656 4837; x_wconf 89' lang='lat' dir='ltr'><strong>quam</strong></span> <span class='ocrx_word' id='word_1_724' title='bbox 683 4765 978 4835; x_wconf 89' lang='lat' dir='ltr'><strong>judicium</strong></span> <span class='ocrx_word' id='word_1_725' title='bbox 1012 4771 1069 4821; x_wconf 89' lang='lat' dir='ltr'><strong>et</strong></span> <span class='ocrx_word' id='word_1_726' title='bbox 1097 4766 1457 4822; x_wconf 82' lang='lat' dir='ltr'><strong>retributio?</strong></span> <span class='ocrx_word' id='word_1_727' title='bbox 1489 4771 1799 4840; x_wconf 86' lang='lat' dir='ltr'><strong>Propterea</strong></span> <span class='ocrx_word' id='word_1_728' title='bbox 1833 4770 2003 4827; x_wconf 89' lang='lat' dir='ltr'><strong>Cata-</strong></span> 
     </span>
    </p>
   </div>
   <div class='ocr_carea' id='block_1_100' title="bbox 341 4854 2005 4928">
    <p class='ocr_par' dir='ltr' id='par_1_100' title="bbox 341 4854 2005 4928">
     <span class='ocr_line' id='line_1_100' title="bbox 341 4854 2005 4928; baseline 0.001 -20"><span class='ocrx_word' id='word_1_729' title='bbox 341 4858 590 4928; x_wconf 61' lang='lat' dir='ltr'><strong>piiryges</strong></span> <span class='ocrx_word' id='word_1_730' title='bbox 636 4854 953 4925; x_wconf 88' lang='lat' dir='ltr'><strong>prophetas</strong></span> <span class='ocrx_word' id='word_1_731' title='bbox 1012 4860 1144 4927; x_wconf 91' lang='lat' dir='ltr'><strong>post</strong></span> <span class='ocrx_word' id='word_1_732' title='bbox 1199 4855 1513 4910; x_wconf 87' lang='lat' dir='ltr'><strong>Dominum</strong></span> <span class='ocrx_word' id='word_1_733' title='bbox 1565 4856 2005 4915; x_wconf 88' lang='lat' dir='ltr'><strong>introducentes</strong></span> 
     </span>
    </p>
   </div>
   <div class='ocr_carea' id='block_1_101' title="bbox 340 4945 2003 5016">
    <p class='ocr_par' dir='ltr' id='par_1_101' title="bbox 340 4945 2003 5016">
     <span class='ocr_line' id='line_1_101' title="bbox 340 4945 2003 5016; baseline 0.002 -14"><span class='ocrx_word' id='word_1_734' title='bbox 340 4947 642 5011; x_wconf 75' lang='lat' dir='ltr'><strong>falluntur,</strong></span> <span class='ocrx_word' id='word_1_735' title='bbox 676 4950 850 5016; x_wconf 90' lang='lat' dir='ltr'><strong>atque</strong></span> <span class='ocrx_word' id='word_1_736' title='bbox 879 4945 1009 5000; x_wconf 91' lang='lat' dir='ltr'><strong>ideo</strong></span> <span class='ocrx_word' id='word_1_737' title='bbox 1035 4953 1315 5015; x_wconf 88' lang='lat' dir='ltr'><strong>tanquam</strong></span> <span class='ocrx_word' id='word_1_738' title='bbox 1347 4946 1598 5003; x_wconf 66' lang='lat' dir='ltr'><strong>haeretici</strong></span> <span class='ocrx_word' id='word_1_739' title='bbox 1633 4950 2003 5012; x_wconf 88' lang='lat' dir='ltr'><strong>condemnati</strong></span> 
     </span>
    </p>
   </div>
   <div class='ocr_carea' id='block_1_102' title="bbox 337 5033 2006 5106">
    <p class='ocr_par' dir='ltr' id='par_1_102' title="bbox 337 5033 2006 5106">
     <span class='ocr_line' id='line_1_102' title="bbox 337 5033 2006 5106; baseline -0.002 -15"><span class='ocrx_word' id='word_1_740' title='bbox 337 5041 496 5091; x_wconf 86' lang='lat' dir='ltr'><strong>sunt.</strong></span> <span class='ocrx_word' id='word_1_741' title='bbox 520 5035 823 5090; x_wconf 87' lang='lat' dir='ltr'><strong>Canticum</strong></span> <span class='ocrx_word' id='word_1_742' title='bbox 852 5033 1033 5105; x_wconf 83' lang='lat' dir='ltr'><strong>igitur</strong></span> <span class='ocrx_word' id='word_1_743' title='bbox 1071 5040 1160 5090; x_wconf 90' lang='lat' dir='ltr'><strong>est</strong></span> <span class='ocrx_word' id='word_1_744' title='bbox 1185 5034 1545 5090; x_wconf 89' lang='lat' dir='ltr'><strong>canticorum</strong></span> <span class='ocrx_word' id='word_1_745' title='bbox 1584 5055 1596 5092; x_wconf 93' lang='lat'><strong>:</strong></span> <span class='ocrx_word' id='word_1_746' title='bbox 1660 5036 1800 5106; x_wconf 87' lang='lat' dir='ltr'><strong>quia</strong></span> <span class='ocrx_word' id='word_1_747' title='bbox 1861 5034 2006 5092; x_wconf 85' lang='lat' dir='ltr'><strong>nihil</strong></span> 
     </span>
    </p>
   </div>
   <div class='ocr_carea' id='block_1_103' title="bbox 339 5122 2006 5196">
    <p class='ocr_par' dir='ltr' id='par_1_103' title="bbox 339 5122 2006 5196">
     <span class='ocr_line' id='line_1_103' title="bbox 339 5122 2006 5196; baseline 0 -17"><span class='ocrx_word' id='word_1_748' title='bbox 339 5124 492 5180; x_wconf 88' lang='lat' dir='ltr'><strong>aliud</strong></span> <span class='ocrx_word' id='word_1_749' title='bbox 530 5129 659 5196; x_wconf 86' lang='lat' dir='ltr'><strong>post</strong></span> <span class='ocrx_word' id='word_1_750' title='bbox 691 5140 779 5191; x_wconf 84' lang='lat' dir='ltr'><strong>ea,</strong></span> <span class='ocrx_word' id='word_1_751' title='bbox 803 5140 932 5194; x_wconf 70' lang='lat' dir='ltr'><strong>quae</strong></span> <span class='ocrx_word' id='word_1_752' title='bbox 960 5122 1052 5177; x_wconf 91' lang='lat' dir='ltr'><strong>hic</strong></span> <span class='ocrx_word' id='word_1_753' title='bbox 1083 5125 1866 5196; x_wconf 84' lang='lat' dir='ltr'><strong>canuntur,exspectandum</strong></span> <span class='ocrx_word' id='word_1_754' title='bbox 1897 5130 2006 5179; x_wconf 88' lang='lat' dir='ltr'><strong>est.</strong></span> 
     </span>
    </p>
   </div>
   <div class='ocr_carea' id='block_1_104' title="bbox 339 5210 2007 5281">
    <p class='ocr_par' dir='ltr' id='par_1_104' title="bbox 339 5210 2007 5281">
     <span class='ocr_line' id='line_1_104' title="bbox 339 5210 2007 5281; baseline 0 -14"><span class='ocrx_word' id='word_1_755' title='bbox 339 5213 407 5267; x_wconf 86' lang='lat' dir='ltr'><strong>Et</strong></span> <span class='ocrx_word' id='word_1_756' title='bbox 435 5213 589 5268; x_wconf 88' lang='lat' dir='ltr'><strong>sicut</strong></span> <span class='ocrx_word' id='word_1_757' title='bbox 619 5214 675 5265; x_wconf 85' lang='lat' dir='ltr'><strong>in</strong></span> <span class='ocrx_word' id='word_1_758' title='bbox 710 5210 1076 5281; x_wconf 84' lang='lat' dir='ltr'><strong>lege.Sancta</strong></span> <span class='ocrx_word' id='word_1_759' title='bbox 1107 5216 1358 5276; x_wconf 89' lang='lat' dir='ltr'><strong>erant,et</strong></span> <span class='ocrx_word' id='word_1_760' title='bbox 1390 5217 1522 5281; x_wconf 88' lang='lat' dir='ltr'><strong>post</strong></span> <span class='ocrx_word' id='word_1_761' title='bbox 1571 5212 1803 5277; x_wconf 88' lang='lat' dir='ltr'><strong>Sancta,</strong></span> <span class='ocrx_word' id='word_1_762' title='bbox 1861 5213 2007 5269; x_wconf 88' lang='lat' dir='ltr'><strong>San-</strong></span> 
     </span>
    </p>
   </div>
   <div class='ocr_carea' id='block_1_105' title="bbox 341 5299 2009 5371">
    <p class='ocr_par' dir='ltr' id='par_1_105' title="bbox 341 5299 2009 5371">
     <span class='ocr_line' id='line_1_105' title="bbox 341 5299 2009 5371; baseline -0.001 -15"><span class='ocrx_word' id='word_1_763' title='bbox 341 5306 434 5356; x_wconf 88' lang='lat' dir='ltr'><strong>cta</strong></span> <span class='ocrx_word' id='word_1_764' title='bbox 462 5305 827 5365; x_wconf 87' lang='lat' dir='ltr'><strong>sanctorum,</strong></span> <span class='ocrx_word' id='word_1_765' title='bbox 862 5305 994 5371; x_wconf 92' lang='lat' dir='ltr'><strong>post</strong></span> <span class='ocrx_word' id='word_1_766' title='bbox 1042 5299 1247 5354; x_wconf 84' lang='lat' dir='ltr'><strong>Sancta</strong></span> <span class='ocrx_word' id='word_1_767' title='bbox 1294 5316 1427 5354; x_wconf 87' lang='lat' dir='ltr'><strong>vero</strong></span> <span class='ocrx_word' id='word_1_768' title='bbox 1489 5307 1847 5367; x_wconf 78' lang='lat' dir='ltr'><strong>sanctorum,</strong></span> <span class='ocrx_word' id='word_1_769' title='bbox 1883 5301 2009 5356; x_wconf 90' lang='lat' dir='ltr'><strong>nul-</strong></span> 
     </span>
    </p>
   </div>
   <div class='ocr_carea' id='block_1_106' title="bbox 343 5387 2011 5461">
    <p class='ocr_par' dir='ltr' id='par_1_106' title="bbox 343 5387 2011 5461">
     <span class='ocr_line' id='line_1_106' title="bbox 343 5387 2011 5461; baseline 0.002 -20"><span class='ocrx_word' id='word_1_770' title='bbox 343 5388 436 5443; x_wconf 90' lang='lat' dir='ltr'><strong>lus</strong></span> <span class='ocrx_word' id='word_1_771' title='bbox 470 5387 888 5443; x_wconf 85' lang='lat' dir='ltr'><strong>aliusinterior</strong></span> <span class='ocrx_word' id='word_1_772' title='bbox 923 5388 1084 5442; x_wconf 91' lang='lat' dir='ltr'><strong>locus</strong></span> <span class='ocrx_word' id='word_1_773' title='bbox 1134 5387 1497 5455; x_wconf 87' lang='lat' dir='ltr'><strong>habebatur;</strong></span> <span class='ocrx_word' id='word_1_774' title='bbox 1552 5388 1633 5444; x_wconf 90' lang='lat' dir='ltr'><strong>ita</strong></span> <span class='ocrx_word' id='word_1_775' title='bbox 1690 5394 1821 5461; x_wconf 87' lang='lat' dir='ltr'><strong>post</strong></span> <span class='ocrx_word' id='word_1_776' title='bbox 1868 5391 2011 5444; x_wconf 68' lang='lat' dir='ltr'><strong>Can-</strong></span> 
     </span>
    </p>
   </div>
   <div class='ocr_carea' id='block_1_107' title="bbox 343 5478 2010 5550">
    <p class='ocr_par' dir='ltr' id='par_1_107' title="bbox 343 5478 2010 5550">
     <span class='ocr_line' id='line_1_107' title="bbox 343 5478 2010 5550; baseline 0.002 -16"><span class='ocrx_word' id='word_1_777' title='bbox 343 5478 478 5542; x_wconf 84' lang='lat' dir='ltr'><strong>tica,</strong></span> <span class='ocrx_word' id='word_1_778' title='bbox 540 5479 844 5534; x_wconf 88' lang='lat' dir='ltr'><strong>Canticum</strong></span> <span class='ocrx_word' id='word_1_779' title='bbox 902 5483 992 5535; x_wconf 84' lang='lat' dir='ltr'><strong>est</strong></span> <span class='ocrx_word' id='word_1_780' title='bbox 1051 5478 1442 5545; x_wconf 86' lang='lat' dir='ltr'><strong>canticorum,</strong></span> <span class='ocrx_word' id='word_1_781' title='bbox 1503 5486 1634 5550; x_wconf 89' lang='lat' dir='ltr'><strong>post</strong></span> <span class='ocrx_word' id='word_1_782' title='bbox 1708 5481 2010 5537; x_wconf 90' lang='lat' dir='ltr'><strong>Canticum</strong></span> 
     </span>
    </p>
   </div>
   <div class='ocr_carea' id='block_1_108' title="bbox 417 5672 1985 5748">
    <p class='ocr_par' dir='ltr' id='par_1_108' title="bbox 417 5672 1985 5748">
     <span class='ocr_line' id='line_1_108' title="bbox 417 5672 1985 5748; baseline 0.003 -20"><span class='ocrx_word' id='word_1_783' title='bbox 417 5674 462 5709; x_wconf 82' lang='grc'>⁸⁰</span> <span class='ocrx_word' id='word_1_784' title='bbox 494 5672 660 5729; x_wconf 86' lang='lat' dir='ltr'><strong>Deut.</strong></span> <span class='ocrx_word' id='word_1_785' title='bbox 695 5689 853 5741; x_wconf 83' lang='lat' dir='ltr'><strong>xvm,</strong></span> <span class='ocrx_word' id='word_1_786' title='bbox 887 5673 972 5727; x_wconf 89' lang='grc'><strong>15.</strong></span> <span class='ocrx_word' id='word_1_787' title='bbox 1004 5673 1049 5709; x_wconf 78' lang='grc'>⁸¹</span> <span class='ocrx_word' id='word_1_788' title='bbox 1084 5672 1195 5729; x_wconf 89' lang='lat' dir='ltr'><strong>Isa.</strong></span> <span class='ocrx_word' id='word_1_789' title='bbox 1227 5689 1327 5742; x_wconf 87' lang='lat' dir='ltr'><strong>vn,</strong></span> <span class='ocrx_word' id='word_1_790' title='bbox 1386 5673 1471 5729; x_wconf 86' lang='grc'>14.</span> <span class='ocrx_word' id='word_1_791' title='bbox 1524 5674 1571 5710; x_wconf 79' lang='grc'>³²</span> <span class='ocrx_word' id='word_1_792' title='bbox 1603 5674 1775 5731; x_wconf 84' lang='lat' dir='ltr'><strong>Micb.</strong></span> <span class='ocrx_word' id='word_1_793' title='bbox 1826 5692 1898 5748; x_wconf 71' lang='grc' dir='ltr'><strong>ιν,</strong></span> <span class='ocrx_word' id='word_1_794' title='bbox 1934 5677 1985 5732; x_wconf 91' lang='grc'><strong>1.</strong></span> 
     </span>
    </p>
   </div>
   <div class='ocr_carea' id='block_1_109' title="bbox 2111 4672 3774 4754">
    <p class='ocr_par' dir='ltr' id='par_1_109' title="bbox 2111 4672 3774 4754">
     <span class='ocr_line' id='line_1_109' title="bbox 2111 4672 3774 4754; baseline -0.001 -21"><span class='ocrx_word' id='word_1_795' title='bbox 2111 4672 2438 4744; x_wconf 84' lang='grc' dir='ltr'>ταπόδοσιν;</span> <span class='ocrx_word' id='word_1_796' title='bbox 2471 4675 2571 4730; x_wconf 84' lang='grc' dir='ltr'>Καὶ</span> <span class='ocrx_word' id='word_1_797' title='bbox 2630 4673 2719 4731; x_wconf 75' lang='grc' dir='ltr'><strong>διὰ</strong></span> <span class='ocrx_word' id='word_1_798' title='bbox 2770 4681 2931 4732; x_wconf 75' lang='grc' dir='ltr'>τοῦτο</span> <span class='ocrx_word' id='word_1_799' title='bbox 2975 4679 3029 4732; x_wconf 74' lang='grc' dir='ltr'>οἱ</span> <span class='ocrx_word' id='word_1_800' title='bbox 3077 4676 3214 4733; x_wconf 85' lang='grc' dir='ltr'>κατὰ</span> <span class='ocrx_word' id='word_1_801' title='bbox 3271 4677 3492 4753; x_wconf 78' lang='grc' dir='ltr'>Φρύγας</span> <span class='ocrx_word' id='word_1_802' title='bbox 3548 4697 3774 4754; x_wconf 89' lang='grc' dir='ltr'>παρεισ-</span> 
     </span>
    </p>
   </div>
   <div class='ocr_carea' id='block_1_110' title="bbox 2116 4763 3774 4844">
    <p class='ocr_par' dir='ltr' id='par_1_110' title="bbox 2116 4763 3774 4844">
     <span class='ocr_line' id='line_1_110' title="bbox 2116 4763 3774 4844; baseline -0.002 -23"><span class='ocrx_word' id='word_1_803' title='bbox 2116 4768 2334 4840; x_wconf 81' lang='grc' dir='ltr'>άγοντες</span> <span class='ocrx_word' id='word_1_804' title='bbox 2366 4766 2650 4842; x_wconf 81' lang='grc' dir='ltr'>προφήτας</span> <span class='ocrx_word' id='word_1_805' title='bbox 2715 4765 2850 4837; x_wconf 79' lang='grc' dir='ltr'>μετὰ</span> <span class='ocrx_word' id='word_1_806' title='bbox 2894 4767 2985 4821; x_wconf 89' lang='grc' dir='ltr'>τὸν</span> <span class='ocrx_word' id='word_1_807' title='bbox 3038 4766 3258 4842; x_wconf 80' lang='grc' dir='ltr'>Κύριον,</span> <span class='ocrx_word' id='word_1_808' title='bbox 3292 4763 3652 4844; x_wconf 82' lang='grc' dir='ltr'>σφάλλονται,</span> <span class='ocrx_word' id='word_1_809' title='bbox 3684 4764 3774 4820; x_wconf 85' lang='grc' dir='ltr'><strong>καὶ</strong></span> 
     </span>
    </p>
   </div>
   <div class='ocr_carea' id='block_1_111' title="bbox 2123 4853 3779 4929">
    <p class='ocr_par' dir='ltr' id='par_1_111' title="bbox 2123 4853 3779 4929">
     <span class='ocr_line' id='line_1_111' title="bbox 2123 4853 3779 4929; baseline 0 -21"><span class='ocrx_word' id='word_1_810' title='bbox 2123 4855 2195 4915; x_wconf 75' lang='grc' dir='ltr'><strong>ὡς</strong></span> <span class='ocrx_word' id='word_1_811' title='bbox 2243 4853 2502 4928; x_wconf 78' lang='grc' dir='ltr'>αἱρετικοὶ</span> <span class='ocrx_word' id='word_1_812' title='bbox 2547 4853 2956 4929; x_wconf 87' lang='grc' dir='ltr'>κατεκρίθησαν.</span> <span class='ocrx_word' id='word_1_813' title='bbox 2992 4859 3177 4926; x_wconf 73' lang='grc' dir='ltr'>’ᾼσμα</span> <span class='ocrx_word' id='word_1_814' title='bbox 3226 4853 3317 4909; x_wconf 78' lang='grc' dir='ltr'><strong>οὖν</strong></span> <span class='ocrx_word' id='word_1_815' title='bbox 3374 4854 3655 4927; x_wconf 84' lang='grc' dir='ltr'>ᾀσμάτων,</span> <span class='ocrx_word' id='word_1_816' title='bbox 3690 4853 3779 4909; x_wconf 80' lang='grc' dir='ltr'>διὰ</span> 
     </span>
    </p>
   </div>
   <div class='ocr_carea' id='block_1_112' title="bbox 2121 4940 3775 5016">
    <p class='ocr_par' dir='ltr' id='par_1_112' title="bbox 2121 4940 3775 5016">
     <span class='ocr_line' id='line_1_112' title="bbox 2121 4940 3775 5016; baseline -0.001 -18"><span class='ocrx_word' id='word_1_817' title='bbox 2121 4944 2183 4998; x_wconf 81' lang='grc' dir='ltr'>τὸ</span> <span class='ocrx_word' id='word_1_818' title='bbox 2237 4943 2370 5015; x_wconf 85' lang='grc' dir='ltr'>μετᾶ</span> <span class='ocrx_word' id='word_1_819' title='bbox 2411 4942 2479 4997; x_wconf 79' lang='grc' dir='ltr'><strong>τὰ</strong></span> <span class='ocrx_word' id='word_1_820' title='bbox 2522 4941 2581 4997; x_wconf 74' lang='grc' dir='ltr'>ἐκ</span> <span class='ocrx_word' id='word_1_821' title='bbox 2627 4941 2823 4997; x_wconf 80' lang='grc' dir='ltr'>τούτου</span> <span class='ocrx_word' id='word_1_822' title='bbox 2872 4940 3040 5016; x_wconf 77' lang='grc' dir='ltr'>μηδὲν</span> <span class='ocrx_word' id='word_1_823' title='bbox 3072 4940 3255 5015; x_wconf 71' lang='grc' dir='ltr'>’ἕτερον</span> <span class='ocrx_word' id='word_1_824' title='bbox 3305 4941 3633 5016; x_wconf 80' lang='grc' dir='ltr'>προσδοκᾷν.</span> <span class='ocrx_word' id='word_1_825' title='bbox 3676 4942 3775 4997; x_wconf 83' lang='grc' dir='ltr'>Καὶ</span> 
     </span>
    </p>
   </div>
   <div class='ocr_carea' id='block_1_113' title="bbox 2120 5029 3780 5108">
    <p class='ocr_par' dir='ltr' id='par_1_113' title="bbox 2120 5029 3780 5108">
     <span class='ocr_line' id='line_1_113' title="bbox 2120 5029 3780 5108; baseline -0.002 -21"><span class='ocrx_word' id='word_1_826' title='bbox 2120 5033 2300 5108; x_wconf 83' lang='grc' dir='ltr'>ὥσπερ</span> <span class='ocrx_word' id='word_1_827' title='bbox 2346 5031 2483 5086; x_wconf 86' lang='grc' dir='ltr'>κατᾶ</span> <span class='ocrx_word' id='word_1_828' title='bbox 2527 5031 2617 5086; x_wconf 85' lang='grc' dir='ltr'><strong>τὸν</strong></span> <span class='ocrx_word' id='word_1_829' title='bbox 2668 5031 2835 5104; x_wconf 87' lang='grc' dir='ltr'>νόμον</span> <span class='ocrx_word' id='word_1_830' title='bbox 2866 5033 3032 5108; x_wconf 70' lang='grc' dir='ltr'>’Ἅγια</span> <span class='ocrx_word' id='word_1_831' title='bbox 3077 5032 3169 5099; x_wconf 76' lang='grc' dir='ltr'>ἦν,</span> <span class='ocrx_word' id='word_1_832' title='bbox 3200 5031 3290 5085; x_wconf 86' lang='grc' dir='ltr'><strong>καὶ</strong></span> <span class='ocrx_word' id='word_1_833' title='bbox 3343 5033 3478 5103; x_wconf 83' lang='grc' dir='ltr'>μετᾶ</span> <span class='ocrx_word' id='word_1_834' title='bbox 3522 5029 3589 5084; x_wconf 81' lang='grc' dir='ltr'><strong>τὰ</strong></span> <span class='ocrx_word' id='word_1_835' title='bbox 3617 5034 3780 5104; x_wconf 72' lang='grc' dir='ltr'>’Ἅγια</span> 
     </span>
    </p>
   </div>
   <div class='ocr_carea' id='block_1_114' title="bbox 2118 5117 3777 5196">
    <p class='ocr_par' dir='ltr' id='par_1_114' title="bbox 2118 5117 3777 5196">
     <span class='ocr_line' id='line_1_114' title="bbox 2118 5117 3777 5196; baseline -0.003 -20"><span class='ocrx_word' id='word_1_836' title='bbox 2118 5122 2285 5195; x_wconf 87' lang='grc' dir='ltr'>Ἀγια</span> <span class='ocrx_word' id='word_1_837' title='bbox 2315 5121 2505 5196; x_wconf 79' lang='grc' dir='ltr'>ἁγίων,</span> <span class='ocrx_word' id='word_1_838' title='bbox 2541 5121 2675 5193; x_wconf 84' lang='grc' dir='ltr'>μετὰ</span> <span class='ocrx_word' id='word_1_839' title='bbox 2707 5118 2763 5175; x_wconf 75' lang='grc' dir='ltr'><strong>δὲ</strong></span> <span class='ocrx_word' id='word_1_840' title='bbox 2790 5120 2858 5176; x_wconf 81' lang='grc' dir='ltr'>τὰ</span> <span class='ocrx_word' id='word_1_841' title='bbox 2888 5125 3050 5196; x_wconf 85' lang='grc' dir='ltr'>’Ἀγια</span> <span class='ocrx_word' id='word_1_842' title='bbox 3080 5123 3187 5174; x_wconf 89' lang='grc' dir='ltr'><strong>τῶν</strong></span> <span class='ocrx_word' id='word_1_843' title='bbox 3223 5119 3390 5194; x_wconf 76' lang='grc' dir='ltr'>ἁγίων</span> <span class='ocrx_word' id='word_1_844' title='bbox 3434 5117 3533 5172; x_wconf 83' lang='grc' dir='ltr'>οὐκ</span> <span class='ocrx_word' id='word_1_845' title='bbox 3580 5117 3657 5172; x_wconf 75' lang='grc' dir='ltr'>ἔτι</span> <span class='ocrx_word' id='word_1_846' title='bbox 3711 5119 3777 5186; x_wconf 79' lang='grc' dir='ltr'><strong>ἦν</strong></span> 
     </span>
    </p>
   </div>
   <div class='ocr_carea' id='block_1_115' title="bbox 2121 5206 3780 5284">
    <p class='ocr_par' dir='ltr' id='par_1_115' title="bbox 2121 5206 3780 5284">
     <span class='ocr_line' id='line_1_115' title="bbox 2121 5206 3780 5284; baseline -0.004 -19"><span class='ocrx_word' id='word_1_847' title='bbox 2121 5210 2382 5284; x_wconf 81' lang='grc' dir='ltr'>ἐσώτερος</span> <span class='ocrx_word' id='word_1_848' title='bbox 2410 5209 2600 5271; x_wconf 69' lang='grc' dir='ltr'>τόπος*</span> <span class='ocrx_word' id='word_1_849' title='bbox 2635 5208 2809 5271; x_wconf 72' lang='grc' dir='ltr'>οὕτως</span> <span class='ocrx_word' id='word_1_850' title='bbox 2838 5210 2973 5281; x_wconf 83' lang='grc' dir='ltr'>μετᾶ</span> <span class='ocrx_word' id='word_1_851' title='bbox 3002 5210 3067 5263; x_wconf 82' lang='grc' dir='ltr'><strong>τὰ</strong></span> <span class='ocrx_word' id='word_1_852' title='bbox 3097 5206 3311 5280; x_wconf 73' lang='grc' dir='ltr'>ᾅσματα</span> <span class='ocrx_word' id='word_1_853' title='bbox 3351 5207 3415 5261; x_wconf 87' lang='grc' dir='ltr'><strong>τὸ</strong></span> <span class='ocrx_word' id='word_1_854' title='bbox 3445 5212 3627 5280; x_wconf 81' lang='grc' dir='ltr'>’ᾼσμα</span> <span class='ocrx_word' id='word_1_855' title='bbox 3672 5210 3780 5261; x_wconf 88' lang='grc' dir='ltr'><strong>τῶν</strong></span> 
     </span>
    </p>
   </div>
   <div class='ocr_carea' id='block_1_116' title="bbox 2122 5292 3781 5373">
    <p class='ocr_par' dir='ltr' id='par_1_116' title="bbox 2122 5292 3781 5373">
     <span class='ocr_line' id='line_1_116' title="bbox 2122 5292 3781 5373; baseline -0.002 -19"><span class='ocrx_word' id='word_1_856' title='bbox 2122 5298 2399 5372; x_wconf 77' lang='grc' dir='ltr'>ᾀσμάτων,</span> <span class='ocrx_word' id='word_1_857' title='bbox 2437 5299 2569 5373; x_wconf 80' lang='grc' dir='ltr'>μετὰ</span> <span class='ocrx_word' id='word_1_858' title='bbox 2617 5295 2675 5353; x_wconf 78' lang='grc' dir='ltr'><strong>δὲ</strong></span> <span class='ocrx_word' id='word_1_859' title='bbox 2733 5297 2796 5353; x_wconf 76' lang='grc' dir='ltr'><strong>τὸ</strong></span> <span class='ocrx_word' id='word_1_860' title='bbox 2826 5300 3011 5369; x_wconf 80' lang='grc' dir='ltr'>’ᾼσμα</span> <span class='ocrx_word' id='word_1_861' title='bbox 3067 5301 3172 5351; x_wconf 90' lang='grc' dir='ltr'><strong>τῶν</strong></span> <span class='ocrx_word' id='word_1_862' title='bbox 3231 5295 3486 5367; x_wconf 79' lang='grc' dir='ltr'>ᾀσμάτων</span> <span class='ocrx_word' id='word_1_863' title='bbox 3549 5295 3649 5350; x_wconf 82' lang='grc' dir='ltr'>οὐκ</span> <span class='ocrx_word' id='word_1_864' title='bbox 3705 5292 3781 5351; x_wconf 77' lang='grc' dir='ltr'>ἔτι</span> 
     </span>
    </p>
   </div>
   <div class='ocr_carea' id='block_1_117' title="bbox 2122 5382 3783 5465">
    <p class='ocr_par' dir='ltr' id='par_1_117' title="bbox 2122 5382 3783 5465">
     <span class='ocr_line' id='line_1_117' title="bbox 2122 5382 3783 5465; baseline -0.004 -21"><span class='ocrx_word' id='word_1_865' title='bbox 2122 5385 2427 5465; x_wconf 79' lang='grc' dir='ltr'>προσδοκᾷν</span> <span class='ocrx_word' id='word_1_866' title='bbox 2484 5385 2624 5443; x_wconf 69' lang='grc' dir='ltr'>ἔστιν</span> <span class='ocrx_word' id='word_1_867' title='bbox 2678 5382 2940 5461; x_wconf 82' lang='grc' dir='ltr'>ἐσωτέραν</span> <span class='ocrx_word' id='word_1_868' title='bbox 3001 5384 3089 5439; x_wconf 74' lang='grc' dir='ltr'><strong>καὶ</strong></span> <span class='ocrx_word' id='word_1_869' title='bbox 3166 5383 3481 5460; x_wconf 72' lang='grc' dir='ltr'>καινοτέραν</span> <span class='ocrx_word' id='word_1_870' title='bbox 3553 5382 3783 5459; x_wconf 78' lang='grc' dir='ltr'>ἐπάγγε-</span> 
     </span>
    </p>
   </div>
   <div class='ocr_carea' id='block_1_118' title="bbox 2125 5472 3788 5552">
    <p class='ocr_par' dir='ltr' id='par_1_118' title="bbox 2125 5472 3788 5552">
     <span class='ocr_line' id='line_1_118' title="bbox 2125 5472 3788 5552; baseline -0.004 -18"><span class='ocrx_word' id='word_1_871' title='bbox 2125 5477 2265 5535; x_wconf 89' lang='grc' dir='ltr'>λίαν.</span> <span class='ocrx_word' id='word_1_872' title='bbox 2296 5477 2474 5547; x_wconf 72' lang='grc' dir='ltr'>’Ἅπαξ</span> <span class='ocrx_word' id='word_1_873' title='bbox 2505 5475 2610 5552; x_wconf 75' lang='grc' dir='ltr'><strong>γὰρ</strong></span> <span class='ocrx_word' id='word_1_874' title='bbox 2642 5477 2669 5530; x_wconf 85' lang='grc' dir='ltr'>ὁ</span> <span class='ocrx_word' id='word_1_875' title='bbox 2702 5474 2881 5550; x_wconf 59' lang='grc' dir='ltr'>Λόγος</span> <span class='ocrx_word' id='word_1_876' title='bbox 2912 5473 3121 5549; x_wconf 71' lang='grc' dir='ltr'>ἐγένετο</span> <span class='ocrx_word' id='word_1_877' title='bbox 3154 5473 3304 5547; x_wconf 71' lang='grc' dir='ltr'>σὰρξ,</span> <span class='ocrx_word' id='word_1_878' title='bbox 3337 5472 3426 5529; x_wconf 84' lang='grc' dir='ltr'><strong>καὶ</strong></span> <span class='ocrx_word' id='word_1_879' title='bbox 3470 5472 3788 5529; x_wconf 80' lang='grc' dir='ltr'>τετελείωκι</span> 
     </span>
    </p>
   </div>
   <div class='ocr_carea' id='block_1_119' title="bbox 2122 5558 3786 5642">
    <p class='ocr_par' dir='ltr' id='par_1_119' title="bbox 2122 5558 3786 5642">
     <span class='ocr_line' id='line_1_119' title="bbox 2122 5558 3786 5642; baseline -0.004 -20"><span class='ocrx_word' id='word_1_880' title='bbox 2122 5568 2186 5622; x_wconf 88' lang='grc' dir='ltr'>τὸ</span> <span class='ocrx_word' id='word_1_881' title='bbox 2215 5562 2397 5642; x_wconf 75' lang='grc' dir='ltr'>ἔργον.</span> <span class='ocrx_word' id='word_1_882' title='bbox 2435 5567 2591 5622; x_wconf 78' lang='grc' dir='ltr'>Ἔστι</span> <span class='ocrx_word' id='word_1_883' title='bbox 2640 5561 2698 5619; x_wconf 75' lang='grc' dir='ltr'><strong>δὶ</strong></span> <span class='ocrx_word' id='word_1_884' title='bbox 2745 5560 2880 5618; x_wconf 75' lang='grc' dir='ltr'>ὅλον</span> <span class='ocrx_word' id='word_1_885' title='bbox 2924 5563 2987 5617; x_wconf 91' lang='grc' dir='ltr'>τὸ</span> <span class='ocrx_word' id='word_1_886' title='bbox 3042 5558 3258 5639; x_wconf 74' lang='grc' dir='ltr'>βιϐλίον</span> <span class='ocrx_word' id='word_1_887' title='bbox 3303 5566 3467 5617; x_wconf 80' lang='grc' dir='ltr'>τοῦτο</span> <span class='ocrx_word' id='word_1_888' title='bbox 3514 5558 3786 5637; x_wconf 78' lang='grc' dir='ltr'>διαλόγων</span> 
     </span>
    </p>
   </div>
  </div>
