4154 6402
325 425 446 486 353

1415 418 1798 480 SYNOPSIS
1844 418 2314 481 SCRIPTURE
2359 419 2658 479 SACRJE.

3630 422 3747 482 354

323 553 534 630 πλῆρες
565 557 662 607 τοῦ
694 551 954 607 παλαιοῦ’
986 549 1121 626 πρὸς
1151 550 1242 604 τὸν
1272 548 1460 625 Δόγον,
1492 549 1580 602 καὶ
1612 548 1851 612 καθόλου
1880 554 1976 602 τοῦ

2121 566 2227 605 ’8Γο
2279 551 2666 618 canticorum,
2703 568 2816 606 non
2875 556 2966 606 est
3024 551 3270 606 interior
3327 551 3524 624 aliqua
3573 556 3632 606 et
3670 569 3760 608 re-

324 642 672 718 ἀνθρωπίνου
706 641 896 715 γένους
925 639 1062 712 πρὸς
1091 638 1183 692 τὸν
1219 636 1411 711 Λόγον,
1444 637 1533 691 καὶ
1580 645 1679 706 τῆς
1731 636 1782 708 ἐξ
1823 637 1984 691 ἐθνῶν

328 729 656 800 Ἐκκληοίας
710 729 847 804 πρὸς
901 727 1082 795 αὐτὸν,
1134 725 1223 780 καὶ
1270 730 1367 780 τοῦ
1411 726 1591 800 Λόγου
1641 725 1803 781 πάλιν
1852 726 1987 801 πρὸς

327 820 491 888 αὐτὴν
525 820 616 874 καὶ
648 819 785 894 πρὸς
817 818 881 870 τὸ
930 817 1262 888 ἀνθρώπινον
1315 815 1490 888 γὲνοςσ
1529 814 1641 868 εἶτα
1683 819 1787 868 τῶν
1823 814 1987 878 ἐθνῶν

327 911 461 982 πρὸς
519 913 619 978 την
687 904 1084 983 Ἰερουσαλὴμ,
1145 907 1234 958 καὶ
1285 912 1385 974 τῆς
1448 904 1811 981 Ἰερουσαλὴμ
1867 904 1991 980 περὶ

326 1006 424 1068 τῆς
457 998 511 1068 ἐξ
545 998 711 1053 ἐθνῶν
741 997 831 1051 καὶ
878 995 1000 1070 περὶ
1054 994 1220 1064 αότῆς
1270 991 1546 1070 διάλογος·
1583 995 1694 1049 εἶτα
1745 994 1834 1048 καὶ
1883 998 1987 1048 τῶν

337 1085 727 1142 διακονούντων
768 1085 1017 1161 ἀγγέλων
1070 1083 1205 1156 πρὸς
1251 1082 1377 1144 τοὺς
1428 1081 1727 1154 κληθέντας
1781 1083 1987 1158 ἀνθρώ-

337 1198 471 1238 πους
502 1176 566 1230 τὸ
593 1177 871 1250 κηρυγμα.
904 1176 1009 1225 Τοῦ
1045 1172 1138 1244 μὲν
1191 1169 1280 1225 οῦν
1330 1170 1566 1225 παλαιοῦ
1616 1170 1751 1226 λαοῦ
1783 1170 1992 1240 ἀξιοῦν-

333 1287 424 1326 τος
457 1265 613 1319 αὐτὸν
645 1261 922 1318 κατελθεῖν
972 1261 1061 1314 καὶ
1113 1267 1445 1337 συναφθῆναι
1476 1265 1542 1334 τῇ
1599 1261 1754 1336 σαρκὶ
1804 1265 1989 1314 ταῦτα·

343 1352 686 1423 «Φιλησάτω
725 1373 790 1424 με
821 1351 927 1405 ἀπὸ
976 1347 1306 1427 φιλημάτων
1357 1345 1626 1422 στόματος
1673 1349 1856 1404 αὐτοῦ’
1910 1349 1992 1402 ὅτι

339 1440 534 1516 ἀγαθοὶ
569 1440 760 1513 μαστοί
811 1460 903 1493 σου
950 1439 1082 1513 ὑπὲρ
1131 1437 1299 1494 οἶνον.
1338 1461 1364 1488 ››
1400 1439 1496 1492 Καὶ
1545 1437 1708 1494 πάλιν
1753 1437 1841 1492 διὰ
1868 1437 1994 1493 τού-

337 1551 447 1583 των
498 1529 893 1605 προτρέπεται“
927 1553 951 1577 ι(
983 1534 1087 1581 Nec:
1135 1527 1271 1602 πρὸς
1322 1525 1530 1581 παλαιὰ
1590 1526 1830 1598 ἐτήρησά
1887 1547 1994 1594 σοι,

337 1614 596 1692 ἀδελφιδὲ
629 1639 755 1689 μου.
791 1641 819 1666 ››
854 1617 950 1670 Καὶ
977 1619 1134 1690 κοινῇ
1170 1613 1227 1670 δὲ
1257 1615 1470 1670 πάντων
1505 1616 1641 1683 πρὸς
1672 1616 1764 1670 τὸν
1799 1616 1994 1691 Λόγον,

329 1700 417 1755 ⁹ίνα
445 1703 509 1756 τὸ
542 1705 701 1774 ἠμφν
735 1697 978 1776 ἀναλάϐῃ
1032 1707 1191 1775 σῶμα
1247 1727 1276 1754 ‹‹
1308 1703 1403 1764 Τίς
1450 1700 1564 1774 δῴη
1616 1725 1692 1774 σε,
1740 1700 1998 1779 ἀδελφιδὲ

339 1812 468 1862 μου,
527 1790 833 1860 θηλάζοντα
893 1790 1128 1863 μαστοὺς
1193 1791 1398 1866 μητρός
1463 1812 1612 1864 μου;
1657 1792 1884 1868 εὑροῦσά
1943 1814 2000 1846 σε

337 1877 458 1949 ἔξω,
491 1879 710 1957 φιλήσω
744 1901 820 1945 σε,
855 1881 943 1934 καὶ
993 1878 1092 1934 οῦκ
1142 1879 1551 1951 ἐξουδενήσουσί
1601 1903 1690 1954 με.
1741 1882 1998 1956 Ιιαραλή-

337 1967 510 2042 ψομαί
542 1990 618 2038 σε,
653 1968 846 2039 εἰσάξω
876 1990 932 2024 σε
963 1970 1038 2031 εἷς
1073 1969 1219 2023 οἶκον
1272 1970 1481 2046 μητρός
1520 1992 1645 2043 μου,
1675 1971 1764 2026 καὶ
1817 1971 1890 2034 εἷς
1939 1972 2002 2025 τὸ

336 2062 559 2131 ταμεῖον
589 2064 690 2126 τῆς
743 2053 1127 2128 συλλαϐούσης
1183 2080 1269 2132 με.
1308 2083 1334 2109 ›ι
1367 2059 1438 2114 Οὐ
1484 2061 1586 2134 γὰρ
1629 2059 1842 2131 ἔξωθεν,
1877 2059 2004 2115 ἀλλ’

339 2147 427 2223 ἀφ’
474 2147 541 2216 ἧς
576 2148 940 2223 ἐγεννήθημεν
975 2150 1204 2223 μήτρας,
1261 2144 1551 2204 ἀναλαϐεῖν
1603 2149 1763 2204 αὐτὸν
1817 2151 2002 2220 ἠξίουν

339 2237 402 2290 τὸ
433 2240 612 2309 σῶμα,
646 2235 691 2290 εἰ
731 2239 818 2290 καὶ
860 2237 934 2308 μὴ
970 2238 1044 2298 ὡς
1075 2241 1238 2310 ἡμεῖς
1267 2237 1319 2308 ἐξ
1351 2235 1545 2312 ἀνδρὸς
1594 2239 1683 2292 καὶ
1731 2239 2002 2314 γυναικός,

342 2326 439 2381 Ἐκ
464 2325 566 2400 γὰρ
619 2325 791 2396 μόνης
853 2326 1144 2401 Παρθένου,
1179 2326 1252 2388 ὡς
1302 2325 1571 2399 πλάστης,
1623 2329 1794 2400 ἑαυτῴ
1845 2323 2007 2383 ἔλαϐε

344 2414 406 2468 τὸ
438 2419 618 2486 σῶμα,
661 2412 807 2482 πλὴν
860 2414 941 2468 ὅτι
983 2414 1034 2484 ἐξ
1089 2414 1400 2490 ἀνθρώπου·
1465 2418 1756 2488 ἄνθρωπος
1807 2418 1910 2493 γὰρ
1970 2420 2004 2486 ἡ

344 2502 608 2564 Θεοτόκος
644 2502 858 2575 Μαρία.
909 2504 1005 2557 Καὶ
1033 2508 1132 2557 τοῦ
1168 2503 1348 2578 Λόγου
1401 2502 1458 2559 δὲ
1507 2507 1645 2580 πρὸς
1693 2506 1819 2568 τοὺς
1846 2507 2008 2576 ἀξιώ-

344 2612 557 2659 σαντας,
591 2586 1072 2664 ἀναλαμϐάνοντος
1121 2590 1229 2662 ἤδη
1280 2595 1379 2662 τὴν
1433 2593 1601 2668 σάρκα
1643 2594 1700 2648 ἐκ
1728 2603 1827 2664 τῆς
1861 2601 2006 2664 Παρ-

345 2679 518 2749 θένου,
550 2685 738 2734 ταῦτα’
773 2706 799 2729 ‹‹
836 2679 1104 2749 Εἰσῆλθον
1137 2681 1210 2742 εἷς
1260 2683 1435 2750 κῆπόν
1476 2703 1601 2755 μου,
1637 2681 1846 2759 ἀδελφή
1903 2705 2010 2756 μου

342 2768 551 2846 νύμφη,
587 2768 857 2844 ἐτρύγησα
890 2770 1127 2844 σμύρναν
1187 2791 1290 2842 μου
1343 2772 1477 2844 μετᾶ
1525 2771 1830 2848 ἀρωμάτων
1883 2795 2008 2844 μου,

340 2856 544 2934 ἔφαγον
579 2857 739 2932 ἄρυον
777 2879 881 2929 μου
931 2859 1064 2930 μετὰ
1098 2859 1319 2931 μέλιτός
1377 2881 1504 2933 μου,
1538 2858 1688 2915 ἔπιον
1724 2861 1868 2916 οἶνόν
1906 2884 2011 2934 μου

350 2948 482 3018 μετά
511 2945 784 3021 γάλακτός
821 2968 947 3018 μου.
986 2971 1012 2997 ››
1046 2947 1136 3008 Εἷς
1170 2949 1273 3022 γὰρ
1303 2948 1396 3002 τὸν
1432 2946 1568 3004 ἴδιον
1613 2957 1790 3019 κῆπον
1839 2949 2013 3005 εἰσελ-

349 3037 476 3104 θὼν,
521 3035 622 3103 τήν
669 3034 862 3101 κτίσιν,
916 3030 1107 3090 ἔλαϐεν
1160 3037 1332 3108 ἑαυτῷ
1377 3035 1436 3091 ἐκ
1486 3045 1585 3108 τῆς
1638 3038 1913 3111 Παρθένου
1951 3039 2014 3093 τὸ

353 3129 527 3195 σῶμα,
559 3125 648 3177 καὶ
681 3123 902 3198 γέγονεν
938 3121 1249 3198 ἄνθρωπας.
1297 3127 1502 3196 Θνητὸν
1559 3127 1652 3199 μὲν
1704 3129 1770 3196 ἦν
1815 3129 1877 3182 τὸ
1910 3132 2014 3181 σῶ-

356 3233 448 3285 μα,
479 3211 628 3267 ἀλλὰ
661 3213 794 3286 μετᾶ
823 3209 1048 3274 εὐωδίας
1083 3219 1178 3267 τοῦ
1227 3215 1492 3291 παναγίου
1526 3215 1706 3291 Λόγου
1753 3224 2013 3286 συνῆπτο·

2102 638 2323 692 centior
2362 639 2754 710 exspectanda
2805 638 3138 709 promissio.
3190 638 3378 693 Semel
3429 641 3587 694 enim
3621 640 3756 695 Ver-

2102 727 2244 781 bum
2277 742 2411 781 caro
2443 728 2663 782 factum
2695 731 2807 791 est,
2855 742 3121 797 opusque
3171 729 3620 782 consummavit.
3657 729 3757 782 Est

2103 825 2299 872 autem
2332 820 2491 870 totus
2533 815 2628 870 hic
2687 815 2835 870 liber
2883 815 3093 887 plenus
3153 815 3517 887 dialogorum
3550 816 3762 872 veteris

2103 903 2299 975 populi
2335 905 2406 959 ad
2439 904 2783 969 Verbum,et
2813 903 3157 960 summatim
3174 904 3417 959 humani
3441 906 3672 976 generis
3688 906 3759 960 ad

2105 993 2382 1056 Verbum,
2417 998 2473 1047 et
2504 993 2770 1047 Ecclesia:
2804 1010 2871 1047 ex
2901 993 3177 1064 gentibus
3218 999 3427 1048 coactae
3475 994 3546 1049 ad
3579 994 3760 1060 idem,

2103 1087 2158 1136 et
2183 1099 2388 1136 rursus
2421 1082 2594 1137 Verbi
2614 1083 2684 1137 ad
2709 1084 3061 1148 eamdem,et
3086 1083 3157 1137 ad
3185 1099 3372 1156 genus
3403 1083 3757 1138 humanum.

2107 1172 2319 1226 Deinde
2353 1172 2619 1243 gentium
2680 1173 2751 1226 ad
2803 1170 3153 1242 Jerusalem,
3213 1177 3271 1228 et
3307 1172 3657 1242 Jerusalem,
3693 1173 3763 1228 de

2106 1260 2359 1316 Ecclesia
2389 1279 2456 1314 ex
2485 1260 2759 1333 gentibus
2789 1266 2991 1318 coacta
3020 1267 3076 1316 et
3104 1263 3175 1317 de
3225 1263 3439 1333 seipsa,
3472 1262 3760 1335 dialogus.

2105 1354 2313 1404 Postea
2346 1357 2400 1404 et
2435 1350 2901 1405 ministrantium
2925 1349 3266 1422 angelorum
3285 1351 3355 1405 ad
3383 1351 3649 1406 homines
3671 1369 3764 1407 vo-

2106 1443 2267 1493 catos
2329 1438 2680 1508 praedicatio.
2731 1439 2954 1494 Veteris
3002 1441 3205 1509 itaque
3236 1439 3436 1512 p0puli
3465 1441 3765 1512 precantis

2107 1527 2301 1597 ipsum
2328 1526 2623 1596 (Verbum)
2659 1533 2724 1582 ut
2744 1528 3143 1595 descenderet,
3170 1534 3226 1583 et
3256 1529 3416 1584 carni
3449 1531 3766 1603 conjunge-

2108 1619 2288 1682 retur,
2346 1615 2465 1669 haec
2497 1620 2676 1671 sunt:
2707 1640 2733 1666 «
2777 1616 3088 1672 Osculetur
3122 1633 3214 1672 me
3246 1618 3466 1673 osculis
3499 1618 3616 1674 oris
3638 1619 3766 1686 sui;

2109 1703 2386 1775 quoniam
2419 1703 2662 1760 meliora
2693 1709 2835 1760 sunt
2869 1706 3049 1760 ubera
3096 1710 3199 1760 tua
3229 1706 3364 1762 vino
3393 1707 3457 1760 ³⁸.
3503 1729 3531 1756 ››
3562 1708 3632 1762 Et
3662 1708 3767 1762 ite-

2109 1810 2237 1848 rum
2265 1793 2536 1848 hortatur
2586 1793 2679 1850 his
2709 1793 2900 1850 verbis
2926 1811 2938 1849 :
2973 1817 3000 1844 «
3030 1795 3190 1850 Nova
3219 1800 3274 1851 et
3323 1801 3516 1852 vetera
3545 1799 3768 1854 servavi

2112 1882 2242 1949 tibi,
2302 1883 2510 1938 dilecte
2536 1884 2607 1938 mi
2639 1884 2705 1938 δ”.
2748 1905 2775 1934 ››
2839 1883 2899 1938 In
2954 1901 3268 1939 commune
3318 1900 3454 1940 vero
3503 1886 3766 1941 omnium

2111 1988 2219 2027 vox
2248 1978 2336 2026 est
2365 1974 2434 2027 ad
2469 1972 2745 2044 Verbum,
2801 1979 2862 2027 ut
2896 1991 3129 2028 carnem
3165 1980 3423 2030 nostram
3441 1981 3719 2031 assumat
3752 1993 3765 2030 :

2114 2082 2142 2109 «
2172 2060 2312 2125 Quis
2344 2065 2438 2114 det
2471 2067 2546 2127 te,
2579 2062 2924 2116 consobrina
2966 2063 3064 2127 mi,
3099 2070 3403 2134 augentem
3442 2065 3620 2119 ubera
3643 2081 3769 2120 ma-

2112 2147 2220 2202 tris
2255 2147 2436 2202 meae?
2470 2149 2760 2203 inveniam
2795 2155 2845 2202 te
2880 2151 3359 2213 t'oris,osculabor
3391 2157 3466 2212 te,
3495 2169 3599 2206 nec
3629 2169 3766 2207 con-

2117 2240 2380 2291 temnent
2409 2253 2519 2292 me.
2558 2237 3011 2308 Apprehendam
3037 2239 3332 2307 te,ducam
3349 2246 3404 2294 te
3435 2241 3492 2294 in
3526 2243 3768 2296 domum

2119 2324 2322 2379 matris
2348 2341 2509 2392 meae,
2543 2330 2600 2380 et
2649 2325 2707 2380 in
2749 2325 3087 2381 cubiculum
3122 2327 3248 2397 ejus
3282 2328 3380 2398 qui
3442 2345 3534 2384 me
3565 2345 3770 2384 conce-

2120 2414 2204 2486 pit
2235 2415 2337 2468 ³⁸.»
2370 2415 2591 2470 Precati
2624 2419 2765 2470 sunt
2782 2417 3037 2484 enim,ut
3056 2432 3288 2472 carnem
3315 2423 3769 2474 assumeretnon

2117 2501 2482 2568 aliunde,sed
2509 2519 2578 2557 ex
2607 2520 2675 2558 ea
2706 2504 2836 2574 ipsa
2870 2504 3204 2572 matrice,ex
3235 2523 3349 2577 qua
3386 2507 3507 2561 nati
3538 2523 3772 2574 sumus,

2123 2591 2254 2646 licet
2285 2608 2401 2645 non
2425 2592 2653 2660 eodem,
2674 2609 2822 2663 quos
2854 2609 2982 2659 nos,
3009 2593 3204 2659 modo,
3239 2611 3447 2665 nempe
3467 2611 3534 2650 ex
3565 2596 3686 2650 viro
3719 2601 3778 2652 et

2125 2679 2385 2734 muliere.
2419 2679 2644 2751 Corpus
2676 2680 2830 2735 enim
2865 2681 3001 2745 sibi,
3036 2686 3235 2753 utpote
3265 2682 3521 2748 Creator,
3555 2701 3621 2738 ex
3652 2684 3778 2739 sola

2120 2767 2358 2840 Virgine
2408 2769 2770 2840 assumpsit:
2823 2773 3080 2825 attamen
3130 2787 3199 2824 ex
3258 2770 3536 2828 homine:
3599 2773 3775 2828 homo

2121 2856 2277 2910 enim
2314 2857 2421 2911 fuit
2469 2858 2726 2930 genitrix
2773 2858 2874 2914 Dei
2907 2858 3110 2913 Maria.
3144 2859 3310 2915 Verbi
3359 2877 3515 2928 vero,
3549 2877 3618 2916 ex
3648 2861 3776 2916 Vir-

2121 2946 2256 3018 gine
2279 2947 2406 3016 jam
2434 2962 2669 3002 carnem
2694 2947 3151 3015 assumentis,ad
3186 2955 3492 3019 precantes
3522 2967 3604 3017 se,
3639 2955 3780 3006 sunt

2123 3037 2266 3091 ista:
2306 3059 2333 3086 ιι
2365 3035 2672 3108 Ingressus
2696 3054 2828 3091 sum
2853 3036 2910 3090 in
2944 3037 3182 3092 hortum
3219 3054 3434 3107 meum,
3459 3055 3624 3095 soror
3645 3058 3778 3096 mea

2125 3142 2364 3196 sponsa,
2401 3125 2750 3181 vindemiavi
2783 3126 3082 3198 myrrham
3112 3143 3299 3182 meam
3333 3145 3467 3183 cum
3501 3129 3777 3185 aromati-

2133 3215 2242 3271 bu
2273 3216 2672 3280 meis,comedi
2705 3232 2914 3287 panem
2931 3232 3126 3270 meum
3142 3232 3275 3270 cum
3307 3216 3478 3272 melle
3503 3218 3780 3287 meo,bibi

353 3303 447 3356 Καὶ
482 3301 532 3355 εἴ
559 3299 724 3376 γάλα,
787 3302 861 3364 ὡς
925 3303 1229 3378 ἄνθρωπος,
1288 3289 1437 3381 ἠφίει
1495 3305 1557 3359 τὸ
1606 3289 1766 3379 σῶμα
1808 3311 2008 3383 φαγεῖντ

2136 3305 2337 3359 vinum
2361 3321 2556 3358 meum
2590 3321 2719 3359 cum
2757 3305 2907 3359 lacte
2923 3321 3048 3360 meo
3079 3305 3273 3359 36.nln
3306 3305 3780 3378 propriumenim

356 3388 499 3445 ἀλλὰ
534 3387 815 3462 μετεδίδου
849 3389 994 3462 αὐτῷ
1045 3391 1135 3445 καὶ
1190 3389 1339 3447 οἷ’νου
1370 3400 1469 3463 τῆς
1519 3395 1711 3449 ἑαυτοῦ
1740 3395 2021 3466 τελειότη·

355 3499 467 3540 τος.
501 3479 595 3532 Καὶ
645 3479 750 3554 γὰρ
800 3475 982 3554 ὥσπερ
1030 3477 1188 3548 ⁸ἤσθιε
1235 3480 1396 3557 γάλα.
1449 3483 1621 3545 οὕτως
1675 3485 1725 3538 ἓν
1777 3484 1923 3558 αὐτῷ
1954 3488 2020 3541 τὰ

353 3575 451 3638 τῆς
483 3566 736 3638 θεότητος
771 3569 938 3623 ἐποίει
991 3569 1141 3644 ἔργα.
1187 3571 1315 3626 Εἶτα
1348 3573 1375 3626 6
1409 3572 1584 3648 Λόγος
1639 3572 1830 3628 λοιπὸν
1865 3574 2015 3630 ἐνδυ-

350 3655 580 3729 σάμενος
609 3658 671 3711 τὸ
722 3661 883 3730 σῶμα
932 3659 1322 3734 προσκαλεῖται
1354 3663 1444 3716 τὸν
1478 3662 1709 3717 παλαιὸν
1755 3663 1907 3732 λαὸν,
1941 3666 2014 3728 ὡς

346 3749 560 3819 πρῶτον
594 3752 944 3810 πιστευθέντα
987 3749 1055 3802 τὰ
1107 3747 1287 3824 λόγια,
1323 3747 1413 3804 δια
1439 3751 1668 3805 τούτων·
1703 3778 1727 3803 ι.
1762 3753 2012 3825 Ἀνάστα,

353 3833 476 3897 ἐλθέ
505 3834 743 3903 πλησίον
779 3856 906 3908 μου,
937 3835 1080 3907 καλή
1121 3858 1246 3911 μου,
1280 3839 1568 3916 περιστερά
1612 3860 1736 3913 μου’
1771 3841 1852 3896 ὅτι
1897 3841 2015 3897 ἰδοὺ

351 3924 378 3977 6
406 3925 619 3997 χειμὼν
652 3925 954 3997 παρῆλθεν,
989 3927 1016 3980 6
1051 3927 1203 3988 ὑετὸς
1258 3926 1522 3998 ἀπῆλθεν,
1576 3929 1842 4004 ἐπορεύθη
1895 3933 2015 3987 ἐαυ-

351 4015 450 4082 τῷ.
504 4014 580 4065 Τὰ
638 4013 771 4083 ἄνθη
823 4009 979 4092 ὤφθη
1045 4013 1094 4068 ἐν
1155 4019 1223 4089 τῇ
1282 4020 1375 4091 γῇ,
1435 4018 1624 4093 καιρὸς
1679 4027 1778 4088 τῆς
1835 4029 2015 4094 τομῆς

355 4095 570 4176 ἔφθακε,
603 4102 755 4178 φωνή
782 4106 880 4156 τοῦ
909 4102 1168 4178 τρυγόνος
1202 4104 1444 4174 ἠκούσθη
1481 4107 1533 4160 ἐν
1566 4111 1632 4180 τῇ
1666 4112 1738 4182 γῇ
1770 4111 1953 4182 ἡμῶν,
1977 4112 2013 4180 ἡ

357 4195 490 4257 συκῆ
553 4187 827 4265 ἐξήνεγκεν
893 4189 1157 4253 ὀλύνθους
1216 4191 1407 4264 αὐτῆς,
1458 4195 1512 4247 αὶ
1563 4195 1802 4267 ἄμπελοι
1852 4200 2012 4270 ἡμῶν

355 4276 726 4351 κυπρίζουσιν.
764 4306 786 4332 ι
843 4279 929 4341 Ὡς
971 4280 1072 4355 γὰρ
1126 4276 1388 4344 λαϐόντος
1444 4287 1540 4338 τοῦ
1600 4284 1819 4360 πρώτου
1879 4286 2015 4342 λαοῦ

355 4361 457 4425 ἓως
491 4370 681 4438 καιροῦ
712 4367 812 4434 τὴν
841 4369 991 4422 σκιάν
1039 4369 1138 4437 τήν
1189 4369 1240 4424 ἐν
1287 4371 1460 4443 νόμῳ,
1515 4368 1774 4442 διδάσκει,
1819 4375 1907 4430 καὶ
1940 4376 2016 4438 ὡς

359 4450 538 4508 εἰδότα
565 4455 663 4523 τήν
699 4458 883 4532 φωνὴν
916 4461 1012 4511 τοῦ
1041 4457 1327 4534 τρυγόνος,
1380 4461 1806 4535 ὑπομιμνήσκει.
1845 4472 2016 4539 Προσ-

354 4541 722 4616 καλεσάμενος
776 4542 832 4599 δὲ
883 4546 909 4599 ὁ
961 4545 1132 4622 Λόγος
1180 4549 1279 4617 τὴν
1331 4549 1731 4623 Ἰερουσαλήμ,
1778 4573 2014 4628 προσκα-

2132 3393 2726 3460 hortum,creaturam
2768 3392 3633 3465 videlicet,ingressus,carnem
3668 3395 3781 3452 sibi

2128 3498 2198 3538 ex
2228 3481 2460 3553 Virgine
2491 3481 2837 3552 assumpsit,
2865 3486 2922 3536 et
2963 3481 3137 3537 homo
3171 3482 3361 3538 factus
3391 3488 3502 3538 est.
3538 3484 3780 3540 Mortale

2129 3570 2366 3643 quidem
2400 3587 2611 3640 corpus
2643 3574 2787 3638 erat,
2831 3586 3035 3626 verum
3086 3588 3219 3626 cum
3254 3571 3416 3627 suavi
3451 3573 3628 3628 odore
3653 3591 3783 3629 sano

2126 3659 2375 3715 ctissimi
2406 3658 2576 3714 Verbi
2608 3661 3012 3731 conjunctum.
3047 3661 3114 3715 Et
3145 3660 3278 3716 licet
3311 3666 3374 3717 ut
3402 3661 3578 3718 homo
3609 3661 3781 3719 lactis

2125 3751 2321 3805 cibum
2356 3748 2582 3819 corpori
2614 3766 2720 3803 suo
2755 3749 3078 3818 admiserit,
3127 3755 3324 3806 tamen
3357 3755 3414 3807 et
3462 3752 3664 3807 vinum
3699 3751 3781 3807 illi

2125 3836 2497 3910 perfectionis
2542 3854 2660 3892 sua:
2692 3837 2974 3909 impertit.
3022 3838 3249 3893 Etenim
3285 3841 3783 3910 quemadmodum

2123 3925 2215 3982 lac
2246 3924 2518 3992 comedit,
2553 3926 2632 3980 ita
2657 3928 2734 3980 'et
2778 3925 3104 3982 divinitatis
3136 3943 3316 3997 opera
3355 3927 3414 3983 in
3447 3927 3574 3999 ipso
3603 3929 3786 4001 perfe-

2124 4016 2221 4070 cit.
2254 4014 2476 4070 Deinde
2505 4013 3027 4084 Verbum,oarnem
3061 4015 3360 4083 indutum,
3392 4021 3646 4072 veterem
3683 4033 3783 4088 po-

2124 4103 2362 4176 pulum,
2403 4107 2466 4158 ut
2499 4102 2590 4157 cui
2622 4103 2883 4172 primum
2917 4104 3154 4160 oracula
3184 4105 3283 4160 Dei
3314 4105 3646 4160 concredita
3669 4106 3789 4161 fue-

2130 4198 2292 4259 rant,
2326 4194 2395 4248 ad
2451 4210 2513 4250 se
2559 4198 2742 4260 vocat,
2797 4193 2892 4249 his
2921 4195 3148 4250 verbis:
3190 4216 3216 4248 ιι
3239 4197 3444 4268 Surge,
3477 4197 3687 4253 accede
3718 4197 3789 4251 ad

2128 4301 2241 4349 me,
2275 4283 2468 4339 amica
2489 4299 2640 4352 mea,
2693 4283 2953 4338 formosa
2986 4301 3135 4354 mea,
3162 4284 3435 4340 columba
3467 4303 3617 4353 mea,
3651 4303 3790 4356 quo-

2125 4373 2284 4428 niam
2317 4388 2449 4427 ecce
2480 4370 2675 4425 hiems
2706 4371 3160 4439 transiit,imber
3189 4372 3354 4437 abiit,
3391 4390 3456 4428 ac
3489 4375 3788 4445 profectus

2124 4466 2214 4517 est
2246 4459 2380 4516 sibi.
2403 4459 2597 4514 Flores
2630 4465 3031 4530 apparuerunt
3057 4460 3115 4514 in
3150 4465 3330 4529 terra,
3355 4465 3588 4532 tempus
3615 4467 3784 4534 puta-

2125 4550 2302 4606 tionis
2324 4548 2578 4615 advenit,
2633 4565 2739 4603 vox
2769 4549 3018 4604 turturis
3053 4547 3252 4604 audita
3281 4555 3372 4605 est
3404 4549 3459 4604 in
3498 4555 3654 4606 terra
3687 4568 3794 4607 no-

357 4631 530 4686 λεῖται
565 4631 759 4688 λοιπὸν
806 4635 895 4688 καὶ
951 4635 1077 4697 τοὺς
1110 4637 1216 4691 ἀπὸ
1260 4641 1368 4692 τῶν
1421 4637 1585 4702 ἐθνῶν
1640 4637 1730 4695 διὰ
1789 4644 1996 4698 τούτων

2129 4644 2271 4706 stra,
2306 4638 2452 4693 ficus
2484 4635 2726 4708 protulit
2755 4653 2993 4708 grossos
3042 4655 3203 4705 suos,
3243 4639 3421 4694 vineae
3447 4644 3661 4695 nostrae
3692 4644 3788 4695 ﬂo-

356 4721 452 4792 (εἶς
484 4720 586 4797 γάρ
620 4721 730 4776 ἐστι
763 4723 960 4799 Κύριος
992 4725 1082 4778 καὶ
1117 4722 1392 4781 Ἰουδαίων
1427 4728 1516 4782 καὶ
1569 4729 1780 4804 ἐθνῶνν)
1805 4757 1831 4783 ‹‹
1858 4734 2024 4808 Δεῦρο

362 4811 465 4864 ἀπὸ
518 4805 781 4884 Λιϐάνου,
812 4812 1026 4891 νύμφη.
1081 4815 1215 4870 Ἀπὸ
1268 4815 1504 4870 Λιοάνου
1557 4815 1779 4893 ἐλεύσῃ,
1828 4823 1918 4876 καὶ
1951 4805 2030 4877 δι-

364 4896 554 4973 ελεύσῃ
587 4901 676 4954 ἀπ’
710 4903 889 4977 ἀρχῆς
931 4902 1186 4969 πίστεως,
1237 4905 1341 4958 ἀπὸ
1391 4905 1638 4981 κεφαλῆς
1695 4910 1886 4985 Σανεῖρ
1937 4907 2026 4966 καὶ

360 4987 633 5063 Ἀερμὼν,
677 4990 783 5044 ἀπὸ
835 4989 1085 5064 μανδρῶν
1139 4991 1396 5064 λεόντων,
1446 4995 1548 5049 ἀπὸ
1601 4995 1769 5070 ὀρέων
1819 4997 2025 5076 παρδα-

366 5073 523 5130 λεων.
556 5103 576 5127 υ
619 5079 752 5132 Ἀπὸ
781 5080 882 5156 γὰρ
930 5078 1386 5156 εἷδωλολατρείας
1419 5084 1507 5137 καὶ
1561 5084 1864 5160 θηριώδους
1899 5073 2025 5165 έρό-

362 5183 467 5218 που
515 5165 907 5239 προσκαλεῖται
961 5168 1160 5239 ταύτην
1223 5170 1299 5230 εἷς
1354 5171 1454 5239 τὴν
1505 5193 1708 5230 πιστιν.
1755 5175 2029 5246 Κληθεῖσα

361 5252 538 5307 τοίνυν
572 5252 624 5325 ἐξ
655 5253 820 5320 ἐθνῶν
856 5257 944 5312 καὶ
997 5255 1105 5328 ἤδη
1159 5265 1538 5334 κατανυγεῖσα,
1576 5259 1717 5337 λέγει
1767 5265 1904 5339 πρὸς
1933 5266 2024 5319 τὸν

364 5339 534 5417 Λόγον
565 5348 750 5398 ταῦτα·
792 5368 816 5398 α
852 5345 1218 5422 Ἀπάγγειλόν
1275 5369 1390 5420 μοι,
1434 5349 1492 5403 ’ὀν
1544 5351 1824 5424 ἠγάπησεν
1858 5356 1892 5423 ἡ
1926 5365 2030 5428 ψυ-

363 5432 438 5503 χή
476 5452 602 5502 μουο
635 5438 743 5487 ποῦ
775 5435 1106 5508 ποιμαίνεις,
1139 5441 1246 5490 ποῦ
1289 5437 1557 5506 κοιτάζεις
1592 5438 1644 5494 ἐν
1692 5437 2024 5514 μεσημϐρίᾳ’

369 5519 586 5590 μήποτε
619 5522 861 5598 γένωμαι
893 5525 968 5586 ὡς
1012 5519 1458 5600 περιϐαλλομένη
1493 5525 1575 5580 ἐπ’
1625 5528 1845 5604 ἁγέλαις
1887 5531 2029 5586 ἒταί-

2137 4731 2268 4782 rent
2296 4727 2359 4780 ⁸⁷.
2394 4748 2421 4775 ››
2482 4725 2568 4779 Ita
2615 4725 2771 4780 enim
2832 4725 3019 4792 docet,
3060 4726 3227 4797 quasi
3261 4726 3487 4799 primus
3538 4729 3794 4800 populus

2141 4817 2410 4871 umbram
2441 4831 2564 4885 qua:
2595 4813 2654 4868 in
2715 4813 2840 4887 lege
2871 4820 2979 4884 est,
3015 4815 3086 4870 ad
3120 4819 3351 4887 tempus
3373 4817 3664 4889 acceperit
3697 4833 3708 4872 :
3739 4817 3795 4872 et

2140 4908 2309 4979 quasi
2342 4923 2535 4962 vocem
2564 4906 2812 4962 turturis
2844 4912 3259 4978 agnoscentem
3297 4909 3593 4965 admonet.
3630 4908 3792 4964 Post-

2138 5013 2310 5068 quam
2337 4991 2872 5050 autemJerusalem
2901 4994 3224 5064 advocavit,
3250 4997 3494 5052 advocat
3519 4996 3796 5066 deinceps

2140 5089 2196 5141 et
2226 5101 2346 5149 eos,
2405 5081 2507 5154 qui
2544 5087 2685 5137 sunt
2716 5099 2784 5138 ex
2813 5085 3090 5155 gentibus
3115 5085 3294 5155 (unus
3314 5089 3404 5140 est
3435 5085 3590 5140 enim
3619 5089 3677 5140 et
3695 5085 3798 5140 Ju-

2139 5174 2396 5228 daaorum
2438 5173 2494 5225 et
2551 5171 2815 5243 gentium
2847 5171 3171 5244 Dominus),
3208 5172 3298 5228 his
3320 5171 3513 5228 verbis
3549 5189 3560 5226 :
3598 5195 3625 5221 ‹‹
3649 5172 3798 5227 Veni

2139 5262 2211 5317 de
2242 5261 2485 5325 Libano,
2509 5276 2746 5330 sponsa.
2772 5260 2852 5315 De
2883 5260 3101 5316 Libano
3132 5259 3415 5324 venias,et
3436 5264 3705 5316 transeas
3724 5261 3795 5316 ab

2138 5351 2307 5408 initio
2341 5347 2493 5403 fidei.
2525 5347 2607 5402 De
2636 5348 2851 5403 vertice
2882 5348 3053 5403 Sanir
3083 5352 3138 5402 et
3187 5349 3464 5413 Aermon,
3492 5347 3564 5403 de
3595 5346 3800 5401 cubili-

2139 5443 2252 5497 bus
2307 5437 2568 5503 leonum,
2601 5435 2672 5491 de
2717 5435 3018 5491 montibus
3076 5435 3394 5507 pardorum
3442 5435 3510 5489 ³³,
3577 5457 3604 5483 ››
3638 5437 3797 5487 Hanc

2141 5528 2297 5586 enim
2354 5524 2426 5579 ab
2477 5521 2806 5577 idololatria
2838 5521 3223 5594 moribusque
3269 5520 3476 5577 ferinis
3517 5521 3588 5577 ad
3621 5519 3798 5572 fidem

435 5628 482 5663 ³³
546 5633 710 5686 Cant.
744 5649 782 5703 l,
817 5634 864 5688 l.
903 5635 948 5668 3‘
1012 5635 1179 5689 Cant.
1229 5650 1330 5702 vu,
1367 5635 1453 5688 13.
1494 5635 1539 5670 ³⁸
1600 5637 1764 5694 Cant.
1814 5655 1937 5712 vm,
1997 5642 2008 5694 1

2123 5679 2137 5694 ,
2171 5637 2216 5672 ³ο
2282 5632 2449 5690 Cant.
2510 5644 2565 5692 v,
2609 5627 2658 5682 1.
2690 5627 2733 5662 ³⁷
2791 5630 2954 5682 Cant.
2990 5643 3051 5694 Il,
3087 5625 3271 5682 10-43.
3329 5625 3374 5661 ³⁸
3439 5627 3606 5684 Cant.
3641 5638 3715 5688 ιν,
3743 5622 3798 5674 8.

439 5717 462 5742 '
493 5719 734 5793 Supple,
767 5717 924 5775 λαοῦ.
