4154 6384
337 451 452 510 357

1433 439 1810 508 SYNOPSIS
1859 437 2325 507 SCRIPTUH/E
2371 450 2674 509 SACIUE.

3638 461 3761 519 358

338 581 446 658 ραὶ,
482 579 679 644 ἔσὼθεν
725 577 782 634 δὲ
813 578 1193 652 πνευματικαί.
1235 575 1421 648 Εἶδον,
1453 578 1535 634 ὅτι
1591 577 1880 655 ζευχθῆναί
1935 599 2002 652 με

2119 587 2356 648 nuciJm,
2391 583 2452 636 ut
2482 584 2734 638 viderem
2759 589 3025 655 gormina
3053 591 3366 644 torrentis:
3394 609 3533 647 num
3573 593 3753 648 ﬂorue

336 670 419 725 δεῖ
476 672 549 732 ὼς
602 671 652 724 ἐν
708 671 912 746 ἅρματι
965 673 1032 742 τῇ
1087 669 1136 738 ἐξ
1187 666 1350 723 ἐθνῶν
1397 669 1614 738 κλήσει.
1656 665 1996 743 Ζευχθέντων

337 761 516 814 τοίνυν
550 759 875 837 ἀμφοτέρων
908 763 1016 812 τῶν
1053 758 1218 826 λαῶν,
1254 757 1446 813 λοιπὸν
1477 763 1758 832 πανταχοῦ
1798 759 1860 811 τὸ
1905 755 2000 827 κή-

339 865 522 924 ρυγμα
551 843 960 916 ἀπεστάλη,καὶ
989 847 1184 901 τούτου
1213 846 1451 922 γίνονται
1484 845 1724 901 διάκονοι
1760 847 1809 901 οἱ
1843 845 2000 920 ἄγγε-

340 939 449 1007 λοι,
485 937 757 1012 λέγοντες·
795 967 820 988 u
855 935 1125 1006 Ἐξέλθετε
1163 938 1252 990 καὶ
1308 933 1445 991 ἴδετε
1493 935 1541 991 ἐν
1591 942 1669 1008 τῷ
1730 935 2002 1007 Σαλομὼν

339 1026 391 1082 ἐν
419 1032 497 1098 τῷ
531 1026 797 1104 στεφάνῳ,
831 1027 876 1097 ᾧ
928 1025 1292 1103 ἐστεφάνωσεν
1344 1026 1502 1080 αὐτὸν
1536 1028 1569 1094 ἡ
1608 1027 1792 1100 μήτηρ
1838 1021 2000 1078 αὐτοῦ

340 1115 391 1170 ἐν
439 1113 620 1192 ἡμέρᾳ
671 1114 1028 1193 νυμφεύσεως
1101 1113 1285 1182 αὖτοῦ,
1330 1114 1420 1168 καὶ
1468 1113 1518 1168 ἐν
1574 1115 1757 1189 ἡμέρᾳ
1807 1111 1998 1190 εὖφρο-

344 1203 506 1274 σύνης
553 1202 773 1277 καρδίας
831 1201 1019 1258 αὐτοῦ.
1058 1228 1076 1253 υ
1109 1204 1169 1276 '0
1218 1203 1321 1278 γὰρ
1356 1201 1714 1278 ἐξερχόμενος
1751 1195 1858 1288 ἀπὸ.
1905 1201 2001 1269 τῆς

346 1292 531 1354 κακίας
557 1288 740 1366 ὄψεται
771 1293 860 1347 καὶ
890 1294 990 1359 τὴν
1018 1295 1115 1345 τοῦ
1150 1291 1326 1367 Λόγου
1358 1293 1493 1367 πρὸς
1523 1292 1586 1345 τὸ
1635 1295 1794 1362 σῶμα
1846 1288 2000 1365 ἄτρε-

353 1403 480 1435 πτον
510 1377 723 1439 ἕνωσιν.
754 1381 880 1438 "Or.
913 1382 1015 1456 γὰρ
1065 1379 1256 1455 γέγονε
1313 1380 1612 1458 νύμφευσις
1669 1381 1765 1433 τοῦ
1825 1378 1999 1452 Λόγου

350 1472 485 1542 πρὸς
536 1473 683 1543 ἡμᾶς
736 1467 824 1524 διὰ
864 1471 962 1539 τῆς
1009 1473 1107 1523 τοῦ
1157 1469 1412 1542 σώματος
1456 1469 1719 1539 ἐνὼσεως,
1750 1467 1872 1522 τότε
1912 1467 2000 1522 καὶ

347 1562 443 1628 τήν
476 1560 611 1614 κατὰ
637 1565 732 1613 τοῦ
766 1559 993 1622 θανάτου
1025 1557 1181 1628 νίκην
1213 1558 1499 1630 πεποίηκε,
1533 1555 1602 1612 δι’
1634 1559 1696 1626 ἣν
1745 1553 2000 1631 εὐφροσύ-

342 1669 441 1717 νης
486 1647 659 1702 πάντα
700 1647 1053 1722 πεπλήρωκε.
1087 1652 1318 1702 Τοιαῦτα
1368 1648 1420 1702 ἐν
1473 1646 1554 1719 τῲ
1603 1652 1842 1719 ’ᾋσματι
1891 1650 1997 1699 τῶν

342 1735 597 1808 ᾀσμάτων
628 1737 695 1790 τὰ
724 1740 830 1790 τῶν
867 1734 1142 1810 διαλόγων
1189 1735 1352 1790 ἐστίν·
1389 1735 1439 1806 ἐξ
1491 1737 1563 1789 ὧν
1617 1735 1870 1812 ἀφορμήν
1915 1755 1999 1795 τις

341 1820 543 1892 λαϐὼν,
578 1817 796 1879 δύναται
831 1825 920 1878 ἀπ’
949 1823 1114 1878 αὐτοῦ
1143 1829 1240 1879 τοῦ
1293 1819 1512 1900 βιϐλίου
1557 1825 1623 1877 τὰ
1672 1822 1836 1895 ὅμοια
1881 1827 1997 1876 τοῖς

339 1911 559 1987 ὁμοίοις
593 1915 882 1969 συνάπτειν
915 1914 1051 1968 κατὰ
1080 1914 1172 1968 τὸν
1205 1919 1354 1970 νοῦν.

2111 669 2228 724 rint
2260 669 2414 725 mala
2445 673 2693 743 punica:
2721 674 2797 728 ibi
2831 676 2979 730 dabo
3005 678 3184 732 ubera
3216 697 3360 734 mea.
3387 681 3509 736 Non
3544 698 3750 752 cogno-

2110 759 2191 813 vit
2223 759 2420 814 anima
2470 779 2616 830 mea,
2653 765 2848 834 posuit
2899 782 2989 819 me
3037 783 3244 822 currus
3292 771 3755 826 Aminadab‘3.»

2111 848 2172 901 In
2198 847 2434 903 hortum
2461 851 2615 904 enim
2643 869 2881 921 nucum,
2908 854 3014 908 hoc
3038 856 3227 921 est,.in
3253 858 3584 929 Scripturas
3609 861 3761 930 veni,

2111 954 2236 1007 quae
2271 937 2454 992 instar
2486 957 2702 994 nucum
2736 947 2896 1009 sunt,
2927 943 3065 999 foris
3089 945 3271 1012 duraa,
3296 945 3457 1002 intus
3489 949 3764 1020 spiritua-

2109 1025 2212 1080 les.
2244 1021 2392 1093 Vidi,
2420 1029 2573 1098 quod
2598 1031 2905 1101 jungenda
2944 1049 3096 1098 sum,
3121 1034 3277 1089 velut
3312 1037 3368 1090 in
3401 1054 3600 1102 curru,
3623 1055 3764 1110 gen-

2111 1114 2258 1169 tium
2292 1116 2602 1172 vocationi.
2628 1120 2969 1190 Conjunctis
3003 1123 3179 1192 igitur
3211 1125 3478 1196 utrisque
3510 1126 3766 1198 populis,

2109 1203 2169 1256 in
2203 1204 2401 1259 orbem
2438 1209 2724 1262 terrarum
2758 1209 2976 1265 emissa
3004 1221 3091 1266 est
3121 1214 3474 1282 praedicatio,
3500 1221 3555 1270 et
3586 1216 3764 1286 hujus

2113 1293 2364 1348 ministri
2399 1302 2538 1350 sunt
2568 1296 2778 1368 angeli,
2807 1299 3103 1354 dicentes:
3132 1323 3158 1349 ‹‹
3193 1303 3572 1372 Egredimini,
3596 1310 3652 1359 et
3681 1305 3762 1360 vi-

2109 1382 2239 1434 dete
2286 1381 2656 1438 Salomonem
2690 1386 2746 1438 in
2795 1403 3028 1452 corona,
3068 1405 3184 1458 qua
3223 1394 3517 1446 coronavit
3567 1392 3762 1464 ipsum

2113 1475 2300 1524 mater
2328 1472 2478 1538 eius,
2515 1473 2571 1526 in
2627 1473 2719 1527 die
2749 1474 3224 1545 desponsationis
3277 1479 3424 1549 ejus,
3458 1486 3514 1534 et
3560 1481 3619 1535 in
3671 1481 3763 1535 die

2109 1557 2324 1613 laetitiae
2356 1561 2548 1616 cordis
2580 1564 2706 1632 ejus
2729 1564 2791 1617 ‘7.
2823 1587 2842 1612 υ
2871 1564 2978 1628 Qui
3002 1582 3255 1636 namque
3285 1585 3314 1622 e
3348 1569 3574 1626 malitia
3601 1587 3763 1642 egre-

2110 1647 2287 1712 ditur,
2321 1648 2752 1706 immutabilem
2785 1653 2957 1707 Verbi
2991 1657 3047 1708 et
3073 1656 3264 1710 carnis
3297 1657 3582 1712 unitatem
3607 1659 3762 1715 vide-

2110 1736 2215 1791 bit.
2267 1737 2509 1800 Quando
2559 1741 2716 1795 enirn
2766 1741 2940 1796 Verbi
2989 1743 3319 1816 nobiscum,
3356 1764 3458 1818 per
3505 1750 3764 1819 corporis

2112 1825 2410 1892 unionem,-
2446 1829 2598 1882 facta
2625 1833 2714 1883 est
2745 1831 3142 1902 desponsatio,
3165 1838 3306 1888 tunc
3353 1839 3410 1889 et
3458 1835 3528 1890 de
3577 1843 3765 1893 morte

2109 1914 2408 1970 victoriam
2462 1916 2680 1981 retulit,
2707 1925 2944 1989 propter
2981 1937 3159 1991 quam
3210 1927 3267 1976 et
3317 1924 3517 1979 omnia
3564 1924 3768 1981 laetitia

343 2015 701 2094 adimplevit.
737 2021 1086 2092 Hujusmodi
1120 2029 1259 2080 sunt
1289 2021 1526 2094 dialogi,
1561 2022 1620 2077 in
1652 2021 1888 2077 Cantico
1919 2021 2301 2088 Canticorum,
2335 2039 2402 2076 ex
2434 2023 2648 2092 quibus
2687 2025 2991 2081 occasione
3036 2033 3273 2099 sumpta
3302 2031 3512 2100 poterit
3541 2031 3673 2104 quis
3706 2032 3766 2088 in

344 2110 475 2182 ipsa
506 2104 685 2165 libelli
717 2107 984 2177 lectione,
1019 2109 1238 2166 similia
1267 2110 1564 2166 similibus
1594 2110 1871 2181 adaptai‘e
1902 2107 2226 2164 secundum
2259 2113 2634 2166 Sententiam.

911 2211 1139 2271 Βιϐλίον
1179 2220 1260 2284 ιζ’,
1295 2209 1438 2272 Ἰώϐ.

418 2325 507 2380 25.
566 2319 698 2380 Ἰὼϐ
761 2323 1153 2400 ἐπιγέγραπται
1219 2323 1282 2377 τὸ
1353 2317 1591 2398 βιϐλίον,
1653 2318 1840 2389 ἐπειδὴ
1907 2321 2004 2388 τὴν

349 2415 464 2468 κατ’
494 2413 656 2468 αὐτὸν
709 2411 947 2486 ἱστορίαν
999 2411 1269 2487 περιέχει,
1319 2415 1438 2473 πῶς
1495 2432 1553 2465 τε
1600 2411 1855 2477 πέπονθε,
1887 2431 2004 2465 πει-

349 2503 558 2578 ρασθείς
591 2503 694 2558 ὑπὸ
723 2507 820 2556 τοῦ
853 2497 1136 2557 διαϐόλου·
1169 2500 1259 2555 καὶ
1301 2503 1526 2570 νικήσας
1571 2500 1660 2554 καὶ
1712 2499 2004 2572 ὑπομείνας

345 2587 577 2654 εὐσεϐῶς
664 2591 759 2654 τὰς
837 2590 1214 2666 ἐπενεχθείσας
1288 2589 1436 2662 αὖτῷ
1514 2589 1759 2663 πληγὰς,
1838 2586 2008 2644 διπλᾶ

341 2679 506 2736 πάλιν
558 2682 735 2736 πάντα
784 2675 1046 2752 ἀπέλαϐε,
1077 2678 1168 2733 καὶ
1217 2680 1434 2755 γέγονεν
1485 2677 1825 2753 ἐνδοξότερος
1874 2678 2005 2749 ὑπὲρ

338 2769 366 2824 ’ὀ
422 2771 514 2840 ἦν,
559 2771 648 2825 καὶ
696 2765 826 2844 ἔσχε
876 2767 1042 2824 πάλιν
1087 2769 1249 2823 τέκνα
1295 2767 1442 2824 δέκα.
1485 2767 1722 2822 Πέπονθε
1771 2765 1828 2820 δὲ
1876 2766 2009 2821 ἐτῶν

343 2856 418 2912 ὣν
452 2866 514 2929 o’,
549 2859 626 2921 ὡς
674 2858 807 2913 εἶναι
866 2855 1040 2912 πάντα
1085 2856 1154 2912 τὰ
1195 2855 1290 2926 ἔτη
1345 2863 1449 2926 τῆς
1504 2862 1650 2925 ζωῆς
1698 2855 1862 2910 αὐτοῦ
1895 2855 2007 2928 σμ’⁸

346 2950 491 3002 Μετὰ
537 2949 638 3023 γὰρ
686 2949 782 3009 τὰς
825 2947 1046 3022 πληγὰς
1098 2943 1284 3015 ἔζησεν
1337 2943 1496 3020 ἕτερα
1543 2943 1636 3016 ἔτη
1691 2953 1785 3021 ρο¹.
1821 2943 2010 3019 Γέγονε

350 3035 406 3092 δὶ
453 3033 581 3093 Ἰὼϐ
631 3037 738 3112 πρὸ
784 3037 1083 3097 Μωυσέως·
1135 3035 1242 3090 ἀπὸ
1299 3037 1399 3112 γὰρ
1451 3029 1706 3109 Ἀϐραὰμ
1759 3033 2007 3108 πέμπτος

349 3127 434 3200 ἦν,
493 3123 720 3201 ἔκγονος
785 3129 883 3179 τοῦ
942 3125 1134 3181 Ἡσαῦ.
1203 3125 1300 3178 Διά
1368 3125 1468 3192 τὴν
1543 3124 1842 3199 γενομένην
1891 3119 2007 3177 κατ’

347 3215 510 3271 αὐτοῦ
558 3213 784 3288 πληγὴν
835 3213 1003 3283 ἦλθον
1046 3217 1194 3286 τρεῖς
1250 3212 1417 3267 αὐτοῦ
1451 3212 1602 3290 φίλοι
1635 3209 2005 3284 παρακαλέσαι

349 3305 532 3376 αὐτὸν,
563 3303 791 3381 Ἐλιφὰζ
838 3304 867 3357 ὁ
907 3306 1193 3375 Θαιμανῶν
1247 3300 1519 3378 βασιλεὺς,
1551 3298 1768 3357 Βαλδὰδ
1808 3301 1836 3355 6
1869 3308 2007 3354 Σαυ-

345 3396 518 3471 χαίων
579 3391 862 3469 τύραννος,
929 3391 1113 3468 Σοφὰρ
1168 3391 1196 3445 ὁ
1252 3389 1494 3446 Μιναίων
1569 3387 1847 3466 βασιλεύς.
1908 3391 2007 3445 Καὶ

349 3482 672 3560 φιλονείκως
733 3480 828 3555 μὲν
888 3481 977 3535 καὶ
1053 3479 1442 3553 ἀνελεημόνως
1509 3479 1661 3534 αὐτοὶ
1730 3477 2004 3548 ἐλάλησαν

345 3572 508 3644 αὐτῷ,
567 3565 930 3643 ἐναλλόμενοι
973 3572 1089 3624 κατ’
1142 3568 1326 3624 αὐτοῦ·
1390 3567 1526 3622 ὥστε
1583 3569 1672 3623 καὶ
1732 3569 1997 3643 ἁμαρτίαν
2032 3590 2074 3656 C

342 3662 522 3723 αὐτοῖς
553 3658 614 3715 ἐκ
638 3659 832 3716 τούτου
884 3659 1219 3736 λογισθῆναι·
1252 3659 1308 3713 Ὁ
1351 3655 1408 3712 δὲ
1458 3653 1580 3714 Ἰὼϐ
1637 3657 1998 3734 παρεκάλεσεν

343 3753 473 3826 ὑπὲρ
507 3741 683 3805 αὒτῶν
734 3749 824 3804 τὸν
876 3749 1028 3816 Θεὸν,
1073 3749 1162 3804 καὶ
1202 3749 1560 3823 συνεχωρήθη
1597 3747 1808 3809 αὐτοῖς.
1849 3746 1999 3801 Εἰσὶν

344 3839 434 3894 οὖν
491 3845 588 3894 τοῦ
649 3840 743 3912 μὶν
780 3834 900 3895 Ἰὼϐ
953 3833 1367 3913 διάλογοιπρὸς
1420 3835 1547 3897 τοὺς
1599 3835 1791 3913 φίλους
1831 3835 1998 3891 ἐννέα·

342 3934 438 3983 τοῦ
471 3928 527 3983 δὲ
557 3927 787 4006 Ἑλιφὰζ
816 3925 953 4002 πρὸς
985 3925 1143 3980 αὐτὸν
1173 3931 1342 4002 τρεῖς,
1374 3930 1472 3980 τοῦ
1522 3922 1580 3978 δὲ
1630 3926 1813 4002 Σοφὰρ
1864 3925 2001 4000 πρὸς

345 4019 505 4073 αὐτὸν
541 4015 658 4085 δύο,
705 4015 793 4071 καὶ
837 4019 936 4071 τοῦ
985 4012 1199 4069 Βαλδὸιδ
1242 4020 1411 4089 τρεῖς.
1460 4016 1613 4067 Ἔστι
1664 4011 1722 4067 δὲ
1768 4009 1857 4067 καὶ
1906 4016 2004 4066 τοῦ

349 4107 567 4169 Ἐλιοῦς
615 4110 712 4160 τοῦ
754 4101 1068 4182 Βαραχιὴλ,
1099 4107 1198 4157 τοῦ
1251 4103 1530 4175 Βουζίτου,
1564 4110 1626 4159 α’.
1661 4103 1758 4156 Καὶ
1809 4100 2005 4156 λοιπὸν

349 4195 630 4272 όίΚύριος
688 4194 1019 4270 χρηματίζει
1087 4197 1166 4263 τῷ
1221 4187 1344 4248 Ἰὼϐ
1421 4187 1511 4246 διὰ
1585 4189 1854 4254 λαίλαπος
1914 4191 2003 4244 καὶ

347 4291 541 4365 νεφῶν.
575 4284 952 4360 Ἀποκρίνεται
998 4281 1056 4337 δὲ
1097 4282 1186 4337 καὶ
1235 4277 1361 4337 Ἰὼϐ
1409 4286 1489 4354 τῷ
1543 4282 1724 4359 Κυρίῳ
1773 4279 1862 4335 διὰ
1908 4279 2003 4336 λό-

347 4397 458 4452 γων
492 4373 740 4452 δεύτερον
757 4418 768 4432 .

577 4493 799 4554 Βιϐλίον
835 4503 926 4570 ιη’,
958 4497 1025 4554 Οἱ
1057 4496 1125 4571 ιβ’
1155 4502 1455 4572 προφῆται.
1489 4495 1670 4565 Ὠσηὲ,
1700 4503 1764 4552 α’.

411 4612 502 4665 26,
539 4606 791 4683 Γεγόνασι
857 4605 952 4678 μὲν
1010 4604 1101 4658 καὶ
1161 4604 1266 4677 πρὸ
1312 4601 1511 4658 τούτου
1569 4609 1869 4680 προφῆται·
1919 4600 2007 4656 ἐπὶ

349 4698 445 4771 μὲν
491 4700 594 4751 τοῦ
635 4689 822 4766 Δαϐὶδ,
882 4691 1172 4766 Σαμουὴλ,
1222 4692 1311 4746 καὶ
1362 4691 1556 4760 Ναϐὰν,
1604 4691 1695 4745 καὶ
1747 4687 1878 4745 Γάδ·
1921 4689 2009 4744 ἐπὶ

349 4785 405 4842 δὲ
452 4788 551 4841 τοῦ
601 4779 850 4856 Ῥοϐοὰμ
892 4782 982 4837 καὶ
1035 4777 1193 4838 Ἀϐιᾶ
1235 4780 1326 4835 καὶ
1376 4781 1530 4850 Ἀσᾶ,
1574 4779 1766 4855 Ἀχίας
1817 4781 1844 4834 ὃ
1896 4785 2011 4848 Ση-

349 4875 611 4946 λωνίτης,
644 4873 734 4928 καὶ
787 4871 1055 4944 Σαμαίας,
1085 4869 1176 4924 καὶ
1220 4867 1419 4941 Ἀδδὼ,
1469 4870 1558 4924 καὶ
1594 4867 1866 4942 Ἀζαρίας,
1919 4876 2014 4928 καὶ

2030 2219 2079 2283 Β

2598 2213 2749 2275 ’125
2786 2219 2945 2276 Liber
2971 2223 3128 2289 XVII,
3159 2223 3283 2280 Job.

2193 2319 2283 2379 25.
2313 2325 2424 2380 Job
2455 2325 2778 2398 inscriptus
2807 2333 2896 2382 est
2945 2329 3039 2383 hic
3081 2329 3249 2395 liber,
3278 2332 3552 2401 quoniam
3586 2333 3769 2390 histo-

2119 2413 2267 2466 riam
2291 2413 2450 2469 illius
2472 2415 2877 2484 complectitur
2900 2434 2912 2470 :
2940 2433 3150 2489 nempe
3172 2420 3311 2490 quid
3335 2437 3649 2492 perpessus
3671 2423 3771 2491 sit,

2119 2505 2378 2557 tentatus
2419 2519 2451 2557 a
2499 2503 2753 2575 diabolo,
2786 2510 2843 2560 et
2891 2509 3184 2576 quomodo
3215 2509 3435 2578 vicerit,
3463 2528 3530 2565 ac
3578 2510 3771 2567 illatas

2117 2589 2324 2663 plagas
2355 2592 2448 2663 pie
2479 2592 2782 2648 toleravit:
2807 2611 3016 2650 rursus
3047 2596 3245 2653 omnia
3282 2598 3581 2670 duplicata
3610 2616 3770 2655 rece-

2118 2680 2291 2750 perit,
2324 2679 2754 2754 illustriorque,
2776 2699 2954 2754 quam
2988 2685 3179 2740 fuerat
3209 2692 3401 2757 antea,
3435 2689 3641 2754 factus,
3665 2689 3769 2744 ite-

2119 2785 2251 2824 rum
2282 2769 2481 2825 decem
2515 2770 2731 2826 liberos
2761 2774 3103 2844 susceperit.
3141 2779 3356 2831 Passus
3407 2781 3499 2832 est
3547 2783 3768 2847 autem,

2119 2874 2252 2912 cum
2285 2875 2470 2914 annos
2511 2861 2886 2932 septuaginta
2936 2867 3108 2918 natus
3154 2870 3330 2929 esset,
3363 2867 3441 2920 ita
3473 2871 3538 2920 ut
3567 2883 3773 2922 omnes

2119 2947 2308 3018 ipsius
2339 2947 2477 3002 anni
2511 2948 2728 3003 fuerint
2755 2951 2880 3004 240.
2913 2951 3051 3006 Post
3082 2958 3348 3024 acceptas
3379 2954 3536 3009 enim
3568 2955 3772 3028 plagas

2119 3053 2305 3092 annos
2361 3037 2555 3092 adhuc
2610 3038 2753 3092 vixit
2809 3040 2930 3094 170.
2988 3040 3144 3095 Vixit
3207 3047 3404 3098 autem
3466 3044 3577 3099 Job
3637 3049 3774 3100 ante

2120 3125 2376 3197 Moysem
2404 3143 2416 3181 :
2452 3131 2576 3181 erat
2605 3127 2762 3181 enim
2788 3129 3030 3199 quintus
3058 3130 3130 3184 ab
3152 3131 3451 3187 Abraham
3482 3149 3551 3187 ex
3579 3138 3771 3204 poste-

2119 3213 2200 3268 ris
2232 3207 2404 3269 Esau.
2428 3213 2727 3271 Venerunt
2749 3217 2820 3271 ad
2851 3233 2984 3271 eum
3018 3218 3360 3274 consolandi
3389 3221 3597 3292 gratia,
3633 3238 3771 3292 pro-

2117 3303 2247 3374 pter
2277 3295 2508 3374 plagam
2533 3319 2710 3374 quam
2745 3303 2984 3372 ferebat,
3005 3308 3121 3361 tres
3155 3307 3329 3362 amici
3357 3309 3506 3379 ejus,
3530 3309 3771 3381 Eliphaz

2116 3387 2567 3446 Themanorum
2597 3408 2715 3461 rex,
2742 3393 2960 3449 Baldad
2999 3395 3412 3451 Sauchaaorum
3456 3403 3768 3470 tyrannus,

2119 3483 2175 3534 et
2205 3473 2431 3550 Sophar
2459 3498 2557 3536 rex
2594 3479 2956 3538 Minaaorum.
2992 3483 3314 3556 Locutique
3343 3491 3484 3542 sunt
3510 3487 3592 3541 illi
3627 3505 3765 3543 con-

2116 3567 2429 3625 tentiosius
2467 3570 2524 3624 et
2565 3570 2690 3625 sine
2719 3572 3627 3641 commiseratione,insultantes
3681 3577 3763 3633 af-

2115 3656 2292 3723 ﬂicto,
2324 3658 2478 3729 quod
2513 3659 2569 3712 in
2606 3665 2905 3730 peccatum
2956 3659 3074 3716 illis
3103 3668 3193 3717 est
3240 3663 3620 3735 imputatum.
3651 3665 3764 3720 Job

2115 3761 2246 3800 vero
2273 3741 2458 3802 Deum
2493 3764 2596 3819 pro
2646 3747 2764 3802 illis
2810 3753 3085 3819 precatus
3133 3755 3242 3817 est,
3265 3756 3324 3806 et
3372 3753 3768 3808 condonatum

2114 3839 2202 3890 est
2232 3835 2314 3890 eis
2365 3836 2684 3906 peccatum.
2732 3837 2884 3892 Sunt
2940 3845 3136 3894 autem
3188 3839 3407 3912 dialogi
3461 3841 3768 3913 Job,quos

2115 3941 2247 3978 cum
2283 3925 2489 3980 amicis
2537 3925 2763 3991 habuit,
2807 3943 3054 3982 novem:
3089 3927 3328 3998 Eliphaz
3356 3946 3489 3984 vero
3539 3931 3610 3984 ad
3657 3929 3766 3986 Job

2115 4018 2264 4078 tres;
2299 4012 2527 4083 Sophar
2556 4013 2692 4082 duo,
2727 4020 2783 4069 et
2813 4014 3032 4070 Baldad
3065 4022 3200 4070 tres.
3236 4017 3305 4073 Et
3343 4016 3504 4073 Elius
3534 4033 3768 4090 quoque

2117 4100 2219 4154 filii
2265 4097 2585 4166 Barachiel,
2621 4101 2828 4170 Buziti,
2863 4121 3017 4159 unus
3066 4111 3155 4160 est
3193 4105 3483 4178 dialogus.
3508 4108 3768 4162 Tandem

2117 4197 2248 4243 vero
2284 4187 2563 4242 Dominus
2594 4188 2762 4244 illum
2798 4204 2898 4260 per
2924 4193 3220 4254 turbinem
3254 4211 3322 4251 ac
3355 4196 3540 4250 nubes
3571 4197 3768 4269 appel-

2117 4271 2288 4344 lavit;
2324 4275 2380 4332 et
2407 4271 2517 4332 Job
2554 4272 2794 4333 Domino
2839 4281 3095 4336 secundo
3126 4299 3260 4337 cum
3293 4283 3390 4339 illo
3419 4284 3649 4340 locutus
3681 4303 3768 4340 re-

2117 4359 2375 4436 spondit.

2191 4491 2355 4547 Liber
2383 4491 2562 4560 XVIII,
2595 4491 2892 4547 Duodecim
2923 4497 3222 4564 prophetae.
3259 4500 3417 4567 Osee,
3458 4500 3694 4569 primus.

2188 4599 2279 4652 26.
2316 4598 2503 4654 Etiam
2526 4604 2662 4654 ante
2691 4599 2849 4655 hunc
2870 4600 3109 4656 fuerunt
3131 4604 3442 4674 prophetas.
3463 4605 3609 4660 Nam
3632 4614 3776 4661 tem-

2125 4703 2259 4757 pore
2299 4686 2527 4742 Davidis
2561 4689 2799 4744 fuerunt
2846 4689 3104 4755 Samuel,
3132 4692 3357 4748 Nathan
3382 4701 3440 4750 et
3469 4694 3613 4750 Gad.
3650 4696 3771 4752 Ro-

2123 4775 2498 4843 boam,-Abia
2549 4782 2605 4832 et
2649 4781 2766 4834 Asa
2795 4781 3202 4851 regnantibus,
3235 4782 3444 4839 Achias
3475 4785 3773 4854 Silonites,

2125 4866 2388 4935 Sameas,
2417 4866 2602 4934 Addo,
2633 4868 2868 4924 Azarias
2898 4875 2954 4924 et
2992 4871 3218 4926 Anemi.
3253 4873 3373 4927 Sub
3405 4874 3690 4946 Josaphat
3718 4879 3776 4929 et

352 4966 575 5037 ’Λνεμῆ·
609 4962 699 5018 ἐπὶ
750 4959 808 5016 δὲ
843 4965 940 5015 τοῦ
972 4959 1236 5035 Ἰωσαφὰτ
1279 4958 1368 5013 καὶ
1418 4961 1515 5012 τοῦ
1552 4951 1766 5032 ’Δχαάϐ
1818 4955 2004 5016 Ἠλίας

2122 4956 2340 5020 Achab,
2390 4955 2546 5012 Elias
2595 4961 2652 5012 et
2699 4957 2960 5029 Elisaaus,
2993 4965 3049 5014 et
3091 4962 3190 5032 qui
3239 4963 3605 5033 prophetavit
3652 4965 3772 5034 regi

350 5053 440 5108 καὶ
490 5051 822 5119 Ἐλισσαῖος,
861 5049 951 5104 καὶ
1003 5049 1030 5102 ὁ
1073 5047 1454 5125 προφητεύσας
1500 5050 1580 5118 τῷ
1630 5039 1839 5120 Ἀχαᾶϐ
1888 5044 2013 5120 περὶ

351 5150 448 5212 τῆς
511 5141 706 5216 Συρίας
767 5139 858 5194 καὶ
918 5141 946 5194 ὁ
999 5140 1236 5209 πατάξας
1311 5135 1497 5191 ἑαυτὸν
1566 5133 1858 5211 τραύματι,
1917 5133 2006 5188 καὶ

353 5231 566 5308 ἐλέγξας
613 5232 704 5285 τὸν
757 5223 991 5304 ’Δχαὰϐ,
1023 5229 1112 5281 καὶ
1143 5227 1254 5284 Ἰοῦ
1281 5226 1310 5280 ὁ
1337 5229 1436 5280 τοῦ
1468 5226 1634 5296 Ἀμῆ,
1668 5222 1756 5278 καὶ
1789 5222 2007 5294 Ὀζιήλ,

348 5321 437 5375 καὶ
467 5317 707 5378 Ἐλπίδα.
742 5317 900 5373 Ἀλλ’
940 5316 1002 5370 οὐ
1051 5314 1264 5393 φέρεται
1311 5312 1520 5368 τούτων
1569 5308 1679 5366 ἴδια
1728 5311 2008 5387 συγγράμ-

354 5432 514 5485 ματα,
549 5411 594 5464 εἷ
629 5409 705 5482 μή
742 5407 906 5481 μόνον
951 5407 1000 5460 οἱ
1034 5403 1194 5481 λόγοι
1225 5405 1401 5458 αὐτῶν
1446 5401 1498 5456 ἐν
1536 5407 1656 5464 ταῖς
1708 5400 2011 5461 Βασιλείαις

349 5501 439 5554 καὶ
493 5505 612 5560 ταῖς
658 5495 1188 5574 Παραλειπομέναις.
1223 5494 1308 5549 Ἐν
1361 5490 1418 5547 δὲ
1460 5497 1577 5553 τοῖς
1614 5491 2009 5566 συγγράψασιν,

352 5591 424 5645 ὧν
475 5590 565 5644 καὶ
613 5590 682 5643 τὰ
728 5585 1127 5662 συγγράμματα
1173 5584 1412 5659 φέρεται,
1462 5585 1670 5656 πρῶτοι
1729 5578 2008 5656 γεγόνασιν

430 5790 476 5826 ⁴⁶
507 5792 672 5844 Cant.
705 5802 786 5858 v1,
822 5785 911 5854 10,
944 5782 1031 5839 11.
1108 5781 1152 5815 ⁴⁷
1181 5780 1347 5838 Cant.
1380 5796 1466 5850 ιιι,
1499 5781 1582 5836 11.

2121 5043 2357 5100 Achaab
2389 5045 2460 5099 de
2490 5045 2676 5117 Syria,
2696 5051 2753 5102 et
2783 5046 2882 5117 qui
2927 5049 3186 5120 seipsum
3217 5050 3509 5106 vulnerari
3541 5051 3694 5118 fecit,
3717 5056 3777 5106 et

2119 5149 2311 5206 regem
2347 5134 2586 5190 Achaab
2607 5136 2914 5208 corripuit,
2933 5142 2990 5192 et
3007 5139 3160 5193 Jchu
3191 5140 3349 5194 ﬁlius
3378 5143 3520 5194 Arne
3541 5144 3596 5195 et
3618 5139 3774 5194 Oziel

2118 5227 2175 5276 et
2203 5222 2425 5278 Eliada.
2458 5222 2674 5279 Verum
2721 5223 2884 5280 nulla
2922 5225 3216 5281 habentur
3246 5228 3496 5282 istorum
3529 5229 3775 5299 scripta,

2121 5310 2234 5366 nisi
2267 5315 2498 5366 tantum
2530 5328 2658 5383 quae
2705 5313 2763 5367 in
2813 5313 3147 5386 Regnorum
3200 5315 3462 5371 historiis
3502 5322 3558 5371 et
3608 5316 3774 5374 libris

2119 5397 2607 5470 Paralipomenon
2639 5401 2858 5456 dixisse
2887 5401 3180 5474 leguntur.
3208 5406 3365 5458 Inter
3393 5420 3492 5460 eos
3516 5422 3651 5462 vero
3675 5425 3776 5478 qui

2121 5489 2514 5560 scripserunt,
2567 5505 2819 5561 quorum
2878 5495 2936 5546 et
2992 5490 3210 5562 scripta
3258 5491 3772 5561 circumferuntur,

2121 5576 2296 5648 primi
2357 5576 2592 5631 fuerunt
2642 5577 2787 5632 Osee
2840 5583 2898 5634 et
2952 5577 3156 5634 Isaias.
3189 5581 3308 5635 Sub
3361 5573 3573 5639 iisdem
3619 5585 3775 5640 enim
