4170 6354
405 373 526 434 359

1592 377 1655 435 S.
1705 374 2234 436 ATHANASIUS.
2258 409 2336 422 -—
2364 378 2632 442 DUBIA.

3705 393 3828 451 360

405 507 662 578 regibus,
696 504 865 573 Ozias,
900 504 1193 573 Joatham,
1228 506 1418 560 Acbaz
1462 510 1521 560 et
1565 505 1819 562 Ezecbim
1860 522 2040 575 regum

2173 507 2344 576 οὗτοι,
2373 509 2554 580 Ὠσηὲ,
2587 512 2675 566 καὶ
2722 513 2957 575 Ἠσαίας.
3012 516 3133 570 Ἐπὶ
3190 517 3291 592 γὰρ
3346 522 3455 572 τῶν
3497 518 3673 575 αὐτῶν
3725 522 3825 596 βα-

400 596 596 660 ]υόω;
629 599 686 649 et
714 595 1023 650 Jeroboam
1062 594 1163 649 ﬁlii
1186 595 1325 651 Joas
1356 596 1509 667 regis
1543 594 1776 650 lsraelis
1802 594 2054 666 prophe-

400 689 617 738 tarunt.
676 683 915 737 Factum
969 687 1056 738 est
1114 689 1309 737 autem
1370 684 1607 738 verbum
1658 683 1934 753 (Domini)
1981 683 2050 737 ad

400 773 567 838 Osee,
600 777 657 826 et
712 770 1077 843 prophetavit
1125 777 1329 827 contra
1381 772 1713 826 sacerdotes
1762 775 1817 827 et
1867 771 2054 826 Israe-

399 861 532 931 lem,
566 866 773 916 contra
820 862 1062 915 domum
1111 861 1285 931 regis,
1337 865 1394 914 et
1443 860 1514 914 de
1562 858 1800 914 interitu
1848 860 2049 915 Sama-

397 948 853 1021 riaPoslquam
887 965 1022 1003 vero
1073 946 1207 1003 illos
1256 946 1518 1019 coarguit
1566 952 1622 1001 et
1669 949 1727 1001 in
1779 948 2051 1002 incredu-

394 1039 555 1094 litate
591 1036 895 1098 conclusit.
932 1036 1223 1106 signiﬁcat
1266 1035 1587 1091 Ecclesiam
1636 1052 1703 1090 ex
1753 1036 2049 1107 gentibus,

394 1143 494 1197 per
553 1126 858 1181 mulierem
912 1125 1277 1180 meretricem
1332 1141 1506 1195 quam
1560 1124 1802 1194 accepit,
1845 1140 2047 1196 accep-

394 1220 633 1285 tamque
685 1212 1027 1283 resipiscere
1078 1211 1229 1277 fecit,
1263 1216 1319 1266 et
1368 1213 1436 1265 ad
1492 1228 1554 1266 se
1607 1212 1870 1265 adduxit.
1908 1216 2051 1266 Pro-

395 1301 597 1375 phetat
626 1303 803 1358 etiam
836 1303 906 1357 de
938 1300 1253 1356 Salvatoris
1287 1301 1558 1355 adventu.

968 1585 1147 1650 Amos,
1188 1582 1478 1638 secundus.

457 1690 554 1744 27.
586 1690 658 1745 Et
686 1689 805 1756 hic,
829 1689 984 1761 quod
1018 1689 1089 1743 ad
1115 1688 1501 1760 prephetandi
1534 1688 1889 1760 principium
1923 1688 2054 1747 atti.

390 1784 509 1849 net,
541 1779 744 1835 eodem
777 1795 894 1850 quo
924 1783 1067 1833 Osee
1116 1783 1173 1833 et
1222 1777 1405 1833 Isaias
1437 1777 1577 1832 vixit
1600 1782 1863 1849 tempore
1890 1796 1903 1833 :
1943 1778 2055 1833 fuit

2162 594 2379 669 σιλέων,
2402 605 2499 653 τοῦ
2528 622 2584 654 τε
2618 599 2814 673 Ἰούδα,
2847 603 3053 672 Ὀζίου,
3080 605 3169 659 καὶ
3214 606 3472 678 Ἰωαθὰμ,
3505 609 3595 661 καὶ
3628 594 3823 685 Ἀχὰζ,

2162 686 2251 772 καὶ
2302 687 2540 755 Ἐζεκίου
2593 689 2862 764 βασιλέως
2907 690 3105 748 Ἰούδα·
3140 694 3229 748 καὶ
3284 694 3335 748 έν
3383 694 3617 771 ἡμέραις
3662 699 3820 772 Ἱερο-

2164 768 2312 847 ϐοὰμ
2378 778 2496 831 υἱοῦ
2550 786 2723 845 Ἱερᾶς,
2792 780 3062 855 βασιλέως
3110 782 3329 858 Ἰσραὴλ
3389 768 3819 863 προεφήτευσαν.

2163 864 2404 939 Ἐγένετο
2453 864 2509 921 δὲ
2569 866 2731 945 λόγος
2792 870 2929 941 πρὸς
2985 870 3077 925 τὸν
3122 872 3301 942 Ὠσηὲ,
3341 873 3432 944 καὶ
3488 876 3819 952 προφητεύει

2163 953 2341 1015 οὗτος·
2373 956 2500 1017 τοὺς
2531 957 2730 1031 ἱερέας,
2762 960 2851 1013 καὶ
2902 959 2988 1013 ἐπὶ
3044 961 3136 1015 τὸν
3167 961 3409 1038 Ἰσραὴλ,
3440 963 3526 1018 καὶ
3586 963 3672 1019 ἐπὶ
3728 986 3821 1021 τον

2162 1043 2308 1096 οἷκον
2339 1049 2436 1098 τοῦ
2472 1045 2763 1120 βασιλέως,
2796 1048 3037 1123 καὶπερὶ
3086 1056 3186 1118 τῆς
3242 1049 3514 1114 ἀπωλείας
3561 1061 3659 1122 τῆς
3720 1061 3820 1109 Σα-

2164 1132 2407 1207 μαρείας.
2481 1134 2575 1187 Καὶ
2651 1134 2866 1211 ἐλέγξας
2941 1137 3031 1191 καὶ
3110 1137 3431 1212 συγκλείσας
3489 1141 3681 1204 αὐτοὺς
3742 1143 3818 1205 είς

2160 1220 2457 1288 ἀπείθειαν,
2491 1223 2745 1294 σημαίνει
2804 1227 2904 1294 τὴν
2962 1225 3013 1296 ἐξ
3074 1226 3233 1282 ἐθνῶν
3278 1227 3625 1299 Ἐκκλησίαν,
3659 1228 3729 1285 δι’
3755 1234 3821 1301 ἧς

2163 1308 2320 1372 αὐτὸς
2349 1307 2511 1367 ἔλαϐε
2543 1312 2749 1384 πόρνης
2782 1317 3057 1389 γυναικὸς,
3086 1317 3153 1384 ἢν
3187 1317 3276 1372 καὶ
3332 1313 3520 1373 λαϐὼν
3577 1319 3821 1398 ἐσωφρό-

2159 1420 2326 1472 νισεν,
2358 1400 2573 1475 ἀνάγων
2609 1401 2774 1471 αύτήν
2808 1404 2944 1479 πρὸς
2978 1406 3185 1461 έαυτόν.
3245 1408 3578 1484 Προφητεύει
3632 1405 3689 1464 δὲ
3731 1409 3821 1464 καὶ

2162 1488 2285 1563 περὶ
2315 1496 2420 1559 τῆς
2446 1495 2543 1546 τοῦ
2578 1497 2837 1567 Σωτῆρος
2869 1494 3189 1569 παρουσίας.

2837 1600 2894 1655 Ἀ
2903 1599 3043 1671 μὼς,

2231 1687 2319 1741 27.
2358 1685 2462 1741 Καὶ
2524 1689 2682 1749 οὗτος
2750 1688 3100 1764 συνεχρόνισε
3161 1692 3298 1746 κατὰ
3343 1693 3441 1761 τὴν
3510 1693 3690 1769 ἀρχήν
3740 1700 3818 1766 τῷ

2164 1775 2327 1846 Ὠσηὲ
2354 1775 2444 1830 καὶ
2476 1781 2552 1847 τῷ
2582 1775 2795 1849 Ἠσαίᾳ·
2829 1777 2915 1831 ἐπὶ
2962 1780 3063 1855 γὰρ
3096 1780 3278 1848 Ὀζίου
3334 1778 3603 1856 βασιλέως
3638 1781 3816 1839 Ἰούδα

388 1869 547 1925 enim
594 1869 705 1924 sub
739 1867 873 1924 Ozia
904 1883 1037 1938 rege
1065 1866 1238 1936 Juda,
1273 1872 1330 1923 et
1365 1867 1421 1921 in
1453 1867 1662 1922 diebus
1708 1867 2039 1935 Jeroboam,

2156 1865 2236 1920 καὶ
2310 1864 2363 1920 ἐν
2441 1867 2675 1941 ἡμέραις
2747 1862 3033 1941 Ἰεροϐοᾶμ
3113 1872 3211 1922 τοῦ
3299 1870 3476 1935 Ἰωᾶς,
3542 1871 3811 1946 βασιλέως

389 1958 495 2013 ﬁlii
524 1958 685 2024 Joas,
717 1957 873 2029 regis
907 1955 1105 2024 Israel,
1139 1956 1375 2011 biennio
1415 1961 1549 2011 ante
1592 1960 1756 2011 terra:
1791 1960 2035 2013 motum.

386 2047 551 2103 Vidit
582 2052 778 2103 autem
832 2045 1124 2117 quaedam,
1150 2051 1209 2101 et
1248 2045 1617 2117 prophetavit
1645 2050 1846 2099 contra
1872 2045 2042 2101 Jeru-

386 2137 567 2193 salem
602 2141 659 2193 et
689 2139 890 2191 contra
919 2134 1191 2191 lsraelem
1216 2133 1514 2200 Samaria,
1534 2139 1591 2189 et
1611 2138 1814 2190 contra
1838 2138 2043 2206 gentes

386 2224 885 2292 Damasci,Gaz¢s,
918 2221 1246 2291 Ascalonis,
1289 2223 1469 2289 Azoti,
1515 2223 1852 2288 Accaronis,
1884 2222 2039 2295 Tyri,

387 2315 676 2380 Idumam,
704 2313 1005 2379 Thaman,
1037 2312 1295 2368 ﬁliorum
1345 2314 1595 2368 Ammon
1628 2316 1684 2367 et
1714 2312 1904 2367 Moab.
1937 2314 2040 2365 Ar-

384 2404 509 2473 guit
553 2418 759 2459 omnes
810 2406 867 2457 et
914 2401 974 2456 in
1034 2400 1446 2457 incredulitate
1505 2400 1815 2456 conclusit.
1869 2401 2041 2457 Porro

384 2491 619 2546 Amasia
649 2491 950 2546 sacerdote
1002 2489 1217 2559 Bethel,
1251 2491 1405 2561 apud
1459 2506 1654 2563 regem
1703 2490 2038 2562 Jeroboam,

381 2579 582 2652 ipsum
638 2583 974 2649 accusante,
1005 2579 1170 2650 quasi
1231 2584 1437 2636 contra
1490 2580 1685 2651 ipsum
1734 2584 1792 2636 et
1838 2585 2043 2636 contra

380 2669 710 2725 Samariam
742 2674 799 2723 et
829 2673 1032 2724 contra
1064 2667 1346 2741 populum
1384 2667 1727 2741 loqueretur
1757 2685 1771 2724 :
1807 2686 1921 2725 non
1954 2675 2041 2726 ta-

383 2774 517 2812 men
551 2757 682 2813 ideo
712 2757 964 2812 cessavit
994 2756 1112 2823 ille,
1145 2758 1245 2813 sed
1280 2757 1644 2813 conﬁdenter
1673 2758 1912 2814 oracula
1940 2758 2042 2814 Dei

381 2845 789 2902 denuntiabat.
822 2846 1197 2918 Prophetavit
1243 2846 1419 2901 etiam
1470 2847 1541 2902 de
1587 2846 1903 2904 Salvatoris
1933 2848 2040 2903 ad-

383 2940 582 2990 ventu.

844 3023 1001 3080 120
1033 3022 1310 3093 Michzas,
1350 3025 1569 3080 tertius.

448 3132 538 3187 28.
572 3132 680 3187 Iste
712 3130 1008 3186 secundus
1036 3130 1275 3202 quidem
1307 3148 1376 3186 ex
1411 3130 1704 3199 praedictis
1725 3130 1875 3185 fuit:
1901 3147 2038 3186 nam

389 3224 523 3310 post
552 3220 700 3275 Ozias
732 3225 968 3310 tempus
1015 3219 1402 3310 prophetavit.
1430 3218 1641 3310 Verum
1668 3218 1890 3310 eodem
1922 3235 2039 3291 quo
2071 3243 2116 3310 ρ

382 3308 468 3363 illi
511 3315 775 3380 tempore
818 3307 1005 3363 vixit:
1042 3324 1176 3363 nam
1226 3313 1285 3363 et
1329 3307 1455 3378 ipse
1502 3309 1612 3363 sub
1658 3306 1932 3362 Joatham
1983 3312 2043 3363 et

386 3398 577 3453 Achaz
636 3403 692 3453 et
748 3396 993 3451 Ezechia
1041 3395 1390 3468 prepbetare
1438 3396 1635 3468 ccepit.
1665 3396 1901 3452 Factum
1954 3401 2044 3453 est

382 3489 579 3541 autem
614 3486 684 3541 ad
718 3501 853 3541 eum
883 3485 1127 3540 verbum
1152 3484 1401 3553 Domini,
1426 3490 1484 3539 et
1511 3485 1880 3557 prophetavit
1908 3501 2041 3541 con-

380 3579 470 3630 tra
500 3573 850 3640 Jerusalem,
879 3576 937 3630 et
982 3573 1333 3639 Samariam,
1364 3578 1423 3629 et
1464 3578 1671 3630 contra
1720 3574 2039 3646 prophetas

379 3663 577 3735 populi
634 3664 1002 3733 seductores,
1053 3668 1110 3718 et
1181 3666 1385 3719 contra
1442 3663 1697 3718 Achaab.
1758 3662 2037 3723 Praenun-

381 3753 550 3808 tiavit
595 3752 770 3810 etiam
822 3752 1140 3808 adventum
1191 3751 1530 3821 Salvatoris,
1582 3751 1879 3808 dicens:«
1913 3753 2036 3808 Erit

377 3843 435 3897 in
469 3840 807 3898 novissimis
839 3842 1046 3898 diebus
1076 3840 1327 3897 illustris
1359 3858 1529 3898 mons
1559 3842 1789 3897 Domini
1813 3842 1877 3898 ⁸³.
1905 3865 1934 3893 ››

764 4021 878 4076 1er
909 4020 1062 4091 ﬁlius
1103 4018 1356 4086 Balhuel,
1388 4028 1635 4092 quartus.

444 4129 532 4183 29.
570 4127 651 4183 Ad
683 4126 841 4183 hunc
870 4144 1105 4199 quoque
1135 4128 1351 4183 factum
1383 4132 1472 4184 est
1501 4128 1744 4184 verbum
1776 4127 2030 4195 Domini,

373 4222 431 4273 et
462 4215 769 4288 prophetat
810 4216 1165 4283 senioribus,
1199 4220 1256 4271 et
1287 4217 1564 4271 omnibus
1596 4216 2029 4272 habitatoribus

372 4311 562 4375 terra,
594 4304 665 4359 de
713 4303 1047 4375 captivitate
1095 4310 1282 4369 terra,
1316 4309 1372 4358 et
1409 4320 1611 4359 eorum
1663 4304 1764 4375 qui
1814 4305 1874 4359 in
1930 4304 2028 4359 illa

371 4398 556 4461 erant,
593 4393 904 4465 Prophetat
950 4395 1129 4449 etiam
1159 4394 1231 4449 de
1278 4392 1468 4466 gratia
1515 4392 1770 4464 Spiritus
1817 4394 2025 4458 sancti,

370 4488 428 4538 et
457 4499 545 4551 ea,
577 4499 703 4554 quis
746 4498 849 4553 per
895 4481 1250 4538 Salvatorem
1285 4482 1344 4537 in
1375 4497 1578 4537 omnes
1630 4482 1830 4539 futura
1876 4486 2022 4537 erat.

370 4570 654 4626 Prsadicat
711 4572 850 4627 item
902 4572 974 4626 de
1017 4571 1243 4641 jejunio
1291 4574 1349 4625 et
1410 4570 1788 4641 poenitentia,
1837 4569 2026 4641 deque

368 4658 683 4716 Salvatoris
711 4659 987 4728 adventu,
1019 4665 1076 4715 et
1106 4660 1178 4715 de
1206 4658 1391 4731 signis
1441 4674 1570 4731 quea
1621 4658 1682 4714 in
1730 4674 1903 4715 cruce
1934 4659 2020 4714 fu-

367 4754 503 4805 tura
533 4753 716 4804 erant.

938 4858 1159 4924 Abdias,
1205 4859 1449 4928 quintus.

436 4948 526 5002 30.
560 4945 858 5002 Visionem
892 4946 1003 5002 iste
1028 4946 1342 5001 annuntiat
1365 4949 1569 5001 contra
1601 4946 1942 5014 ldumaaam,
1967 4950 2025 5001 et

363 5036 543 5093 ﬁnem
570 5036 721 5107 ejus,
753 5041 811 5092 et
858 5039 1060 5091 contra
1096 5039 1321 5107 gentes,
1354 5049 1482 5105 qua
1533 5033 1735 5091 Israeli
1766 5033 2022 5090 insulta-

307 5114 313 5119 ’
363 5129 518 5182 rant.
560 5124 828 5182 Prtedicit
877 5123 1035 5182 enim
1085 5124 1376 5194 futurum,
1412 5127 1474 5179 ut
1523 5124 1736 5180 domus
1784 5124 1940 5181 Esau
1989 5140 2024 5179 a

358 5213 540 5270 Jacob
572 5213 853 5271 deleatur.

967 5323 1164 5383 Jonas,
1201 5319 1411 5372 sextus.

434 5408 523 5463 31.
558 5409 643 5464 Ad
686 5408 847 5464 hunc
879 5408 1098 5463 factum
1130 5409 1216 5462 est
1248 5407 1489 5460 verbum
1535 5406 1789 5473 Domini,
1822 5411 1886 5461 ut
1915 5408 2019 5463 ab-

361 5494 473 5550 iret
512 5496 572 5550 in
623 5496 888 5566 Niniven,
924 5495 1125 5566 ibique
1175 5493 1518 5565 praedicaret
1549 5511 1563 5551 :
1590 5514 1619 5548 ιι
1648 5494 1854 5551 Adhuc
1902 5501 2020 5553 tres

436 5620 481 5657 ⁴⁸
514 5622 690 5679 Mich.
723 5639 800 5693 xv,
833 5624 885 5678 1.

432 5729 456 5753 ¹
488 5729 638 5803 Lege
666 5727 755 5783 ἰπὶ
784 5726 936 5790 τούς.

2151 1952 2395 2030 Ἰσραὴλ,
2427 1953 2619 2029 γέγονε
2650 1955 2756 2030 πρὸ
2788 1952 2883 2009 δύο
2916 1955 3050 2011 έτῶν
3084 1962 3180 2011 τοῦ
3228 1964 3476 2031 σεισμοῦ.
3512 1960 3723 2035 Λόγους
3757 1958 3815 2016 δὲ

2151 2042 2280 2114 εἶδε,
2311 2043 2401 2098 καὶ
2433 2043 2763 2120 προφητεύει
2814 2045 2951 2099 κατὰ
2997 2053 3096 2115 τῆς
3126 2046 3509 2122 Ἰερουσαλὴμ,
3544 2049 3633 2104 καὶ
3682 2051 3818 2105 κατὰ

2147 2136 2245 2187 τοῦ
2277 2131 2500 2207 Ἰσραὴλ
2535 2135 2633 2200 τῆς
2670 2133 3009 2206 Σαμαρείας,
3043 2134 3132 2189 καὶ
3163 2136 3299 2190 κατὰ
3340 2141 3448 2190 τῶν
3498 2136 3664 2200 ὶθνῶν
3713 2146 3814 2193 Δα-

2153 2219 2382 2294 μασκοῦ,
2469 2222 2665 2291 Γάζης,
2737 2220 3101 2284 Ἀσκάλωνος,
3171 2225 3435 2293 Ἀζώτου,
3510 2225 3812 2300 ’Δκκάρων,

2146 2310 2345 2384 Τύρου,
2377 2307 2709 2381 Ἰδουμαίας,
2743 2310 2977 2383 Θαιμὰν,
3030 2312 3161 2367 υἱῶν
3197 2314 3426 2386 Ἀμμὼν
3476 2313 3567 2368 καὶ
3616 2310 3811 2371 Μωάὅ.

2150 2399 2248 2454 Καὶ
2302 2398 2459 2460 οὗτος
2511 2396 2727 2474 ἐλέγχει
2782 2399 2873 2454 καὶ
2937 2400 3209 2475 συγκλείει
3271 2402 3474 2465 πάντας
3536 2404 3611 2465 είς
3656 2403 3814 2458 ἀπεί-

2147 2491 2314 2545 θειαν.
2349 2487 2526 2543 Ἀλλᾶ
2577 2488 2667 2542 καὶ
2719 2489 2985 2562 Ἀμασίου
3030 2494 3127 2543 τοῦ
3165 2490 3357 2564 ἱερέως
3410 2491 3647 2560 Βαιθήλ,
3690 2490 3809 2546 διας

2149 2573 2455 2638 ϐάλλοντος
2508 2575 2662 2631 αὐτὸν
2712 2581 2791 2649 τῷ
2854 2576 3072 2653 βασιλεῖ
3108 2574 3412 2653 Ἱεροϐοὰμ,
3449 2580 3523 2641 ὡς
3581 2579 3810 2656 λέγοντα

2147 2667 2264 2721 κατ’
2302 2665 2467 2720 αὐτοῦ
2524 2666 2611 2719 καῖ
2660 2666 2797 2719 κατὰ
2841 2668 2939 2733 τῆς
3003 2667 3331 2742 Σαμαρείας,
3383 2670 3471 2722 καὶ
3529 2669 3665 2725 κατά
3713 2674 3807 2725 τοῦ

2150 2754 2310 2825 λαοῦ,
2351 2754 2509 2817 αὐτὸς
2560 2751 2713 2808 οὐδὲν
2760 2755 2925 2823 ἧττον
2970 2754 3069 2811 οὐκ
3117 2756 3384 2813 ἐπαύσατο
3441 2758 3807 2833 παῤῥησιαζό-

2153 2865 2333 2917 μενος,
2357 2843 2449 2898 καὶ
2480 2841 2653 2920 λέγων
2696 2842 2763 2899 τὰ
2821 2842 3000 2921 λόγια,
3032 2845 3121 2899 καὶ
3167 2844 3292 2921 περὶ
3347 2848 3447 2914 τῆς
3505 2845 3803 2922 παρουσίας

2148 2938 2246 2989 τοῦ
2279 2939 2561 3009 Σωτῆρος.

2792 3019 3058 3097 Μιχαίας,
3090 3029 3154 3098 γ’.

2220 3131 2307 3184 28.
2342 3129 2515 3191 Οὗτος
2557 3125 2807 3203 δεύτερος
2858 3128 2954 3201 μὶν
3014 3133 3120 3183 τῶν
3183 3130 3601 3206 προειρημένων
3648 3132 3810 3205 γέγο-

2151 3237 2255 3272 νεν·
2317 3217 2401 3272 ὅτι
2462 3217 2603 3289 μετὰ
2660 3217 2839 3285 Ὀζίαν
2894 3220 3287 3295 προεφήτευσε·
3349 3218 3697 3294 συνεχρὸνισε
3758 3216 3815 3273 δὶ

2151 3306 2358 3374 αὐτοῖς,
2408 3305 2522 3362 ἐπεὶ
2573 3306 2663 3361 καὶ
2706 3304 2867 3368 αὐτὸς
2917 3305 3004 3360 ἐπὶ
3057 3307 3317 3379 Ἰωαθὰμ,
3350 3307 3438 3361 καὶ
3492 3308 3685 3382 Ἀχαζ,
3720 3308 3810 3362 καὶ

2150 3394 2413 3464 Ἐζεκίου,
2478 3393 2681 3470 ἤρξατο
2754 3394 3137 3473 προφητεύειν.
3204 3396 3448 3471 Ἐγένετο
3508 3393 3586 3451 -δέ
3643 3396 3805 3473 λόγος

2148 3484 2283 3558 πρὸς
2317 3483 2475 3538 αὐτὸν
2533 3488 2631 3538 τοῦ
2682 3484 2901 3558 Κυρίου,
2936 3484 3025 3539 καὶ
3074 3485 3405 3562 προφητεύει
3465 3485 3551 3540 ἐπὶ
3602 3490 3802 3562 Ἰερου-

2148 3570 2360 3646 σαλὴμ,
2392 3573 2481 3627 καὶ
2533 3573 2863 3646 Σαμάρειαν,
2888 3572 2975 3627 καὶ
3022 3571 3109 3627 έπί
3155 3572 3283 3634 τοὺς
3328 3576 3613 3649 προφήτας
3671 3574 3798 3637 τοὺς

2145 3660 2465 3722 πλανῶντας
2514 3661 2606 3715 τὸν
2654 3659 2807 3732 λαὸν,
2852 3660 2942 3714 καὶ
2974 3661 3108 3715 κατά
3165 3665 3262 3715 τοῦ
3321 3658 3557 3736 Ἀχαάϐ.
3586 3669 3797 3736 Προση-

2148 3751 2323 3824 μαίνει
2384 3748 2442 3804 δὲ
2487 3749 2577 3804 καὶ
2615 3749 2714 3818 τὴν
2765 3750 3059 3822 παρουσίαν
3109 3754 3207 3803 τοῦ
3264 3756 3545 3825 Σωτῆρος,
3587 3750 3785 3827 λέγων’

2149 3862 2171 3890 ι
2206 3841 2292 3895 Ἐν
2348 3844 2467 3900 ταῖς
2526 3836 2781 3914 ἐσχάταις
2839 3836 3071 3912 ἡμέραις
3131 3837 3362 3915 ἐμφανὲς
3395 3836 3540 3895 ἔσται
3572 3840 3634 3896 τὸ
3665 3836 3791 3914 ὅρος

2143 3926 2361 4005 Κυρίου.
2400 3951 2428 3977 ››

2589 4014 2756 4084 Ἰωὴλ
2785 4015 2814 4069 ὁ
2841 4019 2939 4069 τοῦ
2972 4014 3245 4088 Βαθουὴλ,
3279 4013 3340 4071 δ’.

2209 4126 2298 4181 29.
2336 4122 2506 4198 Λόγος
2537 4120 2736 4197 Κυρίου
2767 4119 2977 4195 ἐγένετο
3009 4121 3144 4194 πρὸς
3187 4126 3403 4188 τοῦτον,
3433 4124 3522 4177 καὶ
3572 4145 3795 4202 προφη-

2136 4213 2277 4267 τεύει
2340 4217 2458 4273 τοῖς
2523 4205 2911 4285 πρεσϐυτέροις
2976 4210 3066 4264 καὶ
3132 4216 3261 4264 πᾶσι
3318 4216 3433 4274 τοῖς
3483 4212 3794 4268 κατοικοῦσι

2136 4302 2234 4370 τὴν
2260 4308 2360 4377 γῆν
2404 4299 2526 4376 περὶ
2575 4301 2672 4368 τῆς
2721 4296 2978 4360 ἁλώσεως
3022 4306 3121 4368 τῆς
3155 4306 3259 4374 γῆς
3290 4300 3378 4355 καὶ
3408 4305 3516 4355 τῶν
3549 4301 3601 4356 έν
3635 4300 3791 4375 αὐτῇ.

2140 4388 2475 4466 Προφητεύει
2526 4385 2583 4442 Si
2639 4386 2728 4441 καὶ
2785 4386 2908 4462 περὶ
2955 4394 3057 4456 τῆς
3104 4392 3206 4443 τοῦ
3256 4387 3427 4464 ἁγίου.
3480 4393 3791 4462 Πνεύματος

2136 4478 2387 4554 χάριτος,
2438 4476 2527 4532 καὶ
2572 4482 2673 4545 τῆς
2726 4475 2803 4538 εἷς
2850 4474 3051 4537 πάντας
3107 4476 3480 4550 γενησομένης
3543 4478 3645 4533 ὑπὸ
3693 4483 3790 4533 τοῦ

2140 4574 2426 4643 Σωτῆρος.
2471 4565 2734 4642 Κηρύττει
2787 4561 2845 4619 δὲ
2890 4565 2980 4619 καὶ
3029 4565 3152 4639 περί
3194 4566 3442 4634 νηστείας
3488 4567 3575 4623 καὶ
3626 4587 3787 4640 μετα-

2133 4656 2304 4727 νοίας,
2338 4656 2426 4711 καὶ
2457 4655 2581 4731 περὶ
2610 4660 2710 4724 τῆς
2739 4658 2837 4709 τοῦ
2878 4659 3139 4730 Σωτῆρος
3188 4654 3504 4729 παρουσίας,
3536 4655 3625 4710 καὶ
3684 4660 3790 4711 τῶν

2136 4745 2222 4800 ἐπὶ
2250 4749 2345 4800 τοῦ
2378 4747 2609 4818 σταυροῦ
2640 4743 2948 4820 γενομένων
2982 4742 3247 4816 σημείων.

2794 4844 3040 4917 Ἀϐδιοῦ,
3072 4850 3131 4905 ε’.

2201 4943 2291 4997 30.
2325 4942 2550 5013 ’Ὁρασιν
2583 4936 2916 5013 ἀπαγγέλλει
2946 4936 3108 4999 οὗτος
3159 4944 3296 4991 κατα
3348 4945 3449 5007 τῆς
3481 4936 3793 5011 Ἰδουμαίας

2134 5029 2345 5083 καὶτοῦ
2384 5026 2580 5089 τέλους
2635 5025 2825 5094 αὐτῆς,
2856 5026 2945 5081 καὶ
2996 5025 3131 5082 κατᾶ
3171 5030 3276 5080 τῶν
3326 5025 3492 5082 ἐθνῶν
3543 5032 3652 5082 τῶν
3698 5028 3792 5101 ἐμ-

2131 5118 2577 5192 παροινησάντων
2625 5119 2703 5186 τῷ
2750 5114 2990 5191 Ἰσραήλ.
3026 5114 3496 5185 Ἀναλωθήσεσθαι
3548 5116 3651 5191 γὰρ
3694 5117 3784 5170 τὸν

2133 5206 2278 5261 οἶκον
2310 5207 2474 5261 Ἦσαῦ
2507 5205 2609 5259 ὑπὸ
2636 5208 2734 5259 τοῦ
2766 5198 2961 5261 Ἰακὼϐ
2992 5202 3381 5279 προσημαίνει.

2806 5311 3008 5379 Ἰωνᾶς,
3044 5317 3102 5373 ς’.

2201 5405 2289 5458 31.
2321 5400 2496 5474 Λόγος
2548 5399 2744 5475 Κυρίου
2793 5397 2999 5475 ἐγένετο
3051 5400 3186 5470 πρὸς
3233 5399 3391 5455 αὐτὸν
3424 5400 3678 5466 ἀπελθεῖν
3709 5402 3785 5464 εἷς

2131 5492 2331 5549 Νινευῒ.
2366 5487 2457 5544 καέ
2486 5487 2713 5562 κηρύξαι
2746 5487 2797 5543 ἐν
2847 5487 3006 5561 αὐτῇ,
3040 5487 3123 5543 ὅτι
3169 5514 3193 5543 ι.
3216 5489 3335 5544 Ἔτι
3384 5496 3529 5565 τρεῖς
3579 5492 3786 5566 ἡμέραι
