4170 6378
293 422 402 481 361

1389 412 1767 474 SYNOPSIS
1811 409 2277 470 SGRIPTUR/E
2320 411 2608 470 SACR/E.

3593 415 3713 473 362

290 551 377 605 καὶ
438 548 943 625 καταστραφήσεται
1003 545 1202 599 Νινευῗ.
1267 568 1295 594 ››
1354 541 1511 598 Ἀλλ’
1573 543 1778 611 Ἰωνᾶς,
1821 540 1944 617 (I955-

2071 542 2184 595 iics
2218 549 2272 595 et
2300 541 2506 595 Ninive
2564 544 2933 597 subvortctur
2964 544 3025 595 ⁵⁸.
3061 565 3087 592 ››
3141 543 3250 598 Sed
3280 544 3461 598 Jonas
3495 542 3714 614 pradi«

295 661 405 714 γων
454 640 518 693 τὸ
566 641 850 713 κήρυγμα,
903 630 1068 702 ἀνέϐη
1140 632 1213 693 εἷς
1286 630 1505 695 πλοῖον,
1566 634 1840 706 χειμῶνος
1896 649 1954 684 τε

295 730 613 801 γενομένου,
666 722 959 796 ἐξεϐλήθη,
1009 724 1097 777 καὶ
1145 722 1416 791 κατεπόθη
1473 722 1574 775 ὑπὸ
1621 722 1823 789 κήτους
1867 720 1953 771 Θα-

294 818 541 873 λασσίου.
598 817 731 873 Εἶτα
785 816 918 889 μετὰ
962 820 1108 888 τρεῖς
1157 812 1365 885 ἡμέρας
1413 807 1630 881 ἐξέϐαλε
1678 811 1740 864 τὸ
1788 817 1953 878 κῆτος

290 909 379 963 τὸν
414 913 601 962 ἰωνᾶν
640 911 812 975 ζῶντα
844 904 943 960 Καὶ
977 902 1139 957 πάλιν
1175 901 1232 955 ἐκ
1264 900 1512 974 δευτὲρου
1544 899 1716 973 λόγος
1754 899 1953 972 Κυρίου

293 997 502 1071 ἐγένετο
554 996 692 1071 πρὸς
734 994 916 1063 αὐτὸν,
967 992 1056 1045 καὶ
1110 990 1361 1045 ἀπελθὼν
1417 990 1667 1065 ἐκήρυξεν
1730 988 1804 1048 εἷς
1850 989 1950 1055 τήν

294 1087 497 1140 Νινευῖ.
553 1082 782 1138 Ἐκεῖνοί
830 1102 907 1151 τε,
960 1078 1306 1149 ἀκούσαντες,
1345 1078 1694 1150 μετενόησαν,
1727 1076 1814 1130 καὶ
1846 1096 1951 1129 πα-

298 1162 505 1248 ρήγαγε
535 1173 729 1247 Κύριος
758 1172 857 1240 τὴν
894 1169 1064 1245 ὀργῆν
1098 1169 1188 1222 ἀπ’
1220 1168 1415 1224 αὐτῶν.
1448 1170 1554 1234 Τῆς
1610 1167 1795 1239 μέντοι
1843 1185 1951 1218 πα-

302 1263 517 1339 ρουσίπος
545 1266 640 1316 τοῦ
675 1267 933 1335 Σωτῆρος
968 1263 1196 1331 σημεῖον
1231 1256 1390 1318 αὐτὸς
1421 1255 1473 1326 ἐξ
1508 1254 1675 1331 ἔργων
1716 1254 1947 1329 ἐγένετο,

300 1352 623 1413 καταποθεὶς
676 1351 776 1404 ὑπὸ
830 1354 930 1403 τοῦ
986 1350 1207 1418 κήτους,
1257 1347 1347 1400 καὶ
1400 1346 1535 1419 μετὰ
1560 1350 1705 1417 τρεῖς
1737 1343 1948 1419 ἡμέρας

301 1446 444 1502 σῶος
474 1440 638 1494 πάλιν
668 1437 919 1501 ἐκδοθείς.

690 1544 879 1617 Ναοὺμ
911 1545 938 1597 ὁ
966 1547 1061 1598 τοῦ
1093 1541 1437 1610 Ἐλκεσαίου,
1490 1543 1548 1610 ζ”

358 1656 449 1710 32.
506 1659 714 1725 Λῆμμα
790 1652 908 1725 περὶ
966 1656 1065 1719 τῆς
1124 1648 1401 1711 ἀπωλείας
1458 1649 1660 1719 Νινευῒ,
1724 1644 1940 1723 βιϐλίον

287 1742 529 1819 ὁράσεως
578 1740 908 1818 προφητεύει
979 1741 1005 1791 ὂ
1064 1743 1334 1799 τοιοῦτος’
1393 1738 1482 1791 καὶ
1533 1738 1786 1811 κηρύττει
1848 1736 1944 1809 μὲν

286 1832 376 1887 καὶ
422 1830 547 1906 περὶ
591 1830 802 1905 ἑορτῆς
866 1829 1232 1902 προσημαίνει
1293 1825 1349 1881 δὲ
1397 1826 1447 1880 ἐν
1500 1827 1635 1900 αὐτῇ
1669 1826 1791 1901 περὶ
1842 1829 1940 1880 τοῦ

2064 630 2349 684 cationem
2376 629 2527 684 hanc
2554 631 2805 702 fugiens,
2869 648 3073 686 navem
3106 631 3464 698 conscendit,
3500 648 3568 686 ex
3598 647 3713 702 qua

2067 723 2287 788 postea,
2322 720 2525 774 oborta
2551 724 2898 787 tempestate
2928 721 3242 789 ejectus,et
3270 736 3303 773 a
3334 726 3457 774 ceto
3491 718 3716 773 marino

2064 806 2374 862 devoratus
2405 814 2512 863 est.
2551 812 2686 863 Post
2718 814 2836 863 tres
2863 814 3057 863 autem
3088 809 3215 863 dies
3244 809 3412 877 eiecit
3435 812 3601 861 cetus
3621 807 3714 861 Jo-

2064 914 2199 952 nam
2232 899 2543 953 viventem.
2580 905 2770 970 Atque
2828 900 2910 953 ita
2937 899 3197 954 secundo
3241 899 3458 953 factum
3523 902 3611 951 est
3640 898 3713 951 ad

2064 1003 2197 1042 eum
2230 988 2469 1043 verbum
2500 988 2753 1054 Domini,
2787 994 2843 1043 et
2884 988 3028 1043 abiit
3059 994 3116 1042 et
3146 987 3479 1059 praedicavit
3526 986 3585 1039 in
3615 986 3713 1040 Ni-

2064 1076 2210 1131 nive.
2248 1075 2357 1144 Illi,
2388 1078 2582 1132 audita
2642 1077 2749 1131 hac
2808 1077 3245 1148 praedicatione,
3308 1076 3712 1148 pmnitentiam

2060 1174 2324 1239 egerunt,
2357 1174 2413 1223 et
2444 1171 2658 1224 amovit
2715 1170 2785 1224 ab
2847 1168 2964 1224 illis
3023 1170 3309 1224 Dominus
3338 1170 3483 1225 iram
3517 1187 3710 1226 suam.

2056 1255 2356 1311 Adventus
2391 1256 2615 1311 Domini
2675 1257 2913 1329 signum
2976 1257 3101 1329 ipse
3131 1274 3200 1312 ex
3235 1259 3409 1313 rebus
3441 1257 3589 1330 ipsis
3623 1259 3714 1314 fa-

2058 1349 2185 1399 ctus
2216 1353 2324 1412 est,
2357 1347 2668 1403 devoratus
2700 1364 2734 1402 a
2782 1354 2929 1418 ceto,
2963 1353 3020 1404 et
3052 1352 3183 1418 post
3218 1348 3484 1403 triduum
3516 1349 3715 1405 salvus

2058 1432 2345 1488 redditus.

2464 1543 2681 1600 Nahum
2729 1547 2971 1613 Elcesaei,
3003 1546 3289 1614 septimus.

2126 1652 2215 1706 32.
2247 1652 2408 1708 Onus
2439 1654 2511 1709 de
2568 1654 2893 1725 perditione
2950 1655 3169 1720 Ninive,
3212 1655 3431 1710 librum
3463 1655 3708 1715 visionis

2059 1741 2365 1813 prophetat
2394 1743 2544 1800 iste:
2577 1750 2634 1799 et
2683 1745 2958 1815 praedicat
2989 1745 3227 1815 quidem
3261 1745 3333 1799 de
3374 1746 3557 1800 festo:
3616 1763 3706 1802 ve-

2051 1847 2183 1885 rum
2217 1832 2394 1887 simul
2427 1832 2486 1887 in
2520 1832 2648 1905 ipsa
2678 1834 2749 1888 de
2780 1834 3078 1890 Salvatore
3109 1834 3485 1905 praenuntiat.
3522 1837 3590 1890 Et
3619 1853 3705 1891 re-

296 1927 577 1995 Σωτῆρος.
636 1920 733 1974 Καὶ
781 1919 848 1972 τὰ
905 1918 1074 1973 λοιπά
1130 1920 1303 1971 πάντα
1346 1917 1482 1971 κατὰ
1508 1924 1607 1985 τῆς
1644 1917 1825 1970 Νινευῖ
1852 1915 1942 1969 καὶ

2073 1919 2214 1991 iqua
2244 1922 2443 1995 omnia
2494 1928 2699 1977 contra
2728 1924 2970 1980 Niniven
3005 1929 3164 1994 sunt,
3211 1929 3268 1979 et
3306 1924 3482 1979 ﬁnem
3516 1925 3706 1996 ipsius

290 2014 386 2065 τοῦ
414 2009 608 2070 τὲλους
659 2007 827 2078 αὐτῆς
876 2007 965 2061 καὶ
1006 2012 1111 2061 τῶν
1145 2006 1358 2081 ἐχθρῶν
1387 2010 1485 2060 τοῦ
1516 2004 1737 2079 Ἰσραὴλ
1770 2006 1943 2080 ἀπαγ-

290 2096 496 2175 γέλλει.

895 2199 1241 2277 Ἀμϐακοὺμ,
1275 2211 1344 2274 η’.

358 2314 446 2369 33.
489 2317 702 2383 Λῆμμα
731 2311 821 2365 καὶ
853 2309 1014 2372 αὐτὸς
1046 2308 1171 2380 εἶδε,
1208 2310 1293 2364 καὶ
1344 2310 1698 2388 προφητεύει,
1752 2307 1941 2384 δεόμε-

288 2421 374 2462 νος
436 2400 529 2472 μὶν
587 2400 709 2475 περὶ
767 2406 868 2468 τῆς
921 2397 1178 2461 ἁλώσεως
1229 2406 1328 2468 τῆς
1382 2399 1762 2475 Ἰερουσαλήμ·
1804 2420 1941 2475 προ-

292 2487 571 2561 σημαίνων
624 2486 682 2542 δὲ
721 2488 845 2562 περὶ
883 2494 983 2555 τῆς
1013 2488 1308 2559 παρουσίας
1336 2492 1433 2542 τοῦ
1467 2494 1750 2563 Σωτῆρος.
1786 2487 1938 2563 Λέγει

294 2576 351 2632 δὲ
407 2577 497 2632 καὶ
556 2576 884 2654 προφητεύει
940 2576 1075 2630 κατὰ
1147 2581 1253 2630 τῶν
1311 2581 1750 2654 καταφσονητῶν.
1811 2576 1942 2633 Εἶτα

301 2664 493 2738 μεταξῦ
540 2665 649 2720 ἐστι
698 2665 980 2740 προσευχή
1034 2662 1131 2719 τοῦ
1182 2666 1466 2743 προφήτου
1502 2666 1614 2737 μετ’
1650 2662 1821 2736 ᾠδῆς,
1852 2665 1943 2719 καὶ

295 2755 416 2831 τρία
469 2750 823 2827 διαψάλματά
869 2752 1008 2807 ἐστιν
1061 2752 1113 2807 ἐν
1145 2757 1212 2826 τῇ
1253 2753 1520 2829 λεγομένῃ
1550 2750 1686 2825 ᾠδῇ,
1722 2750 1941 2823 ᾅδοντος

294 2844 457 2899 αὐτοῦ
487 2842 610 2917 περὶ
639 2848 739 2911 τῆς
771 2842 1067 2917 παρουσίας
1097 2846 1194 2896 τοῦ
1227 2849 1509 2917 Σωτῆρος,
1542 2841 1629 2896 καὶ
1660 2849 1761 2911 τῆς
1809 2841 1945 2897 κατὰ

290 2937 385 2987 τοῦ
419 2931 648 2996 θανάτου
678 2930 857 3001 νίκης.

725 3038 990 3113 Σοφονίας
1026 3040 1052 3093 ὁ
1083 3043 1180 3093 τοῦ
1210 3040 1405 3110 Χουσὶ,
1433 3042 1492 3097 θ’.

365 3148 448 3202 34.
500 3144 669 3206 Οὗτος
725 3144 817 3199 καὶ
872 3146 1135 3221 Ἱερεμίας
1197 3146 1579 3224 συνεχρόνισαν
1641 3144 1938 3217 ἀλλήλοις.

2055 2014 2114 2066 et
2143 2010 2516 2068 inimicorum
2541 2012 2775 2069 Israelis
2800 2013 3130 2069 denuntiat.

2583 2210 2897 2275 Ambacum,
2938 2215 3182 2265 octavus.

2127 2314 2213 2370 33.
2249 2315 2410 2371 Onus
2442 2320 2500 2371 et
2529 2316 2625 2372 hic
2656 2317 2799 2371 vidit
2828 2322 2886 2372 et
2915 2316 3249 2388 prophetat,
3272 2317 3342 2372 de
3368 2317 3708 2388 captivitate

2058 2405 2297 2473 quidem
2346 2405 2723 2477 Jerosolymae
2776 2410 3069 2477 precatus,
3131 2406 3202 2459 de
3260 2406 3511 2460 adventu
3559 2403 3704 2459 item

2056 2492 2372 2549 Salvatoris
2388 2494 2817 2566 praanuntiavit.
2838 2494 3139 2549 Invehitur
3153 2498 3353 2549 autem
3374 2499 3432 2549 et
3454 2492 3705 2565 prophe-

2055 2584 2141 2636 tat
2183 2588 2385 2637 contra
2432 2588 2886 2654 contemptores.
2926 2583 3141 2637 Deinde
3175 2581 3424 2636 habetur
3455 2581 3710 2653 precatio

2056 2669 2350 2740 prophetae
2383 2686 2515 2724 cum
2549 2670 2869 2731 cantico,in
2901 2686 3017 2741 quo
3050 2669 3162 2723 tria
3189 2667 3709 2741 suntdiapsalma-

2053 2761 2133 2828 ta,
2166 2763 2411 2813 canente
2441 2758 2725 2830 propheta
2754 2760 2824 2813 de
2849 2760 3097 2813 adventu
3131 2756 3469 2825 Salvatoris,
3531 2760 3589 2811 et
3637 2757 3709 2812 de

2053 2848 2295 2904 victoria
2323 2850 2394 2904 de
2428 2852 2615 2904 morte
2647 2849 3022 2921 reportanda.

2411 3045 2714 3117 Saphom'as
2742 3043 2900 3115 ﬁlius
2932 3044 3129 3111 Chusz,
3151 3058 3346 3097 nonus.

2122 3153 2206 3207 34.
2247 3153 2351 3208 Hic
2381 3158 2439 3209 et
2471 3152 2789 3208 Hieremias
2819 3149 3295 3223 contemporanei
3321 3148 3709 3203 fuerint.Nam

290 3234 617 3313 ’Λιιφότεροι
678 3235 782 3310 γὰρ
840 3233 927 3289 ἐπὶ
984 3240 1081 3290 τοῦ
1138 3236 1347 3292 Ἰωσίου
1422 3234 1690 3310 βασιλέως
1766 3233 1941 3291 Ἰούδα

294 3322 308 3343 θ
484 3327 496 3343 1
784 3333 794 3343 ι
830 3322 843 3342 Ι
998 3322 1041 3343 θλ
1102 3327 1143 3343 Ir
1226 3325 1238 3343 I
1351 3325 1365 3343 Ἰ
1420 3326 1429 3343 1
1668 3327 1683 3343 \
1797 3325 1810 3343 )
1860 3324 1877 3343 \

2071 3247 2300 3313 iterque
2332 3244 2440 3298 sub
2471 3243 2634 3298 Josia
2664 3258 2797 3314 rege
2835 3242 2991 3296 Juda
3047 3238 3432 3312 prophetavit.
3466 3239 3706 3293 Factum

290 3322 715 3400 ἐπροφήτευσαν.
770 3322 944 3398 Λόγος
995 3322 1052 3378 δὲ
1100 3325 1304 3399 Κυρίου
1348 3325 1556 3400 ἐγένετο
1590 3327 1722 3401 πρὸς
1754 3324 1937 3397 αὐτὸν,

287 3412 375 3466 καὶ
407 3411 737 3489 προφητεύει
771 3412 822 3466 ἐν
856 3417 923 3486 τῇ
958 3412 1340 3488 Ἰερουσαλὴμ,
1380 3414 1469 3468 καὶ
1527 3416 1685 3469 παντὶ
1743 3410 1938 3485 Ἰούδᾳ’

292 3501 380 3554 καὶ
410 3499 667 3577 προλέγει
726 3499 852 3576 περί
905 3500 1113 3577 ἡμέρας
1172 3501 1459 3576 ἐσομένης,
1493 3503 1630 3559 ὥστε
1661 3503 1942 3579 ἐξαρθῆναι

294 3591 454 3644 πέντα
502 3592 568 3644 τὰ
620 3588 847 3659 εἷ’δωλα,
907 3591 998 3645 καὶ
1056 3592 1122 3645 τὰ
1173 3591 1338 3661 ἄλση,
1381 3592 1470 3647 καὶ
1520 3592 1693 3648 πολὺν
1723 3595 1941 3669 Θρῆνον,

291 3679 379 3733 καὶ
425 3679 653 3733 κοπετὸν
706 3678 964 3752 γίνεσθαι.
1028 3680 1364 3757 Προφητεύει
1427 3679 1481 3735 δὶ
1529 3682 1618 3736 καὶ
1676 3681 1801 3755 περὶ
1847 3687 1945 3737 τοῦ

297 3775 578 3841 Σωτῆρος,
632 3768 721 3822 καὶ
779 3776 878 3837 τῆς
937 3769 1298 3841 ἀναστάσεως,
1357 3771 1424 3839 ἧν
1474 3768 1719 3843 δι’-ημᾶς
1776 3777 1944 3829 ποιεῖ.

296 3856 639 3933 Προφητεύει
671 3853 727 3910 δὲ
756 3857 1010 3912 καὶκατὰ
1061 3858 1256 3931 Γάζης,
1307 3859 1395 3914 καὶ
1447 3859 1809 3933 Ἀσκάλωνος,
1857 3860 1948 3918 καὶ

292 3945 563 4014 Ἀζώτου,
594 3944 685 3999 καὶ
719 3952 818 4015 τῆς
851 3947 1153 4022 Ἀκκαρὼν,
1183 3947 1271 4002 καὶ
1301 3950 1437 4003 κατὰ
1467 3946 1660 4021 Μωὰϐ,
1693 3950 1782 4004 καὶ
1814 3951 1949 4023 Ἀμ-

300 4035 441 4106 μὼν,
473 4033 563 4088 καὶ
595 4034 730 4088 κατὰ
777 4035 1083 4109 Δαμασκοῦ,
1131 4036 1221 4091 καὶ
1270 4040 1405 4092 κατὰ
1443 4039 1646 4109 Νινευῒ,
1697 4038 1785 4094 καὶ
1815 4039 1953 4095 κατὰ

291 4128 402 4178 τῶν
437 4121 716 4177 Αἰθιόπων
729 4165 742 4179 .

947 4233 1220 4309 Ἀγγαῖος,
1258 4236 1306 4291 ι’.

371 4340 460 4395 35.
518 4336 693 4399 Οὗτος
744 4340 877 4411 μετὰ
925 4340 1024 4408 τήν
1075 4339 1463 4416 αἰχμαλωσίαν
1516 4341 1568 4397 ἐν
1609 4342 1677 4418 τῇ
1706 4342 1952 4417 ἐπανόδῳ

298 4428 628 4503 προφητεύει
663 4425 714 4481 ἐν
747 4431 814 4501 τῇ
868 4427 1232 4504 Ἰερουσαλὴμ
1263 4430 1349 4485 ἐπὶ
1400 4432 1623 4507 Δαρείου
1681 4431 1952 4508 βασιλέως

300 4520 542 4590 Περσῶν,
597 4516 642 4590 β’
696 4516 851 4579 ’ὲτους
908 4518 1093 4585 αὐτοῦ,
1154 4524 1230 4590 τῷ
1267 4516 1408 4593 ἕκτῳ
1442 4521 1595 4593 μηνὶ,
1631 4519 1793 4599 λόγος
1855 4529 1954 4577 Κυ-

2053 3336 2140 3386 est
2178 3334 2375 3386 autem
2412 3332 2483 3386 ad
2516 3348 2650 3386 eum
2681 3330 2923 3385 verbum
2955 3327 3210 3396 Domini,
3242 3332 3299 3382 et
3340 3325 3708 3398 prophetavit

2054 3420 2113 3475 in
2142 3419 2491 3485 Jerusalem,
2519 3424 2574 3476 et
2595 3420 2754 3475 omni
2785 3419 2976 3474 Juda:
3014 3417 3396 3489 praedixitque
3426 3415 3606 3485 diem,
3641 3413 3703 3469 in

2055 3526 2170 3579 quo
2201 3508 2461 3565 tollenda
2491 3514 2687 3565 essent
2717 3508 2917 3564 omnia
2945 3506 3124 3570 idola,
3176 3510 3232 3561 et
3262 3522 3519 3571 nemora,
3550 3505 3711 3558 futu-

2056 3615 2275 3669 rusque
2294 3604 2451 3654 esset
2480 3599 2653 3654 ﬂetus
2683 3597 2906 3652 multus
2960 3612 3024 3651 ac
3057 3596 3205 3651 I27
3246 3594 3536 3666 planctus.
3570 3594 3707 3647 Pro-

2056 3686 2259 3757 phetat
2283 3692 2480 3742 autem
2504 3692 2562 3742 et
2611 3687 2682 3741 de
2724 3685 3035 3752 Salvatore,
3068 3690 3125 3739 et
3156 3685 3227 3738 de
3258 3681 3705 3743 resurrectione,

2059 3792 2177 3846 qua
2207 3777 2391 3831 nostri
2422 3775 2612 3845 gratia
2642 3774 2978 3830 resurrexit.
3012 3772 3231 3827 Deinde
3289 3771 3599 3842 prophetat
3649 3773 3708 3823 et

2058 3869 2263 3920 contra
2292 3864 2527 3931 Gazam,
2562 3864 3007 3930 etAscalonem,
3040 3867 3095 3916 et
3123 3864 3388 3929 Azotum,
3423 3865 3480 3913 et
3533 3862 3707 3912 Acca-

2061 3969 2285 4023 ronem,
2320 3958 2376 4008 et
2396 3960 2599 4009 contra
2628 3954 2814 4022 Moab,
2845 3957 2902 4007 et
2933 3960 3207 4015 Ammon,
3241 3953 3298 4004 et
3327 3948 3705 4014 Damascum,

2061 4050 2119 4099 et
2142 4042 2409 4111 Niniven,
2443 4046 2502 4097 et
2531 4042 2852 4113 Ethiopas.

2608 4246 2872 4311 Aggazus,
2902 4238 3169 4293 decimus.

2131 4349 2222 4403 35.
2256 4346 2360 4403 Ηίο
2394 4350 2525 4418 post
2555 4344 2950 4415 captivitatem
2986 4342 3239 4399 solutam
3272 4341 3327 4395 in
3364 4340 3555 4395 reditu
3581 4354 3719 4409 pro-

2064 4437 2324 4509 phetavit
2353 4433 2754 4507 Jerosolymis,
2806 4434 2915 4488 sub
2975 4431 3145 4487 Dario
3201 4445 3336 4502 rege
3391 4429 3719 4492 Persarum,

2066 4546 2220 4584 anno
2254 4528 2415 4600 regni
2449 4526 2611 4581 illius
2642 4525 2922 4593 secundo,
2956 4538 3159 4578 mense
3181 4526 3362 4587 sexto,
3398 4520 3613 4574 factum
3632 4522 3723 4572 est

304 4604 420 4677 ρίου
453 4604 660 4678 ἐγένετο
719 4605 769 4660 ἐν
822 4607 969 4681 χειρὶ
1002 4607 1187 4675 αὐτοῦ,
1221 4609 1310 4662 καὶ
1340 4610 1674 4685 προφητεύει
1722 4616 1801 4682 τῷ
1855 4618 1949 4666 Ζο-

376 4688 476 4710 βαρ
511 4692 530 4710 \
670 4693 685 4710 \
758 4699 784 4709 ~
829 4696 865 4710 9'
980 4700 1005 4709 ι-
1081 4695 1109 4704 η’
1148 4698 1180 4710 9.
1306 4694 1345 4710 Au
1519 4698 1531 4710 ι
1605 4704 1629 4710 ..
1676 4698 1693 4710 \
1759 4705 1780 4710 υ
1943 4701 1949 4710 1

2071 4618 2128 4673 in
2162 4633 2339 4673 manu
2372 4618 2502 4686 ejus
2531 4615 2773 4670 verbum
2830 4612 3085 4681 Do‘mini,
3117 4616 3174 4666 et
3232 4606 3597 4682 prophetavit
3626 4611 3723 4660 Zo-

1943 4701 1957 4718 \

307 4688 565 4764 ροϐάϐελ,
598 4693 687 4748 καὶ
719 4699 797 4766 τῷ
829 4696 1009 4765 Ἰησοῦ
1038 4695 1117 4767 τῷ
1148 4694 1413 4764 Ἰωσεδὲκ,
1447 4698 1535 4752 καὶ
1566 4704 1643 4768 τῷ
1676 4698 1812 4771 λαῷ,
1836 4701 1960 4776 περὶ

303 4788 406 4849 τῆς
458 4780 761 4855 οἰκοδομῆς
809 4791 908 4852 τῆς
955 4784 1339 4859 Ἰερουσαλήμ.
1395 4787 1728 4864 ΙΙροφητεύει
1784 4786 1841 4842 δὲ
1870 4790 1959 4843 καὶ

304 4871 429 4943 περὶ
477 4876 578 4939 τῆς
610 4870 985 4944 παρελεύσεως
1009 4878 1116 4926 τῶν
1150 4873 1388 4943 οἰκείων,
1421 4875 1510 4929 καὶ
1540 4878 1663 4951 περὶ
1692 4880 1791 4947 τῆς
1821 4881 1961 4949 κλή-

312 4980 445 5021 σεως
477 4964 584 5013 τῶν
614 4960 775 5014 ἐθνῶν
788 5005 799 5017 .

746 5069 1017 5143 Ζαχαρίας
1058 5071 1175 5131 υἱὸς
1208 5068 1400 5139 Ἂδδὼ,
1440 5074 1533 5145 ια’..

378 5177 466 5230 36.
509 5175 607 5228 Καὶ
666 5174 822 5237 οὗτος
875 5181 955 5247 τῷ
1005 5174 1239 5253 δευτέρῳ
1290 5174 1392 5232 ἔτει
1463 5178 1691 5253 Δαρείου
1748 5201 1966 5259 προφη-

314 5262 469 5317 τεύει·
532 5261 679 5317 ἀλλὰ
732 5268 810 5334 τῷ
868 5262 1047 5340 ὀγδόῳ
1104 5266 1233 5338 μηνὶ
1295 5265 1459 5341 λόγος
1516 5268 1718 5342 Κυρίου
1758 5267 1967 5344 ἐγένετο

314 5353 447 5426 πρὸς
504 5351 663 5406 αὐτὸν
722 5353 811 5407 καὶ
871 5350 1100 5429 ἅγγελος
1157 5355 1355 5431 Κυρίου
1384 5353 1643 5422 ἐλάλησεν
1677 5356 1847 5431 αὐτῷ,
1878 5359 1969 5413 καὶ

315 5440 643 5517 προφητεύει
704 5442 840 5514 πρὸς
891 5442 1017 5505 τοὺς
1074 5444 1307 5521 πατέρας
1379 5445 1469 5499 καὶ
1526 5447 1625 5514 τήν
1705 5448 1972 5524 Ἰερουσα-

314 5527 457 5601 λήμ.
507 5528 730 5592 Πολλὰς
789 5528 845 5586 δὲ
898 5530 988 5586 καί
1035 5533 1293 5595 ποικίλας
1338 5534 1550 5609 ὁράσεις
1611 5533 1823 5609 βλέπει,
1881 5538 1971 5591 καὶ

389 5712 435 5747 ⁸⁵
464 5712 596 5769 Jon.
631 5730 714 5785 In,
746 5714 804 5768 4.

606 5841 871 5902 Pyram.
922 5841 1030 5903 Gn.
1078 5843 1355 5904 XXVIII.

2071 4706 2354 4772 robabeli,
2385 4705 2545 4773 Jesu,
2579 4710 2634 4759 et
2662 4704 2904 4760 Josedec
2935 4720 2998 4758 ac
3031 4700 3266 4773 populo,
3294 4699 3364 4753 de
3387 4698 3729 4753 aediﬁcanda

2074 4795 2495 4864 Hierosolyma.
2529 4792 2905 4865 Prophetavit
2922 4791 3099 4846 etiam
3123 4791 3194 4844 de
3226 4787 3603 4843 derelictione
3633 4785 3732 4840 do-

2076 4885 2481 4948 mesticorum,
2524 4887 2582 4938 et
2613 4882 2683 4937 de
2714 4882 3013 4936 vocatione
3048 4879 3332 4951 gentium.

2363 5078 2658 5134 Zacharias
2705 5076 2857 5145 ﬁlius
2886 5075 3065 5142 Adda,
3101 5073 3439 5128 undecimus.

2149 5188 2237 5241 36.
2274 5186 2342 5241 Et
2373 5185 2467 5240 hic
2517 5184 2575 5238 in
2638 5182 2896 5238 secundo
2956 5196 3110 5237 anno
3140 5178 3295 5234 Darii
3325 5172 3729 5248 pr0phetavit:

2081 5280 2140 5330 at
2169 5276 2227 5329 in
2262 5290 2466 5329 mense
2523 5276 2723 5328 octavo
2780 5272 2996 5325 factum
3054 5271 3143 5323 est
3200 5267 3271 5320 ad
3323 5280 3457 5318 eum
3490 5262 3732 5317 verbum

2082 5363 2335 5431 Domini,
2370 5366 2427 5417 et
2459 5363 2691 5417 locutus
2720 5368 2809 5415 est
2837 5357 2921 5411 illi
2955 5356 3197 5426 angelus
3226 5351 3483 5417 Domini,
3515 5355 3572 5404 et
3602 5363 3734 5419 pro-

2085 5452 2346 5523 phetavit
2375 5450 2446 5506 ad
2481 5453 2681 5503 Patres
2712 5452 2770 5502 et
2792 5447 2863 5501 ad
2896 5442 3243 5500 Jerusalem.
3278 5439 3495 5494 Multas
3539 5444 3735 5491 autem

2083 5559 2150 5597 ac
2182 5539 2372 5597 varias
2401 5539 2655 5595 visiones
2686 5535 2831 5591 vidit
2858 5540 2916 5589 et
2946 5533 3018 5588 de
3046 5528 3345 5585 Salvatore
3366 5525 3568 5583 multis
3596 5537 3735 5594 pro-

3384 5835 3461 5892 12
