4170 6352
437 382 552 443 363

1639 372 1702 430 S.
1753 364 2278 427 A'l‘HANASlUS.
2303 393 2382 407 —
2411 361 2674 424 DUBIA.

3740 365 3863 426 364

438 511 720 585 phetavit,
743 506 1211 581 signiﬁcavitquc
1236 505 1392 576 quod
1418 519 1597 575 super
1629 500 1798 557 asino
1833 503 1890 555 et
1913 496 2071 570 pullo

2205 489 2519 568 προφητεύει
2569 490 2691 565 περὶ
2740 494 2835 544 τοῦ
2881 496 3142 566 Σωτῆρος
3179 487 3269 544 διὰ
3310 487 3565 564 πολλῶν,
3615 491 3701 547 καθ
3764 514 3862 566 ση-

439 600 772 674 subjugalis
802 603 1086 656 venturus
1123 600 1298 651 esset.

905 777 1226 845 Malachias,
1250 773 1620 829 duodecimus.

513 855 740 925 37.‘Hic
772 881 1002 938 quoque
1034 869 1165 936 post
1195 861 1592 933 captivitatem
1618 859 1727 914 sub
1756 857 1928 913 Dario
1952 855 2082 910 fuit.

441 965 603 1019 Onus
633 964 829 1014 autem
863 955 1020 1011 verbi
1055 952 1286 1008 Domini
1321 952 1378 1006 in
1405 967 1584 1005 manu
1636 947 1826 1019 angeli
1851 947 1999 1016 ejus,
2031 948 2089 999 el

443 1050 759 1123 prophetat
816 1050 1019 1101 contra
1072 1041 1269 1097 Israel.
1321 1040 1642 1112 Exprobrat
1668 1032 2086 1092 antemlsraeli

445 1135 950 1209 transgressiones
975 1135 1128 1202 ejus,
1184 1134 1423 1184 accusat
1478 1127 1644 1183 illum
1689 1123 2088 1197 neglectarum

445 1227 895 1290 decimarum,et
927 1221 1160 1275 omissa:
1183 1214 1737 1272 communicationis
1786 1230 1919 1268 cum
1952 1228 2089 1282 pau-

446 1311 1033 1389 peribus.Prophetat
1062 1307 1235 1363 etiam
1267 1307 1335 1361 de
1353 1303 1692 1375 diejudicii,
1721 1309 1775 1358 et
1807 1302 1877 1356 de
1895 1300 2088 1372 splen-

448 1407 588 1460 dore
617 1400 956 1465 Salvatoris,
990 1397 1298 1466 Eliamque
1328 1399 1464 1448 ante
1493 1393 1805 1447 adventum
1838 1389 2088 1446 Salvato-

446 1495 530 1549 ris
562 1491 911 1547 mittendum
935 1485 1303 1560 praenuntiat.

805 1669 970 1724 Liber
997 1667 1122 1735 XIX,
1181 1664 1354 1719 Isaias
1378 1663 1526 1733 ﬁlius
1556 1664 1734 1716 Amos.

521 1763 611 1816 38.
647 1760 747 1814 Hic
801 1764 857 1812 et
914 1756 1080 1820 Osee,
1140 1754 1295 1809 sicut
1326 1769 1503 1823 supra
1551 1749 1828 1816 diximus,
1888 1749 2091 1802 eodem

2194 579 2371 652 μαίνει
2430 578 2588 633 αὐτὸν
2646 576 2952 654 ἐξέρχεσθαι
3015 577 3104 632 ἐπὶ
3161 573 3284 632 ὄνον
3336 579 3428 634 καὶ
3479 578 3672 634 πῶλον
3720 582 3851 636 ὑπο-

2196 667 2400 742 ζυγίου.

2805 754 3115 830 Μαλαχίας,
3146 756 3215 830 ιβ’
3231 799 3244 812 .

2264 848 2356 901 37.
2391 844 2489 898 Καὶ
2523 843 2679 907 οὗτος
2733 845 2866 918 μετά
2903 845 3001 912 τήν
3051 842 3442 920 αἰχμαλωσίαν
3494 845 3711 923 γέγονεν
3764 848 3854 904 ἐπὶ

2196 933 2440 1008 Δαρείου.
2492 941 2706 1006 Λῆμμα
2755 931 2812 988 δὲ
2863 933 3029 1010 λόγου
3088 933 3287 1008 Κυρίου
3329 933 3380 989 ἐν
3433 936 3580 1011 χειρὶ
3613 937 3853 1012 ἀγγέλου

2196 1022 2381 1091 αὐτοῦ,
2428 1023 2517 1077 καὶ
2571 1023 2901 1100 προφητεύει
2958 1022 3046 1077 ἐπὶ
3102 1023 3194 1078 τὸν
3255 1023 3497 1099 Ἰσραήλ.
3577 1026 3849 1095 Ὀνειδίζει

2199 1108 2256 1165 δὲ
2310 1111 2401 1166 τὸν
2473 1109 2690 1185 Ἰσραὴλ
2745 1111 2833 1165 ἐπὶ
2891 1117 3009 1174 ταῖς
3070 1107 3428 1183 παραϐάσεσι,
3460 1113 3550 1168 καὶ
3586 1115 3852 1192 μέμφεται

2200 1199 2287 1254 ἐπὶ
2331 1203 2398 1272 τῇ
2457 1199 2686 1271 ἀμελείᾳ
2755 1204 2863 1254 τῶν
2927 1197 3185 1271 δεκάτων,
3243 1200 3334 1255 καὶ
3393 1208 3493 1271 τῆς
3551 1203 3686 1277 πρὸς
3731 1203 3859 1264 τοὺς

2199 1287 2457 1364 πτωχοὺς
2509 1288 2812 1349 κοινωνίας.
2868 1288 3206 1367 Προφ·ητεύει
3266 1287 3323 1344 δὲ
3368 1289 3621 1366 περὶτῆς
3649 1291 3859 1366 ἡμέρας

2199 1383 2299 1445 τῆς
2328 1375 2576 1452 κρίσεως,
2627 1377 2716 1430 καὶ
2745 1384 2847 1446 τῆς
2893 1382 2994 1431 τοῦ
3048 1385 3309 1452 Σωτῆρος
3358 1378 3738 1455 ἐπιλάμψεως,
3770 1380 3861 1436 καὶ

2200 1466 2306 1536 πρὸ
2362 1471 2461 1534 τῆς
2508 1464 2808 1540 παρουσίας
2863 1471 2961 1521 τοῦ
3012 1473 3274 1544 Σωτῆρος
3308 1467 3736 1524 ἀποστέλλεσθαι
3767 1469 3858 1525 τὸν

2203 1552 2390 1608 Ἠλίαν
2427 1554 2699 1626 σημαίνει.

2523 1638 2747 1699 Βιϐλίον
2786 1645 2868 1701 ιθ“.
2899 1645 3125 1707 Ἡσαῒας
3159 1643 3512 1718 υίὸςἊμώς.

2273 1734 2362 1788 38.
2399 1730 2566 1793 Οὗτος
2617 1732 2705 1787 καὶ
2766 1734 2945 1805 Ὠσηὲ,
3005 1734 3142 1798 καθά
3198 1735 3558 1808 προείπομεν,
3590 1733 3853 1814 συνεχρὸ-

449 1857 713 1922 tempore
743 1848 1031 1901 vixerunt.
1067 1844 1210 1899 Nam
1243 1847 1299 1897 et
1332 1820 1442 1896 iste
1494 1841 1604 1895 sub
1658 1839 1816 1903 Ozia,
1850 1843 1908 1892 et
1957 1837 2088 1892 Joa-

2205 1841 2352 1874 νισαν
2385 1820 2683 1892 ἀλλήλοις.
2717 1822 2815 1876 Καὶ
2845 1824 2946 1899 γὰρ
3003 1824 3091 1878 καὶ
3153 1822 3310 1886 οὗτος
3367 1822 3455 1878 ἐπὶ
3511 1826 3714 1896 Ὀζίου,
3765 1827 3854 1881 καὶ

2205 1911 2431 1934 ’1Λ.,ζΛμγ.
2522 1911 2606 1934 __,,‘
2662 1913 2838 1934 ’ΔΑ-ὶν
2981 1913 2992 1929 ‘
3044 1915 3134 1934 ,ην
3208 1913 3218 1934 Ι
3357 1915 3385 1934 n
3485 1913 3540 1934 ‘l
3657 1916 3695 1934 ’l’
3744 1913 3796 1934 ’ἢ

453 1939 640 2001 them,
673 1940 729 1991 et
759 1935 973 1998 Achaz,
1008 1937 1063 1987 et
1102 1931 1345 1986 Ezechia
1375 1929 1609 1999 regibus
1637 1928 1791 1983 Juda
1825 1926 1951 1980 fuit.
1985 1931 2093 1980 Ac-

453 2032 621 2099 cepta
653 2030 850 2080 autem
890 2022 1112 2076 visione
1146 2018 1512 2090 prophetavit
1573 2020 1776 2072 contra
1829 2015 2094 2068 Judaeam

448 2124 504 2175 et
533 2113 880 2172 Jerusalem.
913 2112 981 2166 Et
1007 2111 1225 2165 factum
1258 2114 1345 2163 est
1374 2108 1443 2161 ad
1473 2123 1607 2162 eum
1631 2106 1870 2160 verbum
1896 2104 2095 2160 Domi-

453 2207 533 2262 ni.
569 2208 638 2261 Et
667 2203 924 2258 maxima
982 2216 1116 2271 pars
1169 2197 1484 2268 prophetia)
1541 2197 1692 2266 ejus,
1725 2192 2094 2265 evangelium

451 2302 542 2353 est
565 2297 635 2350 de
663 2295 915 2350 adventu
951 2289 1120 2344 Verbi
1142 2287 1242 2344 Dei
1265 2287 1320 2342 in
1344 2302 1601 2351 carnem,
1636 2289 1692 2339 et
1713 2285 1782 2338 de
1806 2281 2093 2354 passioni-

448 2385 582 2452 bus,
617 2399 764 2454 quas
800 2379 981 2434 nostri
1015 2376 1202 2446 gratia
1232 2374 1512 2446 suscepit.
1565 2372 1884 2444 Prophetat
1914 2371 2091 2427 etiam

449 2475 604 2528 circa
633 2476 859 2543 gentes,
911 2466 1184 2522 videlicet
1229 2471 1434 2520 contra
1475 2463 1840 2534 Babylonem,
1874 2461 1931 2516 in
1968 2459 2095 2516 Phi-

446 2561 724 2628 listheos,
757 2565 815 2614 et
843 2563 1047 2612 contra
1070 2560 1440 2610 Damascum.
1492 2553 1791 2607 Visionem
1841 2551 2092 2622 Egypti,

443 2651 728 2707 visionem
755 2645 1338 2709 ldumaaae,visionem
1365 2642 1674 2714 phalangis
1730 2641 1886 2704 Sion,
1920 2640 2092 2694 visio-

447 2757 580 2796 nem
611 2737 767 2810 Tyri,
799 2735 1084 2790 visionem
1136 2731 1608 2803 quadrupedium
1643 2729 1702 2784 in
1747 2727 2088 2783 solitudine.

445 2829 694 2884 Enarrat
724 2825 896 2879 etiam
917 2837 1222 2894 egressum
1259 2819 1657 2884 Senacherim,
1692 2817 2088 2889 arrogantiam

445 2917 811 2990 Rapsacis,et
841 2914 1147 2983 utriusque
1178 2927 1375 2965 casum
1411 2926 1476 2964 ac
1507 2908 2088 2980 perditionem.Praa-

445 3009 604 3061 terea
659 3003 800 3058 dicit
857 2999 1179 3069 Ezechiam,
1208 3014 1342 3053 cum
1375 2998 1434 3052 in
1467 2996 1736 3053 morbum
1762 2995 2090 3060 incidisset,

446 3099 502 3151 et
531 3093 855 3150 moriturus
886 3094 1061 3160 esset,
1097 3087 1359 3144 oratione
1390 3103 1497 3142 sua
1519 3100 1809 3140 annorum
1840 3083 2088 3157 quinde-

447 3183 559 3240 cim
590 3183 719 3238 vitae
745 3179 1140 3238 accessionem
1174 3176 1539 3248 impetrasse.
1567 3173 1880 3245 Prophetat
1909 3171 2087 3227 etiam

448 3271 737 3330 eunuchis
761 3274 817 3324 et
838 3266 1133 3341 gentibus,
1157 3271 1214 3321 et
1244 3265 1302 3319 in
1331 3265 1444 3319 {ine
1467 3264 1538 3318 de
1571 3261 1911 3334 diejudicii.

476 3467 638 3524 Liber
665 3465 768 3531 XX,
793 3463 1100 3519 Hieremias
1131 3461 1284 3531 ﬁlius
1316 3459 1526 3515 Ηειείεε
1555 3459 1624 3513 de
1651 3459 2049 3515 sacerdotibus.

511 3565 600 3620 39.
635 3562 738 3618 Hic
769 3566 826 3617 et
862 3558 1211 3631 Sophonias,
1247 3557 1752 3628 quemadmodum
1784 3575 1967 3628 supra
1996 3558 2087 3613 di—

441 3653 662 3716 ximus,
719 3647 1197 3719 contemporanei
1258 3646 1513 3700 fuerunt.
1577 3645 1842 3702 Pervenit
1898 3651 2090 3702 autem

446 3738 765 3796 Hieremias
799 3751 985 3807 usque
1016 3735 1087 3788 ad
1143 3737 1376 3804 tempus
1431 3732 1688 3802 Joakim,
1747 3739 1804 3788 et
1860 3735 2092 3790 undeci-

447 3845 609 3886 mum
638 3843 859 3883 annum
891 3822 1140 3880 Sedeciea
1174 3821 1327 3892 regis
1378 3821 1568 3888 Judae,
1597 3827 1654 3877 et
1681 3839 1870 3892 usque
1891 3824 1961 3878 ad
1994 3840 2089 3879 ca-

446 3919 771 3993 ptivitatem
797 3914 1018 3988 populi.
1052 3913 1303 3970 Verbum
1333 3929 1468 3968 vero
1519 3912 1620 3967 Dei
1651 3912 1868 3969 factum
1897 3920 1988 3971 est
2015 3915 2088 3971 ad

447 4027 603 4078 eum,
628 4008 727 4063 ubi
789 4022 980 4062 sermo
1040 4003 1274 4061 Domini
1301 4004 1371 4060 ad
1404 4004 1601 4075 ipsum
1627 4005 1816 4061 factus
1847 4010 1954 4062 est.
1993 4006 2092 4064 Est

445 4105 644 4156 autem
677 4111 1078 4169 saepenumero
1134 4095 1204 4148 ad
1262 4109 1396 4149 eum
1427 4093 1636 4149 factus.
1670 4094 1738 4149 Et
1770 4094 1974 4150 multis
2001 4113 2088 4152 re-

446 4187 758 4261 prehendit
810 4184 1132 4254 injustitias
1175 4182 1563 4239 Hierusalem.
1624 4183 1998 4256 Prophetavit
2027 4187 2086 4240 in

442 4275 830 4340 Hierusalem,
863 4274 934 4328 de
968 4273 1164 4328 futura
1220 4272 1502 4342 siccitate,
1563 4276 1620 4328 et
1661 4278 1864 4330 contra
1885 4279 2089 4346 gentes

440 4368 685 4436 Aeilem,
712 4371 770 4422 et
799 4366 869 4420 de
901 4366 1151 4420 adventu
1188 4363 1343 4436 regis
1374 4363 1678 4436 Babylonii
1717 4365 1788 4420 ad
1820 4366 2086 4422 exciden-

442 4459 573 4512 dam
608 4462 820 4511 terram
850 4452 1098 4526 rEgypti,
1125 4456 1182 4506 et
1212 4451 1494 4506 adversus
1526 4450 1679 4506 I28
1713 4452 2084 4525 Babylonem.

443 4547 541 4600 Est
569 4544 745 4599 etiam
796 4543 854 4596 in
916 4543 1022 4595 hoc
1083 4540 1229 4594 libro
1286 4539 1553 4610 verbum,
1614 4541 1768 4611 quod
1801 4541 2087 4600 Dominus

2204 1911 2459 1982 Ἰωάθαμ,
2520 1911 2608 1964 καὶ
2662 1913 2857 1986 Ἀχάζ,
2887 1913 2994 1970 ,καὶ
3044 1913 3307 1985 Ἐζεκίου,
3357 1913 3623 1990 βασιλέων
3657 1913 3855 1985 Ἰούδα,

2206 1998 2446 2074 γέγονεν.
2495 2001 2718 2072 ’Όρασιν
2771 1999 2829 2055 δὲ
2879 2002 3158 2073 ἑωρακὼς,
3204 2003 3538 2080 προφητεύει
3593 2003 3729 2058 κατὰ
3757 2007 3854 2072 τῆς

2206 2084 2467 2150 Ἰουδαίας
2516 2088 2604 2142 καὶ
2652 2089 2788 2144 κατά
2848 2090 3230 2165 Ἰερουσαλήμ.
3285 2091 3382 2147 Καὶ
3433 2089 3602 2167 λόγος
3645 2090 3702 2147 δὶ
3751 2095 3858 2149 Ku-

2205 2177 2324 2250 ρίου
2369 2178 2502 2252 πρὸς
2542 2177 2700 2233 αὐτὸν
2752 2183 2965 2254 γέγονε.
3018 2179 3114 2235 Καὶ
3159 2181 3222 2235 τὸ
3270 2179 3528 2235 πλεῖστον
3575 2188 3674 2251 τῆς
3716 2203 3856 2257 προ-

2205 2266 2428 2342 φητείας
2478 2267 2644 2321 αὐτοῦ
2710 2267 2850 2323 ἐστιν
2897 2268 3188 2345 εὐαγγέλια
3233 2269 3357 2344 περὶ
3431 2277 3530 2339 τῆς
3601 2269 3860 2346 ἐνσάρκου

2202 2355 2498 2429 παρουσίας
2549 2361 2647 2411 τοῦ
2707 2356 2885 2432 Λόγου
2940 2362 3038 2412 τοῦ
3097 2363 3252 2430 Θεοῦ,
3307 2359 3396 2413 καὶ
3457 2360 3530 2414 ὧν
3584 2356 3861 2429 ἀνεδέξατο

2205 2440 2273 2498 δι’
2323 2447 2469 2515 ἡμᾶς
2519 2447 2726 2502 παθῶν.
2783 2447 3120 2524 ΙΙροφητεύει
3165 2445 3222 2502 δὲ
3274 2447 3362 2501 καὶ
3395 2447 3482 2502 ἐπὶ
3515 2446 3638 2518 ἔθνη
3671 2453 3862 2520 ταῦτα,

2203 2533 2339 2588 κατὰ
2387 2528 2740 2603 Βαϐυλῶνος,
2792 2534 2880 2590 ἐπὶ
2921 2536 3047 2598 τοὺς
3099 2534 3475 2614 ἀλλοφύλους,
3508 2538 3645 2592 κατά
3676 2546 3860 2610 Δαμα-

2202 2625 2352 2676 σκοῦ·
2388 2621 2571 2695 ὅρασιν
2603 2623 2908 2698 Αἰγύπτου,
2941 2626 3124 2700 ὅραμα
3150 2632 3251 2695 τῆς
3304 2624 3631 2698 Ἰδουμαίας,
3679 2627 3862 2702 ὅραμα

2198 2717 2300 2779 τῆς
2348 2710 2623 2788 φάλαγγος
2677 2715 2846 2780 Σιὼν,
2901 2713 3082 2789 ὅραμα
3133 2714 3328 2790 Τύρου,
3384 2713 3568 2789 ὅρασιν
3617 2720 3725 2770 τῶν
3775 2737 3860 2770 τε-

2197 2797 2482 2871 τραπόδων
2530 2805 2638 2856 τῶν
2686 2801 2737 2856 ἐν
2787 2807 2856 2876 τῇ
2908 2802 3124 2878 ἐρήμῳ.
3181 2809 3461 2879 Διηγεῖται
3505 2801 3562 2858 δὲ
3609 2803 3698 2858 καὶ
3754 2805 3855 2872 τήν

2200 2885 2379 2957 ἔξοδον
2443 2891 2817 2965 Σεναχηρεὶμ,
2871 2892 2961 2946 καὶ
3015 2893 3282 2964 Ῥαψάκου
3333 2895 3432 2960 τὴν
3506 2891 3849 2962 ἀλαζονειαν,

2194 2977 2294 3046 τήν
2328 2997 2386 3030 τε
2415 2983 2619 3031 πτῶσιν
2653 2979 2741 3035 καὶ
2773 2978 3049 3035 ἀπώλειαν
3080 2980 3279 3038 αὐτῶν.
3334 2982 3437 3038 Καὶ
3484 2980 3566 3035 ὅτι
3613 2983 3847 3052 νοσήσας

2200 3065 2459 3138 Ἐζεκίας,
2515 3069 2604 3120 καὶ
2653 3066 2873 3142 μέλλων
2922 3070 3307 3140 ἀποθνήσκειν,
3340 3069 3653 3143 εὐξάμενος,
3684 3090 3857 3142 προσ-

2197 3155 2370 3228 θήκην
2422 3152 2551 3231 ἔσχε
2600 3161 2744 3226 ζωῆς
2775 3157 2907 3212 ὶτῶν
2967 3165 3042 3215 ιε’.
3087 3159 3425 3238 Προφήτεύει
3479 3156 3536 3213 δὲ
3562 3159 3652 3213 καὶ
3685 3159 3864 3214 εὐνού-

2207 3263 2356 3317 χοις,
2388 3244 2476 3297 καὶ
2506 3249 2622 3307 τοῖς
2652 3244 2844 3317 ἔθνεσι,
2876 3247 2965 3303 καὶ
2989 3247 3041 3303 ἐν
3082 3253 3162 3321 τῷ
3210 3245 3357 3303 τέλει
3404 3247 3528 3324 περὶ
3575 3255 3676 3319 τῆς
3724 3248 3863 3322 ἡμέ-

2207 3352 2301 3408 ρας
2332 3340 2432 3402 τῆς
2455 3333 2706 3411 κρίσεως,

2311 3434 2532 3496 Βιϐλίον
2565 3443 2631 3498 κ’.
2673 3443 2938 3518 Ἱερεμίας
2984 3445 3011 3498 ὁ
3043 3441 3278 3501 Χελκίου
3312 3444 3372 3499 ἐκ
3399 3449 3506 3500 τῶν
3543 3445 3752 3520 ἱερέων.

2270 3549 2361 3604 39.
2405 3549 2571 3610 Οὗτος
2619 3549 2784 3608 πάλιν
2846 3552 2936 3608 καὶ
3000 3552 3286 3630 Σοφονίας,
3335 3555 3476 3617 καθὰ
3503 3553 3862 3629 προείπομεν,

2201 3637 2582 3712 συνεχρόνισαν
2636 3638 2936 3710 ἀλλήλοις.
2989 3644 3290 3717 Παρέμεινι
3336 3639 3394 3696 δὲ
3434 3641 3692 3718 Ἱερεμίας
3750 3639 3856 3702 ἕως

2202 3726 2477 3800 Ἰωακείμ,
2526 3729 2616 3782 καὶ
2665 3728 2768 3791 ἕως
2831 3728 3116 3786 ἰνδεκάτου
3177 3728 3332 3793 ἓτους
3397 3729 3652 3786 Σεδεκίου
3712 3731 3862 3805 βασι-

2202 3814 2341 3877 λέως
2393 3815 2586 3886 Ἰούδα,
2637 3815 2742 3880 ἕως
2789 3826 2890 3889 τῆς
2923 3819 3309 3895 αἰχμαλωσίας
3339 3825 3438 3874 τοῦ
3470 3818 3628 3877 λαοῦ.
3686 3825 3862 3891 Ῥῆμα

2201 3901 2258 3960 δὲ
2302 3908 2438 3959 Θεοῦ
2489 3906 2696 3981 ἐγένετο
2749 3910 2886 3983 πρὸς
2934 3907 3120 3978 αὐτὸν,
3173 3909 3233 3971 ὅς
3267 3909 3497 3984 ἐγενήθη
3534 3905 3703 3983 λόγος
3760 3915 3861 3964 Κυ-

2201 3991 2322 4068 ρίου
2352 3996 2486 4068 πρὸς
2519 3995 2703 4054 αὐτόν.
2741 3998 2839 4054 Καὶ
2872 3997 3145 4061 πολλάκις
3171 3997 3228 4054 δὲ
3274 3999 3484 4075 ἐγένετο
3535 3998 3698 4075 λόγος
3749 4002 3860 4056 Κυ-

2201 4081 2320 4156 ρίου
2369 4085 2504 4158 πρὸς
2562 4086 2744 4160 αὐτὸν,
2794 4089 2882 4142 καὶ
2934 4086 3156 4164 ἐλέγχει
3204 4091 3298 4151 τὰς
3347 4085 3560 4150 ἀδικίας
3608 4095 3712 4157 τῆς
3771 4089 3860 4143 Ἰε-

2200 4171 2492 4245 ρουσαλήμ
2541 4172 2629 4228 διὰ
2679 4176 2928 4234 πολλῶν.
2985 4177 3322 4255 Προφητεύει
3373 4174 3431 4232 δὲ
3457 4176 3545 4232 ἰπὶ
3596 4178 3862 4253 Ἰερουσα-

2201 4256 2341 4332 λὴμ,
2391 4261 2480 4316 καὶ
2526 4264 2651 4339 περὶ
2699 4268 2799 4334 τῆς
2851 4261 3148 4342 ἀϐροχίας,
3197 4267 3288 4320 καὶ
3318 4265 3406 4320 ἐπὶ
3463 4266 3530 4320 τὰ
3559 4264 3682 4336 ἔθνη
3719 4268 3863 4324 Ἀει-

2199 4346 2340 4421 λήμ,
2372 4351 2460 4405 καὶ
2492 4357 2589 4406 τοῦ
2621 4351 2793 4409 ἐλθεῖν
2832 4353 3057 4430 βασιλέα
3102 4351 3429 4418 Βαϐυλῶνος
3487 4360 3583 4409 τοῦ
3634 4354 3858 4429 ἐκκόψαι

2196 4437 2294 4505 τὴν
2344 4446 2446 4514 γῆν
2498 4441 2807 4515 Αἰγύπτου,
2856 4445 2945 4498 καὶ
3001 4444 3087 4498 ἐπὶ
3120 4439 3442 4500 Βαϐυλῶνα.
3479 4443 3632 4498 Καὶὸ
3691 4441 3855 4518 λόγος

2199 4524 2255 4580 δν
2305 4527 2606 4585 ἐνετείλατο
2655 4531 2850 4606 Κύριος
2899 4537 2978 4604 τῷ
3023 4534 3257 4610 Ἱερεμίᾳ
3308 4533 3476 4588 εἰπεῖν
3526 4537 3604 4604 τῷ
3645 4532 3852 4605 Σαραία

443 4632 744 4688 Hieremiae
804 4629 1123 4696 mandavit,
1155 4633 1218 4682 ut
1256 4627 1475 4682 diceret
1506 4629 1708 4684 Samae
1728 4628 1846 4685 ﬁlio
1879 4631 2082 4701 Neriaz,

2205 4616 2296 4688 ›ἱῷ
2340 4619 2573 4695 Νηρίου,
2623 4620 2712 4675 καὶ
2763 4625 2829 4694 τῇ
2884 4602 3182 4694 Ἰδουμαία,
3234 4602 3324 4676 καὶ
3371 4628 3488 4685 τοῖς
3547 4602 3688 4682 υἱοῖς
3726 4602 3857 4694 Ἄμ-

445 4726 502 4775 et
531 4721 821 4787 Idumaeas,
883 4722 940 4771 et
995 4717 1132 4771 ﬁliis
1193 4719 1468 4783 Ammon,
1529 4723 1585 4770 et
1639 4718 1820 4773 Cedar
1879 4720 2090 4793 reginae

442 4809 622 4876 Aulis,
657 4825 835 4880 quam
866 4807 1158 4879 percussit
1183 4805 1724 4864 Nabuchodonosor
1753 4825 1850 4864 rex
1900 4810 2086 4883 Baby—

443 4899 616 4970 lonis,
652 4902 708 4954 et
729 4897 1034 4962 Damasco,
1068 4899 1126 4950 et
1148 4895 1341 4963 Moab,
1376 4900 1434 4951 et
1462 4897 1522 4951 in
1552 4896 1881 4954 Jerusalem
1903 4902 1960 4954 et
1983 4898 2089 4954 Ju-

443 4988 598 5053 dam,
631 4990 687 5043 et
713 4986 949 5041 domu-ii
986 4983 1274 5052 Achabin,
1306 4987 1364 5038 et
1392 4984 1462 5039 de
1495 4983 1631 5040 filiis
1664 4985 1847 5056 Adab,
1881 4990 1938 5042 et
1983 4987 2087 5042 Ju-

2206 4708 2344 4779 μὼν,
2403 4709 2492 4762 καὶ
2541 4713 2608 4783 τῇ
2666 4707 2848 4786 Κηδάρ
2909 4709 3197 4786 βασιλίσσῃ
3254 4715 3352 4780 τῆς
3404 4710 3707 4784 Αύλῆς,ἣν
3736 4710 3858 4765 ἐπά-

2198 4796 2321 4867 ταξε
2372 4792 2860 4873 Ναϐουχοδονόσορ
2923 4797 3175 4874 βασιλεὺς
3235 4795 3589 4869 Βαϐυλῶνος,
3651 4799 3740 4854 καὶ
3787 4802 3856 4872 τῇ

2201 4891 2489 4958 Δαμασκῷ,
2551 4889 2638 4941 καὶ
2694 4891 2762 4961 τῇ
2814 4883 3005 4959 Μωάϐ,
3063 4888 3154 4943 καὶ
3214 4888 3281 4944 ἐπ
3357 4885 3718 4964 Ἰερουσαλὴμ
3767 4909 3858 4943 και

2200 4973 2425 5045 Ἰούδαν,
2475 4974 2564 5029 καὶ
2615 4975 2689 5037 εἷς
2735 4976 2884 5031 οἷκον
2918 4972 3166 5053 Ἀχαϐὶν,
3200 4976 3324 5053 περὶ
3356 4981 3462 5031 τῶν
3497 4977 3626 5030 υἱῶν
3663 4971 3852 5046 Ἀδᾶϐ,

440 5078 581 5133 deis
613 5074 1018 5132 habitantibus
1049 5073 1108 5127 in
1139 5077 1296 5128 terra
1353 5073 1606 5146 IEgypti,
1640 5077 1698 5130 et
1746 5076 2088 5133 sedentibus

2205 5068 2312 5126 τοῖς
2366 5085 2424 5118 τε
2478 5063 2759 5127 Ἰουδαίοις
2807 5070 2927 5127 τοῖς
2969 5063 3311 5120 κατοικοῦσιν
3363 5063 3414 5119 ἐν
3447 5067 3519 5139 γῇ
3553 5062 3852 5139 Αἷγύπτου,

438 5166 499 5220 in
531 5163 820 5238 Magdolo,
856 5167 913 5217 et
941 5163 1001 5215 in
1036 5160 1320 5232 Taphnis,
1369 5165 1426 5214 et
1475 5161 1534 5215 in
1567 5165 1722 5216 terra
1769 5162 2036 5219 Pathum
2070 5179 2083 5219 :

2195 5153 2285 5210 καὶ
2329 5159 2447 5215 τοῖς
2495 5155 2826 5226 καθημένοις
2875 5154 2926 5209 ἐν
2975 5151 3292 5228 Μαγδωλῷ,
3340 5153 3431 5208 καὶ
3495 5152 3547 5208 ἐν
3597 5153 3854 5230 Τάφναις,

435 5259 494 5310 et
523 5255 594 5310 ad
625 5252 874 5319 Baruch,
897 5267 1030 5306 cum
1054 5265 1359 5305 sermones
1389 5251 1532 5305 istos
1561 5249 1620 5304 in
1643 5249 1858 5306 librum
1891 5268 1962 5308 ex
1988 5269 2088 5310 ore

2205 5243 2283 5297 καὶ
2329 5243 2382 5298 ἐν
2427 5247 2500 5318 γῇ
2556 5243 2863 5319 Παθούρης·
2892 5244 3031 5321 πρός
3058 5264 3116 5299 τε
3143 5244 3236 5299 τὸν
3269 5241 3514 5320 Βαρουχ,
3548 5241 3637 5297 ὅτε
3658 5239 3855 5320 ἔγραφε

438 5341 740 5398 Hieremias
772 5341 1192 5397 conscriberet.
1253 5339 1528 5393 Continet
1581 5339 1757 5394 etiam
1791 5341 1884 5396 hic
1915 5341 2082 5411 liber,

2205 5333 2320 5395 τοὺς
2353 5331 2551 5409 λόγους
2590 5335 2817 5396 τούτους
2851 5332 2902 5388 ἐν
2935 5339 3015 5405 τῷ
3049 5329 3253 5410 βιϐλίῳ
3284 5332 3392 5387 ἀπὸ
3432 5332 3702 5406 στόματος
3755 5333 3856 5388 Ἰε-

435 5430 590 5486 circa
614 5432 811 5498 ﬁnem,
873 5429 1166 5501 quomodo
1217 5427 1406 5482 Judei
1465 5426 1712 5484 insidias
1769 5432 2088 5488 struxerint

2205 5422 2408 5493 οεμίου.
2461 5421 2712 5498 Περιέχει
2773 5420 2832 5476 δὲ
2885 5423 2949 5477 τὸ
3010 5417 3228 5498 βιϐλίον
3282 5421 3370 5476 ἐπὶ
3408 5419 3629 5492 τέλους,
3661 5419 3742 5475 ὅτι
3803 5421 3855 5474 οἱ

435 5519 756 5590 prophetae,
788 5523 845 5573 et
873 5517 933 5572 in
965 5517 1159 5572 locum
1191 5515 1341 5570 omni
1396 5532 1533 5571 cum
1566 5517 1919 5588 abjecerint:
1970 5521 2086 5575 Ab-

2205 5507 2473 5582 Ἰουδαῖοι,
2508 5506 2958 5573 ἐπιϐουλεύοντας
2986 5513 3066 5584 τῷ
3097 5513 3374 5589 προφήτῃ,
3419 5505 3642 5587 ἔρριψαν
3695 5508 3853 5564 αὐτὸν

435 5609 732 5665 demelech
761 5624 894 5665 vero
925 5607 1184 5679 Eihiops
1218 5606 1382 5662 illum
1407 5607 1688 5664 eduxerit.

2205 5599 2273 5661 εἰς
2305 5598 2505 5654 λάκκον
2543 5595 2834 5675 βορϐόρου,
2866 5601 2957 5656 καὶ
2989 5595 3336 5676 Ἀϐδεμέλεχ
3364 5599 3565 5674 Αἰθίοψ
3588 5598 3852 5676 ἀνήγαγεν

2195 5686 2354 5750 αὐτόν
2364 5731 2378 5746 .
