4170 6400
311 439 432 500 365

1419 431 1509 490 SY
1523 429 1796 489 NOPSIS
1845 428 2309 488 SCRIP’l‘URzE
2355 426 2648 488 SACR/E.

3624 424 3742 484 366

389 563 615 640 Βαροὺχ
644 561 701 618 δὲ
733 564 1019 639 ἐπιγράφει
1050 561 1112 615 τὸ
1148 555 1381 635 βιϐλίον,
1415 555 1603 625 ἐπειδὴ
1636 558 1817 626 οὗτος,
1844 556 1975 631 γρά-

2165 556 2414 623 Baruch,
2447 557 2665 611 librum
2706 556 3026 627 inscripsit,
3056 556 3195 627 quia
3229 556 3323 609 ille
3356 573 3487 609 cum
3521 570 3742 610 sermo-

319 660 421 730 ψας
455 655 562 709 ἀπὸ
594 653 866 724 στόματος
900 650 1162 726 Ἰερεμίου
1191 648 1319 709 τοὺς
1351 648 1402 701 ἐν
1433 649 1512 719 τῷ
1548 641 1750 721 βιϐλίῳ
1783 645 1983 718 Λόγους

322 746 530 819 ἀνέγνω
561 747 678 803 τοῖς
713 740 764 795 έν
797 740 865 815 τῇ
900 734 1189 796 Βαϐυλῶνι
1239 735 1755 812 αἰχμαλωτισθεῖσι,
1805 754 1983 808 παρα-

328 830 671 905 μυθούμενος
717 828 933 894 αὖτοὺς,
983 826 1072 881 καὶ
1122 824 1598 902 ἐπαγγελλόμενος
1643 821 1858 882 τούτοις
1888 822 1985 889 τὴν

323 921 469 993 παρὰ
498 924 633 974 Θεοῦ
666 916 883 975 ἐλπίδα.

396 1017 596 1085 Θρῆνοι
648 1008 936 1083 έπιγράφει
982 1004 1046 1059 τὰ
1102 1002 1343 1079 βιλλίον,
1384 999 1572 1071 ἐπειδή
1604 999 1829 1061 τούτους
1857 997 1985 1059 τοὺς

328 1098 528 1174 λόγους
579 1097 869 1171 ἐθρήνησεν
907 1092 1171 1167 Ἱερεμίας
1200 1094 1324 1167 περὶ
1356 1099 1455 1160 τῆς
1486 1088 1865 1166 Ἰερουσαλὴμ,
1899 1087 1988 1142 ὅτε

334 1187 479 1242 ἑάλω
507 1186 597 1241 καὶ
627 1183 1033 1260 ᾐχμαλωτίσθη
1058 1182 1086 1236 ὁ
1110 1180 1265 1244 λαός.

414 1361 702 1433 Ἐπιστολὴ
744 1361 1005 1438 Ἱερεμίου
1055 1360 1323 1428 καλεῖται,
1379 1356 1565 1427 ἐπειδή
1597 1356 1798 1426 ταύτην
1834 1352 1988 1432 ἔγρα-

342 1475 434 1532 φεν
467 1452 729 1529 Ἱερεμίας
757 1457 878 1513 τοῖς
912 1451 961 1505 ἐν
989 1453 1057 1524 τῇ
1088 1448 1468 1524 αἰχμαλωσίᾳ,
1498 1447 1635 1502 κατὰ
1670 1451 1779 1501 τῶν
1832 1443 1987 1500 εἰδώ-

343 1542 455 1598 λιην
485 1540 923 1618 ἀσφαλιζόμενος
952 1537 1166 1606 αότοὺς,
1222 1536 1314 1593 ’ίνα
1369 1540 1443 1609 μή
1509 1536 1801 1613 βλέποντες
1854 1533 1991 1589 αύτά

338 1632 723 1705 συναπαχθῶσι
755 1634 867 1691 τοῖς
898 1624 1215 1701 σεϐομένοις
1244 1632 1433 1684 ταῦτα.

551 1731 774 1791 Βιϐλίον
808 1737 908 1791 xu'.
942 1734 1196 1804 Ἐζεκιὴλ
1228 1735 1343 1788 υἱὸς
1379 1733 1541 1801 Βουζὶ
1576 1730 1773 1807 ἱερεύς.

408 1827 496 1881 40.
546 1822 714 1886 Οὗτος
760 1824 812 1878 ἐν
865 1823 933 1898 τῇ
982 1823 1341 1898 αἰχμαλωσίᾳ
1397 1824 1585 1896 γέγονε
1638 1821 1772 1893 μετὰ
1839 1820 1992 1892 ἰερε-

2094 664 2196 701 nes
2229 647 2373 701 istos
2407 663 2475 700 ex
2501 663 2597 700 ore
2630 646 2931 700 Hieremiae
2964 645 3299 717 scripsisset
3331 645 3401 699 iis
3424 645 3520 715 qui
3557 645 3612 697 in
3647 644 3746 698 Ba-

2095 735 2302 807 bylone
2349 736 2560 807 captivi
2612 740 2797 801 erant,
2832 736 2989 807 legit,
3029 741 3093 789 ut
3141 733 3542 790 consolaretur
3588 734 3744 800 illos,

2094 831 2151 880 et
2181 841 2344 896 spem
2378 825 2435 879 in
2473 826 2648 879 Deum
2684 824 3081 879 annuntiaret.

2168 1006 2608 1060 Lamentationes
2651 1006 2867 1061 librum
2916 1004 3396 1076 inscripsit,quio
3446 1004 3579 1058 istis
3622 1018 3744 1056 ser-

2097 1095 2376 1149 monibus
2405 1096 2476 1149 de
2517 1095 2843 1150 Jerusalem
2896 1095 3251 1149 lamentatus
3283 1098 3372 1148 est
3402 1092 3747 1160 Hieremias,

2097 1185 2334 1253 quando
2368 1190 2535 1255 capta
2564 1190 2673 1253 est,
2712 1188 2768 1239 et
2799 1183 3053 1256 populus
3106 1183 3167 1237 in
3215 1182 3613 1254 captivitatem
3647 1180 3747 1235 ab-

2098 1273 2332 1329 ductus.

2171 1361 2429 1434 Epistula
2460 1362 2781 1431 Hieremiae,
2817 1363 2901 1418 sic
2933 1362 3089 1417 dicta
3120 1367 3229 1428 est,
3254 1362 3407 1433 quod
3441 1362 3589 1415 hanc
3622 1359 3753 1414 Hie-

2100 1451 2315 1506 remias
2374 1452 2675 1523 scripserit
2732 1452 2791 1508 in
2841 1451 3197 1523 captivitate,
3239 1455 3303 1504 ut
3352 1456 3551 1505 contra
3602 1448 3759 1503 idola

2101 1544 2302 1595 cautos
2363 1541 2649 1604 redderet,
2704 1557 2794 1605 ne,
2846 1541 3173 1611 conspectis
3231 1539 3371 1605 illis,
3401 1539 3472 1593 ad
3532 1536 3757 1592 cultum

2101 1630 2363 1700 ipsorum
2390 1646 2523 1686 cum
2554 1627 2879 1686 idololatria
2912 1629 3361 1683 abducerentur.

2308 1737 2471 1791 Liber
2498 1737 2624 1801 XXI,
2657 1736 2905 1791 Ezechiel
2933 1736 3083 1804 ﬁlius
3117 1737 3256 1790 Βατὶ
3284 1733 3547 1791 sacerdos.

2174 1825 2259 1879 40.
2292 1825 2394 1880 Hic
2435 1830 2567 1896 post
2613 1823 2969 1881 Hieremiam
3026 1826 3084 1880 in
3144 1824 3476 1894 captivitate
3537 1822 3666 1885 fuit,
3702 1826 3759 1879 et

342 1913 491 1986 μίαν,
539 1915 737 1985 καὶτῷ
768 1912 1003 1986 πέμπτῳ
1044 1910 1147 1967 ἔτει
1177 1919 1277 1981 τῆς
1317 1909 1703 1985 αἰχμαλωσίας
1738 1906 1994 1978 Ἰωακεὶμ

2123 1915 2307 1984 μιὶῑιῐο
2339 1931 2492 1969 anno
2525 1914 2876 1986 captivitatis
2905 1914 3137 1969 Joakim
3182 1914 3529 1985 prophetare
3560 1912 3755 1981 cmpit.

338 2000 538 2076 ἤρξατο
584 2003 969 2080 προφητεύειν.
1026 2001 1202 2076 Λόγος
1253 1998 1311 2055 δὲ
1358 1999 1559 2074 Κυρίου
1591 1997 1798 2074 ἐγένετο
1858 1996 1993 2071 πρὸς

338 2092 525 2159 αὐτὸν,
571 2092 663 2146 xui
711 2092 836 2167 χεὶρ
885 2092 1083 2165 Κυρίου
1134 2090 1343 2165 ἐγένετο
1394 2089 1476 2143 ἐπ’
1524 2087 1705 2142 αὐτόν.
1743 2086 1839 2140 Καὶ
1872 2084 1999 2160 δρα-

337 2202 417 2234 σιν
471 2184 571 2254 μὲν
624 2180 675 2251 ἐξ
724 2182 907 2255 ἀρχῆς
960 2181 1101 2249 ζώου
1144 2179 1606 2254 τετραπροσώπου
1658 2176 1995 2248 θαυμαστὴν,

334 2269 424 2325 xui
476 2268 1023 2341 έκπληκτικωτάτην.
1073 2268 1163 2323 καὶ
1216 2266 1646 2344 δυσερμήνευτον
1700 2267 1817 2339 ὁρᾷ
1861 2284 1997 2339 προ-

334 2358 564 2436 φητεύει
616 2357 673 2414 δὲ
720 2359 807 2413 ἐπὶ
854 2358 983 2420 τοὺς
1014 2360 1299 2435 προφήτας
1327 2360 1424 2410 τοῦ
1480 2355 1724 2431 Ἰσραὴλ,
1754 2349 1997 2425 καὶπερὶ

329 2454 434 2503 ταῦ
470 2449 633 2519 ξύλου
677 2456 776 2517 τῆς
811 2446 1083 2520 ἀμπέλου,
1114 2446 1203 2501 xui
1237 2445 1490 2520 διήγημα
1520 2444 1643 2520 περὶ
1674 2447 1770 2497 τοῖ’)
1818 2442 1997 2511 ἀετοῦ,

333 2540 427 2592 xui
488 2535 907 2613 διαμαρτύρεται
962 2541 1028 2610 τῇ
1087 2533 1453 2609 Ἰερουσαλὴμ
1503 2534 1597 2594 τὰς
1636 2531 1862 2604 ἀνομίας
1908 2528 1999 2583 καὶ

333 2628 433 2688 τὰς
486 2625 752 2701 ἁμαρτίας
800 2626 992 2695 αὐτῆς,
1032 2624 1155 2701 περί
1181 2646 1239 2679 τε
1267 2626 1368 2691 τῆς
1398 2617 1743 2697 παραϐολῆς,
1775 2620 1845 2688 ἦς
1878 2616 1996 2672 ἔλε-

336 2736 460 2791 γον·
498 2740 523 2766 (ι
575 2716 637 2769 Oi
681 2716 908 2790 πατέρες
965 2711 1160 2791 ἔφαγον
1212 2708 1455 2790 ὅμφαγα,
1495 2710 1584 2764 καὶ
1617 2707 1833 2770 ἀδόντες
1891 2712 1996 2764 τῶν

334 2804 543 2859 τέκνων
607 2802 911 2876 έμωδίασαν
967 2806 1099 2877 (19).
1160 2829 1187 2855 ››
1250 2802 1347 2856 Καὶ
1406 2806 1522 2861 τοῖς
1575 2800 1714 2859 υἱοῖς
1745 2797 1997 2869 Ἀμμὼν,

334 2894 428 2948 xui
483 2893 607 2969 περὶ
648 2900 750 2962 τῆς
794 2892 1011 2964 Ὀολᾶς,
1053 2893 1141 2947 καὶ
1192 2898 1292 2960 τῆς
1340 2885 1581 2959 Ὀλιϐἆς,
1613 2887 1702 2942 xui
1734 2886 1822 2941 ἐπὶ
1856 2885 1997 2959 Σοὺρ

337 2984 564 3055 θρῆνον,
614 2983 705 3036 καὶ
758 2981 843 3036 ἐπὶ
896 2979 1130 3052 Σιδῶνα,
1180 2980 1270 3035 xui
1320 2978 1443 3054 περὶ
1488 2985 1587 3047 τῆς
1633 2976 1842 3048 ἡμέρας
1900 2977 2001 3030 Κυ-

346 3071 513 3141 ρίουι,
536 3072 627 3124 xui
676 3075 755 3142 τῷ
804 3072 1007 3146 Φαραώ
1056 3067 1272 3146 βασιλεῖ
1318 3066 1615 3144 Αἰγύπτου,
1666 3066 1755 3119 καὶ
1800 3066 1996 3138 θρῆνον

345 3156 432 3210 ἐπὶ
484 3160 707 3232 Φαραὼ,
747 3158 836 3211 καὶ
882 3158 981 3225 τὴν
1026 3154 1320 3232 Αἴγυπτον,
1378 3156 1468 3208 καὶ
1517 3152 1603 3207 ἐπὶ
1645 3147 1774 3227 ὄρος
1810 3150 1999 3225 Σηεὶρ,

2110 2004 2317 2057 Factus
2347 2008 2436 2058 est
2465 2009 2659 2058 autem
2693 2020 2886 2059 sermo
2940 2003 3172 2058 Domini
3202 2004 3271 2057 ad
3306 2020 3462 2068 eum,
3495 2006 3551 2056 et
3581 2019 3759 2073 super

2107 2109 2240 2147 eum
2275 2094 2386 2147 fuit
2428 2110 2640 2148 manus
2683 2094 2928 2162 Domini,
2964 2098 3019 2148 et
3050 2095 3332 2149 visionem
3370 2096 3440 2147 ab
3475 2093 3599 2147 initi
3633 2092 3755 2147 vio—

2108 2183 2193 2237 dit
2224 2183 2539 2238 animantis
2571 2188 2823 2253 quatuor
2854 2183 3157 2249 facierum,
3189 2182 3617 2247 admirabilem,
3657 2199 3758 2236 su-

2110 2288 2213 2342 pra
2245 2272 2485 2326 modum
2529 2273 2880 2343 stupendam
2913 2276 2970 2327 et
3000 2272 3381 2343 interpretata
3435 2271 3756 2327 difficilem.

2110 2360 2484 2432 Prophetavit
2512 2367 2716 2415 contra
2760 2361 3075 2432 prophetas
3108 2360 3359 2425 lsraelis,
3393 2361 3463 2415 de
3493 2360 3649 2430 ligno
3680 2359 3761 2415 νίν

2109 2449 2205 2513 tis,
2240 2453 2296 2504 et
2343 2449 2633 2504 enarratio
2663 2450 2735 2503 de
2768 2449 2985 2521 aquila,
3017 2453 3073 2504 et
3103 2453 3464 2503 contestatus
3494 2454 3583 2503 est
3633 2449 3764 2504 Hie-

2110 2537 2365 2593 rusalem
2398 2539 2470 2592 de
2520 2537 2933 2608 iniquitatibus
2980 2544 3037 2593 et
3085 2538 3337 2608 peccatis
3370 2538 3577 2608 ipsius,
3610 2545 3666 2592 et
3696 2538 3767 2593 de

2111 2626 2407 2698 parabole,
2441 2644 2618 2698 quam
2666 2617 2724 2680 in
2769 2643 2866 2681 ore
2900 2627 3212 2695 habebant,
3246 2644 3477 2697 nempe,
3504 2651 3529 2677 (ι
3568 2627 3767 2683 Patres

2110 2716 2490 2771 comederunt
2529 2733 2699 2770 uvam
2751 2716 3154 2783 immaturam,
3190 2721 3245 2770 et
3272 2719 3476 2771 dentes
3508 2716 3761 2771 ﬁliorum

2110 2804 2565 2875 obstupuerunt.
2593 2828 2620 2853 ››
2655 2806 2722 2859 Et
2779 2804 2916 2859 ﬁliis
2973 2806 3252 2873 Ammon,
3285 2809 3341 2859 et
3394 2806 3463 2859 de
3512 2806 3653 2860 Oola
3708 2810 3766 2859 et

2111 2892 2296 2956 Oliba,
2329 2899 2386 2947 et
2415 2892 2863 2947 lamentationes
2896 2893 2950 2946 in
3007 2893 3137 2960 Sur,
3172 2898 3229 2947 et
3276 2899 3478 2948 contra
3525 2894 3761 2959 Sidona,

2109 2986 2166 3036 et
2195 2982 2265 3035 de
2296 2982 2388 3036 die
2419 2981 2670 3049 Domini,
2706 2981 2987 3037 Pharaoni
3017 2982 3136 3053 regi
3170 2982 3418 3053 Egypti,
3451 2988 3508 3037 et
3536 2982 3759 3038 lamen-

2109 3070 2389 3125 tationem
2438 3071 2494 3124 in
2535 3070 2895 3127 Pharaonem
2927 3075 2985 3125 et
3015 3071 3349 3141 zEgyptum,
3381 3080 3437 3126 et
3484 3072 3539 3125 in
3593 3088 3757 3126 mon~

2108 3164 2226 3214 tem
2256 3160 2402 3226 Seir,
2435 3165 2492 3214 et
2527 3160 2597 3215 de
2627 3161 2862 3215 ossibus
2899 3176 3123 3227 eorum,
3159 3160 3258 3231 qui
3290 3160 3361 3214 ad
3394 3161 3568 3215 vitam
3604 3160 3758 3216 redi-

341 3248 433 3300 xui
466 3248 588 3321 περὶ
618 3250 725 3300 τῶν
760 3246 959 3300 ὀστέων
993 3250 1099 3300 τῶν
1134 3244 1539 3314 ἀναζησάντων,
1579 3242 1668 3296 καὶ
1720 3240 1805 3295 ἐπὶ
1858 3241 1998 3315 Γὼγ,

2123 3249 2225 3303 turi
2267 3250 2406 3319 sint,
2440 3254 2497 3303 et
2528 3249 2584 3303 in
2618 3249 2760 3320 Gog.
2796 3266 2861 3303 ac
2904 3255 3119 3303 terram
3162 3249 3386 3321 Magog.
3428 3251 3565 3305 ltem
3602 3250 3761 3321 prin-

343 3335 434 3389 xui
484 3337 582 3402 τὴν
634 3342 736 3411 γῆν
784 3340 882 3390 τοῦ
933 3336 1160 3410 Μαγώγ.
1193 3338 1280 3405 Τῷ
1307 3354 1367 3387 τε
1396 3330 1621 3407 ἄρχοντι
1652 3330 1853 3401 Τύρου,
1912 3328 2001 3383 καὶ

349 3431 550 3494 θρῆνον
599 3426 716 3479 κατ’
745 3424 931 3495 αὐτοῦ,
962 3423 1053 3478 xui
1084 3428 1198 3484 τοῖς
1232 3423 1370 3483 υἱοῖς
1398 3425 1495 3475 τοῦ
1528 3418 1663 3474 λαοῦ
1693 3419 1879 3488 αὐτοῦ,
1916 3417 2003 3473 xui

352 3510 443 3566 ἐπὶ
472 3512 595 3574 τοὺς
618 3514 885 3585 ποιμένας
917 3517 1012 3568 τοῦ
1048 3510 1289 3587 Ἰσραήλ.
1343 3510 1445 3569 Καὶ
1474 3510 1536 3563 τὸ
1564 3507 1873 3563 τελευταῖον
1904 3508 2003 3575 τὴν

353 3599 657 3674 οἰκοδομήν
688 3606 787 3656 τοῦ
818 3606 974 3673 ναοῦ,
1006 3601 1098 3656 καὶ
1126 3607 1227 3670 τῆς
1261 3596 1626 3673 Ἰερουσαλὴμ
1671 3595 2007 3672 διαγράφων,

350 3689 709 3768 προφητεύει.

870 3774 1093 3834 Βιϐλίον
1124 3779 1232 3853 κβ“.
1264 3777 1491 3847 Δανιήλ.

428 3870 517 3924 41.
554 3868 652 3922 Καὶ
703 3866 861 3931 οὗτος
909 3869 961 3923 έν
1000 3872 1070 3942 τῇ
1124 3865 1481 3943 αἰχμαλωσίᾳ
1530 3865 1748 3941 γέγονεν
1779 3863 1885 3925 ἓως
1914 3868 2012 3920 τοῦ

359 3955 631 4031 βασιλέως
690 3956 867 4031 Κύρου
911 3958 1142 4033 Πέρσου.
1194 3956 1290 4010 Καὶ
1337 3955 1403 4009 τὰ
1459 3954 1553 4027 μὶν
1589 3955 1725 4009 κατὰ
1777 3954 2013 4007 Σουσάν-

353 4064 447 4097 ναν
500 4044 669 4117 κρίνει
722 4044 903 4115 αὐτὸς,
948 4046 1039 4101 xui
1083 4045 1394 4120 κατακρίνει
1442 4043 1567 4104 τοὺς
1598 4037 2012 4117 πρεσϐυτέρους,

358 4132 437 4193 ὡς
488 4130 845 4209 συκοφάντας⁶
905 4136 974 4189 τὰ
1032 4133 1090 4190 δὲ
1143 4138 1240 4188 τοῦ
1304 4131 1573 4208 βασιλέως
1605 4131 1824 4186 ἐνύπνια
1855 4132 2015 4193 αὐτὸς

361 4220 700 4296 ἀπαγγέλλει
749 4243 808 4276 τε
855 4222 944 4277 xui
994 4222 1301 4299 έρμηνεύει.
1346 4219 1547 4278 Βλέπει
1597 4218 1655 4275 δὲ
1683 4220 1771 4275 καὶ
1808 4220 2019 4295 ὁράσεις

363 4309 580 4371 τελείας
625 4310 751 4384 περί
804 4310 900 4383 μὶν
938 4316 1044 4366 τῶν
1083 4309 1371 4387 βασιλειῶν
1405 4307 1521 4378 δύο,
1554 4311 1679 4383 περί
1711 4307 1768 4363 δὲ
1794 4316 1894 4378 τῆς
1922 4314 2019 4363 τοῦ

369 4404 636 4474 Σωτῆρος
683 4400 1012 4475 παρουσίας,
1066 4401 1156 4455 καὶ
1205 4399 1592 4461 καταπαύσεως
1666 4402 1763 4468 τῆς
1839 4400 2018 4474 Ιερου-

364 4486 582 4561 σαλήμ,
658 4488 747 4543 xui
812 4496 911 4559 τῆς
966 4492 1064 4543 τοῦ
1118 4486 1467 4563 ἀντιχρίστου
1524 4487 1840 4562 παρουσίας,
1904 4485 2019 4549 δύο.

364 4582 643 4651 Διηγεῖται
706 4574 763 4631 δὲ
813 4578 939 4654 περὶ
997 4575 1094 4632 τοῦ
1148 4575 1445 4651 μαρτυρίου
1506 4575 1743 4651 Σεδρὰχ.
1811 4577 2020 4651 Μισὰχ.

363 4666 452 4718 xui
499 4660 831 4741 Ἀϐδεναγὼ,
881 4667 971 4721 καὶ
1026 4666 1151 4742 περὶ
1195 4670 1293 4720 τοῦ
1345 4665 1519 4739 ὕμνου
1568 4666 1763 4723 αὐτῶν·
1818 4666 1905 4721 xui
1936 4665 2022 4720 ὅτι

363 4752 515 4807 αὐτοὶ
590 4756 683 4827 μὲν
735 4752 1093 4826 διεσώθησαν,
1139 4756 1193 4809 οἱ
1246 4752 1302 4809 δὲ
1352 4754 1702 4817 ὑποκαίοντες
1755 4754 2023 4834 κατεφλέ-

366 4842 599 4915 χθησαν,
651 4842 741 4896 καὶ
793 4844 1037 4918 μετέγνω
1088 4844 1115 4897 ὁ
1169 4843 1444 4917 βασιλεύς·
1497 4845 1586 4899 καὶ
1636 4843 1719 4898 ὅτι
1750 4844 1908 4906 αὐτὸς
1942 4841 2023 4905 δὶς

366 4924 575 4999 ἰϐλήθη
612 4930 690 4993 εἷς
717 4930 809 4985 τὸν
844 4931 1045 4987 λάκκον
1092 4936 1200 4986 τῶν
1234 4932 1491 4987 Αεόντων’
1521 4934 1587 4988 τὸ
1641 4936 1734 5007 μὲν
1780 4939 2021 5009 πρῶτον,

367 5016 555 5087 ἐπειδὴ
605 5024 715 5073 τῶν
757 5015 1124 5077 Βαϐυλωνίων
1171 5022 1630 5097 προσευχομένων
1694 5023 1901 5095 Δαρείῳ
1946 5027 2027 5094 τῷ

370 5107 586 5179 βασιλεῖ
648 5105 813 5181 μόνος
864 5109 1026 5172 αὐτὸς
1075 5110 1192 5183 Θεῷ
1250 5112 1620 5188 προσηύχετο·
1672 5112 1732 5167 τὸ
1765 5110 1823 5167 δὲ
1854 5109 2027 5167 δεύτει-

368 5216 475 5269 ρον,
533 5196 675 5252 διότι
730 5201 819 5253 τὸν
881 5199 1003 5270 Βὴλ
1061 5203 1406 5279 κατέστρεψε,
1460 5203 1549 5256 καὶ
1619 5204 1710 5259 τὸν
1765 5201 2028 5277 δράκοντα

372 5284 578 5342 ἀνεῖλεν
638 5287 727 5341 ἐπὶ
775 5288 958 5365 Κύρου
1015 5296 1113 5346 τοῦ
1193 5290 1489 5365 βασιλέως,
1543 5293 1633 5346 καὶ
1707 5291 1868 5353 αὐτὸς
1932 5292 2024 5365 μὲν

366 5370 622 5446 διεσώθη.
655 5377 745 5431 καὶ
777 5378 881 5431 ἀπὸ
908 5384 1019 5434 τῶν
1057 5376 1286 5435 λεόντων
1336 5379 1564 5451 ἀνῆλθεν
1629 5380 1687 5435 ἐκ
1743 5385 1839 5435 τοῦ
1898 5378 2027 5435 λάκ-

2054 4624 2101 4693 D

2114 3337 2229 3407 cipi
2260 3337 2414 3409 Tyri,
2449 3342 2505 3390 et
2534 3337 3015 3391 lamentationem
3050 3342 3251 3391 contra
3282 3339 3476 3408 ipsum
3504 3356 3516 3393 :
3542 3344 3599 3391 et
3630 3338 3770 3393 ﬁliis

2118 3426 2317 3497 populi
2347 3426 2473 3496 ejus
2507 3442 2520 3479 :
2559 3432 2616 3480 et
2657 3432 2862 3479 contra
2887 3430 3156 3496 pastores
3188 3425 3439 3481 lsraelis.
3474 3426 3773 3481 Postremo

2118 3514 2561 3569 aedificationem
2625 3514 2835 3586 templi
2892 3519 2951 3569 et
3002 3514 3325 3571 Jerusalem
3377 3515 3659 3570 describit
3716 3531 3782 3570 ac

2119 3603 2453 3675 prophetat.

2659 3782 2825 3837 Liber
2852 3781 3004 3849 XXII,
3038 3783 3252 3837 Daniel.

2196 3870 2282 3924 41.
2316 3871 2385 3924 Et
2432 3870 2539 3924 iste
2572 3870 2629 3924 in
2662 3870 3019 3941 capitivitate
3068 3871 3179 3925 fuit
3227 3888 3413 3942 usque
3462 3873 3534 3926 ad
3588 3888 3782 3943 regem

2124 3959 2337 4031 Cyrum
2373 3958 2894 4013 Persam.Causam
2928 3959 3210 4014 Susannaz
3239 3960 3364 4030 ipse
3387 3961 3695 4030 judicavit,
3725 3967 3783 4016 et

2128 4048 2387 4103 seniores
2407 4052 2687 4118 tanquam
2715 4047 3109 4119 sycophantas
3129 4049 3553 4104 condemnavit.
3570 4051 3787 4105 Deinde

2128 4138 2359 4191 somnia
2404 4138 2556 4208 regis
2589 4137 2862 4206 patefecit
2907 4142 2964 4190 et
3014 4138 3424 4207 interpretatus
3455 4144 3563 4194 est.
3602 4139 3786 4194 Visio-

2131 4243 2233 4281 nes
2265 4242 2499 4296 quoque
2550 4226 2836 4295 perfectas
2884 4226 3046 4293 vidit,
3082 4227 3151 4281 de
3200 4229 3394 4298 regnis
3427 4231 3597 4295 duas,
3629 4235 3686 4282 et
3718 4231 3787 4283 de

2132 4316 2381 4369 adventu
2413 4313 2731 4367 Balvatoris
2762 4317 2819 4367 et
2849 4314 3175 4368 cessatione
3205 4315 3556 4383 Jerusalem,
3583 4318 3794 4372 adven-

2132 4409 2317 4474 tuque
2344 4402 2688 4457 Antichristi
2732 4402 2901 4457 duas.
2935 4402 3143 4457 Narrat
3174 4404 3347 4457 eliam
3399 4405 3470 4459 de
3519 4406 3798 4477 martyrio

2131 4492 2412 4562 Sedrach,
2449 4490 2671 4545 Misach
2704 4497 2761 4546 et
2790 4491 3128 4562 Abdenago,
3153 4492 3336 4561 deque
3368 4493 3602 4548 illorum
3639 4495 3797 4567 hym-

2136 4598 2210 4636 no
2238 4598 2251 4635 :
2286 4587 2343 4635 et
2372 4580 2525 4652 quod
2558 4580 2671 4651 ἱρει
2704 4580 2945 4650 quidem
2979 4582 3190 4635 servati
3222 4582 3305 4653 (in
3336 4582 3511 4654 igne),
3537 4584 3637 4654 qui
3670 4602 3798 4639 suc-

2134 4671 2456 4726 cenderant
2486 4686 2618 4724 vero
2653 4686 2686 4723 a
2726 4670 2967 4725 ﬂamma
3010 4671 3341 4743 consumpti
3377 4671 3517 4740 sint,
3551 4680 3607 4728 et
3637 4675 3793 4744 quod

2134 4776 2329 4832 regem
2362 4758 2499 4814 facti
2531 4759 2894 4829 paenituerit.
2927 4759 3013 4813 Ad
3046 4759 3189 4824 haec,
3223 4762 3517 4831 quomodo
3547 4763 3672 4833 ipse
3704 4763 3794 4819 bis

2133 4848 2211 4904 sit
2237 4849 2295 4903 in
2328 4849 2521 4904 lacum
2553 4846 2789 4902 leonum
2823 4847 3092 4917 abjectus
3120 4865 3131 4903 ι
3168 4848 3443 4920 primum,
3470 4853 3624 4923 quod
3656 4869 3790 4907 cum

2133 4935 2439 5009 Babylonii
2471 4951 2666 5007 regem
2696 4936 2939 4991 Darium
2973 4942 3229 5003 orarent,
3261 4938 3386 5010 ipse
3412 4938 3575 4994 solus
3607 4940 3789 4995 Deum

2134 5029 2380 5082 orasset.
2433 5026 2720 5091 Secundo,
2786 5026 2941 5095 quod
3006 5026 3117 5080 sub
3163 5025 3305 5098 Cyro
3363 5043 3496 5098 rege
3544 5027 3641 5082 Bel
3693 5029 3792 5081 de-

2135 5115 2473 5185 struxisset,
2507 5120 2562 5169 et
2590 5115 2901 5169 draconem
2944 5114 3341 5169 interemisset
3374 5133 3385 5169 :
3420 5122 3477 5169 et
3504 5117 3792 5183 quomodo

2134 5206 2261 5276 ipse
2312 5210 2577 5259 servatus
2610 5221 2642 5259 a
2676 5203 2966 5269 leonibus,
2994 5208 3051 5258 et
3081 5220 3109 5257 e
3143 5204 3268 5258 lacu
3323 5204 3671 5270 subductus,
3708 5204 3794 5258 in-

2137 5295 2446 5349 sidiatores
2486 5308 2619 5349 vero
2670 5293 2861 5364 ipsius
2898 5294 2957 5346 in
2989 5293 3260 5347 eumdem
3316 5291 3508 5345 lacum
3558 5292 3791 5347 leonum

2140 5383 2347 5453 dejecti
2380 5384 2688 5437 confestim
2724 5384 2796 5436 ab
2824 5383 2970 5453 ipsis
3002 5381 3257 5435 devorati
3291 5380 3428 5434 sint.

368 5483 489 5517 κου·
554 5467 608 5520 oi
666 5463 725 5522 δὲ
782 5463 1266 5535 ἐπιϐουλεύσαντες
1306 5470 1452 5543 αύτῷ
1499 5466 1810 5543 ἐϐλήθησαν
1867 5471 1945 5532 εἷς
2004 5471 2094 5526 τὸν
2140 5471 2341 5527 λάκκον
2399 5474 2504 5525 τῶν
2563 5469 2819 5539 λεόντων,
2869 5468 2959 5523 xui
3018 5466 3171 5529 εὐθὺς
3230 5462 3643 5543 κατεϐρώθησαν
3703 5467 3797 5521 ὑπ’

365 5553 537 5611 αὐτῶν
549 5599 562 5613 .

434 5682 846 5767 (19))εξάοτιιῆ
869 5687 990 5747 Pel.
1024 5687 1064 5743 l.
1099 5705 1175 5767 ιγ,
1209 5688 1395 5767 epist.‘
1414 5687 1679 5767 44,_1egit
1707 5687 1952 5767 pluries,
1985 5690 2004 5739 ὃ

2123 5683 2320 5741 Βίασαν·
2358 5685 2605 5742 Hierem.
2640 5702 2790 5754 xxxx,
2820 5684 2908 5755 29,
2943 5681 3164 5752 legitur
3193 5679 3549 5761 ᾑμωδίασαν;
3584 5682 3785 5738 Ezech.

364 5754 610 5825 “111,2,
643 5754 1004 5832 ιγομφίασαν,
1035 5754 1583 5817 eadem-sententia.
