4170 6398
408 393 525 453 367

1598 394 1663 454 S.
1709 390 2233 454 ATHANASIUS.
2269 426 2346 436 -—
2390 394 2655 456 DUBIA.

3715 402 3837 463 368

479 526 633 582 129
667 525 828 582 Finis
857 525 1142 582 librorum
1170 525 1584 582 canonicorum
1606 525 1833 582 Veteris
1861 526 2043 580 Testa

2246 521 2415 585 Τέλος
2468 528 2577 579 τῶν
2638 525 3071 597 κανονιζομένων
3138 520 3371 601 βιϐλίων
3425 534 3527 597 τῆς
3593 529 3835 595 Παλαιᾶς

408 615 610 681 menti,
638 632 882 671 numero
903 615 1107 688 viginti
1129 616 1267 684 duo,
1290 616 1360 671 ad
1388 631 1703 671 numerum
1730 613 2061 669 litterarum

408 702 779 758 Hebrearum
813 704 1152 775 computati.
1175 704 1442 760 Totidem
1490 719 1745 775 namque
1777 702 1930 774 apud
1965 718 2063 755 eos

407 796 549 848 sunt
577 791 907 848 litterarum
937 792 1247 858 elementa,
1282 793 1435 848 sicut
1463 792 1743 847 diximus.
1778 788 2064 846 Similiter

408 880 480 936 de
536 879 669 936 aliis
700 880 923 936 Veteris
951 880 1310 936 Testamenti
1358 879 1528 935 libris
1584 879 1899 935 dicendum
1949 884 2058 944 est,

409 969 509 1041 qui
541 969 601 1024 in
632 985 855 1025 canone
884 969 1122 1041 quidem
1156 986 1271 1024 non
1302 972 1464 1036 sunt,
1495 969 1597 1024 sed
1628 967 1908 1040 leguntur
1937 971 2063 1022 tan-

408 1063 560 1125 tum,
591 1058 742 1115 sicut
775 1075 956 1131 supra
981 1057 1202 1113 dictum
1236 1061 1345 1113 est.

1026 1181 1189 1238 Liber
1227 1182 1435 1237 Esther.

475 1272 566 1327 42.
600 1273 694 1328 Sic
722 1277 961 1327 vocatur
992 1271 1085 1326 hic
1129 1270 1295 1337 liber,
1330 1270 1469 1343 quia
1500 1268 1806 1325 historiam
1852 1268 2055 1324 Esthe-

402 1360 483 1416 ris
515 1361 945 1432 complectitur,
980 1360 1273 1432 quomodo
1305 1376 1410 1432 per
1444 1358 1608 1413 illam
1640 1358 1796 1413 Deus
1826 1358 2057 1412 univcr-

400 1467 529 1506 sam
558 1450 903 1506 Judeorum
934 1454 1169 1521 gentem
1213 1450 1461 1519 jamjam
1508 1447 1828 1519 perituram
1861 1462 2053 1501 serva-

405 1538 573 1606 verit,
614 1543 671 1593 et
690 1541 900 1602 Aman,
942 1538 1039 1609 qui
1065 1538 1314 1593 insidias
1338 1536 1806 1605 manichabatur,
1827 1548 2060 1606 percus-

396 1626 559 1683 serit.
593 1627 772 1683 Gesta
820 1632 961 1682 sunt
1010 1631 1207 1681 autem
1242 1626 1356 1681 ista
1386 1626 1444 1679 in
1477 1625 1664 1691 Susis,
1699 1625 1808 1679 hoc
1859 1625 2052 1678 modo.

398 1720 743 1771 Artaxerxes
767 1732 886 1777 rex,
909 1715 1216 1787 repudiata
1248 1730 1424 1769 uxore
1447 1730 1574 1779 sua,
1590 1712 1766 1768 aliam
1794 1712 1850 1765 in
1876 1727 2055 1783 regno

396 1820 526 1869 suo,
563 1821 689 1876 quae
720 1805 989 1860 omnium
1040 1810 1195 1859 esset
1244 1802 1639 1875 pulcherrima
1663 1807 1721 1856 et
1751 1801 2051 1856 formosis-

2175 614 2449 682 Διαθήκης
2508 613 2583 674 εἷς
2635 610 2804 667 εἶ’κοσι
2865 614 2955 668 καὶ
3010 610 3106 668 δύο
3156 617 3650 689 συμποσουμένων,
3700 622 3835 676 κατὰ

2171 701 2262 755 τὸν
2296 701 2525 777 ἀριθμὸν
2557 707 2664 755 τῶν
2699 702 2826 775 παρ’
2857 697 3131 776 Ἑϐραίοις
3177 703 3542 780 γραμμάτων.
3593 712 3835 765 Τοσαῦτα

2171 789 2270 864 γάρ
2302 789 2413 844 ἐστι
2443 789 2571 866 παρ’
2600 791 2783 851 αὐτοῖς
2815 790 2882 846 τὰ
2913 797 3183 867 στοιχεῖα,
3217 792 3292 854 ὡς
3315 795 3672 867 προείπομεν.
3706 799 3833 868 Ῥη-

2170 877 2287 963 τέον
2322 875 2380 932 δὲ
2410 878 2618 951 ὁμοίως
2646 880 2737 934 καὶ
2790 879 2907 954 περῖ
2937 884 3047 935 τῶν
3074 879 3269 957 ἐτέρων
3314 888 3416 952 τῆς
3468 882 3709 948 Παλαῖας
3743 887 3827 963 βί-

2170 962 2344 1034 ϐλων,
2391 972 2499 1022 τῶν
2549 968 2625 1041 μὴ
2675 968 3108 1039 κανονιζομένων
3157 970 3276 1042 μὲν,
3306 970 3843 1048 ἀναγινωσκομένων

2171 1051 2229 1109 δὶ
2262 1055 2450 1129 μόνον,
2482 1056 2556 1118 ὡς
2589 1053 3027 1130 προδεδήλωται.

2751 1174 2980 1236 meum.
3013 1183 3231 1258 Ἐσθήρ.

2240 1271 2327 1323 42.
2362 1268 2516 1323 Οὒτω
2569 1266 2815 1324 καλεῖται
2853 1270 2916 1324 τὸ
2952 1265 3195 1345 βιϐλίον,
3228 1269 3416 1341 ἐπειδὴ
3449 1273 3538 1327 καὶ
3567 1275 3666 1343 τὴν
3699 1274 3823 1351 περὶ

2164 1362 2265 1425 τῆς
2315 1358 2513 1432 Ἑσθὴρ
2565 1358 2803 1432 ἱστορίαν
2855 1358 3125 1435 περιέχει,
3153 1364 3270 1422 πῶς
3304 1361 3332 1415 ὁ
3365 1363 3494 1424 Θεὸς
3525 1359 3594 1417 δι’
3628 1362 3821 1432 αὐτῆς,

2169 1443 2472 1518 μέλλοντας
2501 1445 2841 1510 ἀπόλλυσθαι
2875 1448 3127 1522 παγγενεὶ
3176 1447 3304 1511 τοὺς
3358 1447 3676 1519 Ἰοκδαίους,
3734 1452 3823 1506 αὐ-

2163 1534 2290 1596 τοὺς
2342 1535 2433 1607 μὶν
2481 1531 2724 1605 διέσωσε,
2771 1536 2862 1590 τὸν
2915 1532 2971 1591 δὲ
3022 1538 3216 1609 ’Λμᾶν,
3247 1538 3341 1592 τὸν
3375 1536 3681 1609 θελήσαντα
3711 1539 3822 1595 ἐπι·

2165 1618 2479 1695 ϐουλεῦσαι,
2534 1623 2807 1696 ἐπάταξεν.
2869 1626 2930 1680 Ἡ
2987 1622 3045 1679 δὲ
3075 1625 3288 1702 ἱστορία
3317 1626 3533 1703 γέγονεν
3572 1628 3624 1683 ἐν
3690 1629 3824 1684 Σού-

2165 1733 2303 1778 σοις,
2337 1713 2428 1766 καὶ
2458 1708 2599 1767 ἔστιν
2632 1712 2789 1783 αὕτη.
2824 1712 3178 1789 ’Δρταξέρξης
3209 1713 3237 1768 ὁ
3271 1714 3545 1789 βασ.λεὺς,
3568 1712 3816 1773 ἐκϐαλὼν

2160 1801 2259 1867 τὴν
2323 1796 2459 1854 ἰδίαν
2519 1807 2766 1875 γυναῖκα,
2817 1799 3075 1870 ἐζήτησεν
3137 1802 3190 1857 ἐν
3246 1806 3316 1876 τῇ
3374 1803 3622 1877 βασιλείᾳ
3651 1805 3817 1860 αὐτοῦ

397 1892 573 1962 sima,
606 1909 786 1963 quam
818 1894 878 1948 in
911 1908 1146 1947 uxorem
1191 1891 1498 1962 acciperet,
1524 1890 1809 1962 quaesivit.
1845 1889 1911 1944 Et
1962 1889 2043 1942 in-

2160 1888 2260 1956 τήν
2302 1890 2516 1943 πάντων
2563 1887 3019 1945 καλλιστεύουσαν
3070 1890 3161 1945 καὶ
3231 1890 3560 1966 ὡραιοτέραν
3626 1888 3813 1949 λαϐεῖν

396 1986 567 2036 venta
598 1985 689 2036 est
717 1981 926 2036 Esther
966 1981 1201 2036 natione
1228 1979 1450 2035 Judaea.
1484 1978 1572 2034 Illi
1616 1984 1901 2051 cognatus
1929 1982 2053 2032 erat

397 2069 634 2125 nomine
685 2069 1106 2135 Mardocbaeus,
1137 2074 1195 2124 et
1243 2068 1371 2141 ipse
1418 2085 1489 2124 ex
1534 2067 1891 2139 captivitate,
1920 2083 2049 2137 quae

395 2159 508 2214 sub
549 2157 788 2215 Sedecia
834 2157 988 2212 facta
1035 2158 1243 2225 fuerat,
1278 2158 1335 2211 in
1383 2156 1585 2211 eadem
1639 2157 1895 2228 regione.
1931 2155 2049 2210 Rex

393 2251 591 2303 autem
616 2264 750 2302 cum
775 2246 976 2318 magni
1004 2247 1216 2302 faceret
1237 2245 1559 2301 aulicorum
1586 2260 1827 2301 suorum
1850 2260 2049 2315 quem-

390 2338 526 2392 dam
561 2337 800 2391 nomine
819 2337 1304 2406 Aman,jusserat
1325 2334 1490 2389 illum
1515 2335 1586 2390 ab
1609 2334 1886 2389 omnibus
1909 2334 2045 2387 ado-

391 2426 530 2481 rari.
561 2426 673 2481 Sed
707 2442 840 2480 cum
869 2423 1292 2488 Mardochaus,
1314 2423 1387 2478 ob
1416 2422 1509 2477 Dei
1540 2423 1631 2477 sui
1653 2423 1901 2491 cultum,
1930 2437 2041 2475 non

391 2515 663 2569 adoraret
695 2512 883 2577 illum,
916 2528 1039 2567 rem
1089 2513 1329 2583 indigne
1380 2511 1517 2566 tulit
1566 2519 1771 2576 Aman,
1803 2514 1859 2566 et
1906 2526 2040 2564 cum

390 2602 759 2674 cognovisset
784 2603 936 2673 quod
960 2601 1201 2657 Judaeus
1228 2604 1402 2664 esset,
1426 2599 1546 2671 regi
1580 2599 1877 2655 Artaxerxi
1912 2615 2040 2669 per-

387 2691 583 2746 suasit
610 2695 677 2746 ut
722 2691 941 2762 scripto
979 2690 1213 2760 juberet
1248 2688 1547 2743 universos
1595 2687 1654 2741 in
1708 2703 1884 2759 regno
1932 2703 2041 2742 suo

386 2780 620 2836 Judsaos
649 2796 763 2835 uno
793 2779 886 2834 die
938 2778 1159 2834 mensis
1189 2777 1520 2832 duodecimi
1553 2777 1787 2848 penitus
1817 2791 1882 2831 ac
1914 2776 2042 2831 fun-

386 2867 546 2924 ditus
576 2867 775 2923 deleri.
810 2868 885 2922 Re
916 2871 1236 2938 comperta,
1270 2865 1669 2921 Mardochzeus
1692 2864 1840 2919 luxit
1869 2870 1926 2919 et
1949 2867 2037 2935 je—

377 2957 634 3030 junavit,
657 2964 831 3030 atque
853 2960 987 3011 ante
1008 2955 1218 3010 Esther
1240 2952 1602 3027 provolutus,
1624 2964 1686 3008 nt
1716 2953 1847 3024 ipsa
1866 2969 2035 3024 opem

385 3047 580 3113 ferret,
624 3051 896 3119 precatus
942 3050 1050 3100 est.
1085 3043 1292 3099 Esther
1334 3045 1551 3115 itaque,
1582 3042 1906 3114 praemissis
1946 3043 2035 3114 je-

2160 1977 2334 2048 ὲαυτῷ
2383 1984 2630 2052 γυναῖκα.
2684 1978 2783 2031 Καὶ
2834 1978 3025 2052 εὑρέθη
3076 1981 3111 2049 ἠ
3146 1980 3365 2054 Ἐσθήρ,
3394 1981 3460 2035 τὸ
3487 1979 3639 2056 γένος
3668 1983 3812 2037 Ἰου-

2160 2062 2284 2119 δαία
2330 2064 2698 2142 τυγχάνουφα.
2750 2067 2847 2121 Ἦν
2896 2064 2954 2120 δὲ
3008 2066 3098 2121 καὶ
3152 2065 3503 2144 Μαρδοχαῖος
3552 2073 3813 2146 συγγενὴς

2159 2153 2324 2223 αὐτῆς
2355 2154 2460 2208 ἀπὸ
2489 2161 2587 2223 τῆς
2617 2153 3005 2229 αἰχμαλωσίας
3036 2162 3140 2225 τῆς
3172 2157 3471 2232 γενομένης
3519 2158 3606 2212 ἐπὶ
3657 2157 3812 2216 Σεδεο

2156 2242 2273 2297 κίου
2306 2241 2357 2296 ἐν
2387 2241 2522 2317 αὐτῇ
2565 2244 2636 2312 τῇ
2664 2243 2845 2318 χώρᾳ.
2878 2244 2935 2296 Ὀ
2967 2243 3059 2297 οὐν
3093 2243 3370 2319 βασιλεὺς,
3407 2247 3547 2320 μέγα
3576 2249 3809 2319 ποιήσας

2154 2352 2273 2385 τινα
2328 2334 2435 2385 τῶν
2498 2331 2719 2400 ἑαυτοῦ,
2783 2331 3076 2405 λεγόμενον
3109 2333 3304 2405 ³Δμάν,
3336 2332 3582 2390 ἐκέλευσε
3612 2334 3811 2398 πάντας

2152 2419 2311 2474 αὐτὸν
2356 2425 2693 2494 προσκυνιῖν.
2766 2417 2941 2475 Ἀλλὰ
2985 2418 3082 2475 τοῦ
3140 2419 3496 2497 Μαρδοχαίου
3566 2420 3656 2478 διὰ
3708 2425 3808 2493 τήν

2152 2508 2287 2581 πρὸς
2318 2507 2407 2561 τὸν
2442 2508 2570 2561 Θεὸν
2599 2505 2852 2583 λατρείαν
2889 2509 2966 2581 μὴ
3001 2514 3438 2585 προσκυνοῦντος
3469 2510 3650 2586 αὐτον,
3701 2512 3810 2589 ὠρ-

2149 2595 2306 2671 γίσθη
2358 2597 2387 2650 ὁ
2439 2596 2629 2669 Ἀμάν·
2686 2597 2776 2651 καὶ
2829 2598 3040 2670 μαθὼν,
3091 2597 3174 2653 ὅτι
3223 2596 3486 2662 Ἰουδαῖός
3520 2600 3652 2669 ἐστι,
3689 2603 3808 2656 πεί-

2150 2695 2228 2747 θει
2277 2684 2369 2739 τὸν
2423 2683 2649 2760 βασιλέα
2695 2686 3070 2761 Ἀρταξέρξην,
3119 2689 3209 2742 καὶ
3240 2688 3457 2765 γράφει,
3506 2686 3644 2745 ὣστε
3673 2692 3804 2745 πάν-

2146 2794 2240 2835 τας
2266 2773 2391 2837 τοὺς
2425 2773 2476 2828 ἐν
2504 2777 2572 2847 τῇ
2609 2773 2857 2849 βασιλείᾳ
2903 2774 3069 2829 αὐτοῦ
3124 2774 3419 2839 Ἰουδαίους
3477 2775 3801 2853 ὀλοῤῥίζους

2147 2862 2443 2926 ἀπολέσθαι
2494 2861 2545 2917 ἐν
2606 2862 2703 2933 μίᾷ
2748 2863 2930 2939 ἡμέρᾳ
2975 2868 3054 2936 τῷ
3105 2865 3179 2939 ιβ’
3235 2865 3388 2937 μηνί.
3423 2869 3592 2920 Τοῦτο
3616 2865 3798 2921 τοίνυν

2151 2951 2335 3023 μαθὼν
2386 2952 2414 3005 ὁ
2462 2948 2836 3026 Μαρδοχαῖος,
2888 2949 3115 3023 ἔπένθει,
3173 2953 3262 3007 καὶ
3321 2952 3590 3023 νηστεύων
3636 2974 3801 3030 προσ-

2146 3039 2303 3094 ἐπεσε
2351 3043 2418 3113 τῇ
2475 3041 2697 3116 Ἐσθήρ,
2746 3040 2909 3112 ἀξιῶν
2960 3042 3086 3115 παρ’
3142 3041 3311 3110 αὐτῆς
3366 3043 3618 3116 βοήθειαν
3649 3043 3795 3118 γενέ-

371 3135 544 3206 junio
575 3140 633 3191 et
666 3134 1103 3208 precationibus
1146 3131 1218 3187 ad
1268 3131 1475 3201 Deum,
1509 3130 1686 3203 regali
1721 3148 1784 3186 se
1816 3132 2036 3187 mundo

2155 3129 2286 3182 τθαι.
2342 3132 2399 3184 ‘H
2459 3128 2637 3183 τοίνυν
2690 3130 2913 3203 Ἐσθήρ,
2958 3127 3313 3200 νήπεῦσασα,
3382 3130 3472 3185 καὶ
3533 3132 3799 3205 εὐξαμένη

378 3223 627 3289 ornavit,
660 3240 765 3278 nec
813 3228 1013 3278 vocata
1043 3223 1186 3284 (erat
1229 3226 1425 3275 autem
1465 3219 1735 3274 illicitum
1787 3236 1902 3275 non
1930 3237 2034 3277 vo-

2155 3221 2225 3289 τῷ
2257 3222 2373 3289 Θεῷ
2424 3217 2722 3291 ἐκόσμησεν
2782 3218 2977 3287 ἑαυτὴν
3024 3224 3104 3291 τῷ
3148 3217 3417 3295 βασιλικῷ
3465 3220 3679 3294 κόσμῳ,
3709 3221 3800 3276 καὶ

379 3312 525 3368 catis
553 3312 716 3368 adire
767 3319 981 3384 regem)
1006 3317 1169 3366 extra
1199 3310 1483 3381 temporis
1532 3309 2032 3380 opportunitatem

380 3400 454 3455 ad
484 3415 679 3472 regem
711 3399 979 3471 ingressa
999 3404 1110 3465 est,
1132 3414 1379 3469 aperans
1403 3397 1792 3468 precationem
1820 3413 2030 3469 oppor-

377 3486 648 3543 tunitatis
678 3487 805 3543 loco
838 3488 1098 3543 futuram
1133 3503 1145 3542 :
1181 3502 1315 3541 cum
1360 3484 1736 3541 insolentiam
1765 3485 1900 3540 facti
1930 3485 2029 3541 ad-

380 3576 631 3631 miratus
659 3581 815 3632 esset
840 3576 979 3642 Rex,
998 3574 1101 3630 illa
1122 3576 1180 3630 in
1212 3579 1430 3629 terram
1453 3590 1569 3645 prae
1594 3579 1749 3629 metu
1775 3572 2033 3646 collapsa

378 3669 488 3720 est.
520 3668 593 3720 At
621 3665 776 3738 regis
811 3664 1173 3719 iracundiam
1224 3665 1373 3719 Deus
1404 3663 1462 3716 in
1496 3678 1733 3717 suavem
1755 3662 2030 3717 affectum

377 3757 436 3808 et
466 3754 981 3810 mansuetudinem
1035 3751 1390 3818 immutavit,
1426 3752 1505 3805 ita
1554 3755 1619 3805 ut
1646 3767 1677 3805 e
1705 3750 1852 3806 solio
1899 3768 2028 3806 sur-

379 3858 525 3915 gens
554 3846 868 3915 conjugem
904 3846 1253 3914 prostratam
1287 3840 1555 3912 erigeret,
1585 3843 1644 3893 et
1674 3845 1897 3894 metum
1929 3856 2027 3910 po-

380 3948 518 3988 nere
548 3932 902 3999 hortaretur,
926 3930 1046 3986 imo
1076 3930 1373 4001 Optionem
1403 3929 1568 3983 daret
1597 3927 1829 3999 petendi
1860 3928 2029 3999 quid--

376 4020 521 4092 quid
549 4020 742 4076 vellet.
778 4019 904 4084 Illa,
938 4024 1004 4074 ut
1053 4035 1149 4073 rex
1197 4034 1330 4072 cum
1377 4018 1562 4072 Aman
1595 4016 1667 4071 ad
1698 4016 2025 4072 convivium

375 4124 550 4164 suum
582 4109 780 4163 venire
827 4107 1187 4180 dignaretur,
1222 4122 1335 4160 non
1389 4105 1591 4171 semel,
1617 4105 1719 4160 sed
1769 4106 2028 4161 secundo

373 4212 603 4268 quoque
626 4197 810 4269 petiit.
833 4198 1018 4251 Aman
1044 4212 1157 4267 prae
1179 4194 1393 4267 gaudio
1415 4194 1637 4250 effusus
1658 4210 1725 4248 ac
1744 4194 2025 4266 gestiens,

2151 3306 2227 3378 μὴ
2287 3305 2554 3377 κληθεῖσα
2611 3307 2735 3376 (θὐκ
2785 3310 2852 3376 ἦν
2902 3308 3007 3383 γὰρ
3057 3307 3171 3378 ἐξὸν
3234 3306 3492 3362 εἰσελθεῖν
3552 3308 3799 3382 ἀκλητί),
3885 3321 3892 3328 ·

2142 3394 2296 3467 ὅμως
2357 3393 2576 3465 εἲσῆλθε
2632 3398 2778 3470 παρὰ
2832 3397 2924 3451 τὸν
2979 3398 3167 3473 καιρὸν
3221 3397 3358 3473 πρὸς
3406 3397 3498 3452 τὸν
3552 3397 3797 3473 βασιλέα,

2142 3481 2262 3537 ἀντὶ
2302 3486 2402 3537 τοῦ
2446 3487 2638 3557 καιροῦ
2687 3483 2959 3559 θαρροῦσα
3005 3487 3074 3558 τῇ
3124 3483 3286 3561 εὐχῇ·
3337 3484 3451 3539 εἶτα
3495 3489 3593 3540 τοῦ
3655 3488 3799 3557 βασι-

2142 3568 2283 3633 λέως
2347 3573 2719 3643 θαυμάζοντος
2762 3573 2823 3627 τὸ
2866 3573 3011 3646 ξένον
3076 3570 3257 3629 ἔπεσεν
3311 3572 3487 3643 ἐκείνη
3537 3573 3644 3628 ἀπὸ
3698 3578 3795 3628 τοῦ

2141 3654 2333 3737 φόϐου.
2364 3665 2419 3714 '0
2477 3657 2535 3716 δὲ
2582 3661 2711 3723 Θεὸς
2763 3657 3027 3734 μετέϐαλε
3062 3662 3155 3717 τὸν
3189 3661 3360 3736 θυμὸν
3390 3666 3488 3718 τοῦ
3523 3660 3793 3739 βασιλέως

2139 3747 2218 3811 είς
2271 3745 2503 3803 διάθεσιν
2562 3749 2652 3803 καὶ
2709 3749 3011 3825 πρᾳότητα,
3086 3749 3175 3805 καὶ
3254 3749 3480 3812 ἀναστὰς
3535 3746 3793 3805 ἐϐάστασε

2136 3838 2236 3905 τὴν
2290 3843 2540 3913 γυναῖκα,
2597 3838 2686 3893 καὶ
2734 3838 3029 3913 παρεκάλει
3097 3838 3265 3907 αὐτὴν
3336 3840 3411 3913 μή
3481 3834 3787 3914 φοϐεῖσθαι’

2137 3923 2283 3981 ἀλλὰ
2326 3927 2415 3981 καὶ
2463 3925 2690 3996 ἠξίωσεν
2743 3926 2908 3996 αὐτὴν
2957 3927 3299 3999 αἰτήσασθαι,
3346 3925 3399 3982 εἷ’
3418 3948 3471 3982 τι
3508 3926 3789 4004 βούλοιτο.

2136 4016 2197 4071 Ἡ
2247 4011 2305 4069 δὲ
2356 4014 2441 4070 ἐπὶ
2493 4012 2705 4070 δεῖπνον
2762 4015 2992 4087 ἠξίωσεν
3022 4015 3198 4080 ἐλθεῖν
3230 4015 3389 4071 αὐτόν
3420 4038 3479 4071 τε
3507 4017 3599 4071 τὸν
3638 4018 3790 4092 βασι-

2137 4102 2235 4159 λέα
2280 4103 2370 4158 καὶ
2417 4102 2509 4159 τὸν
2563 4105 2759 4178 ’Λμὰν,
2811 4106 2919 4181 οὐχ
2961 4105 3118 4176 ἅπαξ,
3169 4102 3315 4160 ἀλλὰ
3363 4105 3453 4159 καὶ
3514 4102 3789 4180 δεύτερον.

2130 4183 2188 4246 Ὀ
2222 4192 2318 4265 μὲν
2352 4190 2444 4247 οὖν
2477 4193 2669 4266 Ἀμᾶν,
2705 4190 3008 4269 διαχυθεὶς,
3040 4192 3129 4248 καί
3157 4193 3449 4269 γανωθεὶς,
3499 4193 3573 4255 ὡς
3625 4193 3790 4264 ἀξιω-

369 4286 525 4356 quod
566 4286 781 4357 dignus
830 4285 1144 4340 haberetur
1173 4302 1207 4339 a
1236 4283 1439 4355 regina
1488 4282 1675 4338 vocari
1704 4283 1775 4338 ad
1831 4283 2025 4338 convi-

2155 4279 2246 4342 θεὶς
2279 4281 2382 4335 ὑπὸ
2427 4286 2529 4350 τῆς
2588 4280 2912 4358 βασιλίσσης
2956 4280 3227 4352 κληθῆναι
3270 4278 3347 4337 ἔτι
3412 4280 3626 4355 μᾶλλον
3662 4282 3794 4352 ἐπή-

365 4372 767 4441 vium,adbuc
808 4372 1065 4445 amplius
1117 4372 1398 4427 adversus
1448 4370 1881 4426 Mardocbaeum
1909 4373 2021 4428 eri-

2155 4389 2259 4424 ιετο
2315 4369 2451 4424 κατὰ
2494 4375 2592 4425 τοῦ
2646 4368 3023 4447 Μαρδοχαίου,
3096 4371 3186 4425 καὶ
3256 4372 3487 4441 ποιήσας
3552 4377 3791 4440 κοπῆναι

365 4461 649 4534 gebatur:
679 4461 1016 4531 curavitque
1046 4460 1272 4533 lignum
1310 4458 1563 4515 sublime
1594 4458 1800 4529 excidi,
1824 4459 2022 4515 volens

2155 4456 2291 4521 610v
2348 4458 2509 4534 μέγα,
2566 4454 2825 4515 ἐϐούλετο
2882 4459 2972 4513 τὸν
3026 4456 3384 4535 Μαρδοχαῖον
3420 4458 3494 4522 εἷς
3527 4458 3658 4514 αὐτὸ
3713 4463 3783 4532 τῇ

364 4549 424 4604 in
457 4566 524 4607 eo
555 4556 840 4624 sequente
870 4550 963 4605 die
1014 4549 1372 4620 suspendere
1420 4546 1875 4603 Mardochmum.
1902 4547 2021 4603 Rex

2155 4545 2252 4616 ξῆς
2283 4545 2452 4621 ἔμέρᾳ
2479 4546 2763 4619 κρεμάσαιο
2799 4549 2827 4601 ὁ
2859 4546 2917 4602 δὲ
2961 4545 3240 4622 βασιλεὺς,
3288 4546 3423 4602 md
3469 4567 3591 4601 τινα
3645 4546 3786 4616 πρό-

361 4654 514 4707 vero,
542 4622 695 4695 bona
717 4640 971 4711 quadam
999 4636 1379 4710 providentia,
1405 4640 1634 4692 noctem
1661 4634 1824 4691 illam
1849 4638 2014 4692 duxit

2155 4654 2267 4688 οιαν
2345 4635 2552 4710 ἀγαθὴν
2625 4636 2972 4711 ἀγρυπνήσας
3032 4635 3241 4706 ἐκείνην
3292 4637 3390 4705 τὴν
3440 4634 3625 4702 νύκτα,
3684 4635 3773 4690 καὶ

360 4726 716 4795 insomnem,
757 4732 816 4783 et
863 4743 996 4782 cum
1048 4726 1307 4782 dormire
1358 4724 1647 4796 nequiret,
1674 4725 1856 4795 jussit
1901 4725 2013 4782 sibi

2155 4724 2201 4793 ιή
2279 4720 2576 4797 δυνάμενος
2652 4724 2919 4792 ὑπνῶσαι,
2988 4723 3262 4781 ἐκέλευσεν
3322 4724 3780 4801 ἀναγινώσκεσθαι

357 4816 809 4871 commentarios
840 4820 1105 4870 actorum
1136 4829 1382 4870 suorum
1408 4812 1544 4885 legi.
1568 4811 1834 4885 Cumque
1864 4813 2014 4885 lege-

2157 4811 2267 4883 ὐτῷ
2292 4815 2400 4866 τῶν
2448 4812 2693 4888 πράξεων
2748 4813 2911 4868 αὐτοῦ
2956 4812 3024 4868 τὰ
3072 4814 3461 4887 ὑπομνήματα.
3518 4813 3614 4869 Καὶ
3659 4813 3782 4867 ἀνα-

355 4910 581 4976 rentur,
604 4908 836 4960 ventum
870 4909 961 4959 est
981 4903 1053 4958 ad
1082 4920 1213 4959 eum
1246 4902 1464 4970 locum,
1489 4902 1549 4957 in
1581 4918 1696 4974 quo
1726 4903 2009 4974 scriptum

2158 4901 2537 4973 ινωσκοςιίνων
2590 4900 2789 4972 αὐτῶν,
2836 4901 2957 4977 εὗρε
3010 4905 3200 4976 πρᾶξιν
3251 4903 3452 4979 ἀγαθὴν
3489 4902 3563 4964 εἰς
3609 4902 3768 4958 αὐτὸν

350 4998 477 5051 erat
506 4994 861 5051 beneﬁcium
893 4991 1013 5065 regi
1046 5008 1080 5047 a
1111 4991 1476 5048 Μαι-ἀοοῇωο
1516 4990 1817 5047 collatum.
1858 4998 2010 5048 Duos

2155 4986 2412 5062 ενομένην
2472 4989 2575 5045 ὑπὸ
2615 4994 2713 5044 τοῦ
2766 4989 3143 5067 Μαρδοχαίου.
3178 4985 3282 5046 Δύο
3314 4991 3418 5067 γὰρ
3451 4989 3774 5067 εὐνούχους,

349 5081 504 5139 enim
536 5082 842 5138 eunuchos
896 5082 1014 5153 regi
1071 5080 1439 5149 insidiantes,
1474 5080 1595 5151 regi
1648 5080 2005 5150 prodiderat,

2155 5075 2421 5140 έλλοντας
2486 5071 2861 5133 ἐπιϐουλεύειν
2930 5078 3010 5153 τῷ
3062 5076 3296 5155 βασιλεῖ,
3364 5077 3768 5155 προσήγγειλεν

348 5176 406 5226 et
433 5172 783 5228 convicerat.
810 5169 913 5226 Hic
944 5185 1043 5225 rex
1067 5170 1140 5225 ob
1172 5167 1516 5225 Mardocbtei
1549 5167 1808 5223 ofﬁcium
1840 5174 2005 5241 grato

2155 5165 2260 5239 ὐτῷ
2313 5169 2392 5237 τῷ
2454 5163 2687 5241 βασιλεῖ,
2734 5165 2824 5222 καί
2874 5165 3119 5245 ἤλεγξεν.
3169 5168 3230 5223 Ὁ
3272 5165 3454 5221 τοίνυν
3490 5164 3771 5240 βασιλεὺς,

348 5260 589 5316 aﬁ‘ectus
617 5258 1145 5331 animo,quaerebat
1167 5272 1422 5330 quonam
1455 5255 1620 5311 illum
1652 5256 1868 5312 honore
1899 5275 2002 5330 pro

2155 5251 2508 5327 ποδεξάμενος
2535 5255 2635 5323 τήν
2667 5255 2981 5332 προαίρεσιν
3014 5260 3111 5312 τοῦ
3158 5251 3536 5331 Μαρδοχαίου,
3585 5254 3766 5325 ἐζήτει

345 5347 455 5402 hoc
486 5349 768 5404 beneﬁcio
800 5349 1064 5402 donaret.
1091 5349 1235 5401 Cum
1281 5351 1475 5400 autem
1512 5361 1682 5400 mane
1713 5347 1784 5400 ad
1817 5363 1878 5401 se
1909 5347 2000 5400 in-

2155 5345 2274 5417 .μήν
2331 5340 2479 5413 ἀξίαν
2539 5350 2837 5420 παρασχεῖν
2896 5350 2976 5418 τῷ
3025 5344 3282 5416 τοιούτῳ.
3336 5344 3423 5404 Ὠς
3451 5339 3510 5397 δὲ
3539 5342 3763 5413 εἰσῆλθε

340 5436 681 5507 grederetur
731 5440 939 5501 Aman,
976 5434 1184 5506 quaerit
1230 5435 1302 5489 ab
1352 5432 1451 5488 illo
1495 5450 1610 5499 rex,
1636 5450 1890 5505 quonam
1941 5440 2000 5491 et

2155 5437 2317 5507 ρωῖας
2375 5434 2512 5508 πρὸς
2563 5430 2722 5487 αὐτὸν
2778 5435 2806 5488 ὁ
2857 5435 3032 5508 Ἀμᾶν
3084 5433 3408 5497 ἐπυνθάνετο
3439 5431 3467 5485 ὁ
3504 5431 3755 5507 βασιλεὺς

340 5524 501 5596 quali
545 5525 765 5580 honore
812 5525 1027 5595 dignus
1075 5523 1156 5579 sit
1207 5522 1280 5588 is,
1314 5522 1413 5593 qui
1466 5538 1662 5595 regem
1713 5522 1994 5580 beneﬁcio

2155 5520 2291 5588 31:05,
2323 5519 2513 5582 ὁποίας
2538 5520 2628 5574 καὶ
2659 5519 2906 5592 πηλίκης
2935 5529 3106 5596 τιμῆς
3157 5518 3304 5592 ἄξιός
3353 5519 3519 5592 ἐστιν,
3582 5520 3610 5573 ὁ
3673 5521 3776 5597 βα-

339 5612 650 5669 affecisset.
673 5613 755 5668 Ad
795 5614 901 5668 hoc
931 5614 1139 5682 Aman,
1168 5628 1301 5667 cum
1333 5627 1396 5666 se
1438 5611 1829 5667 arbitraretur
1856 5628 1992 5669 eum

2160 5609 2258 5666 λέα
2287 5608 2659 5684 εὐεργετήσας.
2711 5610 2772 5667 Ὁ
2831 5608 2888 5666 δὲ
2935 5611 3128 5686 Ἀμὰν,
3177 5609 3424 5683 νομίζων
3482 5611 3607 5684 περὶ
3668 5610 3762 5665 αὐ-

337 5717 466 5757 esse
497 5704 568 5758 de
598 5717 715 5774 quo
763 5717 861 5757 rex
887 5703 1203 5772 quaerebat,
1233 5701 1479 5773 dignum
1528 5716 1659 5757 esse
1706 5700 1856 5757 dixit
1884 5701 1988 5773 qui

2155 5702 2195 5754 ιῦ
2224 5696 2579 5753 πυνθάνεσθαι
2604 5696 2698 5753 τὸν
2751 5699 3000 5773 βασιλέα,
3049 5700 3220 5771 εἶπεν,
3275 5696 3422 5769 ἄξιον
3473 5696 3604 5752 εἶναι
3665 5698 3763 5754 τὸν
