4170 6358
303 413 333 465 3
342 405 423 467 69

1412 396 1798 458 SYNOPSIS
1844 396 2309 458 SCRIPTURJE
2353 397 2652 458 SACRIE.

3619 400 3741 460 370

298 540 549 591 τοιοῦτον
584 530 833 608 δεύτερον
889 528 1118 606 βασιλέα
1166 527 1470 589 καλεῖσθαι.
1500 526 1562 582 Ὀ
1616 526 1707 597 μὲν
1743 524 1831 579 οῦν
1870 526 1936 601 βα

2083 528 2231 584 alter
2260 545 2357 583 rex
2381 533 2707 584 vocaretur.
2768 529 2887 584 Rex
2934 530 3115 601 igitur
3158 530 3585 586 Mardochaeum
3639 530 3739 587 illo

303 624 485 686 σιλεὺς
535 622 748 678 κελεύει
798 621 889 675 τὸν
945 615 1301 693 Μαρδοχαῖον
1341 622 1443 684 τῆς
1490 614 1748 684 τοιαύτης
1799 621 1964 687 τιμῆς

303 715 618 784 ἀξιωθῆναι,
670 710 760 765 καὶ
808 710 899 764 τὸν
952 708 1126 779 Ἀμὰν
1180 702 1481 779 ἔμπροσθεν
1530 703 1694 757 αὑτοῦ
1737 724 1962 779 περιπα-

300 809 433 859 τεῖν.
466 804 525 857 ἹΙ
584 799 642 855 δὲ
690 800 912 872 Ἐσθὴρ,
964 795 1229 873 πρόφασιν
1292 794 1541 869 εὑροῦσα,
1593 792 1790 861 ἠξίωσε
1839 793 1961 868 περὶ

301 898 404 946 τῶν
440 887 743 947 Ἰουδαίων.
781 887 912 944 Εἶτα
940 889 1040 939 τοῦ
1078 882 1345 959 βασιλέως
1380 880 1718 951 λυπηθέντος
1768 879 1855 934 ἐπὶ
1884 886 1963 952 τῷ

301 980 606 1055 παρανόμῳ
655 975 1036 1053 προστάγματι
1084 976 1163 1043 τῷ
1210 972 1346 1026 κατὰ
1376 976 1482 1025 τῶν
1537 967 1836 1039 Ἰουδαίων,
1872 970 1959 1023 καὶ

306 1069 649 1143 ὀργισθέντος
681 1067 816 1120 κατὰ
853 1061 951 1119 τοῦ
1000 1061 1197 1133 Ἀμάν,
1250 1060 1406 1122 αὐτὸς
1442 1062 1468 1114 6
1524 1059 1688 1133 Ἀμᾶν
1726 1058 1959 1134 παρεκά-

302 1158 387 1212 λει
440 1160 536 1224 τὴν
589 1157 811 1230 Ἐσθὴρ,
865 1152 1098 1212 ἀπόντος
1155 1154 1252 1204 τοῦ
1306 1148 1598 1224 βασιλέως,
1646 1148 1954 1202 ἐπικόπτων

310 1248 400 1301 καὶ
432 1250 738 1320 προσκυνῶν
782 1245 848 1298 τὰ
892 1241 1096 1316 γόνατα
1125 1239 1312 1307 αὐτῆς.
1348 1240 1408 1295 Ὁ
1440 1235 1496 1291 δὲ
1539 1236 1813 1313 βασιλεὺς,
1848 1237 1953 1290 εἷσ-

307 1333 500 1404 ελθὼν,
532 1334 619 1387 καὶ
676 1332 926 1407 ἑωρακὼς
954 1329 1046 1383 τὸν
1095 1328 1269 1400 Ἀμάν
1321 1321 1626 1399 ἁπτόμενον
1658 1330 1764 1379 τῶν
1795 1324 1952 1401 γονά-

302 1444 409 1477 των
438 1430 540 1492 τῆς
588 1419 928 1497 βασιλίσσης,
961 1419 1266 1487 ὑπονοήσας
1313 1415 1555 1491 αἶ’σχρῶς
1602 1413 1760 1469 αὑτὸν
1790 1417 1953 1469 τοῦτο

297 1518 501 1579 ποιεῖν,
560 1509 806 1565 ἐκέλεοσε
850 1509 940 1563 τὸν
1003 1508 1097 1579 μὲν
1149 1506 1320 1577 Ἀμὰν
1370 1503 1445 1565 εἷς
1493 1506 1555 1558 τὸ
1604 1502 1785 1573 ξύλον,
1819 1501 1950 1577 ὅπερ

294 1600 362 1669 ἦν
426 1600 719 1671 ἑτοιμάσας
768 1602 843 1668 τῷ
896 1594 1255 1670 Μαρδοχαίῳ,
1312 1594 1701 1669 κρεμασθῆναιο
1760 1590 1950 1668 γράφει

295 1686 352 1743 δὲ
379 1684 555 1741 ἄνεσιν
608 1687 701 1757 μὲν
749 1682 894 1760 ἔχειν
947 1683 1145 1745 πάντας
1189 1684 1314 1743 τοὺς
1368 1679 1681 1752 Ἰουδαίους,
1735 1680 1863 1742 τοὺς
1896 1677 1953 1734 δὲ

293 1775 524 1852 ἐχθροὺς
576 1775 752 1829 αὑτῶν
804 1776 1148 1848 ἀναιρεθῆναι
1197 1774 1322 1844 παρ’
1372 1771 1569 1827 αὐτῶν.
1602 1769 1700 1823 Καὶ
1750 1770 1801 1823 οἱ
1853 1769 1947 1841 μὲν

2081 618 2299 673 honore
2331 617 2634 687 celebrari,
2695 623 2751 673 et
2783 624 2969 673 Aman
3032 624 3166 673 ante
3218 618 3381 673 illum
3427 622 3736 690 procedere

2071 707 2270 775 jussit.
2309 705 2515 760 Esther
2555 722 2688 760 vero
2749 706 3250 777 opportunitatem
3290 712 3458 761 nacta
3499 725 3598 777 pro
3629 709 3732 763 Ju-

2073 794 2211 849 daeis
2236 796 2439 849 oravit.
2475 794 2694 849 Deinde
2726 811 2856 849 cum
2893 812 2991 849 rex
3035 811 3282 851 mmrore
3315 795 3577 862 affectus,
3614 814 3735 867 pro-

2074 886 2201 954 pter
2232 883 2542 954 indignum
2574 889 2779 939 contra
2801 884 3038 940 Judzeos
3061 884 3342 951 edictum,
3368 890 3424 939 et
3454 886 3734 940 adversus

2071 974 2253 1026 Aman
2308 973 2394 1026 ira
2440 977 2773 1028 commotus
2816 978 2990 1041 esset,
3024 972 3151 1044 ipse
3203 976 3411 1038 Aman,
3466 990 3597 1045 rege
3628 975 3730 1028 ab-

2071 1066 2253 1129 sente,
2289 1060 2498 1132 reginae
2530 1061 2903 1132 supplicavit,
2938 1062 3009 1116 ad
3051 1078 3244 1133 genus
3272 1061 3436 1116 illius
3460 1078 3731 1133 procum-

2071 1147 2210 1202 bens
2245 1154 2419 1219 atque
2465 1150 2737 1204 adorans.
2800 1150 2917 1204 Rex
2961 1166 3093 1204 cum
3157 1166 3459 1221 regressus
3512 1150 3735 1205 videret

2065 1239 2249 1291 Aman
2283 1255 2475 1309 genua
2531 1239 2745 1310 reginae
2799 1240 3155 1311 contingere,
3211 1238 3545 1310 suspicatus
3576 1241 3728 1309 quod

2065 1326 2447 1396 turpitudinis
2480 1343 2659 1381 causa
2690 1329 2743 1380 id
2781 1328 3207 1397 faceret,jussit
3232 1330 3418 1383 Aman
3453 1328 3509 1381 in
3546 1328 3725 1399 ligno,

2069 1416 2223 1485 quod
2260 1414 2623 1469 Mardochaeo
2658 1421 2983 1486 paraverat,
3007 1417 3291 1487 suspendi
3318 1434 3329 1471 :
3356 1417 3593 1487 scripsit
3624 1435 3725 1470 au-

2065 1505 2179 1556 tem
2224 1507 2287 1557 ut
2337 1503 2714 1559 Judzni130
2758 1505 2996 1576 quidem
3055 1522 3260 1560 omnes
3323 1506 3725 1560 incolumitate

2063 1589 2622 1660 fruerentur,hostes
2654 1610 2785 1647 vero
2817 1609 3018 1648 eorum
3045 1595 3121 1648 ab
3148 1594 3293 1664 ipsis
3315 1595 3722 1648 interimeren~

2060 1682 2175 1733 tur.
2215 1685 2503 1736 Numerus
2554 1686 2747 1736 autem
2782 1698 3004 1749 eorum,
3041 1683 3138 1753 qui
3182 1698 3215 1736 a
3270 1682 3491 1737 Judaeis
3545 1682 3719 1736 occisi

2060 1774 2220 1839 sunt,
2282 1770 2389 1823 fuit
2422 1770 2754 1840 quindecim
2790 1770 3076 1825 millium:
3115 1772 3361 1842 ideoque
3411 1772 3542 1825 festi
3599 1770 3717 1826 illis

294 1862 658 1941 ἀναιρεθέντες
719 1864 867 1938 παρὰ
920 1866 1027 1916 τῶν
1086 1858 1359 1916 Ἰουδαίων
1420 1858 1520 1913 eici
1584 1858 1771 1934 μύριοι
1830 1879 1936 1912 πεν-

2061 1857 2218 1912 fuere
2248 1858 2373 1913 dies
2422 1864 2667 1929 quartus
2698 1858 2984 1926 decimus,
3047 1864 3101 1913 et
3152 1860 3393 1930 quintus
3451 1859 3715 1914 decimus

291 1951 651 2029 τακισχίλιοι·
688 1952 881 2027 γέγονε
929 1948 984 2005 δὲ
1035 1952 1194 2026 ἐορτή
1231 1948 1318 2004 δια
1341 1954 1503 2004 τοῦτο
1535 1947 1741 2017 αὐτοῖς,
1774 1952 1842 2021 τῇ
1881 1945 1948 2002 ιδ’

288 2045 377 2099 καὶ
440 2050 495 2097 ιε’
556 2041 607 2096 ἐν
668 2046 745 2113 τῷ
808 2041 935 2115 μηνὶ
992 2045 1073 2112 τῷ
1133 2040 1221 2115 ιβ’,
1272 2039 1417 2100 ὅστις
1466 2036 1711 2093 καλεῖται
1756 2035 1943 2110 ”Αδερ.

289 2134 647 2204 Ὀνομάζεται
682 2128 738 2184 δὲ
788 2132 824 2200 ἡ
856 2131 1037 2204 ἡμέρα
1090 2128 1223 2198 αὕτη
1271 2133 1339 2201 τῇ
1390 2125 1500 2199 ἰδίᾳ
1548 2125 1818 2197 διαλέκτῳ
1858 2126 1946 2180 αὑ-

286 2227 394 2275 τῶν
454 2219 691 2294 Φρουρέ.
750 2220 849 2273 Διά
904 2223 1065 2272 τοῦτο
1123 2219 1259 2272 κατά
1314 2217 1413 2284 τὴν
1471 2214 1680 2290 ἡμέραν
1740 2215 1941 2285 ταύτην

286 2311 526 2364 καίουσιν
580 2310 633 2363 oi
682 2305 934 2362 Ἰουδαῖοι
965 2307 1054 2362 τὸν
1091 2308 1289 2379 Ἀμὰν,
1320 2305 1410 2360 καὶ
1444 2304 1776 2378 ἑορτάζουσι,
1813 2326 1945 2378 μνη-

286 2399 519 2472 μόσυνον
554 2396 715 2453 οὖσαν
748 2397 1023 2472 σωτηρίας
1050 2396 1248 2452 αὐτῶν.

874 2481 1095 2541 Βιϐλίον
1130 2482 1348 2548 Ἰουδίθ.

358 2580 444 2633 43.
483 2575 701 2650 Λέγεται
748 2576 811 2629 τὸ
866 2569 1079 2650 βιϐλίον
1115 2573 1311 2641 οὕτως,
1347 2570 1532 2641 ἐπειδὴ
1566 2573 1654 2626 καὶ
1684 2573 1784 2640 τήν
1816 2571 1938 2645 περὶ

280 2673 382 2735 τῆς
438 2662 634 2720 Ἰουδὶθ
686 2664 925 2739 ἱστορίαν
971 2664 1238 2738 περιέχει·
1270 2668 1388 2723 πῶς
1421 2663 1447 2716 6
1498 2663 1625 2722 Θεὸς
1655 2659 1935 2733 πολεμου-

284 2755 478 2827 μένους
514 2754 603 2808 καὶ
634 2752 1139 2829 πολιορκουμένους
1174 2752 1276 2806 ὑπὸ
1305 2756 1401 2805 τοῦ
1432 2751 1765 2827 Ὀλοφέρνου
1808 2749 1936 2811 τοὺς

280 2845 430 2906 υἱοὺς
466 2840 687 2915 Ἰσραήλ
721 2839 788 2896 δι’
820 2841 1031 2912 ἐκείνης
1080 2840 1246 2895 ἔσωσε
1281 2842 1374 2913 μὲν
1428 2839 1554 2899 τοὺς
1606 2839 1794 2904 λαοὺς,
1842 2840 1933 2893 τὸν

284 2930 341 2988 δέ
369 2931 705 3009 Ὁλοφέρνην
736 2929 1006 3001 ἐπάταξεν.
1042 2931 1105 2984 Ἦ
1157 2927 1214 2984 δὲ
1265 2927 1476 3004 ἱστορία
1524 2927 1682 2997 αῦτη.
1717 2923 1931 2982 Ναϐου-

283 3018 584 3097 χοδονόσορ
618 3022 645 3075 6
682 3017 936 3095 βασιλεὺς
980 3024 1087 3073 τῶν
1137 3018 1460 3092 ’Δσσυρίων,
1511 3016 1755 3090 πόλεμον
1785 3015 1930 3092 ἔχων

282 3112 415 3186 πρὸς
464 3106 734 3187 Ἀρφαξάδ
796 3107 1021 3184 βασιλέα
1077 3105 1323 3178 Μήδων,
1384 3103 1554 3181 ᾔτησε
1612 3106 1928 3181 συμμαχίαν

278 3201 421 3275 παρὰ
448 3204 555 3254 τῶν
588 3198 757 3252 ἐθνῶν
807 3198 1020 3251 πάντων
1066 3194 1170 3258 ἕως
1220 3196 1517 3271 Αἰγύπτου.
1550 3197 1638 3265 Μή
1690 3193 1930 3250 δεδωκό-

273 3310 380 3343 των
420 3286 477 3345 δὶ
507 3288 674 3359 αύτῷ,
724 3284 871 3341 ἀλλὰ
927 3286 1328 3362 ἀντειρηκότων
1388 3285 1628 3350 πάντων,
1682 3287 1814 3357 μετᾶ
1869 3286 1932 3340 τὸ

275 3385 494 3447 νικῆσαι
540 3377 631 3431 καὶ
676 3376 1049 3451 περιγενέσθαι
1098 3380 1196 3430 τοῦ
1246 3372 1556 3453 Ἀρφαξάδ,
1607 3372 1752 3429 ἔθετο
1800 3375 1935 3429 κατᾶ

275 3472 383 3523 τῶν
423 3472 500 3539 μή
536 3464 855 3521 δεδωκότων
902 3464 1169 3537 πόλεμον,
1199 3464 1287 3519 καὶ
1337 3462 1620 3519 ἀπέστειλε
1649 3464 1739 3517 τὸν
1777 3462 1933 3517 Ὀλο-

278 3557 475 3634 φέρνην
534 3556 667 3629 μετά
716 3552 998 3626 δυνάμεως
1043 3552 1263 3622 πολλῆς
1310 3555 1426 3607 κατ’
1461 3552 1655 3608 αὐτῶν.
1704 3552 1786 3608 Τὰ
1836 3552 1930 3623 μὲν

274 3644 364 3701 οὖν
423 3643 569 3699 ἄλλα
622 3644 796 3698 πάντα
855 3641 978 3712 ἔθνη
1042 3637 1224 3713 ἔλαϐε,
1258 3643 1346 3696 καὶ
1402 3642 1467 3696 τά
1513 3638 1716 3695 εἷ’δωλα
1756 3639 1928 3694 αὑτῶν

268 3734 597 3810 συνέτριψεν·
656 3733 706 3786 oi
759 3730 816 3786 δὲ
863 3730 971 3785 υἱοὶ
1027 3729 1245 3804 Ἰσραὴλ
1286 3728 1655 3801 ἠσφαλίσαντο
1688 3728 1929 3796 ἑαυτοὺς,

268 3824 360 3878 καὶ
412 3822 521 3897 οὐχ
574 3822 884 3890 ὑπήκουσαν
945 3824 1022 3892 τῷ
1066 3818 1387 3897 Ὀλοφέρνη,
1420 3814 1543 3873 οὕτε
1588 3813 1931 3896 ἐφοϐήθησαν

268 3911 433 3967 αὑτοῦ
462 3912 561 3978 τὴν
596 3907 852 3978 ἀπειλήν.
885 3910 946 3966 Ὁ
996 3906 1174 3963 τοίνυν
1227 3907 1400 3982 ἱερεὺς
1444 3908 1698 3980 Ἰωακεὶμ
1728 3905 1930 3982 ἔγραψε

264 4004 384 4059 τοῖς
417 3998 468 4053 ἐν
502 3997 776 4067 Βετυλούα
804 3996 995 4074 φράξαι
1026 3999 1137 4066 τὴν
1169 3994 1294 4052 ὁδὸν
1324 3994 1683 4073 Ὀλοφέρνου,
1738 3994 1924 4066 ἐπειδή

267 4088 467 4143 ἐκεῖθεν
526 4086 591 4155 ἦν
653 4085 817 4139 αὑτοῦ
873 4089 909 4154 ἡ
968 4083 1113 4147 ὁδός.
1173 4086 1271 4139 Καὶ
1329 4080 1569 4163 ἔφραξεν.
1620 4085 1778 4139 Κοιὶὸ
1831 4086 1924 4158 μὶν

267 4175 607 4254 Ὁλοφέρνης
656 4175 1015 4249 παρετάσσετο
1068 4174 1142 4235 εἰς
1190 4172 1437 4246 πόλεμον
1470 4194 1481 4204 ·
1533 4174 1742 4249 ’Δχιὼρ
1795 4170 1851 4227 δὲ
1900 4174 1927 4227 6

268 4266 573 4342 ἡγούμενος
604 4268 710 4318 τῶν
754 4265 884 4317 υἱῶν
936 4265 1163 4337 Ἀμμὼν
1212 4257 1599 4317 συνεϐούλευσε
1647 4267 1724 4334 τῷ
1768 4260 1924 4317 Ὀλο-

269 4354 436 4432 φέρνῃ
490 4354 566 4427 μὴ
618 4351 883 4425 πολεμεῖν
932 4357 1011 4425 τῷ
1051 4348 1189 4407 ἔθνει
1236 4356 1342 4405 τῶν
1393 4346 1678 4427 Ἐϐραίων,
1731 4348 1818 4405 διὰ
1862 4351 1925 4405 τὸ

271 4442 650 4518 ὑπερασπίζειν
685 4441 859 4496 αὐτῶν
910 4442 1001 4496 τὸν
1054 4441 1203 4497 Θεόν.
1254 4441 1352 4495 Καὶ
1406 4440 1676 4516 ὀργισθεὶς
1708 4442 1736 4494 6
1766 4440 1924 4495 Ὀλο-

266 4531 463 4609 φέρνης
515 4529 824 4585 ἀπέστειλεν
872 4530 1031 4584 αὑτὸν
1086 4530 1159 4591 ε”ς
1229 4529 1566 4600 Βετυλούαν,
1624 4530 1923 4600 ἀπειλήσας

266 4619 575 4691 ἀναιρήσειν
627 4619 812 4685 αὐτὸν,
873 4618 919 4674 εἰ
978 4617 1319 4693 περιγένοιτρ
1376 4623 1483 4672 τῶν
1534 4614 1818 4694 Ἐϐραίων,
1862 4620 1924 4674 Ὁ
1960 4613 2002 4675 D

270 4710 364 4782 μὲν
426 4707 516 4763 οῦν
578 4709 793 4783 Ἀχιὼρ
850 4710 916 4776 ἦν
969 4707 1020 4762 ἐν
1053 4707 1121 4781 τῇ
1174 4706 1447 4777 Βετυλούᾳ
1494 4707 1919 4781 ἀναπαυόμενος·

266 4798 293 4851 ὁ
326 4795 383 4852 δὶ
411 4796 751 4875 Ὀλοφέρνης
785 4794 1097 4872 ἐπολιόρκει
1129 4798 1228 4864 τήν
1271 4796 1455 4868 πόλιν,
1488 4793 1921 4871 προκαταλαϐὼν

262 4887 329 4941 τὰ
357 4884 543 4942 ὕδατα.
578 4883 722 4955 ’Ήδη
759 4883 816 4939 δὲ
843 4887 940 4939 τοῦ
975 4886 1110 4941 λαοῦ
1142 4884 1455 4947 ἐκλυθέντος
1504 4884 1593 4940 διὰ
1636 4886 1698 4941 τὸ
1741 4884 1922 4960 δίψος,

265 4976 354 5029 καὶ
403 4973 717 5047 μελλόντων
771 4973 1017 5029 ἐκδοῦναι
1076 4976 1174 5043 τὴν
1234 4974 1395 5030 πόλιν
1452 4980 1559 5031 τῶν
1617 4972 1920 5052 ἀρχόντων,

268 5066 302 5133 ἡ
362 5061 558 5120 Ἰουδὶο
593 5108 607 5135 ,
668 5059 1023 5119 ἀποϐαλοῦσα
1077 5065 1145 5118 τὰ
1198 5072 1298 5133 τῆς
1366 5065 1680 5140 χηρεύσεως
1732 5068 1924 5140 ἱμάτια

271 5150 495 5221 (ἐπένθει
529 5154 633 5229 γὰρ
678 5153 770 5207 τὸν
824 5150 1007 5225 ἄνδρα,
1039 5153 1129 5207 καὶ
1182 5150 1251 5207 δι’
1283 5152 1418 5209 ὅλου
1465 5150 1648 5227 ἔμενεν
1696 5158 1921 5223 νηστεύ-

272 5245 463 5313 ουσα),
518 5241 818 5315 ἐκόσμησεν
881 5242 1074 5311 ἐαυτήν
1132 5242 1207 5304 ὡς
1262 5244 1481 5321 νύμφην
1517 5264 1527 5275 ·
1590 5246 1679 5299 καὶ
1736 5245 1922 5302 πολλὰ

269 5329 683 5404 παρακαλέσασα
729 5330 858 5393 τοὺς
906 5330 1196 5407 ἄρχοντας,
1229 5331 1367 5387 ὥστε
1420 5335 1495 5406 μή
1552 5332 1794 5390 ἐκδοῦναι
1823 5338 1922 5405 τὴν

267 5417 425 5473 πόλιν
475 5421 640 5494 ἄχρις
691 5424 913 5497 ἡμερῶν
948 5428 1005 5489 ε’,
1038 5420 1258 5492 ἐξῆλθεν
1287 5423 1422 5493 αύτή
1472 5425 1609 5499 πρὸς
1638 5426 1729 5480 τὸν
1777 5426 1917 5481 Ολο-

267 5507 463 5585 φέρνην
502 5553 515 5578 ,
562 5509 651 5562 καὶ
702 5513 767 5582 τῇ
802 5508 964 5587 σοφίᾳ
1011 5509 1179 5579 αὐτῆς
1235 5510 1554 5582 ἀπατήσασα
1608 5513 1790 5583 αὑτὸν,
1848 5521 1917 5591 τῇ

2059 1947 2276 2001 mensis
2311 1947 2768 2018 duodecimi,qui
2799 1955 3035 2003 vocatur
3057 1949 3226 2002 Ader.
3263 1949 3483 2002 Dicitur
3516 1955 3710 2003 autem

2056 2038 2156 2093 illa
2199 2040 2324 2095 dies
2384 2041 2646 2111 ipsorum
2681 2041 2881 2113 lingua
2931 2042 3152 2097 Phrure
3183 2043 3316 2111 ('20).
3352 2042 3717 2113 Quapropter

2055 2135 2111 2182 et
2137 2128 2315 2182 Judaei
2352 2130 2407 2183 in
2442 2130 2541 2184 illa
2564 2136 2747 2184 Aman
2787 2130 3160 2197 comburunt,
3197 2136 3253 2186 et
3304 2131 3521 2185 festum
3555 2131 3710 2186 diem

2054 2222 2238 2288 agunt
2267 2218 2476 2273 salutis
2509 2219 2770 2289 ipsorum
2800 2218 3223 2274 memorialem.

2685 2487 2845 2541 Liber
2871 2486 3079 2542 Judith.

2120 2578 2208 2632 43.
2243 2577 2361 2633 Ηοο
2420 2578 2658 2635 nomine
2686 2585 2928 2635 vocatur
2976 2580 3084 2634 iste
3116 2579 3287 2645 liber,
3326 2581 3469 2650 quia
3516 2580 3706 2637 histo-

2048 2667 2195 2721 riam
2225 2666 2431 2722 Juditb
2484 2668 2762 2736 continet,
2793 2670 3086 2740 quomodo
3117 2668 3347 2724 scilicet
3376 2670 3528 2725 Deus
3553 2670 3704 2728 ﬁlios

2048 2755 2221 2810 Israel
2257 2756 2329 2811 ab
2367 2755 2731 2827 Holopherne
2761 2758 3136 2830 impugnatos
3152 2764 3211 2813 et
3245 2758 3542 2829 obsessos,
3574 2761 3703 2830 ejus

2045 2860 2223 2915 opera
2252 2843 3159 2917 liberaverit,Holophernemque
3191 2847 3567 2917 percusserit.
3606 2848 3705 2902 Est

2044 2939 2231 2988 autem
2266 2933 2509 2987 historia
2561 2933 2715 2989 talis.
2761 2933 3300 2989 Nabuchodonosor
3326 2934 3697 3005 Assyriorum

2043 3037 2163 3088 rex,
2195 3038 2329 3076 cum
2352 3021 2572 3076 bellum
2606 3028 2833 3094 gereret
2862 3023 3145 3078 adversus
3170 3022 3478 3091 Arphaxad
3505 3039 3699 3094 regem

2041 3110 2365 3175 Medorum,
2407 3111 2478 3166 ab
2529 3112 2801 3166 omnibus
2832 3112 3106 3183 gentibus
3148 3112 3220 3166 ad
3254 3112 3564 3183 {Egyptum
3601 3129 3698 3166 us-

2044 3215 2159 3269 que
2179 3198 2397 3254 auxilia
2428 3200 2694 3270 petierat.
2728 3200 2874 3255 Cum
2906 3217 3039 3255 vero
3073 3216 3247 3255 nemo
3280 3199 3562 3254 auxilium
3589 3201 3696 3255 mi-

2047 3289 2349 3355 sisset,sed
2385 3292 2719 3346 renuissent
2740 3297 3360 3361 omnes,posteaquam
3396 3290 3699 3347 victoriam

2043 3386 2191 3434 esset
2227 3385 2555 3447 assecutus,
2587 3385 2645 3435 et
2674 3378 2978 3451 Arphaxad
3024 3378 3177 3434 bello
3199 3384 3555 3450 superasset,
3576 3379 3699 3434 hel-

2044 3470 2168 3526 lum
2199 3471 2403 3526 intulit
2432 3471 2635 3543 iis,qui
2667 3471 2813 3526 nihil
2849 3470 3054 3527 auxilii
3090 3472 3392 3538 miserant,
3422 3472 3702 3544 misitque

2047 3562 2469 3633 Holophernem
2505 3564 2816 3618 adversum
2866 3579 2966 3617 eos
3016 3579 3150 3617 cum
3175 3579 3390 3634 magno
3421 3565 3698 3618 exercitu.

2046 3651 2142 3704 Hic
2173 3650 2317 3705 alias
2352 3651 2591 3721 quidem
2616 3656 2818 3723 gentes
2852 3668 3054 3706 omnes
3086 3651 3236 3705 bello
3269 3651 3439 3721 cepit,
3465 3656 3521 3705 et
3544 3651 3700 3705 idola

2039 3738 2302 3809 ipsarum
2338 3738 2642 3810 confregit.
2691 3736 2967 3794 Israelita;
3011 3755 3143 3793 vero
3177 3755 3304 3793 sese
3335 3739 3699 3793 communie-

2039 3833 2197 3897 runt,
2232 3843 2336 3881 nec
2392 3826 2745 3900 Holopherni
2776 3827 3061 3893 obsecuti,
3106 3844 3293 3898 neque
3328 3827 3503 3882 minis
3535 3827 3695 3883 illius

2040 3915 2331 3980 perterriti
2389 3920 2547 3971 sunt.
2603 3916 2852 3987 Scripsit
2910 3914 3108 3987 itaque
3161 3916 3431 3970 sacerdos
3460 3915 3692 3969 Joakim

2038 4004 2261 4059 civibus
2291 4005 2607 4077 Bethulyaa,
2642 4012 2705 4058 ut
2732 4005 2883 4060 viam
2916 4003 3274 4075 Holopherni
3299 4004 3690 4066 obstruerent,

2038 4092 2231 4147 isthac
2262 4092 2417 4148 enim
2443 4093 2552 4147 iter
2576 4094 2835 4148 facturus
2866 4098 3008 4148 erat.
3048 4092 3135 4146 llli
3167 4099 3362 4148 autem
3414 4093 3567 4147 viam
3591 4091 3693 4146 ob-

2040 4186 2403 4236 struxerunt.
2439 4180 2840 4254 Holophernes
2890 4182 3076 4253 igitur
3107 4183 3290 4237 aciem
3314 4182 3596 4236 instruxit
3621 4180 3691 4236 ad

2040 4287 2319 4343 pugnam.
2355 4270 2569 4326 thior
2602 4287 2730 4326 vero
2754 4271 3027 4343 princeps
3055 4271 3526 4326 Ammonitarum
3557 4289 3694 4326 con-

2038 4360 2237 4416 silium
2274 4360 2438 4415 dedit
2473 4359 2843 4431 Holopherni,
2878 4377 2948 4414 ne
2977 4361 3134 4432 genti
3171 4362 3538 4416 Hebraeorum
3574 4359 3696 4416 bel-

2036 4449 2154 4505 lum
2188 4449 2447 4513 inferret,
2474 4451 2627 4519 quod
2654 4448 2738 4503 illi
2772 4467 2805 4504 a
2837 4455 2947 4504 Deo
2982 4454 3440 4521 protegerentur.
3474 4448 3576 4504 Ille
3603 4450 3694 4505 in-

2036 4542 2316 4613 dignatus
2350 4540 2509 4595 misit
2534 4557 2667 4596 eum
2703 4540 3058 4610 Hethuliam,
3090 4539 3393 4594 interitum
3420 4539 3505 4593 illi
3537 4556 3693 4595 com-

2034 4632 2314 4697 minatus,
2348 4630 2395 4684 si
2420 4629 2655 4701 quando
2710 4630 2977 4684 Hebraeos
3035 4629 3307 4685 vinceret.
3341 4629 3554 4684 Achior
3582 4629 3690 4684 ita-

2035 4736 2149 4790 que
2180 4718 2473 4791 Betbulya
2503 4718 2874 4791 quiescebat:
2914 4718 3306 4790 llolophernes
3330 4735 3465 4774 vero
3489 4719 3691 4774 civita-

2034 4814 2149 4861 tem
2205 4808 2534 4872 obsidebat,
2597 4812 2654 4862 et
2684 4810 2810 4878 jam
2860 4824 3043 4879 aquas
3095 4807 3254 4862 illius
3290 4813 3692 4879 occupaverat.

2034 4897 2177 4951 Cum
2211 4897 2310 4952 siti
2351 4898 2471 4967 jam
2523 4896 2954 4969 periclitaretur
2986 4898 3260 4970 populus,
3311 4903 3368 4954 et
3397 4898 3692 4971 principes

2031 4987 2321 5042 civitatem
2346 4987 2621 5041 tradituri
2653 4987 3404 5059 essent,Judith,depositis
3434 4986 3688 5041 viduita-

2031 5076 2107 5130 tis
2139 5075 2402 5131 vestibus
2464 5075 2771 5145 (maritum
2817 5075 2973 5131 enim
3010 5082 3308 5131 mortuum
3341 5075 3599 5147 lugebat,
3631 5078 3688 5129 et

2033 5163 2294 5234 quotidie
2317 5163 2934 5235 jejunabat),seipsam
2954 5164 3146 5219 instar
3175 5180 3407 5236 sponsa
3438 5163 3685 5229 ornavit,

2032 5256 2088 5306 et
2118 5252 2320 5307 multis
2355 5252 2662 5308 adbortata
2680 5252 2968 5322 primores
2998 5253 3354 5323 civitatis,ne
3375 5250 3685 5319 civitatem,

2031 5341 2294 5410 adusque
2316 5343 2576 5412 quinque
2608 5342 2734 5397 dies
2765 5342 2918 5396 hosti
2937 5341 3331 5406 traderent,ad
3362 5338 3687 5411 Holopher-

2034 5447 2164 5485 nem
2187 5447 2424 5503 egressa
2453 5436 2563 5496 est,
2599 5434 2654 5485 et
2703 5447 2833 5485 cum
2872 5448 2978 5485 sua
3009 5430 3176 5485 illum
3210 5427 3499 5500 sapientia
3526 5428 3686 5482 dece-

2033 5522 2236 5592 pisset,
2268 5522 2438 5576 tertia
2492 5526 2625 5593 post
2653 5520 2764 5589 die,
2799 5520 3205 5591 ignorantibus
3238 5521 3345 5573 hoc
3393 5518 3553 5572 illius
3584 5513 3662 5568 mi

337 5706 452 5777 (20)
486 5705 543 5761 ln
578 5708 723 5763 festo
757 5707 997 5763 Phurim
1030 5712 1214 5764 Aman
1239 5708 1605 5766 comburitur
1645 5729 1677 5766 a
1707 5713 1947 5769 Judaeis.
1986 5716 2123 5773 Vide
2163 5716 2223 5771 in
2253 5717 2391 5773 Cod.
2415 5715 2831 5772 Theodosiano
2865 5711 2978 5785 leg.
3016 5714 3104 5783 18,
3136 5716 3207 5771 de
3229 5711 3476 5769 Judais.
