4170 6380
386 396 496 455 ΒἨ

1567 395 1634 454 8.
1681 390 2209 454 ATHANASIUS.
2253 422 2331 437 ε-
2373 391 2645 457 DUBIA.

3697 397 3820 459 δ’τῖ

380 526 603 595 litibus,
656 542 790 582 eum
841 525 1031 596 capite
1061 526 1373 580 truncavit.
1410 526 1534 590 Quo
1578 525 1730 580 facto
1750 523 2032 597 fugerunt

2179 522 2299 598 ρίτῃ
2354 526 2538 601 ἡμέρᾳ
2585 522 2978 601 ὰπεκεψόλισεν
3041 525 3246 594 αὐτὸν,
3299 524 3639 603 ἀγνοούντων
3701 532 3817 587 τῶν

381 615 599 682 Assyrii
635 631 647 668 :
684 614 957 670 Israelita
1015 631 1146 669 vero
1192 614 1590 685 undequaque
1620 618 2042 668 concurrentes

2175 618 2495 684 πρατιωτῶν
2543 615 2729 673 αὐτοῦ.
2782 616 2879 670 Καὶ
2930 614 3074 670 οὕτω
3121 614 3315 670 λοιπὸν
3364 617 3415 670 oi
3470 614 3565 688 μὲν
3620 616 3819 672 Ἀσσύ-

383 706 651 776 Assyrios
707 704 1095 758 trucidarunt.
1129 706 1313 775 Atque
1350 703 1429 759 ita
1460 702 1688 758 liberati
1721 709 1881 770 sunt,
1936 702 2039 757 ὕοι

391 794 690 865 stiumque
720 791 930 864 spoliis
959 791 1442 862 direptis,Judith
1477 806 1841 863 quascunque
1871 789 2045 848 Holoo

390 883 628 955 phernis
660 882 891 938 fuerant
919 881 1305 937 tradiderunt.
1330 881 1464 953 ipsa
1486 897 1621 936 vero
1648 880 1855 936 Judith
1886 873 2044 936 Jeru-

388 972 678 1045 solymam
711 971 966 1042 profecta
994 971 1196 1026 omnia
1226 970 1440 1026 obtulit
1495 969 1759 1036 Domino,
1793 970 2048 1040 indeque

388 1062 630 1117 domum
653 1076 906 1125 reversa,
949 1059 1103 1114 idem
1140 1058 1373 1129 pietatis
1402 1057 1746 1114 exercitium
1778 1058 2044 1124 retinuit,

388 1155 446 1205 et
475 1150 546 1204 ad
580 1153 823 1204 mortem
857 1164 1042 1218 usque
1074 1146 1249 1202 vidua
1280 1147 1606 1218 permansit
1638 1162 1650 1201 :
1688 1162 1858 1202 nemo
1888 1148 2045 1203 enim

386 1238 471 1293 illi
506 1238 744 1310 nuptias
776 1237 1127 1308 persuadere
1165 1236 1373 1307 potuit.
1436 1236 1666 1291 Mortua
1706 1241 1798 1291 est
1825 1241 2046 1301 autem,

390 1334 701 1399 postquam
733 1326 790 1379 in
824 1325 1108 1380 viduitate
1138 1324 1382 1379 honeste
1407 1324 1869 1391 vixisset,atatis
1891 1338 2048 1379 anno

393 1416 714 1473 centesimo
746 1414 978 1486 quinto.

1041 1518 1201 1573 Liber
1229 1517 1395 1573 Tobit.

474 1628 556 1681 44.
587 1626 704 1681 Ηοο
736 1625 970 1682 nomine
999 1628 1238 1680 vocatur
1268 1620 1361 1679 hic
1390 1616 1715 1695 liber,quia
1736 1623 2049 1680 historiam

402 1719 572 1775 Tobit
602 1717 879 1774 continet.
918 1719 1049 1771 Erat
1074 1719 1271 1770 autem
1320 1714 1415 1770 hic
1444 1712 1515 1770 de
1564 1715 1719 1770 tribu
1752 1710 2053 1787 Nephtha-

403 1808 592 1874 lim,iu
627 1806 1139 1878 captivitatemque
1153 1803 1441 1859 adductus
1454 1802 1703 1877 degebat
1730 1804 1787 1859 in
1821 1805 2053 1860 civitate

2154 719 2262 776 ριοι
2291 700 2511 779 ἔφυγον,
2555 705 2606 758 οἱ
2655 702 2713 759 δὲ
2759 705 2871 759 υἱοὶ
2915 703 3135 781 Ἰσραὴλ
3187 704 3524 781 πανταχόθεν
3578 704 3819 782 συνδρα-

2158 791 2369 864 μόντες,
2420 795 2720 868 κατέκοψαν
2770 793 2899 856 τοὺς
2950 794 3294 865 Ἀσσυρίους.
3337 794 3497 851 Οὕτω
3529 792 3586 850 δὲ
3615 794 3815 850 σωθὲνει

2152 897 2260 946 τις,
2286 882 2378 936 xui
2422 882 2813 945 σκυλεύσαντες
2862 882 2992 945 τοὺς
3042 882 3368 956 πολεμίους,
3425 880 3690 939 δεδώκασι
3740 890 3810 960 τῇ

2153 965 2351 1026 ’Ῐουδὶθ
2380 973 2553 1026 πάντα
2601 973 2669 1026 τὰ
2714 975 2812 1027 τοῦ
2860 971 3211 1049 Ὀλοφὲρνου.
3253 970 3407 1040 Αὐτὴ
3440 969 3499 1026 δὲ
3524 974 3560 1042 ἡ
3589 971 3811 1046 Ἰουδὶθ,

2155 1054 2469 1114 ἀπελθοῦσα
2526 1060 2602 1122 εἷς
2649 1061 2750 1131 τὴν
2808 1062 3190 1137 Ἱερουσακήμ,
3250 1058 3478 1131 ἀνιθηκε
3505 1062 3679 1116 πάντα
3732 1068 3812 1134 τῷ

2160 1146 2358 1219 Κυρίῳ,
2407 1147 2497 1202 καὶ
2550 1147 2925 1224 ὑποπρὲψασα
2976 1149 3055 1210 είς
3098 1149 3191 1203 τὸν
3244 1148 3392 1204 οἶκον
3443 1150 3659 1219 εαυτῆς,
3708 1152 3808 1219 τὴν

2157 1234 2324 1303 αὐτὴν
2378 1236 2524 1313 εἶχεν
2584 1239 2860 1308 ἄσκησιν,
2914 1239 3003 1293 καὶ
3081 1235 3346 1311 διέμεινεν
3418 1235 3526 1300 ἕως
3585 1240 3817 1303 θανάτου

2159 1326 2344 1400 χήρα,
2395 1323 2628 1398 μηδενὸς
2668 1327 2835 1397 αὐτὴν
2883 1326 3204 1402 ἰσχύσαντος
3252 1332 3433 1383 πεῖσαι
3479 1329 3556 1390 εἷς
3604 1330 3807 1403 γάμον,

2158 1413 2248 1468 καὶ
2274 1414 2523 1487 ἀπέθανε,
2577 1414 2780 1487 ζήσασα
2821 1414 3005 1477 καλῶς
3053 1416 3104 1471 ἐν
3155 1420 3224 1491 τῇ
3273 1416 3496 1493 χηρείᾳ,
3547 1416 3680 1472 ἑτῶν
3718 1424 3821 1493 ρι’.

2756 1516 2978 1577 Βιϐλίον
3008 1517 3217 1580 Τωόίτ.

2234 1624 2319 1684 44.
2356 1626 2711 1699 Ὀνὸμάζεται
2761 1624 2936 1690 οὕτως
2982 1626 3046 1683 τὸ
3100 1622 3338 1705 βιϐλίον,
3370 1624 3559 1697 ἐπειδή
3600 1630 3689 1684 xui
3719 1626 3820 1699 τήν

2160 1714 2285 1789 περῖ
2313 1712 2478 1770 αὐτοῦ
2506 1718 2603 1771 τοῦ
2651 1711 2833 1771 Τωϐὶτ
2881 1710 3124 1793 ἱστορίαν
3175 1716 3442 1792 περιέχει.
3495 1717 3592 1772 Ἦν
3643 1715 3701 1772 δὲ
3730 1714 3820 1772 οὗ-

2160 1824 2253 1865 τος
2311 1803 2416 1858 ἀπὸ
2479 1802 2573 1877 μὲν
2629 1803 2807 1884 φυλῆς
2865 1802 3199 1883 Νεφθαλείμ·
3272 1805 3465 1881 γέγονε
3522 1798 3581 1860 δὲ
3638 1805 3688 1861 ἐν
3751 1808 3826 1880 τῇ

402 1894 969 1961 Ninive,misericors
998 1896 1056 1949 et
1086 1890 1652 1964 religiosus.Etenim
1684 1910 1817 1948 cum
1850 1889 1907 1947 in
1928 1909 2055 1965 cap-

2175 1886 2544 1968 αἰχμαλωσίᾳ,
2577 1893 2663 1948 καὶ
2694 1894 2761 1963 ἦν
2796 1893 2847 1949 ἐν
2878 1897 2948 1967 τῇ
2993 1891 3196 1966 Νινευΐ,
3231 1892 3487 1967 ἐλεήμων
3531 1894 3622 1948 xui
3653 1895 3831 1949 θεοσε-

398 1987 1189 2049 tivitateesset,communem
1218 1999 1427 2054 panem
1459 1999 1527 2039 ex
1555 1984 1828 2053 gentibus
1842 2001 1953 2039 non
1972 2001 2061 2039 co-

403 2072 714 2144 medit,sed
748 2072 1008 2144 seipsum
1041 2069 1359 2127 custodivit
1394 2068 1549 2127 .Erat
1580 2074 1775 2127 autem
1808 2088 2054 2127 annonae

407 2164 712 2238 praefectus
769 2162 922 2227 apud
981 2176 1176 2233 regem
1207 2161 1651 2229 Enemesarum,
1684 2165 1738 2215 et
1786 2160 2063 2232 deposuit

408 2252 562 2324 apud
594 2249 936 2306 Gamaelum
966 2249 1025 2303 in
1084 2248 1267 2304 Media
1298 2246 1498 2304 decem
1546 2247 1786 2305 talenta.
1819 2250 1919 2305 lsti
1949 2245 2060 2305 Το-

414 2340 522 2397 biae
553 2339 820 2395 studium
852 2342 978 2393 erat
1034 2336 1353 2408 sepeliendi
1401 2341 1665 2393 mortuos
1717 2352 1787 2392 ex
1815 2337 2058 2394 Judaais.

417 2432 607 2502 Hujus
636 2427 1065 2502 gratiadelatus
1090 2427 1162 2482 ad
1183 2443 1374 2497 regem
1408 2426 1757 2494 Achirelem,
1786 2429 1921 2500 fuga
1949 2428 2063 2484 sibi

418 2519 693 2576 consulit.
729 2518 1170 2589 Regressusque
1208 2524 1240 2570 e
1269 2516 1427 2587 fuga,
1460 2532 1595 2571 cum
1628 2522 1926 2572 mortuum
1958 2517 2062 2573 ali-

422 2623 596 2680 quem
629 2604 955 2677 sepelisset,
991 2608 1152 2659 extra
1184 2618 1386 2659 muros
1416 2600 1789 2675 obdormivit,
1843 2609 1902 2661 et
1929 2623 2063 2662 cum

423 2712 526 2770 pro
557 2710 716 2750 more
747 2710 854 2750 suo
909 2698 1141 2765 apertos
1197 2692 1438 2749 haberet
1476 2689 1626 2749 inter
1654 2692 2065 2752 dormiendum

422 2783 642 2849 oculos,
702 2782 1040 2854 albuginem
1090 2780 1207 2838 illis
1255 2783 1562 2848 contraxit,
1624 2796 1729 2840 nec
1776 2782 1930 2840 ultra
1980 2787 2065 2840 vi-

419 2873 614 2929 debat.
647 2870 795 2928 181
832 2870 968 2927 Erat
1024 2876 1221 2927 autem
1250 2867 1563 2928 Ecbatanis
1625 2867 1745 2927 filia
1793 2869 2068 2946 Raguelis

417 2962 649 3035 cognati
680 2960 888 3034 ipsius,
922 2961 1157 3017 nomine
1185 2959 1346 3015 Sara.
1381 2960 1539 3015 Hanc
1588 2962 1816 3017 daamon
1852 2971 2066 3019 Asmo-

416 3054 574 3108 daeus
592 3069 707 3107 non
732 3049 1107 3123 permittebat
1128 3048 1523 3121 utquisquam
1538 3064 1774 3106 uxorem
1800 3048 2065 3109 haberet.

415 3138 716 3196 Occiderat
771 3136 927 3194 enim
953 3134 1078 3209 jam
1142 3138 1388 3207 septem,
1430 3132 1531 3208 qui
1579 3136 1741 3192 illam
1786 3150 2065 3209 sponsam

2169 1976 2296 2052 ϐής.
2326 1981 2428 2038 Καὶ
2460 1981 2563 2059 γὰρ
2610 1982 2660 2037 ἐν
2705 1986 2774 2057 τῇ
2806 1981 3165 2058 αἷχμαλωσίᾳ
3191 1982 3507 2059 γενόμενος,
3541 1981 3641 2038 οὐκ
3667 1979 3827 2051 ἤσθιε

2168 2070 2350 2125 κοινὸν
2380 2068 2539 2146 ἄρτον
2591 2070 2697 2126 ἀπὸ
2742 2076 2850 2126 τῶν
2899 2071 3083 2139 ἐθνῶν,
3123 2070 3267 2127 ἀλλὰ
3309 2070 3493 2127 ἑαυτὸν
3525 2073 3827 2149 συνετήρει.

2169 2156 2266 2215 Ἠν
2329 2152 2387 2213 δὲ
2441 2158 2531 2214 καὶ
2590 2151 3009 2238 προαγοραστής
3057 2165 3156 2214 τοῦ
3218 2159 3490 2236 βασιλέως
3541 2158 3829 2233 Ἐνεμεσά-

2173 2268 2291 2323 ρου,
2351 2249 2441 2303 καὶ
2485 2247 2747 2321 παρέθετο
2799 2247 2850 2305 ἐν
2904 2250 2973 2323 τῇ
3027 2242 3210 2322 Μηδίᾳ
3259 2247 3544 2323 Γαμαήλῳ
3589 2248 3830 2305 τάλαντα

2173 2334 2319 2393 δέκα.
2352 2336 2521 2399 Οὗτος
2566 2338 2593 2392 6
2641 2330 2821 2393 Τωϐὶτ
2868 2335 3109 2408 σπουδὴν
3144 2338 3260 2414 εἶχε
3291 2337 3509 2403 θάπτειν
3535 2337 3669 2401 τοὺς
3698 2338 3832 2393 ἀπο-

2173 2427 2504 2495 θνήσκοντας
2544 2432 2650 2482 τῶν
2695 2425 2989 2484 Ἰουδαίων.
3043 2418 3370 2497 Διαόληθεὶς
3402 2424 3459 2482 δὶ
3501 2431 3579 2499 τῷ
3615 2425 3835 2503 βασιλεῖ

2174 2514 2439 2590 ’Δχιρήλ,
2490 2511 2669 2593 ἔφυγε,
2718 2517 2806 2571 xui
2854 2514 3163 2580 ἰπανελθὼν
3212 2516 3302 2570 xui
3350 2514 3523 2590 θάψας
3570 2515 3694 2571 τινὰ
3724 2519 3831 2570 τῶν

2172 2600 2573 2675 ἀποθανόντων,
2633 2601 2904 2678 ἐκοιμήθη
2964 2602 3064 2678 ἔξω
3114 2608 3212 2660 τοῖ’)
3267 2603 3521 2680 τείχους,
3579 2604 3694 2675 xui,
3751 2605 3827 2667 ὡς

2174 2689 2398 2767 εἴωθεν,
2459 2692 2511 2748 ἐν
2560 2699 2639 2766 τῷ
2693 2697 2985 2767 κοιμᾶσθαι
3046 2692 3416 2770 ἀνεῳγμένους
3496 2691 3640 2769 ἔχων
3698 2693 3828 2755 τοὺς

2175 2782 2494 2862 ὀφθαλμοὺς
2524 2782 2709 2857 αὐτοῦ,
2760 2782 3086 2857 λευκώματα
3135 2776 3280 2859 ἔσχε,
3313 2783 3401 2838 καὶ
3433 2781 3532 2838 οὐκ
3560 2778 3636 2837 ἔτι
3670 2777 3829 2837 ἔϐλε-

2174 2893 2294 2928 πεν.
2354 2873 2454 2927 Ἦν
2516 2868 2573 2928 δὲ
2628 2872 2717 2927 καὶ
2779 2871 2830 2926 ἐν
2888 2867 3234 2934 Ἐκϐατάνοις
3285 2866 3523 2948 θυγάτηρ
3574 2875 3672 2925 τοῦ
3702 2871 3826 2923 Ῥα-

2183 2956 2361 3035 γουὴλ
2421 2966 2709 3039 συγγενοῦς
2769 2962 2932 3017 αὐτοῦ
2968 3008 2983 3032 ,
3036 2961 3219 3039 Σάρῥα
3271 2958 3500 3033 ὀνόματι
3536 3003 3547 3015 .
3607 2956 3825 3028 Ταύτην

2178 3052 2496 3123 γαμηθῆναι
2557 3049 2655 3105 οὐκ
2710 3050 2995 3126 ἐπέτρεπεν
3056 3051 3083 3105 6
3143 3047 3351 3121 δαίμων
3386 3047 3413 3102 6
3468 3043 3822 3120 Ἀσμοδαῖος.

2180 3142 2350 3197 Ἑπτὰ
2423 3142 2553 3215 γοῦν
2614 3140 2736 3210 ἑξῆς
2804 3134 3070 3202 λαϐόντας
3129 3134 3296 3207 αὐτὴν
3358 3136 3634 3192 ἀπέκτεινε
3667 3157 3679 3169 ·
3741 3136 3831 3190 xui

417 3233 779 3300 acceperant.
809 3231 1052 3300 Propter
1072 3227 1222 3281 hanc
1255 3238 1494 3281 causam
1527 3238 1659 3281 cum
1692 3225 2063 3285 vehementer

2179 3230 2315 3285 πάνυ
2348 3226 2651 3298 λυπηθεῖσα
2681 3230 2716 3298 ἡ
2748 3232 2899 3301 παῖς,
2949 3219 3174 3301 ηὔξατο,
3222 3222 3311 3282 καὶ
3353 3221 3665 3282 ἀπέστειλεν
3694 3223 3831 3297 αὖτῇ

2185 3310 3739 3328 --..-...,..-,ςι...

418 3319 764 3375 contristata
792 3314 1476 3389 esset,0ravit,misitque
1494 3312 1576 3371 illi
1598 3317 2067 3374 Deusauxiliato-

419 3422 540 3464 rem
574 3402 927 3479 Raphaelem
981 3402 1417 3479 archangelum.
1468 3400 1639 3461 Tobit
1697 3402 1879 3477 igitur
1934 3425 2068 3464 cum

418 3494 539 3552 filio
570 3508 678 3551 suo
708 3494 907 3551 Tobiae
934 3510 1070 3550 man
1091 3496 1374 3558 iasset,ne
1398 3491 1508 3550 sibi
1537 3490 1771 3550 aliunde
1805 3508 2065 3563 uxorem,

416 3600 591 3656 quam
622 3598 691 3640 ex
720 3585 873 3639 tribu
907 3586 964 3640 et
1010 3580 1356 3656 cognatione
1416 3596 1525 3638 sua
1553 3590 1834 3649 sumeret,
1867 3580 2068 3640 decem

416 3670 502 3728 illi
533 3672 889 3728 talentorum
912 3671 1367 3744 chirographum
1401 3666 2071 3744 dedit,praecepitque,ut

417 3762 621 3832 abiret,
645 3766 703 3818 et
756 3767 975 3834 peteret
1024 3778 1111 3817 ea.
1144 3759 1327 3816 Filius
1358 3765 1579 3831 autem,
1613 3772 1746 3816 cum
1776 3774 1883 3818 nec
1914 3756 2067 3819 viam

418 3856 746 3922 nosset,nec
776 3849 1078 3908 hominem
1110 3850 1181 3906 ad
1202 3864 1374 3922 quem
1410 3856 1533 3905 erat
1552 3847 2067 3925 proficiscendum,

414 3954 689 4015 egressus
735 3946 826 3997 est
874 3944 939 3995 ut
988 3938 1090 3994 vim
1150 3940 1260 3995 sibi
1294 3938 1518 3995 socium
1555 3945 1858 4011 quareret,
1882 3941 1939 3997 et
1970 3939 2066 3998 Dei

418 4028 782 4103 providentia
810 4029 1019 4085 incidit
1046 4028 1103 4082 in
1139 4026 1519 4099 Raphaelem,
1554 4024 1655 4099 qui
1691 4026 1948 4086 hominis
1978 4030 2068 4086 in-

418 4120 543 4175 star
571 4118 715 4173 foris
746 4117 1277 4187 stabat,pretioque
1308 4112 1477 4171 illum
1507 4112 1878 4185 conduxit,eo
1911 4114 2066 4191 quod

419 4224 482 4263 se
529 4207 633 4261 vim
687 4203 865 4278 hujus
895 4218 1146 4278 gnarum
1181 4218 1310 4260 esse
1341 4205 1574 4261 diceret.
1612 4204 1935 4263 Comitatus
1965 4202 2069 4264 ita-

420 4310 533 4368 que
562 4294 731 4349 illum
779 4299 868 4350 est
896 4293 1154 4365 Angelus
1184 4290 1243 4349 in
1270 4290 1461 4366 specie
1491 4287 1770 4363 hominis,
1805 4297 1906 4366 qui
1936 4298 2071 4351 Aza-

419 4385 536 4440 rias
558 4382 865 4439 diceretur.
892 4382 1035 4438 Cum
1068 4387 1265 4438 autem
1298 4384 1367 4437 ad
1403 4377 1702 4455 Tigridem
1736 4395 1925 4455 usque
1955 4382 2071 4440 ﬂu-

415 4472 573 4527 vium
607 4473 1030 4543 pervenissent,
1061 4470 1287 4527 volebat
1322 4463 1538 4526 Tobias
1596 4470 1654 4524 in
1708 4466 1805 4525 illo
1837 4465 2070 4527 lavandi

2183 3315 2383 3395 βοηθὸν
2431 3318 2459 3371 6
2507 3316 2657 3385 Θεὸς,
2706 3318 2799 3373 τὸν
2851 3315 3194 3393 ἀρχάγγελον
3244 3313 3510 3393 Ῥαφαήλ.
3561 3310 3618 3367 Ὃ
3657 3314 3832 3395 τοίνυν

2176 3401 2375 3476 Τωϐἰτ,
2407 3405 2784 3483 παραγγείλας
2826 3406 2906 3479 τῷ
2956 3405 3059 3479 υίῷ
3090 3404 3253 3460 αὐτοῦ
3299 3397 3504 3475 Τωϐία,
3538 3404 3615 3475 μὴ
3647 3394 3835 3457 λαϐεῖν

2179 3490 2486 3571 ἀλλαχόθεν
2518 3499 2747 3569 γυναῖκα
2776 3495 2822 3550 εί
2857 3496 2933 3568 μὴ
2966 3493 3026 3549 ἐκ
3054 3499 3152 3563 τῆς
3203 3491 3381 3572 φυλῆς
3424 3491 3592 3546 αὐτοῦ
3621 3489 3711 3545 xui
3739 3492 3836 3544 τοῦ

2179 3584 2395 3659 γὲνους,
2446 3578 2665 3638 δίδωσιν
2716 3583 2862 3656 αὐτῷ
2908 3583 2970 3639 τὸ
3017 3582 3384 3659 χειρόγραφον
3435 3582 3540 3636 τῶν
3587 3575 3714 3634 δέκα
3740 3599 3835 3633 τα-

2179 3672 2410 3738 λάντων,
2444 3672 2533 3728 xui
2582 3668 2883 3729 ἐντέλλεται
2939 3668 3081 3745 αὖτῷ
3111 3670 3362 3727 ἀπελθεῖν
3389 3670 3479 3725 καὶ
3510 3669 3827 3732 ἀπαιτῆσαι.

2179 3762 2422 3837 Ἀγνοῶν
2453 3760 2512 3816 δὲ
2541 3758 2569 3816 6
2594 3762 2721 3823 παῖς
2768 3760 2869 3830 τὴν
2922 3758 3045 3816 ὁδὸν
3095 3760 3185 3815 xui
3214 3760 3304 3814 τὸν
3347 3754 3653 3833 ἄνθρωπον,
3689 3755 3831 3831 ἐξέρ-

2177 3870 2334 3926 χεται
2371 3854 2600 3921 ζητῆσαι
2651 3844 3064 3925 συνοδοιπόρον,
3094 3847 3183 3904 xui
3235 3850 3369 3904 Θεοῦ
3417 3844 3650 3921 προνοίᾳ
3688 3843 3832 3919 εὑρί-

2178 3958 2291 3994 σκει
2321 3939 2413 3994 τὸν
2440 3938 2708 4016 Ῥαιραήλ,
2743 3939 2818 4003 ὡς
2873 3936 3156 4015 ἄνθρωπον
3209 3935 3415 3993 ἑστῶτα
3446 3934 3569 4009 ἔξω,
3618 3935 3707 3990 xui
3745 3956 3833 4006 μι-

2178 4029 2393 4084 σθοῦται
2454 4027 2613 4083 αὐτὸν
2674 4022 2905 4103 λέγοντα
2965 4025 3159 4082 εἰδέναι
3221 4026 3321 4096 τήν
3369 4023 3524 4082 ὁδόν.
3582 4020 3685 4080 Καὶ
3717 4044 3839 4078 συν-

2179 4110 2355 4172 οδεύει
2414 4115 2562 4190 αὖτῷ
2619 4117 2647 4171 6
2698 4114 2947 4194 ἅγγελος,
3006 4117 3080 4178 ὡς
3134 4110 3419 4190 ἅνθρωπος
3453 4158 3467 4180 ,
3535 4113 3844 4189 λεγόμενος

2180 4206 2450 4282 Ἀζαρίας.
2507 4204 2810 4269 Ἐλθόντων
2858 4202 2916 4260 δὲ
2963 4204 3137 4260 αὐτων
3191 4203 3266 4266 είς
3322 4204 3411 4259 τὸν
3452 4202 3644 4279 Τίγριν
3679 4221 3842 4257 ποτα-

2187 4292 2317 4367 μὸν,
2349 4292 2620 4366 ἠθέλησεν
2675 4292 2702 4349 ὁ
2749 4296 2876 4356 παῖς
2927 4292 3001 4356 εἷς
3051 4292 3209 4348 αὐτὸν
3241 4288 3541 4361 καταϐῆναι
3588 4288 3677 4345 xui
3708 4284 3838 4343 λού-

2182 4384 2398 4453 σασθαι,
2448 4380 2537 4438 xui
2586 4381 2741 4445 εὐθὺς
2793 4380 2949 4460 ἷχθὺς
2980 4378 3293 4453 ἐπεπήδησε
3328 4385 3407 4454 τῷ
3434 4377 3708 4455 παιδαρίῳ
3743 4378 3837 4450 μὲ-

2181 4493 2280 4547 γας
2317 4516 2328 4530 .
2390 4472 2446 4525 Ὀ
2518 4467 2576 4526 δὲ
2628 4469 2863 4547 ἅγγελος
2920 4471 3062 4526 εἶπεν
3120 4468 3266 4543 αὐτῷ
3336 4462 3685 4524 ἐπιλαϐέσθαι
3741 4464 3839 4519 τοῦ

416 4562 606 4633 gratia
642 4556 1014 4628 descendere,
1067 4562 1124 4615 et
1182 4572 1317 4614 mox
1371 4554 1549 4631 piscis
1580 4556 1820 4628 quidam
1862 4559 2063 4633 ingens

2185 4560 2398 4636 ἰχθύος,
2456 4559 2546 4615 καὶ
2604 4562 2786 4632 τεμεῖν
2837 4559 3019 4632 αὐτὸν,
3069 4559 3160 4613 xui
3211 4553 3397 4615 λαϐεῖν
3445 4559 3508 4612 τὸ
3548 4560 3718 4630 ἧπαρ,
3749 4553 3841 4608 καὶ

415 4629 644 4705 insiluit
669 4648 729 4705 in
789 4664 1058 4721 puerum.
1093 4651 1351 4721 Angelus
1374 4629 1515 4703 vero
1543 4646 1724 4719 jussit
1754 4644 1860 4716 illi,
1895 4629 1961 4705 ut
1991 4650 2063 4722 pi-

2179 4629 2278 4719 {iv
2315 4645 2565 4727 καρδίαν,
2597 4629 2686 4703 xui
2733 4650 2833 4717 τὴν
2884 4629 3087 4723 χολῆν,
3134 4646 3225 4703 xui
3252 4652 3421 4703 ταῦτα
3468 4629 3678 4722 τηρεῖν,
3715 4641 3843 4699 Εἶτα

417 4752 575 4795 scem
608 4737 765 4793 hunc
804 4736 1269 4811 apprehenderet
1297 4741 1352 4793 et
1401 4735 1457 4791 in
1494 4734 1681 4793 frusta
1737 4738 1982 4808 secaret,
2014 4744 2071 4795 et

416 4826 575 4883 illius
606 4824 805 4898 hepar,
840 4844 937 4883 cor
993 4828 1050 4882 et
1072 4824 1247 4882 bilem
1300 4827 1636 4883 desumeret
1687 4833 1743 4882 et
1792 4831 2068 4884 servaret.

422 4920 682 4987 Rogante
739 4920 941 4983 postea
973 4928 1170 4987 puero,
1196 4912 1253 4969 in
1287 4928 1461 4987 quem
1496 4910 1599 4971 illa
1632 4928 1807 4972 usum
1842 4914 2069 4988 forent;

423 5000 761 5077 respondit:
802 5008 990 5076 Hepar
1018 5004 1077 5059 et
1127 5018 1225 5059 cor
1255 5005 1494 5059 incensa
1525 5002 1851 5061 daemonem
1905 5002 2071 5077 fuga-

422 5097 606 5151 bunt:
644 5089 780 5149 bilis
811 5108 941 5148 vero
972 5090 1274 5148 oculorum
1323 5089 1659 5165 albuginem
1710 5095 2072 5166 repurgabit.

425 5184 612 5257 Hujus
627 5198 734 5257 ope
763 5187 818 5241 et
849 5180 1091 5240 consilio
1118 5180 1333 5239 Tobias
1365 5180 1544 5238 tiliam
1583 5182 1850 5255 Baguelis
1872 5184 2075 5240 Seram

427 5286 663 5329 uxorem
697 5272 879 5339 duxit,
914 5286 1048 5328 cum
1081 5270 1178 5326 ille
1209 5270 1411 5326 sumtu
1439 5273 1757 5327 daemonem
1794 5274 2077 5344 fugasset,

2187 4736 2598 4812 πυνθανομένου
2646 4736 2744 4792 τοῦ
2800 4732 3013 4805 παιδὸς,
3074 4734 3167 4799 Εἰς
3220 4736 3271 4791 τί
3323 4740 3579 4812 χρήσιμα
3628 4728 3841 4800 ταῦταζ

2190 4827 2396 4890 ἐκεῖνος
2456 4824 2581 4905 ἔφη·
2642 4827 2719 4884 Τὸ
2776 4823 2925 4900 ἧπαρ
2980 4825 3071 4881 xui
3128 4827 3164 4895 ἡ
3218 4821 3455 4902 καρδία,
3507 4820 3847 4896 θυμιώμενα,

2184 4912 2365 4987 διώξει
2403 4913 2498 4971 τὸν
2545 4910 2797 4987 δαίμονα⁵
2830 4917 2864 4984 ἡ
2900 4912 2956 4970 δὲ
3005 4913 3159 4991 χολῆ
3205 4914 3481 4989 καθαρίσει
3540 4914 3606 4966 τὰ
3637 4910 3843 4967 λευκώ-

2188 5026 2353 5078 ματα.
2392 5005 2454 5061 Ὁ
2484 5005 2578 5077 μὲν
2610 5000 2701 5058 οὖν
2721 5007 2849 5065 παῖς
2882 5002 3122 5077 [toﬁ-too]
3146 4996 3462 5075 συμϐουλίᾳ
3482 4997 3572 5054 xui
3596 4997 3845 5072 συνεργίᾳ

2186 5084 2453 5166 λαμϐάνει
2491 5093 2582 5161 τήν
2614 5094 2712 5147 τοῦ
2763 5084 3033 5168 Ῥαγουὴλ
3083 5089 3344 5166 θυγατέρα
3371 5090 3470 5158 τὴν
3505 5079 3714 5163 Σάῤῥαν
3748 5106 3845 5160 γυε

2184 5186 2364 5247 ναῖκα,
2426 5178 2760 5257 διωχθέντος
2816 5184 2914 5235 τοῦ
2968 5176 3254 5253 δαιμονίου
3312 5176 3365 5232 ὲν
3416 5182 3495 5249 τῷ
3540 5174 3845 5249 θυμιάματι

2186 5266 2387 5343 τούτῳ,
2436 5270 2525 5325 xui
2575 5266 2817 5331 δεθέντος
2862 5269 2937 5330 είς
2985 5269 3052 5323 τὰ
3098 5268 3340 5343 ἀνώτερα
3396 5267 3533 5343 μέρη
3571 5264 3848 5341 Αἰγύπτου

429 5360 529 5433 qui
589 5361 647 5416 in
688 5360 1090 5432 superioribus
1140 5354 1368 5431 Egypti
1432 5355 1696 5429 partibus
1749 5361 1820 5415 ab
1863 5359 2063 5432 Angelt

2192 5360 2295 5414 ὑπὸ
2348 5361 2447 5414 τοῦ
2503 5354 2758 5435 ἀγγέλου.
2819 5358 3013 5419 Μείνας
3072 5352 3129 5411 δὲ
3189 5357 3324 5430 μετά
3369 5363 3470 5426 τῆς
3518 5354 3771 5430 γυναικὸς
3819 5350 3847 5405 6

435 5452 651 5522 ligatus
682 5450 946 5507 est.Dum
979 5456 1174 5505 autem
1193 5466 1326 5504 cum
1352 5464 1528 5504 uxore
1561 5452 1823 5506 maneret
1844 5446 2078 5519 Tobias,

435 5540 995 5610 Azariamtanqnam
1020 5538 1387 5593 hominemin
1423 5537 1670 5594 Mediam
1705 5536 2080 5595 misit:cum-

438 5645 552 5700 que
587 5644 685 5699 per
716 5627 881 5683 illum
916 5630 1116 5683 decem
1139 5627 1359 5681 talenta
1393 5627 1728 5698 recepisset,
1761 5629 1832 5683 ad
1859 5633 2081 5699 patrem

2191 5441 2401 5510 Τωϐίας
2439 5491 2452 5515 ,
2510 5444 2834 5502 ἀποστέλλει
2903 5446 2993 5501 τὸν
3059 5442 3309 5521 Ἀζαρίαν
3345 5492 3361 5517 ,
3409 5440 3484 5507 ὡς
3560 5448 3841 5519 ἄνθρωπον

2195 5531 2342 5603 ὄντα,
2376 5534 2454 5599 είς
2485 5537 2581 5606 τὴν
2634 5530 2870 5606 Μηδίαν,
2919 5533 3008 5589 καὶ
3055 5533 3359 5605 ἀπαιτήσας
3390 5535 3599 5596 ἐκεῖνος
3626 5531 3693 5587 τὰ
3724 5526 3852 5584 δέκα

2196 5624 2451 5689 τάλαντα,
2512 5622 2831 5702 ὑποστρέφει
2892 5622 3027 5695 μετὰ
3080 5630 3181 5693 τῆς
3233 5623 3488 5700 γυναικὸς
3543 5620 3633 5676 καὶ
3682 5618 3850 5673 αὐτοῦ

441 5733 556 5772 una
579 5730 713 5773 eum
746 5715 841 5770 illo
895 5724 947 5771 et
983 5730 1158 5770 uxore
1198 5730 1306 5770 sua
1362 5730 1630 5773 reversus
1661 5723 1768 5773 est.
1797 5721 2063 5773 Reversui

2197 5713 2334 5785 πρὸς
2389 5714 2481 5768 τὸν
2535 5720 2758 5788 πατίῑρα.
2817 5710 3184 5789 Ὑποστρέψας
3242 5710 3302 5768 8!
3357 5708 3385 5767 ό
3436 5715 3587 5783 παῖς,
3635 5702 3847 5784 ὲγγρίει
