4170 6374
335 425 459 487 373

1440 428 1811 490 SYNOPSlS
1858 427 2325 487 SCRIPTUHAE
2372 428 2668 487 SACRIE.

3650 425 3766 481 374

329 563 401 633 τῇ
435 556 586 633 χολῇ
622 562 719 612 τοῦ
750 556 943 633 ίχθύος
972 557 1101 621 τοὺς
1146 558 1459 637 οφθαλμοὺς
1508 564 1605 613 τοῦ
1654 559 1880 635 πατρὸς,
1910 580 1976 613 κα

2114 576 2242 616 vero
2274 575 2436 632 puer,
2468 560 2668 615 oculos
2701 558 2881 631 patris
2915 557 3043 612 felle
3102 556 3282 628 piscis
3335 555 3585 621 obliniit,
3646 572 3764 627 quo

330 647 736 703 ἀποπίπτουσιν
799 648 852 701 αἱ
915 645 1156 718 λεπίδες,
1205 649 1294 702 καὶ
1356 649 1510 712 εὐθὺς
1580 643 1821 721 ἔϐλεψεν.
1874 650 1997 703 ’Ότε

336 738 430 809 μὶν
483 734 575 790 οῦν
631 734 918 812 ἐτυφλώθη
955 738 981 790 6
1012 731 1209 807 Τωϐἰτ,
1243 736 1309 805 ἦν
1359 735 1489 791 ἐτῶν
1531 744 1631 808 νη¹·
1668 736 1757 790 ὅτε
1804 734 1861 791 δὲ
1905 738 1992 790 ἀν-

331 820 558 899 έϐλεψεν
610 827 675 893 ἦν
729 824 863 880 ἰτῶν
913 828 997 897 Ec‘.
1056 826 1159 882 Kui
1209 824 1404 880 λοιπὸν
1458 826 1761 900 βλέψαντος
1807 827 1994 896 αὐτοῦ,

330 913 666 992 ἐφανέρωσεν
718 914 905 968 ἑαυτὸν
950 915 976 967 6
1008 913 1265 988 ἄγγελος,
1300 914 1383 969 ὅτι
1427 914 1525 969 οὐκ
1568 914 1852 990 ἅνθρωπος
1899 917 1989 984 ἧν,

328 1003 475 1058 ἀλλά
521 1003 669 1079 παρά
716 1004 782 1057 τὰ
823 1007 920 1057 τοῦ
970 1007 1104 1057 Θεοῦ
1148 1001 1423 1072 ἀπεστάλη
1462 1004 1537 1065 είς
1590 1005 1842 1079 βοήθειαν
1893 1005 1993 1058 αύ-

326 1095 437 1147 τῶν
467 1112 525 1146 τε
551 1092 641 1146 καὶ
689 1096 789 1160 τῆς
838 1090 1078 1168 Σάρρας.
1119 1092 1365 1167 Γηράσας
1405 1090 1462 1147 δὲ
1494 1094 1521 1146 6
1544 1088 1744 1159 Τωϐἱτ,
1780 1095 1992 1168 παρήγ-

327 1178 479 1256 γειλε
522 1185 600 1251 τῷ
642 1182 742 1251 υἱῷ
796 1181 961 1235 αὐτοῦ
1008 1175 1189 1251 Τωϐία
1222 1180 1476 1244 ἀπελθεῖν
1506 1181 1582 1243 εἰς
1610 1184 1708 1252 τήν
1744 1180 1986 1254 Μηδίαν,

334 1266 424 1323 διὰ
471 1271 570 1337 τὴν
620 1268 876 1341 ἐσομένην
926 1270 1304 1347 καταστροφὴν
1356 1277 1458 1339 τῆς
1510 1272 1695 1325 Νινευῒ
1740 1272 1876 1327 κατᾶ
1926 1273 1989 1326 τὸ

334 1357 489 1433 ῥῆμα
534 1364 689 1412 Ἰωνᾶ
742 1362 835 1412 τοῦ
887 1361 1193 1435 προφήτου.
1257 1359 1358 1415 Καὶ
1415 1359 1679 1431 ἐκλιπὼν,
1728 1360 1985 1415 ἀπέθανεν

333 1445 471 1499 ἐτῶν
501 1444 637 1520 ρνη’.
670 1447 726 1499 '0
756 1442 811 1500 δὲ
840 1447 956 1508 υἱὸς
994 1446 1156 1500 αὐτοῦ
1203 1442 1414 1508 Τωϐίας
1455 1447 1708 1511 ἀπελθὼν
1761 1449 1836 1510 είς
1885 1450 1984 1517 τήν

332 1532 577 1606 Μηδίαν,
634 1535 722 1589 καὶ
798 1534 967 1609 θάψας
1038 1534 1163 1597 τοὺς
1238 1536 1524 1611 πενθεροὺς
1598 1539 1815 1604 ἑαυτοῦ,
1893 1539 1983 1592 καὶ

325 1622 560 1684 ἀκούσας
612 1624 734 1700 περί
784 1626 883 1692 τῆς
934 1632 1311 1703 καταστροφῆς
1336 1628 1448 1694 ’τῆς
1481 1626 1683 1696 Νινευῗ,
1720 1626 1979 1682 ἀπέθανεν

331 1710 465 1765 ἐτῶν
496 1716 592 1788 ρξ’.

710 1808 931 1873 Βιϐλίον
970 1818 1171 1896 Σοφίας
1206 1817 1593 1892 Σολομῶντος.

397 1908 487 1962 45.
528 1906 700 1997 Σοφία
758 1905 1121 1997 Σολομῶντοᾷς
1181 1906 1427 1963 καλεῖται
1476 1910 1537 1962 τὸ
1591 1903 1826 1984 βιϐλίον.
1874 1911 1979 1967 Καὶ
2012 1931 2058 1997 Β

324 1992 427 2071 γὰρ
476 1995 564 2050 καὶ
607 2000 789 2065 τοῦτο,
824 1997 971 2072 φασὶ,
1007 1995 1277 2070 Σολομών
1326 1997 1466 2052 ἐστιν
1501 1998 1528 2051 ὁ
1559 1999 1788 2073 γράψας.
1824 2000 1975 2056 Ἔστι

325 2082 383 2139 δὲ
413 2083 462 2138 ἐν
509 2084 656 2157 αύτῷ
708 2082 1029 2140 διδασκαλία
1072 2083 1439 2158 δικαιοσύνης,
1472 2093 1561 2141 καὶ
1598 2088 1661 2141 τὸ
1699 2090 1976 2163 γνωρίζειν

320 2172 449 2234 τούς
496 2194 555 2227 τε
612 2172 852 2251 φαύλους
909 2171 1103 2249 ἄνδρας
1162 2175 1250 2229 καὶ
1310 2174 1435 2238 τοὺς
1489 2174 1838 2247 σπουδαίους,
1889 2181 1978 2233 καὶ

324 2261 632 2341 προφητεία
684 2264 805 2339 περὶ
864 2268 1118 2341 Χριστοῦ·
1152 2264 1240 2318 καὶ
1302 2264 1383 2319 ὅτι
1443 2263 1642 2338 πολλῷ
1695 2266 1845 2340 πόνῳ
1889 2268 1978 2323 καὶ

323 2350 474 2427 πόθῳ
521 2355 875 2428 κατορθοῦται
926 2354 1107 2431 σοφία’
1140 2348 1216 2409 ἔτι
1271 2351 1329 2409 δὲ
1371 2356 1458 2409 καὶ
1508 2353 1835 2433 φυσιολογία
1887 2379 1980 2431 με·

328 2445 477 2517 ρική²
529 2444 620 2498 καὶ
677 2442 812 2498 κατά
861 2441 1127 2512 εἰδώλων,
1178 2444 1266 2498 καὶ
1316 2448 1421 2499 τῶν
1472 2445 1605 2499 αὐτὰ
1642 2443 1978 2524 γλυφόντων,

324 2531 412 2587 καὶ
445 2532 496 2587 ἐν
528 2532 713 2595 αὐτοῖς
744 2532 1092 2604 ἐλπιζόντων,
1125 2534 1213 2588 καὶ
1248 2529 1644 2610 λατρευὸντων,
1673 2535 1763 2589 καὶ
1811 2536 1978 2609 ὕμνος

326 2622 417 2675 σὺν
473 2619 869 2698 ἐξομολογήσει
922 2626 1029 2676 τῶν
1098 2622 1473 2698 γεγενημένων
1534 2629 1651 2685 τοῖς
1702 2623 1980 2701 Ἰσραηλί-

323 2732 441 2773 ταις
499 2710 810 2785 θαυμασίων
871 2711 1102 2765 ἒνώπιον
1158 2717 1260 2765 τῶν
1321 2712 1532 2787 ἐχθρῶν
1604 2713 1778 2768 αὐτῶν
1837 2715 1981 2791 παρά

322 2802 417 2854 τοῦ
449 2803 604 2857 Θιοῦ.
640 2801 701 2854 Ἠ
735 2801 829 2872 μὲν
883 2798 973 2853 οὖν
1020 2802 1258 2875 περιοχὴ
1312 2805 1408 2855 τοῦ
1458 2796 1676 2876 βιϐλίου
1727 2808 1978 2858 τοιοῦτον

324 2884 441 2964 ἔχει
470 2889 562 2943 τὸν
596 2885 817 2965 τρόπον’
852 2891 886 2959 ἡ
940 2885 996 2943 δὲ
1046 2888 1512 2967 ἀνακεφαλαίωσίς
1561 2891 1699 2946 ἐστιν
1754 2890 1804 2946 ἐν
1855 2892 1981 2948 τού-

323 2999 458 3039 τοις.
493 2979 581 3032 Ἐν
628 2977 946 3053 προοιμίοις
998 2977 1093 3052 μὶν
1144 2979 1429 3055 προτροπὴ
1474 2976 1686 3034 δικαίου
1736 2981 1812 3043 εἷς
1860 2984 1982 3037 θεο-

335 3060 560 3138 σέϐειαν,
629 3064 719 3121 καὶ
778 3062 1011 3141 ἔλεγχος
1087 3062 1312 3128 ἀσεϐοῦς
1389 3064 1741 3145 βλασφήμου.
1805 3095 1831 3122 ‹‹
1891 3070 1981 3140 Μῆ

332 3153 502 3225 ζήλου
560 3153 686 3231 γὰρ,
739 3154 893 3231 φησὶ,
952 3155 1078 3217 τοὺς
1159 3155 1559 3231 ἀντιχρίστους,
1622 3155 1816 3221 οἵτινές
1881 3159 1982 3215 εἰσι

322 3243 560 3305 θάνατος·
618 3268 645 3295 ››
704 3242 865 3299 πόθεν
922 3244 971 3298 οἳ
1033 3239 1241 3305 ἀσεϐεῖς
1324 3245 1447 3319 περῖ
1526 3244 1604 3317 τῷ
1676 3252 1981 3324 σταυρῶσαι

2112 652 2281 723 facto,
2315 651 2661 706 deciderunt
2694 653 2765 704 ab
2798 649 2914 704 illis
2948 664 3230 719 squama,
3264 654 3321 703 et
3376 664 3509 702 mox
3567 648 3760 702 visum

2108 743 2530 813 recepitsenex.
2566 741 2737 795 Tobit
2760 756 2926 811 porro
2958 756 3088 793 cum
3112 742 3431 793 excazcatus
3461 742 3761 801 est,anno—

2106 848 2235 886 rum
2270 840 2393 887 erat
2423 844 2555 885 Lvm
2582 849 2593 897 ;
2630 846 2760 884 cum
2784 845 2915 884 vero
2934 830 3123 883 visum
3152 828 3431 898 reciperet
3453 828 3758 881 va1.Tum

2104 920 2339 976 demum
2373 937 2505 975 cum
2538 920 2709 974 Tobit
2735 916 3235 988 videret,Angelus
3265 932 3393 970 sese
3424 915 3759 969 manifesta-

2101 1010 2200 1079 vit,
2261 1011 2416 1079 quod
2474 1026 2586 1064 non
2639 1009 2814 1063 homo
2846 1013 3021 1070 esset,
3056 1007 3155 1061 sed
3186 1022 3220 1059 a
3254 1010 3364 1059 Deo
3396 1004 3634 1072 missus,
3697 1007 3761 1057 ut

2102 1098 2249 1169 ipsis
2280 1102 2337 1153 et
2366 1103 2513 1152 Sara:
2535 1114 2702 1168 opem
2733 1098 2925 1151 ferret.
2982 1095 3089 1150 Ubi
3148 1110 3281 1148 vero
3335 1108 3509 1148 senex
3569 1092 3758 1146 factus

2101 1190 2255 1240 esset
2285 1186 2477 1251 Tobit,
2514 1185 2629 1239 {ilio
2654 1201 2760 1239 suo
2793 1183 2983 1239 Tobiae
3019 1182 3339 1249 mandavit,
3399 1183 3465 1233 ut
3520 1179 3579 1232 in
3631 1179 3754 1233 Me-

2099 1274 2255 1330 diam
2291 1274 2496 1339 abiret,
2533 1275 2686 1346 quod
2721 1274 2984 1327 futurum
3017 1276 3172 1327 esset
3206 1275 3269 1324 ut
3298 1268 3503 1323 Ninive
3545 1283 3753 1322 secun-

2098 1364 2235 1419 dum
2264 1364 2505 1418 verbum
2540 1364 2698 1418 Jonas
2738 1361 3029 1432 Propheta:
3074 1360 3526 1415 subverteretur.
3549 1356 3618 1409 Et
3650 1356 3752 1411 de-

2095 1452 2296 1507 ficiens
2322 1455 2590 1506 mortuus
2618 1454 2706 1504 est
2735 1465 3023 1504 annorum
3049 1445 3423 1503 CLVIII.FillUB
3453 1460 3584 1497 vero
3606 1443 3753 1515 ;ejus

2096 1542 2389 1597 Tobiasin
2424 1543 2669 1597 Mediam
2703 1540 2998 1613 migravit,
3054 1539 3151 1594 ubi
3205 1538 3440 1592 tandem
3501 1534 3749 1606 sepultis

2095 1647 2294 1686 socero
2348 1648 2411 1686 ac
2474 1646 2665 1695 socru,
2723 1634 2780 1684 et
2825 1630 2897 1683 de
2950 1628 3156 1683 Ninive
3210 1624 3588 1680 subversione
3620 1639 3754 1695 per-

2092 1726 2258 1792 cepta
2290 1722 2464 1785 fama,
2499 1725 2765 1774 mortuus
2797 1723 2885 1775 est
2916 1723 3202 1772 annorum
3230 1731 3360 1769 cvu.

2492 1825 2653 1879 Liber
2683 1824 2986 1895 Sapientiae
3015 1822 3338 1877 Salomonis.

2160 1916 2246 1971 45.
2275 1915 2574 1986 Sapientia
2604 1911 2933 1968 Salomonis
2964 1915 3199 1965 vocatur
3238 1908 3331 1963 hic
3369 1906 3532 1961 liber.
3595 1906 3739 1961 Nam

2089 2007 2147 2059 et
2174 2004 2332 2059 hunc
2366 2022 2398 2058 a
2423 2002 2732 2059 Salomone
2764 2001 3047 2071 scriptum
3083 2014 3210 2053 esse
3242 1994 3741 2051 dicunt.Continet

2090 2098 2284 2147 autem
2317 2096 2372 2147 et
2402 2090 2728 2146 doctrinam
2752 2090 3020 2160 justiti-aa,
3054 2093 3111 2143 et
3142 2106 3258 2159 qua
3282 2089 3503 2143 ratione
3531 2106 3738 2156 cogno-

2090 2183 2287 2238 scendi
2320 2188 2459 2237 sunt
2488 2199 2621 2236 cum
2655 2180 2928 2253 improbi,
2976 2186 3099 2234 tum
3136 2178 3299 2251 probi
3331 2178 3437 2233 viri
3474 2197 3484 2234 :
3521 2180 3591 2233 ad
3624 2180 3743 2234 haec

2090 2279 2146 2327 et
2186 2272 2550 2343 prophetiam
2605 2272 2675 2325 de
2703 2269 2951 2325 Christo.
2990 2273 3163 2323 Docet
3219 2267 3392 2323 etiam
3450 2268 3744 2339 quomodo

2091 2360 2275 2418 multo
2308 2379 2454 2434 opus
2487 2360 2563 2416 sit
2587 2360 2783 2415 labore
2813 2364 2869 2414 et
2897 2358 3183 2413 desiderio
3201 2359 3270 2413 ad
3293 2358 3746 2427 comparandam

2091 2450 2725 2523 sapientiam.Habetur
2755 2466 2987 2521 quoque
3014 2449 3108 2503 hic
3132 2449 3202 2502 de
3232 2446 3553 2501 nonnullus
3576 2451 3749 2500 natu-

2092 2560 2166 2597 ra:
2190 2540 2454 2614 partibus
2486 2539 2825 2609 disputatio.
2862 2542 3004 2592 Item
3030 2541 3229 2592 contra
3250 2535 3405 2590 idola
3436 2539 3492 2590 et
3514 2534 3748 2589 illorum

2093 2629 2439 2702 sculptores,
2464 2633 2665 2683 contra
2696 2643 2816 2693 eos,
2851 2625 2949 2697 qui
2982 2641 3146 2696 spem
3181 2624 3241 2679 in
3273 2623 3390 2679 illis
3424 2626 3671 2695 ponunt,
3694 2637 3752 2692 et

2091 2738 2158 2777 ea
2180 2721 2427 2774 adorant
2455 2734 2519 2772 ac
2550 2716 2771 2771 colunt.
2799 2715 3079 2769 Praeterea
3114 2719 3170 2768 et
3221 2711 3477 2783 hymnus
3538 2712 3751 2782 adjun—

2094 2813 2187 2863 cta
2216 2806 2581 2862 confessione
2604 2803 2962 2859 mirabilium
2987 2801 3547 2874 operationum,qua3
3566 2801 3750 2857 Israe-

2090 2898 2211 2953 litis
2238 2914 2433 2953 coram
2468 2898 2729 2968 ipsorum
2760 2894 3018 2949 inimicis
3050 2910 3083 2947 a
3113 2892 3227 2948 Deo
3261 2893 3421 2947 facta:
3454 2896 3610 2947 sunt.
3637 2892 3748 2964 Igi-

2091 2994 2191 3044 tur
2218 2988 2347 3060 ipsa
2378 2987 2615 3058 quidem
2648 2984 2781 3038 libri
2814 2984 2991 3055 hujus
3014 2982 3332 3054 complexio
3356 2982 3512 3035 hunc
3542 2980 3601 3036 in
3626 2998 3749 3035 mo-

2094 3079 2235 3133 dum
2265 3076 2441 3132 habet
2470 3094 2481 3130 :
2516 3072 2915 3145 recapitulatio
2948 3089 3079 3126 vero
3104 3072 3160 3125 in
3182 3070 3311 3126 istis
3334 3075 3441 3125 est.
3476 3070 3539 3124 In
3572 3086 3751 3141 prooe~

2097 3164 2229 3222 miis
2260 3161 2752 3233 adhortatiojusti
2780 3166 2867 3217 est
2896 3163 2963 3217 ad
2999 3160 3216 3215 cultum
3269 3160 3391 3227 Dei,
3440 3164 3497 3213 et
3553 3174 3746 3229 repre-

2096 3254 2301 3311 hensio
2332 3251 2496 3324 impii
2521 3249 2872 3321 blasphemi.
2910 3272 2935 3297 ‹‹
2969 3253 3049 3303 Ne
3107 3247 3418 3313 aemuler-is,
3453 3267 3480 3296 »
3530 3246 3745 3317 inquit,

532 3304 537 3305 ,
1230 3304 1237 3305 κ
1397 3304 1404 3319 .
1578 3304 1586 3317 ι
1812 3304 1819 3324 ι

320 3333 408 3389 τὸν
453 3333 648 3409 Κύριον
693 3339 795 3403 τῆς
842 3330 1002 3404 δόξης
1048 3333 1240 3405 ἦλθον,
1272 3335 1361 3388 τὸν
1414 3335 1582 3389 αἶ’ὧνα
1619 3340 1808 3391 τοῦτον
1843 3358 1976 3413 προ-

2097 3304 2295 3311 "mu
2594 3304 2597 3305 ν
2634 3304 2673 3321 ν.
3406 3304 3417 3313 .
3614 3304 3630 3317 .
3732 3304 3743 3315 ,

2098 3368 2123 3393 ‹‹
2156 3342 2566 3405 Antichristos,
2598 3338 2694 3410 qui
2727 3343 2866 3392 sunt
2896 3337 3023 3408 ipsa
3055 3353 3234 3391 mors.
3274 3357 3300 3384 »
3330 3334 3494 3390 Unde
3527 3333 3745 3389 factum

326 3422 621 3498 κρίναντες
654 3421 735 3477 ὅτι
787 3422 877 3477 καὶ
924 3423 1056 3484 τοὺς
1106 3422 1446 3485 ἀποστόλους
1490 3422 1712 3495 ἐδίωξαν
1756 3428 1845 3481 xui
1879 3427 1979 3482 ἀπ-

326 3511 581 3567 έκτειναν·
626 3508 707 3565 ὅτι
752 3510 893 3573 τινες
946 3510 1153 3565 ἔσονται
1206 3512 1256 3566 οἰ
1309 3511 1706 3583 ἐξουθενοῦντες
1747 3516 1839 3569 τὸν
1890 3516 1981 3570 νό-

325 3622 424 3672 μον
476 3602 571 3654 τοῦ
624 3597 840 3676 Κυρίου,
868 3600 958 3653 καί
1001 3621 1141 3661 τινες
1193 3600 1243 3654 οἱ
1290 3602 1645 3676 ὑποταγέντες
1693 3604 1860 3676 αύτῷ·
1896 3604 1978 3660 ὅτι

322 3685 447 3744 οὐδὲ
504 3686 754 3758 πλήθους
814 3682 1152 3742 ἀσεϐούντων
1214 3689 1289 3751 εἷς
1364 3692 1590 3765 Χριστὸν
1665 3692 1898 3765 φείσεται
1950 3694 1977 3749 6

318 3776 467 3840 Θεός,
527 3778 675 3838 Ἑνὸς
730 3774 830 3853 γὰρ
887 3773 1099 3831 δικαίου
1154 3776 1500 3839 πιστεύοντος
1551 3784 1772 3854 Χριστῷ
1822 3780 1975 3853 μέλει

315 3866 396 3937 τῷ
440 3868 575 3936 Θεῷ,
608 3866 703 3920 κᾶν
754 3864 870 3927 νέος
923 3863 1184 3938 ἀποθάνῃ.
1235 3889 1254 3914 α
1308 3871 1485 3939 Γῆρας
1535 3867 1638 3941 γὰρ
1686 3867 1866 3940 τίμιον
1914 3866 1974 3923 ού

316 3954 380 4008 τὸ
434 3953 827 4030 πολυχρόνιον.
868 3979 887 4005 ι)
945 3953 1005 4008 Ei’
1051 3956 1139 4007 xui
1185 3949 1383 4022 ἀσεϐὴς
1430 3956 1527 4022 τήν
1575 3954 1832 4024 τελευτήν
1876 3962 1974 4012 τοῦ

318 4041 665 4103 πιστεύοντος
745 4046 959 4115 Χριστῷ
1030 4041 1400 4112 ἐξουθένωσεν,
1469 4042 1596 4099 ἀλλ’
1663 4044 1971 4120 ἐκλέγονται

317 4129 424 4186 ἀπὸ
468 4133 722 4207 Χριστοῦ.
758 4132 826 4187 Οἱ
873 4126 1080 4194 ἀσεϐεῖς
1122 4131 1302 4204 ἀτίμῳ
1352 4133 1605 4204 πτώματι
1654 4132 1972 4206 παραδοθή-

315 4241 516 4289 σονται,
549 4220 639 4274 καὶ
675 4218 886 4295 μεγάλῃ
912 4220 1078 4295 κρίσει
1111 4216 1617 4291 καταϐληθτςσονται
1664 4224 1716 4276 οἱ
1749 4220 1969 4278 διῶκται

313 4312 421 4363 τῶν
480 4314 576 4364 τοῦ
624 4309 858 4385 Χριστοῦ
907 4304 1119 4364 δούλων
1172 4309 1221 4364 ἐν
1275 4314 1343 4382 τῇ
1392 4309 1585 4386 κρίσει,
1621 4310 1824 4374 ἰδόντες
1870 4312 1967 4381 τὴν

317 4396 470 4469 δόξαν
527 4395 693 4452 αύτοῦ
751 4397 841 4452 xui
916 4397 1113 4467 αὐτῶν,
1161 4397 1249 4453 καὶ
1307 4398 1527 4461 ἑαυτοὺς
1588 4400 1665 4461 εἷς
1721 4399 1966 4458 κόλασιν.

314 4491 432 4542 Ὅτι
492 4486 730 4549 πλοῦτος
794 4487 929 4560 μετὰ
979 4485 1294 4556 ἀλαζονείας
1357 4483 1734 4561 συμϐέϐληται
1808 4492 1966 4562 ἡμῖν.

312 4577 400 4638 Τίς
470 4576 604 4651 ὀργὴ
662 4581 770 4631 τῶν
832 4570 1167 4631 ἀσεϐούντων
1230 4575 1304 4638 εἷς
1362 4577 1612 4652 Χριστόν.
1674 4582 1963 4655 Προτροπή

2093 3434 2190 3502 sit,
2226 3430 2381 3503 quod
2413 3427 2581 3499 impii
2613 3444 2678 3482 eo
2706 3427 3063 3491 devenerint,
3092 3428 3155 3479 ut
3200 3423 3513 3478 Dominum
3554 3422 3752 3495 gloria

2091 3520 2520 3591 cruciﬁgerent,
2553 3517 2693 3572 dum
2730 3531 2982 3585 praesens
3023 3512 3301 3569 saeculum
3354 3512 3435 3567 illi
3495 3512 3749 3567 antefer-

2090 3615 2264 3673 rent;
2325 3607 2479 3677 quod
2534 3605 2643 3675 ipsi
2701 3602 2991 3674 Apostolis
3041 3602 3326 3671 persecuti
3358 3601 3475 3655 sint
3505 3609 3557 3654 et
3606 3600 3749 3655 occi-

2089 3700 2314 3763 derint;
2341 3694 2491 3767 quod
2527 3693 2708 3747 futuri
2740 3693 2860 3747 sint
2891 3692 3152 3763 quidam,
3178 3690 3278 3761 qui
3312 3690 3494 3761 legem
3517 3686 3747 3743 Domini

2086 3788 2484 3849 contemnant,
2520 3781 2758 3853 quidam
2791 3797 2924 3834 vero
2961 3779 3079 3849 alii,
3113 3780 3210 3850 qui
3246 3776 3328 3831 illi
3359 3779 3477 3831 sint
3520 3776 3746 3831 obtem~

2087 3874 2381 3948 paraturi;
2433 3876 2489 3927 et
2528 3871 2681 3942 quod
2734 3875 2882 3923 Deus
2934 3884 3004 3923 ne
3072 3864 3435 3922 multitudini
3505 3864 3742 3935 quidem

2084 3980 2308 4027 eorum,
2343 3961 2443 4032 qui
2476 3960 2653 4030 impie
2676 3958 2732 4013 in
2762 3956 3056 4012 Christum
3092 3958 3292 4026 agunt,
3327 3953 3404 4008 sit
3436 3968 3739 4024 parsurus.

2083 4051 2310 4107 Etenim
2356 4048 2533 4103 unius
2575 4046 2745 4117 justi,
2786 4046 3018 4101 Christo
3069 4042 3381 4105 credentis,
3441 4057 3580 4096 cura
3654 4044 3743 4096 est

2083 4140 2237 4196 182
2277 4138 2412 4206 Deo,
2449 4135 2671 4192 etiamsi
2709 4135 2763 4188 in
2798 4133 3189 4189 adolescentia
3220 4132 3523 4187 moriatur.
3576 4152 3604 4179 ‹‹
3640 4130 3740 4184 Se-

2081 4234 2288 4285 nectus
2321 4226 2533 4300 quippe
2566 4221 2915 4279 venerabilis
2972 4226 3080 4289 est,
3108 4238 3223 4276 non
3284 4221 3565 4275 diuturna
3585 4218 3648 4272 5°.
3709 4240 3738 4269 »

2083 4321 2147 4375 Et
2177 4318 2226 4374 si
2258 4316 2476 4389 impius
2510 4318 2757 4370 mortem
2790 4313 2938 4383 ejus,
2974 4310 3074 4383 qui
3108 4310 3337 4365 Christo
3369 4309 3572 4374 credit,
3605 4324 3739 4363 con-

2084 4408 2318 4472 temnit,
2369 4423 2402 4460 a
2444 4402 2673 4458 (hristo
2733 4407 2930 4456 tamen
2989 4398 3136 4454 tales
3195 4397 3515 4469 eliguntur.
3569 4396 3740 4468 lmpii

2080 4494 2481 4570 ignominiosa:
2514 4490 2693 4546 ruinas
2727 4489 3114 4555 tradentur,et
3134 4485 3337 4558 grandi
3385 4487 3739 4541 condemna-

2076 4586 2232 4642 tione
2269 4584 2715 4657 prosternentur
2743 4577 3026 4649 injudicii
3051 4575 3271 4649 die,qui
3296 4591 3493 4631 servos
3519 4574 3739 4631 Christi

310 4670 426 4727 τοῖς
478 4662 711 4741 ἄρχουσι
767 4666 862 4719 τοῦ
925 4666 1166 4740 Ἰσραὴλ,
1215 4663 1352 4720 ὥστε
1409 4666 1673 4721 πιστεύειν
1728 4668 1961 4743 Χριστῷ,

2091 4674 2528 4746 persequuntur,
2553 4670 2816 4723 videntes
2858 4665 3100 4738 gloriam
3125 4665 3337 4720 Christi
3363 4669 3417 4721 et
3465 4681 3736 4722 suorum.

317 4752 529 4827 μᾶλλον
577 4752 633 4809 δὲ
689 4756 979 4829 παράθεσις
1037 4760 1152 4817 τοῖς
1213 4756 1443 4830 ἄρχουσι
1502 4759 1601 4822 τῆς
1652 4756 1967 4827 Καθολικῆς

312 4841 661 4914 Ἐκκλησίας,
706 4847 821 4905 πῶς
882 4840 1069 4918 ἄρχειν
1128 4840 1207 4898 δεῖ
1261 4844 1691 4923 ἀποστραφέντος
1742 4846 1966 4904 ἐκείνου.

313 4931 401 4994 Τίς
461 4933 496 5002 ἡ
556 4933 738 5009 σοφία,
772 4931 799 4986 ὁ
852 4932 970 4994 Υἱὸς
1026 4938 1123 4987 τοῦ
1182 4937 1353 5002 Θεοῦ;
1389 4935 1491 4989 Καὶ
1549 4939 1662 4995 πῶς
1712 4936 1739 4988 ὁ
1792 4936 1967 5011 Λόγος

317 5020 442 5097 σὰρξ
507 5019 714 5096 γέγονε,
786 5017 874 5075 καὶ
955 5021 1254 5090 ἐσκήνωσεν
1316 5020 1365 5075 ἐν
1424 5024 1582 5095 ἡμῖν.
1636 5026 1761 5080 ’Ότι
1818 5025 1967 5100 κάγὼ

319 5110 658 5182 ὁμοιοπαθὴς
709 5110 860 5182 ὑμῖν,
909 5108 980 5164 ὢν
1028 5108 1330 5184 ἄνθρωπος,
1378 5110 1436 5165 ἐκ
1477 5111 1777 5175 κελεύσεως
1835 5119 1969 5169 Θεοῦ

319 5197 699 5272 πεπαίδευμαι.
733 5199 861 5275 Περὶ
910 5197 1164 5274 Χριστοῦ,
1197 5204 1265 5273 τῇ
1313 5199 1475 5278 σοφίᾳ
1525 5205 1616 5255 τοῦ
1658 5203 1812 5258 Θεοῦ.
1845 5204 1967 5260 ’Ότι

320 5285 527 5342 πάντων
580 5289 680 5356 τὴν
740 5292 935 5364 γνῶσιν
994 5288 1047 5358 ἐξ
1078 5288 1245 5357 αὐτῆς
1303 5287 1487 5364 ἔσχον.
1524 5291 1609 5347 Ἐν
1665 5292 1765 5367 γὰρ
1820 5292 1967 5367 χειρὶ

318 5374 477 5430 αὐτοῦ
508 5378 598 5431 xui
630 5380 794 5450 ἡμεῖς
824 5377 911 5431 καὶ
945 5378 996 5432 οἱ
1030 5376 1190 5451 λόγοι
1231 5380 1413 5451 ἡμῶν.
1446 5378 1534 5440 Τίς
1578 5382 1611 5449 ἡ
1664 5380 1846 5458 σοφία,
1881 5382 1970 5435 καὶ

318 5468 434 5527 πῶς
466 5466 541 5527 εἰς
572 5466 891 5542 ἀνθρώπους
923 5465 1077 5535 ἦλθε·
1117 5466 1211 5539 μία
1256 5468 1356 5543 γὰρ
1407 5466 1539 5522 οῦσα
1590 5468 1764 5524 πάντα
1814 5467 1971 5524 δύνα-

317 5574 425 5625 ται,
454 5555 545 5609 καὶ
599 5554 835 5629 μένουσα
885 5556 937 5612 ἐν
989 5555 1145 5631 αὐτῇ,
1187 5557 1255 5611 τὰ
1300 5556 1473 5612 πάντα
1521 5558 1765 5628 καινίζει.
1806 5586 1828 5612 ι
1862 5559 1970 5629 Τὴν

392 5735 437 5770 ³ο
466 5737 603 5811 Sap.
636 5756 711 5811 1v,
743 5740 800 5798 8.

2079 4781 2141 4819 se
2194 4779 2325 4818 vero
2375 4760 2444 4815 ad
2488 4758 2845 4830 supplicium
2908 4756 3052 4828 rapi.
3107 4756 3263 4820 Quod
3298 4753 3508 4809 divitiae
3568 4755 3738 4810 nobis

2078 4869 2211 4907 cum
2259 4848 2589 4922 arrogantia
2644 4845 3006 4919 contingant.
3041 4844 3173 4908 Quae
3207 4845 3284 4899 sit
3316 4843 3402 4898 ira
3434 4844 3529 4899 Dei
3562 4860 3740 4915 super

2078 4957 2197 5011 eos,
2232 4938 2330 5010 qui
2366 4936 2541 5008 impie
2575 4936 2630 4989 in
2665 4934 2956 4990 Christum
2992 4933 3360 5005 delinquunt.
3394 4932 3737 4988 Adhortatio

2079 5028 2149 5084 ad
2185 5026 2475 5098 principes
2504 5024 2828 5094 Israelis,ut
2859 5022 3088 5077 Christo
3108 5023 3367 5087 credant,
3392 5022 3509 5076 imo
3546 5020 3737 5091 potius

2080 5114 2443 5172 denuntiatio
2464 5111 2827 5184 principibus
2841 5111 3136 5166 catholicae
3153 5108 3738 5179 Ecclesiae,quomodo

2081 5222 2276 5278 regere
2307 5204 2557 5259 debeant
2586 5205 2719 5273 post
2740 5201 2900 5255 illius
2950 5200 3312 5254 abscessum.
3365 5196 3497 5258 Qua
3538 5196 3617 5250 sit
3646 5212 3737 5251 sa-

2080 5292 2318 5364 pientia,
2348 5306 2555 5361 nempe
2590 5287 2769 5343 Filius
2803 5287 2952 5342 Dei?
3011 5288 3079 5341 Et
3134 5284 3427 5354 quomodo
3482 5283 3738 5339 Verbum

2080 5381 2158 5435 sit
2189 5396 2321 5434 caro
2357 5380 2597 5444 l'actum,
2624 5378 2802 5447 inque
2834 5374 3002 5429 nobis
3032 5370 3399 5428 habitaverit.
3452 5370 3739 5436 Quoniam

2081 5476 2139 5526 et
2168 5487 2292 5542 ego,
2326 5468 2542 5541 inquit,
2572 5469 2772 5523 eadem
2806 5466 3103 5520 vobiscum
3138 5478 3345 5533 passus
3376 5476 3532 5527 sum,
3566 5462 3739 5515 homo

2082 5559 2359 5627 existens,
2393 5559 2636 5629 etjussu
2671 5554 2773 5611 Dei
2803 5552 3127 5625 disciplinas
3160 5549 3547 5606 subditus.De
3573 5548 3734 5605 Chri-
