  <div class='ocr_page' id='page_1' title='image "/cluster/home/n/w/nwhite01/storage/ocr_20150623/28:no.4/coo.31924054873090/201.png"; bbox 0 0 4170 6404; ppageno 0'>
   <div class='ocr_carea' id='block_1_1' title="bbox 355 401 474 460">
    <p class='ocr_par' dir='ltr' id='par_1_1' title="bbox 355 401 474 460">
     <span class='ocr_line' id='line_1_1' title="bbox 355 401 474 460; baseline -0.017 0"><span class='ocrx_word' id='word_1_1' title='bbox 355 401 474 460; x_wconf 79' lang='grc'>375</span> 
     </span>
    </p>
   </div>
   <div class='ocr_carea' id='block_1_2' title="bbox 1547 399 2589 462">
    <p class='ocr_par' dir='ltr' id='par_1_2' title="bbox 1547 399 2589 462">
     <span class='ocr_line' id='line_1_2' title="bbox 1547 399 2589 462; baseline -0.006 0"><span class='ocrx_word' id='word_1_2' title='bbox 1547 403 1616 462; x_wconf 93' lang='lat' dir='ltr'>S.</span> <span class='ocrx_word' id='word_1_3' title='bbox 1659 399 2187 462; x_wconf 76' lang='lat' dir='ltr'>ATHANASIUS.</span> <span class='ocrx_word' id='word_1_4' title='bbox 2222 431 2298 441; x_wconf 97' lang='lat'><strong>—</strong></span> <span class='ocrx_word' id='word_1_5' title='bbox 2329 399 2589 459; x_wconf 84' lang='lat' dir='ltr'>DUBIA.</span> 
     </span>
    </p>
   </div>
   <div class='ocr_carea' id='block_1_3' title="bbox 3659 403 3782 463">
    <p class='ocr_par' dir='ltr' id='par_1_3' title="bbox 3659 403 3782 463">
     <span class='ocr_line' id='line_1_3' title="bbox 3659 403 3782 463; baseline 0.016 -3"><span class='ocrx_word' id='word_1_6' title='bbox 3659 403 3782 463; x_wconf 86' lang='lat'>376</span> 
     </span>
    </p>
   </div>
   <div class='ocr_carea' id='block_1_4' title="bbox 357 526 2028 606">
    <p class='ocr_par' dir='ltr' id='par_1_4' title="bbox 357 530 2008 604">
     <span class='ocr_line' id='line_1_4' title="bbox 357 530 2008 604; baseline -0.001 -16"><span class='ocrx_word' id='word_1_7' title='bbox 357 536 446 588; x_wconf 87' lang='lat' dir='ltr'>sto</span> <span class='ocrx_word' id='word_1_8' title='bbox 476 533 824 604; x_wconf 78' lang='lat' dir='ltr'>sapientiam</span> <span class='ocrx_word' id='word_1_9' title='bbox 861 535 954 587; x_wconf 98' lang='lat' dir='ltr'>Dei</span> <span class='ocrx_word' id='word_1_10' title='bbox 981 533 1554 600; x_wconf 89' lang='lat' dir='ltr'>habente.0mnium,</span> <span class='ocrx_word' id='word_1_11' title='bbox 1586 532 1800 604; x_wconf 85' lang='lat' dir='ltr'>inquit,</span> <span class='ocrx_word' id='word_1_12' title='bbox 1823 530 2008 587; x_wconf 83' lang='lat' dir='ltr'>exilia</span> 
     </span>
    </p>
   </div>
   <div class='ocr_carea' id='block_1_5' title="bbox 2140 526 3780 606">
    <p class='ocr_par' dir='ltr' id='par_1_5' title="bbox 2140 526 3780 606">
     <span class='ocr_line' id='line_1_5' title="bbox 2140 526 3780 606; baseline 0.003 -26"><span class='ocrx_word' id='word_1_13' title='bbox 2140 528 2330 605; x_wconf 73' lang='grc' dir='ltr'>τοφίαν,</span> <span class='ocrx_word' id='word_1_14' title='bbox 2385 554 2412 578; x_wconf 84' lang='grc'><strong>››</strong></span> <span class='ocrx_word' id='word_1_15' title='bbox 2463 530 2643 606; x_wconf 73' lang='grc' dir='ltr'>φησίν,</span> <span class='ocrx_word' id='word_1_16' title='bbox 2679 555 2705 580; x_wconf 86' lang='grc'><strong>‹‹</strong></span> <span class='ocrx_word' id='word_1_17' title='bbox 2768 530 2826 584; x_wconf 86' lang='grc' dir='ltr'>ἐκ</span> <span class='ocrx_word' id='word_1_18' title='bbox 2876 549 3125 598; x_wconf 81' lang='grc' dir='ltr'>νεοτητος</span> <span class='ocrx_word' id='word_1_19' title='bbox 3181 526 3442 605; x_wconf 78' lang='grc' dir='ltr'>φιλήσας,</span> <span class='ocrx_word' id='word_1_20' title='bbox 3492 528 3663 584; x_wconf 86' lang='grc' dir='ltr'>πάντα</span> <span class='ocrx_word' id='word_1_21' title='bbox 3712 533 3780 585; x_wconf 74' lang='grc' dir='ltr'>τὰ</span> 
     </span>
    </p>
   </div>
   <div class='ocr_carea' id='block_1_6' title="bbox 359 620 2019 692">
    <p class='ocr_par' dir='ltr' id='par_1_6' title="bbox 359 620 2019 692">
     <span class='ocr_line' id='line_1_6' title="bbox 359 620 2019 692; baseline 0 -18"><span class='ocrx_word' id='word_1_22' title='bbox 359 620 749 692; x_wconf 82' lang='lat' dir='ltr'>cognitionem</span> <span class='ocrx_word' id='word_1_23' title='bbox 783 622 987 676; x_wconf 80' lang='lat' dir='ltr'>habeo.</span> <span class='ocrx_word' id='word_1_24' title='bbox 1026 623 1086 675; x_wconf 91' lang='lat' dir='ltr'>ln</span> <span class='ocrx_word' id='word_1_25' title='bbox 1139 638 1318 676; x_wconf 90' lang='lat' dir='ltr'>manu</span> <span class='ocrx_word' id='word_1_26' title='bbox 1369 623 1522 676; x_wconf 89' lang='lat' dir='ltr'>enim</span> <span class='ocrx_word' id='word_1_27' title='bbox 1584 621 1743 676; x_wconf 89' lang='lat' dir='ltr'>illius</span> <span class='ocrx_word' id='word_1_28' title='bbox 1801 626 1856 674; x_wconf 91' lang='lat' dir='ltr'>et</span> <span class='ocrx_word' id='word_1_29' title='bbox 1915 635 2019 674; x_wconf 90' lang='lat' dir='ltr'>nos</span> 
     </span>
    </p>
   </div>
   <div class='ocr_carea' id='block_1_7' title="bbox 359 708 2020 780">
    <p class='ocr_par' dir='ltr' id='par_1_7' title="bbox 359 708 2020 780">
     <span class='ocr_line' id='line_1_7' title="bbox 359 708 2020 780; baseline -0.001 -18"><span class='ocrx_word' id='word_1_30' title='bbox 359 724 568 763; x_wconf 87' lang='lat' dir='ltr'>sumus</span> <span class='ocrx_word' id='word_1_31' title='bbox 598 712 655 763; x_wconf 88' lang='lat' dir='ltr'>et</span> <span class='ocrx_word' id='word_1_32' title='bbox 677 725 981 764; x_wconf 79' lang='lat' dir='ltr'>sermones</span> <span class='ocrx_word' id='word_1_33' title='bbox 1012 710 1216 764; x_wconf 88' lang='lat' dir='ltr'>nostri.</span> <span class='ocrx_word' id='word_1_34' title='bbox 1277 709 1411 773; x_wconf 65' lang='lat' dir='ltr'>Quae</span> <span class='ocrx_word' id='word_1_35' title='bbox 1469 711 1547 765; x_wconf 90' lang='lat' dir='ltr'>sit</span> <span class='ocrx_word' id='word_1_36' title='bbox 1604 708 1912 780; x_wconf 81' lang='lat' dir='ltr'>sapientia,</span> <span class='ocrx_word' id='word_1_37' title='bbox 1964 713 2020 762; x_wconf 91' lang='lat' dir='ltr'>et</span> 
     </span>
    </p>
   </div>
   <div class='ocr_carea' id='block_1_8' title="bbox 359 795 2020 868">
    <p class='ocr_par' dir='ltr' id='par_1_8' title="bbox 359 795 2020 868">
     <span class='ocr_line' id='line_1_8' title="bbox 359 795 2020 868; baseline -0.001 -18"><span class='ocrx_word' id='word_1_38' title='bbox 359 798 652 868; x_wconf 91' lang='lat' dir='ltr'>quomodo</span> <span class='ocrx_word' id='word_1_39' title='bbox 684 797 784 852; x_wconf 90' lang='lat' dir='ltr'>illa</span> <span class='ocrx_word' id='word_1_40' title='bbox 816 799 886 852; x_wconf 92' lang='lat' dir='ltr'>ad</span> <span class='ocrx_word' id='word_1_41' title='bbox 919 797 1189 853; x_wconf 81' lang='lat' dir='ltr'>homines</span> <span class='ocrx_word' id='word_1_42' title='bbox 1219 799 1465 854; x_wconf 84' lang='lat' dir='ltr'>venerit.</span> <span class='ocrx_word' id='word_1_43' title='bbox 1490 801 1634 854; x_wconf 88' lang='lat' dir='ltr'>Cum</span> <span class='ocrx_word' id='word_1_44' title='bbox 1665 797 1822 852; x_wconf 90' lang='lat' dir='ltr'>enim</span> <span class='ocrx_word' id='word_1_45' title='bbox 1847 795 2020 851; x_wconf 92' lang='lat' dir='ltr'>unica</span> 
     </span>
    </p>
   </div>
   <div class='ocr_carea' id='block_1_9' title="bbox 358 882 2022 956">
    <p class='ocr_par' dir='ltr' id='par_1_9' title="bbox 358 882 2022 956">
     <span class='ocr_line' id='line_1_9' title="bbox 358 882 2022 956; baseline -0.001 -18"><span class='ocrx_word' id='word_1_46' title='bbox 358 884 453 954; x_wconf 83' lang='lat' dir='ltr'>sit,</span> <span class='ocrx_word' id='word_1_47' title='bbox 487 885 686 939; x_wconf 81' lang='lat' dir='ltr'>omnia</span> <span class='ocrx_word' id='word_1_48' title='bbox 708 891 918 956; x_wconf 80' lang='lat' dir='ltr'>potest,</span> <span class='ocrx_word' id='word_1_49' title='bbox 943 891 1000 940; x_wconf 92' lang='lat' dir='ltr'>et</span> <span class='ocrx_word' id='word_1_50' title='bbox 1031 901 1162 940; x_wconf 90' lang='lat' dir='ltr'>cum</span> <span class='ocrx_word' id='word_1_51' title='bbox 1187 885 1246 939; x_wconf 90' lang='lat' dir='ltr'>in</span> <span class='ocrx_word' id='word_1_52' title='bbox 1280 903 1342 940; x_wconf 91' lang='lat' dir='ltr'>se</span> <span class='ocrx_word' id='word_1_53' title='bbox 1374 886 1503 956; x_wconf 88' lang='lat' dir='ltr'>ipsa</span> <span class='ocrx_word' id='word_1_54' title='bbox 1537 891 1790 951; x_wconf 90' lang='lat' dir='ltr'>maneat,</span> <span class='ocrx_word' id='word_1_55' title='bbox 1821 882 2022 938; x_wconf 80' lang='lat' dir='ltr'>omnia</span> 
     </span>
    </p>
   </div>
   <div class='ocr_carea' id='block_1_10' title="bbox 357 969 2019 1045">
    <p class='ocr_par' dir='ltr' id='par_1_10' title="bbox 357 969 2019 1045">
     <span class='ocr_line' id='line_1_10' title="bbox 357 969 2019 1045; baseline -0.001 -18"><span class='ocrx_word' id='word_1_56' title='bbox 357 977 555 1028; x_wconf 91' lang='lat' dir='ltr'>tamen</span> <span class='ocrx_word' id='word_1_57' title='bbox 587 972 844 1028; x_wconf 86' lang='lat' dir='ltr'>innovat.</span> <span class='ocrx_word' id='word_1_58' title='bbox 878 996 905 1022; x_wconf 86' lang='lat'><strong>«</strong></span> <span class='ocrx_word' id='word_1_59' title='bbox 939 974 1247 1040; x_wconf 85' lang='lat' dir='ltr'>Quoniam,</span> <span class='ocrx_word' id='word_1_60' title='bbox 1306 995 1334 1024; x_wconf 75' lang='lat' dir='ltr'>n</span> <span class='ocrx_word' id='word_1_61' title='bbox 1391 973 1606 1045; x_wconf 88' lang='lat' dir='ltr'>inquit,</span> <span class='ocrx_word' id='word_1_62' title='bbox 1658 973 1766 1027; x_wconf 87' lang='lat' dir='ltr'>«ab</span> <span class='ocrx_word' id='word_1_63' title='bbox 1824 969 2019 1026; x_wconf 89' lang='lat' dir='ltr'>adole-</span> 
     </span>
    </p>
   </div>
   <div class='ocr_carea' id='block_1_11' title="bbox 359 1059 2019 1132">
    <p class='ocr_par' dir='ltr' id='par_1_11' title="bbox 359 1059 2019 1132">
     <span class='ocr_line' id='line_1_11' title="bbox 359 1059 2019 1132; baseline -0.001 -16"><span class='ocrx_word' id='word_1_64' title='bbox 359 1061 582 1116; x_wconf 89' lang='lat' dir='ltr'>scentia</span> <span class='ocrx_word' id='word_1_65' title='bbox 611 1060 961 1132; x_wconf 84' lang='lat' dir='ltr'>sapientiam</span> <span class='ocrx_word' id='word_1_66' title='bbox 990 1062 1281 1129; x_wconf 90' lang='lat' dir='ltr'>adamavi,</span> <span class='ocrx_word' id='word_1_67' title='bbox 1315 1064 1517 1116; x_wconf 87' lang='lat' dir='ltr'>omnia</span> <span class='ocrx_word' id='word_1_68' title='bbox 1537 1063 1691 1116; x_wconf 91' lang='lat' dir='ltr'>bona</span> <span class='ocrx_word' id='word_1_69' title='bbox 1720 1078 1788 1116; x_wconf 81' lang='lat' dir='ltr'>ex</span> <span class='ocrx_word' id='word_1_70' title='bbox 1806 1059 1904 1115; x_wconf 91' lang='lat' dir='ltr'>illa</span> <span class='ocrx_word' id='word_1_71' title='bbox 1933 1075 2019 1114; x_wconf 83' lang='lat' dir='ltr'>ac-</span> 
     </span>
    </p>
   </div>
   <div class='ocr_carea' id='block_1_12' title="bbox 359 1148 2024 1221">
    <p class='ocr_par' dir='ltr' id='par_1_12' title="bbox 359 1148 2024 1221">
     <span class='ocr_line' id='line_1_12' title="bbox 359 1148 2024 1221; baseline -0.001 -17"><span class='ocrx_word' id='word_1_72' title='bbox 359 1148 486 1220; x_wconf 83' lang='lat' dir='ltr'>cepi</span> <span class='ocrx_word' id='word_1_73' title='bbox 517 1150 582 1215; x_wconf 76' lang='lat'>“,</span> <span class='ocrx_word' id='word_1_74' title='bbox 618 1171 645 1197; x_wconf 83' lang='grc'><strong>››</strong></span> <span class='ocrx_word' id='word_1_75' title='bbox 678 1149 935 1204; x_wconf 85' lang='lat' dir='ltr'>carnalia</span> <span class='ocrx_word' id='word_1_76' title='bbox 965 1149 1392 1220; x_wconf 89' lang='lat' dir='ltr'>etspiritualia.</span> <span class='ocrx_word' id='word_1_77' title='bbox 1417 1149 1661 1221; x_wconf 91' lang='lat' dir='ltr'>Cognita</span> <span class='ocrx_word' id='word_1_78' title='bbox 1698 1149 1854 1205; x_wconf 90' lang='lat' dir='ltr'>enim</span> <span class='ocrx_word' id='word_1_79' title='bbox 1904 1164 2024 1202; x_wconf 87' lang='lat' dir='ltr'>ma-</span> 
     </span>
    </p>
   </div>
   <div class='ocr_carea' id='block_1_13' title="bbox 361 1238 2023 1311">
    <p class='ocr_par' dir='ltr' id='par_1_13' title="bbox 361 1238 2023 1311">
     <span class='ocr_line' id='line_1_13' title="bbox 361 1238 2023 1311; baseline -0.001 -19"><span class='ocrx_word' id='word_1_80' title='bbox 361 1239 670 1311; x_wconf 89' lang='lat' dir='ltr'>gnitudine</span> <span class='ocrx_word' id='word_1_81' title='bbox 697 1238 1314 1309; x_wconf 64' lang='lat' dir='ltr'>sapientiae,postulavi</span> <span class='ocrx_word' id='word_1_82' title='bbox 1341 1255 1375 1293; x_wconf 89' lang='lat' dir='ltr'>a</span> <span class='ocrx_word' id='word_1_83' title='bbox 1395 1238 1664 1305; x_wconf 89' lang='lat' dir='ltr'>Domino,</span> <span class='ocrx_word' id='word_1_84' title='bbox 1701 1244 1764 1293; x_wconf 92' lang='lat' dir='ltr'>ut</span> <span class='ocrx_word' id='word_1_85' title='bbox 1785 1239 2023 1293; x_wconf 87' lang='lat' dir='ltr'>daretur</span> 
     </span>
    </p>
   </div>
   <div class='ocr_carea' id='block_1_14' title="bbox 361 1326 2024 1398">
    <p class='ocr_par' dir='ltr' id='par_1_14' title="bbox 361 1326 2024 1398">
     <span class='ocr_line' id='line_1_14' title="bbox 361 1326 2024 1398; baseline -0.002 -16"><span class='ocrx_word' id='word_1_86' title='bbox 361 1327 506 1382; x_wconf 89' lang='lat' dir='ltr'>mihi</span> <span class='ocrx_word' id='word_1_87' title='bbox 541 1327 795 1397; x_wconf 88' lang='lat' dir='ltr'>Spiritus</span> <span class='ocrx_word' id='word_1_88' title='bbox 826 1332 1086 1394; x_wconf 90' lang='lat' dir='ltr'>sanctus,</span> <span class='ocrx_word' id='word_1_89' title='bbox 1120 1328 1216 1398; x_wconf 87' lang='lat' dir='ltr'>qui</span> <span class='ocrx_word' id='word_1_90' title='bbox 1240 1343 1331 1382; x_wconf 91' lang='lat' dir='ltr'>me</span> <span class='ocrx_word' id='word_1_91' title='bbox 1353 1328 1425 1382; x_wconf 91' lang='lat' dir='ltr'>de</span> <span class='ocrx_word' id='word_1_92' title='bbox 1448 1327 1551 1381; x_wconf 90' lang='lat' dir='ltr'>illa</span> <span class='ocrx_word' id='word_1_93' title='bbox 1579 1326 2024 1391; x_wconf 87' lang='lat' dir='ltr'>illuminaret,et</span> 
     </span>
    </p>
   </div>
   <div class='ocr_carea' id='block_1_15' title="bbox 364 1415 2024 1488">
    <p class='ocr_par' dir='ltr' id='par_1_15' title="bbox 364 1415 2024 1488">
     <span class='ocr_line' id='line_1_15' title="bbox 364 1415 2024 1488; baseline -0.002 -17"><span class='ocrx_word' id='word_1_94' title='bbox 364 1416 584 1471; x_wconf 87' lang='lat' dir='ltr'>missus</span> <span class='ocrx_word' id='word_1_95' title='bbox 612 1421 720 1477; x_wconf 87' lang='lat' dir='ltr'>est,</span> <span class='ocrx_word' id='word_1_96' title='bbox 757 1421 820 1469; x_wconf 90' lang='lat' dir='ltr'>ut</span> <span class='ocrx_word' id='word_1_97' title='bbox 850 1432 1079 1470; x_wconf 89' lang='lat' dir='ltr'>mecum</span> <span class='ocrx_word' id='word_1_98' title='bbox 1111 1416 1420 1470; x_wconf 87' lang='lat' dir='ltr'>laboraret.</span> <span class='ocrx_word' id='word_1_99' title='bbox 1455 1415 1847 1488; x_wconf 80' lang='lat' dir='ltr'>Cogitationes</span> <span class='ocrx_word' id='word_1_100' title='bbox 1865 1431 2024 1468; x_wconf 91' lang='lat' dir='ltr'>nam-</span> 
     </span>
    </p>
   </div>
   <div class='ocr_carea' id='block_1_16' title="bbox 364 1503 2020 1575">
    <p class='ocr_par' dir='ltr' id='par_1_16' title="bbox 364 1503 2020 1575">
     <span class='ocr_line' id='line_1_16' title="bbox 364 1503 2020 1575; baseline -0.001 -17"><span class='ocrx_word' id='word_1_101' title='bbox 364 1519 478 1575; x_wconf 88' lang='lat' dir='ltr'>que</span> <span class='ocrx_word' id='word_1_102' title='bbox 510 1503 840 1558; x_wconf 67' lang='lat' dir='ltr'>mortalium</span> <span class='ocrx_word' id='word_1_103' title='bbox 873 1505 1090 1559; x_wconf 67' lang='lat' dir='ltr'>timidae</span> <span class='ocrx_word' id='word_1_104' title='bbox 1121 1510 1280 1558; x_wconf 92' lang='lat' dir='ltr'>sunt.</span> <span class='ocrx_word' id='word_1_105' title='bbox 1333 1511 1407 1558; x_wconf 87' lang='lat' dir='ltr'>De</span> <span class='ocrx_word' id='word_1_106' title='bbox 1463 1503 1740 1575; x_wconf 87' lang='lat' dir='ltr'>operibus</span> <span class='ocrx_word' id='word_1_107' title='bbox 1789 1503 2020 1574; x_wconf 87' lang='lat' dir='ltr'>sapien-</span> 
     </span>
    </p>
   </div>
   <div class='ocr_carea' id='block_1_17' title="bbox 365 1592 2024 1664">
    <p class='ocr_par' dir='ltr' id='par_1_17' title="bbox 365 1592 2024 1664">
     <span class='ocr_line' id='line_1_17' title="bbox 365 1592 2024 1664; baseline 0 -19"><span class='ocrx_word' id='word_1_108' title='bbox 365 1593 480 1652; x_wconf 74' lang='lat' dir='ltr'>tiae.</span> <span class='ocrx_word' id='word_1_109' title='bbox 541 1593 842 1655; x_wconf 90' lang='lat' dir='ltr'>Quomodo</span> <span class='ocrx_word' id='word_1_110' title='bbox 877 1593 1134 1664; x_wconf 91' lang='lat' dir='ltr'>primum</span> <span class='ocrx_word' id='word_1_111' title='bbox 1199 1593 1495 1647; x_wconf 88' lang='lat' dir='ltr'>hominem</span> <span class='ocrx_word' id='word_1_112' title='bbox 1547 1592 1960 1659; x_wconf 87' lang='lat' dir='ltr'>custodiverit,</span> <span class='ocrx_word' id='word_1_113' title='bbox 1993 1607 2024 1645; x_wconf 94' lang='lat' dir='ltr'>e</span> 
     </span>
    </p>
   </div>
   <div class='ocr_carea' id='block_1_18' title="bbox 364 1680 2025 1752">
    <p class='ocr_par' dir='ltr' id='par_1_18' title="bbox 364 1680 2025 1752">
     <span class='ocr_line' id='line_1_18' title="bbox 364 1680 2025 1752; baseline -0.001 -17"><span class='ocrx_word' id='word_1_114' title='bbox 364 1683 598 1751; x_wconf 87' lang='lat' dir='ltr'>quantis</span> <span class='ocrx_word' id='word_1_115' title='bbox 628 1680 797 1736; x_wconf 88' lang='lat' dir='ltr'>malis</span> <span class='ocrx_word' id='word_1_116' title='bbox 829 1681 982 1736; x_wconf 87' lang='lat' dir='ltr'>Deus</span> <span class='ocrx_word' id='word_1_117' title='bbox 1011 1683 1314 1736; x_wconf 85' lang='lat' dir='ltr'>credentes</span> <span class='ocrx_word' id='word_1_118' title='bbox 1345 1683 1456 1737; x_wconf 88' lang='lat' dir='ltr'>sibi</span> <span class='ocrx_word' id='word_1_119' title='bbox 1489 1687 1758 1752; x_wconf 82' lang='lat' dir='ltr'>servet,et</span> <span class='ocrx_word' id='word_1_120' title='bbox 1800 1686 2025 1752; x_wconf 88' lang='lat' dir='ltr'>quanta</span> 
     </span>
    </p>
   </div>
   <div class='ocr_carea' id='block_1_19' title="bbox 365 1770 2020 1844">
    <p class='ocr_par' dir='ltr' id='par_1_19' title="bbox 365 1770 2020 1844">
     <span class='ocr_line' id='line_1_19' title="bbox 365 1770 2020 1844; baseline -0.001 -19"><span class='ocrx_word' id='word_1_121' title='bbox 365 1770 484 1825; x_wconf 91' lang='lat' dir='ltr'>illis</span> <span class='ocrx_word' id='word_1_122' title='bbox 516 1772 668 1826; x_wconf 90' lang='lat' dir='ltr'>bona</span> <span class='ocrx_word' id='word_1_123' title='bbox 689 1778 942 1844; x_wconf 71' lang='lat' dir='ltr'>praestet,</span> <span class='ocrx_word' id='word_1_124' title='bbox 979 1777 1044 1826; x_wconf 90' lang='lat' dir='ltr'>ut</span> <span class='ocrx_word' id='word_1_125' title='bbox 1073 1773 1266 1827; x_wconf 89' lang='lat' dir='ltr'>videre</span> <span class='ocrx_word' id='word_1_126' title='bbox 1323 1778 1382 1827; x_wconf 92' lang='lat' dir='ltr'>et</span> <span class='ocrx_word' id='word_1_127' title='bbox 1413 1773 1471 1826; x_wconf 92' lang='lat' dir='ltr'>in</span> <span class='ocrx_word' id='word_1_128' title='bbox 1529 1771 1646 1827; x_wconf 88' lang='lat' dir='ltr'>Noe</span> <span class='ocrx_word' id='word_1_129' title='bbox 1701 1771 2020 1838; x_wconf 86' lang='lat' dir='ltr'>Abraham,</span> 
     </span>
    </p>
   </div>
   <div class='ocr_carea' id='block_1_20' title="bbox 368 1857 2023 1930">
    <p class='ocr_par' dir='ltr' id='par_1_20' title="bbox 368 1857 2023 1930">
     <span class='ocr_line' id='line_1_20' title="bbox 368 1857 2023 1930; baseline -0.001 -16"><span class='ocrx_word' id='word_1_130' title='bbox 368 1859 494 1925; x_wconf 90' lang='lat' dir='ltr'>Lot,</span> <span class='ocrx_word' id='word_1_131' title='bbox 523 1858 724 1924; x_wconf 87' lang='lat' dir='ltr'>Jacob,</span> <span class='ocrx_word' id='word_1_132' title='bbox 759 1858 999 1930; x_wconf 87' lang='lat' dir='ltr'>Joseph,</span> <span class='ocrx_word' id='word_1_133' title='bbox 1027 1859 1328 1924; x_wconf 88' lang='lat' dir='ltr'>lsraelitis,</span> <span class='ocrx_word' id='word_1_134' title='bbox 1355 1875 1508 1930; x_wconf 91' lang='lat' dir='ltr'>quos</span> <span class='ocrx_word' id='word_1_135' title='bbox 1555 1876 1586 1914; x_wconf 93' lang='lat' dir='ltr'>e</span> <span class='ocrx_word' id='word_1_136' title='bbox 1635 1876 1814 1913; x_wconf 91' lang='lat' dir='ltr'>manu</span> <span class='ocrx_word' id='word_1_137' title='bbox 1857 1857 2023 1929; x_wconf 62' lang='lat' dir='ltr'>ngy-</span> 
     </span>
    </p>
   </div>
   <div class='ocr_carea' id='block_1_21' title="bbox 368 1947 2027 2019">
    <p class='ocr_par' dir='ltr' id='par_1_21' title="bbox 368 1947 2027 2019">
     <span class='ocr_line' id='line_1_21' title="bbox 368 1947 2027 2019; baseline -0.001 -17"><span class='ocrx_word' id='word_1_138' title='bbox 368 1949 622 2019; x_wconf 87' lang='lat' dir='ltr'>ptiorum</span> <span class='ocrx_word' id='word_1_139' title='bbox 645 1965 746 2018; x_wconf 89' lang='lat' dir='ltr'>per</span> <span class='ocrx_word' id='word_1_140' title='bbox 775 1947 1011 2019; x_wconf 85' lang='lat' dir='ltr'>Moysen</span> <span class='ocrx_word' id='word_1_141' title='bbox 1043 1947 1326 2017; x_wconf 85' lang='lat' dir='ltr'>liberavit,</span> <span class='ocrx_word' id='word_1_142' title='bbox 1354 1954 1410 2002; x_wconf 93' lang='lat' dir='ltr'>et</span> <span class='ocrx_word' id='word_1_143' title='bbox 1439 1964 1593 2018; x_wconf 90' lang='lat' dir='ltr'>aqua</span> <span class='ocrx_word' id='word_1_144' title='bbox 1624 1964 1703 2016; x_wconf 74' lang='lat' dir='ltr'>,ex</span> <span class='ocrx_word' id='word_1_145' title='bbox 1735 1953 2027 2018; x_wconf 77' lang='lat' dir='ltr'>praerupta</span> 
     </span>
    </p>
   </div>
   <div class='ocr_carea' id='block_1_22' title="bbox 369 2035 2026 2111">
    <p class='ocr_par' dir='ltr' id='par_1_22' title="bbox 369 2035 2026 2111">
     <span class='ocr_line' id='line_1_22' title="bbox 369 2035 2026 2111; baseline -0.001 -19"><span class='ocrx_word' id='word_1_146' title='bbox 369 2043 534 2111; x_wconf 87' lang='lat' dir='ltr'>petra</span> <span class='ocrx_word' id='word_1_147' title='bbox 567 2039 1115 2110; x_wconf 90' lang='lat' dir='ltr'>potavit.Quomodo</span> <span class='ocrx_word' id='word_1_148' title='bbox 1147 2044 1369 2109; x_wconf 91' lang='lat' dir='ltr'>septem</span> <span class='ocrx_word' id='word_1_149' title='bbox 1401 2038 1675 2109; x_wconf 87' lang='lat' dir='ltr'>gentibus</span> <span class='ocrx_word' id='word_1_150' title='bbox 1700 2053 1907 2108; x_wconf 85' lang='lat' dir='ltr'>vespas</span> <span class='ocrx_word' id='word_1_151' title='bbox 1921 2035 2026 2090; x_wconf 89' lang='lat' dir='ltr'>mi-</span> 
     </span>
    </p>
   </div>
   <div class='ocr_carea' id='block_1_23' title="bbox 369 2126 2024 2198">
    <p class='ocr_par' dir='ltr' id='par_1_23' title="bbox 369 2126 2024 2198">
     <span class='ocr_line' id='line_1_23' title="bbox 369 2126 2024 2198; baseline -0.002 -16"><span class='ocrx_word' id='word_1_152' title='bbox 369 2127 604 2182; x_wconf 86' lang='lat' dir='ltr'>serit.Et</span> <span class='ocrx_word' id='word_1_153' title='bbox 631 2126 870 2182; x_wconf 90' lang='lat' dir='ltr'>lenitate</span> <span class='ocrx_word' id='word_1_154' title='bbox 901 2144 1045 2182; x_wconf 92' lang='lat' dir='ltr'>usus</span> <span class='ocrx_word' id='word_1_155' title='bbox 1076 2126 1251 2182; x_wconf 90' lang='lat' dir='ltr'>etiam</span> <span class='ocrx_word' id='word_1_156' title='bbox 1283 2127 1400 2182; x_wconf 88' lang='lat' dir='ltr'>illis</span> <span class='ocrx_word' id='word_1_157' title='bbox 1439 2131 1641 2198; x_wconf 90' lang='lat' dir='ltr'>postea</span> <span class='ocrx_word' id='word_1_158' title='bbox 1673 2126 2024 2198; x_wconf 54' lang='lat' dir='ltr'>paenitentiae</span> 
     </span>
    </p>
   </div>
   <div class='ocr_carea' id='block_1_24' title="bbox 366 2214 2025 2287">
    <p class='ocr_par' dir='ltr' id='par_1_24' title="bbox 366 2214 2025 2287">
     <span class='ocr_line' id='line_1_24' title="bbox 366 2214 2025 2287; baseline -0.001 -18"><span class='ocrx_word' id='word_1_159' title='bbox 366 2214 557 2269; x_wconf 92' lang='lat' dir='ltr'>locum</span> <span class='ocrx_word' id='word_1_160' title='bbox 591 2214 946 2287; x_wconf 89' lang='lat' dir='ltr'>dederit,per</span> <span class='ocrx_word' id='word_1_161' title='bbox 969 2215 1084 2271; x_wconf 87' lang='lat' dir='ltr'>ista</span> <span class='ocrx_word' id='word_1_162' title='bbox 1142 2215 1426 2287; x_wconf 89' lang='lat' dir='ltr'>populum</span> <span class='ocrx_word' id='word_1_163' title='bbox 1483 2216 1801 2282; x_wconf 87' lang='lat' dir='ltr'>instruens,</span> <span class='ocrx_word' id='word_1_164' title='bbox 1827 2219 1892 2268; x_wconf 87' lang='lat' dir='ltr'>ut</span> <span class='ocrx_word' id='word_1_165' title='bbox 1925 2214 2025 2267; x_wconf 89' lang='lat' dir='ltr'>be-</span> 
     </span>
    </p>
   </div>
   <div class='ocr_carea' id='block_1_25' title="bbox 367 2303 2025 2375">
    <p class='ocr_par' dir='ltr' id='par_1_25' title="bbox 367 2303 2025 2375">
     <span class='ocr_line' id='line_1_25' title="bbox 367 2303 2025 2375; baseline -0.001 -17"><span class='ocrx_word' id='word_1_166' title='bbox 367 2303 585 2375; x_wconf 89' lang='lat' dir='ltr'>nignus</span> <span class='ocrx_word' id='word_1_167' title='bbox 613 2307 769 2358; x_wconf 86' lang='lat' dir='ltr'>esset</span> <span class='ocrx_word' id='word_1_168' title='bbox 823 2307 881 2357; x_wconf 91' lang='lat' dir='ltr'>et</span> <span class='ocrx_word' id='word_1_169' title='bbox 930 2304 1243 2358; x_wconf 88' lang='lat' dir='ltr'>humanus.</span> <span class='ocrx_word' id='word_1_170' title='bbox 1311 2305 1525 2358; x_wconf 87' lang='lat' dir='ltr'>Contra</span> <span class='ocrx_word' id='word_1_171' title='bbox 1578 2303 2025 2367; x_wconf 87' lang='lat' dir='ltr'>elementorum,</span> 
     </span>
    </p>
   </div>
   <div class='ocr_carea' id='block_1_26' title="bbox 367 2390 2030 2463">
    <p class='ocr_par' dir='ltr' id='par_1_26' title="bbox 367 2390 2030 2463">
     <span class='ocr_line' id='line_1_26' title="bbox 367 2390 2030 2463; baseline -0.001 -16"><span class='ocrx_word' id='word_1_172' title='bbox 367 2407 670 2458; x_wconf 86' lang='lat' dir='ltr'>ranarum,</span> <span class='ocrx_word' id='word_1_173' title='bbox 703 2391 1132 2463; x_wconf 86' lang='lat' dir='ltr'>sciniphorum,</span> <span class='ocrx_word' id='word_1_174' title='bbox 1167 2392 1449 2458; x_wconf 91' lang='lat' dir='ltr'>murium,</span> <span class='ocrx_word' id='word_1_175' title='bbox 1487 2390 1871 2460; x_wconf 88' lang='lat' dir='ltr'>locustarum,</span> <span class='ocrx_word' id='word_1_176' title='bbox 1931 2407 2030 2445; x_wconf 81' lang='lat' dir='ltr'>vs-</span> 
     </span>
    </p>
   </div>
   <div class='ocr_carea' id='block_1_27' title="bbox 366 2482 2028 2553">
    <p class='ocr_par' dir='ltr' id='par_1_27' title="bbox 366 2482 2028 2553">
     <span class='ocr_line' id='line_1_27' title="bbox 366 2482 2028 2553; baseline -0.003 -15"><span class='ocrx_word' id='word_1_177' title='bbox 366 2497 630 2553; x_wconf 85' lang='lat' dir='ltr'>sparum,</span> <span class='ocrx_word' id='word_1_178' title='bbox 662 2487 1027 2552; x_wconf 87' lang='lat' dir='ltr'>serpentum,</span> <span class='ocrx_word' id='word_1_179' title='bbox 1061 2482 1390 2553; x_wconf 83' lang='lat' dir='ltr'>imaginum</span> <span class='ocrx_word' id='word_1_180' title='bbox 1442 2497 1512 2534; x_wconf 88' lang='lat' dir='ltr'>ex</span> <span class='ocrx_word' id='word_1_181' title='bbox 1557 2496 1724 2546; x_wconf 90' lang='lat' dir='ltr'>auro,</span> <span class='ocrx_word' id='word_1_182' title='bbox 1761 2485 2028 2551; x_wconf 90' lang='lat' dir='ltr'>argento,</span> 
     </span>
    </p>
   </div>
   <div class='ocr_carea' id='block_1_28' title="bbox 367 2568 2025 2640">
    <p class='ocr_par' dir='ltr' id='par_1_28' title="bbox 367 2568 2025 2640">
     <span class='ocr_line' id='line_1_28' title="bbox 367 2568 2025 2640; baseline -0.001 -16"><span class='ocrx_word' id='word_1_183' title='bbox 367 2569 684 2640; x_wconf 85' lang='lat' dir='ltr'>lapidibus,</span> <span class='ocrx_word' id='word_1_184' title='bbox 719 2575 822 2623; x_wconf 88' lang='lat' dir='ltr'>aut</span> <span class='ocrx_word' id='word_1_185' title='bbox 852 2568 1011 2640; x_wconf 88' lang='lat' dir='ltr'>ligno</span> <span class='ocrx_word' id='word_1_186' title='bbox 1036 2570 1474 2637; x_wconf 84' lang='lat' dir='ltr'>fabricatarum,</span> <span class='ocrx_word' id='word_1_187' title='bbox 1498 2568 2025 2630; x_wconf 88' lang='lat' dir='ltr'>adoratores.Quod</span> 
     </span>
    </p>
   </div>
   <div class='ocr_carea' id='block_1_29' title="bbox 369 2655 2029 2729">
    <p class='ocr_par' dir='ltr' id='par_1_29' title="bbox 369 2655 2029 2729">
     <span class='ocr_line' id='line_1_29' title="bbox 369 2655 2029 2729; baseline 0.001 -18"><span class='ocrx_word' id='word_1_188' title='bbox 369 2655 718 2729; x_wconf 87' lang='lat' dir='ltr'>perlignum</span> <span class='ocrx_word' id='word_1_189' title='bbox 752 2657 915 2713; x_wconf 83' lang='lat' dir='ltr'>salus</span> <span class='ocrx_word' id='word_1_190' title='bbox 952 2658 1048 2713; x_wconf 85' lang='lat' dir='ltr'>.sit</span> <span class='ocrx_word' id='word_1_191' title='bbox 1104 2659 1500 2713; x_wconf 80' lang='lat' dir='ltr'>credentibus.</span> <span class='ocrx_word' id='word_1_192' title='bbox 1530 2663 1603 2712; x_wconf 92' lang='lat' dir='ltr'>De</span> <span class='ocrx_word' id='word_1_193' title='bbox 1635 2657 2029 2727; x_wconf 89' lang='lat' dir='ltr'>sculptoribus</span> 
     </span>
    </p>
   </div>
   <div class='ocr_carea' id='block_1_30' title="bbox 369 2744 2028 2818">
    <p class='ocr_par' dir='ltr' id='par_1_30' title="bbox 369 2744 2028 2818">
     <span class='ocr_line' id='line_1_30' title="bbox 369 2744 2028 2818; baseline -0.001 -18"><span class='ocrx_word' id='word_1_194' title='bbox 369 2745 454 2800; x_wconf 89' lang='lat' dir='ltr'>vel</span> <span class='ocrx_word' id='word_1_195' title='bbox 490 2744 806 2815; x_wconf 89' lang='lat' dir='ltr'>pictoribus</span> <span class='ocrx_word' id='word_1_196' title='bbox 838 2746 1347 2818; x_wconf 89' lang='lat' dir='ltr'>idolorum,deque</span> <span class='ocrx_word' id='word_1_197' title='bbox 1379 2747 1657 2802; x_wconf 90' lang='lat' dir='ltr'>omnibus</span> <span class='ocrx_word' id='word_1_198' title='bbox 1689 2745 2028 2800; x_wconf 70' lang='lat' dir='ltr'>idololatria</span> 
     </span>
    </p>
   </div>
   <div class='ocr_carea' id='block_1_31' title="bbox 366 2833 2028 2906">
    <p class='ocr_par' dir='ltr' id='par_1_31' title="bbox 366 2833 2028 2906">
     <span class='ocr_line' id='line_1_31' title="bbox 366 2833 2028 2906; baseline 0.001 -17"><span class='ocrx_word' id='word_1_199' title='bbox 366 2834 560 2889; x_wconf 90' lang='lat' dir='ltr'>malis.</span> <span class='ocrx_word' id='word_1_200' title='bbox 595 2833 674 2889; x_wconf 92' lang='lat' dir='ltr'>De</span> <span class='ocrx_word' id='word_1_201' title='bbox 702 2834 885 2906; x_wconf 92' lang='lat' dir='ltr'>impia</span> <span class='ocrx_word' id='word_1_202' title='bbox 915 2835 1217 2905; x_wconf 81' lang='lat' dir='ltr'>religione,</span> <span class='ocrx_word' id='word_1_203' title='bbox 1261 2841 1318 2890; x_wconf 90' lang='lat' dir='ltr'>et</span> <span class='ocrx_word' id='word_1_204' title='bbox 1346 2841 1490 2906; x_wconf 90' lang='lat' dir='ltr'>quot</span> <span class='ocrx_word' id='word_1_205' title='bbox 1521 2835 1604 2889; x_wconf 91' lang='lat' dir='ltr'>illi</span> <span class='ocrx_word' id='word_1_206' title='bbox 1637 2836 1822 2890; x_wconf 90' lang='lat' dir='ltr'>insint</span> <span class='ocrx_word' id='word_1_207' title='bbox 1853 2834 2028 2890; x_wconf 89' lang='lat' dir='ltr'>mala.</span> 
     </span>
    </p>
   </div>
   <div class='ocr_carea' id='block_1_32' title="bbox 366 2922 2029 2995">
    <p class='ocr_par' dir='ltr' id='par_1_32' title="bbox 366 2922 2029 2995">
     <span class='ocr_line' id='line_1_32' title="bbox 366 2922 2029 2995; baseline 0 -17"><span class='ocrx_word' id='word_1_208' title='bbox 366 2925 443 2978; x_wconf 91' lang='lat' dir='ltr'>De</span> <span class='ocrx_word' id='word_1_209' title='bbox 474 2922 654 2995; x_wconf 81' lang='lat' dir='ltr'>ﬁgulo</span> <span class='ocrx_word' id='word_1_210' title='bbox 677 2928 733 2978; x_wconf 92' lang='lat' dir='ltr'>et</span> <span class='ocrx_word' id='word_1_211' title='bbox 775 2922 1058 2980; x_wconf 82' lang='lat' dir='ltr'>ﬁctilibus</span> <span class='ocrx_word' id='word_1_212' title='bbox 1116 2924 1310 2979; x_wconf 91' lang='lat' dir='ltr'>idolis.</span> <span class='ocrx_word' id='word_1_213' title='bbox 1371 2929 1449 2979; x_wconf 91' lang='lat' dir='ltr'>De</span> <span class='ocrx_word' id='word_1_214' title='bbox 1497 2924 1777 2979; x_wconf 89' lang='lat' dir='ltr'>omnibus</span> <span class='ocrx_word' id='word_1_215' title='bbox 1832 2923 2029 2990; x_wconf 90' lang='lat' dir='ltr'>idolis,</span> 
     </span>
    </p>
   </div>
   <div class='ocr_carea' id='block_1_33' title="bbox 365 3013 2030 3085">
    <p class='ocr_par' dir='ltr' id='par_1_33' title="bbox 365 3013 2030 3085">
     <span class='ocr_line' id='line_1_33' title="bbox 365 3013 2030 3085; baseline -0.001 -17"><span class='ocrx_word' id='word_1_216' title='bbox 365 3030 495 3085; x_wconf 72' lang='lat' dir='ltr'>quae</span> <span class='ocrx_word' id='word_1_217' title='bbox 530 3031 563 3069; x_wconf 91' lang='lat' dir='ltr'>a</span> <span class='ocrx_word' id='word_1_218' title='bbox 589 3014 866 3085; x_wconf 89' lang='lat' dir='ltr'>gentibus</span> <span class='ocrx_word' id='word_1_219' title='bbox 897 3014 1194 3081; x_wconf 89' lang='lat' dir='ltr'>coluntur,</span> <span class='ocrx_word' id='word_1_220' title='bbox 1228 3014 1776 3070; x_wconf 87' lang='lat' dir='ltr'>inimicissimarum</span> <span class='ocrx_word' id='word_1_221' title='bbox 1819 3013 2030 3070; x_wconf 88' lang='lat' dir='ltr'>bestia-</span> 
     </span>
    </p>
   </div>
   <div class='ocr_carea' id='block_1_34' title="bbox 368 3098 2030 3173">
    <p class='ocr_par' dir='ltr' id='par_1_34' title="bbox 368 3098 2030 3173">
     <span class='ocr_line' id='line_1_34' title="bbox 368 3098 2030 3173; baseline -0.002 -17"><span class='ocrx_word' id='word_1_222' title='bbox 368 3117 522 3171; x_wconf 89' lang='lat' dir='ltr'>rum,</span> <span class='ocrx_word' id='word_1_223' title='bbox 555 3106 1191 3173; x_wconf 87' lang='lat' dir='ltr'>serpentum,oatorum</span> <span class='ocrx_word' id='word_1_224' title='bbox 1224 3106 1281 3158; x_wconf 92' lang='lat' dir='ltr'>et</span> <span class='ocrx_word' id='word_1_225' title='bbox 1310 3101 1796 3165; x_wconf 89' lang='lat' dir='ltr'>similium.Quod</span> <span class='ocrx_word' id='word_1_226' title='bbox 1835 3098 2030 3157; x_wconf 89' lang='lat' dir='ltr'>Israeli</span> 
     </span>
    </p>
   </div>
   <div class='ocr_carea' id='block_1_35' title="bbox 367 3191 2026 3262">
    <p class='ocr_par' dir='ltr' id='par_1_35' title="bbox 367 3191 2026 3262">
     <span class='ocr_line' id='line_1_35' title="bbox 367 3191 2026 3262; baseline -0.001 -16"><span class='ocrx_word' id='word_1_227' title='bbox 367 3196 522 3247; x_wconf 90' lang='lat' dir='ltr'>Deus</span> <span class='ocrx_word' id='word_1_228' title='bbox 556 3191 902 3246; x_wconf 82' lang='lat' dir='ltr'>beneﬁcium</span> <span class='ocrx_word' id='word_1_229' title='bbox 954 3191 1288 3259; x_wconf 89' lang='lat' dir='ltr'>contulerit,</span> <span class='ocrx_word' id='word_1_230' title='bbox 1343 3208 1445 3262; x_wconf 91' lang='lat' dir='ltr'>pro</span> <span class='ocrx_word' id='word_1_231' title='bbox 1485 3192 1647 3246; x_wconf 86' lang='lat' dir='ltr'>ranis</span> <span class='ocrx_word' id='word_1_232' title='bbox 1695 3192 2026 3246; x_wconf 89' lang='lat' dir='ltr'>coturnices</span> 
     </span>
    </p>
   </div>
   <div class='ocr_carea' id='block_1_36' title="bbox 2130 616 3772 692">
    <p class='ocr_par' dir='ltr' id='par_1_36' title="bbox 2130 616 3772 692">
     <span class='ocr_line' id='line_1_36' title="bbox 2130 616 3772 692; baseline 0.001 -20"><span class='ocrx_word' id='word_1_233' title='bbox 2130 617 2300 692; x_wconf 78' lang='grc' dir='ltr'>ἀγαθὰ</span> <span class='ocrx_word' id='word_1_234' title='bbox 2355 616 2404 690; x_wconf 79' lang='grc' dir='ltr'>ἐξ</span> <span class='ocrx_word' id='word_1_235' title='bbox 2463 618 2632 686; x_wconf 84' lang='grc' dir='ltr'>αὐτῆς</span> <span class='ocrx_word' id='word_1_236' title='bbox 2689 618 2872 692; x_wconf 77' lang='grc' dir='ltr'>ἔσχον,</span> <span class='ocrx_word' id='word_1_237' title='bbox 2908 645 2934 670; x_wconf 92' lang='grc'><strong>››</strong></span> <span class='ocrx_word' id='word_1_238' title='bbox 2984 616 3210 692; x_wconf 84' lang='grc' dir='ltr'>σαρκικὰ</span> <span class='ocrx_word' id='word_1_239' title='bbox 3266 616 3354 670; x_wconf 78' lang='grc' dir='ltr'>καὶ</span> <span class='ocrx_word' id='word_1_240' title='bbox 3413 622 3772 690; x_wconf 81' lang='grc' dir='ltr'>πνευματικά.</span> 
     </span>
    </p>
   </div>
   <div class='ocr_carea' id='block_1_37' title="bbox 2127 704 3778 784">
    <p class='ocr_par' dir='ltr' id='par_1_37' title="bbox 2127 704 3778 784">
     <span class='ocr_line' id='line_1_37' title="bbox 2127 704 3778 784; baseline 0.002 -26"><span class='ocrx_word' id='word_1_241' title='bbox 2127 709 2267 774; x_wconf 76' lang='lat' dir='ltr'>&quot;On,</span> <span class='ocrx_word' id='word_1_242' title='bbox 2302 708 2361 761; x_wconf 85' lang='grc' dir='ltr'>τὸ</span> <span class='ocrx_word' id='word_1_243' title='bbox 2421 707 2643 781; x_wconf 71' lang='grc' dir='ltr'>μέγεθος</span> <span class='ocrx_word' id='word_1_244' title='bbox 2697 714 2799 776; x_wconf 81' lang='grc' dir='ltr'>τῆς</span> <span class='ocrx_word' id='word_1_245' title='bbox 2857 706 3044 784; x_wconf 76' lang='grc' dir='ltr'>σοφίας</span> <span class='ocrx_word' id='word_1_246' title='bbox 3092 705 3364 780; x_wconf 85' lang='grc' dir='ltr'>ἐγνωκὼς,</span> <span class='ocrx_word' id='word_1_247' title='bbox 3396 704 3648 781; x_wconf 74' lang='grc' dir='ltr'>ἐνέτυχον</span> <span class='ocrx_word' id='word_1_248' title='bbox 3698 712 3778 779; x_wconf 81' lang='grc' dir='ltr'>τῷ</span> 
     </span>
    </p>
   </div>
   <div class='ocr_carea' id='block_1_38' title="bbox 2131 793 3768 872">
    <p class='ocr_par' dir='ltr' id='par_1_38' title="bbox 2131 793 3768 872">
     <span class='ocr_line' id='line_1_38' title="bbox 2131 793 3768 872; baseline 0.001 -24"><span class='ocrx_word' id='word_1_249' title='bbox 2131 797 2331 871; x_wconf 83' lang='grc' dir='ltr'>Κυρίῳ,</span> <span class='ocrx_word' id='word_1_250' title='bbox 2367 795 2504 850; x_wconf 80' lang='grc' dir='ltr'>ὥστε</span> <span class='ocrx_word' id='word_1_251' title='bbox 2534 817 2627 868; x_wconf 92' lang='grc' dir='ltr'>μοι</span> <span class='ocrx_word' id='word_1_252' title='bbox 2660 793 2884 864; x_wconf 78' lang='grc' dir='ltr'>δοθῆναι</span> <span class='ocrx_word' id='word_1_253' title='bbox 2931 796 2991 850; x_wconf 87' lang='grc' dir='ltr'>τὸ</span> <span class='ocrx_word' id='word_1_254' title='bbox 3031 793 3180 870; x_wconf 75' lang='grc' dir='ltr'>ἅγιον</span> <span class='ocrx_word' id='word_1_255' title='bbox 3231 799 3465 866; x_wconf 79' lang='grc' dir='ltr'>Πνεῦμα,</span> <span class='ocrx_word' id='word_1_256' title='bbox 3499 797 3559 850; x_wconf 86' lang='grc' dir='ltr'>τὸ</span> <span class='ocrx_word' id='word_1_257' title='bbox 3605 796 3768 872; x_wconf 85' lang='grc' dir='ltr'>φωτί-</span> 
     </span>
    </p>
   </div>
   <div class='ocr_carea' id='block_1_39' title="bbox 2133 881 3779 960">
    <p class='ocr_par' dir='ltr' id='par_1_39' title="bbox 2133 881 3779 960">
     <span class='ocr_line' id='line_1_39' title="bbox 2133 881 3779 960; baseline 0.001 -22"><span class='ocrx_word' id='word_1_258' title='bbox 2133 890 2220 951; x_wconf 87' lang='grc' dir='ltr'>ζον</span> <span class='ocrx_word' id='word_1_259' title='bbox 2284 905 2350 956; x_wconf 87' lang='grc' dir='ltr'>με</span> <span class='ocrx_word' id='word_1_260' title='bbox 2405 884 2528 956; x_wconf 88' lang='grc' dir='ltr'>περὶ</span> <span class='ocrx_word' id='word_1_261' title='bbox 2586 883 2776 952; x_wconf 79' lang='grc' dir='ltr'>αὐτῆς,</span> <span class='ocrx_word' id='word_1_262' title='bbox 2825 885 2913 938; x_wconf 86' lang='grc' dir='ltr'>καὶ</span> <span class='ocrx_word' id='word_1_263' title='bbox 2974 882 3246 960; x_wconf 75' lang='grc' dir='ltr'>ἐπέμφθη,</span> <span class='ocrx_word' id='word_1_264' title='bbox 3300 881 3388 936; x_wconf 72' lang='grc' dir='ltr'>’ίνα</span> <span class='ocrx_word' id='word_1_265' title='bbox 3444 887 3779 960; x_wconf 82' lang='grc' dir='ltr'>συγκοπιάσῃ</span> 
     </span>
    </p>
   </div>
   <div class='ocr_carea' id='block_1_40' title="bbox 2133 969 3775 1048">
    <p class='ocr_par' dir='ltr' id='par_1_40' title="bbox 2133 969 3775 1048">
     <span class='ocr_line' id='line_1_40' title="bbox 2133 969 3775 1048; baseline 0 -21"><span class='ocrx_word' id='word_1_266' title='bbox 2133 994 2248 1045; x_wconf 88' lang='grc' dir='ltr'>μοι.</span> <span class='ocrx_word' id='word_1_267' title='bbox 2283 973 2558 1046; x_wconf 80' lang='grc' dir='ltr'>Λογισμοὶ</span> <span class='ocrx_word' id='word_1_268' title='bbox 2608 973 2711 1048; x_wconf 74' lang='grc' dir='ltr'>γὰρ</span> <span class='ocrx_word' id='word_1_269' title='bbox 2769 974 2977 1040; x_wconf 79' lang='grc' dir='ltr'>θνητῶν</span> <span class='ocrx_word' id='word_1_270' title='bbox 3034 969 3225 1027; x_wconf 88' lang='grc' dir='ltr'>δειλοί.</span> <span class='ocrx_word' id='word_1_271' title='bbox 3261 972 3390 1045; x_wconf 85' lang='grc' dir='ltr'>Περί</span> <span class='ocrx_word' id='word_1_272' title='bbox 3436 976 3542 1026; x_wconf 86' lang='grc' dir='ltr'>τῶν</span> <span class='ocrx_word' id='word_1_273' title='bbox 3603 969 3775 1047; x_wconf 81' lang='grc' dir='ltr'>ἔργων</span> 
     </span>
    </p>
   </div>
   <div class='ocr_carea' id='block_1_41' title="bbox 2126 1057 3778 1138">
    <p class='ocr_par' dir='ltr' id='par_1_41' title="bbox 2126 1057 3778 1138">
     <span class='ocr_line' id='line_1_41' title="bbox 2126 1057 3778 1138; baseline -0.001 -22"><span class='ocrx_word' id='word_1_274' title='bbox 2126 1069 2227 1130; x_wconf 85' lang='grc' dir='ltr'>τῆς</span> <span class='ocrx_word' id='word_1_275' title='bbox 2280 1061 2490 1138; x_wconf 69' lang='grc' dir='ltr'>σοφίας.</span> <span class='ocrx_word' id='word_1_276' title='bbox 2552 1066 2672 1122; x_wconf 88' lang='grc' dir='ltr'>Πῶς</span> <span class='ocrx_word' id='word_1_277' title='bbox 2728 1062 2820 1115; x_wconf 90' lang='grc' dir='ltr'>τὸν</span> <span class='ocrx_word' id='word_1_278' title='bbox 2877 1058 3306 1135; x_wconf 83' lang='grc' dir='ltr'>πρωτόπλαστον</span> <span class='ocrx_word' id='word_1_279' title='bbox 3360 1057 3697 1138; x_wconf 71' lang='grc' dir='ltr'>διεφύλαξεν,</span> <span class='ocrx_word' id='word_1_280' title='bbox 3728 1062 3778 1131; x_wconf 80' lang='grc' dir='ltr'>ἐξ</span> 
     </span>
    </p>
   </div>
   <div class='ocr_carea' id='block_1_42' title="bbox 2131 1148 3779 1219">
    <p class='ocr_par' dir='ltr' id='par_1_42' title="bbox 2131 1148 3779 1219">
     <span class='ocr_line' id='line_1_42' title="bbox 2131 1148 3779 1219; baseline -0.001 -14"><span class='ocrx_word' id='word_1_281' title='bbox 2131 1149 2269 1205; x_wconf 76' lang='grc' dir='ltr'>ὅσων</span> <span class='ocrx_word' id='word_1_282' title='bbox 2313 1154 2488 1204; x_wconf 80' lang='grc' dir='ltr'>κακῶν</span> <span class='ocrx_word' id='word_1_283' title='bbox 2537 1151 2697 1218; x_wconf 85' lang='grc' dir='ltr'>σώζει</span> <span class='ocrx_word' id='word_1_284' title='bbox 2754 1148 2881 1210; x_wconf 82' lang='grc' dir='ltr'>τοὺς</span> <span class='ocrx_word' id='word_1_285' title='bbox 2937 1148 3288 1209; x_wconf 71' lang='grc' dir='ltr'>πιστεύοντας</span> <span class='ocrx_word' id='word_1_286' title='bbox 3339 1148 3486 1219; x_wconf 75' lang='grc' dir='ltr'>αὐτῷ</span> <span class='ocrx_word' id='word_1_287' title='bbox 3543 1151 3571 1203; x_wconf 84' lang='grc' dir='ltr'>ὁ</span> <span class='ocrx_word' id='word_1_288' title='bbox 3627 1150 3779 1218; x_wconf 83' lang='grc' dir='ltr'>Θεὸς,</span> 
     </span>
    </p>
   </div>
   <div class='ocr_carea' id='block_1_43' title="bbox 2131 1234 3782 1314">
    <p class='ocr_par' dir='ltr' id='par_1_43' title="bbox 2131 1234 3782 1314">
     <span class='ocr_line' id='line_1_43' title="bbox 2131 1234 3782 1314; baseline 0.002 -22"><span class='ocrx_word' id='word_1_289' title='bbox 2131 1239 2220 1293; x_wconf 82' lang='grc' dir='ltr'>καί</span> <span class='ocrx_word' id='word_1_290' title='bbox 2264 1238 2362 1293; x_wconf 77' lang='grc' dir='ltr'>ὅσα</span> <span class='ocrx_word' id='word_1_291' title='bbox 2411 1239 2578 1314; x_wconf 79' lang='grc' dir='ltr'>ἀγαθᾶ</span> <span class='ocrx_word' id='word_1_292' title='bbox 2622 1240 2873 1312; x_wconf 70' lang='grc' dir='ltr'>παρέχει⁹</span> <span class='ocrx_word' id='word_1_293' title='bbox 2907 1240 3020 1292; x_wconf 85' lang='grc' dir='ltr'>οἷον</span> <span class='ocrx_word' id='word_1_294' title='bbox 3068 1237 3158 1291; x_wconf 88' lang='grc' dir='ltr'>τὸν</span> <span class='ocrx_word' id='word_1_295' title='bbox 3208 1242 3349 1305; x_wconf 85' lang='grc' dir='ltr'>Νῶε,</span> <span class='ocrx_word' id='word_1_296' title='bbox 3380 1237 3472 1292; x_wconf 88' lang='grc' dir='ltr'>τὸν</span> <span class='ocrx_word' id='word_1_297' title='bbox 3517 1234 3782 1312; x_wconf 75' lang='grc' dir='ltr'>Ἀϐραὰμ.</span> 
     </span>
    </p>
   </div>
   <div class='ocr_carea' id='block_1_44' title="bbox 2130 1322 3784 1403">
    <p class='ocr_par' dir='ltr' id='par_1_44' title="bbox 2130 1322 3784 1403">
     <span class='ocr_line' id='line_1_44' title="bbox 2130 1322 3784 1403; baseline -0.001 -22"><span class='ocrx_word' id='word_1_298' title='bbox 2130 1327 2220 1381; x_wconf 89' lang='grc' dir='ltr'>τὸν</span> <span class='ocrx_word' id='word_1_299' title='bbox 2260 1330 2404 1395; x_wconf 65' lang='lat' dir='ltr'>Atho,</span> <span class='ocrx_word' id='word_1_300' title='bbox 2443 1329 2532 1381; x_wconf 84' lang='grc' dir='ltr'>τὸν</span> <span class='ocrx_word' id='word_1_301' title='bbox 2591 1322 2806 1394; x_wconf 75' lang='grc' dir='ltr'>Ἰακὼϐ,</span> <span class='ocrx_word' id='word_1_302' title='bbox 2854 1328 2946 1381; x_wconf 87' lang='grc' dir='ltr'>τὸν</span> <span class='ocrx_word' id='word_1_303' title='bbox 3009 1328 3235 1403; x_wconf 72' lang='grc' dir='ltr'>Ἰωσὴφ,</span> <span class='ocrx_word' id='word_1_304' title='bbox 3262 1328 3388 1388; x_wconf 79' lang='grc' dir='ltr'>τοὺς</span> <span class='ocrx_word' id='word_1_305' title='bbox 3421 1325 3784 1400; x_wconf 83' lang='grc' dir='ltr'>Ἰσραηλίτας,</span> 
     </span>
    </p>
   </div>
   <div class='ocr_carea' id='block_1_45' title="bbox 2132 1413 3783 1493">
    <p class='ocr_par' dir='ltr' id='par_1_45' title="bbox 2132 1413 3783 1493">
     <span class='ocr_line' id='line_1_45' title="bbox 2132 1413 3783 1493; baseline -0.001 -22"><span class='ocrx_word' id='word_1_306' title='bbox 2132 1417 2224 1478; x_wconf 73' lang='grc' dir='ltr'>οὓς</span> <span class='ocrx_word' id='word_1_307' title='bbox 2256 1417 2316 1471; x_wconf 85' lang='grc' dir='ltr'>ἐκ</span> <span class='ocrx_word' id='word_1_308' title='bbox 2346 1419 2530 1493; x_wconf 84' lang='grc' dir='ltr'>χειρὸς</span> <span class='ocrx_word' id='word_1_309' title='bbox 2577 1421 2682 1471; x_wconf 87' lang='grc' dir='ltr'>τῶν</span> <span class='ocrx_word' id='word_1_310' title='bbox 2713 1417 3024 1490; x_wconf 82' lang='grc' dir='ltr'>Αἰγυπτίων</span> <span class='ocrx_word' id='word_1_311' title='bbox 3059 1415 3316 1491; x_wconf 72' lang='grc' dir='ltr'>ἐρρύσατο</span> <span class='ocrx_word' id='word_1_312' title='bbox 3349 1413 3437 1469; x_wconf 74' lang='grc' dir='ltr'>διὰ</span> <span class='ocrx_word' id='word_1_313' title='bbox 3486 1415 3783 1481; x_wconf 70' lang='grc' dir='ltr'>Μωυσέως,</span> 
     </span>
    </p>
   </div>
   <div class='ocr_carea' id='block_1_46' title="bbox 2131 1499 3785 1581">
    <p class='ocr_par' dir='ltr' id='par_1_46' title="bbox 2131 1499 3785 1581">
     <span class='ocr_line' id='line_1_46' title="bbox 2131 1499 3785 1581; baseline -0.001 -22"><span class='ocrx_word' id='word_1_314' title='bbox 2131 1504 2220 1559; x_wconf 76' lang='grc' dir='ltr'>καί</span> <span class='ocrx_word' id='word_1_315' title='bbox 2281 1505 2339 1559; x_wconf 81' lang='grc' dir='ltr'>ἐκ</span> <span class='ocrx_word' id='word_1_316' title='bbox 2393 1505 2588 1580; x_wconf 81' lang='grc' dir='ltr'>πέτρας</span> <span class='ocrx_word' id='word_1_317' title='bbox 2638 1505 2949 1581; x_wconf 86' lang='grc' dir='ltr'>ἀκροτόμου</span> <span class='ocrx_word' id='word_1_318' title='bbox 3006 1503 3164 1575; x_wconf 79' lang='grc' dir='ltr'>ἐδόθη</span> <span class='ocrx_word' id='word_1_319' title='bbox 3226 1505 3410 1565; x_wconf 85' lang='grc' dir='ltr'>αὐτοῖς</span> <span class='ocrx_word' id='word_1_320' title='bbox 3468 1499 3638 1579; x_wconf 74' lang='grc' dir='ltr'>ὕδωρ.</span> <span class='ocrx_word' id='word_1_321' title='bbox 3697 1506 3785 1565; x_wconf 77' lang='grc' dir='ltr'>Ὠς</span> 
     </span>
    </p>
   </div>
   <div class='ocr_carea' id='block_1_47' title="bbox 2132 1591 3786 1672">
    <p class='ocr_par' dir='ltr' id='par_1_47' title="bbox 2132 1591 3786 1672">
     <span class='ocr_line' id='line_1_47' title="bbox 2132 1591 3786 1672; baseline 0 -24"><span class='ocrx_word' id='word_1_322' title='bbox 2132 1600 2246 1656; x_wconf 85' lang='grc' dir='ltr'>τοῖς</span> <span class='ocrx_word' id='word_1_323' title='bbox 2309 1597 2347 1663; x_wconf 84' lang='grc' dir='ltr'>ζ’</span> <span class='ocrx_word' id='word_1_324' title='bbox 2407 1593 2606 1657; x_wconf 81' lang='grc' dir='ltr'>ἔθνεσιν</span> <span class='ocrx_word' id='word_1_325' title='bbox 2667 1593 2950 1650; x_wconf 73' lang='grc' dir='ltr'>ἀπέστειλε</span> <span class='ocrx_word' id='word_1_326' title='bbox 3007 1601 3236 1672; x_wconf 81' lang='grc' dir='ltr'>σφῆκας.</span> <span class='ocrx_word' id='word_1_327' title='bbox 3299 1594 3666 1669; x_wconf 76' lang='grc' dir='ltr'>Μακροθυμίᾳ</span> <span class='ocrx_word' id='word_1_328' title='bbox 3730 1591 3786 1648; x_wconf 78' lang='grc' dir='ltr'>δὲ</span> 
     </span>
    </p>
   </div>
   <div class='ocr_carea' id='block_1_48' title="bbox 2133 1681 3784 1760">
    <p class='ocr_par' dir='ltr' id='par_1_48' title="bbox 2133 1681 3784 1760">
     <span class='ocr_line' id='line_1_48' title="bbox 2133 1681 3784 1760; baseline -0.002 -22"><span class='ocrx_word' id='word_1_329' title='bbox 2133 1686 2445 1760; x_wconf 84' lang='grc' dir='ltr'>χρώμενος,</span> <span class='ocrx_word' id='word_1_330' title='bbox 2483 1684 2570 1738; x_wconf 84' lang='grc' dir='ltr'>καὶ</span> <span class='ocrx_word' id='word_1_331' title='bbox 2601 1683 2820 1746; x_wconf 82' lang='grc' dir='ltr'>τούτοις</span> <span class='ocrx_word' id='word_1_332' title='bbox 2871 1681 3048 1737; x_wconf 80' lang='grc' dir='ltr'>ἐδίδου</span> <span class='ocrx_word' id='word_1_333' title='bbox 3094 1682 3260 1737; x_wconf 79' lang='grc' dir='ltr'>τόπον</span> <span class='ocrx_word' id='word_1_334' title='bbox 3315 1683 3620 1753; x_wconf 76' lang='grc' dir='ltr'>μετανοίας,</span> <span class='ocrx_word' id='word_1_335' title='bbox 3653 1703 3784 1737; x_wconf 89' lang='grc' dir='ltr'>παι-</span> 
     </span>
    </p>
   </div>
   <div class='ocr_carea' id='block_1_49' title="bbox 2135 1770 3786 1848">
    <p class='ocr_par' dir='ltr' id='par_1_49' title="bbox 2135 1770 3786 1848">
     <span class='ocr_line' id='line_1_49' title="bbox 2135 1770 3786 1848; baseline -0.002 -21"><span class='ocrx_word' id='word_1_336' title='bbox 2135 1771 2302 1827; x_wconf 75' lang='grc' dir='ltr'>δεύων</span> <span class='ocrx_word' id='word_1_337' title='bbox 2336 1770 2424 1826; x_wconf 79' lang='grc' dir='ltr'>διὰ</span> <span class='ocrx_word' id='word_1_338' title='bbox 2453 1772 2659 1826; x_wconf 81' lang='grc' dir='ltr'>τούτων</span> <span class='ocrx_word' id='word_1_339' title='bbox 2710 1773 2800 1826; x_wconf 82' lang='grc' dir='ltr'>τὸν</span> <span class='ocrx_word' id='word_1_340' title='bbox 2853 1771 2982 1827; x_wconf 91' lang='grc' dir='ltr'>λαὸν</span> <span class='ocrx_word' id='word_1_341' title='bbox 3036 1773 3169 1826; x_wconf 81' lang='grc' dir='ltr'>εἶναι</span> <span class='ocrx_word' id='word_1_342' title='bbox 3201 1771 3606 1848; x_wconf 73' lang='grc' dir='ltr'>φιλάνθρωπον.</span> <span class='ocrx_word' id='word_1_343' title='bbox 3643 1771 3786 1825; x_wconf 82' lang='grc' dir='ltr'>Κατὰ</span> 
     </span>
    </p>
   </div>
   <div class='ocr_carea' id='block_1_50' title="bbox 2135 1857 3782 1938">
    <p class='ocr_par' dir='ltr' id='par_1_50' title="bbox 2135 1857 3782 1938">
     <span class='ocr_line' id='line_1_50' title="bbox 2135 1857 3782 1938; baseline -0.002 -22"><span class='ocrx_word' id='word_1_344' title='bbox 2135 1862 2620 1936; x_wconf 80' lang='grc' dir='ltr'>στοιχειολατρῶν,</span> <span class='ocrx_word' id='word_1_345' title='bbox 2657 1861 2970 1937; x_wconf 82' lang='grc' dir='ltr'>βατράχων,</span> <span class='ocrx_word' id='word_1_346' title='bbox 3004 1864 3256 1938; x_wconf 81' lang='grc' dir='ltr'>σκνιφῶν,</span> <span class='ocrx_word' id='word_1_347' title='bbox 3306 1865 3475 1932; x_wconf 85' lang='grc' dir='ltr'>μυῶν,</span> <span class='ocrx_word' id='word_1_348' title='bbox 3527 1857 3782 1934; x_wconf 81' lang='grc' dir='ltr'>ἀκρίδων,</span> 
     </span>
    </p>
   </div>
   <div class='ocr_carea' id='block_1_51' title="bbox 2134 1947 3784 2028">
    <p class='ocr_par' dir='ltr' id='par_1_51' title="bbox 2134 1947 3784 2028">
     <span class='ocr_line' id='line_1_51' title="bbox 2134 1947 3784 2028; baseline -0.002 -23"><span class='ocrx_word' id='word_1_349' title='bbox 2134 1957 2378 2028; x_wconf 73' lang='grc' dir='ltr'>σφηκῶν,</span> <span class='ocrx_word' id='word_1_350' title='bbox 2437 1947 2631 2026; x_wconf 76' lang='grc' dir='ltr'>ὄφεων.</span> <span class='ocrx_word' id='word_1_351' title='bbox 2694 1951 2842 2006; x_wconf 80' lang='grc' dir='ltr'>Κατᾶ</span> <span class='ocrx_word' id='word_1_352' title='bbox 2912 1947 3352 2023; x_wconf 64' lang='grc' dir='ltr'>ε’δωλολατρῶν,</span> <span class='ocrx_word' id='word_1_353' title='bbox 3411 1948 3470 2002; x_wconf 82' lang='grc' dir='ltr'>ἐκ</span> <span class='ocrx_word' id='word_1_354' title='bbox 3542 1953 3784 2024; x_wconf 81' lang='grc' dir='ltr'>χρυσῶν,</span> 
     </span>
    </p>
   </div>
   <div class='ocr_carea' id='block_1_52' title="bbox 2132 2035 3788 2115">
    <p class='ocr_par' dir='ltr' id='par_1_52' title="bbox 2132 2035 3788 2115">
     <span class='ocr_line' id='line_1_52' title="bbox 2132 2035 3788 2115; baseline -0.002 -20"><span class='ocrx_word' id='word_1_355' title='bbox 2132 2041 2222 2095; x_wconf 82' lang='grc' dir='ltr'>καὶ</span> <span class='ocrx_word' id='word_1_356' title='bbox 2284 2039 2552 2115; x_wconf 74' lang='grc' dir='ltr'>ἀργύρων,</span> <span class='ocrx_word' id='word_1_357' title='bbox 2613 2040 2647 2108; x_wconf 73' lang='grc' dir='ltr'>ἢ</span> <span class='ocrx_word' id='word_1_358' title='bbox 2709 2037 2896 2107; x_wconf 88' lang='grc' dir='ltr'>λίθων,</span> <span class='ocrx_word' id='word_1_359' title='bbox 2952 2039 2986 2106; x_wconf 74' lang='grc' dir='ltr'><strong>ἢ</strong></span> <span class='ocrx_word' id='word_1_360' title='bbox 3047 2039 3276 2109; x_wconf 77' lang='grc' dir='ltr'>ξυλίνων</span> <span class='ocrx_word' id='word_1_361' title='bbox 3351 2035 3596 2092; x_wconf 83' lang='grc' dir='ltr'>εἰδώλων</span> <span class='ocrx_word' id='word_1_362' title='bbox 3655 2058 3788 2092; x_wconf 85' lang='grc' dir='ltr'>κατ-</span> 
     </span>
    </p>
   </div>
   <div class='ocr_carea' id='block_1_53' title="bbox 2135 2124 3786 2200">
    <p class='ocr_par' dir='ltr' id='par_1_53' title="bbox 2135 2124 3786 2200">
     <span class='ocr_line' id='line_1_53' title="bbox 2135 2124 3786 2200; baseline -0.003 -16"><span class='ocrx_word' id='word_1_363' title='bbox 2135 2128 2559 2200; x_wconf 71' lang='grc' dir='ltr'>εσκευασμένων.</span> <span class='ocrx_word' id='word_1_364' title='bbox 2593 2130 2711 2181; x_wconf 86' lang='grc' dir='ltr'>Ὅτι</span> <span class='ocrx_word' id='word_1_365' title='bbox 2741 2124 2849 2181; x_wconf 76' lang='grc' dir='ltr'>ἔστι</span> <span class='ocrx_word' id='word_1_366' title='bbox 2882 2128 2970 2181; x_wconf 84' lang='grc' dir='ltr'>καὶ</span> <span class='ocrx_word' id='word_1_367' title='bbox 3012 2127 3253 2199; x_wconf 84' lang='grc' dir='ltr'>σωτηρία</span> <span class='ocrx_word' id='word_1_368' title='bbox 3305 2124 3393 2180; x_wconf 76' lang='grc' dir='ltr'>διὰ</span> <span class='ocrx_word' id='word_1_369' title='bbox 3452 2125 3614 2195; x_wconf 78' lang='grc' dir='ltr'>ξύλου</span> <span class='ocrx_word' id='word_1_370' title='bbox 3671 2131 3786 2186; x_wconf 87' lang='grc' dir='ltr'>τοῖς</span> 
     </span>
    </p>
   </div>
   <div class='ocr_carea' id='block_1_54' title="bbox 2135 2212 3783 2292">
    <p class='ocr_par' dir='ltr' id='par_1_54' title="bbox 2135 2212 3783 2292">
     <span class='ocr_line' id='line_1_54' title="bbox 2135 2212 3783 2292; baseline -0.002 -20"><span class='ocrx_word' id='word_1_371' title='bbox 2135 2217 2468 2274; x_wconf 74' lang='grc' dir='ltr'>πιστεύουσι,</span> <span class='ocrx_word' id='word_1_372' title='bbox 2529 2217 2603 2270; x_wconf 82' lang='grc' dir='ltr'>Τὰ</span> <span class='ocrx_word' id='word_1_373' title='bbox 2659 2216 2782 2292; x_wconf 88' lang='grc' dir='ltr'>περὶ</span> <span class='ocrx_word' id='word_1_374' title='bbox 2856 2217 2964 2270; x_wconf 78' lang='grc' dir='ltr'>τῶν</span> <span class='ocrx_word' id='word_1_375' title='bbox 3043 2212 3418 2270; x_wconf 81' lang='grc' dir='ltr'>εἰδωλοποιῶν</span> <span class='ocrx_word' id='word_1_376' title='bbox 3478 2215 3512 2283; x_wconf 76' lang='grc' dir='ltr'><strong>ἢ</strong></span> <span class='ocrx_word' id='word_1_377' title='bbox 3575 2221 3783 2289; x_wconf 83' lang='grc' dir='ltr'>ζωγρα-</span> 
     </span>
    </p>
   </div>
   <div class='ocr_carea' id='block_1_55' title="bbox 2137 2301 3786 2384">
    <p class='ocr_par' dir='ltr' id='par_1_55' title="bbox 2137 2301 3786 2384">
     <span class='ocr_line' id='line_1_55' title="bbox 2137 2301 3786 2384; baseline -0.003 -24"><span class='ocrx_word' id='word_1_378' title='bbox 2137 2305 2382 2384; x_wconf 75' lang='grc' dir='ltr'>φούντων</span> <span class='ocrx_word' id='word_1_379' title='bbox 2440 2302 2664 2360; x_wconf 73' lang='grc' dir='ltr'>έίδωλα.</span> <span class='ocrx_word' id='word_1_380' title='bbox 2701 2310 2828 2375; x_wconf 78' lang='grc' dir='ltr'>Περι</span> <span class='ocrx_word' id='word_1_381' title='bbox 2884 2303 3095 2358; x_wconf 81' lang='grc' dir='ltr'>πάντων</span> <span class='ocrx_word' id='word_1_382' title='bbox 3157 2307 3260 2357; x_wconf 84' lang='grc' dir='ltr'>τῶν</span> <span class='ocrx_word' id='word_1_383' title='bbox 3320 2307 3500 2357; x_wconf 83' lang='grc' dir='ltr'>κακῶν</span> <span class='ocrx_word' id='word_1_384' title='bbox 3560 2307 3666 2357; x_wconf 90' lang='grc' dir='ltr'>τῶν</span> <span class='ocrx_word' id='word_1_385' title='bbox 3734 2301 3786 2355; x_wconf 88' lang='grc' dir='ltr'>ἐν</span> 
     </span>
    </p>
   </div>
   <div class='ocr_carea' id='block_1_56' title="bbox 2137 2387 3794 2468">
    <p class='ocr_par' dir='ltr' id='par_1_56' title="bbox 2137 2387 3794 2468">
     <span class='ocr_line' id='line_1_56' title="bbox 2137 2387 3794 2468; baseline -0.003 -19"><span class='ocrx_word' id='word_1_386' title='bbox 2137 2393 2587 2468; x_wconf 75' lang='grc' dir='ltr'>εἰδωλολατρείᾳ.</span> <span class='ocrx_word' id='word_1_387' title='bbox 2649 2393 2780 2467; x_wconf 88' lang='grc' dir='ltr'>Περί</span> <span class='ocrx_word' id='word_1_388' title='bbox 2856 2387 3080 2452; x_wconf 73' lang='grc' dir='ltr'>ἀσεϐοῦς</span> <span class='ocrx_word' id='word_1_389' title='bbox 3148 2391 3459 2466; x_wconf 79' lang='grc' dir='ltr'>θρησκείας,</span> <span class='ocrx_word' id='word_1_390' title='bbox 3529 2393 3620 2444; x_wconf 86' lang='grc' dir='ltr'>καὶ</span> <span class='ocrx_word' id='word_1_391' title='bbox 3695 2389 3794 2445; x_wconf 76' lang='grc' dir='ltr'>ὅσα</span> 
     </span>
    </p>
   </div>
   <div class='ocr_carea' id='block_1_57' title="bbox 2137 2479 3791 2556">
    <p class='ocr_par' dir='ltr' id='par_1_57' title="bbox 2137 2479 3791 2556">
     <span class='ocr_line' id='line_1_57' title="bbox 2137 2479 3791 2556; baseline -0.003 -19"><span class='ocrx_word' id='word_1_392' title='bbox 2137 2483 2188 2537; x_wconf 84' lang='grc' dir='ltr'>ἐν</span> <span class='ocrx_word' id='word_1_393' title='bbox 2222 2483 2358 2555; x_wconf 79' lang='grc' dir='ltr'>αὐτῇ</span> <span class='ocrx_word' id='word_1_394' title='bbox 2389 2482 2540 2538; x_wconf 71' lang='grc' dir='ltr'>κακά.</span> <span class='ocrx_word' id='word_1_395' title='bbox 2590 2483 2719 2556; x_wconf 74' lang='grc' dir='ltr'>Περὶ</span> <span class='ocrx_word' id='word_1_396' title='bbox 2772 2487 2867 2535; x_wconf 81' lang='grc' dir='ltr'>τοῦ</span> <span class='ocrx_word' id='word_1_397' title='bbox 2929 2480 3230 2556; x_wconf 68' lang='grc' dir='ltr'>κεραμέως,</span> <span class='ocrx_word' id='word_1_398' title='bbox 3263 2479 3351 2534; x_wconf 86' lang='grc' dir='ltr'>καὶ</span> <span class='ocrx_word' id='word_1_399' title='bbox 3408 2484 3515 2534; x_wconf 88' lang='grc' dir='ltr'>τῶν</span> <span class='ocrx_word' id='word_1_400' title='bbox 3568 2500 3791 2554; x_wconf 90' lang='grc' dir='ltr'>κεραμι-</span> 
     </span>
    </p>
   </div>
   <div class='ocr_carea' id='block_1_58' title="bbox 2136 2567 3788 2643">
    <p class='ocr_par' dir='ltr' id='par_1_58' title="bbox 2136 2567 3788 2643">
     <span class='ocr_line' id='line_1_58' title="bbox 2136 2567 3788 2643; baseline -0.004 -16"><span class='ocrx_word' id='word_1_401' title='bbox 2136 2577 2246 2627; x_wconf 84' lang='grc' dir='ltr'>κῶν</span> <span class='ocrx_word' id='word_1_402' title='bbox 2307 2569 2551 2626; x_wconf 79' lang='grc' dir='ltr'>εἰδώλων</span> <span class='ocrx_word' id='word_1_403' title='bbox 2601 2577 2700 2638; x_wconf 77' lang='grc' dir='ltr'>τῆς</span> <span class='ocrx_word' id='word_1_404' title='bbox 2759 2576 2866 2624; x_wconf 88' lang='grc' dir='ltr'>τῶν</span> <span class='ocrx_word' id='word_1_405' title='bbox 2919 2569 3082 2623; x_wconf 81' lang='grc' dir='ltr'>ἐθνῶν</span> <span class='ocrx_word' id='word_1_406' title='bbox 3139 2567 3410 2643; x_wconf 61' lang='grc' dir='ltr'>λατρείας.</span> <span class='ocrx_word' id='word_1_407' title='bbox 3471 2568 3600 2642; x_wconf 87' lang='grc' dir='ltr'>Περὶ</span> <span class='ocrx_word' id='word_1_408' title='bbox 3681 2573 3788 2621; x_wconf 87' lang='grc' dir='ltr'>τῶν</span> 
     </span>
    </p>
   </div>
   <div class='ocr_carea' id='block_1_59' title="bbox 2138 2654 3789 2736">
    <p class='ocr_par' dir='ltr' id='par_1_59' title="bbox 2138 2654 3789 2736">
     <span class='ocr_line' id='line_1_59' title="bbox 2138 2654 3789 2736; baseline -0.003 -21"><span class='ocrx_word' id='word_1_409' title='bbox 2138 2661 2400 2736; x_wconf 84' lang='grc' dir='ltr'>ἐχθίστων</span> <span class='ocrx_word' id='word_1_410' title='bbox 2464 2663 2638 2728; x_wconf 83' lang='grc' dir='ltr'>ζώων,</span> <span class='ocrx_word' id='word_1_411' title='bbox 2689 2654 2886 2735; x_wconf 78' lang='grc' dir='ltr'>ὄφεων,</span> <span class='ocrx_word' id='word_1_412' title='bbox 2931 2655 3227 2729; x_wconf 76' lang='grc' dir='ltr'>αἰλούρων,</span> <span class='ocrx_word' id='word_1_413' title='bbox 3261 2655 3351 2709; x_wconf 81' lang='grc' dir='ltr'>καὶ</span> <span class='ocrx_word' id='word_1_414' title='bbox 3394 2659 3499 2710; x_wconf 89' lang='grc' dir='ltr'>τῶν</span> <span class='ocrx_word' id='word_1_415' title='bbox 3560 2655 3789 2727; x_wconf 86' lang='grc' dir='ltr'>ὁμοίων.</span> 
     </span>
    </p>
   </div>
   <div class='ocr_carea' id='block_1_60' title="bbox 2138 2742 3791 2822">
    <p class='ocr_par' dir='ltr' id='par_1_60' title="bbox 2138 2742 3791 2822">
     <span class='ocr_line' id='line_1_60' title="bbox 2138 2742 3791 2822; baseline -0.001 -19"><span class='ocrx_word' id='word_1_416' title='bbox 2138 2752 2257 2804; x_wconf 74' lang='grc' dir='ltr'>’Ότι</span> <span class='ocrx_word' id='word_1_417' title='bbox 2291 2748 2646 2822; x_wconf 67' lang='grc' dir='ltr'>εὐηργέτησεν</span> <span class='ocrx_word' id='word_1_418' title='bbox 2682 2748 2709 2800; x_wconf 90' lang='grc' dir='ltr'>ὁ</span> <span class='ocrx_word' id='word_1_419' title='bbox 2740 2747 2870 2807; x_wconf 84' lang='grc' dir='ltr'>Θεὸς</span> <span class='ocrx_word' id='word_1_420' title='bbox 2913 2746 3004 2798; x_wconf 89' lang='grc' dir='ltr'>τὸν</span> <span class='ocrx_word' id='word_1_421' title='bbox 3042 2742 3262 2819; x_wconf 71' lang='grc' dir='ltr'>Ἰσραὴλ</span> <span class='ocrx_word' id='word_1_422' title='bbox 3323 2743 3439 2798; x_wconf 78' lang='grc' dir='ltr'>ἀντὶ</span> <span class='ocrx_word' id='word_1_423' title='bbox 3503 2745 3791 2818; x_wconf 76' lang='grc' dir='ltr'>βατράχων</span> 
     </span>
    </p>
   </div>
   <div class='ocr_carea' id='block_1_61' title="bbox 2140 2827 3794 2913">
    <p class='ocr_par' dir='ltr' id='par_1_61' title="bbox 2140 2827 3794 2913">
     <span class='ocr_line' id='line_1_61' title="bbox 2140 2827 3794 2913; baseline -0.005 -21"><span class='ocrx_word' id='word_1_424' title='bbox 2140 2839 2578 2913; x_wconf 69' lang='grc' dir='ltr'>ὀρτυγομήτραν.</span> <span class='ocrx_word' id='word_1_425' title='bbox 2628 2839 2746 2891; x_wconf 67' lang='lat' dir='ltr'>&quot;Oti</span> <span class='ocrx_word' id='word_1_426' title='bbox 2805 2836 2894 2889; x_wconf 89' lang='grc' dir='ltr'>καί</span> <span class='ocrx_word' id='word_1_427' title='bbox 2952 2834 3038 2888; x_wconf 81' lang='grc' dir='ltr'>ἐπὶ</span> <span class='ocrx_word' id='word_1_428' title='bbox 3092 2831 3374 2907; x_wconf 68' lang='grc' dir='ltr'>δήγματος</span> <span class='ocrx_word' id='word_1_429' title='bbox 3418 2827 3589 2908; x_wconf 76' lang='grc' dir='ltr'>ὄφεων</span> <span class='ocrx_word' id='word_1_430' title='bbox 3623 2853 3794 2900; x_wconf 84' lang='grc' dir='ltr'>σωτη-</span> 
     </span>
    </p>
   </div>
   <div class='ocr_carea' id='block_1_62' title="bbox 2142 2919 3792 3002">
    <p class='ocr_par' dir='ltr' id='par_1_62' title="bbox 2142 2919 3792 3002">
     <span class='ocr_line' id='line_1_62' title="bbox 2142 2919 3792 3002; baseline -0.005 -21"><span class='ocrx_word' id='word_1_431' title='bbox 2142 2927 2230 3002; x_wconf 85' lang='grc' dir='ltr'>ρία</span> <span class='ocrx_word' id='word_1_432' title='bbox 2257 2933 2354 2982; x_wconf 89' lang='grc' dir='ltr'>τοῦ</span> <span class='ocrx_word' id='word_1_433' title='bbox 2386 2927 2521 2982; x_wconf 88' lang='grc' dir='ltr'>λαοῦ</span> <span class='ocrx_word' id='word_1_434' title='bbox 2573 2923 2641 2980; x_wconf 82' lang='grc' dir='ltr'>δι’</span> <span class='ocrx_word' id='word_1_435' title='bbox 2696 2921 2870 3000; x_wconf 74' lang='grc' dir='ltr'>ὄφεως</span> <span class='ocrx_word' id='word_1_436' title='bbox 2933 2922 3146 2998; x_wconf 77' lang='grc' dir='ltr'>χαλκοῦ</span> <span class='ocrx_word' id='word_1_437' title='bbox 3203 2921 3634 2996; x_wconf 71' lang='grc' dir='ltr'>ἐσταυρωμένου·</span> <span class='ocrx_word' id='word_1_438' title='bbox 3666 2919 3792 2982; x_wconf 77' lang='grc' dir='ltr'>τοὺς</span> 
     </span>
    </p>
   </div>
   <div class='ocr_carea' id='block_1_63' title="bbox 2143 3008 3792 3090">
    <p class='ocr_par' dir='ltr' id='par_1_63' title="bbox 2143 3008 3792 3090">
     <span class='ocr_line' id='line_1_63' title="bbox 2143 3008 3792 3090; baseline -0.004 -20"><span class='ocrx_word' id='word_1_439' title='bbox 2143 3014 2200 3070; x_wconf 69' lang='grc' dir='ltr'>δὲ</span> <span class='ocrx_word' id='word_1_440' title='bbox 2260 3014 2490 3090; x_wconf 67' lang='grc' dir='ltr'>ἐχθροὺς</span> <span class='ocrx_word' id='word_1_441' title='bbox 2548 3013 2723 3068; x_wconf 85' lang='grc' dir='ltr'>αὐτῶν</span> <span class='ocrx_word' id='word_1_442' title='bbox 2759 3010 2826 3066; x_wconf 79' lang='grc' dir='ltr'>δι’</span> <span class='ocrx_word' id='word_1_443' title='bbox 2858 3009 3092 3085; x_wconf 79' lang='grc' dir='ltr'>ἀκρίδων</span> <span class='ocrx_word' id='word_1_444' title='bbox 3152 3010 3240 3064; x_wconf 79' lang='grc' dir='ltr'>καὶ</span> <span class='ocrx_word' id='word_1_445' title='bbox 3278 3015 3426 3080; x_wconf 83' lang='grc' dir='ltr'>μυῶν</span> <span class='ocrx_word' id='word_1_446' title='bbox 3461 3008 3792 3064; x_wconf 73' lang='grc' dir='ltr'>ἀπέκτεινεν.</span> 
     </span>
    </p>
   </div>
   <div class='ocr_carea' id='block_1_64' title="bbox 2141 3096 3794 3178">
    <p class='ocr_par' dir='ltr' id='par_1_64' title="bbox 2141 3096 3794 3178">
     <span class='ocr_line' id='line_1_64' title="bbox 2141 3096 3794 3178; baseline -0.005 -21"><span class='ocrx_word' id='word_1_447' title='bbox 2141 3106 2259 3157; x_wconf 74' lang='grc' dir='ltr'>’Ότι</span> <span class='ocrx_word' id='word_1_448' title='bbox 2292 3101 2542 3178; x_wconf 69' lang='grc' dir='ltr'>ἀγγέλων</span> <span class='ocrx_word' id='word_1_449' title='bbox 2575 3103 2782 3178; x_wconf 75' lang='grc' dir='ltr'>τροφὴν</span> <span class='ocrx_word' id='word_1_450' title='bbox 2817 3099 3059 3174; x_wconf 78' lang='grc' dir='ltr'>ἐψώμισε</span> <span class='ocrx_word' id='word_1_451' title='bbox 3105 3099 3195 3154; x_wconf 87' lang='grc' dir='ltr'>τὸν</span> <span class='ocrx_word' id='word_1_452' title='bbox 3247 3096 3376 3152; x_wconf 86' lang='grc' dir='ltr'>λαὸν</span> <span class='ocrx_word' id='word_1_453' title='bbox 3438 3099 3572 3170; x_wconf 88' lang='grc' dir='ltr'>πρὸς</span> <span class='ocrx_word' id='word_1_454' title='bbox 3623 3104 3794 3152; x_wconf 79' lang='grc' dir='ltr'>πᾶσαν</span> 
     </span>
    </p>
   </div>
   <div class='ocr_carea' id='block_1_65' title="bbox 2143 3188 3796 3266">
    <p class='ocr_par' dir='ltr' id='par_1_65' title="bbox 2143 3188 3796 3266">
     <span class='ocr_line' id='line_1_65' title="bbox 2143 3188 3796 3266; baseline -0.002 -20"><span class='ocrx_word' id='word_1_455' title='bbox 2143 3190 2342 3262; x_wconf 67' lang='grc' dir='ltr'>ἡδονὴν</span> <span class='ocrx_word' id='word_1_456' title='bbox 2403 3190 2722 3266; x_wconf 76' lang='grc' dir='ltr'>ἰσχύουσαν,</span> <span class='ocrx_word' id='word_1_457' title='bbox 2754 3190 2842 3243; x_wconf 75' lang='grc' dir='ltr'>καὶ</span> <span class='ocrx_word' id='word_1_458' title='bbox 2896 3191 3031 3264; x_wconf 86' lang='grc' dir='ltr'>πρὸς</span> <span class='ocrx_word' id='word_1_459' title='bbox 3072 3194 3240 3242; x_wconf 73' lang='grc' dir='ltr'>πᾶσαν</span> <span class='ocrx_word' id='word_1_460' title='bbox 3301 3188 3562 3262; x_wconf 79' lang='grc' dir='ltr'>ἁρμονίας</span> <span class='ocrx_word' id='word_1_461' title='bbox 3595 3191 3796 3260; x_wconf 88' lang='grc' dir='ltr'>γεῦσιν.</span> 
     </span>
    </p>
   </div>
   <div class='ocr_carea' id='block_1_66' title="bbox 369 3257 2028 3356">
    <p class='ocr_par' dir='ltr' id='par_1_66' title="bbox 369 3282 2026 3352">
     <span class='ocr_line' id='line_1_66' title="bbox 369 3282 2026 3352; baseline -0.001 -16"><span class='ocrx_word' id='word_1_462' title='bbox 369 3282 802 3346; x_wconf 86' lang='lat' dir='ltr'>mittens.Quod</span> <span class='ocrx_word' id='word_1_463' title='bbox 817 3287 1019 3336; x_wconf 90' lang='lat' dir='ltr'>contra</span> <span class='ocrx_word' id='word_1_464' title='bbox 1038 3298 1298 3336; x_wconf 83' lang='lat' dir='ltr'>morsum</span> <span class='ocrx_word' id='word_1_465' title='bbox 1315 3285 1785 3352; x_wconf 90' lang='lat' dir='ltr'>serpentum,per</span> <span class='ocrx_word' id='word_1_466' title='bbox 1803 3297 2026 3336; x_wconf 70' lang='lat' dir='ltr'>tensum</span> 
     </span>
    </p>
   </div>
   <div class='ocr_carea' id='block_1_67' title="bbox 2140 3257 3801 3356">
    <p class='ocr_par' dir='ltr' id='par_1_67' title="bbox 2140 3257 3801 3356">
     <span class='ocr_line' id='line_1_67' title="bbox 2140 3257 3801 3356; baseline -0.005 -18"><span class='ocrx_word' id='word_1_467' title='bbox 2140 3257 2265 3338; x_wconf 71' lang='grc' dir='ltr'>’Ότι</span> <span class='ocrx_word' id='word_1_468' title='bbox 2296 3257 2540 3356; x_wconf 67' lang='grc' dir='ltr'>χάλαξαν</span> <span class='ocrx_word' id='word_1_469' title='bbox 2577 3278 2897 3353; x_wconf 75' lang='grc' dir='ltr'>Αἰγυπτίοις</span> <span class='ocrx_word' id='word_1_470' title='bbox 2934 3257 3066 3349; x_wconf 81' lang='grc' dir='ltr'>μετά</span> <span class='ocrx_word' id='word_1_471' title='bbox 3095 3277 3264 3351; x_wconf 89' lang='grc' dir='ltr'>πυρὸς</span> <span class='ocrx_word' id='word_1_472' title='bbox 3523 3257 3659 3351; x_wconf 59' lang='grc' dir='ltr'>πρὸς</span> <span class='ocrx_word' id='word_1_473' title='bbox 3689 3273 3801 3330; x_wconf 84' lang='grc' dir='ltr'>δια-</span> 
     </span>
    </p>
   </div>
   <div class='ocr_carea' id='block_1_68' title="bbox 371 3367 2032 3441">
    <p class='ocr_par' dir='ltr' id='par_1_68' title="bbox 371 3367 2032 3441">
     <span class='ocr_line' id='line_1_68' title="bbox 371 3367 2032 3441; baseline -0.001 -17"><span class='ocrx_word' id='word_1_474' title='bbox 371 3374 700 3440; x_wconf 89' lang='lat' dir='ltr'>serpentem</span> <span class='ocrx_word' id='word_1_475' title='bbox 732 3367 792 3423; x_wconf 90' lang='lat' dir='ltr'>in</span> <span class='ocrx_word' id='word_1_476' title='bbox 824 3385 995 3424; x_wconf 89' lang='lat' dir='ltr'>eruce</span> <span class='ocrx_word' id='word_1_477' title='bbox 1027 3386 1378 3440; x_wconf 89' lang='lat' dir='ltr'>suspensum</span> <span class='ocrx_word' id='word_1_478' title='bbox 1413 3369 1575 3424; x_wconf 90' lang='lat' dir='ltr'>salus</span> <span class='ocrx_word' id='word_1_479' title='bbox 1619 3369 1836 3441; x_wconf 89' lang='lat' dir='ltr'>populo</span> <span class='ocrx_word' id='word_1_480' title='bbox 1883 3371 2032 3424; x_wconf 75' lang='lat' dir='ltr'>facta</span> 
     </span>
    </p>
   </div>
   <div class='ocr_carea' id='block_1_69' title="bbox 372 3455 2034 3529">
    <p class='ocr_par' dir='ltr' id='par_1_69' title="bbox 372 3455 2034 3529">
     <span class='ocr_line' id='line_1_69' title="bbox 372 3455 2034 3529; baseline 0.001 -19"><span class='ocrx_word' id='word_1_481' title='bbox 372 3456 472 3522; x_wconf 87' lang='lat' dir='ltr'>sit,</span> <span class='ocrx_word' id='word_1_482' title='bbox 507 3455 726 3510; x_wconf 90' lang='lat' dir='ltr'>inimici</span> <span class='ocrx_word' id='word_1_483' title='bbox 761 3473 893 3511; x_wconf 86' lang='lat' dir='ltr'>vero</span> <span class='ocrx_word' id='word_1_484' title='bbox 936 3457 1196 3528; x_wconf 91' lang='lat' dir='ltr'>ipsorum</span> <span class='ocrx_word' id='word_1_485' title='bbox 1254 3475 1356 3529; x_wconf 89' lang='lat' dir='ltr'>per</span> <span class='ocrx_word' id='word_1_486' title='bbox 1406 3459 1664 3513; x_wconf 86' lang='lat' dir='ltr'>locustae</span> <span class='ocrx_word' id='word_1_487' title='bbox 1721 3465 1777 3512; x_wconf 90' lang='lat' dir='ltr'>et</span> <span class='ocrx_word' id='word_1_488' title='bbox 1835 3474 2034 3513; x_wconf 90' lang='lat' dir='ltr'>mures</span> 
     </span>
    </p>
   </div>
   <div class='ocr_carea' id='block_1_70' title="bbox 368 3543 2032 3618">
    <p class='ocr_par' dir='ltr' id='par_1_70' title="bbox 368 3543 2032 3618">
     <span class='ocr_line' id='line_1_70' title="bbox 368 3543 2032 3618; baseline -0.001 -20"><span class='ocrx_word' id='word_1_489' title='bbox 368 3543 562 3598; x_wconf 85' lang='lat' dir='ltr'>occisi.</span> <span class='ocrx_word' id='word_1_490' title='bbox 626 3545 788 3607; x_wconf 88' lang='lat' dir='ltr'>Quod</span> <span class='ocrx_word' id='word_1_491' title='bbox 849 3544 1129 3616; x_wconf 91' lang='lat' dir='ltr'>populum</span> <span class='ocrx_word' id='word_1_492' title='bbox 1190 3545 1533 3618; x_wconf 89' lang='lat' dir='ltr'>angelorum</span> <span class='ocrx_word' id='word_1_493' title='bbox 1607 3545 1736 3600; x_wconf 90' lang='lat' dir='ltr'>cibo</span> <span class='ocrx_word' id='word_1_494' title='bbox 1801 3545 2032 3608; x_wconf 86' lang='lat' dir='ltr'>aluerit,</span> 
     </span>
    </p>
   </div>
   <div class='ocr_carea' id='block_1_71' title="bbox 370 3631 2037 3704">
    <p class='ocr_par' dir='ltr' id='par_1_71' title="bbox 370 3631 2037 3704">
     <span class='ocr_line' id='line_1_71' title="bbox 370 3631 2037 3704; baseline 0.001 -18"><span class='ocrx_word' id='word_1_495' title='bbox 370 3647 786 3703; x_wconf 87' lang='lat' dir='ltr'>quamcunque</span> <span class='ocrx_word' id='word_1_496' title='bbox 815 3631 1173 3703; x_wconf 89' lang='lat' dir='ltr'>voluptatem</span> <span class='ocrx_word' id='word_1_497' title='bbox 1207 3633 1483 3699; x_wconf 86' lang='lat' dir='ltr'>habente,</span> <span class='ocrx_word' id='word_1_498' title='bbox 1503 3638 1560 3689; x_wconf 92' lang='lat' dir='ltr'>et</span> <span class='ocrx_word' id='word_1_499' title='bbox 1589 3633 1661 3688; x_wconf 92' lang='lat' dir='ltr'>ad</span> <span class='ocrx_word' id='word_1_500' title='bbox 1721 3649 2037 3704; x_wconf 89' lang='lat' dir='ltr'>quemcun-</span> 
     </span>
    </p>
   </div>
   <div class='ocr_carea' id='block_1_72' title="bbox 375 3721 2036 3794">
    <p class='ocr_par' dir='ltr' id='par_1_72' title="bbox 375 3721 2036 3794">
     <span class='ocr_line' id='line_1_72' title="bbox 375 3721 2036 3794; baseline 0.001 -21"><span class='ocrx_word' id='word_1_501' title='bbox 375 3735 487 3790; x_wconf 87' lang='lat' dir='ltr'>que</span> <span class='ocrx_word' id='word_1_502' title='bbox 517 3725 755 3792; x_wconf 86' lang='lat' dir='ltr'>gustum</span> <span class='ocrx_word' id='word_1_503' title='bbox 779 3721 1066 3793; x_wconf 88' lang='lat' dir='ltr'>apposito.</span> <span class='ocrx_word' id='word_1_504' title='bbox 1115 3722 1277 3784; x_wconf 90' lang='lat' dir='ltr'>Quod</span> <span class='ocrx_word' id='word_1_505' title='bbox 1310 3724 1658 3794; x_wconf 88' lang='lat' dir='ltr'>grandinem</span> <span class='ocrx_word' id='word_1_506' title='bbox 1705 3739 1838 3777; x_wconf 90' lang='lat' dir='ltr'>cum</span> <span class='ocrx_word' id='word_1_507' title='bbox 1902 3723 2036 3793; x_wconf 91' lang='lat' dir='ltr'>igne</span> 
     </span>
    </p>
   </div>
   <div class='ocr_carea' id='block_1_73' title="bbox 379 3811 2035 3882">
    <p class='ocr_par' dir='ltr' id='par_1_73' title="bbox 379 3811 2035 3882">
     <span class='ocr_line' id='line_1_73' title="bbox 379 3811 2035 3882; baseline 0.002 -19"><span class='ocrx_word' id='word_1_508' title='bbox 379 3811 448 3863; x_wconf 92' lang='lat' dir='ltr'>ad</span> <span class='ocrx_word' id='word_1_509' title='bbox 493 3811 953 3882; x_wconf 83' lang='lat' dir='ltr'>corrumpendae</span> <span class='ocrx_word' id='word_1_510' title='bbox 986 3811 1256 3881; x_wconf 85' lang='lat' dir='ltr'>frugesin</span> <span class='ocrx_word' id='word_1_511' title='bbox 1281 3812 1575 3882; x_wconf 63' lang='lat' dir='ltr'>[Egyptios</span> <span class='ocrx_word' id='word_1_512' title='bbox 1595 3811 1840 3866; x_wconf 88' lang='lat' dir='ltr'>miserit.</span> <span class='ocrx_word' id='word_1_513' title='bbox 1873 3811 2035 3875; x_wconf 90' lang='lat' dir='ltr'>Quod</span> 
     </span>
    </p>
   </div>
   <div class='ocr_carea' id='block_1_74' title="bbox 372 3901 2035 3974">
    <p class='ocr_par' dir='ltr' id='par_1_74' title="bbox 372 3901 2035 3974">
     <span class='ocr_line' id='line_1_74' title="bbox 372 3901 2035 3974; baseline 0 -18"><span class='ocrx_word' id='word_1_514' title='bbox 372 3901 691 3974; x_wconf 73' lang='lat' dir='ltr'>palpabiles</span> <span class='ocrx_word' id='word_1_515' title='bbox 725 3901 992 3958; x_wconf 83' lang='lat' dir='ltr'>tenebras</span> <span class='ocrx_word' id='word_1_516' title='bbox 1022 3901 1082 3956; x_wconf 91' lang='lat' dir='ltr'>in</span> <span class='ocrx_word' id='word_1_517' title='bbox 1117 3903 1413 3974; x_wconf 66' lang='lat' dir='ltr'>Egyptios</span> <span class='ocrx_word' id='word_1_518' title='bbox 1445 3902 1770 3966; x_wconf 89' lang='lat' dir='ltr'>demiserit,</span> <span class='ocrx_word' id='word_1_519' title='bbox 1805 3908 1861 3957; x_wconf 89' lang='lat' dir='ltr'>et</span> <span class='ocrx_word' id='word_1_520' title='bbox 1909 3919 2035 3973; x_wconf 67' lang='lat' dir='ltr'>quaz</span> 
     </span>
    </p>
   </div>
   <div class='ocr_carea' id='block_1_75' title="bbox 373 3990 2036 4046">
    <p class='ocr_par' dir='ltr' id='par_1_75' title="bbox 373 3990 2036 4046">
     <span class='ocr_line' id='line_1_75' title="bbox 373 3990 2036 4046; baseline 0.001 -2"><span class='ocrx_word' id='word_1_521' title='bbox 373 3990 433 4044; x_wconf 91' lang='lat' dir='ltr'>in</span> <span class='ocrx_word' id='word_1_522' title='bbox 459 4006 527 4044; x_wconf 91' lang='lat' dir='ltr'>ea</span> <span class='ocrx_word' id='word_1_523' title='bbox 559 4007 618 4044; x_wconf 94' lang='lat' dir='ltr'>re</span> <span class='ocrx_word' id='word_1_524' title='bbox 642 3990 873 4044; x_wconf 89' lang='lat' dir='ltr'>inerant</span> <span class='ocrx_word' id='word_1_525' title='bbox 905 3990 1096 4044; x_wconf 90' lang='lat' dir='ltr'>mala:</span> <span class='ocrx_word' id='word_1_526' title='bbox 1132 3991 1352 4045; x_wconf 88' lang='lat' dir='ltr'>sanctis</span> <span class='ocrx_word' id='word_1_527' title='bbox 1380 4007 1516 4045; x_wconf 92' lang='lat' dir='ltr'>vero</span> <span class='ocrx_word' id='word_1_528' title='bbox 1575 3991 1700 4045; x_wconf 89' lang='lat' dir='ltr'>suis</span> <span class='ocrx_word' id='word_1_529' title='bbox 1736 3990 1927 4046; x_wconf 89' lang='lat' dir='ltr'>lucem</span> <span class='ocrx_word' id='word_1_530' title='bbox 1977 3992 2036 4046; x_wconf 88' lang='lat' dir='ltr'>in</span> 
     </span>
    </p>
   </div>
   <div class='ocr_carea' id='block_1_76' title="bbox 373 4077 2034 4150">
    <p class='ocr_par' dir='ltr' id='par_1_76' title="bbox 373 4077 2034 4150">
     <span class='ocr_line' id='line_1_76' title="bbox 373 4077 2034 4150; baseline 0.001 -17"><span class='ocrx_word' id='word_1_531' title='bbox 373 4079 639 4149; x_wconf 64' lang='lat' dir='ltr'>Egypto,</span> <span class='ocrx_word' id='word_1_532' title='bbox 667 4085 724 4132; x_wconf 89' lang='lat' dir='ltr'>et</span> <span class='ocrx_word' id='word_1_533' title='bbox 751 4079 1080 4132; x_wconf 89' lang='lat' dir='ltr'>columnam</span> <span class='ocrx_word' id='word_1_534' title='bbox 1115 4077 1271 4149; x_wconf 90' lang='lat' dir='ltr'>ignis</span> <span class='ocrx_word' id='word_1_535' title='bbox 1321 4079 1379 4132; x_wconf 92' lang='lat' dir='ltr'>in</span> <span class='ocrx_word' id='word_1_536' title='bbox 1431 4078 1768 4150; x_wconf 89' lang='lat' dir='ltr'>solitudine,</span> <span class='ocrx_word' id='word_1_537' title='bbox 1793 4087 1852 4135; x_wconf 91' lang='lat' dir='ltr'>et</span> <span class='ocrx_word' id='word_1_538' title='bbox 1881 4081 2034 4150; x_wconf 90' lang='lat' dir='ltr'>quod</span> 
     </span>
    </p>
   </div>
   <div class='ocr_carea' id='block_1_77' title="bbox 377 4164 2037 4240">
    <p class='ocr_par' dir='ltr' id='par_1_77' title="bbox 377 4164 2037 4240">
     <span class='ocr_line' id='line_1_77' title="bbox 377 4164 2037 4240; baseline 0.004 -22"><span class='ocrx_word' id='word_1_539' title='bbox 377 4172 613 4237; x_wconf 86' lang='lat' dir='ltr'>propter</span> <span class='ocrx_word' id='word_1_540' title='bbox 642 4165 864 4221; x_wconf 90' lang='lat' dir='ltr'>occisos</span> <span class='ocrx_word' id='word_1_541' title='bbox 898 4164 1291 4221; x_wconf 89' lang='lat' dir='ltr'>Israelitarum</span> <span class='ocrx_word' id='word_1_542' title='bbox 1327 4166 1602 4232; x_wconf 86' lang='lat' dir='ltr'>infantes,</span> <span class='ocrx_word' id='word_1_543' title='bbox 1633 4169 2037 4240; x_wconf 65' lang='lat' dir='ltr'>Egyptiorum</span> 
     </span>
    </p>
   </div>
   <div class='ocr_carea' id='block_1_78' title="bbox 377 4253 2039 4329">
    <p class='ocr_par' dir='ltr' id='par_1_78' title="bbox 377 4253 2039 4329">
     <span class='ocr_line' id='line_1_78' title="bbox 377 4253 2039 4329; baseline 0.004 -24"><span class='ocrx_word' id='word_1_544' title='bbox 377 4253 797 4324; x_wconf 88' lang='lat' dir='ltr'>primogenitos</span> <span class='ocrx_word' id='word_1_545' title='bbox 829 4261 1073 4319; x_wconf 89' lang='lat' dir='ltr'>mors,et</span> <span class='ocrx_word' id='word_1_546' title='bbox 1105 4255 1435 4310; x_wconf 88' lang='lat' dir='ltr'>submersio</span> <span class='ocrx_word' id='word_1_547' title='bbox 1487 4257 1671 4328; x_wconf 87' lang='lat' dir='ltr'>(ipsos</span> <span class='ocrx_word' id='word_1_548' title='bbox 1717 4257 2039 4329; x_wconf 72' lang='lat' dir='ltr'>Egyptios)</span> 
     </span>
    </p>
   </div>
   <div class='ocr_carea' id='block_1_79' title="bbox 375 4342 2040 4417">
    <p class='ocr_par' dir='ltr' id='par_1_79' title="bbox 375 4342 2040 4417">
     <span class='ocr_line' id='line_1_79' title="bbox 375 4342 2040 4417; baseline 0.002 -19"><span class='ocrx_word' id='word_1_549' title='bbox 375 4342 720 4398; x_wconf 87' lang='lat' dir='ltr'>sustulerit:</span> <span class='ocrx_word' id='word_1_550' title='bbox 771 4350 828 4398; x_wconf 91' lang='lat' dir='ltr'>et</span> <span class='ocrx_word' id='word_1_551' title='bbox 875 4361 976 4414; x_wconf 90' lang='lat' dir='ltr'>pro</span> <span class='ocrx_word' id='word_1_552' title='bbox 1020 4351 1205 4400; x_wconf 88' lang='lat' dir='ltr'>morte</span> <span class='ocrx_word' id='word_1_553' title='bbox 1255 4345 1807 4417; x_wconf 90' lang='lat' dir='ltr'>primogenitorum,</span> <span class='ocrx_word' id='word_1_554' title='bbox 1878 4346 2040 4402; x_wconf 84' lang='lat' dir='ltr'>salus</span> 
     </span>
    </p>
   </div>
   <div class='ocr_carea' id='block_1_80' title="bbox 383 4431 2039 4507">
    <p class='ocr_par' dir='ltr' id='par_1_80' title="bbox 383 4431 2039 4507">
     <span class='ocr_line' id='line_1_80' title="bbox 383 4431 2039 4507; baseline 0.003 -21"><span class='ocrx_word' id='word_1_555' title='bbox 383 4431 584 4486; x_wconf 86' lang='lat' dir='ltr'>Israeli</span> <span class='ocrx_word' id='word_1_556' title='bbox 640 4448 741 4503; x_wconf 92' lang='lat' dir='ltr'>per</span> <span class='ocrx_word' id='word_1_557' title='bbox 788 4434 1138 4505; x_wconf 84' lang='lat' dir='ltr'>sangninem</span> <span class='ocrx_word' id='word_1_558' title='bbox 1178 4433 1314 4505; x_wconf 87' lang='lat' dir='ltr'>agni</span> <span class='ocrx_word' id='word_1_559' title='bbox 1344 4451 1620 4490; x_wconf 86' lang='lat' dir='ltr'>concessa</span> <span class='ocrx_word' id='word_1_560' title='bbox 1650 4434 1742 4489; x_wconf 88' lang='lat' dir='ltr'>sit.</span> <span class='ocrx_word' id='word_1_561' title='bbox 1811 4440 1878 4491; x_wconf 88' lang='lat' dir='ltr'>Et</span> <span class='ocrx_word' id='word_1_562' title='bbox 1937 4454 2039 4507; x_wconf 91' lang='lat' dir='ltr'>pro</span> 
     </span>
    </p>
   </div>
   <div class='ocr_carea' id='block_1_81' title="bbox 377 4523 2038 4592">
    <p class='ocr_par' dir='ltr' id='par_1_81' title="bbox 377 4523 2038 4592">
     <span class='ocr_line' id='line_1_81' title="bbox 377 4523 2038 4592; baseline 0.004 -16"><span class='ocrx_word' id='word_1_563' title='bbox 377 4529 562 4577; x_wconf 89' lang='lat' dir='ltr'>morte</span> <span class='ocrx_word' id='word_1_564' title='bbox 613 4525 914 4592; x_wconf 86' lang='lat' dir='ltr'>justorum</span> <span class='ocrx_word' id='word_1_565' title='bbox 971 4525 1028 4579; x_wconf 91' lang='lat' dir='ltr'>in</span> <span class='ocrx_word' id='word_1_566' title='bbox 1089 4523 1426 4585; x_wconf 85' lang='lat' dir='ltr'>solitudine.</span> <span class='ocrx_word' id='word_1_567' title='bbox 1476 4530 1668 4580; x_wconf 83' lang='lat' dir='ltr'>Aaron</span> <span class='ocrx_word' id='word_1_568' title='bbox 1728 4528 2038 4582; x_wconf 89' lang='lat' dir='ltr'>Dominum</span> 
     </span>
    </p>
   </div>
   <div class='ocr_carea' id='block_1_82' title="bbox 2141 3364 3793 3448">
    <p class='ocr_par' dir='ltr' id='par_1_82' title="bbox 2141 3364 3793 3448">
     <span class='ocr_line' id='line_1_82' title="bbox 2141 3364 3793 3448; baseline -0.004 -23"><span class='ocrx_word' id='word_1_569' title='bbox 2141 3371 2342 3448; x_wconf 66' lang='grc' dir='ltr'>φθορὰν</span> <span class='ocrx_word' id='word_1_570' title='bbox 2399 3370 2775 3443; x_wconf 84' lang='grc' dir='ltr'>γεννημάτων.</span> <span class='ocrx_word' id='word_1_571' title='bbox 2840 3370 2956 3420; x_wconf 86' lang='grc' dir='ltr'>’Ὀτι</span> <span class='ocrx_word' id='word_1_572' title='bbox 3031 3373 3147 3427; x_wconf 81' lang='grc' dir='ltr'>τοῖς</span> <span class='ocrx_word' id='word_1_573' title='bbox 3203 3365 3524 3440; x_wconf 78' lang='grc' dir='ltr'>Αἰγυπτίοις</span> <span class='ocrx_word' id='word_1_574' title='bbox 3585 3364 3793 3438; x_wconf 77' lang='grc' dir='ltr'>ἔπεμψε</span> 
     </span>
    </p>
   </div>
   <div class='ocr_carea' id='block_1_83' title="bbox 2142 3451 3798 3536">
    <p class='ocr_par' dir='ltr' id='par_1_83' title="bbox 2142 3451 3798 3536">
     <span class='ocr_line' id='line_1_83' title="bbox 2142 3451 3798 3536; baseline -0.004 -22"><span class='ocrx_word' id='word_1_575' title='bbox 2142 3459 2470 3536; x_wconf 77' lang='grc' dir='ltr'>ψηλαφητὸν</span> <span class='ocrx_word' id='word_1_576' title='bbox 2521 3458 2734 3525; x_wconf 76' lang='grc' dir='ltr'>σκότος,</span> <span class='ocrx_word' id='word_1_577' title='bbox 2785 3457 2874 3510; x_wconf 84' lang='grc' dir='ltr'>καὶ</span> <span class='ocrx_word' id='word_1_578' title='bbox 2932 3457 2998 3510; x_wconf 80' lang='grc' dir='ltr'>τὰ</span> <span class='ocrx_word' id='word_1_579' title='bbox 3057 3455 3107 3510; x_wconf 83' lang='grc' dir='ltr'>ἐν</span> <span class='ocrx_word' id='word_1_580' title='bbox 3170 3453 3315 3526; x_wconf 82' lang='grc' dir='ltr'>αὐτῷ</span> <span class='ocrx_word' id='word_1_581' title='bbox 3370 3454 3527 3509; x_wconf 87' lang='grc' dir='ltr'>κακά·</span> <span class='ocrx_word' id='word_1_582' title='bbox 3576 3459 3691 3515; x_wconf 86' lang='grc' dir='ltr'>τοῖς</span> <span class='ocrx_word' id='word_1_583' title='bbox 3742 3451 3798 3508; x_wconf 77' lang='grc' dir='ltr'>δὲ</span> 
     </span>
    </p>
   </div>
   <div class='ocr_carea' id='block_1_84' title="bbox 2144 3542 3794 3624">
    <p class='ocr_par' dir='ltr' id='par_1_84' title="bbox 2144 3542 3794 3624">
     <span class='ocr_line' id='line_1_84' title="bbox 2144 3542 3794 3624; baseline -0.005 -20"><span class='ocrx_word' id='word_1_584' title='bbox 2144 3549 2312 3610; x_wconf 83' lang='grc' dir='ltr'>ὁσίοις</span> <span class='ocrx_word' id='word_1_585' title='bbox 2345 3547 2508 3602; x_wconf 83' lang='grc' dir='ltr'>αὐτοῦ</span> <span class='ocrx_word' id='word_1_586' title='bbox 2539 3552 2649 3624; x_wconf 71' lang='grc' dir='ltr'>φῶς</span> <span class='ocrx_word' id='word_1_587' title='bbox 2681 3545 2732 3600; x_wconf 87' lang='grc' dir='ltr'>ἐν</span> <span class='ocrx_word' id='word_1_588' title='bbox 2766 3545 3151 3619; x_wconf 73' lang='grc' dir='ltr'>Αἰγύπτῳ,καί</span> <span class='ocrx_word' id='word_1_589' title='bbox 3185 3544 3235 3598; x_wconf 79' lang='grc' dir='ltr'>ἐν</span> <span class='ocrx_word' id='word_1_590' title='bbox 3275 3547 3343 3617; x_wconf 77' lang='grc' dir='ltr'>τῇ</span> <span class='ocrx_word' id='word_1_591' title='bbox 3375 3543 3569 3618; x_wconf 78' lang='grc' dir='ltr'>ἐρήμῳ</span> <span class='ocrx_word' id='word_1_592' title='bbox 3602 3542 3794 3597; x_wconf 83' lang='grc' dir='ltr'>στῦλον</span> 
     </span>
    </p>
   </div>
   <div class='ocr_carea' id='block_1_85' title="bbox 2145 3629 3791 3710">
    <p class='ocr_par' dir='ltr' id='par_1_85' title="bbox 2145 3629 3791 3710">
     <span class='ocr_line' id='line_1_85' title="bbox 2145 3629 3791 3710; baseline -0.007 -18"><span class='ocrx_word' id='word_1_593' title='bbox 2145 3639 2332 3710; x_wconf 86' lang='grc' dir='ltr'>πυρός.</span> <span class='ocrx_word' id='word_1_594' title='bbox 2391 3636 2486 3691; x_wconf 82' lang='grc' dir='ltr'>Καὶ</span> <span class='ocrx_word' id='word_1_595' title='bbox 2548 3635 2660 3689; x_wconf 70' lang='grc' dir='ltr'>ἐντὶ</span> <span class='ocrx_word' id='word_1_596' title='bbox 2723 3635 2816 3707; x_wconf 72' lang='grc' dir='ltr'>μὲν</span> <span class='ocrx_word' id='word_1_597' title='bbox 2869 3633 3096 3687; x_wconf 86' lang='grc' dir='ltr'>θανάτου</span> <span class='ocrx_word' id='word_1_598' title='bbox 3155 3632 3364 3702; x_wconf 83' lang='grc' dir='ltr'>νηπίων</span> <span class='ocrx_word' id='word_1_599' title='bbox 3416 3629 3634 3705; x_wconf 79' lang='grc' dir='ltr'>Ἰσραὴλ</span> <span class='ocrx_word' id='word_1_600' title='bbox 3686 3633 3791 3683; x_wconf 88' lang='grc' dir='ltr'>τῶν</span> 
     </span>
    </p>
   </div>
   <div class='ocr_carea' id='block_1_86' title="bbox 2147 3717 3796 3802">
    <p class='ocr_par' dir='ltr' id='par_1_86' title="bbox 2147 3717 3796 3802">
     <span class='ocr_line' id='line_1_86' title="bbox 2147 3717 3796 3802; baseline -0.007 -20"><span class='ocrx_word' id='word_1_601' title='bbox 2147 3727 2459 3802; x_wconf 79' lang='grc' dir='ltr'>Αἰγυπτίων</span> <span class='ocrx_word' id='word_1_602' title='bbox 2509 3723 2872 3798; x_wconf 84' lang='grc' dir='ltr'>πρωτοτόκων</span> <span class='ocrx_word' id='word_1_603' title='bbox 2928 3722 3151 3783; x_wconf 84' lang='grc' dir='ltr'>θάνατος</span> <span class='ocrx_word' id='word_1_604' title='bbox 3200 3722 3288 3776; x_wconf 85' lang='grc' dir='ltr'>καὶ</span> <span class='ocrx_word' id='word_1_605' title='bbox 3339 3717 3796 3791; x_wconf 86' lang='grc' dir='ltr'>καταποντισμὸς·</span> 
     </span>
    </p>
   </div>
   <div class='ocr_carea' id='block_1_87' title="bbox 2148 3804 3800 3884">
    <p class='ocr_par' dir='ltr' id='par_1_87' title="bbox 2148 3804 3800 3884">
     <span class='ocr_line' id='line_1_87' title="bbox 2148 3804 3800 3884; baseline -0.007 -13"><span class='ocrx_word' id='word_1_606' title='bbox 2148 3815 2263 3871; x_wconf 81' lang='grc' dir='ltr'>ἀντὶ</span> <span class='ocrx_word' id='word_1_607' title='bbox 2321 3813 2378 3870; x_wconf 76' lang='grc' dir='ltr'>δὲ</span> <span class='ocrx_word' id='word_1_608' title='bbox 2437 3814 2664 3868; x_wconf 83' lang='grc' dir='ltr'>θανάτου</span> <span class='ocrx_word' id='word_1_609' title='bbox 2718 3810 3106 3884; x_wconf 80' lang='grc' dir='ltr'>πρωτοτόκων,</span> <span class='ocrx_word' id='word_1_610' title='bbox 3157 3809 3399 3884; x_wconf 87' lang='grc' dir='ltr'>σωτηρία</span> <span class='ocrx_word' id='word_1_611' title='bbox 3452 3807 3672 3884; x_wconf 75' lang='grc' dir='ltr'>Ἰσραὴλ</span> <span class='ocrx_word' id='word_1_612' title='bbox 3732 3804 3800 3861; x_wconf 84' lang='grc' dir='ltr'>δι’</span> 
     </span>
    </p>
   </div>
   <div class='ocr_carea' id='block_1_88' title="bbox 2147 3894 3802 3978">
    <p class='ocr_par' dir='ltr' id='par_1_88' title="bbox 2147 3894 3802 3978">
     <span class='ocr_line' id='line_1_88' title="bbox 2147 3894 3802 3978; baseline -0.007 -19"><span class='ocrx_word' id='word_1_613' title='bbox 2147 3903 2376 3977; x_wconf 66' lang='grc' dir='ltr'>α’ίματος</span> <span class='ocrx_word' id='word_1_614' title='bbox 2426 3897 2724 3978; x_wconf 72' lang='grc' dir='ltr'>προϐάτου.</span> <span class='ocrx_word' id='word_1_615' title='bbox 2760 3901 2856 3954; x_wconf 79' lang='grc' dir='ltr'>Καὶ</span> <span class='ocrx_word' id='word_1_616' title='bbox 2915 3900 3002 3954; x_wconf 88' lang='grc' dir='ltr'>ἐπὶ</span> <span class='ocrx_word' id='word_1_617' title='bbox 3064 3901 3157 3972; x_wconf 78' lang='grc' dir='ltr'>μὲν</span> <span class='ocrx_word' id='word_1_618' title='bbox 3213 3897 3423 3970; x_wconf 78' lang='grc' dir='ltr'>θανάτῳ</span> <span class='ocrx_word' id='word_1_619' title='bbox 3481 3894 3700 3951; x_wconf 81' lang='grc' dir='ltr'>δικαίων</span> <span class='ocrx_word' id='word_1_620' title='bbox 3751 3896 3802 3949; x_wconf 84' lang='grc' dir='ltr'>ἐν</span> 
     </span>
    </p>
   </div>
   <div class='ocr_carea' id='block_1_89' title="bbox 2149 3985 3799 4070">
    <p class='ocr_par' dir='ltr' id='par_1_89' title="bbox 2149 3985 3799 4070">
     <span class='ocr_line' id='line_1_89' title="bbox 2149 3985 3799 4070; baseline -0.008 -20"><span class='ocrx_word' id='word_1_621' title='bbox 2149 3995 2343 4070; x_wconf 75' lang='grc' dir='ltr'>ἐρήμῳ</span> <span class='ocrx_word' id='word_1_622' title='bbox 2404 3992 2610 4066; x_wconf 85' lang='grc' dir='ltr'>Ἀαρὼν</span> <span class='ocrx_word' id='word_1_623' title='bbox 2698 3990 3004 4060; x_wconf 68' lang='grc' dir='ltr'>ἐξτλάσατο,</span> <span class='ocrx_word' id='word_1_624' title='bbox 3081 3987 3262 4062; x_wconf 81' lang='grc' dir='ltr'>Κυρίῳ</span> <span class='ocrx_word' id='word_1_625' title='bbox 3341 3985 3799 4061; x_wconf 79' lang='grc' dir='ltr'>προσευξάμενος,</span> 
     </span>
    </p>
   </div>
   <div class='ocr_carea' id='block_1_90' title="bbox 2148 4074 3802 4153">
    <p class='ocr_par' dir='ltr' id='par_1_90' title="bbox 2148 4074 3802 4153">
     <span class='ocr_line' id='line_1_90' title="bbox 2148 4074 3802 4153; baseline -0.005 -19"><span class='ocrx_word' id='word_1_626' title='bbox 2148 4083 2235 4135; x_wconf 87' lang='grc' dir='ltr'>καὶ</span> <span class='ocrx_word' id='word_1_627' title='bbox 2287 4081 2572 4153; x_wconf 83' lang='grc' dir='ltr'>θυμιάσας·</span> <span class='ocrx_word' id='word_1_628' title='bbox 2609 4079 2694 4132; x_wconf 81' lang='grc' dir='ltr'>ἐπὶ</span> <span class='ocrx_word' id='word_1_629' title='bbox 2755 4076 2810 4132; x_wconf 73' lang='grc' dir='ltr'><em>δὲ</em></span> <span class='ocrx_word' id='word_1_630' title='bbox 2869 4077 3080 4148; x_wconf 82' lang='grc' dir='ltr'>θανάτῳ</span> <span class='ocrx_word' id='word_1_631' title='bbox 3140 4074 3452 4150; x_wconf 81' lang='grc' dir='ltr'>Αἰγυπτίων</span> <span class='ocrx_word' id='word_1_632' title='bbox 3486 4074 3536 4128; x_wconf 88' lang='grc' dir='ltr'>ἐν</span> <span class='ocrx_word' id='word_1_633' title='bbox 3573 4076 3802 4149; x_wconf 85' lang='grc' dir='ltr'>Ἐρυθρᾷ</span> 
     </span>
    </p>
   </div>
   <div class='ocr_carea' id='block_1_91' title="bbox 2150 4160 3798 4242">
    <p class='ocr_par' dir='ltr' id='par_1_91' title="bbox 2150 4160 3798 4242">
     <span class='ocr_line' id='line_1_91' title="bbox 2150 4160 3798 4242; baseline -0.005 -19"><span class='ocrx_word' id='word_1_634' title='bbox 2150 4169 2392 4242; x_wconf 79' lang='grc' dir='ltr'>θαλάσσῃ</span> <span class='ocrx_word' id='word_1_635' title='bbox 2440 4167 2760 4239; x_wconf 74' lang='grc' dir='ltr'>ἀνελεήμων</span> <span class='ocrx_word' id='word_1_636' title='bbox 2813 4167 3001 4240; x_wconf 81' lang='grc' dir='ltr'>θυμός·</span> <span class='ocrx_word' id='word_1_637' title='bbox 3035 4170 3132 4220; x_wconf 87' lang='grc' dir='ltr'>τοῦ</span> <span class='ocrx_word' id='word_1_638' title='bbox 3191 4163 3247 4219; x_wconf 74' lang='grc' dir='ltr'>δὲ</span> <span class='ocrx_word' id='word_1_639' title='bbox 3306 4163 3442 4219; x_wconf 90' lang='grc' dir='ltr'>λαοῦ</span> <span class='ocrx_word' id='word_1_640' title='bbox 3499 4160 3798 4238; x_wconf 78' lang='grc' dir='ltr'>παράδοξος</span> 
     </span>
    </p>
   </div>
   <div class='ocr_carea' id='block_1_92' title="bbox 2151 4251 3800 4333">
    <p class='ocr_par' dir='ltr' id='par_1_92' title="bbox 2151 4251 3800 4333">
     <span class='ocr_line' id='line_1_92' title="bbox 2151 4251 3800 4333; baseline -0.005 -21"><span class='ocrx_word' id='word_1_641' title='bbox 2151 4257 2456 4333; x_wconf 83' lang='grc' dir='ltr'>ὁδοιπορία.</span> <span class='ocrx_word' id='word_1_642' title='bbox 2489 4260 2607 4311; x_wconf 87' lang='grc' dir='ltr'>Ὅτι</span> <span class='ocrx_word' id='word_1_643' title='bbox 2657 4255 2745 4311; x_wconf 80' lang='grc' dir='ltr'>διὰ</span> <span class='ocrx_word' id='word_1_644' title='bbox 2797 4255 3091 4326; x_wconf 80' lang='grc' dir='ltr'>μισοξενίαν</span> <span class='ocrx_word' id='word_1_645' title='bbox 3146 4253 3338 4309; x_wconf 82' lang='grc' dir='ltr'>ἔπαθον</span> <span class='ocrx_word' id='word_1_646' title='bbox 3387 4257 3555 4307; x_wconf 86' lang='grc' dir='ltr'>ταῦτα</span> <span class='ocrx_word' id='word_1_647' title='bbox 3603 4253 3653 4307; x_wconf 77' lang='grc' dir='ltr'>οἰ</span> <span class='ocrx_word' id='word_1_648' title='bbox 3702 4251 3800 4307; x_wconf 82' lang='grc' dir='ltr'>Αἰ-</span> 
     </span>
    </p>
   </div>
   <div class='ocr_carea' id='block_1_93' title="bbox 2148 4339 3800 4423">
    <p class='ocr_par' dir='ltr' id='par_1_93' title="bbox 2148 4339 3800 4423">
     <span class='ocr_line' id='line_1_93' title="bbox 2148 4339 3800 4423; baseline -0.005 -23"><span class='ocrx_word' id='word_1_649' title='bbox 2148 4347 2390 4423; x_wconf 81' lang='grc' dir='ltr'>γύπτιοι,</span> <span class='ocrx_word' id='word_1_650' title='bbox 2425 4347 2498 4408; x_wconf 87' lang='grc' dir='ltr'>ὡς</span> <span class='ocrx_word' id='word_1_651' title='bbox 2528 4346 2617 4399; x_wconf 89' lang='grc' dir='ltr'>καὶ</span> <span class='ocrx_word' id='word_1_652' title='bbox 2649 4347 2700 4399; x_wconf 70' lang='grc' dir='ltr'>οἱ</span> <span class='ocrx_word' id='word_1_653' title='bbox 2733 4343 3053 4416; x_wconf 80' lang='grc' dir='ltr'>Σοδομῖται.</span> <span class='ocrx_word' id='word_1_654' title='bbox 3088 4345 3210 4401; x_wconf 77' lang='grc' dir='ltr'>’Ότι</span> <span class='ocrx_word' id='word_1_655' title='bbox 3260 4343 3327 4397; x_wconf 77' lang='grc' dir='ltr'>τὰ</span> <span class='ocrx_word' id='word_1_656' title='bbox 3375 4347 3620 4416; x_wconf 79' lang='grc' dir='ltr'>στοιχεῖα</span> <span class='ocrx_word' id='word_1_657' title='bbox 3669 4339 3800 4394; x_wconf 81' lang='grc' dir='ltr'>ὑπό-</span> 
     </span>
    </p>
   </div>
   <div class='ocr_carea' id='block_1_94' title="bbox 2148 4426 3798 4508">
    <p class='ocr_par' dir='ltr' id='par_1_94' title="bbox 2148 4426 3798 4508">
     <span class='ocr_line' id='line_1_94' title="bbox 2148 4426 3798 4508; baseline -0.007 -17"><span class='ocrx_word' id='word_1_658' title='bbox 2148 4457 2319 4491; x_wconf 82' lang='grc' dir='ltr'>κειται</span> <span class='ocrx_word' id='word_1_659' title='bbox 2375 4435 2444 4508; x_wconf 78' lang='grc' dir='ltr'>τῇ</span> <span class='ocrx_word' id='word_1_660' title='bbox 2517 4433 2633 4504; x_wconf 81' lang='grc' dir='ltr'>θείᾳ</span> <span class='ocrx_word' id='word_1_661' title='bbox 2705 4434 2877 4505; x_wconf 67' lang='grc' dir='ltr'>κρίσει</span> <span class='ocrx_word' id='word_1_662' title='bbox 2954 4435 3209 4508; x_wconf 81' lang='grc' dir='ltr'>Χριστοῦ,</span> <span class='ocrx_word' id='word_1_663' title='bbox 3263 4431 3398 4506; x_wconf 86' lang='grc' dir='ltr'>πρὸς</span> <span class='ocrx_word' id='word_1_664' title='bbox 3459 4431 3487 4484; x_wconf 78' lang='grc' dir='ltr'>ὃ</span> <span class='ocrx_word' id='word_1_665' title='bbox 3549 4426 3798 4504; x_wconf 69' lang='grc' dir='ltr'>βούλεται</span> 
     </span>
    </p>
   </div>
   <div class='ocr_carea' id='block_1_95' title="bbox 2153 4517 3793 4602">
    <p class='ocr_par' dir='ltr' id='par_1_95' title="bbox 2153 4517 3793 4602">
     <span class='ocr_line' id='line_1_95' title="bbox 2153 4517 3793 4602; baseline -0.006 -23"><span class='ocrx_word' id='word_1_666' title='bbox 2153 4524 2543 4602; x_wconf 78' lang='grc' dir='ltr'>ῥυθμιζὸμενα,</span> <span class='ocrx_word' id='word_1_667' title='bbox 2595 4523 2668 4583; x_wconf 88' lang='grc' dir='ltr'>ὡς</span> <span class='ocrx_word' id='word_1_668' title='bbox 2744 4518 2942 4595; x_wconf 68' lang='grc' dir='ltr'>χορδαὶ</span> <span class='ocrx_word' id='word_1_669' title='bbox 3017 4520 3236 4596; x_wconf 86' lang='grc' dir='ltr'>κιθάρας</span> <span class='ocrx_word' id='word_1_670' title='bbox 3293 4525 3372 4591; x_wconf 82' lang='grc' dir='ltr'>τῷ</span> <span class='ocrx_word' id='word_1_671' title='bbox 3441 4517 3793 4593; x_wconf 81' lang='grc' dir='ltr'>κιθαρίζοντι·</span> 
     </span>
    </p>
   </div>
   <div class='ocr_carea' id='block_1_96' title="bbox 377 4605 2028 4686">
    <p class='ocr_par' dir='ltr' id='par_1_96' title="bbox 377 4609 2028 4684">
     <span class='ocr_line' id='line_1_96' title="bbox 377 4609 2028 4684; baseline 0.005 -22"><span class='ocrx_word' id='word_1_672' title='bbox 377 4609 646 4680; x_wconf 89' lang='lat' dir='ltr'>precibus</span> <span class='ocrx_word' id='word_1_673' title='bbox 699 4615 756 4664; x_wconf 92' lang='lat' dir='ltr'>et</span> <span class='ocrx_word' id='word_1_674' title='bbox 820 4610 1062 4666; x_wconf 88' lang='lat' dir='ltr'>incenso</span> <span class='ocrx_word' id='word_1_675' title='bbox 1123 4611 1425 4681; x_wconf 89' lang='lat' dir='ltr'>placarit:</span> <span class='ocrx_word' id='word_1_676' title='bbox 1495 4629 1597 4684; x_wconf 92' lang='lat' dir='ltr'>pro</span> <span class='ocrx_word' id='word_1_677' title='bbox 1662 4620 1846 4668; x_wconf 88' lang='lat' dir='ltr'>morte</span> <span class='ocrx_word' id='word_1_678' title='bbox 1901 4631 2028 4670; x_wconf 86' lang='lat' dir='ltr'>vero</span> 
     </span>
    </p>
   </div>
   <div class='ocr_carea' id='block_1_97' title="bbox 2140 4605 3800 4686">
    <p class='ocr_par' dir='ltr' id='par_1_97' title="bbox 2148 4605 3800 4686">
     <span class='ocr_line' id='line_1_97' title="bbox 2148 4605 3800 4686; baseline -0.008 -17"><span class='ocrx_word' id='word_1_679' title='bbox 2148 4615 2198 4670; x_wconf 83' lang='grc' dir='ltr'>ἐν</span> <span class='ocrx_word' id='word_1_680' title='bbox 2228 4616 2308 4676; x_wconf 74' lang='grc' dir='ltr'>οἷς</span> <span class='ocrx_word' id='word_1_681' title='bbox 2344 4612 2498 4681; x_wconf 85' lang='grc' dir='ltr'>καὶ</span> <span class='ocrx_word' id='word_1_682' title='bbox 2535 4617 2676 4665; x_wconf 82' lang='grc' dir='ltr'>πᾶσα</span> <span class='ocrx_word' id='word_1_683' title='bbox 2725 4608 2950 4682; x_wconf 64' lang='grc' dir='ltr'>δύναμις</span> <span class='ocrx_word' id='word_1_684' title='bbox 3007 4618 3106 4679; x_wconf 77' lang='grc' dir='ltr'>τῆς</span> <span class='ocrx_word' id='word_1_685' title='bbox 3170 4607 3374 4686; x_wconf 80' lang='grc' dir='ltr'>Σοφίας</span> <span class='ocrx_word' id='word_1_686' title='bbox 3435 4605 3800 4678; x_wconf 82' lang='grc' dir='ltr'>Σολομῶντος</span> 
     </span>
    </p>
   </div>
   <div class='ocr_carea' id='block_1_98' title="bbox 374 4697 2028 4776">
    <p class='ocr_par' dir='ltr' id='par_1_98' title="bbox 374 4697 2028 4774">
     <span class='ocr_line' id='line_1_98' title="bbox 374 4697 2028 4774; baseline 0.005 -23"><span class='ocrx_word' id='word_1_687' title='bbox 374 4697 776 4768; x_wconf 69' lang='lat' dir='ltr'>Egyptiorum</span> <span class='ocrx_word' id='word_1_688' title='bbox 811 4699 867 4752; x_wconf 89' lang='lat' dir='ltr'>in</span> <span class='ocrx_word' id='word_1_689' title='bbox 903 4699 1048 4752; x_wconf 91' lang='lat' dir='ltr'>mari</span> <span class='ocrx_word' id='word_1_690' title='bbox 1085 4698 1302 4769; x_wconf 81' lang='lat' dir='ltr'>Rubro,</span> <span class='ocrx_word' id='word_1_691' title='bbox 1333 4699 1509 4754; x_wconf 87' lang='lat' dir='ltr'>fuerit</span> <span class='ocrx_word' id='word_1_692' title='bbox 1540 4701 1626 4756; x_wconf 89' lang='lat' dir='ltr'>ira</span> <span class='ocrx_word' id='word_1_693' title='bbox 1658 4701 1756 4756; x_wconf 91' lang='lat' dir='ltr'>Dei</span> <span class='ocrx_word' id='word_1_694' title='bbox 1786 4704 2028 4774; x_wconf 89' lang='lat' dir='ltr'>absque,</span> 
     </span>
    </p>
   </div>
   <div class='ocr_carea' id='block_1_99' title="bbox 2140 4697 3086 4776">
    <p class='ocr_par' dir='ltr' id='par_1_99' title="bbox 2140 4697 3086 4776">
     <span class='ocr_line' id='line_1_99' title="bbox 2140 4697 3086 4776; baseline -0.003 -20"><span class='ocrx_word' id='word_1_695' title='bbox 2140 4709 2240 4769; x_wconf 78' lang='grc' dir='ltr'>τῆς</span> <span class='ocrx_word' id='word_1_696' title='bbox 2274 4700 2578 4776; x_wconf 69' lang='grc' dir='ltr'>λεγομένης</span> <span class='ocrx_word' id='word_1_697' title='bbox 2611 4701 2722 4771; x_wconf 84' lang='grc'>(21)</span> <span class='ocrx_word' id='word_1_698' title='bbox 2759 4697 3086 4771; x_wconf 77' lang='grc' dir='ltr'>Παναρέτου.</span> 
     </span>
    </p>
   </div>
   <div class='ocr_carea' id='block_1_100' title="bbox 379 4785 3799 4864">
    <p class='ocr_par' dir='ltr' id='par_1_100' title="bbox 379 4785 3799 4864">
     <span class='ocr_line' id='line_1_100' title="bbox 379 4785 3799 4864; baseline -0.001 -24"><span class='ocrx_word' id='word_1_699' title='bbox 379 4785 868 4852; x_wconf 86' lang='lat' dir='ltr'>misericordia,et</span> <span class='ocrx_word' id='word_1_700' title='bbox 897 4787 1005 4841; x_wconf 91' lang='lat' dir='ltr'>iter</span> <span class='ocrx_word' id='word_1_701' title='bbox 1035 4787 1230 4857; x_wconf 91' lang='lat' dir='ltr'>populi</span> <span class='ocrx_word' id='word_1_702' title='bbox 1260 4787 1537 4845; x_wconf 90' lang='lat' dir='ltr'>insolens.</span> <span class='ocrx_word' id='word_1_703' title='bbox 1573 4791 1735 4854; x_wconf 92' lang='lat' dir='ltr'>Quod</span> <span class='ocrx_word' id='word_1_704' title='bbox 1788 4798 2024 4864; x_wconf 89' lang='lat' dir='ltr'>propter</span> <span class='ocrx_word' id='word_1_705' title='bbox 2074 4793 2568 4848; x_wconf 81' lang='lat' dir='ltr'>inhumanitatem</span> <span class='ocrx_word' id='word_1_706' title='bbox 2607 4806 2743 4861; x_wconf 81' lang='lat' dir='ltr'>erga</span> <span class='ocrx_word' id='word_1_707' title='bbox 2788 4791 3042 4843; x_wconf 79' lang='lat' dir='ltr'>advenas</span> <span class='ocrx_word' id='word_1_708' title='bbox 3094 4787 3247 4842; x_wconf 88' lang='lat' dir='ltr'>mala</span> <span class='ocrx_word' id='word_1_709' title='bbox 3298 4787 3413 4842; x_wconf 87' lang='lat' dir='ltr'>ista</span> <span class='ocrx_word' id='word_1_710' title='bbox 3463 4785 3621 4857; x_wconf 88' lang='lat' dir='ltr'>passi</span> <span class='ocrx_word' id='word_1_711' title='bbox 3676 4786 3799 4839; x_wconf 83' lang='lat' dir='ltr'>sint</span> 
     </span>
    </p>
   </div>
   <div class='ocr_carea' id='block_1_101' title="bbox 377 4873 3795 4949">
    <p class='ocr_par' dir='ltr' id='par_1_101' title="bbox 377 4873 3795 4949">
     <span class='ocr_line' id='line_1_101' title="bbox 377 4873 3795 4949; baseline -0.001 -19"><span class='ocrx_word' id='word_1_712' title='bbox 377 4873 650 4946; x_wconf 65' lang='lat' dir='ltr'>AEgyptii,</span> <span class='ocrx_word' id='word_1_713' title='bbox 683 4876 1186 4945; x_wconf 89' lang='lat' dir='ltr'>quemadmodum</span> <span class='ocrx_word' id='word_1_714' title='bbox 1229 4882 1286 4931; x_wconf 89' lang='lat' dir='ltr'>et</span> <span class='ocrx_word' id='word_1_715' title='bbox 1317 4877 1824 4943; x_wconf 74' lang='lat' dir='ltr'>Sodomitas.Quod</span> <span class='ocrx_word' id='word_1_716' title='bbox 1871 4881 2163 4938; x_wconf 90' lang='lat' dir='ltr'>elementa</span> <span class='ocrx_word' id='word_1_717' title='bbox 2195 4882 2390 4936; x_wconf 89' lang='lat' dir='ltr'>divino</span> <span class='ocrx_word' id='word_1_718' title='bbox 2421 4878 2879 4949; x_wconf 84' lang='lat' dir='ltr'>Christijudicio</span> <span class='ocrx_word' id='word_1_719' title='bbox 2903 4878 3156 4942; x_wconf 87' lang='lat' dir='ltr'>subsint,</span> <span class='ocrx_word' id='word_1_720' title='bbox 3186 4879 3256 4931; x_wconf 92' lang='lat' dir='ltr'>ad</span> <span class='ocrx_word' id='word_1_721' title='bbox 3291 4875 3451 4929; x_wconf 90' lang='lat' dir='ltr'>illius</span> <span class='ocrx_word' id='word_1_722' title='bbox 3481 4873 3795 4945; x_wconf 86' lang='lat' dir='ltr'>imperium</span> 
     </span>
    </p>
   </div>
   <div class='ocr_carea' id='block_1_102' title="bbox 377 4961 3799 5042">
    <p class='ocr_par' dir='ltr' id='par_1_102' title="bbox 377 4961 3799 5042">
     <span class='ocr_line' id='line_1_102' title="bbox 377 4961 3799 5042; baseline -0.001 -24"><span class='ocrx_word' id='word_1_723' title='bbox 377 4979 481 5035; x_wconf 89' lang='lat' dir='ltr'>pro</span> <span class='ocrx_word' id='word_1_724' title='bbox 523 4963 764 5018; x_wconf 84' lang='lat' dir='ltr'>arbitrio</span> <span class='ocrx_word' id='word_1_725' title='bbox 828 4970 1048 5035; x_wconf 86' lang='lat' dir='ltr'>parata,</span> <span class='ocrx_word' id='word_1_726' title='bbox 1095 4965 1249 5021; x_wconf 89' lang='lat' dir='ltr'>sicut</span> <span class='ocrx_word' id='word_1_727' title='bbox 1295 4966 1524 5022; x_wconf 70' lang='lat' dir='ltr'>chordas</span> <span class='ocrx_word' id='word_1_728' title='bbox 1565 4968 1803 5024; x_wconf 75' lang='lat' dir='ltr'>citharae</span> <span class='ocrx_word' id='word_1_729' title='bbox 1848 4972 2136 5026; x_wconf 89' lang='lat' dir='ltr'>citharam</span> <span class='ocrx_word' id='word_1_730' title='bbox 2186 4969 2467 5042; x_wconf 89' lang='lat' dir='ltr'>pulsanti.</span> <span class='ocrx_word' id='word_1_731' title='bbox 2517 4971 2575 5024; x_wconf 88' lang='lat' dir='ltr'>In</span> <span class='ocrx_word' id='word_1_732' title='bbox 2632 4968 2725 5022; x_wconf 91' lang='lat' dir='ltr'>his</span> <span class='ocrx_word' id='word_1_733' title='bbox 2767 4965 3286 5037; x_wconf 88' lang='lat' dir='ltr'>comprehenditur</span> <span class='ocrx_word' id='word_1_734' title='bbox 3343 4965 3535 5018; x_wconf 90' lang='lat' dir='ltr'>omnis</span> <span class='ocrx_word' id='word_1_735' title='bbox 3615 4961 3799 5015; x_wconf 88' lang='lat' dir='ltr'>virtus</span> 
     </span>
    </p>
   </div>
   <div class='ocr_carea' id='block_1_103' title="bbox 375 5051 1875 5125">
    <p class='ocr_par' dir='ltr' id='par_1_103' title="bbox 375 5051 1875 5125">
     <span class='ocr_line' id='line_1_103' title="bbox 375 5051 1875 5125; baseline 0.005 -19"><span class='ocrx_word' id='word_1_736' title='bbox 375 5051 683 5125; x_wconf 63' lang='lat' dir='ltr'>Sapientia</span> <span class='ocrx_word' id='word_1_737' title='bbox 714 5053 1064 5123; x_wconf 90' lang='lat' dir='ltr'>Salomonis,</span> <span class='ocrx_word' id='word_1_738' title='bbox 1096 5072 1274 5125; x_wconf 90' lang='lat' dir='ltr'>quam</span> <span class='ocrx_word' id='word_1_739' title='bbox 1297 5056 1621 5113; x_wconf 89' lang='lat' dir='ltr'>Panareton</span> <span class='ocrx_word' id='word_1_740' title='bbox 1644 5064 1875 5113; x_wconf 91' lang='lat' dir='ltr'>vocant.</span> 
     </span>
    </p>
   </div>
   <div class='ocr_carea' id='block_1_104' title="bbox 591 5170 1798 5243">
    <p class='ocr_par' dir='ltr' id='par_1_104' title="bbox 591 5170 1798 5243">
     <span class='ocr_line' id='line_1_104' title="bbox 591 5170 1798 5243; baseline 0.002 -18"><span class='ocrx_word' id='word_1_741' title='bbox 591 5170 745 5226; x_wconf 73' lang='lat' dir='ltr'>I82</span> <span class='ocrx_word' id='word_1_742' title='bbox 778 5171 939 5227; x_wconf 81' lang='lat' dir='ltr'>Liber</span> <span class='ocrx_word' id='word_1_743' title='bbox 966 5171 1270 5243; x_wconf 57' lang='lat' dir='ltr'>Sapientia</span> <span class='ocrx_word' id='word_1_744' title='bbox 1295 5177 1431 5229; x_wconf 75' lang='lat' dir='ltr'>Iesu</span> <span class='ocrx_word' id='word_1_745' title='bbox 1458 5174 1566 5242; x_wconf 76' lang='lat' dir='ltr'>ﬁlii</span> <span class='ocrx_word' id='word_1_746' title='bbox 1588 5174 1798 5229; x_wconf 79' lang='lat' dir='ltr'>Sirach.</span> 
     </span>
    </p>
   </div>
   <div class='ocr_carea' id='block_1_105' title="bbox 448 5280 2034 5355">
    <p class='ocr_par' dir='ltr' id='par_1_105' title="bbox 448 5280 2034 5355">
     <span class='ocr_line' id='line_1_105' title="bbox 448 5280 2034 5355; baseline 0.003 -21"><span class='ocrx_word' id='word_1_747' title='bbox 448 5281 536 5334; x_wconf 77' lang='grc'>46.</span> <span class='ocrx_word' id='word_1_748' title='bbox 575 5280 674 5335; x_wconf 86' lang='lat' dir='ltr'>Hic</span> <span class='ocrx_word' id='word_1_749' title='bbox 701 5280 874 5336; x_wconf 86' lang='lat' dir='ltr'>Jesus</span> <span class='ocrx_word' id='word_1_750' title='bbox 906 5280 1064 5336; x_wconf 82' lang='lat' dir='ltr'>ﬁlius</span> <span class='ocrx_word' id='word_1_751' title='bbox 1113 5281 1354 5351; x_wconf 89' lang='lat' dir='ltr'>quidem</span> <span class='ocrx_word' id='word_1_752' title='bbox 1402 5281 1512 5335; x_wconf 84' lang='lat' dir='ltr'>fuit</span> <span class='ocrx_word' id='word_1_753' title='bbox 1558 5282 1796 5337; x_wconf 88' lang='lat' dir='ltr'>Sirach:</span> <span class='ocrx_word' id='word_1_754' title='bbox 1851 5299 2034 5355; x_wconf 84' lang='lat' dir='ltr'>nepos</span> 
     </span>
    </p>
   </div>
   <div class='ocr_carea' id='block_1_106' title="bbox 447 5420 896 5491">
    <p class='ocr_par' dir='ltr' id='par_1_106' title="bbox 447 5420 896 5491">
     <span class='ocr_line' id='line_1_106' title="bbox 447 5420 896 5491; baseline -0.004 -15"><span class='ocrx_word' id='word_1_755' title='bbox 447 5421 490 5456; x_wconf 76' lang='lat'>“</span> <span class='ocrx_word' id='word_1_756' title='bbox 523 5420 658 5491; x_wconf 85' lang='lat' dir='ltr'>Sap.</span> <span class='ocrx_word' id='word_1_757' title='bbox 681 5437 778 5483; x_wconf 82' lang='lat' dir='ltr'>vn,</span> <span class='ocrx_word' id='word_1_758' title='bbox 811 5421 896 5475; x_wconf 90' lang='grc'>11.</span> 
     </span>
    </p>
   </div>
   <div class='ocr_carea' id='block_1_107' title="bbox 450 5559 2033 5631">
    <p class='ocr_par' dir='ltr' id='par_1_107' title="bbox 450 5559 2033 5631">
     <span class='ocr_line' id='line_1_107' title="bbox 450 5559 2033 5631; baseline 0.004 -18"><span class='ocrx_word' id='word_1_759' title='bbox 450 5560 562 5631; x_wconf 82' lang='grc'>(21)</span> <span class='ocrx_word' id='word_1_760' title='bbox 613 5559 934 5630; x_wconf 83' lang='grc' dir='ltr'>Παναρέτου.</span> <span class='ocrx_word' id='word_1_761' title='bbox 977 5560 1072 5618; x_wconf 85' lang='lat' dir='ltr'>Sic</span> <span class='ocrx_word' id='word_1_762' title='bbox 1119 5561 1260 5616; x_wconf 90' lang='lat' dir='ltr'>item</span> <span class='ocrx_word' id='word_1_763' title='bbox 1298 5565 1541 5618; x_wconf 77' lang='lat' dir='ltr'>vocatur</span> <span class='ocrx_word' id='word_1_764' title='bbox 1608 5563 1702 5618; x_wconf 90' lang='lat' dir='ltr'>hic</span> <span class='ocrx_word' id='word_1_765' title='bbox 1760 5563 1907 5620; x_wconf 90' lang='lat' dir='ltr'>liber</span> <span class='ocrx_word' id='word_1_766' title='bbox 1960 5565 2033 5620; x_wconf 90' lang='lat' dir='ltr'>ab</span> 
     </span>
    </p>
   </div>
   <div class='ocr_carea' id='block_1_108' title="bbox 376 5631 2035 5702">
    <p class='ocr_par' dir='ltr' id='par_1_108' title="bbox 376 5631 2035 5702">
     <span class='ocr_line' id='line_1_108' title="bbox 376 5631 2035 5702; baseline 0.003 -16"><span class='ocrx_word' id='word_1_767' title='bbox 376 5631 586 5702; x_wconf 89' lang='lat' dir='ltr'>Epiph.</span> <span class='ocrx_word' id='word_1_768' title='bbox 621 5632 694 5686; x_wconf 84' lang='lat' dir='ltr'>De</span> <span class='ocrx_word' id='word_1_769' title='bbox 722 5634 1016 5696; x_wconf 71' lang='lat' dir='ltr'>mensuris,</span> <span class='ocrx_word' id='word_1_770' title='bbox 1051 5633 1316 5702; x_wconf 76' lang='lat' dir='ltr'>p.162,et</span> <span class='ocrx_word' id='word_1_771' title='bbox 1345 5633 1417 5689; x_wconf 91' lang='lat' dir='ltr'>ab</span> <span class='ocrx_word' id='word_1_772' title='bbox 1448 5633 1599 5690; x_wconf 80' lang='lat' dir='ltr'>aliis.</span> <span class='ocrx_word' id='word_1_773' title='bbox 1649 5643 1719 5690; x_wconf 78' lang='lat' dir='ltr'>At</span> <span class='ocrx_word' id='word_1_774' title='bbox 1767 5634 2035 5692; x_wconf 90' lang='lat' dir='ltr'>Clemens</span> 
     </span>
    </p>
   </div>
   <div class='ocr_carea' id='block_1_109' title="bbox 376 5703 2033 5778">
    <p class='ocr_par' dir='ltr' id='par_1_109' title="bbox 376 5703 2033 5778">
     <span class='ocr_line' id='line_1_109' title="bbox 376 5703 2033 5778; baseline 0.002 -21"><span class='ocrx_word' id='word_1_775' title='bbox 376 5705 543 5758; x_wconf 86' lang='lat' dir='ltr'>Rom.</span> <span class='ocrx_word' id='word_1_776' title='bbox 569 5703 736 5774; x_wconf 81' lang='lat' dir='ltr'>epist.</span> <span class='ocrx_word' id='word_1_777' title='bbox 768 5705 791 5756; x_wconf 92' lang='grc'>1</span> <span class='ocrx_word' id='word_1_778' title='bbox 817 5703 885 5757; x_wconf 86' lang='lat' dir='ltr'>ad</span> <span class='ocrx_word' id='word_1_779' title='bbox 919 5703 1070 5773; x_wconf 91' lang='lat' dir='ltr'>Cor.,</span> <span class='ocrx_word' id='word_1_780' title='bbox 1096 5709 1152 5758; x_wconf 91' lang='lat' dir='ltr'>et</span> <span class='ocrx_word' id='word_1_781' title='bbox 1182 5704 1447 5760; x_wconf 81' lang='lat' dir='ltr'>Clemens</span> <span class='ocrx_word' id='word_1_782' title='bbox 1476 5705 1632 5762; x_wconf 79' lang='lat' dir='ltr'>Alex.</span> <span class='ocrx_word' id='word_1_783' title='bbox 1667 5712 1722 5761; x_wconf 86' lang='lat' dir='ltr'>et</span> <span class='ocrx_word' id='word_1_784' title='bbox 1754 5708 1874 5778; x_wconf 86' lang='lat' dir='ltr'>alii,</span> <span class='ocrx_word' id='word_1_785' title='bbox 1905 5727 2033 5760; x_wconf 86' lang='grc' dir='ltr'>παν-</span> 
     </span>
    </p>
   </div>
   <div class='ocr_carea' id='block_1_110' title="bbox 2426 5167 3505 5248">
    <p class='ocr_par' dir='ltr' id='par_1_110' title="bbox 2426 5167 3505 5248">
     <span class='ocr_line' id='line_1_110' title="bbox 2426 5167 3505 5248; baseline -0.005 -21"><span class='ocrx_word' id='word_1_786' title='bbox 2426 5168 2644 5227; x_wconf 76' lang='grc' dir='ltr'>Βιϐλίον</span> <span class='ocrx_word' id='word_1_787' title='bbox 2684 5171 2882 5248; x_wconf 77' lang='grc' dir='ltr'>Σοφίας</span> <span class='ocrx_word' id='word_1_788' title='bbox 2917 5171 3095 5239; x_wconf 86' lang='grc' dir='ltr'>Ἰησοῦ</span> <span class='ocrx_word' id='word_1_789' title='bbox 3130 5169 3250 5222; x_wconf 73' lang='grc' dir='ltr'>υἱοῦ</span> <span class='ocrx_word' id='word_1_790' title='bbox 3285 5167 3505 5241; x_wconf 86' lang='grc' dir='ltr'>Σηράχ.</span> 
     </span>
    </p>
   </div>
   <div class='ocr_carea' id='block_1_111' title="bbox 2217 5266 3802 5349">
    <p class='ocr_par' dir='ltr' id='par_1_111' title="bbox 2217 5266 3802 5349">
     <span class='ocr_line' id='line_1_111' title="bbox 2217 5266 3802 5349; baseline -0.009 -13"><span class='ocrx_word' id='word_1_791' title='bbox 2217 5283 2302 5337; x_wconf 84' lang='grc'>46.</span> <span class='ocrx_word' id='word_1_792' title='bbox 2339 5281 2553 5348; x_wconf 83' lang='grc' dir='ltr'>Ἰησοῦς</span> <span class='ocrx_word' id='word_1_793' title='bbox 2605 5278 2762 5338; x_wconf 76' lang='grc' dir='ltr'>οὗτος</span> <span class='ocrx_word' id='word_1_794' title='bbox 2817 5275 3011 5349; x_wconf 82' lang='grc' dir='ltr'>Σηρὰχ</span> <span class='ocrx_word' id='word_1_795' title='bbox 3059 5274 3152 5345; x_wconf 80' lang='grc' dir='ltr'>μὲν</span> <span class='ocrx_word' id='word_1_796' title='bbox 3202 5273 3269 5340; x_wconf 79' lang='grc' dir='ltr'>ἦν</span> <span class='ocrx_word' id='word_1_797' title='bbox 3315 5271 3450 5341; x_wconf 81' lang='grc' dir='ltr'>υίὸς,</span> <span class='ocrx_word' id='word_1_798' title='bbox 3484 5269 3696 5346; x_wconf 79' lang='grc' dir='ltr'>ἔγγονος</span> <span class='ocrx_word' id='word_1_799' title='bbox 3746 5266 3802 5323; x_wconf 78' lang='grc' dir='ltr'>δὲ</span> 
     </span>
    </p>
   </div>
   <div class='ocr_carea' id='block_1_112' title="bbox 2142 5553 3799 5641">
    <p class='ocr_par' dir='ltr' id='par_1_112' title="bbox 2142 5553 3799 5641">
     <span class='ocr_line' id='line_1_112' title="bbox 2142 5553 3799 5641; baseline -0.007 -22"><span class='ocrx_word' id='word_1_800' title='bbox 2142 5565 2329 5641; x_wconf 79' lang='grc' dir='ltr'>οἱρετον</span> <span class='ocrx_word' id='word_1_801' title='bbox 2389 5565 2576 5641; x_wconf 67' lang='grc' dir='ltr'>σοφίαν</span> <span class='ocrx_word' id='word_1_802' title='bbox 2626 5567 2844 5641; x_wconf 68' lang='lat' dir='ltr'>vocant</span> <span class='ocrx_word' id='word_1_803' title='bbox 2899 5558 3635 5641; x_wconf 68' lang='lat' dir='ltr'>librum__Proverbiorum.</span> <span class='ocrx_word' id='word_1_804' title='bbox 3685 5553 3799 5641; x_wconf 71' lang='lat' dir='ltr'>Alii</span> 
     </span>
    </p>
   </div>
   <div class='ocr_carea' id='block_1_113' title="bbox 2144 5626 3797 5720">
    <p class='ocr_par' dir='ltr' id='par_1_113' title="bbox 2144 5626 3797 5720">
     <span class='ocr_line' id='line_1_113' title="bbox 2144 5626 3797 5720; baseline -0.008 -28"><span class='ocrx_word' id='word_1_805' title='bbox 2144 5626 2225 5692; x_wconf 75' lang='lat' dir='ltr'>ita</span> <span class='ocrx_word' id='word_1_806' title='bbox 2245 5626 2478 5720; x_wconf 42' lang='lat' dir='ltr'>.vocant&#39;</span> <span class='ocrx_word' id='word_1_807' title='bbox 2505 5634 2864 5706; x_wconf 90' lang='lat' dir='ltr'>Sapientiam</span> <span class='ocrx_word' id='word_1_808' title='bbox 2911 5633 3216 5699; x_wconf 88' lang='lat' dir='ltr'>Siracidis,</span> <span class='ocrx_word' id='word_1_809' title='bbox 3269 5637 3327 5688; x_wconf 86' lang='lat' dir='ltr'>et</span> <span class='ocrx_word' id='word_1_810' title='bbox 3374 5630 3611 5703; x_wconf 90' lang='lat' dir='ltr'>quidem</span> <span class='ocrx_word' id='word_1_811' title='bbox 3667 5626 3797 5680; x_wconf 85' lang='lat' dir='ltr'>vul-</span> 
     </span>
    </p>
   </div>
   <div class='ocr_carea' id='block_1_114' title="bbox 2141 5720 2354 5783">
    <p class='ocr_par' dir='ltr' id='par_1_114' title="bbox 2141 5720 2354 5783">
     <span class='ocr_line' id='line_1_114' title="bbox 2141 5720 2354 5783; baseline -0.009 -16"><span class='ocrx_word' id='word_1_812' title='bbox 2141 5720 2354 5783; x_wconf 78' lang='lat' dir='ltr'>gallus.</span> 
     </span>
    </p>
   </div>
  </div>
