4170 6402
440 430 553 488 37⁸7

1557 433 1934 493 SYNOPSIS
1982 434 2449 494 8οΗΙΡΤΟΗΑΞ
2494 434 2793 493 ΞΑΟΠΑΞ.

3746 435 3867 493 3⁸78

438 559 619 627 Ἰησοῦ
671 558 983 631 ὁμωνύμως
1030 559 1197 631 αὐτῷ.
1234 558 1399 622 Οὗτος
1434 559 1524 614 οὖν
1557 560 1607 615 ἐν
1641 561 1865 637 χρόνοις
1910 560 2074 637 γὲγονι

2211 569 2409 619 autem
2440 565 2581 619 Jesu
2615 565 2724 619 sibi
2758 564 3149 637 cognominis.
3187 564 3293 618 Hic
3326 564 3522 632 itaque
3554 564 3614 617 in
3633 568 3862 633 tempo-

438 648 583 701 κάτω
648 649 783 719 μετά
840 649 938 714 τήν
995 648 1418 723 αἶ’χμαλωσίαν,
1476 651 1563 704 καὶ
1622 651 1943 722 ἀνάκλησιν,
2002 651 2089 704 καὶ

440 737 573 807 μετά
615 737 743 797 τοὺς
782 739 1067 814 προφήτας
1118 738 1369 799 ἅπαντας.
1421 740 1482 795 Ὁ
1534 738 1623 793 οὖν
1657 742 1875 801 πάππος
1926 740 2089 794 αὐτοῦ

436 826 668 897 Ἰησοῦς,
707 827 845 879 καΘά
886 826 1045 887 αὐτὸς
1108 833 1388 898 μαρτυρεῖ,
1422 828 1719 905 φιλόπονός
1764 851 1822 883 τε
1870 825 2086 904 γέγονεν

437 916 464 968 ὁ
495 914 632 989 ἀνὴρ
665 915 754 967 καὶ
788 914 1229 991 φρονιμώτατος,
1262 916 1319 976 ’ὸς
1369 916 1429 970 οὐ
1467 917 1629 989 μόνον
1658 920 1721 971 τὰ
1755 918 1948 985 ἒτὲρων
1980 923 2087 972 τῶν

437 1001 538 1073 πρὸ
588 1002 754 1056 αὖτοῦ
808 1008 1039 1056 συνετῶν
1082 1000 1286 1076 ἀνδρῶν
1338 1004 1736 1081 ἀποφθέγματα
1766 1009 2087 1081 συνήγαγεν,

438 1090 581 1146 ἀλλὰ
629 1090 715 1146 καί
755 1091 917 1152 αὐτὸς
980 1089 1089 1145 ἴδιά
1145 1114 1264 1146 τινα
1308 1095 1695 1170 ἀπεφθέγξατο,
1746 1095 1964 1164 πολλῆς
1998 1117 2088 1149 σο-

441 1181 561 1253 φίας
616 1180 705 1234 καί
760 1183 1024 1241 συνέσεως
1086 1181 1344 1254 γέμοντα.
1402 1184 1547 1237 Ἐπεὶ
1609 1184 1696 1238 οὖν
1742 1186 1839 1252 τὴν
1898 1180 2089 1259 βίϐλον

440 1268 638 1338 ταύτην
685 1271 712 1323 6
760 1272 802 1323 α’
852 1272 1063 1338 Ἰησοῦς
1117 1273 1230 1341 (22)
1279 1270 1595 1327 καταλιπὼν
1663 1274 1713 1343 ἐξ
1784 1274 2086 1349 ἀνθρώπων

445 1354 655 1432 ᾤχητο,
693 1360 882 1433 Σηράχ
912 1359 940 1412 6
973 1359 1088 1419 υἱὸς
1122 1362 1236 1431 μετ’
1268 1360 1427 1415 αὐτὸν
1462 1356 1669 1429 λαϐὼν,
1703 1363 1865 1417 πάλιν
1899 1368 1977 1433 τῷ
2008 1363 2085 1416 oi-

513 1449 522 1465 Ι
708 1446 750 1465 ’κε
1134 1452 1142 1465 ι
1287 1455 1309 1464 ν
1368 1454 1391 1470 οι
1521 1449 1574 1468 9“

443 1470 572 1519 κειῳ
603 1464 754 1502 παιοι
803 1448 1082 1503 κατέλιπεν
1155 1453 1334 1519 Ιησου.
1394 1457 1461 1513 Ος
1518 1468 1583 1520 οη
1615 1451 1813 1522 ταύτης
1845 1448 2085 1524 λαϐόμε-

442 1559 557 1603 νος,
608 1536 684 1598 εἰς
733 1537 785 1591 ’ἐν
840 1539 1040 1591 ἅπασαν
1094 1537 1412 1614 ἐναρμόνιον
1458 1540 1734 1617 σύνταγμα
1780 1543 2085 1612 ποιησάμε-

438 1648 546 1694 νος,
602 1626 803 1702 Σοφίαν
862 1626 948 1679 ἐπί
1003 1648 1061 1680 τε
1118 1633 1196 1698 τῷ
1240 1628 1425 1696 αὐτοῦ,
1477 1630 1565 1684 καὶ
1596 1635 1673 1701 τῷ
1722 1635 1823 1684 τοῦ
1858 1631 2086 1702 Πατρὸς,

435 1715 522 1768 καὶ
574 1719 654 1784 τῷ
697 1719 792 1769 τοῦ
836 1713 1059 1769 πάππου
1114 1716 1341 1788 ὀνόματι
1392 1717 1768 1789 ἐπικεκληκεν,
1818 1718 1868 1789 ἐξ
1925 1719 2088 1773 αὐτοῦ

433 1808 527 1857 τοῦ
550 1810 651 1872 τῆς
702 1803 890 1880 σοφίας
924 1804 1189 1876 ὀνόματος
1221 1808 1514 1882 ἀγαπητῶς
1558 1806 1770 1879 μᾶλλον
1823 1806 1966 1883 ἔχειν
1995 1809 2084 1862 τὸν

2204 654 2367 708 ribus
2400 653 2539 708 vixit
2567 671 2690 723 qua:
2722 654 3040 708 subsecuta
3071 657 3211 707 sunt
3265 653 3685 722 captivitatem,
3723 653 3850 705 red-

2204 742 2348 796 itum
2378 747 2435 796 et
2464 742 2778 813 prophetas
2810 758 3034 796 omnes.
3059 744 3214 796 Avus
3246 757 3381 811 ergo
3432 740 3607 809 hujus
3648 740 3845 806 Jesus,

2202 831 2698 901 quemadmodum
2732 835 2790 885 et
2820 828 2943 901 ipse
2978 834 3244 895 testatur,
3271 830 3357 883 vir
3376 829 3484 883 fuit
3516 828 3845 883 industrius

2200 928 2256 974 et
2278 919 2858 990 prudentissimus,et
2884 937 2997 974 non
3012 918 3202 974 solum
3238 917 3604 988 superiorum
3630 923 3766 971 ante
3782 934 3843 972 se

2199 1008 2533 1079 sapientum
2568 1008 3067 1080 ap0phthegmata
3082 1006 3335 1078 collegit,
3370 1009 3468 1061 sed
3520 1012 3575 1061 et
3610 1006 3842 1077 propria

2199 1098 2463 1168 qusadam
2497 1098 2569 1152 de
2598 1114 2705 1151 suo
2728 1097 2961 1166 adjecit,
2992 1096 3178 1150 multa
3201 1094 3487 1166 sapientia
3516 1100 3571 1148 et
3595 1096 3844 1165 pruden-

2199 1187 2280 1242 tia
2310 1187 2541 1241 referta.
2587 1189 2727 1241 Cum
2760 1185 2939 1257 igitur
2970 1186 3124 1239 hunc
3157 1184 3369 1239 librum
3406 1186 3565 1255 prior
3610 1185 3785 1238 Jesus
3815 1202 3845 1237 e

2200 1276 2343 1331 vivis
2375 1275 2682 1331 discedens
2735 1279 2863 1344 post
2919 1290 2981 1329 se
3032 1273 3385 1345 reliquisset,
3446 1272 3647 1327 Sirach
3692 1272 3846 1327 ﬁlius

2198 1364 2326 1433 ejus
2356 1368 2684 1433 acceptum,
2742 1362 2882 1417 Jesu
2942 1360 3061 1416 ﬁlio
3120 1378 3226 1416 suo
3268 1361 3522 1431 reliquit.
3563 1366 3613 1415 ls
3645 1366 3847 1430 postea

2198 1456 2417 1523 scripta
2440 1451 2537 1505 illa
2567 1451 2623 1505 in
2651 1467 2832 1505 unum
2864 1467 3114 1520 eumque
3147 1466 3248 1520 per
3273 1450 3467 1504 omnia
3498 1449 3841 1503 continuum

2199 1542 2464 1597 ordinem
2498 1541 2744 1611 digesta,
2779 1540 2889 1594 sub
2920 1556 3027 1594 suo
3059 1541 3240 1610 patris
3274 1543 3331 1592 et
3356 1537 3444 1593 avi
3478 1536 3714 1592 nomine
3743 1542 3842 1591 Sa-

2200 1631 2476 1702 pientiam
2508 1629 2749 1695 vocavit,
2790 1634 2850 1683 ut
2900 1629 3026 1700 ipso
3084 1627 3390 1699 Sapientia:
3415 1627 3652 1682 nomine
3675 1626 3846 1681 audi-

2198 1725 2384 1773 torem
2428 1718 2711 1783 alliceret,
2744 1722 2801 1771 et
2847 1718 2917 1772 ad
2981 1716 3418 1771 meditationem
3477 1714 3610 1770 libri
3668 1715 3846 1786 hujus

2200 1813 2467 1863 amanter
2496 1806 2936 1878 suscipiendam
2965 1812 3323 1876 provocarat.
3348 1804 3619 1860 Continet
3648 1809 3843 1859 autem

434 1893 700 1967 ἀκροατὴν
730 1894 865 1965 πρὸς
916 1895 1015 1961 τήν
1071 1895 1237 1963 αὐτὴν
1288 1903 1385 1963 τῆς
1445 1891 1639 1971 βίϐλου
1693 1896 1925 1969 μελέτην
1970 1898 2074 1951 ἐπι-

2200 1898 2293 1951 hic
2320 1897 2466 1951 liber
2514 1912 2815 1951 sermones
2841 1894 3189 1967 prudentiae,
3220 1894 3534 1965 aenigmata
3591 1898 3646 1947 et
3678 1910 3842 1964 para-

438 1982 742 2053 σπώμενος.
776 1982 984 2056 Λόγους
1037 1982 1127 2037 οὖν
1180 1987 1520 2060 φρονήσεως,
1572 1985 1862 2061 αἰνίγματά
1908 2008 1966 2041 τε
1995 1988 2083 2041 καὶ

438 2066 750 2139 παραϐολὰς
782 2072 1051 2147 περιέχει,
1084 2074 1172 2127 καὶ
1230 2075 1452 2145 μερικάς
1500 2096 1643 2135 τινας
1696 2074 1930 2136 παλαιὰς
1970 2088 2085 2139 θεο-

434 2158 609 2234 φιλεῖς
655 2160 918 2233 ἱστορίας,
952 2161 1077 2236 περί
1125 2183 1183 2216 τε
1233 2160 1441 2237 ἀνδρῶν
1494 2163 1963 2236 εὐαρεστησάντων
2006 2169 2085 2236 τῷ

432 2252 567 2319 Θεῷ,
598 2248 689 2302 καὶ
741 2248 918 2324 εὐχὴν
952 2253 1040 2304 καὶ
1091 2250 1259 2323 ὕμνον
1310 2251 1501 2306 αὐτῶν.
1554 2254 1671 2306 Ἔτι
1705 2250 1762 2306 δὲ
1792 2255 1865 2305 ῶν
1900 2254 1927 2307 ὁ
1957 2255 2085 2315 Θεὸς

431 2336 747 2411 εὐεργεσιῶν
804 2339 1001 2409 ἠξίωσε
1054 2341 1145 2394 τὸν
1209 2342 1339 2395 Λαὸν
1390 2341 1577 2410 αὐτοῦ,
1631 2342 1722 2396 καὶ
1770 2343 1844 2395 ὧν
1878 2338 2085 2411 ἔπλησε

428 2430 603 2479 κακῶν
631 2426 758 2488 τοὺς
808 2427 1038 2502 ἐχθροὺς
1082 2428 1281 2487 αὐτῶν.
1338 2427 1571 2490 Ὀπαδὸς
1619 2430 1800 2484 τοίνυν
1832 2435 1929 2484 τοῦ
1975 2438 2083 2485 Σο-

431 2514 719 2586 λομῶντος
752 2515 908 2578 οὗτος
940 2519 965 2571 6
1021 2520 1229 2588 Ἰησοῦς
1258 2520 1524 2593 γεγονὼς,
1558 2516 1709 2573 οὐδὲν
1756 2522 1920 2588 ἦττον
1955 2520 2086 2575 ὲκεί-

428 2624 524 2657 νου
574 2606 697 2676 περὶ
746 2607 845 2673 τήν
898 2607 1085 2684 σοφίαν
1138 2607 1225 2661 καὶ
1271 2606 1516 2662 παιδείαν
1566 2607 1869 2680 ἠρίστευσε,
1916 2608 2083 2664 πολυ-

431 2694 607 2762 μαθὴς
640 2693 855 2759 ἀληθῶς
902 2696 990 2749 καὶ
1041 2694 1113 2749 ὣν
1160 2697 1248 2750 καὶ
1297 2696 1657 2769 καλούμενος.
1710 2696 1885 2752 Ἀλλά
1937 2719 2085 2773 περι-

429 2781 569 2855 οχὴν
626 2783 744 2853 μὲν,
792 2785 865 2844 ὡς
914 2785 972 2837 ἄν
1023 2806 1105 2845 τις
1141 2783 1309 2851 ενποι,
1341 2786 1541 2855 ταύτην
1594 2784 1708 2861 ἔχει
1742 2787 1803 2840 τὸ
1836 2781 2079 2843 Αιϐλίον.

426 2872 531 2936 Τὴν
586 2867 643 2924 δὲ
693 2871 1156 2949 ἀνακεφαλαίωσιν
1212 2874 1382 2928 ἰστέον
1413 2873 1607 2935 οὕτως.
1640 2877 1724 2928 Ἐν
1758 2875 2079 2949 προοιμίοις

432 2961 523 3031 μὲν
586 2962 707 3036 περὶ
767 2964 945 3032 πάσης
1004 2963 1194 3040 σοφίας
1257 2963 1454 3040 Κυρίου
1522 2962 1789 3040 διηγεῖται
1828 3009 1839 3021 .
1900 2962 2082 3020 ἔπειτα

426 3048 546 3123 περὶ
601 3052 923 3123 θυμοῦ,καὶ
975 3048 1169 3127 φόϐου,
1220 3055 1310 3107 καὶ
1369 3049 1620 3131 ἀφοϐίας·
1683 3055 1806 3129 περὶ
1866 3054 2081 3125 ἐπιστή-

430 3158 535 3208 μης
595 3140 804 3215 σοφίας·
867 3141 990 3211 περὶ
1050 3137 1358 3215 θεοφοϐίας,
1421 3142 1544 3216 περὶ
1588 3141 1684 3197 τοῦ
1733 3140 1841 3197 δεῖν
1902 3144 2078 3220 χωρὶς

425 3226 761 3301 ὑποκρίσεως
835 3232 1113 3304 προσιέναι
1186 3232 1322 3302 Θεῷ·
1400 3232 1523 3306 περὶ
1601 3238 1915 3308 πειρασμῶν
1984 3233 2074 3287 καὶ

424 3314 704 3388 ὑπομονῆς
740 3336 752 3348 ο
803 3318 924 3392 περὶ
968 3316 1171 3380 δειλίας
1218 3320 1306 3373 καὶ
1340 3318 1609 3383 ἐκλύσεως
1646 3362 1657 3374 .
1692 3322 1814 3395 περὶ
1866 3322 2075 3396 ἀγάπης

426 3402 644 3477 Κυρίου·
684 3406 807 3479 περί
850 3414 1018 3479 τιμῆς
1067 3415 1167 3476 τῆς
1218 3408 1293 3469 εἰς
1342 3409 1469 3470 τοὺς
1518 3415 1716 3483 γονεῖς’
1750 3410 1873 3481 περὶ
1905 3410 2076 3486 πρᾳό-

424 3512 585 3560 τητος
640 3493 729 3547 καὶ
780 3493 1063 3557 ἐπιεικείας
1118 3497 1371 3551 ταπεινοῦ
1409 3516 1420 3529 ·
1455 3498 1578 3573 περὶ
1626 3504 1932 3573 προπετοῦς
1985 3500 2075 3553 καὶ

426 3578 799 3636 ἀνυποτάκτου
856 3586 1133 3654 ζητήσεως
1210 3590 1318 3639 τῶν
1392 3587 1467 3658 μή
1537 3586 2021 3662 προστεταγμένων
2059 3606 2072 3619 ·

419 3670 543 3743 περὶ
604 3670 1043 3747 σκληροκαρδίου
1100 3674 1189 3728 καὶ
1247 3675 1592 3752 ὑπερηφάνου
1628 3722 1642 3743 ,
1681 3676 1804 3751 περὶ
1854 3682 2074 3731 συνετοῦ

420 3758 507 3811 καὶ
536 3759 804 3831 εὖμαθοῦς
983 3808 997 3833 ,
1047 3764 1136 3817 καὶ
1194 3762 1493 3836 ἰλεήμονος
1523 3764 1613 3818 καὶ
1662 3764 1906 3841 ὀρφανῶν
1938 3787 2072 3842 προ-

419 3846 637 3901 στάτου·
696 3850 831 3921 πρὸς
889 3850 1045 3927 φίλον
1108 3851 1464 3907 ὑποτακτικὸν
1516 3853 1605 3907 καὶ
1655 3853 1888 3923 ἐπιεικῆ·
1948 3856 2073 3931 περὶ

421 3934 749 4007 ἀνυψώσεως
782 3939 909 3991 υἱῶν
958 3946 1059 4008 τῆς
1101 3940 1305 4017 σοφίας’
1361 3942 1483 4015 περὶ
1516 3942 1869 4015 ἀνυποταξίας
1899 3965 2069 4013 πονη-

421 4021 551 4094 ρῶν·
640 4023 727 4077 xui
783 4025 907 4099 περὶ
982 4026 1247 4101 αἲσχύνης
1309 4024 1578 4104 βλαϐερᾶς
1622 4030 1712 4084 καὶ
1776 4030 2068 4093 ἐπωελοῦς·

425 4110 502 4181 μὴ
534 4111 643 4186 πρὸ
672 4116 777 4166 τῶν
831 4112 1001 4190 ἔργων
1046 4116 1173 4178 τοὺς
1222 4116 1439 4193 λόγους,
1476 4116 1617 4189 μηδὲ
1662 4117 2073 4183 ὲθελοδιδάσκα-

416 4197 512 4260 λος
543 4200 721 4287 γίνου.
754 4204 883 4278 Περὶ
930 4210 1027 4260 τοῦ
1081 4209 1155 4278 μὴ
1208 4205 1315 4261 δεῖν
1371 4206 1610 4263 δεδέσθαι
1658 4209 1812 4282 πόθῳ
1853 4213 2071 4287 χρηΑά-

407 4307 539 4355 των,
594 4286 731 4357 ληδὲ
786 4290 988 4357 οἷέσθαι
1037 4294 1350 4370 ἀτιμωρητὶ
1400 4298 1745 4371 ἁμαρτάνειν,
1787 4298 1882 4353 κᾶν
1930 4321 2066 4375 παρ-

406 4375 599 4464 αυτίκα
662 4380 737 4449 μὴ
797 4377 976 4451 δῶμεν
1030 4385 1129 4451 τήν
1188 4384 1493 4459 τιμωρίαν’
1561 4386 1910 4461 μακρόθυμος
1965 4390 2066 4464 γάρ

409 4460 549 4517 ἐστιν
584 4467 611 4518 6
670 4468 820 4530 Θεός·
886 4467 995 4524 δεῖν
1054 4493 1111 4525 τε
1170 4471 1537 4543 ἐξιλάσκεσθαι
1598 4475 1775 4543 αὐτὸν,
1835 4477 1925 4529 καὶ
1979 4460 2064 4549 ⁷μὴ

406 4555 738 4628 πορευθῆναι
801 4559 852 4612 ὲν
907 4559 1167 4633 ἐπιθυμίᾳ
1214 4561 1437 4637 καρδίας
1474 4605 1484 4615 .
1524 4566 1649 4639 Περὶ
1682 4570 1775 4619 τοῦ
1810 4567 1885 4637 μή
1917 4587 2066 4641 περι-

2198 1987 2382 2055 bolas,
2415 1986 2485 2041 ad
2518 1985 2637 2039 haec
2669 1990 2723 2039 et
2756 1986 2881 2055 pias
2938 1985 3226 2055 quasdam
3277 1988 3538 2037 veterum
3572 1982 3843 2037 historias

2197 2077 2267 2129 de
2298 2076 2437 2130 viris
2474 2076 2583 2129 Deo
2615 2074 2889 2145 acceptis,
2943 2078 2999 2127 et
3057 2071 3236 2127 simul
3286 2071 3521 2127 illorum
3558 2087 3755 2143 preces
3787 2076 3843 2126 et

2197 2164 2502 2236 hymnum.
2538 2164 2817 2218 Praeterea
2846 2164 2919 2217 de
2959 2161 3277 2230 beneﬁciis,
3307 2162 3522 2232 quibus
3555 2159 3837 2232 populum

2194 2270 2370 2309 suum
2398 2254 2553 2308 Deus
2582 2254 2859 2324 dignatus
2883 2257 2993 2320 est,
3014 2256 3071 2305 et
3092 2252 3163 2307 de
3194 2250 3614 2322 malis,quibus
3646 2250 3844 2304 hostes

2195 2343 2455 2413 ipsorum
2490 2342 2699 2396 affecit.
2739 2341 2839 2395 Hic
2871 2342 3067 2410 itaque
3095 2340 3289 2409 Jesus,
3322 2356 3457 2394 cum
3488 2342 3641 2394 esset
3670 2337 3841 2393 Salo-

2195 2431 2386 2486 monis
2416 2435 2687 2497 sectator,
2720 2429 2874 2484 haud
2911 2430 3108 2483 minus
3136 2428 3237 2483 illo
3283 2427 3343 2482 in
3371 2427 3721 2482 illustranda
3751 2443 3842 2481 sa-

2197 2520 2416 2593 pientia
2445 2524 2502 2574 et
2532 2519 2763 2589 pietatis
2818 2516 3132 2589 disciplina
3186 2522 3491 2572 strenuum
3544 2533 3606 2571 se
3637 2516 3841 2588 gessit,

2196 2625 2326 2663 vere
2360 2606 2690 2662 multiscius
2706 2606 2996 2662 exsistens
3017 2606 3167 2661 etita
3196 2605 3578 2660 dictust-lano
3600 2605 3839 2676 quidem

2196 2697 2681 2768 complexionem,
2718 2702 2781 2749 ut
2813 2698 2890 2750 ita
2920 2696 3130 2757 dicam,
3159 2695 3335 2749 habet
3378 2694 3488 2749 iste
3517 2694 3698 2748 liber:
3749 2710 3840 2748 re-

2194 2785 2534 2858 capitulatio
2567 2802 2698 2840 vero
2731 2785 2803 2839 ad
2838 2785 2994 2838 hunc
3027 2784 3263 2839 modum
3297 2782 3702 2853 cognoscenda
3725 2786 3837 2836 est.

2193 2878 2255 2933 In
2292 2875 2570 2948 prooemio
2604 2875 2673 2928 de
2729 2874 2886 2929 omni
2944 2872 3242 2943 Sapientia
3300 2872 3525 2926 Domini
3560 2871 3833 2926 disserit:

2193 2965 2401 3021 deinde
2432 2964 2501 3018 de
2531 2962 2637 3032 ira,
2671 2962 2743 3017 de
2764 2968 2923 3016 metu
2944 2962 3077 3031 (24),
3102 2961 3287 3029 deque
3313 2960 3509 3014 animo
3535 2962 3837 3030 impertero

2193 3056 2339 3119 rito;
2374 3053 2445 3107 de
2475 3051 2721 3106 scientia
2780 3050 3119 3121 sapientiae:
3154 3049 3224 3104 de
3284 3049 3491 3103 timore
3529 3047 3644 3113 Dei,
3680 3048 3834 3119 quod

2191 3146 2451 3213 oporteat
2483 3142 2706 3211 absque
2762 3138 3057 3211 hypocrisi
3107 3138 3378 3193 accedere
3401 3137 3470 3191 ad
3507 3137 3686 3191 Deum
3723 3154 3735 3203 ;
3772 3137 3839 3191 de

2192 3229 2619 3286 tentationibus
2648 3234 2706 3283 et
2739 3230 3050 3298 patientia;
3094 3228 3164 3283 de
3194 3226 3507 3281 timiditate
3557 3232 3613 3279 et
3642 3226 3838 3279 animo

2105 3300 2149 3366 α
2193 3321 2414 3387 dtjccto
2448 3343 2461 3383 ;
2492 3318 2563 3371 de
2621 3316 2929 3371 dilectione
2961 3315 3192 3370 Domini
3220 3316 3324 3382 ;de
3345 3314 3701 3369 honorandis
3738 3332 3837 3385 pa-

2189 3409 2491 3473 rentibus;
2526 3409 2596 3461 de
2632 3404 3081 3460 mansuetudine
3110 3411 3168 3458 et
3198 3404 3471 3475 aequitate
3509 3403 3691 3457 animi
3724 3404 3832 3458 hu-

2189 3495 2387 3563 milis;
2416 3497 2487 3550 de
2518 3500 2787 3566 proterva
2817 3500 2872 3549 et
2907 3493 3216 3548 temeraria
3275 3492 3687 3562 perquisitione
3745 3510 3834 3547 re-

2186 3602 2337 3650 rum,
2371 3602 2498 3655 qus:
2533 3590 2829 3655 praeceptas
2863 3600 2979 3637 non
3011 3588 3186 3645 sunt;
3212 3583 3283 3635 de
3313 3584 3617 3651 prefracto
3639 3598 3703 3635 ac
3735 3599 3832 3637 su-

2186 3675 2402 3746 perbo;
2434 3674 2505 3727 de
2538 3672 2898 3745 intelligente
2928 3677 2985 3725 et
3014 3672 3219 3737 docto;
3253 3671 3323 3725 de
3356 3671 3732 3725 misericorde
3775 3676 3832 3725 et

2185 3761 2542 3834 pupillorum
2578 3767 2843 3833 patrono,
2870 3761 2940 3814 ad
2966 3760 3218 3814 amicum
3252 3759 3756 3830 obtemperantem
3779 3766 3837 3814 et

2185 3855 2516 3909 modestum
2544 3870 2557 3919 ;
2591 3853 2662 3907 de
2692 3851 3050 3907 exaltatione
3084 3850 3336 3904 filiorum
3382 3849 3681 3919 sapientiae
3716 3867 3729 3913 ;
3765 3852 3836 3905 de

2181 3943 2558 3999 contumacia
2614 3941 3061 4011 improborum;
3117 3939 3188 3993 de
3216 3938 3434 4008 pudore
3485 3942 3601 3991 tam
3639 3941 3832 4003 noxio,

2181 4050 2357 4103 quam
2394 4031 2523 4085 utili
2548 4047 2561 4095 ;
2598 4030 2910 4100 dseoquod
2933 4030 3108 4082 verba
3133 4044 3244 4082 non
3277 4027 3529 4081 debeant
3553 4027 3832 4097 operibus

2182 4120 2459 4191 praeponi,
2486 4135 2590 4172 nec
2622 4117 2933 4188 quisquam
2967 4118 3175 4171 debeat
3206 4133 3313 4171 sua
3342 4121 3550 4186 sponte
3581 4117 3828 4170 docendi

2178 4209 2436 4263 ofﬁcium
2472 4222 2775 4277 usurpare.
2837 4206 2998 4268 Quod
3062 4221 3231 4259 nemo
3289 4206 3496 4259 debeat
3538 4205 3827 4259 desiderio

2182 4293 2823 4369 pecuniarumirretiri,
2848 4310 2954 4347 nec
3000 4298 3202 4363 putare
3253 4294 3407 4363 quod
3457 4293 3698 4365 impune
3729 4295 3824 4349 des

2178 4385 2424 4455 linquat,
2450 4380 2678 4438 etiamsi
2708 4397 2819 4435 non
2843 4380 3042 4433 statim
3080 4396 3279 4450 pcenas
3302 4380 3644 4434 damus.Est
3670 4380 3827 4434 enim

2178 4474 2330 4529 Deus
2362 4468 2717 4544 longanimis
2747 4486 2761 4535 ;
2795 4470 2951 4539 quod
2984 4468 3311 4521 curandum
3345 4466 3607 4531 nobis,ut
3637 4468 3828 4539 place-

2176 4568 2369 4628 tur,ne
2391 4562 2450 4615 in
2477 4555 2973 4629 concupiscientia
2986 4554 3177 4609 cordis
3195 4556 3827 4626 progrediamur.Quod

406 4642 657 4715 φέρεσθαι
706 4647 864 4699 παντὶ
916 4648 1100 4720 ἀνέμῳ
1137 4694 1148 4716 ,
1181 4650 1269 4704 καὶ
1304 4653 1426 4725 περὶ
1478 4650 1742 4728 φλυαρίας
1783 4654 1871 4707 καὶ
1908 4656 2064 4728 ὑπερ-

2188 4669 2291 4707 aon
2318 4651 2637 4705 debeamus
2669 4646 2874 4719 quovis
2907 4651 3074 4700 vento
3104 4643 3461 4698 circumferri
3493 4662 3506 4711 ;
3540 4645 3610 4699 de
3644 4662 3826 4717 nuga-

402 4729 633 4805 ηφανίας
743 4735 867 4809 περὶ
925 4734 1230 4811 φιληδόνου
1269 4758 1279 4769 ·
1344 4736 1638 4811 δοκιμασία
1722 4747 1914 4796 πιστοῦ
1969 4744 2059 4797 καὶ

400 4817 660 4874 ἀπίστου*
688 4824 811 4898 περὶ
854 4823 1101 4889 παιδείας
1134 4829 1335 4901 Κυρίου
1372 4874 1382 4897 ,
1419 4829 1500 4883 ὅτι
1534 4831 1639 4884 ἀπὸ
1670 4832 1923 4901 νεότητος
1955 4830 2057 4896 ἕως

400 4908 589 4993 γήρως
649 4911 931 4985 ὲπιθ)μεῖν
990 4916 1155 4984 αὐτὴν
1218 4914 1318 4971 δεῖ⁶
1379 4919 1502 4993 περὶ
1556 4919 1864 4993 ἀκροάσεως
1923 4923 2057 4976 ἀνω-

400 4992 602 5070 φελοῦς
639 5017 649 5027 ·
688 5000 808 5073 περὶ
859 5007 955 5056 τοῦ
1009 5006 1085 5075 μή
1135 5002 1452 5079 προδιδόναι
1486 4992 1645 5083 φίλον
1681 5055 1696 5077 ,
1732 5007 1873 5080 μηδὶ
1902 5010 2055 5064 ἀστο-

399 5088 518 5156 χεῖν
543 5089 798 5158 γυναικὸς
831 5098 1002 5167 σοφῆς
1040 5112 1051 5124 ⁸
1088 5091 1209 5164 περῖ
1244 5093 1468 5148 οἰκετῶν
1506 5138 1519 5158 ,
1554 5096 1675 5165 περὶ
1706 5096 2001 5169 κτημάτων
2038 5120 2049 5132 ο

398 5172 521 5243 περὶ
580 5174 779 5229 τέκνων
817 5197 827 5208 ’
884 5179 1004 5254 περὶ
1066 5186 1356 5254 γυναικῶν·
1416 5183 1539 5259 περὶ
1599 5189 1693 5237 τοῦ
1756 5187 1831 5258 μὴ
1890 5208 2050 5243 κακο-

399 5265 596 5351 ποιεῖν,
630 5263 664 5329 ἢ
699 5263 1013 5351 φιλαρχεῖν,
1045 5268 1077 5336 ἢ
1121 5276 1469 5345 καταφρονεῖν
1522 5272 1844 5344 ἁμαρτάνειν
1874 5319 1885 5331 .
1922 5278 2048 5351 Περὶ

394 5349 491 5435 τοῦ
538 5349 615 5417 μὴ
658 5348 942 5423 ψεύδεσθαι
990 5352 1209 5433 ἀδελφῷ
1241 5401 1254 5423 ,
1293 5354 1432 5429 μηδὲ
1479 5357 1735 5435 φλυαρεῖν
1792 5362 1877 5415 ἐπὶ
1919 5348 2047 5435 πρε-

394 5428 667 5509 σϐυτέρων
699 5483 719 5511 ,
776 5440 917 5512 μηδὲ.
947 5428 1269 5517 δευτερῶσαι
1298 5428 1301 5429 ν
1327 5428 1536 5521 Λόγοντ·
1594 5428 1716 5524 περὶ
1750 5447 1910 5520 δόξης
1943 5428 2044 5507 πα-

606 5669 779 5752 Ιξᾲἱῐξ,
812 5672 929 5734 υἱός
978 5674 1152 5752 male.
1191 5676 1493 5734 Masculus
1533 5679 1768 5752 legerat,
1804 5682 2041 5751 Ἰησοῦς.

463 5739 578 5810 (23)
610 5740 705 5796 Sic
730 5743 1015 5800 Commel.

2173 4742 2343 4795 citate
2373 4747 2430 4794 et
2460 4736 2821 4808 arrogantia;
2860 4735 2931 4789 de
2979 4732 3387 4804 voluptuario;
3423 4733 3687 4804 probatio
3723 4736 3823 4790 fidi

2172 4832 2228 4883 et
2256 4828 2456 4893 infidi;
2489 4828 2560 4881 de
2592 4824 2910 4896 disciplina
2940 4822 3195 4889 Domini,
3228 4823 3383 4893 quod
3419 4820 3519 4876 illa
3577 4823 3648 4877 ab
3682 4824 3820 4878 ado-

2168 4917 2451 4972 lescentia
2489 4915 2557 4969 ad
2591 4918 2952 4969 senectutem
2989 4928 3173 4982 usque
3197 4911 3585 4966 desideranda
3614 4910 3689 4966 sit
3715 4931 3726 4978 ;
3751 4913 3821 4967 de

2168 5006 2371 5061 auditu
2406 5002 2620 5072 inutili,
2655 5002 2808 5074 quod
2843 5000 3070 5055 amicus
3102 5000 3268 5069 prodi
3301 5016 3416 5053 non
3448 4999 3677 5066 debeat,
3723 5017 3821 5053 ne-

2167 5112 2277 5167 que
2308 5092 2721 5149 declinandum
2775 5090 2851 5145 sit
2909 5105 2942 5142 a
3001 5086 3247 5142 muliere
3293 5088 3590 5158 sapiente;
3623 5089 3693 5143 de
3724 5090 3821 5144 do-

2167 5184 2449 5251 mesticis,
2482 5184 2553 5237 de
2604 5178 3098 5253 possessionibus,
3146 5180 3215 5232 de
3248 5176 3469 5241 liberis,
3506 5177 3577 5231 de
3625 5180 3817 5232 uxori-

2163 5277 2294 5331 bus.
2327 5273 2487 5336 Quod
2549 5269 2770 5325 nemini
2818 5268 3039 5323 malum
3098 5266 3286 5321 facere
3335 5266 3675 5332 debeamus,
3714 5284 3816 5321 nec

2158 5365 2526 5421 dominatum
2575 5362 2819 5426 ambire,
2882 5374 3071 5429 neque
3120 5362 3492 5411 contemnere
3523 5357 3570 5412 si
3613 5374 3811 5428 pecce-

2159 5470 2315 5509 mus.
2342 5450 2504 5515 Quod
2538 5466 2641 5504 nec
2672 5448 2954 5503 debemus
2987 5444 3221 5500 mentiri
3275 5443 3461 5511 fratri,
3497 5462 3683 5516 neque
3708 5463 3813 5499 nu-

2223 5688 2334 5757 (24)
2369 5682 2677 5743 Musculus
2710 5682 2898 5751 habet,
2963 5686 3167 5741 Deinde
3194 5686 3259 5740 de
3314 5686 3515 5739 timore
3568 5677 3807 5742 Domini,

2151 5757 2216 5812 de
2247 5761 2356 5828 ira,
2389 5760 2455 5815 de
2483 5759 2656 5823 metu,
2688 5758 2801 5808 etc.
