4170 6420
295 415 412 474 379

1481 421 1544 482 S.
1592 420 2116 487 ATHANASIUS.
2145 457 2224 472 —
2252 426 2518 490 DUBIA.

3592 424 3713 487 380

291 550 414 622 gari
445 564 642 606 coram
675 552 1028 624 senioribus,
1065 569 1168 612 nec
1210 556 1424 612 iterare
1454 569 1787 614 sermonem
1816 574 1830 626 ;
1865 560 1938 615 de

2069 560 2199 632 πρὸς,
2231 562 2266 628 ἢ
2304 561 2510 636 μητρὸς
2545 608 2560 632 ,
2591 561 2680 615 καὶ
2738 561 2861 637 περέ
2908 567 3010 630 τῆς
3059 561 3195 614 κατὰ
3233 559 3363 614 Θεὸν
3396 553 3705 626 εὐλαϐείας,

292 635 480 707 gloria.
510 638 692 706 patris
724 643 779 693 et
813 642 1056 709 matris;
1093 644 1163 698 de
1195 646 1513 700 reverentia
1543 659 1608 700 ac
1639 651 1793 701 metu
1815 647 1937 714 Dei,

293 725 362 779 de
393 723 754 782 honorandis
781 730 1268 798 sacerdotibus,et
1297 733 1367 787 de
1393 733 1938 790 curandisaiilictis.

294 814 454 878 Quod
479 816 766 886 cujusque
797 817 876 872 rei
903 819 1078 874 tinem
1111 821 1276 890 prius
1301 826 1564 892 oporteat
1587 824 1937 894 prospicere,

294 917 470 971 quam
504 903 791 958 actionem
825 907 1038 974 ordiri;
1099 910 1254 980 quod
1313 911 1597 981 cujusque
1628 913 1941 977 sermonis,

293 995 395 1044 aut
451 991 664 1062 negotii
716 996 992 1062 postremi
1047 1003 1291 1053 eventus
1351 999 1740 1070 prospiciendi
1801 1001 1940 1056 sint.

295 1079 454 1143 Quod
471 1085 831 1136 vetustorum
846 1083 1199 1154 sapientium
1223 1083 1668 1143 dissertationes
1689 1094 1943 1144 contem-

297 1168 498 1222 nendis
532 1185 646 1224 non
679 1170 817 1226 sint.
852 1171 1014 1227 Unde
1052 1174 1280 1229 oriatur
1336 1177 1610 1232 scortatio
1645 1191 1658 1243 ;
1691 1179 1939 1234 veterem

297 1259 552 1313 amicum
587 1277 698 1316 non
731 1279 860 1318 esse
889 1265 1384 1334 deserendum,eo
1416 1270 1567 1340 quod
1600 1267 1811 1325 similis
1868 1271 1946 1326 sit

295 1347 428 1402 vino
460 1364 607 1405 novo
642 1366 825 1406 novus
857 1354 1116 1410 amicus:
1149 1355 1219 1411 de
1276 1357 1496 1413 artiﬁce
1527 1359 1809 1430 sapiente,
1841 1361 1942 1414 do-

297 1441 457 1492 ctore
486 1437 720 1506 selecto,
741 1444 798 1494 et
827 1456 959 1513 rege
988 1442 1615 1516 indisciplinato.Quod
1673 1448 1942 1503 morbum

299 1525 643 1581 diuturnum
676 1534 913 1600 expetat
941 1533 1242 1588 medicus:
1273 1535 1430 1590 184
1461 1537 1531 1590 de
1562 1537 1787 1592 semine
1841 1537 1945 1592 ho-

300 1614 547 1669 norabili
580 1620 636 1670 et
668 1616 885 1685 infido;
920 1619 990 1674 de
1021 1619 1242 1678 famulo
1276 1625 1540 1695 sapiente
1597 1629 1655 1680 et
1685 1627 1947 1698 principe

299 1702 593 1774 epulento.
619 1705 780 1768 Quod
815 1707 1042 1762 modica
1071 1725 1204 1765 cum
1239 1711 1312 1766 sit
1340 1712 1491 1768 inter
1515 1713 1778 1770 volucres
1820 1717 1948 1787 api-

300 1791 452 1855 cula,
488 1792 716 1848 fructus
745 1799 940 1850 tamen
1002 1796 1164 1854 illius
1222 1800 1447 1871 primas
1490 1803 1749 1858 obtineat
1805 1804 1956 1858 inter

301 1879 686 1944 dulcia.Quod
701 1883 924 1955 absque
946 1887 1169 1957 judicio
1189 1894 1245 1943 et
1276 1905 1335 1944 re
1361 1892 1621 1946 nondum
1654 1892 1952 1964 explorata

300 1985 417 2023 non
449 1969 527 2024 sit
555 1973 1118 2042 querendum.Quod
1143 1993 1256 2032 non
1289 1981 1552 2050 oporteat
1581 1995 1709 2036 esse
1757 1980 1949 2037 curio-

302 2073 452 2120 sum,
487 2061 583 2114 sed
611 2061 863 2130 justum,
887 2080 953 2118 eo
985 2067 1138 2135 quod
1177 2072 1325 2122 Deus
1358 2076 1446 2124 est
1475 2071 1574 2140 qui
1609 2070 1945 2136 ditat.Quod

302 2146 447 2202 nihil
477 2164 546 2203 ex
578 2149 852 2206 humanis
886 2153 1052 2209 bonis
1087 2155 1167 2211 ita
1197 2163 1472 2214 constans
1495 2160 1687 2230 putari
1715 2161 1947 2215 debeat.

300 2236 463 2298 Quod
498 2253 611 2292 non
645 2239 721 2292 sit
752 2239 1120 2298 familiariter
1135 2261 1267 2300 cum
1291 2247 1497 2318 quovis
1520 2249 1942 2320 homineageno

305 2324 574 2390 dum,sed
608 2342 742 2382 cum
777 2329 888 2400 piis
920 2335 1151 2387 tantum
1174 2338 1232 2388 et
1256 2335 1456 2404 justis.
1481 2336 1642 2400 Quod
1693 2337 1828 2391 mali
1863 2353 1954 2392 oa-

305 2414 475 2468 vendi
511 2416 668 2484 sint;
702 2419 852 2487 quod
913 2418 1059 2474 nihil
1091 2421 1168 2477 sit
1226 2423 1560 2480 habendum
1615 2427 1950 2481 commercii

307 2516 439 2558 cum
474 2505 766 2576 superbis,
792 2513 1027 2580 propter
1054 2509 1547 2582 inquinationem,
1581 2531 1707 2586 quea
1765 2528 1832 2570 ex
1880 2515 1950 2569 ιι.

305 2591 496 2646 lorum
529 2597 967 2653 conversatione
997 2600 1217 2666 oritur;
1254 2604 1406 2671 quod
1449 2619 1481 2657 a
1533 2603 1737 2659 multis
1765 2604 1954 2660 colen-

309 2682 421 2736 dus
453 2681 528 2736 sit
559 2684 862 2755 proximus
892 2693 949 2741 et
1005 2689 1146 2759 quid
1211 2694 1674 2763 unumquodque
1734 2694 1952 2748 animal

311 2769 520 2841 diligat
550 2772 661 2826 sibi
693 2773 1417 2839 simile.Quemadmodum
1441 2781 1595 2835 enim
1618 2781 1779 2836 nulla
1795 2797 1956 2837 com-

312 2859 516 2914 munio
545 2866 636 2915 est
663 2859 799 2932 lupo
823 2879 954 2918 cum
989 2881 1160 2936 agno,
1224 2883 1409 2940 neque
1451 2868 1666 2940 hyaenae
1725 2885 1836 2942 pax
1868 2875 1959 2927 est

312 2965 445 3003 cum
477 2965 640 3020 cane,
673 2951 755 3006 ita
788 2967 973 3025 neque
1019 2958 1308 3026 peccatori
1339 2973 1472 3013 cum
1507 2959 1601 3030 pio
1625 2976 1639 3026 ;
1665 2959 1735 3014 de
1768 2961 1960 3030 parcis

313 3037 413 3108 qui
449 3037 593 3092 nihil
626 3037 958 3113 largiuntur
987 3043 1213 3100 aliis.Et
1231 3048 1383 3117 quod
1411 3047 1556 3102 nihil
1582 3047 1793 3104 habeat
1821 3065 1957 3104 con-

313 3127 497 3193 trarii,
531 3131 649 3183 tam
682 3128 740 3184 in
773 3129 1012 3201 divitiis,
1046 3150 1222 3205 quam
1257 3141 1615 3208 paupertate,
1639 3140 1872 3208 justum
1903 3143 1962 3193 et

315 3215 476 3287 pium
518 3233 681 3286 esse;
715 3219 951 3276 beatum
986 3224 1244 3294 reputari
1277 3239 1434 3293 eum,
1477 3227 1576 3296 qui
1609 3227 1678 3281 ad
1715 3230 1961 3282 mortem

312 3322 502 3377 usque
533 3307 828 3380 sapienter
851 3327 916 3366 ac
948 3314 1264 3384 prudenter
1300 3315 1472 3384 vivat,
1498 3295 1632 3372 inon
1668 3316 1766 3389 qui
1801 3319 1960 3373 dives
1993 3295 2035 3365 Ο

312 3399 387 3453 sit
417 3401 474 3453 in
503 3399 613 3454 hoc
644 3403 885 3457 mundo.
923 3407 998 3458 De
1029 3403 1209 3461 libero
1242 3407 1482 3462 arbitrio
1514 3423 1526 3462 :
1563 3407 1715 3478 quod
1741 3409 1811 3463 de
1830 3423 1962 3481 apo-

315 3487 496 3543 stasia
527 3502 641 3543 non
678 3490 756 3545 sit
786 3492 930 3548 ratio
963 3493 1245 3566 exigenda
1298 3513 1330 3552 a
1385 3495 1652 3562 Domino,
1715 3510 1780 3552 eo
1805 3497 1960 3569 quod

317 3575 514 3631 omnia
545 3576 650 3631 tibi
681 3581 1034 3650 apposuerit.
1070 3584 1232 3647 Quod
1297 3584 1508 3640 melius
1542 3586 1620 3640 sit
1668 3599 1866 3641 carere
1894 3585 1961 3640 li-

320 3665 494 3731 beris,
529 3681 704 3737 quam
741 3668 953 3724 liberos
977 3670 1192 3727 habere
1215 3674 1422 3730 malos.
1457 3673 1618 3739 Quod
1672 3673 1814 3730 nihil
1849 3673 1964 3730 Deo

317 3751 532 3809 lateat:
565 3755 634 3808 dc
665 3756 994 3828 cognitione
1024 3764 1080 3814 et
1129 3759 1354 3830 judicio
1405 3759 1498 3816 Dei
1530 3779 1544 3828 ;
1575 3766 1628 3817 et
1657 3763 1808 3834 quod
1852 3777 1963 3817 non

320 3842 645 3910 putandum
680 3843 752 3898 sit
784 3843 1021 3916 iniquos
1063 3863 1236 3918 posse
1279 3865 1311 3903 a
1375 3851 1484 3906 Deo
1531 3851 1831 3918 abscondi,
1867 3858 1968 3907 aut

313 3929 604 3997 judicium
665 3933 794 4000 ejus
833 3934 1106 4006 effugere.
1167 3940 1240 3991 De
1292 3939 1503 3993 creatis
1556 3940 1704 4010 ejus.
1741 3937 1820 3994 De
1855 3942 1965 3995 ror-

322 4021 578 4076 matione
610 4023 886 4095 hominis,
943 4041 1058 4096 qua
1118 4026 1438 4083 honoratus
1485 4036 1612 4096 est;
1654 4029 1971 4086 delatione

324 4108 507 4182 legis;
549 4111 620 4166 de
650 4110 1017 4185 eleemosyna
1046 4120 1098 4171 et
1135 4117 1513 4187 poenitentia;
1574 4119 1645 4173 de
1706 4121 1973 4175 modesta

324 4199 723 4268 responsione.
759 4199 882 4255 Non
915 4215 1042 4257 esse
1076 4203 1526 4275 vituperandum
1551 4205 1770 4260 bonum
1800 4220 1969 4278 opus,

324 4300 515 4355 neque
532 4286 752 4341 donum
786 4288 1031 4344 molesto
1051 4307 1322 4347 sermone
1355 4309 1368 4346 :
1416 4293 1568 4364 quod
1602 4295 1702 4364 qui
1759 4295 1972 4365 princi-

324 4378 524 4446 patum
558 4377 1392 4449 concupiscit,petulanssit,et
1413 4383 1471 4435 in
1504 4383 1778 4438 omnibus
1803 4384 1974 4439 rebus

326 4472 703 4534 praeparatus.
730 4465 855 4520 Non
902 4483 1029 4522 esse
1071 4468 1453 4523 difﬂuendum
1489 4469 1646 4533 luxu,
1696 4479 1753 4524 et
1783 4488 1815 4525 a
1846 4469 1974 4542 qui-

328 4549 439 4606 bus
470 4553 886 4608 abstinendum
941 4555 1052 4609 sit:
1101 4556 1170 4610 de
1218 4557 1488 4610 custodia
1541 4557 1974 4628 mysteriorum.

328 4644 406 4693 De
437 4640 640 4708 stulto,
675 4643 747 4696 de
773 4642 1062 4712 sapientia
1093 4658 1194 4713 per
1225 4643 1531 4714 parabolas
1559 4661 1571 4712 ;
1604 4645 1676 4700 de
1734 4645 1873 4712 vite,
1908 4648 1960 4701 dt

2088 4646 2376 4724 φυλάκτως
2435 4643 2752 4723 φθέγγεσθαι
2809 4648 2924 4703 τοῖς
2985 4643 3374 4716 άμαρτήσασι.

329 4726 656 4800 principio;
689 4730 760 4784 de
794 4731 1162 4801 sapientibus
1180 4737 1237 4786 et
1255 4732 1478 4799 stultis,
1508 4734 1578 4788 de
1609 4733 1729 4788 ﬁlia
1746 4735 1974 4803 audaci;

331 4818 400 4871 de
447 4817 942 4873 inconsiderantia
986 4817 1189 4886 stulti;
1240 4821 1311 4875 de
1362 4827 1552 4876 mente
1593 4823 1760 4889 dura,
1813 4826 1869 4879 et
1918 4826 1974 4878 in

327 4907 541 4976 quibus
575 4905 928 4962 dissolvatur
947 4908 1224 4964 amicitia.
1251 4909 1371 4966 Non
1406 4925 1534 4966 esse
1574 4913 1977 4983 peccatoribus

327 4995 759 5052 inconsiderate
783 4995 1146 5068 loquendum
1175 5016 1188 5065 ;
1214 5000 1284 5053 de
1319 4999 1652 5072 disciplina.
1686 5001 1810 5056 Non
1844 5015 1975 5058 esse

328 5086 750 5160 postulandum
776 5089 1184 5159 juramentum
1224 5106 1234 5144 :
1264 5092 1333 5145 de
1358 5089 1629 5148 custodia
1677 5092 1892 5147 animae
1921 5096 1980 5147 et

327 5179 719 5251 corporiszde
752 5179 988 5235 homine
1019 5185 1356 5235 scortatore.
1401 5181 1480 5235 De
1528 5180 1774 5236 muliere
1826 5181 1981 5236 male

325 5272 381 5321 et
411 5268 694 5323 adultera.
718 5267 1028 5340 PrOphetia
1059 5269 1128 5322 de
1159 5268 1295 5323 Jesu
1329 5269 1580 5335 Christo,
1615 5271 1712 5342 qui
1746 5270 1836 5325 est
1885 5284 1978 5325 ea-

333 5355 544 5424 pientia
575 5357 672 5412 Dei
698 5362 754 5412 et
785 5357 986 5423 Filius,
1033 5357 1223 5412 ﬂuviis
1261 5365 1656 5429 comparatus.
1712 5363 1785 5414 De
1816 5359 1978 5414 addi-

325 5444 481 5499 tione
509 5446 855 5516 disciplinae,
893 5448 960 5502 de
992 5445 1190 5501 decem
1226 5447 1710 5511 beatitudinibus,
1737 5448 1808 5503 de
1834 5448 1977 5503 infe-

332 5535 511 5589 renda
554 5534 724 5606 plaga
773 5539 830 5590 et
884 5535 1126 5604 ultione,
1162 5537 1233 5590 de
1267 5536 1606 5590 mercaturis
1639 5535 1866 5604 delicto,
1910 5537 1980 5591 de

407 5732 519 5802 (25)
569 5731 634 5787 In
681 5730 876 5787 Greco
908 5733 1216 5804 Scriptura;
1266 5736 1450 5802 textu,
1481 5731 1695 5803 legitur
1751 5729 1985 5787 σκώπτει

2048 648 2137 700 καὶ
2195 656 2294 717 τῆς
2349 651 2425 711 εἱς
2481 651 2644 724 ἱερεῖς
2693 657 2884 722 τιμῆς,
2936 649 3026 703 καὶ
3073 655 3173 718 τῆς
3210 647 3284 709 εἷς
3329 648 3704 720 κακουμένους

2051 735 2402 810 ἐπισκέψεως.
2461 739 2582 795 ’Ὁτι
2644 737 2872 792 ἑκάστου
2929 737 3244 813 πράγματος
3290 736 3352 790 τὸ
3407 734 3566 797 τέλος
3623 734 3706 790 δεῖ

2051 831 2310 899 προορᾷν,
2369 826 2457 880 καὶ
2519 826 2691 887 οὕτως
2751 824 3050 900 ἄρχεσθαι’
3114 824 3336 878 ἑκάστου
3395 822 3605 899 λόγου,
3664 825 3700 892 ἢ

2052 913 2294 988 πράξεως
2327 921 2545 970 σκοπεῖν
2594 916 2660 969 τὰ
2704 914 2924 990 ἔσχατα.
2979 914 3079 970 Καὶ
3124 913 3248 987 περὶ
3279 917 3374 967 τοῦ
3422 913 3496 985 μὴ
3530 932 3697 987 παρο·

2053 1007 2145 1077 ρᾷν
2181 1001 2427 1080 διήγημα
2457 1003 2725 1080 γερόντων
2779 1007 2980 1081 σοφῶν.
3033 1003 3118 1072 Ἐξ
3145 1001 3287 1056 ὅσων
3329 1000 3532 1076 γίνεται
3564 1022 3699 1076 πορ-

2052 1091 2184 1146 νεία·
2244 1094 2367 1168 περὶ
2423 1098 2520 1148 τοῦ
2583 1095 2658 1166 μή
2705 1091 3190 1169 ἐγκαταλιμπάνειν
3240 1089 3401 1168 φίλον
3441 1091 3696 1165 ἀρχαῖον

2053 1181 2082 1233 ὁ
2111 1180 2210 1255 γὰρ
2255 1182 2374 1243 νέος
2427 1181 2566 1242 οἶνος
2624 1179 2769 1258 φίλῳ
2811 1179 2916 1252 νέῳ
2965 1177 3323 1254 συγκρίνεται·
3357 1177 3480 1254 περὶ
3527 1176 3704 1252 τεχνί-

2051 1287 2148 1322 του
2207 1274 2376 1347 σοφοῦ
2411 1314 2424 1338 ,
2482 1270 2571 1323 καὶ
2629 1273 2818 1344 κριτοῦ
2878 1265 3227 1340 διδασκάλου,
3285 1268 3375 1321 καὶ
3440 1265 3705 1341 βασιλέως

2055 1353 2380 1412 ἀπαιδεύτου
2415 1401 2427 1414 .
2489 1362 2606 1412 Ὅτι
2669 1357 2874 1432 μακρὸν
2950 1356 3287 1432 ἀρρώστημα
3353 1361 3546 1410 σκοπεῖ
3593 1355 3708 1427 (25)

2057 1439 2238 1520 ἰατρός
2273 1465 2286 1476 ’
2319 1447 2444 1521 περὶ
2494 1444 2801 1520 σπέρματος
2853 1443 3072 1517 ἐντίμου
3128 1443 3218 1498 καὶ
3279 1442 3530 1498 ἀπίστου·
3583 1442 3706 1517 περὶ

2055 1535 2268 1590 οἰκέτου
2317 1540 2526 1612 σοφοῦ,
2577 1535 2665 1590 καὶ
2709 1534 2975 1610 ἄρχοντος
3021 1531 3310 1588 πλουσίου.
3342 1535 3460 1586 ’Ότι
3513 1530 3706 1606 μικρὸν

2055 1622 2106 1678 ἐν
2139 1629 2403 1685 πετεινοῖς
2436 1628 2470 1694 ἡ
2507 1624 2756 1696 μέλισσα,
2786 1623 2875 1677 καὶ
2907 1623 3054 1698 ἀρχὴ
3088 1619 3486 1696 γλυκασμάτων
3516 1620 3546 1672 ὸ
3574 1637 3708 1694 καρ-

2055 1714 2156 1775 πὸς
2187 1712 2377 1782 αὐτῆς.
2429 1714 2558 1786 Περὶ
2601 1717 2698 1768 τοῦ
2753 1714 2826 1785 μὴ
2878 1712 3136 1787 ἀκρίτως,
3172 1707 3311 1783 μηδὲ
3349 1707 3706 1778 ἀνεξετάστως

2061 1797 2386 1878 μέμφεσθαι,
2424 1799 2563 1875 μηδὲ
2612 1801 2742 1856 εἶναι
2793 1799 3252 1874 πολυπράγμονα,
3286 1795 3433 1852 ἀλλὰ
3476 1794 3710 1864 δίκαιον,

2059 1890 2300 1952 ὅτιθεὸς
2350 1893 2377 1946 ὁ
2427 1890 2755 1958 πλουτίζων.
2806 1891 2928 1946 Ὅτι
2984 1886 3151 1961 μηδὲν
3199 1892 3308 1942 τῶν
3352 1884 3706 1962 ἀνθρωπίνων

2059 1976 2269 2055 ἀγαθῶν
2330 1979 2705 2052 άμετάκλητον
2767 1982 2880 2051 (26)
2937 1979 3180 2054 ἡγεῖσθαι
3214 2020 3226 2033 .
3293 1975 3420 2050 Περὶ
3476 1978 3573 2028 τοῦ
3633 1975 3708 2046 μὴ

2057 2070 2364 2143 γνησιάζειν
2419 2069 2576 2122 παντὶ
2630 2067 2932 2143 ἀνθρώπῳ,
2994 2064 3137 2121 ἀλλὰ
3192 2058 3427 2118 εὐσεϐέσι
3485 2059 3575 2116 καὶ
3637 2057 3715 2114 δι-

2058 2157 2273 2218 καίοις·
2334 2156 2423 2211 καὶ
2480 2157 2602 2232 περὶ
2659 2161 2756 2210 τοῦ
2816 2154 3171 2233 φυλάττεσθαι
3229 2151 3356 2213 τοὺς
3411 2147 3709 2226 πονηρούς.

2062 2245 2191 2321 Περῖ
2222 2251 2318 2300 τοῦ
2357 2247 2431 2319 μὴ
2482 2251 2758 2300 κοινωνεῖν
2812 2241 3178 2320 ὑπερηφάνοις
3227 2239 3314 2296 διὰ
3342 2241 3431 2295 τὸν
3467 2239 3517 2309 ἐξ
3548 2238 3713 2292 αὐτοῦ

2067 2334 2372 2408 μολυσμὸν,
2405 2335 2492 2388 καὶ
2523 2336 2622 2402 τήν
2672 2328 2982 2408 συντριϐἡν,
3026 2331 3117 2385 καὶ
3147 2327 3270 2405 περὶ
3310 2336 3410 2398 τῆς
3439 2332 3538 2383 τοῦ
3567 2325 3717 2396 πλη-

2063 2425 2176 2479 σίον
2246 2423 2528 2499 θεραπείας
2586 2423 2731 2497 παρὰ
2787 2421 3014 2477 πολλῶν
3055 2439 3066 2452 ·
3126 2419 3215 2474 καὶ
3274 2418 3355 2474 ὅτι
3416 2423 3518 2472 πᾶν
3583 2419 3719 2484 ζῶον

2063 2515 2246 2588 ἀγαπᾷ
2300 2513 2363 2568 τὸ
2420 2511 2635 2585 ὅμοιον.
2695 2515 2896 2583 Ὥσπερ
2954 2510 3056 2586 γὰρ
3116 2507 3177 2563 ού
3233 2511 3484 2562 κοινωνεῖ
3545 2504 3717 2566 λύκος

2066 2604 2242 2676 ὀμνῷ,
2288 2599 2411 2657 οὔτε
2458 2601 2722 2677 εἰρηνεύει
2755 2601 2910 2655 ὕαιναι
2957 2600 3094 2675 πρὸς
3147 2598 3297 2652 κύνα·
3335 2596 3508 2658 οὕτως
3541 2597 3720 2669 ἀμαρ-

2061 2693 2239 2754 τωλὸς
2270 2691 2406 2766 πρὸς
2440 2687 2652 2760 εὐσεϐῆ.
2689 2691 2818 2763 Περὶ
2867 2682 3217 2763 μικρολόγων
3261 2691 3370 2741 τῶν
3429 2685 3502 2758 μὴ
3558 2704 3719 2757 μετα-

2067 2779 2325 2836 διδόντων
2355 2780 2579 2854 ὲτέροις,
2611 2781 2701 2833 καὶ
2731 2778 2812 2832 ὅτι
2861 2778 2912 2834 ἐν
2961 2777 3190 2849 πλούτῳ
3218 2776 3306 2830 καὶ
3353 2773 3600 2848 πτωχείᾳ
3631 2770 3719 2826 δί-

2065 2889 2219 2926 καιον
2252 2871 2384 2925 εἶναι
2414 2867 2502 2924 καὶ
2534 2868 2700 2938 ὅσιον,
2757 2869 2831 2942 μὴ
2882 2865 3215 2922 τούναντίον.
3258 2864 3534 2938 Μακάριον
3567 2863 3723 2934 ἡγεῖ·-

2069 2971 2187 3024 σθαι
2218 2960 2310 3014 τὸν
2341 2956 2502 3036 σοφίᾳ
2546 2956 2635 3012 καὶ
2687 2956 2890 3011 συνέσει
2941 2959 3183 3024 συζῶντα
3233 2953 3398 3028 μέχρι
3429 2949 3711 3018 τελευτῆς,

2071 3049 2132 3104 ού
2184 3049 2276 3103 τὸν
2331 3046 2594 3101 πλούσιον
2651 3045 2703 3101 ἐν
2763 3046 2975 3118 κόσμῳ.
3039 3040 3168 3120 Περὶ
3218 3041 3584 3111 αύτεξουσίου,
3636 3037 3720 3093 ὅτι

2071 3138 2194 3214 περὶ
2256 3135 2580 3197 ἀποστασίας
2644 3137 2719 3208 μὴ
2779 3135 2937 3189 αἴτιῶ
2991 3134 3083 3188 τὸν
3138 3133 3352 3204 Κύριον·
3405 3131 3578 3184 πάντα
3618 3127 3723 3203 γάρ

2074 3245 2157 3281 σοι
2199 3224 2480 3298 παρέθετο.
2534 3227 2659 3280 Ὀτι
2709 3229 2955 3298 κρεῖσσον
3010 3218 3210 3276 ἄπαιδα
3260 3219 3394 3274 εἶναι
3439 3219 3474 3287 ἢ
3507 3217 3725 3293 πονηρὰ

2071 3316 2232 3373 ⁸τέκνα
2260 3310 2427 3389 ἔχειν.
2480 3315 2601 3370 ’Ὁτι
2652 3310 2803 3368 οἷιδὶν
2856 3309 3103 3375 λανθάνει
3153 3308 3304 3364 Θεόν.
3355 3308 3487 3384 Περὶ
3535 3307 3725 3384 φωρά-

2070 3423 2202 3466 σεως
2256 3408 2390 3457 Θεοῦ
2445 3402 2534 3456 καὶ
2595 3402 2855 3476 κρίσεως,
2910 3400 2999 3454 καὶ
3061 3400 3134 3472 μή
3195 3397 3387 3470 νόμιζε
3441 3396 3535 3452 τὸν
3594 3395 3722 3450 Θεὸν

2069 3493 2396 3567 κρύπτεσθαι
2457 3491 2694 3563 ἀνόμους
2752 3491 2787 3558 ἢ
2852 3488 3123 3566 ἐκφεύγειν
3168 3487 3337 3541 αὐτοῦ
3387 3487 3486 3554 τὴν
3521 3484 3719 3558 κρίσιν.

2072 3582 2200 3656 Περὶ
2247 3586 2354 3635 τῶν
2401 3585 2732 3652 κτισμάτων.
2786 3578 2911 3653 Περὶ
2959 3585 3059 3646 τῆς
3106 3581 3202 3632 τοῦ
3245 3575 3532 3651 ἀνθρώπου
3578 3571 3720 3626 πλά-

2071 3688 2228 3738 σεως,
2261 3671 2328 3738 ἧς
2362 3669 2618 3741 ἐτιμήθη.
2673 3669 2800 3742 Περὶ
2851 3674 2949 3736 τῆς
2998 3671 3094 3720 τοῦ
3133 3665 3307 3738 νόμου
3339 3661 3561 3724 δόσεως
3594 3660 3717 3733 περὶ

2075 3759 2450 3831 ἐλεημοσύνης
2504 3758 2593 3811 καὶ
2641 3757 2950 3829 μετανοίας*
3002 3755 3125 3830 περὶ
3175 3753 3444 3814 ἐπιεικοῦς
3492 3749 3721 3821 ἀποκρί-

2076 3865 2231 3908 σεως·
2267 3847 2390 3920 περὶ
2419 3851 2516 3900 τοῦ
2551 3847 2626 3917 μὴ
2666 3847 2971 3918 μωμεῑσθαι
3001 3845 3063 3897 τὸ
3116 3843 3315 3918 ἀγαθὸν
3365 3835 3548 3915 ἔργον,
3585 3836 3726 3912 μηδὲ

2077 3935 2221 4009 δόμα
2253 3936 2304 3990 ἐν
2338 3935 2570 4010 λυπηρῲ
2602 3933 2775 4008 λόγῳ⁵
2823 3933 2961 3988 ὥστε
3006 3933 3096 3986 τὸν
3147 3930 3516 4002 ἐπιθυμοῦντα
3546 3924 3728 4003 ἀρχῆς

2077 4025 2522 4098 προπετεύεσθαι,
2581 4023 2670 4077 καὶ
2720 4020 2770 4076 ἰν
2833 4028 2960 4076 πᾶσι
3021 4019 3548 4094 προετοιμάζεσθαι.
3602 4015 3732 4090 Περὶ

2077 4119 2173 4168 τοῦ
2226 4116 2300 4186 μὴ
2361 4111 2740 4183 ἀσωτεύεσθαι,
2803 4111 2892 4166 καὶ
2953 4111 3026 4164 ὧν
3086 4107 3168 4164 δεῖ
3224 4103 3544 4182 ἀπέχεσθαι.
3602 4103 3734 4175 Περὶ

2081 4201 2328 4280 φυλακῆς
2384 4197 2719 4274 μυστηρίων,
2770 4200 2860 4253 καὶ
2909 4199 3034 4274 περὶ
3087 4195 3340 4274 ἄφρονος,
3389 4195 3514 4270 περὶ
3547 4194 3736 4272 σοφίας

2080 4299 2180 4361 τῆς
2231 4289 2318 4344 διὰ
2359 4285 2708 4365 παραϐολῶν,
2766 4288 2854 4341 καὶ
2913 4287 3036 4362 περὶ
3101 4286 3247 4361 βίου,
3278 4285 3367 4339 καὶ
3417 4283 3615 4359 ἀρχῆς,
3647 4281 3737 4336 καὶ

2085 4385 2287 4458 σοφῶν,
2345 4377 2434 4432 καὶ
2497 4382 2718 4451 μωρῶν.
2785 4376 2910 4452 Περὶ
2971 4375 3234 4450 θυγατρὸς
3291 4371 3538 4448 θρασείας
3575 4387 3586 4402 ·
3648 4369 3735 4423 καὶ

2084 4470 2208 4544 περὶ
2269 4467 2584 4544 ἀπροσεξίας
2649 4470 2858 4541 μωροῦ,
2912 4464 3158 4540 καὶπερὶ
3210 4461 3450 4522 διανοίας
3492 4459 3735 4535 στερρᾶς,

2086 4559 2174 4612 καὶ
2225 4557 2276 4611 ἐν
2327 4555 2434 4611 τίσι
2485 4553 2761 4610 διαλύεται
2803 4553 2960 4630 φιλία
3006 4554 3097 4607 καὶ
3147 4551 3270 4627 περὶ
3319 4555 3414 4604 τοῦ
3450 4549 3525 4622 μὴ
3575 4549 3743 4622 ἀπρο-

3435 4638 3566 4713 Περὶ
3619 4656 3744 4691 παι-

2088 4733 2256 4800 δείας,
2314 4735 2402 4788 καὶ
2453 4739 2549 4788 τοῦ
2612 4734 2686 4805 μὴ
2745 4729 3008 4786 αἰτεῖσθαι
3067 4725 3261 4805 ὅρκον·
3319 4727 3442 4804 περῖ
3493 4725 3742 4804 φυλακῆς

2086 4828 2273 4898 ψυχῆς
2332 4821 2420 4877 καὶ
2482 4823 2736 4893 σώματος
2771 4867 2785 4890 ,
2845 4819 2937 4874 καὶ
2996 4818 3115 4892 περῖ
3180 4819 3469 4892 ἀνθρώπου
3516 4815 3737 4889 πόρνου.

2089 4912 2217 4987 Περὶ
2274 4918 2520 4984 πονηρᾶς
2552 4910 2825 4986 γυναικὸς,
2881 4908 2970 4962 καὶ
3029 4904 3381 4981 μοιχαλίδος.
3434 4903 3744 4980 Προφητεία

2087 5001 2211 5076 περὶ
2246 5002 2430 5070 Ἰησοῦ
2465 5001 2718 5074 Χριστοῦ,
2767 4995 2826 5059 ὃς
2877 4995 2989 5051 ἐστι
3038 4996 3196 5072 σοφία
3241 4995 3330 5048 καὶ
3373 4995 3517 5057 Υἱὸς,
3551 5009 3740 5064 παρει-

2087 5090 2299 5152 κασθεῖς
2348 5093 2665 5160 ποταμοῖς.
2733 5086 2860 5160 Περί
2917 5086 3234 5161 προςθήκης
3290 5079 3556 5143 παιδείας·
3619 5078 3743 5154 περῖ

2087 5184 2192 5234 τῶν
2240 5176 2366 5233 δέκα
2418 5173 2799 5251 μακαρισμῶν·
2855 5175 2979 5250 περὶ
3029 5171 3253 5246 πληγῆς
3314 5171 3604 5245 ἐπαγωγῆς
3653 5168 3742 5221 καὶ

2091 5265 2440 5337 ἐκδικήσεως·
2504 5265 2626 5340 περῖ
2687 5261 3076 5336 πλημμελείας
3138 5259 3403 5335 ἐμπόρου·
3465 5258 3587 5332 περῖ
3636 5260 3744 5310 τῶν

2092 5355 2586 5411 ἀποκαλυπτόντων
2639 5352 2970 5426 μυστηρικὸν
3024 5349 3185 5424 λόγον
3217 5390 3228 5400 .
3283 5347 3410 5422 Περὶ
3463 5343 3750 5420 ἀνθρώπου

2091 5443 2400 5517 θυμώδουςε
2446 5443 2569 5517 περὶ
2620 5437 2987 5516 γλωσσώδους
3037 5435 3252 5514 ἀνδρός·
3306 5436 3429 5511 περὶ
3459 5441 3555 5490 τοῦ
3600 5431 3753 5490 δανί-

2094 5538 2198 5602 ζειν
2229 5537 2306 5606 τῷ
2337 5531 2596 5603 πλησίον,
2645 5530 2735 5584 καὶ
2785 5529 2976 5590 τόκους
3014 5528 3089 5600 μὴ
3138 5521 3458 5600 λαμϐάνειν,
3493 5524 3637 5581 ἀλλὰ
3666 5544 3750 5580 κι.

2166 5731 2280 5802 (26)
2310 5729 2350 5785 1.
2385 5727 2441 5782 ’Δ
2454 5721 2779 5801 μετάϐητον.
