4170 6356
395 420 505 483 381

1493 411 1865 480 SYNOPSIS
1910 411 2377 479 SGHII’TURE
2420 416 2717 481 SACIUE.

3689 420 3811 485 382

394 558 530 629 χρᾷν
568 552 713 624 αὐτῷ
767 549 1032 623 δεομένῳ·
1094 550 1215 621 περί
1274 549 1582 625 ἐγγυήσεως
1638 555 1735 604 τοῦ
1784 546 2046 618 πλησίον,

2162 547 2234 606 iis
2265 548 2364 623 qui
2400 565 2516 607 rem
2552 556 2833 610 secretam
2858 554 3215 625 revelant,de
3243 555 3478 612 homine
3504 554 3809 627 iracundo,

392 643 479 696 καὶ
512 642 635 717 περὶ
672 647 841 709 ζωῆςο
873 640 996 713 περὶ
1027 643 1122 693 τοῦ
1157 641 1230 710 μὴ
1265 642 1378 711 (‘27)
1422 638 1720 715 ἐπιστροφῇ
1771 637 2042 692 παιδεύειν

387 729 565 802 τέκνα,
600 731 723 805 περὶ
755 727 956 804 ὑγιείας
1005 734 1279 799 σῶματος,
1333 728 1419 781 καὶ
1481 727 1755 803 βρώσεως,
1809 729 1896 781 καὶ
1945 726 2044 800 ψυ-

390 828 522 895 χῆς⁸
578 821 702 895 περὶ
763 816 1117 878 διδασκαλίας
1178 818 1506 891 χρημάτων,
1573 816 2043 893 μεγιστάνων,καὶ

390 909 710 985 ἡγουμένων
740 911 858 979 (28)
890 908 992 978 υἱῷ
1022 907 1111 960 καὶ
1160 908 1391 980 γυναικῖ,
1450 904 1669 983 ἀδελφῷ
1724 907 1813 960 xci
1874 902 2049 979 φίλῳο

388 1000 513 1074 περὶ
570 994 783 1052 οίκέτου
826 996 1152 1071 κακούργου.
1224 997 1349 1068 Περὶ
1430 995 1686 1049 ἐνυπνίων
1758 993 2041 1050 ἀσυνέτων·

390 1082 513 1163 περὶ
564 1083 774 1156 πλάνης
825 1085 916 1139 καὶ
965 1083 1344 1159 πολυπειρίας,
1395 1083 1483 1138 καῖ
1528 1085 1650 1159 περὶ
1699 1086 1806 1138 τῶν
1841 1080 2045 1161 φοϐου-

398 1176 570 1246 μένων
622 1175 711 1228 τὸν
772 1173 989 1248 Κύριον.
1053 1172 1181 1245 Περί
1242 1176 1460 1242 θυσιῶν,
1538 1172 1627 1226 καὶ
1695 1173 2042 1249 προσφορῶν,

393 1266 498 1318 τῶν
561 1264 609 1333 ἐξ
659 1261 889 1327 ἀδικίας,
940 1266 1049 1315 τῶν
1102 1282 1160 1315 τε
1220 1260 1277 1315 ἐκ
1307 1259 1652 1331 δικαιοσύνης
1694 1264 2042 1339 προσφορῶν·

400 1350 523 1429 περὶ
579 1356 772 1407 θυσιῶν
819 1357 926 1407 τῶν
977 1350 1035 1405 ἐκ
1083 1350 1456 1428 φιλαργυρίας.
1518 1354 1638 1409 ’Ότι
1690 1354 1898 1429 τρυφῆς
1956 1350 2045 1406 καὶ

398 1442 639 1498 πλούτου
672 1442 751 1496 δεῖ
802 1445 1177 1518 καταφρονεῖν.
1232 1441 1359 1515 Περί
1421 1439 1744 1516 λαιμάργων
1803 1442 1889 1495 καὶ
1958 1442 2047 1515 βα-

396 1533 627 1598 σκάνων,
668 1532 757 1585 καὶ
824 1530 1138 1599 ἀπλήστων,
1185 1529 1273 1583 καὶ
1340 1530 1599 1583 ἀτάκτων·
1659 1529 1733 1601 μὴ
1789 1528 2045 1602 μεθύσκε-

392 1622 511 1673 σθαι
562 1619 709 1691 εἷ’νῳ,
763 1615 889 1673 ἀλλ’
946 1618 1228 1692 αὐτάρκως
1277 1621 1534 1692 χρᾶσθαι.
1590 1617 1718 1694 Περὶ
1752 1618 2045 1694 ἐπαιρομέ-

390 1728 485 1762 νου
542 1708 834 1779 ἐπιεικοῦς,
897 1707 984 1762 καὶ
1043 1709 1165 1781 περὶ
1240 1706 1437 1769 λαλιᾶς
1507 1705 1906 1785 πρεσϐυτέρων,
1957 1712 2046 1770 καὶ

394 1798 516 1872 περὶ
551 1796 746 1859 Λαλιᾶς
778 1797 1077 1854 νεανίσκου.
1112 1797 1242 1872 Περὶ
1272 1795 1509 1870 ἐκδοχῆς
1559 1795 1803 1859 παιδείας
1852 1798 2043 1871 νόμου,

394 1886 485 1941 καὶ
539 1886 780 1961 κρίματα
837 1886 925 1939 καὶ
987 1883 1347 1958 δικαιώματα,
1405 1885 1495 1939 καὶ
1553 1885 1819 1941 πιστεύειν
1866 1887 2044 1961 νύμῳ.
2079 1915 2127 1984 Β

401 1974 529 2049 Περὶ
589 1968 850 2044 διαθήκης
917 1978 1049 2029 Θεοῦ
1105 1974 1240 2028 κατά
1294 1976 1499 2049 γενεὰν,
1556 1975 1643 2029 καὶ
1702 1976 1783 2029 ὅτι
1852 1974 1885 2045 ἡ
1951 1977 2043 2049 μὲν

398 2064 697 2132 κατασκευὴ
775 2066 871 2132 τῆς
946 2064 1153 2140 φύσεως
1216 2070 1333 2125 τοῖς
1413 2065 1719 2138 ἀνθρώποις
1803 2064 1916 2136 μία·
1984 2084 2045 2141 to

398 2149 455 2206 δὲ
530 2159 630 2220 τῆς
699 2153 1031 2229 πραιρέσεως
1121 2151 1402 2231 διάφορον,
1475 2153 1563 2230 ἀφ’
1637 2156 1703 2221 ἧς
1760 2153 1887 2216 τοὺς
1951 2153 2045 2226 μὲν

395 2239 759 2315 εὐλογεῖσθαι,
819 2241 945 2302 τοὺς
1006 2239 1062 2295 δὲ
1130 2242 1231 2295 ὑπὸ
1300 2242 1529 2317 κατάραν
1608 2239 1849 2312 ἐποίησε.
1917 2240 2047 2319 Περὶ

398 2328 533 2384 λαοῦ
583 2327 1003 2405 ἐκλελεγμένου,
1058 2329 1145 2384 καὶ
1196 2331 1277 2385 ὅτι
1328 2330 1569 2385 ἀπέναντι
1612 2336 1706 2385 τοῦ
1756 2332 1957 2407 ἀγαθοῦ
1987 2332 2049 2387 τὸ

397 2418 584 2491 κακὸν,
616 2419 705 2473 καὶ
754 2419 1007 2474 ἀπέναντι
1054 2422 1149 2474 τοῦ
1201 2415 1455 2481 εὐσεϐοῦς
1489 2422 1515 2474 ὁ
1550 2418 1900 2494 ἁμαρτωλός.
1933 2420 2047 2477 Τίσι

402 2506 483 2563 δεῖ
542 2514 842 2562 κοινωνεῖν·
904 2509 1093 2564 ὁποίαν
1144 2507 1225 2564 δεῖ
1268 2515 1494 2585 γυναῖκα
1554 2505 1764 2565 λαϐεῖν·
1826 2508 2048 2575 ὁποίους

400 2595 481 2653 δεῖ
529 2596 721 2676 φίλους
773 2596 939 2673 ἔχειν·
987 2600 1091 2653 τίσι
1155 2594 1237 2654 δεῖ
1285 2594 1622 2671 συμϐούλοις
1654 2601 1911 2675 χρῆσθαι,
1969 2603 2050 2657 τί·

397 2704 487 2748 νας
537 2684 895 2748 διδασκάλους
946 2689 1135 2763 ὁρίζει·
1195 2689 1316 2762 περῖ
1373 2690 1469 2743 τοῦ
1501 2687 1694 2743 εἰδέναι
1753 2690 1815 2744 τὸ
1847 2688 2051 2768 συμφε-

400 2796 491 2852 ρον
551 2772 796 2833 ἕκαστον.
850 2778 977 2851 Περὶ
1025 2781 1122 2831 τοῦ
1172 2783 1332 2849 τιμᾷν
1378 2779 1503 2839 τοὺς
1536 2777 1774 2854 ἱατρούς.
1812 2784 1933 2841 Πῶς
1965 2778 2051 2834 ἐπὶ

399 2866 573 2939 νεκρῷ
650 2863 733 2919 δεῖ
813 2870 1038 2928 πενθεῖν.
1116 2866 1243 2940 Περί
1317 2866 1682 2942 γραμματέως
1736 2867 1825 2922 καὶ
1885 2869 2053 2947 σοφοῦ

402 2954 670 3030 γεωργοῦ⁶
729 2955 820 3008 καὶ
852 2955 974 3030 περῖ
998 2954 1297 3030 ἀγρυπνίας
1322 2955 1593 3023 τέκτονος,
1653 2956 1741 3010 καὶ
1774 2958 2052 3032 χαρςκὲως,

406 3042 491 3098 καὶ
538 3043 842 3117 κεραμέως.
899 3045 1025 3119 Περὶ
1076 3044 1324 3122 φυλακῆς
1368 3048 1553 3120 ψυχῆς
1603 3046 1906 3119 ἀνθρώπου,
1965 3044 2055 3101 καὶ

400 3138 499 3202 τῆς
547 3131 966 3207 παραμενούσης
1028 3133 1239 3211 σοφίας,
1294 3134 1381 3188 καὶ
1444 3133 1566 3189 ὅσον
1602 3135 1872 3210 τυγχάνει.
1925 3132 2055 3210 Περὶ

397 3220 757 3297 προγνώσεως
792 3227 925 3277 Θεοῦ
956 3222 1044 3276 καὶ
1075 3222 1300 3284 κτίσεως
1350 3222 1580 3295 κόσμου.
1632 3225 1752 3277 Ὅτι
1796 3227 1829 3293 ἠ
1877 3224 2052 3288 κτίσις

2156 642 2226 694 de
2258 638 2377 695 viro
2412 639 2664 713 loquaci,
2697 646 2768 698 de
2824 644 3038 698 foenore
3069 659 3103 699 a
3153 645 3416 715 proximo
3463 651 3724 717 sumpto,
3756 652 3813 700 et

2157 730 2309 799 quod
2347 745 2527 785 usura
2574 747 2689 785 non
2739 731 3100 801 accipienda,
3136 732 3234 786 sed
3290 737 3496 787 mutuo
3547 730 3808 787 dandum

2158 812 2235 873 sit
2265 816 2479 889 egenti,
2513 817 2583 874 de
2616 820 2998 890 ﬁdejussione
3049 820 3295 891 proximi
3323 838 3336 887 ;
3370 821 3439 875 de
3480 820 3618 887 vita,
3653 819 3807 891 quod

2159 906 2327 961 liberi
2360 902 2848 978 castigationibus
2888 907 3007 963 sint
3055 907 3424 975 instituendi,
3456 908 3529 963 de
3560 910 3809 963 sanitate

2157 995 2457 1065 corporis;
2493 994 2562 1049 de
2593 994 2743 1061 cibo,
2776 1000 2831 1050 et
2863 997 3099 1061 anima;
3132 996 3398 1050 doctrina
3447 998 3517 1051 de
3549 996 3805 1063 divitiis;

2158 1082 2229 1136 de
2260 1084 2635 1154 magnatibus
2665 1088 2715 1137 et
2746 1083 2995 1139 ducibus
3023 1102 3036 1150 ;
3070 1101 3196 1155 quas
3250 1084 3388 1153 filio,
3423 1085 3608 1149 uxori,
3645 1084 3807 1138 fratri

2158 1174 2214 1224 et
2244 1172 2429 1226 amico
2464 1173 2793 1242 praestanda
2836 1172 2990 1238 sint;
3027 1172 3096 1226 de
3123 1189 3286 1227 servo
3341 1174 3665 1227 facinoroso
3694 1197 3707 1239 ;
3739 1172 3808 1226 de

2159 1259 2403 1315 somniis
2441 1261 2895 1331 insipientibus;
2930 1262 3000 1316 de
3033 1261 3371 1316 seductione
3402 1267 3458 1315 et
3490 1259 3678 1316 multa
3707 1277 3807 1315 ex-

2161 1350 2445 1421 perientia
2470 1369 2481 1416 ;
2506 1352 2576 1405 de
2600 1351 2943 1405 timentibus
2966 1350 3278 1405 Dominum
3306 1352 3407 1417 ;de
3431 1351 3734 1406 sacrificiis
3752 1355 3808 1406 et

2159 1440 2578 1505 oblationibus,
2633 1457 2765 1496 cum
2793 1459 2861 1495 ex
2903 1441 3157 1512 justitia,
3193 1445 3317 1496 tum
3370 1459 3437 1497 ex
3464 1440 3694 1511 justitia
3725 1443 3805 1496 fa-

2158 1534 2270 1589 ctis
2299 1551 2310 1599 ;
2337 1531 2406 1589 de
2434 1533 2735 1589 sacriﬁciis
2768 1551 2835 1589 ex
2866 1535 3150 1603 avaritia;
3186 1536 3648 1591 contemnendas
3680 1552 3808 1590 esse

2159 1620 2398 1677 delicias
2429 1625 2486 1676 et
2517 1621 2787 1689 divitias;
2822 1624 2892 1677 de
2945 1621 3340 1690 belluonibus,
3374 1628 3432 1679 et
3480 1623 3716 1692 invidis,
3751 1627 3808 1677 et

2157 1707 2614 1778 insatiabilibus,
2650 1715 2705 1765 et
2754 1711 3080 1767 inordinate
3128 1712 3478 1767 viventibus.
3519 1716 3641 1767 Non
3676 1727 3805 1767 esse

2157 1796 2569 1853 inebriandum
2602 1799 2754 1867 vino,
2779 1800 2877 1855 sed
2903 1802 3052 1870 quod
3077 1802 3221 1856 satis
3243 1800 3320 1855 sit
3347 1800 3672 1855 bibendum
3698 1818 3712 1867 ;
3734 1801 3806 1855 de

2158 1886 2407 1943 exaltato
2424 1885 2662 1942 homine
2676 1889 3004 1954 moderato;
3031 1891 3101 1944 de
3118 1889 3469 1961 loquacitate
3481 1888 3802 1959 seniorum,

2156 1979 2211 2031 et
2242 1972 2596 2047 loquacitate
2626 1976 3044 2033 adolescentuli
3074 2004 3086 2044 ς
3120 1978 3191 2033 de
3222 1977 3597 2049 suscipienda
3630 1976 3805 2033 disci-

2159 2063 2316 2136 plina
2348 2065 2513 2137 legis,
2546 2070 2601 2120 et
2642 2065 2710 2120 de
2733 2066 2974 2136 judiciis
3006 2072 3061 2121 et
3082 2064 3647 2136 justiﬂcationibus;
3682 2082 3803 2120 cre-

2157 2152 2417 2207 dendum
2449 2168 2578 2209 esse
2620 2153 2733 2225 legi
2762 2180 2775 2221 ;
2834 2155 2905 2210 de
2936 2160 3283 2210 testamento
3341 2155 3439 2209 Dei
3474 2155 3803 2211 secundum

2159 2241 2590 2314 generationem
2620 2270 2632 2304 ;
2666 2250 2722 2298 et
2745 2245 2897 2315 quod
2927 2244 3267 2299 hominibus
3287 2250 3508 2300 naturae
3530 2244 3809 2300 constitu-

2158 2332 2238 2387 tio
2269 2328 2471 2386 eadem
2506 2330 2605 2397 sit,
2636 2331 2952 2389 voluntatis
2980 2350 3110 2388 vero
3146 2333 3407 2388 diversa:
3446 2333 3598 2388 unde
3631 2332 3804 2389 bene-

2158 2416 2430 2476 dictionis
2462 2417 2703 2490 quidam
2728 2419 3057 2493 participes,
3086 2421 3477 2477 maledictioni
3499 2437 3630 2475 vero
3660 2435 3804 2475 non-

2161 2503 2306 2565 nulli
2339 2508 2586 2580 subjecti
2613 2512 2750 2563 sunt
2777 2525 2788 2563 :
2815 2509 2885 2564 de
2918 2508 3128 2582 populo
3156 2510 3335 2565 electo
3365 2526 3376 2563 :
3402 2512 3459 2564 et
3478 2509 3629 2579 quod
3652 2509 3806 2563 bono

2161 2597 2519 2654 contrarium
2555 2597 2631 2651 sit
2664 2598 2906 2665 malum,
2940 2603 2995 2653 et
3030 2599 3121 2670 pio
3146 2602 3446 2670 peccator:
3482 2598 3697 2669 quibus
3730 2594 3810 2652 sit

2161 2686 2713 2743 communicandum
2746 2705 2759 2743 :
2793 2688 2981 2758 qualis
3012 2688 3090 2743 sit
3129 2689 3396 2743 ducenda
3445 2702 3623 2743 uxor:
3659 2703 3808 2758 qua-

2161 2780 2246 2833 les
2280 2772 2533 2832 habendi
2566 2777 2740 2832 amici
2769 2795 2781 2832 :
2835 2778 3050 2848 quibus
3101 2778 3383 2833 utendum
3418 2775 3806 2832 consiliariis:

2165 2883 2313 2939 quos
2333 2862 2597 2920 doctores
2621 2866 2881 2937 assignat
2906 2883 2917 2921 :
2945 2866 3157 2938 cuique
3182 2866 3485 2921 sciendum
3518 2880 3646 2921 esse
3667 2863 3807 2935 quid

2164 2953 2314 3012 135
2352 2955 2673 3023 conducat;
2707 2955 2778 3009 de
2810 2954 3168 3009 honorandis
3202 2952 3481 3022 medicis;
3515 2954 3808 3025 quomodo

2165 3043 2489 3115 lugendum
2524 3043 2601 3096 sit
2633 3059 2809 3114 super
2842 3049 3089 3098 mortuo.
3126 3044 3204 3097 De
3249 3042 3441 3099 scriba
3470 3048 3528 3097 et
3558 3040 3817 3113 agricola

2167 3130 2447 3202 sapiente.
2507 3130 2586 3185 De
2630 3130 2846 3203 vigiliis
2903 3130 3225 3201 architecti,
3287 3131 3407 3186 sive
3453 3128 3660 3197 aerarii,
3694 3128 3814 3183 sive

2169 3217 2369 3292 ﬁguli:
2404 3218 2473 3273 de
2504 3220 2889 3274 custodienda
2936 3219 3194 3275 hominis
3243 3220 3460 3283 anima,
3508 3221 3565 3273 et
3614 3217 3684 3272 de
3715 3233 3814 3273 sa-

392 3312 510 3372 τοῖς
543 3306 810 3365 εὐσεϐἑσιν
844 3309 918 3371 εἷς
946 3309 1197 3385 εὐλογίαν
1227 3312 1499 3386 τρέπεταιο
1558 3317 1675 3373 τοῖς
1726 3310 1783 3366 δὶ
1830 3312 2050 3386 ἀνόμοις

2169 3288 2386 3381 pientia
2416 3313 2816 3381 permanente,
2866 3314 2923 3364 et
2971 3308 3175 3377 quanti
3226 3307 3327 3364 illa
3377 3308 3453 3364 sit
3506 3306 3692 3379 pretii.
3736 3304 3814 3361 De

399 3401 471 3460 εἰς
529 3398 776 3473 κατάραν.
847 3400 968 3456 ’Ότι
1029 3400 1265 3475 ἀσχολία
1320 3400 1531 3474 μεγάλη
1607 3400 1841 3457 ἔκτισται
1900 3405 2055 3458 παντὶ

401 3488 663 3561 ἀνθρώπῳ
719 3489 807 3542 καὶ
874 3490 1031 3562 ζυγὸς
1092 3488 1257 3564 βαρὺς
1316 3488 1403 3543 ἐπὶ
1483 3489 1631 3551 υἱοὺς
1683 3488 1873 3562 Ἐδάμ.
1936 3495 2053 3547 Ὅτι

401 3574 567 3630 πάντα
627 3575 724 3630 ὅσα
784 3576 887 3629 ἀπὸ
940 3583 1043 3649 γῆς
1104 3577 1178 3638 είς
1234 3584 1335 3652 γῆν
1396 3577 1727 3655 ἀναστρέφει,
1786 3577 1874 3632 καὶ
1958 3579 2057 3633 ὅσα

399 3666 503 3719 ἀπὸ
533 3666 630 3719 τοῦ
663 3662 859 3725 ὕδατος
892 3665 965 3725 εἷς
1007 3663 1294 3720 θάλασσαν.
1358 3665 1485 3739 Περῖ
1536 3665 1864 3740 συγκρίσεως
1924 3668 2055 3743 ἀγα-

398 3756 527 3823 θῶν,
572 3753 661 3807 καὶ
710 3753 830 3808 τίνα
888 3755 953 3807 τά
1014 3754 1239 3829 σαρκικά
1298 3755 1465 3828 ἀγαθά
1522 3754 1588 3808 τὰ
1645 3753 1866 3822 ἥττονα.
1926 3750 2055 3829 Περὶ

398 3847 494 3897 τοῦ
522 3842 641 3897 τίνα
689 3843 757 3896 τὰ
786 3838 913 3897 ὄντα
944 3843 1111 3917 ἀγαθά
1163 3844 1229 3896 τὰ
1272 3842 1491 3915 μείζονα
1546 3842 1635 3896 καὶ
1693 3844 2053 3915 πνευματικά.

408 3931 535 4006 Περὶ
562 3936 704 3999 ζωῆς
738 3931 938 4001 ἀπαιτή
982 3934 1116 4003 (29).
1178 3932 1309 4006 Περὶ
1361 3931 1585 3985 θανάτου
1632 3937 1830 4007 πικροῦ
1880 3931 2055 3987 πλου-

405 4019 543 4074 σίου⁸
598 4020 719 4095 περὶ
771 4020 998 4082 θανάτου
1047 4022 1219 4075 καλοῦ
1259 4025 1508 4095 πτωχοῦ.
1558 4021 1807 4093 Περὶτοῦ
1842 4023 1918 4093 μή
1969 4022 2055 4076 εὐ-

408 4102 689 4171 λαϐεῖσθαι
736 4110 798 4162 τὸ
860 4110 1160 4164 ἀποθανεῖν.
1224 4109 1351 4184 Περὶ
1408 4114 1505 4163 τοῦ
1538 4107 1917 4171 ἐπονειδίστως
1979 4114 2055 4183 μή

404 4202 520 4270 ζῇν,
557 4195 703 4252 ἀλλά
733 4198 1031 4275 φροντίζειν
1063 4198 1331 4271 ὀνόματος
1363 4199 1589 4272 ἀγαθοῦ.
1624 4198 1751 4273 Περὶ
1807 4196 2055 4261 παιδείας

401 4288 705 4362 εἰρηνικῆς,
768 4290 884 4366 Ἀφ’
942 4290 1015 4341 ὧν
1078 4288 1467 4363 ἐντρεπόμενος
1540 4286 1884 4363 αἰσχύνεσθαι
1953 4286 2054 4343 δεῖ·

507 4378 519 4397 \
568 4378 591 4395 Ρ
717 4377 729 4396 9
849 4381 869 4392 ο
955 4377 967 4395 Ἴ
1065 4377 1078 4396 Ι
1335 4380 1357 4397 ﬂ
1513 4374 1535 4393 λ
1568 4382 1589 4392 ν
1744 4377 1757 4397 \
2001 4380 2013 4395 \

398 4398 520 4450 περι
555 4399 627 4430 ων
676 4398 737 4431 Ου
789 4376 867 4431 δει
917 4380 1283 4453 αισχυνεσθαι.
1360 4383 1452 4431 Οτι
1508 4391 1587 4432 οει
1636 4398 1758 4451 περι
1791 4379 2053 4451 Θυγατρος

398 4466 667 4539 παρθένου
718 4466 947 4521 πάντοτε
998 4470 1278 4540 μεριμνᾷν·
1330 4466 1452 4537 περὶ
1484 4471 1580 4520 τοῦ
1615 4466 1689 4537 μή
1724 4463 2052 4541 συνεδρεύειν

398 4553 447 4607 ἐν
515 4557 663 4626 μὲσῳ
709 4556 980 4628 γυναικών
1032 4551 1120 4607 διὰ
1176 4554 1443 4629 πορνείαν.
1497 4553 1623 4628 Περὶ
1698 4551 2058 4631 δημιουργίας

2167 3395 2531 3469 ρτωεοίοηιίι
2562 3397 2663 3457 Dei
2694 3401 2750 3452 et
2779 3398 3069 3453 creatione
3101 3397 3326 3452 mundi.
3353 3397 3515 3463 Quod
3547 3400 3815 3450 creatura

2168 3482 2279 3560 piis
2312 3487 2366 3541 in
2396 3485 2882 3556 benedictionem,
2918 3489 3135 3559 iniquis
3187 3504 3319 3542 vero
3359 3488 3417 3541 in
3454 3484 3812 3540 maledictio-

2168 3589 2298 3630 nem
2330 3580 2605 3630 vertatur.
2631 3574 2792 3638 Quod
2817 3577 3119 3647 occupatio
3146 3592 3357 3648 magna
3375 3573 3560 3630 cuivis
3591 3572 3815 3629 homini

2167 3658 2243 3719 sit
2274 3668 2486 3729 creata,
2523 3668 2578 3717 et
2619 3664 2831 3735 jugum
2864 3680 3037 3735 grave
3088 3664 3428 3735 impositum
3480 3658 3616 3717 filiis
3657 3663 3812 3716 Adae.

2166 3756 2325 3818 Quod
2361 3755 2646 3826 quidquid
2682 3772 2749 3810 ex
2780 3760 2935 3810 terra
2965 3762 3073 3821 est,
3127 3757 3195 3810 ad
3229 3761 3441 3810 terram
3474 3757 3817 3821 revertatur,

2170 3848 2225 3899 et
2258 3843 2547 3915 quidquid
2578 3858 2645 3898 ex
2669 3844 2926 3913 uqua,ad
2956 3860 3115 3898 mare
3138 3842 3374 3897 deﬂuat.
3399 3842 3480 3897 De
3512 3840 3822 3897 collatione

2173 3933 2480 3993 bonorum.
2514 3936 2573 3985 et
2601 3948 2727 4002 quas
2773 3930 3031 3986 carnalia
3062 3931 3214 3986 bona
3265 3931 3507 3985 minoris
3538 3929 3659 3984 sint
3691 3945 3820 3982 mo-

2171 4021 2374 4075 menti.
2408 4021 2543 4082 Qum
2594 4021 2748 4075 bona
2794 4022 3022 4090 majora
3077 4021 3196 4075 sint
3249 4026 3307 4075 et
3352 4016 3705 4090 spiritualia.
3738 4016 3819 4072 De

2168 4110 2483 4180 repetenda
2536 4108 2665 4162 vita;
2726 4109 2969 4163 ratione.
3009 4114 3083 4164 De
3144 4115 3327 4164 morte
3382 4106 3605 4162 homini
3651 4104 3815 4159 diviti

2168 4199 2395 4252 acerba.
2431 4196 2509 4251 De
2540 4197 2694 4251 bona
2725 4204 2911 4251 morte
2954 4198 3251 4269 pauperis.
3286 4198 3365 4251 De
3407 4214 3519 4252 non
3552 4194 3818 4249 timenda

2169 4292 2375 4342 morte.
2410 4288 2568 4351 Quod
2606 4303 2721 4341 non
2776 4288 2853 4341 sit
2901 4304 3034 4342 cum
3086 4289 3296 4358 probro
3347 4288 3680 4355 vivendum,
3715 4285 3816 4341 sed

2167 4377 2313 4431 ratio
2348 4376 2615 4431 habenda
2656 4375 2910 4431 nominis
2962 4378 3117 4431 boni.
3156 4377 3234 4431 De
3271 4375 3583 4446 disciplina
3613 4374 3810 4446 pacis;

2168 4482 2419 4538 quorum
2443 4466 2634 4537 gratia
2648 4466 2724 4519 sit
2746 4465 3313 4528 erubescendum,de
3337 4465 3551 4534 quibus
3575 4480 3688 4518 non
3716 4462 3812 4533 sit,

2168 4556 2321 4625 quod
2364 4571 2666 4626 nunquam
2696 4554 2965 4624 ponenda
3010 4570 3148 4607 cura
3184 4553 3311 4607 ﬁlias
3344 4552 3622 4624 virginis:
3658 4552 3815 4622 quod

403 4643 621 4716 Κυρίου.
680 4643 806 4716 Περὶ
857 4640 1041 4711 ἡλίου,
1092 4641 1173 4696 ὅτι
1230 4647 1415 4703 σκεῦος
1450 4642 1752 4715 θαυμαστὸν
1783 4643 1873 4697 καὶ
1905 4642 2050 4719 ἔργον

2166 4645 2489 4699 sedendum
2523 4660 2633 4698 non
2661 4644 2737 4697 sit
2759 4644 2813 4697 in
2841 4644 3031 4697 medio
3059 4642 3370 4698 mulierum
3406 4647 3640 4714 propter
3659 4657 3822 4697 scor-

402 4732 620 4806 Κυρίου.
676 4732 805 4807 Περὶ
853 4729 1092 4801 σελήνης
1139 4730 1227 4785 καὶ
1291 4730 1522 4805 ἄστρων,
1580 4731 1669 4785 καὶ
1726 4731 1905 4803 τόξου,
1965 4734 2055 4786 καὶ

401 4820 629 4895 χιόνων,
689 4820 777 4874 καὶ
832 4820 1139 4895 ἀστραπῶν.
1206 4820 1332 4894 Περῖ
1392 4824 1586 4896 νεφῶν,
1637 4820 1725 4873 καὶ
1777 4819 2050 4894 χαλάζης.

400 4909 529 4985 Περὶ
564 4913 798 4980 σεισμῶν
831 4909 919 4963 καὶ
957 4911 1209 4982 βροντῆς.
1264 4910 1393 4983 Περὶ
1445 4909 1624 4979 ὑετοῦ,
1673 4908 1761 4961 καὶ
1811 4907 2053 4983 πάχνης,

397 4996 486 5051 καὶ
543 4996 814 5073 ὁμίχλης.
868 4999 995 5072 Περῖ
1048 4996 1246 5073 δρόσου
1295 4998 1400 5052 ἀπὸ
1446 4998 1742 5059 καύσωνος,
1790 4998 1879 5051 καὶ
1930 4999 2054 5073 περὶ

398 5079 636 5139 ἀϐύσσου
694 5086 880 5161 ξηρᾶς,
940 5087 1067 5159 Περὶ
1118 5084 1388 5158 Ἰορδάνου
1446 5085 1534 5140 καὶ
1592 5084 1887 5155 θαλάσσης.
1925 5087 2053 5162 Περὶ

402 5175 597 5235 παντὸς
650 5173 790 5242 ζώου
838 5175 926 5228 καὶ
973 5177 1224 5243 κτήνους,
1264 5175 1391 5249 Περὶ
1428 5171 1800 5248 μεγαλοδόξου
1830 5174 2054 5236 κτίσεως

404 5262 622 5335 Κυρίου.
687 5263 814 5335 Περῖ
867 5262 973 5317 τῶν
1035 5261 1351 5337 εὐεργεσιῶν
1385 5262 1568 5319 αὐτοῦ,
1606 5261 1897 5337 Ἐπίλογος
1930 5264 2052 5335 περὶ

406 5349 584 5425 Ἐνῶχ
611 5352 701 5406 καὶ
735 5354 878 5410 Νῶε.
914 5352 1207 5428 Ἑπίλογος
1240 5353 1360 5426 περὶ
1419 5346 1689 5426 Ἀϐραὰμ,
1739 5351 1825 5405 καὶ
1876 5352 2055 5406 Ἰσαάκ

399 5439 487 5493 καὶ
547 5439 617 5494 ὦν
680 5438 1091 5516 ἐπειράσθησαν.
1152 5439 1449 5514 Ἐπίλογος
1499 5440 1621 5513 περὶ
1683 5434 1897 5512 Ἰακὼϐ⁹
1958 5439 2049 5493 καὶ

486 5650 575 5717 27)
611 5646 964 5701 Particulam
1002 5646 1101 5717 μή,
1136 5645 1229 5701 hic
1274 5645 1631 5716 superfluere
1661 5646 2040 5702 arbitramur.

486 5650 575 5717 27)
611 5650 964 5701 Particulam
1002 5650 1101 5717 μή,

463 5650 578 5791 ί28)
612 5719 801 5774 Locus
834 5718 1103 5772 mutilus.

2166 4734 2471 4788 tationem.
2510 4738 2583 4787 De
2634 4732 2863 4803 Opiﬁcio
2914 4732 3167 4786 Domini.
3221 4737 3296 4785 De
3344 4731 3485 4797 sole,
3531 4732 3683 4801 quod
3715 4748 3815 4786 vas

2166 4822 2510 4877 admirabile
2542 4822 2621 4877 sit
2650 4827 2707 4877 et
2737 4838 2885 4893 Opus
2934 4821 3186 4876 Domini.
3226 4823 3299 4876 De
3330 4821 3475 4876 luna
3509 4826 3565 4876 et
3603 4820 3814 4888 astris;

2165 4912 2237 4965 de
2282 4927 2442 4978 arcu,
2502 4909 2759 4976 nivibus,
2817 4910 3167 4980 fulguribus,
3230 4911 3462 4973 nebula,
3512 4909 3815 4980 grandine,

2164 4998 2614 5065 terramiotibus,
2644 4997 2887 5063 tonitru,
2924 4998 3136 5068 pluvia,
3176 4999 3405 5070 pruina,
3442 4997 3713 5068 caligine,
3746 4997 3815 5051 de

2167 5104 2292 5141 rore
2313 5086 2574 5152 aestivali,
2608 5087 2679 5141 de
2709 5089 2919 5158 abysso
2952 5093 3138 5142 terrae.
3174 5088 3251 5141 De
3280 5087 3531 5141 Jordane
3552 5091 3602 5139 et
3641 5086 3811 5140 mari.

2164 5176 2241 5231 De
2274 5176 2430 5230 omni
2465 5177 2690 5231 vivente
2718 5182 2775 5231 et
2805 5178 3044 5247 pecude.
3078 5176 3157 5231 De
3184 5176 3494 5246 magniﬁca
3524 5173 3813 5229 creatione

2164 5264 2392 5319 Domini
2424 5282 2436 5329 ;
2473 5265 2542 5318 de
2576 5263 2873 5318 beneficiis
2906 5265 3054 5331 ejus.
3104 5263 3380 5333 Epilogus
3428 5261 3498 5313 de
3531 5259 3723 5313 Enoch
3758 5263 3815 5313 et

2164 5354 2301 5407 Noe.
2339 5354 2614 5424 Epilogus
2666 5358 2733 5407 de
2780 5352 3065 5406 Abraham
3123 5356 3179 5406 et
3242 5352 3419 5411 Isaac,
3470 5354 3524 5401 et
3574 5346 3809 5401 illorum

2162 5442 2606 5496 tentationibus.
2636 5439 2913 5512 Epilogus
2946 5442 3015 5494 de
3044 5439 3219 5494 Jacob
3251 5443 3307 5491 et
3348 5436 3558 5506 Moyse,
3590 5440 3648 5488 et
3680 5452 3808 5503 quas

2224 5646 2336 5715 (29)
2367 5644 2615 5699 Videtur
2645 5642 2985 5713 legendum,
3018 5636 3251 5693 ἀπαίτει.
