4170 6408
285 393 405 454 383

1490 405 1555 460 S.
1601 399 2125 461 ATHANASIUS.
2150 431 2226 443 -—
2254 399 2521 461 DUBIA.

3585 407 3705 469 38¢

287 526 386 582 ille
418 527 711 584 mirabilia
741 531 1114 601 perpetravit.
1175 532 1453 606 Epilogus
1501 533 1571 588 de
1628 537 1852 587 Aarone
1881 537 1937 586 et

2054 529 2348 599 Μωυσέως,
2408 529 2495 585 xui
2572 532 2645 585 ὧν
2714 531 3158 608 ἐθαυματούργει.
3233 533 3524 610 Ἐπίλογος
3581 538 3706 613 περὶ

292 615 481 686 ipsius
501 616 824 672 ministerio
848 623 904 672 et
926 620 1268 675 sacerdotio.
1305 621 1579 693 Epilogus
1599 621 1669 674 de
1694 620 1938 688 Dathan,

293 703 508 758 Abiron
544 709 601 758 et
631 708 789 759 Core.
827 711 902 761 De
935 707 1209 776 primitiis
1244 709 1790 780 primogenitorum,
1814 723 1939 776 quae

291 792 364 847 ad
397 797 688 848 Aaronem
724 795 1110 866 pertinebant.
1143 797 1420 869 Epilogus
1451 799 1521 852 de
1554 796 1800 851 Phinees
1821 795 1940 850 lilio

294 881 570 948 Eleazari,
632 884 783 954 quod
860 885 1065 939 tertius
1141 891 1270 957 post
1343 889 1626 941 Aaronem
1696 884 1939 939 celebris

296 971 486 1026 fuerit.
521 972 681 1036 Quod
732 974 929 1028 Davidi
987 976 1267 1030 Dominus
1320 979 1739 1030 testamentum
1775 973 1935 1045 regni

291 1060 678 1131 disposuerit:
704 1063 854 1131 quod
874 1063 1046 1118 Jesus
1065 1064 1216 1118 Nave
1233 1081 1538 1119 successor
1555 1064 1767 1136 Moysis
1791 1063 1940 1117 inter

288 1149 602 1221 prophetas
637 1150 850 1207 fuerit:
883 1153 1174 1222 quomodo
1202 1152 1257 1205 in
1292 1153 1498 1207 diebus
1524 1153 1738 1224 Moysis
1764 1152 1936 1206 Jesus

288 1236 438 1291 Nave
467 1243 524 1292 et
554 1237 768 1292 Chaleb
813 1238 966 1292 (ilius
1012 1239 1274 1310 Jephone
1329 1240 1568 1295 fecerint
1603 1239 1935 1295 misericor-

286 1327 466 1396 diam,
499 1331 557 1381 et
601 1345 668 1382 ex
717 1329 1022 1383 duodecim
1079 1330 1287 1384 servati
1321 1331 1474 1385 sint:
1529 1331 1600 1384 de
1645 1329 1934 1394 Samuele,

290 1417 390 1487 qui
424 1423 556 1487 post
583 1418 786 1472 Jesum
813 1418 964 1472 inter
985 1419 1608 1489 prophetasjudicavit
1630 1417 1933 1489 populum.

291 1505 372 1559 De
403 1505 631 1560 Nathan
666 1507 966 1578 propheta,
991 1509 1294 1562 cncomion
1322 1510 1375 1561 in
1407 1508 1671 1562 Davidem
1702 1508 1933 1577 Regem.

290 1595 448 1658 Quod
485 1594 754 1650 Salomon
787 1598 1023 1668 sapiens
1055 1597 1288 1668 quidem
1317 1597 1506 1662 fuerit,
1541 1597 1774 1650 tandem
1806 1613 1937 1650 vero

288 1684 601 1739 mulierum
661 1684 964 1740 adamator
1021 1686 1287 1752 evaserit,
1351 1692 1479 1757 post
1542 1686 1686 1739 iram
1751 1685 1932 1754 pceni-

283 1771 467 1828 tentia
515 1772 973 1828 misericordiam
1033 1775 1281 1846 adeptus
1339 1775 1437 1829 sit.
1501 1772 1578 1828 De
1627 1773 1934 1828 Jeroboam

2053 618 2285 693 Ἀαρὼν,
2322 619 2410 672 xui
2462 626 2562 688 τῆς
2622 619 2963 696 λειτουργιας
3022 622 3207 693 αὐτοῦ,
3265 623 3352 676 xui
3411 627 3507 693 τῆς
3557 627 3704 702 ἱερα-

2047 705 2214 768 τείας.
2292 706 2583 783 Ἐπίλογος
2657 710 2780 784 περὶ
2849 711 3042 782 Δαθὰν,
3124 711 3212 765 καὶ
3267 707 3554 784 Ἀϐειρὼν,
3613 717 3701 770 xui

2051 795 2207 870 Κορὲ.
2272 796 2403 871 Περὶ
2453 801 2560 851 τῶν
2620 798 2880 874 ἀπαρχῶν
2964 803 3073 853 τῶν
3150 802 3696 874 πρωτογεννημάτων

2053 881 2273 959 μερίδος
2309 887 2530 960 Ἀαρών.
2566 886 2878 961 Ἐπίλογος,
2912 888 2994 943 ὃτι
3027 889 3214 950 Φινεὲς
3269 890 3383 952 υἱὸς
3435 890 3694 968 Ἐλεάζαρ

2045 974 2226 1048 τρίτος
2277 976 2409 1046 μετὰ
2468 976 2674 1051 Ἀαρὼν
2731 973 2964 1049 ἔνδοξος.
3013 978 3133 1033 Ὀτι
3183 983 3262 1049 τῷ
3293 974 3456 1034 Δαϐὶδ
3487 977 3694 1044 διέθετο

2051 1063 2247 1138 Κύριος
2298 1061 2564 1134 διαθήκην
2620 1065 2917 1138 βασιλείας,
2967 1068 3084 1120 ’Ότι
3129 1067 3339 1136 Ἰησοῦς
3370 1075 3518 1138 Ναυῆ
3579 1068 3698 1124 διάο

2048 1149 2216 1227 δοχος
2248 1153 2524 1214 Μωϋσέως
2563 1153 2764 1228 γίνεται
2798 1153 2849 1208 ἐν
2878 1157 3206 1232 προφήταις.
3239 1162 3325 1218 Ὡς
3375 1156 3424 1210 ἐν
3467 1157 3700 1234 ἡμέραις

2055 1241 2327 1302 Μωυσέως
2379 1243 2587 1311 Ἰησοῦς
2633 1249 2781 1312 Ναυῆ
2831 1243 2921 1297 καὶ
2982 1239 3166 1298 Χάλεϐ
3225 1245 3252 1297 ὁ
3309 1250 3405 1299 τοῦ
3462 1247 3694 1324 Ἱεφονῆ,

2051 1329 2308 1396 ἐποίησαν
2329 1327 2504 1398 ἔλεος,
2529 1332 2617 1385 καὶ
2651 1332 2701 1385 oi
2738 1332 2806 1407 ιβ’
2837 1334 2949 1405 (30)
2982 1329 3415 1401 διεσώθησαν.Τὰ
3445 1335 3566 1408 περὶ
3601 1341 3702 1389 Σα-

2052 1417 2256 1490 μουὴλ,
2289 1418 2348 1480 ὅς
2383 1421 2516 1492 μετὰ
2549 1422 2757 1489 Ἰησοῦν
2787 1419 2959 1496 ἔκρινε
2985 1422 3077 1476 τὸν
3111 1419 3240 1476 λαὸν
3275 1422 3326 1476 ἐν
3367 1425 3696 1499 προφήταις.

2046 1509 2120 1562 Τὰ
2150 1507 2272 1583 περὶ
2313 1510 2487 1563 Ναθὰν
2517 1513 2615 1564 τοῦ
2646 1513 2952 1587 προφήτου,
2983 1509 3072 1565 xui
3103 1509 3379 1585 ἐγκώμιον
3421 1511 3497 1573 εἷς
3531 1508 3699 1568 Δαϐἱδ

2047 1596 2138 1650 τὸν
2190 1594 2436 1670 βασιλέα.
2496 1597 2583 1658 Ὠς
2637 1595 2904 1670 Σολομὼν
2958 1600 3022 1665 ήν
3063 1599 3250 1674 σοφὸς,
3284 1596 3428 1652 ἀλλὰ
3457 1597 3692 1674 φιλογύ-

2045 1705 2192 1746 ναιος
2252 1684 2472 1760 ὕστερον
2523 1685 2730 1760 γέγονε,
2783 1686 2871 1740 καὶ
2932 1685 3064 1758 μετὰ
3121 1687 3217 1753 τὴν
3272 1685 3437 1760 ὀργὴν
3471 1685 3688 1756 ἠλεήθη

2050 1776 2406 1847 μετανοήσας.
2474 1775 2549 1828 Τὰ
2605 1775 2728 1849 περὶ
2797 1770 3086 1849 Ἰεροϐοὰμ
3141 1775 3229 1828 καὶ
3289 1769 3529 1845 Ῥοϐοᾶμ
3585 1780 3691 1829 τῶν

284 1864 344 1915 et
388 1859 644 1915 Roboam
703 1861 1036 1917 schismalis
1095 1863 1456 1918 auctoribus.
1524 1867 1599 1916 De
1658 1861 1938 1932 propheta

2054 1867 2519 1938 σχισματοποιῶν.
2570 1863 2644 1917 Τὰ
2700 1863 2823 1938 περὶ
2875 1861 3064 1919 Ἠλίου
3112 1867 3208 1917 τοῦ
3263 1865 3570 1939 προφήτου,
3632 1864 3696 1917 τὸ

286 1948 428 2015 Elia,
465 1949 616 2020 ignis
650 1949 801 2004 mala
857 1967 1232 2007 consumens.
1288 1957 1363 2006 De
1426 1951 1623 2005 Elissa)
1661 1950 1942 2022 propheta

288 2043 345 2093 et
393 2037 682 2110 discipulo
732 2039 885 2106 Eliae,
948 2041 1119 2108 cujus
1177 2039 1352 2094 etiam
1414 2040 1623 2111 spiritu
1685 2039 1942 2109 repletus

287 2131 415 2182 est:
468 2128 539 2181 de
594 2127 925 2197 captivitate
985 2145 1188 2199 regum
1247 2129 1421 2182 Juda.
1476 2127 1636 2192 Quod
1701 2124 1944 2180 humilis

292 2215 466 2271 fuerit
499 2216 793 2282 Ezechias,
852 2224 908 2271 et
964 2218 1190 2272 amicus
1249 2216 1427 2284 Isaiae,
1487 2222 1542 2269 et
1575 2216 1802 2270 occisor
1831 2215 1942 2268 Ra-

292 2305 522 2377 psacis:
558 2306 711 2376 quod
746 2305 1008 2360 liberarit
1050 2307 1332 2360 Dominus
1379 2304 1650 2359 Israelem
1690 2320 1790 2374 per
1820 2320 1944 2358 ma-

287 2410 430 2449 num
466 2394 648 2460 Isaiae,
682 2395 978 2466 percussis
1010 2394 1220 2450 castris
1254 2393 1816 2466 Assyriorum.0uod
1849 2393 1942 2448 ,Ιο-

288 2481 406 2537 sias
467 2499 565 2538 rex
623 2483 798 2538 fuerit
872 2484 1098 2538 amicus
1173 2482 1462 2539 Jeremite.
1526 2487 1602 2536 De
1662 2481 1946 2554 propheta

285 2570 606 2640 Ezechiele,
642 2571 797 2642 quod
858 2573 913 2625 in
965 2573 1303 2644 captivitate
1356 2571 1703 2643 Babylonica
1751 2571 1942 2625 fuerit.

291 2664 365 2715 De
396 2659 627 2714 ossibus
657 2659 964 2714 duodecim
1012 2660 1444 2732 prophetarum.
1495 2659 1654 2724 Quod
1689 2659 1941 2713 Zoroba-

290 2747 382 2802 bel
413 2751 471 2802 et
499 2746 671 2802 Jesus
705 2747 860 2802 filius
888 2749 1132 2804 Josedec
1156 2749 1396 2803 domum
1435 2747 1660 2802 Domini
1695 2747 1942 2801 aedifica-

290 2836 494 2893 verint.
530 2837 827 2902 Quomodo
858 2837 1129 2892 Neemias
1164 2855 1364 2892 muros
1414 2836 1789 2908 Jerosolymaa
1821 2837 1942 2891 col—

290 2927 488 2998 lapsos
545 2926 807 2980 erexerit.
873 2931 946 2980 De
1023 2925 1242 2991 Enoch,
1322 2925 1422 2997 qui
1474 2925 1625 2979 inter
1695 2924 1944 2997 inclytos

290 3021 746 3070 connumeratur
774 3031 786 3068 :
822 3015 974 3086 quod
997 3015 1212 3085 Joseph
1238 3031 1369 3069 cum
1403 3014 1636 3087 inclytis
1667 3014 1867 3077 fuerit,
1887 3017 1945 3066 et

288 3102 571 3175 pupulum
603 3102 1051 3158 confortaverit:
1083 3104 1234 3174 quod
1269 3103 1400 3158 Seni
1434 3110 1491 3157 et
1513 3102 1651 3157 Seth
1684 3102 1942 3156 celebres

286 3192 438 3246 inter
480 3191 751 3247 homines
811 3193 1065 3246 fuerint:
1125 3193 1275 3262 quod
1336 3192 1533 3247 Simon
1589 3191 1744 3245 {ilius
1787 3190 1943 3245 Oniae

289 3281 704 3336 celeberrimus
737 3280 796 3333 in
828 3297 1060 3335 summo
1095 3280 1419 3335 sacerdotio
1453 3280 1666 3335 fuerit:
1696 3280 1846 3349 quod
1884 3280 1942 3333 in

291 3370 568 3426 omnibus
623 3369 757 3423 istis
814 3369 1145 3426 laudandus
1206 3371 1284 3425 sit
1363 3377 1511 3424 Deus
1574 3368 1938 3438 magnificus.

291 3461 502 3516 Contra
557 3459 979 3530 Samaritanos,
1035 3462 1131 3532 qui
1195 3461 1595 3524 Judaismum,
1653 3465 1709 3514 et
1741 3463 1943 3513 contra

292 3550 550 3614 Judaaos,
599 3549 697 3618 qui
759 3547 1054 3603 Christum
1113 3549 1533 3620 reprobarunt:
1590 3549 1661 3602 de
1706 3547 1941 3617 Epilogo

292 3639 474 3693 totius
507 3637 658 3692 libri.
694 3635 772 3691 De
803 3637 1061 3692 oratione
1103 3636 1268 3703 Jesu,
1303 3635 1403 3690 filii
1455 3635 1679 3701 Sirach,
1714 3634 1942 3705 nepotis

288 3727 454 3781 Jesu.

295 3850 449 3904 I36
485 3849 570 3904 DE
597 3849 859 3904 LIBERIS
898 3848 1063 3904 NOV!
1103 3849 1502 3904 TESTAMENTI
1537 3847 1660 3904 ,ΙΑΜ
1699 3846 1944 3902 DICERE

876 3921 1355 3976 INCIPIFNDUM.

455 4029 620 4083 Liber
648 4031 694 4082 Ι.
725 4027 1090 4098 Evangelia":
1118 4029 1416 4081 secundum
1445 4025 1781 4081 Matthzum.

370 4137 454 4189 47.
493 4137 607 4189 Hoc
661 4133 898 4187 nomine
951 4137 1190 4187 vocatur
1246 4133 1338 4186 hic
1398 4133 1547 4187 liber
1604 4131 1759 4202 quod
1819 4130 1944 4200 ipse

297 4223 601 4277 Mattheus
634 4220 960 4289 discipulus
989 4221 1214 4274 Domini
1246 4218 1623 4292 Evangelium
1669 4219 1776 4273 hoc
1806 4235 1943 4272 con-

297 4311 618 4384 scripserit.
670 4310 878 4365 Narrat
930 4317 1126 4366 antem
1186 4312 1257 4365 ab
1309 4311 1474 4366 initio
1505 4309 1941 4382 generationem

295 4401 612 4458 Salvatoris
644 4402 969 4455 secundum
1013 4417 1274 4469 carnem,
1305 4417 1374 4455 ex
1418 4401 1640 4456 semine
1689 4400 1940 4454 Davidis.

296 4495 662 4564 Quapropter
706 4497 763 4547 et
818 4492 1020 4547 abillo
1079 4493 1479 4564 genealogiam
1531 4493 1600 4546 ad
1648 4490 1940 4546 Christum

2051 1949 2154 2023 πῦρ
2224 1952 2286 2006 τὸ
2362 1957 2516 2006 καῖον
2568 1952 2635 2006 τὰ
2689 1953 2846 2008 κακά.
2918 1953 2991 2006 Τὰ
3064 1952 3188 2026 περὶ
3266 1949 3537 2006 Ἐλισσαιέ
3600 1956 3696 2006 τοῦ

2050 2042 2356 2118 προφήνου,
2405 2040 2494 2094 καὶ
2549 2046 2794 2114 μαθητοῦ
2840 2039 3048 2110 Ἡλίου,
3119 2040 3176 2101 ὃς
3243 2039 3547 2110 ἐνεπλήσθη
3609 2044 3706 2094 τοῦ

2051 2129 2354 2202 πνεύματος
2401 2129 2586 2186 αὐτοῦ.
2651 2130 2730 2187 Τὰ
2788 2131 2910 2198 περὶ
2967 2137 3068 2199 τῆς
3134 2127 3523 2204 αἰχμαλωσίας
3595 2133 3704 2183 τῶν

2057 2217 2325 2293 βασιλέων
2377 2215 2575 2273 Ἰούδα.
2630 2221 2715 2280 Ὡς
2763 2221 2830 2286 ἦν
2883 2218 3135 2288 Ἰεζεκίας
3187 2217 3583 2295 ταπεινόφρων,
3625 2217 3713 2272 καὶ

2051 2312 2148 2362 τοῦ
2195 2305 2420 2362 Ἡκαΐου
2470 2305 2648 2384 φίλος,
2697 2308 2786 2362 xui
2832 2311 2930 2362 τυῦ
2961 2305 3245 2380 Ῥαμψάκη
3279 2307 3591 2381 ἀναιρέτης.
3625 2307 3711 2367 Ὠς

2055 2395 2404 2472 ἐλυτρώσατο
2476 2396 2679 2468 Κύριος
2741 2397 2833 2451 τὸν
2894 2395 3114 2470 Ἰσραὴλ
3173 2394 3233 2449 ἐκ
3289 2395 3437 2470 χειρὶ
3469 2391 3711 2460 Ἡσαΐου,

2053 2485 2287 2555 πατάξας
2315 2485 2414 2552 τήν
2446 2480 2806 2558 παρεμϐολήν
2848 2489 2957 2539 τῶν
3010 2483 3329 2558 Ἀσσυρίων.
3379 2485 3469 2544 Ὡς
3501 2482 3707 2544 Ἰωσίας

2055 2576 2083 2629 ὁ
2136 2573 2390 2650 βασιλεὺς
2442 2575 2659 2650 ὑπῆρχε
2711 2573 2876 2651 φίλος
2925 2571 3214 2648 Ἱερεμίου.
3269 2572 3400 2646 Περὶ
3459 2569 3714 2639 Ἐζεκιήλ

2051 2668 2147 2717 τοῦ
2177 2665 2482 2740 προφήτου,
2532 2661 2614 2717 ὅτι
2651 2661 2701 2716 ἐν
2732 2666 2800 2735 τῇ
2833 2660 3200 2737 αἰχμαλωσίᾳ
3246 2663 3311 2729 ἦν
3360 2654 3706 2720 Βαϐυλῶνος.

2056 2753 2183 2826 Περὶ
2233 2751 2339 2807 τῶν
2388 2752 2552 2806 ὁτέων
2603 2749 2709 2804 τῶν
2759 2751 2829 2826 ιβ“
2880 2754 3193 2828 προφητῶν.
3253 2750 3342 2810 Ὡς
3392 2742 3699 2821 Ζοροϐάϐελ

2052 2841 2141 2896 καὶ
2197 2843 2400 2906 Ἰησοῦς
2443 2843 2470 2896 ὁ
2540 2845 2635 2894 τοῦ
2683 2837 2928 2896 Ἰωσεδὲκ
2975 2837 3339 2910 ᾠκοδόμησαν
3397 2837 3488 2890 τὸν
3552 2835 3698 2889 οἶκον

2054 2930 2274 3004 Κυρίου.
2324 2935 2407 2990 Ὡς
2460 2929 2688 3000 Νεεμίας
2739 2928 2993 3002 ἀνήγειρε
3027 2927 3094 2982 τὰ
3121 2927 3281 3001 τείχη
3341 2923 3701 2997 Ἰερουσαλὴμ

2049 3019 2118 3073 τὰ
2172 3018 2514 3076 πεπτωκότα.
2575 3018 2656 3073 Τὰ
2711 3017 2833 3090 περὶ
2896 3017 3097 3092 Ἑνὼχ,
3153 3015 3209 3076 ὃς
3278 3013 3417 3068 ἐστιν
3476 3012 3526 3066 έν
3583 3011 3700 3073 τοῖς

2052 3106 2286 3177 ἐνδόξοις
2318 3107 2404 3160 καὶ
2438 3108 2711 3182 στήριγμα
2742 3104 2896 3160 λαοῦ.
2933 3109 3054 3160 ’Ότι
3089 3107 3217 3177 Σὴμ
3268 3102 3356 3158 καὶ
3410 3102 3524 3170 Σὴθ
3557 3098 3704 3155 ἔνδο-

2054 3197 2132 3266 ξοι
2166 3195 2216 3250 ἐν
2253 3197 2580 3271 ἀνθρώποις.
2611 3197 2731 3251 Ὀτι
2766 3195 2950 3267 Σίμων
2981 3194 3156 3248 Ὀνίου
3193 3193 3308 3254 υἱὸς
3359 3188 3699 3261 ἐνδοξότατος

2055 3285 2105 3339 ἐν
2160 3285 2564 3359 ἀρχιερωσῦνῃ.
2611 3285 2732 3340 ’Ὁτι
2786 3282 2872 3337 ἐπὶ
2926 3289 3054 3336 πᾶσι
3095 3281 3310 3342 τούτοις
3345 3279 3588 3355 εὐλογεῖν
3620 3277 3702 3334 δεῖ

2049 3374 2140 3428 τὸν
2174 3373 2302 3428 Θεὸν
2342 3372 2735 3447 μεγαλουργὸν.
2791 3373 2938 3429 Κατὰ
2983 3371 3358 3445 Σαμαρειτῶν,
3406 3369 3702 3438 ἀθετησάν-

2051 3485 2157 3518 των
2185 3464 2275 3517 τὸν
2312 3460 2671 3533 Ἰουδαῖσμὸν,
2705 3463 2793 3516 xui
2826 3463 2963 3515 κασᾶ
2998 3457 3275 3517 Ἰουδαίων
3329 3457 3698 3528 ἀθετησάντων

2049 3553 2141 3607 τὸν
2193 3552 2438 3627 Χριστόν.
2497 3551 2622 3626 Περὶ
2681 3556 2776 3604 τοῦ
2827 3548 3087 3625 έπιλὸγου
3135 3555 3235 3618 τῆς
3272 3543 3467 3623 βίϐλου
3498 3546 3696 3614 πάσης.

2052 3642 2180 3716 Περὶ
2239 3644 2335 3710 τῆς
2393 3647 2704 3714 προσευχῆς
2766 3641 2946 3706 Ἰησοῦ
3005 3638 3124 3692 υἱοῦ
3198 3639 3412 3712 Σηράχ,
3475 3633 3699 3709 ἐγγόνου

2052 3732 2255 3800 Ἰησοῦ.

2050 3855 2380 3911 ΑΡΚΤΕΟΝ
2423 3858 2501 3907 ΔΕ
2536 3855 2653 3909 ΚΑΙ
2683 3854 3003 3979 ΤὲῗΒέξὶΩξἹ
3032 3856 3291 3909 ΚΑΙΝΗΣ
3347 3851 3697 3904 ΔΙΑΘΠΚΙΙΣ

2268 4025 2494 4087 Βιϐλίον
2527 4031 2604 4086 Α“.
2640 4031 2784 4084 Κατὰ
2813 4031 3081 4084 Ματθαῖον
3116 4025 3470 4104 Εὐαγγέλιον.

2125 4141 2207 4194 47.
2271 4136 2425 4191 Οὕτω
2467 4135 2711 4191 καλεῖται
2760 4137 2822 4190 τὸ
2875 4131 3114 4212 βιϐλίον,
3167 4131 3354 4201 ἐπειδὴ
3404 4133 3494 4187 καὶ
3543 4131 3704 4193 αὐτὸς

2052 4228 2322 4286 Ματθαῖος
2372 4225 2399 4278 ὁ
2453 4225 2700 4298 μαθητὴς
2744 4229 2842 4278 τοῦ
2891 4231 3088 4296 Κυριου
3133 4222 3431 4296 συνέγραψε
3483 4221 3546 4276 τὸ
3597 4221 3706 4275 Εῦ;

2050 4315 2300 4392 αγγέλιον
2354 4319 2535 4369 τοῦτο.
2617 4319 2892 4389 Διηγεῖται
2952 4311 3010 4368 δὲ
3057 4311 3107 4382 έξ
3174 4311 3353 4386 ἀρχῆς
3408 4313 3504 4378 τῆν
3564 4309 3700 4363 κατᾶ

2051 4404 2220 4474 σάρκα
2267 4402 2515 4478 γέννησιν
2563 4407 2660 4456 τοῦ
2713 4405 2970 4476 Σωτῆρος
3019 4402 3118 4469 τὴν
3170 4399 3229 4454 ὲκ
3272 4400 3580 4472 σπέρματος
3609 4397 3707 4450 τοῦ

2053 4488 2239 4548 Δαϐἶδ.
2293 4492 2386 4545 Διὸ
2442 4491 2530 4545 καὶ
2590 4491 2680 4543 ἀπ’
2737 4489 2902 4544 αὐτοῦ
2957 4492 3056 4558 τὴν
3087 4486 3431 4565 γενεαλογίαν
3486 4486 3706 4561 κατάγει

298 4598 482 4651 usque
512 4582 903 4652 quadraginta
923 4583 1154 4637 duabus
1179 4581 1654 4653 generationibus
1684 4580 1939 4634 deducit.

2054 4579 2157 4642 ἕως
2216 4578 2312 4635 τοῦ
2370 4583 2624 4654 Χριστοῦ,
2674 4578 2858 4653 γενεὰς
2923 4580 3034 4654 μβ“.
3098 4577 3346 4652 Περιέχει
3407 4573 3464 4629 δὲ
3508 4574 3597 4630 xui
3646 4573 3708 4628 τὸ

299 4674 572 4729 Continet
627 4673 802 4728 etiam
862 4673 1157 4744 baptisma
1205 4673 1452 4728 Joannis
1499 4677 1554 4725 et
1597 4671 1949 4725 tentationes

303 4779 449 4830 quas
493 4762 552 4816 in
611 4767 806 4815 monte
861 4761 1190 4818 Christusa
1248 4761 1478 4815 diabolo
1537 4759 1836 4826 sustinuit,
1892 4763 1950 4813 et

301 4852 469 4923 signa
495 4864 552 4905 et
586 4849 850 4920 prodigia
896 4866 1108 4922 magna
1158 4867 1191 4904 ει
1222 4849 1519 4905 Salvatore
1552 4850 1724 4916 facta,
1775 4847 1949 4903 disci-

305 4944 572 5012 puimum
615 4939 980 5005 electionem,
1037 4939 1296 5010 mysterii
1347 4939 1746 4994 traditionem.
1797 4943 1947 5000 Quo-

299 5034 473 5086 modo
504 5029 740 5084 tandem
768 5028 1018 5083 traditus
1042 5030 1119 5083 sit
1143 5029 1665 5095 Pilato,cruciﬁxus
1686 5044 1948 5098 corpore,

299 5135 634 5190 corpusque
690 5117 879 5189 ipsius
938 5119 1194 5188 positum
1247 5119 1300 5170 in
1339 5123 1757 5171 monumento:
1792 5116 1947 5185 quod

298 5208 517 5263 milites
547 5213 731 5262 vestes
762 5207 891 5276 ejus
933 5205 1261 5268 diviserint,
1292 5206 1419 5276 ipse
1468 5221 1601 5260 vero
1631 5222 1763 5259 cum
1796 5203 1952 5258 intra

296 5296 561 5351 triduum
611 5295 1049 5358 resurrexisset,
1113 5293 1414 5364 discipulis
1475 5292 1829 5364 praeceperit,
1891 5298 1953 5345 ut

301 5385 575 5439 docerent
605 5400 809 5438 omnes
841 5388 1066 5454 gentes,
1101 5388 1160 5436 et
1191 5381 1553 5452 baptizarent
1573 5398 1693 5445 eos,
1731 5380 1952 5451 pollici-

305 5481 398 5526 tus
451 5469 590 5536 illis,
641 5472 791 5540 quod
857 5471 1093 5526 futurus
1151 5475 1306 5525 esset
1360 5486 1493 5523 cum
1553 5469 1668 5524 illis
1727 5470 1953 5524 cunctis

300 5558 531 5628 diebus,
564 5575 752 5630 usque
781 5559 850 5612 ad
889 5559 1502 5614 consummnationem
1537 5557 1955 5628 saeculi.Signa

375 5720 490 5794 (30)
520 5719 822 5774 Mendum.

2064 4669 2343 4746 βάπτισμα
2392 4669 2661 4734 Ἰωάννου,
2719 4667 2809 4721 xui
2865 4667 2992 4730 τοὺς
3049 4667 3099 4721 ἐν
3153 4671 3234 4738 τῷ
3292 4660 3404 4740 ὄρει
3438 4664 3584 4737 παρά
3612 4666 3709 4716 τοῦ

2061 4755 2324 4814 διαϐόλου
2355 4757 2713 4831 πειρασμοὺς,
2745 4757 2834 4810 καὶ
2867 4761 3069 4831 σημεῖα
3115 4755 3204 4810 xui
3252 4756 3448 4829 τέρατα
3500 4751 3712 4829 μεγάλα

2056 4847 2316 4924 γενόμενα
2367 4846 2511 4920 παρὰ
2564 4850 2659 4900 τοῦ
2719 4852 3002 4917 Σωτῆρος,
3058 4846 3158 4914 τήν
3197 4865 3255 4898 τε
3310 4848 3417 4897 τῶν
3455 4844 3712 4915 μαθητῶν

2059 4935 2318 5009 ἐκλογήν,
2391 4934 2479 4988 καὶ
2555 4935 2653 5002 τήν
2729 4939 2826 4988 τοῦ
2883 4933 3184 5008 μυστηρίου
3245 4929 3560 5004 παράδοσινυ
3622 4929 3712 4983 xui

2058 5023 2359 5086 τέλοςδτι
2418 5019 2689 5099 παρεδόθη
2755 5022 3003 5094 Πιλάτῳ,
3077 5021 3166 5075 xui
3243 5019 3555 5093 ἐσταυρώθη
3630 5014 3710 5088 τῷ

2060 5116 2297 5186 σώματι,
2352 5113 2442 5166 καὶ
2501 5113 2563 5166 τὸ
2616 5112 2774 5183 σῶμα
2825 5111 2988 5165 αὐτοῦ
3039 5110 3193 5179 ἐτέθη
3248 5109 3298 5163 έν
3328 5113 3408 5178 τῷ
3439 5105 3710 5179 μνημείῳ·

2059 5201 2149 5258 xui
2181 5204 2232 5256 oi
2266 5202 2361 5274 μὲν
2404 5198 2727 5276 στρατιῶται
2761 5197 3133 5271 διεμερίσαντο
3167 5199 3235 5251 τὰ
3281 5196 3474 5268 ἱμάτια
3523 5194 3710 5249 αὐτοῦ·

2062 5291 2220 5352 αὐτὸς
2296 5288 2371 5360 δὲ,
2453 5289 2503 5344 έν
2580 5290 2870 5364 τριημέρῳ
2929 5287 3175 5354 ἀναστὰς,
3237 5283 3539 5339 ἐνετείλατο
3596 5290 3714 5344 τοῖς

2066 5387 2332 5454 μαθηταῖς
2390 5379 2707 5452 μαθητεύειν
2767 5378 2940 5432 πάντα
2987 5377 3051 5430 τὰ
3081 5375 3228 5444 ἔθνη,
3287 5374 3376 5428 xui
3440 5373 3714 5449 βαπτίζειν

2062 5469 2276 5541 αὐτοὺς,
2329 5467 2793 5544 ἐπαγγειλάμενος
2853 5467 2985 5521 εἶναι
3046 5466 3159 5537 μετ’
3217 5462 3392 5518 αὐτῶν
3421 5463 3593 5524 πάσας
3625 5462 3718 5523 τὰς

2063 5557 2273 5633 ἡμέρας
2329 5557 2433 5619 ἓως
2493 5554 2799 5617 συντελείας
2852 5559 2949 5608 τοῦ
3010 5553 3232 5615 αἰῶνος.
3292 5552 3408 5608 Εἷσῖ
3471 5550 3529 5606 δὶ
3585 5553 3720 5624 ἅπερ
