4170 6382
353 452 475 512 385

355 576 629 651 ἐξηγεῖται
704 580 977 638 Ματθαῖος

357 670 596 741 Χριστοῦ
653 671 840 721 ταῦτα·
904 667 965 722 Ὁ
1016 663 1214 737 λεπρὸς
1263 660 1611 735 ἐκαθαρίσθη·
1647 660 1675 712 6
1724 663 1852 718 παῖς
1898 657 2017 710 ἐκα-

355 756 661 830 τοντάρχου
724 755 798 825 μὴ
860 753 1047 828 παρὼν
1114 751 1258 820 ἰάθη,
1314 749 1478 821 μόνον
1527 748 1772 809 εἰπόντος
1832 747 2015 800 αὐτοῦ’

356 846 390 912 ἡ
451 842 685 918 πενθερᾶ
746 843 953 914 Πέτρου
1015 839 1356 914 πυρέσσουσα
1421 837 1565 905 ἰάθη·
1632 836 1789 908 ὀψίας
1867 856 2017 911 γενο-

362 934 564 1004 μένης,
650 933 1025 1005 προσήνεγκαν
1108 927 1254 999 αὐτῷ
1332 924 1851 999 δαιμονιζομένους,
1928 924 2015 977 κα)

356 1024 540 1081 κακῶς
572 1018 819 1094 ἔχοντας·
859 1017 1045 1072 καὶτὰ
1097 1017 1190 1088 μὲν
1242 1014 1518 1088 πνεύματα
1577 1010 1793 1084 ἐξέϐαλε
1848 1008 2017 1088 λόγῳ,

357 1108 485 1170 τοὺς
533 1105 590 1163 δέ
637 1106 843 1168 ἄλλους
895 1106 1060 1161 πάλιν
1121 1103 1468 1178 ἐθεράπευσεν
1528 1103 1724 1165 οὕτως.
1766 1100 2021 1157 Γενεαλο-

361 1200 537 1272 γεῖται
616 1193 865 1266 Χριστός’
922 1189 1318 1266 εὐαγγελίζεται
1376 1193 1598 1268 Ἰωσήφο
1658 1193 2024 1265 προσκυνοῦσι

374 1280 560 1357 μάγοιο
620 1283 943 1357 κατέρχεται
1004 1280 1079 1342 εἲς
1140 1278 1413 1355 Α’ίγυπτον
1447 1282 1474 1332 ὁ
1519 1279 1765 1354 Χριστόςο
1816 1278 2027 1353 ἀναιρεῖ

370 1370 437 1424 τά
466 1367 654 1424 παιδία
680 1367 959 1443 Ἡρώδης,
994 1368 1083 1422 καὶ
1139 1367 1387 1439 τελευτᾷ,
1438 1368 1706 1431 Ἀνελθὼν
1765 1368 1867 1422 ἀπὸ
1924 1369 2022 1434 τῆς

369 1457 646 1533 Αἰγύπτου
705 1462 947 1511 κατοικεῖ
998 1455 1073 1517 εἷς
1134 1456 1373 1531 Ναζαρέθ
1404 1456 1431 1509 ὁ
1478 1456 1726 1531 Χριστός.
1764 1458 2021 1531 Ἔρχεται

371 1547 632 1615 Ἰωάννης
667 1544 964 1619 βαπτίζων,
1007 1545 1397 1618 ἀποστρέφεται
1448 1544 1574 1605 τοὺς
1626 1542 2027 1604 Σαδδουκαίους

366 1635 459 1688 καὶ
527 1634 655 1695 τοὺς
737 1634 1102 1710 Φαρισαίους.
1164 1634 1484 1701 Βαπτίζεται
1542 1635 1569 1687 ὁ
1626 1635 1886 1710 Χριστὸς,
1936 1633 2026 1687 καὶ

368 1723 677 1798 πειράζεται
734 1724 837 1777 ὑπὸ
885 1728 982 1777 τοῦ
1034 1724 1264 1780 Σατανά.
1301 1722 1429 1776 Εἶτα
1481 1721 1647 1791 ἦλθεν
1704 1723 1779 1784 εἷς
1813 1726 2026 1797 Καπερ-

366 1812 564 1884 ναοὺμ,
614 1808 1014 1887 παραδοθέντος
1070 1816 1166 1865 τοῦ
1199 1813 1469 1867 Ἰωάννου.
1508 1811 1672 1866 Καλεῖ
1726 1812 1851 1873 τοὺς
1903 1812 2027 1887 περὶ

370 1900 573 1973 Πέτρον
631 1902 721 1955 καὶ
782 1896 1069 1958 Ἰάκωϐον.
1129 1899 1419 1971 Θεραπεύει
1476 1899 1744 1970 πολλοὺς,
1798 1904 2025 1971 κάθηται
2059 1937 2106 2002 Β

373 1989 449 2050 εἷς
498 1990 561 2043 τὸ
608 1984 757 2064 ὅρος,
790 1988 880 2042 καὶ
937 1986 1084 2063 λέγει
1131 1990 1256 2050 τοὺς
1312 1989 1710 2063 μακαρισμοὺς,
1762 1990 1851 2043 καὶ
1900 1990 2026 2044 έπά-

377 2100 483 2153 γει·
527 2100 546 2128 4
578 2079 760 2150 Ὑμεῖς
790 2078 905 2133 ἐστε
924 2078 986 2132 τὸ
1019 2077 1170 2146 ἅλας,
1207 2104 1233 2129 ››
1267 2077 1377 2148 καῖ,
1416 2102 1443 2129 ‹‹
1475 2079 1630 2151 ὑμεῖς
1663 2079 1779 2134 ἐστε
1807 2080 1866 2134 τὸ
1915 2086 2028 2156 φῶς

372 2174 471 2223 τοῦ
520 2167 748 2239 κόσμου.
786 2192 814 2218 ››
849 2173 1101 2242 Παραινεὶ
1150 2166 1333 2228 αὐτοῖς
1392 2168 1516 2238 περὶ
1553 2168 1694 2243 βίου.
1726 2171 1858 2225 Εἶτα
1915 2169 2029 2223 ἐπι-

375 2255 536 2311 τείνει
592 2256 685 2317 τάς
747 2255 797 2309 ἐν
857 2261 936 2326 τῷ
980 2255 1132 2328 νόμῳ
1189 2254 1434 2325 ἐντολὰς,
1469 2253 1592 2319 ἔνθα
1621 2258 1708 2311 καὶ
1758 2259 1882 2333 περὶ
1936 2262 2030 2312 τοῦ

376 2342 552 2414 δεξιοῦ
620 2343 909 2421 ὀφθαλμοῦ
968 2344 1140 2418 λέγει,
1193 2346 1282 2398 καὶ
1358 2345 1481 2418 περὶ
1558 2343 1882 2415 κενοδοξίας,
1943 2345 2030 2400 καὶ

376 2433 499 2507 περὶ
566 2432 1036 2509 φιλοχρηματίας,
1092 2433 1181 2486 καὶ
1246 2438 1343 2487 τοῦ
1426 2434 1501 2505 μὴ
1580 2440 1843 2507 μεριμνᾷν
1910 2435 2031 2510 περὶ

374 2528 605 2599 τροφῆς,
636 2519 725 2574 καί
772 2525 870 2575 τοῦ
922 2523 998 2592 μὴ
1049 2521 1247 2596 κρίνειν
1285 2521 1376 2575 τὸν
1423 2520 1680 2588 πλησίον.
1718 2524 1848 2577 Εἶτά
1877 2545 2029 2601 φησι·

378 2636 404 2662 ι(
437 2612 525 2679 Mr,
582 2609 789 2685 βάλητε
829 2610 955 2670 τοὺς
1007 2609 1341 2685 μαργαρίτας
1392 2608 1693 2684 ἔμπροσθεν
1745 2617 1852 2667 τῶν
1905 2612 2030 2687 χοί-

378 2719 505 2774 ρων.
540 2725 565 2749 ››
602 2700 893 2774 Προτροπὴ
929 2698 1051 2769 περὶ
1091 2703 1186 2752 τοῦ
1234 2698 1517 2762 αἰτεῖσθαι·
1570 2696 1859 2773 παραϐολὴ
1910 2702 2032 2776 περὶ

376 2793 473 2842 τοῦ
523 2787 708 2841 αὐτοῦ’
762 2788 885 2861 περὶ
931 2795 1032 2856 τῆς
1082 2794 1268 2856 στενῆς
1317 2786 1467 2860 ὁδοῦ,
1519 2790 1605 2843 καὶ
1660 2790 1783 2863 περὶ
1832 2788 2031 2863 ψευδο-

379 2880 701 2953 προφητῶν,
735 2877 824 2929 καὶ
871 2880 980 2929 τῶν
1030 2875 1413 2953 φυλασσόντων
1453 2877 1547 2939 τὰς
1594 2876 1837 2939 ἐντολάς.
1872 2880 2037 2941 Ἔνθα

379 2969 414 3034 ἡ
475 2960 766 3038 παραϐολὴ
821 2971 921 3033 τῆς
983 2964 1069 3019 ἐπὶ
1135 2968 1233 3034 τήν
1300 2964 1495 3041 πέτραν
1574 2964 2034 3038 οίκοδομηθείσης

382 3054 572 3116 οἰκίας.
638 3055 973 3129 Κατέρχεται
1034 3054 1139 3108 ἀπὸ
1193 3059 1295 3108 τοῦ
1366 3050 1551 3128 ὅρους,
1613 3054 1701 3109 καὶ
1759 3056 2038 3129 θεραπεύει

383 3145 468 3198 τὸν
500 3143 724 3218 λεπρὸν,
758 3143 847 3197 καὶ
897 3144 988 3197 τὸν
1029 3148 1127 3197 τοῦ
1171 3143 1593 3219 ἑκατοντάρχου,
1626 3146 1714 3198 καὶ
1761 3146 1859 3213 τήν
1913 3166 2038 3199 πεν-

382 3234 533 3308 θεράν
587 3234 817 3305 Πέτρου,
851 3232 942 3286 καὶ
1002 3229 1206 3294 ἄλλους
1268 3231 1532 3295 πολλούς.
1577 3239 1630 3286 Ὁ
1687 3234 2039 3307 γραμματεὺς

377 3321 649 3376 κωλύεται
699 3320 1094 3391 ἀκολουθῆσαι,
1143 3320 1232 3375 καὶ
1287 3322 1315 3375 6
1369 3322 1615 3393 μαθητὴς
1664 3322 2036 3399 ἀναγκάζεται.
2069 3298 2113 3365 C

382 3410 543 3465 Παύει
584 3411 674 3465 τὸν
736 3414 990 3485 χειμῶνα
1048 3416 1149 3479 τῆς
1208 3408 1504 3481 θαλάσσης.
1556 3413 1619 3465 Οἱ
1667 3408 1917 3486 δαίμονες
1968 3414 2042 3475 εἰς

380 3499 506 3560 τοὺς
553 3498 781 3574 χοίρους
837 3498 1220 3571 ἐμπίπτουσιν.
1255 3503 1454 3563 Ἦλθεν
1490 3500 1518 3553 6
1550 3499 1758 3569 Ἰησοῦς
1818 3504 1893 3563 εἱς
1943 3502 2041 3569 τὴν

385 3586 523 3641 ἰδίαν
586 3586 771 3642 πόλιν⁸
821 3587 1102 3661 θεραπεύει
1154 3590 1246 3642 τὸν
1292 3587 1680 3664 παραλυτικὸν
1731 3587 1890 3643 καλεῖ
1950 3591 2040 3644 τὸν

386 3679 679 3731 Ματθαῖον.
718 3675 1073 3750 Ἐγκαλοῦσιν
1108 3677 1159 3730 οἱ
1206 3682 1520 3749 Φαρισαῖοι,
1553 3677 1635 3732 ὅτι
1688 3680 1821 3749 μετὰ
1868 3678 2043 3733 τελω-

384 3770 490 3819 νῶν
526 3764 711 3834 ἐσθίει,
742 3765 831 3819 καὶ
883 3766 934 3819 οἱ
994 3766 1231 3838 μαθηταὶ
1276 3765 1552 3832 Ἰωάννου,
1586 3765 1666 3820 ὅτι
1710 3767 1772 3821 οὐ
1819 3768 2045 3837 νηστεύ-

390 3875 536 3907 ουσιν
572 3855 622 3908 οἱ
658 3854 893 3925 μαθηταὶ
935 3854 1120 3911 αὐτοῦ.
1156 3855 1513 3930 Παραγίνεται
1546 3857 1572 3909 6
1613 3853 1800 3931 ἅρχων
1853 3855 1941 3912 διὰ
1982 3858 2046 3912 τὸ

390 3942 700 4014 θυγάτριον,
751 3942 839 3996 καὶ
899 3943 1144 4012 ἀνίστησι
1202 3945 1301 4012 τὴν
1361 3944 1551 4021 κόρην·
1607 3944 1694 3999 καὶ
1761 3945 1955 4017 μεταξὺ
2009 3949 2044 4016 ἡ

388 4029 765 4105 αἱμορροοῦσα
795 4032 959 4088 ἰᾶται.
994 4032 1097 4086 Δύο
1126 4030 1325 4107 τυφλοῖ
1364 4032 1769 4107 θεραπεύονται,
1801 4034 1891 4088 καὶ
1936 4056 2045 4089 κω-

389 4117 489 4193 φὸς
539 4116 1012 4192 δαιμονιζόμενος.
1057 4122 1305 4196 Περιάγει
1355 4123 1450 4184 τὰς
1500 4124 1690 4194 κώμας
1742 4124 1770 4177 6
1818 4122 2047 4193 Ἰησοῦς.

390 4204 749 4261 Ἀποστέλλει
800 4208 924 4271 τοὺς
977 4211 1220 4282 μαθητάς
1263 4213 1513 4285 κηρῦξαι,
1566 4211 1655 4265 καὶ
1719 4211 1905 4267 πολλά
1954 4212 2048 4267 αὗ-

386 4300 504 4355 τοῖς
562 4292 893 4371 διαλέγεται.
946 4298 1307 4353 Ἀποστέλλει
1365 4300 1500 4373 πρὸς
1551 4299 1710 4354 αὐτὸν
1780 4298 1875 4355 δύο
1939 4305 2045 4356 τῶν

392 4385 650 4455 μαθητῶν
730 4386 1021 4457 Ἰωάννης,
1098 4387 1529 4462 ἐγκωμιάζεται.
1613 4388 1862 4465 Έγκαλεῖ
1930 4395 2049 4452 τοῖς

388 4466 588 4546 ὄχλοις
634 4475 756 4549 περί
809 4476 1059 4531 Ἰωάννου
1110 4478 1136 4530 ὁ
1186 4476 1438 4550 Χριστός.
1482 4476 1757 4547 Ὀνειδίζει
1814 4480 1906 4540 τὰς
1955 4479 2052 4533 πό-

391 4558 525 4622 λεις.
578 4562 1028 4637 Ἑξομολογεῖται
1072 4569 1150 4636 τῷ
1198 4566 1385 4637 Πατρί.
1431 4564 1597 4622 Καλεῖ
1659 4566 1786 4628 τοὺς
1851 4589 2048 4645 πεφορ-

1477 437 1853 499 SYNOPSIS
1899 435 2363 497 SCRIPTURIE
2405 437 2704 496 SACBE.

3655 438 3775 499 386

1062 571 1337 649 γεγονέναι
1417 573 1618 641 σημεῖα
1700 567 1845 636 παρά
1917 569 2014 619 τοῦ

2149 582 2280 635 vero,
2314 583 2441 637 quae
2472 586 2505 621 a
2551 567 2778 623 Christo
2827 570 2979 623 facta
3027 568 3334 623 Matthaus
3386 575 3604 634 narrat,
3640 574 3785 626 sunt

2132 656 2264 710 ista.
2318 657 2608 727 Leprosus
2667 657 2988 713 mundatus
3044 662 3153 711 est.
3210 659 3358 712 Puer
3412 659 3785 715 Centurionis

2130 745 2304 798 etiam
2336 745 2827 815 absens,jubente
2858 752 3085 800 tantum
3118 745 3367 815 Christo,
3401 752 3641 801 curatus
3672 752 3781 801 est.

2128 837 2341 888 Socrus
2372 832 2525 888 Petri
2572 834 2909 889 febricitans
2940 839 3147 889 sanata
3192 842 3299 889 est.
3338 835 3582 905 Vespere
3633 836 3783 891 facto

2132 922 2472 977 obtulerunt
2527 923 2579 977 ei
2638 924 3027 979 daemoniacos
3085 930 3143 978 et
3191 925 3343 979 male
3400 923 3701 991 habentes,
3730 928 3789 979 et

2134 1011 2377 1081 spiritus
2431 1012 2600 1081 ejecit
2658 1012 2849 1081 verbo,
2902 1012 3047 1068 alios
3104 1028 3337 1083 quoque
3396 1013 3621 1068 curavit
3675 1014 3786 1069 hoc

2137 1102 2328 1154 modo.
2397 1100 2610 1155 Christi
2678 1101 2973 1169 generatio
3041 1101 3393 1156 describitur
3461 1104 3597 1173 (cap.
3670 1102 3711 1173 ι)
3775 1118 3789 1156 :

2137 1190 2355 1243 bonum
2416 1190 2689 1243 nuntium
2752 1191 2976 1261 accepit
3030 1190 3293 1262 Joseph:
3339 1191 3490 1262 Magi
3548 1191 3795 1245 adorant

2138 1283 2275 1349 (cap.
2331 1278 2433 1349 n):
2488 1278 2791 1332 descendit
2837 1278 3103 1333 Christus
3151 1280 3213 1334 in
3268 1278 3580 1350 [Egyptum
3635 1296 3648 1333 :
3698 1278 3792 1333 In-

2138 1368 2326 1421 fantes
2386 1368 2598 1422 occidit
2654 1368 2910 1423 Herodes
2968 1372 3025 1423 et
3082 1367 3349 1423 moritur.
3394 1368 3663 1423 Christus
3724 1384 3793 1423 ex

2136 1457 2376 1526 Egypto
2410 1472 2676 1511 reversus
2726 1457 2952 1511 habitat
2995 1456 3296 1511 Nazareth.
3328 1456 3503 1511 Venit
3533 1457 3791 1513 Joannes

2139 1544 2441 1616 baptizans
2497 1548 2652 1616 (cap.
2713 1546 2796 1617 ιιι)
2856 1563 2869 1600 :
2930 1552 3233 1601 aversatur
3286 1546 3673 1614 Sadduczcos,
3735 1550 3793 1600 et

2138 1633 2479 1689 Pbariszeos.
2532 1634 2867 1705 Baptizatur
2913 1635 3199 1701 Christus,
3232 1640 3289 1689 et
3318 1640 3581 1689 tentatur
3610 1651 3644 1689 a
3689 1640 3790 1689 Sa-

2139 1728 2274 1776 tana
2307 1723 2446 1792 (cap.
2479 1740 2536 1777 IV
2569 1739 2581 1778 ε
2616 1729 2816 1794 postea
2847 1740 2981 1778 cum
3031 1724 3282 1778 traditus
3312 1728 3469 1778 esset
3514 1724 3795 1794 Joannes,

2139 1812 2295 1866 venit
2338 1812 2726 1883 Capernaum.
2760 1811 2939 1867 Vocat
2986 1813 3221 1868 Petrum
3252 1816 3310 1867 et
3347 1812 3627 1868 Jacobum
3661 1830 3795 1868 cum

2141 1905 2339 1955 fratre.
2392 1903 2562 1955 Curat
2611 1900 2848 1970 multos,
2902 1903 3067 1955 sedet
3116 1901 3176 1954 in
3232 1907 3427 1955 monte
3457 1902 3596 1972 (cap.
3629 1903 3707 1973 v),
3743 1907 3801 1957 et

2141 1989 2403 2059 loquitur
2434 1991 2503 2044 de
2548 1990 3035 2052 beatitudinibus,
3071 2008 3135 2044 ac
3167 1991 3366 2045 subdit
3404 2008 3416 2044 :
3448 2015 3473 2039 ‹‹
3511 1991 3624 2046 Vos
3655 1991 3801 2047 estis

2141 2077 2248 2143 sa],
2284 2083 2337 2131 et
2375 2094 2385 2131 :
2423 2101 2449 2126 «
2481 2079 2598 2132 Vos
2631 2080 2771 2133 estis
2803 2077 2901 2132 lux
2935 2080 3139 2132 mundi
3166 2080 3269 2143 5’,»
3304 2079 3567 2134 hortatur
3597 2096 3696 2135 eos
3727 2081 3799 2135 de

2141 2165 2270 2220 vitae
2299 2166 2689 2221 institutione.
2729 2167 2943 2222 Deinde
2992 2173 3277 2238 praecepta
3326 2167 3471 2239 legis
3520 2168 3795 2235 intendit,

2143 2254 2241 2308 ubi
2276 2259 2332 2309 et
2380 2256 2450 2310 de
2476 2255 2712 2309 dextero
2761 2255 2928 2310 oculo
2957 2256 3118 2322 dicit,
3152 2260 3208 2310 et
3257 2257 3327 2310 de
3354 2257 3551 2312 studio
3601 2257 3796 2313 inanis

2143 2344 2337 2415 gloriae
2387 2344 2535 2414 (cap.
2588 2344 2686 2415 v1),
2738 2349 2794 2399 et
2840 2345 2912 2398 de
2961 2361 3159 2399 amore
3209 2344 3487 2415 pecunia,
3521 2347 3798 2417 quodque

2145 2434 2415 2504 ponenda
2465 2433 2536 2487 sil
2570 2432 2860 2487 alimonia:
2909 2431 3267 2501 sollicitudo,
3302 2449 3406 2487 nec
3452 2450 3580 2489 esse
3630 2436 3801 2491 nobis

2136 2522 2528 2593 judicandum
2600 2522 2928 2592 proximum
2984 2522 3125 2594 (cap.
3188 2522 3310 2591 v11).
3376 2523 3589 2577 Deinde
3648 2524 3729 2577 ait
3786 2539 3799 2576 :

2150 2633 2170 2659 ι
2206 2610 2287 2665 Ne
2320 2609 2635 2680 projiciatis
2668 2610 3016 2682 margaritas
3047 2616 3179 2665 ante
3209 2627 3414 2680 porcos
3443 2611 3540 2663 ".n
3578 2611 3800 2665 Exhor-

2143 2698 2288 2754 tatio
2320 2699 2390 2753 ad
2425 2699 2739 2769 petendum
2776 2716 2789 2753 :
2825 2700 3026 2753 eadem
3058 2700 3129 2753 de
3161 2715 3221 2753 re
3252 2698 3530 2769 parabola
3564 2724 3577 2753 :
3610 2701 3681 2754 de
3712 2700 3804 2756 via

2144 2792 2394 2858 angusta
2428 2804 2441 2851 ;
2475 2788 2545 2842 de
2594 2786 3120 2858 pseudoprophetis
3156 2805 3168 2841 :
3218 2788 3289 2842 de
3333 2788 3800 2844 custodientibus

2146 2881 2450 2949 praecepta.
2510 2877 2656 2931 Hinc
2717 2876 2989 2946 parabola
3066 2876 3276 2931 domus
3321 2892 3502 2946 supra
3571 2883 3795 2949 petram

2146 2965 2457 3020 aedificatae.
2491 2964 2801 3020 Descendit
2831 2966 2901 3019 de
2933 2970 3129 3019 monte
3177 2966 3328 3036 (cap.
3359 2966 3504 3037 vru),
3537 2970 3594 3021 et
3634 2970 3802 3022 curat

2148 3054 2531 3125 leprosum,et
2564 3070 2807 3124 puerum
2842 3053 3237 3121 Centurionis,
3263 3070 3327 3108 ac
3359 3070 3589 3109 socrum
3627 3055 3804 3124 Petri,

2149 3150 2205 3200 et
2236 3144 2453 3200 multos
2485 3145 2650 3201 alios.
2685 3146 2888 3201 Scriba
2920 3146 3263 3217 prohibetur
3316 3162 3387 3200 ne
3414 3152 3719 3216 sequatur,
3754 3151 3812 3201 et

2151 3235 2480 3306 discipulus
2529 3237 2599 3290 ad
2648 3237 3015 3307 sequendum
3067 3236 3343 3307 adigitur.
3378 3240 3810 3306 Tempestatem

2153 3324 2333 3379 maris
2392 3325 2574 3379 sedat.
2637 3324 2941 3379 Daemones
3014 3325 3299 3380 invadunt
3356 3340 3583 3395 porcos.
3643 3323 3818 3379 Venit

2151 3414 2323 3468 Jesus
2375 3412 2433 3466 in
2465 3430 2635 3467 suam
2685 3413 2978 3468 civitatem
3028 3413 3301 3484 (cap.1x).
3347 3412 3527 3468 Curat
3578 3412 3811 3484 paraly-

2153 3502 2338 3557 ticum
2373 3518 2384 3556 :
2420 3507 2589 3557 vocat
2622 3501 2961 3557 Matthaaum
2988 3518 3002 3556 :
3036 3508 3320 3557 accusant
3349 3518 3480 3557 eum
3511 3500 3808 3569 Pharisaei,

2154 3591 2309 3662 quod
2341 3606 2470 3646 cum
2504 3590 2840 3647 Publiconis
2875 3591 3220 3646 manducet:
3254 3597 3310 3646 et
3341 3589 3813 3662 discipuliJoan-

2155 3680 2269 3747 nis,
2303 3684 2455 3750 quod
2491 3679 2766 3750 discipuli
2818 3681 2945 3751 ejus
2997 3697 3110 3734 non
3133 3680 3427 3750 jejunent.
3476 3679 3712 3734 Accedit
3742 3681 3814 3735 ad

2155 3784 2287 3822 eum
2321 3768 2592 3838 princeps
2636 3768 2955 3839 Synagogae
3009 3772 3243 3839 propter
3290 3767 3557 3832 ﬁliolam,
3592 3773 3650 3822 et
3696 3768 3821 3838 ipse

2156 3855 2409 3928 puellam
2463 3861 2753 3911 mortuam
2804 3857 3018 3911 excitat
3065 3876 3075 3905 :
3130 3858 3353 3910 interea
3401 3860 3648 3911 sanatur
3698 3856 3817 3911 hie-

2160 3961 2485 3999 morrousa.
2516 3944 2812 3999 Curantur
2839 3945 2956 3999 duo
2985 3943 3146 4007 caeci,
3169 3948 3227 3998 et
3257 3948 3459 3998 mutus
3490 3944 3812 3998 daemonia-

2159 4048 2282 4088 cus.
2317 4032 2490 4088 Vicos
2540 4033 2748 4087 circuit
2774 4032 2971 4087 Jesus.
3003 4032 3184 4087 Mittit
3232 4031 3557 4103 discipulos
3607 4032 3814 4103 praedi-

2158 4127 2353 4176 catum
2381 4125 2521 4191 (cap.
2556 4121 2633 4191 χ),
2667 4127 2724 4175 et
2754 4122 2824 4175 de
2864 4121 3068 4176 multis
3103 4123 3174 4176 ad
3208 4137 3307 4177 eos
3348 4120 3604 4177 disserit.
3641 4121 3813 4176 Mittit

2158 4210 2227 4265 ad
2259 4226 2393 4263 eum
2426 4209 2682 4264 Joannes
2712 4210 2860 4264 duos
2890 4226 2959 4263 ex
2989 4210 3293 4280 discipulis
3323 4210 3587 4281 suis,qui
3617 4211 3815 4265 etlau-

2158 4299 2333 4353 datur
2368 4300 2512 4369 (cap.
2536 4298 2636 4367 χι).
2670 4297 3016 4368 Expostulat
3066 4298 3334 4353 Christus.
3357 4314 3491 4353 cum
3527 4298 3716 4353 turbis
3747 4299 3821 4355 de

2156 4388 2400 4443 Joanne.
2462 4386 2785 4457 Exprobrat
2840 4385 3193 4441 civitatibus.
3256 4385 3581 4441 Conﬁtetur
3638 4387 3818 4441 Patri.

2157 4476 2338 4531 Vocat
2369 4476 2441 4531 ad
2474 4492 2536 4529 se
2567 4480 2858 4529 oneratos.
2893 4474 3008 4528 lter
3039 4474 3176 4529 facit
3209 4490 3309 4544 per
3356 4479 3487 4529 sata
3520 4478 3660 4545 (cap.
3695 4475 3820 4547 xu).

2157 4564 2333 4620 Curat
2362 4581 2495 4619 eum
2528 4564 2629 4634 qui
2680 4580 2921 4618 manum
2955 4563 3178 4618 aridam
3230 4562 3500 4633 habebat,
3531 4563 3718 4619 Judaei
3751 4564 3823 4618 de

388 4650 701 4721 τισμένους.
762 4648 1031 4707 Διαϐαίνει
1091 4651 1180 4707 διά
1234 4658 1342 4708 τῶν
1397 4655 1704 4730 σπορίμων.
1765 4657 2033 4731 Θεραπεύε

2164 4654 2479 4711 occidendo
2527 4670 2593 4708 eo
2640 4655 2996 4709 consultant.
3040 4652 3417 4708 Secedeutem
3468 4651 3606 4707 inde
3650 4653 3827 4707 turba

389 4738 480 4790 τὸν
534 4740 633 4807 τήν
686 4740 849 4815 ξηράν
902 4738 1104 4816 ἔχοντα
1156 4747 1335 4816 χεῖρα.
1373 4742 1469 4796 Καὶ
1526 4743 1873 4818 βουλεύονται
1926 4746 2055 4801 Ἰου-

395 4822 539 4879 δαῖοι
598 4826 807 4883 ἀνελεῖν
880 4829 1060 4885 αὐτόν.
1123 4832 1575 4906 Ἀναχωρήσαντι
1653 4831 1873 4896 ἐκεῖθεν,
1924 4834 2056 4889 ἀκο-

396 4911 585 4978 λουθεῖ
614 4918 642 4970 6
674 4913 871 4991 ὄχλος,
903 4919 991 4973 καὶ
1042 4918 1410 4995 θεραπεύεται.
1444 4920 1677 4992 Ὁμοίως
1726 4922 1815 4975 καὶ
1866 4924 1894 4977 ὁ
1936 4920 2058 4977 δαι-

402 5003 762 5076 μονιζόμενος
825 5007 1030 5085 τυφλὸς
1104 5008 1194 5063 καὶ
1254 5008 1460 5086 κωφός.
1513 5010 1643 5064 Τότε
1710 5009 1956 5086 λέγουσιν
2007 5012 2058 5066 οἱ

354 5138 359 5142 .
398 5089 674 5147 Ἰουδαῖον
709 5119 735 5145 ‹‹
781 5096 864 5149 Ἐν
914 5092 1243 5166 Βεελζεϐοὺλ
1296 5093 1552 5153 ἐκϐάλλει
1603 5098 1668 5152 τὰ
1719 5095 1993 5171 δαιμόνια.
2028 5124 2057 5153 ››

402 5179 531 5234 Εἶτα
581 5188 809 5253 σημεῖον
861 5185 1125 5240 αἰτοῦσιν
1170 5188 1197 5239 6
1254 5183 1310 5240 δὶ
1358 5182 1527 5240 ἔδωκε
1574 5187 1637 5241 τὸ
1685 5188 1840 5242 Ἰωνᾶ
1912 5195 2061 5263 Προ-

403 5273 568 5337 εῖπεν,
648 5269 729 5325 ὅτι
818 5280 1087 5329 Νινευῖται
1167 5279 1578 5351 κατακρινοῦσιν
1664 5275 1881 5339 αὐτούς.
1931 5278 2062 5333 Τότε

405 5353 569 5431 λέγει·
634 5384 660 5410 ‹‹
722 5362 885 5417 ’Όταν
945 5362 1131 5436 ἐξέλθῃ
1188 5363 1249 5417 τὸ
1307 5363 1613 5436 ἀκάθαρτον
1674 5368 1907 5437 πνεῦμα,
1966 5372 2061 5435 ζη-

400 5450 525 5499 τοῦν
587 5447 903 5508 ἀνάπαυσιν,
970 5476 997 5503 ››
1050 5452 1180 5506 Εἶτα
1233 5455 1268 5522 ἡ
1332 5454 1515 5526 μήτηρ
1596 5458 1747 5523 ζητεῖ
1822 5451 2062 5522 λαλῆσαι

401 5533 568 5607 αὐτῷ.
627 5533 833 5610 Ἐμϐάς
891 5540 967 5603 εἷς
1022 5542 1084 5597 τὸ
1154 5539 1350 5595 πλοῖον
1430 5540 1572 5617 λέγει
1649 5544 1748 5611 τήν
1818 5537 2061 5617 παραϐο-

2166 4744 2437 4815 sequitur
2472 4748 2529 4797 et
2559 4741 3105 4797 curatur.Similiter
3129 4746 3186 4797 et
3216 4740 3616 4797 daemoniacus
3641 4758 3827 4797 caecus

2165 4837 2223 4887 et
2255 4832 2641 4887 mutusfl‘unc
2672 4831 2859 4887 Judaei
2894 4830 3097 4885 dicunt
3130 4848 3143 4885 :
3175 4854 3201 4880 «
3244 4832 3306 4886 in
3341 4830 3645 4885 Beelzebul
3669 4829 3830 4901 ejicit

2168 4919 2781 4976 daamonia“.»Deinde
2801 4921 3036 4991 signum
3061 4919 3423 4991 petunt,ipse
3443 4936 3578 4975 vero
3591 4918 3829 4991 signum

2168 5010 2328 5065 Jona)
2386 5009 2564 5063 dedit.
2597 5008 2864 5063 Praadicit
2919 5008 3036 5064 illis
3095 5010 3250 5079 quod
3290 5026 3324 5063 a
3378 5007 3654 5063 Ninivitis
3712 5008 3833 5063 sint

2170 5097 2620 5154 condemnandi.
2652 5098 2815 5152 Tunc
2844 5097 2988 5152 dicit
3019 5116 3033 5152 :
3068 5120 3095 5148 «
3130 5098 3374 5161 Quando
3420 5095 3667 5167 spiritus
3716 5096 3828 5151 im-

2172 5188 2430 5242 mundus
2455 5186 2659 5241 exierit
2687 5187 2949 5257 requiem
2984 5202 3251 5257 quarens
3277 5185 3379 5238 ⁵⁵.»
3404 5182 3620 5237 Deinde
3647 5183 3832 5239 Mater

2171 5275 2379 5347 quaerit
2406 5273 2491 5328 illi
2524 5274 2705 5346 loqui.
2732 5274 2947 5330 Navem
2980 5275 3284 5345 ingressus
3315 5270 3654 5342 parabolam
3687 5272 3831 5327 dicit

2170 5363 2319 5418 I37
2352 5363 2422 5417 de
2471 5362 2799 5417 seminante
2827 5367 2964 5433 (cap.
2997 5361 3144 5431 xm),
3177 5363 3233 5413 et
3279 5374 3541 5425 causam,
3594 5362 3833 5427 propter

2171 5468 2350 5522 quam
2384 5449 2443 5504 in
2476 5449 2771 5520 parabolis
2821 5451 3113 5521 loquatur.
3150 5445 3492 5501 Parabolam
3524 5445 3701 5498 istam
3736 5461 3833 5499 ex-

2174 5539 2421 5612 ponit,et
2450 5537 2615 5593 addit
2644 5536 2815 5604 alias,
2850 5540 2921 5593 de
2950 5537 3251 5603 thesauro,
3285 5533 3357 5588 de
3387 5529 3725 5602 margarita,
3762 5533 3834 5586 de

471 5750 518 5785 ⁸²
550 5751 758 5811 Matth.
789 5773 849 5823 ν,
882 5758 969 5825 13,
1002 5758 1091 5814 14.
1168 5758 1212 5793 ⁵⁸
1237 5758 1447 5813 Matth.
1478 5773 1580 5824 vn,
1610 5760 1663 5815 6.
1741 5760 1787 5795 “
1814 5760 2023 5816 Matth.

2149 5799 2154 5820 ,
2184 5756 2273 5810 24.
2352 5753 2395 5787 ⁵³
2427 5751 2632 5807 Matth.
2665 5768 2769 5821 xu,
2810 5755 2900 5808 43.
