4170 6380
352 383 471 448 387

1539 383 1605 442 8.
1653 377 2178 444 ATHANASIUS.
2219 408 2285 422 -—
2321 377 2580 443 DUBIA.

3649 384 3772 453 388

355 531 513 588 agro,
547 513 618 568 de
666 511 882 584 sinapi,
911 512 983 567 de
1029 511 1332 570 fermento.
1365 510 1706 566 Parabolam
1739 511 1810 566 de
1858 525 1997 581 agro

2117 505 2217 575 λὴν
2267 513 2364 564 τοῦ
2412 509 2747 585 σπείροντας,
2804 512 2894 568 καὶ
2941 513 3040 584 τήν
3089 510 3284 582 αἰτίαν,
3338 510 3406 566 δι’
3451 514 3510 581 ἣν
3564 513 3616 569 ἐν
3665 535 3768 572 πα-

356 601 594 676 exponit
623 601 682 655 in
717 602 912 668 domo,
946 605 1001 656 et
1030 601 1184 656 addit
1219 601 1392 656 aliam
1427 601 1497 655 de
1527 615 1762 672 sagena.
1800 599 2006 654 Beatos

354 691 696 762 pronuntiat
725 688 1376 762 discipulos,conferens
1402 705 1500 744 eos
1528 689 1652 742 viro
1684 685 2007 762 patrifami-

352 778 483 835 lias.
516 777 691 834 Venit
723 779 780 836 in
814 777 1082 850 patriam,
1117 779 1350 852 quando
1396 782 1453 834 et
1482 777 1862 835 olfenduntur
1900 775 2004 832 Ju-

353 867 482 922 daei.
515 868 682 922 Tunc
712 866 854 921 dicit
886 883 897 920 :
935 888 961 914 «
994 866 1282 939 PrOpheta
1333 883 1447 921 non
1480 870 1568 920 est
1597 864 1724 922 sine
1765 863 2004 933 honore,

354 957 465 1013 nisi
501 955 558 1010 in
608 955 798 1028 patria
847 972 954 1009 sua
982 954 1044 1008 ⁵⁸.
1083 977 1110 1003 ››
1143 955 1374 1010 Auditis
1424 971 1551 1026 quae
1600 969 1734 1008 cum
1781 953 2008 1008 Joanne

353 1045 424 1099 ab
475 1044 697 1098 Herode
727 1047 892 1116 gesta
941 1044 1189 1112 fuerant,
1222 1043 1441 1098 secedit
1481 1043 1542 1098 in
1591 1043 1889 1098 desertum
1922 1039 2004 1096 lo-

355 1150 510 1199 cum,
545 1132 644 1187 ubi
676 1136 734 1186 et
764 1132 1025 1204 quinque
1076 1130 1261 1186 millia
1292 1131 1594 1187 hominum
1649 1130 1832 1206 pascit
1864 1134 2003 1201 (cap.

353 1221 489 1292 xxv).
523 1219 854 1292 Discipulos
886 1217 1066 1274 mittit
1094 1219 1346 1292 navigio.
1381 1220 1708 1276 Revertitur
1738 1220 1795 1274 in
1838 1235 2004 1273 mon-

350 1316 468 1366 tem
502 1310 706 1366 oraudi
738 1309 946 1381 gratia.
979 1310 1223 1364 Advenit
1250 1309 1320 1364 ad
1355 1308 1674 1380 discipulos
1706 1312 1880 1363 noctu
1906 1324 2004 1362 na-

353 1401 636 1472 vigantes.
673 1402 914 1454 Petrum
963 1397 1351 1469 apprehendit
1378 1415 1556 1470 super
1602 1414 1805 1469 aquas.
1840 1395 2010 1451 Venit

353 1491 730 1544 Gennesaret.
765 1490 1058 1542 Curantur
1087 1487 1276 1541 multi.
1309 1489 1603 1544 Accusant
1639 1503 1772 1543 eum
1809 1485 2006 1541 Phari-

353 1578 454 1634 saei
485 1577 555 1632 de
597 1575 922 1649 (neglectis)
953 1575 1406 1648 purgationibus
1451 1577 1596 1650 (cap.
1630 1580 1715 1632 xvl
1762 1591 1776 1630 :
1810 1591 1874 1630 os
1921 1574 2006 1629 eis

353 1667 590 1723 obturat
620 1669 676 1721 et
706 1665 873 1720 docet
903 1665 1107 1720 turbas
1138 1665 1209 1718 de
1243 1665 1466 1721 ratione
1497 1665 1784 1723 ciborum.
1819 1663 2007 1718 Inter-

353 1759 518 1827 rogat
566 1770 698 1812 eum
731 1757 938 1808 Petrus
967 1753 1038 1808 de
1085 1752 1158 1808 iis
1191 1769 1320 1824 qnae
1366 1753 1612 1820 dixerat,
1663 1757 1720 1808 et
1766 1769 1835 1808 ea
1881 1753 2009 1824 ipsa

351 1843 620 1899 Christus
653 1841 1023 1897 manifestius
1055 1841 1496 1914 exponit.Venit
1525 1843 1769 1913 Tyrum,
1800 1845 1857 1896 et
1888 1857 2009 1896 mu-

2116 591 2378 668 ραϐολαῖς
2447 596 2616 672 λέγει,
2676 598 2921 656 Ἐπιλύει
2995 601 3094 669 τήν
3159 596 3482 674 παραϐολὴν
3541 603 3767 675 ταύτην,

2113 686 2202 744 καὶ
2235 688 2555 757 προστίθησι
2613 690 2712 757 τὴν
2761 687 2858 746 τοῦ
2917 694 3214 764 θησαυροῦ,
3256 691 3353 758 τήν
3411 695 3508 746 τοῦ
3566 713 3772 766 μαργα-

2116 775 2290 846 ρίτου,
2321 774 2418 841 τήν
2457 778 2552 827 τοῦ
2577 773 2765 849 ἀγροῦ,
2799 776 2894 844 τήν
2928 779 3024 830 τοῦ
3070 775 3354 846 σινάπεως,
3383 777 3470 832 καὶ
3522 781 3620 848 τήν
3669 783 3769 849 τῆς

2118 859 2310 931 ζύμης.
2346 859 2592 917 Ἐπιλύει
2623 864 2722 932 τήν
2759 868 2856 919 τοῦ
2907 865 3077 941 ἀγροῦ
3126 864 3177 919 ἐν
3223 869 3291 938 τῇ
3341 865 3506 938 οἰκίᾳ,
3539 869 3770 944 προστίε

2113 949 2237 1019 θησι
2297 951 2393 1018 τὴν
2458 957 2557 1019 τῆς
2614 954 2877 1026 σαγήνης.
2928 953 3220 1028 Μακαρίζει
3291 954 3419 1016 τοὺς
3495 960 3768 1032 μαθητὰς,

2114 1033 2485 1112 παραϐάλλων
2521 1039 2713 1102 αὐτους
2760 1039 2912 1117 ἀνδρὶ
2974 1039 3348 1116 οἰκοδεσπότῃ.
3385 1045 3640 1119 Ἔρχεται
3691 1047 3769 1107 εἰς

2160 1126 2173 1143 ε
2428 1127 2438 1146 .
2595 1127 2602 1142 ρ
2789 1129 2802 1148 κ
3011 1127 3034 1146 α
3672 1140 3692 1149 -

2114 1147 2213 1194 την
2275 1125 2529 1202 πατριδα,
2573 1130 2660 1183 ὅτε
2717 1150 2804 1183 και
2875 1130 3317 1201 σκανοαλίζονται
3377 1133 3428 1188 οἱ
3495 1131 3772 1192 Ἰουδαιοι.

2115 1213 2244 1268 Τότε
2295 1214 2462 1290 λέγει·
2499 1242 2523 1266 ‹‹
2565 1217 2678 1274 Οὐκ
2725 1215 2834 1273 ἔστι
2893 1221 3180 1296 προφήτης
3238 1222 3431 1291 ἄτιμος
3489 1222 3533 1275 εἰ
3588 1224 3663 1296 μή
3718 1223 3773 1281 ἐν

2115 1307 2184 1375 τῇ
2244 1302 2461 1379 πατρίδι
2522 1304 2706 1362 αὐτοῦ.
2746 1332 2771 1356 ››
2805 1306 2902 1361 Καὶ
2938 1308 3170 1369 ἀκούσας
3201 1309 3266 1364 τά
3296 1311 3430 1365 κατά
3470 1311 3562 1368 τὸν
3594 1313 3776 1387 Ἡρώ-

2119 1389 2216 1462 δην
2270 1393 2359 1446 καὶ
2408 1394 2684 1464 Ἰωάννην,
2721 1395 2996 1472 ἀναχωρεῖ
3053 1397 3126 1460 εἷς
3183 1396 3412 1471 ἔρημον,
3445 1401 3534 1454 καὶ
3591 1400 3778 1477 τρέφει

2115 1479 2242 1544 τοὺς
2330 1483 2828 1560 πεντακισχιλίους.
2890 1483 3098 1557 Πέμπει
3170 1486 3296 1549 τοὺς
3376 1489 3620 1559 μαθητὰς
3698 1489 3776 1552 εἰς

2116 1568 2334 1626 πλοῖον.
2369 1573 2684 1648 Ἀνέρχεται
2726 1573 2800 1634 εἷς
2857 1575 2920 1629 τὸ
2978 1570 3103 1645 ὅρος
3159 1573 3422 1645 εὔξασθαι.
3457 1576 3772 1652 Ἐφίσταται

2118 1656 2301 1722 αὐτοῖς
2349 1661 2537 1722 νυκτὸς
2582 1659 2830 1717 πλέουσι’
2884 1660 3097 1738 δέχεται
3137 1664 3228 1718 τὸν
3277 1665 3476 1739 Πέτρον
3519 1665 3607 1720 ἐπὶ
3664 1672 3776 1724 τῶν

2121 1746 2324 1807 ὑδάτων
2361 1793 2372 1804 ,
2446 1758 2702 1827 Ἔρχεται
2783 1754 2858 1816 εἰς
2939 1753 3303 1829 Γεννησαρέτ.
3377 1756 3771 1830 Θεραπεύονται

2117 1836 2342 1896 πολλοί.
2396 1840 2714 1916 Ἐγκαλοῦσι
2761 1847 3047 1914 Φαρισαῖοι
3112 1843 3235 1918 περὶ
3285 1845 3609 1920 καθαρσίων·
3653 1844 3770 1902 ἐπι-

351 1931 460 1987 lier
490 1931 816 1987 Chananaaa
860 1932 932 1986 ad
964 1947 1098 1986 eum
1147 1931 1389 1986 accedit.
1446 1931 1587 1985 Inde
1632 1931 1689 1984 in
1746 1934 2003 1985 montem

2332 1895 2337 1896 7
2414 1895 2421 1896 7
2465 1895 2476 1916 Ι
2585 1895 2589 1896 7
2640 1895 2648 1896 7
2780 1895 2785 1896 7
2849 1895 2857 1914 |
2918 1895 3016 1896 77777
3161 1895 3232 1918 _|_7
3288 1895 3580 1920 """T""‘
3655 1895 3739 1902 ⁷⁷⁷⁷

2117 1928 2358 1999 στομίζει
2387 1931 2633 1997 τούτους,
2666 1931 2752 1985 καὶ
2786 1928 3022 1988 διδάσκει
3053 1931 3182 1994 τοὺς
3213 1927 3420 2008 ὄχλους
3453 1934 3575 2008 περὶ
3625 1935 3770 2010 βρω-

342 2021 514 2092 juxta
545 2037 726 2088 mare,
759 2023 818 2074 et
845 2024 1012 2074 curat
1042 2019 1279 2074 multos.
1314 2019 1480 2073 Cibat
1521 2022 1774 2090 quatuor
1823 2017 2008 2073 millia

349 2110 631 2165 virorum.
663 2109 838 2164 Venit
885 2109 1173 2180 Magdala.
1209 2110 1486 2175 Quaerunt
1535 2109 1768 2180 signum
1818 2105 2006 2165 Judaei

353 2198 495 2271 (cap.
529 2199 666 2271 xvx),
698 2199 826 2271 Ipse
873 2214 1007 2252 vero
1034 2196 1252 2252 relictis
1294 2195 1412 2251 illis
1444 2195 1865 2253 transfretavit.
1900 2200 2005 2252 Pa-

351 2304 456 2343 nes
485 2286 756 2358 discipuli
789 2303 892 2359 per
937 2285 1285 2342 oblivionem
1320 2303 1431 2341 non
1467 2289 1860 2356 sumpserant.
1898 2285 2006 2342 Lo-

352 2377 553 2448 quitur
599 2375 716 2430 illis
765 2376 836 2430 de
868 2375 1152 2431 fermento
1201 2374 1644 2430 Pharisaeorum.
1701 2372 2009 2447 Egreditur

351 2467 695 2522 Caesaream.
729 2465 1057 2536 Interrogat
1085 2462 1404 2535 discipulos
1434 2463 1504 2518 de
1544 2463 1738 2535 seipso
1774 2479 1786 2520 :
1820 2462 2008 2518 confi-

353 2558 510 2608 tetur
539 2569 676 2609 eum
708 2552 934 2608 Petrus.
968 2553 1132 2607 Tunc
1165 2553 1235 2608 de
1266 2551 1536 2623 passione
1566 2568 1676 2606 sua
1723 2550 2004 2622 praedicit,

354 2646 409 2696 et
424 2643 660 2697 Petrum
683 2642 1261 2713 increpat,jubetque
1282 2657 1512 2696 crucem
1539 2641 1760 2707 tollere,
1793 2640 1842 2696 si
1875 2639 2007 2711 quis

350 2730 486 2786 velit
509 2747 570 2786 se
603 2731 792 2802 sequi.
817 2729 1100 2801 Loquitur
1119 2735 1177 2784 et
1207 2730 1278 2784 de
1307 2729 1563 2785 secundo
1596 2745 1704 2784 suo
1733 2729 2005 2786 adventu.

346 2820 625 2875 Ascendit
648 2819 705 2873 in
733 2823 1014 2885 montem,
1039 2818 1138 2873 ubi
1173 2823 1230 2874 et
1257 2820 1712 2890 transfiguratus
1743 2822 1832 2874 est
1862 2819 2004 2888 (cap.

350 2910 506 2977 xvn).
540 2907 648 2964 Ubi
679 2908 1082 2976 descenderat,
1102 2907 1374 2980 discipuli
1408 2907 1772 2978 interrogant
1801 2910 1858 2960 et
1887 2905 2006 2962 dis-

350 3003 491 3053 cunt
520 2999 590 3053 de
622 2997 764 3053 Elia.
800 2997 1128 3052 Adducitur
1158 2996 1241 3050 illi
1293 2996 1590 3051 lunaticus
1640 3000 1698 3052 et
1747 2999 2004 3051 curatur.

350 3088 673 3158 Exprobrat
721 3086 1052 3158 discipulis.
1090 3087 1148 3141 In
1203 3084 1439 3140 Galilaaa
1468 3085 1588 3140 illis
1615 3084 1686 3138 de
1733 3084 2007 3156 passione

351 3193 460 3231 sua
489 3176 768 3247 loquitur.
793 3176 1094 3230 Accedunt
1122 3174 1193 3229 ad
1225 3190 1362 3229 eum
1389 3176 1752 3247 Capernaum
1786 3172 1887 3244 qui
1918 3172 2004 3230 di-

2120 2015 2324 2088 μάτων.
2375 2021 2591 2092 Ἐρωτᾴ
2649 2020 2849 2097 Πέτρος
2916 2021 3039 2096 περὶ
3115 2026 3220 2075 τῶν
3297 2021 3627 2095 εἰρημένων,
3682 2023 3774 2080 καὶ

2117 2107 2437 2182 σαφέστερον
2491 2106 2834 2183 ἐπεξέρχεται
2867 2109 2894 2163 6
2923 2109 3174 2175 Χριστός.
3209 2109 3406 2175 Ἦλθεν
3455 2111 3532 2175 είς
3575 2111 3773 2184 Τύρον,

2115 2194 2203 2248 καὶ
2262 2195 2622 2271 προσέρχεται
2681 2199 2715 2265 ἡ
2777 2197 3061 2254 Χαναναια.
3097 2199 3329 2253 Ἐκεῖθεν
3391 2198 3466 2262 εἷς
3523 2201 3585 2254 τὸ
3643 2194 3772 2274 ὅρος

2117 2283 2180 2338 τὸ
2210 2289 2356 2358 παρα
2385 2285 2483 2352 τὴν
2518 2284 2809 2353 θάλασσαν,
2841 2286 2933 2340 καὶ
3001 2287 3280 2361 θεραπεύει
3324 2287 3591 2349 πολλούς.
3646 2287 3777 2363 Τρέ-

2119 2393 2204 2448 φει
2237 2372 2365 2436 τοὺς
2397 2374 2873 2449 τετρακισχιλίους
2905 2373 3120 2451 ἄνδρας.
3155 2375 3353 2441 Ἦλθεν
3386 2377 3459 2439 εἰς
3489 2375 3772 2452 Μαγδαλά.

2119 2463 2395 2536 Ἐρωτῶσι
2471 2468 2698 2535 σημεῖον
2775 2465 2826 2519 oi.
2882 2462 3157 2520 Ἰουδαῖοι.
3219 2467 3274 2518 Ὀ
3339 2464 3397 2519 δὲ
3455 2466 3771 2524 καταλιπὼν

2119 2549 2359 2618 ἀπῆλθεν
2396 2551 2468 2612 είς
2499 2552 2558 2606 τὸ
2591 2553 2779 2625 πέραν.
2813 2555 2875 2606 Οἱ
2921 2554 3158 2625 μαθηταὶ
3211 2553 3537 2611 ἐπελάθοντο
3579 2554 3772 2630 ἄρτους

2119 2635 2325 2694 λαϐεῖν·
2361 2640 2502 2717 λέγει
2539 2640 2722 2703 αὐτοῖς
2753 2643 2874 2716 περὶ
2905 2645 3002 2710 τῆς
3053 2642 3228 2714 ζύμης
3279 2649 3387 2698 τῶν
3439 2645 3768 2719 Φαρισαίων.

2117 2729 2425 2806 Ἐξέρχεται
2500 2728 2574 2792 εἷς
2647 2731 2989 2804 Καισάρειαν.
3049 2732 3258 2806 Ἐρωτᾷ
3321 2731 3446 2794 τοὺς
3527 2735 3772 2804 μαθητὰς

2117 2815 2238 2889 περί
2304 2817 2514 2872 ἑαυτοῦ·
2563 2815 2828 2894 ὁμολογεῖ
2881 2818 3037 2873 αὐτὸν
3090 2821 3118 2873 6
3164 2821 3386 2895 Πέτρος.
3438 2820 3571 2876 Τότε
3630 2841 3766 2893 προ-

2117 2900 2262 2980 λέγει
2322 2905 2445 2981 περὶ
2511 2911 2607 2960 τοῦ
2680 2906 2902 2976 πάθους,
2953 2907 3042 2961 καὶ
3118 2907 3342 2980 ἐπιτιμᾷ
3408 2907 3616 2984 Πέτρῳ,
3676 2908 3766 2965 καὶ

2115 2992 2325 3050 κελεύει
2356 2995 2445 3048 τὸν
2484 2993 2820 3069 βουλόμενον
2855 2995 3174 3061 ἀκολουθεῖν
3208 3000 3328 3070 ἆραι
3376 2999 3465 3053 τὸν
3515 2999 3765 3073 σταυρόν.

2118 3085 2276 3159 Λέγει
2325 3084 2414 3139 καὶ
2464 3083 2586 3158 περὶ
2637 3091 2735 3152 τῆς
2770 3081 3020 3161 δευτέρας
3051 3087 3346 3162 παρουσίας
3377 3086 3562 3142 αὐτοῦ.
3595 3088 3772 3144 "Avu-

2119 3192 2199 3224 σιν
2258 3171 2332 3234 εἰς
2385 3171 2448 3226 τὸ
2505 3168 2654 3248 ὅρος,
2705 3171 2826 3238 ἔνθα
2884 3173 2972 3228 καὶ
3036 3175 3455 3251 μετεμορφώθη.
3510 3175 3771 3232 Κατιόντι

349 3264 632 3320 drachma
657 3265 1476 3334 accipiebant.Percontantur
1505 3261 1838 3334 discipuli,«
1862 3262 2004 3326 Quis

2121 3259 2280 3314 αὐτὸν
2328 3259 2573 3336 ἐρωτῶσι
2621 3263 2744 3336 περὶ
2794 3261 2981 3318 Ἠλίου
3043 3263 3129 3318 καὶ
3201 3264 3544 3336 μανθάνουσι.
3596 3270 3770 3339 Προσο

351 3355 540 3426 major
571 3355 710 3425 (cap.
742 3353 951 3425 xvm)?
980 3375 1008 3404 ››
1041 3353 1203 3408 Tunc
1246 3353 1521 3408 advocato
1551 3353 1623 3407 ad
1655 3368 1718 3408 se
1767 3350 2006 3423 parvulo

348 3443 492 3497 dicit
525 3460 538 3496 :
571 3465 600 3493 «
634 3442 1000 3514 Quicumque
1031 3441 1515 3498 scandalizaverit
1563 3457 1746 3497 unum
1775 3457 1844 3495 ex
1875 3458 2004 3512 par-

346 3530 499 3586 vulis
530 3530 660 3585 istis
689 3531 755 3597 ⁵⁷,
787 3552 814 3580 ››
850 3535 958 3585 etc.
995 3531 1061 3586 Et
1087 3547 1100 3586 :
1122 3553 1149 3581 «
1186 3529 1245 3586 Si
1278 3529 1484 3585 oculus
1513 3534 1674 3590 tuus.
1707 3533 1763 3586 et
1793 3545 2005 3585 manus

349 3624 451 3674 tua
481 3618 838 3674 scandalizat
867 3623 921 3673 te
950 3619 1050 3673 ⁵⁸.»
1081 3619 1152 3673 Et
1184 3636 1196 3673 :
1236 3641 1257 3666 ι
1293 3618 1374 3672 Ne
1403 3618 1796 3674 contemnatis
1818 3633 2003 3674 unum

349 3723 416 3762 ex
447 3707 707 3778 parvulis
751 3708 882 3762 istis
912 3707 974 3762 ⁸ο.
1010 3729 1038 3758 ››
1070 3707 1395 3778 Subjicitur
1443 3705 1720 3780 parabola
1767 3710 2003 3762 centum

349 3796 567 3867 ovium,
598 3800 656 3851 et
683 3795 828 3851 illud
861 3813 873 3850 :
913 3819 932 3844 ι
969 3795 1027 3851 Si
1073 3795 1396 3867 peccaverit
1425 3796 1484 3850 in
1532 3800 1588 3851 te
1619 3795 1796 3851 frater
1843 3799 2002 3862 tuus,

347 3886 572 3958 corripe
602 3902 734 3942 eum
764 3886 828 3938 ⁸ο.
865 3906 894 3933 »
928 3885 1070 3942 Item
1105 3901 1118 3940 :
1153 3908 1180 3934 ‹‹
1213 3884 1271 3938 8i
1301 3885 1418 3939 duo
1449 3901 1518 3940 ex
1548 3884 1711 3939 vobis
1753 3899 2005 3940 consen-

347 3975 551 4045 serint,
583 3975 999 4048 quodcumque
1031 3972 1620 4045 petierint,accipient
1646 3973 1715 4028 δι.
1737 3994 1766 4022 ››
1803 3973 2006 4028 Petrus

347 4070 480 4136 post
533 4065 646 4120 ista
694 4063 885 4120 dicit:
923 4086 950 4112 ‹‹
982 4062 1216 4126 Quoties
1267 4062 1530 4134 peccabit
1580 4061 1640 4118 in
1687 4078 1780 4118 me
1829 4061 2008 4118 frater

350 4169 518 4209 meus
545 4153 614 4208 ⁸⁸.
651 4175 679 4201 ››
713 4152 993 4207 Parabola
1022 4151 1174 4223 ejus,
1206 4150 1306 4221 qui
1339 4151 1538 4206 decem
1589 4149 1773 4207 millia
1818 4150 2004 4206 talen-

349 4246 546 4300 torum
577 4243 843 4300 debebat.
871 4243 1044 4300 Venit
1079 4244 1136 4296 in
1164 4243 1424 4297 Iudaeam
1470 4243 1621 4312 (cap.
1656 4246 1793 4312 xix).
1829 4242 2008 4298 Curat

348 4329 589 4386 multos.
623 4331 872 4402 Exponit
902 4346 1140 4385 causam
1192 4329 1444 4384 divortii.
1500 4329 1780 4401 Loquitur
1812 4329 1882 4385 de
1910 4346 2004 4402 ge-

349 4419 589 4474 neribus
640 4419 1067 4474 cunuchorum.
1115 4418 1410 4474 Benedicit
1459 4417 1738 4490 parvulis.
1775 4418 2008 4474 Accedit

347 4508 417 4561 ad
445 4524 580 4562 eum
614 4508 1171 4579 dives.lnterrogant
1203 4505 1478 4580 discipuli
1513 4522 1527 4560 :
1565 4529 1590 4555 «
1629 4506 1769 4570 Quis
1793 4505 2003 4565 salvari

347 4600 539 4668 potest
568 4597 661 4651 53?
697 4619 722 4644 ››
756 4597 918 4652 Tunc
948 4595 1089 4651 dicit
1120 4595 1236 4650 illis
1272 4611 1283 4650 :
1319 4618 1346 4644 ‹‹
1381 4595 1673 4650 Ξθᾶθιιίιίε
1706 4611 1885 4668 super
1913 4613 1997 4653 se-
2037 4633 2085 4698 Β

347 4685 451 4739 des
481 4684 812 4740 duodecim.
849 4684 915 4739 Et
945 4684 1044 4754 qui
1097 4683 1395 4755 reliquerit
1428 4684 1691 4753 domum,
1729 4707 1758 4736 »
1790 4690 1847 4740 et
1879 4702 2006 4758 qua:

349 4775 695 4844 sequuntur.
750 4773 1036 4829 Subditur
1087 4771 1367 4845 parabola
1414 4772 1814 4846 operariorum
1868 4776 2003 4848 (cap.

343 4860 460 4934 xx).
496 4862 828 4917 Ascendens
851 4860 1276 4933 Jerosolymam
1304 4859 1562 4932 loquitur
1596 4861 1904 4935 discipulis
1936 4864 2008 4919 de

345 4953 534 5006 morte
563 4954 862 5006 sua.Uxor
884 4951 1139 5005 Zebedaai
1166 4949 1309 5021 petit
1332 4950 1653 5020 primatum
1687 4950 1827 5006 ﬁliis
1859 4951 2004 5010 suis.

347 5039 478 5095 Zelo
527 5045 838 5096 moventur
882 5038 1151 5111 apostoli,
1184 5042 1242 5093 et
1288 5038 1662 5094 erudiuntur.
1714 5039 2009 5100 Curantur

346 5130 463 5185 duo
485 5129 617 5186 caeci
649 5148 679 5188 θ
707 5128 962 5185 Jericbo.
999 5127 1392 5200 Subjungitur
1437 5127 1688 5186 historia
1718 5128 1788 5185 de
1839 5129 2007 5186 asina

347 5218 489 5290 (cap.
525 5219 662 5291 xxx).
696 5217 1030 5291 Ingreditur
1051 5215 1109 5271 in
1133 5214 1420 5287 templum
1447 5232 1460 5270 :
1484 5215 1645 5286 ejicit
1666 5217 2005 5287 vendentes,

346 5311 511 5361 curat
531 5309 872 5364 accedentes
895 5321 1100 5378 aegros.
1130 5303 1350 5360 Deinde
1372 5303 1536 5376 pueri
1556 5303 1842 5376 hymnum
1866 5321 2006 5361 con-

349 5394 578 5452 cinunt.
610 5395 920 5472 Egreditur
950 5392 1314 5458 Bethaniam,
1347 5395 1404 5447 et
1432 5408 1569 5449 cum
1604 5395 2009 5466 regrederetur

2119 3347 2304 3424 άγεται
2355 3351 2384 3405 6
2436 3349 2917 3424 σεληνιαζόμενος,
2950 3350 3039 3405 καὶ
3090 3352 3457 3426 θεραπεύεται.
3492 3351 3773 3422 Ὀνειδίζει

2116 3443 2232 3500 τοῖς
2269 3441 2555 3512 μαθηταῖς.
2592 3440 2745 3516 Λέγει
2791 3440 2975 3502 αὐτοῖς
3026 3439 3078 3495 έν
3113 3445 3181 3514 τῇ
3215 3439 3484 3512 Γαλιλαίᾳ
3520 3443 3643 3516 περὶ
3676 3446 3772 3496 τοῦ

2120 3529 2341 3590 πάθους.
2377 3529 2782 3604 Προσέρχονται
2814 3529 2866 3584 έν
2899 3529 3260 3603 Καπερναοὺμ
3285 3531 3335 3584 οἱ
3377 3530 3440 3586 τὸ
3491 3527 3770 3606 δίδραχμα

2121 3611 2510 3689 λαμϐάνοντες.
2568 3618 2874 3692 Ἐρωτῶσιν
2945 3619 2997 3672 οἱ
3071 3618 3331 3690 μαθηταὶ,
3381 3617 3462 3680 τίς
3532 3617 3770 3691 μείζων;

2117 3705 2252 3761 Τότε
2309 3704 2539 3767 καλέσας
2593 3703 2807 3761 παιδίον
2869 3706 3034 3782 λέγει·
3075 3731 3104 3760 ‹‹
3149 3712 3240 3768 ⁴¹Ος
3299 3707 3385 3761 ἐὰν
3447 3704 3773 3779 σκανδαλίσῃ

2115 3788 2209 3846 ἕνα
2264 3797 2372 3848 τῶν
2433 3798 2641 3868 μικρῶν
2698 3794 2928 3851 τούτων.
2965 3795 3085 3868 Καὶ,
3119 3820 3149 3848 ‹‹
3197 3794 3259 3852 Ei
3309 3794 3592 3872 ὀφθαλμός
3650 3815 3768 3862 σου,

2115 3881 2205 3936 καὶ
2238 3884 2272 3952 ἠ
2305 3882 2429 3959 χείρ
2461 3904 2555 3937 σου
2588 3880 2927 3953 σκανδαλίζει
2973 3904 3049 3938 σε·
3081 3908 3110 3935 ››
3138 3884 3229 3938 καὶ
3275 3883 3359 3955 τὸ,
3393 3909 3420 3934 ‹‹
3466 3885 3557 3952 Μή
3609 3904 3772 3940 κατα-

2118 3973 2428 4050 φροντίσητε
2458 3971 2570 4034 ἑνὸς
2602 3977 2706 4027 τῶν
2747 3977 2955 4048 μικρῶν
2999 3973 3228 4030 τούτων.
3263 3997 3290 4023 ››
3345 3973 3473 4028 Δῖτα
3519 3975 3554 4042 ἠ
3611 3993 3774 4046 παρα-

2117 4053 2260 4128 ϐολὴ
2320 4064 2427 4114 τῶν
2488 4061 2673 4116 ἑκατὸν
2727 4058 3036 4138 προϐάτων,
3069 4061 3157 4116 καὶ
3206 4061 3288 4116 τόν
3325 4085 3353 4112 «
3387 4063 3509 4118 Ἐὰν
3559 4061 3774 4137 ἁμάρτῃ

2117 4147 2192 4211 είς
2228 4149 2284 4203 σὲ
2315 4149 2342 4202 6
2375 4147 2606 4228 ἀδελφός
2658 4172 2772 4218 σου,
2805 4150 3024 4225 ἔλεγξον
3075 4150 3255 4205 αὐτόν·
3292 4173 3320 4202 ››
3351 4150 3439 4204 καὶ
3471 4150 3552 4204 τό⁶
3588 4176 3616 4203 ι(
3653 4151 3771 4208 Ἐὰν

2119 4234 2218 4292 δύο
2267 4241 2705 4314 συμφωνήσωσιν
2752 4239 2803 4309 ἐξ
2859 4241 3032 4312 ὑμῶν,
3067 4239 3094 4293 ὃ
3144 4239 3230 4293 ἐὰν
3281 4239 3635 4308 αἰτήσωνται,
3670 4237 3772 4310 λή-

2117 4328 2330 4398 ψονται.
2369 4352 2390 4380 ι
2427 4327 2561 4383 Εἶτά
2619 4349 2780 4404 φησιν
2832 4329 2859 4381 ὁ
2910 4329 3132 4404 Πέτροςο
3169 4352 3195 4378 α
3234 4329 3464 4389 Ποσάκις
3523 4329 3772 4403 ἁμαρτή-

2119 4433 2196 4470 σει
2233 4413 2307 4476 εἰς
2342 4413 2439 4487 ἐμὲ
2468 4416 2496 4468 6
2524 4413 2757 4493 ἀδελφός
2792 4435 2934 4488 μου;
2972 4440 2999 4466 ››
3035 4411 3332 4488 Παραϐολή
3365 4421 3460 4470 τοῦ
3489 4417 3556 4472 τὰ
3607 4416 3773 4492 μύρια

2119 4501 2436 4580 ὀφείλοντος
2492 4502 2747 4560 τάλαντα.
2780 4505 2978 4560 Ἦλθεν
3041 4505 3116 4566 εἷς
3175 4507 3274 4574 τήν
3310 4502 3592 4562 Ἰουδαίαν.
3627 4507 3771 4568 Ἐθε-

2119 4593 2348 4665 ράπευσε
2378 4591 2648 4655 πολλούς.
2685 4591 2948 4650 Ἑπέλυσε
2993 4594 3056 4648 τὸ
3112 4599 3210 4648 τοῦ
3261 4595 3608 4651 ἀποστασίου.
3644 4593 3773 4670 Περὶ

2116 4680 2322 4754 τρόπου
2380 4681 2744 4756 εὐνουχισμοῦ
2789 4679 3117 4757 διαλέγεται.
3151 4682 3385 4759 Εὐλογεῖ
3439 4684 3506 4738 τὰ
3560 4681 3771 4741 παιδία.

2120 4770 2492 4846 Προσέρχεται
2551 4772 2578 4823 6
2633 4769 2931 4832 πλούσιος.
2993 4772 3301 4845 Ἐρωτῶσιν
3377 4773 3430 4826 οἱ
3509 4771 3774 4846 μαθηταί,

2119 4884 2146 4910 ‹‹
2178 4859 2267 4920 Τίς
2298 4855 2516 4915 δύναται
2568 4861 2835 4928 σωθῆναι;
2870 4884 2899 4913 ››
2929 4859 3059 4915 Τότε
3118 4859 3288 4935 λέγει·
3324 4885 3353 4912 ‹‹
3387 4861 3509 4917 Ἐπὶ
3564 4859 3774 4918 δώδεκα

2115 4947 2342 5022 θρόνους
2377 4949 2690 5016 καθήσεσθε
2711 4971 2738 4999 ››
2770 4947 2929 5018 καὶ,‹‹
2959 4950 3055 5010 Ὃς
3086 4949 3287 5027 ἀφῆκεν
3321 4947 3519 5017 οἰκίας,
3540 4974 3560 5000 ι
3597 4949 3776 5004 καὶτὰ

2117 5037 2260 5108 ἑξῆς.
2295 5035 2428 5092 Εἶτα
2482 5032 2772 5112 παραϐολὴ
2830 5041 2936 5094 τῶν
3001 5037 3260 5113 ἐργατῶν.
3313 5037 3410 5092 Καὶ
3469 5032 3769 5092 ἀναϐαίνων

2117 5124 2190 5186 εἰς
2221 5124 2597 5199 Ἰεροσόλυμα,
2632 5125 2748 5180 εἶπε
2775 5131 2893 5190 τοῖς
2929 5132 3195 5199 μαθηταῖς
3223 5126 3347 5200 περὶ
3392 5130 3488 5180 τοῦ
3540 5127 3769 5190 θανάτου

2115 5214 2299 5270 αὐτοῦ.
2330 5215 2391 5270 ‘II
2436 5214 2571 5290 γυνή
2616 5209 2902 5269 Ζεϐεδαίου
2947 5215 3091 5287 ἀξιοῖ
3141 5215 3272 5290 ὑπὲρ
3317 5219 3422 5268 τῶν
3465 5216 3594 5268 υἱῶν
3645 5214 3770 5291 περὶ

2115 5303 2423 5376 πρωτείων.
2475 5304 2541 5360 Οἱ
2598 5303 2896 5360 ἀπόστολοι
2959 5303 3212 5373 ζηλοῦσι,
3268 5303 3357 5360 καὶ
3423 5302 3770 5360 παιδεύονται

2115 5391 2512 5467 Θεραπεύονται
2568 5394 2619 5446 οἳ
2672 5390 2767 5447 δύο
2813 5390 3011 5474 τυφλοὶ
3042 5392 3094 5464 ἔξ
3125 5395 3505 5471 Ἱεριχοῦντος.
3540 5395 3670 5451 Εἶτα
3705 5395 3773 5448 τὰ

417 5631 463 5666 ⁸⁸
495 5628 699 5686 Matth.
730 5646 854 5698 xm,
884 5631 976 5686 57.
1015 5629 1096 5699 A7"
1127 5626 1330 5682 Matth.
1363 5643 1528 5696 xvm,
1561 5629 1614 5682 6.
1693 5628 1738 5664 ⁸³
1767 5627 1912 5684 ibid.
1945 5629 2000 5683 8.

2117 5627 2288 5683 ’ibid.
2324 5627 2413 5684 10.
2487 5629 2534 5665 ⁶⁰
2565 5628 2773 5686 Matth.
2804 5630 3060 5699 xvm,15.
3136 5631 3178 5666 ⁶¹
3213 5631 3357 5686 ibid.
3389 5631 3476 5687 49.
3553 5631 3600 5667 ⁸³
3631 5631 3771 5688 ibid.

344 5703 436 5761 21.
512 5701 558 5737 ⁸³
589 5701 794 5757 Matth.
828 5717 945 5767 xxx,
972 5697 1067 5768 25,
1099 5700 1187 5753 28.
