4170 6396
387 431 507 498 389

1498 420 1873 484 SYNOPSIS
1920 415 2387 481 SCRIPTUHJE
2433 421 2728 483 SACM.

3692 432 3814 490 390

391 559 524 616 κατά
549 558 643 614 τὸν
674 554 820 613 ὄνον.
854 554 1175 631 Εἷ’σέρχεται
1206 554 1280 616 εἷς
1309 552 1372 610 τὸ
1404 552 1571 626 ἱερὸν,
1604 545 1857 607 ἐκϐάλλει
1913 550 2042 613 τοὺς
2074 603 2081 613 ,

2196 550 2581 622 erosolymam
2614 554 2851 609 arefacit
2880 555 3079 622 ﬁcum,
3136 556 3392 628 dicitque
3450 560 3762 631 discipulis
3796 577 3809 615 :

395 652 737 719 πωλοῦντας,
795 647 1077 724 θεραπεύει
1131 648 1260 708 τοὺς
1326 643 1742 717 προσελθόντας.
1806 644 1937 699 Εἶτα
1990 645 2058 699 τά

396 738 589 797 παιδία
639 739 818 812 ὑμνεῖ.
874 737 1183 811 Ἐξέρχεται
1243 734 1316 797 εἷς
1370 732 1649 810 βηθανίαν,
1698 733 1787 788 καὶ
1836 734 2055 807 ἐπανερ-

401 829 638 905 χόμενος
670 828 747 888 είς
777 825 1155 899 Ἱεροσόλυμα,
1187 823 1424 899 ξηραίνει
1467 826 1565 893 τὴν
1613 830 1802 894 συκῆν,
1835 822 1923 877 καὶ
1975 822 2061 877 λέ-

401 940 483 994 γει
514 922 631 979 τοῖς
667 917 957 990 μαθηταῖς·
993 939 1020 966 ‹‹
1055 912 1162 971 Κᾶν
1194 917 1273 983 τῷ
1303 907 1415 988 ὄρει
1441 912 1626 984 τούτῳ
1674 910 1879 982 εἴπητε,
1914 910 2059 981 Βλή-

401 1009 522 1078 θητι
572 1006 648 1067 εἰς
692 1006 791 1073 τὴν
827 1002 1121 1070 θάλασσαν,
1152 1003 1453 1076 γενήσεται,
1486 1001 1574 1057 καὶ
1609 1002 1637 1055 '6
1668 1001 1754 1055 ἐὰν
1802 1002 2062 1070 αἰτήσητε

404 1094 771 1161 πιστεύοντες,
813 1091 1138 1165 λήψεσθε.»
1196 1094 1499 1165 Ἐρωτῶσιν
1560 1091 1612 1145 o't
1668 1091 1852 1163 ἱερεῖς·
1889 1114 1917 1142 ‹‹
1974 1095 2058 1143 Ἐν

407 1184 537 1255 ποίᾳ
589 1182 801 1254 ἐξουσίᾳ
857 1186 1024 1237 ταῦτα
1079 1185 1294 1247 ποιεῖς;
1346 1203 1374 1233 ι)
1431 1180 1729 1253 Ἀντερωτᾷ
1784 1179 1907 1254 περὶ
1964 1182 2062 1233 τοῦ

414 1273 784 1350 βαπτίσματος
814 1271 1092 1326 Ἰωάννου.
1126 1270 1282 1343 Λέγει
1339 1268 1523 1330 αὐτοῖς
1581 1270 1682 1337 τὴν
1738 1264 2058 1345 παραϐολὴν

411 1363 508 1430 τὴν
540 1366 645 1418 τῶν
680 1358 773 1415 δύο
803 1360 956 1425 υἱῶν,
994 1358 1107 1412 εἶτα
1149 1358 1216 1411 τὰ
1267 1362 1366 1413 τοῦ
1424 1356 1749 1430 ἀμπελῶνος
1806 1358 1895 1412 καὶ
1951 1362 2060 1411 τῶν

415 1455 668 1524 πονηρῶν
701 1448 956 1525 ἐργατῶν·
990 1446 1104 1503 εἶτα
1133 1446 1199 1500 τά
1244 1451 1341 1502 τοῦ
1388 1446 1592 1521 γάμου,
1624 1448 1713 1501 καὶ
1755 1452 1864 1502 τῶν
1925 1446 2063 1524 φαύ-

417 1540 529 1595 λων
560 1536 848 1612 κλητόρων
883 1538 1037 1609 (30¹).
1065 1534 1197 1591 Τότε
1227 1534 1399 1604 ἦλθον
1433 1538 1485 1591 οἱ
1516 1533 1771 1593 Ἰουδαῖοι
1806 1533 2064 1610 παγιδεῦ-

415 1649 503 1684 σαι
532 1626 692 1683 αὐτὸν
749 1624 801 1682 ἐν
864 1624 1032 1700 λόγῳ.
1090 1624 1188 1679 Καὶ
1235 1624 1287 1680 τί
1342 1625 1407 1679 τὸ
1463 1624 1729 1699 νόμισμα.
1764 1626 2069 1700 Ἐρωτῶσιν

415 1718 466 1771 οἱ
499 1713 858 1772 Σαδδουκαῖοι
891 1713 1015 1789 περῖ
1044 1716 1143 1781 τῆς
1177 1712 1524 1788 γαμηθείσης
1572 1720 1687 1775 τοῖς
1731 1715 1866 1769 ἑπτὰ
1912 1711 2069 1769 ἀδελ-

414 1811 558 1884 φοῖς
620 1804 734 1861 εἶτα
792 1804 821 1859 ὁ
876 1802 1127 1875 νομικός·
1187 1800 1324 1857 Ποία
1381 1801 1572 1872 ἐντολὴ
1634 1804 1825 1879 πρώτη
1871 1822 1885 1871 ;
1943 1803 2073 1859 Εἶτα

415 1895 591 1971 ἐρωτᾷ
648 1892 841 1954 αὐτοὺς
898 1893 1125 1962 Ἰησοῦς·
1186 1917 1213 1943 ‹‹

420 1987 688 2058 Χριστοῦ;
726 2007 753 2035 υ
810 1983 899 2043 Ὠς
957 1978 1015 2036 δὲ
1070 1979 1558 2052 έπεστομίσθησαν,
1593 1978 1897 2057 διαλέγεται
1951 1986 2071 2042 τοῖς

424 2068 621 2147 ὄχλοις
652 2070 774 2146 περὶ
804 2074 910 2124 τῶν
943 2068 1313 2144 Γραμματέων
1346 2069 1436 2125 καὶ
1483 2069 1817 2145 Φαρισαίων,
1850 2068 2072 2125 ταλανί-

424 2167 528 2231 ζων
583 2160 802 2221 αὐτούς.
864 2159 993 2218 Εἶτα
1042 2158 1100 2213 ἐκ
1154 2163 1252 2214 τοῦ
1312 2159 1459 2234 ἱεροῦ
1517 2158 1797 2234 ἀνέρχεται
1850 2158 1925 2221 εἷς
1982 2158 2073 2213 τὸν

422 2250 679 2321 ἐλαιῶνα,
710 2249 801 2304 καὶ
834 2245 1137 2323 διαλέγεται
1166 2252 1285 2308 τοῖς
1338 2253 1605 2320 μαθηταῖς
1656 2248 1779 2321 περὶ
1841 2246 2076 2321 μελλόν-

420 2361 549 2395 των.
613 2338 739 2393 Εἶτα
794 2340 829 2405 ἡ
885 2331 1177 2407 παραϐολὴ
1233 2336 1328 2391 τοῦ
1386 2338 1805 2399 κατασταθέντος
1877 2335 2078 2391 δούλου

423 2427 511 2484 ἐπὶ
536 2431 638 2496 τῆς
671 2425 865 2497 οἰκίας,
898 2425 987 2481 καὶ
1037 2427 1072 2495 ἡ
1112 2430 1221 2480 τῶν
1275 2423 1401 2480 δέκα
1458 2426 1758 2503 παρθένων,
1789 2426 1880 2480 καὶ
1908 2429 1943 2495 ἡ
1973 2430 2080 2480 τῶν

422 2518 578 2572 πέντε
600 2513 904 2583 ταλάντων,
938 2514 1027 2569 καὶ
1060 2517 1093 2584 ἡ
1125 2519 1234 2569 τῶν
1268 2514 1490 2592 ἐρίφων,
1520 2515 1609 2569 καί
1647 2518 1682 2585 ἡ
1716 2520 1822 2569 τῶν
1872 2510 2079 2591 προϐά-

420 2628 552 2662 των.
617 2604 950 2678 Συνάγονται
1011 2604 1065 2658 οἱ
1121 2603 1397 2679 ἀρχιερεῖς
1473 2604 1565 2659 καὶ
1623 2606 1675 2658 οἱ
1735 2610 2083 2681 Γραμματεῖς

425 2695 613 2751 πιάσαι
646 2694 805 2749 αὐτόν
826 2699 881 2748 Ὁ
923 2690 980 2748 δὲ
1010 2691 1177 2761 ἦλθεν
1210 2691 1285 2754 είς
1321 2692 1573 2765 Σίμωνος
1602 2693 1774 2749 οἰκίαν
1808 2693 1882 2756 εἷς
1916 2696 2085 2763 Βηθα-

428 2783 568 2851 νίαν,
601 2781 726 2847 ἔνθα
756 2785 791 2851 ἡ
824 2784 886 2838 τὸ
908 2776 1248 2858 ἀλάϐαστρον
1283 2779 1534 2857 [ἔχουσα]
1564 2780 1804 2859 ἔρχεται.
1842 2783 2084 2838 Συντίθε-

430 2894 517 2930 ται
548 2874 576 2928 ὁ
596 2870 802 2934 Ἰούδας
832 2877 947 2934 τοῖς
964 2869 1270 2933 Ἰουδαίοις.
1288 2871 1744 2929 Ἀποστέλλονται
1764 2874 1816 2927 οἱ
1838 2872 2085 2944 Μαθηταὶ

435 2962 719 3033 ἑτοιμάσαι
763 2960 826 3016 τὸ
876 2961 1086 3036 Πάσχα.
1122 2959 1372 3036 Ἑλέγχει
1414 2962 1507 3015 τὸν
1535 2959 1739 3018 Ἰούδαν
1774 2964 1802 3017 ὁ
1832 2961 2086 3037 Χριστός.

436 3046 783 3126 Παραδίδωσι
830 3050 893 3102 τὸ
954 3051 1274 3125 μυστήριον,
1315 3048 1442 3104 ἔνθα
1472 3049 1641 3126 λέγει·
1671 3075 1699 3104 ‹‹
1731 3050 1808 3110 Οὐ
1844 3053 1918 3125 μή
1977 3050 2087 3106 πίω

442 3141 499 3196 έκ
523 3143 621 3209 τῆς
654 3139 907 3212 ἀμπέλου
935 3139 1158 3209 ταύτης.
1195 3164 1224 3191 ››
1259 3140 1566 3216 Ἐξέρχεται
1600 3142 1675 3203 εἷς
1702 3143 1794 3197 τὸν
1828 3142 2084 3198 έλαιῶνα.

440 3228 726 3306 Προλέγει,
759 3228 841 3284 ὅτι
901 3225 1445 3299 σκανδαλισθήσονται
1502 3232 1553 3285 οἱ
1616 3232 1871 3304 μαθηταί.
1906 3233 2087 3311 ’Διρεὶς

435 3320 562 3381 τοὺς
640 3320 887 3394 μαθητὰς
960 3318 1038 3379 εἷς
1109 3320 1453 3391 Γεθσημαννῖμ
1512 3320 1601 3375 καὶ
1654 3322 2091 3396 προσευξάμενος

433 3409 634 3480 τρίτον,
683 3407 853 3483 λέγει’
915 3432 943 3460 ι(
976 3409 1235 3482 ’Ἄγωμεν
1283 3406 1544 3473 ἐντεῦθεν.
1596 3434 1624 3462 n
1669 3410 1869 3468 Ἦλθεν
1900 3414 1929 3466 ὁ
1957 3411 2091 3468 Ἰού-

439 3497 529 3561 δας
589 3498 722 3572 μετά
771 3502 871 3552 τοῦ
929 3492 1128 3572 ὄχλου,
1158 3497 1247 3552 καὶ
1277 3498 1466 3553 κόπτει
1498 3500 1526 3553 ὁ
1560 3500 1761 3575 Πέτρος
1812 3502 1872 3556 τὸ
1930 3500 2092 3556 ὠτίον

434 3592 529 3643 τοῦ
612 3585 929 3663 παιδαρίου.
990 3589 1230 3661 Ἥγαγον
1318 3590 1524 3655 Ἰησοῦν
1608 3590 1745 3665 πρὸς
1830 3592 2095 3668 Καϊάφαν,

439 3676 647 3750 ἔκριναν
707 3676 891 3745 αὐτὸν,
950 3677 1039 3731 καὶ
1093 3674 1482 3750 κατεδίκασαν,’
1526 3679 1617 3733 καὶ
1694 3678 1990 3750 ἐνέπαιξαν.
2040 3681 2096 3733 Ὁ

440 3766 641 3841 Πέτρος
672 3767 935 3841 ἀρνεῖται.
967 3768 1204 3841 Ἀγουσι
1250 3767 1343 3821 τὸν
1387 3771 1599 3834 Ἰησοῦν
1648 3769 1787 3844 πρὸς
1838 3768 2094 3827 Πιλᾶτον.

439 3856 771 3930 Ἀπάγχεται
835 3852 1063 3916 Ἱδύδας.
1124 3854 1373 3931 Κρίνεται
1439 3857 1467 3910 ὁ
1524 3856 1776 3933 Χριστός.
1838 3858 1900 3913 Ἣ
1960 3859 2096 3935 γυνή

438 3948 535 3998 τοῦ
568 3943 807 3999 Πιλάτου
837 3939 1200 4017 συμϐουλεύει
1235 3944 1381 4017 αὐτῷ
1434 3945 1736 4015 ἀποστῆναι
1766 3952 1864 4002 τοῦ
1896 3948 2096 4018 Ἰησοῦ.

442 4035 578 4086 Εἶτα
616 4037 959 4109 σταυροῦται.
997 4033 1344 4103 Εἶστήκεισαν
1406 4036 1460 4088 αἱ
1516 4036 1640 4111 περὶ
1698 4035 1909 4109 Μαρίαν
1963 4038 2096 4092 θεω-

444 4126 632 4197 ροῦσαι
667 4121 927 4196 μακρόθεν
958 4123 1025 4178 τὰ
1052 4122 1330 4198 γινόμενα.
1364 4119 1642 4197 Λαμϐάνει
1691 4127 1754 4180 τὸ
1798 4131 1955 4200 σῶμα
2003 4132 2099 4183 τοῦ

442 4209 645 4286 Κυρίου
695 4210 914 4286 Ἰωσήφ.
947 4210 1169 4267 Αῗτοῦσι
1212 4212 1313 4280 τὴν
1368 4210 1702 4268 κουστωδίαν
1736 4215 1789 4269 οὶ
1819 4213 2095 4274 Ἰουδαῖοι.

440 4299 505 4358 Αἱ
551 4300 678 4374 περὶ
731 4297 944 4375 Μαρίαν
995 4297 1168 4369 ἦλθον
1224 4299 1451 4376 ἑσπέρας
1509 4301 1585 4365 είς
1642 4303 1734 4357 τὸν
1782 4306 2097 4382 τάφον,καὶ

439 4388 662 4462 σεισμὸς
720 4387 958 4463 ἐγένετο.
1017 4390 1287 4445 Ἤκουσαν
1348 4392 1495 4465 παρά
1544 4396 1641 4446 τοῦ
1698 4392 1952 4470 ἀγγέλου,
2015 4395 2097 4451 ὅτι

441 4479 657 4548 ἀνέστη.
692 4477 1006 4551 Πέμπονται
1066 4479 1170 4533 ὑπὸ
1223 4483 1323 4533 τοῦ
1354 4485 1589 4553 Χριστοῦ
1619 4483 1754 4558 πρὸς
1809 4483 1938 4547 τοὺς
1995 4507 2095 4557 μα-

444 4566 633 4638 θητάς.
664 4568 935 4623 Ἤκουσαν
984 4569 1037 4622 οἱ
1087 4566 1344 4625 Ἰουδαῖοι
1402 4571 1527 4646 περὶ
1586 4577 1683 4625 τοῦ
1740 4579 1966 4647 σεισμοῦ
2008 4575 2097 4630 καὶ

2169 660 2195 687 ‹‹
2218 640 2337 695 Etsi
2369 642 2551 697 monti
2576 641 2673 698 isti
2697 643 2980 710 dixeritis,
3010 645 3227 715 projice
3252 648 3384 701 tein
3408 665 3589 715 mare,
3614 650 3731 717 fiet,
3758 654 3815 705 et

2169 728 2454 798 quidquid
2487 731 2786 787 credentes
2818 733 3126 804 petieritis,
3159 735 3453 806 accipietis
3485 738 3546 789 ⁸⁸.
3574 761 3601 788 ››
3632 740 3816 794 Inter-

2171 823 2378 889 rogant
2405 834 2539 874 eum
2573 821 2921 891 sacerdotes,
2955 822 3249 878 dicentes:
3285 848 3311 875 «
3348 826 3410 879 In
3444 842 3560 897 qua
3617 833 3816 897 potes-

2172 910 2288 961 tate
2319 907 2431 962 ista
2462 907 2605 963 facis
2636 909 2721 963 6‘?
2753 931 2779 958 »
2816 914 2879 963 Et
2909 911 3034 981 ipse
3063 912 3323 968 vicissim
3359 931 3458 969 eos
3500 916 3821 988 interrogat

2171 994 2242 1050 de
2270 996 2567 1066 baptismo
2597 997 2859 1053 Joannis.
2890 998 3035 1054 Dicit
3066 999 3183 1055 illis
3216 1002 3551 1071 parabolam
3575 1005 3643 1058 de
3674 1005 3818 1059 duo-

2170 1085 2283 1141 bus
2317 1085 2453 1139 ﬁliis
2487 1090 2624 1157 (cap.
2657 1088 2796 1156 XXII)
2824 1105 2837 1155 ;
2863 1088 3073 1144 deinde
3105 1090 3173 1144 de
3206 1092 3372 1147 vinea
3401 1097 3457 1147 et
3488 1092 3658 1148 malis
3681 1110 3818 1164 ope-

2172 1173 2363 1243 rariis,
2397 1174 2467 1229 de
2490 1175 2709 1246 nuptiis
2738 1181 2794 1230 et
2823 1176 2893 1231 de
2926 1178 3185 1248 reprobis
3216 1182 3433 1235 vocatis
3508 1182 3670 1237 Tunc
3724 1199 3821 1237 ac-

2174 1263 2389 1319 cedunt
2417 1263 2486 1317 ad
2521 1280 2653 1318 eum
2685 1265 2869 1320 Judaei
2904 1270 2967 1320 ut
2996 1266 3315 1339 illaqueent
3344 1288 3476 1325 eum
3510 1272 3567 1326 in
3602 1288 3823 1327 sermo-

2174 1367 2269 1419 ne,
2297 1357 2355 1407 et
2386 1352 2456 1407 de
2489 1353 2845 1409 numismate
2877 1354 3269 1412 sciscitantur.
3292 1363 3661 1432 Interrogant
3677 1361 3824 1416 Sad-

2175 1440 2357 1497 ducaai
2392 1442 2462 1495 de
2495 1441 2736 1497 muliere
2766 1449 2987 1513 septem
3024 1447 3301 1501 fratribus
3335 1454 3537 1518 nupta.
3571 1451 3718 1505 Tum
3744 1452 3827 1506 le-

2176 1528 2266 1599 gis
2297 1529 2540 1598 peritus,
2574 1530 2644 1584 de
2676 1531 2862 1601 primo
2893 1531 3039 1604 legis
3074 1536 3595 1593 mandato.Deinde
3612 1556 3712 1594 eos
3732 1540 3826 1594 in-

2177 1621 2433 1686 terrogat
2457 1634 2468 1670 :
2495 1640 2523 1667 ‹‹
2548 1618 2695 1680 Quid
2716 1619 2879 1674 vobis
2929 1622 3152 1677 videtur
3191 1624 3260 1680 de
3296 1624 3526 1681 Christo
3546 1627 3574 1681 ?
3595 1649 3620 1677 ››
3670 1627 3825 1699 (Cap.

2180 1722 2317 1772 xm,
2356 1708 2514 1777 xm.)
2555 1706 2656 1762 His
2687 1708 2784 1763 ubi
2809 1725 2873 1764 os
2894 1710 3515 1783 obturasset,loquitur
3534 1717 3725 1772 turbis
3756 1719 3829 1773 de

2182 1794 2404 1850 Scribis
2433 1802 2489 1852 et
2515 1796 2820 1852 Pharismis
2839 1800 2988 1870 (cap.
3013 1800 3196 1870 xxm),
3225 1802 3470 1858 miseros
3486 1804 3686 1861 dicens
3706 1823 3827 1863 eos.

1262 1892 1321 1946 Τί
1377 1893 1506 1964 ὑμῖν
1594 1889 1743 1947 δοκεῖ
1796 1892 1920 1968 περὶ
1975 1896 2074 1946 τοῦ

2195 1885 2391 1941 Postea
2415 1902 2690 1957 egressus
2722 1905 2789 1943 ex
2815 1890 3033 1960 templo
3065 1894 3327 1947 ascendit
3348 1895 3405 1948 in
3432 1902 3693 1951 montem
3714 1896 3832 1952 Oli-

2183 1990 2411 2037 varum,
2443 1977 2724 2046 atqueibi
2759 1978 2829 2032 de
2889 1980 3060 2035 rebus
3115 1982 3328 2039 futuris
3385 1985 3454 2039 ad
3514 1986 3835 2058 discipulos

2186 2063 2422 2121 disserit
2449 2067 2586 2134 (cap.
2622 2069 2797 2133 xxxv).
2836 2068 3047 2123 Deinde
3080 2072 3419 2141 parabolam
3479 2075 3717 2145 subjicit
3763 2076 3835 2131 de

2188 2168 2351 2210 servo
2375 2170 2553 2225 supra
2571 2156 2811 2212 domum
2837 2158 3151 2215 canstituto
3173 2162 3312 2231 (cap.
3347 2164 3497 2235 xxv),
3524 2167 3711 2236 deque
3732 2166 3835 2221 de-

2189 2256 2314 2295 cem
2346 2240 2694 2312 virginibus,
2728 2243 2798 2298 de
2828 2245 2981 2301 138
3042 2246 3303 2318 quinque
3362 2249 3596 2306 talentis
3653 2258 3708 2307 et
3768 2254 3839 2309 de

2192 2329 2381 2385 haedis
2412 2346 2477 2384 ac
2509 2330 2733 2387 ovibus.
2768 2333 3207 2405 Congregantur
3232 2338 3524 2409 principes
3562 2342 3840 2397 Sacerdo—

2191 2425 2407 2476 tumet
2457 2421 2692 2492 Scriba,
2755 2427 3157 2482 consultantes
3219 2431 3511 2500 quomodo
3568 2437 3846 2502 caperent

2194 2524 2328 2565 eum
2361 2510 2503 2581 (cap.
2537 2514 2708 2583 xxvr).
2742 2512 2868 2585 Ipse
2897 2531 3029 2570 vero
3063 2516 3399 2573 Bethaniam
3432 2520 3586 2575 venit
3619 2522 3675 2575 in
3736 2523 3843 2577 do-

2196 2614 2357 2653 mum
2382 2599 2765 2668 Simonis,uhi
2787 2604 2858 2657 ad
2884 2619 3015 2658 eum
3047 2606 3289 2675 accedit,
3326 2624 3451 2678 quea
3475 2608 3841 2667 alabastrum

2198 2686 2468 2744 habebat.
2502 2689 2856 2745 Pasciscilur
2877 2691 3060 2748 Judas
3082 2710 3213 2748 cum
3251 2695 3495 2751 Judaeis.
3529 2698 3847 2755 Mittuntur

2199 2774 2471 2849 discipuli
2503 2780 2573 2834 ad
2606 2781 2932 2851 parandum
2970 2782 3214 2839 Pascha.
3275 2786 3577 2842 Convincit
3634 2790 3844 2845 ludam

2199 2868 2489 2925 Christus.
2523 2870 2729 2925 Tradit
2759 2873 3139 2943 mysterium:
3196 2880 3397 2945 postea
3444 2877 3621 2933 dicit:
3659 2902 3686 2927 ‹‹
3721 2879 3845 2934 Non

2199 2958 2393 3014 bibam
2425 2958 2683 3031 amplius
2714 2978 2783 3017 ex
2813 2960 2920 3015 hac
2951 2962 3064 3017 vite
3091 2963 3155 3017 ⁵⁸.
3204 2985 3231 3013 ››
3264 2965 3576 3035 Egreditur
3596 2967 3654 3021 in
3680 2985 3846 3023 mon-

2199 3051 2316 3102 tem
2346 3047 2661 3104 Olivarum.
2689 3050 2958 3104 Prmdicit
2985 3052 3398 3107 oﬁ‘endiculum
3441 3071 3723 3125 passuros
3756 3057 3847 3111 di-

2199 3140 2476 3211 scipulos.
2511 3139 2810 3211 Relinquit
2855 3140 3177 3214 discipulos
3213 3144 3271 3198 in
3329 3146 3738 3215 Gethsemane,
3771 3158 3849 3215 et,

2203 3234 2517 3301 postquam
2548 3230 2717 3286 tertio
2750 3236 2994 3300 orasset,
3025 3254 3054 3281 ‹‹
3088 3233 3305 3288 Eamus
3336 3234 3473 3290 hinc
3491 3236 3556 3291 ⁸⁷.
3590 3258 3616 3285 ››
3678 3236 3854 3293 Venit

2201 3318 2387 3375 Judas
2417 3336 2552 3374 cum
2578 3320 2791 3376 turba:
2826 3325 3033 3376 Petrus
3066 3327 3335 3394 amputat
3362 3325 3687 3381 auriculam
3738 3344 3857 3383 ser-

2204 3408 2345 3463 vuli.
2379 3409 2614 3465 Ducunt
2641 3410 2836 3465 Iesum
2870 3411 2943 3465 ad
2974 3410 3274 3483 Caipham.
3302 3413 3580 3469 Judicant
3607 3431 3742 3471 eum
3800 3422 3858 3472 et

2209 3498 2623 3568 condemnant,
2653 3502 2713 3553 et
2740 3498 3004 3554 irrident.
3040 3499 3245 3556 Petrus
3276 3508 3468 3574 negat.
3505 3508 3734 3560 Ducunt
3761 3505 3857 3561 Je-

2208 3603 2340 3642 sum
2373 3586 2446 3642 ad
2479 3586 2732 3643 Pilatum
2767 3587 2908 3659 (cap.
2943 3592 3145 3656 xxvu).
3178 3591 3523 3663 Strangulat
3553 3609 3615 3648 se
3649 3593 3856 3651 Judas.

2206 3674 2516 3730 Judicatur
2542 3676 2832 3731 Christus.
2866 3675 3051 3731 Pilato
3081 3678 3340 3733 consulit
3397 3697 3543 3736 uxor
3593 3683 3744 3753 ejus,
3795 3688 3861 3739 ut

2210 3764 2501 3820 abstineat
2531 3782 2565 3820 a
2590 3764 2733 3819 Jeeu
2761 3781 2773 3819 :
2807 3769 3011 3835 postea
3043 3766 3425 3839 cruciﬁgitur.
3451 3769 3621 3825 Stant
3653 3771 3859 3828 mulieo

2209 3868 2325 3919 res,
2356 3870 2486 3925 quas
2516 3870 2649 3909 cum
2680 3855 2861 3909 Maria
2889 3859 3077 3925 erant,
3112 3861 3441 3928 spectantes
3471 3876 3503 3913 a
3533 3859 3861 3932 longe,quas

2211 3943 2434 4000 fierent.
2462 3944 2685 4016 Corpus
2717 3944 2947 4000 Domini
2980 3945 3193 4017 accipit
3212 3946 3450 4018 Joseph.
3482 3952 3697 4003 Petunt
3726 3967 3858 4007 cus~

2208 4036 2430 4092 todiam
2460 4034 2668 4090 Judaei.
2702 4034 2995 4104 Mulieres,
3028 4052 3155 4106 quas
3187 4052 3323 4091 cum
3356 4038 3537 4093 Maria
3557 4046 3724 4095 erant
3745 4058 3867 4097 ves-

2211 4142 2346 4199 pere
2374 4125 2617 4180 veniunt
2647 4125 2718 4178 ad
2752 4124 3087 4195 sepulcrum
3119 4130 3261 4198 (cap.
3293 4130 3517 4201 xxvm),
3549 4134 3606 4184 et
3634 4130 3699 4185 ﬁt
3749 4136 3863 4186 ter-

2212 4235 2286 4273 ra-
2318 4220 2535 4283 motus,
2569 4214 2937 4285 audiuntque
2959 4216 3030 4269 ab
3064 4216 3291 4289 angelo,
3327 4220 3481 4290 quod
3527 4237 3862 4276 resurrexe-

2211 4306 2303 4360 rit.
2341 4303 2723 4358 Mittuntura
2776 4301 3008 4357 Christo
3066 4303 3135 4356 ad
3195 4305 3540 4377 discipulos.
3602 4309 3866 4363 Audiunt

2206 4393 2394 4449 Judaei
2426 4393 2497 4447 de
2527 4396 2696 4446 terrae
2727 4395 2889 4445 motu
2919 4395 2976 4445 et
3006 4393 3453 4457 resurrectione,
3478 4396 3738 4467 dantque
3764 4412 3863 4468 pe-

2205 4483 2446 4539 cuniam
2473 4480 2841 4547 custodibus,
2874 4480 3327 4535 utmentiantur.
3374 4481 3631 4537 Veniunt
3688 4484 3866 4540 disci-

2210 4572 2333 4646 puli
2363 4572 2435 4627 ad
2461 4571 2665 4627 Jesum
2722 4570 2783 4624 in
2833 4570 3155 4626 Galilaeam.
3216 4571 3422 4625 Tradit
3472 4572 3592 4628 illis
3641 4574 3863 4646 baptis-

443 4663 542 4726 τῆς
572 4657 933 4727 ἀναστάσεως,
967 4657 1057 4712 καὶ
1117 4655 1321 4713 ἔδωκαν
1380 4661 1644 4735 χρήματα
1672 4668 1788 4724 τοῖς
1849 4663 2097 4741 φύλαξιν,
2127 4656 2178 4723 D
2212 4685 2397 4725 mum.

437 4742 532 4800 ’ίνα
613 4745 939 4820 ψεύσωνται.
1004 4744 1202 4802 Ἦλθον
1282 4748 1335 4802 οἱ
1424 4750 1660 4821 μαθηταὶ
1733 4754 1869 4826 πρὸς
1950 4758 2044 4812 τὸν
2108 4759 2343 4830 -Ἰησοῦν
2424 4753 2502 4816 εἷς
2582 4753 2689 4821 τήν
2760 4748 3078 4807 Γαλιλαίαν.
3138 4747 3511 4826 Παραδίδωσιν
3572 4751 3757 4815 αὐτοῖς
3801 4753 3865 4807 τὸ

450 4836 748 4910 βάπτισμα.

711 4936 936 4997 Βιϐλίον
962 4942 1031 5018 β’,
1062 4943 1210 4997 Κατᾶ
1237 4942 1460 5019 Μάρκον
1490 4946 1828 5023 Εὑαγγέλιον

516 5050 605 5107 48.
660 5047 920 5122 Ἰωάννης
984 5048 1229 5125 βαπτίζει
1285 5049 1414 5113 τοὺς
1473 5050 1786 5117 Ἰουδαίους.
1841 5057 2100 5134 Ἔρχεται

444 5136 550 5193 ἀπὸ
608 5136 1205 5215 ΝαζαρὲφὸΧριστὸς,
1267 5135 1590 5216 ἐϐαπτίσθη,
1643 5143 1733 5197 καὶ
1791 5142 1960 5214 ἦλθεν
2022 5148 2100 5213 εἷς

440 5226 537 5295 τὴν
598 5221 805 5302 ἔρημον
868 5233 1248 5303 πειρασθῆναι.
1285 5229 1419 5285 Εἶτα
1478 5230 1554 5295 εἰς
1611 5233 1711 5301 τὴν
1774 5232 2100 5307 Γαλιλαίαν,

445 5312 839 5391 παραδοθέντος
869 5316 1145 5387 Ἰωάννου,
1187 5317 1278 5373 καὶ
1326 5317 1480 5374 καλιι
1536 5318 1662 5384 τοὺς
1714 5323 1838 5398 περί
1897 5325 2098 5401 Πέτρον

443 5404 530 5459 καὶ
591 5399 872 5463 Ἰάκωϐον.
906 5404 1228 5483 Εἷσέρχεται
1287 5406 1363 5470 εἷς
1422 5409 1802 5487 Καπερναοὺμ,
1839 5399 2099 5487 διδάσκει,

2390 4953 2556 5011 Liber
2583 4954 2653 5019 Il,
2686 4951 3058 5024 Evangelium
3085 4951 3381 5009 secundum
3414 4957 3687 5009 Marcum.

2286 5063 2373 5119 48.
2404 5065 2661 5119 Joannes
2694 5057 2953 5131 baptizat
3002 5058 3236 5115 Judaeos
3293 5064 3437 5131 (cap.
3484 5062 3548 5131 ι).
3600 5059 3868 5117 Christus

2210 5149 2374 5205 venit
2404 5164 2438 5203 a
2468 5145 2779 5215 Nazareth,
2811 5145 3169 5216 baptizatur,
3203 5151 3259 5202 et
3290 5147 3410 5202 abit
3438 5146 3496 5199 in
3548 5147 3867 5216 desertum,

2214 5243 2281 5293 ut
2310 5240 2588 5295 tentetur.
2622 5235 2828 5291 Postea
2857 5250 3016 5300 vero,
3050 5236 3264 5291 tradito
3292 5235 3537 5301 Joanne,
3598 5237 3754 5291 venit
3808 5237 3867 5294 in

2211 5326 2531 5392 Galilaeam,
2564 5329 2622 5380 et
2651 5326 2818 5378 vocat
2848 5324 3081 5377 Petrum
3140 5339 3272 5377 cum
3334 5322 3531 5390 fratre,
3583 5326 3867 5383 Jacobum

2213 5417 2353 5472 item
2384 5431 2520 5470 cum
2545 5414 2744 5469 fratre.
2778 5411 3112 5483 Ingreditur
3158 5409 3523 5481 Capernaum
3584 5414 3727 5486 (cap.
3778 5414 3866 5484 ιι),

522 5602 568 5636 ⁸⁸
599 5602 806 5659 Matth.
838 5619 954 5674 XXI,
983 5605 1075 5659 22.
1150 5604 1196 5638 “
1225 5604 1369 5660 ibid.
1399 5605 1489 5660 23.
1566 5606 1611 5641 “
1642 5606 1849 5665 Matth.
1880 5626 2036 5681 xxvr,
2063 5613 2154 5667 29.
2232 5613 2275 5647 ⁸⁷
2307 5611 2450 5667 ibid.
2488 5610 2577 5667 46.

526 5734 665 5807 (30*)
694 5738 739 5808 Γ.
769 5733 1010 5805 κλητῶν.
