4170 6354
365 384 476 442 391

1555 380 1619 438 S.
1667 370 2192 437 A'I‘HANASIUS.
2223 406 2300 418 —
2329 379 2593 440 DUBIA.

3672 389 3790 448 392

371 515 560 576 docet,
591 518 747 566 curat
772 511 848 566 ibi
871 511 1318 581 dasmoniacum,
1342 516 1475 582 post
1513 510 1668 565 hunc
1698 507 1872 563 etiam
1919 522 1982 560 so

2125 506 2404 579 θεραπεύει
2459 509 2548 561 τὸν
2600 507 3053 584 δαιμονιζόμενον
3102 511 3232 581 ἐκεῖ,
3286 512 3400 566 εἶτα
3445 515 3544 581 τὴν
3601 527 3788 579 πενθε-

373 619 536 657 crum
554 601 786 669 Petri,et
802 601 1018 657 multos
1037 601 1180 656 alios
1195 600 1416 672 vesperi
1432 597 1936 669 sanat.Egreditur
1955 593 2012 648 in

370 690 768 746 solitudinem.
793 690 1012 744 Circuit
1037 689 1537 745 Galilaeamﬂurat
1561 687 1880 758 leprosum.
1909 683 2012 737 Ve-

2127 594 2219 666 ράν
2257 595 2478 669 ΙΙέτρου,
2511 598 2597 650 καὶ
2631 597 2876 661 πολλοὺς
2910 601 2959 655 ἐν
3001 605 3069 674 τῇ
3117 603 3315 676 ἐσπέρᾳ
3365 601 3530 670 ἰᾶται,
3565 602 3781 672 tamen

2126 681 2200 743 είς
2240 685 2338 752 τὴν
2391 683 2618 758 ἔρημον,
2671 696 2901 763 περιῆγε
2966 691 3063 758 τήν
3115 688 3434 744 Γαλιλαίαν.
3490 693 3782 759 Θεραπεύει

367 781 455 834 nit
484 779 849 849 Capernaum
884 783 1022 849 (cap.
1059 780 1140 848 ιι).
1197 784 1375 832 Sanat
1405 775 1815 849 paralyticum,
1849 773 1988 826 doce

2120 771 2211 824 τὸν
2275 771 2496 848 λεπρόν.
2551 781 2808 851 Ἔρχεται
2875 777 2951 840 εἷς
3021 779 3405 853 Καπερναούμ.
3456 780 3617 836 Ἰἆται
3687 783 3779 836 τὸν

365 873 618 924 turbam.
654 867 834 922 Vocat
865 867 995 922 Levi
1028 868 1214 922 ﬁlium
1247 867 1495 938 Alphosi,
1533 865 1849 919 manducet
1874 876 2007 916 cum

362 957 712 1028 publicanis.
747 963 1043 1012 Accusant
1073 974 1206 1012 eum
1267 957 1376 1012 hoc
1427 956 1661 1010 nomine
1708 950 2006 1007 Pharisaei.

364 1048 642 1111 Quaerunt
672 1046 742 1099 de
765 1045 989 1114 jejunio
1048 1045 1320 1115 discipuli
1368 1044 1652 1099 Joannis:
1702 1042 1827 1112 ipse
1875 1055 2008 1093 vero

360 1137 682 1208 discipulos
714 1135 992 1190 defendit.
1027 1136 1262 1190 Transit
1294 1153 1394 1206 per
1448 1140 1593 1188 sata.
1645 1134 1819 1187 Curat
1871 1145 2003 1184 eum

362 1227 460 1296 qui
514 1242 754 1279 manum
789 1224 1037 1278 habebat
1084 1225 1307 1278 aridam
1355 1227 1492 1293 (cap.
1530 1223 1636 1292 ιιι).
1671 1221 1902 1276 Secedit
1933 1218 2004 1272 ad

359 1330 541 1368 mare.
566 1312 842 1383 Sequitur
860 1329 994 1366 eum
1033 1312 1345 1366 multitudo
1380 1327 1613 1381 magna.
1641 1310 2008 1364 Confitentur

353 1402 668 1456 daemones.
705 1402 948 1455 Advocat
979 1401 1049 1455 ad
1083 1417 1143 1455 se
1176 1400 1484 1454 duodecim
1547 1397 1888 1468 discipulos,
1938 1403 2002 1453 ut

353 1491 548 1546 mittat
572 1507 672 1545 eos
693 1489 1093 1560 praedicatum.
1150 1489 1314 1543 Tunc
1361 1487 1546 1542 Judzei
1581 1487 1822 1541 dicunt:
1878 1505 1905 1534 ‹‹
1937 1483 2000 1540 In

350 1579 652 1635 Beelzebul
675 1577 1240 1648 ejicitldaemonia“.
1264 1601 1289 1625 ››
1342 1577 1513 1630 Venit
1551 1576 1621 1630 ad
1653 1591 1784 1630 eum
1817 1573 2003 1628 Mater

353 1671 502 1740 ejus.
530 1668 860 1740 Ingreditur
883 1668 1073 1721 navim
1099 1669 1238 1738 (cap.
1267 1667 1364 1737 iv),
1402 1664 1733 1737 parabolam
1757 1663 1899 1718 dicit
1929 1664 2000 1717 de

350 1758 702 1822 seminante,
737 1757 872 1811 item
908 1757 978 1811 de
1009 1773 1170 1827 agro,
1202 1761 1259 1810 et
1289 1757 1359 1810 de
1391 1755 1602 1826 sinapi.
1630 1755 2000 1824 Tempestate

336 1849 643 1920 jactentur
666 1847 937 1919 discipuli
970 1847 1026 1901 in
1053 1847 1220 1900 mari.
1247 1847 1511 1916 Increpat
1535 1843 1989 1899 mareChristus.

2107 1839 2443 1913 σπείροντος,
2475 1841 2572 1909 τήν
2632 1847 2728 1896 τοῦ
2787 1842 2978 1919 ἀγροῦ,
3010 1845 3110 1912 τήν
3168 1848 3265 1898 τοῦ
3316 1843 3600 1904 σινάπεως.
3634 1845 3761 1900 Χει-

343 1938 593 1992 Curatur
623 1935 1017 1990 demoniacus
1052 1934 1111 1988 in
1145 1939 1298 1988 terra
1349 1934 1813 2004 Gergesenorum
1847 1932 1985 2002 (cap.

343 2025 418 2096 v).
449 2025 606 2080 Porci
631 2024 690 2080 in
714 2041 876 2079 mare
898 2023 1221 2095 praecipites
1244 2023 1476 2078 dantur.
1519 2021 1902 2090 Trunsfretat,
1933 2025 1992 2076 et

338 2113 535 2169 Jairus
567 2130 670 2185 pro
704 2113 824 2168 filia
855 2118 1000 2168 orat.
1035 2114 1288 2168 Sanatur
1317 2111 1777 2166 haemorrhousa.
1823 2108 1992 2164 Venit

338 2201 397 2255 in
425 2200 670 2272 patriam
697 2200 836 2272 (cap.
863 2199 1448 2270 v1),scandalizantur
1470 2215 1649 2270 super
1669 2197 1820 2270 ipso.
1858 2201 1989 2252 Haec

342 2289 520 2344 dicit:
561 2313 581 2337 ε
619 2295 742 2344 Non
775 2295 865 2344 est
898 2289 1183 2360 propheta
1239 2289 1460 2358 absque
1507 2287 1748 2351 honore,
1782 2285 1894 2340 nisi
1929 2285 1987 2340 in

342 2376 532 2446 patria
561 2393 669 2431 sua
696 2375 758 2431 ⁸³.
795 2399 822 2425 n
867 2375 1044 2430 Mittit
1086 2374 1408 2446 discipulos
1461 2375 1629 2429 binos
1677 2389 1743 2427 ac
1791 2373 1986 2438 binos,

341 2465 644 2536 multaque
671 2464 785 2519 illis
819 2465 1080 2519 mandat.
1115 2464 1438 2534 Subjicitur
1466 2462 1712 2518 historia
1760 2478 1985 2525 eorum,

340 2569 464 2621 qua:
493 2553 566 2606 ab
586 2551 809 2606 Herode
830 2555 959 2606 acta
989 2559 1283 2606 suntcum
1323 2551 1570 2606 Joanne.
1607 2550 1877 2605 Redeunt
1915 2551 1984 2604 ad

339 2641 635 2695 Christum
666 2639 958 2712 discipuli.
997 2640 1109 2695 Alit
1137 2640 1362 2696 turbas.
1397 2640 1643 2694 Advenit
1673 2639 1742 2695 ad
1806 2639 1981 2694 disci-

339 2731 510 2801 pulos
535 2731 1169 2800 tempestatejactatos.
1201 2728 1374 2784 Venit
1405 2729 1761 2784 Gennesaret
1799 2734 1857 2783 et
1887 2745 1988 2784 cu-

342 2826 432 2875 rat
463 2819 698 2875 multos.
737 2821 1004 2892 Disputat
1034 2820 1103 2874 de
1131 2819 1400 2875 manibus
1433 2819 1615 2874 illotis
1661 2819 1802 2890 (cap.
1865 2823 1985 2888 v11).

342 2909 510 2964 Venit
540 2909 775 2982 Tyrum.
835 2913 1014 2964 Sanat
1071 2907 1250 2964 filiam
1311 2908 1787 2980 Syrophmnissaa,
1848 2907 1987 2963 item

337 3000 586 3054 surdum
620 3005 678 3054 et
709 2998 1002 3070 impeditae
1035 2997 1270 3069 linguis.
1294 2995 1414 3050 Alit
1437 2997 1668 3051 turbam
1697 2997 1986 3068 (cap.vm).

335 3089 580 3160 Signum
613 3093 821 3158 petunt
863 3086 1072 3151 Judaei,
1111 3089 1169 3140 at
1199 3084 1296 3139 ille
1331 3084 1558 3139 nullum
1597 3085 1716 3140 dat.
1776 3085 1984 3156 Loqui-

335 3181 432 3232 tur
454 3176 759 3248 discipulis
787 3176 859 3230 de
881 3175 1164 3230 fermento
1188 3173 1704 3239 Pharismorum,et
1724 3174 1986 3244 increpat

2120 859 2510 933 παραλυτικὸν·
2563 861 2800 920 διδάσκει
2859 867 2951 921 τὸν
3003 863 3196 941 ὄχλον,
3264 867 3430 922 Καλεῖ
3479 871 3570 922 τὸν
3624 871 3780 925 Λευῒν

2117 949 2207 1001 τὸν
2257 949 2542 1027 ⁹Αλφαίου.
2580 954 2774 1016 Ἐσθίει
2831 955 2963 1027 μετὰ
3007 961 3116 1009 τῶν
3164 957 3441 1012 τελωνῶν.
3473 956 3778 1030 Ἐγκαλοῦ-

2120 1058 2200 1089 σιν
2249 1040 2298 1091 οἱ
2356 1046 2645 1110 Φαρισαῖοι
2699 1043 2830 1119 ὑπὲρ
2879 1043 3096 1100 τούτου.
3132 1047 3197 1102 Οἱ
3253 1046 3489 1117 μαθηταὶ
3521 1046 3774 1101 Ἰωάννου

2120 1125 2250 1200 ὑπὲρ
2317 1135 2414 1196 τῆς
2487 1129 2738 1198 νηστείας
2816 1132 3116 1187 αἰτιῶνται·
3179 1135 3208 1188 ὁ
3269 1131 3325 1188 δὲ
3401 1133 3772 1208 ἀπολογεῖται.

2116 1213 2397 1290 Διέρχεται
2434 1215 2521 1271 διὰ
2552 1223 2658 1272 τῶν
2693 1221 3000 1295 σπορίμων.
3036 1222 3325 1296 Θεραπεύει
3355 1223 3444 1276 τὸν
3476 1223 3576 1290 τὴν
3613 1223 3776 1298 ξηρὰν

2115 1309 2272 1379 χεῖρα
2290 1304 2875 1384 [ἕχοντα].Ἀναχωρεῖ
2903 1311 3040 1386 πρὸς
3070 1313 3168 1379 τὴν
3203 1309 3496 1366 θάλασσαν.
3515 1311 3777 1366 Ἀκολου-

2115 1398 2198 1455 θεῖ
2227 1393 2373 1465 αὐτῷ
2407 1394 2618 1464 πλῆθος
2639 1396 2805 1454 πολύ.
2821 1398 3218 1475 Ὁμολογοῦσιν
3241 1401 3294 1454 οἱ
3317 1397 3774 1475 δαίμονεςοηροσ-

2110 1480 2354 1537 καλεῖται
2405 1483 2530 1545 τοὺς
2585 1482 2816 1556 δώδεκα,
2862 1485 2954 1542 τίνα
3006 1489 3304 1563 ἀποστείλῃ
3361 1489 3580 1551 αὐτούς.
3633 1489 3774 1546 Τότε

2112 1567 2360 1646 λέγουσιν
2409 1574 2460 1626 οἱ
2510 1571 2784 1629 Ἰουδαῖοι·
2818 1601 2844 1627 ‹‹
2882 1577 2966 1630 Ἐν
3010 1573 3349 1646 Βεελζεϐοὺλ
3399 1573 3657 1632 ἐκϐάλλει
3706 1579 3773 1633 τὰ

2110 1656 2382 1733 δαιμόνιοι.
2435 1686 2461 1712 ››
2513 1669 2771 1738 Ἔρχεται
2815 1667 2849 1733 ἡ
2906 1668 3102 1740 Μήτηρ
3170 1665 3334 1720 αὐτοῦ
3384 1667 3520 1741 πρὸς
3578 1665 3764 1722 αὐτόν.

2109 1744 2385 1821 Ἐμϐαίνει
2447 1751 2520 1812 εἰς
2578 1751 2637 1806 τὸ
2696 1753 2913 1809 πλοῖον.
2951 1754 3102 1830 Λέγει
3150 1755 3249 1824 τῆν
3295 1751 3617 1830 παραϐολὴν
3669 1760 3764 1809 τοῦ

2107 1929 2362 1999 μάζονται
2425 1929 2475 1982 ἐν
2533 1933 2601 2003 τῇ
2663 1930 2902 2005 θαλάσσῃ
2959 1933 3011 1986 οἱ
3064 1933 3322 2005 μαθηταί.
3377 1935 3635 2005 Ἐπιτιμᾷ
3689 1936 3758 2004 τῇ

2100 2013 2341 2091 Θαλάσσῃ
2372 2020 2398 2071 ὁ
2448 2019 2697 2093 Χριστός.
2757 2015 3112 2094 Θεραπεύεται
3175 2023 3202 2076 ὁ
3262 2019 3534 2094 δαιμονῶν
3588 2021 3638 2076 ἐν
3687 2025 3757 2095 τῇ

2099 2105 2260 2179 χώρᾳ
2306 2111 2413 2160 τῶν
2454 2113 2817 2183 Γεργεσήνῶν.
2860 2110 2922 2162 Οἱ
2973 2115 3158 2186 χοῖροι
3208 2110 3504 2186 πνίγονται.
3555 2110 3754 2175 Ἦλθεν

2101 2193 2174 2254 εἷς
2206 2195 2268 2248 τὸ
2323 2195 2511 2270 πέραν,
2543 2196 2629 2250 καὶ
2663 2196 2885 2272 Ἰάειρος
2930 2198 3060 2271 ὑπὲρ
3109 2200 3210 2268 τῆς
3259 2200 3521 2276 θυγατρὸς
3584 2200 3746 2270 ἀξιοῖ.

2099 2281 2294 2352 Elui;
2331 2284 2700 2358 αἳμορῥοοῦσα
2753 2285 2916 2342 ἲῖιται.
2949 2287 3146 2350 Ἦλθεν
3208 2287 3282 2348 εἷς
3335 2289 3434 2357 τὴν
3495 2287 3753 2362 πατρίδα,

2098 2367 2538 2440 σκανδαλίζονται
2615 2372 2700 2428 ἐπ’
2756 2373 2937 2444 αὐτῷ.
2997 2376 3250 2430 Ἐνταῦθα
3309 2373 3491 2453 λέγει·
3557 2401 3583 2427 ι(
3646 2379 3756 2432 Οὑκ

2098 2457 2208 2514 ἔστι
2259 2464 2546 2538 προφήτης
2596 2461 2816 2535 ἄτιμος,
2848 2463 2891 2517 εἰ
2945 2465 3020 2534 μή
3067 2463 3116 2518 ἐν
3148 2469 3216 2527 τῇ
3249 2463 3469 2539 πατρίδι
3503 2465 3686 2521 αὐτοῦ.
3730 2491 3750 2516 ι

2100 2551 2309 2622 Πέμπει
2339 2550 2466 2611 τοὺς
2503 2551 2748 2622 μαθητὰς
2798 2551 2895 2605 ἀνά
2946 2551 3065 2609 δύο.
3121 2553 3497 2626 ἐντειλάμενος
3546 2553 3752 2611 πολλά·

2097 2637 2230 2692 Εἶτα
2277 2641 2342 2692 τὰ
2381 2641 2515 2693 κατά
2555 2637 2804 2715 Ἡρώδην
2847 2641 2937 2694 καὶ
2985 2641 3262 2711 Ἰωάννην.
3312 2643 3653 2712 Ἐπανῆλθον
3707 2643 3756 2698 οἱ

2104 2729 2338 2800 μαθηταὶ
2369 2729 2503 2804 πρὸς
2543 2728 2724 2784 αὐτόν.
2766 2730 2956 2807 Τρέφει
3006 2729 3132 2792 τοὺς
3183 2725 3409 2806 ὄχλους.
3448 2732 3754 2808 Ἐφίστάται

2082 2817 2524 2891 -χειμαζομένοις
2556 2823 2672 2880 τοῖς
2722 2823 3010 2890 μαθηταῖς.
3043 2817 3237 2882 Ἦλθεν
3282 2819 3356 2881 εἰς
3405 2821 3749 2892 Γεννησαρὲτ,

2098 2905 2187 2959 καὶ
2219 2905 2538 2980 ἐθεράπευσε
2566 2904 2835 2968 πολλούς.
2871 2907 2996 2983 Περὶ
3029 2907 3262 2962 ἀνίπτων
3314 2913 3516 2984 χειρῶν
3563 2906 3748 2964 διαλέ-

2097 3015 2269 3068 γεται.
2313 2993 2507 3050 Ἦλθεν
2560 2995 2637 3057 είς
2710 2994 2898 3069 Τύρον.
2952 2997 3115 3051 Ἰἆται
3183 2998 3282 3066 τὴν
3342 2997 3601 3074 θυγατέρα
3647 3004 3746 3066 τῆς

2100 3084 2607 3160 Συροφοινικίσσης,
2660 3083 2772 3138 εἶτα
2838 3083 2930 3138 τόν
3007 3086 3189 3164 κωφὸν
3266 3086 3354 3140 καὶ
3417 3085 3746 3161 μογιλάλον.

2097 3171 2285 3250 Τρέφει
2315 3173 2402 3228 τὸν
2434 3171 2628 3249 ὄχλον.
2664 3178 2904 3246 Σημεῖον
2957 3173 3192 3228 αἷτοῦσιν
3244 3175 3296 3228 οἱ
3348 3173 3629 3244 Ἰουδαῖοι,
3659 3177 3751 3230 καὶ

337 3233 642 3322 eos.Curat
667 3281 878 3320 caecum
918 3263 1260 3318 Bethsaide.
1296 3233 1636 3334 lnterrogatv
1658 3263 1734 3316 di.
1756 3233 1982 3334 cipulos

2101 3233 2159 3316 οῦ
2193 3233 2401 3318 έίδωσι.
2437 3233 2565 3337 Πῖρῖ
2604 3269 2703 3331 τῆς
2733 3233 2915 3335 ’ξύμης
2947 3267 3053 3316 τῶν
3101 3264 3412 3337 Φαρισαίων
3465 3233 3634 3338 λέγελ
3659 3265 3749 3318 καὶ

341 3355 410 3410 de
441 3356 635 3424 seipso
661 3371 674 3408 :
711 3353 916 3408 Petrus
945 3352 1279 3417 confitetur,
1310 3355 1366 3405 et
1397 3351 1731 3421 increpatur
1761 3351 1981 3422 passio-

345 3444 436 3497 nis
459 3458 657 3496 causa.
683 3440 784 3495 Hic
809 3440 950 3494 dicit
973 3439 1274 3494 Christus:
1303 3461 1330 3487 ‹‹
1352 3440 1412 3494 Si
1453 3437 1585 3510 quis
1634 3438 1757 3494 vult
1791 3439 1984 3494 venire

335 3536 469 3602 post
488 3546 580 3584 me
600 3530 661 3581 7°.
686 3555 706 3581 ι
735 3529 1211 3597 Transﬁguratur
1228 3528 1285 3582 in
1311 3533 1507 3582 monte
1530 3528 1669 3598 (cap.
1686 3527 1982 3598 1x),loqui-

337 3625 434 3673 tur
457 3619 528 3673 de
561 3617 1041 3672 Elia.Adducitur
1071 3617 1142 3671 ad
1166 3633 1298 3672 eum
1325 3615 1624 3671 lunaticus
1644 3620 1702 3670 et
1723 3622 1984 3670 curatur.

333 3705 602 3762 Praedicit
658 3704 969 3778 discipulis
1031 3710 1279 3760 mortem
1338 3721 1406 3759 ac
1491 3704 1979 3760 resurrectionem

333 3813 526 3862 suam,
560 3802 616 3851 et
646 3797 908 3867 increpat
937 3811 1058 3862 eos,
1094 3795 1249 3865 quod
1284 3795 1355 3848 de
1387 3794 1645 3865 primatu
1665 3794 1722 3847 in
1746 3794 1840 3848 via
1859 3795 1982 3848 dis-

337 3891 702 3956 putaverant.
740 3885 838 3939 Hic
871 3883 1050 3938 dicit:
1085 3906 1111 3932 «
1148 3883 1254 3949 Qui
1292 3900 1405 3938 non
1439 3888 1528 3938 est
1556 3898 1809 3953 mecum,
1844 3899 1984 3938 con-

333 3979 426 4029 tra
456 3991 550 4030 me
580 3979 671 4029 est
697 3974 739 4007 τί
775 3993 803 4022 ››
837 3972 907 4027 de
953 3989 1040 4039 eo,
1101 3972 1201 4043 qui
1253 3972 1544 4026 damonia
1599 3970 1870 4042 ejiciebat
1926 3972 1984 4026 in

338 4064 486 4118 181
515 4063 706 4134 ipsius
728 4061 985 4116 nomine.
1020 4065 1157 4116 Post
1186 4060 1305 4115 haec
1335 4059 1477 4114 dicit
1501 4077 1562 4114 τι(
1603 4060 1712 4124 Qui
1735 4061 1984 4115 scanda-

344 4153 666 4208 lizaverunt
689 4167 868 4205 unum
887 4167 954 4206 ex
975 4149 1205 4222 pusillis
1230 4151 1294 4202 ⁷³.
1328 4173 1348 4198 n
1386 4150 1455 4204 Et
1483 4148 1628 4204 illud
1657 4167 1670 4204 :
1708 4172 1734 4200 ‹‹
1763 4150 1987 4206 Vermis

342 4257 544 4296 eorum
580 4257 692 4295 non
727 4239 1028 4306 morietur,
1060 4255 1247 4308 neque
1267 4238 1421 4310 ignis
1441 4239 1930 4310 exstinguetur“.
1957 4261 1984 4287 »

341 4331 623 4386 Edisserit
653 4331 723 4385 de
751 4327 995 4384 divortio
1025 4330 1166 4400 (cap.
1225 4334 1302 4396 κ).
1363 4328 1627 4383 Parvulis
1674 4329 1984 4384 benedicit.

343 4417 511 4473 Dives
542 4418 782 4488 quidam
815 4416 1156 4488 interrogat,
1190 4414 1329 4486 quid
1364 4415 1538 4470 faciat
1558 4419 1623 4469 ut
1643 4415 1795 4470 vivat
1818 4415 1987 4471 :huic

342 4507 671 4578 respondet.
723 4505 1057 4560 Ascendens
1111 4502 1534 4575 Jerosolymam
1597 4504 1666 4558 de
1715 4504 1988 4574 passione

2093 3350 2318 3424 ἐπιτιμᾷ
2373 3357 2488 3412 τοῖς
2553 3353 2839 3424 μαθηταῖς.
2901 3352 3189 3427 Θεραπεύει
3260 3352 3348 3407 τὸν
3407 3352 3612 3430 τυφλὸν
3673 3353 3749 3416 εἷς

2096 3437 2384 3511 Βηθσαῖδά.
2420 3442 2630 3514 Ἐρωτᾷ
2655 3439 2782 3500 τοὺς
2822 3442 3067 3512 μαθητὰς
3116 3441 3238 3516 περὶ
3299 3443 3509 3496 ἑαυτοῦ.
3547 3441 3748 3514 Πέτρος

2096 3528 2382 3604 ὁμολογεῖ·
2451 3528 2540 3582 καὶ
2601 3526 2686 3582 διὰ
2733 3526 2795 3582 τὸ
2853 3528 3021 3592 πάθος
3095 3529 3430 3601 ἐπιτιμᾶται.
3493 3532 3749 3587 Ἐνταῦθα

2097 3617 2260 3693 λέγει·
2298 3644 2323 3669 ι(
2360 3617 2433 3674 Εἴ
2464 3638 2546 3678 τις
2602 3617 2746 3680 θέλει
2800 3618 2975 3672 ὀπίσω
3011 3639 3115 3690 μου
3169 3618 3366 3681 ἐλθεῖν.
3405 3645 3430 3669 n
3469 3621 3750 3692 Μεταμορ-

2095 3712 2284 3784 φοῦται
2319 3706 2369 3761 έν
2401 3711 2478 3778 τῷ
2527 3702 2662 3782 ὄρει,
2691 3704 2836 3781 λέγει
2893 3707 3012 3781 περὶ
3070 3712 3167 3761 τοῦ
3227 3707 3434 3763 Ἠλίου.
3472 3707 3744 3782 Προσάγε-

2091 3817 2179 3850 ται
2233 3794 2711 3867 σεληνιαζὸμενος,
2743 3795 2830 3848 καὶ
2889 3797 3258 3870 θεραπεύεται.
3309 3795 3574 3871 Ιιρολέγει
3625 3803 3744 3858 τοῖς

2099 3891 2365 3958 μαθηταῖς
2399 3884 2519 3957 περὶ
2567 3888 2663 3938 τοῦ
2719 3883 2946 3938 θανάτου
3003 3884 3166 3938 αὐτοῦ
3222 3886 3310 3939 καὶ
3363 3889 3463 3955 τῆς
3521 3886 3745 3940 ἀναστά-

2097 3995 2267 4041 σεως,
2335 3974 2423 4028 καὶ
2504 3965 2724 4048 ἐλέγχει
2799 3972 2993 4035 αὐτοὺς
3067 3973 3189 4048 περὶ
3268 3975 3547 4049 πρωτείων
3631 3973 3748 4029 δια-

2096 4061 2388 4138 λεχθέντας
2420 4062 2470 4116 ἐν
2501 4065 2570 4134 τῇ
2602 4057 2732 4132 ὁδῷ.
2765 4061 3023 4117 Ἐνταῦθα
3060 4059 3229 4136 λέγει·
3266 4087 3292 4112 ν
3327 4064 3387 4120 Ὀ
3416 4064 3491 4135 μὴ
3527 4063 3600 4117 ὢν
3634 4064 3748 4137 μετ’

2096 4151 2230 4222 ἐμοῦ
2259 4153 2376 4206 κατ’
2409 4151 2543 4223 ἐμοῦ
2575 4148 2706 4221 ἐστι,
2743 4174 2770 4201 ››
2803 4149 2925 4225 περὶ
2955 4154 3052 4204 τλῦ
3094 4146 3459 4213 ἐκϐάλλοντος
3493 4149 3750 4225 δαιμόνια

2095 4239 2146 4295 ἐν
2177 4245 2255 4312 τῷ
2289 4239 2516 4312 ὀνόματι
2547 4239 2732 4295 αὐτοῦ.
2766 4238 2896 4295 Εἶτά
2927 4259 3108 4316 φησιν·
3135 4242 3270 4301 «Ὃς
3302 4239 3388 4294 ἐὰν
3423 4240 3752 4316 σκανδαλίσῃ

2095 4328 2187 4384 ἕνα
2239 4335 2345 4384 τῶν
2410 4333 2635 4404 μικρῶν·
2677 4353 2703 4377 ››
2732 4328 2822 4381 καὶ
2877 4324 2961 4381 τό·
2999 4353 3024 4378 ‹‹
3060 4329 3121 4384 Ὁ
3172 4328 3392 4400 σκώληξ
3452 4330 3626 4386 αὐτῶν
3687 4332 3749 4386 οὗ

2097 4416 2426 4488 τελευτήσει,
2469 4414 2594 4471 οὐδὲ
2644 4416 2707 4470 τὸ
2754 4420 2861 4491 πῦρ
2913 4411 3210 4472 σϐέννυται.
3272 4443 3292 4469 ι
3341 4419 3468 4493 Περὶ
3519 4419 3748 4473 ἀποστα-

2098 4505 2216 4560 σίου
2273 4503 2595 4580 διαλέγεται.
2628 4506 2706 4559 Τὰ
2748 4502 2936 4558 παιδία
2985 4502 3221 4578 εὐλογεῖ.
3278 4507 3486 4582 Ἐρωτᾷ
3518 4507 3545 4560 ὁ
3578 4505 3746 4562 πλού-

340 4613 448 4651 sua
482 4594 762 4666 praedicit.
799 4593 928 4648 Filii
958 4593 1214 4648 Zebedzei
1249 4593 1452 4647 sedere
1481 4596 1691 4663 petunt
1718 4608 1752 4646 a
1782 4592 1981 4647 dexte-

2101 4615 2230 4665 σιος,
2278 4593 2330 4647 τί
2386 4595 2620 4662 ποιήσας
2679 4593 2912 4662 ζήσεται·
2973 4592 3316 4668 ἀποκρίνεται
3375 4596 3509 4671 πρὸς
3567 4589 3746 4652 αὐτόν.

339 4687 420 4741 ris
448 4689 597 4757 ejus.
634 4685 918 4740 Edisserit
948 4685 1019 4738 de
1050 4684 1232 4739 animi
1262 4683 1614 4738 humilitate.
1648 4683 1856 4739 Visum
1890 4702 1981 4739 re-

339 4775 480 4848 cipit
513 4774 877 4829 Bartimaaus.
907 4772 1120 4828 Deinde
1151 4774 1221 4828 de
1252 4772 1412 4844 pullo
1461 4774 1644 4828 asinm
1682 4776 1830 4844 (cap.
1882 4779 1983 4844 x1),

327 4864 662 4936 ingreditur
690 4863 747 4916 in
782 4861 1090 4932 templum,
1125 4867 1182 4916 et
1218 4877 1456 4933 vespere
1506 4861 1624 4917 exit
1672 4861 1732 4915 in
1783 4861 1983 4916 Betha-

333 4954 514 5009 niam.
547 4951 768 5008 Deinde
797 4950 868 5005 de
898 4949 1033 5004 ﬁcu.
1068 4949 1240 5021 Ejicit
1268 4967 1336 5005 ex
1363 4950 1583 5022 templo
1641 4951 1980 5006 vendentes.

333 5041 580 5113 Vespere
611 5038 909 5111 egreditur
936 5037 1006 5092 de
1062 5037 1313 5092 civitate.
1364 5039 1708 5093 Admiratur
1754 5039 1984 5107 Petrus,

330 5131 646 5186 arefactam
678 5144 808 5184 esse
841 5127 1038 5182 ficum.
1063 5126 1418 5182 Adhortatur
1437 5126 1763 5198 discipulos
1787 5128 1984 5198 Jesus,

333 5230 397 5276 ut
417 5223 675 5277 credant.
701 5219 877 5275 Jubet
902 5222 965 5273 ut
1012 5223 1249 5290 peccata
1272 5217 1535 5289 proximo
1584 5217 1980 5274 remittantur.

329 5311 679 5384 Regrsditur
707 5309 766 5363 in
798 5308 1118 5364 civitatem.
1155 5308 1520 5377 Interrogant
1541 5323 1674 5362 eum
1701 5307 1981 5372 Judaei,in

327 5418 445 5472 qua
475 5405 764 5472 potestate
794 5398 916 5452 haec
949 5397 1124 5451 faciat
1156 5413 1167 5450 :
1203 5396 1328 5467 ipse
1362 5395 1610 5450 vicissim
1639 5413 1740 5452 eos
1800 5397 1976 5452 inter-

323 5496 488 5562 rogat
508 5491 579 5545 de
604 5488 898 5560 baptismo
941 5486 1207 5541 Joannis.
1244 5485 1586 5540 Parabolam
1619 5484 1767 5540 dixit
1796 5487 1866 5542 de
1897 5489 1967 5541 vi-

2083 4678 2428 4741 ,Ἀναϐαίνων
2471 4681 2545 4742 εἰς
2575 4680 2950 4754 Ἱεροσόλυμα,
2985 4680 3132 4755 λέγει
3182 4682 3305 4755 περὶ
3366 4689 3464 4738 τοῦ
3521 4686 3744 4746 πάθους.

2096 4773 2158 4825 O't
2190 4771 2298 4825 uici
2338 4767 2626 4825 Ζεϐεδαίου
2657 4769 2892 4840 ἀξιοῦσιν
2940 4771 3072 4845 ὑπὲρ
3125 4773 3222 4840 τῆς
3261 4771 3319 4825 ἐκ
3365 4770 3550 4845 δεξιῶν
3591 4775 3746 4828 καθέ-

2097 4858 2246 4935 δρας.
2297 4859 2610 4933 Διαλέγεται
2662 4857 2786 4931 περὶ
2844 4859 3367 4937 ταπεινοφροσύνης.
3424 4859 3744 4916 ’Λναϐλέπει

2095 4954 2444 5024 Βαρτιμαῖος.
2477 4946 2606 5002 Εἶτα
2661 4947 2727 5000 τὰ
2781 4947 2918 5001 κατᾶ
2967 4948 3058 5002 τὸν
3109 4947 3320 5015 πῶλον,
3346 4950 3435 5003 καὶ
3493 4949 3742 5019 εἰσῆλθεν

2095 5038 2170 5099 εἰς
2198 5037 2260 5092 τὸ
2291 5037 2456 5112 ἱερὸν,
2493 5035 2650 5109 ὀψίας
2682 5033 2847 5105 οὔσης
2893 5035 3112 5106 ἐξῆλθεν
3161 5037 3236 5098 εἷς
3292 5037 3578 5107 Βηθανίαν.
3613 5037 3744 5095 Εἶτα

2095 5126 2178 5180 ἐπὶ
2205 5127 2304 5194 τήν
2337 5132 2525 5192 συκῆν.
2564 5119 2853 5180 Ἐκϐάλλει
2886 5123 2945 5179 ἐκ
2973 5130 3067 5179 τοῦ
3114 5127 3262 5200 ἱεροῦ
3310 5126 3435 5188 τοὺς
3490 5126 3743 5182 πωλοῦν-

2091 5237 2206 5278 τας.
2268 5212 2522 5284 Ἐξῆλθεν
2576 5213 2800 5288 ἑσπέρας
2859 5213 2917 5268 ἐκ
2973 5221 3072 5284 τῆς
3130 5212 3362 5275 πόλεως.
3424 5218 3484 5271 Ὁ
3543 5214 3743 5291 Πέτρος

2092 5300 2472 5378 θαυμάζειὸιὰ
2517 5303 2616 5370 τὴν
2672 5309 2864 5371 συκῆν.
2900 5303 3263 5378 Προτρέπεται
3311 5302 3438 5366 τοὺς
3501 5306 3742 5376 μαθητὰς

2093 5397 2120 5450 ὁ
2154 5396 2362 5464 Ἰησοῦς
2426 5391 2500 5452 εἷς
2567 5391 2630 5445 τὸ
2682 5391 2971 5448 πιστεύειν.
3031 5391 3246 5447 Κελεύει
3304 5400 3610 5470 συγχωρεῖν
3668 5398 3744 5466 τῷ

2090 5484 2326 5553 πλησίον
2357 5481 2424 5535 τὰ
2448 5481 2834 5555 ἁμαρτήματα.
2870 5482 3254 5556 Ἐπανέρχεται
3312 5481 3387 5544 είς
3418 5484 3518 5552 τὴν
3557 5483 3739 5539 πόλιν.

384 5707 426 5742 ⁸³
453 5705 633 5762 Marc.
666 5716 752 5771 ιιι,
785 5701 876 5754 22.
953 5699 999 5734 ⁸ο
1028 5699 1206 5755 Marc.
1237 5716 1313 5766 v1,
1346 5699 1398 5753 4.
1474 5699 1521 5734 ⁷ο
1556 5698 1732 5754 Marc.
1765 5716 1887 5767 VIII,
1918 5702 1989 5757 34

2101 5704 2127 5738 τι
2163 5700 2340 5757 Marc.
2373 5715 2451 5766 xx,
2485 5699 2575 5756 39.
2653 5699 2698 5734 ⁷³
2726 5698 2898 5765 ibid.,
2929 5698 3021 5756 41.
3094 5698 3138 5733 ⁷⁸
3161 5697 3305 5769 ibid,
3339 5699 3429 5754 47.
