4170 6370
357 392 476 450 393

1469 381 1847 446 SYNOPSIS
1891 379 2355 445 SCRIPTUli/E
2399 384 2693 445 SACRE.

3670 386 3788 444 394

357 523 674 593 Ἐρωτῶσιν
709 518 763 572 οἱ
791 514 1075 587 Ἰουδαῖοι,
1121 516 1172 571 ἐν
1222 514 1352 586 ποίᾷ
1401 513 1613 587 ἐξουσίᾳ
1660 518 1826 569 ταῦτα
1856 518 2023 569 ποιεῖ.

2143 532 2266 586 nea,
2329 521 2386 572 et
2438 518 2510 572 de
2571 518 2742 574 malis
2803 518 3070 589 agricolis
3127 520 3401 590 (capxn).
3453 520 3660 574 Postea
3722 519 3791 572 de

359 613 572 686 Ἐρωτᾷ
619 607 818 670 αὐτοὺς
870 607 995 684 περὶ
1044 610 1139 661 τοῦ
1191 604 1562 680 βαπτίσματος
1607 605 1887 660 Ἰωάννου.
1921 605 2027 657 Λέ-

358 698 533 777 γειτᾶ
563 697 702 752 κατὰ
728 698 819 752 τὸν
875 692 1176 769 ἀμπελῶνα
1222 693 1311 748 καὶ
1355 691 1485 754 τοὺς
1533 691 1806 768 πονηροὺς
1855 711 2026 768 γεωρ-

361 787 511 864 γούς.
574 787 708 841 Εἶτα
766 785 891 860 περὶ
949 787 1047 838 του
1096 784 1318 853 κήνσου·
1374 780 1487 836 εἶτα
1545 781 1666 856 περὶ
1725 785 1834 834 τῶν
1897 780 2032 834 ἑπτὰ

363 875 638 952 ἀδελφῶν.
694 877 904 947 Ἐρωτᾷ
935 875 962 928 ὁ
993 870 1369 948 γραμματεὺς,
1403 870 1534 925 ποία
1579 867 1774 938 ἐντολὴ
1808 871 2024 942 πρώτη³

365 966 452 1020 καὶ
491 966 676 1038 μαθὼν
726 960 1078 1038 ἀποδέχεται.
1133 964 1343 1033 Ἐρωτᾷ
1397 960 1425 1013 6
1480 961 1710 1033 Χριστὸς
1759 958 1882 1034 περὶ
1917 959 2032 1012 έαυ-

367 1058 484 1109 τοῦ.
530 1053 658 1107 Εἶτα
706 1051 844 1106 κατὰ
889 1055 999 1104 τῶν
1052 1048 1365 1124 Φαρισαίων
1415 1044 1746 1122 διαλέγεται,
1780 1047 1870 1101 καὶ
1906 1047 2031 1122 περὶ

369 1146 475 1197 τῶν
511 1139 605 1195 δύο
640 1138 911 1216 δήναρίων
940 1145 1042 1208 τῆς
1073 1140 1278 1213 χήρας.
1326 1135 1728 1210 Ἐξερχόμενος
1777 1135 1882 1190 ἀπὸ
1930 1139 2031 1190 τοῦ

374 1233 544 1307 ἱεροῦ,
577 1228 724 1304 λέγει
757 1227 879 1305 περὶ
927 1235 1025 1297 τῆς
1073 1233 1452 1304 καταστροφῆς
1495 1223 1685 1280 αὐτοῦ.
1719 1226 2032 1299 Ἐρωτῶσιν

382 1320 431 1373 0i
466 1318 700 1391 μαθηταὶ
748 1317 868 1392 περὶ
917 1320 1013 1370 τοῦ
1065 1315 1291 1392 χρόνου,
1324 1311 1632 1369 καὶπολλὰ
1679 1312 1864 1375 αὐτοῖς
1892 1315 2043 1388 προ-’

384 1407 549 1481 λέγει.
583 1404 780 1470 ⁷Πλθεν
829 1405 904 1466 είς
954 1404 1218 1474 Βηθανίαν
1253 1404 1388 1480 πρὸς
1429 1402 1654 1476 Σίμωνα
1678 1403 1769 1456 τὸν
1805 1401 2030 1474 λεπρόν.

384 1497 527 1550 Ἐκεῖ
572 1495 634 1549 τὸ
691 1494 857 1568 μόρον
903 1493 1142 1568 ἐκχεῖται
1179 1536 1190 1551 .
1234 1492 1544 1547 Συντίθεται
1595 1492 1624 1546 6
1677 1489 1884 1554 Ἰούδας
1916 1495 2032 1552 τοῖς

382 1581 683 1644 Ἰουδαίοις.
734 1583 1038 1656 Πέμπονται
1090 1582 1373 1654 ἑτοιμάσαι
1421 1582 1484 1636 τὸ
1525 1579 1712 1656 πάσχα
1756 1581 1808 1634 οἱ
1851 1591 2030 1654 μαθη-

376 1672 482 1728 ταί.
527 1671 776 1748 Ἐλέγχει
827 1671 915 1726 τὸν
968 1668 1192 1728 Ἰούδαν.
1243 1667 1589 1746 Παραδίδωσι
1637 1669 1703 1724 τὰ
1736 1671 2030 1744 μυστήρια.

376 1760 680 1838 Ἐξέρχεταί
713 1760 787 1821 εἰς
830 1759 923 1815 τόν
978 1759 1234 1816 έλαιῶνα.
1264 1758 1532 1833 Προλέγει
1579 1763 1700 1819 τοῖς
1743 1759 2028 1832 μαθηταῖς,

378 1847 459 1904 ὅτι
509 1844 1088 1917 σκανδαλισθήσονται,
1139 1847 1229 1902 καὶ
1276 1851 1356 1919 τῷ
1409 1846 1627 1924 Πάτρῳ,
1676 1845 1758 1900 ὅτι
1812 1847 2034 1920 ἀρνήσε-

377 1959 482 1994 ται.
545 1936 912 2013 Προσεύχεται
991 1935 1069 2009 τῷ
1127 1936 1333 2013 Πατρί·
1397 1936 1510 1990 εἶτα
1568 1931 2030 2008 συλλαμϐάνεται.

381 2026 570 2098 Τέμνει
602 2025 802 2100 Πέτρος
831 2026 895 2080 τὸ
940 2024 1099 2079 ὠτίον
1151 2029 1248 2079 10'3
1299 2022 1522 2080 δοᾶλου.
1571 2024 1767 2099 Φεόγει
1801 2025 1828 2078 6
1861 2023 2031 2078 νεανί-

385 2136 508 2177 σκος
550 2115 777 2190 γυμνός.
827 2118 1046 2188 ’Ἂγεται
1098 2114 1232 2190 πρὸς
1283 2115 1526 2192 Καϊάφαν
1582 2114 1610 2167 6
1663 2115 1890 2183 Ἰησους.
1924 2115 2038 2169 Κα-

382 2207 815 2280 ταμαρτυροῦσιν
870 2200 1054 2259 αὐτοῦ.
1104 2201 1400 2279 Ὁμολογεῖ
1447 2203 1632 2257 ἑαυτὸν
1695 2202 1816 2256 Υἱὸν
1878 2207 2032 2258 Θεοῦ.

383 2293 649 2368 Ἀρνεῖται
707 2291 932 2366 Πέτρος.
990 2294 1208 2368 ’Ἄγεται
1266 2293 1402 2368 πρὸς
1451 2290 1686 2347 Πιλᾶτον
1730 2292 2025 2361 ὁἸησοῦςο

383 2386 725 2457 σταυροῦται.
775 2383 874 2436 Ἦν
925 2381 1036 2435 ἐκεῖ
1078 2381 1256 2457 Μαρία
1286 2383 1320 2450 ἡ
1373 2375 1636 2438 Ἰακώϐου
1685 2384 1782 2435 τοῦ
1817 2384 2034 2455 μικροῦ,

384 2471 472 2525 καὶ
503 2473 538 2540 ἡ
569 2467 935 2546 Μαγδαληνὴ,
983 2469 1072 2524 καὶ
1125 2468 1397 2543 Σαλώμη.
1450 2463 1730 2542 Λαμϐάνει
1779 2470 1806 2524 ὁ
1836 2470 2036 2544 Ἰωσήφ

383 2560 444 2613 τὸ
475 2563 632 2631 σῶμα
659 2563 757 2614 τοῦ
792 2560 990 2629 Ἰησοῦ.
1023 2556 1228 2622 Ἦλθον
1260 2560 1313 2612 αἱ
1344 2563 1592 2634 γυναῖκες
1625 2557 1758 2630 μετὰ
1804 2557 1866 2611 τὸ
1905 2552 2038 2611 Σάϐ-

383 2643 570 2720 ϐατον,
619 2635 881 2721 ἀρώματα
926 2649 1204 2724 φέρουσαι.
1259 2645 1417 2702 Εἶδον
1461 2647 1552 2702 τὸν
1602 2645 1831 2722 ἄγγελον
1878 2645 1929 2700 ἐν
1959 2650 2038 2718 τῷ

385 2735 662 2810 μνημείῳ,
713 2737 802 2790 καὶ
853 2732 1217 2815 ἐφοϐήθησαν.
1268 2737 1525 2798 Ἀναστὰς
1557 2737 1585 2791 6
1616 2735 1840 2810 Χριστὸς
1879 2735 2035 2812 ὣφθη

380 2825 584 2900 Μαρίᾳ,
636 2825 726 2903 ἀφ’
781 2829 846 2895 ἧς
899 2827 964 2881 τὰ
1021 2827 1154 2880 έπτά
1202 2823 1458 2900 δαιμόνια
1508 2821 1774 2896 ἐξέϐαλεν.
1823 2825 2035 2894 Ἑκείνη

381 2913 500 2968 εἷπε
543 2920 658 2976 τοῖς
710 2920 998 2987 μαθηταῖς
1051 2915 1103 2969 οἱ
1154 2912 1212 2970 δὲ
1260 2914 1588 2985 ἠπίστησαν.
1624 2921 1850 2970 Ἔπειτα
1880 2909 2036 2991 ὤφθη

381 3007 499 3064 τοῖς
531 2999 680 3056 δυσὶν
710 3002 761 3056 έν
791 3002 862 3078 τῇ
898 3001 1032 3076 ὀδῷ,
1068 3003 1179 3058 εἶτα
1224 3009 1341 3065 τοῖς
1394 3005 1477 3057 ια’·
1531 3003 1618 3057 καὶ
1669 3001 1910 3057 ὠνείδισε
1939 3004 2038 3071 τὴν

389 3091 633 3146 ἀπιστίαν
668 3089 864 3148 αὐτῶν.
902 3092 998 3145 Καὶ
1031 3090 1342 3147 ἀπέστειλεν
1377 3091 1569 3153 αὐτοὺς
1598 3092 1906 3167 κηρύσσειν,
1949 3090 2037 3145 καὶ

395 3180 693 3254 βαπτίζειν,
725 3180 813 3235 καὶ
849 3186 1053 3254 σημεῖα
1082 3186 1283 3237 ποιεῖν.
1317 3182 1447 3238 Εἶτα
1477 3180 1756 3259 ἀνελήφθη

831 3291 1057 3353 Βιϐλίον
1090 3298 1159 3372 γ’,
1190 3296 1327 3352 κατὰ
1355 3303 1587 3354 Λουκᾶν.

451 3396 538 3451 49.
570 3393 645 3449 Τά
689 3392 826 3449 κατὰ
871 3395 970 3463 τήν
1016 3395 1262 3470 γέννησιν
1313 3394 1584 3467 Ἰωάννου,
1616 3395 1705 3449 καὶ
1746 3399 1844 3450 τοῦ
1894 3400 2032 3470 Χρι-

379 3487 528 3538 στοῦ·
582 3483 648 3537 τά
699 3482 836 3538 κατά
891 3483 982 3539 τὸν
1040 3485 1290 3557 Συμεών.
1352 3492 1518 3541 ’Ἄννα
1574 3483 2030 3560 ἀνθομολογεῖται

379 3575 457 3626 τῶ
489 3570 688 3647 Κυρίῳ.
733 3571 1028 3645 Ἀπομένει
1075 3570 1126 3625 ἐν
1181 3577 1260 3645 τῷ
1301 3573 1431 3647 ἱερῷ
1478 3573 1506 3626 6
1561 3574 1792 3643 Ἰησοῦς,
1843 3573 1933 3626 καὶ
1977 3573 2030 3627 οἱ

376 3665 552 3735 γονεῖς
598 3659 831 3734 ἠγνόουν
867 3702 880 3716 .
926 3661 1175 3729 Βαπτίζει
1209 3662 1236 3715 ὁ
1270 3663 1542 3733 Ἰωάννης,
1580 3661 1891 3736 βαπτίζεται
1939 3661 2027 3716 καὶ

374 3751 402 3802 ὁ
436 3748 687 3823 Χριστὸς,
747 3746 821 3803 ὢν
876 3749 1007 3804 ἐτῶν
1066 3749 1135 3805 λ’.
1189 3748 1618 3826 Γενεαλογεῖται.
1669 3753 1892 3826 ’Ἃγεται
1950 3749 2026 3812 εἰς

372 3839 472 3906 τὴν
524 3835 754 3913 ἔρημον.
810 3844 1071 3914 Ἔρχεται
1116 3839 1193 3900 εἰς
1237 3839 1516 3914 Ναζαρέτ·
1569 3841 1924 3915 ἀναγινώσκει
1975 3839 2028 3893 ἐν

377 3929 445 3999 τῇ
497 3930 832 4003 Συναγωγῇ.
866 3927 998 3982 Είπε
1049 3927 1185 4003 πρὸς
1235 3927 1361 3990 τοὺς
1415 3925 1708 3989 Ἰουδαίους
1757 3929 1878 4004 περὶ
1927 3931 2025 3996 τῆς

380 4016 562 4090 χήρας
583 4021 684 4084 τῆς
723 4013 934 4087 Ἡλίου,
969 4017 1058 4071 καὶ
1111 4017 1324 4089 Νεεμὰν
1369 4021 1466 4070 τοῦ
1512 4015 1735 4089 λεπροῦ,
1769 4017 1857 4071 καὶ
1908 4014 2028 4085 ἤθε-

379 4103 476 4159 λον
511 4103 668 4160 αὐτὸν
722 4104 1040 4181 κρημνίσαι.
1088 4104 1288 4162 Ἦλθεν
1343 4105 1418 4167 εἰς
1461 4104 1842 4180 Καπερναοόμ.
1878 4107 2027 4169 Ἐθε-

380 4191 614 4268 ράπευσε
654 4192 746 4248 τὸν
800 4191 1163 4267 δαιμονῶντα,
1211 4193 1299 4248 καί
1349 4195 1448 4263 τὴν
1498 4195 1749 4268 πενθερὰν
1797 4193 2024 4268 Πέτρου,

375 4283 465 4336 καὶ
499 4281 704 4344 ἄλλους
752 4281 1018 4346 πολλούς.
1051 4282 1308 4354 Ἐξῆλθεν
1343 4283 1417 4345 εἰς
1445 4284 1544 4352 τήν
1572 4279 1798 4359 ἔρημον.
1827 4282 2022 4338 ’Ἦλθεν

523 4378 541 4393 Ἰ
775 4371 789 4392 \
890 4371 904 4390 9
962 4370 973 4392 1
1171 4377 1194 4387 ~
1369 4371 1379 4392 Ι
1774 4370 1798 4392 Μ

377 4371 453 4433 εἷς
503 4377 850 4449 Ιεννησαρετ,
887 4367 1052 4443 επεϐη
1103 4393 1200 4427 του
1246 4371 1446 4427 πλοιου
1496 4373 1722 4448 Πέτρου,
1773 4374 1896 4427 ενθα
1935 4371 2026 4427 καί

372 4462 435 4515 τὸ
496 4458 708 4516 δίκτυον
768 4458 1148 4538 διερρήγνυτο.
1208 4457 1486 4539 Ἐφοϐήθη
1551 4462 1760 4535 Σίμων.
1811 4462 2025 4537 Ἐθερά-

375 4568 536 4602 πευσε
564 4549 655 4603 τὸν
704 4548 930 4625 λεπρὸν,
980 4549 1092 4604 εἶτα
1138 4549 1230 4604 τὸν
1279 4545 1669 4624 παραλυτικόν.
1721 4549 1889 4605 Καλεῖ
1933 4551 2023 4605 τὸν

2141 621 2342 672 censu,
2395 608 2465 661 de
2509 612 2731 678 septem
2792 608 3088 662 fratribus.
3148 610 3534 672 Quaestionem
3598 611 3793 661 movet

2142 695 2355 760 scriba,
2385 696 2538 767 quod
2589 697 2665 751 sit
2716 698 2973 768 primum
3005 697 3151 768 legis
3183 698 3545 764 mandatum,
3581 713 3644 750 ac
3679 713 3792 750 res-

2143 784 2487 856 pensionem
2522 785 2716 840 datam
2773 786 2994 854 probat.
3051 785 3316 840 Christus
3365 787 3686 857 interrogat
3722 786 3790 838 de

2141 873 2355 944 seipse.
2392 874 2596 929 Postea
2618 877 2879 946 disputat
2900 879 3102 929 contra
3125 875 3529 945 Pharismos,et
3552 876 3621 929 de
3645 875 3788 928 duo-

2143 964 2253 1018 bus
2270 962 2526 1018 denariis
2539 964 2744 1018 viduas.
2764 964 3047 1035 Egressus
3067 980 3094 1018 e
3119 963 3334 1034 templo
3349 963 3786 1018 subversionem

2143 1051 2302 1107 illius
2324 1053 2587 1124 praedicit
2607 1057 2743 1124 (cap.
2779 1053 3213 1124 xm).DiscipuIi
3237 1053 3307 1106 de
3330 1057 3590 1124 tempore
3611 1053 3788 1106 inter-

2144 1145 2433 1212 rogant,et
2457 1141 2848 1213 prerdicitillis
2865 1140 3246 1195 multa.Nenit
3263 1141 3602 1196 Bethaniam
3618 1141 3685 1194 ad
3705 1139 3792 1195 Si-

2142 1245 2374 1285 monem
2422 1229 2718 1299 leprosum
2768 1231 2910 1302 (cap.
2963 1233 3097 1296 xw).
3152 1230 3280 1284 Istic
3333 1230 3653 1284 eli‘unditur
3683 1246 3791 1282 un-

2141 1323 2445 1390 guentum.
2483 1318 2801 1374 Paciscitur
2829 1319 3012 1373 Judas
3039 1336 3172 1372 cum
3208 1319 3425 1372 Judaeis
3482 1318 3794 1372 Mittuntur

2143 1408 2420 1480 discipuli
2452 1409 2521 1463 ad
2557 1409 2882 1480 parandum
2915 1407 3152 1478 pascha.
3203 1407 3503 1461 Convincit
3554 1407 3790 1460 Judam.

2142 1498 2346 1552 Tradit
2377 1498 2673 1569 mysteria.
2708 1497 3015 1567 Egreditur
3045 1497 3114 1549 ad
3169 1501 3422 1550 montem
3471 1494 3791 1549 Olivarum.

2143 1586 2457 1658 Discipulis
2482 1586 2923 1657 przedicit,quod
2951 1584 3294 1639 scandalum
3322 1584 3552 1656 passuri
3575 1589 3794 1647 essent,

2143 1680 2199 1729 et
2249 1674 2438 1739 Petro,
2492 1674 2646 1745 quod
2699 1677 3017 1744 negaturus
3066 1672 3158 1726 sit.
3212 1673 3485 1726 Precatur
3536 1672 3793 1725 Patrem:

2143 1762 2350 1817 deinde
2381 1763 2628 1833 capitur.
2658 1763 2861 1817 Petrus
2905 1761 3200 1815 abscindit
3250 1759 3570 1814 auriculam
3625 1759 3793 1813 servi.

2141 1850 2494 1906 Adolescens
2511 1852 2705 1906 nudus
2718 1850 2962 1922 aufugit.
2979 1849 3174 1904 Ducitu
3187 1850 3394 1904 rJesus
3409 1849 3478 1904 ad
3496 1848 3671 1920 (Zaiph
3682 1866 3792 1902 am.

2142 1940 2568 1996 Testimonium
2597 1941 2837 1996 atl‘ertur
2868 1943 3072 1994 contra
3116 1939 3306 1992 illum.
3358 1939 3680 1993 Conﬁtetur
3732 1955 3794 1990 se

2144 2045 2272 2084 esse
2306 2030 2513 2084 Filium
2551 2029 2664 2084 Dei.
2696 2029 2879 2101 Negat
2912 2029 3133 2083 Petrus.
3166 2028 3410 2082 Ducit-ur
3440 2029 3509 2082 ad
3548 2027 3793 2081 Pilatum

2146 2118 2320 2174 Jesus
2372 2121 2506 2190 (cap.
2567 2118 2700 2189 xv):
2755 2117 3134 2188 cruciﬁgitur.
3190 2117 3325 2172 Erat
3382 2117 3462 2171 ibi
3496 2116 3675 2171 Maria
3706 2116 3798 2170 Ja-

2147 2207 2274 2263 cobi
2309 2207 2570 2276 minoris,
2605 2213 2661 2261 et
2684 2205 3048 2276 Magdalena,
3083 2209 3137 2260 et
3170 2205 3419 2270 Satome,
3451 2205 3667 2276 Joseph
3704 2222 3799 2258 ac-

2148 2297 2286 2367 cipit
2317 2313 2529 2368 corpus
2561 2296 2721 2350 Jesu.
2757 2294 3056 2349 Venerunt
3087 2293 3361 2349 mulieres
3394 2301 3523 2366 post
3574 2294 3797 2348 Sabbu-

2147 2389 2297 2456 tum,
2333 2391 2594 2439 aromata
2627 2385 2875 2439 ferentes
2907 2385 3048 2454 (cap.
3081 2385 3218 2454 XVI).
3262 2384 3475 2438 Vident
3522 2383 3798 2454 angelum

2149 2477 2205 2529 in
2243 2480 2646 2541 monumento,
2681 2479 2738 2528 et
2772 2474 3212 2544 pertimescunt.
3257 2473 3395 2527 Post
3420 2472 3798 2526 resurrectio-

2153 2581 2281 2619 nem
2311 2563 2579 2618 Christus
2627 2562 2901 2634 apparuit
2932 2562 3142 2626 Marim,
3177 2578 3243 2616 ex
3277 2579 3390 2632 qua
3423 2566 3645 2633 septem
3679 2563 3800 2616 dre-

2150 2653 2346 2708 monia
2397 2654 2664 2723 eiecerat.
2720 2653 2849 2722 Ipsa
2899 2668 3018 2706 rem
3063 2651 3206 2706 dixit
3238 2652 3306 2705 ad
3341 2651 3684 2722 discipulos,
3717 2650 3800 2705 illi

2151 2759 2280 2798 vero
2308 2759 2418 2797 non
2464 2741 2856 2796 crediderunt.
2909 2745 3118 2795 Postea
3166 2741 3438 2812 apparuit
3479 2741 3708 2795 duobus
3742 2741 3797 2794 in

2149 2832 2261 2896 via,
2313 2830 2519 2886 deinde
2546 2834 2603 2885 et
2641 2829 2934 2898 undecim,
2970 2829 3185 2901 quibus
3215 2830 3388 2884 etiam
3422 2829 3796 2885 incredulita-

2151 2927 2266 2976 tem
2298 2920 2685 2991 exprobravit.
2717 2920 2786 2974 Et
2808 2919 2969 2974 misit
2998 2936 3095 2974 eos
3127 2920 3500 2991 praedicatum
3525 2925 3580 2975 et
3611 2920 3799 2991 bapti-

2149 3015 2366 3072 zatum,
2400 3014 2454 3064 et
2480 3012 2822 3081 potestatem
2854 3007 3013 3063 dedit
3042 3008 3436 3064 faciendorum
3470 3008 3798 3080 signorum.

2151 3103 2360 3154 Postea
2389 3102 2734 3169 assumptus
2764 3102 2871 3152 est.

2343 3303 2504 3358 Liber
2530 3303 2625 3368 III,
2658 3303 3024 3375 Evangetium
3042 3302 3339 3358 secundum
3370 3307 3594 3358 Lucam.

2217 3402 2305 3457 49.
2340 3400 2653 3456 Historiam
2704 3399 3026 3455 nativitatis
3057 3399 3301 3456 Joannis
3332 3401 3536 3456 scribit
3561 3410 3698 3473 (cap.
3734 3404 3798 3470 ι),

2144 3489 2356 3545 deinde
2387 3493 2444 3544 et
2471 3488 2723 3544 Christi:
2760 3489 2830 3542 de
2862 3489 3128 3544 Simeone
3160 3490 3304 3560 (cap.
3340 3491 3424 3560 ιι).
3467 3499 3635 3544 Anna
3665 3507 3799 3546 con—

2144 3580 2339 3634 fitetur
2370 3579 2636 3632 Domino.
2671 3577 2845 3633 Jesus
2878 3580 2934 3632 in
2970 3578 3186 3648 templo
3221 3584 3437 3646 manet,
3471 3578 3674 3634 insciis
3706 3597 3798 3650 pa-

2141 3667 2424 3723 rentibus.
2457 3666 2713 3722 Joannes
2741 3665 2998 3736 baptizat
3021 3666 3163 3737 (cap.
3218 3673 3339 3735 In):
3376 3667 3705 3737 baptizatur
3738 3673 3796 3722 et

2138 3756 2424 3825 Christus,
2450 3771 2582 3810 cum
2616 3771 2903 3810 annorum
2961 3759 3116 3809 esset
3143 3755 3406 3825 triginta.
3441 3755 3792 3827 Genealogia

2137 3846 2286 3915 ejus.
2323 3844 2566 3900 Ducitur
2594 3843 2653 3898 in
2685 3841 3062 3899 solitudinem
3095 3843 3234 3914 (cap.
3272 3847 3370 3911 ιν).
3397 3843 3566 3898 Venit
3615 3845 3789 3899 Naza-

2137 3933 2263 3988 reth
2299 3951 2311 3989 :
2344 3932 2485 4004 legit
2515 3933 2572 3987 in
2605 3933 2930 4004 Synagoga.
2955 3931 3106 3986 Dicit
3135 3934 3206 3987 ad
3229 3933 3461 3987 Judaaos
3492 3933 3564 3988 de
3589 3933 3783 3999 vidua,

2137 4023 2231 4090 (ad
2261 4037 2436 4092 quam
2491 4021 2743 4090 divertit)
2795 4021 2968 4086 Elias,
3015 4026 3072 4075 et
3118 4021 3187 4076 de
3238 4022 3492 4076 Neeman
3532 4022 3785 4092 leproso,

2135 4117 2192 4166 et
2221 4110 2423 4166 volunt
2451 4126 2585 4165 eum
2618 4109 2974 4180 praecipitem
3008 4109 3162 4165 dare.
3201 4110 3370 4164 Venit
3398 4111 3784 4182 Capernaum.

2133 4205 2306 4254 Curat
2342 4197 2630 4252 daemonio
2661 4197 3044 4264 laborantem,
3075 4204 3133 4252 et
3162 4215 3396 4254 socrum
3431 4199 3604 4266 Petri,
3618 4199 3789 4255 alios-

2137 4304 2247 4360 que
2280 4285 2518 4342 multos.
2553 4285 2862 4357 Egreditur
2893 4286 2951 4340 in
2978 4286 3559 4343 solitudinem.Venit
3588 4288 3646 4344 in
3680 4293 3793 4344 ter-

2136 4393 2263 4432 ram
2293 4376 2651 4431 Gennesaret
2680 4377 2819 4442 (cap.
2841 4373 2921 4443 v),
2952 4375 3215 4429 ascendit
3247 4376 3575 4432 naviculam
3607 4379 3787 4448 Petri,

2138 4466 2238 4520 ubi
2269 4470 2327 4520 et
2358 4469 2478 4520 rete
2511 4463 2906 4519 scindebatur.
2942 4462 3306 4517 Pertimescit
3339 4465 3560 4520 Simon.
3611 4465 3790 4522 Curat

2135 4554 2458 4626 leprosum,
2489 4553 2698 4608 deinde
2748 4551 3150 4624 paralyticum.
3200 4551 3380 4607 Vocat
3433 4554 3580 4619 Levi,
3632 4557 3789 4627 apud

378 4635 528 4704 Δευί,
560 4637 722 4692 ἐσθίει
759 4639 885 4714 παρ’
935 4637 1100 4710 αὐτῷ.
1147 4639 1235 4693 καὶ
1282 4637 1591 4713 ἐγκαλεῖται
1641 4638 1745 4694 ὖπὸ
1773 4643 1882 4694 τῶν
1917 4646 2028 4694 Φα-

2143 4661 2314 4716 quem
2345 4648 2403 4699 et
2435 4643 2788 4698 manducat:
2820 4641 3094 4712 culpatur
3123 4659 3156 4696 a
3199 4642 3509 4698 Pbarisaais
3539 4644 3612 4699 ob
3661 4661 3789 4700 eam

382 4725 599 4801 ρισαίων
651 4727 775 4802 περὶ
815 4725 1034 4799 τούτου,
1066 4727 1156 4782 καὶ
1211 4727 1293 4782 ὅτι
1344 4727 1406 4782 οὐ
1454 4729 1800 4799 νηστεύουσιν
1843 4729 1894 4782 οἱ
1929 4750 2030 4802 μαι

379 4816 537 4885 θηταὶ
582 4816 789 4873 αὐτοῦ.
838 4816 1131 4892 Πορεύεται
1187 4817 1238 4872 έν
1292 4812 1560 4890 Σαϐϐάτῳ
1610 4815 2031 4894 δευτεροπρώτῳ

382 4901 470 4959 διὰ
500 4909 610 4959 τῶν
643 4905 950 4980 σπορίμων.
1001 4906 1290 4981 Θεραπεύει
1341 4905 1391 4962 ἐν
1441 4905 1609 4981 έτέρῳ
1641 4901 1908 4979 Σαϐϐάτῳ
1937 4909 2028 4962 τὸν

379 4995 476 5062 τὴν
512 4994 678 5070 ξηράν
702 5000 884 5070 χεῖρα.
922 4993 1234 5070 Ἐκλέγεται
1282 4996 1408 5058 τοὺς
1445 4997 1534 5071 ιβ’.
1571 4996 1723 5071 Λέγει
1765 4995 1891 5058 τοὺς
1928 5017 2030 5068 μα-

380 5082 700 5158 καρισμούς.
755 5081 1034 5154 Ταλανίζει
1085 5084 1213 5146 τοὺς
1261 5084 1559 5147 πλουσίους
1610 5084 1698 5139 καὶ
1755 5084 1882 5148 τοὺς
1938 5106 2028 5160 γε·

383 5169 612 5234 λῶντας.
668 5177 924 5249 Παραινεῖ
971 5175 1095 5250 περί
1140 5173 1375 5250 ἀγάπης,
1426 5173 1674 5249 περὶτοῦ
1726 5175 1801 5246 μὴ
1831 5175 2029 5246 ἀμύνε-

384 5272 497 5322 σθαι
543 5261 634 5316 τὸν
684 5260 943 5332 πλησίον.
997 5262 1127 5338 Περὶ
1186 5261 1618 5340 φιλανθρωπίας.
1653 5263 1782 5339 Περὶ
1821 5268 1918 5317 τοῦ
1952 5264 2029 5336 μὴ

379 5349 595 5425 κρίνειν,
653 5349 742 5405 καὶ
805 5348 1173 5424 μεταδιδόναι.
1231 5351 1384 5427 Λέγει
1437 5349 1494 5405 δὲ
1540 5352 1628 5406 καὶ
1680 5346 2028 5427 παραϐολὴν,

374 5438 471 5507 τὴν
503 5440 628 5514 περὶ
654 5444 752 5494 τοῦ
783 5437 1029 5517 δένδρου,
1061 5439 1151 5494 καὶ
1201 5441 1326 5517 περὶ
1355 5444 1452 5495 τοῦ
1501 5439 1868 5517 φυλάσσοντος
1906 5440 2032 5502 τοὺς

376 5524 574 5602 λόγους
623 5527 812 5596 αὐτοῦ,
871 5528 954 5584 ὅτι
1003 5528 1200 5604 ὅμοιός
1259 5529 1367 5584 ἐστι
1425 5533 1494 5602 τῇ
1546 5529 1633 5584 ἐπὶ
1682 5530 1780 5598 τήν
1832 5531 2029 5606 πέτραν

378 5615 542 5687 οἰκίᾳ.
607 5618 864 5693 Ἔρχεται
923 5618 999 5681 εἱς
1055 5617 1434 5694 Καπερναούμ.
1492 5618 1773 5694 Πρόσεισιν
1831 5621 1858 5672 ὁ
1918 5620 2033 5674 έκα-

378 5706 680 5782 τόνταρχος
727 5707 859 5782 ὑπὲρ
907 5711 1006 5762 τοῦ
1058 5704 1281 5763 δούλου.
1316 5707 1447 5762 Εἶτα
1497 5709 1524 5762 ὁ
1556 5708 1670 5769 υἱὸς
1720 5715 1819 5778 τῆς
1851 5713 2030 5786 χήρας

666 5836 932 5898 ΡΑτιιοι.
966 5837 1078 5896 Gn.
1125 5833 1392 5896 XXVIII.

2142 4749 2404 4798 causam,
2437 4735 2494 4786 et
2527 4731 2682 4803 quod
2714 4729 2991 4801 discipuli
3023 4730 3212 4800 ipsius
3262 4748 3378 4786 non
3427 4733 3785 4804 jejunarent.

2140 4822 2420 4877 Ambulat
2445 4821 2503 4874 in
2536 4821 2788 4876 Sabbato
2820 4821 3296 4892 secundo-primo
3331 4839 3431 4891 per
3475 4827 3604 4878 sata
3650 4825 3789 4894 (cap.

2138 4911 2237 4982 v1).
2269 4910 2464 4966 Altero
2493 4909 2743 4965 Sabbato
2766 4916 2933 4964 curat
2979 4926 3132 4977 eum,
3193 4913 3294 4982 qui
3340 4929 3582 4967 manum
3615 4911 3792 4967 babe-

2139 5001 2240 5055 bat
2288 5000 2534 5054 aridam.
2579 4998 2764 5070 Elegit
2795 4998 3118 5053 duodecim.
3161 4999 3444 5056 Recenset
3476 5001 3792 5055 beatitudi—

2142 5105 2267 5144 nes.
2319 5088 2596 5159 Deplorat
2639 5087 2847 5141 divites
2891 5092 2948 5141 et
2992 5089 3268 5144 ridentes.
3312 5089 3672 5143 Adhortatur
3719 5089 3790 5142 ad

2140 5178 2533 5232 dilectionem.
2572 5182 2646 5231 De
2678 5192 2791 5230 non
2826 5177 3160 5230 ulciscendo
3193 5177 3548 5247 proximum.
3580 5175 3663 5230 De
3689 5176 3794 5231 hu-

2143 5265 2576 5321 manitate.Non
2608 5281 2736 5319 esse
2768 5264 2936 5319 nobis
2962 5265 3356 5334 judicandum
3383 5281 3395 5329 ;
3431 5281 3561 5319 esse
3583 5264 3794 5335 imper-

2140 5355 2432 5410 tiendum.
2483 5352 2818 5409 Parabolam
2862 5353 3001 5406 dicit
3030 5354 3102 5407 de
3133 5353 3355 5415 arbore,
3389 5356 3448 5405 et
3478 5354 3548 5408 de
3577 5370 3643 5409 eo
3693 5355 3792 5425 qui

2142 5459 2446 5500 sermones
2479 5459 2619 5498 suos
2651 5441 3128 5510 custodiat,quod
3161 5442 3210 5494 is
3243 5439 3456 5494 similis
3488 5441 3566 5496 sit
3595 5443 3794 5498 domui

2143 5534 2400 5588 fundatas
2423 5547 2603 5603 supra
2633 5534 2878 5602 petram.
2913 5530 3464 5599 VenitGapernaum
3494 5531 3635 5602 (cap.
3667 5534 3790 5598 vn).

2143 5621 2380 5677 Accedit
2409 5621 2478 5676 ad
2515 5636 2648 5674 eum
2683 5617 2942 5672 centurio
2976 5634 3151 5673 orans
3176 5633 3272 5688 pro
3305 5633 3470 5671 servo
3495 5637 3621 5674 suo.
3648 5620 3793 5674 Hinc

2144 5711 2427 5769 excitatur
2459 5708 2613 5763 {ilius
2640 5707 2842 5760 viduae.
2881 5704 3056 5760 Mittit
3086 5708 3153 5761 ad
3197 5722 3325 5760 eum
3366 5704 3627 5761 Joannes
3677 5708 3793 5761 dis-

3443 5833 3514 5890 13
