4170 6348
354 389 469 449 395

1545 382 1613 443 S.
1658 374 2179 441 ATHANASIUS.
2212 410 2288 424 -—
2318 374 2579 442 DUBIA.

3657 383 3779 446 396

354 518 578 593 cipulos
596 519 805 575 suos.l
819 516 928 573 40
940 517 1190 572 Accusat
1207 515 1443 571 turbam
1466 514 1642 570 Jesus
1666 512 1737 568 de
1757 512 2001 568 Joanne.

2139 507 2417 566 ἱνίσταται.
2454 509 2664 583 Πέμπει
2700 510 2957 583 Ἰωάννης
2984 510 3112 575 τοὺς
3149 512 3396 586 μαθητὰς
3425 513 3563 588 πρὸς
3596 513 3778 575 αὐτόν.

355 611 666 682 Comparat
695 623 824 662 eam
856 604 1294 678 generationem
1318 603 1517 675 pueris
1547 603 1699 658 inter
1730 618 1791 657 se
1822 600 2008 657 accla-

355 694 1023 767 mantibus.lngreditur
1043 694 1282 748 domum
1308 691 1607 748 Pharisaei.
1633 692 1699 746 Et
1721 706 1853 746 ecce
1881 707 2011 746 mu-

357 786 467 843 lier
497 784 788 858 peccatrix
813 782 1175 839 alabastrum
1207 779 1874 851 cﬂ‘undit.Reprehendit
1905 778 2013 835 hoc

362 875 584 932 factum
616 871 968 929 Pharisaaus.
1004 870 1346 926 Parabolam
1380 870 1450 924 ad
1484 884 1619 924 eum
1656 868 1798 923 dicit
1843 866 2014 922 Jesus

362 966 436 1022 de
465 963 696 1020 duobus
719 960 1099 1017 debitoribus.
1133 959 1353 1015 Deinde
1384 958 1594 1013 circuit
1625 974 1727 1030 per
1755 955 2015 1012 civitates

366 1058 426 1110 et
454 1053 612 1108 vicos
643 1052 781 1124 (cap.
806 1050 951 1121 vm).
1006 1049 1347 1121 Sequuntur
1375 1064 1508 1102 eum
1533 1045 1824 1115 mulieres,
1867 1061 2016 1117 quas

366 1146 691 1199 curaverat.
716 1137 1059 1195 Parabolam
1088 1137 1229 1195 dicit
1259 1138 1330 1192 de
1360 1136 1709 1192 seminante.
1740 1133 1915 1191 Venit
1943 1134 2016 1189 ad

366 1248 501 1289 eum
531 1234 716 1285 mater
744 1230 892 1300 ejus.
927 1225 1215 1297 Navigant
1234 1242 1367 1280 cum
1398 1241 1465 1279 eo
1495 1222 1802 1296 discipuli:
1835 1223 2020 1278 oritur

368 1323 712 1391 tempestas.
746 1314 1001 1371 Veniunt
1031 1314 1260 1370 Gadira.
1297 1311 1471 1386 Legio
1496 1312 1670 1368 irruit
1698 1312 1757 1366 in
1788 1328 2018 1384 porcos.

366 1408 585 1465 Deinde
604 1406 801 1463 Jairus
831 1406 957 1459 orat
990 1419 1092 1474 pro
1124 1402 1263 1458 tilia.
1296 1407 1549 1458 Sanatur
1580 1401 2023 1457 haemorrbousa

367 1497 590 1553 Excitat
610 1498 902 1551 mortuam
926 1491 1201 1565 puellam.
1229 1492 1406 1546 Mittit
1427 1489 1736 1546 duodecim
1762 1488 2020 1561 discipu-

366 1588 456 1644 los
486 1591 627 1656 (can.
658 1587 758 1652 ix).
790 1582 965 1637 Audit
996 1582 1066 1636 de
1097 1598 1162 1637 eo
1209 1581 1488 1636 Herodes.
1542 1579 1774 1635 Secedit
1824 1578 1883 1633 in
1925 1594 2019 1633 so-

368 1675 679 1733 litudinem
727 1673 918 1728 Jesus.
966 1668 1087 1724 Alit
1140 1670 1368 1724 turbas.
1402 1672 1748 1739 Interrogat,
1782 1667 2018 1724 dicens:

370 1789 399 1817 «
428 1764 610 1829 Quem
645 1777 739 1816 me
767 1776 897 1816 esse
917 1758 1125 1814 dicunt
1146 1756 1417 1813 homines
1436 1757 1482 1791 7‘
1506 1757 1534 1812 ?
1561 1778 1589 1807 »
1614 1760 1822 1812 Petrus
1845 1755 2022 1812 conﬁ-

2122 596 2378 672 Ἐγκαλεῖ
2414 602 2492 670 τῷ
2519 596 2680 674 ὔχλῳ
2711 598 2739 653 6
2771 599 2984 671 Ἰησοῦς
3014 600 3139 677 περὶ
3189 601 3461 660 Ἰωάννου.
3510 607 3779 681 Παρεικά-

2124 689 2199 755 ζει
2228 686 2329 755 τὴν
2360 686 2543 763 γενεὰν
2595 685 2838 751 παιδίοις
2868 695 2985 750 τοῖς
3030 696 3463 770 προσφωνοῦσιν.
3516 694 3779 771 Ἔρχεται

2122 773 2199 836 εἷς
2232 775 2403 860 οἰκίαν
2442 775 2763 848 Φαρισαίου,
2795 778 2886 832 καὶ
2936 775 3055 834 ἴδοῦ
3099 780 3133 850 ἠ
3178 781 3315 857 γυνὴ
3361 783 3396 851 ἡ
3446 781 3776 860 ἁμαρτωλὸς

2119 863 2183 918 τὸ
2215 859 2556 940 ἀλάϐαστρον
2603 867 2775 941 ἐκχεῖ.
2820 867 3066 923 Δίτιᾶται
3098 869 3127 924 6
3183 874 3480 946 Φαρισαῖος
3525 859 3587 927 τὸ
3616 894 3774 950 γεγο-

2122 951 2230 1014 νός.
2286 952 2439 1029 Λέγει
2489 955 2625 1031 πρὸς
2675 954 2833 1011 αὐτὸν
2868 958 2896 1011 6
2928 958 3140 1028 Ἰησοῦς
3183 959 3281 1027 τήν
3316 954 3637 1035 παραϐολὴν
3667 966 3774 1018 τῶν

2125 1037 2221 1096 δύο
2243 1042 2682 1121 χρεωφειλετῶν.
2714 1044 2845 1101 Εἶτα
2893 1042 3118 1102 διώδευε
3170 1048 3306 1103 κατὰ
3351 1047 3514 1104 πόλιν
3545 1050 3635 1105 καὶ
3664 1052 3773 1107 κώ-

2130 1152 2262 1203 μην,
2316 1132 2403 1186 καὶ
2463 1131 2804 1203 ἠκολούθουν
2854 1134 3001 1192 αὐτῶ
3042 1144 3292 1212 γυναῖκες
3340 1139 3394 1193 αἱ
3437 1142 3776 1215 θεραπευθεῖ-

2128 1240 2235 1276 σαι.
2269 1220 2425 1295 Λέγει
2463 1242 2561 1292 την
2609 1219 2932 1299 παραϐολήν
2977 1229 3074 1280 τοῦ
3121 1226 3460 1301 σπείραντος.
3513 1226 3709 1292 Ἦλθεν
3741 1231 3777 1299 ἡ

2131 1310 2316 1385 μήτηρ
2364 1309 2529 1365 αὐτοῦ
2576 1312 2714 1388 πρὸς
2758 1312 2940 1370 αὐτόν.
2976 1314 3241 1369 Πλέουσιν
3292 1315 3345 1371 οἰ
3393 1317 3632 1391 μαθηταὶ
3666 1319 3783 1392 μετ’

2129 1397 2312 1465 αὐτοῦ,
2348 1401 2733 1474 χειμάζονται,
2766 1398 3022 1479 ἔρχονται
3072 1404 3148 1466 εἰς
3200 1402 3449 1480 Γάδειρα,
3493 1407 3584 1461 καὶ
3631 1407 3660 1462 6
3692 1406 3784 1463 λε-

2128 1487 2268 1562 γεὼν
2309 1487 2385 1550 εἰς
2432 1488 2563 1551 τοὺς
2609 1491 2836 1567 χοίρους
2886 1491 3165 1565 ἐμπίπτει.
3222 1494 3353 1551 Εἶτα
3384 1493 3607 1572 Ἰάειρος
3652 1496 3784 1572 ὑπὲρ

2126 1576 2225 1644 τῆς
2279 1576 2538 1653 θυγατρὸς
2595 1578 2756 1649 ἀξιοῖ,
2814 1580 2904 1635 καὶ
2954 1583 2989 1651 ἡ
3041 1582 3419 1659 αἰμοῤῥοοῦσα
3467 1584 3631 1640 ἰᾶται.
3663 1589 3785 1643 Ἀν-

2133 1662 2310 1734 ίστησι
2351 1665 2450 1733 τήν
2500 1665 2692 1741 κόρην.
2726 1667 3083 1725 ’Δποστέλλει
3112 1669 3243 1734 τοὺς
3273 1668 3482 1727 δώδεκα
3515 1675 3784 1747 μαθητάς.

2132 1751 2344 1807 ’Λκούει
2388 1751 2640 1829 Ἡρώδης
2688 1756 2811 1832 περὶ
2860 1757 3052 1815 αὐτοῦ.
3100 1762 3408 1837 Ἀναχωρεῖ
3450 1760 3526 1825 εἰς
3575 1758 3780 1839 ἔρημον

371 1859 549 1911 tetur.
581 1850 817 1907 Mandat
863 1847 979 1903 illis
1009 1846 1331 1903 silentium.
1358 1846 1700 1902 Passionem
1732 1863 1799 1902 ac
1826 1861 2023 1902 resur-

2139 1841 2161 1946 6
2205 1842 2439 1912 Ἰησοῦς.
2499 1842 2691 1923 Τρέφει
2746 1846 2873 1910 τοὺς
2932 1843 3163 1925 ὄχλους,
3214 1850 3441 1926 Ἐρωτᾷ·
3476 1875 3505 1903 ‹‹
3554 1852 3684 1908 Τίνα
3716 1874 3783 1928 με

375 1942 694 2000 rectionem
743 1954 912 1995 suam
960 1934 1242 2008 praedicit.
1266 1935 1401 1991 Ait:
1437 1955 1459 1979 «ι
1485 1934 1544 1991 Si
1576 1935 1710 2007 quis
1739 1934 1867 1991 vult
1893 1939 2027 2008 post

2139 1928 2383 2006 λέγουσιν
2436 1932 2486 1985 οἱ
2536 1932 2807 2009 ἅνθρωποι
2841 1955 2855 2005 ;
2888 1959 2916 1988 ››
2961 1936 3260 2016 Ὁμολογεῖ
3303 1939 3525 2013 Πέτρος.
3572 1947 3787 2017 Παραγο

378 2049 472 2089 me
516 2030 714 2087 venire
760 2028 1010 2098 abneget
1053 2023 1515 2095 semetipsum“.
1559 2046 1587 2074 n
1622 2024 2028 2097 Transﬁgum-

374 2127 493 2178 tur.
524 2118 835 2176 Descendit
866 2116 936 2171 de
969 2118 1185 2169 monte.
1220 2118 1394 2169 Curat
1422 2113 1770 2169 lunaticum.
1816 2113 2026 2185 Loqui-

374 2219 472 2269 tur
502 2211 573 2265 de
605 2206 897 2281 passione.
930 2204 1205 2268 Quaerunt
1234 2202 1533 2275 discipuli,
1558 2203 1689 2273 quis
1721 2203 1908 2274 major
1927 2202 2025 2258 sit.

372 2303 549 2359 Jesus
579 2313 714 2354 vero
745 2296 914 2351 docet
939 2310 1062 2349 vos.
1097 2291 1315 2347 Deinde
1363 2292 1536 2348 dicit:
1572 2315 1599 2342 «
1634 2292 1739 2359 Qui
1774 2308 1888 2348 non
1939 2296 2031 2347 est

376 2395 583 2447 contra
610 2402 734 2455 vos,
767 2400 871 2456 pro
902 2381 1067 2437 vobis
1089 2385 1179 2436 est
1196 2381 1261 2449 ⁷⁸,
1299 2402 1326 2429 ››
1357 2382 1512 2451 quod
1547 2381 1616 2436 de
1645 2396 1712 2436 eo
1742 2380 1903 2448 dicit,
1928 2380 2027 2452 qui

376 2480 436 2534 in
462 2475 699 2534 nomine
730 2489 837 2528 suo
859 2469 1146 2526 daemonia
1169 2469 1461 2541 ejiciebat,
1493 2474 1551 2525 et
1579 2486 1641 2525 se
1673 2487 1787 2525 non
1821 2485 2028 2542 seque-

377 2568 569 2623 batur.
606 2561 898 2620 Volentem
931 2558 1160 2631 ingredi
1185 2557 1246 2613 in
1278 2558 1574 2614 civitatem
1623 2559 2030 2615 Samaritano-

381 2672 536 2725 rum,
587 2668 703 2707 non
748 2652 1094 2722 receperunt
1131 2663 1264 2703 eum
1294 2664 1307 2702 :
1360 2647 1496 2703 hinc
1526 2647 1798 2721 discipuli
1830 2648 2033 2704 volunt

380 2746 580 2819 ignem
598 2740 825 2798 caelitus
846 2739 1159 2810 deposcere
1180 2752 1358 2808 super
1378 2753 1476 2792 eos
1499 2754 1513 2794 :
1544 2737 1576 2793 J
1583 2754 1720 2793 esus
1748 2754 1883 2793 vero
1906 2753 2031 2793 cor-

384 2831 566 2904 ripuit
593 2845 712 2885 eos.
740 2826 987 2895 Quidam
1019 2823 1188 2879 illum
1223 2823 1388 2895 sequi
1417 2823 1638 2891 volens,
1669 2824 2031 2897 prohibetur.

386 2921 557 2977 Alius
585 2935 719 2973 vero
752 2913 1091 2971 admonitus
1122 2918 1187 2968 ut
1234 2917 1537 2983 sequatur,
1585 2914 1813 2969 abnuit.
1870 2914 2035 2971 Tunc

386 3011 560 3068 dicit:
596 3031 624 3060 ιι
657 3011 839 3063 Nemo
871 3002 1051 3060 mittit
1082 3018 1324 3057 manum
1356 3018 1523 3057 suam
1558 3002 1630 3057 ad
1663 3007 1945 3071 aratrum,
1978 3008 2037 3059 et

382 3104 516 3175 post
541 3104 775 3170 tergum
807 3092 1164 3150 convertitur
1182 3091 1248 3145 ⁷⁷.
1285 3113 1306 3139 ιι
1361 3090 1636 3162 Designat
1665 3091 2037 3164 septuaginta

384 3187 708 3260 discipulos
758 3187 896 3255 (cap.
951 3183 1036 3253 ι),
1091 3180 1309 3235 emittit
1367 3196 1466 3236 eos
1526 3182 1694 3237 binos
1743 3199 1809 3237 ac
1841 3183 2032 3255 binos,

380 3249 649 3336 hortatus
680 3249 1110 3347 nequidquam
1139 3286 1339 3326 secum
1373 3271 1684 3327 deferrent.
1711 3249 2031 3345 Exprobrat

2147 3265 2400 3340 ἄροτρον,
2458 3266 2547 3321 καὶ
2604 3268 2883 3343 στρέφεται
2945 3272 3022 3334 εἷς
3078 3273 3146 3327 τὰ
3197 3272 3390 3332 ὀπίσω.
3431 3299 3459 3327 ››

384 3366 741 3425 civitatibus.
776 3364 994 3419 Exinde
1027 3360 1204 3417 dicit:
1244 3382 1265 3409 ι
1303 3360 1411 3425 Qui
1442 3377 1544 3417 vos
1575 3361 1764 3433 audit,
1817 3381 1909 3418 me
1941 3382 2042 3419 au-

387 3457 558 3514 dit“.
593 3478 622 3506 »
654 3454 801 3511 Item
823 3470 842 3508 :
891 3451 1174 3506 Videbam
1221 3449 1501 3505 Satanam
1534 3450 1900 3508 decidentcm
1931 3453 2043 3509 sic-

390 3551 458 3604 ut
488 3544 744 3616 fulgur"
770 3561 783 3600 :
819 3564 847 3593 »
895 3545 953 3596 et
982 3541 1082 3595 dat
1110 3538 1420 3611 discipulis
1448 3543 1796 3611 potestatem
1843 3547 2048 3598 contra

389 3640 690 3704 Satanam,
748 3636 803 3688 et
856 3630 1131 3686 admonet
1177 3644 1249 3684 ne
1306 3644 1373 3683 eo
1422 3627 1660 3684 nomine
1702 3631 2043 3702 gauderent.

394 3725 617 3783 Deinde
646 3723 956 3777 conﬁtetur
985 3717 1162 3783 Patri,
1195 3720 1252 3771 et
1272 3715 1413 3771 dicit
1439 3716 1779 3788 discipulis:
1815 3740 1842 3769 «
1887 3718 2043 3775 Beati

401 3814 553 3872 oculi
587 3813 688 3884 qui
720 3811 919 3865 vident
948 3824 1078 3880 quae
1106 3822 1207 3862 vos
1236 3805 1465 3861 videtis.
1502 3805 1667 3860 Multi
1713 3806 1870 3862 enim
1912 3824 2045 3880 pro-

398 3904 587 3978 phetas
633 3900 1042 3958 desiderarunt
1085 3895 1282 3951 videre
1330 3910 1457 3965 quae
1506 3911 1605 3950 vos
1649 3895 1856 3952 videtis
1902 3897 1967 3952 ⁸ο.
2016 3919 2045 3948 ››

395 3994 607 4051 Tentat
638 4008 770 4047 eum
801 3985 1199 4059 legisperitus,
1231 3987 1289 4038 et
1327 3983 1604 4053 parabole
1634 3984 1849 4040 dicitur
1878 3986 1949 4041 de
1978 4003 2044 4042 eo

396 4085 498 4155 qui
529 4079 913 4138 descenderat
934 4076 995 4130 in
1034 4074 1286 4130 Jericho.
1333 4072 1561 4128 Martha
1597 4079 1834 4130 accusat
1883 4091 2043 4131 soro-

394 4188 519 4228 rem
553 4185 745 4227 suam.
770 4170 942 4221 Orare
969 4164 1139 4219 docet
1168 4161 1491 4233 discipulos
1522 4163 1669 4233 (cap.
1703 4168 1805 4233 x1),
1838 4168 1895 4219 et
1942 4182 2044 4237 pa-

392 4259 655 4316 rabolam
687 4256 830 4312 dicit
859 4256 929 4311 de
959 4268 1027 4310 eo
1059 4252 1156 4325 qui
1190 4252 1265 4306 ab
1298 4251 1488 4306 amico
1522 4252 1580 4306 in
1632 4252 1779 4308 lecto
1802 4254 1928 4324 jam
1951 4256 2046 4311 de-

392 4349 705 4406 cumbente
729 4360 910 4417 panes
941 4342 1104 4415 petit.
1138 4340 1316 4397 Curat
1342 4345 1568 4395 mutum
1591 4342 2039 4398 daemoniacum.

389 4438 553 4493 Tunc
582 4436 824 4492 dicunt:
856 4455 884 4484 ‹‹
918 4432 981 4487 In
1013 4427 1318 4486 Beelzebul
1349 4430 1605 4484 curat“.
1640 4451 1667 4479 ››
1701 4429 1921 4486 Deinde
1950 4431 2039 4486 di-

390 4526 505 4581 cit:
537 4528 677 4581 Cum
708 4520 955 4595 spiritus
984 4516 1332 4574 immundus
1366 4532 1641 4588 egressus
1672 4522 1780 4584 est,
1815 4534 2041 4590 peram-

389 4612 557 4669 bulat
602 4610 731 4668 loca
775 4605 1149 4679 inaquosa”.
1204 4626 1233 4655 »
1264 4604 1484 4660 Deinde
1527 4603 1740 4660 mulier
1768 4605 2031 4678 quaedam

2148 4600 2418 4678 λέγουσιν,
2468 4604 2549 4659 ὅτι
2603 4629 2632 4656 ι(

389 4701 508 4758 ait:
561 4723 589 4751 ‹‹
623 4702 840 4756 Beatus
867 4700 1071 4753 venter
1089 4694 1154 4764 ⁸³,
1187 4716 1211 4746 ι
1249 4698 1308 4749 et
1336 4697 1562 4749 caetera.
1609 4694 1894 4749 Futurum
1927 4695 2040 4750 mi-

385 4795 581 4857 natur,
612 4794 678 4845 ut
698 4790 813 4844 ista
842 4784 1141 4860 generatio
1163 4784 1588 4840 condemnetur
1618 4800 1648 4839 a
1681 4783 2040 4853 Ninivitis,et

384 4880 570 4935 dicit:
611 4899 632 4927 α
668 4876 1178 4947 Nemo,1ucernam
1210 4873 1675 4937 accendens,sub
1707 4873 1903 4929 modio
1935 4891 2036 4946 po-

381 4971 592 5028 nit“.»
626 4968 958 5042 Ingreditur
987 4966 1058 5023 ad
1089 4962 1448 5020 Pharisaeum
1479 4963 1804 5034 prandendi
1827 4965 2032 5035 gratia.

380 5060 482 5117 ille
529 5077 661 5117 vero
711 5074 846 5114 eum
897 5059 1154 5124 accusat,
1212 5053 1364 5125 quod
1399 5050 1555 5108 lotus
1594 5069 1707 5108 non
1745 5058 1919 5109 esset.
1954 5056 2031 5109 Ad

378 5147 535 5204 hunc
586 5146 765 5203 dicit:
802 5169 831 5196 ι(
878 5144 996 5200 Vos
1045 5141 1346 5198 mundatis
1378 5139 1530 5211 quod
1564 5143 1725 5195 extra
1757 5140 2029 5212 poculum

376 5243 466 5293 est
484 5238 584 5303 35,»
616 5240 674 5293 et
702 5235 1009 5292 caetera.Et
1038 5231 1302 5303 deplorat
1332 5245 1453 5294 eos,
1478 5228 1754 5283 similiter
1771 5236 1826 5285 et
1858 5230 2029 5302 legis-

377 5320 1103 5397 peritos(cap.xn).Deinde
1126 5319 1325 5375 dicit:«
1345 5317 1909 5374 Nihilestoccultum
1925 5321 2027 5386 3°,»

373 5416 431 5467 et
458 5417 684 5469 caetera.
718 5414 859 5469 item
885 5429 899 5468 :
936 5431 966 5461 «
990 5408 1073 5465 Ne
1099 5405 1360 5463 timeatis
1386 5420 1487 5462 eos
1508 5404 1606 5477 qui
1630 5421 1842 5478 corpus
1872 5409 2023 5464 occi-

2134 2016 2325 2094 γέλλει
2385 2026 2629 2092 σιωπᾷν.
2686 2023 2950 2101 Προλέγει
2994 2026 3120 2103 περὶ
3162 2031 3259 2083 τοῦ
3310 2028 3517 2092 πάθους
3564 2016 3783 2101 καὶτῆς

2136 2107 2494 2171 ἀναστάσεως.
2529 2110 2705 2187 Λέγει·
2749 2137 2776 2164 ‹‹
2810 2111 2884 2167 Ei’
2901 2135 2985 2176 τις
3036 2114 3179 2170 θέλει
3233 2115 3408 2172 ὀπίσω
3442 2139 3548 2191 μου
3580 2118 3780 2189 ἐλθεῖν,

2135 2196 2457 2272 ἀρνησάσθω
2506 2199 2714 2259 ἑαυτόν.
2769 2226 2797 2253 ››
2846 2208 3329 2281 Μεταμορφοῦται.
3378 2206 3624 2264 Κάτεισιν
3678 2209 3784 2264 ἀπὸ

2134 2290 2232 2341 τοῦ
2264 2282 2444 2359 ὄρους.
2472 2290 2758 2365 Θεραπεύει
2807 2291 2897 2346 τὸν
2948 2291 3425 2368 σεληνιαζόμενον.
3460 2297 3617 2373 Λέγει
3662 2298 3787 2376 περὶ

2135 2378 2233 2430 τοῦ
2263 2375 2493 2440 πάθους.
2524 2380 2783 2448 Ἐζήτουν
2816 2381 2869 2435 οἱ
2917 2381 3176 2453 μαθηταὶ,
3222 2384 3305 2446 τίς
3338 2383 3398 2439 ἃν
3443 2382 3525 2457 εἴη
3565 2375 3786 2461 μείζων·

2139 2465 2167 2519 6
2227 2461 2307 2552 δὲ,
2342 2466 2551 2536 Ἰησοῦς
2601 2465 2835 2540 ἐδίδαξεν
2892 2469 3111 2534 αὐτούς.
3174 2472 3305 2529 Εἶτά
3363 2495 3547 2552 φησιν·
3611 2500 3641 2529 ‹‹
3699 2477 3790 2539 Ὃς

2140 2552 2241 2608 οὐκ
2297 2551 2407 2609 ἔστι
2464 2558 2584 2610 καθ’
2618 2557 2796 2631 ὑμῶν,
2856 2559 2987 2635 ὑπὲρ
3047 2561 3199 2634 ὑμῶν
3252 2551 3415 2635 ἐστιν,
3467 2587 3495 2616 ››
3527 2567 3650 2641 περῖ
3695 2570 3793 2621 τοῦ

2140 2635 2508 2707 ἐκϐάλλοντος
2536 2645 2603 2700 τὰ
2635 2642 2891 2720 δαιμόνια
2919 2646 2970 2702 ἐν
3002 2653 3081 2721 τῷ
3111 2649 3337 2724 ὀνόματι
3363 2651 3551 2725 αὐτοῦ,
3581 2635 3671 2710 καὶ
3696 2654 3794 2711 οὐκ

2141 2728 2569 2796 ἀκολουθοῦντος
2598 2732 2765 2807 αὐτῷ.
2800 2736 3141 2811 Βουλόμενον
3174 2739 3435 2806 εἰσελθεῖν
3464 2742 3543 2806 εἰς
3559 2744 3658 2813 τὴν
3691 2743 3794 2799 πό-

2142 2816 2229 2873 λιν
2262 2824 2371 2906 τῷν
2397 2827 2749 2897 Σαμαρειτῶν
2774 2825 2875 2881 υύκ
2895 2823 3107 2898 ἐδέξατο
3138 2830 3437 2904 (30⁸).Εἰτα
3465 2832 3517 2886 οἱ
3551 2832 3787 2906 μαθηταὶ

2140 2911 2249 2985 πῦρ
2277 2905 2477 2978 ἤθελον
2527 2913 2841 2988 κατενέγκαι
2891 2915 2975 2970 ἐπ’
3023 2916 3217 2981 αύτούς
3243 2937 3257 2951 ·
3292 2920 3320 2973 6
3353 2916 3411 2974 δὲ
3456 2905 3664 2991 Ἰησοῦς
3696 2920 3790 2976 ἐπ-

2144 2995 2397 3070 ετίμησεν
2440 2999 2650 3061 αὐτοῖς.
2702 3001 3044 3077 Βουλόμενός
3093 3027 3178 3068 τις
3223 3006 3594 3077 ἀκολουθῆσαι
3645 3008 3793 3082 αύτῷ

2142 3085 2411 3141 κωλύεται
2447 3132 2459 3145 .
2492 3091 2713 3164 Ἕτερος
2762 3088 2818 3146 δὲ
2866 3092 3259 3169 παρακαλεῖται
3295 3142 3308 3168 ,
3337 3096 3429 3151 καὶ
3459 3095 3745 3154 ἀναδύεται
3781 3144 3793 3157 .

2144 3175 2275 3230 Τότε
2307 3174 2475 3251 λέγει’
2516 3201 2544 3226 ‹‹
2575 3176 2765 3242 Οὐδεὶς
2803 3176 3090 3239 ἐπιϐάλλει
3134 3186 3233 3253 τήν
3288 3191 3452 3261 χεῖρα
3499 3185 3666 3243 αὐτοῦ
3718 3187 3799 3243 ἐπ’

3508 3273 3799 3348 Ἀνέδειξεν

2153 3348 2528 3427 ἐϐδομήκοντα
2576 3360 2823 3430 μαθητὰς
2856 3402 2870 3427 ,
2918 3361 3008 3415 καὶ
3059 3362 3261 3435 πέμπει
3312 3362 3507 3427 αὐτοὺς
3553 3366 3653 3421 ἀνὰ
3683 3364 3801 3439 δύο,

2152 3442 2474 3515 παραινέσας
2523 3442 2692 3517 μηδὲν
2743 3448 3020 3521 βαστάσαι.
3072 3446 3349 3519 Ὀνειδίζει
3389 3457 3509 3514 ταῖς
3557 3450 3752 3508 πόλεσι
3787 3495 3800 3511 .

2151 3531 2287 3587 Τότε
2336 3531 2503 3608 λέγει·
2543 3557 2571 3587 ι(
2599 3535 2662 3591 Ὁ
2701 3534 2912 3591 ἀκούων
2965 3538 3140 3610 ὑμῶν,
3191 3538 3327 3612 ἐμοῦ
3372 3539 3578 3599 ἀκούει.
3616 3566 3644 3594 »
3669 3541 3803 3600 Εἶτά

2154 3640 2336 3698 φησιν’
2382 3645 2410 3674 ι(
2434 3623 2732 3700 Ἐθεώρουν
2757 3624 2852 3680 τὸν
2902 3633 3141 3683 Σατανᾶν
3191 3630 3444 3701 πεσόντα,
3474 3630 3552 3693 ὡς
3601 3632 3799 3707 ἀστρα-

2153 3712 2286 3781 πήν,
2322 3734 2349 3762 ››
2378 3712 2466 3767 καὶ
2500 3709 2690 3767 δίδωσι
2718 3719 2836 3776 τοῖς
2889 3717 3156 3789 μαθηταῖς
3200 3717 3439 3789 ἐξουσίαν
3469 3725 3583 3775 κατ’
3612 3719 3801 3788 αὐτοῦ,

2153 3797 2243 3854 καὶ
2273 3806 2525 3873 παραινεῖ
2556 3803 2632 3874 μή
2674 3803 2887 3879 χαίρειν
2937 3804 2989 3859 ἐν
3037 3805 3238 3880 τούτῳ.
3269 3809 3404 3864 Εἶτα
3452 3806 3800 3885 ἐξομολογεῖ·

2150 3909 2238 3943 ται
2286 3893 2366 3961 τῷ
2428 3891 2618 3966 Πατρὶ,
2667 3891 2756 3946 καί
2802 3914 2935 3968 φησι
2980 3899 3096 3957 τοῖς
3145 3902 3433 3968 μαθηταῖς·
3471 3899 3800 3975 »Μακάριοι

2154 3978 2207 4032 οἰ
2232 3977 2531 4056 ὀφθαλμοὶ,
2565 3980 2618 4033 οἰ
2652 3979 2944 4054 βλέποντες
2969 3981 3000 4037 ἃ
3023 3982 3271 4059 βλέπετε.
3296 3983 3507 4042 Πολλοὶ
3539 3988 3643 4062 γὰρ
3666 4007 3799 4063 προ-

2153 4074 2320 4145 φῆται
2368 4066 2709 4141 ἐπεθύμησαν
2745 4067 2876 4125 ἰδεῖν
2926 4070 2957 4127 ἃ
2991 4070 3235 4147 βλέπετε.
3272 4097 3301 4125 »
3334 4075 3395 4132 Ὁ
3425 4075 3654 4149 νομικὸς
3682 4095 3800 4131 πει-

2153 4158 2323 4230 ράζει,
2354 4158 2444 4211 καὶ
2474 4159 2509 4227 ἡ
2541 4154 2830 4232 παραϐολὴ
2883 4158 3099 4236 λέγεται
3140 4160 3239 4218 τοῦ
3282 4162 3358 4227 εἰς
3388 4164 3607 4240 Ἱεριχὼ
3640 4185 3800 4220 κατα-

2152 4240 2454 4304 ϐαίνοντος.
2501 4246 2696 4322 Μάρθα
2746 4247 2965 4325 ἐγκαλεῖ
3014 4250 3145 4324 ὑπὲρ
3195 4259 3294 4322 τῆς
3352 4250 3615 4331 ἀδελφῆς.
3644 4250 3802 4310 Διδά-

2151 4355 2266 4389 σκει
2314 4333 2563 4410 εὔχεσθαι
2612 4336 2739 4400 τοὺς
2788 4340 3032 4410 μαθητὰς
3070 4384 3082 4408 ,
3115 4339 3204 4396 καὶ
3236 4340 3385 4417 λέγει
3425 4344 3527 4412 τήν
3557 4339 3801 4417 παραϐο-

2152 4423 2254 4493 λὴν
2284 4428 2382 4479 τοῦ
2412 4425 2691 4489 αἰτοῦντος
2741 4424 2934 4503 ἄρτους
2979 4429 3070 4483 τὸν
3125 4428 3285 4507 φίλον
3312 4431 3404 4486 τὸν
3438 4433 3490 4488 έν
3521 4436 3590 4507 τῇ
3635 4431 3794 4507 κλίνῃ

2148 4512 2296 4571 ύντα.
2331 4514 2620 4591 Θεραπεύει
2648 4515 2740 4571 τὸν
2772 4517 2953 4593 κωφὸν
2997 4517 3087 4573 τὸν
3140 4515 3593 4595 δαιμονιζόμενον
3616 4562 3629 4582 .
3667 4521 3800 4577 Τότε

2687 4606 2775 4662 Ἐν
2828 4601 3169 4676 Βεελζεϐοὺλ
3221 4609 3523 4685 θεραπεύει.
3588 4635 3617 4663 ››
3663 4611 3798 4668 Εἶτα

2152 4691 2322 4767 λέγει·
2359 4718 2386 4745 ι(
2418 4694 2584 4749 ’Όταν
2618 4691 2806 4769 ἐξέλθῃ
2854 4694 2918 4750 τὸ
2964 4695 3265 4772 ἀκάθαρτον
3307 4703 3537 4774 πνεῦμα,
3571 4698 3795 4775 πορεύε-

2145 4802 2234 4837 ται
2267 4778 2335 4836 δι⁹
2361 4780 2603 4858 ἀνύδρων
2647 4782 2848 4841 τόπων.
2883 4809 2912 4837 ››
2938 4785 3068 4842 Εἶτα
3116 4789 3253 4861 γυνή
3304 4787 3387 4851 τίς
3432 4806 3585 4867 φησι·
3621 4813 3649 4842 (ι
3681 4796 3793 4845 Μα-

2145 4870 2307 4947 καρία
2361 4873 2396 4941 ἡ
2454 4870 2656 4939 κοιλία,
2719 4895 2748 4924 ››
2806 4873 2897 4927 καὶ
2954 4873 3021 4928 τὰ
3083 4875 3243 4945 ἑξῆς.
3302 4879 3799 4953 Κατακριθήσεσθαι

2145 4958 2401 5037 προλέγει
2448 4959 2577 5023 τοὺς
2621 4960 2744 5016 τότε
2794 4961 2896 5016 ὑπὸ
2939 4962 3148 5037 Νινεύί,
3179 4965 3269 5019 καί
3318 4984 3471 5044 φησι·
3516 4991 3543 5017 «
3579 4964 3794 5036 Οὐδεὶς,

2145 5046 2349 5125 λύχνον
2385 5050 2546 5124 ἅψας,
2584 5050 2684 5104 ὑπὸ
2712 5050 2802 5105 τὸν
2840 5048 3030 5125 μόδιον
3058 5052 3291 5124 τίθησιν.
3326 5077 3355 5105 ››
3386 5052 3650 5124 Εἰσῆλθεν
3682 5054 3798 5130 ἆρι-

2142 5145 2334 5208 στῆσαι
2382 5139 2521 5216 πρὸς
2571 5143 2891 5215 Φαρισαῖον.
2932 5143 2991 5198 ’0
3036 5139 3094 5197 δὲ
3143 5140 3378 5219 ἐγκαλεῖ,
3413 5141 3496 5197 ὅτι
3548 5142 3647 5197 οὐκ
3675 5136 3794 5197 ἐϐα-

2139 5230 2386 5284 micare.
2436 5228 2567 5283 Τότε
2617 5226 2765 5304 λέγει
2814 5229 2952 5307 πρὸς
2999 5230 3178 5286 αὐτόν·
3230 5255 3260 5284 ις
3291 5231 3472 5305 Ὑμεῖς
3499 5231 3563 5287 τὸ
3604 5227 3796 5303 ἔξωθεν

2134 5321 2234 5373 τοῦ
2272 5317 2540 5394 ποτηρίου
2586 5318 2916 5394 καθαρίζετε.
2951 5344 2980 5372 ››
3012 5320 3115 5378 Καὶ
3158 5316 3431 5391 ταλανίζει
3479 5320 3673 5385 αὐτοὺς
3701 5321 3791 5377 καὶ

2134 5406 2262 5470 τοὺς
2310 5406 2592 5481 νομικούς.
2648 5407 2779 5465 Εἶτα
2827 5409 2994 5485 λέγει’
3033 5434 3060 5461 ι(
3093 5410 3262 5489 Ούγέθ
3313 5409 3426 5467 ἐστι
3466 5412 3726 5490 κρυπτόνο
3762 5434 3792 5465 ››

443 5525 489 5603 ἶ⁸
536 5528 671 5584 ιυο·
702 5545 787 5603 ιξρί
824 5530 930 5603 18,σ,
967 5524 1203 5603 ,7⁵.ἱδίε¹.ο
1254 5523 1344 5603 21?;
1378 5520 1655 5603 ..".“.“1i.d-
1686 5523 1775 5603 39.,
1796 5594 1827 5603 ..
1850 5523 2031 5603 ’Ῐῖίδέίέ

2380 5526 2516 5603 Luc.
2567 5541 2621 5603 gr,
2646 5526 2744 5603 _l6.
2821 5528 2868 5562 7°
2898 5526 3042 5603 ibid.
3078 5529 3163 5584 18.
3241 5530 3288 5565 ⁸ο
3318 5530 3458 5586 Luc.
3490 5548 3549 5601 κ,
3577 5531 3669 5603 23,
3696 5530 3788 5587 24.

370 5598 415 5635 ει
449 5598 588 5654 Luc.
620 5592 813 5667 111,15,
887 5596 1223 5654 "ibid.24.
1300 5592 1639 5647 '3ibid.27.
1716 5594 1763 5629 ει
1792 5594 1934 5651 ibid.
1968 5597 2058 5652 33.

443 5706 581 5780 (30')
612 5701 908 5779 Ἐδέξαντο.

2136 5598 2182 5633 ⁸⁵
2218 5597 2356 5653 ibid.
2402 5598 2490 5652 39.
2567 5598 2612 5634 ⁸⁸
2645 5598 2783 5655 Luc.
2817 5615 2920 5669 xu,
2952 5601 3006 5655 2.
