4170 6354
478 442 589 503 397

1585 437 1965 499 SYNOPSIS
2014 438 2181 497 SCRl
2197 435 2477 497 PTURE
2520 436 2817 494 SACR/E.

3785 440 3904 500 398

481 569 568 625 καὶ
624 569 713 635 τὸ,
767 590 796 620 n
856 569 945 635 Μὴ
994 561 1272 637 φοϐηθῆτε
1316 564 1421 621 ἀπὸ
1466 568 1571 621 τῶν
1620 564 2045 621 ἀποκτεινόντων
2078 566 2129 619 τὲ

2255 566 2520 620 ᾱυοιδτ.»
2550 567 2616 620 Ει
2646 564 2788 619 illud
2815 583 2826 620 :
2860 588 2887 615 ι(
2910 565 3183 635 Nunquid
3218 566 3478 637 quinque
3510 586 3777 639 passeres
3800 571 3901 639 33,»

481 663 659 731 σῶμα·
695 681 723 710 ››
758 656 849 711 καὶ
879 657 964 725 τὸ,
999 681 1025 707 ‹‹
1061 654 1199 730 Οὐχὶ
1226 654 1383 709 πέντε
1414 655 1686 731 στρουθία·
1724 680 1750 707 ι)
1801 655 1912 720 καὶ,
1966 678 1994 704 ι(
2046 656 2139 715 Ὅς

482 748 539 802 ἂν
574 747 952 824 βλασφημήσῃ
987 744 1062 805 εἷς
1094 744 1156 797 τὸ
1193 748 1431 817 Πνεῦμα.
1469 769 1496 794 ››
1531 742 1897 819 Προσέρχεταί
1929 763 2011 803 τις
2047 763 2139 814 με·

482 836 727 913 ρίσασθαι
757 834 851 889 τὸν
882 832 1093 907 κλῆρον
1132 834 1265 905 μετὰ
1294 837 1391 886 τοῦ
1422 830 1681 910 ἀδελφοῦ.
1715 834 1847 885 Εἶτα
1905 832 1932 885 6
1982 829 2140 904 λογι-

481 926 703 999 ζόμενος
755 921 1041 982 πλούσιος·
1096 920 1220 995 περὶ
1269 925 1378 975 τῶν
1421 921 1737 991 ἀποθηκῶν.
1774 923 2028 993 Παραινεῖ
2060 919 2137 990 μή

480 1018 747 1091 μεριμνᾷν
773 1011 895 1086 περὶ
926 1016 1157 1087 τροφῆς.
1212 1007 1341 1085 Περῖ
1391 1008 1773 1081 ἐλεημοσύνης
1824 1008 1989 1084 λέγει,
2048 1007 2136 1061 καὶ

471 1109 569 1159 τοῦ
629 1100 893 1158 δεσπότου
951 1105 1053 1155 τοῦ
1113 1097 1487 1161 διακονοῦντος
1546 1104 1663 1161 τοῖς
1698 1096 1917 1158 δούλοις
1950 1096 2136 1164 αὐτοῦ,

472 1194 561 1248 καὶ
612 1192 735 1267 περὶ
788 1194 885 1245 τοῦ
935 1194 1129 1244 πιστοῦ
1178 1186 1402 1261 δούλου,
1433 1188 1521 1242 καὶ
1554 1188 1677 1264 περὶ
1707 1192 1803 1242 τοῦ
1835 1184 2041 1247 εἰδότος
2072 1185 2135 1240 τὸ

480 1282 694 1354 θέλημα
749 1284 846 1335 τοῦ
904 1278 1108 1342 Κυρίου
1166 1277 1352 1345 αὐτοῦ,
1412 1277 1501 1331 καὶ
1561 1280 1635 1350 μὴ
1669 1280 1975 1336 ποιοῦντος.
2013 1274 2132 1331 Καὶ.

484 1395 510 1422 ››
546 1374 656 1444 Πῦρ
685 1367 877 1437 ἦλθον,
913 1392 937 1419 κ
969 1367 1123 1444 φησὶ,
1159 1390 1185 1418 ι(
1223 1364 1433 1441 βαλεῖν.
1494 1390 1520 1417 ››
1556 1363 1750 1441 Ἔλεγε
1783 1362 1839 1418 δὲ
1889 1362 1976 1417 καὶ
2010 1363 2133 1438 περὶ

482 1461 587 1514 τῶν
641 1459 703 1513 τὸ
760 1457 1047 1533 πρόσωπον
1106 1460 1203 1510 τοῦ
1271 1454 1501 1530 οὐρανοῦ
1561 1452 1994 1528 δοκιμαζόντων.
2036 1452 2133 1506 Καὶ

481 1548 563 1603 τό·
599 1573 627 1599 ‹‹
684 1548 806 1604 Ἐάν
868 1545 1070 1620 ὑπάγῃς
1130 1544 1265 1618 μετὰ
1317 1549 1415 1599 τοῦ
1448 1541 1724 1600 ἀντιδίκου
1776 1564 1871 1597 σου
1904 1542 1986 1596 ἐπ’
2046 1542 2137 1614 ἅρ-

484 1658 669 1713 χοντα.
708 1661 735 1687 ››
777 1635 904 1690 Εἶτα
950 1634 1078 1697 τοὺς
1127 1633 1231 1689 ὐπὸ
1264 1632 1505 1688 Πιλάτου
1537 1633 1908 1708 ἀναιρεθέντας
1966 1630 2133 1685 Γαλι-

480 1727 685 1791 λαίους,
745 1724 836 1779 καί
891 1723 1019 1786 τοὺς
1079 1723 1181 1778 ὑπὸ
1238 1728 1334 1778 τοῦ
1389 1722 1599 1800 πύργου
1654 1721 2130 1798 καταχωσθέντας.

474 1817 603 1870 Εἶτα
655 1817 689 1883 ἡ
740 1808 1031 1889 παραϐολὴ
1091 1819 1191 1882 τῆς
1240 1812 1487 1889 ἀκάρπου
1520 1818 1709 1881 συκῆς.
1744 1812 1852 1879 Τήν
1890 1810 1991 1864 ὑπὸ
2034 1812 2133 1863 τοῦ

474 1902 733 1977 δαίμονος
792 1902 1204 1977 συγκύπτουσαν
1269 1901 1551 1977 θεραπεύει
1616 1900 1667 1955 ἐν
1722 1894 2011 1971 Σαϐϐάτῳ*
2042 1898 2133 1952 καὶ

475 1993 789 2070 ἐγκαλοῦσιν
833 1989 1128 2047 Ἰουδαῖοι·
1183 1992 1210 2045 6
1258 1988 1315 2045 δέ
1355 1989 1691 2063 ἐπιστομίζει
1722 1988 1937 2049 αὐτούς.
1998 1987 2127 2042 Εἶτα

474 2086 507 2153 ἡ
542 2080 833 2157 παραοολὴ
862 2086 962 2136 τοῦ
995 2081 1279 2147 σινάπεως,
1310 2080 1400 2135 καὶ
1430 2087 1529 2148 τῆς
1568 2079 1763 2151 ζύμης.
1818 2078 1945 2131 Εἶτα
1975 2079 2123 2147 ἡρω-

472 2175 633 2243 τήθη,
668 2172 713 2226 εί
744 2170 923 2247 ὀλίγοι
966 2172 1016 2225 οἳ
1071 2170 1389 2242 σωζόμενοι.
1444 2174 1705 2244 Παραινεῖ
1745 2166 2005 2221 εἰσελθεῖν
2038 2162 2126 2219 διὰ

471 2268 568 2329 τῆς
621 2266 810 2328 στενῆς
867 2258 1053 2334 θύρας,
1111 2258 1201 2312 καὶ
1261 2256 1472 2332 ἐπάγει·
1504 2279 1530 2311 ιε
1584 2257 1837 2326 ’Ήξουσιν
1872 2254 1977 2309 ἀπὸ
2006 2254 2127 2307 ἀνα-

471 2349 647 2405 τολῶν
730 2347 822 2403 καὶ
900 2345 1141 2420 δυσμῶν,
1212 2347 1300 2401 καὶ
1374 2344 1849 2415 ἀνακλιθήσονται.
1913 2367 1940 2394 ››
1997 2343 2127 2397 Εἶτα

476 2438 721 2515 λέγουσιν
780 2434 963 2509 αὐτῷ’
1026 2460 1046 2487 ι
1108 2435 1358 2508 Ἔξελθε,
1418 2433 1500 2489 ὅτι
1556 2431 1805 2508 Ἡρώδης
1870 2430 2124 2506 βούλεταί

474 2549 530 2583 σε
588 2525 820 2582 ἀνελεῖν.
884 2549 912 2576 ››
971 2524 1072 2581 Καί
1130 2542 1281 2602 φησι·
1347 2546 1374 2576 ‹‹
1425 2520 1777 2598 Πδρευθέντες
1830 2520 2010 2575 εἴπατε
2059 2524 2123 2593 τῇ

473 2616 717 2671 ἀλώπεκι
785 2612 979 2688 ταύτῃ.
1063 2640 1090 2665 ››
1167 2612 1298 2669 Εἶτα
1374 2613 1510 2687 πρὸς
1587 2612 1683 2679 τὴν
1764 2606 2127 2685 Ἰερουσαλήμ

470 2724 621 2783 φησι·
675 2728 703 2755 ι(
768 2702 1001 2764 Ποσάκις
1059 2701 1306 2772 ἠθέλησα
1363 2699 1778 2775 ἐπισυναγαγεῖν
1842 2698 1909 2752 τὰ
1966 2696 2126 2752 τέκνα

471 2816 585 2852 σου.
622 2817 649 2846 ‹‹
705 2791 995 2868 Θεραπεόει
1042 2791 1133 2846 τὸν
1185 2787 1488 2865 ὑδρωπικὸν
1536 2788 1586 2843 ἐν
1631 2786 1768 2861 οῗόιῳ
1801 2786 2120 2863 Φαρισαίου·

470 2883 600 2958 Περὶ
650 2880 1055 2958 πρωτοκλισίας
1109 2876 1440 2953 διαλέγεται,
1499 2878 1589 2932 καὶ
1639 2876 1785 2938 τίνας
1827 2874 1907 2930 δεῖ
1937 2874 2121 2930 καλεῖν

474 2974 552 3027 ἔπ’
598 2972 841 3047 ἄριστον.
892 2970 1023 3025 Εἶτα
1072 2970 1105 3036 ἡ
1164 2962 1455 3040 παραϐολὴ
1495 2970 1592 3021 τοῦ
1626 2963 1866 3036 δείπνου,
1896 2964 1985 3018 καὶ
2015 2968 2121 3017 τῶν

476 3058 962 3138 παραιτησαμένων
997 3056 1193 3113 ἐλθεῖν.
1230 3062 1483 3127 Πσραινεῖ
1510 3054 1724 3109 πάντων
1755 3056 1861 3108 τῶν
1910 3053 2123 3107 οἰκείων

476 3154 852 3226 καταφρονεῖν,
898 3146 987 3201 καὶ
1035 3145 1183 3218 αὐτῷ
1232 3144 1568 3208 ἀκολουθεῖν.
1604 3145 1735 3199 Εἶτα
1763 3145 1797 3212 ἠ
1832 3137 2121 3217 παραϐολὴ

472 3244 566 3294 τοῦ
596 3240 687 3293 τὸν
715 3237 924 3312 πύργον
958 3232 1404 3307 οἶκοδομοῦντος,
1435 3234 1524 3288 καὶ
1571 3237 1668 3288 τοῦ
1719 3237 2124 3307 παρασκευαζο-

474 3328 633 3401 μένου
683 3328 759 3389 είς
808 3325 1079 3399 πόλεμον.
1131 3324 1262 3379 Εἶτα
1307 3342 1461 3395 φησιο

468 3416 832 3493 Γογγύζουσιν
879 3415 930 3468 οἱ
980 3418 1289 3489 Φαρισαῖοι,
1340 3410 1423 3466 ὅτι
1454 3409 1692 3472 τελώνας
1731 3403 2116 3485 προσελαμϐάο

464 3528 599 3563 νετο.
634 3506 788 3583 Λέγει
825 3498 1150 3581 παραϐολὴν
1180 3503 1317 3577 πρὸς
1374 3500 1556 3568 αὐτὺς,
1607 3502 1705 3569 τήν
1752 3505 1849 3554 τοῦ
1895 3498 2119 3554 ἀπολω-

468 3595 625 3659 λότος
675 3590 978 3672 προϐάτου,
1035 3593 1132 3661 τὴν
1160 3595 1258 3661 τῆς
1291 3589 1571 3668 δραχμῆς,
1601 3590 1692 3644 καὶ
1721 3590 1819 3659 τὴν
1853 3593 1947 3643 τοῦ
1977 3588 2118 3642 ἀσώ-

463 3707 559 3741 του
617 3682 836 3745 παιδός⁶
897 3681 1021 3758 περὶ
1075 3686 1172 3736 τοῦ
1204 3676 1568 3750 ἐκϐληθέντος
1618 3678 1936 3751 οἷκονόμου’
1996 3676 2119 3747 περὶ

466 3772 848 3853 φιλαρυγρίας·
907 3771 1032 3847 περὶ
1093 3769 1478 3848 ὑπερηφανίας,
1538 3768 1627 3823 καὶ
1685 3767 1767 3822 ὅτι
1827 3764 1908 3821 δεῖ
1949 3767 2123 3821 πάντα

465 3865 532 3918 τὰ
561 3864 612 3919 ἐν
644 3867 722 3935 τῷ
759 3861 908 3935 ιόμῳ
956 3858 1333 3936 πλθρωθῆναι’
1366 3857 1490 3934 περῖ
1521 3862 1619 3912 τοῦ
1652 3855 1991 3917 ἀπολύοντος
2020 3857 2118 3924 τὴν

471 3958 691 4029 γυναῖκα
718 3951 902 4007 αὐτοῦ’
935 3949 1059 4024 περὶ
1099 3952 1196 4003 τοῦ
1248 3948 1494 4021 Λαζάρου
1544 3946 1632 4001 καὶ
1685 3949 1782 4000 τοῦ
1832 3943 2119 4000 πλουσίου.

475 4039 607 4114 Περὶ
636 4044 733 4095 τοῦ
763 4043 1069 4116 συγχωρεῖν
1098 4042 1178 4109 τῷ
1206 4034 1443 4106 πλησίον
1476 4036 1544 4090 τὰ
1572 4036 1786 4110 άμαρτή
1800 4054 1953 4107 ματα.
2001 4031 2120 4087 Καί’

481 4155 509 4182 ‹‹
539 4129 627 4191 Τίς
660 4125 803 4203 ἔχων
836 4126 1055 4196 δοῦλον,
1089 4150 1116 4178 ››
1151 4125 1306 4204 φησὶ,
1343 4149 1367 4174 ‹‹
1399 4125 1754 4201 ἀροτριῶντα,
1798 4122 1899 4177 οὐκ
1952 4121 2124 4177 είσελο

480 4218 628 4283 θόντι
685 4217 791 4271 ἀπὸ
834 4222 930 4272 τοῦ
1007 4216 1182 4291 ἀγροῦ
1242 4214 1551 4281 ἐπιτάττεις
1612 4236 1638 4264 ››
1690 4212 1821 4267 Εἶτα
1873 4213 1924 4266 οἱ
2001 4208 2125 4266 δέκα

476 4306 690 4382 λεπροί.
752 4305 881 4381 Περὶ
926 4313 1025 4375 τῆς
1070 4304 1368 4379 παρουσίας
1426 4301 1590 4357 αὐτοῦ
1649 4300 1929 4376 προλέγει.
1995 4299 2126 4374 Περῖ

472 4401 569 4452 τοῦ
589 4396 829 4451 πάντοτε
857 4392 1279 4471 προσεύχεσθαι.
1312 4392 1443 4449 Εἶτα
1470 4392 1571 4460 τήν
1596 4393 1695 4459 τῆς
1727 4392 1906 4466 χήρας
1957 4408 2126 4463 παρα-

470 4482 667 4556 ϐολὴν,
728 4484 817 4538 καὶ
873 4484 971 4552 τὴν
1029 4480 1128 4538 τοῦ
1185 4479 1376 4537 ἀδίκου
1435 4478 1727 4557 ἄρχοντος.
1786 4479 1918 4534 Τότε
1958 4477 2127 4553 λέγει·

476 4599 503 4627 ι(
533 4576 673 4651 Ἀρα
720 4571 938 4649 εὑρήσει
979 4573 1079 4640 τήν
1129 4570 1310 4625 πίστιν
1359 4568 1532 4634 ἐλθὼν
1585 4571 1612 4625 ὁ
1642 4568 1765 4631 Υἱὸς
1789 4573 1886 4623 τοῦ
1917 4568 2131 4643 ἀνθρώ-

2252 660 2308 709 et
2340 659 2557 710 caetera.
2585 656 2693 709 Et:
2719 678 2743 703 ‹‹
2770 654 3113 725 Quicunque
3159 654 3648 726 blasphemaverit
3678 660 3734 712 in
3771 660 3900 729 Spi-

2250 745 2427 799 ritum
2451 745 2547 798 3°.»
2582 744 2815 799 Accedit
2848 744 2915 797 ad
2951 761 3082 798 eum
3116 744 3429 816 quispiam,
3464 751 3529 799 ut
3558 763 3689 801 cum
3727 749 3903 802 fratre

2250 832 2645 887 hereditatem
2698 832 3000 885 divideret.
3044 832 3283 900 Deinde,
3318 834 3416 904 qui
3467 837 3782 904 putabatur
3813 837 3900 889 di-

2248 939 2346 976 ves
2381 940 2392 976 :
2428 924 2500 977 de
2532 922 2691 978 illius
2735 922 2980 980 horreis.
3012 922 3305 990 Hortatur,
3341 939 3412 976 ne
3444 923 3679 979 solliciti
3712 924 3899 979 simus

2249 1011 2319 1066 de
2353 1009 2649 1065 alimonia.
2686 1015 2763 1066 De
2794 1010 3163 1082 eleemosyna
3184 1012 3343 1079 dicit,
3367 1016 3422 1066 et
3454 1012 3522 1066 de
3553 1012 3693 1067 hero
3719 1014 3901 1069 servis

2248 1102 2373 1155 suis
2423 1101 2800 1155 ministrante
2837 1118 2848 1155 :
2884 1102 2954 1156 de
3004 1119 3169 1156 servo
3202 1099 3359 1155 ﬁdeli
3394 1119 3405 1156 :
3438 1102 3507 1155 de
3554 1118 3620 1156 eo
3672 1102 3773 1173 qui
3803 1119 3900 1157 vo-

2248 1188 2532 1245 luntatem
2564 1190 2797 1244 Domini
2842 1190 2931 1244 sui
2974 1192 3131 1244 novit
3164 1191 3424 1260 quidem,
3458 1191 3555 1246 sed
3593 1208 3707 1246 non
3742 1190 3900 1246 facit.

2247 1280 2338 1345 Et,
2369 1301 2394 1331 α
2425 1281 2647 1351 Ignem,
2670 1300 2696 1331 ι»
2724 1280 2937 1350 inquit,
2966 1302 2993 1329 (ι
3026 1280 3153 1333 veni
3195 1280 3424 1334 mittere
3446 1282 3508 1333 νο.
3544 1303 3563 1327 η
3602 1280 3697 1333 Ait
3724 1281 3897 1337 etiam

2246 1369 2317 1423 de
2348 1368 2464 1423 illis
2496 1369 2595 1439 qui
2630 1368 2833 1423 faciem
2868 1368 2994 1423 coeli
3029 1369 3273 1439 probare
3301 1369 3588 1424 sciebant.
3614 1370 3682 1423 Et
3712 1369 3856 1424 illud
3884 1389 3896 1427 :

2247 1482 2272 1507 ‹‹
2293 1461 2435 1512 Cum
2454 1457 2618 1512 vadis
2640 1474 2767 1513 cum
2793 1458 3125 1512 adversario
3148 1462 3246 1511 tuo
3270 1458 3339 1511 ad
3368 1460 3778 1527 magistratum
3798 1461 3896 1514 9'.»

2251 1547 2463 1601 Deinde
2493 1548 2563 1600 de
2596 1546 2848 1602 Galilaeis
2882 1564 2913 1599 a
2946 1546 3127 1600 Pilato
3160 1547 3367 1601 occisis
3392 1548 3533 1618 (cap.
3562 1549 3711 1619 xm),
3740 1553 3796 1601 et
3826 1549 3896 1602 de

2247 1636 2382 1701 illis,
2429 1636 2527 1707 qui
2580 1637 2854 1707 prolapsu
2915 1636 3097 1690 turris
3152 1636 3342 1690 obruti
3395 1637 3641 1691 fuerant.
3682 1637 3896 1692 Deinde

2245 1724 2583 1796 parabolam
2619 1724 2759 1779 dicit
2795 1725 2863 1778 dc
2899 1725 3003 1778 ﬁcu
3039 1724 3241 1778 sterili.
3280 1725 3581 1779 Mulierem
3618 1744 3650 1780 a
3680 1727 3892 1780 daemo-

2244 1815 2340 1869 nio
2370 1814 2727 1868 incurvatam
2753 1818 2920 1868 curat
2951 1813 3007 1866 in
3032 1813 3284 1868 Sabbato
3310 1831 3323 1867 :
3351 1815 3565 1868 factum
3592 1814 3700 1869 hoc
3732 1832 3895 1870 accu-

2244 1910 2376 1957 sant
2405 1902 2589 1957 Judaei
2624 1919 2635 1956 :
2670 1902 2793 1973 ipse
2849 1919 2979 1957 vero
3030 1919 3093 1958 os
3144 1904 3377 1957 obturat
3408 1904 3511 1958 eis.
3548 1903 3889 1957 Porabolam

2242 1991 2383 2046 dicit
2432 1993 2502 2046 de
2549 1991 2762 2062 sinapi,
2811 1996 2867 2046 et
2910 1992 2981 2047 de
3030 1992 3333 2046 fermento.
3372 1994 3768 2063 Interrogatur
3819 2010 3888 2047 an

2244 2080 2410 2151 pauci
2442 2079 2562 2133 sint
2583 2080 2680 2150 qui
2711 2080 3029 2135 salventur.
3050 2085 3329 2135 Hortatur
3350 2082 3421 2135 ad
3446 2080 3890 2153 ingrediendum

2242 2186 2344 2240 per
2364 2177 2671 2240 angustam
2698 2174 3009 2240 portam,et
3031 2171 3230 2224 subdit
3249 2188 3299 2224 :u
3318 2171 3561 2225 Venient
3579 2172 3649 2225 ab
3671 2170 3891 2225 oriente

2238 2262 2294 2312 et
2316 2258 2385 2311 ab
2413 2259 2729 2326 occidente,
2756 2264 2811 2313 et
2836 2260 3180 2313 recumbent
3202 2260 3306 2313 92.»
3334 2260 3546 2313 Deinde
3573 2260 3778 2314 dicunt
3800 2259 3849 2313 ei
3878 2276 3890 2314 ε

2239 2370 2265 2395 ‹‹
2294 2346 2413 2411 Exi,
2438 2364 2571 2401 nam
2606 2348 2858 2402 Herodes
2881 2348 3003 2401 vult
3028 2352 3083 2402 te
3110 2348 3373 2403 occidere
3393 2349 3493 2401 93.»
3519 2348 3885 2418 Respondet:

2237 2458 2263 2481 (ί
2291 2435 2369 2489 lte
2393 2452 2455 2487 ac
2478 2435 2650 2489 dicite
2672 2434 2827 2506 vulpi
2854 2434 2947 2489 isti
2964 2436 3066 2501 9‘,»
3089 2440 3145 2489 et
3166 2439 3389 2490 caetera.
3410 2436 3547 2490 Post
3565 2436 3635 2489 ad
3652 2435 3889 2489 Jerusa-

2237 2523 2349 2578 lem
2380 2526 2527 2578 141
2566 2523 2795 2578 dicit:«
2850 2525 3086 2590 Quoties
3136 2524 3289 2579 volui
3338 2541 3687 2597 congregare
3737 2523 3889 2578 ﬁlios

2234 2617 2367 2667 tuos
2389 2614 2453 2678 ’5,
2486 2635 2512 2661 ››
2544 2617 2654 2667 etc.
2681 2612 2859 2667 Curat
2901 2612 3281 2684 hydropicum
3317 2614 3373 2667 in
3410 2614 3582 2668 domo
3616 2613 3889 2668 Pharisaei

2235 2704 2381 2773 (cap.
2406 2702 2545 2772 xw).
2585 2702 2825 2757 [)isserit
2871 2702 2941 2756 de
2990 2702 3178 2774 primo
3229 2703 3520 2770 accubitu,
3553 2708 3609 2758 et
3656 2702 3755 2773 qui
3789 2719 3885 2757 vo-

2235 2791 2403 2846 candi
2441 2790 2559 2845 sint
2590 2791 2662 2844 ad
2694 2790 2977 2845 convivia.
3015 2792 3227 2846 Deinde
3275 2792 3613 2863 parabolam
3647 2791 3789 2846 dicit
3819 2793 3888 2846 de

2234 2897 2396 2935 coma
2441 2885 2497 2935 et
2545 2879 2805 2935 invitatis
2857 2880 2927 2933 ad
2982 2896 3108 2935 eam
3157 2880 3354 2935 venire
3403 2881 3885 2936 detrectantibus.

2237 2970 2511 3025 Hortatur
2542 2974 2626 3035 ut,
2660 2969 2877 3023 relictis
2906 2969 3245 3025 domesticis
3276 2970 3570 3037 omnibus,
3597 2986 3657 3024 se
3678 2986 3891 3040 sequa-

2236 3076 2387 3114 mur.
2423 3058 2765 3114 Parabolam
2816 3059 2982 3113 addit
3010 3059 3081 3112 de
3112 3074 3179 3113 eo
3212 3060 3309 3129 qui
3360 3058 3567 3112 turrim
3619 3057 3888 3122 aediﬁcat,

2234 3153 2290 3204 et
2321 3150 2391 3204 de
2421 3165 2486 3203 eo
2520 3147 2619 3219 qui
2654 3148 2724 3201 ad
2756 3147 2974 3202 bellum
3021 3147 3352 3203 instruitur.
3388 3147 3530 3202 Hinc
3561 3146 3637 3201 ait
3672 3164 3684 3201 :
3719 3169 3746 3195 «
3782 3147 3887 3201 Bo-

2237 3254 2377 3293 num
2428 3241 2517 3292 est
2564 3235 2739 3292 sal“.
2789 3259 2809 3285 ιο
2853 3236 3224 3291 Murmurant
3275 3236 3551 3291 Pharisaei
3597 3236 3735 3306 (cap.
3769 3244 3885 3304 xv),

1513 3348 1540 3373 «
1595 3320 1767 3377 Καλὸν
1814 3322 1875 3375 τὸ
1904 3321 2061 3381 ἅλας.
2096 3343 2116 3370 ι

2242 3326 2388 3399 quod
2426 3324 2771 3396 publicanos
2812 3325 3157 3395 susciperet.
3185 3324 3527 3379 Parabolam
3561 3326 3631 3378 ad
3665 3341 3765 3379 eos
3794 3324 3884 3377 di-

2229 3417 2309 3472 cit
2336 3416 2407 3470 de
2433 3431 2535 3469 ove
2568 3412 2817 3484 perdita,
2852 3418 2905 3468 et
2939 3414 3009 3468 de
3040 3415 3341 3479 drachma,
3378 3414 3564 3485 deque
3597 3413 3714 3467 ﬁlio
3746 3429 3884 3484 pro-

2229 3505 2365 3576 digo
2400 3522 2412 3559 :
2446 3503 2517 3557 de
2569 3519 2865 3558 meonomo
2906 3503 3090 3573 ejecto
3122 3504 3262 3574 (cap.
3298 3504 3409 3572 XVI)
3442 3519 3455 3557 :
3493 3504 3563 3557 de
3617 3502 3880 3571 avaritia,

2230 3593 2300 3648 de
2331 3591 2628 3664 superbia,
2661 3596 2719 3645 et
2762 3592 2913 3662 quod
2962 3591 3268 3662 adimpleri
3315 3595 3577 3661 Oporteat
3608 3608 3881 3662 quaecun-

2230 3698 2344 3753 que
2374 3681 2433 3736 in
2465 3680 2592 3753 lege
2622 3684 2796 3736 sunt:
2828 3681 2897 3735 de
2929 3680 3259 3735 dimittente
3290 3696 3527 3735 uxorem
3560 3696 3725 3736 suam
3763 3698 3775 3736 :
3811 3681 3881 3737 de

2230 3772 2445 3826 Lazaro
2489 3786 2555 3824 ac
2600 3769 2793 3825 divite.
2820 3770 2984 3834 Quod
3033 3768 3384 3824 remittenda
3432 3769 3550 3824 sint
3598 3769 3885 3841 proximo,

2232 3876 2355 3930 qua:
2390 3859 2449 3913 in
2482 3876 2587 3914 nos
2610 3858 2858 3929 deliquit
2881 3858 3017 3929 (cap.
3042 3861 3203 3925 xvn).
3232 3858 3334 3913 Et:
3368 3880 3387 3908 α
3423 3857 3585 3923 Quis,
3610 3880 3638 3906 ››
3671 3858 3888 3938 inquit,

2234 3971 2261 4000 «
2296 3964 2528 4004 servum
2562 3947 2738 4003 habet
2760 3951 3043 4013 arentem,
3068 3965 3140 4003 an
3173 3963 3241 4002 ex
3271 3964 3409 4019 agro
3441 3947 3747 4001 revertenti
3771 3964 3887 4003 non

2236 4036 2496 4109 praecipit
2514 4036 2597 4091 '7?
2629 4058 2650 4087 ι
2680 4039 2787 4091 etc.
2815 4036 3035 4091 Deinde
3062 4036 3132 4091 de
3164 4036 3361 4091 decem
3394 4035 3662 4103 leprosis.
3683 4036 3762 4090 De
3786 4037 3890 4091 ad-

2233 4130 2407 4181 ventu
2439 4142 2546 4180 suo
2578 4125 2859 4195 praedicit.
2885 4126 3046 4187 Quod
3081 4140 3313 4195 semper
3342 4125 3419 4179 sit
3448 4125 3758 4179 orandum.
3787 4125 3893 4179 Pa-

2237 4210 2498 4267 rabolam
2548 4211 2691 4265 dicit
2741 4213 2811 4265 de
2863 4211 3039 4265 vidua
3088 4213 3235 4281 (cap.
3269 4212 3453 4283 xvm),
3488 4217 3543 4267 et
3599 4212 3775 4267 aliam
3826 4213 3896 4267 de

2230 4303 2431 4374 judice
2462 4302 2687 4373 iniquo.
2722 4301 2943 4357 Deinde
2970 4319 3017 4356 ;‹‹
3043 4302 3217 4371 Num,
3247 4324 3273 4350 »
3296 4302 3511 4373 inquit,
3543 4322 3563 4351 ι
3598 4304 3772 4358 ﬁdem
3806 4303 3897 4357 in-

2236 4392 2428 4449 veniet
2474 4391 2531 4445 in
2572 4395 2729 4446 terra
2778 4390 2958 4445 Filius
3010 4390 3292 4456 hominis,
3328 4408 3462 4446 cum
3511 4392 3843 4448 venerit”?
3871 4414 3897 4441 »

2242 4480 2525 4537 Parabola
2555 4482 2624 4535 de
2671 4479 2958 4535 Pharisaeo
2991 4484 3047 4535 et
3078 4479 3410 4551 publicano.
3444 4481 3701 4535 Advocat
3732 4481 3803 4535 ad
3837 4497 3900 4535 se

2243 4568 2533 4643 parvulos.
2584 4568 2823 4623 Accedit
2874 4569 2943 4623 ad
2996 4584 3129 4623 eum
3180 4568 3342 4623 dives
3395 4568 3631 4639 quidam
3686 4586 3900 4641 rogans

475 4683 616 4732 που;
654 4686 682 4713 ››
729 4663 794 4718 Ἦ
835 4655 1124 4735 παραὸογὴ
1156 4663 1254 4714 τοῦ
1288 4658 1588 4733 Φαρισαίου
1618 4657 1708 4713 καὶ
1739 4662 1836 4711 τοῦ
1865 4654 2129 4715 τελώνου.

2244 4660 2384 4733 quid
2421 4658 2615 4725 faciat,
2651 4662 2714 4712 ut
2743 4658 2923 4713 vitam
2969 4661 3245 4712 aeternam
3288 4659 3585 4729 possideat
3616 4675 3629 4713 :
3664 4659 3735 4713 de
3767 4676 3899 4730 pas-

482 4755 613 4807 Εἶτα
673 4748 1069 4827 προσκαλεῖται
1124 4749 1192 4803 τὰ
1246 4745 1455 4803 παιδία.
1502 4746 1871 4824 Προσέρχεται
1902 4748 1930 4800 ὁ
1960 4744 2139 4801 πλού-

478 4862 589 4903 σιος
623 4840 867 4917 ἐρωτῶν,
897 4838 950 4892 τί
983 4839 1219 4907 ποιήσας
1252 4838 1394 4905 ζωὴν
1428 4836 1650 4891 αίώνιον
1698 4834 2137 4909 κληρονομήσει.

484 4931 612 5005 Περὶ
662 4933 763 4983 τοῦ
806 4927 1012 4991 πάθους
1073 4925 1222 5000 λέγει
1273 4929 1389 4986 τοῖς
1423 4930 1709 4999 μαθηταῖςο
1744 4925 1795 4979 οἱ
1830 4922 1885 4979 δὶ
1926 4924 1986 4979 οὐ
2019 4945 2139 4978 συν-

483 5026 641 5088 ῆκαν.
692 5020 753 5074 Ὁ
799 5014 1007 5094 τυφλὸς
1055 5015 1427 5090 θεραπεύεται,
1471 5015 1499 5069 6
1559 5014 1718 5090 ἐγγὺς
1757 5016 2042 5088 Ἱεριχοῦς.
2070 5014 2144 5066 Τὰ

480 5107 615 5161 κατὰ
661 5105 754 5160 τὸν
819 5109 1114 5179 Ζακχαῖον.
1172 5104 1233 5160 Ἥ
1295 5098 1585 5177 παραϐολὴ
1643 5107 1741 5157 τοῦ
1778 5100 2141 5178 βουληθέντος

483 5196 745 5272 ἀγοράσαι
792 5192 1095 5269 βασιλείαν.
1156 5192 1231 5246 Τὰ
1289 5193 1425 5247 γατά
1478 5192 1570 5247 τὸν
1622 5191 1833 5248 πῶλον.
1888 5190 2015 5265 Περῖ
2045 5198 2144 5260 τῆς

488 5284 748 5345 ἁλώσεως
778 5286 877 5351 τῆς
903 5281 1118 5343 πόλεως
1145 5279 1422 5357 προλέγει.
1458 5275 1746 5335 Ἐκϐάλλει
1780 5279 1830 5334 ἐν
1876 5283 1971 5333 τοῦ
2001 5279 2148 5353 ἱεροῦ

481 5374 610 5436 τοὺς
646 5371 991 5433 πωλοῦντας.
1042 5369 1174 5425 Τότε
1231 5368 1509 5445 λέγουσιν’
1577 5393 1603 5421 ‹‹
1655 5370 1739 5423 Ἐν
1772 5369 1907 5439 ποίᾳ
1938 5366 2151 5439 ἐξουσίᾳ

485 5467 654 5519 ταῦτα
682 5466 893 5530 ποιεῖς;
930 5484 957 5512 ››
991 5461 1203 5537 Ἐρωτᾷ
1232 5457 1428 5520 αὐτοὺς
1461 5458 1587 5535 περὶ
1625 5463 1724 5514 τοῦ
1780 5457 2149 5533 βαπτίσματος

2250 4751 2412 4805 sione
2443 4764 2552 4803 sua
2583 4747 2846 4818 prmdicit
2875 4746 3181 4818 discipulis
3217 4764 3228 4801 :
3262 4746 3374 4819 ipsi
3415 4764 3546 4803 vero
3580 4764 3695 4802 non
3727 4746 3900 4802 intel-

2248 4838 2527 4909 ligebant.
2570 4837 2767 4891 Caseus
2815 4840 3058 4891 curatus
3110 4853 3287 4908 prope
3339 4837 3567 4892 Jerieho
3603 4855 3614 4893 :
3649 4838 3719 4891 de
3768 4840 3904 4890 Zac-

2251 4926 2409 4983 οὺωο
2456 4927 2596 4996 (cap.
2630 4925 3150 4995 x1x).Parabolam
3202 4926 3343 4982 dicit
3392 4927 3463 4982 de
3515 4942 3601 4992 eo,
3649 4926 3745 4995 qui
3796 4924 3905 4979 sibi

2253 5015 2366 5087 ipsi
2414 5013 2643 5069 volebat
2691 5014 2993 5084 acquirere
3040 5031 3308 5086 regnum.
3367 5016 3441 5070 De
3494 5013 3653 5085 pullo
3706 5013 3906 5069 asinae.

2259 5102 2427 5159 Urbis
2459 5102 2748 5157 excidium
2795 5104 3074 5173 praedicit.
3110 5104 3438 5159 Vendentes
3469 5102 3631 5173 ejicit
3661 5103 3731 5157 de
3762 5106 3908 5156 tem-

2258 5192 2375 5265 plo.
2409 5194 2573 5248 Tunc
2604 5193 2808 5266 dicunt
2857 5193 2941 5247 illi
2971 5198 3113 5262 (cap.
3148 5195 3242 5263 xx)
3266 5212 3278 5248 :
3306 5217 3331 5241 α
3370 5194 3432 5246 In
3464 5208 3579 5263 qua
3627 5195 3913 5261 potestate

2259 5291 2381 5337 meo
2414 5282 2557 5337 facis
2579 5281 2664 5336 9°?
2688 5303 2714 5331 ››
2752 5284 3075 5353 Interrogat
3107 5283 3238 5337 illos
3262 5282 3331 5336 de
3362 5280 3715 5351 baptismate
3735 5278 3914 5335 Joan-

2261 5371 2374 5425 nis.
2402 5370 2727 5440 Subjieitur
2759 5371 3035 5441 parabola
3056 5372 3127 5425 de
3153 5371 3337 5440 vinea,
3361 5374 3418 5424 et
3445 5368 3732 5439 improbis
3762 5368 3913 5440 agri-

2263 5456 2407 5514 colis
2442 5474 2455 5514 :
2490 5457 2561 5512 de
2592 5473 2795 5526 censu,
2829 5461 2887 5513 et
2916 5458 2987 5512 de
3026 5455 3270 5511 muliere
3300 5472 3429 5526 quas
3462 5458 3687 5526 septem
3719 5453 3914 5510 fratri-

567 5684 1000 5755 "Luc.xu,4.
1076 5684 1122 5720 ου
1152 5683 1295 5740 ibid.
1324 5684 1380 5738 6.
1456 5683 1502 5755 ιι
1530 5681 1792 5755 ibid.1_0.
1873 5680 2087 5755 “ibid.

2270 5680 2337 5755 _°‘
2372 5677 2510 5733 ibid.
2545 5678 2657 5755 58._
2714 5676 2929 5755 °9__L_uc.
2963 5691 3087 5743 xm,
3287 5673 3329 5708 9³
3360 5674 3500 5729 ibid.
3534 5674 3622 5727 31.
3701 5675 3739 5709 ⁹⁴
3771 5670 3911 5728 ibid.

497 5757 586 5813 32.
663 5758 708 5794 9'
736 5748 1004 5813 ibid.'34.
1081 5757 1125 5792 ”
1159 5756 1296 5812 Luc.
1331 5771 1445 5822 ειν,
1478 5754 1567 5808 34.
1644 5751 1685 5787 οτ
1719 5752 1858 5808 Luc.
1894 5770 2033 5823 xvn,
2062 5753 2122 5808 7.

2270 5750 2408 5808 Luc.
2438 5766 2596 5822 xvm,
2628 5750 2680 5803 8.
2756 5748 2801 5781 99
2832 5748 2963 5800 Luc.
2999 5764 3092 5813 xx,
3122 5748 3176 5800 2.
