4170 6362
326 392 445 453 399

1494 392 1560 452 8.
1605 388 2135 453 ATHANASIUS.
2160 422 2238 436 —
2269 392 2536 454 DUBIA.

3629 395 3751 456 400

327 526 440 581 bus
469 526 652 595 nupta
695 522 823 578 fuit.
858 521 1077 578 Deinde
1130 521 1450 593 interrogat
1495 538 1595 577 eos
1647 522 1718 578 de
1767 522 1982 594 seipso,

2100 521 2374 577 Ἰωάννου.
2409 521 2542 579 Εἶτα
2570 524 2606 592 ἡ
2637 521 2931 599 παραβολὴ
2962 525 3061 578 τοῦ
3103 521 3453 597 ἀμπελῶνος,
3503 522 3593 578 καὶ
3637 527 3748 578 τῶν

326 614 621 685 quomodo
652 611 870 675 dicant,
903 610 1097 682 ipsum
1132 624 1262 665 esse
1293 609 1479 664 {ilium
1517 610 1746 666 Davidis
1780 626 1793 664 :
1827 611 1982 665 edis-

326 703 469 760 serit
499 703 571 757 de
602 702 794 773 primo
833 717 1135 755 consessu.
1169 699 1360 754 Vidua
1391 699 1631 755 denaria
1661 701 1776 754 duo
1809 699 1985 754 mittit

326 791 417 863 (in
475 787 956 863 gazophylacium
1017 789 1161 859 [cap.
1229 788 1402 858 xx1]).
1467 793 1543 842 De
1603 788 1984 843 subversione

325 879 531 951 templi
565 878 847 950 praedicit,
880 882 935 932 et
964 876 1138 932 malis
1184 876 1420 931 futuris.
1452 876 1638 932 Judas
1669 876 1986 948 paciscitur

328 985 463 1026 cum
486 968 726 1024 Judaeis.
756 964 1083 1037 Discipulos
1106 965 1288 1020 mittit
1309 965 1377 1019 ad
1407 966 1735 1037 parandum
1768 965 1987 1036 pascha

338 1060 485 1130 (cap.
547 1057 709 1129 xxn).
760 1056 1141 1111 Convincitur
1202 1054 1391 1109 Judas
1458 1060 1589 1124 post
1644 1055 1982 1109 institutum

333 1147 700 1221 mysterium.
734 1144 1109 1200 Contendunt
1158 1142 1313 1198 inter
1341 1160 1403 1198 se
1433 1143 1708 1213 discipuli
1744 1144 1815 1197 de
1863 1143 1984 1214 pri-

334 1239 518 1292 matu.
553 1235 639 1289 Ad
691 1234 992 1289 Simonem
1039 1230 1252 1286 deinde
1295 1230 1436 1285 dicit
1468 1247 1481 1285 :
1510 1252 1538 1279 ‹‹
1571 1231 1711 1286 Ecce
1740 1232 1987 1287 Satanas

331 1324 500 1397 petiit
528 1340 629 1378 vos
648 1326 687 1392 ί,
708 1342 736 1374 ι
763 1320 1139 1394 praedicitque
1180 1318 1267 1373 illi
1301 1320 1670 1390 negationem
1707 1320 1985 1388 futuram,

332 1417 389 1469 et
422 1414 593 1485 jubet
641 1410 949 1483 discipulis
998 1414 1065 1464 ut
1114 1408 1325 1464 tollant
1372 1425 1571 1464 secum
1622 1423 1986 1464 crumenam.

331 1503 571 1573 Capitur
590 1506 811 1574 postea.
832 1500 1016 1571 Negat
1038 1513 1171 1553 eum
1200 1498 1425 1553 Petrus.
1445 1497 1699 1553 Caeditur
1720 1498 1987 1554 aJudaeis

328 1595 521 1653 Jesus.
558 1593 982 1661 Interrogatur,
1016 1603 1156 1642 num
1199 1586 1325 1658 ipse
1367 1586 1445 1641 sit
1486 1585 1774 1656 Christus,
1808 1591 1862 1642 et
1895 1603 1990 1641 re-

330 1682 600 1757 spondet.
626 1676 872 1735 Ducitur
892 1676 962 1732 ad
989 1674 1243 1731 Pilatum
1267 1675 1409 1747 (cap.
1433 1678 1619 1746 xxxu),
1644 1681 1700 1731 et
1733 1675 1991 1731 mittitur

333 1773 404 1828 ad
456 1770 765 1838 Herodem,
810 1766 975 1821 illinc
1022 1780 1229 1820 rursus
1278 1764 1349 1819 ad
1400 1763 1674 1819 Pilatum.
1708 1765 1991 1820 Traditur

337 1867 400 1917 ut
447 1857 847 1930 cruciﬁgatur,
897 1853 1166 1926 sequitur
1212 1853 1388 1909 turba
1420 1871 1433 1909 :
1470 1853 1541 1909 ad
1593 1852 1869 1909 mulieres
1916 1854 1989 1910 de

337 1949 510 2005 malis
536 1946 754 2003 futuris
785 1943 1039 1999 disserit.
1064 1941 1454 2011 Cruciﬁgitur.
1482 1942 1706 2014 Corpus
1737 1943 1863 2013 ejus
1891 1942 1987 1999 Jo-

338 2038 481 2111 sepb
512 2035 741 2108 sepelit.
776 2033 1054 2088 Deferunt
1084 2031 1359 2087 mulieres
1395 2037 1658 2087 aromata
1691 2032 1761 2086 ad
1795 2032 1991 2104 sepul-

338 2144 503 2183 crum
538 2127 678 2197 (cap.
714 2123 885 2194 xxxv),
921 2121 1020 2177 sed
1052 2121 1346 2177 neminem
1387 2120 1714 2176 inveniunt.
1749 2121 1994 2177 Discunt

340 2233 374 2273 ε
403 2214 634 2271 duobus
663 2211 909 2285 angelis,
942 2211 1097 2281 quod
1139 2210 1540 2266 resurrexerit.
1573 2210 1859 2267 Nuntiant
1884 2209 1991 2266 hoc

339 2302 666 2375 discipulis.
704 2300 789 2356 Illi
823 2317 936 2356 non
970 2299 1234 2354 credunt.
1267 2299 1472 2354 Petrus
1520 2299 1589 2354 ad
1641 2315 1989 2355 monumen-

338 2398 461 2449 tum
496 2391 679 2447 currit
709 2396 763 2445 et
785 2389 874 2461 (ut
903 2388 1179 2443 mulieres
1210 2388 1505 2457 dixerunt)
1536 2387 1777 2443 invenit.
1803 2392 1992 2460 Appa-

337 2466 426 2537 ret
453 2481 723 2536 Christus
768 2478 1000 2533 duobus
1051 2477 1162 2532 iter
1217 2476 1589 2531 facientibus.
1638 2475 1725 2530 Illi
1776 2476 1990 2532 reversi

338 2570 589 2625 audiunt
634 2567 951 2623 Dominum
1002 2566 1345 2636 apparuisse
1376 2565 1620 2620 Simoni.
1658 2565 1787 2621 Mox
1834 2568 1990 2621 stetit

336 2661 647 2730 derepente
686 2657 745 2711 in
789 2655 979 2711 medio
1023 2671 1225 2710 eorum
1262 2671 1276 2708 :
1312 2654 1639 2726 stupefiunt
1666 2654 1939 2726 discipuli
1974 2672 1987 2711 :

333 2747 596 2804 ostendit
625 2746 710 2801 eis
741 2743 1065 2809 cicatrices,
1098 2747 1155 2798 et
1188 2742 1440 2798 comedit
1470 2760 1663 2799 coram
1695 2744 1799 2798 eis.
1837 2745 1988 2800 Edu-

334 2838 445 2893 ctis
474 2840 673 2891 autem
705 2833 821 2890 illis
854 2832 1219 2901 Bethaniam,
1254 2837 1598 2904 assumptus
1626 2837 1734 2887 est.

2092 614 2349 685 πονηρῶν
2397 615 2683 687 γεωργῶν.
2744 611 2821 667 Τὰ
2875 612 3001 687 περὶ
3030 616 3130 667 τοῦ
3168 614 3372 682 κήνσου
3397 611 3487 669 καὶ
3515 618 3618 681 τῆς
3648 633 3747 687 γα-

2096 697 2360 770 μηθεῑσης
2416 706 2535 763 τοῖς
2566 703 2607 770 ζ’
2640 699 2919 780 ἀδελφοῖς.
2973 702 3105 758 Εἶτα
3153 700 3328 775 ἐρωτᾷ
3373 700 3567 763 αὐτοὺς
3622 701 3746 777 περὶ

2093 787 2306 855 ἑαυτοῦ,
2357 794 2474 850 πῶς
2534 788 2758 864 λέγουσι
2811 790 2904 845 τὸν
2950 791 3177 865 Χριστὸν
3230 790 3344 845 υἱὸν
3371 784 3537 845 Δαῦὶδ
3586 789 3741 845 εἶναι·

2092 876 2336 952 καὶπερὶ
2378 876 2857 954 πρωτοκαθεδρίας
2889 876 3218 955 διαλέγεται.
3259 876 3463 935 Βάλλει
3507 880 3543 949 ἡ
3594 880 3746 955 χήρα

2096 961 2191 1018 δύο
2231 962 2480 1040 δηνάρια.
2529 967 2659 1043 Περὶ
2705 974 2808 1036 τῆς
2855 975 3230 1045 καταστροφῆς
3259 971 3357 1022 τοῦ
3409 970 3561 1034 ναοῦ,
3619 967 3743 1043 περῖ

2095 1051 2201 1107 τῶν
2268 1053 2582 1127 μελλόντων
2640 1055 2896 1132 προλέγει
2954 1056 3152 1113 κακῶν.
3197 1056 3509 1120 Συντίθεται
3541 1052 3745 1116 Ἰούδας

2101 1143 2235 1214 μετὰ
2262 1148 2369 1198 τῶν
2405 1142 2704 1201 Ἰουδαίων.
2738 1144 2948 1218 Πέμπει
2998 1144 3125 1207 τοὺς
3179 1145 3419 1219 μαθητὰς
3464 1143 3748 1216 ἑτοιμάσαι

2094 1232 2158 1286 τὸ
2216 1233 2422 1308 πάσχα.
2486 1231 2805 1310 Ἐλέγχεται
2868 1232 3074 1296 Ἰούδας
3129 1229 3263 1308 μετᾶ
3307 1234 3369 1289 τὸ
3422 1235 3748 1309 μυστήριον.

2098 1318 2419 1376 Φιλονεικία
2472 1326 2580 1377 τῶν
2632 1324 2888 1395 μαθητῶν
2946 1324 3069 1399 περὶ
3115 1322 3419 1399 πρωτείων.
3455 1323 3585 1380 Εἶτα
3615 1321 3751 1393 πρὸς

2097 1411 2186 1463 τὸν
2222 1410 2448 1483 Σίμωνά
2478 1431 2629 1488 φησι’
2657 1437 2684 1464 ι(
2714 1409 2854 1467 Ἰδοὺ
2884 1414 2913 1467 6
2947 1418 3184 1475 Σατανᾶς
3218 1411 3518 1487 ἐξῃτήσατο
3550 1410 3749 1485 ὗμᾶςο»

2096 1499 2186 1553 καὶ
2216 1497 2476 1574 προλέγει
2508 1497 2674 1555 αὐτδῦ
2719 1501 2819 1569 τήν
2879 1499 3123 1575 ἄρνησιν,
3181 1503 3271 1557 καὶ
3326 1500 3750 1577 παρακελεύεται

2095 1594 2212 1650 τοῖς
2248 1590 2516 1660 μαθηταῖς
2551 1590 2832 1663 βαστάζειν
2880 1588 3191 1665 βαλάντιον.
3247 1591 3380 1648 Εἶτα
3427 1584 3749 1663 συλλαμϐά-

2097 1697 2263 1732 νεται.
2299 1679 2565 1753 Ἀρνεῖται
2599 1679 2822 1753 Πέτρος.
2854 1677 3117 1734 Τύπτεται
3149 1680 3178 1734 6
3229 1680 3439 1749 Ἰησοῦς
3486 1678 3591 1733 ὑπὸ
3637 1683 3747 1734 τῶν

2097 1764 2397 1823 Ἰουδαίων.
2456 1767 2774 1841 Ἐρωτᾶται,
2839 1767 2884 1822 εἰ
2939 1766 3099 1830 αὐτὸς
3160 1766 3243 1838 εἴη
3287 1767 3598 1844 ὁΧριστὸς,
3656 1766 3746 1821 καὶ

2096 1854 2460 1929 ἀποκρίνεται.
2497 1859 2716 1930 ’Ἀγεται
2765 1856 2901 1932 πρὸς
2948 1857 3039 1912 τὸν
3091 1855 3351 1926 Πιλᾶτον,
3398 1855 3489 1911 καὶ
3535 1856 3743 1929 πέμπε-

2098 1964 2186 1998 ται
2215 1945 2350 2019 πρὸς
2381 1945 2472 2000 τὸν
2505 1942 2780 2021 Ἡρώδην.
2816 1945 2947 2002 Εἶτα
2969 1946 3105 2024 πρὸς
3132 1946 3224 2001 τὸν
3256 1943 3491 2001 Πιλᾶτον
3543 1942 3748 2022 ἄγεται.

2102 2031 2465 2108 Παραδίδοται
2495 2041 2893 2109 σταυρωθῆναι·
2927 2033 3221 2098 ἀκολουθεῖ
3241 2029 3434 2111 ὄχλος·
3468 2034 3604 2111 πρὸς
3654 2033 3750 2096 τὰς

2099 2128 2357 2197 γυναῖκας
2392 2119 2693 2198 διαλέγεται
2726 2124 2849 2199 περὶ
2878 2127 2986 2178 τῶν
3024 2122 3340 2197 μελλόντων
3371 2127 3753 2179 κακῶν.Σταυ-

2102 2210 2309 2287 ροῦται.
2368 2211 2567 2266 Θάπτει
2627 2212 2830 2290 Ἰωσὴφ
2887 2212 2949 2267 τὸ
2972 2217 3133 2285 σῶμα
3186 2213 3450 2287 Φέρουσιν
3485 2213 3539 2267 αἱ
3569 2217 3754 2287 γυναῖ·

2098 2321 2187 2362 κες
2218 2300 2483 2376 ἀρώματα
2533 2299 2609 2362 εἰς
2655 2300 2749 2356 τὸν
2797 2302 2986 2379 τάφον,
3036 2302 3127 2356 καὶ
3177 2300 3287 2377 οὐχ
3332 2299 3485 2376 εὗρον
3538 2298 3749 2357 οὐδένα.

2101 2388 2436 2453 Μανθάνουσι
2494 2389 2637 2464 παρᾶ
2693 2393 2800 2444 τῶν
2861 2387 2956 2444 δύο
3019 2388 3285 2466 ἀγγέλων,
3371 2388 3454 2444 ὅτι
3532 2388 3753 2460 ἀνέστη.

2099 2474 2530 2552 Ἀπαγγέλλουσι
2560 2481 2674 2537 τοῖς
2711 2482 2995 2548 μαθηταῖς.
3028 2478 3091 2529 0i
3124 2474 3179 2531 δὲ
3197 2475 3483 2545 ἠπίστουν.
3511 2474 3754 2551 Ἔδραμε

2102 2564 2302 2641 Πέτρος
2334 2564 2408 2626 εἰς
2436 2566 2499 2619 τὸ
2535 2570 2826 2638 μνημεῖον,
2859 2566 2949 2620 καὶ
2998 2565 3145 2641 εὗρεν
3195 2566 3390 2627 οὕτως.
3445 2563 3578 2619 Τότε
3624 2564 3749 2642 φαί-

2097 2674 2242 2709 νεται
2286 2659 2402 2716 τοῖς
2448 2651 2543 2709 δύο
2594 2651 2998 2730 ὁδοιποροῦσιν.
3066 2653 3520 2730 Ὑποστρέψαντες
3575 2651 3747 2725 οὗτοι,

2097 2741 2356 2813 ἤκουσαν,
2389 2743 2472 2797 ’ὁτι
2506 2740 2662 2821 ὢφθη
2696 2744 2929 2816 Σίμωνι.
2966 2744 3094 2799 Εῖτα
3126 2740 3250 2812 ἔστη
3293 2737 3502 2818 ἀθρόως
3552 2741 3604 2798 ἐν
3653 2745 3748 2816 μὲ-

2100 2852 2179 2903 σῳ
2230 2830 2426 2885 αὐτῶν·
2480 2832 2532 2885 ot
2583 2829 2639 2885 δὲ
2688 2831 3054 2902 έπτοήθησαν.
3107 2828 3343 2901 Ἐδειξεν
3393 2831 3578 2894 αὐτοῖς
3623 2832 3747 2894 τοὺς

331 2923 559 2996 τύπους,
588 2944 675 2977 και
708 2921 826 2996 ἔφεν
855 2923 911 2993 (3
949 2922 964 2991 )
993 2920 1224 2975 ένώπιον
1250 2918 1448 2974 αὐτῶν·
1507 2917 1805 2995 Ἐξαγαγῶν
1840 2916 1897 2975 δὲ
1935 2918 2129 2981 αὐτοὺς
2159 2918 2237 2982 εἷς
2268 2919 2559 2990 Βηθανίαν,
2592 2918 2892 2998 ἀνελήφθη.

499 3041 665 3098 Liber
693 3040 778 3112 IV,
811 3039 1165 3110 Evangelium
1194 3036 1499 3094 secundum
1524 3038 1815 3094 Joannem.

408 3150 498 3206 50.
529 3149 789 3205 Joannes
818 3146 1117 3203 Christum
1166 3142 1310 3200 dicit
1355 3145 1535 3201 Deum
1583 3161 1712 3200 esse
1751 3146 1892 3217 (cap.
1926 3143 1988 3216 1).

340 3239 551 3297 Narrat
591 3238 662 3295 de
709 3237 973 3309 Baptista
1002 3251 1017 3290 :
1050 3238 1176 3289 tum
1209 3234 1281 3289 de
1311 3233 1560 3300 Christo,
1591 3238 1649 3289 et
1676 3234 1747 3289 de
1799 3240 1991 3290 lncar-

2531 3029 2751 3092 Βιϐλίον
2787 3032 2851 3105 δ’,
2882 3035 3018 3090 κατὰ
3049 3034 3323 3107 Ἰωάννην.

2169 3142 2259 3205 50.
2295 3138 2555 3216 Θεολογεῖ
2611 3140 2639 3194 ὁ
2690 3137 2941 3212 Ἰωάννης
2994 3141 3089 3198 τὸν
3132 3140 3387 3215 Χριστόν.
3441 3143 3600 3217 Λέγει
3631 3142 3757 3221 περὶ

2099 3233 2197 3284 τοῦ
2228 3230 2555 3286 Βαπτιστοῦ·
2587 3229 2701 3284 εἶτα
2730 3231 2855 3307 περὶ
2883 3234 2982 3286 τοῦ
3011 3234 3269 3305 Χριστοῦ,
3320 3230 3411 3287 καὶ
3459 3238 3560 3302 τῆς
3611 3232 3756 3288 ἄναν-

347 3328 600 3385 natione.
651 3326 739 3383 Ad
789 3304 852 3381 se
902 3324 1106 3380 missis
1152 3322 1467 3394 respondet
1517 3323 1796 3393 Baptista.
1832 3323 1982 3379 Inse-

2105 3320 2460 3395 θρωπήσεως.
2533 3304 2906 3395 ’Δποκρίνεται
2978 3321 3007 3375 6
3064 3304 3375 3389 Βαπτιστὴς
3434 3322 3571 3397 πρὸς
3626 3321 3757 3386 τοὺς

341 3421 558 3490 quente
588 3415 682 3472 die
711 3417 963 3471 testatur
988 3413 1061 3468 de
1087 3412 1119 3467 J
1127 3427 1253 3482 esu,
1284 3411 1440 3482 quod
1470 3410 1725 3483 Spiritus
1753 3411 1990 3467 descen-

339 3506 490 3562 derit
511 3520 690 3577 super
717 3519 871 3560 eum.
893 3502 1181 3574 Sequente
1211 3501 1426 3555 iterum
1456 3499 1548 3556 die
1576 3500 1986 3557 testimonium

336 3595 607 3668 perhibet
637 3594 708 3649 de
736 3593 897 3649 Jesu.
930 3591 1067 3646 Sese
1116 3588 1200 3644 illi
1252 3588 1524 3660 adjungit
1569 3589 1850 3644 Andreas.
1886 3588 1984 3645 Pe-

333 3689 493 3740 trum
523 3683 764 3739 adducit
782 3682 1044 3736 Andreas
1064 3679 1136 3734 ad
1158 3677 1478 3733 Christum.
1498 3682 1739 3733 Postero
1763 3677 1856 3732 die
1881 3694 1983 3733 vo-

330 3779 425 3829 cat
439 3771 778 3844 Philippum
797 3770 1054 3825 Andreas
1073 3769 1144 3823 ad
1163 3783 1320 3823 eum.
1337 3767 1574 3822 Postero
1595 3766 1690 3821 die
1710 3781 1983 3837 egressus

325 3861 384 3916 in
418 3860 713 3916 Galilaeam
742 3861 934 3923 .Iesus,
968 3863 1133 3912 vocat
1160 3855 1498 3927 Philippum
1525 3872 1539 3910 :
1564 3854 1661 3909 hic
1689 3854 1843 3910 ιλιι
1873 3855 1982 3909 du-

325 3951 407 4007 cit
435 3949 756 4006 Nathanael
800 3949 870 4003 ad
919 3961 1075 4002 eum.
1108 3943 1536 4000 Testimonium
1589 3943 1725 3998 huic
1756 3944 1856 3998 dat
1884 3943 1980 3999 Je-

327 4056 451 4096 sus.
503 4038 734 4111 Nuptias
777 4038 929 4092 ﬁunt
978 4035 1038 4089 in
1087 4039 1244 4089 Cana
1272 4034 1413 4105 (cap.
1446 4034 1531 4105 ιι).
1570 4033 1775 4089 Postea
1821 4032 1982 4090 venit

326 4131 712 4201 Capernaum.
733 4124 1011 4182 Ascendit
1029 4121 1451 4195 Jerosolymam
1477 4123 1533 4178 in
1558 4123 1702 4178 festo
1735 4121 1981 4179 Pascha-

327 4217 406 4272 tis
431 4232 443 4271 :
468 4214 675 4285 ejicite
703 4212 923 4286 templo
952 4212 1269 4269 vendentes
1300 4210 1625 4268 columbas.
1652 4211 1815 4266 Multi
1846 4227 1976 4267 cre-

326 4306 478 4360 dunt
506 4304 566 4358 in
588 4320 741 4360 eum.
767 4303 918 4358 Tum
944 4302 1016 4357 de
1035 4301 1350 4356 Nicodemo
1374 4306 1512 4372 (cap.
1533 4302 1639 4372 ιιι).
1661 4301 1800 4356 Post
1822 4301 1978 4356 venit

322 4394 382 4450 in
411 4393 675 4450 Judaeum
719 4396 777 4449 et
822 4390 1201 4463 baptizabant
1249 4390 1437 4461 ipsius
1488 4388 1780 4460 discipuli.
1814 4389 1975 4444 Nun-

319 4484 529 4539 tiatum
561 4487 652 4539 est
680 4482 790 4538 hoc
813 4479 1047 4537 Joanni.
1073 4479 1332 4534 Audiens
1359 4478 1533 4533 Jesus
1564 4478 1621 4533 id
1653 4481 1857 4532 notum
1891 4478 1974 4532 fa-

317 4582 476 4628 ctum
497 4589 627 4629 esse
652 4570 980 4636 Pharisasis,
1000 4569 1306 4625 descendit
1336 4568 1394 4621 in
1419 4565 1715 4622 Galilaaam
1749 4582 1852 4637 per
1871 4566 1974 4621 Sa-

2096 3405 2500 3471 ἀποσταλέντας
2528 3410 2668 3481 πρὸς
2708 3408 2889 3466 αὐτόν.
2920 3412 2997 3483 Τῇ
3048 3407 3304 3483 ἐπαύριον
3354 3415 3618 3486 μαρτυρεῖ
3671 3414 3753 3484 τῷ

2098 3496 2301 3567 Ἰησοῦ,
2351 3497 2432 3552 ὅτι
2476 3497 2539 3551 τὸ
2598 3501 2818 3571 Πνεῦμα
2854 3491 3055 3567 κατέϐη
3108 3496 3191 3553 ἔπ’
3247 3498 3431 3557 αὑτόν.
3478 3502 3554 3573 Τῇ
3584 3499 3749 3555 ἐπαύ-

2096 3603 2211 3660 ριον
2244 3583 2410 3640 πάλιν
2446 3590 2709 3662 μαρτυρεῖ
2735 3586 2815 3658 τῷ
2845 3586 3045 3656 Ἰησοῦ.
3087 3585 3188 3641 Καὶ
3234 3584 3550 3644 κολλῶνται
3600 3588 3748 3661 αὑτῷ

2095 3674 2302 3749 οἱπερὶ
2351 3671 2623 3749 Ἀνδρέαν.
2685 3674 2841 3749 ἰΑγει
2889 3674 2981 3729 τὸν
3034 3675 3235 3750 Πέτρον
3267 3676 3296 3731 ὁ
3328 3672 3578 3751 Ἀνδρέας
3608 3677 3745 3752 πρὸς

2091 3760 2361 3836 αὖτόν.Τῇ
2382 3762 2636 3837 ἐπαύριον
2658 3760 2818 3817 καλεῖ
2838 3763 2929 3819 τὸν
2961 3762 3240 3820 Φίλιππον
3272 3765 3301 3820 6
3324 3762 3571 3841 Ἀνδρέας
3600 3765 3737 3842 πρὸς

2092 3850 2270 3907 αὐτόν.
2329 3854 2412 3925 Τῇ
2462 3850 2717 3928 ἐπαύριον
2755 3852 2916 3908 καλεῖ
2960 3854 3052 3908 τὸν
3103 3851 3382 3909 Φίλιππον
3429 3855 3457 3908 6
3508 3856 3736 3925 Ἰησοῦς,

2092 3938 2319 4010 ἐξελθὼν
2351 3940 2424 4002 εἱς
2452 3942 2550 4010 τὴν
2579 3939 2890 3998 Γαλιλαίαν,
2947 3940 3116 4005 Οὗτος
3148 3944 3262 4020 ἄγει
3309 3944 3401 3998 τὸν
3450 3943 3738 4013 Ναθαναήλ
3772 3988 3783 3999 .

2090 4029 2224 4105 πρὸς
2260 4029 2439 4086 αὐτόν.
2490 4036 2763 4107 Μαρτυρεῖ
2812 4030 2960 4103 αύτῷ
3011 4032 3041 4087 6
3087 4032 3316 4102 Ἰησοῦς.
3369 4034 3432 4090 Ὁ
3478 4034 3657 4109 γάμος
3687 4031 3738 4087 ἐν

2090 4124 2232 4173 Κανᾶ
2281 4119 2502 4195 γίνεται.
2565 4122 2696 4176 Εἶτα
2746 4116 2962 4195 ἔρχεται
3012 4119 3090 4182 εἷς
3141 4121 3523 4196 Καπερναούμ.
3586 4122 3742 4179 Ἀνα-

2088 4202 2260 4263 6αίνει
2293 4208 2367 4271 εἰς
2398 4207 2752 4284 Ἰεροσόλυμα
2783 4208 2835 4263 έν
2860 4214 2941 4281 τῷ
2991 4210 3200 4285 Πάσχα’
3237 4204 3495 4267 ἐκϐάλλει
3542 4209 3601 4266 ἐκ
3645 4214 3741 4265 τοῦ

2085 4298 2235 4373 ἱεροῦ
2291 4297 2418 4360 τοὺς
2477 4297 2797 4360 πωλοῦντας
2851 4298 2947 4356 τὰς
2992 4299 3333 4374 περιστεράς.
3394 4297 3605 4355 Πολλοὶ
3656 4321 3741 4354 πι-

2087 4386 2362 4441 στεύουσιν
2420 4386 2494 4448 εἰς
2546 4384 2725 4451 αὐτόν.
2788 4388 2919 4443 Εἶτα
2945 4389 3013 4442 τά
3057 4388 3192 4443 κατᾶ
3226 4385 3563 4461 Νικόδημον.
3603 4390 3737 4445 Εἶτα

2084 4472 2304 4551 ἔρχεται
2337 4475 2411 4536 εἷς
2440 4476 2539 4543 τήν
2571 4473 2851 4548 Ἰουδαίαν,
2898 4476 2988 4532 καὶ
3041 4471 3326 4547 ἐϐάπτιζον
3387 4477 3438 4532 οἱ
3500 4478 3731 4551 μαθηται

2084 4564 2269 4622 αὐτοῦ.
2332 4564 2678 4641 Ἀπηγγὲλθη
2735 4564 2816 4637 τῷ
2866 4569 3114 4643 Ἰωάννῃ.
3150 4568 3413 4630 Ἀκούσας
3443 4569 3472 4623 6
3500 4569 3732 4641 Ἰησοῦς,

319 4661 566 4716 mariam
599 4664 744 4730 (cap.
771 4659 872 4729 ιν).
897 4658 1355 4726 Subsequuntur
1384 4670 1473 4720 ea,
1500 4670 1627 4725 quae
1656 4670 1791 4709 cum
1842 4671 1971 4708 mu-

2094 4654 2167 4709 B'tt
2199 4650 2397 4726 ἔμαθον
2450 4655 2501 4708 οἱ
2548 4659 2861 4729 Φαρισαῖοι,
2910 4651 3114 4728 κατέϐη
3166 4656 3242 4720 εἷς
3290 4657 3390 4727 τὴν
3438 4655 3735 4714 Γαλιλαίαν

315 4748 458 4804 liere
490 4748 861 4804 Samaritana
906 4746 1062 4800 facta
1091 4748 1251 4799 sunt.
1287 4742 1547 4798 Credunt
1592 4742 1967 4798 Samaritani.

318 4837 491 4894 Venit
518 4837 693 4893 Jesus
718 4836 776 4890 in
807 4834 965 4890 Cana
995 4836 1055 4888 et
1083 4832 1307 4887 accedit
1335 4832 1408 4887 ad
1439 4848 1574 4887 eum
1608 4831 1867 4904 regulus,
1902 4831 1970 4887 ﬁ-

319 4923 382 4982 iii
414 4925 622 4998 gratia.
659 4924 827 4980 Redit
872 4920 1298 4994 Jerosolymam
1330 4920 1471 4993 (cap.
1493 4922 1570 4994 v).
1604 4921 1784 4976 Sanat
1831 4939 1968 4978 eum

318 5014 379 5069 in
411 5014 666 5070 Sabbato
698 5013 798 5085 qui
831 5012 1002 5068 annis
1033 5010 1274 5082 triginta
1300 5016 1431 5066 octo
1462 5010 1813 5082 paralyticus
1844 5012 1966 5067 fue-

320 5108 432 5161 rat.
466 5106 743 5169 Quzsrunt
791 5118 928 5158 eum
971 5099 1159 5157 Judaei
1206 5100 1485 5155 occidere.
1524 5101 1667 5155 Dicit
1699 5099 1783 5155 eis
1815 5103 1968 5174 quod

314 5208 348 5247 a
379 5199 489 5249 Deo
523 5193 743 5250 missus
792 5191 889 5247 sit.
919 5189 1286 5246 Transfrctat
1314 5205 1345 5244 e
1380 5188 1614 5260 regione
1642 5189 1968 5248 Tiberiadis

311 5281 453 5353 (cap.
490 5285 563 5352 γι)
597 5299 610 5338 :
641 5288 766 5338 erat
813 5288 1009 5337 autem
1048 5277 1293 5334 Pascha.
1329 5277 1448 5332 Alit
1497 5279 1718 5333 turbas.
1754 5279 1968 5336 Volunt

310 5386 444 5424 eum
501 5388 696 5427 creare
752 5386 971 5442 regem,
1026 5372 1085 5423 et
1142 5366 1362 5423 secedit
1420 5366 1478 5421 in
1537 5373 1819 5424 montem.
1874 5370 1965 5424 Ui-

381 5549 397 5583 ¹
434 5548 571 5605 Luc.
604 5566 743 5617 χχιι,
776 5552 863 5606 31.

383 5729 497 5803 (31)
527 5736 777 5806 ἰ’ἷιξαγεν.

2083 4741 2172 4799 διὰ
2215 4750 2315 4813 τῆς
2365 4742 2695 4817 Σαμαρείας.
2758 4744 2888 4800 Εἶτα
2941 4745 3010 4800 τὰ
3052 4749 3189 4802 κατὰ
3232 4748 3335 4817 τὴν
3384 4753 3736 4822 Σαμαρεῖτιν.

2082 4832 2427 4888 Πιστεύουσιν
2457 4833 2509 4887 οἱ
2543 4837 2900 4906 Σαμαρεῖται.
2934 4836 3192 4912 Ἔρχεται
3236 4837 3312 4900 εἷς
3363 4844 3507 4893 Κανᾶ
3550 4840 3578 4893 6
3630 4840 3735 4907 Ἰη-

2080 4926 2228 4992 σοῦς,
2261 4922 2350 4977 καὶ
2381 4922 2436 4976 οἶ·
2487 4921 2804 4997 βασιλίσκος
2851 4927 3216 5001 προσέρχεται
3265 4926 3400 5002 ὑπὲρ
3446 4932 3544 4982 τοῦ
3593 4924 3734 4984 υἱοῦ.

2080 5008 2340 5080 Ἀνῆλθεν
2373 5010 2450 5073 εἰς
2474 5007 2855 5087 Ἰεροσόλυμα,
2882 5013 2971 5067 καὶ
3000 5015 3093 5069 τὸν
3125 5012 3177 5068 έν
3211 5011 3300 5084 λη’
3329 5011 3502 5069 ἔστεσι
3560 5035 3731 5090 παρα-

2080 5098 2379 5173 λελυμένον
2413 5098 2554 5154 ἷᾶται
2586 5098 2637 5154 έν
2671 5094 2956 5174 Σαϐϐάτῳ.
3009 5104 3264 5173 Ἐζήτουν
3298 5101 3455 5158 αὐτὸν
3488 5102 3541 5157 οἱ
3591 5104 3730 5159 Ἰου-

2079 5186 2223 5243 δαῖοι
2269 5189 2600 5246 ἀποκτεῖναι.
2654 5189 2808 5265 Λέγει
2853 5189 3037 5253 αὐτοῖς
3081 5190 3165 5246 ὅτι
3212 5190 3358 5265 παρὰ
3398 5196 3532 5246 Θεοῦ
3560 5191 3731 5266 έπέμ-

2078 5290 2207 5356 φθη.
2245 5276 2485 5347 Ἀπῆλθε
2514 5279 2682 5350 πέραν
2709 5284 2809 5347 τῆς
2841 5273 3177 5356 Τιϐεριάδοςο
3211 5283 3278 5350 ἦν
3307 5277 3365 5335 δὲ
3404 5282 3467 5337 τὸ
3513 5282 3725 5359 Πάσχα,

2076 5366 2276 5446 Τρέφει
2321 5367 2451 5429 τοὺς
2504 5362 2732 5443 ὄχλους.
2784 5366 3083 5439 ’Πθέλησαν
3124 5368 3284 5425 αὐτὸν
3315 5377 3541 5443 ποιῆσαι
3578 5373 3732 5448 βασι-
