4170 6352
442 427 556 489 401

1550 427 1923 490 SYNOPSIS
1969 426 2428 488 SCRIPTURE
2471 425 2770 488 SACRIE.

3745 437 3870 495 402

441 559 558 632 λέα,
589 559 680 614 καὶ
713 561 994 635 ἀναχωρεῖ
1024 558 1099 622 εἰς
1130 560 1191 614 τὸ
1238 558 1391 634 ὅρος.
1453 559 1758 615 ’Έπλευσαν
1810 559 1860 613 οἰ
1925 559 2085 632 μαθη-

2214 559 2425 630 scipuli
2458 560 2735 632 navigant
2760 561 3148 632 Capernaum.
3178 565 3296 618 Huc
3325 568 3381 619 et
3401 565 3574 621 Jesus
3602 567 3784 636 venit,
3811 574 3869 624 et

437 648 523 704 ταὶ
575 649 651 710 εἰς
713 648 1094 723 Καπερναούμ.
1151 647 1350 704 Ἧλθιν
1412 649 1439 703 6
1497 650 1706 720 Ἰησοῦς
1759 648 1888 714 ἐκεῖ,
1923 645 2090 716 ἦλθον

437 739 524 792 καὶ
557 738 609 792 οἱ
640 732 830 813 ὄχλοι.
864 737 1006 794 Τότε
1036 736 1219 798 αὐτοῖς
1250 737 1372 814 περὶ
1403 742 1510 791 τῶν
1561 736 1874 809 μυστηρίων
1911 734 2095 790 διαλέ-

435 847 604 902 γεται.
650 825 754 882 Καὶ
791 827 867 897 μὴ
902 825 1208 901 ἐνέγκαντες
1237 826 1328 880 τὸν
1372 825 1559 900 λόγον,
1614 825 1856 889 ἀπῆλθον
1913 826 1986 886 εἷς
2030 825 2097 878 τά

439 914 637 973 ὀπίσω.
699 916 855 991 Λέγει
914 919 1029 976 τοῖς
1090 912 1318 969 δώδεκαο
1382 937 1402 965 ι
1446 916 1535 983 Μὴ
1586 915 1674 968 καὶ
1712 916 1864 987 ὑμεῖς
1912 913 2095 978 θέλετε

434 1005 695 1080 ὑπάγειν;
747 1028 775 1057 ››
827 1003 961 1059 Τότε
1014 1002 1159 1079 λέγει
1207 1003 1426 1078 Πέτροςι
1467 1029 1487 1054 α
1526 1006 1752 1076 Ρήματα
1786 1009 1928 1072 ζωῆς
1962 1003 2091 1057 αἰω-

429 1093 548 1148 νίου
582 1092 752 1169 ἔχεις,
784 1094 924 1168 πρὸς
961 1093 1082 1148 τίνα
1130 1091 1580 1165 ἀπελευσόμεθα;
1621 1119 1646 1142 ››
1701 1093 2091 1167 Σκηνοπηγίας

432 1179 616 1250 οὔσης,
649 1183 1044 1258 προτρέπονται
1077 1181 1236 1236 αὐτὸν
1271 1183 1322 1236 οἱ
1356 1179 1586 1260 ἀδελφοὶ
1619 1181 1860 1236 ἀνελθεῖν
1909 1180 1958 1236 ἐν
2015 1187 2094 1253 τῷ

434 1272 586 1347 ἱερῷ.
645 1273 706 1330 Ὁ
763 1270 820 1326 δὲ
879 1270 1100 1346 ὕστερον
1153 1269 1381 1341 ἀνῆλθε,
1431 1271 1520 1326 καὶ
1562 1271 1787 1342 ἐζήτουν
1848 1271 2006 1326 αὐτὸν
2040 1272 2093 1324 οἱ

439 1357 716 1432 Ἰουδαῖοι,
747 1362 839 1416 καὶ
868 1362 1233 1436 ἠγανάκτουν,
1267 1359 1351 1415 ὅτι
1384 1361 1435 1414 ἐν
1472 1356 1739 1432 Σαϐϐάτῳ
1768 1359 1971 1438 τυφλὸν
2011 1359 2090 1413 id-

443 1470 598 1506 σατο.
645 1448 952 1526 Διαλέγεται
998 1448 1121 1524 περὶ
1178 1454 1275 1504 τοῦ
1317 1449 1697 1525 Παρακλήτου·
1758 1450 1846 1504 καὶ
1906 1450 1957 1503 οἱ
1994 1450 2089 1522 μὲν

446 1536 776 1604 ἐπίστευσαν,
828 1539 878 1593 οἱ
929 1536 985 1593 δὲ
1033 1537 1318 1607 ἠπίστουν.
1384 1537 1772 1613 Ἐγκαλοῦνται
1829 1539 2089 1615 ὑπηρέται

441 1626 544 1681 ὑπὸ
573 1630 679 1682 τῶν
711 1626 1030 1702 ἀρχιερέων,
1065 1626 1146 1681 ὅτι
1181 1626 1280 1681 οὐκ
1319 1627 1539 1682 ἐπίασαν
1595 1627 1779 1684 αὐτόν.
1832 1627 2090 1703 Διαλέγε-

434 1736 521 1770 ται
578 1715 763 1778 αὐτοῖς
813 1717 840 1770 6
889 1713 1234 1789 Νικόδημος,
1285 1716 1375 1770 καὶ
1409 1715 1849 1791 ἐπιστομίζουσιν
1908 1716 2086 1773 αὐτόν.

435 1803 602 1859 Πάλιν
637 1805 665 1858 6
725 1806 940 1874 Ἰησοῦς
1000 1803 1307 1882 διαλέγεται
1367 1805 1574 1868 αὐτοῖς·
1636 1806 1725 1860 καὶ
1790 1806 2087 1878 ἐπειρῶντο

432 1890 744 1966 ἀνατρέπειν
777 1893 942 1949 αὐτοῦ
989 1894 1055 1948 τὰ
1085 1893 1324 1970 ῥήματα.
1378 1896 1628 1949 Ἐνταῦθα
1685 1895 1752 1949 τὰ
1807 1894 1930 1970 περὶ
1987 1901 2086 1964 τῆς
2119 1931 2166 1995 Β

431 1982 903 2058 κατηγορηθείσης
959 1981 1046 2037 ἐπὶ
1109 1983 1354 2059 μοιχείᾳ.
1417 1982 1588 2038 Πάλιν
1658 1982 1809 2058 Λέγει
1879 1983 2086 2046 αὐτοῖς’

437 2095 464 2123 ‹‹
521 2072 644 2147 Εγὼ
703 2072 918 2148 ὑπάγω,
969 2071 1106 2128 ὅπου
1161 2075 1324 2145 ἡμεῖς
1376 2074 1438 2127 οὑ
1481 2070 1704 2137 δύνασθε
1739 2072 1934 2129 ἐλθεῖν.
1970 2097 1990 2124 υ
2026 2075 2087 2127 Οἱ

436 2157 493 2215 δὲ
548 2159 822 2233 ἐνόμιζον,
883 2160 966 2216 ὅτι
1025 2163 1236 2237 ἀναιρεῖ
1294 2161 1502 2218 ἑαυτόν,
1546 2162 1680 2218 Εἶτα
1708 2160 1970 2237 προλέγει
1995 2165 2085 2218 τὸν

431 2247 632 2326 τρόπον
677 2254 775 2305 τοῦ
828 2250 1053 2306 θανάτου
1081 2249 1266 2320 αὐτοῦ,
1300 2251 1390 2305 καὶ
1425 2250 1736 2305 ἐπίστευσαν
1770 2249 1977 2307 πολλοὶ
2013 2253 2088 2314 εἰς

434 2337 621 2398 αὐτόν.
673 2339 804 2394 Τότε
853 2338 995 2415 λέγει
1027 2339 1233 2402 αὐτοῖς·
1274 2364 1302 2393 ‹‹
1336 2341 1457 2396 Ἐὰν
1493 2339 1710 2413 μείνητε
1741 2340 1791 2394 ἐν
1824 2345 1900 2412 τῷ
1933 2339 2087 2416 λόγῳ

439 2449 561 2500 μου,
595 2431 630 2498 ἡ
665 2427 896 2500 ἀλήθεια
925 2428 1275 2502 ἐλευθερώσει
1319 2431 1477 2503 ὑμᾶς,
1513 2455 1540 2481 ››
1571 2430 1662 2486 καὶ
1692 2428 1849 2506 ἕτερα
1878 2431 2083 2487 πολλά.

431 2515 692 2590 Λέγουσιν
725 2516 874 2590 αὐτῷ
905 2518 956 2572 οἱ
989 2515 1265 2575 Ἰουδαῖοι·
1300 2543 1328 2570 ‹‹
1365 2519 1710 2594 Σαμαρείτης
1746 2521 1813 2589 εἴ,
1845 2520 1934 2574 καὶ
1969 2518 2084 2575 δαι-

433 2604 618 2678 μόνιον
652 2604 821 2681 ἔχεις.
858 2630 886 2658 ››
916 2605 1085 2662 Πάλιν
1119 2608 1147 2661 6
1181 2609 1392 2678 Ἰησοῦς
1444 2606 1630 2663 πολλά
1660 2607 1846 2671 αὐτοῖς
1901 2606 2084 2664 διαλέ-

427 2715 597 2770 γεται,
632 2695 684 2749 ἐν
714 2695 794 2757 οἷς
826 2693 1089 2772 ἐπήγαγε·
1127 2720 1154 2748 ‹‹
1191 2697 1322 2772 Πρὶν
1356 2691 1608 2772 Ἀϐραὰμ
1657 2697 1920 2772 γενέσθαι,
1976 2697 2085 2772 ἐγώ

430 2783 565 2856 εἰμι.
618 2808 645 2834 ν)
690 2783 821 2839 Τότε
869 2782 1145 2856 ἠθέλησαν
1191 2783 1409 2840 λιθάσαι
1459 2785 1639 2840 αὐτόν·
1694 2788 1721 2839 6
1771 2784 1828 2841 δὲ
1855 2786 2081 2857 ἐξελθὼν

429 2871 520 2926 ἀπ’
551 2872 750 2942 αὐτῶν,
785 2873 1102 2947 ἐθεράπευσε
1132 2875 1223 2928 τὸν
1255 2873 1458 2950 τυφλὸν
1510 2873 1697 2947 πηλῷ.
1735 2878 1864 2932 Ιθῖτα
1897 2874 2085 2932 διαλέ-

433 2982 582 3036 γεται
613 2963 738 3036 περὶ
767 2966 876 3017 τῶν
911 2957 1199 3036 προϐάτων
1232 2965 1321 3018 καὶ
1377 2969 1475 3018 τοῦ
1517 2964 1800 3036 ποιμένος,
1853 2971 1948 3019 τοῦ
1998 2963 2087 3020 διὰ

434 3057 534 3119 τῆς
582 3049 745 3126 θύρας
793 3051 1176 3127 εἰσερχομένου
1237 3051 1314 3114 εἰς
1371 3053 1471 3122 τὴν
1527 3051 1720 3124 αὐλήν·
1755 3055 1842 3108 καὶ
1876 3054 2086 3130 σχίσμα

438 3139 642 3214 ἐγένετο
673 3139 726 3194 ἐν
757 3145 876 3203 τοῖς
911 3140 1214 3202 Ἰουδαίοις.
1248 3145 1371 3203 Τοῖς
1406 3142 1725 3216 Ἐγκαινίοις
1774 3146 2082 3220 περιεπάτει

434 3228 462 3282 6
494 3231 703 3300 Ἰησοῦς
733 3230 785 3285 ἐν
836 3233 905 3303 τῇ
950 3235 1082 3300 στοᾷ
1121 3229 1503 3302 Σολομῶντος.
1566 3233 1869 3308 Ἐρωτῶσιν
1923 3233 2080 3289 αὐτὸν

2207 648 2392 702 turbae
2435 665 2669 720 quoque
2718 667 2783 705 eo
2833 667 3192 707 concessere.
3219 654 3382 708 Tunc
3432 655 3704 711 edisserit
3749 657 3870 713 illis

2206 738 2277 792 de
2310 739 2624 809 mysteriis.
2661 738 2746 793 Illi
2791 757 2922 794 vero
2979 757 3092 794 non
3146 741 3394 796 ferentes
3428 759 3552 812 quae
3586 744 3870 801 diceban-

2209 831 2321 896 tur,
2349 833 2500 882 retro
2551 829 2782 883 cedunt.
2811 828 2959 883 Dicit
3007 830 3315 885 duodecim
3346 832 3674 901 (apostolis)
3697 850 3744 887 ια
3777 837 3867 890 An

2206 921 2262 970 et
2291 933 2391 971 vos
2445 916 2624 971 vultis
2683 918 2844 972 abire
2869 919 2931 972 2?
2962 942 2980 967 υ
3013 920 3178 973 Tunc
3236 919 3442 975 Petrus
3502 924 3816 992 respondet
3850 941 3863 980 :

2210 1026 2237 1054 «
2259 1005 2450 1060 Verba
2473 1006 2603 1061 vitae
2632 1012 2859 1060 aeternas
2893 1007 3094 1076 habes,
3123 1009 3193 1062 ad
3219 1025 3393 1080 quem
3427 1009 3722 1066 abibimus
3746 1014 3765 1046 ³
3785 1011 3811 1065 ⁸2
3836 1033 3864 1060 ››

2205 1096 2348 1150 Cum
2378 1099 2532 1150 esset
2557 1095 2769 1150 festum
2802 1096 3362 1164 Tabernaculorum,
3389 1097 3700 1152 hortantur
3727 1117 3862 1155 eum

2206 1183 2436 1252 fratres,
2487 1191 2550 1238 ut
2607 1185 2890 1239 ascendat
2946 1185 3005 1238 in
3065 1184 3352 1256 templum
3398 1186 3543 1256 (cap.
3576 1188 3698 1258 vn).
3732 1189 3863 1260 Ipse

2201 1287 2336 1328 vero
2369 1273 2606 1327 tandem
2644 1273 2925 1340 ascendit,
2955 1278 3011 1328 et
3040 1279 3315 1344 quaerunt
3353 1291 3488 1329 eum
3531 1276 3739 1343 Judaei,
3774 1282 3861 1332 at-

2205 1377 2319 1432 que
2354 1360 2742 1432 indignantur
2773 1362 2926 1433 quod
2961 1362 3020 1416 in
3068 1362 3316 1417 Sabbato
3371 1379 3588 1418 caecum
3622 1381 3861 1422 curave-

2204 1454 2313 1505 rat.
2349 1449 2598 1505 Disserit
2638 1453 2707 1505 de
2751 1450 3071 1522 Paracleto,
3105 1456 3160 1506 et
3190 1451 3289 1505 alii
3323 1453 3588 1518 credunt,
3614 1453 3712 1508 alii
3743 1472 3860 1510 non

2202 1539 2468 1594 credunt.
2521 1538 3052 1610 lteprehenduntur
3110 1539 3366 1596 ministri
3416 1559 3449 1596 a
3495 1541 3860 1614 principibus

2202 1628 2598 1694 sacerdotum,
2649 1628 2806 1700 quod
2873 1645 2989 1682 non
3048 1628 3343 1700 cepissent
3399 1647 3556 1686 eum.
3591 1631 3863 1704 Disputat

2202 1733 2336 1772 cum
2396 1715 2479 1771 eis
2537 1716 2890 1772 Nicodemus
2928 1733 2939 1772 :
2976 1715 3060 1772 illi
3091 1733 3224 1773 vero
3273 1734 3338 1773 os
3396 1719 3508 1791 ipsi
3559 1720 3856 1777 obturant.

2198 1805 2370 1861 Jesus
2405 1823 2641 1861 rursum
2679 1805 2944 1877 disputat
2986 1822 3120 1860 cum
3153 1807 3276 1862 eis:
3310 1807 3423 1880 ipsi
3456 1813 3657 1864 contra
3685 1813 3860 1866 verba

2200 1895 2329 1966 ejus
2360 1895 2664 1950 confutare
2688 1900 2995 1950 conantur.
3021 1896 3348 1966 Subjicitur
3378 1899 3448 1952 de
3480 1897 3725 1953 muliere
3757 1917 3857 1955 su-

2201 2001 2303 2056 per
2357 1985 2645 2040 adulterio
2691 1989 2966 2040 accusata
2997 1986 3136 2056 (cap.
3171 1986 3315 2058 vm).
3365 1986 3583 2042 Iterum
3635 1989 3707 2044 ad
3756 2006 3857 2046 eos

2199 2073 2478 2146 loquitur,
2513 2074 2713 2130 dicens
2749 2090 2810 2128 ια
2837 2074 2955 2145 Ego
2985 2075 3154 2139 vado,
3187 2091 3301 2146 quo
3332 2092 3432 2131 vos
3464 2093 3580 2131 non
3611 2079 3856 2149 potestis

2198 2163 2397 2218 venire
2435 2164 2476 2218 ‘.
2539 2185 2567 2213 »
2627 2163 2743 2235 Ipsi
2804 2180 2936 2218 vero
2994 2164 3308 2235 putabant,
3373 2165 3528 2235 quod
3591 2166 3855 2237 seipsum

2198 2252 2369 2308 vellet
2399 2251 2748 2307 interﬁcere.
2781 2251 3001 2307 Deinde
3045 2252 3285 2307 modum
3319 2253 3526 2309 mortis
3556 2271 3674 2310 suae
3708 2273 3858 2327 pras-

2197 2340 2357 2406 dieit,
2391 2346 2449 2397 et
2491 2339 2665 2396 multi
2717 2341 2776 2395 in
2827 2358 2962 2396 eum
3015 2343 3280 2397 credunt.
3312 2342 3474 2397 Tunc
3508 2343 3651 2399 dicit
3679 2344 3796 2400 illis
3838 2362 3853 2402 :

2197 2452 2225 2480 «
2261 2429 2317 2485 Si
2354 2430 2690 2484 manseritis
2721 2429 2780 2484 in
2833 2445 3103 2485 sermone
3137 2446 3289 2497 meo,
3317 2431 3531 2486 veritas
3580 2431 3853 2488 liberabit

2196 2535 2297 2574 vos
2320 2519 2362 2585 ⁸,
2384 2541 2412 2568 ››
2447 2523 2505 2572 et
2534 2518 2650 2574 alia
2694 2517 2901 2574 multa.
2937 2518 3153 2574 Dicunt
3181 2519 3252 2574 ad
3283 2535 3416 2574 eum
3448 2520 3633 2576 Judaei
3664 2539 3713 2577 :«
3745 2522 3849 2577 Sa-

2196 2607 2525 2662 maritanus
2554 2624 2636 2677 es,
2669 2612 2725 2662 et
2756 2608 3110 2662 daemonium
3142 2607 3323 2663 habes
3345 2609 3385 2663 ⁸.
3412 2631 3440 2657 ››
3473 2609 3742 2666 Vicissim
3762 2611 3852 2666 Je-

2195 2713 2297 2751 sus
2332 2696 2517 2750 multa
2546 2697 2617 2750 ad
2649 2713 2750 2751 eos
2779 2696 3069 2764 edisserit,
3100 2697 3249 2751 inter
3280 2713 3406 2769 quae
3439 2703 3495 2752 et
3526 2698 3633 2754 hoc
3656 2699 3799 2754 dicit
3832 2719 3845 2757 :

2195 2807 2223 2834 ‹‹
2267 2789 2596 2855 Antequam
2655 2784 2951 2839 Abraham
3001 2785 3182 2854 fieret,
3243 2801 3350 2857 ego
3399 2804 3530 2842 sum
3557 2789 3596 2841 ⁷.
3621 2811 3649 2838 ››
3683 2787 3849 2844 Tune

2195 2891 2328 2929 eum
2377 2874 2634 2944 lapidare
2679 2872 2998 2928 volebant:
3035 2874 3159 2944 ipse
3210 2886 3370 2930 vero.
3389 2876 3725 2948 disgressus
3775 2878 3848 2933 ab

2193 2963 2333 3031 illis,
2368 2963 2592 3018 curavit
2624 2979 2839 3018 caecum
2874 2961 2998 3017 luto
3029 2963 3172 3034 (cap.
3206 2964 3306 3034 ix).
3341 2965 3551 3020 Postea
3579 2965 3855 3022 edisserit

2195 3055 2264 3109 de
2295 3053 2502 3109 ovibus
2551 3057 2608 3108 et
2659 3055 2892 3124 pastore
2932 3069 3034 3122 per
3056 3054 3304 3121 januam
3352 3053 3411 3108 in
3461 3055 3607 3110 ovile
3655 3055 3851 3126 ingre-

2191 3143 2390 3198 diente
2439 3145 2574 3212 (cap.
2606 3141 2664 3212 x)
2699 3158 2712 3195 :
2746 3144 2803 3195 et
2853 3139 3114 3196 schisma
3163 3142 3349 3196 oritur
3396 3142 3548 3196 inter
3592 3142 3850 3200 Judeos.

2200 3233 2260 3286 In
2293 3232 2439 3286 festo
2493 3229 2884 3285 Dedicationis
2928 3229 3268 3285 ambulabat
3295 3230 3469 3286 Jesus
3519 3232 3577 3287 in
3626 3231 3849 3301 porticu

431 3318 484 3372 οἱ
538 3315 817 3385 Ἰουδαῖοι,
882 3300 930 3373 εί
987 3317 1149 3380 αὐτὸς
1209 3300 1290 3389 εἴη
1337 3321 1366 3374 6
1400 3300 1651 3395 Χριστός..
1687 3322 1772 3382 Ὡς
1825 3319 1882 3376 δὲ
1913 3323 2080 3392 εἶπεν,

2198 3318 2544 3375 Salomonis.
2601 3320 2971 3391 lnterrogant
3025 3335 3160 3374 eum
3220 3319 3428 3388 Judaii,
3461 3337 3534 3374 an
3591 3300 3717 3391 ipse
3773 3321 3852 3376 sit

429 3402 720 3462 ἐϐάστασαν
748 3406 934 3470 λίθους
971 3407 1156 3482 βαλεῖν
1189 3408 1272 3462 ἐπ’
1303 3407 1483 3465 αὐτόν.
1531 3411 1619 3471 Ὧς
1652 3407 1709 3464 δὲ
1757 3413 1946 3487 ῆρώτα
1991 3412 2081 3466 αὐ-

428 3495 552 3558 τοὺς
582 3498 682 3566 τήν
717 3495 914 3565 αἰτίαν,
945 3495 1118 3565 ἦλθον
1148 3496 1334 3551 πιάσαι
1367 3497 1547 3565 αὐτὸν,
1579 3499 1668 3552 καὶ
1702 3500 1799 3554 οὐκ
1835 3500 2078 3577 ἴσχυσαν.

431 3583 726 3655 Ἀπῆλθεν,
787 3583 924 3639 ὅπου
983 3580 1265 3655 ἐϐάπτιζεν
1323 3587 1595 3657 Ἰωάννης.
1660 3589 1971 3662 Πέμπουσιν
2027 3591 2085 3645 ἐκ

426 3673 698 3744 Βηθανίας
729 3675 783 3728 αἱ
812 3673 937 3750 περὶ
969 3673 1184 3750 Μάρθαν
1220 3674 1351 3749 ὑπὲρ
1381 3681 1478 3730 τοῦ
1520 3677 1791 3752 Λαζάρου.
1827 3678 1924 3733 Καὶ
1962 3680 2086 3754 βου-

427 3762 662 3836 λόμενος
693 3762 772 3825 εἷς
801 3764 900 3831 τὴν
932 3759 1194 3817 Ἰουδαίαν
1228 3760 1428 3831 ἐλθεῖν,
1465 3763 1706 3820 ἐκώλυον
1741 3769 1793 3820 οἱ
1821 3769 2080 3840 μαθηταί.

429 3851 627 3915 Ἦλθεν
690 3851 765 3912 εἷς
816 3851 1100 3927 βηθανίαν·
1153 3851 1411 3922 ἀνέστησε
1455 3854 1547 3908 τὸν
1595 3854 1858 3930 Λάζαρον.
1912 3856 2081 3912 Πάλιν

434 3935 786 3996 ἐϐουλεύοντο
843 3940 896 3994 οἱ
957 3937 1208 3995 Ἰουδαῖοι
1260 3940 1467 3997 ἀνελεῖν
1525 3943 1608 3996 τὸν
1659 3944 1889 4013 Ἰησοῦν.
1953 3947 2085 4002 Εἶτα

436 4029 673 4106 Καϊάφας
701 4027 1050 4107 προφητεύει.
1085 4030 1391 4106 Ἀναχωρεῖ
1422 4031 1630 4101 Ἰησοῦς
1677 4031 1753 4095 εἷς
1805 4035 1904 4102 τὴν
1955 4031 2082 4109 ἕρη-

439 4138 540 4190 μον
565 4119 816 4195 Ἐφραῒμ..
843 4117 974 4174 Εἶτα
1007 4119 1060 4172 οἱ
1092 4116 1345 4173 Ἰουδαῖοι
1378 4115 1721 4194 ἀμφέϐαλον,
1773 4121 1817 4176 εί
1866 4120 2084 4198 ἔρχεται

435 4205 510 4268 εἷς
531 4208 630 4275 τὴν
663 4206 878 4279 ἑορτήν.
913 4206 1011 4262 Καὶ
1041 4208 1146 4284 πρὸ
1176 4203 1228 4278 ἓξ
1260 4209 1484 4282 ἡμερῶν
1529 4214 1626 4263 τοῦ
1679 4211 1868 4286 Πάσχα
1917 4210 2081 4280 ἦλθεν

433 4296 507 4359 εἷς
543 4296 828 4367 Βηθανίαν.
863 4296 996 4352 Κότι
1027 4294 1345 4352 δειπνοῦντα
1375 4297 1534 4352 αὐτὸν
1562 4297 1787 4374 ἤλειψεν
1881 4300 2082 4377 Μαρία,

427 4387 514 4440 καὶ
547 4387 838 4461 ἀγανακτεῖ
869 4383 1098 4448 Ἰούδας.
1134 4387 1506 4460 Ἐπιστομίζει
1550 4387 1708 4442 αὐτὸν
1760 4391 1788 4445 6
1848 4391 2081 4461 Ἰησοῦς.

425 4474 632 4539 Ἦλθον
667 4475 803 4550 πρὸς
836 4475 996 4529 αὐτὸν
1026 4473 1138 4529 ἐκεῖ
1167 4475 1218 4528 οἱ
1253 4472 1528 4531 Ἰουδαῖοι.
1563 4477 1905 4548 Ὑπήντησαν
1938 4478 2084 4551 αὐτῷ

427 4559 593 4640 ὄχλοι
665 4565 804 4636 μετὰ
863 4565 1032 4640 βαῖων
1090 4563 1375 4640 ἐρχομένῳ
1436 4565 1510 4627 εἰς
1573 4566 1950 4641 Ἰεροσόλυμα,
1993 4567 2082 4622 καὶ

2193 3409 2484 3464 Christus.
2516 3408 2623 3464 Ubi
2656 3425 2788 3464 vero
2839 3408 2995 3463 hunc
3047 3425 3110 3463 se
3156 3425 3285 3464 esse
3336 3409 3498 3478 dicit,
3534 3409 3747 3464 tollunt
3793 3409 3851 3465 la

2194 3499 2382 3571 pides,
2412 3503 2475 3552 ut
2497 3497 2725 3568 jaciant
2753 3497 2810 3551 in
2841 3513 3010 3566 eum;
3045 3501 3109 3552 ut
3137 3504 3332 3552 autem
3366 3503 3531 3570 rogat
3561 3499 3739 3570 hujus
3771 3500 3850 3556 i'a-

2194 3587 2410 3644 einoris
2442 3602 2706 3652 causam,
2741 3587 2984 3640 veniunt
3033 3587 3104 3640 ad
3155 3586 3502 3658 capiendum
3554 3605 3711 3653 eum,
3745 3589 3847 3644 sed

2195 3695 2308 3732 non
2341 3679 2675 3748 potuerunt.
2714 3675 2846 3730 Abit
2873 3676 2932 3729 in
2965 3691 3100 3730 eum
3138 3673 3354 3743 locum,
3391 3677 3487 3731 ubi
3518 3677 3848 3748 baptizave-

2194 3771 2284 3821 rat
2314 3771 2589 3821 Joannes.
2615 3763 2853 3818 Mittunt
2902 3764 2973 3818 ad
3024 3780 3158 3819 eum
3191 3781 3259 3820 ex
3300 3765 3575 3820 Bethania
3625 3767 3851 3821 Martha

2194 3861 2250 3910 et
2283 3871 2446 3910 soror
2476 3855 2606 3922 ejus
2637 3857 2873 3925 propter
2926 3853 3200 3908 Lazarum
3240 3853 3384 3925 (cap.
3415 3862 3513 3921 χι).
3541 3854 3847 3909 Volentem

2195 3944 2278 3998 ire
2309 3943 2368 3997 in
2408 3943 2670 3998 Judaeam
2723 3941 3034 4012 prohibent
3084 3940 3378 4014 discipuli.
3411 3942 3582 3997 Venit
3632 3943 3846 3998 Betha-

2195 4031 2353 4087 niam
2387 4048 2399 4086 :
2436 4031 2647 4086 excitat
2680 4031 2977 4085 Lazarum.
3012 4029 3229 4086 Iterum
3263 4031 3333 4086 de
3360 4030 3674 4086 occidendo
3705 4031 3846 4087 Jesu

2193 4119 2531 4176 consultant
2557 4118 2767 4174 Judaei.
2803 4119 2954 4174 Tum
2986 4118 3240 4190 Caiphas
3278 4120 3847 4192 prophetat.Secedit

2190 4210 2366 4265 Jesus
2435 4209 2493 4262 in
2562 4207 2938 4262 solitudinem
3006 4207 3302 4279 Ephraim.
3375 4209 3592 4264 Deinde
3657 4209 3844 4266 Judaai

2194 4300 2346 4354 inter
2395 4314 2455 4353 se
2504 4296 2859 4367 disceptant,
2893 4313 3034 4350 num
3091 4302 3372 4352 venturus
3431 4298 3509 4354 sit
3567 4299 3638 4353 ad
3691 4299 3846 4355 diem

2195 4388 2433 4442 festum.
2467 4391 2617 4440 Ante
2673 4401 2773 4440 sex
2829 4384 2952 4439 dies
3010 4385 3245 4439 Paschae
3290 4385 3448 4440 venit
3506 4387 3844 4443 Bethaniam

2194 4479 2336 4548 (cap.
2371 4475 2493 4547 xu).
2527 4474 2630 4529 Hie
2679 4478 3006 4529 comantem
3040 4474 3206 4528 unxit
3234 4474 3417 4530 Maria
3449 4491 3463 4531 :
3497 4492 3672 4546 quam
3725 4494 3848 4533 rem

2194 4567 2434 4638 indigne
2465 4564 2574 4620 fert
2616 4563 2822 4619 Judas.
2857 4562 3023 4618 Hunc
3054 4563 3376 4634 compescit
3418 4564 3614 4620 Jesus.
3651 4565 3851 4621 Isthuc

431 4652 722 4728 ὀχουμένῳ
751 4651 826 4714 εἷς
857 4652 1094 4729 ὀνάριον.
1126 4653 1256 4708 Τότε
1289 4657 1537 4724 ζητοῦσιν
1572 4656 1623 4709 οἱ
1657 4655 1924 4726 Ἕλληνες
1954 4655 2083 4711 ἰδεῖν

2198 4656 2433 4710 veniunt
2460 4653 2645 4708 Judaei
2674 4653 2746 4707 ad
2787 4669 2942 4707 eum.
2981 4651 3311 4708 Occurrunt
3360 4652 3447 4708 illi
3494 4654 3679 4709 turbae
3712 4671 3847 4712 cum

432 4741 606 4798 αὐτόν.
638 4741 773 4797 Τότε
803 4741 949 4818 λέγει
976 4743 1075 4811 τὴν
1099 4737 1420 4816 παραϐολὴν
1445 4748 1541 4798 τοῦ
1573 4743 1774 4799 κόκκου
1803 4745 1900 4800 τοῦ
1933 4745 2082 4801 σίτου

430 4831 518 4885 καὶ
548 4830 672 4908 περὶ
701 4835 808 4886 τῶν
844 4825 1204 4910 φοϐουμένων
1247 4831 1338 4885 τὸν
1389 4829 1633 4888 θάνατον.
1684 4834 1811 4888 Εἶτα
1859 4834 2075 4911 ἐπάγει*

431 4943 461 4971 ››
492 4922 688 4996 Πάτερ,
722 4917 944 4991 δόξασόν
976 4941 1071 4975 σου
1102 4919 1194 4975 τὸν
1227 4919 1373 4974 Υἰόνο
1411 4944 1436 4971 n
1469 4921 1557 4975 καὶ
1591 4924 1745 4998 φωνή
1788 4922 1995 4998 ἐγένετο
2028 4925 2085 4980 ἐκ

426 5013 524 5064 τοῦ
552 5008 805 5084 οὐρανοῦ.
838 5009 1117 5083 Ἐνόμισεν
1153 5009 1180 5062 6
1235 5004 1409 5085 ὄχλος
1466 5011 1699 5086 βροντὴν
1746 5016 2083 5088 γεγενῆσθαι.

427 5099 559 5154 Εἶτα
611 5096 871 5173 προλέγει
921 5096 1107 5158 αὐτοῖς
1156 5097 1247 5151 τὸν
1295 5097 1498 5173 τρόπον
1559 5103 1656 5153 τοῦ
1707 5099 1956 5170 θανάτου,
1994 5101 2082 5155 καὶ

427 5185 719 5262 προτρέπει
752 5188 888 5262 πρὸς
917 5188 978 5242 τὸ
1009 5191 1308 5241 πιστεῦσαι·
1346 5188 1396 5240 οἱ
1447 5184 1504 5242 δὲ
1529 5189 1811 5260 ἠπείθουν,
1845 5215 1872 5240 ‹‹

426 5275 614 5352 φησὶν,
676 5299 704 5326 ‹‹
765 5276 794 5330 6
855 5274 1019 5350 λόγος
1065 5273 1287 5332 Ἠσαίου
1333 5275 1630 5351 πληρωθῇ.
1682 5301 1702 5327 ο
1738 5278 1927 5333 Νίπτει
1957 5281 2085 5340 τοὺς

430 5361 694 5436 μαθητάς·
748 5363 967 5440 ἐλέγχει
1010 5364 1102 5418 τὸν
1154 5361 1377 5419 Ἰούδαν·
1422 5366 1511 5419 καὶ
1546 5361 1730 5421 λαϐὼν
1765 5369 1966 5423 ἐκεῖνος
2024 5369 2087 5422 τὸ

427 5453 652 5526 ψώμιον
687 5451 909 5524 ἐξῆλθεν
944 5451 996 5508 ἐν
1025 5451 1197 5507 νυκτί,
1233 5452 1364 5508 Εἶτα
1397 5451 1700 5530 διαμέγεται
1741 5462 1857 5518 τοῖς
1911 5469 2087 5528 μαθη-

436 5546 557 5603 ταῖς
609 5542 636 5595 ὁ
705 5543 934 5614 Ἰησοῦς.
996 5539 1330 5596 Ἐντέλλεται
1390 5543 1572 5604 αὑτοῖς
1649 5545 1771 5620 περὶ

1065 5687 1088 5722 ³
1115 5685 1261 5744 ibid.
1292 5687 1383 5743 69.

1900 5189 1952 5243 'iv
1963 5213 2010 5263 α,
2057 5216 2083 5242 ››

1855 5546 2032 5621 ἀγάπη
2042 5567 2064 5606 ς
2075 5593 2084 5602 .

509 5689 531 5724 ²
559 5687 729 5745 Joan.
759 5706 839 5758 v1,
870 5688 963 5745 68.

434 5759 458 5794 ⁹
483 5759 655 5817 Joan.
686 5777 791 5828 ιιι,
821 5761 911 5817 38.

1495 5688 1518 5723 ⁴
1543 5689 1712 5746 Joan.
1746 5707 1870 5762 VIII,
1900 5691 1992 5746 21.

2094 5691 2116 5725 ⁸
2145 5689 2288 5746 ibid.
2321 5690 2411 5745 32.

2196 4743 2377 4798 ramis
2412 4741 2763 4811 palmarum,
2797 4757 2930 4796 cum
2986 4745 3207 4813 peteret
3248 4741 3635 4816 Jeresolyma,
3670 4749 3728 4800 et
3759 4761 3851 4802 se-

2195 4834 2357 4887 deret
2387 4847 2565 4902 super
2595 4829 2793 4885 asello.
2822 4831 2984 4885 Tunc
3018 4834 3225 4900 petunt
3255 4831 3436 4888 ϐπ·ωοί
3466 4833 3661 4889 videre
3690 4851 3847 4890 eum.

2195 4923 2538 4978 Parabolam
2573 4921 2714 4976 dicit
2745 4922 2816 4977 de
2846 4938 3029 4993 grano
3064 4922 3364 4993 frumenti,
3398 4927 3455 4979 et
3484 4925 3554 4979 de
3584 4923 3722 4992 illis,
3748 4925 3847 4998 qui

2197 5019 2446 5066 morlam
2491 5015 2781 5065 metuunt.
2840 5011 3152 5066 Subditza
3206 5016 3394 5076 Pater,
3440 5011 3704 5083 gloriﬁca
3759 5015 3848 5068 Fi-

2197 5101 2340 5155 lium
2373 5101 2606 5163 tuum“,
2638 5122 2665 5149 η
2700 5103 2758 5154 et
2806 5117 2913 5155 vox
2972 5101 3122 5154 facta
3178 5105 3266 5155 est
3322 5101 3394 5154 de
3449 5100 3612 5154 coelo.
3652 5102 3850 5158 Turba

2200 5194 2365 5260 putat
2422 5189 2640 5244 tonitru
2700 5189 3058 5243 insenuisse.
3103 5189 3182 5241 De
3243 5189 3413 5242 modo
3465 5189 3671 5243 mortis
3729 5207 3848 5246 suae

2199 5280 2461 5352 praedicit
2528 5279 2665 5349 illis,
2726 5285 2783 5334 et
2849 5281 3113 5334 hortatur
3172 5281 3241 5332 ad
3299 5279 3709 5335 credendum:
3764 5281 3851 5336 illi

2197 5385 2332 5423 vero
2366 5385 2478 5422 non
2511 5369 2778 5431 credunt,
2803 5391 2828 5415 ‹‹
2857 5374 2919 5421 ut
2951 5383 3163 5434 sermo,
3193 5389 3218 5413 ››
3250 5366 3460 5436 inquit,
3486 5389 3512 5415 ‹‹
3544 5369 3707 5423 Isaias
3739 5370 3850 5425 im-

2200 5457 2458 5529 pleretur
2480 5458 2518 5509 θ.
2549 5479 2574 5505 ››
2623 5462 2790 5510 Lavat
2849 5455 3172 5526 discipulos
3219 5455 3367 5526 (cap.
3417 5455 3543 5527 xm)
3592 5473 3604 5510 :
3659 5459 3854 5530 arguit

2196 5547 2457 5601 Judam:
2507 5545 2622 5610 ille,
2679 5549 2916 5616 accepta
2974 5542 3250 5607 buccella,
3302 5548 3474 5599 noctu
3529 5548 3849 5615 egreditur.

2523 5688 2717 5744 “ibid.
2751 5687 2834 5740 48.
2949 5686 3144 5742 7ibid.
3169 5685 3255 5742 58.
3379 5688 3595 5746 “Joan.
3629 5691 3848 5758 “11,1.
