4170 6362
313 373 428 432 403

1513 369 1577 426 S.
1624 365 2140 427 ATHANASIUS.
2179 398 2253 410 —
2293 366 2554 428 DUBIA.

3623 365 3745 424 4οι

315 503 535 560 Exinde
575 501 902 574 discipulos
950 501 1122 556 Jesus
1176 500 1514 572 alloquitur.
1552 497 1816 570 Praecipit
1858 497 1976 552 illis

2109 494 2355 571 Ἱρολέγει
2387 500 2465 568 τῷ
2497 498 2684 571 Πέτρῳ
2711 497 2810 566 τὴν
2846 497 3089 570 ἄρνησιν.
3124 494 3403 556 Φίλιππος
3436 493 3576 565 ἀξιοῖ
3611 491 3743 550 ἰδεῖν

317 593 714 649 dilectionem.
749 593 918 646 Petro
961 591 1216 645 futuram
1269 590 1638 661 negationem
1692 587 1974 660 praedicit.

2084 586 2175 639 τὸν
2211 584 2442 660 Πατέρα.
2479 585 2607 661 Περὶ
2637 590 2738 638 τοῦ
2792 583 3152 661 Παρακλήτου
3211 583 3397 646 αὐτοῖς
3453 583 3736 659 προλέγει⁸

320 683 626 754 Philippus
658 681 802 752 petit
851 681 1047 734 videre
1098 680 1325 733 Patrem
1359 680 1508 748 (cap.
1541 680 1680 745 xxv).
1716 675 1980 730 Praadicit

2109 672 2241 750 ὶτερα
2271 674 2457 730 πολλά
2489 671 2813 750 διαλέγεται,
2846 675 2935 728 καὶ
2965 679 3262 750 κατηγορεῖ
3289 674 3397 728 τῶν
3440 669 3736 728 Ἰουδαίων.

320 773 407 828 eis
460 773 531 826 de
584 770 879 825 Paracleto
914 789 926 824 :
963 771 1031 824 de
1087 769 1290 822 multis
1340 769 1493 822 143
1545 765 1674 821 aliis
1721 763 1982 835 loquitur

2109 760 2284 836 ὒλίψιν
2318 763 2578 839 προλέγει
2607 769 2724 826 τοῖς
2787 769 3075 836 μαθηταῖς,
3126 763 3239 818 εἶτα
3285 763 3449 817 πάλιν
3501 763 3738 838 χρηστα,

319 863 462 933 (cap.
487 861 604 930 xv),
629 865 686 913 et
716 863 954 914 accusat
982 858 1237 912 Judasos.
1262 855 1579 927 Discipuli:
1610 854 1870 926 prmdicit
1892 853 1980 907 fu-

319 958 516 1005 turam
540 948 981 1003 tribulationem
997 947 1292 1017 (cap.xv1),
1310 946 1519 1000 deinde
1538 943 1980 1014 iterumjucun-

326 1041 421 1104 da,
455 1044 512 1094 et
543 1055 748 1092 rursus
797 1037 1011 1091 tristia.
1039 1035 1266 1090 Patrem
1319 1032 1636 1103 alloquitur
1655 1035 1795 1102 (cap.
1821 1031 1979 1102 xvn).

327 1130 550 1186 Deinde
580 1128 736 1182 venit
766 1126 824 1180 in
860 1127 1093 1180 hortum
1133 1130 1189 1178 et
1237 1123 1466 1194 capitur
1499 1123 1640 1192 (cap.
1664 1121 1847 1192 xvm).
1883 1121 1985 1175 Pe-

321 1224 453 1273 trus
497 1219 764 1288 amputat
813 1213 1138 1269 auriculam
1193 1212 1363 1267 servi.
1401 1214 1631 1265 Ducunt
1677 1210 1880 1266 Jesum
1914 1210 1982 1265 ad

322 1312 576 1363 Annam.
609 1303 945 1374 Discipulus
997 1301 1215 1373 aliquis
1263 1305 1502 1356 Petrum
1555 1300 1876 1355 introducit
1927 1298 1987 1374 in

326 1395 547 1451 aulam.
584 1373 851 1447 Minister
893 1393 1095 1448 Jesum
1129 1390 1300 1445 caedit
1333 1407 1344 1443 :
1380 1389 1520 1444 dicit
1573 1389 1644 1443 ad
1694 1389 1851 1443 hunc
1886 1406 1899 1442 :
1932 1373 1990 1442 Si

327 1484 481 1540 male
505 1483 736 1538 locutus
761 1498 893 1536 sum
919 1481 1013 1546 1°,»
1035 1485 1142 1535 etc.
1171 1480 1412 1534 Mittunt
1433 1495 1566 1533 eum
1591 1479 1660 1532 ad
1685 1476 1986 1549 Caipbam,

330 1578 540 1628 Petrus
583 1575 776 1643 negat.
812 1571 1056 1624 Ducitur
1101 1569 1273 1624 Jesus
1323 1569 1393 1622 ad
1447 1566 1722 1622 Pilatum.
1755 1568 1992 1622 Cruciti-

333 1663 494 1734 gitur
544 1665 683 1731 (cap.
736 1661 874 1727 x1x).
908 1658 1167 1712 Titulum
1228 1657 1561 1728 imponunt.
1603 1656 1772 1710 Stant
1823 1656 1994 1728 juxta

330 1767 565 1806 crucem
599 1753 807 1816 mater,
837 1753 894 1802 et
925 1765 1091 1803 soror
1114 1747 1322 1801 matris
1351 1747 1478 1816 ejus
1501 1745 1681 1801 Maria
1703 1745 1990 1818 Cleophse.

2089 850 2179 906 καὶ
2215 850 2378 906 πάλιν
2410 849 2650 928 λυπηρά.
2684 854 2824 926 Πρὸς
2852 853 2942 906 τὸν
2981 858 3192 926 Πατέρα
3233 847 3557 926 διαλέγεται.
3608 850 3740 908 Εἶτα

2094 937 2312 1016 ἔρχεται
2345 940 2420 1001 εἷς
2468 942 2558 995 τὸν
2619 948 2820 1010 κῆπον,
2876 940 2964 995 καὶ
3025 934 3488 1012 συλλαμϐάνεται.
3544 938 3742 995 Κόπτει

2095 1029 2298 1103 Πέτρος
2329 1029 2390 1083 τὸ
2422 1028 2582 1083 ὠτίον
2613 1034 2710 1084 τοῦ
2734 1027 2956 1086 δούλου.
2989 1030 3216 1102 ’Δγουσι
3245 1028 3337 1082 τὸν
3371 1029 3578 1097 Ἰησοῦν
3611 1030 3744 1103 πρὸς

2094 1117 2186 1172 τὸν
2247 1118 2466 1172 Ἀνναν.
2528 1117 2748 1193 Είσάγει
2807 1120 2836 1173 6
2889 1118 3140 1191 μαθητὴς
3189 1117 3280 1171 τὸν
3312 1117 3514 1189 Πέτρον
3545 1117 3621 1179 εἰς
3651 1118 3749 1184 τήν

2099 1205 2294 1276 αὐλήν.
2334 1206 2656 1264 Τύπτειτὸν
2710 1208 2919 1278 Ἰησοῦν
2957 1207 2984 1261 6
3037 1206 3334 1281 ὑπηρέτης·
3390 1205 3533 1280 λέγει
3584 1205 3747 1278 αὐτῷ·

2099 1320 2130 1347 ‹‹
2163 1295 2224 1352 Εἰ
2256 1296 2434 1358 κακῶς
2467 1293 2733 1368 ἐλάλησα,
2771 1321 2792 1348 ι
2841 1296 2930 1351 καὶ
2980 1295 3048 1350 τὰ
3095 1295 3240 1368 ἑξῆς.
3293 1293 3750 1350 ’Δποστέλλουσιν

2101 1383 2260 1438 αὐτὸν
2319 1385 2456 1458 πρὸς
2517 1383 2786 1462 Καϊάφαν.
2850 1385 3110 1458 ’Λρνεῖται
3168 1384 3394 1459 Πέτρος.
3455 1385 3677 1460 Ἀγεται
3727 1384 3754 1437 6

2103 1474 2312 1542 Ἰησοῦς
2359 1474 2494 1548 πρὸς
2549 1473 2804 1529 Πιλᾶτον.
2865 1477 3222 1549 Σταυροῦται,
3277 1471 3367 1528 καὶ
3424 1473 3515 1527 τὸν
3564 1472 3750 1529 τίτλον

2103 1560 2448 1624 ἐπιτιθέασιν.
2485 1563 2835 1633 Εἱστήκεισαν
2869 1563 3015 1637 παρὰ
3059 1567 3140 1634 τῷ
3189 1559 3402 1638 σταυρῷ
3449 1563 3484 1630 ἡ
3541 1563 3750 1637 μήτηρ,

2103 1651 2192 1706 καὶ
2222 1653 2255 1720 ἡ
2288 1649 2498 1730 ἀδελφή
2528 1655 2629 1721 τῆς
2663 1652 2868 1726 μητρὸς
2901 1651 3064 1706 αὐτοῦ
3094 1650 3296 1723 Μαρία,
3347 1652 3382 1720 ἡ
3426 1654 3523 1704 τοῦ
3580 1650 3754 1706 Κλεο-

2103 1745 2198 1812 πᾶ,
2249 1740 2338 1795 καὶ
2387 1742 2567 1814 Μαρία
2611 1745 2646 1811 ἡ
2696 1738 3053 1816 Μαγδαληνή.
3106 1738 3242 1797 Τότε
3274 1739 3621 1815 παρατίθεται
3652 1741 3751 1807 τήν

331 1846 389 1895 et
448 1840 634 1894 Maria
693 1837 1054 1909 Magdalene.
1102 1837 1267 1890 Tunc
1317 1839 1566 1890 matrem
1621 1834 1997 1888 commendat

2109 1829 2318 1905 μητέρα
2345 1834 2424 1902 τῷ
2455 1831 2700 1904 Ἰωάννῃ.
2733 1829 2930 1885 Θάπτει
2958 1830 3020 1884 τὸ
3051 1826 3208 1902 σῶμα
3252 1829 3474 1906 Ἰωσήφ.
3523 1825 3753 1898 Νικόδη-

332 1927 562 1985 Joanni.
611 1929 837 1998 Corpus
896 1927 1024 1995 ejus
1083 1923 1290 1995 sepelit
1341 1923 1577 1994 Joseph.
1640 1921 1995 1979 Nicodemus

338 2018 505 2072 affert
538 2015 693 2071 aloes
727 2019 783 2070 et
815 2015 1062 2087 myrrhae
1106 2014 1286 2069 libras
1318 2017 1576 2067 centum.
1610 2011 1782 2066 Venit
1812 2011 1995 2067 Maria

339 2105 680 2178 Magdalene
711 2107 848 2175 (cap.
887 2104 1004 2174 xx),
1035 2102 1193 2156 videt
1222 2101 1559 2173 sepulcrum
1592 2116 1864 2155 vacuum.
1887 2099 1996 2155 Vo-

340 2200 434 2250 cat
467 2195 698 2249 Petrum
743 2197 800 2247 et
846 2194 1156 2247 Joannem.
1193 2191 1260 2245 Hi
1308 2191 1526 2246 abeunt
1553 2190 1771 2257 visum,
1803 2194 1858 2244 et
1890 2190 1994 2245 ito-

339 2300 469 2339 rum
505 2283 805 2337 secedunt.
833 2281 1015 2336 Maria
1063 2281 1219 2335 videt
1261 2279 1518 2350 angelos,
1551 2284 1607 2334 et
1655 2283 1855 2351 postea
1899 2279 1996 2334 Je-

339 2389 471 2427 sum
506 2371 725 2444 ipsum,
758 2371 854 2440 qui
890 2375 947 2425 et
986 2369 1035 2423 ei
1086 2368 1367 2440 loquitur.
1403 2369 1610 2424 Postea
1657 2369 1892 2424 advenit
1922 2369 1994 2424 ad

337 2459 684 2531 discipulos,
734 2476 868 2513 cum
925 2459 1076 2513 fores
1129 2462 1327 2513 essent
1375 2456 1611 2523 clausas,
1647 2463 1703 2512 et
1732 2457 1833 2512 dat
1877 2457 1997 2514 illis

340 2548 628 2621 Spiritum
676 2553 971 2603 sanctum.
1030 2547 1244 2602 Deinde
1293 2546 1554 2617 loquitur
1600 2545 1859 2612 Thomas,
1893 2547 1995 2618 qui

341 2655 456 2693 non
491 2637 836 2693 crediderat.
862 2637 1088 2691 Rursus
1121 2639 1363 2706 apparet
1395 2633 1701 2705 discipulis
1732 2636 1802 2689 ad
1839 2651 1996 2690 mare

337 2725 682 2792 Tiberiadis,
715 2725 814 2779 ubi
845 2729 903 2779 et
935 2724 1375 2779 multitudinem
1410 2723 1661 2796 piscium
1693 2728 1994 2796 ceperunt,

339 2821 397 2870 et
455 2815 710 2870 comedit
766 2831 900 2869 cum
944 2814 1028 2869 eis
1060 2814 1202 2886 (cap.
1234 2813 1374 2883 XXI).
1408 2812 1575 2867 Petro
1635 2813 1876 2867 mandat
1934 2817 1998 2868 ut

337 2921 472 2961 oves
502 2921 640 2959 suas
670 2887 894 2975 pascat,
916 2902 1298 2974 praedicitque
1331 2905 1576 2956 mortem
1601 2917 1718 2972 qua
1749 2901 1994 2957 moritu-

343 3011 444 3048 rus
478 2997 621 3061 erat,
650 3009 715 3048 ac
741 2993 908 3062 jubet
940 2997 1003 3046 ut
1033 3009 1092 3047 se
1123 2995 1424 3062 sequatur.

753 3082 914 3138 Liber
945 3083 1001 3150 V,
1033 3083 1161 3136 Acta
1190 3077 1588 3151 apostolorum.

408 3172 498 3225 51.
532 3170 648 3226 Hoc
681 3170 917 3225 nomine
949 3174 1188 3224 vocatur
1241 3167 1334 3222 hic
1379 3167 1543 3237 liber,
1576 3168 1730 3238 quod
1765 3173 1996 3240 aposto-

2107 1940 2206 1992 μος
2238 1917 2386 1995 φέρει
2415 1917 2587 1989 ἀλόης
2618 1919 2708 1974 καὶ
2730 1918 2975 1994 σμύρνης
2999 1916 3171 1993 λύτρα
3203 1919 3314 1991 (32)
3345 1915 3554 1974 ἑκατόν.
3588 1915 3756 1972 Ἦλθε

2103 2007 2282 2082 Μαρία
2311 2009 2345 2076 ἡ
2379 2004 2742 2082 Μαγδαληνή,
2776 2005 2966 2082 βλέπει
3017 2007 3108 2061 τὸν
3159 2007 3327 2084 τάφον
3375 2003 3549 2060 κενόν’
3601 2004 3760 2060 καλεῖ

2102 2097 2192 2150 τὸν
2228 2097 2431 2171 Πέτρον
2463 2095 2552 2149 καὶ
2582 2097 2672 2150 τὸν
2707 2097 2980 2164 Ἰωάννην.
3013 2095 3077 2148 Οἱ
3128 2092 3185 2149 δὲ
3215 2093 3488 2166 ἀπῆλθον,
3518 2094 3608 2149 καὶ
3657 2093 3760 2148 πά-

2105 2183 2190 2240 λιν
2219 2185 2596 2259 ἀνεχώρησαν.
2629 2183 2827 2241 Βλέπει
2857 2183 2985 2244 τοὺς
3018 2181 3282 2260 ἀγγέλους
3313 2186 3347 2252 ἠ
3409 2183 3608 2258 Μαρία,
3643 2184 3759 2238 εἶτα

2101 2275 2191 2328 τὸν
2244 2275 2476 2343 Ἰησοῦν,
2523 2273 2613 2328 καὶ
2673 2271 2981 2348 διαλέγεται
3027 2271 3183 2346 αὐτῇ.
3227 2274 3358 2328 Εἶτα
3389 2271 3583 2341 ἐπέστη
3641 2277 3759 2334 τοῖς

2107 2364 2374 2435 μαθηταῖς
2407 2361 2805 2435 κεκλεισμένων
2835 2360 2944 2417 τῶν
3002 2360 3197 2437 θυρῶν,
3255 2361 3345 2416 καὶ
3407 2358 3604 2416 ἔδωκεν
3641 2361 3756 2415 -αύ-

2100 2457 2218 2514 τοῖς
2253 2456 2474 2525 Πνεῦμα
2503 2453 2675 2526 ἅγιον.
2711 2453 2845 2508 Εἶτα
2872 2455 2951 2522 τῷ
2981 2456 3153 2523 Θωμᾷ
3192 2449 3500 2526 διαλέγεται
3533 2451 3759 2520 ἀπιστή-

2105 2561 2275 2596 σαντι.
2314 2543 2443 2598 Εἶτα
2473 2539 2640 2596 πάλιν
2683 2539 2839 2618 ὤφθη
2902 2545 3018 2602 τοῖς
3055 2541 3321 2612 μαθηταῖς
3373 2539 3461 2594 ἐπὶ
3508 2545 3608 2608 τῆς
3669 2550 3758 2603 θα-

2104 2628 2312 2698 λάσσης
2342 2637 2441 2698 τῆς
2470 2624 2802 2704 Υιϐεριάδος·
2838 2629 2888 2683 οἱ
2921 2625 2979 2683 δὲ
3009 2627 3267 2697 ήλίευσαν
3301 2626 3518 2696 πλῆθος
3549 2626 3753 2702 ἰχθύων

2104 2717 2192 2773 καὶ
2221 2715 2385 2796 ἔφαγε
2423 2719 2537 2790 μετ’
2568 2717 2766 2774 αὐτῶν.
2801 2720 2931 2774 Εἶτα
2964 2715 3253 2773 ἐπιτάττει.
3286 2721 3365 2788 τῷ
3397 2715 3586 2791 Πέτρῳ
3630 2738 3753 2770 ποι-

2109 2807 2317 2880 μαίνειν
2351 2807 2418 2861 τὰ
2447 2804 2711 2882 πρόϐατα,
2745 2806 2832 2861 καὶ
2865 2803 3126 2880 προλέγει
3179 2805 3343 2877 αύνῷ,
3396 2805 3540 2878 ποίῳ
3595 2803 3755 2859 θανά-

2102 2917 2183 2970 τῳ
2213 2896 2584 2966 ἀποθανεῖται,
2615 2896 2705 2949 καὶ
2736 2894 2943 2950 κελεύει
2978 2893 3347 2962 ἀκολουθῆσαι
3374 2892 3540 2965 αύτῳ.

2393 3067 2612 3126 Βιϐλίον
2649 3072 2708 3139 ε’,
2740 3070 2964 3145 Πράξεις
2992 3074 3100 3126 τῶν
3133 3069 3475 3128 ἀποστολων.

2176 3165 2264 3219 51.
2300 3161 2456 3219 Οὕτω
2487 3158 2730 3215 καλεῖται
2763 3160 2824 3214 τὸ
2861 3155 3098 3235 βιϐλίον,
3132 3158 3318 3230 ἐπειδή
3348 3160 3437 3215 καὶ
3480 3161 3574 3221 τὰς
3621 3161 3760 3236 πρά-

339 3259 531 3314 lorum
563 3259 740 3314 simul
783 3264 914 3314 acta
957 3257 1272 3313 contineat.
1305 3257 1413 3320 Qui
1443 3273 1577 3311 vero
1608 3255 1710 3311 illa
1740 3262 1996 3323 enarrat,

2110 3251 2215 3322 ξεις
2259 3251 2399 3322 ὁμοῦ
2447 3251 2554 3304 τῶν
2608 3248 2927 3305 ἀποστόλων
2977 3248 3244 3326 περιέχει.
3311 3251 3372 3307 Ὁ
3423 3247 3481 3305 δὲ
3537 3247 3761 3326 διηγού-

345 3350 530 3404 Lucas
561 3354 650 3403 est
678 3347 1057 3420 evangelista,
1083 3346 1184 3418 qui
1215 3351 1272 3400 et
1300 3346 1517 3400 librum
1550 3345 1711 3401 hunc
1743 3347 1998 3402 conscri-

343 3439 478 3510 psit.
513 3441 613 3494 Est
645 3438 800 3494 enim
843 3456 959 3493 una
988 3454 1120 3492 cum
1170 3436 1450 3508 apostolis
1483 3438 1913 3509 peregrinatus,
1947 3441 2004 3494 et

344 3529 597 3583 maxime
629 3544 762 3584 cum
807 3527 1008 3593 Paulo,
1044 3531 1101 3582 et
1130 3543 1256 3598 quae
1289 3530 1488 3582 exacte
1519 3527 1811 3598 cognovit,
1843 3526 1999 3582 litte-

348 3617 428 3672 ris
471 3617 789 3673 mandavit.
822 3617 1032 3672 Narrat
1075 3623 1270 3672 autem
1315 3615 1426 3670 hoc
1477 3615 1647 3684 libro,
1683 3616 2000 3688 quomodo,

344 3706 570 3778 angelis
603 3705 1086 3778 suscipientibus,
1112 3704 1395 3761 Dominus
1422 3709 1764 3775 assumptus
1789 3706 1900 3760 sit:
1927 3704 2004 3759 ef-

346 3796 631 3851 fusionem
665 3797 919 3868 Spiritus
967 3795 1150 3850 sancti
1183 3795 1242 3848 in
1276 3795 1371 3849 die
1400 3794 1774 3849 Pentecostes
1827 3811 2005 3864 super

346 3884 642 3956 apostolos
674 3890 730 3941 et
772 3884 1120 3956 omnes,qui
1172 3887 1299 3938 tum
1351 3888 1668 3954 praesentes
1700 3888 1884 3950 erant,
1919 3884 2003 3939 fa—

346 3978 497 4030 ctam
525 3992 537 4030 :
567 3973 996 4029 ordinationem
1020 3972 1281 4028 Matthiee
1305 3972 1361 4027 in
1390 3971 1585 4027 locum
1611 3971 1776 4026 Judaa
1808 3972 2003 4043 prodi-

347 4064 508 4134 toris,
561 4069 618 4120 et
674 4063 1142 4134 designationem
1202 4067 1426 4132 septem
1486 4061 1888 4132 diaconorum,
1940 4079 2004 4117 ac

347 4151 509 4208 Pauli
539 4153 904 4218 electionem,
930 4157 987 4206 et
1019 4167 1381 4224 quaecunque
1425 4150 1521 4208 ille
1569 4167 1781 4224 passus
1812 4155 1916 4218 est,
1950 4155 2007 4208 et

351 4243 645 4314 quomodo
676 4242 910 4296 tandem
949 4240 1193 4295 Romam
1228 4240 1523 4312 profectus
1553 4241 1650 4296 sit.
1684 4239 2005 4296 Duodecim

346 4335 539 4384 autem
589 4329 988 4402 apostolorum
1050 4331 1291 4385 nomine
1351 4333 1491 4384 sunt
1547 4329 1660 4384 ista
1711 4345 1723 4384 :
1778 4329 2005 4400 primus

349 4419 572 4487 Simon,
603 4420 701 4490 qui
733 4423 975 4475 vocatur
1021 4418 1226 4474 Petrus
1261 4435 1273 4473 :
1309 4417 1519 4473 deinde
1562 4418 1818 4473 Jacobus
1849 4417 2008 4472 ﬁlius

349 4508 628 4578 Zebedaet,
653 4513 707 4563 et
731 4507 984 4562 Joannes
1021 4509 1200 4562 frater
1232 4507 1382 4576 ejus,
1407 4506 1665 4560 Andreas
1698 4507 1875 4560 frater
1906 4507 2004 4560 Pe-

2113 3360 2272 3414 μενος
2329 3338 2525 3400 ταύτας
2585 3338 2695 3394 ἐστὶ
2753 3344 2966 3402 Λουκᾶς
3020 3340 3048 3394 6
3110 3337 3522 3416 εύαγγελιστὴς,
3584 3339 3612 3392 6
3670 3338 3760 3393 καὶ

2107 3435 2270 3484 τοῦτο
2298 3431 2359 3484 τὸ
2395 3425 2610 3506 βιϐλίον
2643 3428 2992 3508 συγγράφῶν.
3046 3425 3427 3501 Συναπεδήμει
3485 3429 3585 3505 γὰρ
3641 3434 3759 3490 τοῖς

2109 3539 2167 3574 τε
2198 3517 2392 3581 ἄλλοις
2426 3516 2777 3590 ἀποστόλοις,
2824 3517 2914 3573 καὶ
2964 3516 3202 3591 μάλιστα
3264 3521 3336 3588 τῷ
3385 3517 3610 3591 Παύλῳ,
3669 3516 3760 3572 καὶ

2112 3606 2270 3670 εἷδως
2303 3603 2560 3683 ἀκριϐῶς,
2593 3605 2807 3685 γράφει.
2860 3611 3136 3681 Διηγεῖται
3202 3603 3260 3661 δὶ
3308 3603 3360 3660 έν
3415 3605 3560 3678 αύτῷ
3617 3611 3756 3671 πῶς,

2111 3695 2359 3771 ἀγγέλων
2400 3690 2811 3768 ὑπολαϐόντων,
2870 3693 3152 3772 ἀνελήφθη
3211 3695 3238 3748 6
3288 3693 3511 3771 Κύριος,
3539 3695 3630 3749 καὶ
3659 3695 3759 3762 τὴν

2111 3789 2209 3839 τοῦ
2263 3785 2415 3860 ἁγίου
2466 3783 2779 3858 Πνεύματος
2838 3780 3058 3859 ἔκχυσιν
3109 3781 3404 3858 γενομένην
3456 3781 3507 3838 έν
3535 3782 3604 3858 τῇ
3631 3788 3766 3837 Πεν-

2110 3878 2352 3948 τηκοστῇ
2408 3872 2496 3928 ἐπί
2547 3895 2604 3928 τε
2646 3872 2777 3936 τοὺς
2827 3872 3170 3936 ἀποστόλους
3230 3873 3319 3927 καὶ
3379 3871 3582 3935 πάντας
3640 3871 3769 3933 τοὺς

2113 3962 2236 4018 τότε
2260 3962 2682 4039 παρόνταςοτήν
2713 3984 2772 4018 τε
2817 3962 3134 4016 κατάστασιν
3194 3965 3290 4017 τοῦ
3348 3961 3588 4017 Ματθίου
3646 3961 3764 4016 ἀντὶ

2114 4049 2290 4107 Ἰούδα
2319 4057 2415 4106 τοῦ
2446 4049 2743 4127 προδότου,
2777 4050 2864 4106 καὶ
2895 4053 2992 4120 τήν
3025 4051 3386 4127 προχείρτ,σιν
3440 4055 3547 4106 τῶν
3584 4053 3623 4121 ζ’
3656 4049 3766 4106 δια-

2113 4141 2309 4210 κόνων,
2339 4142 2431 4196 καὶ
2457 4143 2553 4211 τὴν
2589 4140 2825 4217 ἐκλογὴν
2852 4139 2948 4196 τοῦ
2999 4137 3240 4210 Παύλου,
3287 4140 3378 4196 καὶ
3434 4139 3533 4196 ὅσα
3581 4139 3762 4211 ἔπαθε,

2114 4231 2203 4286 καὶ
2260 4231 2421 4294 τέλος
2478 4233 2577 4300 τὴν
2637 4231 2711 4294 εἷς
2769 4229 2981 4303 Ῥώμην
3043 4227 3355 4302 ἀποδημίαν
3416 4230 3606 4286 αὐτοῦ.
3649 4235 3765 4285 Τῶν

2120 4321 2211 4394 μὲν
2247 4321 2337 4375 οὗν
2371 4317 2581 4374 δώδεκα
2612 4318 2932 4376 ἀποστόλων
2989 4319 3056 4374 τὰ
3118 4317 3361 4392 ὄνοματα
3417 4318 3528 4373 ἐστι
3575 4323 3761 4373 ταῦτα·

2114 4414 2330 4483 πρῶτος
2364 4409 2550 4482 Σίμων
2583 4409 2610 4463 6
2644 4408 2942 4484 λεγόμενος
2972 4410 3200 4486 Πέτρος,
3243 4409 3357 4463 εἶτα
3417 4403 3675 4470 Ἰάκωϐος
3737 4409 3764 4462 ὁ

2114 4503 2211 4552 τοῦ
2244 4493 2550 4568 Ζεϐεδαίου,
2585 4497 2672 4552 καὶ
2732 4497 2984 4567 Ἰωάννης
3044 4499 3071 4552 6
3131 4494 3367 4574 ἀδελφὸς
3432 4495 3617 4565 αὐτοῦ,
3675 4495 3767 4550 καὶ

347 4596 443 4666 tri,
485 4596 820 4668 Philippus,
844 4597 1124 4663 Thomas,
1157 4594 1643 4662 Bartholomaaus,
1676 4594 1997 4664 Matthseus1

2119 4585 2366 4663 Ἀνδρέας
2399 4588 2426 4641 6
2457 4584 2694 4674 ἀδελφὸς
2744 4588 2972 4664 Πέτρου,
3005 4588 3095 4642 καὶ
3153 4584 3457 4658 Φίλιππος,
3511 4585 3601 4640 καὶ
3651 4592 3769 4641 Θω-

350 4684 609 4740 Jacobus
641 4683 801 4738 filius
832 4684 1068 4755 Alphzei,
1095 4683 1294 4738 Simon
1319 4683 1554 4750 zelotes,
1575 4683 1759 4738 Judas
1783 4683 2006 4750 Jacobi,

351 4772 453 4845 qui
485 4777 541 4828 et
571 4772 900 4828 Thaddasus
946 4771 1179 4838 dicitur,
1212 4776 1268 4826 et
1315 4771 1501 4827 Judas
1552 4771 1874 4839 Iscariotes,
1909 4771 2010 4844 qui

351 4862 609 4935 prodidit
644 4861 975 4917 Dominum.
1009 4861 1115 4915 Sed
1169 4865 1481 4933 postquam
1529 4861 1842 4918 Dominum
1876 4879 2008 4934 pro-

352 4952 598 5008 didisset
628 4967 694 5004 ac
727 4950 1016 5022 periisset,
1054 4951 1110 5004 in
1145 4952 1274 5022 ejus
1305 4950 1496 5006 locum
1530 4950 1890 5007 constitutus
1919 4956 2009 5008 est

349 5044 420 5099 ab
454 5040 733 5114 apostolis
767 5040 1064 5108 Matthiae,
1089 5045 1143 5095 et
1164 5043 1626 5096 connumeratus
1657 5057 1792 5096 cum
1823 5041 2008 5098 unde-

349 5131 462 5186 cim
515 5131 776 5203 reliquis,
813 5129 1219 5186 duodecimus.
1269 5130 1475 5185 Postea
1521 5134 1762 5186 vocatus
1812 5135 1902 5185 est
1953 5134 2011 5186 et

349 5219 589 5288 Paulus,
621 5237 720 5276 vas
755 5219 1075 5287 electionis,
1106 5219 1440 5289 missusque
1473 5225 1529 5274 et
1558 5219 1682 5291 ipse
1716 5235 1849 5274 cum
1878 5220 2011 5274 Bar-

349 5310 503 5363 naba
525 5311 594 5363 ad
623 5310 1061 5381 praedicandum
1081 5307 1456 5380 Evangelium
1473 5309 1705 5363 Domini
1731 5308 2010 5380 gentibus

349 5396 586 5466 ubique.
625 5403 852 5469 Septem
917 5405 1110 5453 autem
1164 5398 1542 5452 diaconorum
1604 5399 1676 5452 ab
1726 5397 2009 5468 apostolis

351 5485 804 5542 constitutorum
839 5488 960 5542 hac
994 5491 1135 5542 sunt
1168 5486 1405 5540 nomina
1442 5502 1453 5540 :
1488 5486 1840 5557 Stephanus,
1875 5483 2007 5539 Phi-

427 5627 471 5660 ¹⁰
499 5629 668 5681 Jean.
703 5644 862 5694 xvm,
893 5632 982 5684 23.

425 5697 538 5767 (32)
573 5695 786 5767 Λίτρας.

2123 4683 2249 4748 μᾶς,
2311 4673 2747 4751 Βαρθολομαῖος,
2814 4682 3109 4748 Ματθαῖος,
3166 4671 3422 4738 Ἰάκωϐος
3478 4673 3770 4754 Ἀλφαίου,

2121 4764 2308 4837 Σίμων
2344 4764 2371 4818 6
2407 4761 2682 4836 ζηλωτὴς,
2719 4762 2922 4826 Ἰούδας
2957 4759 3241 4833 Ἰακώϐου,
3275 4765 3304 4819 6
3333 4763 3423 4818 καὶ
3482 4759 3769 4830 Θαδδαῖος,

2116 4853 2206 4909 καὶ
2239 4851 2442 4917 Ἰούδας
2477 4854 2825 4926 Ἰσκαριώτης
2858 4854 2886 4908 ὁ
2929 4852 3018 4908 καὶ
3071 4850 3344 4929 παραδοὺς
3400 4853 3492 4908 τὸν
3551 4852 3768 4927 Κύριον.

2119 4941 2290 5000 Ἀλλά
2332 4947 2428 4998 τοῦ
2485 4939 2664 4998 Ἰούδα
2719 4941 2939 5010 τούτου,
2997 4940 3270 5019 προδότου
3311 4941 3624 5017 γενομένου,
3681 4940 3770 4995 καὶ

2117 5033 2492 5106 ἀπολομένου,
2551 5033 2846 5102 κατεστάθη
2909 5033 2986 5095 είς
3038 5032 3130 5087 τὸν
3194 5030 3394 5086 ἐκείνου
3437 5029 3602 5085 τόπον
3666 5029 3770 5083 ὑπὸ

2118 5127 2225 5177 τῶν
2277 5121 2598 5178 ἀποστόλων
2662 5121 2924 5192 Ματθίας,
2985 5120 3073 5176 καὶ
3132 5120 3619 5195 συγκατηριθμήθη
3653 5121 3769 5180 τοῖς

2119 5209 2305 5268 ἕνδεκα
2337 5210 2660 5272 δωδέκατος.
2694 5211 2839 5266 Μετὰ
2871 5208 2928 5266 δὲ
2957 5214 3122 5266 ταῦτα
3153 5208 3360 5280 ἐκλήθη
3396 5209 3485 5263 καὶ
3535 5209 3563 5263 6
3621 5212 3770 5263 Παῦ-

2121 5301 2239 5373 λος,
2290 5305 2477 5362 σκεῦος
2526 5299 2780 5376 ἐκλογῆς,
2823 5299 2912 5354 καὶ
2965 5297 3242 5367 ἀπεστάλη
3292 5296 3382 5351 καὶ
3415 5296 3573 5360 αὐτὸς
3637 5297 3772 5370 μετά

2121 5385 2374 5464 Βαρνάϐα
2416 5387 2827 5466 εὒαγγελίσαθαι
2875 5389 2965 5444 τὸν
3018 5386 3212 5463 Κύριον
3257 5392 3374 5448 τοῖς
3408 5385 3575 5442 ἔθνεσι
3635 5408 3770 5442 παν-

2119 5483 2315 5554 ταχοῦ.
2376 5481 2494 5534 Ἒτι
2554 5476 2610 5534 δὶ
2667 5479 2756 5533 καὶ
2815 5481 2922 5532 τῶν
2981 5475 3408 5533 κατασταθέντων
3469 5475 3615 5553 παρὰ
3659 5479 3768 5530 τῶν
