4170 6380
309 417 424 475 407

1525 420 1589 478 S.
1637 414 2159 477 ATHANASIUS.
2195 448 2270 460 —
2302 417 2565 478 DUBIA.

3621 421 3740 483 408

315 554 463 620 tum,
497 551 599 605 sed
632 554 687 604 et
717 551 844 621 ipso
877 569 1049 624 opere
1081 552 1442 607 ostendenda
1475 551 1553 606 sit
1583 551 1728 605 fides
1753 567 1766 606 :
1789 549 1966 620 quod-

2097 545 2232 620 ίιόγῳ
2267 547 2600 620 μόνῳ,ἀλλά
2628 551 2716 605 καὶ
2748 547 2888 628 ἔργῳ
2909 549 3176 607 δεικνύναι
3199 549 3280 607 δεῖ
3299 553 3397 621 τήν
3429 551 3736 608 πίστιν·καὶ

318 656 431 711 que
463 657 578 694 non
612 641 910 696 auditores
951 641 1118 712 legis,
1143 642 1244 696 sed
1279 642 1525 695 factores
1547 638 1968 710 justiﬁccntur.

317 727 582 798 Praecipit
614 729 791 782 etiam
829 730 897 783 de
931 729 1235 795 divitibus,
1269 747 1340 784 ne
1373 728 1454 782 illi
1505 727 1864 800 pauperibus
1914 727 1973 780 in

317 818 592 873 Ecclesiis
627 820 1028 890 praeferantur,
1064 821 1162 874 sed
1200 821 1389 891 magis
1420 819 1815 889 increpentur,
1846 821 1975 871 tan-

319 924 494 979 quam
531 908 790 979 superbi.
806 909 1064 963 Tandem
1101 910 1317 980 injuria
1347 908 1584 963 affectos
1615 905 1974 975 consolatus,

319 1003 377 1052 et
408 997 479 1052 ad
515 997 883 1052 tolerantiam
920 1016 1101 1069 usque
1135 1000 1205 1054 ad
1229 999 1450 1069 judicis
1483 999 1795 1052 adventum
1854 1011 1975 1050 ser-

321 1087 575 1141 vandam
625 1087 990 1156 adhortatus,
1026 1088 1122 1142 ubi
1155 1089 1228 1143 de
1284 1087 1563 1159 patientia
1612 1103 1681 1142 ex
1726 1085 1820 1155 iis,
1853 1101 1981 1154 quae

319 1175 429 1230 Job
480 1175 841 1242 acciderunt,
888 1178 1186 1245 admonet,
1220 1177 1482 1250 praecipit
1539 1182 1601 1231 ut
1659 1169 1979 1248 presbyteri

319 1276 602 1319 vocentur
624 1267 691 1320 ad
715 1272 961 1338 aegrotos
985 1267 1436 1339 ;studeaturque
1457 1265 1750 1338 quomodo
1780 1279 1981 1320 erran-

323 1359 412 1408 tes
445 1355 515 1408 ad
546 1355 848 1410 veritatem
883 1361 1313 1422 convertantur,
1329 1371 1395 1410 eo
1427 1355 1581 1426 quod
1617 1370 1839 1409 merces
1870 1352 1979 1407 hu-

317 1441 420 1512 jus
451 1443 643 1513 operis
676 1445 827 1514 apud
850 1443 1157 1498 Dominum
1188 1443 1455 1499 remissio
1480 1445 1554 1498 sit
1576 1446 1978 1514 peccatorum:

328 1535 502 1602 atque
533 1532 616 1588 ita
650 1533 928 1588 terminat
961 1533 1306 1605 Epistolam.

924 1785 1179 1846 Secunda,
1214 1785 1370 1835 Petri.

2083 633 2190 710 οὗχ
2221 636 2272 688 οἱ
2302 635 2560 712 ἀκροαταί
2587 644 2684 693 τοῦ
2715 638 2908 712 νόμου,
2939 638 3086 694 ἀλλά
3123 641 3174 695 οἱ
3203 641 3425 710 ποιηταὶ
3466 638 3736 696 δικαιοῦν-

2080 744 2189 779 tat.
2225 725 2354 799 Περί
2384 747 2441 780 τε
2471 725 2748 782 πλουσίων
2800 727 3200 804 παραγγέλλει,
3223 727 3316 783 ’ἱνα
3375 731 3450 802 μὴ
3510 732 3736 806 προκρί-

2083 832 2278 866 νωνται
2309 817 2415 867 τῶν
2449 820 2688 891 πτωχῶν
2723 817 2775 869 οἳ
2805 815 3063 872 πλούσιοι
3117 816 3168 871 ἐν
3220 823 3337 879 ταῖς
3370 817 3736 891 Ἐκκλησίαις,

2084 897 2230 955 ἀλλά
2262 901 2476 974 μᾶλλον
2506 904 2594 958 καὶ
2629 904 3091 978 έπιπλήττωνται,
3125 905 3200 968 ὡς
3243 907 3596 984 ὑπερήφανοι.
3639 907 3737 962 Καὶ

2083 989 2242 1052 τέλος
2271 993 2800 1067 παραμυθησάμενος
2851 994 2977 1057 τοὺς
3031 993 3439 1068 ἀδικουμένους,
3473 997 3561 1050 καὶ
3604 1019 3737 1072 προ-

2084 1082 2417 1155 τρεψάμενος
2465 1083 2664 1146 αὐτοὺς
2727 1086 3092 1158 μακροθυμεῖν
3171 1081 3274 1146 ἕως
3359 1092 3458 1154 τῆς
3543 1107 3744 1162 παρου-

2087 1168 2205 1232 σίας
2235 1175 2332 1224 τοῦ
2361 1177 2572 1244 κριτοῦ,
2602 1173 2691 1228 καὶ
2724 1170 2939 1244 διδάξας
2998 1173 3122 1250 περὶ
3180 1174 3458 1246 ὑπομονῆς
3518 1173 3578 1229 ἐκ
3634 1179 3742 1229 τῶν

2087 1267 2186 1318 τοῦ
2236 1259 2360 1320 Ἰὼϐ
2396 1270 2674 1341 χρηστῶν,
2706 1264 3084 1341 παραγγέλλει
3140 1267 3564 1340 προσκαλεῖσθαι
3622 1266 3749 1328 τοὺς

2089 1348 2486 1428 πρεσϐυτέρους
2547 1353 2634 1410 ἐπὶ
2691 1355 2818 1418 τοὺς
2880 1357 3252 1424 ἀσθενοῦντας,
3281 1356 3372 1411 καὶ
3430 1353 3750 1425 σπουδάζειν

2091 1439 2428 1520 ἐπιστρέφειν
2472 1442 2602 1504 τοὺς
2646 1444 3022 1513 πλανηθέντας
3074 1443 3161 1498 ἐπὶ
3211 1444 3309 1513 τήν
3352 1441 3633 1514 ἀλήθειαν·
3670 1442 3748 1498 εἷ-

2090 1551 2175 1584 ναι
2232 1532 2333 1607 γὰρ
2385 1531 2582 1587 τούτου
2645 1533 2835 1606 μισθὸν
2903 1532 3050 1608 παρά
3123 1536 3224 1587 τοῦ
3303 1532 3498 1606 Κυρίου
3566 1531 3749 1612 ἄφεσιν

2094 1621 2395 1696 ἁμαρτιῶν.
2427 1621 2532 1678 Καὶ
2563 1621 2973 1698 οὕτωςτελειοῖ
2999 1623 3098 1691 τὴν
3132 1621 3490 1694 Ἐπιστολήν.

2656 1783 2908 1859 Δευτέρα,
2949 1785 3176 1859 Πέτρου.

400 1921 490 1975 53.
525 1920 594 1974 Et
624 1919 744 1974 haec
776 1936 1004 1990 quoque
1035 1919 1106 1974 ab
1139 1935 1205 1974 eo
1236 1919 1614 1975 denominata
1661 1924 1769 1990 est,
1803 1936 1836 1975 a
1865 1936 1981 1991 quo

2160 1918 2248 1974 53.
2285 1915 2384 1972 Kal
2417 1917 2552 1988 αὕτη
2583 1923 2680 1974 τοῦ
2711 1913 3049 1997 γεγραφότος
3095 1917 3403 1995 ἐπιφέρεται
3449 1919 3549 1986 τὴν
3602 1915 3713 1987 κλῆ
3731 1949 3753 1960 -

332 2015 421 2064 est
452 2009 691 2080 scripta.
713 2009 917 2064 Petrus
939 2009 1063 2078 ipse
1095 2009 1250 2062 enim
1284 2009 1528 2064 docendi
1559 2009 1747 2080 gratia
1769 2009 1990 2078 Episto-

337 2100 454 2154 lam
491 2099 640 2153 hanc
670 2099 887 2153 Judaeis
932 2101 1003 2154 ad
1036 2098 1549 2153 Christianismum
1583 2099 1898 2166 conversis,
1931 2100 1990 2155 in

341 2186 702 2258 dispersione
733 2188 1093 2251 constitutis,
1126 2187 1386 2257 scripsit.
1423 2187 1530 2242 Eos
1569 2188 1725 2242 enim
1775 2187 1873 2258 qui
1925 2204 1994 2243 ex

337 2275 558 2330 Judaais
612 2275 782 2329 multi
832 2277 1220 2341 crediderant,
1251 2277 1580 2331 conﬁrmat.
1613 2278 1681 2331 Et
1734 2277 1990 2349 primum

338 2365 576 2436 quidem
609 2365 846 2436 exponit
867 2381 933 2419 ac
955 2363 1230 2430 declarat,
1249 2366 1400 2436 quod
1434 2367 1580 2420 ﬁdes
1611 2365 1670 2420 in
1692 2367 1990 2421 Christum

336 2471 368 2508 a
401 2455 702 2524 prophetis
736 2459 1142 2526 praenuntiata,
1177 2460 1233 2509 et
1265 2473 1368 2527 per
1397 2457 1631 2510 eosdem
1665 2456 1994 2528 signiﬁcata

336 2543 414 2596 sit
472 2542 820 2614 redemptio,
855 2560 978 2611 quae
1033 2549 1122 2599 est
1172 2561 1274 2614 per
1329 2544 1676 2615 sanguinem
1729 2546 1879 2615 ejus,
1938 2550 1993 2600 et

339 2631 494 2701 quod
530 2631 675 2699 ipsis
706 2648 772 2686 ac
803 2633 1080 2703 gentibus
1111 2632 1308 2687 omnia
1339 2635 1457 2688 sint
1487 2651 1588 2705 per
1619 2635 1990 2706 Evangelium

339 2719 704 2784 annuntiata,
749 2721 804 2775 in
842 2738 967 2792 quae
999 2722 1187 2792 angeli
1223 2739 1457 2793 quoque
1487 2724 1815 2794 prospicere
1841 2724 1993 2778 desi-

341 2809 568 2864 derant.
608 2809 820 2865 Deinde
851 2817 1162 2882 postquam
1197 2813 1384 2866 suasit
1435 2819 1499 2866 ut
1545 2813 1718 2883 digne
1750 2829 1994 2868 conver-

343 2903 548 2953 sentur
594 2915 682 2965 eo,
715 2900 814 2969 qui
873 2900 1032 2969 ipsos
1069 2901 1313 2969 vocavit,
1345 2901 1621 2955 admonet
1676 2906 1742 2956 ut
1797 2917 1991 2973 regem

341 2986 652 3054 honorent,
702 2992 759 3042 et
815 2987 1164 3043 mulieribus
1216 2989 1395 3043 simul
1441 3006 1508 3044 ac
1558 2989 1702 3044 viris
1759 3007 1994 3047 concor-

335 3075 492 3128 diam
543 3075 820 3146 prsecipit.
858 3077 925 3130 Et
982 3077 1080 3130 ubi
1115 3077 1185 3131 ad
1220 3093 1411 3132 mores
1468 3078 1744 3134 honestos
1791 3079 1994 3151 paucis

339 3165 686 3219 adhortatus
717 3171 827 3231 est,
862 3165 1156 3236 signiﬁcat
1186 3165 1326 3231 illis,
1359 3168 1514 3237 quod
1556 3172 1613 3222 et
1658 3168 1859 3224 inferis
1905 3170 1992 3224 fa-

2103 2024 2206 2060 σινο
2256 2005 2416 2069 αὐτὸς
2469 2008 2581 2083 γὰρ
2641 2007 2845 2083 Πέτρος
2902 2013 3020 2069 τοῖς
3059 2007 3112 2062 έν
3169 2011 3238 2080 τῇ
3297 2004 3566 2082 διασπορᾷ
3606 2006 3754 2061 οὖσιν

2103 2092 2409 2165 Ἰουδαίοις,
2467 2096 2555 2150 καὶ
2613 2098 2925 2172 γενομένοις
2976 2098 3346 2171 Χριστιανοῖς,
3404 2095 3598 2172 γράφει
3655 2097 3754 2164 τὴν

2103 2182 2398 2252 ἐπιστολὴν
2445 2181 2856 2256 διδασκαλικήν.
2894 2184 3112 2254 Ἐπειδὴ
3161 2185 3262 2260 γὰρ
3323 2185 3427 2239 ἀπὸ
3475 2181 3754 2240 Ἰουδαίων

2101 2270 2435 2343 ἐπίστευσαν,
2493 2273 2827 2348 έπιστηρίζει
2903 2274 3118 2336 αὐτούς.
3178 2273 3276 2328 Καὶ
3356 2277 3574 2349 πρῶτον
3659 2275 3756 2345 μὲν

2101 2361 2370 2435 ἐξηγεῖται
2401 2362 2490 2417 καὶ
2531 2361 2932 2432 ἀποδείκνυσιν,
2967 2363 3050 2419 ὅτι
3099 2366 3134 2433 ἡ
3183 2363 3260 2425 εἰς
3299 2364 3532 2440 Χριστὸν
3576 2362 3756 2425 πίστις

2101 2450 2206 2504 ἀπὸ
2234 2455 2340 2505 τῶν
2393 2457 2690 2530 προφητῶν
2737 2451 3076 2528 κατηγγέλη,
3109 2452 3198 2507 καὶ
3259 2449 3329 2506 δι’
3386 2451 3563 2506 αὐτῶν
3623 2451 3757 2524 έμη-

2101 2539 2233 2610 νύθη
2269 2543 2303 2609 ἡ
2337 2537 2425 2594 διὰ
2452 2542 2546 2596 τοὸ
2577 2540 2805 2614 ατίματος
2833 2541 2998 2597 αὐτοῦ
3046 2540 3340 2617 λύτρωσις’
3372 2541 3462 2595 καὶ
3525 2539 3608 2595 ὅτι
3668 2542 3758 2595 αὒ-

2099 2634 2221 2690 τοῖς
2276 2628 2364 2683 καὶ
2422 2635 2534 2691 τοῖς
2590 2628 2790 2685 ἔθνεσιν
2849 2627 3204 2707 εὐηγγελίσθη
3263 2631 3330 2685 τά
3386 2629 3579 2698 πάντα,
3616 2630 3690 2690 είς
3723 2629 3756 2683 ἃ

2103 2715 2337 2792 ἄγγελοι
2386 2717 2709 2791 ἐπιθυμοῦσι
2757 2719 3089 2794 παρακύψαι.
3142 2718 3292 2788 Εἶτα,
3345 2713 3756 2790 συμϐουλεύσας

2103 2805 2266 2876 ἀξίως
2321 2811 2418 2860 τοῦ
2471 2808 2800 2869 καΛέσαντος
2840 2806 3284 2884 ἀναστρέφεσθαι,
3317 2811 3608 2882 προτρέπει
3665 2806 3755 2860 καὶ

2107 2893 2332 2970 βασιλέα
2383 2902 2569 2968 τιμᾷν,
2601 2895 2806 2971 γυναιξί
2834 2917 2894 2951 τε
2921 2897 3010 2951 καὶ
3056 2893 3307 2971 ἀνδράσιν
3368 2894 3752 2972 ὁμοφροσύνην

2103 2983 2497 3060 παραγγέλλει.
2532 2986 2630 3040 Καὶ
2681 2986 2756 3047 εἰς
2807 2987 2874 3040 τά
2919 2983 3029 3055 ἤθη
3061 2984 3384 3061 παραινέσας
3443 2983 3624 3060 ὀλίγα,
3659 3005 3758 3054 ση-

2107 3071 2300 3144 μαίνει,
2335 3071 2416 3127 ὅτι
2465 3073 2555 3127 καὶ
2605 3073 2682 3134 εἰς
2718 3073 2810 3128 τὸν
2871 3067 3005 3142 ἅδην
3053 3071 3243 3148 γέγονε
3299 3073 3446 3147 παρά
3501 3077 3598 3127 τοῦ
3658 3079 3757 3126 Κυ-

2105 3160 2223 3235 ρίου
2279 3161 2340 3214 τὸ
2395 3164 2651 3236 κήρυγμα
2706 3167 2808 3230 τῆς
2889 3151 3189 3237 σωτηρίας.
3234 3161 3324 3216 καὶ
3399 3160 3758 3233 ἀναστάσεως,

333 3259 422 3306 cla
455 3253 532 3308 sit
564 3270 597 3307 a
630 3254 870 3308 Domino
903 3255 1236 3325 przedicatio
1268 3253 1478 3310 salutis
1508 3261 1564 3311 et
1612 3261 1985 3314 resurrectio-

2097 3244 2189 3301 'iva
2217 3248 2304 3302 καὶ
2338 3251 2390 3303 οἱ
2420 3249 2776 3312 ἀποθανόντες
2829 3250 3119 3320 ἀναστῶσι,
3150 3249 3240 3304 καὶ
3297 3251 3525 3324 κριθῶσι
3579 3253 3672 3322 μὲν
3707 3249 3757 3304 έν

337 3341 449 3406 nis,
484 3342 636 3397 145
670 3347 734 3396 ut
764 3350 820 3396 et
850 3344 886 3396 ii
945 3343 1044 3414 qui
1098 3349 1266 3398 antea
1325 3347 1538 3399 mortui
1599 3351 1758 3415 sunt,
1793 3364 1984 3403 resur-

329 3437 491 3499 gant,
526 3435 582 3484 et
618 3430 962 3498 judicentur
1012 3433 1250 3502 quidem
1296 3434 1354 3488 in
1387 3450 1648 3505 corpore,
1682 3435 1739 3489 in
1800 3436 1990 3506 gratia

329 3534 461 3571 vero
495 3520 943 3575 resurrectionis
993 3521 1349 3591 persistant;
1381 3526 1438 3578 et
1471 3525 1629 3594 quod
1679 3525 1815 3579 finis
1863 3542 1989 3580 om-

325 3606 486 3660 nium
523 3609 1096 3680 appropinquaverit,
1131 3628 1455 3682 omnesque
1488 3613 1676 3684 parati
1708 3630 1836 3670 esse
1888 3617 1989 3671 de-

2098 3337 2178 3408 τῴ
2209 3337 2446 3409 σώματι,
2475 3343 2544 3413 τῇ
2578 3337 2634 3394 δὲ
2663 3340 2850 3415 χάριτι
2879 3341 2980 3408 τῆς
3039 3338 3372 3400 ἀναστάσεως
3433 3337 3752 3411 διαμένωσι·

2098 3425 2187 3481 καὶ
2237 3426 2320 3481 ὅτι
2371 3430 2434 3483 τὸ
2491 3427 2646 3490 τέλος
2704 3428 2917 3482 πάντων
2979 3427 3173 3484 λοιπὸν
3215 3425 3434 3502 ἤγγισε,
3464 3427 3552 3482 καὶ
3612 3427 3757 3505 ὀφεί-

2100 3523 2254 3579 λουσι
2288 3520 2477 3578 πάντες
2509 3514 2725 3590 ἕτοιμοι
2757 3515 3021 3590 γίνεσθαι,
3051 3517 3128 3577 ὡς
3160 3511 3322 3592 λόγον
3354 3513 3647 3577 ἀποδόντες
3677 3521 3756 3587 τῷ

2098 3613 2281 3687 κριτῇ.
2317 3607 2415 3662 Καὶ
2450 3606 2626 3668 οὕτως
2655 3603 2862 3660 τελειοῖ
2891 3605 2988 3673 τὴν
3025 3604 3378 3672 Ἐπιστολὴν.

327 3695 504 3751 beant
535 3698 605 3752 ad
641 3697 894 3754 dandam
921 3699 1106 3769 judici
1142 3700 1453 3756 rationem.
1496 3706 1684 3772 Atque
1711 3703 1796 3758 ita
1825 3705 2050 3762 claudit
2077 3701 2425 3775 Epistolam.

850 3841 1038 3901 Tertia,
1070 3844 1121 3890 et
1153 3839 1269 3906 ipsa
1300 3841 1455 3893 Petri.

399 3954 489 4008 54.
530 3955 654 4010 Pari
690 3957 863 4011 modo
897 3962 952 4012 et
983 3957 1096 4012 ista
1127 3957 1198 4012 ab
1228 3957 1431 4012 eodem
1465 3959 1986 4032 conscripta,ejus-

331 4041 464 4096 dem
497 4060 711 4098 nomen
747 4045 992 4115 praefert.
1027 4045 1171 4100 Nam
1206 4046 1360 4101 idem
1392 4046 1596 4103 Petrus
1629 4054 1684 4103 et
1713 4049 1865 4105 hanc
1915 4049 1986 4105 ad

333 4145 432 4185 eos
463 4131 724 4203 scripsit,
757 4133 856 4202 qui
882 4134 1006 4204 jam
1041 4133 1429 4188 crediderant.
1463 4135 1564 4190 Est
1620 4141 1817 4191 autem
1867 4135 1990 4192 haac

333 4220 614 4289 Epistola,
676 4222 1156 4276 commemoratio
1235 4223 1515 4293 priorum.
1577 4229 1718 4280 Cum
1790 4229 1992 4281 nosset

333 4308 490 4362 enim
515 4308 625 4363 cito
659 4311 917 4364 futuram
953 4311 1212 4382 corporis
1244 4312 1332 4366 sui
1394 4311 1830 4381 resolutionem,
1867 4331 1989 4368 ma-

330 4401 460 4451 ture
489 4414 694 4453 omnes
725 4400 1031 4454 admonuit
1065 4401 1134 4454 de
1159 4401 1448 4464 doctrina,
1472 4417 1590 4470 qua
1622 4401 1838 4470 pridem
1878 4403 1992 4458 fue-

332 4489 460 4538 rant
491 4485 767 4540 instituti.
802 4488 870 4541 Et
903 4488 1160 4558 primum
1193 4489 1432 4556 quidem
1467 4488 1538 4541 de
1571 4489 1682 4541 ﬁde
1730 4489 1988 4554 disserit,

329 4577 388 4627 et
417 4575 686 4642 ostendit,
723 4577 874 4644 quod
911 4592 942 4628 a
974 4575 1274 4645 prophetis
1307 4575 1406 4630 illa
1436 4578 1513 4629 sit
1541 4577 1909 4642 annuntiata,
1935 4582 1992 4631 et

2431 3835 2619 3912 Τρίτη,
2660 3833 2824 3890 πάλιν
2864 3833 2955 3890 καῖ
2995 3833 3129 3905 αὕτη
3170 3835 3399 3910 Πέτρου.

2165 3961 2256 4014 54.
2291 3953 2529 4029 Ὁμοίως
2560 3951 2650 4008 καὶ
2682 3951 2815 4022 αὕτη
2846 3953 2994 4027 παρά
3023 3955 3119 4007 τοῦ
3159 3951 3324 4006 αὐτοῦ
3364 3954 3628 4029 γραφεῖσα
3657 3951 3756 4020 τὴν

2095 4046 2293 4103 τούτου
2325 4041 2440 4120 ἔχει
2472 4041 2785 4115 ὀνομασίαν.
2820 4039 2992 4102 Αὐτὸς
3023 4040 3126 4116 γὰρ
3161 4041 3370 4116 Πέτρος
3421 4040 3511 4095 καὶ
3562 4039 3759 4110 ταύτην

2099 4135 2408 4192 ἐπιστέλλει
2437 4140 2555 4196 τοῖς
2583 4130 2692 4203 ἤδη
2726 4133 3086 4188 πιστεύσασιν.
3108 4138 3262 4187 ’Ἐστι
3297 4128 3356 4186 δὶ
3385 4134 3419 4200 ἡ
3455 4130 3754 4199 Ἐπιστολὴ

2101 4225 2410 4299 ὑπόμνησις
2467 4227 2574 4278 τῶν
2639 4223 2894 4294 πρώτων.
2929 4217 3104 4282 Εἲδὼς
3153 4221 3254 4295 γὰρ
3311 4227 3535 4294 ταχεῖαν
3593 4221 3758 4274 αὐτοῦ

2099 4314 2306 4377 ἔσεσθαι
2329 4313 2427 4381 τὴν
2463 4310 2719 4366 ἀνάλυσιν
2741 4309 2838 4364 τοῦ
2899 4307 3174 4379 σώματος,
3206 4305 3502 4361 ἐσπούδασε
3557 4310 3761 4368 πάντας

2102 4404 2414 4474 ὑπομνῆσαι
2446 4397 2569 4473 περὶ
2603 4399 2676 4451 ὧν
2709 4396 3101 4470 κατηχήθησαν
3132 4395 3231 4461 τήν
3267 4391 3760 4449 διδασκαλίαν.Καὶ

2099 4493 2316 4556 πρῶτον
2354 4488 2448 4559 μὲν
2481 4486 2603 4561 περὶ
2632 4491 2733 4553 τῆς
2766 4483 2999 4544 πίστεως
3033 4482 3321 4557 ἐξηγεῖται,
3352 4483 3442 4536 καὶ
3489 4479 3758 4537 δείκνυσιν

2102 4578 2206 4632 ἀπὸ
2261 4582 2369 4631 τῶν
2415 4579 2712 4651 προφητῶν
2761 4571 2926 4640 αὐτὴν
2988 4570 3390 4647 εὐηγγελίσθαι·
3425 4570 3514 4626 καὶ
3575 4569 3658 4626 ὅτι
3708 4572 3762 4624 al

331 4663 486 4732 quod
521 4639 839 4731 prophetiae
871 4665 941 4716 de
978 4639 1297 4717 'Salvatore
1358 4680 1471 4718 non
1531 4663 1649 4717 sint
1697 4639 1985 4736 humanae,

2100 4671 2429 4743 προφητεῖαι
2470 4665 2524 4718 al
2555 4662 2678 4738 περὶ
2708 4683 2805 4716 τοο
2839 4667 3100 4734 Σωτῆρος
3155 4660 3256 4715 οὐκ
3313 4660 3442 4715 εἷ’σῖν
3477 4660 3763 4737 ἀνθρώπι-

332 4750 432 4804 sed
467 4767 500 4803 a
531 4750 646 4804 Deo
681 4751 1085 4820 preenuntiate.
1123 4750 1338 4806 Deinde
1380 4752 1692 4808 denuntiat
1743 4751 1883 4818 illis,
1915 4769 1988 4808 no

333 4837 746 4893 seductoribus
780 4840 1104 4905 attendant,
1139 4838 1375 4894 illorum
1410 4841 1798 4910 perditionem
1831 4842 1982 4896 futu-

336 4944 460 4980 ram
481 4928 817 4997 praedicens.
836 4929 1333 4998 quemadmodum
1353 4936 1409 4985 et
1425 4930 1988 5003 angelistransgres-

335 5017 572 5072 soribus
605 5018 868 5088 contigit.
903 5018 1206 5088 Signiﬁcat
1237 5025 1433 5073 autem
1482 5019 1541 5073 in
1575 5020 1682 5074 hac
1730 5020 1988 5090 Epistula

336 5107 568 5163 futuros
599 5109 979 5179 dies,qnibus
1013 5107 1281 5162 illusores
1313 5109 1531 5179 passim
1564 5109 1989 5174 circuibunt,et

334 5198 704 5253 conabuntur
736 5182 961 5268 aliquos
993 5199 1289 5262 seducere,
1333 5199 1612 5263 dicentes,
1646 5200 1799 5269 quod
1860 5200 1984 5254 ina-

333 5287 485 5339 niter
514 5305 547 5342 a
577 5287 745 5343 nobis
780 5289 1126 5357 pra:dicetur
1156 5287 1442 5341 adventus
1481 5287 1792 5343 Salvatoris
1824 5289 1982 5343 futu-

333 5389 453 5437 rus,
495 5392 560 5430 eo
591 5379 746 5446 quod
782 5379 831 5432 is
860 5394 993 5432 cum
1046 5392 1281 5446 semper
1325 5377 1687 5446 przedicetur,
1723 5378 1982 5432 nondum

329 5463 568 5516 venerit.
603 5465 683 5518 Ah
715 5465 808 5520 his
838 5465 1020 5535 igitur
1052 5465 1304 5518 maxime
1351 5465 1645 5520 abstinere
1701 5466 1980 5537 praecipit,

327 5549 559 5608 docens,
597 5569 666 5603 ne
699 5571 864 5607 morae
911 5572 1085 5608 causa
1137 5553 1399 5608 animum
1461 5555 1976 5625 despondeamus:

323 5654 496 5691 omne
531 5656 782 5710 namque
815 5649 1046 5712 tempus
1085 5642 1224 5696 nihil
1259 5659 1384 5697 esse
1417 5641 1472 5695 in
1508 5648 1824 5715 conspectu
1873 5649 1976 5700 Do-

324 5725 488 5792 mini,
526 5743 656 5780 cum
697 5746 808 5781 una
838 5731 959 5784 dies
994 5732 1067 5784 sit
1102 5731 1288 5785 instar
1349 5731 1508 5787 mille
1566 5749 1875 5799 annorum,
1921 5739 1979 5789 et

2096 4776 2204 4827 ναι,
2235 4753 2383 4810 ἀλλὰ
2412 4753 2558 4826 παρὰ
2602 4755 2737 4807 Θεοῦ
2769 4747 3144 4820 ἐλαλήθησαν.
3171 4751 3398 4807 Ἔπειτα
3445 4748 3762 4826 παραγγέλο

2099 4841 2181 4898 λει
2216 4844 2290 4915 μὴ
2327 4843 2619 4918 προσέχειν
2647 4846 2762 4902 τοῖς
2794 4840 3060 4910 ἀπατῶσι,
3100 4839 3275 4913 λέγων
3327 4837 3536 4903 ἔσεσθαι
3587 4837 3761 4893 αὐτῶν

2097 4930 2397 5000 ἀπώλειαν,
2432 4931 2612 5006 ὥσπερ
2645 4929 2736 4985 καὶ
2793 4930 2901 4984 τῶν
2961 4923 3318 5003 παραϐάντων
3365 4925 3619 5002 ἀγγέλων
3670 4927 3763 5002 γέ-

2094 5042 2235 5097 γονε.
2274 5020 2593 5096 ΙΙρομηνύει
2627 5018 2684 5074 δὲ
2726 5018 2777 5073 έν
2805 5022 2874 5091 τῇ
2911 5016 3206 5090 Ἐπιστολῇ
3255 5017 3466 5092 ἡμέρας
3525 5013 3758 5084 ἔσεσθαι,

2097 5109 2148 5165 έν
2183 5110 2265 5171 αἶς
2299 5109 2594 5182 ἐμπαῖκται
2621 5109 3075 5183 περιπατήσουσι,
3099 5104 3187 5160 καὶ
3245 5104 3566 5175 θελήσουσιν
3627 5105 3761 5159 ἀπα-

2093 5204 2186 5269 τᾷν
2219 5219 2390 5270 τινας,
2424 5199 2678 5272 λέγοντες
2716 5197 2888 5269 μάτην
2942 5193 3193 5268 λέγεσθαι
3253 5195 3380 5269 παρ’
3437 5197 3597 5265 ἡμῶν
3656 5194 3756 5262 τήν

2093 5287 2389 5364 παρουσίαν
2421 5293 2520 5342 τοῦ
2554 5294 2840 5361 Σωτῆρος,
2874 5282 2962 5338 διὰ
2987 5283 3047 5337 τὸ
3081 5284 3161 5336 ἀεὶ
3211 5280 3486 5357 λέγεσθαι,
3517 5283 3606 5338 καὶ
3645 5285 3756 5355 μή-

2093 5398 2180 5431 πω
2212 5378 2624 5451 παραγενέσθαι.
2655 5374 2800 5430 Ἀπὸ
2828 5371 3037 5428 τούτων
3079 5369 3169 5424 οὖν
3225 5371 3315 5425 καὶ
3370 5370 3608 5444 μάλιστα
3655 5372 3756 5426 ἀπ-

2093 5465 2312 5540 έχεσθαι
2358 5461 2756 5539 παραγγέλλει,
2785 5459 3075 5531 διδάσκων,
3112 5461 3186 5532 μὴ
3223 5458 3514 5534 ὀλιγωρεῖν
3546 5459 3597 5514 ἐν
3637 5465 3757 5523 τοῖς

2092 5553 2337 5629 χρόνοις.
2375 5556 2556 5610 Πάντα
2586 5554 2686 5628 γὰρ
2729 5552 2822 5605 τὸν
2857 5550 3053 5625 χρόνον
3120 5545 3288 5620 μηδὲν
3336 5549 3467 5602 εἶναι
3520 5548 3751 5603 ἐνώπιον

2092 5642 2312 5718 Κυρίου,
2346 5640 2436 5698 διὰ
2466 5642 2528 5697 τὸ
2557 5641 2646 5696 καὶ
2675 5641 2775 5708 τήν
2815 5637 2938 5712 μίαν
2965 5638 3174 5713 ἡμέραν
3213 5638 3289 5700 ὡς
3320 5635 3481 5714 χίλια
3525 5631 3617 5708 ἔτη
3677 5634 3752 5693 εἶέ-

2087 5751 2199 5801 ναι,
2229 5731 2321 5786 καὶ
2354 5731 2420 5786 τὰ
2473 5729 2632 5807 χίλια
2685 5725 2777 5798 ἔτη
2834 5727 2909 5790 ὡς
2961 5728 3170 5803 ἡμέραν
3215 5726 3364 5800 μίαν.
3397 5727 3648 5790 ’Έσεσθαι
3694 5724 3753 5782 δὶ
