4170 6352
383 437 501 500 409

1484 427 1862 490 SYNOPSIS
1909 425 2078 486 SCRl
2092 424 2375 486 PTURE
2418 423 2715 484 SACRIE.

3687 419 3810 478 410

382 568 598 645 ταχέως
645 568 746 636 τὴν
788 565 997 640 ἡμέραν
1049 565 1251 639 Κυρίου
1301 556 1725 632 διαϐεϐαιοῦται,
1775 557 1863 612 καὶ
1914 557 2043 611 ἀποο

2167 556 2316 612 mille
2347 557 2485 611 anni
2518 555 2706 612 instar
2737 556 2911 612 unius
2943 555 3078 612 diei.
3114 556 3382 610 Afﬁrmat
3411 553 3588 610 simul
3619 557 3675 610 et
3706 554 3805 608 de-

387 657 672 726 δείκνυσι,
723 656 813 711 καὶ
867 655 1173 710 ἐντέλλεται
1227 652 1480 725 έτοίμους
1535 649 1667 703 εἶναι
1716 647 1919 707 πάντας
1969 644 2044 707 εἰς

387 748 552 816 αὐτὴν
585 746 636 801 ἐν
671 744 850 821 ἔργοις
883 745 1125 820 ἀγαθοῖς,
1157 742 1246 797 καὶ
1295 741 1503 816 ἀγαπᾷν
1532 739 1598 793 τὰ
1646 737 1749 792 ὑπὸ
1776 740 1876 791 τοῦ
1910 735 2040 789 ἀπο-

392 835 588 892 στόλου
622 835 843 890 Παύλου
893 832 1184 909 γραφέντα,
1217 831 1304 886 καὶ
1353 829 1429 902 μὴ
1462 827 1748 904 προσέχειν
1780 830 1895 886 τοῖς
1928 821 2043 878 δια-

393 922 690 982 ϐάλλουσιν
721 925 856 979 αὐτὰ
908 921 997 977 διὰ
1040 923 1100 976 τὸ
1145 921 1234 975 καὶ
1284 920 1452 980 πάσας
1500 918 1592 978 τὰς
1641 914 1784 976 θείας
1834 912 2044 990 Γραφὰς

391 1011 707 1071 διαϐάλλειν
750 1013 963 1074 αύτούς.
996 1012 1343 1083 Ὑπομνήσας
1395 1009 1484 1062 οῦν
1538 1006 1626 1062 καὶ
1672 1002 1887 1073 διδάξας
1918 1002 2047 1056 πάν-

389 1126 485 1167 τας
533 1102 839 1176 προειδέναι
886 1102 951 1156 τά
1003 1103 1319 1176 πράγματα,
1367 1100 1616 1172 παραινεῖ
1650 1096 1725 1167 μῆ
1768 1092 2040 1147 ἐκπίπτειν

391 1198 488 1249 τοῦ
520 1198 724 1248 σκοποῦ
755 1201 850 1262 τῆς
880 1191 1132 1259 πίστεως,
1165 1189 1254 1243 καὶ
1290 1187 1460 1249 οὕτως
1503 1185 1710 1241 τελειοῖ
1756 1184 1854 1250 τήν
1897 1183 2046 1239 Ἐπι-

399 1282 601 1354 στολήν
616 1327 627 1339 .

928 1502 1160 1574 Τετάρτη
1173 1543 1186 1566 ,
1234 1501 1506 1557 Ἰωάννου.

459 1625 550 1679 55.
594 1619 784 1681 Οὕτως
835 1619 922 1673 καὶ
980 1616 1113 1687 αὕτη
1172 1613 1442 1684 καλεῖται,
1503 1611 1688 1682 ἐπειδὴ
1739 1613 1828 1667 καὶ
1887 1610 2047 1672 αὐτὸς

393 1712 648 1780 Ἰωάννης
680 1710 708 1763 ὁ
753 1705 1140 1783 εὐαγγελιστὴς
1171 1705 1259 1760 καὶ
1303 1705 1504 1775 ταύτην
1547 1702 1876 1770 ἐπιστέλλει,
1913 1701 2047 1756 ὑπο-

397 1801 719 1873 μιμνήσκων
772 1796 900 1858 τοὺς
948 1793 1058 1865 ἤδη
1117 1792 1502 1855 πιστεύσαντας
1560 1793 1635 1854 εἷς
1684 1793 1775 1846 τὸν
1824 1791 2044 1865 Κύριον.

393 1887 494 1945 Καὶ
527 1891 742 1962 πρῶτον
801 1885 894 1958 μὲν
943 1883 1124 1960 ὥσπερ
1157 1882 1208 1937 έν
1254 1887 1331 1954 τῷ
1381 1879 1720 1957 Εὐαγγελίῳ,
1751 1878 1924 1941 οὕτως
1955 1877 2043 1932 καὶ

393 1977 444 2032 ὲν
475 1975 644 2050 ταύτῃ
673 1976 744 2047 τῇ
771 1972 1071 2048 Ἐπιστολῇ
1105 1971 1356 2047 θεολογεῖ
1385 1970 1507 2046 περὶ
1553 1975 1650 2025 τοῦ
1691 1968 1887 2042 Λόγου,
1920 1967 2052 2022 ἀπο-

395 2064 603 2127 δεικνὺς
636 2063 794 2118 αὐτὸν
829 2063 910 2117 ἀεὶ
943 2063 1077 2117 εἶναι
1108 2061 1158 2116 έν
1208 2062 1287 2132 τῷ
1330 2065 1468 2132 Θεῷ,
1517 2059 1606 2114 καὶ
1657 2055 1922 2113 διδάσκων
1955 2056 2046 2111 τὸν

395 2156 604 2230 Πατέρα
634 2159 750 2230 φῶς
801 2153 955 2221 εἶναι,
996 2149 1088 2206 ’ίνα
1134 2151 1224 2205 καὶ
1275 2150 1447 2211 οὕτως
1493 2153 1708 2225 γνῶμεν
1740 2147 1831 2203 τὸν
1876 2145 2048 2220 Λόγον

393 2243 724 2318 ἀπαύγασμα
777 2241 825 2315 ἐξ
878 2241 1042 2296 αὐτοῦ
1081 2241 1212 2296 εἶναι
1241 2285 1254 2298 .
1306 2239 1591 2314 Θεολογῶν
1645 2235 1724 2303 δὲ,
1777 2237 2048 2310 ἐξηγεῖται

400 2335 475 2406 μή
504 2334 768 2408 νεώτερον
821 2331 954 2386 εἶναι
1003 2331 1065 2384 τὸ
1095 2331 1211 2384 κατ’
1247 2332 1396 2402 ἡμᾶς
1434 2330 1753 2402 μυστήριον,
1789 2325 1934 2382 ἀλλὰ
1961 2325 2051 2379 καὶ

396 2422 445 2494 ἐξ
477 2422 658 2497 ἀρχῆς
715 2421 810 2494 μὲν
859 2419 941 2475 ἀεὶ
991 2417 1279 2494 τυγχάνειν
1331 2417 1484 2485 αὐτὸ,
1515 2421 1606 2472 νῦν
1638 2415 1695 2471 δὲ
1743 2419 2052 2493 πεφανερῶ-

397 2523 515 2574 σθαι
548 2510 599 2564 ἐν
640 2514 720 2582 τῷ
769 2509 972 2584 Κυρίῳ,
1007 2509 1154 2569 ἅστις
1205 2507 1314 2561 ἐστὶ
1349 2508 1462 2576 ζωὴ
1515 2506 1759 2572 αἰώνιος,
1804 2504 1891 2559 καὶ
1925 2503 2053 2564 Θεὸς

395 2598 681 2670 ἀληθινός.
717 2597 814 2652 Καὶ
844 2599 907 2652 τὸ
954 2596 1126 2652 αἷετιον
1179 2595 1236 2651 δὲ
1274 2604 1373 2666 τῆς
1404 2601 1500 2650 τοῦ
1533 2595 1712 2669 Λόγου
1757 2593 2051 2670 παρουσίας

395 2689 486 2743 καὶ
516 2687 828 2766 ἐπιφανείας
877 2686 1041 2741 αὐτοῦ
1088 2686 1300 2756 τίθησιν
1353 2685 1482 2740 εἶναι
1534 2686 1705 2760 λέγων
1747 2689 1931 2748 τοῦτο,
1964 2683 2051 2737 ἐπὶ

390 2780 452 2833 τὸ
483 2777 782 2832 καταλῦσαι
812 2778 880 2830 τὰ
909 2771 1037 2852 ἔργα
1066 2780 1162 2830 τοῦ
1194 2770 1478 2841 διαϐόλου,
1523 2774 1612 2829 καὶ
1661 2777 1809 2847 ἡμᾶς
1846 2772 2054 2836 ἐλευθε-

398 2874 641 2940 ρωθῆναι
671 2871 768 2920 τοῦ
801 2865 1058 2933 θανάτου,
1089 2865 1178 2919 καὶ
1210 2865 1496 2940 γινώσκειν
1522 2865 1668 2936 ἡμᾶς
1701 2865 1790 2918 τὸν
1822 2860 2051 2940 Πατέρα,

401 2955 488 3010 καὶ
530 2954 688 3010 αὐτὸν
732 2955 824 3008 τὸν
875 2955 1019 3020 Υἱὸν,
1053 2955 1143 3008 τὸν
1200 2953 1394 3028 Κύριον
1446 2955 1607 3024 ἡμῶν
1657 2957 1868 3022 Ἰησοῦν
1921 2953 2052 3027 Χρι-

408 3044 549 3098 στόν.
586 3045 780 3121 Γράφει
829 3048 960 3118 γοῦν
994 3044 1129 3118 πρὸς
1179 3049 1349 3097 πᾶσαν
1383 3041 1625 3111 ἠλικίαν,
1657 3041 1792 3116 πρὸς
1842 3038 2054 3108 παιδία,

406 3135 542 3208 πρὸς
573 3132 902 3198 νεανίσκους,
934 3133 1069 3208 πρὸς
1101 3133 1382 3207 γέροντας,
1417 3131 1498 3186 ὅτι
1532 3132 1560 3186 ὁ
1595 3132 1690 3204 μὲν
1723 3129 1853 3193 Θεὸς
1888 3130 2056 3205 ἐγνώ-

737 3219 760 3238 ἢ

403 3234 525 3292 σθη,
558 3224 592 3292 ἡ
627 3219 683 3276 δὲ
733 3217 1024 3289 διαϐολικὴ
1079 3219 1314 3297 ἐνέργεια
1357 3219 1548 3276 λοιπὸν
1595 3219 1894 3290 νενίκηται,
1933 3239 2056 3274 κατ-

2154 645 2354 716 claret,
2374 646 2487 700 cito
2516 645 2778 701 futurum
2807 645 3040 701 Domini
3071 645 3246 710 diem,
3274 643 3644 715 praecipitque
3679 659 3802 697 om—

2155 736 2350 804 nibus,
2381 741 2444 790 ut
2475 735 2545 790 ad
2590 733 2750 790 illius
2799 735 3112 790 adventum
3161 733 3345 804 parati
3397 733 3512 786 sint
3543 733 3599 786 in
3634 730 3804 786 bonis

2154 825 2450 897 operibus,
2484 828 2540 879 et
2588 825 3018 894 amplectantur
3058 840 3183 895 qua
3218 823 3288 877 ab
3321 820 3581 891 apostolo
3630 819 3806 874 Paulo

2156 914 2375 984 scripta
2423 917 2578 980 sunt,
2607 929 2708 967 nec
2761 928 2932 967 aures
2965 911 3408 967 accommodent
3438 909 3550 976 his,
3589 909 3689 980 qui
3736 925 3803 963 ea

2154 1002 2626 1068 calumniantur;
2676 1019 2809 1057 cum
2869 1001 3046 1057 iidem
3107 1005 3165 1056 et
3223 999 3526 1054 universas
3575 997 3804 1052 divinas

2156 1093 2489 1164 Scripturas
2529 1091 2980 1147 calumnieutur.
3017 1090 3335 1161 Postquam
3389 1087 3568 1159 igitur
3601 1103 3805 1141 omnes

2154 1182 2463 1238 admonuit
2493 1197 2559 1238 ac
2589 1180 2806 1252 docuit,
2842 1187 2903 1234 ut
2951 1181 3065 1235 ista
3122 1180 3318 1234 futura
3366 1177 3575 1245 sciant,
3613 1175 3806 1230 horta-

2153 1276 2252 1325 tur
2300 1287 2370 1325 ne
2401 1269 2716 1340 quisquam
2751 1285 2784 1323 a
2814 1268 2946 1323 fidei
2997 1283 3172 1338 scopo
3220 1266 3470 1330 aberret,
3503 1267 3678 1335 atque
3730 1262 3808 1316 ita

2157 1360 2286 1416 finit
2314 1359 2656 1432 Epistolam.

2745 1507 2950 1575 Quarta
2977 1507 3225 1562 Jonanis.

2226 1627 2315 1682 55.
2341 1626 2458 1682 Hoc
2491 1624 2726 1680 nomine
2755 1628 2994 1679 vecatur
3027 1626 3085 1678 et
3116 1621 3250 1690 ista,
3285 1620 3442 1692 quod
3473 1618 3599 1692 ipse
3630 1618 3807 1674 Joan-

2157 1734 2262 1773 nes
2282 1714 2641 1788 evangelista
2661 1730 2791 1768 eam
2819 1711 3251 1784 conscripserit,
3269 1714 3333 1764 ut
3355 1707 3812 1764 commoneface-

2159 1811 2245 1864 ret
2273 1823 2370 1862 eos
2403 1804 2500 1877 qui
2543 1805 2669 1874 jam
2700 1803 2757 1857 in
2792 1803 3108 1857 Dominum
3152 1799 3540 1856 crediderant.
3572 1798 3640 1853 Et
3689 1795 3808 1868 pri-

2159 1913 2322 1952 mum
2355 1895 2592 1966 quidem
2625 1891 2864 1964 perinde
2896 1895 3071 1962 atque
3100 1889 3157 1944 in
3191 1887 3520 1961 Evangelio,
3552 1888 3632 1942 ita
3663 1890 3719 1940 et
3749 1885 3810 1940 in

2159 1986 2268 2042 hac
2290 1982 2566 2057 Epistola,
2584 1983 2654 2038 de
2669 1980 2843 2036 Verbi
2867 1979 3167 2034 divinitate
3192 1978 3472 2050 loquitur,
3491 1976 3811 2033 ostendens

2161 2075 2305 2128 illud
2357 2074 2413 2128 in
2473 2073 2583 2128 Deo
2615 2086 2848 2142 semper
2877 2085 3027 2139 esse,
3061 2084 3126 2124 ac
3159 2069 3374 2124 docens
3428 2067 3653 2122 Patrem
3681 2080 3812 2119 esse

2160 2164 2372 2230 lucem,
2408 2165 2472 2217 ut
2511 2162 2593 2216 ita
2623 2174 3051 2231 cognoscamus
3081 2157 3328 2214 Verbum
3374 2172 3503 2210 esse
3535 2153 3814 2226 splendu-

2163 2271 2282 2309 ren
2318 2269 2386 2307 ex
2414 2251 2564 2307 luce.
2597 2249 2906 2305 Disserens
2951 2251 3146 2302 autem
3183 2247 3254 2301 de
3287 2244 3589 2300 divinitate
3617 2242 3818 2311 Verbi,

2161 2340 2396 2415 exponit
2427 2344 2694 2396 nostrum
2743 2337 3084 2410 mysterium
3119 2352 3234 2391 non
3280 2351 3407 2390 esse
3439 2349 3678 2398 novum,
3711 2331 3813 2387 sed

2162 2449 2290 2489 esse
2321 2430 2748 2501 sempiternum
2782 2427 2854 2482 ab
2885 2425 3053 2480 initio
3084 2443 3096 2482 :
3124 2441 3279 2480 nunc
3309 2441 3439 2479 vero
3470 2421 3812 2477 manifesta-

2162 2527 2288 2578 tum
2320 2521 2379 2575 in
2410 2518 2680 2584 Domino,
2714 2516 2810 2588 qui
2862 2516 2978 2570 vita
3009 2521 3098 2570 est
3134 2514 3494 2585 sempiterna
3541 2515 3597 2566 et
3642 2528 3812 2566 verus

2163 2613 2338 2668 Deus.
2372 2611 2621 2666 Causam
2653 2606 2832 2662 etiam
2865 2606 2936 2660 ob
2977 2621 3155 2675 quam
3185 2603 3441 2659 Verbum
3473 2602 3544 2657 ad
3578 2618 3685 2656 nos
3715 2617 3814 2656 ve-

2163 2699 2315 2755 nerit
2339 2703 2395 2754 et
2425 2695 2783 2769 apparuerit,
2819 2693 3010 2766 ponit;
3045 2693 3197 2748 hanc
3228 2691 3512 2760 videlicet,
3547 2694 3612 2745 ut
3641 2705 3815 2762 opera

2164 2787 2378 2845 diaboli
2413 2785 2777 2852 dissolveret,
2811 2800 2876 2838 ac
2925 2799 3032 2838 nos
3063 2800 3097 2837 a
3130 2788 3313 2837 morte
3359 2781 3639 2836 liberaret
3686 2779 3820 2834 effi-

2165 2883 2434 2949 ceretque
2466 2880 2531 2930 ut
2570 2875 2796 2929 Patrem
2848 2887 3322 2942 agnosceremus,
3355 2874 3411 2924 et
3441 2869 3653 2925 Filium
3705 2873 3814 2922 Do-

2164 2967 2393 3023 minum
2426 2969 2693 3019 nostrum
2720 2961 2919 3016 Jesum
2945 2961 3262 3015 Christum.
3287 2959 3503 3014 Scribit
3534 2957 3712 3030 igitur
3743 2957 3814 3011 ad

2165 3072 2398 3112 omnem
2449 3057 2700 3117 aetatem,
2754 3051 2822 3106 ad
2879 3067 3109 3122 pueros,
3160 3049 3229 3104 ad
3281 3047 3703 3112 adolescentes,
3745 3047 3814 3100 ad

2166 3161 2355 3210 senes,
2405 3143 2556 3214 quod
2611 3140 2766 3194 Deus
2823 3137 3166 3202 innotuerit,
3219 3135 3508 3192 diabolica
3558 3133 3818 3206 operatio

2165 3235 2462 3304 deinceps,
2497 3229 2686 3286 deleta
2717 3233 2925 3290 morte,
2956 3226 3179 3282 devicta
3209 3227 3303 3281 sit.
3329 3225 3491 3291 Quod
3523 3225 3816 3294 reliquum

403 3312 734 3387 αργηθέντος
783 3314 880 3364 τοῦ
929 3311 1195 3366 θανάτου.
1225 3308 1357 3366 Εἶτα
1407 3307 1600 3364 λοιπὸν
1651 3306 1719 3362 δι’
1777 3308 1915 3378 ὅλης
1957 3310 2053 3377 τῆς

2167 3329 2255 3380 est
2285 3340 2388 3394 per
2416 3326 2591 3376 tctam
2625 3317 2966 3391 Epistolam,
2991 3315 3357 3371 dilectionem
3385 3315 3573 3380 docet,
3596 3312 3818 3381 volens,

400 3399 738 3469 Ε’πιστολῆς
785 3399 909 3476 περὶ
953 3399 1168 3474 ἀγάπης
1197 3396 1456 3470 διδάσκει,
1491 3397 1662 3454 θέλων
1707 3401 1856 3470 ἡμᾶς
1889 3396 2059 3469 ἀλλή-

405 3487 535 3551 λους
583 3490 814 3563 ἀγαπᾷν,
873 3485 1061 3556 ἐπειδή
1109 3489 1200 3543 καὶ
1253 3491 1281 3542 ὁ
1315 3494 1542 3560 Χριστὸς
1582 3487 1859 3562 ἠγάπησεν
1888 3491 2057 3561 ἡμᾶς.

408 3579 714 3654 Ἐξηγεῖται
748 3577 840 3633 οῦν
893 3577 980 3632 ἐπὶ
1024 3575 1283 3655 διαφορᾶς
1331 3572 1502 3655 φόϐου
1554 3578 1642 3632 καὶ
1692 3577 1930 3654 ἀγάπης,
1971 3576 2060 3632 καὶ

404 3667 602 3723 τέκνων
633 3671 768 3723 Θεοῦ
806 3667 896 3722 καὶ
943 3668 1142 3721 τέκνων
1193 3661 1476 3735 διαϐόλου,
1509 3666 1598 3721 καὶ
1629 3666 1752 3740 περὶ
1795 3665 2061 3742 ἁμαρτίας

410 3763 722 3826 θανατικῆς,
771 3756 860 3810 καὶ
909 3757 984 3828 μή
1036 3762 1349 3828 θανατικῆς,
1399 3757 1487 3811 καὶ
1521 3753 1778 3834 διαφορᾶς
1827 3758 2062 3830 πνευμά-

405 3868 536 3904 των.
571 3846 674 3903 Καὶ
728 3843 924 3900 λοιπὸν
983 3842 1197 3918 διαιρεῖ,
1248 3850 1407 3900 ποῖον
1458 3846 1551 3918 μὲν
1615 3849 1826 3918 πνεῦμα
1867 3845 1926 3900 ἐκ
1965 3850 2061 3900 τοῦ

410 3940 541 3991 Θεοῦ
572 3935 707 4005 ἐστι,
734 3940 892 3988 ποῖον
927 3931 983 3989 δὲ
1024 3941 1122 4004 τῆς
1157 3931 1365 4002 πλάνης
1392 3978 1407 4003 ,
1438 3935 1526 3988 καὶ
1580 3935 1711 3989 πότε
1763 3935 1856 4008 μὲν
1892 3956 2062 4010 γινω-

405 4025 644 4097 σκόμεθα
670 4023 830 4079 τέκνα
859 4028 1014 4090 Θεοῦ,
1045 4022 1178 4078 πότε
1208 4020 1266 4078 δὲ
1295 4018 1578 4079 διαϐόλου·
1613 4023 1703 4077 καὶ
1749 4024 1870 4099 περὶ
1902 4025 2061 4087 ποίας

406 4113 671 4186 ἁμαρτίας
728 4110 1020 4191 ὀφείλομεν
1073 4108 1344 4187 εὕχεσθαι’
1396 4111 1485 4166 καὶ
1516 4111 1600 4166 ὅτι
1642 4114 1669 4167 ὁ
1727 4113 1801 4185 μή
1834 4112 2058 4187 ἀγαπῶν

407 4202 500 4256 τὸν
533 4200 768 4266 πλησίον
805 4200 902 4256 οὐκ
931 4200 1070 4256 ἔστιν
1118 4200 1264 4271 ἄξιος
1296 4208 1394 4270 τῆς
1445 4201 1712 4271 κλήσεως,
1749 4199 1874 4256 οὐδὲ
1906 4199 2060 4256 δύνα-

407 4311 494 4345 ται
530 4290 778 4364 λέγεσθαι
829 4295 925 4346 τοῦ
972 4292 1228 4366 Χριστοῦ.
1287 4292 1385 4345 Καὶ
1441 4291 1540 4360 τὴν
1593 4289 1819 4360 ἑνότητα
1869 4288 1926 4346 δὲ
1961 4296 2058 4347 τοῦ

410 4379 537 4434 Υἱοῦ
583 4379 720 4454 πρὸς
763 4379 853 4433 τὸν
883 4380 1093 4454 Πατέρα
1125 4377 1379 4433 δείκνυσι·
1409 4378 1497 4434 καὶ
1531 4378 1611 4434 ὅτι
1645 4380 1672 4434 ὁ
1725 4379 2058 4456 ἀρνούμενος

401 4469 494 4523 τὸν
547 4468 666 4522 rte».
719 4466 844 4522 οὐδὲ
890 4469 980 4522 τὸν
1036 4467 1247 4542 Πατέρα
1296 4467 1411 4543 ἔχει
1439 4512 1452 4525 .
1488 4467 1758 4543 Διακρίνει
1810 4467 1866 4524 δὲ
1906 4469 1956 4524 ἐν
1987 4475 2055 4546 τῇ

400 4555 699 4630 Ἐπιστολῇ
731 4556 923 4631 ταύτῃ,
958 4555 1133 4631 λέγων
1158 4557 1247 4611 καὶ
1277 4557 1340 4610 τὸ
1364 4554 1499 4611 ἴδιον
1530 4562 1627 4612 τοῦ
1655 4559 2052 4634 Ἀντιχρίστου·

405 4647 538 4700 εἶναι
569 4645 626 4702 δὲ
671 4650 834 4701 τοῦτο
873 4646 935 4701 τὸ
983 4645 1158 4722 λέγειν
1196 4646 1272 4718 μή
1315 4647 1449 4700 εἶναι
1496 4647 1586 4701 τὸν
1637 4646 1846 4716 Ἰησοῦν
1896 4648 2054 4703 αὐτὸν
2091 4685 2136 4746 D

403 4735 494 4789 τὸν
527 4734 780 4808 Χριστὸν,
808 4733 917 4807 τίνα,
958 4735 1032 4797 ὡς
1087 4736 1162 4807 μὴ
1215 4730 1369 4797 ὄντος
1419 4733 1644 4803 ἐκείνου,
1691 4737 1874 4791 ἑαυτὸν
1929 4735 2053 4812 εἷίπῃ

403 4824 534 4879 εἶναι
567 4825 595 4879 ὁ
627 4823 882 4898 ψεύστης.
925 4829 1186 4898 Παραινεῖ
1215 4820 1273 4878 δὶ
1322 4823 1392 4878 δι’
1423 4823 1560 4894 ὅλης
1587 4831 1688 4894 τῆς
1725 4825 2059 4895 Ἐπιστολῆς

407 4925 483 4986 μη
514 4914 740 4985 ἀθυμεῖν
795 4914 923 4975 τοὺς
972 4913 1322 4975 πιστεύοντας
1364 4917 1443 4985 τῷ
1493 4914 1692 4990 Κυρίῳ,
1745 4915 1790 4969 εἰ
1842 4920 2060 4987 μισοῦν-

401 5024 490 5057 ται
524 5002 576 5058 ἐν
607 5007 687 5074 τῷ
718 5003 934 5076 κόσμῳ,
967 5001 1114 5058 ἀλλὰ
1148 5001 1360 5075 μᾶλλον
1391 5001 1627 5079 χαίρειν,
1661 5003 1744 5059 ὅτι
1790 5005 1852 5059 τὸ
1900 5011 2057 5077 μῖσος

404 5096 501 5146 τοῦ
549 5092 762 5165 κόσμου
814 5089 1046 5146 δείκνυσι
1094 5090 1222 5154 τοὺς
1269 5092 1650 5154 πιστεύσαντας
1702 5089 2060 5165 μεταϐεϐηκέ-

403 5202 488 5236 ναι
517 5181 610 5236 ἀπ’
642 5182 806 5237 αὐτοῦ
837 5181 1048 5255 κόσμου
1083 5225 1098 5252 ,
1141 5181 1232 5236 καὶ
1281 5182 1416 5235 εἶναι
1448 5181 1640 5237 λοιπὸν
1667 5191 1767 5252 τῆς
1810 5183 2059 5260 οὐρανίου

403 5269 681 5333 πολιτείας
721 5315 732 5326 .
772 5270 868 5326 Καὶ
900 5270 951 5325 έν
993 5275 1072 5343 τῷ
1109 5269 1256 5326 τέλει
1297 5269 1354 5326 δὲ
1398 5275 1502 5340 τῆς
1535 5271 1862 5342 Ἐπιστολῆς
1892 5273 2056 5329 πάλιν

406 5363 819 5433 ὑπομιμνήσκει
853 5359 1028 5435 λέγων
1066 5407 1082 5431 ,
1113 5359 1195 5415 ὅτι
1247 5359 1275 5413 ὀ
1304 5365 1402 5415 τοῦ
1432 5365 1566 5416 Θεοῦ
1617 5362 1742 5424 Υἱὸς
1792 5365 1904 5431 ζωὴ
1933 5363 2062 5418 αἰώ-

2172 3418 2237 3468 ut
2259 3429 2364 3467 nos
2386 3415 2592 3466 mutuo
2609 3407 2957 3480 diligamus:
2979 3414 3280 3479 prepterea
3301 3404 3453 3476 quod
3479 3409 3536 3459 et
3552 3401 3822 3457 Christus

2172 3501 2374 3558 dilexit
2402 3517 2528 3555 nos.
2554 3497 2802 3554 Disserit
2832 3497 3029 3568 itaque
3050 3497 3120 3551 de
3153 3493 3478 3550 differentia
3506 3491 3738 3547 timoris
3766 3495 3825 3547 et

2173 3590 2522 3654 dilectionis,
2545 3587 2800 3642 filiorum
2839 3586 2934 3641 Dei
2965 3589 3022 3642 et
3050 3583 3305 3640 ﬁliorum
3333 3581 3569 3649 diaboli,
3591 3584 3661 3636 de
3686 3597 3822 3652 pec-

2172 3685 2301 3737 cato
2333 3677 2587 3742 mortali,
2620 3681 2677 3731 et
2717 3693 2830 3730 non
2880 3673 3132 3742 mortali,
3167 3674 3237 3728 de
3269 3670 3597 3728 differentia
3645 3669 3823 3742 spiri-

2171 3775 2363 3826 tuum.
2398 3766 2686 3822 Discernit
2715 3765 2976 3830 demum,
3007 3761 3278 3834 quisnam
3312 3762 3556 3833 spiritus
3585 3775 3654 3815 ex
3689 3759 3822 3824 Deo,

2173 3859 2305 3931 quis
2335 3873 2470 3912 vero
2519 3852 2878 3911 seductionis
2909 3853 3004 3919 sit,
3031 3857 3087 3907 et
3116 3852 3352 3923 quando
3401 3863 3826 3921 cognoscamur

2173 3948 2276 4003 filii
2312 3947 2681 4019 Dei,quando
2711 3960 2844 3999 vero
2876 3942 3112 3998 diaboli.
3137 3942 3275 3997 Item
3311 3958 3413 4012 pro
3437 3957 3551 4012 quo
3585 3942 3821 4011 peccato

2172 4053 2336 4092 orare
2367 4036 2707 4091 debeamus.
2739 4033 2808 4088 Et
2855 4033 3009 4104 quod
3065 4033 3364 4086 vocatione
3409 4029 3689 4100 indignus
3721 4026 3819 4094 sit,

2171 4141 2278 4180 nec
2305 4123 2517 4179 Christi
2551 4139 2678 4177 esse
2709 4121 2822 4176 dici
2856 4121 3059 4191 possit,
3085 4123 3185 4190 qui
3218 4119 3545 4189 proximum
3581 4133 3694 4172 non
3729 4115 3822 4169 di-

2173 4213 2319 4285 ligit.
2356 4212 2640 4270 Unitatem
2692 4210 2867 4265 etiam
2920 4208 3044 4263 Filii
3080 4225 3212 4263 cum
3248 4209 3415 4263 Patre
3460 4205 3735 4274 ostendit,
3768 4208 3826 4261 et

2170 4299 2325 4371 quod
2359 4297 2456 4370 qui
2482 4295 2694 4351 Filium
2728 4300 2921 4367 negat,
2947 4311 3050 4349 nec
3073 4295 3301 4349 Patrem
3336 4294 3549 4348 habeat
3601 4292 3822 4348 Discer-

2169 4388 2257 4443 nit
2281 4402 2516 4458 quoque
2545 4385 2604 4440 in
2636 4385 2747 4440 hac
2777 4383 3050 4456 Epistola,
3081 4383 3376 4455 quodnam
3411 4383 3490 4436 sit
3521 4381 3819 4452 proprium

2171 4476 2529 4539 Antichristi,
2565 4492 2773 4546 nempe
2823 4474 2952 4537 hoc,
2986 4473 3036 4528 si
3068 4473 3221 4528 146
3267 4473 3423 4526 dicat
3474 4473 3670 4525 Jesum
3705 4487 3822 4525 non

2168 4585 2296 4624 esse
2327 4566 2648 4632 Christum,
2682 4565 2762 4620 ita
2794 4568 2857 4618 ut
2897 4564 3062 4634 quasi
3114 4562 3212 4618 ille
3261 4578 3376 4616 non
3426 4560 3522 4630 sit,
3557 4559 3820 4630 seipsum

2169 4657 2415 4711 mendax
2447 4655 2543 4709 ille
2574 4655 2730 4709 dicat
2776 4669 2905 4709 esse
2949 4652 3266 4706 Christum.
3301 4650 3576 4705 Hortatur
3624 4653 3820 4703 autem

2170 4762 2274 4817 per
2306 4749 2486 4800 totam
2538 4741 2857 4816 Epistolam
2891 4759 2988 4798 eos
3021 4741 3119 4813 qui
3165 4741 3408 4795 Domino
3458 4739 3723 4806 credunt,
3759 4743 3825 4792 ut

2170 4851 2242 4889 ne
2274 4834 2471 4888 animo
2521 4833 2640 4887 sint
2690 4831 2937 4901 abjecto,
2973 4832 3019 4884 si
3053 4829 3186 4886 odio
3225 4829 3555 4884 habeantur
3605 4827 3665 4882 in
3716 4826 3824 4881 hoc

2171 4922 2425 4989 mundo;
2463 4921 2564 4976 sed
2599 4921 2785 4991 magis
2831 4920 3146 4991 gaudeant,
3179 4919 3330 4990 quod
3385 4917 3583 4972 odium
3619 4915 3824 4970 mundi

2171 5011 2350 5082 hujus
2383 5010 2634 5066 declaret
2677 5009 2978 5064 credentes
3026 5008 3310 5079 migrasse
3342 5023 3408 5061 cx
3441 5005 3547 5060 hoc
3582 5005 3823 5073 mundo;

2170 5104 2227 5156 et
2258 5100 2500 5172 posthac
2531 5098 2858 5153 conversari
2895 5097 2950 5151 in
2985 5096 3164 5152 ccelis.
3191 5097 3258 5150 Et
3287 5096 3342 5149 in
3380 5094 3531 5149 calce
3557 5091 3822 5164 Epistolas

2169 5192 2380 5244 iterum
2433 5189 2707 5244 admonet
2755 5185 2965 5241 Filium
3011 5186 3105 5240 Dei
3139 5201 3265 5239 esse
3313 5185 3490 5238 vitam
3543 5185 3820 5236 aeternam

2172 5295 2239 5334 ac
2268 5295 2468 5333 verum
2501 5281 2704 5343 Deum,
2733 5282 2791 5331 et
2823 5279 2889 5332 ut
2916 5274 3002 5329 illi
3034 5273 3376 5337 serviamus,
3411 5286 3632 5341 nosque
3664 5269 3825 5340 ipsos

2173 5368 2245 5422 ab
2277 5367 2449 5421 idolis
2481 5366 2906 5422 custodiamus.

402 5450 515 5512 νιός
548 5451 679 5522 ἐστι,
713 5449 803 5504 καὶ
835 5450 965 5512 Θεὸς
999 5447 1285 5520 ἀληθινὸς,
1316 5450 1405 5504 καὶ
1432 5447 1525 5505 τίνα
1551 5450 1732 5524 τούτῳ
1763 5449 2134 5526 δουλεύωμεν,
2157 5455 2246 5508 καὶ
2278 5453 2636 5531 φυλάττωμεν
2672 5450 2890 5513 ἑαυτοὺς
2919 5450 3026 5505 ἀπὸ
3053 5453 3160 5504 τῶν
3195 5445 3462 5502 εἰδώλων.

706 5617 962 5691 Πέμπτη,
996 5617 1160 5672 πάλιν
1189 5615 1280 5671 καὶ
1313 5616 1447 5688 αὕτη
1489 5617 1759 5674 Ἰωάννου.

475 5749 565 5803 56.
599 5744 813 5816 Ταύτην
856 5743 931 5806 ὡς
981 5738 1346 5821 πρεσϐύτερος
1389 5745 1586 5823 γράφει
1622 5743 1784 5820 κορίᾳ
1827 5745 1917 5801 καὶ
1946 5751 2062 5810 τοῖς

2624 5625 2855 5693 Quinta,
2887 5626 2938 5676 et
2965 5623 3086 5693 ipsa
3112 5619 3358 5676 Joannis.

2241 5749 2330 5804 56.
2369 5749 2527 5804 Hanc
2557 5745 2724 5817 quasi
2767 5744 2962 5802 senior
2994 5741 3241 5800 dominae
3275 5741 3481 5798 scribit
3523 5741 3580 5793 et
3620 5733 3821 5789 liberis
