4170 6362
348 360 460 418 411

1551 357 1616 418 S.
1663 353 2186 417 ATHANASIUS.
2219 383 2298 400 —
2327 353 2592 415 DUBIA.

3649 359 3780 419 “2

348 495 500 563 ejus.
532 493 634 548 Est
665 497 857 548 autem
911 497 1329 566 argumentum
1377 491 1648 566 Epistolis
1681 491 1794 548 tale
1821 507 1835 545 :
1859 489 2006 545 Cum

2137 487 2330 548 τέκνοις
2360 487 2548 557 αὐτῆς.
2583 488 2646 544 Ἥ
2694 485 2750 543 δὲ
2778 487 3045 566 πρόφασις
3091 495 3192 558 τῆς
3225 487 3556 558 Ἐπιστολῆς
3617 490 3781 562 αὕτη’

348 583 569 637 videret
601 581 818 638 liberos
851 582 1027 654 hujus
1060 587 1212 638 recte
1244 582 1301 636 in
1337 583 1448 638 {ide
1480 579 1831 645 conversari,
1860 578 2010 634 mul-

347 677 438 726 tos
471 675 668 725 autem
711 672 1048 726 seductores
1092 671 1427 738 circumire,
1462 671 1559 742 qui
1612 671 1875 725 dicerent
1906 669 2014 722 ad-

350 766 590 815 ventum
618 761 833 815 Christi
864 761 919 814 in
944 777 1118 816 carne
1140 777 1254 815 non
1279 777 1407 816 esse
1432 760 1672 825 factum,
1694 756 2014 830 Epistolam

350 848 501 904 hanc
551 849 775 904 scribit.
809 851 879 904 Et
928 849 1216 922 principio
1261 850 1496 920 quidem
1552 849 1753 902 laudat
1802 847 2015 900 liberos

351 939 501 1010 ejus,
550 939 706 1009 quod
758 938 904 993 liene
953 939 1356 1009 procederent.
1396 939 1611 992 Deinde
1663 937 1828 990 doret
1885 935 2017 988 fidei

353 1033 564 1082 nostra;
597 1027 940 1098 mysterium
986 1043 1099 1081 non
1146 1043 1274 1081 esse
1329 1043 1552 1082 recens.
1584 1026 1861 1080 Hortatur
1909 1025 2014 1078 ite-

353 1134 484 1171 rum
542 1117 611 1170 ad
662 1115 1057 1184 dilectionem,
1096 1120 1152 1170 et
1201 1121 1264 1170 ut
1316 1121 1594 1170 maneant
1640 1115 1699 1170 in
1755 1114 2020 1168 doctrina

354 1205 662 1276 quaeipsis
713 1209 837 1259 erat
889 1205 1126 1258 tradita.
1161 1205 1444 1275 Deinceps
1494 1205 1661 1259 docet
1709 1221 1834 1269 eos,
1866 1203 2017 1258 anti-

354 1293 642 1348 christum
674 1309 824 1360 esse,
853 1292 952 1363 qui
983 1293 1284 1348 Christum
1331 1293 1389 1346 in
1437 1309 1609 1347 carne
1643 1309 1755 1347 non
1789 1291 2020 1345 venisse

355 1383 529 1437 dicat.
572 1381 893 1436 Denuntiat
945 1386 1139 1436 autem
1194 1380 1336 1449 illis,
1393 1398 1463 1436 ne
1513 1397 1632 1447 eos,
1685 1381 1784 1453 qui
1841 1379 2022 1450 huju-

355 1471 544 1527 smodi
579 1470 824 1540 sunt,in
879 1470 1120 1524 domum
1163 1486 1331 1525 suam
1386 1470 1702 1542 quisquam
1758 1469 2019 1540 recipiat,

354 1577 544 1632 neque
576 1560 824 1615 salutem
860 1558 976 1614 illis
1026 1559 1210 1625 dicat,
1242 1569 1420 1631 atque
1467 1559 1548 1614 ita
1580 1559 1857 1614 terminat
1887 1557 2024 1630 Epi-

359 1648 597 1705 stolam.

841 1738 1012 1792 Sexta
1042 1740 1095 1792 et
1125 1738 1249 1808 ipsa
1279 1738 1543 1793 Joannis.

422 1828 513 1882 57.
538 1831 668 1882 Haec
700 1843 936 1898 quoque
971 1826 1218 1882 Joannis
1251 1831 1357 1897 est,
1385 1830 1449 1880 ut
1481 1831 1538 1882 et
1571 1825 1877 1898 inscriptio
1911 1825 2018 1881 ha-

353 1917 470 1972 bet.
498 1916 672 1971 Missa
702 1921 791 1970 est
819 1923 1015 1971 autem
1051 1917 1122 1970 ad
1148 1915 1378 1970 Gaium.
1405 1916 1470 1970 Et
1495 1915 1752 1988 primum
1778 1915 2017 1986 quidem

352 2006 559 2062 laudat
575 2022 706 2060 eum
729 2011 966 2077 propter
986 2005 1387 2060 testimonium
1410 2003 2017 2076 hospitalitatis,quod

355 2095 609 2150 habebat
629 2095 700 2150 ab
723 2093 1020 2160 omnibus,
1043 2093 1428 2164 hortaturque
1451 2110 1608 2162 eum,
1632 2097 1698 2147 ut
1726 2093 1785 2148 in
1810 2110 2020 2165 propo-

353 2183 466 2238 sito
499 2183 792 2254 persistat,
826 2199 892 2238 ac
942 2183 1154 2238 fratres
1187 2183 1442 2237 deducat
1473 2199 1538 2237 ac
1571 2181 1832 2254 recipiat.
1869 2183 2021 2238 Rur-

357 2289 490 2328 sum
523 2270 727 2326 laudat
756 2273 886 2342 ejus
939 2271 1326 2342 propositum.
1361 2275 1614 2327 Accusat
1660 2276 1856 2326 autem
1885 2271 2019 2327 Dio-

356 2362 626 2433 trephen,
659 2362 812 2432 quod
848 2361 899 2416 is
931 2377 1046 2416 non
1081 2359 1272 2416 solum
1306 2360 1453 2415 nihil
1487 2361 1770 2432 praeberet
1800 2377 2022 2433 paupe-

359 2449 545 2520 ribus,
577 2450 678 2504 sed
712 2449 887 2504 etiam
942 2448 1088 2505 alios
1140 2448 1491 2519 prohiberet,
1527 2465 1592 2504 ac
1621 2449 1810 2505 multa
1839 2466 2023 2522 nuga-

361 2541 544 2593 retur.
577 2537 750 2592 Tales
795 2541 988 2593 autem
1041 2537 1266 2593 alienos
1317 2555 1446 2594 esse
1492 2537 1635 2593 dicit
1681 2555 1715 2594 a
1759 2539 2019 2609 veritate,

365 2641 553 2697 neque
576 2641 925 2697 cognoscere
950 2626 1157 2682 Deum.
1187 2627 1542 2682 Demetrium
1563 2644 1695 2682 vero
1722 2643 2022 2683 commen-

361 2715 481 2784 dat,
516 2715 805 2786 optimum
838 2714 923 2769 illi
955 2715 1364 2771 testimonium
1398 2716 1774 2788 impendens.

959 2841 1225 2912 Septima,
1257 2841 1432 2898 Judas.

434 2929 524 2984 58.
557 2928 736 2995 Hanc,
771 2929 1271 3000 quemadmodum
1317 2930 1431 2986 fert
1475 2930 1804 3002 inscriptio,
1837 2931 2022 2988 Judas

369 3017 688 3088 Epistolam
719 3018 961 3090 scripsit
990 3017 1064 3074 iis
1095 3018 1195 3090 qui
1218 3020 1345 3091 jam
1375 3020 1765 3075 crediderant.
1794 3021 1896 3076 Est
1924 3038 2024 3077 au-

367 3111 486 3162 tem
519 3112 930 3179 argumentum
977 3107 1105 3176 ejus
1138 3106 1254 3162 tale
1287 3123 1298 3161 :
1333 3111 1476 3162 Cum
1509 3109 1748 3180 quidam
1782 3110 2023 3165 fraudu-

368 3196 552 3252 lenter
581 3195 831 3268 ingressi
861 3196 1154 3265 docerent,
1174 3196 1516 3252 indifferens
1536 3214 1664 3253 esse
1695 3203 2022 3269 peccatum,
2055 3220 2098 3287 ρ

366 3286 539 3342 etiam
575 3301 779 3340 eorum
812 3285 910 3356 qui
945 3285 1259 3340 Dominum
1293 3290 1530 3357 negant,
1556 3281 1793 3343 necesse
1824 3287 2027 3344 habuit

367 3378 432 3429 ut
477 3373 780 3440 scriberet,
815 3377 873 3430 et
921 3378 1124 3430 cautos
1172 3374 1439 3430 redderet
1485 3375 1710 3433 fratres.
1743 3377 1813 3432 Et
1860 3377 2026 3434 initio

368 3463 606 3535 quidem
659 3461 930 3517 hortatur
980 3477 1079 3518 eos
1124 3466 1188 3517 ut
1239 3469 1480 3532 certent,
1516 3468 1690 3535 atque
1722 3465 1781 3519 in
1813 3465 2026 3521 tradita

370 3550 486 3606 sibi
519 3550 630 3606 ﬁde
671 3555 966 3606 maneant.
1001 3550 1222 3607 Deinde
1253 3552 1524 3623 repudiat
1557 3552 1697 3608 tales
1739 3557 2024 3625 tanquam

369 3640 732 3704 seductores,
773 3643 830 3695 et
878 3639 1188 3695 denuntiat
1234 3656 1306 3695 ne
1349 3657 1591 3712 prorsus
1649 3641 1830 3697 ullam
1890 3659 2024 3698 cum

369 3728 518 3802 ipsis
544 3729 1018 3784 communionem
1046 3728 1348 3796 haberent,
1376 3729 1626 3785 scientes
1647 3747 1762 3786 non
1785 3748 1915 3788 esse
1941 3750 2027 3787 sa-

370 3818 449 3873 tis
480 3819 633 3890 quod
658 3817 842 3873 vocati
864 3817 1074 3887 simus,
1099 3817 1214 3873 nisi
1245 3817 1420 3873 etiam
1454 3819 1627 3891 digne
1653 3819 2027 3876 ambulemus

370 3907 696 3963 vocatione.
720 3906 1024 3979 Siquidem
1059 3911 1118 3962 et
1147 3907 1400 3978 priorem
1432 3907 1717 3979 populum
1742 3909 2026 3966 Dominus

372 4012 442 4052 ex
469 3996 714 4068 [Egypto
747 3997 1048 4064 eductum,
1080 4012 1213 4052 cum
1259 3995 1318 4050 in
1351 3997 1466 4051 fido
1496 3997 1717 4053 videret
1750 4015 1865 4054 non
1898 4015 2026 4072 per-

373 4085 604 4154 sistere,
648 4083 1002 4156 perdiderit:
1034 4087 1091 4140 et
1121 4085 1346 4155 angelis
1387 4085 1651 4140 ordinem
1703 4104 1877 4143 suum
1911 4105 2025 4144 non

373 4172 866 4242 custodientibus,
902 4190 1015 4228 non
1071 4174 1416 4245 pepercerit.
1441 4174 1718 4246 Oportere
1743 4177 1925 4249 igitur
1955 4179 2027 4234 ab

372 4262 714 4334 hujusmodi
791 4261 1132 4318 hominibus
1199 4264 1487 4320 secedere.
1559 4265 1627 4320 Et
1685 4265 2027 4324 Michaelem

374 4366 630 4423 namque
647 4350 1065 4424 archangelum
1085 4369 1199 4408 non
1217 4352 1575 4408 sustinuisse
1596 4352 2026 4426 blasphemiam

375 4438 614 4496 diaboli.
662 4440 842 4496 Docet
883 4441 1082 4512 itaque
1131 4440 1518 4513 perditionem
1570 4442 1820 4500 istorum
1879 4445 2030 4500 sicut

375 4527 765 4585 Sodomorum
802 4530 1082 4585 futuram.
1119 4530 1253 4586 Post
1280 4529 1402 4586 haec
1441 4530 1786 4590 adhortatus
1818 4534 1890 4589 ad
1923 4534 2028 4589 bo-

2123 577 2298 647 Ὁρῶν
2330 574 2396 630 τὰ
2443 577 2604 630 τέκνα
2653 575 2854 646 ταύτης
2904 574 3089 639 καλῶς
3123 576 3562 656 ἀναστρεφόμενα
3608 578 3660 633 έν
3703 583 3772 653 τῇ

2125 664 2320 734 πίστει,
2354 663 2443 718 καὶ
2470 663 2719 726 πολλοὺς
2748 664 2988 726 πλάνους
3040 666 3520 741 περιερχομένους,
3548 668 3637 722 καὶ
3687 668 3777 723 λέ-

2125 774 2318 829 γοντας
2373 754 2448 825 μή
2501 753 2635 808 εἶναι
2677 754 2777 821 τὴν
2820 753 3114 827 παρουσίαν
3148 757 3246 808 τοῦ
3280 759 3516 828 Χριστοῦ
3554 754 3604 810 ἐν
3653 777 3779 831 σαρ-

2125 842 2202 908 κὶ,
2254 843 2448 920 γράφει
2493 843 2593 911 τὴν
2645 841 2998 913 Ἐπιστολήν,
3031 843 3129 897 Καὶ
3170 847 3384 918 πρῶτον
3443 844 3534 914 μὶν
3582 842 3782 899 ἀποδέ-

2129 952 2283 1007 χεται
2343 931 2510 1001 αὐτῆς
2568 932 2634 985 τὰ
2689 931 2848 986 τέκνα
2906 931 3092 994 καλῶς
3165 937 3582 1003 περιπατοῦντα’
3647 934 3781 1002 εἶτα,

2129 1018 2395 1076 διδάσκων
2433 1022 2509 1094 μὴ
2559 1022 2820 1096 νεώτερον
2855 1021 2984 1077 εἶναι
3033 1022 3095 1076 τὸ
3125 1023 3243 1084 καθ’
3272 1025 3420 1094 ἡμᾶς
3458 1025 3782 1098 μυστήριον,

2127 1116 2378 1186 παραινεῖ
2414 1108 2580 1165 πάλιν
2612 1111 2734 1186 περῖ
2765 1109 2999 1186 ἀγάπης,
3032 1111 3121 1165 καὶ
3165 1109 3255 1164 ’ἱνα
3309 1111 3562 1183 μείνωσιν
3615 1111 3664 1165 ἐν
3715 1116 3784 1185 τῇ

2131 1197 2333 1276 διδαχῇ
2365 1203 2433 1274 τῇ
2481 1197 2847 1275 παραδοθείσῃ
2894 1199 3100 1262 αὐτοῖς.
3137 1199 3230 1254 Καί
3289 1199 3482 1255 λοιπὸν
3544 1198 3784 1255 διδάσκει

2130 1288 2474 1364 ἆντίχριστον
2509 1290 2638 1344 εἷναι
2671 1288 2762 1342 τὸν
2797 1286 3026 1364 λέγοντα
3062 1290 3136 1362 μὴ
3171 1287 3222 1343 ἰν
3258 1289 3414 1364 σαρκὶ
3459 1289 3786 1360 ἐληλυθέναι

2130 1377 2220 1433 τὸν
2255 1376 2504 1452 Χριστόν.
2535 1375 2908 1453 Παραγγέλλει
2942 1375 3018 1448 δὲ,
3053 1377 3192 1432 ὥστε
3235 1379 3311 1451 μὴ
3363 1375 3614 1453 δέχεσθαι
3659 1376 3787 1441 τοὺς

2130 1467 2413 1529 τοιούτους
2442 1466 2563 1521 τινὰ
2595 1466 2670 1528 εἷς
2701 1465 2900 1536 οἰκίαν,
2937 1463 3074 1538 μηδὲ
3108 1465 3288 1541 λέγειν
3319 1465 3504 1530 αὐτοῖς
3547 1465 3788 1544 χαίρειν,

2132 1554 2220 1611 καί
2253 1555 2424 1618 οὕτως
2458 1555 2665 1611 τελειοῖ
2692 1556 2791 1625 τὴν
2828 1554 3180 1627 Ἐπιστολήν.

2447 1675 2644 1743 Ἔκτη,
2685 1671 2850 1728 πάλιν
2891 1672 2981 1727 καὶ
3021 1671 3155 1743 αὕτη
3201 1671 3472 1728 Ἰωάννου.

2204 1782 2295 1838 57.
2344 1780 2446 1836 Καὶ
2493 1778 2627 1849 αὕτη
2680 1781 2931 1834 Ἰωάννου
2985 1778 3078 1852 μέν
3129 1778 3261 1849 ἐστι,
3311 1779 3490 1842 καθὼς
3533 1776 3621 1834 καί
3672 1777 3784 1832 ἐπι-

2052 1863 2098 1928 Β
2129 1871 2448 1946 γέγραπται.
2486 1867 2840 1924 Ἐπέσταλται
2890 1866 2947 1923 δὲ
2991 1868 3125 1944 πρὸς
3179 1867 3361 1925 Γάϊον.
3411 1867 3510 1923 Καὶ
3568 1873 3787 1944 πρῶτον

2132 1960 2225 2033 μὲν
2289 1955 2618 2034 ἀποδέχεται
2681 1957 2841 2013 αὐτὸν
2905 1957 3348 2034 μαρτυρούμενον
3411 1957 3515 2012 ὑπὸ
3573 1957 3788 2012 πάντων

2131 2047 2217 2104 ἐπὶ
2251 2045 2548 2121 φιλοξενίᾳ,
2580 2047 2669 2102 καὶ
2699 2047 2990 2123 προτρέπει
3021 2051 3089 2120 τῇ
3129 2047 3264 2117 αὐτῆ
3313 2045 3562 2117 προθέσει
3612 2067 3781 2123 προσ-

2135 2137 2332 2212 μένειν,
2363 2136 2452 2191 καὶ
2483 2137 2830 2212 προπέμπειν
2857 2135 2946 2191 καὶ
2979 2133 3281 2206 δεξιοῦσθαι
3325 2135 3452 2198 τοὺς
3493 2133 3782 2214 ἀδελφούς.

2134 2226 2302 2282 Πάλιν
2338 2223 2395 2280 δὲ
2425 2225 2588 2281 αὐτοῦ
2624 2227 2717 2298 μὲν
2743 2227 2844 2294 τήν
2877 2224 3129 2299 πρόθεσιν
3163 2221 3518 2300 ἀποδέχεταιο
3551 2224 3788 2280 αἰτιᾶται

2133 2313 2191 2370 δὲ
2221 2321 2510 2391 Διοτρεφῆ,
2543 2314 2618 2376 ὡς
2654 2315 2792 2386 μήτε
2821 2313 2979 2369 αὐτὸν
3012 2313 3322 2390 παρέχοντα
3359 2319 3479 2376 τοῖς
3509 2319 3786 2390 πτωχοῖς,

2131 2403 2277 2460 ἀλλὰ
2304 2403 2394 2458 καὶ
2425 2402 2710 2459 κωλύοντα
2737 2403 2866 2466 τοὺς
2900 2399 3129 2472 ἄλλους,
3153 2403 3241 2458 καὶ
3273 2401 3460 2459 πολλὰ
3489 2401 3789 2481 φλυαροῦν-

2129 2515 2214 2550 τα.
2237 2495 2377 2556 Τοὸς
2413 2489 2471 2547 δὶ
2499 2491 2782 2554 τοιούτους
2815 2490 2961 2568 λέγει
2991 2490 3320 2568 ἀλλοτρίους
3355 2494 3490 2546 εἶναι
3519 2499 3618 2562 τῆς
3652 2491 3789 2562 ἀλη-

2132 2582 2300 2653 θείας,
2330 2583 2422 2637 καὶ
2457 2580 2598 2654 μηδὲ
2625 2578 2826 2636 εἰδέναι
2853 2582 2945 2636 τὸν
2997 2579 3148 2636 Θεόν.
3185 2583 3500 2657 Δημήτριον
3554 2578 3613 2636 δὶ
3660 2602 3785 2635 συν-

2135 2671 2312 2744 ίστησι
2346 2675 2633 2749 μαρτυρῶν
2667 2669 2814 2743 αὐτῷ
2846 2669 2911 2724 τὰ
2935 2668 3222 2728 κάλλιστα.

2701 2789 2972 2868 Ἑϐδόμη.
3015 2792 3211 2851 Ἰούδα.

2201 2906 2291 2962 58.
2324 2902 2558 2974 Ταύτην,
2587 2904 2764 2966 καθὼς
2813 2901 2902 2956 καὶ
2952 2901 3365 2977 ἐπιγέγραπται,
3399 2897 3604 2962 Ἰούδας
3647 2900 3777 2977 γρά-

2133 3015 2218 3072 φει
2247 2994 2346 3063 τὴν
2373 2989 2701 3061 Ἐπιστολὴν
2733 2996 2849 3053 τοῖς
2875 2987 2984 3062 ἤδη
3018 2989 3458 3048 πιστεύσασιν.Ἡ
3491 2988 3546 3045 δὲ
3577 2989 3783 3066 πρόφα-

2138 3104 2219 3145 σις
2275 3081 2433 3153 αὕτη·
2493 3079 2963 3158 Ηαρεισελθόντων
3049 3081 3212 3134 τινῶν
3271 3081 3359 3134 καῖ
3419 3077 3779 3134 διδασκόντων

2135 3170 2429 3249 ἀδιάφορον
2488 3171 2621 3226 εἶναι
2679 3171 2776 3238 τήν
2821 3169 3111 3246 ἁμαρτίαν,
3147 3168 3236 3224 καὶ
3295 3170 3642 3245 ἀρνουμένων
3689 3167 3781 3224 τὸν

2135 3259 2352 3337 Κύριον,
2396 3261 2632 3336 ἀνάγκην
2667 3255 2796 3336 ἔσχε
2836 3256 3058 3335 γράψαι,
3088 3257 3177 3313 καὶ
3225 3256 3611 3334 ἀσφαλίσασθαι
3657 3256 3784 3320 τοὺς

2136 3348 2422 3428 ἀδελφούς.
2459 3348 2559 3406 Καὶ
2592 3353 2807 3425 πρῶτον
2845 3348 2940 3420 μὲν
2986 3347 3292 3421 παρακαλεῖ
3337 3347 3533 3409 αὐτοὺς
3591 3345 3787 3422 ἀγωνί-

2138 3444 2315 3508 ζεσθαι
2348 3439 2436 3494 καὶ
2487 3437 2735 3511 ἐμμένειν
2790 3441 2858 3511 τῇ
2919 3435 3283 3514 παραδοθείσῃ
3341 3435 3524 3498 αὐτοῖς
3579 3434 3786 3491 πίστειν

2135 3526 2318 3583 ἔπειτα
2375 3526 2741 3602 ἀποκηρύττει
2798 3525 2924 3589 τοὺς
2979 3525 3265 3588 τοιούτους
3295 3526 3368 3588 ὡς
3407 3524 3787 3594 πλάνους,καὶ

2135 3615 2503 3693 παραγγέλλει
2542 3611 2811 3688 μηδεμίαν
2867 3614 3060 3678 αὐτοὺς
3113 3614 3258 3690 ἔχειν
3318 3613 3600 3668 κοινωνίαν
3661 3613 3786 3688 περὶ

2134 3705 2261 3767 τοὺς
2318 3703 2620 3776 τοιούτους,
2656 3703 2888 3774 εἰδότας,
2921 3704 3003 3760 ὅτι
3064 3703 3162 3760 οὐκ
3222 3705 3374 3775 ἀρκεῖ
3419 3703 3481 3758 τὸ
3511 3701 3784 3772 κληθῆναι

2141 3794 2322 3868 μόνον,
2357 3793 2443 3848 ἐὰν
2481 3794 2557 3866 μὴ
2611 3793 2698 3848 καὶ
2759 3793 2918 3865 ἀξίως
2977 3794 3432 3870 περιπατήσωμεν
3485 3799 3583 3861 τῆς
3639 3789 3785 3860 κλή-

2136 3905 2287 3945 σεως.
2323 3881 2418 3938 Καὶ
2453 3883 2555 3959 γάρ
2583 3882 2670 3938 καὶ
2701 3883 2789 3938 τὸν
2824 3883 3084 3958 πρότερον
3117 3881 3245 3937 λαὸν
3279 3879 3330 3952 ἐξ
3379 3881 3660 3956 Αίγύπτου
3705 3880 3785 3950 ἐξ·

2136 3974 2352 4048 αγαγὼν
2389 3973 2416 4027 ὁ
2447 3972 2664 4049 Κύριος,
2697 3973 2785 4028 καὶ
2841 3973 2915 4046 μή
2965 3971 3292 4045 ἐμμείναντα
3341 3969 3408 4045 τῇ
3460 3970 3634 4025 πίστει
3682 3970 3783 4024 ἐω-

2138 4062 2334 4138 ρακὼς,
2369 4061 2635 4118 ἀπώλεσε·
2669 4063 2756 4117 καὶ
2792 4060 3032 4138 ἀγγέλων
3069 4058 3125 4116 δὲ
3161 4061 3237 4134 μὴ
3276 4059 3633 4136 τηρησάντων
3686 4060 3784 4128 τήν

2136 4149 2274 4207 ἰδίαν
2304 4151 2448 4223 τάξιν
2483 4151 2582 4206 οὐκ
2611 4150 2876 4230 ἐφείσατο.
2913 4157 2999 4206 Δεῖ
3057 4148 3148 4204 οὖν
3210 4149 3316 4204 ἀπὸ
3372 4155 3480 4204 τῶν
3521 4147 3788 4204 τοιούτων

2135 4241 2465 4318 ἀναχωρεῖν.
2500 4240 2597 4295 Καὶ
2650 4241 2753 4315 γὰρ
2803 4238 2892 4294 καί
2928 4237 3159 4314 Μιχαὴλ
3212 4240 3240 4293 ὁ
3289 4236 3634 4313 ἀρχάγγελος
3685 4236 3794 4312 οὐχ

2139 4331 2408 4405 ὑπήνεγκε
2471 4327 2822 4406 βλασφημίαν
2883 4332 2980 4381 τοῦ
3039 4321 3608 4388 διαϐόλου.Ἒσεσθαι
3659 4328 3790 4398 γοῦν

2135 4421 2234 4489 τὴν
2265 4417 2539 4474 ἀπώλειαν
2574 4417 2748 4471 αὐτῶν
2783 4416 2855 4478 ὡς
2889 4413 3154 4486 Σοδόμων
3187 4410 3444 4468 διδάσκει.
3481 4415 3613 4469 Εἶτα
3651 4431 3787 4486 παρ-

2138 4512 2276 4562 αινεῖ
2307 4507 2384 4570 εἱς
2435 4507 2501 4560 τὰ
2547 4503 2681 4574 ἤθη,
2711 4503 2799 4559 καὶ
2852 4501 3213 4574 ὑπευξάμενος
3259 4500 3442 4563 αὐτοῖς
3497 4495 3787 4574 βεϐαιότη-

374 4634 482 4674 nos
513 4634 727 4688 mores,
750 4623 807 4674 et
838 4619 968 4674 fidei
1000 4619 1380 4676 stabilitatem
1411 4637 1444 4676 a
1473 4586 2023 4696 Domino—appreca-

2137 4616 2198 4652 τα
2233 4603 2335 4665 τῆς
2365 4593 2597 4656 πίστεως
2647 4592 2792 4668 παρὰ
2836 4595 2935 4646 τοῦ
2986 4588 3208 4664 Κυρίου,
3243 4586 3449 4645 τελειοῖ
3502 4590 3601 4660 τὴν
3636 4590 3786 4645 Ἐπι-

373 4711 492 4774 tus,
525 4705 744 4762 claudit
775 4706 1120 4779 Epistolam.

434 4814 599 4871 Liber
633 4813 739 4883 VII,
772 4814 1194 4891 Quatuordecim
1221 4816 1474 4891 Epistola:
1502 4818 1693 4891 Pauli,
1721 4835 1960 4891 quarum

830 4889 1026 4957 prima
1053 4891 1132 4944 est
1161 4888 1232 4944 ad
1267 4889 1555 4945 Romanos.

439 4975 529 5031 59.
565 4973 727 5030 Pauli
760 4980 1040 5032 vocantur
1085 4976 1372 5048 Epistolas,
1405 4983 1712 5051 propterea
1735 4979 1890 5051 quod
1923 4995 2022 5036 eas

369 5062 466 5119 ille
497 5064 759 5137 scripsit,
791 5068 848 5120 et
902 5081 1005 5136 per
1037 5065 1143 5122 has
1175 5083 1310 5122 cum
1359 5083 1476 5135 eos,
1511 5084 1660 5139 quos
1707 5067 1930 5124 viderat
1957 5085 2023 5124 ac

369 5154 668 5225 docuerat,
730 5154 1005 5211 admonet
1064 5172 1128 5210 ac
1191 5156 1452 5229 corrigit,
1511 5161 1638 5212 tum
1698 5173 1849 5228 quos
1906 5174 2023 5214 non

368 5243 613 5313 viderat,
648 5243 940 5300 instruere
971 5248 1217 5300 conatur
1255 5261 1321 5300 ac
1369 5246 1595 5316 docere,
1630 5247 1779 5302 147
1816 5263 2024 5318 quem-

371 5332 690 5389 admodum
722 5350 754 5389 a
784 5332 1118 5405 legentibus
1163 5333 1345 5389 cdisci
1395 5338 1604 5406 potest.
1638 5335 1795 5391 Hanc
1829 5341 2022 5392 autem

371 5419 442 5474 ad
477 5419 772 5477 Romanos
793 5423 1070 5479 Corintho
1101 5421 1362 5495 scripsit,
1393 5439 1526 5478 cum
1561 5425 1848 5480 Romanos
1881 5441 2023 5480 non-

369 5507 511 5562 dum
545 5510 784 5579 quidem
813 5512 1078 5582 vidisset,
1113 5511 1377 5568 audisset
1408 5527 1540 5568 vero
1574 5513 1644 5568 de
1673 5512 1812 5583 illis,
1847 5531 2027 5587 cupe-

369 5599 576 5666 retque
607 5598 800 5654 videre
842 5616 960 5657 eos.
994 5601 1063 5656 Et
1091 5599 1260 5656 initio
1291 5600 1528 5672 quidem
1580 5603 1780 5661 laudat
1829 5620 2026 5663 eorum

375 5685 572 5757 ﬁdem,
620 5704 798 5758 quam
848 5689 1082 5747 videbat
1129 5691 1346 5763 ubique
1394 5693 1754 5750 annuntiari.
1809 5694 2028 5754 Deinde

2131 4682 2358 4755 στολήν.

2131 4795 2355 4858 Βιϐλίον
2399 4797 2456 4870 ξ’,
2499 4797 2815 4870 Ἐπιστολαὶ
2857 4795 3088 4870 ΠαύλουΔ
3122 4791 3206 4852 ιδ’.
3247 4793 3468 4853 Τούτων
3507 4795 3704 4869 πρώτη
3746 4797 3782 4866 ἡ

2705 4869 2843 4947 πρὸς
2881 4865 3204 4944 Ῥωμαίους.

2206 4985 2298 5040 59.
2357 4979 2515 5040 Οὕτω
2571 4977 2888 5048 καλοῦνται,
2942 4973 3130 5044 ἐπειδὴ
3191 4975 3349 5036 αὐτὸς
3410 4978 3623 5036 Παῦλος
3679 4971 3792 5045 ἱδίᾳ

2132 5069 2325 5132 ταύτας
2355 5067 2718 5137 ἐπιστέλλων,
2749 5067 2839 5124 καὶ
2872 5065 2961 5123 διὰ
2988 5065 3222 5132 τούτων,
3255 5064 3347 5126 οὓς
3385 5064 3479 5136 μὶν
3524 5059 3634 5133 ἤδη
3687 5063 3790 5118 ἑώ-

2135 5180 2263 5238 ρακε
2309 5160 2397 5214 καὶ
2452 5156 2709 5229 ἐδίδαξεν,
2751 5157 3160 5230 ὑπομιμνήσκει
3215 5153 3304 5207 καὶ
3364 5150 3789 5228 ἐπιδιορθοῦται·

2137 5249 2226 5312 οὓς
2261 5247 2317 5304 δὲ
2351 5250 2428 5323 μὴ
2463 5249 2689 5324 ἑώρακε,
2724 5243 3011 5314 σπουδάζει
3042 5247 3307 5317 κατ-ηχεῖν
3360 5241 3448 5296 καὶ
3499 5239 3791 5311 διδάσκειν,

2137 5339 2210 5396 ὡς
2269 5335 2410 5394 ἔστιν
2472 5338 2562 5392 ἀπ’
2595 5335 2768 5393 αὐτῶν
2825 5339 2933 5391 τῶν
2969 5330 3406 5408 ἐντυγχανόντων
3436 5333 3786 5403 καταμαθεῖν.

2137 5425 2352 5497 Ταύτην
2388 5424 2448 5482 δὲ
2470 5428 2568 5495 τὴν
2629 5433 2764 5502 πρὸς
2795 5422 3100 5498 Ῥωμαίους
3155 5417 3463 5476 ἐπιστέλλει
3523 5420 3628 5474 ἀπὸ
3688 5426 3788 5474 Ko-

2139 5514 2342 5591 ρίνθου,
2381 5517 2548 5587 μήπω
2610 5515 2702 5588 μὶν
2762 5513 3016 5589 ἑωρακὼς
3066 5508 3392 5582 Ῥωμαίους,
3451 5507 3662 5563 ἀκούων
3732 5505 3790 5561 δὶ

2137 5603 2495 5682 περὶαύτῶν,
2523 5605 2613 5660 καὶ
2667 5603 2940 5659 ἐπιποθῶν
2989 5598 3185 5662 αὐτοὺς
3233 5595 3391 5654 ἱδεῖν.
3424 5598 3523 5653 Καὶ
3572 5599 3786 5672 πρῶτον

2139 5696 2236 5772 μὶν
2268 5691 2596 5771 ἀποδέχεται
2653 5694 2752 5765 τήν
2812 5689 2991 5749 πίστιν
3040 5688 3238 5762 αότῶν,
3267 5683 3788 5766 καταγγελλομάνην
