4170 6352
359 373 477 434 M3

1469 370 1844 431 SYNOPSIS
1891 369 2358 432 SCRIPTURE
2403 371 2697 434 SACRE.

3664 371 3783 431 414

359 507 499 583 ὁρῶν
558 508 864 581 πανταχοῦ’
918 502 1100 559 ἔπειτα
1161 501 1412 575 σημαίνει
1497 501 1769 564 πολλάκις
1829 502 2011 558 ἑαυτὸν

2131 504 2425 577 signiﬁcat
2454 523 2853 579 saepenumero
2886 507 3252 580 propositum
3293 507 3403 563 sibi
3458 506 3639 562 fuisse
3684 522 3780 561 ve-

409 616 428 628 .
506 595 526 628 ι
579 616 599 628 ρ
733 593 752 626 2
863 599 884 609 -ο
1012 594 1024 610 ε
1103 593 1114 610 ε
1217 592 1235 629 τ·
1340 591 1352 609 ’
1434 591 1446 626 .‘
1582 591 1592 610 ν
1822 592 1835 611 κ
1921 591 1939 623 ι

361 607 697 668 προθεμενον
733 593 910 657 ιλθειν
946 591 1034 648 δια
1062 614 1153 647 τον
1188 614 1262 654 ε.ς
1297 613 1492 654 αυτούς
1525 605 1717 664 ποθον,
1748 613 1837 646 και
1884 614 2019 654 τεως

364 686 438 758 μή
469 682 814 754 δεδυνῆσθαι.
848 683 946 738 Καὶ
976 682 1170 737 λοιπὸν
1207 679 1595 750 διδασκαλικὴν
1628 683 1725 749 τήν
1771 683 2018 738 Ἐπιστο-

361 772 463 843 λήν
524 778 760 828 ποιεῖται
819 772 942 846 περὶ
1002 770 1252 841 κλήσεως
1314 770 1618 842 ἐθνῶν,καὶ
1667 770 1815 840 ὅτιὴ
1867 791 2016 846 περι-

357 863 504 936 τομή
557 858 661 922 ἕως
714 865 908 937 καιροῦ
949 860 1040 928 ἦν,
1073 860 1162 914 καὶ
1213 864 1303 912 νῦν
1337 858 1622 914 πέπάυται·
1657 859 1745 914 καὶ
1801 860 1882 915 ὅτι
1933 857 2021 914 διὰ

357 957 452 1006 τοῦ
487 955 726 1024 Χριστοῦ
768 948 993 1005 λέλυται
1044 949 1106 1003 τὸ
1156 949 1504 1022 παράπτωμα
1556 953 1650 1002 τοῦ
1703 946 1896 1020 ’Δδᾶμ,
1929 947 2018 1002 καὶ

355 1043 391 1112 ἡ
428 1041 552 1096 σκιά
580 1045 676 1096 τοῦ
708 1038 882 1112 νόμου
914 1037 1183 1114 παρῆλθε.
1217 1039 1323 1107 Τήν
1373 1038 1465 1112 μὲν
1519 1037 1608 1092 οὖν
1660 1036 1856 1108 κλῆσιν
1909 1041 2015 1093 τῶν

360 1130 526 1196 ἐθνῶν
587 1127 904 1192 ἀκολούθως
965 1134 1286 1204 γεγενῆσθαι
1367 1127 1744 1197 κατασκευάζει
1821 1127 2018 1195 οὕτως,

366 1217 684 1280 ἀποδεικνὺς
715 1224 873 1272 πᾶσιν
907 1217 1216 1290 ἀνθρώποις
1249 1214 1485 1296 ἔμφυτον
1520 1217 1648 1272 εἶναι
1681 1218 1772 1272 τὸν
1823 1217 2017 1290 νόμον,

365 1317 455 1372 καὶ
487 1317 688 1378 πάντας
740 1311 1014 1386 ἀδιδάκτῳ
1063 1317 1130 1387 τῇ
1192 1314 1344 1392 φύσει
1399 1314 1487 1368 καὶ
1544 1313 1634 1369 ἀπ’
1695 1313 1861 1384 αὐτῆς
1916 1321 2017 1384 τῆς

363 1405 590 1467 κτίσεως
643 1402 895 1468 δύνασθαι
943 1403 1223 1479 γινώσκειν
1273 1403 1364 1458 τὸν
1415 1402 1565 1462 Θεόν.
1602 1403 1695 1458 Διὸ
1737 1404 1827 1458 καὶ
1875 1403 2016 1459 εἰκό-

357 1515 470 1557 τως
509 1494 748 1548 αίτιᾶται
784 1497 994 1569 πρῶτον
1022 1491 1326 1563 Ἕλληνας,
1357 1492 1430 1554 ὡς
1459 1497 1556 1547 τοῦ
1590 1493 1684 1566 μὶν
1736 1498 1868 1548 Θεοῦ
1917 1515 2016 1572 φα-

354 1583 697 1658 νερώσαντος
725 1583 908 1644 αὐτοῖς
944 1582 1002 1637 ἐκ
1029 1586 1137 1637 τῶν
1166 1581 1490 1655 ποιημάτων
1525 1587 1623 1637 τοῦ
1653 1583 1864 1655 κόσμου
1918 1583 2016 1651 τὴν

359 1672 480 1748 περὶ
516 1674 708 1728 ἑαυτοῦ
752 1675 974 1747 γνῶσιν,
1007 1672 1096 1726 καὶ
1146 1673 1244 1740 τῆς
1279 1669 1455 1726 ἀϊδίου
1505 1669 1783 1745 δυνάμεως
1832 1672 2017 1746 αὐτοῦ,

360 1761 481 1831 ἥτις
513 1761 654 1816 ἐστὶν
690 1763 718 1816 ὁ
752 1761 928 1835 Λόγος
962 1761 1146 1828 αὐτοῦ,
1183 1760 1234 1816 ἐν
1276 1762 1322 1833 ᾧ
1369 1760 1457 1816 καὶ
1508 1758 1576 1816 δι’
1629 1762 1690 1815 οὗ
1738 1762 1804 1816 τὰ
1852 1761 2019 1817 πάντα

2134 595 2333 650 niendi
2381 597 2450 651 ad
2505 613 2625 663 eos,
2661 600 2891 667 propter
2935 596 3314 662 desiderium,
3349 613 3463 667 quo
3513 611 3651 667 erga
3684 611 3782 649 eos

2131 685 2373 740 affectus
2403 691 2545 754 erat,
2578 684 2867 741 hactenus
2897 701 3030 740 vero
3057 702 3169 739 non
3207 684 3463 739 licuisse.
3498 684 3782 755 Deinceps

2131 774 2377 829 docendi
2413 775 2585 830 modo
2619 775 2934 846 Epistolam
2971 775 3362 846 prosequitur,
3389 776 3455 827 de
3480 773 3782 828 vocatione

2129 864 2396 934 gentium
2432 869 2488 919 et
2520 865 2674 936 quod
2708 864 3077 919 circumcisio
3125 879 3312 934 usque
3362 863 3431 916 ad
3484 863 3777 933 quoddam

2129 956 2361 1024 tempus
2395 954 2589 1020 fuerit,
2618 955 2741 1025 jam
2773 970 2904 1008 vero
2936 953 3267 1009 cessaverit.
3295 951 3456 1018 Quod
3492 968 3589 1022 per
3617 951 3778 1005 Chri-

2129 1044 2286 1096 stum
2321 1041 2579 1096 solutum
2612 1041 2688 1097 sit
2716 1041 2992 1097 delictum
3022 1043 3193 1097 Adae:
3217 1041 3368 1112 quod
3402 1041 3612 1095 umbra
3636 1039 3781 1111 legis

2128 1130 2447 1186 transierit.
2480 1130 2855 1186 Vocationem
2888 1131 3086 1202 itaque
3118 1130 3382 1203 gentium
3415 1146 3778 1202 consequen-

2126 1223 2214 1274 ter
2247 1223 2401 1275 recto
2433 1219 2633 1276 ordine
2668 1221 2879 1276 factam
2911 1237 3040 1275 esse
3069 1221 3139 1274 ad
3174 1222 3329 1273 hunc
3371 1220 3610 1274 modum
3646 1235 3777 1289 pro-

2130 1308 2250 1376 bat,
2282 1313 2592 1382 postquam
2626 1308 2882 1364 ostendit
2912 1309 3201 1364 universis
3251 1307 3591 1364 hominibus
3632 1307 3775 1361 insi-

2128 1411 2248 1462 tam
2279 1425 2407 1464 esse
2436 1407 2645 1481 legem,
2680 1412 2736 1464 et
2765 1407 3003 1479 quosvis
3033 1407 3179 1462 citra
3225 1407 3553 1463 doctrinam
3585 1405 3778 1478 (legis)

2130 1497 2382 1552 naturali
2405 1499 2630 1569 judicio
2661 1514 2730 1552 ex
2760 1498 2887 1569 ipsa
2919 1513 3114 1553 rerum
3138 1496 3470 1553 conditione
3493 1501 3669 1552 Deum
3689 1512 3782 1552 co-

2127 1603 2407 1659 gnoscere
2434 1604 2624 1658 posse.
2645 1587 3008 1659 Quapropter
3032 1590 3088 1642 et
3119 1587 3326 1642 merito
3355 1589 3558 1658 gentes
3591 1585 3781 1657 priore

2125 1675 2252 1732 loco
2285 1677 2710 1749 accusal,quod
2739 1693 2871 1731 cum
2904 1675 3048 1747 ipsis
3078 1675 3470 1748 cognitionem
3503 1674 3594 1729 sui
3630 1676 3780 1730 Deus

2127 1781 2197 1820 ex
2228 1766 2502 1837 operibus
2535 1766 2736 1822 mundi
2773 1765 3128 1838 patefecerit,
3159 1770 3215 1821 et
3244 1763 3422 1820 simul
3469 1764 3782 1836 sempiter-

358 1849 676 1920 πεποίηκεν·
712 1849 946 1911 ἐκείνους
981 1848 1038 1904 δὲ
1073 1850 1149 1922 μή
1185 1848 1471 1925 ἐγνωκέναι
1534 1849 1746 1922 μᾶλλον
1799 1850 1858 1905 ἐκ
1909 1856 2011 1906 τῶν

2129 1871 2264 1910 nam
2298 1855 2615 1926 potentiam
2648 1871 2839 1923 suam,
2874 1871 3000 1926 qua:
3033 1853 3291 1910 Verbum
3340 1852 3530 1925 ipsius
3577 1858 3684 1920 est,
3719 1853 3780 1908 in

359 1938 670 2012 κτισμάτων
707 1938 839 1994 εἶναι
892 1939 1021 1994 Θεὸν
1072 1939 1164 1993 τὸν
1218 1937 1424 1994 τούτων
1477 1936 1837 2016 δημιουργόν·
1873 1939 2019 1996 ἀλλά

361 2027 670 2084 τούναντίον
707 2027 841 2083 αὐτὰ
886 2029 954 2083 τά
994 2031 1279 2101 ποιήματα
1329 2031 1774 2101 θεοποιήσαντας,
1805 2029 1894 2084 καὶ
1945 2035 2014 2104 τῇ

359 2116 525 2172 κτίσει
579 2116 792 2190 μᾶλλον
841 2117 877 2186 ἢ
927 2121 1006 2188 τῷ
1052 2117 1242 2192 κτίστῃ
1301 2116 1715 2192 λατρεύσαντας.
1766 2118 2016 2176 Αἰτιᾶται

362 2203 419 2260 δὲ
475 2205 566 2261 καὶ
625 2202 944 2276 Ἰουδαίους,
996 2207 1070 2268 ὡς
1133 2207 1209 2278 μὴ
1271 2206 1606 2277 φυλάξαντας
1670 2207 1762 2262 τὸν
1822 2207 2012 2282 νόμον⁸

360 2301 505 2360 ἀλλὰ
559 2301 649 2358 καί
712 2302 926 2377 μᾶλλον
988 2301 1077 2359 διὰ
1124 2311 1225 2374 τῆς
1273 2299 1629 2378 παραϐάσεως
1687 2311 1784 2361 τοῦ
1841 2301 2014 2381 νόμου

355 2393 446 2448 τὸν
479 2392 606 2448 Θεὸν
643 2393 1028 2465 ἀτιμάσαντας.
1061 2392 1162 2448 Καὶ
1220 2393 1393 2455 οὕτως
1434 2393 1712 2472 ἀμφότερα
1757 2395 1824 2451 τὰ
1875 2395 2011 2473 μέρη

351 2479 646 2543 Ἰουδαίους
705 2501 764 2536 τε
819 2482 909 2536 καὶ
969 2481 1250 2552 Ἕλληνας
1312 2481 1552 2559 ἐλέγχει,
1598 2484 1687 2538 καὶ
1746 2485 2013 2562 συγκλείει

359 2568 444 2625 ἐπὶ
471 2569 803 2646 παρανομίᾳο
834 2568 926 2626 ἵνα
967 2568 1130 2645 δείξῃ,
1163 2571 1246 2626 ὅτι
1299 2568 1403 2626 ξ’σοι
1453 2572 1736 2648 γενόμενοι
1786 2574 1838 2628 οἱ
1883 2575 2012 2629 πάν-

355 2681 464 2726 τες,
499 2659 576 2721 ὡς
623 2659 911 2724 ὑπεύθυνοι
951 2659 1163 2730 ἐπίσης,
1209 2659 1300 2715 καὶ
1356 2665 1452 2715 τοῦ
1496 2662 1877 2736 Λυτρουμένου
1925 2661 2009 2718 δέ·

361 2769 529 2804 ονται.
565 2754 674 2818 Τῆς
701 2746 759 2804 δὲ
789 2751 1015 2825 χάριτος
1048 2750 1136 2804 καὶ
1170 2748 1491 2826 λυτρώσεως
1523 2749 1714 2822 ἐπίσης
1754 2751 1842 2806 καὶ
1892 2757 2008 2815 τοῖς

363 2835 648 2900 Ἰουδαίοις
707 2837 1006 2913 γενομένης
1062 2838 1150 2894 καὶ
1199 2844 1317 2901 τοῖς
1377 2835 1602 2908 ἔθνεσιν,
1652 2840 1874 2904 εἷ’κότως
1923 2841 2012 2896 καὶ

362 2929 398 2996 ἡ
447 2926 643 2997 κλῆσις
701 2928 892 3004 γέγονε
945 2933 1052 2982 τῶν
1117 2927 1298 2982 ἐθνῶψ
1329 2931 1427 2997 τῆς
1489 2927 1545 2984 δὲ
1601 2929 1850 3001 κλήσεως
1902 2935 2012 2986 τῶν

369 3015 532 3079 ἐθνῶν
592 3015 912 3091 γενομένης,
947 3017 998 3088 ἐξ
1055 3016 1295 3093 ἀνάγκης
1353 3017 1617 3073 πέπαυται
1649 3023 1684 3089 ἡ
1738 3021 2010 3096 περιτομή

367 3106 454 3160 καὶ
515 3108 548 3175 ἡ
607 3105 658 3160 ἐν
707 3107 788 3178 τῷ
843 3106 1000 3180 νόμῳ
1059 3106 1198 3163 σκιά.
1234 3108 1295 3165 Ὁ
1346 3108 1451 3184 γὰρ
1506 3103 1776 3182 Ἀϐραάμ,
1825 3110 2010 3188 φησὶν,

363 3193 461 3248 οὐκ
486 3193 536 3248 ἐν
570 3193 865 3270 περιτομῇ,
909 3192 1054 3249 ἀλλὰ
1102 3195 1208 3271 πρὸ
1266 3202 1367 3265 τῆς
1425 3204 1728 3272 περιτομῆς
1788 3195 2009 3254 δικαιω-

359 3283 492 3354 θεὶς,
529 3285 924 3356 μετωνομάσθη
965 3283 1058 3355 μὲν
1108 3279 1376 3359 Ἀϐραάμ,
1406 3283 1489 3339 ὅτι
1549 3287 1729 3362 πατὴρ
1779 3285 2008 3342 πολλῶν

354 3369 519 3435 ἐθνῶν
584 3368 815 3444 ἔμελλεν
874 3371 1027 3442 εἶνᾶι,
1085 3371 1220 3427 κατᾶ
1279 3372 1377 3441 τὴν
1440 3372 1491 3428 ἐν
1545 3373 1615 3448 τῇ
1684 3371 2012 3451 ἀκροϐυστίᾳ

354 3458 555 3514 πίστιν·
590 3455 756 3515 ἔλαϐε
788 3457 844 3514 δὲ
878 3461 1013 3532 μετὰ
1067 3460 1129 3514 τὸ
1187 3457 1562 3531 δικαιωθῆναι,
1594 3463 1683 3518 καὶ
1713 3465 1811 3532 τήν
1863 3485 2012 3540 περι-

350 3550 528 3621 τομὴν
565 3549 614 3604 ἐν
648 3552 715 3622 τῇ
751 3548 926 3625 σαρκὶ,
954 3547 1046 3604 ’ίνα
1107 3555 1336 3622 σημεῖον
1484 3557 1599 3615 τοῖς
1656 3554 1792 3608 κατὰ
1843 3553 2012 3630 σάρκα

347 3640 714 3716 γεννωμένοις
763 3639 815 3711 ἐξ
867 3640 1033 3696 αὐτοῦ
1117 3639 1408 3706 παύσεσθαι
1483 3643 1606 3699 τότε
1682 3647 2008 3718 περιτομὴν,

351 3736 476 3794 ὅταν
539 3722 606 3792 τά
663 3737 788 3810 ἔθνη
850 3740 1072 3814 γένηται
1149 3740 1308 3795 τέκνα
1370 3745 1468 3795 τοῦ
1526 3737 1798 3818 Ἀϐραὰμ,
1851 3743 2011 3817 ἀρξά-

359 3848 490 3899 μενα
551 3827 923 3883 »ολιτεύεσθαι
980 3828 1115 3884 κατὰ
1170 3830 1268 3898 τὴν
1329 3827 1506 3886 πίστιν
1584 3837 1681 3886 τοῦ
1739 3828 2008 3908 Ἀϐραὰμ,

356 3913 409 3968 ἐν
440 3914 475 3990 ᾗ
507 3913 826 3988 ἐδικαιώθη,
860 3915 948 3972 ὅτε
995 3920 1060 3986 ἦν
1120 3917 1170 3973 ἐν
1226 3913 1578 3994 ἀκροϐυστίᾳ.
1621 3921 1844 3977 Τούτων
1904 3923 2007 3998 γὰρ

354 4006 514 4080 χάριν
593 4005 681 4061 καὶ
775 4007 1168 4078 μετωνομάσθη
1246 4007 1353 4062 ἀπὸ
1435 4004 1674 4084 Ἀϐρὰμ,
1735 4005 2006 4087 Ἀϐραάμ.

353 4094 595 4168 ’Δνάγκη
649 4092 724 4166 δὲ,
777 4093 1050 4159 ἐλθόντων
1103 4099 1212 4150 τῶν
1273 4097 1716 4170 σημαινομένων,
1748 4099 2009 4165 παύεσθαί

353 4181 418 4235 τὸ
450 4187 740 4253 σημαῖνον.
773 4183 838 4238 Εἴ
872 4184 967 4258 μὲν
1013 4183 1101 4240 οὖν
1151 4185 1219 4240 τά
1269 4184 1391 4257 ἔθνη
1452 4188 1807 4264 ἀναγκάζουσι
1855 4211 2007 4267 περι-

353 4270 660 4343 τέμνεσθαι,
706 4274 1018 4328 παυέτωσαν
1080 4273 1170 4329 καὶ
1230 4274 1292 4330 τὸ
1352 4271 1527 4349 ὄνομα
1580 4281 1677 4331 τοῦ
1737 4273 2006 4352 ’Δϐραάμ,

351 4358 442 4414 καὶ
522 4358 789 4416 καλείσθω
849 4359 1112 4438 Ἀϐράμο
1183 4364 1227 4419 εἰ
1305 4362 1362 4420 δὲ
1414 4360 1660 4442 Ἀϐραὰμ
1712 4368 1858 4445 παρὰ
1911 4374 2008 4424 τοῦ

348 4453 484 4506 Θεοῦ
545 4451 968 4524 μετωνομάσθη,
1017 4451 1078 4507 οὗ
1138 4450 1219 4508 δεῖ
1275 4454 1689 4528 περιτέμνεσθαι
1745 4459 1812 4512 τά
1857 4455 2004 4529 ἔθνη·

347 4536 475 4594 ἀλλ’
533 4535 659 4594 οὐδὲ
715 4539 911 4603 αὐτοὺς
972 4539 1049 4596 ἔτι
1105 4541 1234 4604 τοὺς
1279 4544 1414 4597 κατὰ
1471 4543 1640 4620 σάρκα
1687 4542 2007 4618 Ἰουδαίους,

2127 1961 2243 2016 quo
2273 1949 2330 1998 et
2361 1959 2463 2015 per
2493 1944 2648 2015 quod
2697 1945 2897 1999 omnia
2944 1943 3098 2009 fecit,
3137 1943 3477 2008 ostenderit,
3505 1941 3617 2014 ipsi
3664 1959 3780 1998 non

2126 2038 2525 2104 cognoverunt
2554 2049 2623 2088 ex
2653 2032 2959 2104 creaturis,
2991 2037 3174 2088 Deum
3207 2047 3336 2086 esse
3365 2031 3571 2086 talium
3607 2031 3780 2101 Opiﬁ-

2126 2138 2252 2177 cem
2283 2139 2295 2188 ;
2330 2122 2428 2177 ed
2461 2131 2682 2188 contra,
2709 2122 2985 2194 operibus
3017 2120 3179 2176 illius
3211 2119 3574 2176 divinitatem
3599 2120 3780 2192 ascri-

2126 2211 2349 2277 bentes,
2381 2216 2680 2267 creaturas
2712 2211 2906 2284 potius
2965 2211 3305 2277 adorarunt,
3339 2225 3517 2280 quam
3551 2209 3780 2266 Creato-

2125 2317 2268 2356 rem.
2302 2303 2552 2357 Accusat
2581 2307 2773 2356 autem
2807 2305 2865 2357 et
2893 2300 3148 2371 Judazos,
3181 2304 3247 2354 ut
3279 2299 3379 2372 qui
3428 2298 3617 2370 legem
3660 2316 3777 2354 non

2126 2391 2580 2458 servarent,imo
2612 2407 2713 2463 per
2747 2391 3271 2462 lransgressionem
3306 2389 3451 2460 legis
3467 2389 3650 2444 Deum
3677 2405 3777 2461 po-

2123 2481 2244 2537 tius
2275 2481 2554 2536 dedecore
2585 2481 2900 2537 efficerent.
2938 2482 3127 2552 Atque
3175 2480 3256 2534 ita
3308 2484 3614 2550 utramque
3646 2496 3778 2551 par-

2127 2574 2270 2641 tem,
2301 2574 2422 2626 tam
2453 2571 2711 2638 Judaos,
2744 2587 2920 2642 quam
2952 2573 3154 2642 gentes
3188 2567 3400 2638 arguit,
3433 2576 3486 2622 et
3526 2567 3634 2623 sub
3667 2567 3777 2620 ini-

2129 2659 2354 2732 quitate
2385 2659 2872 2731 transgressionis
2903 2658 3221 2728 concludit,
3255 2661 3319 2712 ut
3344 2657 3615 2713 ostendat
3651 2673 3776 2711 om-

2129 2761 2233 2802 nes
2263 2763 2434 2818 pares
2465 2762 2593 2801 esse
2624 2747 2828 2814 factos,
2863 2751 3062 2817 utpote
3099 2763 3167 2801 ex
3196 2762 3362 2817 aequo
3394 2761 3542 2815 reos,
3577 2748 3634 2800 et
3663 2745 3776 2800 Re-

2125 2834 2447 2907 demptoris
2478 2839 2734 2907 egentes.
2768 2838 2942 2890 Porro
2974 2835 3452 2905 quandoquidem
3498 2832 3688 2905 gratia
3717 2837 3778 2889 et

2127 2925 2329 2980 missio
2369 2924 2670 2996 aequaliter
2721 2923 2967 2996 contigit
3021 2929 3078 2978 et
3121 2922 3340 2978 Judaeis
3383 2926 3442 2977 et
3473 2923 3771 2994 gentibus,

2113 3023 2250 3094 jure
2280 3040 2346 3078 ac
2379 3023 2588 3078 merito
2617 3021 2881 3094 gentium
2917 3021 3066 3076 facta
3083 3020 3310 3076 vocatio
3328 3024 3418 3076 est
3437 3036 3450 3074 :
3470 3019 3772 3076 vocatione

2121 3128 2253 3168 vero
2283 3111 2548 3184 gentium
2584 3111 2755 3181 facta,
2789 3110 3120 3165 necessario
3151 3125 3414 3165 cessasse
3462 3108 3769 3164 circumci-

2124 3202 2350 3258 sionem
2383 3207 2442 3256 et
2466 3201 2610 3273 legis
2669 3201 2962 3256 umbram.
2998 3200 3144 3257 Nam
3200 3198 3517 3269 Abraham,
3549 3197 3767 3271 inquit,

2125 3308 2239 3346 non
2271 3290 2330 3345 in
2363 3289 2948 3358 circumcisione,sed
2983 3293 3116 3344 ante
3147 3287 3651 3344 circunncisionem
3678 3287 3773 3358 ju-

2121 3380 2674 3447 stificatus,mutato
2706 3379 2942 3434 nomine
2973 3378 3270 3435 Abraham
3293 3378 3487 3433 dictus
3508 3381 3773 3447 est,quo-

2124 3471 2281 3526 niam
2314 3471 2545 3524 iuturus
2583 3475 2708 3524 erat
2756 3473 2920 3540 pater
2960 3469 3279 3524 multarum
3339 3467 3625 3540 gentium,
3680 3483 3769 3522 se-

2121 3559 2382 3615 cundum
2416 3558 2611 3624 ﬁdem,
2646 3575 2777 3629 quae
2802 3560 2926 3613 erat
2953 3557 3012 3612 in
3047 3554 3773 3630 praeputio.Circumcisio-

2123 3664 2255 3704 nem
2289 3652 2504 3715 autem,
2540 3653 2852 3719 postquam
2878 3647 3245 3716 justiﬁcatus
3274 3650 3416 3711 erat,
3451 3646 3674 3718 accepit
3711 3645 3770 3700 in

2121 3763 2317 3813 carne,
2351 3751 2417 3801 ut
2445 3747 2681 3819 signum
2714 3750 2869 3802 esset
2898 3745 2969 3800 iis
3001 3745 3101 3817 qui
3146 3762 3214 3800 ex
3262 3744 3390 3816 ipso
3445 3743 3772 3800 secundum

2123 3853 2354 3894 carnem
2390 3836 2670 3892 nascituri
2703 3839 2889 3900 erant,
2923 3836 3075 3907 quod
3112 3834 3374 3890 desitura
3421 3837 3560 3889 tunc
3618 3838 3774 3889 esset

2122 3925 2519 3991 circumcisio,
2561 3925 2796 3995 quando
2845 3929 3048 3996 gentes
3106 3925 3311 3979 fierent
3358 3921 3462 3977 filii
3500 3921 3771 3987 Abrahm,

2122 4015 2566 4087 inciperentque
2591 4014 2780 4069 vivere
2826 4014 3153 4069 secundum
3202 4013 3374 4067 fidem
3407 4011 3676 4077 Abrahae,
3708 4010 3770 4066 in

2121 4121 2238 4176 qua
2268 4103 2384 4171 ille,
2418 4119 2551 4158 cum
2585 4103 2776 4158 adhuc
2807 4106 2963 4158 esset
2990 4102 3049 4157 in
3076 4102 3378 4174 przeputio,
3407 4100 3771 4171 justiﬁcatus

2120 4199 2229 4249 est.
2258 4191 2485 4248 Etenim
2517 4192 2726 4246 horum
2762 4192 2949 4266 gratia
2976 4208 3107 4246 cum
3156 4197 3327 4246 antea
3383 4189 3578 4246 dictus
3617 4193 3774 4245 esset

2120 4283 2358 4354 Abram,
2391 4286 2630 4337 vocatus
2661 4286 2750 4335 est
2781 4279 3251 4335 Abraham.Erat
3280 4281 3476 4334 autem
3508 4293 3770 4333 necessa-

2121 4372 2274 4427 rium
2319 4375 2405 4439 ut,
2437 4368 2804 4425 venientibus
2854 4369 3028 4423 rebus
3077 4367 3448 4438 signiﬁcatis,
3479 4367 3772 4422 desineret

2119 4461 2378 4534 signum.
2412 4461 2776 4531 Quapropter
2805 4457 2852 4514 si
2886 4457 2985 4529 qui
3019 4460 3237 4528 cogunt
3264 4461 3468 4527 gentes
3514 4455 3766 4510 circum-

2119 4551 2255 4619 cidi,
2288 4549 2466 4604 iidem
2499 4547 2709 4603 tollant
2747 4552 2804 4602 et
2848 4563 3061 4602 nomen
3109 4544 3424 4611 Abraham,
3461 4550 3519 4600 et
3564 4548 3769 4600 vocent

345 4633 438 4690 ἵνα
491 4635 528 4712 ᾖ
584 4639 646 4693 τὸ
705 4633 881 4712 ὄνομα
945 4634 1182 4715 βέϐαιον,
1231 4641 1322 4696 καὶ
1365 4643 1545 4719 πατὴρ
1578 4641 1806 4699 πολλῶν
1843 4643 2006 4710 ἐθνῶν

2123 4655 2250 4696 eum
2287 4640 2522 4695 Abram.
2548 4637 2606 4693 Si
2637 4653 2771 4692 vero
2803 4635 3097 4691 Abraham
3142 4638 3381 4689 vocatus
3429 4638 3518 4689 est
3564 4649 3597 4688 a
3629 4637 3768 4703 Deo,

352 4723 613 4795 καλῆται.
648 4727 745 4782 Καὶ
775 4727 876 4804 γὰρ
909 4727 970 4783 οὗ
1027 4727 1215 4805 χρείαν
1279 4728 1393 4806 ἔχει
1462 4730 1660 4786 λοιπόν
1719 4755 1800 4796 τις
1856 4755 2009 4806 περι-

352 4813 664 4888 τέμνεσθαι,
698 4815 1037 4892 ἀρκούμενος
1067 4821 1133 4893 τῇ
1191 4819 1366 4874 πίστει
1423 4824 1520 4876 τοῦ
1561 4816 1829 4898 Ἀϐραάμ·
1882 4823 2010 4880 ἀλλ’

351 4901 477 4958 οὐδὲ
500 4911 602 4974 τῆς
635 4901 814 4977 ἄλλης
844 4913 944 4976 τῆς
995 4906 1045 4961 ἐν
1107 4911 1186 4980 τῷ
1241 4907 1396 4983 νόμῳ
1454 4915 1628 4973 σκιᾶς.
1661 4910 1733 4965 Οὐ
1787 4912 1892 4988 γὰρ
1951 4912 2010 4968 ἐκ

349 4990 576 5065 τούτων,
637 4992 766 5049 ἀλλ’
821 4994 881 5050 ἐκ
935 4995 1170 5059 πίστεως
1247 4994 1548 5053 δικαιοῦταί
1604 5020 1709 5069 τις,
1769 5001 2005 5078 καθάπερ

351 5079 442 5134 καὶ
529 5076 802 5157 Ἀϐραάμ.
872 5087 1048 5140 Ταῦτα
1132 5085 1305 5150 οὕτως
1390 5087 1809 5161 κατασκευάσας,
1866 5076 2005 5145 ἀποέ-

353 5166 587 5224 δείκνυσι
619 5171 808 5242 πάλιν,
841 5172 925 5228 ὅτι
960 5172 1149 5238 ἄλλως
1199 5175 1300 5230 οὐκ
1351 5176 1410 5231 ἂν
1462 5177 1676 5252 γένοιτο
1737 5177 2008 5254 λύτρωσις

349 5257 438 5312 καὶ
470 5259 632 5334 χάρις
661 5265 741 5333 τῷ
771 5261 992 5338 Ἰσραὴλ
1017 5263 1107 5318 καὶ
1145 5269 1260 5328 τοῖς
1313 5260 1537 5334 ἔθνεσιν,
1570 5266 1615 5322 εἰ
1667 5267 1744 5340 μή
1798 5266 1936 5343 λυθῇ
1968 5272 2002 5339 ἡ

349 5346 555 5424 ἀρχαία
581 5349 841 5426 ἀμαρτία,
873 5355 907 5421 ἡ
945 5349 1034 5406 διὰ
1080 5358 1176 5408 τοῦ
1206 5352 1386 5427 ’Δδὰμ
1434 5355 1510 5417 είς
1564 5356 1799 5419 ἅπαντας
1849 5379 2003 5433 γενο-

352 5436 513 5508 μένη.
547 5439 625 5491 Δι’
650 5523 653 5524 ν
683 5436 860 5494 ἄλλου
892 5438 950 5495 δὲ
977 5441 1178 5512 ταύτην
1243 5443 1320 5515 μή
1381 5441 1634 5508 δύνασθαι
1687 5443 2006 5524 ἐξαλιφῆναί

349 5545 536 5602 φησιν,
569 5525 604 5596 ἢ
640 5523 730 5582 διὰ
781 5533 880 5584 τοῦ
937 5531 1088 5603 Υἱοῦ,
1123 5529 1192 5586 δι’
1223 5532 1286 5588 οὗ
1316 5532 1406 5588 καὶ
1439 5532 1490 5604 ἐξ
1522 5533 1702 5609 ἀρχῆς
1734 5537 1769 5605 ἡ
1801 5523 2006 5611 κατάρα

270 5657 274 5661 .
348 5612 596 5688 γέγονεν.
629 5614 702 5670 Οὐ
763 5615 867 5693 γὰρ
928 5615 1148 5675 δυνατὸν
1180 5623 1246 5690 ἦν
1279 5619 1450 5677 ἄλλον
1500 5621 1658 5678 λῦσαι
1707 5643 1769 5677 το
1827 5624 2005 5701 παρά-

349 5720 572 5778 πτωμα.
607 5703 740 5763 Εἶτα
769 5704 988 5789 γράφει,
1020 5706 1105 5766 ὅτι
1135 5707 1323 5775 ἅλλῶς
1368 5713 1531 5768 τοῦτο
1586 5710 1650 5767 οὐ
1711 5713 1788 5787 μὴ
1836 5714 2000 5793 γίνη-

2121 4746 2236 4784 non
2268 4732 2497 4802 oportet
2526 4732 2730 4800 gentes
2762 4725 3107 4782 circumcidi
3143 4741 3154 4780 :
3184 4725 3303 4780 imo
3335 4739 3405 4779 ne
3432 4723 3620 4779 Judaei
3643 4723 3772 4794 qui-

2119 4820 2251 4875 dem
2267 4819 2592 4874 secundum
2610 4831 2847 4872 carnem
2861 4814 3118 4887 amplius
3131 4813 3585 4870 circumcidendi
3604 4817 3768 4879 sunt,

2119 4913 2184 4964 ut
2215 4909 2452 4963 firmum
2503 4907 2578 4962 sit
2629 4921 2841 4961 nomen
2875 4903 3166 4976 (Abrahai)
3195 4909 3546 4973 voceturque
3604 4906 3771 4973 pater

2119 4997 2436 5054 multarum
2468 4995 2755 5069 gentium.
2792 4994 2949 5050 Nulli
2992 4994 3148 5050 enim
3192 4993 3437 5065 posthac
3467 5007 3615 5062 opus
3655 4995 3768 5058 est,

2118 5092 2181 5142 ut
2210 5087 2684 5153 circumcidatur,
2717 5102 2851 5140 cum
2884 5083 3141 5139 sufficiat
3171 5083 3316 5137 ﬁdes
3347 5081 3588 5135 Abrahae
3622 5094 3634 5133 :
3661 5094 3768 5134 nec

2117 5193 2264 5248 opus
2296 5182 2385 5231 est
2417 5175 2536 5231 ulla
2576 5174 2725 5248 legis
2775 5173 3004 5228 umbra.
3037 5172 3162 5228 Non
3211 5170 3367 5226 enim
3411 5167 3770 5238 justiﬁcatur

2115 5267 2430 5338 quisquam
2463 5281 2530 5322 ex
2558 5263 2794 5332 talibus,
2831 5262 2931 5318 sed
2982 5277 3051 5316 ex
3099 5261 3230 5326 fide,
3267 5257 3762 5329 quemadmodum

2116 5362 2174 5410 et
2207 5355 2517 5409 Abraham.
2551 5353 2868 5425 Postquam
2901 5352 3015 5408 ista
3044 5349 3115 5405 ad
3145 5349 3301 5404 hunc
3360 5345 3597 5401 modum
3634 5363 3765 5418 pro-

2114 5445 2296 5514 bavit,
2340 5445 2552 5499 iterum
2603 5440 2880 5508 ostendit,
2913 5439 3066 5512 quod
3098 5454 3201 5492 nec
3228 5434 3447 5499 Israeli,
3481 5449 3586 5490 nec
3625 5451 3764 5507 gen-

2115 5533 2272 5590 tibus
2304 5532 2418 5588 alia
2447 5531 2634 5604 possit
2667 5531 2888 5585 ratione
2918 5525 3242 5595 redemptio
3275 5530 3331 5580 et
3360 5525 3550 5596 gratia
3579 5523 3766 5578 obtin-

2114 5639 2270 5697 gere,
2294 5622 2406 5677 nisi
2437 5624 2729 5677 vetustum
2762 5617 2904 5673 illud
2931 5615 3425 5688 peccatum,quod
3461 5629 3560 5684 per
3581 5613 3762 5666 Adam

2114 5713 2176 5770 in
2207 5727 2410 5768 omnes
2445 5707 2724 5766 mortales
2773 5703 3054 5777 pervenit,
3105 5701 3386 5758 solvatur.
3420 5700 3610 5758 Deleri
3653 5715 3760 5754 au-
