4170 6412
342 429 462 486 415

1536 434 1598 490 S.
1648 428 2168 491 ATHANASIUS.
2193 462 2270 474 —
2301 428 2562 492 DUBIA.

3655 435 3775 495 416

340 564 455 614 tem
489 576 592 630 per
624 560 802 615 alium
838 578 951 616 non
988 579 1176 634 posse,
1210 562 1323 617 nisi
1357 579 1457 632 per
1498 561 1707 617 Filium
1739 561 1860 629 Dei,
1896 577 2000 632 per

2131 580 2220 630 ται,
2254 557 2298 613 εἰ
2343 559 2419 632 μὴ
2453 558 2806 632 σωματωθεῖς
2840 560 2867 613 ὁ
2907 561 3030 621 Υἱὸς
3077 565 3175 614 τοῦ
3225 565 3357 616 Θεοῦ
3405 563 3628 637 γὲνηται
3677 562 3767 619 άν-

343 666 516 720 quem
551 654 607 705 et
637 651 708 704 ab
738 650 904 706 initio
940 651 1270 707 maledictio
1303 651 1455 706 facta
1486 651 1578 707 sit.
1605 652 1804 722 Neque
1833 649 1989 706 enim

348 738 622 809 possibile
671 744 813 805 erat,
877 746 941 793 ut
1013 740 1163 795 alius
1222 740 1501 795 delictum
1563 740 1671 795 hoc
1730 739 1996 794 solveret.

349 828 565 882 Deinde
597 829 987 900 scribit,quod
1026 828 1186 883 nullo
1210 829 1320 884 alio
1355 835 1519 899 pacto
1553 829 1606 882 id
1643 830 1764 883 ficri
1793 829 1998 900 potuit,

349 933 522 988 quam
552 922 617 972 ut
646 935 886 990 corpore
915 923 1220 990 assumpto
1254 918 1433 972 Filius
1471 918 1562 973 Dei
1598 919 1757 973 ﬁeret
1787 918 1998 972 homo:

351 1012 415 1060 ut
453 1023 666 1078 corpus
716 1007 845 1075 hoc,
879 1007 1145 1078 inquam,
1180 1009 1334 1079 quod
1395 1008 1772 1078 passionibus
1835 1007 2002 1063 nobis

351 1094 545 1150 simile
604 1102 778 1162 esset,
815 1113 914 1166 pro
974 1097 1252 1151 omnibus
1308 1097 1560 1162 offerret,
1613 1102 1668 1150 et
1721 1113 1926 1151 omnes
1971 1115 2004 1150 a

353 1190 536 1240 morte
570 1185 862 1250 liberaret,
899 1193 952 1238 et
981 1186 1478 1257 quemadmodum
1532 1202 1634 1256 per
1675 1203 1857 1240 unum
1901 1186 2003 1240 ho-

355 1277 570 1328 minem
601 1280 902 1345 peccatum
937 1275 994 1328 in
1032 1275 1318 1329 mundum
1352 1274 1686 1346 ingressum
1717 1274 1924 1337 est,ita
1951 1280 2008 1329 et

355 1379 458 1433 per
489 1379 670 1416 unum
704 1362 1002 1417 hominem
1033 1364 1103 1417 ad
1143 1379 1345 1418 omnes
1379 1362 1655 1418 mortales
1687 1363 1838 1417 148
1873 1379 2005 1434 gra-

351 1452 430 1505 tia
462 1452 807 1523 perveniret.
831 1451 1113 1522 Deinceps
1147 1457 1603 1523 vero,tanquam
1637 1453 1826 1507 bonus
1858 1469 2008 1508 osco-

350 1539 834 1606 nomus,Judazos
867 1542 1221 1605 consolatur,
1246 1542 1396 1612 quod
1431 1540 1575 1612 legis
1609 1545 2006 1612 transgresso-

351 1645 441 1684 res
496 1629 675 1684 futuri
735 1646 849 1684 non
902 1629 1040 1696 sint,
1076 1630 1123 1684 si
1173 1630 1231 1684 in
1273 1630 1574 1686 Christum
1605 1630 1850 1684 credant
1884 1647 1895 1685 :
1935 1629 2008 1684 iis

346 1733 502 1785 vero,
536 1718 635 1788 qui
667 1734 735 1773 ex
773 1718 1048 1791 gentibus
1081 1719 1470 1778 crediderant:
1522 1720 1718 1787 edicit,
1753 1735 1824 1773 ne
1871 1735 2008 1774 con-

2104 659 2344 723 θρωπος,
2396 646 2506 720 ἵνα,
2555 653 2738 716 τοῦτο,
2794 649 2938 725 φημὶ
2992 647 3080 719 δὴ,
3127 649 3188 703 τὸ
3249 652 3582 721 ὁμοιοπαθὲς
3631 656 3766 726 ἡμῖν

2112 742 2272 810 σῶμα
2310 738 2671 814 προσενέγκας
2721 737 2851 813 ὑπὲρ
2906 739 3141 806 πάντων,
3181 738 3308 801 τοὺς
3356 739 3559 804 πάντας
3610 740 3757 797 ἐλευ-

2113 827 2324 901 θερώσῃ
2357 827 2463 881 ἀπὸ
2490 831 2586 881 τοῦ
2636 827 2886 892 θανάτου,
2920 826 3009 881 καὶ
3056 827 3235 902 ὥσπερ
3289 826 3357 882 δι’
3399 831 3516 893 ἐνὸς
3564 832 3767 907 ἀνθρώ-

2112 937 2217 969 που
2267 918 2301 985 ἡ
2355 915 2592 992 ἁμαρτία
2636 915 2710 978 εἷς
2755 915 2961 989 κόσμον
3014 915 3284 987 εἰσῆλθεν,
3341 919 3512 982 οὕτως
3561 921 3652 975 καὶ
3699 919 3769 976 δι’

2114 1005 2232 1066 ἐνὸς
2263 1006 2551 1076 ἀνθρώπου
2593 1006 2667 1067 εἷς
2719 1005 2922 1067 πάντας
2971 1006 3292 1080 ἀνθρώπους
3325 1009 3358 1076 ἡ
3391 1009 3550 1084 χάρις
3602 1011 3764 1086 γὲνη-

2112 1115 2222 1150 ται.
2256 1093 2352 1148 Καὶ
2387 1093 2604 1162 λοιπὸν,
2638 1095 2711 1157 ὡς
2745 1092 2912 1156 καλὸς
2960 1094 3275 1168 οἰκονόμος,
3309 1097 3435 1159 τοὺς
3491 1098 3584 1170 μὲν
3633 1101 3771 1154 Ἰου-

2117 1180 2300 1245 δαίους
2352 1187 2769 1260 παραμυθεῖται,
2814 1183 2896 1238 ὅτι
2945 1183 3021 1240 Οὐ
3072 1179 3376 1260 παραϐάται
3425 1185 3635 1262 γίνεσθε
3679 1192 3774 1242 τοῦ

2115 1273 2310 1345 νόμου,
2344 1273 2429 1328 ἐὰν
2466 1274 2540 1336 εἷς
2589 1274 2678 1328 τὸν
2721 1274 2950 1349 Χριστὸν
3001 1274 3342 1344 πιστεύσητε·
3398 1281 3512 1338 τοῖς
3565 1274 3622 1330 δὲ
3673 1277 3777 1332 ἀπὸ

2114 1367 2222 1416 τῶν
2255 1360 2418 1426 ἐθνῶν
2454 1367 2729 1438 παρεγγυᾷ
2762 1364 2837 1434 μή
2871 1362 3181 1436 ἐπαίρεσθαι
3211 1364 3351 1418 κατὰ
3394 1369 3491 1418 τοῦ
3526 1364 3774 1439 Ἰσραὴλ,

2119 1448 2264 1505 ἀλλὰ
2286 1451 2592 1526 γινώσκειν,
2623 1450 2728 1516 ὅτι,
2764 1451 2837 1513 ὡς
2870 1448 3064 1505 κλάδοι
3105 1449 3192 1505 ἐπὶ
3238 1453 3338 1522 τήν
3401 1452 3572 1529 ῥίζαν,
3606 1453 3779 1515 οὕτως

2119 1540 2202 1594 ἐπ’
2253 1540 2494 1603 ἐκείνους
2556 1540 3042 1616 ἐνεκεντρίσθησαν.
3098 1542 3246 1595 Μετὰ
3305 1538 3362 1596 δέ
3418 1547 3584 1597 ταῦτα
3635 1563 3774 1620 παρ-

2118 1628 2417 1691 αινετικοὺς
2469 1628 2671 1704 λόγους
2721 1629 2796 1691 εἷς
2845 1630 2910 1684 τὰ
2961 1627 3070 1699 ἤθη
3136 1626 3374 1701 διδάξας,
3421 1629 3629 1687 τελειοῖ
3673 1633 3771 1700 τὴν

2121 1717 2476 1788 Ἐπιστολήν.

347 1808 440 1861 tra
498 1805 769 1862 Israelem
830 1806 1152 1878 erigantur,
1185 1807 1283 1860 sed
1346 1810 1668 1877 agnoscant
1724 1823 1808 1875 se,
1839 1805 2013 1862 veluti
2072 1823 2269 1862 ramos
2323 1808 2528 1874 radici,
2576 1806 2658 1862 ita
2711 1807 2934 1862 Judtsis
2993 1807 3267 1862 insertos.
3315 1807 3412 1862 His
3467 1805 3773 1876 absolutis,

350 1894 710 1952 hortatorios
741 1912 1044 1952 sermones
1076 1913 1180 1968 pro
1205 1895 1468 1951 moribus
1500 1895 1884 1951 instituendis
1914 1895 2112 1966 tradit,
2145 1901 2319 1968 atque
2352 1897 2431 1952 ita
2460 1896 2783 1967 Epistolam
2817 1896 2969 1950 ﬁnit.

797 2021 1070 2087 Secunda,
1103 2021 1174 2076 ad
1205 2021 1539 2076 Corinthios.

414 2110 503 2165 60.
539 2110 698 2165 Hane
727 2111 798 2166 ad
829 2111 1160 2165 Corinthios
1192 2112 1432 2182 scripsit
1480 2111 1606 2183 ipse
1661 2109 1901 2178 Paulus,
1934 2127 2004 2166 ex

350 2198 578 2271 Epheso
607 2199 774 2264 Asiae,
810 2199 1044 2254 tametsi
1073 2215 1171 2254 eos
1195 2201 1319 2270 jam
1351 2199 1574 2253 viderat
1604 2204 1661 2253 et
1703 2200 2002 2266 docuerat,

351 2292 418 2342 ut
440 2287 828 2342 nihilominus
859 2305 958 2343 eos
991 2288 1351 2343 admoneret.
1378 2288 1616 2344 Occasio
1649 2292 1847 2343 autem
1883 2287 2008 2360 Epi-

353 2374 515 2430 stolas
546 2373 666 2429 haec
696 2381 814 2430 est:
847 2375 1153 2442 Corinthii,
1175 2393 1277 2447 per
1306 2376 1738 2432 contentionem
1771 2393 2008 2448 congre-

352 2465 495 2534 gati,
529 2463 836 2519 sententiis
895 2464 1048 2519 inter
1096 2480 1157 2519 se
1207 2465 1597 2534 dissidebant,
1647 2470 1706 2520 et
1753 2466 2008 2537 denique

350 2558 517 2609 erant
545 2553 698 2607 inter
721 2569 819 2608 eos
853 2553 1197 2618 schismata,
1231 2571 1483 2625 quorum
1512 2555 1651 2610 vitio
1710 2556 1905 2622 ﬁebat,
1944 2559 2010 2610 ut

357 2640 722 2713 negligerent
751 2658 907 2708 eum,
945 2642 1044 2712 qui
1078 2659 1386 2698 novercam
1445 2661 1613 2698 suam
1673 2644 1733 2698 in
1769 2661 2008 2700 uxorem

361 2729 475 2785 sibi
511 2736 862 2801 sumpserat.
901 2730 1011 2784 Alii
1062 2730 1331 2786 volebant
1379 2749 1588 2788 uxores
1628 2750 1790 2803 suas,
1823 2732 2010 2789 conti—

363 2817 573 2874 nentiaa
603 2819 863 2886 obtentu,
891 2819 1504 2889 relinquere.Quidam
1537 2820 1594 2876 in
1630 2823 1865 2894 templis
1895 2822 2014 2877 ido-

361 2907 554 2963 lorum
574 2907 845 2978 edebant,
860 2908 1433 2979 quasiindit‘i‘erentia
1446 2915 1644 2966 essent
1665 2909 2009 2982 idolothyta.

363 2996 543 3051 Erant
596 2997 694 3066 qui
751 2995 1010 3068 reliquos
1067 3003 1526 3068 contemnerent,
1558 3016 1657 3055 eos
1709 3016 1860 3067 vero,
1912 3000 2012 3071 qui

366 3084 588 3156 linguis
630 3085 1042 3157 loquebantur,
1093 3087 1474 3158 suspicerent.
1509 3089 1809 3145 Postremo
1859 3093 1916 3144 et
1953 3089 2015 3143 in

370 3175 645 3245 mysterio
677 3176 1124 3232 resurrectionis
1163 3177 1404 3248 quidam
1447 3179 1672 3234 seducti
1723 3184 1909 3247 erant,
1936 3178 2019 3234 ita

369 3266 432 3316 ut
461 3261 741 3328 dicerent,
775 3264 1036 3318 futurum
1069 3281 1180 3319 non
1215 3281 1363 3331 esse,
1398 3271 1462 3321 ut
1500 3266 1622 3322 haec
1653 3275 1854 3324 nostra
1884 3284 2018 3324 caro

368 3356 656 3423 resurgat.
708 3351 851 3406 Cum
903 3352 1024 3407 haec
1073 3354 1272 3409 omnia
1303 3355 1561 3410 Corinthi
1623 3362 2016 3425 moverentur,

367 3439 635 3495 scribunt
665 3441 862 3512 populi
895 3442 1194 3514 Apostolo,
1225 3445 1321 3515 qui
1355 3449 1411 3500 et
1439 3446 1510 3501 ad
1563 3445 1762 3500 omnia
1810 3445 2016 3502 reseri-

369 3528 472 3584 bit.
507 3529 577 3583 Et
607 3531 861 3600 primum
891 3532 1570 3600 quidem,testimonium
1602 3535 1722 3591 illis
1753 3536 1854 3590 dat
1884 3551 2021 3606 pru-

371 3617 581 3672 dentia:
609 3623 666 3674 et
697 3618 1105 3690 scientiae,non
1131 3626 1326 3678 autem
1351 3623 1551 3680 laudat
1582 3641 1681 3680 eos
1713 3624 2022 3679 schismata

373 3705 670 3774 facientes,
707 3709 807 3762 sed
842 3711 1073 3777 suadet,
1108 3717 1170 3766 ut
1219 3713 1492 3769 virtutem
1545 3719 1752 3786 putent
1798 3731 1910 3770 non
1961 3713 2022 3768 in

373 3811 642 3851 sermone
702 3814 848 3866 esse,
883 3799 982 3853 sed
1035 3799 1094 3854 in
1144 3818 1315 3872 opere
1363 3811 1421 3858 et
1467 3808 1772 3876 potestate.
1807 3803 2024 3858 Deinde

374 3890 688 3958 postquam
732 3887 1022 3959 increpuit
1071 3906 1230 3961 eum,
1264 3893 1363 3964 qui
1399 3910 1704 3948 novercam
1739 3893 2024 3958 duxisset,

375 3974 836 4047 adhortatusque
895 3993 967 4032 ne
1015 3978 1217 4035 litibus
1276 3982 1427 4038 inter
1472 3999 1535 4037 se
1586 3983 2024 4045 contenderent,

377 4063 651 4135 deinceps
682 4067 753 4120 ad
789 4083 856 4122 ea
886 4070 1216 4139 respondet,
1253 4071 1322 4125 de
1368 4073 1581 4143 quibus
1642 4071 1724 4125 illi
1776 4073 2024 4143 scripse-

377 4156 530 4207 rant.
571 4154 643 4208 De
675 4154 896 4226 nuptiis
928 4157 1113 4226 docet,
1149 4159 1458 4215 infractum
1490 4178 1618 4216 esse
1653 4161 1861 4216 debere
1891 4177 2028 4214 con-

373 4240 632 4313 jugium,
657 4248 712 4297 et
744 4261 982 4315 precum
1015 4248 1204 4319 gratia
1235 4250 1305 4303 ad
1341 4255 1572 4321 tempus
1605 4251 1676 4305 ab
1706 4249 1807 4305 illo
1838 4249 2031 4304 vacari

384 4347 576 4401 posse.
613 4333 896 4397 Quoniam
931 4352 1064 4391 vero
1119 4339 1541 4394 continentiam
1585 4339 1928 4411 diligebant,
1963 4339 2034 4393 de

382 4419 717 4490 virginitate
767 4423 990 4490 scribit,
1023 4426 1176 4496 quod
1239 4428 1567 4484 necessaria
1622 4445 1733 4482 non
1789 4427 1885 4494 sit,
1930 4426 2032 4481 sed

383 4508 673 4580 cujusque
702 4511 940 4567 arbitrio
973 4515 1383 4585 permittenda.
1405 4516 1617 4572 Subdit
1646 4516 1717 4570 de
1745 4513 2035 4585 idolothy-

386 4596 484 4664 tis,
513 4614 583 4652 ne
615 4599 934 4654 abutantur
964 4602 1226 4674 scientia,
1260 4604 1358 4660 sed
1411 4607 1829 4660 conversentur
1859 4603 1915 4656 in
1948 4602 2034 4656 di-

386 4684 652 4740 lectione.
690 4687 962 4744 Prohibet
991 4691 1166 4762 igitur
1205 4693 1486 4762 convivia,
1520 4710 1643 4763 qua:
1693 4692 1753 4746 in
1802 4689 2038 4761 templis

2033 2024 2080 2088 B

2533 2019 2784 2093 Δευτέρα,
2824 2019 2963 2094 πρὸς
3006 2019 3344 2094 Κορινθίους.

2187 2111 2277 2164 60.
2311 2107 2518 2178 Ταύτην
2573 2105 2882 2163 ἐπιστέλλει
2935 2110 2963 2163 ὁ
3012 2108 3171 2171 αὐτὸς
3215 2107 3429 2170 Παῦλος
3479 2110 3617 2185 πρὸς
3670 2111 3777 2166 Κο-

2116 2197 2353 2273 ρινθίους
2399 2197 2505 2251 ἀπὸ
2554 2193 2786 2275 Ἐφέσου
2837 2203 2938 2266 τῆς
2991 2197 3193 2266 Ἀσίας,
3225 2197 3481 2272 ἑωρακὼς
3531 2200 3622 2270 μὲν
3681 2197 3780 2252 αὖ·

2115 2287 2243 2348 τοὺς
2274 2285 2384 2357 ἤδη
2412 2286 2500 2341 καὶ
2535 2284 2776 2357 διδάξας,
2810 2287 3241 2359 ὑπομιμνήσκων
3287 2284 3344 2341 δὲ
3374 2285 3526 2360 ὅμως
3562 2284 3651 2342 διὰ
3677 2294 3777 2356 τῆς

2119 2373 2446 2445 Ἐπιστολῆς
2501 2373 2724 2444 ταύτης.
2754 2381 2816 2430 Ἦ
2848 2373 2906 2430 δὲ
2955 2375 3248 2456 πρόφασις.
3280 2377 3380 2445 τῆς
3442 2374 3778 2445 Ἐπιστολῆς

2118 2464 2275 2534 αὕτη⁶
2325 2464 2627 2540 Κορίνθιοι,
2679 2463 2738 2518 ἐκ
2787 2464 3124 2542 φιλονεικίας
3191 2464 3570 2540 συναγόμενοι,
3623 2464 3780 2541 ἐσχί-

2123 2557 2277 2623 ζοντο
2327 2559 2443 2616 ταῖς
2495 2554 2768 2628 γνώμαις,
2799 2555 2887 2609 καὶ
2947 2551 3142 2608 λοιπὸν
3201 2556 3266 2622 ἦν
3313 2552 3363 2607 ἐν
3415 2553 3598 2616 αὐτοῖς
3653 2552 3774 2629 σχί-

2121 2662 2317 2716 σματα·
2351 2642 2440 2697 καὶ
2473 2639 2642 2697 ὄντων
2695 2644 3034 2718 σχισμάτων,
3069 2638 3480 2718 παρεϐλέποντο
3528 2644 3620 2698 τὸν
3671 2641 3774 2698 λα-

2121 2727 2285 2786 ϐόντα
2341 2733 2440 2800 τὴν
2504 2732 2770 2805 μητρυιάν
2826 2731 2900 2792 εἰς
2951 2737 3199 2805 γυναῖκα.
3233 2730 3437 2788 ’Ἄλλοι
3484 2729 3542 2787 δὲ
3572 2730 3770 2800 ἤθελον

2120 2819 2549 2893 καταλιμπάνειν
2607 2819 2701 2881 τὰς
2758 2825 3014 2894 γυναῖκας
3096 2821 3359 2897 προφάσει
3433 2827 3532 2889 τῆς
3583 2819 3772 2895 ἐγκρα-

2120 2909 2286 2972 τείας.
2321 2909 2474 2970 Τινὶς
2510 2905 2565 2963 δὲ
2595 2907 2682 2963 καὶ
2715 2907 2767 2961 ἐν
2801 2905 3103 2968 εἷδωλείοις
3132 2905 3321 2976 ἤσθιον
3358 2909 3431 2968 ὡς
3466 2904 3772 2984 ἀδιαφόρων

2124 2994 2293 3053 ὄντων
2327 2999 2434 3052 τῶν
2468 2994 2870 3052 εἰδωλοθύτων.
2900 2993 3100 3051 ’Ἄλλοι
3151 2993 3208 3050 δὲ
3251 2995 3380 3058 τοὺς
3431 2997 3525 3068 μὲν
3573 2995 3779 3056 ἀλλους

2127 3086 2454 3160 ἐξουθενουν,
2497 3083 2626 3146 τοὺς
2677 3081 2735 3138 δὲ
2783 3081 3084 3146 λαλοῦντας
3130 3083 3404 3159 γλώσσαις
3458 3083 3780 3158 ἐθαύμαζον.

2126 3175 2225 3231 Καὶ
2253 3173 2411 3236 τέλος
2443 3173 2848 3244 ἠπάτηντοκαὶ
2891 3172 2970 3235 εἷς
3015 3174 3078 3227 τὸ
3125 3171 3247 3245 περὶ
3294 3172 3631 3234 ἀναστάσεως
3682 3194 3784 3245 μυ-

2129 3267 2376 3339 στήριον,
2414 3262 2666 3337 λέγοντες
2720 3263 2796 3334 μή
2849 3260 3138 3337 ἐγείρεσθαι
3187 3262 3286 3330 τὴν
3339 3260 3509 3336 σάρκα
3556 3259 3782 3332 ταύτην.

2128 3353 2349 3412 Τούτων
2407 3351 2619 3407 πάντων
2681 3350 2733 3406 ἐν
2786 3350 3034 3426 Κορίνθῳ
3081 3350 3442 3423 κινουμένων,
3490 3348 3782 3428 γράφουσιν

2130 3445 2182 3498 οἱ
2216 3442 2449 3513 λαοὶτῷ
2483 3439 2827 3512 Ἀποστόλῳ,
2857 3438 2945 3494 καὶ
2996 3437 3190 3494 λοιπὸν
3236 3440 3370 3514 πρὸς
3422 3439 3592 3494 πάντα
3638 3437 3785 3493 ἀντι-

2130 3534 2344 3610 γράφει.
2382 3530 2478 3585 Καὶ
2530 3533 2746 3603 πρῶτον
2798 3529 2891 3601 μὲν
2949 3531 3210 3604 μαρτυρεῖ
3257 3527 3440 3589 αὐτοῖς
3491 3527 3540 3581 ἐν
3576 3528 3784 3601 φρονή-

2133 3644 2210 3676 σει
2241 3621 2328 3676 καὶ
2352 3621 2572 3694 γνώσει·
2610 3617 2708 3672 οὐκ
2745 3613 3071 3692 ἀποδέχεται
3133 3613 3191 3670 δὲ
3248 3614 3442 3676 αὐτοὺς
3496 3619 3784 3676 ποιοῦντας

2131 3711 2195 3765 τὰ
2225 3709 2525 3786 σχίσματα,
2557 3705 2702 3761 ἀλλᾶ
2731 3705 2821 3760 καὶ
2852 3701 3212 3778 συμϐουλεύει
3267 3705 3343 3776 μὴ
3387 3703 3437 3757 ἐν
3486 3701 3641 3778 λόγῳ
3687 3704 3784 3771 τήν

2133 3800 2351 3873 ἀρετὴν,
2385 3794 2512 3851 ἀλλ’
2565 3795 2616 3850 ἐν
2670 3793 2810 3871 ἔργῳ
2857 3794 2947 3849 καὶ
2998 3791 3222 3867 δυνάμει
3275 3795 3544 3867 ἡγεῖσθαι·
3583 3791 3788 3860 ἔπειτα,

2134 3889 2461 3961 ἐπιτιμήσας
2505 3889 2585 3957 τῷ
2633 3886 2731 3954 τήν
2790 3883 3057 3960 μητρυιὰν
3107 3877 3353 3953 λαϐόντι,
3401 3882 3490 3936 καὶ
3541 3882 3792 3956 παραινέ-

2136 4000 2230 4040 σας
2267 3977 2342 4051 μὴ
2376 3973 2521 4051 ἔχειν
2563 3973 2802 4049 κρίματα
2841 3973 2974 4046 πρὸς
3023 3971 3267 4040 ἑαυτοὺς,
3299 3970 3491 4026 λοιπὸν
3544 3971 3666 4046 περὶ
3715 3971 3789 4023 ὧν

2137 4067 2368 4144 ἔγραψαν
2406 4063 2772 4140 ἀποκρίνεται.
2809 4061 2939 4137 Περὶ
2989 4063 3082 4134 μὲν
3128 4064 3225 4116 τοῦ
3276 4061 3452 4135 γάμου
3503 4057 3790 4125 διδάσκων,

2140 4156 2408 4234 ἄρρηκτον
2469 4153 2603 4208 εἶναι
2661 4153 2759 4221 τήν
2821 4151 3099 4226 συζυγίαν,
3129 4150 3218 4205 καὶ
3277 4149 3327 4204 ἐν
3388 4153 3563 4225 καιρῷ
3627 4148 3789 4222 μόνον

2141 4245 2430 4322 σχολάζειν
2491 4240 2580 4296 διὰ
2625 4241 2725 4308 τὴν
2778 4238 2970 4313 εὐχήν·
3007 4236 3096 4292 διὰ
3143 4235 3201 4291 δέ
3243 4238 3305 4292 τὸ
3349 4237 3554 4311 ἀγαπᾷν
3597 4233 3791 4296 αὐτοὺς

2139 4337 2238 4403 τὴν
2313 4330 2651 4407 ἐγκράτειαν,
2707 4327 2898 4404 γράφει
2974 4327 3098 4399 περὶ
3171 4325 3476 4398 παρθενίας,
3553 4323 3635 4376 ὅτι
3715 4324 3791 4394 μὴ

2143 4424 2365 4496 ἀνάγκῃ,
2419 4417 2565 4473 ἀλλὰ
2610 4417 2791 4470 πειθοῖ
2837 4418 3000 4468 τοῦτο
3047 4411 3294 4487 γινέσθω.
3330 4412 3462 4465 Εἶτα
3509 4411 3633 4485 περὶ
3688 4414 3797 4464 τῶν

2146 4503 2666 4577 εἷδωλοθ·3των,⁹ίνα
2729 4503 2804 4575 μὴ
2853 4503 3235 4575 καταχρῶνται
3285 4498 3354 4573 τῇ
3403 4499 3621 4575 γνώσει,
3653 4496 3798 4553 ἀλλὰ

2145 4602 2213 4672 τῇ
2265 4597 2442 4671 ἀγάπῃ
2489 4589 2908 4647 πολιτεύωνται.
2957 4585 3166 4642 Κωλῦει
3219 4585 3309 4641 οὖν
3360 4587 3427 4640 τὰ
3455 4586 3506 4639 ἐν
3557 4583 3798 4658 εἰδωλίῳ

2149 4684 2441 4759 συμπόσια,
2486 4679 2578 4734 ’ἱνα
2641 4680 2717 4751 μὴ
2780 4674 3241 4745 σκανδαλίζωνται
3298 4676 3350 4731 οἱ
3413 4675 3620 4752 μικροί.
3669 4677 3801 4730 Εἶτα

387 4771 677 4829 idolorum
753 4777 975 4849 fierent,
1015 4757 1116 4835 vne
1193 4781 1393 4853 pusilli
1473 4757 2016 4838 scandalizarentur

2147 4757 2270 4851 περὶ
2322 4776 2428 4828 τῶν
2476 4770 2853 4842 πνευματικῶν
2905 4764 3261 4844 χαρισμάτων
3310 4764 3521 4844 γράφει·
3568 4762 3660 4818 ’ἱνα
3721 4765 3797 4838 μὴ

388 4861 594 4917 Postea
624 4864 694 4919 de
725 4866 894 4921 donis
927 4867 1334 4939 spiritualibus
1365 4871 1588 4941 scribit,
1623 4887 1693 4927 ne
1723 4870 2040 4925 charisma-

388 4957 515 5008 tum
548 4953 735 5025 gratia
765 4955 1074 5013 discrimen
1106 4959 1258 5014 inter
1287 4977 1348 5015 se
1371 4964 1656 5028 statuant,
1675 4974 1814 5014 neve
1838 4958 2039 5030 praefe-

388 5046 522 5096 rant
551 5060 707 5114 eum,
742 5045 840 5116 qui
873 5046 1167 5104 charisma
1199 5048 1432 5120 aliquod
1468 5049 1661 5118 habet,
1684 5048 1758 5113 ei,
1792 5047 1892 5119 qui
1926 5047 2038 5101 alio

389 5131 644 5186 donatus
692 5141 774 5188 est
810 5151 821 5187 :
859 5153 994 5190 nam
1045 5138 1243 5193 omnia
1289 5138 1551 5208 ejusdem
1605 5153 1734 5192 esse
1785 5135 2041 5208 Spiritus

391 5219 551 5276 dicit.
590 5221 803 5277 Deinde
833 5229 886 5278 et
919 5225 988 5280 de
1019 5228 1446 5282 resurrectione
1476 5228 1663 5295 docet,
1698 5226 1853 5298 quod
1884 5224 2042 5280 scili-

392 5313 482 5363 cet
535 5327 668 5366 caro
727 5319 1124 5370 resurrectura
1176 5315 1273 5383 sit,
1307 5321 1537 5371 mortua
1569 5315 1804 5386 quidem
1839 5331 2041 5369 corru-

391 5397 636 5468 ptibilis,
671 5403 975 5458 excitanda
1018 5419 1152 5460 vero
1183 5404 1520 5476 incorrupta
1551 5405 1876 5460 secundum
1909 5419 2041 5475 gra-

394 5485 537 5540 tiam
572 5487 806 5544 Christi.
841 5492 1345 5550 Resurrectionem
1379 5511 1512 5549 vero
1571 5511 1637 5548 ex
1687 5510 1752 5549 eo
1807 5492 2042 5561 astruit,

397 5576 550 5644 quod
581 5577 848 5636 Christus
898 5582 1182 5639 excitatus
1214 5587 1320 5640 est.
1359 5585 1415 5638 in
1467 5583 1622 5638 calce
1663 5583 1929 5639 hortatur
1975 5583 2045 5636 de

397 5665 661 5721 moribus
694 5668 1092 5742 instituendis,
1126 5676 1183 5729 et
1212 5673 1282 5729 de
1313 5673 1554 5730 collecta
1586 5673 1655 5728 ad
1709 5671 2043 5728 subsidium

2149 4863 2502 4942 διαφέρωνται
2535 4859 2586 4914 ἐν
2617 4863 2732 4919 τοῖς
2772 4857 3094 4933 χαρίσμασι,
3133 4852 3272 4928 μηδέ
3324 4853 3656 4929 προκρίνωσι
3705 4854 3796 4908 τὸν

2149 4941 2348 5030 ἔχοντα
2374 4952 2438 5006 τὸ
2469 4950 2716 5025 χάρισμα
2745 4944 2870 5002 τόδε
2897 4949 2994 5001 τοῦ
3026 4942 3254 5020 ἔχοντος
3281 4941 3424 4998 τόδε·
3478 4943 3650 4996 πάντα
3697 4941 3797 5018 γὰρ

2147 5048 2248 5098 τοῦ
2309 5040 2472 5096 αὐτοῦ
2524 5037 2834 5109 Πνεῦματος
2885 5037 3013 5090 εῖναι
3063 5033 3230 5108 λέγει.
3266 5032 3361 5085 Καὶ
3422 5031 3616 5085 λοιπὸν
3677 5032 3799 5105 περὶ

2151 5132 2489 5190 ἀναστάσεως
2539 5125 2801 5181 διδάσκειο
2845 5124 2927 5179 ὅτι
2978 5123 3012 5191 ἥ
3065 5122 3191 5197 σὰρξ
3242 5121 3523 5196 ἐγείρεται,
3570 5119 3803 5190 ἀποθνή-

2153 5240 2351 5276 σκουσα
2413 5217 2504 5291 μὲν
2567 5214 2798 5293 φθαρτή,
2848 5211 3171 5287 ἐγειρομένη
3231 5206 3288 5263 δέ
3347 5209 3614 5285 ἄφθαρτος
3671 5208 3804 5262 κατᾶ

2148 5311 2249 5378 τὴν
2301 5311 2396 5362 τοῦ
2442 5307 2677 5380 Χριστοῦ
2727 5303 2910 5376 χάριν.
2946 5301 3058 5368 Τὴν
3105 5295 3163 5353 δὶ
3212 5296 3496 5350 ἀνάστασιν
3548 5295 3653 5350 ἀπὸ
3708 5300 3806 5349 τοῦ

2153 5395 2442 5474 ἐγηγέρθαι
2491 5393 2583 5447 τὸν
2645 5389 2870 5466 Χριστὸν
2915 5387 3213 5474 συνίστησι.
3248 5385 3347 5439 Καὶ
3405 5383 3480 5446 εἷς
3527 5384 3617 5474 τὸ.
3645 5383 3803 5474 τέλος

2154 5471 2566 5560 παραινετικοῦς
2626 5478 2827 5553 λόγους
2891 5476 2966 5538 εἷς
3011 5475 3078 5529 τὰ
3125 5471 3234 5544 ἤθη
3287 5475 3503 5551 γράφει,
3535 5472 3624 5527 καὶ
3681 5473 3803 5550 περὶ

2154 5559 2347 5649 λογίας
2381 5578 2479 5642 τῆς
2539 5570 2613 5631 εἷς
2661 5566 2790 5627 τοὺς
2852 5563 3034 5640 ἁγίους
3093 5561 3483 5639 παραγγέλλει,
3517 5559 3606 5616 καὶ
3665 5562 3806 5616 οὕτω

2153 5663 2359 5720 τελειοῖ
2386 5661 2485 5729 τὴν
2523 5655 2875 5727 Ἐπιστολήν.

396 5758 733 5812 sanctorum
769 5758 1030 5818 facienda
1055 5762 1335 5836 praecipit,
1369 5767 1544 5835 atque
1573 5761 1657 5819 ita
1687 5761 1936 5822 absolvit
1962 5756 2306 5833 Epistolam.
