4170 6368
336 394 455 452 417

556 520 758 596 Τρίτη,
784 517 948 574 πάλιν
974 514 1063 572 καὶ
1095 516 1229 587 αὕτη
1264 516 1400 594 πρὸς
1434 517 1776 593 Κορινθίους.

411 640 501 694 61.
537 634 634 691 Καὶ
684 635 885 706 ταύτην
938 635 1071 711 πρὸς
1118 633 1247 695 τοὺς
1307 634 1503 693 αὐτοὺς
1550 633 1859 688 ἐπιστέλλει
1893 633 1996 686 ἀπὸ

341 724 703 788 Μακεδονίας.
756 731 816 779 Ἡ
875 722 932 778 δὲ
989 724 1256 800 πρόφασις
1308 729 1408 791 τῆς
1460 722 1788 791 Ἐπιστολῆς
1836 721 1997 789 αὕτη·

344 815 633 887 Δεξάμενοι
695 815 977 887 Κορίνθιοι
1026 814 1126 881 τὴν
1176 812 1505 881 Ἐπιστολὴν
1556 813 1653 880 τήν
1713 811 1996 886 προτέραν,

340 904 703 980 κατενύγησαν
754 902 839 958 ἐπὶ
890 906 958 975 τῇ
1010 902 1248 976 ἁμαρτίᾳ
1304 907 1399 956 τοῦ
1450 896 1714 962 λαϐόντος
1744 902 1842 969 τὴν
1891 922 1998 971 μη-

339 997 548 1072 τρυιὰν,
595 995 685 1049 καὶ
734 994 1083 1064 ἐλυπήθησαν
1142 991 1221 1059 δὲ,
1272 994 1346 1055 ὡς
1398 990 1718 1068 παριδόντες
1751 995 1997 1079 τοιοῦτόν

342 1085 662 1161 ἁμάρτημα·
726 1084 842 1139 εἶτα
889 1081 1272 1160 ὑφηρπάζοντο
1332 1082 1477 1156 παρά
1524 1103 1685 1135 τινων
1743 1086 1849 1134 τῶν
1911 1080 2001 1133 καὶ

339 1177 435 1236 τὰς
468 1173 762 1251 προφάσεις
814 1177 924 1227 τῶν
975 1170 1298 1246 σχισμάτων
1349 1170 1674 1241 ποιούντων,
1727 1166 1865 1223 ὣστε
1894 1190 2003 1223 πα-

349 1262 823 1338 ρακαθέζεσθαιτῷ
853 1262 1141 1337 γράμματι
1174 1264 1270 1314 τοῦ
1322 1259 1517 1331 νόμου,
1569 1259 1657 1313 καὶ
1706 1256 1999 1334 ἀδιάφορον

349 1356 601 1426 ἡγεῖσθαι
651 1354 747 1419 τὴν
797 1352 941 1423 παρὰ
994 1354 1092 1404 τοῦ
1142 1351 1377 1425 Χριστοῦ
1427 1350 1612 1424 χάριν,
1657 1347 1745 1401 καὶ
1792 1346 2004 1420 μᾶλλον

348 1447 647 1515 προσεῖχον
706 1446 821 1501 τοῖς
871 1440 921 1495 έν
976 1439 1257 1514 προσώπῳ
1305 1438 1709 1513 καυχωμένοις.
1744 1438 1911 1492 Ἦσαν
1947 1432 2004 1489 δὲ

348 1530 439 1584 καὶ
497 1530 619 1604 περὶ
669 1536 771 1597 τῆς
822 1528 1005 1604 λογίας
1048 1534 1148 1597 τῆς
1197 1526 1273 1589 εἷς
1307 1528 1435 1589 τοὺς
1469 1526 1655 1601 ἁγίους
1688 1525 2002 1603 φροντίζον-

344 1639 432 1680 τες
494 1618 700 1680 καλῶς.
758 1618 901 1693 Πρὸς
949 1621 1115 1672 ταῦτα
1166 1615 1255 1671 οὖν
1308 1617 1619 1693 ἀντιγράφει
1680 1614 2002 1671 ὁἈπόστο-

346 1707 466 1769 λος.
497 1706 595 1761 Καὶ
626 1711 841 1783 πρῶτον
890 1708 984 1779 μὲν
1035 1703 1363 1780 ἀποδέχεται
1413 1705 1631 1775 αὐτοὺς,
1677 1698 2005 1764 ἰκϐαλόντας

343 1796 435 1850 τὸν
492 1798 980 1870 παρανομήσαντα·
1039 1793 1222 1849 ἔπειτα
1272 1794 1554 1864 ἀξιώσασιν
1589 1793 1772 1854 αὐτοῖς
1805 1812 2002 1867 συγκα-

1438 385 1812 449 SYNOPSIS
1856 384 1941 446 SC
1954 384 2320 447 BIPTURE
2364 388 2658 450 SACH/E.

2026 524 2075 587 A

3639 400 3759 458 418

2486 523 2681 591 Tertia,
2715 526 2916 580 iterum
2945 525 3015 581 ad
3047 527 3381 585 Corinthios.

2176 636 2264 690 61.
2303 637 2381 691 Ad
2414 640 2649 693 eosdem
2693 649 2745 694 et
2791 641 2942 696 hanc
2990 643 3230 698 mittite
3262 644 3621 701 Macedonia.
3655 648 3757 702 Est

2109 734 2303 779 autem
2337 726 2498 782 illius
2530 730 2756 783 'occasio
2805 729 2976 784 talis:
3002 730 3195 786 Priore
3241 738 3474 804 accepta
3501 735 3758 804 Epistola

2109 814 2407 881 Corinthii,
2442 819 2779 888 compuncti
2832 836 3010 889 super
3059 825 3293 891 peccato
3325 822 3453 891 ejus
3506 823 3604 892 qui
3657 840 3762 876 no-

2108 920 2338 957 vercam
2372 921 2538 959 suam
2567 907 2831 971 duxerat,
2852 909 3299 979 contristatique
3332 912 3579 975 fuerant,
3606 912 3759 982 quod

2110 991 2225 1046 tale
2260 999 2562 1062 peccatum
2591 996 3022 1065 neglexissent:
3049 998 3258 1051 deinde
3281 998 3505 1052 seducti
3535 1000 3766 1053 tuerant

2112 1083 2184 1136 ab
2217 1082 2355 1151 illis,
2380 1082 2481 1154 qui
2531 1084 2919 1139 schismatum
2953 1086 3316 1141 occasionem
3350 1088 3652 1152 dederant,
3686 1089 3768 1142 ita

2114 1177 2179 1225 ut
2224 1170 2425 1225 litterae
2481 1172 2625 1243 legis
2677 1174 2974 1228 servandaa
3034 1176 3359 1244 studerent,
3410 1182 3466 1229 et
3513 1177 3763 1247 gratiam

2111 1260 2330 1315 Christi
2362 1262 2789 1316 indifferentem
2832 1263 3188 1333 judicarent,
3223 1269 3398 1334 atque
3446 1265 3539 1331 iis,
3573 1266 3671 1334 qui
3706 1268 3764 1319 in

2114 1348 2319 1403 faciem
2362 1365 2489 1403 sese
2530 1350 2857 1419 jactabant,
2884 1351 3016 1422 plus
3064 1353 3452 1407 attenderent.
3485 1354 3565 1408 De
3596 1353 3768 1408 colle-

2112 1444 2207 1492 cta
2236 1454 2369 1492 vero
2399 1439 2458 1491 in
2493 1456 2637 1493 usus
2669 1446 3010 1495 sanctorum
3052 1441 3334 1511 facienda,
3368 1443 3546 1513 probe
3595 1459 3766 1498 cura-

2111 1527 2275 1581 bant.
2304 1528 2387 1580 Ad
2422 1528 2530 1581 ista
2558 1528 2739 1599 igitur
2760 1529 3027 1584 rescribit
3053 1529 3386 1599 Apostolus.
3411 1531 3477 1585 Et
3508 1533 3766 1603 primum

2113 1615 2349 1686 quidem
2386 1615 2587 1671 laudat
2615 1617 2798 1687 ipsos,
2833 1618 2986 1687 quod
3018 1619 3329 1688 ejecissent
3362 1636 3494 1674 cum
3530 1621 3629 1692 qui
3664 1621 3766 1677 de-

2112 1704 2365 1775 liquerat
2396 1721 2409 1759 :
2446 1705 2655 1760 deinde
2689 1707 3023 1777 petentibus
3063 1707 3208 1777 ipsis
3239 1709 3445 1763 annuit
3474 1714 3531 1763 et
3558 1710 3766 1780 resipi-

2114 1798 2375 1848 scentem
2408 1793 2576 1848 illum
2628 1796 2803 1866 recipi
2837 1796 3028 1865 jubet.
3066 1801 3238 1851 Docet
3268 1798 3446 1852 etiam
3495 1798 3604 1853 hac
3637 1800 3768 1870 Epi-

345 1884 577 1953 τανεύει,
611 1884 700 1938 καὶ
744 1887 1150 1957 μετανοήσαντα
1202 1882 1404 1937 ἐκεῖνον
1453 1882 1663 1937 κελεύει
1722 1879 2003 1957 δεχθῆναι.

2125 1880 2265 1938 stola
2313 1883 2383 1937 de
2436 1882 2582 1954 lege,
2618 1883 3036 1939 discriminans
3085 1884 3204 1940 illic
3252 1886 3532 1953 litteram,
3566 1893 3624 1941 et
3673 1905 3769 1943 os-

352 1976 437 2028 Ἐν
498 1973 634 2047 αὐτῇ
696 1970 754 2027 δὲ
813 1970 1051 2028 διδάσκει
1111 1971 1235 2043 περὶ
1290 1976 1386 2026 τοῦ
1443 1972 1639 2043 νόμου,
1691 1967 1912 2043 διαιρῶν
1942 1968 2005 2022 τὸ

354 2064 608 2139 γράμμα,
663 2062 753 2116 καὶ
815 2060 1098 2134 δείκνυσιν,
1168 2059 1249 2115 ὅτι
1309 2059 1370 2114 οὐ
1448 2056 1531 2114 δεῖ
1590 2054 1884 2131 λαμϐάνειν
1942 2058 2006 2111 τὸ

356 2151 588 2226 γράμμα
614 2150 777 2224 μόνον
810 2155 909 2205 τοῦ
939 2151 1136 2223 νόμου,
1165 2148 1291 2204 ἀλλ’
1323 2149 1375 2203 ἐν
1426 2147 1571 2220 αὐτῷ
1599 2152 1678 2219 τῷ
1722 2148 2007 2223 γράμματι

356 2241 453 2308 τὴν
517 2237 754 2293 διάνοιαν
804 2239 1037 2314 ἐρευνᾷν·
1091 2238 1152 2292 οὐ
1212 2239 1315 2311 γὰρ
1380 2237 1542 2310 μόνον
1604 2236 1742 2312 ῥητά
1789 2235 1927 2290 ἐστιν
1979 2237 2006 2288 ὁ

357 2329 546 2401 νόμος,
608 2326 753 2383 ἀλλά
800 2328 889 2383 καὶ
939 2327 989 2382 έν
1040 2332 1156 2389 τοῖς
1199 2328 1387 2402 ῥητοῖς
1418 2326 1526 2380 ἐστι
1580 2326 1730 2380 καὶὸ
1758 2330 1882 2385 νοῦς
1909 2328 2007 2379 τοῦ

357 2418 687 2489 πνεύματος·
723 2414 928 2485 ἔπειτα,
961 2415 1044 2470 ὅτι
1082 2420 1177 2470 τοῦ
1228 2418 1462 2491 Χριστοῦ
1518 2414 1793 2486 ἐλθόντος,
1848 2414 2006 2482 καινὴ

357 2507 525 2569 κτίσις
575 2508 788 2582 γέγονε,
835 2506 922 2560 καὶ
974 2505 1040 2559 οὐ
1091 2503 1173 2559 δεῖ
1210 2505 1345 2560 κατὰ
1373 2505 1434 2559 τὸ
1465 2503 1697 2559 παλαιὸν
1736 2507 1848 2577 ζῇν,
1881 2500 2008 2557 ἀλλ’

356 2597 430 2658 ὡς
482 2596 533 2650 ἐν
583 2600 744 2668 καινῇ
791 2594 956 2649 κτίσει
1012 2593 1062 2649 ἐν
1113 2599 1273 2649 πᾶσιν
1320 2593 1667 2657 ἀνανεοῦσθαι
1719 2591 1806 2647 καί
1836 2592 2010 2667 ἀργὴν

356 2685 487 2740 εἶναι
519 2683 717 2739 λοιπὸν
766 2685 864 2753 τήν
918 2686 1244 2758 περιτομήν.
1289 2680 1646 2758 Ἀποδέχεται
1699 2679 1755 2736 δὲ
1813 2682 2007 2743 αὐτοὺς

353 2775 443 2829 καὶ
491 2774 615 2850 περὶ
660 2781 762 2843 τῆς
811 2771 1108 2840 διακονίας,
1151 2771 1238 2827 καῖ
1271 2771 1631 2848 προτρέπεται
1668 2770 1878 2844 μᾶλλον
1913 2770 2006 2825 αὐ-

352 2864 481 2925 τοὺς
538 2861 879 2931 πλεονάζειν.
932 2862 1063 2916 Εἶτα
1103 2861 1429 2934 αἰτιώμενος
1472 2860 1598 2923 τοὺς
1644 2859 1694 2914 ἐν
1727 2860 2009 2935 προσώπῳ

356 2951 771 3028 καυχωμένους,
821 2950 1109 3026 καταλέγει
1172 2951 1363 3023 πάντα,
1435 2950 1569 3026 ἅπερ
1637 2947 1869 3003 πέπονθε
1922 2944 2011 3002 διὰ

360 3042 452 3096 τὸν
509 3041 722 3116 Κύριον,
775 3040 865 3095 καὶ
918 3040 1012 3102 τάς
1075 3040 1331 3100 ὀπτασίας
1392 3036 1447 3093 δὲ
1495 3037 1784 3114 διηγεῖται,
1843 3039 2009 3112 ἅσπερ

367 3131 620 3205 ἑώρακεν,
681 3128 757 3192 εἷ¹ς
806 3150 865 3184 τε
909 3130 1000 3184 τὸν
1062 3126 1390 3205 Παράδεισον
1442 3128 1529 3182 καὶ
1580 3128 1654 3189 εἷς
1702 3127 1792 3181 τὸν
1830 3126 2013 3202 τρίτον

368 3218 592 3292 οὐρανὸν
642 3217 918 3295 ἁρπαγείς.
970 3218 1101 3272 Εἶτα
1148 3215 1516 3293 παραγγείλας
1551 3218 1625 3291 μὴ
1659 3216 2007 3292 ἁμαρτάνειν,

436 3275 443 3292 .
680 3275 688 3294 .
802 3275 812 3295 .
886 3275 896 3280 -
1228 3275 1236 3293 .
1308 3275 1353 3293 .,
1505 3275 1513 3278 -
1551 3275 1561 3291 ,
1617 3275 1625 3285 .
1698 3275 1708 3289 .
1777 3275 1785 3292 ,
1993 3275 2007 3288 ,

359 3306 505 3363 ἀλλὰ
557 3313 835 3381 μετανοεῖν
880 3307 1005 3369 τοὺς
1037 3306 1465 3383 ἁμαρτάνοντας,
1498 3305 1548 3361 ἐν
1584 3305 1902 3381 εὐχαριστίᾳ
1924 3327 2008 3361 τε-
2040 3275 2084 3343 C

361 3396 505 3451 λειοῖ
533 3398 632 3466 τὴν
658 3394 1009 3467 Ἐπιστολήν.

814 3530 1055 3606 Τετάρτη
1068 3576 1082 3597 ,
1116 3529 1252 3606 πρὸς
1290 3527 1555 3590 Γαλάτας.

426 3650 514 3704 62.
547 3646 754 3717 Ταύτην
815 3645 1125 3701 ἐπιστέλλει
1184 3646 1290 3700 ἀπὸ
1337 3646 1577 3719 Ῥώμης,
1621 3645 1877 3718 ἑωρακὼς
1918 3644 2011 3700 αὖ·

354 3738 482 3798 τοὺς
515 3733 624 3805 ἤδη
654 3735 743 3789 καὶ
778 3732 1012 3805 διδάξας.
1046 3736 1110 3790 Ἡ
1143 3732 1199 3788 δὲ
1230 3734 1497 3811 πρόφασις
1528 3741 1628 3803 τῆς
1682 3731 2009 3803 Ἐπιστολῆς

360 3823 518 3896 αῦτη·
556 3822 911 3899 Διδαχθέντες
942 3822 1127 3885 καλῶς
1159 3825 1214 3877 ol
1244 3822 1479 3878 Γαλάται
1512 3823 1657 3899 παρά
1704 3827 1800 3877 τοῦ
1842 3823 2009 3878 Ἀπο-

367 3912 585 3980 στόλου,
637 3913 725 3967 καὶ
781 3912 1163 3973 πιστεύσαντες
1213 3911 1449 3987 γνησίως
1509 3911 1584 3972 είς
1638 3912 1729 3965 τὸν
1764 3912 2011 3986 Χριστὸν,

365 3999 828 4075 ἀποδημησαντος
887 4001 1077 4069 αὐτοῦ,
1149 4001 1577 4078 ὑφηρπάσθησαν
1629 4001 1775 4075 παρά
1830 4020 2013 4068 τινων,

365 4091 503 4146 ὥστε
560 4090 993 4166 περιτέμνεσθαι.
1058 4093 1233 4144 Ταῦτα
1287 4088 1465 4143 τοίνυν
1538 4089 1719 4161 μαθὼν
1775 4089 1802 4142 ὁ
1852 4088 2015 4143 Ἀπό-

368 4178 585 4244 στολος,
641 4178 829 4255 γράφει
886 4178 1022 4255 πρὸς
1070 4177 1285 4239 αὐτούς.
1341 4176 1437 4231 Καὶ
1478 4181 1693 4250 πρῶτον
1754 4177 1847 4249 μὲν
1884 4198 2015 4252 μαρ-

365 4270 549 4342 τυρῶν
581 4265 762 4329 αὐτοῖς
794 4267 914 4342 περὶ
954 4269 1021 4335 ἧς
1068 4267 1218 4341 εἶχον
1260 4267 1515 4337 πίστεως,
1548 4268 1636 4321 καί
1686 4266 1912 4340 γνησίας
1962 4266 2013 4320 ἐν

367 4356 589 4430 Χριστῷ
654 4352 964 4425 διαθέσεως,
1029 4355 1295 4433 μέμφεται
1352 4356 1427 4417 ὡς
1486 4355 1732 4425 ἀνοήτως
1789 4355 2016 4430 πράξαν-

362 4465 479 4516 τας,
530 4443 619 4499 καὶ
682 4439 1163 4518 μεταϐαλομένους
1219 4443 1434 4505 αὐτούς·
1481 4440 1663 4499 ἔπειτα
1694 4440 1752 4498 δὲ
1783 4441 2018 4517 διαλαμ-

368 4530 515 4588 ϐάνει
574 4534 697 4609 περὶ
754 4539 851 4588 τοῦ
906 4532 1101 4606 νόμου,
1152 4533 1241 4587 καὶ
1286 4540 1385 4603 τῆς
1446 4533 1581 4588 κατὰ
1630 4533 1719 4587 τὸν
1772 4528 2021 4609 Ἀϐραὰμ

2116 1972 2383 2034 tendens,
2414 1988 2528 2026 non
2571 1988 2700 2027 esse
2744 1971 2999 2027 litteram
3053 1971 3197 2044 legis
3245 1973 3428 2029 solam
3483 1976 3769 2047 accipien-

2117 2060 2277 2125 dam,
2328 2059 2429 2114 sed
2482 2059 2539 2113 in
2589 2058 2783 2115 littera
2831 2060 3185 2116 sententiam
3235 2064 3553 2118 eruendam
3598 2082 3613 2119 :
3654 2082 3771 2120 non

2118 2148 2275 2202 enim
2320 2148 2495 2203 verba
2542 2152 2773 2204 tantum
2824 2153 2963 2204 sunt
3010 2148 3118 2218 lex,
3152 2152 3252 2205 sed
3304 2152 3363 2205 in
3394 2153 3547 2207 149
3581 2154 3773 2209 verbis

2118 2241 2206 2291 est
2237 2253 2447 2291 sensus
2490 2238 2757 2308 spiritus.
2789 2238 3028 2303 Deinde,
3062 2240 3217 2309 quod
3250 2240 3513 2295 veniente
3543 2241 3772 2296 Christo

2121 2341 2265 2380 nova
2314 2330 2580 2380 creatura
2639 2328 2789 2381 facta
2838 2326 2932 2391 sit,
2970 2344 3074 2382 nec
3124 2333 3386 2398 oporteat
3445 2331 3771 2384 secundum

2118 2418 2466 2468 vetustatem
2504 2416 2715 2482 vivere,
2748 2417 2848 2470 sed
2901 2417 2959 2469 in
3010 2415 3308 2484 omnibus,
3344 2416 3501 2471 velut
3530 2418 3587 2471 in
3622 2434 3775 2472 nova

2120 2508 2409 2570 creatura,
2458 2504 2721 2558 renovari
2791 2509 2848 2558 et
2904 2504 3263 2575 superfluam
3314 2506 3588 2577 deinceps
3647 2522 3774 2561 esse

2119 2591 2651 2647 circumcisionem.
2690 2593 2912 2647 Laudat
2944 2610 3041 2649 eos
3087 2594 3260 2648 etiam
3297 2594 3612 2649 ministerii
3643 2612 3773 2666 gra-

2120 2680 2222 2749 tia,
2265 2686 2321 2735 et
2368 2682 2731 2747 adhortatur,
2768 2689 2830 2735 ut
2877 2699 2943 2736 ea
2994 2684 3048 2736 in
3105 2699 3164 2736 re
3213 2684 3533 2738 abundent.
3571 2684 3777 2739 Postea

2122 2771 2494 2841 reprehendit
2544 2788 2665 2837 eos,
2718 2772 2819 2842 qui
2868 2771 2926 2826 in
2978 2772 3181 2826 faciem
3235 2772 3658 2843 gloriabantur,
3710 2791 3777 2829 ac

2122 2864 2385 2914 recenset
2413 2877 2777 2931 quaecunque
2806 2878 3019 2932 passus
3037 2866 3160 2915 erat
3184 2867 3418 2933 prOptsr
3441 2864 3776 2930 Dominum,

2121 2953 2179 3003 et
2218 2947 2492 3018 visiones,
2526 2966 2674 3019 quas
2724 2948 2965 3016 viderat,
2999 2949 3254 3019 exponit,
3288 2954 3343 3003 et
3391 2951 3684 3020 quomodo
3716 2951 3776 3006 in

2123 3037 2463 3093 Paradisum
2497 3039 2568 3093 ad
2603 3038 2841 3092 tertium
2891 3038 3104 3092 cmlum
3156 3043 3360 3109 raptus
3392 3039 3486 3093 sit.
3520 3040 3781 3094 Tandem

2122 3130 2434 3198 postquam
2487 3125 2604 3181 illis
2639 3125 3005 3181 denuntiavit
3048 3142 3119 3180 ne
3166 3131 3422 3197 peccent,
3456 3129 3559 3183 sed
3594 3128 3643 3182 si
3678 3129 3780 3200 qui

2123 3216 2440 3287 peccarint,
2474 3215 2845 3286 resipiscant,
2880 3232 3013 3271 cum
3048 3216 3367 3288 gratiarum
3406 3216 3630 3272 actione
3661 3222 3778 3273 ter-

2123 3306 2310 3361 minat
2338 3305 2680 3379 Epistolam.

2648 3528 2875 3595 Quarta,
2908 3528 2979 3584 ad
3010 3528 3251 3584 Galatas.

2190 3646 2278 3697 62.
2314 3644 2474 3699 Hanc
2508 3644 2669 3699 misit
2702 3648 2902 3711 Roma,
2937 3661 3071 3699 cum
3109 3646 3233 3715 jam
3268 3645 3513 3701 vidisset
3542 3646 3779 3704 Galatas

2124 3750 2189 3787 ac
2218 3734 2533 3788 docuisset.
2560 3734 2659 3788 Est
2685 3739 2879 3788 autem
2904 3749 2971 3788 ea
2992 3733 3249 3805 epistola
3274 3734 3499 3790 occasio
3526 3753 3537 3789 :
3564 3735 3779 3791 Galate

2122 3828 2437 3893 postquam
2480 3829 2635 3877 recte
2686 3823 2935 3878 fuissent
2978 3822 3228 3877 instituti
3281 3824 3351 3878 ab
3403 3824 3691 3895 Apostolo,
3725 3829 3784 3881 et

2124 3913 2349 3967 sincere
2395 3912 2453 3966 in
2486 3912 2786 3967 Christum
2839 3912 3249 3979 credidissent,
3284 3928 3418 3967 cum
3467 3914 3781 3984 Apostolus

2126 4001 2420 4072 protectus
2454 4000 2679 4068 fuisset,
2707 4000 2933 4056 seducti
2969 4002 3203 4056 fuerant
3230 4019 3261 4056 a
3292 4003 3670 4073 quibusdam,
3699 4003 3785 4058 ita

2129 4093 2192 4143 ut
2231 4088 2809 4144 circumciderentur.
2845 4089 2972 4145 Hmc
3020 4107 3153 4145 cum
3200 4090 3501 4146 didicisset
3549 4094 3784 4163 Aposto-

2128 4178 2243 4245 lus,
2278 4177 2482 4232 scribit
2511 4179 2582 4232 ad
2628 4194 2725 4233 eos
2761 4195 2773 4233 :
2807 4184 2861 4233 et
2893 4179 3059 4233 initio
3091 4180 3328 4250 quidem
3377 4180 3780 4237 testimonium

2129 4266 2248 4321 illis
2297 4267 2397 4321 dat
2448 4266 2605 4335 fidei,
2647 4284 2825 4339 quam
2876 4267 3225 4333 habuerant,
3276 4273 3334 4323 et
3383 4269 3594 4324 sinceri
3646 4286 3785 4341 erga

2127 4357 2424 4413 Christum
2461 4356 2639 4412 animi
2667 4376 2679 4425 ;
2715 4375 2847 4413 mox
2878 4375 3013 4413 vero
3047 4360 3178 4414 ideo
3210 4361 3605 4431 reprehendit,
3626 4362 3781 4433 quod

2130 4445 2303 4502 stulte
2325 4446 2583 4517 egissent
2605 4464 2670 4502 ac
2693 4448 2902 4503 mutati
2926 4448 3190 4504 fuissent.
3208 4449 3642 4519 Consequenter
3664 4450 3784 4506 dis-

2130 4540 2299 4608 putat
2330 4536 2400 4591 de
2435 4536 2580 4608 lege,
2614 4540 2671 4591 et
2701 4537 2771 4591 de
2812 4538 2926 4591 tlde
2969 4554 3097 4608 quae
3130 4538 3456 4594 secundum
3487 4539 3785 4596 Abraham

370 4623 617 4685 πίστεως·
672 4622 759 4677 καὶ
809 4620 1188 4677 ἀποδείκνυσιν
1246 4619 1306 4676 ἔκ
1358 4643 1417 4677 τε
1464 4626 1561 4677 τοῦ
1590 4622 1763 4695 νόμου
1793 4623 2011 4677 καὶτῶν

2131 4632 2240 4694 est,
2291 4642 2357 4680 ac
2405 4626 2662 4680 ostendit
2709 4642 2841 4681 cum
2897 4642 2965 4681 ex
3013 4626 3158 4699 lege,
3210 4633 3337 4683 tum
3388 4645 3457 4683 ex
3506 4630 3786 4685 uxoribus

370 4717 635 4789 γυναικῶν
694 4707 965 4787 Ἀϐραάμ,
1016 4711 1412 4786 ἀλληγοριῆσας
1456 4710 1640 4783 αὐτὰς,
1694 4710 1858 4788 μέχρι
1901 4733 2019 4767 και-

373 4806 470 4873 ροῦ
519 4798 766 4864 δεδόσθαι
816 4802 914 4868 τήν
969 4802 1141 4869 σκιὰν,
1194 4800 1280 4854 καὶ
1314 4801 1411 4868 τήν
1445 4802 1772 4876 περιτομὴν,
1804 4802 1893 4855 καὶ
1924 4802 2021 4877 ἀρ·-

369 4894 481 4966 γεῖν
535 4888 728 4945 λοιπὸν
774 4889 908 4944 αὐτά
954 4894 1021 4963 τῇ
1072 4894 1169 4944 τοῦ
1219 4891 1452 4963 Χριστοῦ
1483 4890 1765 4965 παρουσίᾳ.
1798 4891 1894 4945 Καὶ
1929 4890 2020 4944 οὕ-

369 5000 478 5042 τως
541 4976 848 5049 ἀποδείξας,
908 4977 1277 5055 παραγγέλλει
1340 4977 1531 5033 λοιπὸν
1591 4979 1775 5041 αὐτοῖς
1826 4981 2019 5052 μηκέτι

372 5070 662 5144 προσέχειν
692 5073 809 5130 τοῖς
840 5069 1198 5139 ἀπατήσασιν,
1228 5066 1373 5122 ἂλλά
1407 5066 1618 5139 μᾶλλον
1665 5066 1883 5143 ἔχεσθαι
1922 5076 2019 5138 τῆς

371 5157 422 5210 ἐν
455 5159 672 5232 Χριστῷ
720 5157 975 5224 πίστεως,
1033 5156 1121 5211 καὶ
1174 5157 1481 5230 γινώσκειν,
1533 5155 1615 5210 ὅτι
1655 5159 1689 5225 ἡ
1725 5157 1775 5211 ἐν
1810 5163 2024 5234 Χριστῷ

371 5246 531 5321 χάρις
566 5251 826 5322 καταργεῖ
868 5247 965 5314 τήν
1010 5246 1144 5301 κατὰ
1194 5245 1363 5316 σάρκα
1391 5247 1714 5320 περιτομήν.
1751 5246 1847 5302 Καὶ
1880 5246 2022 5301 οὓτω

369 5332 536 5387 πάλιν
592 5335 667 5397 εἲς
710 5337 776 5389 τά
800 5332 909 5403 ἤθη
944 5334 1268 5409 παραινέσας
1298 5334 1387 5388 καὶ
1421 5330 1658 5404 διδάξας,
1690 5332 1895 5389 τελειοῖ
1922 5336 2019 5405 τὴν

370 5422 723 5493 Ἐπιστολήν.

824 5530 1078 5602 Πέμπτη,
1112 5528 1249 5601 πρὸς
1278 5526 1575 5605 Ἐφεσίους.

443 5631 535 5686 63.
566 5630 775 5698 Ταύτην
812 5624 1119 5682 ἐπιστέλλει
1150 5626 1255 5680 ἀπὸ
1286 5624 1526 5698 Ῥώμης,
1578 5626 1732 5681 οὑπω
1782 5626 1876 5701 μὲν
1926 5630 2024 5683 αὑ-

368 5718 501 5780 τοὺς
554 5717 832 5794 ἑωρακὼς,
892 5715 1125 5776 ἀκούσας
1175 5712 1233 5769 δὲ
1273 5716 1397 5789 περὶ
1446 5713 1644 5772 αὐτῶν.
1702 5721 1761 5770 Ἣ
1802 5715 1859 5771 δὲ
1889 5719 2023 5795 πρό-

2133 4714 2397 4783 Abrahae,
2422 4712 2728 4785 allegorice
2760 4717 3083 4785 usurpatis,
3108 4716 3179 4770 ad
3213 4721 3448 4789 tempus
3473 4735 3660 4790 usque
3691 4718 3790 4773 da-

2132 4809 2253 4859 tam
2287 4820 2415 4858 esse
2446 4803 2715 4858 umbram
2748 4810 2803 4859 et
2825 4804 3357 4873 circumcisionem,
3379 4808 3629 4863 adventu
3654 4824 3788 4864 vero

2131 4893 2343 4950 Christi
2379 4892 2499 4947 haec
2527 4892 2708 4947 fuisse
2741 4893 3039 4965 abrogata.
3066 4892 3195 4949 Haec
3227 4894 3325 4950 ubi
3358 4895 3634 4965 ostendit,
3659 4915 3788 4953 sua-

2133 4982 2231 5036 det
2268 4981 2405 5049 illis,
2440 4997 2510 5036 ne
2560 4981 2803 5052 posthac
2837 4982 3089 5053 amplius
3123 4984 3532 5039 seductoribus
3582 5002 3785 5040 aurem

2134 5070 2450 5142 prmbeant,
2484 5071 2582 5125 sed
2619 5070 2805 5142 magis
2850 5072 3003 5139 ﬁdei,
3039 5090 3164 5143 quae
3199 5073 3255 5127 in
3290 5072 3515 5127 Christo
3549 5079 3659 5142 est,
3684 5074 3784 5128 ad-

2134 5159 2884 5231 haereantcognoscantque
2916 5176 3018 5231 per
3051 5161 3320 5231 gratiam,
3356 5178 3482 5231 quas
3505 5160 3563 5214 in
3613 5160 3781 5215 Chri-

2134 5252 2224 5303 sto
2281 5252 2398 5314 est,
2459 5246 2735 5302 abolitam
2810 5264 2939 5303 esse
2998 5250 3193 5303 carnis
3250 5247 3780 5305 circumcisionem.

2134 5340 2433 5390 Postremo
2466 5335 2812 5391 adhortatus
2843 5337 2911 5392 ad
2945 5338 3127 5392 bonos
3157 5352 3369 5403 mores,
3404 5335 3624 5391 claudit
3648 5337 3782 5409 Epi-

2133 5423 2367 5479 stolam.

2634 5532 2856 5599 Quinta,
2898 5531 2968 5586 ad
3007 5530 3279 5601 Ephesios.

2204 5630 2293 5682 63.
2331 5626 2486 5683 Misit
2514 5634 2569 5682 ct
2604 5629 2776 5683 istam
2826 5628 3028 5696 Roma,
3081 5645 3213 5682 cum
3269 5629 3529 5683 nondum
3560 5640 3659 5682 eos
3692 5627 3779 5681 vi-

2136 5718 2344 5788 disset,
2366 5718 2630 5773 audisset
2661 5721 2856 5771 autem
2892 5717 2962 5769 de
2995 5716 3127 5771 illis.
3155 5718 3393 5773 Occasio
3425 5723 3620 5771 autem
3656 5717 3780 5787 Epi.
