4170 6376
391 457 508 516 419

1579 440 1644 497 S.
1693 434 2212 497 ATHANASIUS.
2241 469 2318 480 —
2349 437 2613 499 DUBlA.

3697 434 3816 498 420

394 586 557 643 stolas
589 584 710 638 hinc
739 585 827 637 est
851 597 863 636 :
888 574 1145 649 Ephesii,
1171 589 1304 629 eum
1336 569 1725 627 credidissent
1752 567 1812 621 in
1853 564 2046 622 Domi-

2165 586 2322 642 φασις
2373 573 2474 635 τῆς
2524 564 2851 635 Ἐπιστολῆς
2912 563 3070 634 αὕτη·
3122 565 3380 642 Ἐφέσιοι,
3431 564 3810 626 πιστεύσαντες

396 692 534 730 num
560 677 827 728 nostrum
851 667 1053 723 Jesum
1076 663 1396 726 Christum,
1415 657 1735 730 genuinam
1759 654 2054 710 habebant

392 767 453 820 in
481 764 679 835 ipsum
705 760 905 822 (idem,
928 760 983 810 et
1004 770 1142 824 erga
1163 767 1366 806 omnes
1391 731 1625 804 sanctos
1655 744 2048 812 dilectionem,

393 833 824 925 cupiebantque
854 863 886 900 a
918 844 1100 899 Paulo
1131 836 1486 896 conﬁrmari.
1521 840 1642 890 Hoc
1689 833 1786 888 ubi
1834 847 2050 903 cogno-

391 919 594 1008 visset,
625 919 828 995 scribit
868 935 940 989 ad
990 949 1087 988 eos
1140 931 1289 985 hanc
1320 925 1641 998 Epistolam
1673 922 1830 977 velut
1875 919 2047 974 insti-

391 1030 598 1088 tuendi
631 1028 838 1101 gratia.
863 1025 934 1080 Et
966 1019 1255 1094 principio
1285 1016 1542 1072 ostendit
1563 1011 1908 1085 mysterium
1944 1025 2046 1064 no-

395 1125 586 1177 strum
619 1097 734 1172 non
763 1129 891 1170 esse
920 1126 1142 1175 recens,
1167 1107 1266 1162 sed
1291 1106 1364 1160 ab
1387 1104 1552 1158 initio
1584 1108 1641 1157 et
1672 1105 1809 1156 ante
1841 1097 2046 1154 mundi

394 1207 746 1264 creationem
799 1197 1229 1270 beneplacitum
1275 1194 1390 1248 Deo
1440 1191 1643 1257 fuisse,
1677 1193 1741 1244 ut
1776 1187 2047 1243 Christus

393 1314 498 1370 pro
530 1294 700 1350 nobis
739 1294 1055 1364 pateretur,
1086 1299 1309 1356 nosque
1357 1281 1608 1336 salutem
1656 1291 2045 1347 consequere-

393 1367 546 1442 mur.
609 1381 826 1438 Deinde
883 1375 1120 1432 disserit
1177 1374 1247 1428 de
1302 1371 1606 1426 vocatione
1660 1367 1948 1439 gentium,
1983 1368 2048 1418 ut

392 1474 727 1530 ostenderet
769 1485 868 1524 eos
918 1465 1126 1521 merito
1157 1461 1496 1524 credidisse,
1529 1456 1899 1526 declaratque
1949 1469 2043 1508 vo-

393 1563 686 1618 cationem
717 1563 978 1614 nostram
1012 1570 1126 1608 non
1169 1568 1272 1624 per
1304 1548 1598 1604 hominem
1631 1544 1885 1615 aliquem
1917 1557 2048 1597 esse

395 1653 629 1718 factam,
662 1647 762 1704 sed
815 1662 917 1718 per
955 1642 1278 1706 Christum,
1309 1638 1409 1710 qui
1461 1635 1639 1691 Filius
1689 1633 1790 1688 Dei
1839 1635 1949 1700 est,
1983 1633 2047 1686 ut

393 1741 572 1798 etiam
601 1755 670 1794 ex
697 1753 762 1792 eo
789 1736 1102 1796 discerent,
1124 1728 1382 1785 hominis
1405 1725 1748 1795 seicultores
1771 1738 1883 1776 non
1916 1735 2046 1775 esse

393 1831 598 1895 factos,
646 1825 744 1882 ubi
806 1825 864 1878 in
923 1822 1218 1878 Christum
1279 1817 1677 1881 crediderant,
1727 1811 1829 1866 sed
1879 1824 2043 1864 veros

393 1919 647 1974 cultores
700 1913 820 1970 Dei.
869 1910 1179 2002 Significat
1222 1924 1283 1963 se
1331 1921 1560 1976 quoque
1615 1902 1797 1972 hujus
1855 1898 2046 1971 gratia
2078 1938 2119 2002 Β

395 2010 643 2066 missum
677 2007 879 2070 fuisse,
912 2009 976 2059 ut
1008 2001 1346 2074 praedicaret
1375 1994 1776 2066 Evangelium,
1800 1995 1856 2046 et
1886 1989 2038 2061 quod

393 2115 593 2154 curam
625 2097 889 2168 ipsorum
923 2093 1149 2146 habeat.
1175 2089 1398 2152 Postea,
1442 2080 1870 2139 adhortatorios
1918 2095 2041 2133 ser-

393 2201 596 2244 mones
627 2167 766 2239 viris
799 2199 864 2238 ac
897 2179 1265 2243 mulieribus,
1306 2174 1570 2246 patribus
1601 2176 1657 2226 et
1687 2169 1908 2235 liberis,
1941 2167 2039 2222 do-

393 2275 572 2330 minis
603 2290 669 2329 ac
699 2271 880 2328 servis
919 2269 978 2324 in
1025 2268 1134 2322 hac
1167 2263 1425 2336 Epistola
1457 2261 1621 2333 ponit
1654 2275 1667 2314 :
1702 2263 1877 2328 atque
1911 2255 2041 2310 uni-

389 2382 588 2422 versos
619 2363 858 2419 omnino
902 2363 1107 2414 contra
1153 2353 1452 2410 diabolum
1483 2356 1540 2406 et
1571 2349 1867 2404 daemones
1913 2345 2042 2414 ejus

388 2453 650 2520 instruit,
682 2451 880 2506 dicens
911 2447 1219 2503 adversum
1265 2441 1396 2496 illos
1439 2437 1607 2494 nobis
1638 2453 1767 2492 esse
1801 2434 2038 2488 luctam.

389 2543 460 2598 Et
481 2541 580 2598 ubi
600 2546 887 2611 tanquam
911 2538 1099 2592 bonus
1120 2531 1474 2588 athletarum
1499 2529 1816 2599 praeceptor
1836 2539 2041 2578 omnes

393 2635 597 2687 contra
627 2626 946 2683 diabolicas
994 2620 1360 2694 operationes
1407 2616 1595 2672 verbis
1626 2615 1751 2670 suis
1791 2612 2040 2675 inunxit,

393 2718 717 2792 Epistolam
750 2713 987 2771 claudit.

873 2821 1058 2888 Sexta,
1090 2818 1164 2873 ad
1197 2817 1560 2887 l’ilippenses.

461 2916 552 2971 64.
587 2913 747 2970 Hanc
775 2927 1004 2984 quoque
1047 2908 1226 2964 Roma
1258 2905 1437 2969 misit,
1468 2919 1603 2958 cum
1644 2902 1771 2970 jam
1805 2897 2044 2969 (Philip-

393 3004 624 3076 penses)
648 3002 889 3059 vidisset
920 3016 986 3054 ac
1016 2996 1329 3053 docuisset.
1361 2997 1787 3064 Argumentum
1820 2987 2045 3059 Episto-

394 3095 464 3150 las
495 3094 603 3149 hoc
626 3096 749 3147 est:
775 3095 916 3144 Cum
949 3085 1352 3158 Philippenses
1373 3079 1623 3137 subsidii
1647 3076 2042 3133 ministerium

392 3184 573 3241 Paulo
625 3183 783 3239 150
843 3180 1164 3242 misissent,
1209 3179 1265 3230 et
1315 3172 1582 3228 nonnulli
1643 3167 2043 3233 circumirent,

392 3275 491 3346 qui
524 3270 884 3342 simplicium
919 3283 1092 3322 aures
1135 3265 1375 3320 obtentu
1419 3261 1639 3316 umbrae
1673 3257 1816 3329 legis
1847 3261 1902 3312 et
1932 3257 2041 3310 cir-
2074 3305 2116 3370 C

567 3360 633 3370 ..
725 3360 734 3370 .
1217 3360 1227 3370 .
1383 3346 2037 3370 ..--,,__._=__:n-___

389 3360 772 3419 cumcisionis
794 3360 1255 3428 corrumperent,
1281 3369 1345 3406 ac
1367 3353 1628 3406 dicerent
1650 3348 1776 3404 sine
1807 3346 1906 3400 illa
1927 3361 2041 3400 non

389 3468 564 3525 posse
595 3464 952 3521 quemquam
991 3441 1329 3517 justiticari,
1364 3439 1674 3512 Apostolus
1722 3455 1780 3492 re
1811 3436 2043 3507 cognita

390 3523 873 3611 Philippensibus
905 3533 1130 3590 scribit.
1163 3533 1232 3586 Et
1281 3531 1538 3603 primum
1571 3527 1808 3599 quidem
1843 3523 2044 3579 laudat

390 3645 592 3686 eorum
616 3628 812 3694 fidem,
829 3630 884 3681 et
908 3620 1383 3695 significat,quod
1410 3616 1753 3674 memoriam
1776 3615 2040 3686 ipsorum

391 3719 622 3775 habeat.
661 3716 872 3771 Deinde
911 3716 1165 3782 enarrat,
1199 3709 1492 3781 quomodo
1539 3707 1733 3762 Romae
1767 3703 2042 3758 doctrinm

391 3825 510 3865 suae
544 3806 828 3862 rationem
862 3801 1202 3866 reddiderit,
1225 3802 1282 3854 et
1303 3795 1596 3868 quomodo
1623 3791 1889 3849 nonnulli
1924 3807 2043 3846 mo-

388 3896 623 3952 lestiam
656 3891 984 3956 intulerint,
1009 3890 1150 3944 dum
1183 3887 1243 3941 in
1273 3883 1522 3940 vinculis
1555 3887 1729 3947 esset,
1763 3880 2039 3934 invidiam

390 3985 501 4058 ipsi
534 3984 873 4040 excitantes.
901 3980 1104 4034 Postea
1135 3976 1481 4031 adhortatur
1507 3988 1627 4038 eos,
1650 3975 1714 4026 ut
1745 3987 1806 4026 se
1837 3973 2043 4024 mutuo

393 4075 678 4147 diligant:
704 4070 970 4142 exposita
1006 4065 1321 4123 Salvatoris
1361 4063 1747 4134 benignitate,
1775 4061 1875 4132 qui
1909 4076 2042 4115 cum

392 4169 545 4220 Deus
577 4166 751 4232 esset,
786 4160 958 4215 homo
1007 4156 1190 4212 nostri
1220 4155 1410 4227 gratia
1457 4153 1646 4207 factus
1697 4155 1804 4206 est.
1838 4151 2045 4205 Postea

392 4255 464 4309 de
493 4250 943 4308 circumcisione
974 4264 1038 4303 ac
1059 4245 1235 4301 veteri
1261 4244 1386 4315 lege
1416 4242 1749 4313 disputans,
1774 4239 2042 4294 inutilem

393 4359 521 4399 esse
552 4342 828 4412 deinceps
866 4335 1372 4392 circumcisionem
1406 4331 1684 4400 ostendit,
1709 4335 1944 4402 sumpto
1976 4329 2046 4382 de

393 4449 455 4488 se
485 4429 773 4502 exemplo,
803 4445 936 4483 cum
969 4426 1144 4482 dicit:
1171 4448 1197 4475 ‹‹
1233 4427 1364 4478 Haec
1395 4421 1593 4477 omnia
1623 4423 1858 4491 prapter
1882 4417 2045 4472 Chri-

397 4526 554 4577 stum
615 4521 900 4575 damnum
959 4531 1084 4572 esse
1135 4512 1474 4584 judico‘3.»
1528 4512 1892 4580 Quapropter
1948 4523 2047 4562 eos

395 4627 649 4682 quoque,
691 4608 792 4679 qui
841 4603 1350 4662 circumcisionem
1402 4600 1594 4654 adhuc
1641 4597 1948 4666 docebant,
1981 4611 2048 4650 ac

2163 653 2239 715 εἷς
2268 656 2358 709 τὸν
2403 656 2595 732 Κύριον
2647 658 2805 729 ἡμῶν
2855 659 3062 723 Ἰησοῦν
3108 652 3360 725 Χριστὸν,
3392 652 3614 728 γνησίαν
3647 654 3797 728 εἶχον

2161 741 2234 804 είς
2263 743 2419 799 αὐτὸν
2450 747 2548 813 τῆν
2581 745 2782 810 πίστιν,
2816 743 2904 798 xui
2938 743 3014 805 εἷς
3046 745 3245 804 πάντας
3293 741 3422 804 τοὺς
3473 741 3659 817 ἁγίους
3707 741 3805 809 τῆν

2158 832 2396 906 ἀγάπην,
2446 834 2534 888 καὶ
2586 829 2880 889 ἐϐούλοντο
2934 833 3078 908 παρά
3104 837 3202 888 τοῦ
3244 831 3461 886 ΙῐαύΑου
3496 826 3806 906 βεϐαιωθῆ-

2156 943 2263 978 ναι.
2298 923 2494 977 Μαθὼν
2527 923 2706 978 τοίνυν
2739 923 2766 977 ὁ
2796 920 3160 992 ’Δπόστολος,
3192 923 3384 998 γράφει
3425 919 3560 996 πρὸς
3611 918 3806 980 αὐτοὺς

2154 1010 2354 1081 ταύτην
2408 1014 2506 1081 τῆν
2571 1012 2928 1081 ἘπιστοΛήν,
2995 1010 3175 1085 ὣσπερ
3243 1011 3646 1085 κατηχητικήν.
3699 1007 3802 1064 Καὶ

2154 1099 2417 1176 πρότερον
2477 1102 2570 1174 μὲν
2627 1099 2862 1156 δείκνυσι
2935 1100 3009 1172 μὴ
3070 1103 3331 1175 νεώτερον
3383 1100 3518 1152 εἶναι
3565 1098 3628 1152 τὸ
3683 1098 3802 1162 καθ’

2154 1191 2301 1260 ἡμᾶς
2355 1192 2674 1265 μυστήριον.
2726 1187 2850 1244 ἁλλ’
2902 1187 2952 1259 ἐξ
3002 1187 3179 1263 ἀρχῆς
3229 1187 3317 1241 καὶ
3367 1181 3678 1254 καταϐολῆς
3709 1186 3802 1240 κό-

2155 1300 2295 1351 σμου
2341 1280 2475 1334 εἴναι
2521 1278 2722 1349 ταύτην
2775 1275 3019 1332 εὐδοκίαν
3067 1280 3164 1331 τοῦ
3195 1280 3354 1343 Θεοῦ,
3383 1274 3522 1330 ὥστε
3549 1275 3640 1329 τὸν
3675 1279 3807 1350 Χρι-

2156 1368 2276 1422 στὸν
2342 1368 2472 1445 ὑπὲρ
2523 1371 2684 1440 ἡμῶν
2732 1372 2946 1438 παθεῖν,
2998 1365 3088 1420 καὶ
3145 1367 3297 1438 ἡμᾶς
3329 1366 3591 1434 σωθῆναι·
3626 1361 3810 1418 ἔπειτα

2156 1457 2400 1530 περὶτῆς
2445 1456 2698 1528 κλήσεως
2756 1455 2862 1511 τῶν
2923 1455 3084 1509 ἐθνῶν
3138 1452 3470 1529 διαλέγεται,
3517 1450 3609 1507 ’ίνα
3666 1449 3810 1525 δείξῃ

2157 1547 2318 1618 ἀξίως
2367 1546 2566 1608 αὐτοὺς
2629 1543 3055 1602 πεπιστευκέναι·
3115 1543 3204 1598 xui
3262 1540 3663 1610 ἀποδείκνυσιν,
3725 1539 3810 1595 ὅτι

2155 1639 2190 1705 ἡ
2248 1633 2443 1705 κλῆσις
2500 1638 2660 1708 ἡμῶν
2710 1635 2920 1710 γέγονεν
2970 1633 3032 1687 οὐ
3078 1629 3146 1687 δι’
3203 1630 3507 1706 ἀνθρώπου,
3541 1629 3687 1686 ἀλλά
3721 1627 3809 1684 διὰ

2155 1727 2413 1798 Χριστοῦ,
2474 1725 2534 1786 δς
2583 1724 2723 1779 ἐστιν
2780 1724 2900 1784 Υἱὸς
2941 1726 3038 1776 τοῦ
3087 1725 3242 1790 Θεοῦ,
3288 1719 3375 1774 ἳνα
3405 1717 3492 1774 καί
3525 1719 3575 1774 ἐν
3607 1719 3804 1773 τούτου

2158 1814 2422 1886 μάθωσιν,
2482 1812 2563 1868 ὅτι
2607 1813 2706 1868 οὐκ
2751 1809 3198 1888 ἀνθρωπολάτραι
3261 1810 3538 1884 γεγόνασι,
3588 1806 3803 1862 πιστεύ-

2156 1923 2333 1964 σαντες
2361 1907 2440 1975 τῷ
2472 1906 2706 1977 Χριστῷ,
2750 1899 2894 1956 ἀλλά
2942 1898 3197 1970 ἀληθικοὶ
3244 1892 3532 1958 θεοσεϐεῖς.
3586 1895 3799 1968 Σημαί-

2151 2013 2228 2046 νει
2262 1990 2318 2046 δὲ
2363 1992 2453 2046 καὶ
2502 1993 2685 2046 ἑαυτὸν
2738 1988 2827 2044 διὸ,
2862 1994 3023 2044 τοῦτο
3054 1988 3383 2043 ἀπεστάλθαι
3415 1984 3706 2062 κηρύσσειν
3736 1985 3798 2040 τὸ

2152 2080 2510 2157 Εὐαγγέλιον,
2567 2080 2656 2134 καὶ
2702 2079 2784 2135 ὅτι
2838 2078 2960 2154 περὶ
3020 2078 3194 2133 αὐτῶν
3266 2072 3593 2154 ἐφρόντιζεν.
3671 2076 3805 2129 Εἶτα

2151 2170 2562 2246 παραινετικοὺς
2611 2169 2813 2243 λόγους
2871 2165 3095 2240 ἀνδράσι
3151 2166 3240 2221 καὶ
3297 2165 3524 2241 γυναιξὶ,
3571 2163 3802 2240 πατράσι

2150 2261 2238 2315 καὶ
2289 2261 2518 2329 τέκνοις,
2568 2257 2780 2333 κυρίοις
2830 2259 2917 2313 xui
2972 2255 3194 2317 δούλοις
3223 2255 3433 2325 τίθησιν
3468 2254 3518 2308 ἐν
3551 2254 3622 2324 τῇ
3653 2255 3802 2310 Ἑπι-

2099 2373 2106 2384 ·
2153 2348 2346 2424 στολῇ,
2394 2350 2483 2404 καὶ
2535 2346 2774 2403 καθόλου
2828 2348 3027 2407 πάντας
3078 2343 3467 2417 παρασκευάζει
3526 2342 3662 2397 κατά
3709 2346 3804 2396 τοῦ

2152 2434 2414 2494 διαϐόλου
2445 2438 2533 2493 καὶ
2565 2442 2670 2491 τῶν
2705 2433 2979 2508 δαιμόνων
3018 2434 3205 2501 αὐτοῦ,
3239 2432 3413 2508 λέγων
3474 2431 3612 2507 πρὸς
3663 2429 3799 2485 ἐκεί-

2150 2549 2274 2589 νους
2307 2529 2442 2581 εἶναι
2469 2529 2604 2599 ἡμῖν
2632 2526 2731 2594 τὴν
2762 2522 2969 2594 πάλην.
3019 2523 3118 2578 Καὶ
3151 2521 3333 2598 ὥσπερ
3365 2521 3564 2596 ἀγαθὸς
3619 2519 3807 2574 ἀλείπ-

2149 2637 2272 2687 της,
2305 2614 2530 2689 ἀλείψας
2560 2619 2677 2676 τοῖς
2708 2612 2894 2690 λόγοις
2927 2613 3128 2673 πάντας
3158 2611 3294 2666 κατά
3322 2613 3420 2679 τῆς
3476 2603 3802 2676 διαϐολικῆς

2153 2704 2441 2783 ἐνεργείας,
2471 2703 2612 2759 οὕτω
2643 2701 2851 2758 τελειοῖ
2876 2703 2975 2770 τὴν
3008 2699 3354 2770 Ἑπιστολῆν.

2559 2813 2752 2882 Ἓκτη,
2784 2810 2923 2886 πρὸς
2954 2805 3388 2876 Φιλιππησίους.

2220 2905 2314 2960 64.
2357 2901 2569 2971 Ταύτην
2601 2897 2908 2955 ἐπιστέλλει
2943 2896 3048 2951 ἀπὸ
3106 2896 3351 2967 Ῥώμης,
3400 2891 3656 2966 ἑωρακὼς
3708 2889 3801 2944 αὖ·

2149 2992 2276 3054 τοὺς
2311 2992 2422 3064 ἅμα
2452 2989 2539 3044 καὶ
2581 2986 2818 3058 διδάξας.
2852 2987 2916 3042 Ἠ
2950 2983 3007 3039 δὲ
3037 2983 3304 3061 πρόφασις
3335 2988 3437 3051 τῆς
3471 2977 3800 3048 Ἐπιστολῆς

2152 3081 2310 3152 αὕτη·
2345 3077 2680 3152 Πεμψάντων
2734 3071 3128 3145 Φιλιππησίων
3158 3069 3429 3126 διακονίαν
3462 3073 3540 3141 τῷ
3575 3066 3802 3140 Παύλῳ,

2151 3172 2239 3225 καί
2306 3190 2467 3224 τινων
2534 3165 3007 3242 περιερχομένων,
3068 3162 3158 3216 καὶ
3227 3158 3647 3238 διαφθειρόντων
3704 3156 3800 3218 τὰς

2153 3258 2316 3321 ἀκοάς
2373 3261 2478 3312 τῶν
2535 3254 2796 3330 ἀκεραίων
2856 3250 3122 3331 προφάσει
3171 3257 3268 3319 τῆς
3319 3253 3469 3310 σκιᾶς
3499 3251 3596 3301 τοῦ
3627 3245 3803 3318 νὸμυυ

2152 3349 2241 3404 καὶ
2297 3355 2397 3417 τῆς
2450 3351 2780 3421 περιτομῆς,
2830 3341 2922 3398 καὶ
2974 3340 3247 3415 λεγόντων
3281 3337 3458 3414 χωρὶς
3488 3334 3690 3406 ταύτης
3728 3334 3804 3407 μὴ

2153 3436 2406 3492 δύνασθαι
2468 3432 2841 3504 δικαιωθῆναι,
2908 3431 3091 3502 μαθὼν
3154 3429 3182 3482 ὁ
3241 3424 3580 3485 Ἀπόστολος
3610 3423 3806 3500 γράφει

2154 3523 2579 3593 Φιλιππησίοις.
2634 3521 2737 3578 Καὶ
2803 3517 3020 3594 πρῶτον
3085 3516 3178 3590 μὶν
3239 3511 3570 3588 ἀποδέχεται
3630 3510 3806 3565 αὐτῶν

2150 3617 2248 3684 τήν
2281 3614 2481 3678 πίστιν,
2512 3611 2601 3666 καὶ
2630 3607 2884 3682 σημαίνει
2947 3603 3305 3679 μνημονεύειν
3365 3601 3562 3656 αὐτῶνθ
3619 3597 3802 3654 ἔπειτα

2153 3701 2419 3779 διηγεῖται
2477 3701 2549 3761 ὡς
2597 3695 2979 3772 ἀπελογήσατο
3033 3693 3086 3748 ἐν
3146 3693 3354 3765 Ῥώμῃ,
3403 3689 3492 3743 καὶ
3543 3687 3625 3742 ὅτι
3655 3687 3797 3748 τινες

2151 3776 2298 3865 αὐτῷ
2351 3793 2532 3866 βαρεῖς
2582 3786 2857 3864 γεγόνασιν
2891 3784 2942 3839 ἐν
2974 3789 3088 3845 τοῖς
3123 3779 3366 3854 δεσμοῖς,
3399 3778 3594 3856 φθόνον
3652 3776 3798 3847 αὐτῷ

2150 3865 2445 3941 κινοῦντες.
2491 3879 2625 3932 Εἶτα
2671 3873 2866 3936 αὐτοὺς
2912 3870 3272 3948 προτρέπεται
3324 3866 3608 3937 ἀλλήλους
3670 3865 3797 3940 ἀγα-

2152 3976 2278 4042 πᾷν,
2340 3967 2702 4043 ἐξηγούμενος
2753 3964 2850 4033 τὴν
2895 3966 2992 4018 τοῦ
3043 3962 3310 4035 Σωτῆρος
3370 3954 3801 4035 φιλανθρωπίαν,

2152 4061 2235 4115 ’ὁτι
2287 4059 2414 4120 Θεὸς
2465 4052 2538 4110 ὥν
2591 4053 2982 4128 ένηνθρώπησε
3030 4048 3094 4104 δι’
3143 4051 3312 4121 ἡμᾶς.
3361 4047 3490 4101 Εἶτα
3528 4045 3651 4120 περί
3703 4049 3803 4112 τῆς

2153 4153 2456 4224 περιτομῆς
2504 4144 2594 4199 καὶ
2641 4147 2739 4198 τοῦ
2795 4143 3033 4196 παΛαιοῦ
3073 4138 3249 4211 νόμου
3281 4129 3557 4190 διαλαϐὼν
3591 4128 3808 4187 ἀποδει-

2152 4237 2295 4292 κνύει
2327 4234 2498 4310 ἀργῆν
2531 4232 2851 4308 γεγενῆσθαι
2885 4227 3078 4283 λοιπὸν
3128 4227 3225 4294 τῆν
3283 4223 3612 4298 περιτομὴν,
3664 4219 3812 4292 λαμ-

2156 4322 2331 4380 ϐάνων
2365 4308 2481 4400 ἀφ’
2539 4321 2730 4374 ἑαυτοῦ
2786 4318 2849 4371 τὸ
2907 4312 3272 4390 παράδειγμα,
3331 4311 3420 4365 καὶ
3482 4309 3678 4386 λέγων,
3729 4308 3811 4363 ὅτι

2160 4440 2186 4465 (ι
2218 4418 2393 4468 Ταῦτα
2444 4399 2624 4464 πάντα
2679 4409 2924 4480 ἡγοῦμαι
2986 4401 3075 4456 διὰ
3131 4401 3221 4454 τὸν
3263 4399 3492 4474 Χριστὸν
3524 4399 3748 4470 ζημίαν.
3784 4420 3812 4446 ››

2159 4502 2252 4558 Διὸ
2281 4500 2371 4555 καὶ
2400 4496 2527 4557 τοὺς
2564 4495 2657 4567 μὲν
2695 4490 3044 4551 διδάσκοντας
3076 4488 3154 4544 ἔτι
3194 4487 3526 4561 περιτομὴν,
3583 4484 3672 4539 καὶ
3723 4485 3812 4537 θέ-

2159 4590 2352 4650 λοντας
2379 4583 2574 4644 αὐτοὺς
2606 4581 2900 4649 ἀπατῆσαι,
2938 4579 3230 4655 μέμφεται,
3264 4575 3350 4630 καὶ
3398 4573 3548 4649 λέγει
3579 4571 3814 4648 ἐγθροὺς

398 4658 810 4770 ἓὶιὶᾗρρθῐῖεεε
859 4658 1136 4751 seducere
1183 4690 1474 4756 volebant,
1510 4685 1903 4758 reprehendit,
1933 4658 2049 4738 ini-

2163 4681 2294 4734 εἶναι
2323 4680 2421 4730 τοῦ
2451 4674 2706 4747 Χριστοῦ.
2759 4665 3112 4742 Ἀποδέχεται
3165 4664 3223 4720 δὲ
3269 4661 3680 4730 Φιλιππησίους
3727 4658 3816 4715 διὰ

2211 4768 2218 4770 Α
2393 4764 2402 4770 .
2540 4760 2552 4770 .
2601 4761 2612 4770 .
2737 4766 2763 4770 μ
3056 4756 3066 4770 ι
3181 4752 3234 4770 α.
3454 4753 3467 4770 κ
3723 4752 3777 4770 ιι

399 4788 720 4859 micosque,
754 4783 968 4840 Christi
999 4799 1127 4838 esse
1159 4780 1320 4836 dicit.
1355 4778 1577 4834 Laudat
1606 4779 1801 4832 autem
1834 4772 2054 4844 Philip-

397 4892 608 4948 penses
641 4877 874 4946 propter
893 4866 1470 4930 communicationis,
1495 4865 1650 4938 quod
1685 4863 1794 4918 sibi
1827 4863 2054 4933 impen-

398 4967 626 5032 derant,
658 4962 1033 5028 beneﬁcium,
1057 4963 1113 5013 et
1144 4959 1242 5014 ubi
1274 4957 1344 5012 ad
1379 4957 1564 5010 bonos
1596 4967 1788 5007 mores
1820 4965 2055 5005 rursum

397 5056 742 5111 adhortatus
772 5055 880 5122 est,
914 5050 1194 5104 terminat
1225 5045 1565 5117 Epistolam.

843 5149 1110 5218 Septima,
1143 5145 1213 5198 ad
1249 5143 1615 5199 Colossenses.

469 5244 560 5298 65.
592 5241 750 5297 Hanc
782 5252 1017 5309 quoque
1067 5235 1248 5290 Roma
1299 5230 1481 5294 misit,
1515 5245 1649 5284 cum
1685 5225 2060 5282 Colossenses

400 5333 664 5389 nondum
698 5329 939 5384 vidisset
980 5323 1242 5396 quidem,
1279 5319 1660 5389 audissetque
1708 5320 1938 5371 tantum
1990 5315 2061 5371 de

400 5421 540 5476 illis.
565 5418 804 5475 Occasio
837 5420 1034 5472 autem
1067 5408 1342 5483 Epistola;
1371 5408 1492 5463 haec
1525 5411 1612 5462 est
1639 5423 1651 5462 :
1685 5404 2063 5462 Colossenses

403 5508 616 5565 Graecis
655 5502 1127 5577 sophismatibus
1159 5500 1438 5556 seducere
1481 5495 1789 5551 tentabant
1819 5494 2060 5565 quidam

405 5603 610 5655 contra
654 5596 831 5650 ﬁdem
862 5592 1078 5648 Christi
1124 5589 1432 5662 loquentes
1467 5603 1479 5641 :
1514 5601 1620 5640 nec
1651 5601 1765 5641 non
1799 5583 1952 5640 circa
1978 5582 2062 5639 1e-

406 5685 566 5761 gales
596 5686 777 5754 cibos,
812 5687 867 5739 et
895 5680 1428 5738 circumcisionem.
1463 5677 1577 5733 lioc
1611 5676 1708 5730 ubi
1759 5674 2065 5731 didicisset

481 5788 524 5825 ³³
555 5783 806 5855 Philipp.
839 5797 923 5850 ιιι,
953 5782 1010 5835 7.

2163 4768 2262 4836 τῆν
2309 4764 2446 4838 πρὸς
2495 4760 2653 4816 αὐτὸν
2697 4766 2796 4827 τῆς
2847 4756 3130 4818 κοινωνίας
3177 4752 3346 4810 δόσιν·
3381 4753 3469 4808 xui
3502 4752 3812 4827 προτρεψά-

2170 4876 2329 4931 μενος
2361 4852 2525 4908 πάλιν
2560 4849 2634 4911 εἷς
2664 4849 2729 4904 τά
2755 4847 2864 4918 ἤθη
2897 4846 3117 4920 αὐτοὺς,
3151 4844 3357 4900 τελειοῖ
3397 4845 3496 4912 τῆν
3557 4845 3813 4898 Ἐπιστο-

2170 4945 2295 5016 λήν.

2572 5121 2814 5198 Ἑϐδόμη
2827 5171 2840 5191 ,
2876 5125 3010 5199 πρὸς
3043 5121 3399 5181 Κολασσαεῖς.

2240 5223 2330 5277 65.
2378 5217 2592 5287 Ταύτην
2651 5211 2971 5270 ἀποστέκλει
3024 5211 3131 5266 ἀπὸ
3190 5210 3433 5282 Ῥώμης,
3493 5206 3600 5282 οὐχ
3651 5206 3821 5282 ἑωρα-

2170 5311 2279 5372 κὼς
2313 5309 2407 5382 μὲν
2460 5304 2680 5374 αὐτοὺς,
2739 5302 2969 5362 ἀκούσας
3028 5297 3085 5354 δὲ
3112 5299 3235 5374 περὶ
3279 5297 3476 5352 αὐτῶν.
3507 5301 3566 5350 Ἡ
3598 5293 3654 5350 δὲ
3682 5294 3822 5369 πρό-

2173 5420 2328 5479 φασις
2359 5403 2458 5466 τῆς
2509 5390 2840 5460 Ἐπιστολῆς
2900 5389 3058 5458 αὕτη⁹
3117 5387 3250 5450 Τοὺς
3304 5383 3632 5446 Κολασσαεῖς
3681 5382 3826 5438 ἐπει-

2175 5471 2348 5567 ρῶντό
2376 5505 2517 5546 τινες
2564 5483 2836 5551 ἀπατῆσαι
2895 5478 3220 5551 σοφίσμασιν
3278 5474 3631 5546 Ἑλληνικοῖς
3692 5471 3828 5528 κατὰ

2170 5587 2270 5650 τῆς
2331 5577 2406 5638 εἷς
2464 5573 2556 5628 τὸν
2618 5570 2848 5642 Χριστὸν
2897 5568 3156 5636 πίστεως,
3208 5566 3297 5621 xui
3355 5565 3479 5641 περὶ
3525 5568 3633 5619 τῶν
3667 5561 3718 5617 ὲν
3751 5562 3829 5634 τῷ

2171 5668 2330 5744 νόμῳ
2390 5663 2720 5741 βρωμάτων,
2770 5658 2860 5715 καὶ
2919 5665 3018 5728 τῆς
3073 5658 3398 5733 περιτομῆς.
3449 5657 3624 5709 Ταῦτα
3648 5649 3828 5706 τοίνυν
