4170 6358
351 444 464 502 421

1449 434 1827 500 SYNOPSIS
1876 434 2341 499 SGRIPTURIE
2385 437 2684 500 SACRE.

3653 442 3772 501 422

356 573 538 646 μαθὼν
574 573 601 626 ὁ
641 569 1004 641 ’Δπόστολος,
1051 570 1244 648 γράφει
1275 570 1373 638 τὴν
1426 568 1755 637 Ἐπιστολὴν
1817 568 1999 630 αὐτοῖς

2133 568 2452 640 Apostolus,
2483 570 2635 625 hanc
2666 570 2783 625 illis
2835 569 3154 641 Epistolam
3211 570 3541 627 instruendi
3601 575 3774 628 modo

353 661 582 735 ταύτην,
614 660 799 737 ὥσπερ
831 662 1229 735 κατηχητικήν.
1265 660 1366 715 Καὶ
1425 665 1640 734 πρῶτον
1696 660 1787 732 μὲν
1840 657 2002 732 εὐχα-

355 756 552 828 ριστῶν
613 756 693 823 τῶ
749 755 889 823 Θεῷ,
936 749 1192 822 σημαίνει
1251 748 1356 803 ἀπὸ
1403 753 1505 803 τοῦ
1550 747 1773 809 σκότους
1809 746 2003 808 αὐτοὺς

358 835 781 913 μεταϐεϐηκέναι
831 839 907 901 εἷς
957 839 1018 893 τὸ
1078 842 1192 916 φῶς
1250 844 1349 907 τῆς
1405 836 1687 908 ἀληθείας,
1738 837 1828 891 καὶ
1860 836 1941 891 ὅτι
1976 837 2003 890 ὁ

352 931 603 1005 Χριστὸς,
656 928 731 991 εἷς
779 928 835 984 ὅν
890 926 1226 991 ἐπίστευσαν,
1260 927 1417 981 εἰκών
1451 926 1561 982 ἐστι
1598 930 1695 981 τοῦ
1727 931 1881 995 Θεοῦ,
1915 925 2003 979 καὶ

352 1021 530 1095 Λόγος
578 1017 647 1074 δι’
701 1019 761 1073 οὗ
810 1019 878 1073 τὰ
933 1016 1105 1071 πάντα
1153 1016 1365 1091 γέγονε’
1416 1016 1505 1070 καὶ
1537 1014 1617 1071 ὅτι
1651 1011 1874 1092 ἔπρεπεν
1910 1013 2004 1069 αὐ-

351 1109 441 1164 τὸν
504 1106 842 1184 δημιουργὸν
891 1102 1021 1160 ὄντα
1068 1103 1309 1179 γενέσθαι
1368 1105 1457 1159 καὶ
1503 1104 1852 1177 πρωτότοκον
1908 1111 2004 1173 τῆς

353 1198 577 1260 κτίσεως
606 1196 695 1253 καὶ
726 1196 1075 1272 πρωτότοκον
1111 1194 1170 1249 ἐκ
1217 1199 1321 1249 τῶν
1372 1200 1600 1271 νεκρῶν,
1648 1193 1740 1249 ’ίνα
1783 1195 1851 1249 τὰ
1899 1196 2002 1266 άμ-

361 1288 558 1366 φότερα
586 1286 810 1360 συνάψῃ,
841 1286 930 1340 καὶ
982 1286 1299 1357 ζωοποιήσῃ
1348 1285 1415 1339 τά
1462 1283 1652 1339 πάντα.
1708 1283 2005 1359 Προτρέπει

358 1399 418 1431 τε
476 1376 666 1438 αὐτοὺς
715 1376 963 1448 ἐμμένειν
1015 1377 1083 1447 τῇ
1134 1372 1332 1440 πίστει,
1388 1373 1694 1445 σημαίνων,
1736 1372 1817 1427 ὅτι
1850 1373 2008 1435 αὐτὸς

363 1464 578 1528 Παῦλος
612 1463 860 1527 διάκονός
893 1464 1000 1518 ἐστι
1030 1466 1126 1518 τοῦ
1159 1461 1515 1539 Εὐαγγελίου,
1560 1461 1613 1517 ἐν
1664 1463 1709 1534 ᾧ
1756 1465 2007 1538 κατηχή-

361 1566 553 1623 θησαν·
608 1555 722 1609 εἷτα
773 1551 830 1608 δὲ
876 1553 965 1607 καὶ
1021 1551 1270 1628 περὶτοῦ
1314 1550 1487 1625 νόμου
1517 1550 1606 1606 καὶ
1638 1556 1745 1606 τῶν
1780 1550 1831 1607 ἐν
1864 1553 2009 1624 αὐτῷ

362 1642 671 1719 βρωμάτων
723 1637 1105 1715 διαλαμϐάνει,
1154 1641 1244 1695 καὶ
1294 1641 1419 1716 περὶ
1450 1644 1672 1714 ἡμερῶν
1706 1641 1795 1695 καὶ
1829 1640 2007 1696 ἐνιαυ-

353 1736 485 1801 τῶν,
518 1730 548 1785 Ξὶ
578 1730 867 1807 ἰξηγεῖται,
908 1730 999 1785 καὶ
1031 1727 1406 1785 ἀποδείκνυσιν
1460 1729 1760 1805 ἠργηκέναι
1814 1729 2007 1785 λοιπὸν

356 1821 529 1876 πάντα
583 1822 651 1875 τά
698 1818 908 1875 παλαιά
954 1818 1044 1874 καὶ
1101 1819 1199 1888 τήν
1263 1820 1591 1895 περιτομήνο
1644 1814 2008 1891 συμϐουλεύει

354 1931 414 1965 τε
462 1908 657 1971 αὐτοὺς
713 1910 788 1981 μὴ
839 1907 1142 1971 πλανᾶσθαι
1194 1907 1299 1961 ἀπὸ
1347 1911 1455 1962 τῶν
1490 1908 1889 1985 σοφιζομένων,
1921 1909 2009 1962 καὶ

358 1998 564 2069 πλανᾷν
628 1996 823 2058 αὐτοὺς
882 1996 1173 2061 θελόντων.
1236 1998 1332 2050 Καί
1414 1995 1607 2051 λοιπὸν
1684 1998 2009 2073 παραινέσας

358 2088 628 2141 κάνταῦθα
674 2090 889 2162 γονεῦσι
939 2087 1027 2141 καὶ
1075 2085 1306 2155 τέκνοις,
1353 2085 1443 2140 καὶ
1490 2083 1731 2156 ἀνδράσι,
1783 2087 1871 2141 καὶ
1921 2109 2015 2162 γυ-

361 2177 520 2246 ναιξὶ,
572 2173 794 2237 δούλοις
844 2176 934 2230 καὶ
984 2175 1217 2251 κυρίοις,
1265 2176 1355 2229 καὶ
1403 2177 1470 2230 τὰ
1519 2174 1663 2230 ἄλλα
1688 2177 1754 2230 τὰ
1785 2176 1921 2251 πρὸς
1950 2177 2018 2231 τά

363 2262 472 2335 ἤθη
506 2260 938 2338 συμϐουλεύσας,
969 2262 1174 2319 τελειοῖ
1197 2266 1293 2332 τὴν
1317 2263 1670 2335 Ἐπιστολην.
1702 2266 2015 2342 Παραγγέλο

363 2353 447 2409 λει
506 2356 688 2426 μέντοι
734 2354 953 2423 αὐτοὺς,
1006 2352 1118 2422 ἵνα,
1152 2353 1275 2408 ὅταν
1323 2353 1642 2429 ἀναγνωσθῆ
1674 2356 1800 2430 παρ’
1832 2356 2016 2419 αὐτοῖς

363 2446 397 2513 ὴ
434 2442 759 2512 Ἐπιστολὴ,
789 2446 1062 2513 ποιήσωσι
1085 2443 1174 2498 καὶ
1204 2443 1256 2497 ἐν
1290 2447 1357 2517 τῇ
1380 2441 1685 2498 Λαοδικέων
1718 2443 2019 2515 Ἐκκλησία

2119 660 2345 715 scribit.
2409 661 2477 714 Et
2531 660 2822 731 principio
2853 660 3073 731 gratias
3103 675 3283 732 agens
3318 665 3449 725 Deo,
3484 661 3779 733 significat

2114 766 2211 803 cos
2245 767 2274 804 e
2306 750 2571 805 tenebris
2604 750 2673 805 ad
2706 749 2971 805 veritatis
3005 748 3194 804 lucem
3226 767 3352 804 esse
3378 750 3780 819 translatos,et

2116 840 2270 911 quod
2304 840 2592 907 Christus,
2628 841 2688 894 in
2722 856 2894 911 quem
2930 840 3524 912 crediderant,imago
3553 841 3646 897 Dei
3682 842 3777 917 sit,

2115 933 2172 983 et
2201 927 2458 983 Verbum
2492 947 2597 1001 per
2626 930 2780 1000 quod
2813 929 3011 984 omnia
3044 931 3195 984 facta
3226 934 3382 998 sunt,
3407 935 3463 984 et
3492 931 3646 1000 quod
3679 931 3779 986 de-

2115 1019 2301 1073 cuerit
2360 1036 2517 1086 eum,
2575 1020 2675 1091 qui
2729 1036 2923 1074 rerum
2960 1024 3049 1074 est
3079 1019 3286 1090 opifex,
3322 1019 3776 1091 primogenitum

2120 1109 2243 1164 ﬁeri
2277 1115 2581 1177 creatura,
2610 1115 2668 1166 et
2698 1110 3159 1182 primogenitum
3220 1126 3309 1178 ex,
3369 1111 3653 1177 mortuis;
3716 1116 3782 1166 ut

2118 1203 2367 1272 utraque
2427 1201 2831 1271 conjungeret,
2867 1206 2923 1254 et
2953 1199 3153 1255 omnia
3182 1198 3518 1255 vivificaret.
3554 1200 3779 1257 Adhor-

2118 1294 2273 1344 tatur
2304 1290 2479 1344 etiam
2512 1306 2632 1355 eos,
2666 1294 2731 1343 ut
2762 1288 2821 1343 in
2870 1288 2984 1345 ﬁde
3038 1288 3380 1360 persistant,
3438 1288 3780 1360 signiﬁcans

2118 1380 2203 1435 eis
2261 1395 2321 1433 se
2381 1377 2629 1433 Paulum
2687 1394 2816 1433 esse
2850 1379 3186 1433 ministrum
3223 1376 3539 1449 Evangelii,
3572 1379 3629 1433 in
3664 1394 3779 1449 quo

2118 1467 2392 1523 instructi
2417 1468 2542 1538 jam
2573 1472 2759 1523 erant.
2796 1467 3015 1523 Deinde
3047 1469 3118 1522 de
3145 1466 3289 1538 lege,
3325 1471 3383 1522 et
3413 1467 3483 1522 de
3514 1466 3661 1521 cibis
3717 1466 3778 1521 in

2120 1557 2245 1628 lege
2279 1556 2618 1612 memoratis
2650 1556 2934 1627 disputat,
2968 1557 3038 1610 de
3070 1556 3281 1610 diebus
3312 1555 3487 1610 etiam
3523 1560 3577 1610 et
3610 1555 3782 1611 annis

2120 1645 2375 1717 exponit,
2405 1649 2459 1699 et
2490 1644 2765 1717 deinceps
2796 1648 2988 1700 vetera
3018 1644 3235 1711 omnia,
3271 1643 3780 1699 circumcisionem

2120 1751 2371 1807 quoque,
2410 1734 2625 1790 abolita
2654 1752 2783 1790 esse
2811 1733 3092 1790 declarat.
3123 1735 3340 1788 Auctor
3369 1738 3460 1788 est
3490 1732 3686 1800 etiam,
3712 1750 3783 1789 ne

2121 1824 2310 1896 decipi
2342 1842 2403 1880 se
2435 1825 2637 1880 sinant
2666 1843 2699 1880 a
2729 1823 3037 1896 sophistis,
3066 1824 3254 1894 iisque
3286 1823 3384 1895 qui
3444 1839 3507 1878 se
3565 1824 3779 1879 subor-

2122 1930 2261 1969 nare
2318 1913 2547 1970 vellent.
2609 1914 2870 1968 Tandem
2919 1913 3188 1968 hortatus
3220 1916 3515 1983 parentes,
3546 1912 3783 1978 liberos,

2121 2003 2297 2071 viros,
2332 2003 2629 2071 mulieres,
2664 2019 2862 2058 servos
2894 2007 2952 2057 et
3010 2002 3303 2068 dominos,
3364 2006 3420 2055 et
3480 2001 3595 2056 alia
3653 2018 3784 2072 quas

2126 2091 2310 2147 tonos
2366 2107 2559 2146 mores
2603 2094 2967 2147 concernunt
2997 2091 3246 2159 locutus,
3278 2088 3599 2160 Epistolam
3634 2090 3782 2145 finit.

2128 2181 2444 2236 Denuntiat
2475 2181 2651 2236 etiam
2686 2179 2825 2245 illis,
2886 2184 2948 2234 ut
3009 2184 3391 2251 posteaquam
3449 2180 3602 2250 apud
3654 2178 3787 2235 illos

2128 2270 2278 2325 lecta
2306 2269 2482 2324 fuerit
2512 2268 2792 2340 Epistola,
2825 2272 3049 2333 curent,
3086 2274 3148 2322 ut
3180 2272 3235 2322 ct
3264 2268 3323 2321 in
3354 2267 3615 2323 Ecclesia
3650 2273 3789 2323 Lao-

2129 2359 2351 2413 dicensi
2385 2360 2629 2430 legatur,
2657 2362 2713 2413 et
2755 2363 2820 2413 ut
2874 2357 3135 2412 vicissim
3194 2372 3323 2412 eam
3380 2355 3599 2427 legant,
3662 2374 3788 2429 quae

2132 2448 2590 2503 Laodicensibus
2625 2447 2845 2519 scripta
2875 2451 2984 2503 est.

361 2532 528 2601 αὐτὴν
563 2534 987 2608 ἀναγνωσθῆναιο
1022 2532 1112 2587 καὶ
1140 2533 1240 2600 τὴν
1273 2531 1332 2587 ἐκ
1360 2530 1679 2596 Λαοδικείας
1711 2532 1877 2587 πάλιν
1910 2534 2000 2588 καὶ
2031 2533 2225 2597 αὐτοὺς
2258 2534 2582 2611 ἀναγνῶναι.

762 2703 980 2782 Ὀγδόη,
1013 2706 1142 2782 αρὸς
1171 2704 1607 2770 Θεσσαλονικεῖς.

429 2834 519 2888 66.
569 2830 778 2901 Ταύτην
842 2828 1153 2886 ἐπιστέλλει
1230 2830 1337 2885 ἀπὸ
1420 2833 1685 2905 Ἀθηνῶν,
1763 2832 2018 2906 ἑωρακὼς

362 2920 625 2997 πρότερον
681 2919 901 2991 αὐτοὺς,
948 2932 1039 2974 και
1090 2917 1375 2996 διατρίψας
1424 2922 1549 2993 παρ’
1606 2920 1811 2983 αὐτοῖς.
1870 2923 1931 2978 Ἠ
1964 2918 2020 2976 δὲ

367 3010 635 3087 πρόφασις
664 3017 766 3078 τῆς
812 3008 1144 3079 Ἐπιστολῆς
1178 3008 1335 3079 αὕτη·
1400 3011 1461 3067 Ὁ
1495 3008 1830 3072 ’Δπόστολος
1878 3008 2019 3065 πολ-

372 3097 469 3160 λὰς
503 3098 718 3172 θλίψεις
767 3100 952 3153 παθὼν
1004 3098 1055 3152 έν
1103 3098 1353 3174 Βεῤῥοία,
1387 3099 1475 3153 καὶ
1508 3099 1558 3154 ἐν
1593 3099 1892 3161 Φιλίπποις
1920 3106 2018 3169 τῆς

374 3185 729 3256 Μακεδονίας,
786 3188 875 3241 καὶ
937 3188 987 3241 ἐν
1051 3187 1319 3261 Κορίνθῳ,
1378 3190 1661 3263 γινώσκων
1710 3211 1769 3244 τε
1800 3189 1896 3243 ὅσα
1925 3190 2021 3243 πέ-

371 3290 536 3341 πονθε
565 3278 653 3332 καὶ
706 3277 757 3332 ἐν
810 3275 1188 3350 Θεσσαλονίκῃ,
1241 3271 1605 3353 φοϐούμενος,
1655 3280 1730 3351 μή
1765 3277 2021 3333 ἀκούσαν-

2521 2708 2743 2777 Octava,
2778 2710 2847 2765 ad
2881 2710 3393 2765 Thessalonicenses.

2198 2837 2288 2891 66.
2325 2837 2482 2891 Hanc
2516 2836 2695 2891 mittit
2722 2835 2987 2902 Athenis,
3021 2852 3153 2890 cum
3186 2852 3285 2890 eos
3308 2835 3433 2905 jam
3485 2839 3656 2890 antea
3703 2833 3787 2889 vi-

2131 2924 2332 2994 disset,
2352 2929 2409 2980 et
2438 2942 2570 2980 cum
2606 2924 2752 2995 ipsis
2785 2928 3162 2979 conversatus
3193 2928 3367 2978 esset.
3388 2922 3623 2979 Occasio
3656 2939 3789 2978 vero

2129 3013 2386 3085 epistolae
2421 3014 2539 3068 haec
2568 3012 2847 3068 est:Cum
2880 3011 3097 3067 multas
3129 3011 3475 3067 atﬂictiones
3508 3010 3791 3066 Berrhmee

2132 3117 2445 3175 perpessus
2475 3106 2629 3157 esset
2661 3100 2999 3173 Apostolus,
3022 3100 3309 3172 Philippis
3340 3117 3571 3171 quoque
3602 3100 3793 3154 Mace-

2131 3191 2317 3247 doniae
2348 3195 2403 3246 et
2431 3190 2715 3257 Corinthi,
2777 3190 3088 3261 sciretque,
3149 3206 3277 3260 quae
3333 3206 3543 3260 passus
3602 3189 3793 3243 fuerat

2133 3278 2584 3348 Thessalonicae,
2612 3280 2852 3345 veritus,
2877 3295 2949 3333 ne
2974 3278 3548 3347 Thessalonicenses,
3574 3276 3792 3333 auditis

369 3387 455 3429 τες
485 3365 916 3437 Θεσσαλονικεῖς,
952 3365 984 3419 ἃ
1015 3368 1275 3420 πέπονθεν
1327 3365 1377 3421 ἐν
1429 3372 1549 3429 ταῖς
1596 3367 2021 3443 προειρημέναις

2137 3386 2264 3440 quze
2297 3385 2509 3441 passus
2539 3377 2659 3423 erat
2690 3368 2747 3423 in
2783 3367 3076 3440 praedictis
3108 3368 3464 3434 civitatibus,
3497 3371 3790 3422 tentaren-

374 3454 588 3524 πόλεσι,
648 3460 1010 3532 πειρασθῶσιν
1071 3454 1175 3509 ὐπὸ
1206 3459 1302 3509 τοῦ
1334 3455 1709 3531 πειράζοντος,
1740 3456 1829 3511 καὶ
1862 3477 2020 3511 σκαν-

376 3541 689 3607 δαλισθῶσι⁶
754 3544 937 3617 μαθὼν
1006 3541 1063 3598 δὲ
1120 3544 1201 3598 ὅτι
1241 3544 1329 3598 καὶ
1362 3543 1448 3599 ἐπὶ
1478 3550 1594 3607 τοῖς
1626 3546 2020 3615 ἀποθνήσκουσι

370 3630 670 3688 κατώδυνοι
700 3633 966 3708 ἐγίνοντο,
998 3631 1321 3687 ἀποστέλλει
1348 3633 1610 3705 Τιμόθεον
1661 3634 1797 3707 πρὸς
1830 3634 2023 3696 αὐτοὺς

375 3722 506 3794 μετά
550 3725 649 3792 τῆς
703 3720 1035 3791 Ἐπιστολῆς
1090 3719 1314 3790 ταύτης,
1360 3723 1457 3777 Καὶ
1505 3728 1722 3799 πρῶτον
1760 3723 1853 3797 μὲν
1907 3722 2023 3778 ἐπι-

374 3810 614 3887 στηρίζει
670 3810 864 3873 αὐτοὺς
926 3809 977 3864 ἐν
1032 3813 1101 3883 τῇ
1166 3810 1363 3880 πίστει,
1427 3811 1564 3866 ὥστε
1598 3814 1673 3884 μὴ
1708 3811 2025 3876 σαλεύεσθαι

379 3897 467 3954 διὰ
520 3900 615 3962 τὰς
675 3898 909 3974 θλίψεις,
971 3898 1377 3972 ὑπομιμνήσκει
1428 3900 1532 3976 γὰρ
1566 3900 1780 3971 αὐτοὺς,
1814 3901 1889 3963 ὡς
1936 3900 2025 3955 καὶ

382 3986 432 4042 ὲν
463 3992 530 4063 τῇ
560 3989 867 4062 κατηχήσει
901 3984 1254 4062 διδαχθέντας
1298 3987 1583 4060 ὑπομένειν
1636 3991 1731 4051 τὰς
1792 3988 2027 4063 θλίψεις,

379 4078 467 4131 καὶ
532 4074 701 4149 μηδὲν
761 4077 905 4147 ξένον
963 4074 1158 4137 αὐτοὺς
1209 4075 1535 4139 πεπονθέναι
1594 4077 1697 4131 ὑπὸ
1732 4075 2029 4149 Ἰουδαίων,

381 4170 489 4219 τῶν
522 4164 612 4219 καὶ
661 4165 749 4218 τὸν
793 4165 1019 4240 Χριστὸν
1050 4164 1499 4221 ἀποκτεινάντων.
1534 4168 1867 4242 Χριστιανῶν
1929 4168 2029 4243 γὰρ

384 4251 525 4308 ἴδιον
555 4254 617 4307 τὸ
649 4248 918 4316 θλίϐεσθαι
951 4253 1002 4309 ἐν
1036 4260 1115 4327 τῷ
1152 4255 1253 4331 βίῳ
1280 4255 1461 4329 τούτῳ
1515 4254 1688 4331 ἔλεγε.
1737 4254 1930 4312 Πολλά
1974 4254 2031 4311 δὲ

383 4343 704 4419 παραινέσας
772 4343 956 4407 αὐτοῖς
1035 4345 1207 4407 οὕτως
1268 4344 1702 4424 ἀναστρέφεσθαι,
1765 4347 1839 4408 ὡς
1891 4367 2028 4422 παρ-

379 4427 574 4487 έλαϐον
616 4431 705 4487 ἀπ’
736 4432 923 4504 αὐτοῦ,
955 4434 1146 4511 γράφει
1177 4435 1266 4489 καί
1297 4434 1421 4509 περὶ
1464 4439 1570 4491 τῶν
1627 4435 2032 4506 τελευτώντων,

376 4521 869 4597 παραμυθούμενος
930 4522 1124 4585 αὐτοὺς
1183 4525 1273 4579 καὶ
1332 4522 1622 4599 διδάσκων,
1685 4526 1761 4597 μὴ
1821 4524 2029 4600 βαρέως

380 4609 576 4688 φέρειν.
620 4610 698 4668 Οὐ
727 4610 827 4687 γὰρ
862 4612 996 4667 εἶναι
1024 4613 1114 4667 τὸν
1150 4612 1372 4676 θάνατον
1414 4612 1715 4685 ἀπώλειαν,
1749 4612 1873 4670 ἀλλ’
1904 4612 2029 4668 ὁδον

2130 3463 2228 3513 tur
2257 3475 2290 3513 α
2320 3461 2605 3513 tentatore
2635 3461 2692 3512 et
2723 3456 3280 3523 scandalizarentur,
3303 3456 3628 3527 praesertim
3659 3470 3789 3510 cum

2132 3546 2523 3602 intellexisset
2554 3562 2652 3601 eos
2685 3550 3048 3600 mortuorum
3081 3546 3270 3617 gratia
3292 3544 3549 3599 multum
3570 3545 3794 3616 lugere,

2134 3635 2298 3691 misit
2328 3637 2398 3690 ad
2432 3651 2530 3691 eos
2560 3634 2936 3689 Timotheum
2971 3651 3104 3689 cum
3137 3634 3245 3689 hac
3278 3632 3636 3705 Epistola.Et
3666 3631 3789 3703 pri-

2136 3742 2300 3781 mum
2327 3725 2640 3780 conﬁrmat
2669 3740 2768 3779 eos
2799 3723 2858 3778 in
2892 3723 3024 3793 ﬁde,
3058 3740 3130 3778 ne
3162 3728 3398 3794 propter
3449 3720 3796 3777 afﬂictiones

2136 3810 3031 3869 concutiantur.Commoncfacit
3050 3809 3206 3864 enim
3226 3807 3646 3879 eos,quomodo
3663 3811 3721 3862 et
3736 3807 3798 3861 in

2137 3902 2330 3974 prima
2351 3901 2719 3956 institutione
2746 3899 3094 3963 didicerant,
3118 3898 3386 3953 ferendas
3407 3912 3534 3952 esse
3552 3895 3799 3951 tribula-

2138 3991 2412 4058 tiones,et
2432 3989 2587 4061 quod
2608 3987 2869 4043 insolens
2894 4004 3009 4042 non
3037 3986 3132 4053 sit,
3158 3987 3312 4058 quod
3346 3983 3506 4057 passi
3538 3990 3737 4039 essent
3766 4000 3801 4039 a

2139 4079 2378 4149 Judaais,
2406 4079 2503 4150 qui
2539 4078 2711 4133 etiam
2748 4079 3044 4133 Christum
3076 4077 3437 4132 occiderunt.
3472 4077 3612 4131 Esse
3642 4074 3800 4130 enim

2141 4172 2290 4227 151
2328 4167 2632 4239 proprium
2665 4167 3129 4222 Christianorum
3172 4166 3350 4237 afﬂigi
3386 4165 3445 4219 in
3495 4165 3603 4220 hac
3659 4165 3799 4220 vita.

2142 4260 2421 4314 Hortatus
2479 4261 2674 4312 autem
2725 4273 2822 4311 eos.
2858 4255 3078 4325 multis,
3114 4258 3177 4309 ut
3206 4254 3287 4309 ita
3318 4258 3806 4310 conversarentur

2142 4347 2312 4404 sicuti
2347 4347 2418 4401 ab
2449 4345 2577 4417 ipso
2610 4344 3055 4416 acceperant,de
3088 4343 3338 4399 mortuis
3369 4343 3545 4398 etiam
3577 4343 3802 4410 scribit,

2142 4435 2454 4493 consolans
2486 4451 2585 4491 eos
2615 4451 2681 4489 ac
2713 4434 2951 4500 docens,
2986 4450 3056 4487 ne
3088 4431 3333 4488 moleste
3381 4432 3591 4487 ferant.
3651 4431 3805 4487 Mor-

2141 4531 2259 4581 tem
2291 4525 2448 4581 enim
2482 4540 2598 4579 non
2630 4539 2759 4578 esse
2792 4521 3202 4595 perditionem,
3224 4522 3325 4577 sed
3353 4522 3509 4577 viam
3543 4536 3806 4576 resurre-

2143 4614 2370 4671 ctionis.
2435 4612 2654 4668 Deinde
2709 4616 2766 4667 et
2813 4612 2883 4666 de
2937 4610 3305 4682 temporibus
3356 4625 3455 4665 eos
3487 4610 3709 4679 edocet,
3744 4615 3810 4665 ut

381 4700 739 4762 ἀναστάσεως.
798 4701 1024 4758 Ἔπειτα
1080 4702 1169 4757 καὶ
1227 4703 1350 4778 περὶ
1406 4708 1510 4757 τῶν
1562 4702 1779 4778 χρόνων
1834 4702 2021 4766 αὐτοὺς

2144 4705 2297 4759 diem
2338 4701 2565 4758 Domini
2597 4699 2895 4757 occultum
2926 4717 3054 4755 esse
3086 4700 3601 4770 scientes,semper
3615 4698 3808 4769 parati

385 4786 643 4857 διδάσκει,
698 4786 792 4860 τίν’,
854 4787 1062 4860 ἄδηλον
1122 4794 1221 4860 τὴν
1269 4790 1477 4867 ἡμέραν
1525 4790 1899 4868 γινώσκοντες.
1952 4791 2033 4847 ἀεὶ

381 4874 597 4950 ἕτοιμοι
626 4878 910 4952 γίνωνται,
943 4880 1032 4933 καὶ
1068 4878 1260 4953 μηδενὶ
1291 4879 1637 4957 προσέχωσιν
1690 4879 2035 4957 ἐπαγγελλο⁹

393 4966 539 5039 μένῳ
597 4967 719 5042 περὶ
775 4968 962 5037 αὐτῆς.
1024 4971 1271 5033 Ἒσεσθαι
1330 4972 1429 5046 γάρ
1489 4991 1620 5047 φησι
1675 4972 1773 5040 τὴν
1834 4991 2038 5046 παρου-

390 5056 505 5109 σίαν
542 5054 739 5129 οὕτως,
800 5056 939 5112 ὥστε
985 5057 1113 5119 τοὺς
1174 5055 1685 5132 περιλειπομένους,
1744 5059 1833 5114 καὶ
1896 5059 2039 5135 εὑρι-

391 5144 691 5216 σκομένους
751 5145 801 5199 ἐν
857 5148 928 5217 τῇ
978 5149 1162 5222 ἡμέρᾳ
1216 5147 1408 5220 ἐκείνῃ,
1445 5148 1520 5220 μὴ
1556 5146 1767 5223 φθάνειν
1826 5147 1952 5209 τοὺς
1985 5148 2043 5202 ἐκ

388 5237 589 5307 νεκρῶν
652 5233 1048 5311 ἐγειρομένους.
1097 5238 1244 5309 Ἅμα
1302 5238 1406 5312 γὰρ
1463 5236 1699 5312 γίνεσθαι
1756 5238 1855 5306 τὴν
1907 5237 2040 5291 πάν-

387 5340 493 5375 των
529 5320 781 5397 ἀλλαγὴν
828 5321 1089 5381 διδάσκει.
1153 5326 1293 5401 Πρὸς
1326 5325 1561 5393 τούτοις,
1595 5324 1915 5402 προτρέπων
1950 5325 2043 5381 αὖ·

383 5410 509 5473 τοὺς
550 5409 897 5486 βελτιοῦσθαι
931 5412 983 5468 ἐν
1035 5420 1153 5476 τοῖς
1202 5413 1381 5484 ἤθεσι,
1432 5420 1683 5491 παραινεῖ
1728 5414 1810 5470 ἀεὶ
1860 5415 2043 5477 αὐτοῖς

381 5501 473 5554 καὶ
530 5500 745 5577 χαίρειν
795 5507 863 5576 τῇ
918 5499 1122 5573 ἐλπίδι,
1172 5505 1263 5559 καὶ
1312 5503 1732 5580 προσεύχεσθαι,
1768 5503 1857 5559 καὶ
1888 5504 2048 5579 εὔχα-

390 5596 589 5665 ριστεῖν
644 5591 725 5645 ἀεὶ
783 5596 862 5664 τῷ
920 5592 1124 5667 Κυρίῳ,
1186 5593 1471 5670 ἐνορκίζων
1524 5592 1719 5656 αὐτοὺς
1746 5593 2047 5670 ἀναγνῶναι

388 5680 490 5748 τὴν
524 5679 854 5749 Ἐπιστολὴν
887 5681 1088 5752 ταύτην
1123 5688 1254 5738 πᾶσι
1282 5687 1399 5745 τοῖς
1427 5679 1710 5761 ἀδελφοῖς,
1753 5683 1843 5738 καὶ
1875 5682 2047 5748 οὕτως

396 5767 563 5839 αότὴν
597 5766 822 5827 τελειοῖ.

2146 4793 2396 4860 sint,nec
2426 4806 2781 4862 quemquam
2816 4789 3120 4844 attendant
3149 4788 3219 4843 dc
3249 4787 3349 4843 illo
3381 4787 3755 4844 nuntiantem
3792 4803 3806 4843 :

2147 4882 2413 4937 futurum
2447 4879 2600 4934 enim
2636 4880 2717 4933 ita
2746 4877 2865 4933 illis
2896 4877 3310 4945 adventum,ut
3338 4878 3435 4948 qui
3469 4877 3688 4933 residui
3719 4877 3807 4930 in-

2148 4972 2457 5026 venientur
2483 4969 2542 5022 in
2575 4985 2639 5023 eo
2672 4968 2784 5031 die,
2812 4983 2927 5022 non
2960 4967 3080 5022 sint
3110 4966 3461 5038 praeventuri
3490 4964 3718 5036 eos,qui
3741 4980 3809 5019 ex

2152 5059 2401 5115 mortuis
2431 5058 2932 5121 excitabuntur,eo
2964 5057 3119 5126 quod
3148 5056 3323 5110 simul
3356 5072 3422 5110 ac
3452 5054 3648 5110 subito
3679 5070 3807 5108 om-

2153 5149 2317 5205 nium
2350 5148 2426 5203 sit
2458 5148 2655 5201 futura
2702 5145 2968 5201 mutatio.
3030 5146 3290 5215 Denique
3342 5143 3438 5197 ubi
3501 5139 3812 5197 admonuit

2156 5255 2277 5307 eos,
2303 5242 2367 5291 ut
2395 5236 2665 5291 meliores
2698 5234 2962 5289 moribus
2985 5235 3255 5302 evadant,
3292 5232 3558 5285 hortatur
3606 5232 3808 5301 etiam,

2156 5334 2219 5383 ut
2251 5342 2485 5396 semper
2517 5323 2575 5378 in
2608 5340 2711 5395 spe
2743 5323 3057 5395 gaudeant,
3082 5324 3139 5375 et
3167 5319 3486 5392 precationi
3508 5319 3808 5384 insistant,

2156 5433 2221 5472 ac
2252 5419 2528 5486 perpetuo
2559 5412 2779 5483 gratias
2811 5416 2988 5482 agant
3018 5409 3284 5464 Domino.
3319 5406 3579 5461 Tandem
3641 5408 3809 5477 adju-

2156 5511 2247 5561 rat
2302 5520 2422 5569 eos,
2479 5507 2545 5575 ut
2576 5500 2897 5573 Epistolam
2930 5500 3079 5554 hanc
3112 5496 3389 5553 fratribus
3420 5495 3697 5552 omnibus
3728 5496 3807 5552 le-

2162 5598 2322 5667 gant,
2358 5596 2531 5663 atque
2561 5590 2719 5646 illam
2754 5590 2901 5643 finit.
