4170 6358
386 360 504 419 423

718 495 902 562 Nona,
934 493 1066 547 item
1094 490 1165 547 ad
1196 490 1710 546 Thessalonicenses.

458 599 548 653 67.
583 598 744 654 Hanc
776 599 957 654 Roma
989 597 1189 653 mittit.
1224 596 1464 654 Occasio
1493 601 1688 651 autem
1721 595 1850 665 ejus
1906 591 2045 647 talis

386 692 535 743 est:
585 685 1013 743 Thessalonicae
1075 686 1313 759 quidam
1373 685 1543 742 otiosi
1601 688 1659 741 et
1717 674 2046 739 inordinate

383 777 641 832 viventes
673 775 1157 842 circumibant,ac
1189 777 1398 831 fratres
1431 774 1794 829 seducebant
1824 787 1839 827 :
1875 769 2044 842 quasi

377 866 503 937 jam
540 870 665 921 tum
717 866 999 921 adventus
1058 864 1285 919 Domini
1346 865 1611 919 instaret.
1673 859 2047 917 Seducebant

384 960 579 1011 autem
642 956 940 1010 auditores
998 953 1168 1025 quasi
1210 952 1486 1024 Apostolo
1516 952 1571 1006 id
1608 949 2041 1015 manifestante,

383 1050 442 1099 et
471 1045 544 1099 ab
576 1044 703 1116 ipso
734 1044 956 1115 Spiritu
988 1050 1191 1099 sancto
1222 1043 1546 1098 audissent.
1580 1040 1740 1103 Quod
1803 1037 1903 1093 ubi
1951 1053 2043 1092 co-

383 1132 585 1204 gnovit
630 1133 967 1205 Apostolus,
1017 1133 1167 1187 hanc
1196 1132 1269 1187 ad
1300 1148 1399 1187 eos
1431 1128 1753 1201 Epistolam
1787 1126 2043 1197 scripsit.

383 1222 451 1276 Et
480 1223 738 1294 primum
772 1222 1009 1293 quidem
1043 1226 1402 1276 crescentem
1436 1234 1637 1274 eorum
1689 1216 1862 1270 fidem
1915 1215 2040 1270 lau-

382 1313 501 1380 dat,
533 1316 590 1366 et
618 1311 902 1381 gloriatur
932 1310 989 1364 in
1024 1310 1191 1381 ipsis,
1228 1309 1384 1380 quod
1416 1307 1765 1363 afflictiones
1815 1304 2044 1360 fortiter

379 1400 710 1457 tolerabant
744 1403 978 1471 propter
1005 1396 1678 1454 Christumzconsolatur
1708 1411 1808 1450 eos
1840 1394 2039 1461 etiam,

380 1490 537 1560 quod
598 1491 796 1543 futura
851 1487 930 1543 sit
973 1504 1006 1541 a
1036 1487 1153 1542 Deo
1186 1486 1328 1541 ultio
1359 1502 1585 1552 eorum,
1619 1502 1651 1539 a
1683 1484 1899 1556 quibus
1932 1483 2040 1537 im-

380 1578 589 1633 merito
619 1576 1046 1649 alfligebantur.
1081 1575 1300 1631 Deinde
1356 1590 1493 1630 vero
1552 1578 1608 1629 et
1665 1573 1735 1628 de
1791 1576 2041 1630 adventu

378 1665 699 1723 Salvatoris
757 1680 855 1720 eos
913 1664 1133 1731 edocet,
1190 1679 1261 1719 ne
1291 1663 1570 1734 cuiquam
1604 1662 1867 1729 credant,
1900 1679 2043 1718 neve

374 1756 712 1820 turbentur,
735 1752 852 1809 sive
884 1770 987 1824 per
1015 1752 1321 1825 Spiritum,
1358 1752 1477 1807 sive
1507 1757 1788 1823 tanquam
1822 1751 1947 1823 ipse
1974 1769 2042 1808 ea

1594 355 1659 414 S.
1706 348 2317 414 ATHANASIUS.—
2355 346 2615 414 DUBIA.

2077 487 2130 553 Α
2320 485 2535 556 Ἐνάτη,
2567 484 2729 543 πάλιν
2762 485 2849 542 καὶ
2880 485 3015 557 αὕτη
3047 485 3185 562 πρὸς
3216 483 3646 550 Θεσσαλονικεῖς.

3690 352 3812 412 424

2224 593 2316 648 67.
2365 592 2579 664 Ταύτην
2634 593 2958 650 ἀποστέλλει
3018 594 3122 649 ἀπὸ
3170 594 3410 668 Ῥώμης.
3458 597 3518 653 Ἡ
3552 592 3611 650 δὶ
3667 597 3803 674 πρό-

2155 701 2310 756 φασις
2353 685 2450 751 τῆς
2511 682 2840 753 Ἐπιστολῆς
2898 682 3053 754 αὕτη
3114 683 3264 746 Τινὲς
3324 682 3377 739 ἐν
3432 685 3800 764 Θεσσαλονίκῃ

2154 769 2312 846 ἀργοὶ
2371 770 2459 825 καὶ
2535 769 2755 828 ἄτακτοι
2827 772 3248 849 περιερχόμενοι
3327 771 3454 837 τοὺς
3531 772 3802 854 ἀδελφοὺς

2156 859 2495 937 ὑφήρπαζον,
2582 861 2656 924 ὡς
2727 859 2836 931 ἤδη
2907 868 3007 930 τῆς
3079 861 3379 938 παρουσίας
3444 867 3541 919 τοῦ
3601 866 3801 941 Κυρίου

2155 947 2431 1020 ἐνστάσης.
2485 951 2734 1006 Ἠπάτων
2787 947 2845 1005 δὲ
2890 950 3018 1013 τοὺς
3052 950 3370 1022 ἀκούοντας,
3403 951 3478 1013 ὡς
3509 958 3605 1008 τοῦ
3635 955 3801 1009 Ἀπο-

2152 1035 2351 1092 στόλου
2390 1042 2552 1093 τοῦτο
2612 1036 2925 1109 δηλοῦντος,
2983 1038 3072 1093 καὶ
3118 1039 3221 1094 ὑπὸ
3272 1040 3584 1112 Πνεύματνς
3643 1042 3804 1097 ἀκού-

2154 1146 2355 1188 σαντες.
2413 1132 2587 1182 Ταῦτα
2640 1127 2817 1182 τοίνυν
2882 1128 3067 1202 μαθὼν
3124 1130 3152 1183 6
3217 1128 3555 1192 Ἀπόστολος
3612 1133 3805 1210 γράφει

2150 1215 2250 1283 τήν
2305 1213 2657 1286 Ἐπιστολήν.
2718 1216 2816 1272 Καὶ
2887 1221 3105 1293 πρῶτον
3162 1217 3258 1288 μὶν
3316 1217 3648 1295 ἀποῦὲχεται
3702 1221 3801 1289 τὴν

2151 1302 2328 1357 πίστιν
2391 1303 2565 1359 αὐτῶν
2623 1304 2972 1378 αὖξάνουσαν,
3030 1306 3120 1361 καὶ
3177 1304 3260 1360 ὅτι
3321 1305 3373 1361 ἐν
3404 1306 3589 1370 αὐτοῖς
3646 1308 3801 1364 ἒκαυ-

2151 1397 2311 1466 χᾶτο,
2363 1394 2456 1455 τὰς
2491 1392 2703 1468 θλίψεις
2733 1394 2994 1469 γενναίως
3029 1395 3356 1472 ὑποφέρουσι
3416 1393 3505 1452 διὰ
3531 1397 3624 1452 τὸν
3674 1402 3804 1475 Χρι-

2151 1480 2296 1535 στόν·
2356 1481 2445 1536 καὶ
2494 1484 2891 1559 παραμυθεῖται
2968 1480 3025 1539 δὲ
3101 1484 3317 1556 αὐτοὺς,
3386 1486 3462 1549 ὡς
3536 1486 3801 1561 ἐσομένης

2152 1566 2391 1633 ἐκδικίας
2422 1572 2567 1647 παρά
2593 1576 2690 1626 τοῦ
2721 1576 2855 1628 Θεοῦ
2884 1573 3020 1628 κατά
3046 1577 3154 1628 τῶν
3214 1571 3564 1631 ἀδικούντων·
3615 1571 3802 1632 ἔπειτα

2150 1653 2208 1711 δὶ
2237 1659 2326 1711 καὶ
2383 1659 2508 1734 περὶ
2554 1662 2653 1729 τῆς
2711 1660 3008 1736 παρουσίας
3064 1667 3162 1717 τοῦ
3223 1669 3482 1740 Σωτῆρος
3535 1661 3798 1734 διδάσκει,

2155 1744 2348 1819 μηδενὶ
2404 1748 2601 1811 αὐτοὺς
2648 1749 2947 1823 πείθεσθαι,
3003 1750 3145 1824 μηδὲ
3192 1752 3486 1828 θροεῖσθαι,
3539 1755 3680 1826 μήτε
3710 1750 3800 1808 διὰ

379 1846 451 1901 de
481 1862 542 1900 re
574 1843 914 1916 scripserit;
952 1859 1056 1899 nec
1087 1841 1207 1897 ullo
1241 1840 1411 1896 modo
1444 1844 1673 1913 putent,
1733 1857 1861 1896 eam
1913 1842 2024 1912 jam

2153 1834 2511 1932 Πνεύματος,Δ
2550 1839 2690 1911 μήτε
2745 1839 2821 1902 ὡς
2878 1839 3042 1921 αὐτοῦ
3093 1841 3420 1918 γράψαντος,
3477 1838 3618 1915 μηδὲ
3647 1840 3795 1905 ὅλως

376 1934 618 1999 instare,
682 1937 785 1988 aut
852 1932 1111 1987 futuram
1182 1946 1311 1985 esse
1381 1929 1726 2001 priusquam
1793 1929 2040 1986 defectio

379 2023 594 2089 veniat,
650 2027 708 2077 et
766 2026 899 2092 post
956 2020 1107 2075 hanc
1136 2017 1559 2086 Antichristus,
1592 2019 1748 2074 ﬁlius
1782 2017 1878 2074 ille
1910 2036 2038 2091 per-

378 2110 639 2180 ditionis,
672 2111 843 2181 cujus
892 2109 1206 2165 adventum
1266 2107 1322 2162 in
1387 2107 1573 2179 signis
1630 2123 1695 2163 ac
1758 2108 2039 2180 prodigiis

380 2199 765 2255 mendacibus
822 2198 1144 2254 secundum
1188 2195 1584 2268 operationem
1621 2197 1848 2253 Satanae
1880 2196 2035 2252 futu-

378 2307 509 2345 rum
568 2306 697 2345 esse
759 2288 1073 2359 significat.
1138 2289 1347 2341 Postea
1405 2285 1755 2341 adhortatus
1794 2303 1913 2351 eos,
1976 2293 2040 2342 ut

384 2378 610 2434 fortiter
634 2376 973 2450 persistant,
1006 2381 1061 2431 et
1092 2375 1457 2445 traditiones,
1483 2391 1631 2445 quas
1658 2392 1691 2429 a
1717 2391 1779 2430 se
1817 2375 2035 2430 didice-

384 2472 536 2534 rant,
561 2471 808 2530 servent,
841 2465 1151 2521 denuntiat
1182 2464 1296 2519 illis
1330 2481 1400 2519 ne
1431 2480 1609 2535 quam
1643 2481 1777 2519 cum
1813 2463 1906 2534 iis,
1936 2464 2033 2535 qui

376 2556 710 2611 inordinate
744 2556 1033 2621 visebant,
1066 2553 1538 2609 communionem
1597 2552 1871 2623 habeant,
1932 2554 2030 2609 sed

380 2645 570 2717 magis
628 2644 937 2715 repudient
988 2659 1106 2698 eos.
1169 2642 1439 2698 Dcclarat
1485 2642 1641 2697 enim
1692 2641 2036 2713 hujusmodi

377 2734 644 2799 curiosos
673 2749 803 2789 esse
833 2740 889 2788 et
918 2748 1174 2788 crroncs.
1219 2732 1463 2787 Prorsus
1522 2736 1716 2787 autem
1776 2731 2038 2804 prmcipit

376 2824 481 2889 eis,
544 2828 609 2879 ut
664 2822 714 2878 si
762 2822 896 2895 quis
926 2821 1300 2878 sermonibus
1328 2821 1453 2876 suis
1486 2820 1902 2893 immorigerus
1932 2820 2031 2890 sit,

373 2912 592 2968 hunce
640 2928 937 2985 synagoga
993 2909 1248 2982 ejiciant.
1308 2910 1591 2966 Caeterum
1655 2925 1854 2979 pacem
1916 2909 2033 2966 illis

372 3005 743 3074 apprecatus,
801 3001 932 3055 finit
986 2999 1330 3072 Epistolam,
1388 2996 1741 3054 salutatione
1797 2997 2034 3071 propria

374 3107 555 3146 manu
588 3090 988 3162 scripta,quod
1023 3089 1309 3160 cujusque
1340 3087 1611 3160 Epistolis
1642 3103 1761 3143 suae
1792 3087 2030 3159 signum

372 3195 502 3236 esse
535 3179 772 3237 indicat.

872 3320 1114 3387 Decima,
1143 3319 1213 3375 ad
1244 3319 1512 3377 Hebraeos.

437 3461 529 3518 68.
569 3463 724 3517 Hanc
749 3461 928 3517 mittit
948 3478 1017 3517 ex
1041 3460 1223 3517 Italia.
1254 3460 1491 3516 Occasio
1523 3465 1715 3517 autem
1748 3460 2022 3533 Epistolm

362 3551 500 3608 talis
532 3556 623 3608 est
656 3568 669 3607 :
702 3552 987 3616 Quoniam
1016 3550 1203 3607 ,ἰυόωί
1237 3549 1347 3622 legi
1378 3556 1437 3605 et
1467 3550 1696 3605 umbris
1723 3550 1884 3606 illius
1927 3551 2019 3606 in-

362 3641 748 3706 cumbebant,
800 3642 873 3696 ob
931 3656 1058 3695 eam
1119 3656 1357 3695 causam
1419 3638 1636 3695 Paulus
1692 3640 2015 3711 apostolus,

357 3729 564 3785 doctor
595 3731 860 3802 gentium
893 3730 1081 3784 factus
1097 3735 1154 3783 et
1170 3729 1242 3782 ad
1270 3734 1471 3799 gentes
1504 3728 1821 3795 missus,ut
1841 3732 2019 3785 Evan-

360 3818 581 3889 gelium
633 3817 749 3874 illis
801 3816 1160 3889 praedicaret,
1215 3833 1349 3872 cum
1409 3817 1685 3873 omnibus
1742 3818 2016 3887 gentibus

357 3907 715 3980 scripsisset,
754 3907 882 3978 jam
915 3907 1189 3979 deinceps
1221 3906 1499 3961 omnibus
1529 3906 1704 3961 etiam
1737 3906 2013 3977 Hebreis,

358 3996 459 4068 qui
493 4012 562 4051 ex
591 3994 1040 4051 circumcisione
1071 3995 1458 4061 crediderant,
1492 3993 1810 4066 Epistolam
1864 3996 2014 4054 hanc

355 4084 560 4139 scribit
589 4083 1611 4156 declarationibusetprobationibus
1638 4084 2010 4158 instructam,

356 4173 428 4227 de
459 4172 671 4228 Christi
706 4175 979 4242 adventu,
1013 4177 1071 4229 et
1101 4173 1255 4244 quod
1287 4171 1435 4246 legis
1484 4174 1694 4229 umbra
1750 4175 2008 4232 desierit.

359 4259 427 4315 Et
483 4262 772 4334 principio
833 4261 1091 4319 declarat
1120 4261 1433 4333 prophetas
1463 4262 1591 4318 ideo
1622 4279 1749 4320 esse
1776 4266 2013 4332 missos,

356 4355 418 4404 ut
445 4351 517 4406 de
548 4350 845 4407 Salvatore
877 4350 1419 4423 praenuntiarent,et
1450 4359 1514 4407 ut
1543 4358 1675 4423 post
1705 4352 1837 4409 illos
1889 4355 2013 4426 ipse

352 4436 618 4495 Salvator
674 4441 898 4496 veniret
954 4457 968 4495 :
1021 4455 1220 4496 servos
1249 4456 1378 4496 esse
1410 4441 1744 4512 prophetas,
1773 4448 1830 4496 et
1861 4458 2012 4496 nun-

354 4528 470 4584 tios
500 4529 787 4585 adventus
835 4528 1043 4600 ipsius.
1070 4530 1269 4601 Ipsum
1300 4545 1435 4584 vero
1466 4528 1762 4585 Christum
1797 4528 2009 4585 Filium

2150 1924 2392 1997 νομίζειν
2445 1924 2552 1995 ἤδη
2604 1933 2850 2003 παρεῖναι
2893 1928 3084 1998 αὐτὴν,
3130 1926 3271 2003 μηδὲ
3298 1929 3559 2007 πρότερον
3592 1928 3797 1985 ἔσεσθαι

2147 2012 2375 2085 ταύτην,
2436 2014 2521 2070 ἐὰν
2586 2018 2661 2089 μή
2719 2019 2752 2086 ἡ
2823 2018 3121 2073 ἀποστασία
3179 2019 3441 2096 πρότερον
3499 2017 3653 2093 ἔλθῃ,
3710 2020 3797 2075 καὶ

2152 2104 2268 2175 μετ’
2299 2103 2465 2173 αὐτὴν
2508 2104 2536 2158 6
2586 2104 2989 2182 Ἀντίχριστος,
3039 2108 3068 2162 ὁ
3117 2108 3231 2170 υἱὸς
3272 2115 3374 2178 τῆς
3406 2107 3703 2179 ἀπωλείας,
3738 2106 3801 2163 οὗ

2145 2192 2246 2259 τὴν
2306 2192 2601 2267 παρουσίαν
2653 2193 2705 2249 ἐν
2766 2196 3018 2268 σημείοις
3075 2196 3165 2251 καὶ
3206 2198 3389 2272 τὲρασι
3422 2194 3653 2271 ψεύδους
3684 2199 3803 2253 κατ’

2148 2278 2414 2355 ἐνέργειαν
2462 2287 2560 2337 τοῦ
2619 2289 2833 2339 Σατανᾶ
2879 2283 3084 2341 ἔσεσθαι
3131 2286 3404 2359 σημαίνει.
3437 2288 3570 2342 Εἶτα
3599 2305 3794 2361 παραι-

2144 2369 2298 2432 νέσας
2360 2370 2543 2434 αὐτοῖς
2602 2375 2815 2444 στήκειν
2900 2375 3177 2451 γενναίως,
3248 2376 3337 2431 καὶ
3409 2380 3621 2451 κρατεῖν
3699 2375 3792 2438 τὰς

2145 2456 2495 2534 παραδόσεις,
2528 2462 2605 2524 ὡς
2654 2460 3016 2539 ἐδιδάχθησαν
3062 2467 3189 2542 παρ’
3244 2463 3430 2535 αὐτοῦ,
3480 2463 3795 2541 παραγγέλ-

2146 2544 2228 2601 λει
2292 2545 2563 2623 μηδεμίαν
2623 2552 2907 2607 κοινωνίαν
2968 2548 3114 2629 ἔχειν
3174 2554 3308 2627 μετά
3364 2558 3467 2608 τῶν
3527 2553 3795 2619 ἀτάκτων,

2144 2635 2293 2692 ἀλλά
2338 2638 2428 2693 καὶ
2487 2635 2825 2697 ἀποϐάλλειν
2881 2642 3097 2705 αὐτούς.
3148 2644 3299 2698 Εἶναι
3330 2642 3431 2719 γάρ
3459 2642 3550 2697 καὶ
3579 2641 3793 2718 περιέρ-

2143 2747 2276 2801 γους
2304 2727 2395 2782 καὶ
2427 2727 2669 2793 πλάνους
2700 2728 2947 2802 ἐδήλωσε
2975 2731 3105 2795 τοὺς
3143 2732 3445 2794 τοιούτους.
3507 2732 3609 2788 Καὶ
3668 2733 3794 2786 καθ-

2143 2814 2279 2870 όλου
2338 2812 2397 2871 δὲ
2444 2819 2781 2895 παρήγγειλε
2827 2822 2915 2876 τὸν
2976 2822 3051 2894 μὴ
3088 2821 3424 2876 ὑπακούοντα
3452 2826 3571 2883 τοῖς
3602 2818 3793 2894 λόγοις

2141 2903 2327 2975 αὐτοῦ,
2379 2910 2571 2962 τοῦτον
2634 2909 3057 2985 ἀποσυνάγωγον
3115 2909 3373 2986 γίνεσθαι.
3435 2909 3539 2965 Καὶ
3597 2907 3791 2965 λοιπὸν

2144 2992 2507 3067 ὑπευξάμενος
2556 2996 2741 3060 αὐτοῖς
2791 2998 3037 3075 εῗρήνην,
3067 2996 3275 3054 τελειοῖ
3302 2999 3402 3068 τήν
3438 2994 3790 3067 Ἐπιστολὴν,

2139 3082 2230 3136 τὸν
2282 3083 2564 3158 ἀσπασμὸν
2623 3089 2693 3159 τῇ
2745 3084 2853 3141 ἰδία
2903 3087 3050 3164 χειρὶ
3096 3086 3327 3163 γράψας,
3382 3087 3518 3163 άπερ
3564 3091 3792 3160 σημεῖον

2142 3169 2275 3226 εἶναι
2305 3171 2482 3244 πάσης
2517 3173 2846 3246 Ἐπιστολῆς
2876 3175 3082 3240 οἰκείας
3116 3173 3449 3245 δεδήλωκεν”

2586 3334 2812 3407 Δεκάτη,
2854 3338 2992 3413 πρὸς
3022 3333 3327 3414 Ἐϐραίους.

2198 3459 2289 3515 68.
2321 3455 2529 3529 Ταύτην
2582 3458 2909 3517 ἀποστέλλει
2971 3462 3077 3516 ἀπὸ
3130 3459 3384 3523 Ἰταλίας.
3442 3462 3503 3516 Ἡ
3534 3458 3591 3515 δὲ
3645 3459 3781 3537 πρό-

2130 3567 2288 3623 φασις
2334 3554 2433 3617 τῆς
2494 3547 2825 3619 Ἐπιστολῆς
2893 3549 3048 3620 αὕτη·
3112 3547 3331 3618 Ἐπειδὴ
3385 3546 3638 3606 Ἰουδαῖοι
3698 3548 3780 3603 ἐν·

2132 3633 2339 3691 ίσταντο
2398 3636 2451 3691 ἐν
2508 3642 2587 3709 τῷ
2644 3638 2801 3712 νόμῳ
2858 3638 2947 3693 καὶ
3001 3644 3121 3700 ταῖς
3178 3644 3378 3705 σκιαῖς,
3424 3635 3512 3692 διὰ
3542 3642 3701 3691 τοῦτο
3751 3636 3779 3689 6

2127 3722 2433 3787 ἀπόστολος
2484 3725 2719 3796 Παῦλος,
2763 3724 3090 3789 διδάσκαλος
3116 3726 3279 3782 ἐθνῶν
3306 3726 3622 3802 γενόμενος,
3690 3724 3780 3779 καὶ

2127 3812 2205 3876 εἷς
2252 3816 2319 3869 τὰ
2376 3812 2499 3887 ἔθνη
2559 3814 2889 3879 ἀποσταλεὶς
2944 3816 3253 3891 κηρύττειν,
3309 3817 3373 3871 τὸ
3424 3813 3778 3893 Εὖαγγὲλιον,

2125 3903 2337 3979 γράψας
2383 3925 2443 3960 τε
2490 3910 2619 3959 πᾶσι
2664 3911 2781 3968 τοῖς
2813 3903 3007 3977 ἔθνεσι,
3038 3907 3232 3985 γράφει
3264 3902 3459 3961 λοιπὸν
3493 3905 3583 3960 καὶ
3643 3911 3775 3959 πᾶσι

2122 3998 2238 4055 τοῖς
2271 3992 2329 4048 ἐκ
2377 4001 2683 4068 περιτομῆς
2740 3994 3086 4051 πιστεύσασιν
3135 3989 3411 4071 Ἑϐραίοις
3461 3990 3777 4049 ἀποδεικτι-

2122 4082 2223 4151 κὴν
2253 4082 2454 4154 ταύτην
2482 4083 2810 4153 Ἐπιστολὴν
2846 4085 2970 4161 περί
2999 4092 3100 4155 τῆς
3130 4090 3227 4140 τοῦ
3284 4082 3521 4161 Χριστοῦ
3569 4102 3775 4156 παρου-

2124 4172 2264 4244 σίας,
2324 4172 2412 4227 καὶ
2470 4177 2568 4228 τοῦ
2624 4185 2924 4239 πεπκυσθαι
2980 4176 3079 4243 τήν
3112 4174 3261 4229 σκιὰν
3292 4178 3389 4228 τοῦ
3418 4172 3615 4246 νόμου.
3676 4168 3775 4226 Καὶ

2122 4265 2341 4337 πρῶτον
2400 4262 2494 4333 μὲν
2553 4260 2902 4317 ἀποδείκνυσι
2958 4261 3086 4323 τοὺς
3140 4264 3426 4337 προφήτας
3482 4258 3572 4315 διὰ
3611 4263 3773 4315 τοῦτο

2122 4347 2478 4418 ἀπεστάλθαι,
2532 4346 2622 4403 ’ίνα
2669 4348 2792 4424 περὶ
2821 4353 2918 4403 τοῦ
2952 4354 3214 4420 Σωτῆρος
3258 4345 3649 4421 ἀπαγγείλωσι,
3683 4346 3773 4401 καὶ

2126 4438 2240 4509 μετ’
2271 4435 2465 4498 αὐτοὺς
2491 4434 2653 4498 αὐτὸς
2683 4434 2837 4510 ἔλθῃε
2875 4433 3106 4496 δούλους
3154 4455 3215 4488 τε
3270 4434 3405 4488 εἶναι
3464 4432 3589 4495 τοὺς
3637 4453 3774 4508 προ-

2123 4527 2319 4602 φήτας,
2379 4524 2468 4580 καὶ
2528 4524 2771 4597 μηνυτὰς
2827 4530 2929 4593 τῆς
2998 4521 3162 4577 αὐτοῦ
3232 4521 3551 4598 παρουσίας·
3611 4520 3772 4577 αὐτὸν

348 4632 478 4673 esse
511 4617 745 4690 Dei,per
764 4634 940 4690 quem
973 4618 1170 4673 omnia
1203 4619 1356 4674 facta
1388 4616 1528 4673 sint.
1566 4616 1634 4671 Et
1665 4618 1821 4688 quod
1855 4618 2013 4674 hunc

2136 4611 2181 4669 3t
2209 4614 2303 4669 τὸν
2351 4613 2579 4689 Χριστὸν
2640 4613 2762 4668 Υἱὸν
2815 4613 2947 4667 εἴναι
2995 4616 3093 4667 τοῦ
3125 4616 3280 4681 Θεοῦ,
3315 4608 3383 4666 δι’
3414 4610 3477 4666 οὗ
3506 4612 3572 4666 τά
3600 4610 3775 4667 πάντα

348 4704 560 4761 Filium
612 4706 907 4762 incarnari
958 4706 1379 4777 hominemque
1410 4705 1535 4760 ﬁeri
1566 4707 1911 4777 oportuerit,
1946 4712 2011 4762 ut

350 4811 456 4867 per
484 4797 745 4868 corporis
774 4797 864 4850 sui
899 4794 1365 4851 immolationem
1398 4799 1644 4849 mortem
1705 4794 1961 4851 aboleret
1991 4813 2005 4852 :

347 4899 541 4957 neque
598 4885 755 4940 enim
817 4901 920 4957 per
974 4884 1320 4955 sanguinem
1374 4883 1540 4938 vituli
1573 4888 1674 4939 aut
1703 4884 1872 4951 hirci,
1904 4886 2005 4941 sed

347 4989 452 5047 per
480 4974 829 5047 sanguinem
880 4974 1094 5030 Christi
1147 4974 1268 5028 fore
1325 4971 1671 5029 mortalibus
1729 4972 2005 5031 salutem.

347 5064 616 5121 Ostendit
645 5064 849 5134 etiam,
881 5064 1032 5136 quod
1071 5062 1158 5117 lex
1193 5062 1486 5117 neminem
1519 5062 1842 5134 perfectum
1877 5064 2006 5120 red-

345 5156 581 5224 diderit,
614 5157 714 5213 sed
751 5157 1023 5212 umbram
1057 5155 1329 5209 habuerit
1357 5154 1684 5210 futurorum
1714 5155 1868 5211 152
1902 5156 2005 5211 bo-

346 5262 583 5313 norum,
617 5253 675 5304 et
706 5250 862 5320 quod
900 5245 1152 5317 populus
1186 5243 1447 5314 requiem
1507 5261 1611 5316 per
1666 5243 1829 5300 illam
1888 5261 2003 5300 non

346 5333 651 5403 invenerit,
702 5337 802 5391 sed
834 5332 1168 5393 communis
1202 5331 1369 5387 nobis
1399 5333 1673 5389 omnibus
1704 5333 1999 5406 relinqua-

345 5426 444 5476 tur
468 5424 682 5493 quietis
732 5425 877 5481 dies.
940 5429 1083 5479 Item
1142 5420 1396 5477 declarat
1447 5421 1803 5479 sacerdotale
1855 5422 2002 5480 illud

347 5512 563 5565 summi
622 5514 943 5571 sacerdotis
1003 5527 1219 5567 munus
1250 5510 1321 5565 ab
1355 5511 1574 5566 Aarone
1601 5511 1671 5566 ad
1703 5511 1997 5569 Christum

347 5599 702 5656 translatum
753 5620 902 5671 esse,
961 5604 1131 5673 cuius
1192 5606 1366 5672 typus
1426 5601 1536 5656 luit
1593 5601 1999 5672 Melchisedec,

346 5704 460 5744 non
527 5705 595 5744 ex
662 5690 793 5746 Levi
863 5695 1162 5748 ortus:et
1217 5690 1371 5764 quod
1432 5695 1628 5763 patres
1684 5691 1797 5747 fide
1857 5691 1996 5761 sint,

2115 4704 2322 4778 γέγονε*
2402 4701 2492 4756 καὶ
2577 4701 2660 4757 ὅτι
2743 4706 2933 4757 τοῦτον
2988 4702 3079 4757 τὸν
3147 4700 3266 4756 Υἱὸν
3317 4697 3422 4756 ἔδει
3484 4696 3769 4775 ἄνθρωπον

2117 4790 2364 4867 γενέσθαι
2421 4791 2783 4866 σαρκωθὲντα,
2837 4789 2931 4846 ’ίνα
2989 4788 3079 4846 διὰ
3152 4797 3252 4860 τῆς
3330 4794 3428 4845 τοῦ
3514 4792 3770 4863 σώματος

2116 4880 2282 4937 αὐτοῦ
2343 4881 2527 4945 θυσίας
2584 4884 2903 4957 καταργήσῃ
2958 4881 3049 4936 τὸν
3105 4881 3352 4935 θάνατον’
3416 4878 3478 4934 ού
3538 4881 3639 4955 γὰρ
3699 4877 3770 4935 δι’

2118 4969 2346 5045 αἶ’ματος
2402 4970 2615 5047 μόσχου
2663 4971 2698 5041 ἦ
2757 4970 2984 5046 τράγου,
3044 4968 3188 5023 ὀλλά
3246 4966 3315 5023 δι’
3382 4965 3612 5040 α’ίματος
3669 4972 3767 5023 τοῦ

2115 5066 2350 5138 Χριστοῦ
2430 5058 2639 5115 ἔσεσθαι
2716 5060 2815 5128 τὴν
2854 5129 2863 5137 .
2899 5057 3171 5134 σωτηρίαν
3248 5062 3365 5118 τοῖς
3436 5056 3764 5133 ἀνθρώποις.

2116 5148 2492 5206 Ἀποδείκνυσι
2543 5146 2621 5219 δὲ,
2670 5149 2751 5204 ὅτι
2779 5149 2807 5202 6
2835 5148 3005 5219 νόμος
3038 5143 3229 5201 ούδὲνα
3254 5144 3589 5215 ἐτελείωσεν,
3622 5144 3768 5202 ἀλλά

2114 5239 2265 5295 σκιὰν
2323 5239 2440 5315 εἶχε
2494 5243 2600 5292 τῶν
2666 5235 2983 5311 μελλόντων
3043 5235 3283 5311 ἀγαθῶν,
3332 5235 3424 5289 καὶ
3483 5234 3546 5289 ού
3614 5236 3768 5292 κατὲ-

2112 5349 2311 5384 παυσεν
2371 5329 2399 5382 6
2448 5324 2604 5397 λαὸς,
2657 5325 2807 5381 ἀλλά
2853 5329 3009 5399 κοινῇ
3050 5329 3210 5379 πᾶσιν
3244 5325 3379 5396 ἡμῖν
3412 5322 3765 5381 ἀπολείπεται

2110 5421 2146 5489 ἠ
2206 5417 2388 5492 ἡμέρα
2441 5423 2542 5485 τῆς
2596 5413 3006 5476 καταπαύσεως.
3064 5410 3233 5467 Πάλιν
3273 5411 3329 5467 δὶ
3359 5409 3762 5485 ἀποδείκνυσιν,

2110 5510 2195 5564 δτι
2242 5509 2277 5577 ἡ
2330 5505 2687 5582 ἀρχιερατική
2719 5502 3023 5581 λειτνυργία
3057 5503 3250 5576 μετὲθη
3281 5502 3387 5557 ἀπο
3421 5503 3630 5579 Δάρὼν
3683 5504 3760 5568 εἰς

2105 5598 2197 5653 τὸν
2231 5596 2487 5673 Χριστὸν,
2518 5595 2584 5649 οὗ
2614 5593 2781 5657 τύπος
2811 5594 2879 5663 ἦν
2909 5595 2937 5649 6
2996 5589 3356 5667 Μελχισεδὲκ,
3409 5591 3508 5647 οὐκ
3565 5592 3638 5646 ὥν
3699 5592 3757 5648 ἐκ

2105 5692 2204 5743 τοῦ
2236 5686 2382 5741 Λευὶ·
2433 5685 2607 5742 πίστει
2640 5705 2696 5741 τε
2737 5681 3116 5747 δεδικαιῶσθαι
3164 5679 3294 5743 τοὺς
3350 5679 3478 5743 τοὺς
3524 5683 3757 5757 πατέρας
