4170 6356
292 404 408 463 425

1400 393 1779 455 SYNOPSIS
1827 393 1996 454 SCRI
2011 394 2294 455 P'l‘URIE
2338 398 2637 459 SAGR/E.

3603 405 3726 466 426

286 532 563 606 σημαίνει,
605 530 694 585 καὶ
745 529 847 584 οὑκ
899 527 948 600 ἐξ
982 525 1156 602 ἔργων
1207 530 1304 580 τοῦ
1352 525 1546 597 νόμου.
1603 525 1729 578 Εἶτα
1779 523 1945 579 πάλιν

2071 543 2178 581 non
2237 544 2304 583 ex
2361 531 2636 601 operibus
2695 531 2862 603 legis,
2913 533 3246 602 justiﬁcati.
3301 535 3562 592 Tandem
3624 539 3723 604 ubi

285 624 360 684 είς
400 624 466 677 τα
513 621 624 690 ἤθη
672 617 1114 695 προτρεψάμενος
1166 616 1256 669 καὶ
1306 614 1555 684 τούτους,
1612 615 1701 668 καὶ
1755 613 1949 668 ἀποδε-

283 711 510 785 ξάμενος
560 709 738 764 αὑτῶν
782 710 880 776 τὴν
933 704 1024 759 διὰ
1076 707 1167 759 τὸν
1218 705 1446 780 Χριστὸν
1501 705 1809 776 ὑπομονὴν,
1859 704 1948 757 καὶ

284 801 467 862 πείσας
522 804 685 872 τιμᾷν
740 796 868 858 τοὺς
926 789 1350 871 πρεσϐυτέρους,
1407 794 1615 848 τελειοῖ
1669 794 1768 861 τὴν
1833 791 1950 846 ἐπι-

285 889 512 961 στολήν.

713 991 1034 1061 Ἐνδεκάτη,
1067 990 1204 1064 πρὸς
1235 989 1520 1063 Τιμόθεον.

354 1118 442 1172 69.
493 1112 705 1183 Ταύτην
767 1107 1077 1165 ἐπιστέλλει
1149 1107 1256 1161 ἀπὸ
1326 1103 1664 1166 Μακεδονίας
1702 1148 1714 1162 .
1771 1107 1834 1162 'H
1894 1102 1952 1159 δὲ

289 1205 553 1282 πρόφασις
590 1210 690 1272 τῆς
742 1197 1041 1267 ἐπιπολῆς
1093 1195 1252 1266 αὕτη’
1289 1197 1374 1250 Ἐν
1426 1199 1495 1268 τῇ
1551 1195 1762 1272 Ἐφέσῳ
1811 1197 1951 1256 τινὲς

291 1293 668 1362 ἰουδαῖζοντες
713 1289 1029 1365 ἐπεχείρουν
1083 1283 1608 1361 ἑτεροδιδασκαλεῖν,
1664 1285 1756 1338 καὶ
1811 1285 1948 1338 ἀπα-

287 1389 380 1452 τᾷν
413 1383 540 1444 τοὺς
589 1380 870 1454 ἀκεραίους
920 1375 1184 1454 προφάσει
1230 1378 1327 1429 τοῦ
1375 1373 1570 1446 νόμου.
1629 1378 1802 1428 Τοῦτο
1857 1371 1948 1427 οὑν

293 1474 474 1546 μαθὼν
534 1473 562 1526 ὁ
621 1467 975 1536 Ἀπὸστολος,
1031 1465 1324 1541 προτρέπει
1382 1462 1477 1518 τὰν
1521 1461 1787 1536 Τιμόθεον
1841 1462 1952 1517 ἐκεῖ

287 1565 618 1638 προσμεῖναι
666 1560 802 1634 πρὸς
854 1555 1142 1630 διόρθωσιν
1192 1554 1402 1608 αὐτῶν·
1456 1551 1652 1628 γράφει
1698 1573 1754 1606 τε
1802 1551 1950 1623 αὑτῴ

279 1653 378 1719 τὴν
427 1648 720 1716 ἐπιστολήν
772 1646 1004 1713 ταύτην.
1058 1645 1157 1699 Καὶ
1208 1647 1424 1718 πρῶτον
1479 1642 1573 1714 μὲν
1624 1641 1948 1714 ὑπομιμνή-

279 1761 389 1794 σκει
423 1743 635 1808 τοῦτον,
689 1734 868 1791 εἰδότα
915 1737 1016 1805 τήν
1067 1734 1120 1789 ἐν
1171 1736 1388 1806 Χριστῷ
1427 1729 1629 1802 πίστιν,
1665 1727 1929 1784 διδάσκων

283 1828 438 1883 αὑτὸν
473 1828 594 1902 περὶ
624 1832 721 1883 τοῦ
751 1827 946 1900 νόμου,
990 1824 1223 1880 κωλύειν
1275 1821 1402 1885 τοὺς
1452 1822 1598 1898 παρὰ
1634 1822 1734 1890 τὴν
1770 1820 1948 1896 ὀρθὴν

285 1915 630 1972 διδασκαλίαν
692 1914 996 1977 λαλοῦντας
1033 1959 1046 1983 ,
1106 1913 1361 1985 ἐπιτιμᾷν
1422 1933 1480 1966 τε
1536 1909 1730 1972 αὑτούς
1774 1953 1786 1966 .

286 2006 391 2082 γὰρ
441 2005 555 2078 καὶ,
578 2004 739 2067 αὐτὸς
789 2002 1068 2077 Ὑμέναιον
1115 2001 1205 2056 καὶ
1257 1997 1610 2075 Ἀλέξανδρον
1639 2045 1652 2070 ,
1701 1999 1942 2072 ναυαγή-

286 2116 481 2157 σαντας
529 2095 655 2171 περὶ
703 2096 803 2164 τήν
847 2093 1048 2163 πίστιν,
1099 2088 1382 2167 παρέδωκε
1428 2093 1508 2161 τῷ
1559 2093 1807 2158 Σατανᾷ,
1852 2085 1946 2141 ’ίνα

282 2182 614 2248 παιδευθῶσι
697 2184 772 2256 μὴ
856 2180 1203 2259 βλασφημεῖν
1241 2225 1253 2237 .
1309 2182 1491 2236 Ταῦτα
1572 2178 1892 2251 ὑπομνήσας
1930 2219 1944 2244 ,

283 2271 478 2327 λοιπὸν
560 2270 828 2326 διατάττει
920 2271 1067 2338 αὑτῷ
1144 2268 1367 2331 κανόνας
1456 2264 1944 2338 ἐκκλησιαστικοὺς

284 2363 406 2436 περὶ
437 2369 775 2436 προσευχῆς,
826 2365 966 2432 πῶς,
1021 2359 1110 2415 καὶ
1161 2357 1288 2430 ποῦ,
1343 2359 1432 2412 καὶ
1480 2357 1605 2412 πεοὶ
1654 2355 1814 2410 τίνων
1867 2353 1949 2408 δεῖ

920 2271 1067 2342 αὑτῷ
1144 2268 1367 2331 κανόνας

284 2451 727 2528 προσεύχεσθαι·
790 2449 912 2524 περὶ
970 2453 1067 2504 τοῦ
1147 2453 1296 2524 σιγᾷν
1367 2446 1417 2501 έν
1479 2443 1797 2516 ἐκκλησίαις
1853 2444 1948 2505 τὰς

291 2546 566 2616 γυναῖκας,
611 2529 710 2594 ¹καὶ
763 2538 975 2612 μᾶλλον
1033 2536 1314 2610 μανθάνειν
1359 2537 1394 2605 ἢ
1443 2533 1711 2590 διδάσκειν
1763 2532 1943 2594 αὑτάς·

288 2631 412 2705 περὶ
461 2629 836 2690 καταστάσεως
881 2626 1213 2696 ἐπισκόπων,
1263 2627 1351 2681 καὶ
1402 2622 1804 2701 πρεσϐυτέρων,
1857 2621 1945 2677 καὶ

290 2718 576 2788 διακόνων,
627 2722 744 2780 πῶς
793 2717 884 2772 καὶ
934 2716 1158 2777 ὁποίους
1213 2716 1346 2770 εἶναι
1400 2713 1482 2769 δεῖ
1510 2714 1635 2774 τοὺς
1692 2714 1948 2766 καθιστα-

297 2808 510 2882 μένους
548 2807 670 2884 περὶ
702 2812 808 2862 τῶν
841 2805 891 2860 ἐν
919 2813 986 2876 τῆ
1022 2804 1321 2876 Ἐκκλησία
1372 2808 1590 2880 χηρῶν,
1634 2803 1738 2856 ἀπὸ
1769 2801 1950 2856 πόσων

294 2898 428 2952 ἐτῶν
490 2899 603 2973 χρή
652 2897 847 2958 ταύτας
908 2894 1338 2972 καταλέγεσθαι,
1387 2894 1478 2948 καὶ
1540 2891 1729 2953 ὁποίας
1790 2890 1951 2952 αὑτὰς

296 2986 430 3040 εἶναι
483 2983 588 3055 δεῖ,
632 2985 721 3040 καί
768 2990 884 3046 πῶς
939 2984 1125 3044 αὑταῖς
1179 2981 1261 3037 δεῖ
1308 2984 1637 3059 προσέχειν⁹
1689 2982 1812 3056 περὶ
1855 2983 1951 3034 τοῦ

294 3081 598 3153 σωφρονεῖν
641 3075 736 3136 τὰς
786 3074 1071 3149 νεωτέρας,
1105 3073 1194 3126 καὶ
1244 3078 1438 3147 γαμεῖν
1479 3068 1716 3143 μᾶλλον,
1748 3069 1836 3123 καὶ
1873 3070 1948 3140 μὴ

295 3165 542 3240 αἰσχρῶς
599 3168 715 3238 ζῇνο
750 3164 874 3238 περὶ
917 3167 1018 3218 τοῦ
1067 3160 1468 3238 παραγγέλλειν
1518 3165 1636 3221 τοῖς
1667 3158 1954 3219 πλουσίοις

2061 622 2116 670 et
2149 617 2293 672 istos
2347 620 2414 673 ad
2468 636 2701 675 morum
2747 621 3184 678 institutionem
3233 624 3580 683 adhortatus
3613 632 3723 697 est,

2060 722 2126 759 ac
2158 705 2529 762 tolerantiam
2562 725 2764 763 eorum
2816 715 3053 781 propter
3080 711 3381 768 Christum
3435 716 3727 795 laudavit,

2060 794 2366 866 suasitque
2400 805 2459 866 ut
2493 802 2864 868 presbyteros
2896 799 3114 854 honore
3157 800 3434 871 afﬁciant,
3468 794 3728 860 absolvit

2061 882 2409 954 Epistolam.

2497 994 2809 1060 Undecima,
2843 994 2912 1049 ad
2946 996 3296 1051 Timotheum.

2132 1107 2221 1160 69.
2255 1106 2414 1163 Hanc
2463 1109 2785 1181 Epistulam
2839 1111 3001 1166 misit
3051 1128 3081 1167 e
3130 1113 3491 1185 Macedonia,
3547 1115 3719 1186 cujus

2063 1197 2184 1250 hac
2218 1201 2305 1252 est
2335 1199 2582 1254 occasio.
2620 1199 2829 1272 Ephesi
2862 1201 3102 1271 quidam
3151 1202 3528 1260 Judaizantes
3576 1205 3718 1260 alie-

2062 1302 2196 1340 nam
2248 1290 2612 1344 conabantur
2673 1289 2941 1346 invehere
2992 1292 3345 1360 doctrinam,
3389 1297 3445 1349 et
3489 1294 3717 1367 simpli-

2062 1374 2247 1431 ciores
2307 1381 2584 1447 praetextu
2649 1377 2794 1450 legis
2855 1380 3151 1436 seducere.
3196 1381 3312 1436 Hoc
3370 1400 3502 1439 cum
3560 1401 3720 1440 com-

2062 1463 2310 1534 perisset
2351 1466 2689 1537 Apostolus,
2727 1467 3034 1523 admonuit
3063 1470 3462 1539 Timotheum,
3499 1476 3561 1527 ut
3601 1471 3725 1535 illic

2062 1551 2324 1623 haereret,
2381 1571 2496 1625 quo
2554 1572 2652 1611 eos
2709 1559 3043 1630 corrigeret.
3104 1559 3319 1614 Scribit
3375 1567 3573 1617 autem
3633 1561 3721 1616 illi

2065 1639 2380 1709 Epistolam
2427 1641 2579 1697 hanc
2613 1659 2624 1696 :
2659 1650 2711 1698 et
2761 1643 3016 1714 primum
3067 1648 3513 1704 commonefacit
3559 1665 3723 1715 eum,

2063 1728 2222 1795 ﬁdei,
2246 1745 2370 1800 quae
2411 1732 2469 1785 in
2503 1730 2734 1786 Christo
2777 1737 2881 1803 est,
2916 1749 3190 1804 gnarum,
3223 1736 3294 1790 de
3324 1734 3449 1808 lege
3481 1737 3722 1806 docens,

2066 1821 2129 1871 ut
2185 1816 2454 1873 cohibeat
2511 1835 2631 1885 eos,
2693 1821 2791 1892 qui
2854 1827 3061 1892 praeter
3121 1828 3340 1879 rectam
3396 1825 3724 1882 doctrinam

1847 1908 1946 1964 Καὶ
1978 1902 2026 1966 Β
2057 1905 2474 1977 loquebantur,
2507 1907 2758 1980 illosque
2801 1909 3082 1981 increpet.
3111 1911 3256 1967 Nam
3290 1916 3348 1968 et
3376 1911 3502 1984 ipse
3532 1921 3721 1987 Apos-

2052 1994 2207 2050 tolus
2282 1996 2654 2067 Hymenaeum
2715 2002 2772 2053 et
2829 1997 3265 2068 Alexandrum,
3342 2003 3717 2075 naufragium

2055 2083 2210 2139 circa
2239 2084 2413 2140 ﬁdem
2448 2102 2674 2156 passos,
2706 2087 2935 2143 Satanae
2977 2090 3104 2159 jam
3156 2090 3505 2162 tradiderat,
3536 2097 3601 2148 ut
3630 2093 3718 2148 di-

2057 2177 2285 2229 scerent
2334 2191 2450 2230 non
2500 2175 2934 2247 blasphemare.
2971 2177 3084 2233 Ubi
3116 2180 3186 2235 de
3215 2180 3344 2236 istis
3395 2182 3722 2264 admonuit,

2057 2277 2308 2317 canones
2358 2261 2442 2316 illi
2481 2263 2912 2321 ecclesiasticos
2969 2267 3246 2340 deinceps
3295 2271 3615 2341 praescribit
3653 2261 3725 2327 de

2057 2352 2347 2420 oratione,
2408 2355 2723 2424 quomodo,
2785 2360 2840 2411 et
2900 2356 3038 2425 ubi,
3100 2363 3156 2413 et
3211 2375 3315 2430 pro
3373 2359 3588 2432 quibus
3647 2361 3728 2416 sit

2057 2441 2366 2498 orandum.
2407 2444 2568 2507 Quod
2621 2443 2900 2501 mulieres
2946 2446 3005 2500 in
3059 2445 3330 2504 Ecclesiis
3379 2454 3570 2505 tacere
3617 2451 3721 2506 de-

2059 2529 2255 2595 beant,
2287 2537 2342 2586 et
2384 2533 2572 2604 magis
2625 2533 2870 2603 discere,
2903 2551 3080 2606 quam
3134 2537 3356 2592 docere.
3391 2537 3470 2594 De
3501 2539 3719 2596 consti-

2061 2619 2285 2673 tutione
2335 2619 2765 2692 episcoporum,
2812 2625 3288 2696 presbyterorum
3336 2631 3394 2682 et
3442 2627 3718 2684 diacono-

2061 2726 2220 2775 rum;
2257 2711 2552 2780 quomodo
2596 2729 2656 2766 se
2701 2727 2900 2783 gerere
2930 2719 2987 2769 et
3017 2715 3221 2786 quales
3267 2734 3395 2774 esse
3443 2719 3717 2790 debeant,

2060 2798 2158 2868 qui
2191 2798 2652 2855 constituuntur.
2687 2801 2768 2856 De
2800 2801 2991 2858 viduis
3039 2804 3099 2858 in
3148 2804 3426 2875 Ecclesia,
3462 2823 3578 2878 qua
3609 2807 3725 2864 illas

2061 2891 2227 2941 astate
2276 2886 2434 2959 eligi,
2468 2892 2526 2943 et
2575 2889 2778 2960 quales
2826 2907 2955 2947 esse
3003 2892 3274 2963 debeant,
3308 2911 3372 2950 ac
3426 2897 3721 2967 quomodo

2061 2978 2294 3034 illarum
2329 2995 2470 3034 cura
2511 2979 2784 3036 habenda
2813 2983 2908 3036 sit.
2941 2982 3216 3039 Juniores
3267 2986 3339 3040 ad
3389 2987 3720 3043 castitatem

2060 3068 2455 3123 instituendas
2487 3085 2637 3135 esse,
2672 3074 2735 3124 ut
2766 3071 2993 3126 nubant
3032 3073 3229 3144 potius
3262 3091 3440 3146 quam
3473 3077 3725 3148 turpiter

2062 3160 2290 3224 vivant;
2319 3158 2600 3214 divitibus
2633 3160 3106 3218 denuntiandum
3129 3180 3255 3220 esse
3279 3181 3349 3220 ne
3381 3165 3724 3237 superbiant

296 3255 370 3325 μή
406 3253 592 3327 ὑψηλὰ
650 3258 885 3332 φρονεῖν,
951 3249 1092 3325 μηδὲ
1144 3249 1382 3338 ἐλπίζειν
1437 3247 1523 3303 ἐπὶ
1574 3252 1652 3338 τῷ
1700 3247 1947 3338 πλούτῳ.

2071 3264 2204 3303 neve
2264 3263 2425 3318 spem
2478 3247 2767 3304 collocent
2826 3250 2882 3304 in
2943 3251 3158 3308 divitiis
3210 3254 3357 3309 suis.
3402 3259 3721 3326 Postquam

295 3343 423 3415 Περὶ
452 3342 659 3398 τούτων
715 3339 1122 3414 διαταξάμενος,
1175 3337 1536 3413 προτρέπεται
1586 3336 1744 3392 αὑτὸν
1787 3335 1952 3391 ταῦτα

298 3429 585 3504 διδάσκειν,
616 3430 706 3486 καὶ
760 3430 953 3504 μηκέτι
1009 3429 1102 3502 μὲν
1161 3425 1502 3501 ὑδροποτεῖν·
1554 3425 1842 3501 προσέχειν
1897 3423 1954 3480 δὲ

298 3521 470 3592 ἐαυτῷ
497 3521 587 3574 καὶ
615 3523 684 3593 τῇ
739 3516 1083 3589 διδασκαλίᾳ,
1137 3514 1318 3570 εἰδότα
1367 3510 1574 3570 ἔσεσθαι
1623 3515 1864 3585 καιροὺς,
1900 3514 1952 3568 ἐν

300 3612 381 3669 οἷς
410 3607 810 3679 ἀποστήσονταί
863 3628 1004 3668 τινες
1043 3612 1144 3675 τῆς
1193 3605 1446 3666 πίστεως.
1483 3601 1704 3674 Διδάξας
1759 3600 1815 3658 δὲ
1854 3625 1955 3658 κα-

301 3699 434 3776 θαρὰ
474 3698 608 3753 εἶναι
659 3697 749 3753 καὶ
800 3697 867 3752 τὰ
925 3696 1207 3770 βρώματα,
1255 3693 1345 3748 καὶ
1393 3691 1760 3769 παραγγείλας
1808 3691 1954 3764 αύτῷ

301 3787 647 3862 ἐκτρέπεσθαι
706 3788 802 3848 τὰς
869 3783 1287 3861 ἐμφιλονείκους
1351 3784 1603 3853 ζητήσεις
1661 3782 1734 3844 ὣς
1795 3776 1958 3858 βεϐη-

305 3877 456 3950 λους,
499 3879 576 3956 ἐφ’
633 3877 716 3937 αἷς
769 3874 858 3929 καί
904 3893 1043 3935 τινες
1090 3871 1445 3947 καυχώμενοι
1491 3865 1804 3948 παρέϐησαν
1854 3871 1954 3939 τήν

302 3966 506 4036 πίστιν,
533 3966 742 4021 τελειοῖ
769 3964 868 4032 τὴν
903 3959 1222 4032 ἐπιστολήν.

487 4104 798 4180 Δωδεκάτη,
829 4105 919 4161 καὶ
949 4103 1085 4173 αὕτη
1128 4101 1292 4158 πάλιν
1322 4101 1459 4177 πρὸς
1489 4095 1799 4174 Τιμόθεονρ

379 4227 470 4280 ’70.
522 4222 727 4292 Ταύτην
780 4219 1086 4277 ἐπιστέλλει
1138 4217 1302 4274 πάλιν
1355 4218 1491 4295 πρὸς
1537 4217 1796 4291 Τιμόθεον
1855 4218 1961 4272 ἀπὸ

308 4314 547 4384 Ῥώμης.
599 4312 659 4368 Ἡ
710 4308 767 4366 δὲ
816 4309 1086 4386 πρόφασις
1133 4307 1224 4362 καὶ
1266 4305 1468 4377 ταύτης
1514 4313 1615 4375 τῆς
1665 4305 1961 4376 ἐπιπολῆς

312 4401 450 4456 ἐστιν
484 4401 672 4462 οὕτως·
721 4404 835 4454 Γῶν
889 4395 1466 4469 συναποδημησάντων
1516 4400 1596 4468 τῷ
1631 4393 1832 4468 Παύλῳ
1863 4416 1962 4450 κα-

307 4489 678 4565 ταλειψάντων
743 4487 942 4556 αὑτὸν,
1002 4485 1345 4563 βουλόμενος
1407 4487 1434 4540 ὁ
1492 4484 1828 4547 Ἀπόστολος
1876 4486 1969 4541 τὸν

309 4581 579 4652 Τιμόθεον
628 4576 806 4642 ἐλθεῖν
860 4576 992 4653 πρὸς
1043 4575 1222 4648 αὐτὸν,
1255 4575 1450 4652 γράφει
1500 4575 1599 4643 τὴν
1651 4572 1968 4646 ἐπιστολήν.

2065 3337 2136 3391 de
2184 3335 2318 3392 istis
2369 3336 2663 3408 praecepit,
2712 3339 2980 3395 hortatur
3027 3357 3183 3410 eum,
3219 3349 3283 3398 ut
3331 3343 3451 3399 haec
3497 3345 3721 3410 doceat.

2063 3430 2121 3482 et
2153 3431 2213 3480 ut
2245 3443 2460 3497 aquam
2493 3426 2648 3482 ultra
2697 3445 2812 3484 non
2855 3430 3037 3501 bibat,
3072 3433 3168 3487 sed
3229 3433 3342 3489 sibi
3391 3434 3502 3507 ipsi
3535 3439 3591 3491 et
3621 3435 3724 3491 do-

2064 3514 2264 3570 ctrinas
2300 3516 2582 3583 attendat,
2619 3518 2772 3586 quod
2827 3517 2972 3573 sciat
3019 3519 3139 3576 fore
3186 3525 3472 3594 tempora,
3507 3523 3724 3595 quibus

2069 3601 2335 3658 nonnulli
2384 3620 2418 3658 a
2468 3603 2581 3658 ﬁde
2640 3605 2918 3660 defecturi
2979 3607 3116 3662 sint.
3169 3608 3271 3664 Ubi
3323 3611 3500 3666 etiam
3559 3628 3724 3668 escas

2067 3692 2321 3746 mundae
2353 3707 2482 3746 esse
2532 3691 2751 3764 docuit,
2785 3710 2851 3749 ac
2887 3696 3181 3768 praecepit,
3217 3704 3281 3753 ut
3327 3700 3726 3758 contentiosas

2068 3786 2124 3836 et
2156 3781 2429 3852 profanas
2479 3781 2834 3852 queestiones
2885 3790 3203 3854 aversetur,
3237 3786 3294 3842 in
3345 3787 3562 3860 quibus
3593 3789 3722 3860 qui-

2066 3869 2203 3924 dam
2235 3868 2555 3941 gloriantes
2596 3870 2769 3926 tidem
2802 3875 3158 3945 transgressi
3200 3876 3324 3947 jam
3373 3882 3560 3945 erant,
3593 3877 3724 3933 ﬁnit

2065 3956 2407 4030 Epistolam.

2389 4100 2739 4173 Duodecima,
2772 4104 2904 4159 item
2933 4105 3004 4160 ad
3039 4107 3398 4164 Timotheum.

2138 4217 2228 4270 70.
2263 4215 2423 4271 Hanc
2454 4217 2591 4272 item
2625 4219 2695 4273 ad
2727 4217 3100 4277 Timotheum
3134 4223 3319 4280 Roma
3349 4224 3527 4282 misit.
3552 4225 3727 4282 Occa-

2073 4307 2160 4362 sio
2191 4307 2319 4378 ejus
2349 4305 2485 4361 talis
2531 4311 2642 4362 est.
2669 4309 2813 4364 Cum
2857 4309 3029 4367 vellet
3058 4313 3391 4384 Apostolus,
3416 4320 3730 4387 postquam

2074 4399 2342 4456 desertus
2373 4402 2497 4452 erat
2531 4397 2603 4453 ab
2631 4398 2722 4466 iis,
2756 4399 2853 4469 qui
2896 4402 3270 4472 profectionis
3304 4407 3445 4460 socii
3479 4407 3731 4476 fuerant,

2075 4489 2144 4544 ad
2180 4504 2240 4543 se
2275 4486 2468 4542 venire
2513 4488 2911 4559 Timotheum,
2946 4491 3096 4548 hanc
3124 4495 3362 4567 scripsit
3393 4495 3730 4568 Epistolam.

2078 4578 2145 4633 Et
2175 4577 2340 4631 initio
2389 4575 2686 4648 signiﬁcat
2716 4593 2777 4633 se
2810 4595 3127 4637 memorem
3162 4600 3310 4655 esse,
3334 4601 3466 4640 cum
3503 4585 3736 4657 pietatis

312 4651 412 4725 Καὶ
443 4673 660 4745 πρῶτον
713 4668 809 4740 μέν
861 4651 1028 4737 δηλοῖ
1075 4665 1258 4720 ἑαυτὸν
1310 4662 1666 4738 μνημονεύειν
1719 4663 1882 4718 αὑτοῦ
1911 4685 1957 4719 τε

2081 4665 2229 4735 ejus,
2281 4667 2407 4719 tum
2469 4664 2600 4719 ﬁdei
2661 4667 2950 4738 majorum
3011 4669 3219 4741 ipsius.
3277 4651 3520 4729 Deinde-
3553 4673 3733 4746 quod,

309 4765 407 4828 τῆς
441 4753 724 4819 εὐλαϐείας
754 4754 845 4810 καὶ
885 4761 986 4824 τῆς
1033 4755 1142 4808 τῶν
1175 4751 1457 4828 προγόνων
1505 4751 1669 4806 αὑτοῦ
1713 4751 1964 4815 πίστεως’

311 4843 493 4901 ἔπειτα
523 4843 601 4916 δὲ,
652 4844 735 4899 ὅτι
788 4845 840 4898 οἱ
892 4844 996 4898 ἀπὸ
1029 4841 1236 4911 Ἀσίας,
1269 4840 1342 4895 ὦν
1393 4840 1503 4895 ἐστι
1554 4839 1841 4916 Φύγελλος
1880 4843 1970 4896 καὶ

309 4935 645 5011 Ἑρμογένης
681 4977 696 5002 ,
755 4931 1173 5010 ἀπεστράφησαν
1254 4929 1459 5002 αὑτὸν,
1521 4929 1749 5004 ὁρῶντες
1807 4931 1972 4985 αὐτοῦ

310 5023 404 5084 τὰς
453 5024 693 5085 ἁλύσεις.
745 5024 844 5076 Τὸν
892 5019 1250 5098 Ὀνησιφόρον
1303 5016 1360 5072 δὲ
1391 5014 1702 5090 ἀπεδέξατι,
1747 5017 1975 5082 ἐλθόντα

315 5111 389 5174 εἰς
448 5114 545 5180 τὴν
601 5113 847 5185 Ῥώμην,
907 5110 997 5164 καὶ
1056 5107 1462 5182 προσμείναντα
1508 5106 1654 5179 αὐτῷ
1693 5150 1704 5163 .
1760 5114 1972 5185 Παραγ-

315 5199 500 5274 γέλλει
555 5199 612 5255 δὲ
659 5199 807 5272 αὑτῷ
863 5204 1240 5275 παραιτεῖσθαι
1299 5197 1392 5257 τὰς
1454 5197 1639 5269 μωρὰς
1701 5199 1974 5269 ζητήσεις,

321 5285 410 5342 διὰ
439 5287 502 5340 τὸ
533 5289 584 5356 ἐξ
621 5289 796 5343 αὑτῶν
826 5289 1109 5364 γεννᾶσθαι
1162 5286 1366 5361 μάχας.
1401 5284 1503 5340 Καὶ
1551 5285 1651 5360 γὰρ
1699 5285 1978 5358 Ὑμέναιος

319 5375 409 5430 καὶ
467 5373 713 5444 Φιλητὸς
747 5417 761 5442 ,
821 5376 994 5438 οὕτως
1049 5373 1398 5449 ἐκτραπέντες
1433 5419 1446 5438 ,
1503 5367 1814 5446 παρέϐησαν
1878 5377 1978 5443 τὴν

318 5464 578 5534 ἀλήθειαν
614 5507 628 5531 ,
689 5461 940 5536 λέγοντες
999 5463 1280 5518 ἀνάστασιν
1337 5459 1446 5531 ἤδη
1511 5460 1839 5536 γεγονέναι,
1892 5463 1982 5518 καί

317 5573 467 5614 τινας
499 5549 875 5628 ἀνατρέπουσι.
909 5551 1142 5608 Μᾶλλον
1196 5549 1286 5606 οὖν
1315 5553 1567 5626 παραινεῖ
1613 5550 1791 5623 τούτῳ
1822 5573 1984 5628 προσ-

320 5643 470 5718 έχειν
504 5642 677 5713 ἐαυτῷ
723 5641 814 5696 καὶ
843 5643 913 5707 τῇ
961 5637 1303 5711 διδασκαλίᾳ,
1351 5638 1441 5694 καὶ
1492 5635 1687 5693 εἰδέναι
1741 5641 1860 5712 μὲν,
1899 5642 1984 5696 ὁτι

327 5730 380 5786 ἐν
433 5728 673 5806 ὑστέροις
733 5734 945 5804 καιροῖς
1004 5726 1214 5783 ἔσονται
1267 5728 1320 5783 οἱ
1368 5725 1644 5800 ἄνθρωποι
1693 5727 1985 5804 φιλήδονοι

655 5861 915 5920 Parnm.
971 5860 1078 5916 Gn.
1131 5857 1405 5918 XXVIII.

2080 4752 2176 4824 qui
2211 4767 2278 4806 ex
2312 4750 2453 4806 Asia
2496 4757 2682 4820 erant,
2718 4770 2786 4809 ex
2829 4771 3079 4826 quorum
3115 4775 3360 4815 numero
3392 4766 3558 4817 erant
3586 4761 3737 4832 Phy-

2079 4840 2270 4914 gellus
2302 4845 2357 4894 et
2386 4839 2802 4912 Hermogenes,
2836 4846 3086 4901 aversati
3137 4864 3199 4902 se
3249 4849 3392 4915 sint,
3427 4849 3485 4905 in
3519 4849 3740 4905 catenis

2081 4929 2469 4985 constitutum
2523 4929 2809 4987 videntes.
2853 4933 3284 5006 Onesiphorum
3337 4955 3467 4993 vero
3515 4939 3738 5005 laudat,

2082 5021 2234 5094 quod
2294 5021 2345 5075 is
2394 5021 2639 5076 Romam
2690 5024 2940 5092 venerit,
2992 5031 3044 5081 et
3097 5029 3252 5099 apud
3318 5046 3378 5085 se
3434 5028 3739 5085 manserit.

2089 5109 2350 5181 Praecipit
2401 5114 2619 5179 autem,
2654 5118 2718 5166 ut
2766 5114 2978 5171 stultas
3023 5117 3375 5186 quaestiones
3422 5122 3742 5183 aversetur,

2086 5199 2241 5271 quod
2292 5198 2428 5252 hinc
2477 5216 2684 5270 pugnae
2717 5202 3076 5259 oboriantur.
3111 5205 3256 5260 Nam
3290 5206 3400 5262 hoc
3433 5215 3601 5280 pacto
3631 5207 3746 5278 Hy-

2089 5303 2375 5343 menaeum
2425 5293 2481 5342 et
2532 5289 2825 5346 Philetum
2857 5293 3132 5362 deﬂexos,
3166 5299 3567 5367 transgressos
3617 5310 3747 5352 esse

2089 5377 2426 5443 veritatem,
2498 5376 2792 5446 dicentes,
2870 5382 3356 5437 resurrectionem
3429 5385 3550 5454 jam
3619 5399 3748 5440 esse

2095 5467 2340 5532 factam;
2375 5469 2432 5519 et
2480 5465 2795 5522 nonnullos
2836 5471 3192 5526 subvertere.
3226 5471 3343 5527 Hoc
3375 5473 3572 5545 itaque
3621 5491 3747 5528 ma-

2093 5553 2184 5626 gis
2218 5550 2383 5608 illum
2421 5553 2702 5622 hortatur,
2735 5561 2800 5609 ut
2849 5558 2962 5612 sibi
3009 5558 3122 5630 ipsi
3158 5562 3419 5618 attendat
3447 5569 3504 5618 et
3532 5561 3753 5616 doctri-

2097 5663 2220 5714 nm,
2280 5643 2539 5714 sciatque
2607 5645 2834 5700 futuros
2901 5649 3330 5719 posterioribus
3390 5649 3756 5724 temporibus

2097 5731 2389 5799 homines,
2412 5733 2780 5802 voluptatum
2814 5737 3011 5807 magis
3045 5754 3216 5810 quam
3253 5739 3354 5794 Dei
3386 5745 3671 5798 amai'itcs,
3705 5737 3763 5785 et

3373 5875 3438 5927 Η
