4170 6360
463 382 582 441 427
1651 392 1713 450 S.
1762 392 2048 452 ΑἸἮΑΝΑ

2170 394 2287 455 US.
2316 427 2394 439 —
2424 397 2687 461 DUBIA.
3770 418 3890 478 428

465 520 551 583 υι,
581 514 695 571 ista
739 516 1087 589 praevidens,
1132 519 1415 592 populum
1467 522 1798 578 credentem
1848 540 2038 579 comm

2170 528 2194 592 λ
2231 523 2452 625 μᾶλλον
2484 529 2545 625 ἦ.
2570 530 2839 625 φιλόθεοι·
2890 531 3279 608 προϐλέποντα
3331 537 3391 597 δὲ
3429 547 3618 618 ταῦτα,
3651 546 3886 625 ἀσφαλί-

465 603 604 674 niat,
637 621 710 661 ne
739 605 876 677 quis
918 622 988 663 ex
1035 607 1135 665 illo
1182 611 1515 667 seducatur.
1550 616 1867 683 Postquam
1918 618 2048 669 aute

2229 617 2407 710 (-5601!
2448 618 2595 710 ,τοὺς
2656 619 2844 694 λαοὺς,
2904 626 2979 697 μή
3013 647 3093 688 τις
3138 626 3190 699 ἐξ
3241 629 3417 686 αὐτῶν
3467 603 3743 710 ἀπατηθῇί
3787 640 3886 694 Καὶ

464 694 535 748 ad
570 710 800 750 morum
840 696 1270 754 institutionem
1319 706 1378 755 et
1420 701 1696 757 doctrinae
1744 701 2048 757 severitate

2223 702 2298 764 είς
2330 705 2397 758 τά
2420 703 2527 777 ἤθη
2560 705 2619 762 δὲ
2665 710 2753 764 καὶ
2805 694 3028 783 εἷς’τῆν
3074 694 3560 786 τῆςνδιδασκαλίας
3604 694 3882 786 ἀκρίϐειαν

466 784 669 840 multis
699 784 865 841 illum
897 787 1240 844 adhortatus
1273 795 1380 861 est,
1405 807 1470 845 ac
1500 791 1848 863 signiﬁcavit
1882 800 2048 863 lemp1

2222 790 2408 892 πολλὰ
2434 799 2879 873 προτρεψάμενος
2929 803 3111 876 αὐτὸν,
3144 808 3232 861 καὶ
3266 810 3513 882 σημάνας
3560 813 3652 868 τὸν
3675 778 3878 892 ⁸καιρὸν

461 872 841 932 resolutionis
898 893 1016 932 sum
1066 878 1192 948 jam
1242 879 1571 946 imminere,
1623 885 1687 935 ut
1735 898 1838 952 pro
1885 880 2048 936 Chris

2223 878 2415 938 λοιπὸν
2465 872 2583 955 τῆς
2612 886 2921 954 ἀναλύσεως
2970 893 3135 949 αὐτοῦ
3185 872 3481 969 ἐνεστάναι,
3532 902 3620 956 καὶ
3656 872 3878 976 μέλλειν

461 962 824 1034 immoletur,
853 967 1120 1039 precipit
1158 968 1231 1036 ei,
1264 970 1419 1026 158
1454 974 1516 1025 ut
1547 971 1619 1025 ad
1660 986 1721 1026 se
1751 972 1864 1025 cito
1894 970 2048 1026 venis

2221 970 2532 1028 σπένδεσθαι
2591 977 2680 1031 καὶ
2744 986 3076 1055 μαρτυρεῖν,
3134 983 3411 1044 ἐντείλαιτο
3466 962 3667 1062 ἀὐτῷ’
3699 993 3875 1058 ἐλθεῖν

460 1051 709 1111 aﬂ‘erens
765 1072 967 1112 secum
1025 1057 1301 1130 penulam
1363 1077 1531 1115 suam
1588 1064 1646 1116 et
1702 1059 1904 1115 libros.
1964 1060 2047 1115 Ho

2218 1062 2353 1155 «pe;
2408 1062 2565 1118 αὐτὸν
2615 1068 2849 1142 ταχέως,
2899 1071 3199 1143 κομίζοντα
3246 1076 3338 1130 τὸν
3395 1077 3625 1155 φελόνην
3670 1082 3760 1136 καὶ
3809 1085 3876 1138 τά

455 1146 617 1199 tatur
668 1146 868 1213 etiam,
895 1152 963 1203 ut
1015 1146 1412 1204 Alexandrum
1471 1149 1741 1205 mrarium
1793 1154 2010 1217 caveat,

2222 1145 2432 1244 βιᾷλία.
2487 1154 2763 1231 Παρῄνεσε
2812 1155 2869 1212 δὲ
2917 1159 3064 1234 αύτῷ
3110 1145 3463 1241 Ἀλέξανδρον
3512 1145 3606 1223 τὸν
3663 1168 3871 1244 χαλκέο

455 1234 555 1335 qui
614 1250 677 1290 se
733 1235 941 1293 multis
997 1236 1164 1295 malis
1221 1237 1498 1309 atl'ecerit,
1529 1244 1702 1310 atque
1751 1238 1830 1295 ita
1887 1240 2048 1296 claud

2216 1238 2626 1317 φυλάττεσθαι,
2684 1245 2758 1308 ὡς
2832 1246 3024 1304 πολλά
3089 1252 3227 1307 κακά
3283 1234 3704 1332 ἐνδειξάμενον...
3728 1260 3875 1335 αύτῷ

450 1319 793 1394 Epistolam.

2214 1329 2302 1384 καὶ
2337 1330 2479 1386 οὕτω
2507 1332 2716 1388 τελειοῖ
2742 1336 2842 1405 τήν
2876 1336 3196 1412 ἐπιστολήν.

896 1413 1117 1469 Decima
1145 1415 1333 1484 tertia,
1363 1414 1434 1470 ad
1466 1415 1658 1471 Titum.

2629 1432 3079 1509 Τρισκαιδεκάτη,
3114 1440 3249 1516 πρὸς
3277 1446 3456 1501 Τῖτον.

517 1528 609 1583 71.
641 1527 802 1584 Hanc
833 1529 996 1587 misit
1024 1529 1287 1604 Nicopoli
1312 1549 1325 1586 :
1350 1548 1485 1587 nam
1518 1532 1597 1587 ibi
1629 1531 1979 1588 hibernavit.
2006 1533 2047 1588 E

2281 1518 2611 1616 71.1:a-31nv
2657 1520 2965 1616 ἐπιστέλλει
3000 1526 3123 1616 Δἀπὸ
3173 1531 3550 1595 Νικοπόλεως·
3601 1534 3711 1591 ἐκεῖ
3766 1538 3869 1616 γὰρ

448 1621 642 1673 autem
686 1619 956 1691 Epistolas
1004 1622 1233 1679 occasio
1282 1620 1438 1678 talis.
1476 1622 1537 1676 In
1570 1622 1737 1678 Creta
1784 1621 2048 1694 reliquer:

2208 1606 2631 1699 παρεχείμασεν.
2682 1612 2746 1669 Ἡ
2796 1609 2854 1668 δὶ
2903 1614 3171 1693 πρόφασις
3219 1627 3321 1689 τῆς
3372 1620 3670 1694 ἐπιπολῆς
3703 1606 3865 1699 αὕτηΙ·

446 1705 665 1776 Titum,
692 1713 756 1763 ut
781 1708 1029 1766 clericos
1081 1728 1185 1784 per
1213 1711 1475 1768 civitates
1522 1714 1919 1769 constitueret.
1954 1716 2048 1767 Cul

2206 1694 2301 1757 Είς
2354 1696 2450 1769 μὲν
2499 1698 2597 1767 τήν
2653 1703 2869 1776 Κρήτην
2918 1704 3151 1762 ἀπέλιπε
3198 1708 3289 1763 τὸν
3331 1714 3511 1783 Τῖτον,
3557 1709 3647 1768 ἵνα
3698 1694 3865 1772 κατα-

447 1798 642 1850 autem
705 1794 825 1852 illic
872 1798 1043 1853 multi
1091 1797 1238 1871 legis
1286 1805 1587 1871 praetextu,
1637 1799 1919 1872 populum
1969 1817 2048 1856 cra

2206 1786 2375 1858 στήσῃ
2404 1786 2537 1842 κατὰ
2566 1787 2757 1852 πόλεις
2799 1790 3123 1866 κληρικούς·
3157 1796 3383 1854 πολλῶν
3437 1797 3495 1855 δὲ
3545 1795 3713 1857 ὅντων
3750 1803 3866 1860 ἐκεῖ

447 1883 679 1939 dentem
738 1886 1070 1943 subducere
1123 1894 1495 1958 conarentur,
1549 1888 1608 1944 id
1670 1889 1768 1944 ubi
1824 1906 2047 1961 cognov

2170 1877 2309 1958 ἰτῶν
2343 1872 2767 1951 ἐπιχειρούντων
2814 1881 3079 1960 προφάσει
3127 1889 3225 1940 τοῦ
3272 1886 3446 1960 νόμου
3494 1888 3699 1962 άπατᾷν
3729 1892 3860 1955 τοὺς

444 1973 783 2044 Apostolus,
818 1975 1136 2047 Epistolam
1183 1978 1438 2049 scripsit.
1474 1979 1541 2033 Et
1570 1979 1856 2050 principio
1887 1960 2048 2051 gratii

2204 1960 2389 2055 λαοὺς,
2425 1966 2609 2037 μαθὼν
2645 1968 2673 2022 ὁ
2706 1968 3059 2044 ’Λπόστολος,
3110 1976 3323 2052 γράφει.
3358 1977 3457 2031 Καὶ
3507 1960 3724 2055 πρῶτον
3762 1983 3856 2055 μὶν

442 2062 585 2117 actis
628 2062 747 2119 Deo
796 2069 1031 2137 propter
1078 2066 1268 2138 ipsius
1317 2066 1613 2139 pietatem,
1646 2067 1867 2123 indicat
1913 2067 2048 2122 fide:

2201 2051 2535 2128 εὐχαριστῶν
2566 2060 2647 2128 τῷ
2693 2063 2809 2130 Θεῷ
2838 2056 2928 2114 διὰ
2964 2062 3064 2131 τὴν
3098 2051 3262 2118 αὐτοῦ
3311 2062 3618 2139 εὐλάϐειαν,
3652 2070 3854 2142 σημαί-

436 2150 496 2205 in
542 2152 841 2209 Christum
904 2171 1019 2210 non
1076 2172 1204 2211 esse
1262 2161 1574 2224 recentem,
1624 2157 1726 2212 sed
1784 2174 1818 2212 a
1874 2156 2048 2213 secul

2198 2163 2271 2232 νει
2301 2143 2399 2212 τήν
2433 2142 2482 2197 ἐν
2534 2150 2751 2221 Χριστῷ
2788 2147 2969 2204 πίστιν
3024 2153 3101 2224 μὴ
3155 2156 3418 2229 νεωτέραν
3453 2156 3609 2228 εἶναι,
3651 2158 3777 2216 ἀλλ’
3802 2158 3853 2232 ἐξ

436 2247 821 2313 praeparatam
867 2248 924 2299 et
966 2261 1000 2299 a
1030 2244 1145 2301 Deo
1194 2245 1569 2318 promissam.
1602 2246 1815 2301 Deinde
1845 2247 1917 2301 de
1943 2263 2048 2301 con

2198 2231 2393 2294 αἰῶνος
2445 2235 2801 2307 ἡτοιμάσθαι,
2854 2239 2943 2293 καὶ
2992 2238 3326 2317 ἐπηγγέλθαι
3381 2247 3527 2321 παρά
3572 2251 3669 2302 τοῦ
3718 2231 3854 2304 Θεοῦ

429 2329 746 2388 stituendis
795 2330 1021 2388 clericis
1060 2334 1244 2400 docet,
1277 2334 1573 2405 quomodo
1620 2334 1707 2389 illi
1754 2351 2048 2391 conversa:

2193 2320 2416 2392 ταύτην·
2471 2320 2655 2379 ἔπειτα
2712 2322 2771 2380 δὲ
2826 2328 2916 2381 καὶ
2974 2329 3097 2405 περί
3153 2333 3253 2401 τῆς
3309 2336 3682 2399 καταστάσεως
3738 2343 3847 2394 τῶν

427 2422 486 2473 et
513 2420 721 2489 quales
750 2436 879 2477 esse
928 2422 1195 2478 debeant.
1226 2422 1496 2494 Praecipit
1543 2423 1719 2479 etiam
1754 2423 1861 2489 illi,
1895 2428 1960 2479 ut
1990 2425 2048 2481 in

2193 2408 2496 2485 κληρικῶν.
2539 2413 2637 2467 Καὶ
2666 2414 2857 2471 τοῦτον
2891 2413 3149 2491 διδάσκει,
3184 2425 3323 2492 πῶς,
3354 2423 3444 2478 καὶ
3497 2424 3720 2490 ὁποίους
3754 2426 3848 2482 αύ-

425 2514 625 2581 crepet
654 2525 776 2580 eos,
807 2510 909 2582 qui
942 2527 1097 2567 sane
1142 2511 1276 2568 ﬁdei
1307 2513 1793 2579 contradicerent,
1828 2513 2046 2569 maxim

2190 2497 2318 2560 τοὺς
2350 2500 2483 2554 εἶναι
2512 2497 2613 2558 δεῖ.
2668 2504 2766 2557 Καὶ
2816 2504 3068 2581 ἐπιτιμᾷν
3123 2506 3179 2564 δὲ
3210 2509 3521 2567 ἐντέλλεται
3552 2513 3699 2588 αὐτῷ
3727 2521 3845 2579 τοῖς

421 2614 543 2667 eos,
576 2599 679 2671 qui
735 2605 902 2657 erant
957 2617 1026 2657 ex
1082 2601 1528 2659 circumcisione
1578 2620 1592 2659 :
1646 2605 1907 2676 sciatque
1945 2610 2048 2661 Cre

2192 2586 2535 2664 ἀντιλέγουσι
2583 2595 2651 2664 τῇ
2712 2593 3028 2669 ὑγιαινούσῃ
3085 2597 3282 2653 πίστει·
3338 2598 3573 2673 μάλιστα
3620 2586 3737 2668 τοῖς
3788 2604 3847 2661 ἐκ

420 2691 619 2745 tenses
657 2705 788 2746 esse
835 2690 1078 2757 otiosos,
1110 2696 1169 2747 et
1216 2708 1365 2764 opus
1417 2692 1631 2749 habere
1660 2693 2048 2766 increpatione

2189 2685 2517 2752 περιτομῆς,
2570 2678 2764 2736 εἰδέναι
2812 2704 2870 2738 τε
2911 2684 3037 2747 τοὺς
3090 2689 3327 2759 Κρῆτας,
3378 2688 3464 2745 ὅτι
3511 2689 3672 2767 ἀργοί
3720 2693 3842 2768 εἶσι,

422 2777 494 2832 Et
550 2782 862 2851 postquam
921 2780 1118 2836 docuit
1182 2781 1376 2837 omnis
1435 2783 1669 2853 generis
1727 2765 1892 2839 escas
1950 2801 2045 2841 ess

2188 2765 2277 2820 καὶ
2310 2767 2609 2842 χρῄζουσιν
2656 2768 2954 2843 ἐπιτιμίας.
3002 2771 3224 2845 Διδάξας
3261 2797 3320 2831 τε
3365 2765 3558 2834 πάντα
3584 2765 3651 2836 τά
3694 2765 3838 2859 βρώξ

423 2867 676 2923 mundae
733 2869 995 2936 mundis,
1044 2874 1102 2926 et
1158 2870 1363 2942 quales
1419 2887 1549 2927 esse
1602 2873 1850 2927 debeant
1908 2891 2048 2930 anus

2193 2876 2335 2928 ματα
2374 2857 2581 2934 καθαρά
2631 2858 2765 2913 εἶναι
2807 2867 2924 2922 τοῖς
2974 2864 3230 2939 καθαροῖς
3257 2910 3270 2933 ,
3321 2866 3411 2921 καὶ
3456 2868 3648 2933 ὁποίας
3696 2857 3843 2928 εἶναι

420 2973 665 3028 quarum
738 2963 827 3014 est
892 2940 1512 3033 ofﬁcium‘castigare
1583 2960 2048 3019 adulescentulas

2190 2940 2273 2998 δεῖ
2300 2944 2393 3006 τὰς
2424 2941 2805 3020 πρεσϐύτιδας,
2835 2951 2931 3011 τάς
2986 2950 3312 3028 ὀφειλούσας
3359 2958 3713 3034 σωφρονίζειν
3742 2962 3841 3024 τὰς

419 3047 719 3115 admonet,
752 3049 1047 3119 quomodo
1087 3048 1238 3105 servi
1270 3048 1526 3105 dominis
1559 3050 1684 3105 suis
1733 3051 1946 3121 subjici
1978 3053 2048 3108 de

2187 3033 2326 3104 νέας,
2384 3040 2631 3109 παραινεῖ
2703 3040 2818 3097 πῶς
2894 3035 2977 3092 δεῖ
3030 3040 3155 3101 τοὺς
3214 3033 3461 3106 δούλους
3498 3053 3615 3110 τοῖς
3677 3046 3837 3115 ἰδίοις

408 3134 603 3192 beant.
641 3117 900 3209 Denique
943 3138 1042 3194 ubi
1089 3138 1421 3201 admonuit,
1455 3139 1614 3210 quod
1646 3117 2039 3211 gratia—Salva

2190 3117 2471 3182 δεσπόταις
2526 3122 2939 3189 ὑποτάσσεσθαι.
2988 3127 3083 3182 Καὶ
3131 3126 3312 3201 τέλος,
3373 3132 3694 3207 ὑπομνήσας
3752 3138 3833 3194 ὅτι

405 3226 554 3282 toris
602 3243 717 3283 non
766 3243 836 3283 ex
883 3227 1161 3299 operibus
1220 3244 1327 3283 nos
1378 3228 1814 3299 justiﬂcaverit,
1846 3230 1946 3285 scd
1998 3247 2048 3285 ei

2186 3212 2221 3278 ἡ
2252 3212 2349 3264 to?)
2381 3217 2640 3287 Σωτῆρος
2671 3213 2832 3288 χάρις
2866 3214 2964 3270 οὐκ
3004 3216 3053 3290 ἐξ
3103 3214 3271 3295 ἔργων
3306 3222 3453 3294 ἡμᾶς
3502 3222 3836 3300 ἐδικαίωσεν,

408 3314 607 3370 divina
676 3276 1074 3389 benignii—ate,
1130 3276 1650 3389 denuntiavitque,
1711 3276 1814 3372 ut,
1848 3318 2048 3390 legale:

2180 3297 2326 3353 ἀλλὰ
2376 3304 2444 3373 τῇ
2508 3301 2618 3373 ἰδίᾳ
2696 3276 3261 3381 φιλανθρωπίᾳ,.καῖ
3319 3276 3690 3389 παραγγείλας
3744 3276 3838 3379 τάξ

408 3420 661 3476 pugnas,
704 3410 989 3475 tanquam
1042 3405 1416 3477 impudentes
1465 3412 1785 3474 aversetur,
1838 3389 2048 3479 signiﬁ'

2174 3390 2398 3460 νομικὰς
2449 3389 2631 3465 μάχας
2676 3391 3043 3466 ἐκτρέπεσθαι,
3093 3395 3167 3458 ὡς
3215 3397 3608 3476 ἀναισχύντους
3651 3400 3832 3479 οὔσας,

410 3474 521 3548 cat.—
549 3490 658 3560 illi,
708 3497 774 3548 ut
818 3474 950 3549 cum
1000 3494 1073 3549 ad
1122 3474 1184 3550 se
1232 3494 1459 3550 miserit
1508 3500 1830 3564 Artemam,
1875 3474 1948 3552 ad
2001 3514 2048 3553 se

2175 3474 2343 3548 δηλοῖ
2370 3478 2538 3551 αὐτῷ,
2595 3482 2729 3553 μετά
2767 3482 2830 3537 τὸ
2877 3483 3088 3557 πέμψαι
3134 3488 3269 3562 πρὸς
3320 3474 3479 3544 αὐτὸν
3531 3474 3824 3568 Ἀρτεμᾶν,

409 3580 625 3638 veniat.
672 3582 939 3654 Prmcipit
986 3584 1186 3652 etiam,
1239 3588 1304 3639 ut
1351 3584 1648 3641 auditores
1695 3602 1835 3641 suos
1894 3586 2048 3643 boni:

2170 3564 2258 3622 ’ίνα
2290 3565 2420 3643 ἔλθῃ
2450 3569 2584 3644 πρὸς
2631 3569 2814 3629 αὐτόν.
2850 3572 3183 3629 Ἐνετείλατό
3230 3596 3289 3633 τε
3337 3576 3505 3651 αὐτῷ,
3555 3564 3705 3637 ὥστε
3742 3564 3825 3638 διξ

410 3671 688 3744 operibus
730 3688 978 3745 praeesse
1006 3673 1229 3742 doceat,
1263 3678 1442 3746 atque
1486 3674 1568 3730 ita
1613 3674 1895 3732 terminat
1924 3676 2048 3748 Epi-

2172 3654 2417 3728 δάσκειν,
2465 3658 2554 3713 καὶ
2600 3657 2726 3721 τοὺς
2773 3659 2939 3715 αὐτοῦ
2986 3660 3169 3717 καλῶν
3225 3662 3395 3742 ἐργων
3440 3668 3817 3741 προὶστασθαι·

409 3758 646 3816 stolam.
1970 3746 1987 3748 “

2170 3748 2259 3803 καὶ
2291 3747 2434 3803 οὕτω
2462 3746 2670 3803 τελειοῖ
2696 3749 2795 3819 τὴν
2828 3748 3147 3823 ἐπιστολήν.

2434 3846 3015 3924 Τεσσαρεσκαιδεκάτη,
3045 3851 3182 3926 πρὸς
3210 3851 3526 3929 Φιλήμονα.

2237 3938 2328 3992 72.
2360 3936 2563 4003 Ταύτην
2614 3934 2922 3993 ἐπιστέλλει
2968 3939 3073 3994 ἀπὸ
3121 3940 3367 4015 Ῥώμης.
3403 3943 3465 3998 Ἦ
3496 3940 3555 3999 δὲ
3601 3944 3818 4023 πρόφα-

2167 4046 2249 4087 σις
2288 4032 2386 4095 τῆς
2435 4024 2729 4095 ἐπιστολῆς
2773 4026 2931 4099 αὕτηθ
2967 4028 3262 4102 Ὀνήσιμος
3308 4031 3335 4086 ὁ
3368 4030 3587 4103 οἰκέτης
3639 4033 3821 4104 Φιλή-

2169 4135 2336 4187 μονος
2385 4113 2566 4193 ἔφυγε,
2595 4115 2684 4171 καὶ
2729 4119 3008 4191 προσῆλθε
3036 4122 3115 4190 τῷ
3146 4119 3371 4193 Παύλῳ,
3401 4121 3491 4176 καὶ
3521 4125 3814 4198 κατηχήθη

2162 4205 2288 4280 παρ’
2336 4203 2522 4275 αὐτοῦ,
2571 4205 2662 4259 καὶ
2710 4206 2927 4280 γέγονεν
2980 4205 3129 4279 αἶρτῷ
3171 4211 3450 4283 χρήσιμος
3500 4210 3577 4274 εἷς
3630 4208 3817 4267 διακο-

2160 4290 2300 4347 νίαν.
2353 4293 2481 4366 Περὶ
2539 4294 2736 4348 τούτου
2778 4293 2959 4348 τοίνυν
3011 4294 3206 4371 γράφει
3257 4295 3539 4371 Φιλήμονι
3589 4320 3815 4373 παρατι-

2160 4378 2383 4451 θέμενος
2441 4379 2586 4450 αὐτῷ
2654 4380 2747 4435 τὸν
2808 4382 3107 4452 Ὀνήσιμον
3143 4424 3157 4449 ,
3213 4379 3307 4437 ’ίνα
3361 4384 3611 4460 προσέχῃ
3666 4386 3814 4459 αὐτῷ

2156 4468 2419 4543 γνησίως,
2459 4467 2548 4521 καὶ
2598 4468 2792 4539 μηκέτι
2842 4467 2944 4542 ἔχῃ
2993 4468 3150 4523 αὐτὸν
3198 4470 3274 4532 ὡς
3324 4468 3545 4541 δοῦλον,
3579 4473 3704 4529 ἀλλ’
3735 4475 3814 4537 ὡς

2154 4554 2428 4633 ἀδελφόν.
2494 4557 2867 4631 Προετρέψατο
2925 4554 2984 4612 δὲ
3045 4556 3229 4631 αὐτὸν,
3289 4560 3377 4614 καὶ
3436 4559 3605 4631 ξενίαν
3666 4562 3814 4637 αὐτῷ

2072 4649 2119 4712 D
2152 4645 2457 4716 ἑτοιμάσαι,
2500 4642 2608 4713 ἵνα,
2652 4644 2738 4700 ἐάν
2795 4642 2950 4720 ἔλθῃ,
3002 4645 3131 4723 εὕρῃ
3174 4652 3281 4703 ποῦ
3315 4647 3470 4724 μείνῃ
3496 4670 3508 4683 ο
3549 4652 3638 4707 καὶ
3670 4652 3813 4708 οὕτω

2146 4732 2353 4789 τελειοῖ
2378 4735 2476 4803 τήν
2513 4733 2834 4806 ἐπιστολήν.

734 3880 959 3937 Decima
993 3883 1211 3951 quarta,
1242 3879 1313 3935 ad
1339 3879 1735 3936 Philemonem.

476 3989 568 4042 72.
604 3987 762 4044 Hanc
792 3988 973 4043 Roma
1012 3986 1212 4042 mittit.
1247 3986 1482 4042 Occasio
1512 3992 1708 4043 autem
1758 3988 1887 4060 ejus
1936 3988 2058 4046 haec

404 4081 496 4132 est
523 4092 536 4132 :
572 4076 884 4133 Onesimus
914 4092 1117 4132 servus
1151 4075 1509 4132 Philemonis
1539 4077 1865 4150 aufugerat,
1896 4084 1953 4133 et
1982 4080 2053 4135 ad

403 4164 654 4221 Paulum
685 4170 939 4236 venerat,
974 4171 1148 4237 atque
1195 4165 1266 4220 ab
1315 4165 1418 4220 illo
1446 4164 1507 4221 in
1540 4167 1653 4222 ﬁde
1701 4168 2051 4235 instructus,

401 4253 484 4309 illi
517 4253 679 4311 utilis
709 4256 780 4310 ad
815 4254 1210 4310 ministerium
1257 4261 1397 4310 erat.
1435 4260 1509 4310 Ue
1541 4256 1651 4311 hoc
1682 4256 1878 4327 itaque
1909 4257 2051 4312 scri-

398 4343 484 4399 bit
549 4342 909 4416 Philemoni,
968 4342 1174 4415 illique
1251 4345 1627 4399 commendat
1681 4346 2046 4416 Onesimum,

395 4438 462 4489 ut
491 4434 717 4491 sincere
746 4450 885 4507 erga
931 4450 1065 4489 cum
1110 4432 1422 4499 afﬁciatur,
1451 4449 1556 4488 nec
1604 4430 1859 4503 amplius
1912 4450 2047 4488 eum

395 4522 606 4578 habeat
635 4528 700 4578 ut
729 4538 989 4591 servum,
1019 4522 1119 4577 sed
1166 4527 1230 4576 ut
1275 4523 1535 4576 l'ratrem.
1572 4520 1850 4575 Hortatur
1878 4519 2044 4575 illum

391 4609 566 4666 etiam
602 4617 666 4666 ut
695 4610 1016 4684 hospitium
1048 4609 1160 4667 sibi
1202 4615 1384 4682 paret,
1420 4612 1483 4663 ut
1514 4608 1612 4664 ubi
1644 4608 1882 4677 venerit,
1918 4626 2041 4666 ma-

391 4698 566 4754 nendi
598 4704 791 4756 locum
821 4700 1079 4757 inveniat
1111 4716 1123 4755 :
1159 4704 1216 4755 et
1244 4698 1328 4754 sic
1360 4698 1490 4753 ﬁnit
1524 4697 1866 4770 Epistolam.

1438 4906 1449 4917 ,
1514 4906 1529 4919 ,
1694 4906 1702 4916 ,
2458 4836 2679 4898 Βιϐλίαν
2714 4850 2782 4913 η’.
2812 4843 3190 4919 Ἀποκάλυψις
3224 4845 3493 4906 Ἰωάννου.

669 4907 832 4963 Liber
859 4911 1095 4964 octavus.
1122 4906 1475 4979 Apocalypsis
1500 4906 1747 4961 Joannis.

2215 4935 2303 4989 73.
2338 4930 2494 4987 Οὕτω
2523 4906 2771 4988 καλεῖται
2816 4933 2880 4988 τὸ
2930 4906 3185 5009 βιϐλίον,
3223 4933 3412 5005 ἐπειδὴ
3463 4937 3552 4992 καὶ
3600 4936 3802 5005 ταύτην

448 5023 539 5079 72.
577 5025 693 5080 Hoc
726 5024 962 5080 nomine
990 5028 1232 5079 vocatur
1262 5021 1357 5077 hic
1389 5021 1554 5089 liber,
1590 5021 1727 5094 quia
1760 5020 1911 5077 hanc
1944 5039 2030 5077 re-

2174 5022 2239 5091 ἡν
2294 5021 2633 5096 ἀποκάλυψιν
2686 5022 2845 5084 αὐτὸς
2897 5022 3153 5091 Ἰωάννης
3203 5024 3231 5077 ὁ
3282 5023 3671 5100 εύαγγελιστὴς
3710 5024 3802 5078 καὶ

375 5113 723 5170 velationem
757 5113 883 5185 ipse
928 5112 1183 5167 Joannes
1213 5110 1568 5183 evangelista
1618 5117 1674 5166 et
1725 5111 2031 5184 theologus

2176 5109 2407 5186 εολόγος
2459 5111 2694 5187 ἑώρακεν
2748 5110 2799 5165 ἐν
2833 5115 2902 5184 τῇ
2934 5110 3142 5184 Πάτμῳ
3190 5111 3499 5186 καλουμένῃ
3543 5114 3715 5185 νήσῳ,
3745 5111 3797 5167 ἐν

380 5203 440 5258 in
466 5204 665 5259 Patm»
692 5203 881 5261 insule
912 5204 1085 5264 dicta,
1116 5199 1412 5256 Dominico
1436 5201 1528 5256 dic
1548 5200 2029 5273 viditjussusque

2184 5199 2320 5276 μέρᾳ
2350 5201 2612 5275 Κυριακῇ,
2658 5201 2746 5254 καὶ
2792 5198 3102 5261 κελευσθεὶς
3150 5195 3376 5274 ἔγραψεν
3422 5199 3612 5271 αὐτὴν,
3659 5201 3797 5256 ὥστε

375 5293 745 5366 conscripsit,
778 5297 843 5348 ut
871 5294 943 5347 ad
976 5297 1198 5363 septem
1242 5289 1525 5344 Ecclesias
1556 5291 1834 5361 mitteret,
1866 5292 2025 5346 vide-

2170 5289 2344 5363 τέμψαι
2373 5290 2450 5351 εἷς
2477 5290 2572 5350 τάς
2620 5288 2753 5343 ἐπτά
2800 5285 3127 5357 Ἐκκλησίας
3172 5287 3390 5358 ταύτας,
3432 5290 3508 5349 εἷς
3542 5289 3791 5367 Ἔφεσον,

371 5377 508 5436 licet
562 5381 704 5439 istas
762 5397 776 5439 :
839 5381 1171 5454 Ephesum,
1234 5379 1582 5449 Smyrnam,
1651 5378 2019 5451 Pergamum,

2170 5377 2209 5439 ἲς
2241 5378 2516 5453 Σμύρναν.
2567 5377 2643 5438 εἷς
2695 5376 3006 5452 Πέργαμον,
3040 5375 3117 5437 είς
3167 5378 3479 5450 Θυάτειραν,
3528 5376 3605 5440 εἰς
3656 5379 3792 5453 Σάρ.

369 5467 729 5541 Thyatiram,
761 5470 998 5538 Sardes,
1032 5464 1494 5539 Philadelphiam
1546 5471 1602 5521 et
1653 5467 2018 5524 Laodiceam.

2170 5487 2265 5536 εις,
2326 5467 2402 5528 είς
2446 5464 2867 5543 Φιλαδέλφειαν,
2910 5464 2999 5519 καὶ
3059 5463 3134 5525 εἷς
3194 5460 3543 5523 Λαοδίκειαν.
3603 5470 3670 5524 *Α
3729 5463 3789 5522 δέ

370 5555 505 5621 Qum
536 5575 669 5615 vero
698 5559 758 5614 in
789 5559 897 5615 hac
920 5558 1143 5616 visione
1164 5556 1328 5623 vidit,
1354 5553 1543 5610 multa
1572 5560 1712 5611 sunt
1742 5573 1808 5614 ac
1839 5559 2017 5613 varia.

2170 5557 2261 5609 ἱσιν
2322 5555 2373 5610 ἐν
2425 5558 2493 5629 τῇ
2549 5552 2798 5629 ὀπτασίᾳ,
2853 5551 3039 5609 πολλά
3087 5551 3189 5607 εἶσι
3236 5551 3328 5607 καὶ
3382 5552 3634 5633 διάφορα.
3677 5558 3783 5615 Καὶ

366 5647 446 5702 Ac
499 5648 738 5703 demum
796 5648 1183 5721 perditionem
1242 5645 1421 5702 etiam
1474 5644 1821 5701 Antichristi
1878 5664 2015 5704 cum

2170 5642 2284 5706 ἕλος
2330 5645 2430 5714 τὴν
2479 5649 2577 5699 τοῦ
2622 5642 3007 5721 Ἀντιχρίστου
3058 5639 3337 5698 ἀπώλειαν
3374 5644 3508 5718 μετὰ
3534 5649 3632 5700 τοῦ
3663 5642 3781 5702 δια-

367 5735 599 5795 diabolo
630 5737 795 5795 vidit.
818 5738 1067 5796 Jubetur
1094 5743 1289 5796 autem
1321 5733 1579 5808 primum
1612 5736 1866 5793 scribere
1896 5735 2001 5793 sin-

2170 5732 2298 5789 ύλου
2347 5732 2571 5810 ἑώρακε.
2623 5734 2907 5791 Κελεύεται
2957 5729 3015 5788 δὶ
3063 5736 3282 5812 πρῶτον
3330 5733 3533 5810 γράψαι
3566 5734 3777 5810 tndem.)
